2533 4412
1081 4052 109 55 255

150 418 206 69 Stone,
394 416 121 57 Lee
547 415 376 66 Alexander,
960 417 191 57 1879-

228 494 128 58 The
385 512 211 53 power
625 496 67 55 of
722 513 36 37 a
789 493 255 72 symbol,
1074 493 83 71 by
1184 492 122 57 Lee
1337 493 358 57 Alexander
1729 494 209 73 Stone,
2028 541 11 11 M.
2111 540 32 24 D.,

150 574 62 55 to
244 570 197 58 which
472 572 53 55 is
562 570 202 58 added
798 571 128 57 The
959 570 273 71 worship
1267 571 67 56 of
1367 570 293 72 Priapus,
1694 571 84 72 by
1808 570 335 73 Hargrave

149 649 327 72 Jennings,
500 648 363 58 Phallicism
883 648 66 56 in
972 649 230 70 Japan,
1224 649 83 70 by
1327 648 249 56 Edmund
1640 647 293 74 Buckley,
150 649 1970 135 Prostitution

433 726 64 56 in
527 726 330 73 antiquity,
886 727 82 70 by
995 726 109 56 Dr.
1134 725 296 57 Edmund
1455 725 273 72 Dupouy
1757 726 388 66 <translated

148 805 82 72 by
255 804 184 57 Thos.
466 804 225 72 Minor,
778 851 11 10 M.
857 852 10 10 D.>
992 803 289 73 Chicago,
1308 804 68 55 P.
1408 803 228 73 Covici,
1664 804 166 56 1925.

220 880 857 54 7 p. l., 301 p., 1 l. front. 24½ cm .
220 937 140 45 “This
386 938 165 44 edition
580 941 35 41 is
641 939 171 43 limited
838 947 46 35 to
912 938 105 43 1100
1041 938 244 43 numbered
1313 938 162 53 copies,
1507 937 105 44 1000
1638 938 98 45 sold
1761 938 59 53 by
1845 938 301 53 subscription

149 997 87 42 and
262 995 87 44 this
378 996 37 43 is
443 1010 70 31 no.
547 995 146 43 1042.”

221 1050 347 54 Bibliography:
601 1066 39 38 p.
676 1051 178 47 [89]-99.

149 1107 52 53 ©
234 1110 106 42 Dec.
371 1109 64 51 24,
473 1109 128 50 1924;
633 1109 63 42 2c.
727 1109 98 51 Jan.
859 1110 65 51 24,
960 1108 129 53 1925;
1123 1109 77 43 aff.
1233 1109 97 52 Jan.
1362 1109 78 51 22;
1477 1110 42 41 A
1551 1109 190 52 822346;
1777 1108 162 43 Pascal
1973 1107 169 53 Covici,

217 1165 240 52 publisher.
527 1164 243 54 (25-6331)

149 1251 249 71 Strong,
441 1248 272 73 Carolyn
750 1247 328 58 Hickman.

226 1324 1850 78 Eight French plays, by Carolyn Hickman Strong …
146 1405 150 57 with
319 1404 396 72 vocabulary.
798 1403 366 58 Baltimore.
1192 1404 129 59 The
1347 1404 280 59 Norman
1652 1405 379 75 Remington
2056 1426 86 39 co.

150 1513 13 42 [
167 1492 18 21 c
188 1484 147 56 1925]

219 1558 408 55 5 p. l., 120 p. 18½cm.
148 1616 53 54 ©
232 1619 117 41 Mar.
379 1618 36 48 4,
448 1616 128 51 1925;
606 1617 53 49 2c.
700 1618 118 41 Mar.
852 1617 72 49 13;
957 1616 78 43 aff.
1067 1617 117 42 Mar.
1218 1617 74 51 12;
1322 1617 42 41 A
1393 1616 189 52 823395;
1617 1618 218 52 Norman,
1867 1619 274 51 Remington

218 1690 63 28 co.
352 1673 241 54 (25-6342)

150 1759 285 70 Thomas,
475 1755 216 59 Carrie
728 1756 62 60 S.

223 1835 192 58 Little
443 1835 207 72 lilting
676 1834 157 57 lines
865 1835 111 71 [by]
1011 1833 219 58 Carrie
1262 1834 60 58 S.
1357 1835 287 58 Thomas.
1727 1836 256 74 Boston,
2017 1840 129 56 The

150 1913 412 71 Christopher
592 1910 362 74 publishing
983 1911 192 57 house
1210 1941 13 42 [
1227 1921 16 21 c
1248 1913 163 72 1925]

218 1989 581 54 3 p. l., 9-82 p. 20½ cm .
147 2048 54 54 ©
229 2049 106 44 Feb.
363 2049 64 47 22,
460 2047 129 52 1925;
618 2049 63 42 2c.
708 2049 86 42 and
822 2048 78 42 aff.
930 2048 118 42 Mar.
1082 2047 72 51 18;
1186 2048 42 41 A
1258 2047 162 43 822469;
1480 2047 297 53 Christopher
1804 2050 100 52 pub.
1934 2050 150 45 house.

227 2103 242 55 (25-6877)

150 2190 326 68 Thomson,
518 2186 194 58 Edith
749 2186 256 57 Parker.

226 2266 248 58 Outline
502 2265 237 57 studies
763 2265 65 56 in
854 2266 102 57 the
983 2265 148 56 four
1157 2264 282 73 Gospels,
1468 2267 167 56 from
1662 2268 102 56 the
1792 2271 132 56 text
1950 2272 68 56 of
2044 2272 101 56 the

151 2345 356 69 Centenary
548 2342 379 57 translation
970 2343 68 56 of
1079 2343 103 57 the
1224 2342 152 57 New
1417 2344 364 58 Testament
1820 2348 84 70 by
1945 2347 201 59 Helen

147 2422 260 57 Barrett
434 2421 456 71 Montgomery,
915 2421 84 69 by
1025 2419 194 58 Edith
1245 2421 68 55 P.
1345 2421 331 71 Thomson,
1745 2470 11 11 A.
1845 2471 9 11 M.
149 2426 1974 145 Philadelphia,
446 2499 240 56 Boston

718 2501 146 68 [etc.]
900 2498 128 56 The
1059 2498 246 57 Judson
1333 2517 181 52 press
1547 2500 181 73 [1924]

218 2574 1081 55 2 p. l., 59 p. illus. (maps), diagrs. 20 cm .
147 2633 54 54 ©
229 2636 107 42 Dec.
363 2635 67 50 22,
460 2634 128 51 1924;
617 2634 63 42 2c.
709 2634 98 51 Jan.
835 2632 38 53 7,
903 2632 129 52 1925;
1062 2633 78 43 aff.
1168 2634 98 51 Jan.
1295 2634 49 50 9;
1375 2634 42 41 A
1447 2633 189 53 814597;
1666 2636 172 51 Judson
1866 2652 137 37 press.

212 2690 242 55 (25-6725)

147 2777 72 57 U.
258 2777 61 57 S.
401 2776 205 57 Naval
643 2774 316 72 academy,
993 2772 368 75 Annapolis.

206 2853 340 71 Catalogue
573 2851 67 57 of
663 2850 264 58 historic
952 2850 238 71 objects
1217 2854 64 53 at
1308 2851 102 57 the
1436 2851 236 60 United
1699 2854 212 59 States
1939 2857 203 59 Naval

148 2932 313 69 academy,
500 2929 151 57 with
690 2948 77 37 an
805 2928 427 56 introduction
1269 2928 83 72 by
1389 2929 168 56 Rear
1593 2930 291 60 Admiral
1920 2934 224 73 Henry

144 3004 1972 155 B. Wilson … compiled by Herman F. Krafft … [Baltimore, The Industrial printing company, c 1925]
222 3164 81 46 250
330 3180 39 38 p.
431 3164 154 52 front.,
614 3161 155 54 plates,
795 3169 128 46 port.,
954 3162 173 43 facsim.
1188 3162 52 43 23
1249 3164 46 17 cm
1303 3197 7 8 .

149 3222 52 53 ©
231 3222 105 43 Feb.
365 3222 67 50 21,
466 3218 129 52 1925;
624 3220 64 42 2c.
718 3220 87 42 and
833 3219 78 42 aff.
944 3219 117 42 Mar.
1093 3218 48 51 5;
1175 3220 42 41 A
1248 3219 188 51 823298;
1471 3220 170 45 United
1674 3221 148 46 States
1853 3226 131 42 naval

219 3226 1900 104 institute,
356 3275 262 52 Annapolis.
688 3273 256 55 (25-6159)

149 3345 236 60 United
420 3346 209 57 States
667 3344 189 56 naval
888 3342 303 70 institute,
1231 3346 367 72 Annapolis.

227 3424 204 61 Naval
453 3421 376 72 leadership,
855 3421 151 56 with
1035 3441 165 38 some
1225 3422 173 58 hints
1426 3427 63 53 to
1515 3424 216 72 junior
1757 3428 233 60 officers
2019 3433 123 56 and

150 3504 242 68 others;
427 3521 34 36 a
494 3499 400 71 compilation
926 3499 83 71 by
1039 3500 123 56 and
1192 3500 107 56 for
1327 3500 103 57 the
1460 3521 184 53 navy.
1718 3507 78 56 2d
1828 3507 111 72 ed.,
1975 3511 164 55 1925.

148 3578 368 71 Annapolis,
551 3577 146 67 Md.,
732 3576 128 56 The
894 3575 235 58 United
1165 3576 213 58 States
1411 3582 187 54 naval
1630 3581 307 75 institute,
1975 3588 165 56 1925.

215 3656 97 53 xiii,
341 3655 83 43 209
457 3669 37 37 p.
584 3654 25 43 18½
643 3656 45 17 cm
695 3688 9 8 .

220 3713 146 43 Blank
397 3725 137 38 pages
569 3711 74 42 for
675 3708 200 44 “Notes”
919 3708 243 54 (193-206)

221 3768 234 53 Compiled
479 3766 59 53 by
564 3766 144 49 Lieut.
737 3766 48 43 L.
815 3766 60 43 H.
902 3764 234 54 Thébaud,
1201 3802 7 7 U.
1265 3802 7 7 S.
1341 3803 23 15 N.,
1390 3767 103 45 who
1522 3785 92 29 was
1641 3771 264 54 designated
1931 3774 209 55 officially

148 3827 75 44 for
246 3826 76 44 the
342 3825 128 44 work
491 3824 59 52 by
573 3824 121 42 Rear
715 3822 209 44 Admiral
950 3823 162 52 Henry
1138 3823 49 42 B.
1211 3823 192 50 Wilson,
1429 3827 363 50 superintendent
1816 3831 51 43 of
1890 3831 73 45 the
1990 3833 150 44 Naval

148 3883 224 51 academy,
435 3880 55 51 cf.
529 3879 140 52 Pref.,
704 3880 169 51 signed,
908 3880 58 43 U.
1005 3877 44 46 S.
1084 3879 134 43 naval
1253 3879 214 45 institute.

150 3938 52 53 ©
233 3938 105 44 Feb.
367 3938 67 45 21,
466 3935 127 50 1925;
624 3937 71 42 2c,
719 3936 87 42 and
834 3935 78 43 aff.
944 3937 118 41 Mar.
1094 3934 47 53 5;
1175 3937 42 41 A
1248 3936 189 52 823297;
1468 3938 170 46 United
1671 3940 148 47 States
1852 3945 131 42 naval
219 3945 1899 93 institute.
395 3992 241 52 (25-6629)
