2533 4412
1039 4078 108 55 133

111 443 93 56 De
240 442 176 71 Veer,
460 441 199 73 Daisy
695 441 411 58 Williamson.

191 537 129 57 The
358 539 177 68 story
571 537 66 55 of
674 536 253 56 Rancho
969 536 129 58 San
1134 534 308 72 Antonio;
1480 555 35 37 a
1550 534 169 59 brief
1752 533 248 74 history
2038 534 66 57 of

112 615 102 57 the
255 614 160 56 East
455 614 129 58 San
622 613 338 59 Francisco
996 613 141 72 Bay
1174 613 251 58 district
1463 615 168 56 from
1668 614 104 57 the
1812 612 148 59 time
1998 614 105 57 the

115 694 155 56 shell
294 694 264 55 mounds
586 711 163 39 were
778 692 279 72 forming
1084 697 64 53 to
1180 692 103 57 the
1310 692 276 71 present,
1617 692 83 71 by
1725 691 202 73 Daisy

113 692 1969 149 Williamson de Veer … Oakland [Calif.] The author, 1924.
179 850 27 45 93
262 863 39 38 p.
363 848 149 51 front.,
545 848 131 52 illus.,
709 862 117 37 map.
884 847 56 45 20
944 850 46 17 cm
996 882 11 10 .

109 898 1992 58 © Dec. 20, 1924; 2c. Jan. 20, 1925; aff. Jan. 19; A 814705; D. W, De Veer .
175 959 242 55 (25-4698)

109 1043 324 74 Donnelly,
474 1041 262 59 Francis
775 1042 274 72 Patrick,
1090 1045 190 56 1869-

109 1133 1971 153 Little cords, taps from a light lash, by Francis P. Donnelly, S . J .
516 1212 1313 74 New York, P. J. Kenedy & sons [ c 1924]
178 1289 669 55 viii p., 1 l., 238 p. 17½cm .
109 1347 52 53 ©
188 1349 118 42 Nov.
330 1348 68 51 29,
426 1348 128 51 1924;
583 1348 63 42 2c.
672 1348 86 43 and
782 1348 78 42 aff.
887 1348 98 51 Jan.
1017 1346 62 52 10,
1107 1345 130 54 1925;
1267 1346 44 43 A
1336 1344 191 54 815549;
1558 1347 51 42 P.
1636 1347 41 52 J.
1704 1346 191 53 Kenedy
1921 1347 38 43 &
1984 1361 117 29 sons.

187 1403 243 57 (25-4639)

106 1489 280 72 Duffield,
424 1489 210 60 David
665 1491 81 58 W
1058 1509 193 54 comp.

187 1585 411 72 Progressive
638 1583 299 74 indexing
976 1585 127 58 and
1137 1583 178 74 filing
1351 1586 105 56 for
1499 1584 259 73 schools,
1801 1583 306 73 compiled

111 1660 1995 74 by David W. Duffield … A text arranged for courses of
110 1741 255 58 various
408 1741 247 72 lengths
701 1740 295 73 covering
1037 1742 105 57 the
1184 1740 468 59 fundamentals
1697 1741 69 57 of
1807 1739 299 75 indexing

109 1820 124 57 and
268 1818 191 73 filing,
496 1819 152 56 with
685 1815 274 69 detailed
992 1817 379 58 instruction
1406 1819 105 56 for
1548 1819 341 58 classroom
111 1838 1969 117 practice

265 1896 187 58 work.
538 1894 394 74 Cambridge,
971 1895 214 72 Mass.,
1222 1894 275 75 Library
1529 1896 256 73 bureau,
1826 1897 166 58 1924.

179 1976 99 52 xiii,
306 1976 76 43 113
408 1991 39 36 p.
474 1975 102 44 incl.
604 1975 151 50 front.,
782 1974 131 51 illus.,
939 1974 144 51 plates
1118 1974 126 51 (part
1268 1973 112 53 col.)
1446 1973 52 46 25½
1536 1977 47 18 cm
1588 2010 10 9 .

107 2030 52 54 ©
187 2032 98 52 Jan.
314 2031 40 52 2,
386 2028 102 46 1925;
543 2030 66 43 2c.
637 2030 87 43 and
751 2030 78 42 aff.
861 2030 99 52 Jan.
992 2026 49 56 5;
1072 2028 42 43 A
1145 2027 188 54 814548;
1368 2028 195 54 Library
1590 2029 182 45 bureau.

186 2087 243 55 (25-4691)

106 2174 321 70 Eleanore,
464 2172 205 61 Sister
703 2173 220 73 M[ary]
964 2174 189 57 1890-

185 2264 1851 73 Talks with our daughters, by Sister M. Eleanore …
107 2344 151 65 Now
281 2343 192 70 York,
503 2341 354 60 Cincinnati
887 2345 146 70 [etc.]
1061 2341 311 74 Benziger
1395 2343 290 58 brothers,
1734 2345 166 56 1925.

181 2422 77 43 128
289 2436 38 38 p.
389 2420 139 44 front.
592 2419 51 44 16
648 2422 46 17 cm
701 2454 9 9 .

107 2478 52 53 ©
185 2481 99 50 Jan.
310 2480 66 50 31,
407 2477 128 53 1925;
561 2478 67 43 2c.
653 2477 107 44 Feb.
786 2476 49 54 7;
863 2477 79 43 aff.
969 2476 106 44 Feb.
1102 2478 50 52 3;
1182 2477 45 42 A
1253 2475 190 55 815950;
1475 2477 224 53 Benziger
1724 2477 120 45 bros.

185 2534 242 55 (25-4420)

106 2624 228 68 Evans,
375 2623 220 71 Henry
631 2620 295 74 Ridgely,'
959 2623 190 56 1861-

185 2703 60 57 A
269 2703 250 71 history
546 2702 66 57 of
642 2702 103 57 the
774 2701 176 56 York
976 2703 125 56 and
1131 2701 278 58 Scottish
1438 2700 154 60 rites
1625 2705 67 56 of
110 2704 1969 151 freemasonry,

230 2777 1872 77 by Henry Ridgely Evans … Washington, D. C., The
110 2859 284 58 Masonic
421 2857 233 60 service
683 2853 379 62 association
1091 2857 68 59 of
1183 2858 103 57 the
1312 2856 238 60 United
1577 2858 211 59 States
1821 2889 12 43 [
1834 2867 18 20 c
1858 2860 164 74 1924]

178 2933 1913 59 xiii p., 1 l., 79, [1] p. illus., diagr. 16½ cm . (Little masonic library, [no. 9])
107 2991 52 53 ©
189 2994 107 41 Dec.
324 2992 37 50 8,
395 2991 129 50 1924;
554 2990 65 42 2c.
649 2990 109 42 Dec.
787 2990 77 51 23;
896 2990 79 42 aff.
1005 2989 99 51 Jan.
1139 2990 61 51 13,
1233 2988 129 53 1925;
1395 2991 45 42 A
1468 2988 190 56 815590;
1691 2992 206 44 Masonic
1929 2994 170 44 service

177 3064 115 28 assn.
323 3048 49 43 of
399 3048 74 42 the
501 3047 171 43 United
703 3045 165 46 States.
936 3044 244 55 (25-4592)

107 3134 197 74 [Finn,
342 3133 206 58 Sister
580 3131 186 73 Mary
800 3129 284 76 Paulina]
1124 3132 190 56 1842-

184 3208 1914 81 Sacred poems, by M. S. Pine [pseud.] … Washington,
105 3291 72 55 D.
212 3289 84 74 C.,
326 3289 152 56 Pub.
510 3288 105 57 for
642 3286 414 72 Georgetown
1079 3286 329 57 visitation
1439 3292 279 68 convent,
1751 3293 166 55 1924.

173 3362 1177 56 4 p. l., 7-320 p. front., plates, ports. 20½ cm .
175 3423 149 42 “First
356 3421 170 44 edition
567 3419 207 55 (1000).”

107 3479 52 53 ©
192 3481 107 42 Dec.
331 3479 64 49 31,
425 3477 108 43 1924;
589 3477 66 42 2c.
684 3477 101 51 Jan.
814 3475 68 49 26,
916 3473 130 53 1925;
1081 3475 80 44 aff.
1192 3476 100 52 Jan.
1323 3475 78 52 20;
1436 3476 42 42 A
1511 3477 190 54 814815;
1740 3478 167 48 Sisters
1941 3481 50 44 of
2021 3483 76 43 the

175 3535 242 50 visitation,
449 3533 318 52 Washington.
835 3529 243 56 (25-3109)

108 3621 272 70 Folwell,
416 3617 282 60 William
730 3616 227 59 Watts.

183 3694 1847 74 A history of Minnesota, by William Watts Folwell …
152 3772 1725 77 v . 2. St. Paul, Minnesota historical society, 1924.
109 3848 1988 106 xiii p., 2 l., 477 p. front., plates, maps, facsims. (part fold.) 23 cm . (Half-title:
258 3908 306 44 Publications
590 3908 50 43 of
665 3908 74 42 the
764 3907 262 42 Minnesota
1048 3905 232 43 historical
1308 3906 183 54 society,
1518 3909 65 42 ed.
1611 3909 59 52 by
1700 3909 138 47 Solon
1865 3914 27 52 J.
1936 3915 151 49 Buck)

108 3966 52 53 ©
189 3968 112 51 May
327 3967 67 48 31,
423 3965 129 51 1924;
582 3965 65 42 2c.
675 3963 105 44 Feb.
814 3964 62 50 19,
908 3961 129 53 1925;
1069 3964 77 42 aff.
1176 3962 107 43 Feb.
1315 3964 74 51 18;
1421 3965 42 41 A
1492 3965 189 52 823134;
1716 3968 261 46 Minnesota
177 3972 1895 95 historical

367 4021 181 52 society,
580 4018 64 48 St.
675 4020 127 43 Paul.
