2533 4412
1264 4063 152 54 1284

338 395 187 73 Page,
560 394 223 74 Kirby.

411 483 1930 74 An American peace policy, by Kirby Page … with an
334 560 2009 77 introduction by John H. Clarke … New York, George
334 640 80 57 H.
447 641 218 56 Doran
698 658 308 54 company
1040 669 13 44 [
1054 649 19 21 c
1078 640 148 56 1925]

404 732 598 53 2 p. l ., 3-94 p. 19½c m .
406 802 354 55 Bibliography:
796 817 40 38 p.
872 801 150 45 85-86.

337 875 53 54 ©
419 877 101 43 Oct.
547 876 65 51 23,
646 875 130 53 1925;
805 876 64 43 2c.
902 876 101 43 Oct.
1031 874 78 53 27;
1139 875 78 43 aff.
1249 876 101 43 Oct.
1378 875 79 51 28;
1489 875 43 42 A
1561 874 191 53 869781;
1786 875 177 53 George
1995 877 61 43 H.
2089 877 157 43 Doran
2275 892 66 28 co.

416 932 271 55 (25-21690)

337 1033 257 72 Parker,
636 1033 240 72 George
917 1032 295 72 Howard,
1254 1034 190 57 1864-

335 1123 1981 153 What evolution is, by George Howard Parker … Cambridge,
607 1202 306 57 Harvard
943 1202 358 71 university
1330 1221 202 54 press,
1567 1204 165 56 1925.

403 1295 63 44 vii
490 1310 55 38 p.,
569 1295 28 43 2
637 1328 25 19 l.,
689 1292 169 56 [3]-173
882 1308 55 39 p.,
960 1294 28 43 2
1028 1329 9 9 l.
1064 1293 99 46 incl.
1188 1293 156 53 plates.
1408 1295 51 43 18
1465 1296 15 17 cm
1519 1330 8 8 .

407 1366 235 54 “Reading
669 1366 282 44 references”
968 1381 10 29 :
1015 1368 18 42 1
1063 1367 92 45 leaf
1180 1374 47 37 at
1251 1367 98 45 end.

336 1438 53 55 ©
423 1441 101 44 Oct.
556 1440 36 52 9,
629 1439 130 54 1925;
792 1440 64 43 2c.
892 1440 101 44 Oct.
1026 1439 78 54 20;
1138 1440 79 43 aff.
1252 1440 101 44 Oct.
1384 1440 80 52 23;
1499 1440 43 43 A
1575 1439 190 54 869719;
1800 1441 217 44 Harvard
2049 1439 118 46 univ.
2204 1456 137 38 press.

415 1495 271 57 (25-21708)

336 1597 286 73 Paschal,
665 1596 311 59 Franklin
1016 1598 280 73 Cressey,
1338 1599 191 58 1890-

331 1688 1985 137 … Racial influences in the mental and physical development
531 1767 68 58 of
627 1767 288 58 Mexican
942 1766 300 74 children,
1270 1767 83 73 by
1380 1766 308 59 Franklin
1719 1767 65 60 C.
1815 1767 274 60 Paschal…
2215 1768 125 58 and

332 1845 2006 73 Louis R. Sullivan … Baltimore, The Williams & Wilkins
332 1943 326 55 company,
687 1934 19 23 c
710 1925 166 57 1925.

406 2017 271 53 cover-title,
714 2016 56 46 76
803 2033 39 39 p.
904 2015 168 56 diagrs.
1133 2015 52 47 25
1195 2019 45 19 cm
1248 2053 7 8 .
1325 2016 348 56 (Comparative
1710 2017 277 55 psychology
2026 2019 306 55 monographs.

336 2077 88 46 vol.
515 2112 9 18 III,
553 2076 136 45 serial
713 2091 71 30 no.
816 2076 76 54 14)

405 2145 125 47 “The
560 2148 202 52 subjects
792 2146 176 45 studied
998 2161 119 29 were
1146 2145 60 45 all
1234 2145 52 46 of
1315 2147 74 43 the
1419 2145 124 45 nine-
1573 2147 89 44 and
1690 2146 398 55 twelve-year-old
2119 2148 219 44 Mexican

334 2206 109 52 boys
467 2205 90 44 and
580 2205 114 52 girls
721 2205 44 43 in
789 2204 76 44 the
889 2201 183 47 Tucson
1097 2203 149 55 public
1271 2203 154 45 school
1452 2202 311 55 system.”—p.
1790 2204 37 44 4.

403 2261 277 46 References
697 2276 10 30 :
735 2277 40 38 p.
802 2259 152 46 75-76.

335 2329 54 54 ©
422 2332 101 43 Oct.
555 2331 38 52 7,
626 2329 104 45 1925;
788 2331 64 42 2c.
884 2331 88 43 and
1000 2331 80 43 aff.
1112 2331 101 43 Oct.
1248 2330 49 43 19;
1356 2330 43 42 A
1431 2327 165 46 869598;
1655 2329 231 45 Williams
1919 2331 36 43 &
1988 2331 200 45 Wilkins
2221 2346 65 29 co.

414 2387 272 55 (25-21784)

337 2488 204 73 Petty,
580 2486 237 59 Orville
852 2486 350 59 Anderson.

333 2575 1992 145 Did the Christian use of the term τὸ εὐαγγέλιον originate
509 2659 1768 74 with Paul? An essay by Orville Anderson Petty …
334 2740 151 59 New
513 2741 227 57 Haven
772 2740 331 73 [Norwood
1131 2758 198 54 press]
1364 2739 166 56 1925.

408 2831 510 55 1 p. l ., 30 p. 20 cm .
407 2902 299 46 Cover-title:
742 2902 92 44 Did
866 2901 75 45 the
972 2910 118 37 terni
1127 2900 125 44 “The
1285 2898 193 55 Gospel”
1512 2899 225 54 originate
1771 2899 111 43 with
1918 2898 145 44 Paul?

336 2959 53 54 ©
425 2961 119 53 Aug.
579 2959 65 52 25,
687 2958 130 53 1925;
854 2960 66 42 2c.
959 2960 102 43 Oct.
1100 2958 49 53 5;
1188 2959 79 42 aff.
1306 2959 102 43 Oct.
1448 2958 47 51 1;
1533 2958 44 42 A
1613 2956 191 53 869174;
1845 2957 55 43 O.
1939 2957 57 42 A.
2035 2957 150 51 Petty,
2224 2956 116 42 New

407 3019 176 42 Haven.
653 3015 272 56 (25-22005)

337 3114 265 74 Pickels,
640 3116 241 72 George
920 3113 404 74 Wellington,
1365 3115 188 58 1883-

412 3208 322 73 Drainage
770 3208 123 58 and
924 3207 435 57 flood-control
1396 3205 424 74 engineering,
1854 3206 83 70 by
1970 3205 244 73 George
2246 3205 96 58 W.

337 3283 2009 73 Pickels … 1st ed. New York, London, McGraw-Hill
334 3365 160 58 book
521 3382 324 54 company,
870 3363 139 74 inc.,
1038 3364 165 57 1925.

442 3476 9 18 x,
476 3442 83 44 450
584 3457 39 38 p.
649 3442 102 44 incl.
779 3442 134 53 illus.,
939 3441 157 51 tables,
1123 3442 168 52 diagrs.
1351 3441 53 44 23½
1440 3443 46 17 cm
1493 3476 8 8 .
1616 3439 127 52 $4.00

337 3498 53 54 ©
424 3502 101 43 Oct.
555 3500 69 52 22,
661 3499 104 44 1925;
823 3501 66 42 2c.
925 3500 101 43 Oct.
1060 3500 53 44 28;
1172 3500 79 42 aff.
1287 3499 102 43 Oct.
1421 3498 52 43 29;
1536 3498 43 42 A
1612 3497 165 44 872182;
1840 3495 348 46 McGraw-Hill
2223 3495 119 44 book

407 3572 79 36 co,
522 3557 82 43 inc.
674 3556 272 54 (25-22034)

337 3655 162 70 Pier,
535 3655 247 58 Arthur
816 3655 357 71 Stanwood,
1213 3657 189 57 1874-

413 3745 271 60 Friends
733 3747 124 57 and
902 3745 227 73 rivals;
1179 3765 39 39 a
1263 3748 177 69 story
1487 3744 69 58 of
1604 3743 182 60 Saint
1832 3742 377 73 Timothy’s,
2256 3741 78 71 by

335 3820 1999 74 Arthur Stanwood Pier … with frontispiece by Frank M.
336 3903 211 59 Rines.
630 3903 240 57 Boston
919 3903 123 57 and
1090 3903 153 57 New
1287 3901 190 72 York,
1525 3900 344 73 Houghton
1917 3898 215 58 Mifflin
336 3915 1975 139 company,
553 3982 166 56 1925.
