2533 4412
1282 4091 110 56 142

335 435 265 75 [Serner,
640 434 270 58 Guimar]
958 436 189 57 1886-

408 512 119 56 Mr.
564 511 204 59 Collin
797 511 56 57 is
886 511 255 71 ruined;
1176 530 36 37 a
1242 510 199 73 novel,
1473 510 84 71 by
1587 509 217 57 Frank
1834 509 221 58 Heller
2088 509 251 74 [pseud.]

399 587 1940 74 … translated from the Swedish by Pauline De Chary.
330 669 154 58 New
509 668 191 72 York,
730 668 272 57 Thomas
1030 667 73 57 Y.
1137 665 265 59 Crowell
1429 684 309 54 company
1767 695 13 44 [
1781 673 20 23 c
1805 667 165 72 1925]

410 749 26 42 4
464 763 39 38 p.
550 782 22 13 l.,
599 746 80 45 335
709 763 39 37 p.
814 748 49 43 19c
887 749 28 16 m
924 782 8 8 .

335 804 53 54 ©
419 804 106 44 Feb.
557 804 64 52 19,
653 803 128 53 1925;
812 805 65 42 2c.
906 804 87 43 and
1022 804 78 43 aff.
1131 801 107 45 Feb.
1267 800 79 54 25;
1377 802 45 42 A
1451 802 190 52 823169;
1673 800 202 45 Thomas
1905 802 55 43 Y.
1992 800 198 46 Crowell
2219 816 67 30 co.

414 859 244 57 (25-4854)

335 946 346 73 Shepherd,
719 943 168 62 Silas
923 945 78 59 H.

413 1025 130 57 The
571 1023 364 59 landmarks
967 1024 67 57 of
1063 1023 470 71 freemasonry;
1564 1022 187 73 being
1780 1042 37 37 a
1845 1022 405 72 compilation
2279 1023 70 59 of

335 1104 105 58 the
472 1103 143 58 lists
649 1103 184 57 made
865 1102 83 72 by
981 1099 281 59 masonic
1297 1100 279 59 scholars
1613 1120 71 38 or
1720 1101 274 72 adopted
2026 1101 84 72 by
2144 1102 203 72 grand

335 1182 235 73 lodges,
596 1181 292 73 together
913 1179 151 57 with
1090 1178 296 58 material
1411 1178 275 72 planned
1711 1181 64 55 to
1805 1177 193 61 assist
336 1197 1988 122 comparative

497 1254 1849 78 study, by Silas H. Shepherd … Washington, D. C.,
338 1339 129 57 The
518 1337 287 58 Masonic
853 1335 237 59 service
1141 1334 383 59 association
1575 1335 67 58 of
1691 1335 103 58 the
1842 1335 240 59 United
2133 1335 212 59 States

338 1418 202 73 [c1924]

406 1497 25 42 2
456 1511 40 28 v.
561 1494 51 44 16
618 1497 47 18 cm
672 1531 7 7 .
750 1494 165 53 (Little
939 1493 200 43 masonic
1165 1492 185 53 library,
1416 1506 107 38 [nos.
1548 1492 29 42 2
1599 1492 86 43 and
1709 1492 69 53 3])

407 1551 356 46 “References”:
797 1551 123 43 book
948 1551 40 52 2,
1020 1564 40 38 p.
1096 1549 92 44 181.

337 1608 53 54 ©
423 1610 111 43 Dec.
567 1611 40 50 8,
644 1607 130 53 1924;
810 1608 64 42 2c.
909 1606 111 44 each
1052 1606 109 44 Dec.
1192 1606 79 52 23;
1308 1605 79 44 aff.
1421 1606 100 50 Jan.
1559 1606 64 52 13,
1662 1604 131 54 1925;
1830 1605 44 43 A
1909 1604 190 54 815596;
2136 1605 211 44 Masonic

407 1665 174 45 service
606 1680 118 29 assn.
748 1664 50 45 of
823 1663 75 45 the
922 1663 174 46 United
1124 1662 166 48 States.
1361 1661 243 55 (25-4580)

337 1750 223 72 Smith,
599 1749 213 59 David
847 1750 274 73 Eugene,
1159 1751 193 57 1860-

482 1824 1867 76 … Essentials of algebra. Complete course. By David
337 1910 260 72 Eugene
631 1907 205 59 Smith
870 1907 124 57 and
1023 1905 282 59 William
1337 1904 211 59 David
1578 1906 225 57 Reeve.
1904 1905 260 74 Boston,
2198 1906 152 58 New

336 1986 175 60 York
542 1989 147 74 [etc.]
723 1985 166 60 Ginn
920 1984 124 60 and
1074 2001 309 55 company
1414 1983 203 74 [c1924]

407 2067 61 51 ix,
496 2065 81 45 558
603 2080 39 38 p.
700 2064 129 49 illus.,
849 2063 167 53 diagrs.
1076 2063 50 43 19½
1162 2065 46 17 cm
1215 2098 9 8 .
1289 2059 492 57 (Wentworth-Smith
1807 2061 336 44 mathematical
2173 2062 166 53 series)

338 2122 53 54 ©
416 2124 109 42 Dec.
555 2123 64 51 18,
646 2122 131 51 1924;
805 2121 64 43 2c.
896 2121 87 43 and
1008 2121 79 43 aff.
1115 2119 109 45 Feb.
1251 2119 37 52 6,
1319 2117 131 53 1925;
1480 2119 44 43 A
1550 2118 190 53 814969;
1771 2119 55 44 D.
1855 2118 52 48 E.
1938 2118 148 48 Smith
2113 2119 87 44 and
407 2119 1916 104 William
545 2179 151 43 David

726 2178 167 52 Reeve,
923 2177 118 44 New
1069 2177 144 44 York.
1283 2175 245 55 (25-4565)

339 2250 260 75 Sparks,
641 2249 83 60 W
1034 2247 77 59 A.

414 2329 59 56 A
501 2327 264 59 treatise
795 2345 79 39 on
901 2325 181 58 Bible
1111 2325 350 72 prophecy;
1492 2324 104 58 the
1625 2324 343 74 beginning
1996 2325 69 58 of
2092 2325 104 58 the
2228 2327 119 57 end

336 2427 129 37 was
521 2405 279 59 foretold
856 2407 63 55 to
977 2404 187 72 begin
1220 2403 153 57 with
1428 2403 287 57 Daniel’s
1771 2402 323 74 prophecy
2148 2404 199 57 which

341 2485 245 59 started
626 2503 79 39 on
748 2483 156 74 July
945 2484 88 70 28,
1081 2483 166 71 1914,
1288 2481 255 58 written
1582 2481 84 72 by
1707 2480 291 60 ex-Chief
2039 2482 68 58 of
2147 2482 199 72 police

334 2558 2015 78 W. A. Sparks … [Charleston, W. Va., Tribune printing
338 2664 103 52 co.]
470 2652 19 21 c
493 2643 167 56 1924.

413 2722 54 44 64
494 2737 39 38 p.
595 2719 138 46 front.,
760 2718 169 55 (port.)
997 2720 54 42 22
1057 2721 48 18 cm
1111 2754 8 9 .

340 2778 53 54 ©
436 2779 108 43 Dec.
589 2777 63 52 10,
695 2777 107 43 1924;
867 2776 63 43 2c.
972 2776 88 43 and
1097 2775 79 43 aff.
1217 2773 107 45 Feb.
1366 2772 38 54 5,
1448 2772 130 54 1925;
1621 2774 44 43 A
1708 2773 188 54 815923;
1940 2777 75 43 W.
2059 2776 56 44 A.
2161 2774 184 56 Sparks,

413 2834 282 50 Charleston,
727 2834 75 43 W.
834 2833 86 43 Va.
998 2830 53 54 [©
1080 2830 185 54 general
1294 2831 197 43 revision
1521 2831 88 43 and
1638 2833 293 52 corrections]

419 2889 244 57 (25-3753)

340 2961 275 75 Splawn,
651 2959 244 61 Walter
929 2958 308 58 Marshall
1272 2956 299 73 William,
1609 2960 190 57 1883-

421 3037 1859 74 Consolidation of railroads, by Walter M. W. Splawn …
340 3119 153 56 New
519 3115 190 74 York,
741 3116 130 57 The
901 3114 361 58 Macmillan
1291 3132 322 55 company,
1645 3115 166 57 1925.

412 3191 650 58 vii p., 2 l., 290 p. 19½ cm .
340 3253 54 54 ©
422 3254 106 43 Feb.
556 3254 38 51 3,
625 3251 130 53 1925;
782 3252 64 43 2c.
875 3251 87 44 and
988 3251 78 43 aff.
1095 3249 106 45 Feb.
1229 3250 50 52 4;
1311 3250 44 43 A
1382 3250 191 53 814902;
1605 3250 265 43 Macmillan
1897 3266 65 29 co.

421 3308 244 56 (25-4578)

340 3380 265 72 Thorpe,
648 3379 242 70 George
984 3393 169 56 Cyrus,
1199 3380 195 57 1875-

419 3459 427 72 Preparation
883 3459 68 57 of
986 3456 453 61 international
1474 3457 234 72 claims,
1744 3460 84 71 by
1861 3459 244 75 George
2144 3462 203 72 Cyrus

344 3532 1978 158 Thorpe … Kansas City, Mo., Vernon law book company; St. Paul, Minn.,
1148 3612 180 60 West
1355 3612 365 75 publishing
1747 3634 324 56 company,
2103 3619 165 55 1924.

448 3731 10 16 x,
482 3694 93 52 280,
607 3695 47 43 11
686 3709 38 36 p.
785 3693 53 44 23
846 3694 48 18 cm
900 3728 10 10 .

414 3751 221 47 “General
674 3748 158 47 claims
870 3746 306 53 commission,
1214 3747 144 46 under
1395 3747 77 47 the
1508 3748 274 47 convention
1820 3752 203 47 between
2061 3753 76 46 the
2173 3754 170 47 United

346 3805 1999 59 States of America and the United Mexican States … signed on September
344 3863 2001 60 8, 1923 … effective … on March 1, 1924. Rules and regulations … by order
344 3926 183 44 entered
556 3923 263 52 September
845 3922 39 48 4,
913 3919 158 46 1924”:
1103 3922 46 42 11
1179 3935 39 35 p.
1246 3929 46 36 at
1319 3920 100 48 end.

344 3979 54 54 ©
426 3981 101 43 Oct.
556 3978 39 49 9,
625 3975 105 45 1924;
783 3976 64 43 2c.
875 3974 105 44 Feb.
1011 3974 61 49 10,
1103 3973 130 53 1925;
1263 3974 79 43 aff.
1372 3974 105 44 Feb.
1507 3975 48 51 9;
1587 3975 44 43 A
1659 3975 188 54 815964;
1878 3980 132 44 West
2038 3982 101 52 pub.
2169 3997 63 29 co.

423 4034 243 57 (25-4690)
