2533 4412
1110 4087 110 56 475

221 523 1918 60 XV, [1], 447 p. 23 cm . ( Added t.-p.: … Die entwicklungsstufen der
150 585 585 54 menschheit … 7. bd.)
220 645 62 42 At
312 644 114 43 head
454 643 51 43 of
533 643 122 42 title:
690 642 49 42 F.
772 641 329 51 Müller-Lyer.

151 694 1793 57 © Dec. 26, 1924; 1c. Mar. 19, 1925; A—Foreign 27216; A. Langen.
150 813 152 57 New
332 811 187 58 York.
603 809 447 74 Metropolitan
1082 824 280 42 museum
1393 807 66 57 of
1493 811 115 52 art.

293 897 1851 76 … Charter, constitution, by-laws, lease, laws; together
152 980 151 58 with
356 982 102 56 the
513 979 271 71 original
836 977 408 60 constitution
1299 977 123 58 and
1475 996 37 37 a
1568 992 320 53 summary
1943 975 68 57 of
2065 975 81 57 its

151 1059 446 56 amendments.
679 1058 152 55 New
862 1057 189 70 York,
1087 1054 164 58 1925.

221 1134 762 54 vi p., 2 l., 3-84 p., 1 l. 22½ cm .
221 1193 62 42 At
307 1191 119 43 head
451 1190 52 43 of
528 1189 124 44 title:
679 1187 99 47 The
805 1188 335 54 Metropolitan
1167 1202 212 29 museum
1403 1188 53 43 of
1484 1195 84 37 art.

223 1247 95 44 “Of
348 1246 91 44 this
468 1246 233 53 pamphlet
732 1244 80 46 500
844 1245 152 53 copies
1028 1260 121 30 were
1179 1244 184 54 printed
1393 1244 181 53 March,
1608 1243 146 46 1925.”

224 1302 126 45 “The
383 1303 295 53 preparation
712 1302 53 43 of
799 1302 91 43 this
924 1302 236 53 pamphlet
1191 1301 83 44 has
1308 1302 114 43 been
1455 1300 119 44 done
1609 1303 56 51 by
1702 1299 117 44 Miss
1857 1298 201 47 Frances
2097 1300 49 42 B.

154 1360 237 53 Hawley.”

223 1415 123 45 First
381 1415 245 55 published
658 1415 45 44 in
739 1416 117 44 1910.

154 1472 53 53 ©
238 1475 111 51 Apr.
382 1474 37 51 3,
456 1472 128 52 1925;
616 1473 65 43 2c.
713 1464 89 51 and
830 1473 78 42 aff.
941 1473 111 51 Apr.
1088 1473 74 51 18;
1198 1474 43 41 A
1272 1472 190 51 823838;
1498 1471 329 52 Metropolitan
1855 1486 210 28 museum
2095 1470 50 44 of

224 1538 81 45 art,
343 1530 116 43 New
493 1530 141 42 York.
704 1527 242 55 (25-8839)

156 1612 405 72 Oesterreich,
605 1613 308 71 Traugott
954 1611 400 72 Konstantin,
1399 1614 189 56 1880-

234 1693 130 57 Das
397 1692 276 58 weitbild
705 1694 109 57 der
849 1694 376 70 gegenwart,
1257 1710 124 38 von
1415 1693 313 71 Traugott
1758 1691 391 57 Konstantin

161 1768 1986 72 Oesterreich … 2., neubearb. und erweiterte auf. Berlin,
159 1849 71 56 E.
265 1849 61 58 S.
358 1848 242 57 Mittler
630 1848 48 56 &
707 1849 172 70 sohn,
912 1847 166 57 1925.

229 1926 631 51 ix p., 1 l. , 334 p. 22 ½ cm .
231 1982 282 44 “Literatur”
531 1998 8 27 :
573 1998 39 35 p.
649 1983 236 46 [324]-334.

157 2034 1848 56 © Jan. 3, 1925; 1c. Apr. 7; A— Foreign 27429; E. S. Mittler & sohn.
237 2091 241 57 (25-9803)

159 2180 127 56 The
317 2178 119 58 Old.
460 2179 220 71 yellow
704 2179 187 69 book;
924 2197 216 38 source
1170 2178 67 57 of
1265 2178 400 73 Browning’s
1698 2180 127 56 The
1856 2181 143 71 ring
2026 2181 122 57 and

231 2255 102 57 the
359 2255 175 72 book,
565 2274 35 37 a
627 2273 134 41 new
787 2254 380 59 translation
1197 2253 151 58 with
1376 2255 414 72 explanatory
1815 2259 178 54 notes
2026 2257 120 57 and

233 2332 240 57 critical
500 2332 290 70 chapters
818 2350 168 52 upon
1012 2332 103 57 the
1141 2346 181 56 poem
1350 2333 122 56 and
1496 2332 84 57 its
1611 2352 234 51 source,
1872 2334 84 70 by
1981 2333 167 59 John

233 2407 1916 78 Marshall Gest … Boston, Chipman law publishing
232 2505 322 54 company,
585 2488 164 55 1925.

299 2601 8 14 xv,
333 2566 81 45 699
438 2581 38 38 p.
536 2566 54 43 24
597 2567 45 17 cm
651 2600 7 8 .

235 2621 126 46 “The
387 2623 77 45 old
491 2622 163 53 yellow
684 2622 117 44 book
831 2623 36 42 is
895 2637 29 28 a
950 2623 234 43 collection
1216 2622 49 45 of
1292 2621 250 54 pamphlets
1575 2622 191 53 relating
1796 2632 46 35 to
1871 2623 75 45 the
1975 2623 104 45 trial
2108 2624 50 45 of

167 2668 1990 76 Guido Franceschini … The eighteen pamphlets … include three arguments
165 2738 58 51 by
252 2734 277 54 Archangeli
557 2736 86 42 and
673 2734 127 44 three
828 2736 58 50 by
919 2734 150 52 Spreti
1101 2734 73 44 for
1200 2734 75 44 the
1304 2734 197 52 defense,
1532 2736 85 43 and
1646 2751 25 28 a
1702 2750 229 39 summary
1963 2736 51 44 of
2042 2737 115 43 their

166 2793 233 49 evidence;
439 2799 90 36 two
564 2798 260 45 arguments
861 2791 57 52 by
956 2790 162 44 Gambi
1154 2792 85 42 and
1276 2790 124 44 three
1436 2791 269 52 by·Bottini
1743 2792 74 44 for
1854 2793 74 44 the
1964 2793 103 45 Fisc
2108 2809 49 28 or

165 2847 298 54 prosecution,
493 2846 110 44 with
635 2855 90 35 two
757 2846 265 44 summaries
1056 2847 51 44 of
1137 2847 116 43 their
1284 2846 232 54 evidence;
1550 2863 57 28 an
1639 2848 319 53 extrajudicial
167 2865 1969 83 anonymous

333 2903 241 66 pamphlet,
609 2918 71 28 no.
725 2902 61 51 10,
824 2903 182 44 written
1046 2904 43 42 in
1128 2912 184 43 support
1350 2904 50 43 of
1440 2903 160 53 Guido,
1637 2904 111 44 with
1786 2920 57 28 an
1881 2921 277 37 anonymous

169 2975 173 30 answer
365 2968 47 36 to
435 2961 45 49 it,
504 2974 69 29 no.
604 2957 61 47 15,
690 2959 179 43 written
895 2960 42 42 in
963 2967 184 44 support
1170 2960 51 43 of
1243 2959 74 44 the
1341 2960 301 52 prosecution.
1703 2961 138 45 After
1862 2962 147 45 which
2034 2978 124 29 come

167 3015 309 53 Lamparelli’s
513 3023 235 45 argument
786 3016 43 42 in
864 3015 273 44 vindication
1173 3016 50 44 of
1259 3014 262 53 Pompilia’s
1558 3018 252 51 reputation

1849 3020 86 43 and
1970 3019 74 44 the
168 3020 1966 97 Instrument
416 3072 51 44 of
496 3072 106 42 final
633 3072 237 51 judgment
901 3071 235 53 absolving
1167 3071 121 45 her.”
1346 3071 100 45 The
1476 3072 340 54 chronological
1847 3076 132 43 order
2013 3076 36 43 is
2084 3084 74 37 not

169 3128 73 45 the
269 3144 121 29 same
416 3144 48 28 as
491 3127 96 44 that
611 3128 52 43 of
688 3127 73 44 the
790 3127 209 52 original.

238 3183 309 55 Appendices:
584 3182 98 46 The
717 3198 100 29 case
851 3183 50 45 of
937 3183 204 44 Beatrice
1179 3182 421 56 Cenci.—Original
1633 3193 121 38 texts
1790 3187 50 45 of
1875 3188 75 45 the
1986 3188 173 53 Corpus

167 3242 116 52 juris
315 3241 110 44 with
458 3256 25 28 a
514 3238 478 47 translation.—Some
1025 3240 51 44 of
1106 3240 74 44 the
1213 3241 217 52 principal
1464 3242 193 52 original
170 3243 1969 107 authorities.—Glossary

301 3297 51 44 of
378 3297 220 44 technical
622 3297 87 43 and
736 3294 188 46 unusual
951 3298 163 43 words.

243 3352 170 46 “Table
440 3353 51 44 of
517 3351 304 45 references”:
849 3367 39 38 p.
933 3353 46 42 [ix]

168 3407 53 54 ©
254 3410 110 50 Apr.
398 3408 38 51 6,
473 3407 128 52 1925;
633 3409 65 42 2c.
733 3408 87 43 and
852 3408 78 42 aff.
964 3408 111 51 Apr.
1110 3408 48 52 8;
1193 3409 43 41 A
1269 3409 187 52 822818;
1494 3410 39 51 J.
1569 3411 65 43 M.
1671 3411 120 53 Gest,
1829 3413 324 54 Philadelphia.

247 3463 241 56 (25-8652)

168 3550 204 71 Olson,
408 3551 229 71 Emery
666 3550 72 56 E.

248 3626 1907 73 Credit management, by Emery E. Olson … and J. W.
167 3703 1950 81 Hallman … New York, The Ronald press company
172 3812 14 44 [
188 3791 18 23 c
210 3783 164 72 1925]

239 3859 94 53 viii,
361 3859 83 45 444
471 3873 40 38 p.
571 3857 133 52 illus.,
732 3858 145 53 diagr.
937 3858 53 43 22
998 3860 46 17 cm
1051 3893 8 8 .

242 3914 338 45 “References”
608 3922 45 36 at
678 3916 89 42 end
791 3915 52 42 of
868 3914 109 44 each
1005 3914 201 52 chapter.

174 3971 52 53 ©
254 3974 110 49 Apr.
397 3970 61 51 15,
493 3969 127 54 1925;
650 3971 63 43 2c.
744 3971 110 51 Apr.
890 3971 72 51 18;
994 3972 77 42 aff.
1101 3972 111 51 Apr.
1240 3972 79 52 21;
1351 3973 43 41 A
1425 3973 187 54 829042;
1646 3977 176 44 Ronald
1852 3993 124 37 press
2008 3996 64 28 co.

252 4026 240 57 (25-8830)
