2533 4412
1300 4062 113 58 482

358 412 128 57 The
539 410 263 73 Bibelot,
855 431 39 37 a
941 412 249 71 reprint
1239 412 69 57 of
1354 414 228 69 poetry
1633 413 124 56 and
1806 430 188 53 prose
2045 411 107 57 for
2199 412 162 57 book

432 490 227 72 lovers,
692 490 226 57 chosen
945 490 66 56 in
1036 492 152 70 part
1213 490 169 57 from
1412 509 209 38 scarce
1653 490 268 57 editions
1953 491 124 56 and
2108 508 250 40 sources

433 571 112 53 not
586 568 326 71 generally
952 568 240 57 known,
1275 588 57 36 v.
1381 570 88 53 21.
1558 567 414 58 Testimonial
2014 568 92 57 ed.
433 568 1905 149 Analytical
677 646 189 57 index
893 646 279 57 volumes

1207 648 32 53 1
1271 648 64 54 to
1368 647 72 55 20
1473 646 124 57 and
1628 646 389 58 subscribers
2049 645 105 58 for
432 646 1903 135 testimonial
702 724 252 58 edition.
1030 724 153 56 New
1214 724 192 72 York,
1440 724 161 57 Wm.
1638 723 78 57 H.
1754 723 175 58 Wise
1966 723 47 57 &
2049 742 85 39 co.
2175 726 182 73 [1925]

424 800 79 52 xii,
539 801 67 54 [2],
636 801 85 43 492
747 815 40 39 p.
851 799 48 46 15½c
953 804 30 17 m
989 836 8 9 .

355 855 55 55 ©
442 856 106 46 Feb.
579 859 66 51 21,
681 856 129 55 1925;
843 858 65 44 2c.
942 858 88 43 and
1057 857 81 44 aff.
1171 856 113 54 May
1314 856 78 53 20;
1426 856 44 43 A
1502 854 190 56 855295;
1727 857 123 45 Wm.
1884 858 62 43 H.
1978 857 130 45 Wise
2139 858 38 45 &
2207 874 65 28 co.

355 942 322 74 Brigham,
717 943 302 72 Johnson,
1060 945 191 57 1846-

500 1033 1866 74 … The many-sided Omar, by Johnson Brigham; read
354 1113 221 60 before
617 1112 104 60 the
767 1111 247 59 Prairie
1061 1113 137 59 club
1244 1114 69 57 of
1355 1112 127 58 Des
1530 1112 263 76 Moines,
1840 1112 190 72 Iowa,
2076 1113 144 59 Dec.
2273 1114 91 71 20,

355 1192 169 71 1924,
552 1191 153 58 read
731 1190 222 59 before
978 1191 106 58 the
1114 1189 191 60 Omar
1338 1190 337 72 Kháyyam
1705 1191 138 58 club
1875 1191 69 59 of
1970 1192 296 57 America
2299 1195 66 55 at

353 1269 85 59 its
470 1270 232 57 annual
733 1268 261 72 session,
1023 1268 190 73 April
1241 1271 54 69 4,
1326 1268 169 72 1925,
1526 1273 65 55 at
1623 1269 261 70 Boston,
1915 1270 193 57 Mass.
354 1270 1985 151 [Boston]
511 1347 170 58 Priv.
711 1347 192 73 print.
930 1350 83 70 by

1037 1348 104 57 the
1169 1348 352 71 Rosemary
1545 1367 182 53 press
1756 1348 104 57 for
1889 1347 106 59 the
2022 1367 113 39 use
2164 1348 69 58 of
2259 1349 105 58 the

353 1428 307 57 members
693 1425 67 59 of
787 1426 105 58 the
924 1425 191 60 Omar
1144 1426 341 72 Khayyam
1514 1426 137 59 club
1682 1426 68 58 of
1780 1425 295 62 America
2107 1427 121 59 and
2260 1427 104 59 the

354 1507 308 58 members
696 1505 69 57 of
795 1506 105 57 the
935 1504 250 58 Prairie
1219 1505 137 60 club
1391 1504 69 58 of
1490 1505 126 58 Des
1652 1504 264 73 Moines,
1950 1504 172 62 Iowa
2157 1534 13 44 [
2173 1514 18 21 c
2197 1507 165 73 1925]

427 1584 51 44 19
503 1599 41 38 p.
604 1583 56 44 24
666 1585 46 17 cm
719 1617 8 9 .
797 1581 286 54 (Rosemary
1110 1596 129 39 press
1270 1581 281 53 brochures)

356 1640 53 54 ©
436 1642 112 52 Apr.
576 1641 38 51 4,
645 1638 130 54 1925;
801 1641 65 42 2c.
894 1640 87 43 and
1008 1641 78 42 aff.
1116 1640 112 52 Apr.
1255 1640 78 52 22;
1363 1640 44 42 A
1436 1640 188 51 829046;
1657 1641 253 52 Rosemary
1937 1655 139 38 press,
2108 1640 250 54 Needham,

427 1698 143 43 Mass.
639 1695 245 56 (25-9043).

355 1782 394 73 Brightman,
790 1783 219 72 Edgar
1048 1781 307 72 Sheffield,
1398 1785 190 56 1884-

500 1873 1864 74 … Immortality in post-Kantian idealism, by Edgar
357 1951 2008 74 Sheffield Brightman … Cambridge, Harvard university
352 2051 201 56 press,
583 2030 166 60 1925.

425 2112 24 43 3
474 2125 40 38 p.
571 2147 8 16 l,
604 2111 56 43 66
682 2125 40 38 p.
786 2110 51 44 18½
872 2111 46 18 cm
925 2144 9 9 .
1003 2107 128 56 (The
1156 2108 233 55 Ingersoll
1416 2108 188 52 lecture,
1634 2109 132 53 1925)

356 2166 53 54 ©
436 2168 112 52 Apr.
575 2168 66 52 23,
673 2166 130 54 1925;
831 2168 66 43 2c.
927 2168 87 43 and
1041 2168 79 42 aff.
1148 2168 113 52 Apr.
1288 2166 79 54 27;
1398 2168 42 42 A
1470 2167 189 53 829084;
1693 2168 219 43 Harvard
1938 2167 250 53 university
2219 2182 138 38 press.

435 2224 244 55 (25-9146)

354 2311 275 72 Brudno,
674 2311 164 57 Ezra
882 2309 190 75 Selig,
1117 2312 191 57 1877-

434 2401 1927 73 The sublime jester … by Ezra Brudno. New York,
355 2482 73 56 N.
452 2482 68 56 L.
545 2480 251 72 Brown,
823 2481 167 57 1924.

424 2559 83 45 364
531 2573 42 39 p.
637 2560 51 42 19
694 2561 48 19 cm
747 2593 9 9 .

355 2614 54 55 ©
444 2616 118 44 Nov.
601 2615 62 54 10,
702 2615 104 44 1924;
868 2616 63 44 2c.
968 2616 119 44 Mar.
1127 2616 62 53 19,
1228 2615 130 54 1925;
1395 2616 79 44 aff.
1509 2617 112 52 May
1654 2616 49 53 2;
1742 2616 44 43 A
1821 2614 190 55 823975;
2051 2615 220 46 Nicholas
2307 2617 49 45 L.

429 2674 180 43 Brown.
680 2672 244 55 (25-9143)

356 2758 192 72 Buck,
583 2758 286 59 Mitchell
902 2759 294 73 Starrett,
1233 2762 189 57 1887-

431 2849 372 73 Afterglow,
831 2850 239 70 pastels
1099 2849 68 58 of
1193 2849 203 59 Greek
1423 2849 234 73 Egypt,
1687 2850 73 56 69
1829 2896 12 12 B.
1911 2896 31 27 C.,
1969 2850 83 72 by
2079 2849 282 58 Mitchell

357 2926 61 59 S.
451 2927 204 72 Buck;
687 2926 153 58 with
873 2947 36 37 a
942 2927 257 71 preface
1231 2928 83 71 by
1346 2927 246 58 Arthur
1625 2927 282 58 Machen.
1981 2927 150 59 New
2166 2927 191 73 York,

353 3004 73 58 N.
455 3004 69 58 L.
555 3004 249 73 Brown,
835 3006 166 57 1924.

430 3083 52 46 97
511 3100 40 38 p.
611 3084 54 46 20½
700 3086 47 17 cm
754 3120 7 7 .

357 3138 53 54 ©
444 3141 108 43 Dec.
587 3142 66 51 31,
692 3141 128 51 1924;
856 3141 65 44 2c.
958 3142 119 42 Mar.
1117 3141 62 51 19,
1218 3139 129 54 1925;
1385 3141 78 42 aff.
1502 3141 112 52 May
1647 3141 51 52 2;
1737 3141 44 42 A
1817 3139 191 54 823976;
2047 3139 221 45 Nicholas
2307 3141 49 43 L.

428 3197 180 45 Brown.
679 3196 244 56 (25-9247)

355 3284 241 71 Bullen,
640 3285 216 57 Frank
897 3285 287 72 Thomas,
1230 3286 358 58 1857-1915.

435 3376 129 58 The
599 3376 204 59 cruise
842 3377 68 58 of
942 3378 105 57 the
1085 3377 317 72 Cachalot,
1437 3378 85 72 by
1554 3378 217 57 Frank
1806 3379 68 56 T.
1911 3377 244 73 Bullen,
356 3378 1978 134 illustrated
613 3456 82 70 by

740 3454 225 72 Henry
1011 3454 389 59 Reuterdahl
1448 3455 123 58 and
1617 3456 217 57 Anton
1883 3454 147 60 Otto
2080 3455 278 59 Fischer.

356 3533 151 56 New
535 3532 191 72 York,
760 3533 72 56 D.
865 3534 321 72 Appleton
1220 3536 125 58 and
1376 3552 326 54 company,
1738 3534 166 58 1925.

498 3646 8 16 xx,
536 3610 84 44 379
645 3625 40 38 p.
747 3610 83 44 col.
864 3611 157 52 front.,
1052 3611 133 52 illus.,
1217 3611 83 44 col.
1331 3611 159 52 plates,
1524 3610 113 45 fold.
1668 3626 119 38 map.
1851 3612 51 44 19½
1936 3613 47 18 cm
1990 3646 8 8 .

357 3665 53 54 ©
441 3667 112 52 Apr.
589 3666 62 52 17,
687 3666 129 54 1925;
852 3669 63 42 2c.
948 3669 86 43 and
1068 3670 77 42 aff.
1180 3670 112 51 Apr.
1324 3669 77 52 22;
1438 3669 42 42 A
1514 3668 188 53 829027;
1739 3670 55 42 D.
1827 3668 230 53 Appleton
2090 3669 38 44 &
2159 3684 65 28 co.
2289 3667 66 54 ©

427 3724 312 53 illustrations]
812 3723 244 56 (25-9137)

357 3808 371 74 Burbridge,
765 3813 153 55 Mrs.
960 3811 264 58 Juanita
1265 3810 219 60 Cassil.

435 3899 311 74 Cheating
773 3902 104 57 the
907 3902 185 71 devil,
1120 3905 82 68 by
1232 3902 266 59 Juanita
1533 3902 207 59 Cassil
1771 3902 372 73 Burbridge.
2209 3903 151 57 New

353 3978 192 72 York,
573 3979 72 56 N.
673 3979 68 59 L.
768 3979 249 73 Brown,
1044 3981 166 59 1925.
