2533 4412
1072 4080 112 56 113

123 447 321 73 Academy
477 446 69 57 of
574 444 285 74 political
892 444 255 73 science,
1181 446 95 57 New
1371 445 190 57 York.

270 535 1852 73 … The future of prices at home and abroad; a series of
126 615 331 58 addresses
488 613 123 58 and
636 631 234 54 papers
899 613 338 72 presented
1265 615 65 54 at
1359 613 104 60 the
1493 612 233 58 annual
1751 613 277 74 meeting
2055 613 68 59 of

125 692 103 57 the
257 692 320 70 Academy
604 693 67 56 of
697 691 282 71 political
1008 689 235 60 science
1270 689 67 56 in
1365 691 104 56 the
1499 690 129 71 city
1656 690 70 58 of
1751 690 154 57 New
1931 689 191 71 York,

125 770 351 57 November
521 770 89 71 14,
655 769 166 72 1924,
868 769 210 57 edited
1117 768 85 71 by
1239 766 282 60 William
1562 767 70 57 L.
1678 768 278 61 Ransom
2000 769 126 57 and

124 847 243 58 Parker
397 847 271 57 Thomas
699 846 206 58 Moon.
991 845 167 74 [New
1186 844 189 75 York]
1409 845 129 58 The
1569 843 322 75 Academy
1921 845 69 59 of
125 864 1973 120 political

353 926 254 68 science,
641 923 324 59 Columbia
992 923 372 71 university,
1395 923 167 57 1925.

194 999 1676 57 xiv, 205 p. diagrs. 22 cm . (Its Proceedings … vol. XI, no. 2)
457 1058 290 45 CONTENTS.—Preface:
796 1058 75 44 the
917 1060 162 42 annual
1128 1058 200 53 meeting
1383 1057 334 54 (forty-fourth
1763 1058 134 53 year)
1954 1058 52 45 of
2051 1058 75 44 the

127 1117 234 51 Academy
386 1115 51 46 of
463 1116 197 53 political
690 1115 187 50 science,
905 1115 117 44 New
1050 1115 133 44 York
1210 1114 104 54 city,
1343 1114 262 45 November
1637 1115 63 48 14,
127 1112 1975 105 1924.—Agricultural

276 1171 409 54 prices.—Factors
717 1172 220 53 affecting
968 1172 74 45 the
1073 1172 181 53 general
1286 1171 122 53 price
1439 1169 311 47 levels.—The
1782 1171 244 54 European
127 1187 1979 95 recovery,

346 1230 75 44 the
463 1229 165 44 Dawes
670 1228 115 53 plan,
827 1228 75 45 the
945 1227 281 46 Inter-allied
1269 1229 142 53 debts,
1452 1228 89 44 and
1580 1228 120 43 their
1743 1227 297 54 relationship
2077 1236 49 37 to

127 1287 245 43 American
399 1286 122 52 price
549 1284 150 47 levels.

126 1342 53 53 ©
209 1344 99 52 Jan.
341 1342 36 52 5,
413 1341 129 54 1925;
574 1343 65 42 2c.
671 1343 99 51 Jan.
806 1343 74 51 19;
915 1343 79 43 aff.
1027 1341 108 45 Feb.
1169 1343 75 51 11;
1277 1342 46 43 A
1354 1340 188 54 822025;
1576 1342 235 53 Academy
1841 1341 50 45 of
1923 1340 200 55 political

196 1400 186 43 science.
450 1397 244 56 (25-4453)

121 1484 263 72 Allison,
425 1485 241 73 Annye.

203 1572 1922 77 Paper cutting [by] Annye Allison … Milwaukee, Wis.,
129 1652 128 57 The
286 1651 203 57 Bruce
519 1650 364 73 publishing
912 1669 308 54 company
1290 1653 164 72 [c1924]

202 1727 78 46 159
307 1744 39 37 p.
406 1728 83 44 col.
521 1728 152 53 front.,
701 1727 128 54 illus.,
858 1728 84 45 col.
971 1727 155 54 plates.
1185 1730 52 42 23½
1274 1731 47 18 cm
1326 1764 10 8 .

127 1786 53 53 ©
207 1787 99 52 Jan.
335 1785 62 51 10,
427 1783 130 54 1925;
614 1800 36 28 1c.
675 1786 89 43 and
787 1786 79 42 aff.
892 1786 100 52 Jan.
1019 1786 77 51 31;
1153 1801 36 27 1c.
1217 1785 106 44 Feb.
1355 1786 75 52 12;
1459 1787 44 42 A
1531 1787 189 52 823009;
1752 1789 148 42 Bruce
1925 1788 103 52 pub.
2057 1803 66 29 co.

206 1840 243 57 (25-4568)

129 1926 129 57 The
293 1923 338 58 American
670 1925 327 71 educator;
1038 1944 41 38 a
1112 1944 139 39 new
1288 1926 125 57 and
1448 1927 382 73 thoroughly
1864 1930 261 57 modern

205 2003 321 64 reference
547 2002 173 57 work
742 2002 301 73 designed
1063 2005 62 55 to
1147 2005 163 56 meet
1333 2004 105 58 the
1459 2005 190 58 needs
1674 2005 69 58 of
1767 2024 190 54 every
1980 2026 146 55 age;

205 2080 1922 72 Ellsworth D. Foster, LL. B., editor-in chief … James
205 2157 1922 74 Laughlin Hughes, editor for Canada … Extension ed.
275 2235 1474 75 … Chicago, Ralph Durham company, 1925.
198 2315 27 44 8
251 2329 41 29 v.
352 2314 130 51 illus.,
509 2314 141 52 plates
683 2315 127 53 (part
835 2312 110 55 col.)
979 2320 154 47 ports.,
1159 2328 139 38 maps,
1324 2314 158 46 tables.
1541 2316 55 43 24½
1631 2318 47 18 cm
1684 2351 10 9 .

203 2371 154 53 Paged
386 2370 329 54 continuously.

202 2429 157 43 Issued
386 2427 95 44 also
505 2428 143 43 under
673 2427 122 44 title:
824 2425 99 45 The
951 2426 246 45 Dominion
1225 2428 226 44 educator.

131 2484 53 53 ©
213 2484 106 45 Feb.
349 2486 37 48 9,
421 2483 129 54 1925;
578 2485 66 42 2c.
675 2484 108 43 each
813 2485 87 43 and
928 2486 79 42 aff.
1037 2483 107 45 Feb.
1179 2484 74 52 16;
1284 2485 44 42 A
1357 2482 189 53 822054;
1578 2486 417 46 Hanson-Bellows
2026 2490 100 50 pub.

200 2557 80 37 co.,
307 2540 212 53 Chicago.
583 2539 67 55 [©
675 2540 198 44 revision
897 2541 87 43 and
1009 2555 103 30 new
1135 2540 312 54 illustrations]
1519 2539 242 58 (25-4408)

129 2626 273 71 Andrus,
441 2626 186 68 Ruth,
668 2628 191 56 1886-

207 2717 60 58 A
289 2716 304 59 tentative
617 2717 336 72 inventory
975 2717 68 58 of
1064 2717 103 57 the
1189 2717 210 59 habits
1424 2719 68 57 of
1516 2719 279 59 children
1817 2724 169 56 from
2009 2726 121 56 two

133 2794 1997 80 to four years of age, by Ruth Andrus … New York city,
135 2873 308 57 Teachers
477 2873 248 69 college,
759 2871 324 59 Columbia
1110 2872 371 72 university,
1512 2876 166 55 1924.

202 2948 1929 62 4 p. l., 50 p. diagrs. 23½ cm . (Teachers college, Columbia university.
137 3006 339 47 Contributions
508 3018 48 35 to
585 3006 247 52 education,
863 3022 73 29 no.
969 3005 105 52 160)

206 3064 245 44 Published
479 3064 96 43 also
602 3079 49 28 as
680 3063 137 44 thesis
856 3063 107 50 (PH.
1021 3062 35 50 D.)
1096 3062 238 46 Columbia
1361 3065 262 53 university,
1656 3067 118 44 1924.

135 3121 53 53 ©
225 3122 98 50 Jan.
361 3121 39 51 6,
441 3120 130 53 1925;
610 3121 65 43 2c.
715 3119 106 45 Feb.
864 3121 74 51 13;
979 3121 78 43 aff.
1096 3119 107 45 Feb.
1245 3122 74 51 14;
1360 3122 44 42 A
1443 3122 189 52 823093;
1673 3123 230 46 Teachers
1941 3126 187 53 college,

206 3177 239 46 Columbia
474 3179 120 43 univ.
663 3174 243 57 (25-4569)

204 3258 1858 73 … The Atlantic reporter. v. 125. Permanent ed. …
210 3338 176 57 With
435 3338 409 70 key-number
894 3339 419 58 annotations.
1406 3341 156 71 July
1612 3344 418 58 17-October
2079 3348 51 71 2,

214 3417 164 55 1924.
452 3413 89 59 St.
573 3414 177 70 Paul,
782 3415 181 58 West
990 3416 366 74 publishing
1386 3437 105 51 co.,
1525 3421 165 56 1924.

205 3492 95 51 xiii,
328 3489 84 46 978
436 3505 40 38 p.
530 3491 57 45 26
592 3494 46 18 cm
645 3527 8 6 .
723 3491 245 52 (National
1000 3500 203 43 reporter
1230 3494 361 47 system—State
1618 3497 166 50 series)

137 3545 53 53 ©
219 3547 119 44 Nov.
364 3546 68 54 25,
463 3547 130 52 1924;
622 3548 64 43 2c.
716 3546 108 46 Feb.
857 3549 63 51 13,
954 3547 130 53 1925;
1117 3550 78 43 aff.
1226 3549 107 45 Feb.
1366 3551 74 52 12;
1473 3553 44 42 A
1546 3553 191 54 823075;
1769 3556 133 44 West
1931 3557 102 52 pub.
2065 3572 65 30 co.

136 3637 286 73 Barclay,
454 3637 200 60 Wade
686 3637 347 58 Crawford.

284 3724 1852 79 … The adult worker and work; methods of organized
141 3806 174 57 adult
354 3807 161 56 class
548 3807 192 70 work,
774 3808 85 69 by
891 3806 201 57 Wade
1134 3804 334 59 Crawford
1502 3804 276 74 Barclay
1814 3809 125 58 and
141 3811 1970 130 Lyndon

301 3884 211 57 Burke
556 3883 241 71 Phifer,
839 3883 323 72 approved
1200 3882 85 71 by
1322 3881 103 59 the
1470 3881 369 64 Committee
1884 3906 79 39 on
141 3908 1970 110 curriculum

433 3962 68 56 of
525 3960 104 60 the
656 3961 215 57 Board
902 3960 69 58 of
999 3959 259 72 Sunday
1287 3959 242 58 schools
1560 3960 69 58 of
1655 3962 105 58 the
1791 3963 344 61 Methodist
