2533 4412
1315 4108 109 57 618

368 428 303 72 Burrage,
715 427 259 58 Charles
1014 428 198 72 Dana,
1256 432 190 56 1857-

513 520 1857 74 … Masonic memories, an address by M. E. Charles
367 600 2004 73 Dana Burrage … before Massachusetts convention of
368 678 150 74 high
559 678 255 73 priests,
861 678 202 59 Order
1108 679 67 57 of
1216 679 152 72 high
1409 678 385 72 priesthood,
1840 680 221 56 March
2104 681 52 69 8,
2203 680 166 56 1910.

370 757 273 73 [Boston]
685 755 172 57 Priv.
896 755 177 73 print.
1129 758 84 69 by
1252 757 353 72 Rosemary
1641 776 184 52 press
1866 758 104 56 for
2008 757 103 56 the
2152 776 110 39 use
2304 759 67 56 of

368 836 103 59 the
497 836 309 58 members
834 836 68 59 of
929 835 104 59 the
1063 834 203 59 Order
1294 836 67 58 of
1386 833 152 75 high
1566 834 369 74 priesthood
1965 865 13 44 [
1981 843 17 20 c
2002 834 165 74 1925]

440 914 53 48 [6]
522 927 41 38 p.
622 914 53 43 23½cm.
844 912 281 53 (Rosemary
1148 926 128 39 press
1302 912 275 53 brochures)

439 971 205 51 “(From
673 968 90 46 ‘An
790 969 349 53 encyclopaedia
1167 971 53 43 of
1251 970 328 52 freemasonry’
1607 971 59 51 by
1693 970 165 45 Albert
1887 969 53 47 G.
1971 971 211 52 Mackey,
2258 1004 9 9 M.
2328 971 35 51 D.)

368 1026 130 53 High
523 1026 279 53 priesthood,
832 1026 151 46 Order
1010 1027 77 45 of”:
1142 1029 26 43 4
1191 1039 42 38 p.
1261 1026 93 44 laid
1380 1027 58 46 in.

366 1080 54 55 ©
453 1083 119 43 Mar.
609 1082 62 52 10,
707 1079 129 54 1925;
869 1082 64 42 2c.
968 1082 87 43 and
1087 1082 79 43 aff.
1197 1082 114 53 Apr.
1342 1081 79 53 24;
1455 1082 43 42 A
1533 1080 189 53 829069;
1759 1081 253 53 Rosemary
2045 1095 143 39 press,
436 1082 1915 109 Needham,
587 1139 142 43 Mass.
800 1136 272 57 (25-10647)

368 1239 387 72 Burroughs,
799 1239 219 73 Edgar
1057 1237 168 72 Rice,
1269 1241 191 57 1875-

437 1329 1869 75 The bandit of Hell’s Bend, by Edgar Rice Burroughs …
370 1408 292 75 Chicago,
692 1409 75 58 A.
800 1407 64 61 C.
896 1408 303 74 McClurg
1224 1408 49 58 &
1302 1428 107 52 co.,
1438 1409 166 62 1925.

438 1490 26 43 4
498 1504 40 38 p.
595 1524 24 17 l.,
655 1488 82 44 316
773 1503 39 38 p.
873 1487 139 44 front.
1076 1488 51 44 19
1133 1489 47 18 cm
1187 1527 8 8 .

367 1545 54 54 ©
446 1546 114 52 June
587 1547 39 51 4,
656 1544 129 54 1925;
814 1546 65 43 2c.
905 1546 87 42 and
1018 1546 78 43 aff.
1123 1546 116 52 June
1268 1545 49 52 6;
1347 1546 43 42 A
1417 1543 191 54 855483;
1639 1542 156 55 Edgar
1825 1544 109 44 Rice
1963 1544 280 54 Burroughs,
2275 1546 98 53 inc.,

439 1604 88 43 Los
566 1602 214 54 Angeles.
849 1601 273 55 (25-10695)

372 1690 319 72 Calthrop,
732 1688 165 58 Dion
935 1688 284 73 Clayton,
1259 1691 190 57 1878-

447 1782 128 57 The
603 1781 287 58 hundred
921 1783 64 55 to
1018 1800 114 37 one
1165 1779 247 72 chance,
1440 1780 82 71 by
1553 1778 164 59 Dion
1750 1779 268 72 Clayton
2053 1780 322 74 Calthrop.

366 1860 280 71 London,
679 1858 264 58 Hodder
976 1859 124 58 and
1134 1858 373 72 Stoughton,
1541 1856 245 60 limited
1820 1857 183 74 [1925]

437 1936 78 54 vii,
547 1938 81 43 312
658 1952 41 38 p.
761 1937 53 44 19
820 1939 15 16 cm
873 1971 10 10 .

365 1990 2007 57 © 1c. July 2, 1925; A ad int. 7063; pubd. May 5; D. C. Calthorp, ℅ Jas. B.
439 2052 211 52 Pinkera,
686 2052 200 43 London.
956 2049 272 55 (25-12382)

371 2146 262 74 Chapin,
669 2145 284 59 William
988 2145 235 73 Henry,
1260 2147 191 57 1872-

448 2241 243 58 Second
723 2259 153 52 year
914 2239 230 72 college
1182 2237 356 72 chemistry,
1575 2239 83 70 by
1690 2237 282 59 William
2009 2239 77 57 H.
2127 2238 246 74 Chapin

435 2315 1935 75 … 2d ed., rev. New York, J. Wiley & sons, inc.; [etc.,
369 2400 129 69 etc.]
529 2397 167 56 1925.

437 2469 1703 58 3 p. l., v-xiii, 354 p. incl. illus., tables, diagrs. 23½ cm . $3.00
436 2531 145 46 Table
607 2547 60 30 on
694 2527 320 54 lining-paper.

365 2585 55 55 ©
447 2588 112 51 May
584 2585 66 48 26,
681 2583 130 54 1925;
840 2585 64 43 2c.
934 2584 88 43 and
1048 2583 78 44 aff.
1153 2583 115 53 June
1295 2584 49 50 6;
1374 2582 43 43 A
1445 2579 191 56 829589;
1666 2583 74 43 W.
1771 2583 61 44 H.
1863 2581 188 56 Chapin,
2080 2583 205 54 Oberlin,
2316 2585 55 44 O.

444 2642 273 57 (25-10910)

368 2730 388 69 Chesterton,
801 2726 242 59 Gilbert
1086 2724 210 58 Keith.

447 2822 196 59 Curse
679 2821 68 57 of
780 2821 105 57 the
920 2820 226 72 golden
1183 2838 191 38 cross.

442 2902 81 50 (In
552 2901 171 41 Nash’s
752 2901 92 41 and
873 2900 107 39 Pall
1010 2899 118 41 Mall
1157 2897 257 51 magazine,
1446 2898 127 51 May,
1605 2898 128 50 1925)

368 2951 2002 59 © 1c. June 16, 1925; A ad int. 7059; pubd. Apr. 17; G. K. Chesterton,
438 3015 200 43 London.

372 3101 227 71 Condé,
636 3098 253 59 Bertha.

445 3193 61 57 A
550 3212 140 51 way
733 3195 64 54 to
842 3210 207 53 peace,
1094 3188 232 71 health,
1372 3188 123 58 and
1540 3208 243 52 power;
1833 3189 239 59 studies
2119 3190 104 58 for
2270 3191 103 58 the

367 3266 2007 76 inner life by Bertha Condé … New York, C. Scribner’s
369 3366 164 55 sons,
566 3347 167 59 1925.

437 3424 621 54 xii p., 2 l., 233 p. 20 cm .
368 3482 54 54 ©
456 3484 112 51 May
600 3483 67 50 22,
704 3480 130 51 1925;
869 3481 64 43 2c.
969 3481 115 52 June
1118 3480 49 51 6;
1205 3480 78 42 aff.
1322 3480 111 51 May
1466 3479 78 51 28;
1582 3479 43 42 A
1661 3477 191 54 829568;
1892 3478 188 45 Charles
2120 3479 248 47 Scribner’s

439 3554 117 29 sons.
626 3536 272 56 (25-10931)

372 3624 407 60 Constantine
834 3672 12 24 I,
921 3624 105 72 king
1060 3624 67 72 of
1158 3625 100 54 the
1287 3623 314 72 Hellenes,
1632 3623 358 58 1868-1923.

445 3719 58 56 A
531 3718 212 73 king’s
776 3717 248 73 private
1057 3717 240 71 letters,
1328 3714 185 73 being
1543 3714 222 57 letters
1795 3714 253 58 written
2082 3716 84 72 by
2196 3716 177 74 King

371 3796 410 60 Constantine
826 3796 68 55 of
935 3795 231 59 Greece
1208 3798 63 53 to
1315 3794 215 69 Paola,
1571 3793 285 71 princess
1903 3794 67 56 of
365 3794 1979 153 Saxe-Weimar,

564 3875 232 71 during
833 3874 102 56 the
976 3892 188 49 years
1206 3873 148 57 1912
1394 3874 64 54 to
1501 3872 179 63 1923;
1721 3871 154 57 with
1914 3892 35 37 a
1989 3873 257 71 preface
2287 3875 84 71 by

369 3948 1997 77 Admiral Mark Kerr … London, E. Nash & Grayson,
366 4032 237 56 limited
645 4031 181 74 [1925]
