2533 4412
1046 4069 110 57 131

117 437 272 73 Bremer,
431 436 324 73 Fredrika,
797 439 358 57 1801-1865.

191 528 294 58 America
518 529 65 57 of
614 530 102 56 the
747 528 197 58 fifties:
1007 529 218 57 letters
1261 529 67 56 of
1362 527 311 58 Fredrika
1703 527 280 74 Bremer,
116 547 1967 117 selected

345 608 124 56 and
498 606 209 57 edited
735 607 81 71 by
846 606 254 71 Adolph
1128 605 70 56 B.
1233 605 267 57 Benson.
1572 605 152 56 New
1753 604 190 73 York,
1979 605 130 58 The

115 683 828 58 American-Scandinavian
974 682 403 71 foundation;
1431 684 131 70 [etc.,
1596 685 130 71 etc.]
1761 682 164 57 1924.

252 771 1854 54 xx p., 1 l., 344 p. front., ports. 19 cm . (Half-title: Scandinavian classics,
113 829 283 54 vol. XXIII )
189 899 247 47 Selections
461 900 121 43 from
607 900 74 43 the
703 899 199 44 author’s
925 899 101 43 The
1048 900 154 44 homes
1227 899 50 45 of
1302 900 77 42 the
1404 900 116 43 New
1547 900 170 52 world;
1744 900 290 52 impressions
2059 900 50 44 of

114 957 226 51 America,
371 956 246 44 translated
644 956 58 52 by
733 956 135 52 Mary
897 956 192 52 Howitt,
1119 956 235 52 published
1382 956 45 43 in
1453 956 28 42 2
1505 956 130 53 vols.,
1665 957 117 44 New
1812 956 142 50 York,
1989 954 117 49 1853.

182 1012 298 53 Advertising
507 1020 191 37 matter:
729 1027 40 38 p.
799 1013 205 44 341-344.

116 1081 1989 55 © Nov. 1, 1924; 1c. Dec. 15; 1c. Jan. 10, 1925; aff. Feb. 4; A 822118;
186 1139 604 46 American-Scandinavian
821 1139 278 44 foundation.
1168 1137 270 55 (25-26021)

115 1238 326 70 Brewster,
487 1238 254 71 Eugene
783 1236 347 70 Valentine,
1177 1239 190 56 1869-
1523 1256 193 54 comp.

263 1329 1846 76 … The passing of Woodrow Wilson, being excerpts
119 1409 167 58 from
308 1408 255 59 various
588 1427 404 54 newspapers
1020 1410 123 58 and
1166 1408 357 73 magazines
1550 1410 304 72 gathered
1877 1411 83 72 by
117 1410 1969 149 Eugene

306 1486 74 57 V.
419 1487 320 57 Brewster
775 1491 67 55 at
877 1488 103 57 the
1017 1488 149 57 time
1204 1488 69 57 of
1305 1488 104 57 the
1447 1489 190 57 death
1672 1489 67 57 of
1774 1488 334 58 Woodrow

117 1564 258 60 Wilson.
455 1564 338 71 Brooklyn,
845 1565 73 56 N.
971 1565 93 71 Y.,
1115 1565 320 58 Brewster
1484 1563 436 74 publications,
1972 1568 136 70 inc.,

117 1644 163 56 1924.

189 1737 82 49 [41]
301 1751 40 36 p.
397 1733 55 46 25
460 1736 47 19 cm
513 1772 9 8 .

184 1805 139 45 “This
353 1804 182 53 edition,
566 1803 178 55 printed
774 1820 59 29 on
860 1804 276 46 hand-made
1165 1820 136 37 paper
1330 1803 149 47 which
1508 1819 93 31 was
1630 1807 132 44 made
1789 1806 214 54 specially
2033 1808 74 43 for

115 1863 88 46 this
227 1862 136 52 book,
389 1862 38 46 is
455 1862 172 45 limited
650 1870 48 37 to
725 1859 80 47 385
832 1859 166 54 copies,
1021 1862 245 45 numbered
1293 1863 86 43 and
1406 1862 168 52 signed,
1604 1863 52 45 of
1679 1862 151 46 which
1854 1864 89 46 this
1970 1865 38 45 is
2034 1881 71 30 no.

117 1921 90 45 108.”

183 1978 67 45 At
270 1976 114 45 head
411 1975 52 46 of
487 1976 99 45 title:
637 1976 54 43 In
717 1974 278 46 memoriam.

115 2031 53 54 ©
191 2033 119 52 Aug.
337 2031 66 53 30,
430 2031 128 47 1924;
585 2031 63 42 2c.
675 2028 105 46 Feb.
805 2030 40 52 2,
873 2028 129 53 1925;
1030 2029 78 44 aff.
1135 2029 99 53 Jan.
1261 2029 48 44 31;
1366 2030 44 43 A
1436 2030 188 53 822083;
1656 2031 229 46 Brewster
183 2032 1903 108 publications,
349 2089 82 42 inc.

500 2085 242 56 (25-4694)

113 2187 377 72 Buhlmaier,
531 2185 218 59 Marie.

190 2275 211 70 Along
439 2273 104 58 the
584 2272 292 72 highway
920 2272 68 57 of
1032 2272 237 58 service
1319 2273 98 72 [by]
1480 2272 202 60 Marie
1726 2275 383 62 Buhlmaier.

113 2354 283 69 Atlanta,
432 2352 129 73 Ga.,
593 2352 203 56 Home
827 2349 262 59 mission
1121 2351 201 57 board
1354 2351 70 57 of
1454 2352 104 59 the
1595 2352 316 59 Southern
113 2356 1972 133 Baptist

252 2428 373 61 convention
652 2458 13 44 [
667 2437 20 22 c
690 2429 164 72 1924]

183 2508 92 52 viii,
308 2509 80 43 140
416 2522 40 38 p.
519 2507 130 42 front.
702 2506 169 54 (port.)
910 2505 159 53 plates.
1132 2506 50 44 19
1190 2509 47 18 cm
1242 2541 9 8 .

115 2565 53 55 ©
198 2566 106 44 Feb.
340 2565 60 51 16,
438 2563 103 45 1925;
599 2565 64 42 2c.
696 2565 85 42 and
814 2565 79 42 aff.
926 2563 106 44 Feb.
1069 2564 49 42 18;
1178 2564 44 42 A
1254 2564 164 44 822094;
1479 2566 153 43 Home
1662 2567 186 44 mission
1881 2568 142 44 board
2056 2569 52 44 of

185 2624 73 43 the
290 2622 225 47 Southern
548 2622 176 51 Baptist
753 2621 281 43 convention.
1103 2619 243 55 (25-4939)

117 2722 239 73 [Burns,
394 2719 325 74 Harrison]

192 2810 1917 78 Notes to the Oklahoma decisions … A judicial history
116 2891 66 57 of
214 2908 189 53 every
434 2889 344 58 Oklahoma
806 2906 139 38 case
975 2887 153 57 with
1159 2889 416 71 explanatory
1603 2893 197 72 notes,
1835 2892 81 72 by
113 2893 1973 146 Hervey

273 2968 79 55 H.
399 2967 351 70 Anderson,
796 2965 273 57 assisted
1110 2967 84 69 by
1236 2966 102 57 the
1384 2967 355 70 publishers
1755 2972 13 26 ’
1815 2970 291 59 editorial

112 3042 1970 150 staff. V. 4, 5 … Indianapolis, The Bobbs-Merrill company [1924]
181 3201 28 42 2
233 3215 41 28 V.
333 3200 55 43 24½
422 3202 46 17 cm
475 3234 8 8 .

553 3289 9 9 CONTENTS.—V.
600 3261 38 36 4.
678 3252 133 44 58-87
853 3252 270 53 Oklahoma,
1164 3251 133 45 15-17
1337 3252 218 46 criminal.
1628 3255 302 54 Supplement.
2002 3261 106 43 1-29

117 3312 369 45 Oklahoma.—V.
520 3316 37 38 5.
593 3309 303 52 Supplement.
957 3308 136 45 30-57
1130 3310 270 52 Oklahoma,
1439 3312 103 43 1-14
1577 3313 219 55 criminal,
1834 3316 76 44 1-7
1946 3319 160 43 Indian

114 3369 254 51 Territory,
397 3366 170 44 federal
600 3367 86 42 and
715 3367 60 42 U.
807 3365 46 45 S.
886 3364 218 53 Supreme
1134 3374 130 35 court
1293 3381 139 29 cases.

114 3423 55 54 ©
198 3425 110 43 Dec.
335 3423 38 51 7,
402 3423 130 52 1924;
561 3424 64 41 2c.
655 3422 108 43 each
792 3423 85 42 and
906 3423 103 42 affs.
1037 3423 100 51 Jan.
1171 3423 60 50 12,
1265 3421 129 53 1925;
1426 3424 44 42 A
1499 3423 179 56 815673,
1708 3426 189 53 815674;
186 3430 1920 94 Bobbs-Merrill
392 3492 65 30 co.

118 3577 314 59 Chemical
463 3575 248 72 catalog
740 3592 105 54 co.,
879 3574 135 74 inc.,
1048 3578 152 57 New
1236 3578 185 56 York.

191 3666 423 59 Distribution
651 3666 110 57 fist
797 3666 66 57 of
900 3667 103 57 the
1045 3666 313 59 Chemical
1397 3669 407 76 engineering
1840 3675 261 73 catalog.

117 3747 105 58 9th
258 3744 229 59 annual
524 3745 90 57 ed.
691 3744 151 57 New
874 3744 190 73 York,
1101 3745 73 57 N.
1210 3745 92 72 Y.,
1342 3746 128 59 The
1510 3746 313 62 Chemical
1860 3753 248 75 catalog

116 3841 320 53 company,
470 3823 136 71 inc.,
643 3823 165 56 1925.

187 3900 76 43 168
292 3914 39 37 p.
386 3900 54 42 23
447 3902 46 17 cm
500 3934 8 8 .

115 3954 53 54 ©
195 3955 106 44 Feb.
327 3955 39 52 2,
396 3953 128 53 1925;
554 3955 64 42 2c.
645 3955 86 42 and
756 3954 77 43 aff.
862 3953 105 44 Feb.
996 3955 49 50 3;
1074 3954 44 42 A
1145 3953 190 54 815909;
1368 3954 228 47 Chemical
1623 3961 179 53 catalog
1828 3977 80 37 co.,
1938 3963 82 44 inc.
