2533 4412
1300 4087 149 56 1566

377 399 466 72 Forbes-Leith,
881 398 265 58 Francis
1179 399 245 57 Arthur
1462 399 343 70 Cornelius,
1845 401 191 59 1888-

451 489 1938 74 By car to India, by Major F. A. C. Forbes-Leith … 8
371 568 444 59 illustrations.
897 569 280 69 London,
1211 569 399 57 Hutchinson
1643 570 47 56 &
1722 589 87 37 co.
1847 571 182 72 [1925]

440 647 86 45 232
545 661 40 39 p.
647 646 153 53 front.,
823 647 157 51 plates.
1045 647 53 44 19½
1130 650 47 17 cm
1183 682 9 9 .

374 702 2013 57 © 1c. Aug. 7, 1925; A ad int. 7213; pubd. June 11; F. A. C. Forbes-Leith,
445 762 202 43 London.
717 759 245 56 (26-1078)

375 862 430 57 Freemasons.
910 861 70 59 U.
1042 860 65 59 S.
1211 860 214 60 Grand
1488 866 430 69 encampment
1982 861 67 74 of
2108 862 281 74 Knights

451 941 284 73 templar.

450 1032 167 56 Drill
646 1031 390 72 regulations
1072 1031 67 56 of
1170 1031 103 57 the
1307 1030 218 59 Grand
1545 1033 433 70 encampment
2010 1032 69 58 of
2108 1032 281 73 Knights

374 1111 275 71 templar
684 1110 68 57 of
790 1110 103 57 the
934 1109 239 58 United
1211 1109 219 57 States
1466 1109 67 57 of
1571 1109 314 58 America,
1965 1110 426 73 Preliminary

375 1191 221 69 report
622 1188 68 57 of
717 1187 104 58 the
851 1187 354 57 committee
1236 1187 348 72 appointed
1609 1188 85 72 by
1720 1188 103 57 the
1857 1188 221 59 Grand
373 1207 1991 116 encampment
572 1269 68 54 at

666 1266 105 57 the
799 1265 303 58 triennial
1129 1266 310 72 conclave,
1469 1266 146 57 held
1645 1268 65 54 at
1741 1266 153 57 New
1922 1264 287 76 Orleans,
2239 1267 151 72 May

374 1343 2012 155 27, 1922. Final report to be submitted to the Grand encampment at Seattle, 1925 … Newton, Kansas [1925]
374 1501 275 57 Revised
678 1501 311 72 January,
1023 1502 167 55 1925.

441 1578 82 44 208
555 1592 40 39 p.
659 1578 49 44 14½
744 1580 48 18 cm
797 1613 9 9 .

445 1634 217 45 Contains
695 1634 156 44 music.

374 1690 53 54 ©
461 1692 99 52 Jan.
596 1690 64 53 15,
698 1690 131 54 1925;
864 1692 65 44 2c.
966 1690 120 53 Sept.
1120 1691 79 52 22;
1236 1691 78 43 aff.
1354 1691 101 44 Oct.
1495 1692 46 50 1;
1579 1690 44 43 A
1657 1690 190 53 864880;
1887 1690 155 45 Grand
2078 1700 310 44 encampment

443 1748 52 45 of
525 1748 202 53 Knights
761 1748 193 52 templar
984 1748 53 43 of
1066 1748 77 43 the
1175 1747 171 45 United

1386 1745 150 48 States
1570 1748 51 43 of
1658 1747 229 52 America,
1923 1747 320 54 Indianapolis.

374 1861 211 73 Gibbs,
627 1862 242 73 George
910 1862 171 72 Fort,
1124 1862 192 58 1870-

519 1953 1869 73 … Juventud triunfante, novela; traducida del inglés
368 2050 121 53 por
520 2030 109 61 Ch.
663 2031 316 72 Mostany.
1049 2029 372 73 Barcelona,
1454 2029 309 60 Sociedad
1792 2032 257 72 general
2079 2030 75 59 de
371 2030 1989 153 publicaciones,

705 2130 46 38 s.
780 2130 54 38 a.
868 2140 12 43 [
883 2118 19 23 c
905 2111 166 72 1923]

445 2191 84 43 442
555 2205 40 39 p.
658 2190 156 54 plates.
874 2189 54 45 20
936 2192 46 17 cm
989 2225 9 9 .

447 2249 66 46 At
537 2247 116 45 head
679 2247 51 44 of
753 2245 124 46 title:
904 2247 141 52 Jorge
1073 2245 153 47 Gibbs.

373 2299 2015 57 © Dec. 23, 1923; 1c. Nov. 16, 1925; A—Foreign 29201; Sociedad general
443 2363 54 42 de
530 2359 349 55 publicaciones.
948 2358 217 55 (26-307)

373 2446 242 73 Gilkey,
657 2444 260 59 Charles
954 2443 317 75 Whitney,
1310 2445 192 58 1882-

371 2532 1993 158 … Jesus and our generation, by Charles Whitney Gilkey … Chicago,
1022 2615 118 73 Ill.,
1184 2615 130 57 The
1359 2612 376 74 University
1775 2611 67 60 of
1887 2610 273 76 Chicago
2203 2632 182 53 press

375 2697 204 74 [c1925]

441 2773 112 52 xvii,
585 2772 90 52 182,
751 2796 11 29 [1]
793 2785 40 39 p.
894 2770 59 44 20
955 2773 47 18 cm
1009 2805 9 9 .
1088 2768 127 54 (The
1244 2771 216 42 Barrows
1492 2767 210 52 lectures,
1736 2766 217 53 1924-25)

373 2828 53 54 ©
461 2831 109 42 Dec.
605 2827 37 53 5,
680 2826 130 54 1925;
845 2828 65 43 2c.
946 2828 108 42 Dec.
1093 2824 76 55 15;
1206 2827 79 42 aff.
1323 2827 109 42 Dec.
1473 2825 73 52 16;
1583 2826 43 42 A
1660 2823 191 54 872865;
1889 2824 270 54 University
2192 2825 50 44 of
443 2824 1921 116 Chicago,
609 2885 215 53 Chicago.
893 2882 273 57 (25-28066)

373 2970 141 71 Gill,
554 2970 330 74 Augustus
925 2969 297 71 Herman,
1265 2968 191 59 1864-

450 3065 128 59 Gas
624 3066 126 56 and
791 3065 134 56 fuel
968 3058 281 75 analysis
1295 3062 105 57 for
1445 3058 362 74 engineers;
1852 3080 36 38 a
1933 3061 302 70 compend
2278 3059 105 59 for

372 3145 178 59 those
596 3143 349 58 interested
990 3141 66 56 in
1103 3141 103 56 the
1255 3135 377 63 economical
1680 3134 387 76 application
2117 3139 69 56 of
2233 3138 151 71 fuel,

371 3223 318 72 prepared
721 3218 339 73 especially
1087 3219 105 57 for
1221 3218 105 57 the
1354 3236 112 39 use
1497 3218 69 57 of
1594 3216 288 58 students
1912 3218 67 56 at
2007 3215 105 58 the
372 3216 1987 142 Massachusetts

686 3292 1628 73 institute of technology, by Augustus H. Gill …
373 3379 144 56 10th
554 3395 126 40 rev.
723 3377 90 56 ed.
899 3374 185 57 Total
1118 3374 191 69 issue,
1348 3377 104 53 ten
1488 3370 332 59 thousand.
1903 3370 153 58 New
2091 3368 191 73 York,
2320 3370 61 58 J.

369 3454 210 72 Wiley
601 3454 49 57 &
675 3471 164 51 sons,
867 3451 149 71 inc.;
1047 3453 150 69 [etc.,
1225 3454 129 67 etc.]
1386 3449 167 57 1925.

440 3523 1400 58 2 p. l., iii-vii, 181 p. illus., diagrs. 19½ cm . $1.75
443 3585 330 45 “References”
804 3592 45 36 at
877 3584 85 42 end
990 3582 51 44 of
1071 3596 125 29 some
1226 3581 48 43 of
1304 3580 76 45 the
1410 3580 222 52 chapters.

373 3642 53 54 ©
463 3645 109 42 Dec.
604 3643 41 51 2,
683 3640 130 51 1925;
848 3641 66 43 2c.
949 3641 88 42 and
1071 3638 79 44 aff.
1186 3639 108 42 Dec.
1335 3638 73 51 14;
1447 3638 44 41 A
1528 3635 190 53 872846;
1757 3635 56 43 A.
1851 3636 60 42 H.
1952 3634 102 52 Gill,
2095 3633 285 54 Cambridge,

444 3701 142 42 Mass.
657 3696 272 57 (25-27631)

373 3784 293 73 Gillouin,
707 3785 187 70 Rene,
939 3786 190 56 1881-

373 3867 1985 160 … Questions politiques et religieuses. Paris, B. Grasset, 1925.
442 4029 754 56 2 p. l., iii, 274 p., 1 l. 19 cm .
