2533 4412
1343 4114 70 55 62

394 468 312 73 Smedley,
749 470 237 57 Emma.

471 572 378 59 Institution
873 573 263 73 recipes,
1165 575 448 61 standardized
1637 576 65 56 in
1726 577 176 73 large
1930 580 344 71 quantities
2303 582 103 57 for

396 671 109 39 use
546 652 67 57 in
657 652 361 71 cafeterias,
1063 653 595 74 schools, colleges,
1699 656 312 73 hospitals
2057 659 125 57 and
2227 658 179 60 other

395 730 2009 78 institutions, by Emma Smedley … 4th ed., rev. 1924.
396 809 231 73 Media,
654 810 131 74 Pa.,
817 810 72 57 E.
923 809 295 75 Smedley
1246 840 14 44 [
1262 818 19 23 c
1284 811 151 57 1924]

463 888 98 53 xiii,
592 889 84 45 356
702 903 41 38 p.
807 890 50 42 19½
893 891 47 16 cm
946 923 9 9 .

467 947 151 43 Blank
642 961 143 37 pages
818 946 76 42 for
924 944 305 45 “Additional
1259 946 202 54 recipes”
1488 957 46 36 at
1563 948 87 44 end
1679 949 54 43 of
1763 949 112 44 each
1903 949 200 54 chapter.

389 1001 56 54 ©
476 1003 108 43 Dec.
620 1003 63 51 18,
716 1004 130 50 1924;
877 1004 65 42 2c.
973 1004 87 43 and
1089 1003 79 44 aff.
1199 1005 100 51 Jan.
1328 1006 69 52 21,
1431 1004 130 54 1925;
1593 1007 43 42 A
1666 1005 192 54 814715;
1892 1007 52 47 E.
1979 1007 223 53 Smedley,
2236 1010 167 52 Media,

463 1062 80 42 Pa.
614 1059 244 56 (25-2239)

392 1160 329 71 Snowden,
763 1159 215 59 James
1020 1159 236 75 Henry,
1298 1164 191 56 1852-

474 1253 130 58 The
635 1251 324 61 Christian
985 1253 193 59 belief
1202 1253 67 58 in
1290 1253 421 75 immortality
1733 1256 66 57 in
1827 1256 101 58 the
1956 1256 160 73 light
2145 1259 67 56 of
396 1258 1984 132 modern

556 1331 285 73 thought,
889 1333 85 71 by
1020 1331 219 60 James
1288 1332 79 57 H.
1422 1332 327 59 Snowden.
1831 1334 153 58 New
2030 1335 193 73 York,
2274 1338 131 56 The

394 1410 360 59 Macmillan
783 1427 325 56 company,
1136 1411 167 57 1925.

467 1489 78 45 180
572 1504 40 37 p.
701 1490 26 45 19½
778 1491 30 18 m
815 1528 10 9 .

389 1542 53 53 ©
467 1545 101 51 Jan.
595 1541 67 53 27,
693 1541 131 53 1925;
852 1543 65 42 2c.
945 1543 100 52 Jan.
1072 1543 78 51 28;
1179 1542 80 44 aff.
1287 1543 101 52 Jan.
1415 1543 79 53 29;
1525 1544 43 42 A
1596 1543 191 53 815806;
1821 1545 266 43 Macmillan
2114 1563 65 28 co,

468 1599 245 55 (25-2857)

389 1703 86 58 So
511 1702 194 72 Relle,
747 1703 245 73 Rupert
1030 1703 151 71 Pitt,
1224 1705 190 56 1871-

469 1797 277 72 Applied
799 1797 290 58 business
1144 1796 555 73 correspondence,
1753 1799 82 70 by
1949 1800 188 69 Rupert
2189 1799 69 56 P.
2319 1798 82 59 So

453 1876 133 73 Relle,
629 1876 124 58 and
792 1874 281 73 Applied
1107 1876 291 57 business
1439 1876 432 71 punctuation,
1911 1878 83 71 by
2036 1876 250 59 Hubert
2325 1878 73 55 A.

391 1953 241 74 Hagar.
715 1954 154 57 New
899 1952 193 73 York,
1129 1952 273 74 Chicago
1441 1954 146 73 [etc.]
1627 1954 130 58 The
1794 1954 212 74 Gregg
2039 1954 363 75 publishing

391 2052 307 53 company
729 2063 13 43 [
745 2041 17 21 c
767 2032 165 72 1924]

457 2128 41 36 v,
531 2112 80 45 186
636 2127 42 38 p.
738 2110 119 45 illus.
885 2110 129 53 (incl.
1044 2110 174 53 forms)
1290 2111 52 45 19
1346 2113 47 18 cm
1400 2147 9 8 .

464 2168 155 45 “First
645 2166 236 56 published
909 2183 50 28 as
985 2183 27 29 a
1039 2176 102 45 part
1167 2169 53 44 of
1248 2167 74 45 the
1348 2167 222 54 complete
1598 2176 123 37 text:
1749 2167 198 55 Applied
1972 2168 205 47 business
2208 2169 191 55 English

389 2228 88 44 and
510 2225 625 55 correspondence.”—Pref.

382 2277 1798 57 © Dec. 26, 1924; 2c. and aff. Jan. 9, 1925; A 814599; Gregg pub. co.
465 2339 245 54 (25-2991)

387 2440 212 73 Spyri,
635 2441 177 56 Frau
850 2437 297 59 Johanna
1192 2436 338 74 (Heusser)
1580 2439 359 57 1827-1901.

461 2517 223 72 Heidi;
728 2537 38 37 a
808 2519 179 69 story
1026 2516 108 57 for
1174 2515 281 58 children
1499 2517 124 57 and
1666 2512 178 66 those
1888 2517 136 57 who
2069 2518 136 57 love
384 2519 1987 150 children,
596 2597 83 71 by

717 2595 295 58 Johanna
1056 2593 225 74 Spyri;
1321 2594 356 59 translated
1714 2595 83 72 by
1834 2594 213 73 Philip
2092 2595 305 74 Schuyler

383 2676 203 72 Allen,
611 2674 153 58 with
792 2694 79 37 an
895 2672 431 58 introduction
1350 2674 84 71 by
1460 2673 356 58 Katharine
1838 2674 120 57 Lee
1979 2674 212 58 Bates.

385 2675 1988 136 Pictures
593 2754 84 71 by
709 2752 291 71 Dorothy
1033 2751 170 58 Lake
1240 2750 288 73 Gregory
1564 2752 123 57 and
1724 2751 152 57 Milo
1912 2752 267 57 Winter.
384 2752 1986 152 Chicago,
593 2832 153 56 New
775 2830 193 70 York,
1064 2831 142 70 Rand,
1242 2828 296 73 McNally
1572 2829 47 56 &
1655 2847 306 54 company
2001 2860 12 43 [
2015 2839 19 21 c
2038 2831 147 56 1925]

450 2909 84 43 404
565 2923 38 38 p.
638 2907 100 44 incl.
775 2907 152 51 front.,
961 2907 117 43 illus.
1145 2907 50 43 18½
1229 2909 47 18 cm
1283 2941 9 9 .

382 2963 53 54 ©
463 2966 100 51 Jan.
596 2963 63 52 17,
691 2961 131 54 1925;
851 2964 66 42 2c.
947 2964 87 42 and
1061 2963 79 43 aff.
1170 2963 100 51 Jan.
1299 2963 79 51 23;
1409 2963 44 42 A
1483 2961 189 51 814762;
1707 2963 143 51 Rand,
1881 2963 225 52 McNally
2133 2965 37 42 &
2201 2980 65 27 co.
2339 2964 54 53 [©

454 3020 305 44 introduction
787 3021 88 43 and
903 3020 314 52 illustrations]
1289 3018 243 55 (25-2467)

384 3121 350 74 Stacpoole,
775 3121 221 73 Henry
1033 3121 92 57 De
1163 3121 182 72 Vere,
1386 3124 190 55 1865-

464 3201 1860 75 The gates of morning, by H. de Vere Stacpoole …
387 3282 150 57 New
563 3281 192 71 York,
781 3279 201 70 Dodd,
1013 3279 189 60 Mead
1228 3280 125 58 and
1381 3298 322 54 company,
1735 3280 165 55 1925.

451 3357 788 56 3 p. l ., 298 p. 19½cm. $2.00
381 3414 53 53 ©
463 3416 99 50 Jan.
590 3415 68 46 24,
694 3412 130 51 1925;
855 3414 65 42 2c.
951 3414 99 51 Jan.
1084 3413 76 52 30;
1193 3413 79 43 aff.
1303 3413 100 51 Jan.
1433 3413 78 51 28;
1545 3413 44 42 A
1620 3411 189 52 815839;
1843 3413 149 51 Dodd,
2024 3413 138 44 Mead
2192 3415 88 43 and
2310 3431 80 36 co,

452 3473 84 42 inc.
605 3470 245 54 (25-2964)

381 3572 366 70 Stevenson,
783 3571 238 58 Robert
1052 3571 207 70 Louis,
1297 3572 360 56 1850-1894.

462 3652 314 57 Treasure
827 3651 219 58 Island
1114 3653 83 68 [by]
1328 3652 176 56 Robert
1556 3649 191 57 Louis
1801 3650 367 69 Stevenson,
384 3651 1980 138 illustrated

632 3731 84 70 by
753 3730 277 58 Frances
1068 3729 359 73 Brundage.
1511 3728 238 71 Akron,
1790 3727 89 66 O.,
1920 3729 131 57 The
2092 3727 298 61 Saalfield

380 3808 366 72 publishing
771 3827 85 38 co.
892 3839 13 42 [
906 3817 20 21 c
930 3810 166 70 1924]

379 3885 1986 105 7 p. l ., 230 p., 1 l. col. front., illus. 24 cm . (Lettered on cover: Mayflower series)
375 3997 56 53 ©
457 3998 119 50 Aug.
602 3999 40 51 4,
671 3997 107 43 1924;
827 3998 65 42 2c.
918 3997 89 43 and
1031 3997 79 43 aff.
1138 3997 108 42 Dec.
1278 3997 74 50 19;
1381 3997 44 41 A
1452 3993 189 52 815853;
1675 3994 214 46 Saalfield
1914 3996 99 52 pub.
2042 4012 64 29 co.
2179 3997 55 53 [©
448 3999 1914 93 illustrations]
752 4054 196 38 (25-2846)
