2533 4412
1045 4043 149 56 1219

128 410 223 70 Moses,
388 410 318 55 Montrose
747 408 214 68 Jonas,
1003 409 188 57 1878-
1350 408 89 57 ed.

204 498 1919 74 Representative plays by American dramatists … ed.,
127 578 151 57 with
307 596 78 37 an
413 577 426 57 introduction
868 581 62 52 to
961 577 149 56 each
1139 577 166 71 play,
1335 577 83 70 by
1446 576 323 58 Montrose
1800 578 59 57 J.
1893 578 228 57 Moses.

130 656 356 56 1815-1858.
568 684 70 43 [v.
681 656 48 70 2]
810 654 152 55 New
998 654 189 71 York,
1229 653 72 56 E.
1343 655 68 54 P.
1452 654 245 57 Dutton
1732 655 47 56 &
1819 673 303 54 company

129 733 181 73 [1925]

194 808 77 52 vii,
297 807 81 44 823
407 821 40 38 p.
504 807 54 43 24½
592 809 46 18 cm
646 841 9 8 .

198 863 280 44 “Individual
509 862 353 53 bibliographies
893 862 74 44 for
996 862 181 54 plays”:
1210 878 40 38 p.
1281 863 93 45 3-8.

465 919 276 44 CONTENTS.—Preface.
759 945 55 4 —
834 919 374 53 Bibliographies.
1225 945 57 5 —
1298 919 301 47 Fashionable
1645 921 164 53 follies,
1853 923 58 52 by
1955 923 168 52 Joseph

128 978 192 42 Hutton.
384 975 374 52 1815.—Brutus;
793 991 63 35 or,
890 976 99 44 The
1023 977 81 42 fall
1137 977 50 43 of
1219 975 216 53 Tarquin,
1470 978 57 51 by
1561 978 122 51 John
1714 979 207 44 Howard
1956 981 166 50 Payne.

130 1033 176 43 1818.—
312 1032 253 53 Sertorius;
603 1048 64 35 or,
704 1032 98 43 The
838 1033 178 42 Roman
1050 1033 180 51 patriot,
1266 1033 59 51 by
1360 1033 149 43 David
1547 1035 114 43 Paul
1699 1035 181 44 Brown.
1948 1035 177 45 1830.—

126 1088 206 53 Tortesa,
370 1089 74 43 the
478 1104 172 33 usurer,
689 1090 57 50 by
784 1088 247 43 Nathaniel
1069 1090 50 42 P.
1158 1088 166 45 Willis.
1395 1089 277 45 1839.—The
1709 1092 193 51 people’s
1939 1092 184 53 lawyer,

127 1145 57 52 by
210 1146 167 51 Joseph
407 1144 192 47 Stevens
625 1146 151 50 Jones.
837 1146 293 51 1839.—Jack
1157 1145 136 51 Cade,
1321 1146 59 52 by
1407 1147 173 42 Robert
1607 1146 55 45 T.
1693 1147 192 44 Conrad.
1947 1149 178 43 1841.—

127 1200 209 52 Fashion,
370 1202 59 52 by
463 1202 114 42 Mrs.
613 1203 135 41 Anna
783 1201 130 44 Cora'
939 1201 207 44 Mowatt.
1213 1200 325 46 1850.—Uncle
1572 1202 155 45 Tom’s
1765 1204 144 53 cabin,
126 1207 1974 94 dramatized

269 1259 56 51 by
352 1257 177 53 George
555 1258 49 42 L.
631 1257 163 44 Aiken.
852 1256 295 54 1852.—Self,
1173 1258 58 52 by
1259 1259 114 42 Mrs.
1404 1257 168 54 Sidney
1590 1258 49 44 F.
1660 1262 255 42 Bateman..
1951 1261 173 44 1856.—

125 1315 264 43 Horseshoe
420 1315 245 51 Robinson,
695 1314 58 52 by
784 1313 176 44 Clifton
988 1315 75 43 W.
1093 1314 240 52 Tayleure.
1397 1314 118 44 1858.

125 1381 53 54 ©
207 1384 121 43 Nov.
352 1383 67 52 20,
452 1382 128 53 1925;
609 1383 65 43 2c.
704 1383 117 43 Nov.
849 1382 79 53 27;
960 1383 78 43 aff.
1069 1384 120 43 Nov.
1215 1382 79 53 25;
1325 1385 43 41 A
1397 1382 190 55 872592;
1619 1384 52 48 E.
1703 1387 50 42 P.
1785 1387 175 43 Dutton
1989 1388 37 43 &
2054 1403 66 28 co.

125 1497 305 72 Northup,
470 1496 192 59 Clark
698 1497 398 71 Sutherland,
1136 1499 190 58 1872-

192 1589 60 55 A
294 1588 272 73 register
606 1589 69 56 of
717 1583 491 78 bibliographies
1250 1588 75 58 of
1359 1589 102 56 the
1507 1588 268 73 English
1816 1591 308 75 language

124 1667 124 57 and
284 1666 349 70 literature,
672 1667 83 70 by
795 1665 189 59 Clark
1024 1666 384 58 Sutherland
1446 1666 311 73 Northup,
1797 1669 151 57 with
123 1688 1978 114 contributions
492 1744 81 71 by
603 1744 241 70 Joseph
878 1742 240 73 Quincy
1148 1744 239 57 Adams
1422 1745 125 57 and
1577 1745 274 58 Andrew
1881 1746 241 75 Keogh.

124 1822 150 57 New
302 1821 242 72 Haven,
574 1821 156 58 Yale
759 1820 353 72 university
1142 1839 214 53 press;
1391 1825 148 69 [etc.,
1573 1826 128 69 etc.]
1737 1824 165 57 1925.

192 1896 1813 60 6 p. l., 507 p. 25 cm . (Half-title: Cornell studies in English, [IX])
194 1957 94 44 “Of
317 1956 88 44 this
433 1956 120 44 book
580 1970 132 29 seven
739 1956 202 42 hundred
971 1956 89 42 and
1090 1954 106 54 fifty
1221 1954 149 53 copies
1401 1956 116 44 have
1544 1958 114 42 been
1685 1956 217 54 printed.”

194 2013 125 46 “The
350 2027 193 39 expense
576 2012 49 44 of
654 2010 259 56 publishing
945 2011 88 45 this
1064 2011 180 45 volume
1275 2027 95 29 was
1402 2014 140 44 borne
1574 2013 63 54 by
1666 2028 27 30 a
1725 2021 138 47 grant
1897 2014 122 46 from
2051 2017 75 44 the

125 2072 264 44 Heckscher
421 2069 267 45 foundation
722 2069 73 43 far
827 2069 76 43 the
935 2069 326 43 advancement
1292 2070 51 44 of
1377 2070 221 54 research,
1632 2071 274 45 established
1938 2073 57 54 by
122 2075 1982 107 August

256 2126 269 45 Heckscher
554 2134 46 36 at
632 2125 185 45 Cornell
848 2124 292 53 university.”

124 2184 53 53 ©
210 2185 121 52 Sept.
363 2185 37 48 4,
438 2182 129 53 1925;
599 2183 64 43 2c.
699 2183 101 43 Oct.
834 2181 48 53 5;
917 2183 78 42 aff.
1031 2183 101 43 Oct.
1169 2184 46 50 1;
1249 2183 43 41 A
1325 2182 190 54 869175;
1551 2183 115 45 Yale
1699 2184 249 55 university
1980 2202 140 38 press.

203 2240 270 55 (25-20533)

126 2340 233 72 Ornitz,
399 2339 254 60 Samuel
689 2337 290 71 Badisch,
1022 2340 190 58 1890-

197 2432 226 57 Bound
453 2431 103 57 the
589 2430 198 58 world
819 2430 149 56 with
1002 2429 195 59 Jocko
1233 2431 103 57 the
1371 2436 199 68 great,
1604 2433 81 71 by
1720 2433 251 59 Samuel
120 2434 1973 147 Ornitz;
305 2510 362 57 illustrated
693 2509 82 71 by
804 2507 247 59 Carroll
1079 2506 64 60 C.
1174 2507 187 59 Snell.
1430 2509 152 58 New
1607 2510 190 74 York,
1828 2512 129 58 The
121 2513 1972 147 Macaulay
371 2605 305 54 company
708 2615 11 45 [
722 2594 19 22 c
745 2587 164 72 1925]

189 2669 83 43 232
300 2684 39 37 p.
400 2666 82 45 col.
516 2667 150 50 front.,
695 2666 130 48 illus.,
855 2662 81 47 col.
968 2666 154 52 plates.
1182 2666 52 41 24
1243 2668 45 17 cm
1298 2701 6 7 .

124 2723 53 53 ©
205 2724 119 52 Sept.
349 2722 68 53 25,
446 2721 103 45 1925
567 2738 9 36 ;
601 2723 66 42 2c.
692 2723 85 42 and
806 2723 78 41 aff.
912 2722 102 43 Oct.
1042 2721 48 53 6;
1120 2723 43 41 A
1191 2721 191 53 869155;
1414 2723 243 53 Macaulay
1683 2739 65 29 co.

203 2779 270 55 (25-20743)

125 2879 336 70 Oxenham,
499 2878 186 59 John.

203 2972 128 56 The
361 2971 232 57 hidden
621 2988 206 53 years,
859 2970 80 71 by
969 2970 169 57 John
1171 2968 337 59 Oxenham.
1582 2971 151 57 New
1763 2972 172 58 York
1971 2979 149 72 [etc.]

123 3051 374 70 Longmans,
533 3046 204 60 Green
772 3048 124 56 and
929 3066 106 53 co.,
1071 3048 166 56 1925.

191 3127 95 51 viii,
312 3126 82 42 244
420 3140 40 38 p.
522 3124 51 44 19½
606 3127 47 18 cm
660 3159 9 8 .

123 3181 53 54 ©
208 3183 100 45 Oct.
341 3184 32 50 1,
407 3180 130 53 1925;
566 3182 64 43 2c.
662 3180 101 45 Oct.
791 3180 78 52 21;
901 3180 79 44 aff.
1012 3180 101 44 Oct.
1141 3180 87 53 20;.
1251 3180 43 42 A
1324 3179 190 54 869629;
1548 3181 270 55 Longmans,
1853 3183 150 46 Green
2032 3187 87 44 and

193 3255 64 28 co.
327 3238 271 55 (25-20709)

124 3339 239 71 Pedler,
400 3339 341 71 Margaret.

203 3432 421 55 Tomorrow’s
654 3430 229 70 tangle,
953 3432 88 69 pt.
1074 3431 51 71 2,
1159 3429 173 70 chap.
1367 3431 32 54 3
1440 3429 365 73 (contd.)-9.

195 3509 81 50 (In
308 3509 95 40 Red
431 3507 265 52 magazine)

122 3560 1856 56 © 1c. Dec. 3, 1925; A ad int. 7497; pubd. Oct. 9; M. Pedler, London.
125 3677 260 71 Pepper,
425 3675 237 72 George
701 3675 325 58 Wharton.

203 3768 127 57 The
372 3767 325 71 quarterly
738 3765 209 72 digest
986 3765 68 57 of
1096 3765 466 71 Pennsylvania
1604 3766 327 75 decisions,
124 3789 1969 128 supplementary
563 3846 63 54 to
673 3844 251 70 Pepper
971 3844 124 55 and
1140 3843 231 56 Lems’
1420 3843 208 72 digest
1675 3845 66 58 of
1789 3847 328 73 decisions,

127 3921 361 72 containing
518 3921 104 56 the
655 3924 164 53 most
855 3923 212 54 recent
1100 3919 308 58 decisions
1444 3920 67 56 of
1547 3922 86 56 all
1664 3923 104 56 the
1806 3927 208 55 courts
2052 3925 68 57 of
