2533 4412
1303 4076 148 55 1612

370 373 260 74 Claudy,
673 374 148 58 Carl
860 375 231 73 Harry,
1132 378 191 57 1879-

365 465 1987 152 “Foreign countries”, by Carl H. Claudy … Washington,
522 545 74 56 D.
632 542 83 74 C.,
748 544 129 57 The
910 545 287 58 Masonic
1227 546 238 57 service
1498 547 381 59 association
1911 548 66 57 of
2008 548 103 59 the
2141 549 237 59 United

367 623 232 70 States,
634 624 166 57 1925.

472 736 10 18 x,
507 701 81 44 148
608 715 40 39 p.
707 701 57 45 20
770 705 47 17 cm
822 737 9 8 .

435 757 101 45 The
560 757 348 54 interpretation
935 761 88 43 and
1052 759 315 52 development
1390 760 50 44 of
1467 759 201 45 masonic
1697 761 213 52 symbols,
1973 761 57 52 cf.
2066 762 124 44 Pref.

367 814 52 54 ©
447 817 110 43 Dec.
588 816 63 51 10,
681 815 129 53 1925;
839 817 65 42 2c.
931 818 111 42 Dec.
1075 818 73 51 11;
1177 819 79 42 aff.
1286 818 108 43 Dec.
1427 817 74 53 17;
1532 819 44 42 A
1603 817 190 53 872909;
1825 820 208 43 Masonic
2062 819 170 44 service
2261 835 104 28 assn.

437 874 51 43 of
530 874 76 44 the
647 874 172 45 United
865 872 164 48 States.
1100 875 216 55 (26-333)

370 975 259 73 Clough,
672 975 49 58 O
1038 975 68 59 L.

444 1066 280 58 Athletic
773 1066 270 73 injuries
1096 1069 125 57 and
1269 1067 165 59 their
1485 1071 359 70 treatment,
1894 1069 85 73 by
2027 1069 110 57 Dr.
2191 1070 68 58 O.
2313 1071 67 56 L.

366 1144 1993 154 Clough … and O. H. Glimstead … [New York, The Denver chemical mfg. co., c 1925]
436 1300 55 46 47
525 1317 40 39 p.
626 1301 116 45 illus.
807 1302 52 45 18½cm.

439 1360 213 44 Lettered
684 1375 58 29 on
773 1374 161 29 cover:
968 1358 327 54 Compliments
1324 1360 51 44 of
1405 1360 77 43 the
1514 1362 183 42 Denver
1727 1359 219 45 chemical
1975 1360 113 53 mfg.
2121 1375 65 30 co.

368 1415 53 56 ©
457 1418 114 53 Apr.
603 1418 67 51 23,
711 1416 104 46 1925;
878 1417 64 44 2c.
979 1417 87 44 and
1101 1418 79 44 aff.
1217 1418 112 53 Apr.
1366 1418 55 43 28;
1484 1418 44 43 A
1564 1416 164 47 823935;
1794 1420 183 43 Denver
2015 1419 216 45 chemical
2265 1419 114 54 mfg.

438 1489 80 38 co.,
555 1475 119 44 New
706 1476 144 43 York.
920 1474 216 55 (26-440)

371 1573 418 71 Co á n, Blair.
446 1665 129 58 The
613 1666 113 57 red
759 1666 163 71 web;
961 1684 80 39 an
1077 1666 452 73 underground
1566 1665 284 73 political
1882 1665 251 73 history
2170 1665 69 59 of
2273 1667 104 58 the

366 1743 239 60 United
631 1744 213 59 States
870 1744 169 58 from
1064 1746 149 57 1918
1238 1746 63 56 to
1328 1744 103 58 the
1457 1746 259 70 present
1740 1744 168 74 time,
1936 1745 281 73 showing
2240 1746 139 57 how

368 1824 163 57 close
563 1823 104 58 the
697 1826 413 70 government
1136 1824 54 56 is
1222 1826 63 55 to
1316 1824 290 70 collapse,
1637 1824 124 57 and
1788 1824 134 58 told
1949 1822 67 58 in
2044 1843 79 38 an
367 1825 1987 134 understandable

365 1900 1990 140 way. By Blair Co á n. Chicago, Ill., The Northwest
548 1980 366 74 publishing
942 1999 308 55 company
1279 2010 13 44 [
1294 1987 18 21 c
1317 1981 165 73 1925]

439 2060 1192 55 3 p. l., 5-301 p. front., ports., facsims. 20 cm .
370 2115 1811 56 © Oct. 8, 1925; 2c. and aff. Oct. 10; A 869326; B. Co á n, Chicago,
449 2174 216 55 (26-277)

372 2275 227 69 Cohen,
636 2273 208 58 Louis.

448 2365 502 58 Reminiscences
997 2365 67 57 of
1110 2364 492 73 Johannesburg
1647 2364 47 56 &
1739 2364 278 57 London.
2103 2364 279 73 London,

371 2446 239 56 Robert
641 2443 251 58 Holden
924 2443 48 56 &
1005 2462 106 53 co.,
1146 2443 111 56 ltd.
1296 2443 181 73 [1924]

442 2523 19 41 1
495 2536 42 29 V.

370 2571 1960 60 © 1c. Feb. 11, 1925; A ad int. 6653; pubd. Dec. 13, 1924; L. Cohen, ℅
442 2636 172 44 Robert
653 2635 200 52 Holden,
893 2634 201 44 London.

374 2735 306 75 Colligan,
718 2737 217 59 James
969 2736 76 58 A.

368 2819 1987 160 Latin prosody in Latin and English, by James A. Colligan, S . J.
752 2906 147 73 [San
927 2905 362 73 Francisco,
1315 2912 19 23 c
1338 2906 164 71 1925]

444 2987 23 43 3
497 3002 39 37 p.
563 2987 42 51 l.,
634 2983 105 47 5-71
769 3001 40 37 p.
870 2985 55 44 20
931 2988 47 17 cm
985 3021 8 8 .

371 3041 52 54 ©
453 3042 119 44 Nov.
601 3043 64 49 28,
701 3040 129 53 1925;
861 3043 63 42 2c.
955 3042 87 43 and
1069 3042 79 43 aff.
1180 3042 109 42 Dec.
1323 3039 47 53 5;
1402 3041 44 42 A
1475 3038 190 53 875380;
1697 3041 39 52 J.
1769 3040 56 43 A.
1858 3037 221 54 Colligan,
2115 3036 92 48 San
442 3035 1918 109 Francisco.
646 3098 216 54 (26-317)

375 3198 281 74 Coquiot,
695 3200 294 70 Gustave,
1029 3200 191 56 1865-

516 3284 1720 77 … Maurice, Utrillo, V. Paris, A. Delpeuch [ c 1925]
447 3367 975 55 125 p., 1 l. 6 pl. (incl. ports.) 19 cm .
372 3419 1810 59 © Jan. 29, 1925; 1c. Feb. 25; A—Foreign 26743; André Delpeuch.
451 3481 244 55 (26-3008)

373 3581 214 69 Corra,
624 3581 231 56 Bruno.

518 3666 1868 76 … El toro, novela de amor y de aventuras de la época
374 3744 2006 80 de los Borgia; version espa ñ ola de Emilio G ó mez de
374 3825 1293 76 Miguel. Barcelona, B. Bauz á [ c 1925]
443 3904 973 56 270 p., 1 l. 19 cm. (Coleccion ideal)
375 3956 1810 59 © Feb. 26. 1925; 1c. Oct. 21; A— Foreign 28870; Bartolomé Bauz á .
454 4018 242 55 (26-2483)
