2533 4412
1315 4054 110 55 956

372 476 2007 79 Chalmers … illustrated by John Goss. Boston, L. C.
367 556 174 74 Page
575 555 49 60 &
655 574 310 55 company
1003 586 13 44 [
1018 565 20 22 c
1041 558 165 73 1925]

440 633 960 55 5 p. l ., 347 p. front., plates. 19½ m .
369 691 56 55 ©
453 692 120 53 Sept.
598 693 38 50 9,
664 690 104 45 1925;
820 692 65 43 2c.
914 691 120 53 Sept.
1064 692 74 53 14;
1166 692 79 44 aff.
1275 692 120 54 Sept.
1425 694 75 52 12;
1527 695 44 42 A
1596 693 190 54 861780;
1815 696 49 43 L.
1893 694 49 46 C.
1971 696 129 54 Page
2123 697 38 43 &
2186 710 79 37 co.,
2295 695 83 45 inc.

449 747 274 57 (25-17585)

369 847 459 75 Chamberlain,
872 849 215 59 James
1128 848 327 74 Franklin,
1498 852 191 58 1869-

443 940 291 74 Oceania,
763 962 36 37 a
826 942 518 72 supplementary
1368 942 387 74 geography,
1781 944 83 72 by
1889 943 219 60 James
364 944 1990 133 Franklin

497 1019 1809 73 Chamberlain … and Arthur Henry Chamberlain …
363 1097 155 58 New
539 1097 193 73 York,
759 1097 130 58 The
917 1096 363 59 Macmillan
1307 1116 326 58 company,
1661 1099 167 57 1925.

435 1178 62 49 ix,
547 1176 78 45 172
667 1191 40 39 p.
769 1176 133 53 illus.,
947 1191 140 38 maps.
1151 1178 52 43 19
1208 1178 47 17 cm
1262 1211 8 8 .
1340 1175 292 55 (Half-title:
1681 1176 100 46 The
1825 1178 255 45 continents
2126 1179 86 45 and
2258 1178 117 46 their

363 1232 183 55 people)

367 1287 2013 58 © Sept. 1, 1925; 2c. and aff. Sept. 2; A 861668; Macmillan co. [© new
439 1348 89 43 and
561 1346 177 44 revised
771 1345 222 53 material]
1065 1343 273 57 (25-17366)

369 1446 137 61 Chu
543 1444 404 63 Chia-Chien.

514 1540 1863 75 … Le jeu de mah-jong tel qu’il est joué par les Chinois
376 1621 295 73 (Préface
701 1622 74 57 de
803 1618 234 59 Lucien
1069 1618 380 75 Corpechot)
1525 1620 209 71 Paris,
1757 1616 299 64 Éditeurs
2087 1621 290 76 associés,

367 1701 167 57 1924.

443 1776 581 54 142 p., 1 l. 17 x 13 cm .
436 1837 66 44 At
530 1837 116 45 head
672 1835 51 46 of
753 1832 99 48 title
868 1850 8 29 :
906 1832 439 46 Tchou-Kia-Kien.

368 1889 54 55 ©
450 1892 100 52 Jan.
583 1890 63 52 10,
678 1888 131 54 1925;
870 1905 35 27 1c.
935 1888 108 44 Feb.
1071 1888 78 53 20;
1181 1888 45 43 A
1228 1887 262 53 —Foreign
1519 1887 163 53 27617;
1714 1889 111 44 Aux
1856 1889 195 45 éditeurs
2081 1891 212 44 associés.

447 1945 273 58 (25-16738)

368 2047 235 74 Colum,
645 2046 289 74 Padraic,
976 2049 192 57 1881-

445 2142 203 57 Three
691 2141 214 73 plays:
953 2140 130 57 The
1125 2139 287 59 fiddler’s
1455 2140 214 73 house,
1716 2140 129 57 The
1889 2141 167 72 land,
2105 2141 272 60 Thomas

365 2220 357 73 Muskerry,
753 2220 83 72 by
866 2217 277 60 Padraic
1176 2218 236 59 Colum.
1483 2218 154 58 Rev.
1673 2219 93 57 ed.
1838 2219 154 58 New
2020 2219 192 74 York,
2248 2220 130 59 The

365 2298 363 58 Macmillan
764 2316 326 53 company,
1128 2298 166 56 1925.

434 2377 79 43 viii
543 2391 54 38 p.,
627 2376 24 44 3
700 2410 21 15 l.,
772 2374 154 55 [5]-239
955 2389 40 38 p.
1053 2374 56 44 20
1115 2377 46 18 cm
1168 2409 9 9 .

366 2431 55 55 ©
457 2432 120 54 Sept.
611 2433 38 52 8,
685 2431 131 53 1925;
850 2432 64 43 2c.
947 2432 88 43 and
1066 2431 79 43 aff.
1183 2430 121 53 Sept.
1337 2431 50 51 9;
1422 2431 44 42 A
1498 2430 190 52 864482;
1727 2431 51 43 P.
1816 2430 175 54 Colum,
2026 2432 118 44 New
2179 2432 198 54 Canaan,

439 2489 141 45 Conn.
645 2487 67 55 [©
736 2504 101 28 new
860 2489 88 42 and
974 2488 177 43 revised
1176 2487 222 53 material]
1470 2485 272 56 (25-17470)

368 2590 222 72 Cooke,
630 2590 215 59 James
884 2587 282 60 Francis.

447 2683 324 58 Standard
796 2681 251 72 history
1077 2680 68 57 of
1173 2680 230 71 music;
1437 2700 38 37 a
1502 2679 144 59 first
1671 2680 251 73 history
1948 2681 109 57 for
2087 2684 287 57 students

367 2765 67 54 at
476 2762 85 56 all
602 2779 168 53 ages.
853 2760 351 70 Forty-two
1245 2758 366 57 illustrated
1656 2761 178 69 story
1875 2759 243 57 lessons
2160 2758 66 57 in
2269 2760 104 58 the

366 2839 440 71 development
832 2837 70 57 of
924 2835 265 58 musical
1217 2838 120 70 art,
1367 2836 278 71 adapted
1670 2836 107 57 for
1801 2836 355 73 beginners,
366 2838 1988 137 musical

497 2917 192 71 clubs,
725 2914 254 72 private
1014 2913 312 72 teaching,
1365 2913 341 57 classwork
1741 2914 124 57 and
1903 2915 258 72 general
364 2916 1987 152 reading,

531 2993 325 72 including
897 3010 81 38 an
1020 2990 318 73 appendix
1378 3009 170 53 upon
1591 2991 136 56 club
1770 2990 437 74 organization
2251 2993 124 57 and

364 3073 461 71 management,
855 3069 294 72 together
1172 3068 154 57 with
1355 3088 38 37 a
1418 3087 147 52 map
1598 3068 69 57 of
1694 3068 265 57 musical
1988 3068 275 73 Europe,
2292 3069 84 72 by

364 3150 218 59 James
623 3148 266 58 Francis
933 3146 223 60 Cooke.
1237 3145 461 74 Philadelphia,
1740 3146 325 58 Theodore
2107 3147 269 58 Presser

365 3246 308 54 company
709 3227 181 74 [1925]

434 3305 59 50 vi,
525 3304 139 44 7-282
690 3319 39 37 p.
790 3302 132 52 illus.,
953 3309 154 45 ports.,
1139 3301 96 44 fold.
1278 3315 117 37 map,
1426 3299 155 44 music.
1640 3300 55 44 20
1703 3303 46 17 cm
1756 3336 8 8 .

366 3359 53 54 ©
457 3360 121 53 Sept.
617 3360 61 52 16,
717 3358 103 46 1925;
882 3360 64 42 2c.
983 3359 88 43 and
1105 3358 79 43 aff.
1223 3357 121 52 Sept.
1377 3357 52 45 21;
1496 3357 44 42 A
1574 3355 166 46 864683;
1802 3355 242 46 Theodore
2081 3357 190 43 Presser
2305 3371 66 29 co.

440 3412 1182 59 [© lessons XLI and XLII, pages 235-254 incl.]
365 3502 431 73 Coudenhove,
834 3502 196 57 Hans.

437 3592 111 73 My
577 3592 270 58 African
877 3591 340 73 neighbors;
1280 3608 165 54 man,
1475 3589 161 73 bird,
1670 3589 124 57 and
1821 3589 179 57 beast
2030 3588 65 57 in
359 3588 1984 154 Nyasaland,

573 3664 1793 78 by Hans Coudenhove … Boston, Little, Brown,
360 3749 123 59 and
510 3766 324 55 company,
863 3748 166 57 1925.

426 3829 92 51 xiv,
547 3827 78 45 245
656 3843 39 37 p.
757 3826 124 45 front.
922 3825 168 55 (port.)
1125 3824 157 54 plates.
1343 3825 53 42 22
1403 3826 47 18 cm
1457 3858 8 9 .

430 3885 153 44 “First
607 3884 271 52 impression
905 3883 278 53 September,
1212 3879 144 46 1925.”

365 3940 53 54 ©
447 3941 121 53 Sept.
598 3942 33 48 1,
660 3938 102 45 1925;
817 3940 63 43 2c.
906 3940 88 43 and
1015 3939 82 43 aff.
1125 3937 122 53 Sept.
1272 3938 50 49 4;
1351 3937 44 42 A
1420 3934 162 46 861675;
1640 3935 149 51 Little,
1817 3935 183 52 Brown,
2024 3935 88 43 and
2136 3949 231 38 company.

444 3996 272 57 (25-17364)
