2533 4412
1048 4059 148 56 1255

132 400 308 74 Stockley,
477 399 287 75 Cynthia.

208 479 199 57 Three
459 479 233 70 farms;
744 498 35 38 a
831 482 177 68 story
1059 479 68 56 of
1179 477 198 58 South
1431 477 241 73 Africa,
1725 479 82 71 by
1862 476 268 73 Cynthia

132 554 1999 74 Stockley … New York & London, G. P. Putnam’s sons,
127 636 163 55 1925.

201 710 550 55 1 p. l., 175 p. 19½ cm .
127 766 1997 55 © Oct. 23, 1925; 2c. and aff. Oct. 31; A 872227; C. Stockley, ℅ James B.
199 825 182 53 Pinker,
412 825 200 44 London.
682 823 271 56 (25-21774)

129 910 281 71 Stryker,
449 909 210 59 Mabel
694 911 71 57 F.

202 986 1927 73 Little dog Ready at home, by Mabel F. Stryker … with
126 1066 419 58 illustrations
578 1065 84 72 by
693 1065 192 73 Hugh
921 1065 291 71 Spencer.
1288 1065 153 56 New
1474 1065 191 70 York,
1700 1067 78 56 H.
1818 1067 154 58 Holt
2007 1068 123 57 and

126 1163 320 53 company,
485 1145 165 57 1925.

195 1220 949 55 4 p. l ., 3-205 p. front., illus. 20cm.
127 1264 1855 68 © Oct. 1 , 1925; 2c. and aff. Oct. 10; A 869278; Henry Holt and co.
205 1334 269 55 (25-21281)

130 1421 204 73 Swift,
374 1422 339 71 Jonathan,
754 1423 359 58 1667-1745.

202 1499 342 60 Gulliver’s
573 1500 246 60 .travels
860 1500 97 72 [by]
1013 1499 325 58 Jonathan
1378 1497 204 75 Swift,
1621 1499 150 58 with
1812 1519 79 38 an
125 1500 1970 136 introduction
423 1579 82 71 by
550 1576 78 58 H.
678 1577 67 57 L.
795 1577 318 57 Mencken.
1197 1577 152 57 New
1393 1576 191 72 York,
1631 1577 75 57 A.
1753 1578 76 58 A.
1878 1578 243 73 Knopf,

125 1657 165 57 1925.

190 1734 840 55 3 p. l ., v-xxii, 363, [1] p. 21½cm.
126 1791 52 53 ©
215 1793 101 43 Oct.
355 1792 63 51 16,
458 1790 129 53 1925;
622 1792 66 42 2c.
726 1791 87 43 and
849 1792 78 42 aff.
967 1791 101 43 Oct.
1105 1791 77 51 24;
1222 1791 43 41 A
1303 1789 189 53 872236;
1532 1791 168 43 Alfred
1735 1792 57 43 A.
1830 1791 171 53 Knopf,
2041 1792 83 44 inc.

198 1847 65 55 [©
294 1847 317 53 introduction]
683 1846 299 55 (25-21914).

129 1934 361 70 Tammann,
520 1933 243 59 Gustav
790 1931 305 58 Heinrich
1121 1932 254 59 Johann
1401 1930 290 75 Apollon,
1723 1935 189 56 1861-

201 2011 129 58 The
360 2014 204 55 states
599 2010 68 58 of
700 2010 412 73 aggregation;
1178 2008 104 60 the
1317 2008 269 75 changes
1618 2009 65 58 in
1715 2009 104 59 the
1857 2013 163 56 state
2054 2010 68 60 of

122 2089 1994 152 matter in their dependence upon pressure and temperature, by Gustav Tammann … Authorized translation
122 2247 168 57 from
338 2246 104 58 the
493 2246 226 56 second
771 2243 274 60 German
1096 2243 254 77 edition,
1398 2244 84 71 by
1529 2244 238 58 Robert
1814 2244 303 58 Franklin

125 2322 1660 74 Mehl … New York, D. Van Nostrand co., 1925.
194 2402 62 52 xi,
287 2402 80 45 297
397 2418 41 37 p.
499 2402 129 45 illus.,
659 2403 167 51 diagrs.
888 2402 53 42 22
947 2402 47 18 cm
1002 2435 7 7 .
1125 2398 125 55 $5.00

126 2459 52 53 ©
208 2460 120 52 Sept.
353 2461 66 50 26,
449 2458 130 53 1925;
608 2460 64 42 2c.
701 2459 102 43 Oct.
831 2459 77 50 24;
938 2458 79 43 aff.
1046 2458 102 44 Oct.
1175 2458 79 49 23;
1284 2459 43 41 A
1356 2455 190 54 869726;
1578 2459 56 42 D.
1663 2458 104 43 Van
1795 2458 237 44 Nostrand
2058 2473 65 29 co.

203 2516 270 55 (25-21390)

127 2586 423 74 Trowbridge,
583 2589 151 56 Mrs.
773 2586 307 58 Gertrude
1115 2586 186 72 Mary
1342 2585 366 72 (Sherman)
1755 2587 188 58 1867-

199 2666 204 57 Those
437 2664 245 58 Wilson
718 2663 310 71 children;
1067 2683 35 37 a
1138 2664 126 57 tale
1302 2663 66 57 of
1404 2662 501 58 harum-scarum
1942 2664 178 73 days,

121 2745 83 71 by
237 2743 310 59 Gertrude
587 2742 61 59 S.
686 2741 425 73 Trowbridge,
1146 2741 378 57 illustrated,
1542 2741 83 71 by
1659 2740 244 72 Joseph
122 2739 1974 155 Cummings
359 2820 218 59 Chase.
647 2820 151 57 New
827 2819 190 71 York,
1049 2817 272 74 Chicago
1355 2821 146 70 [etc.]
1534 2818 290 73 Fleming
1849 2818 80 57 H.
124 2820 1973 137 Revell
226 2917 307 53 company
562 2928 11 43 [
577 2906 18 23 c
599 2899 164 71 1925]

195 2975 984 57 4 p. l ., 11-185 p. front., illus. 19½ cm .
125 3034 52 53 ©
207 3036 119 52 Aug.
361 3033 60 51 15,
456 3033 129 52 1925;
613 3034 66 43 2c.
709 3034 86 42 and
824 3033 79 43 aff.
935 3033 102 43 Oct.
1072 3032 74 51 14;
1179 3033 43 41 A
1253 3029 188 53 869447;
1476 3030 209 54 Fleming
1716 3032 62 42 H.
1811 3032 160 42 Revell
2001 3047 65 28 co·.

203 3089 270 57 (25-21259)

125 3161 141 57 Van
302 3160 198 71 Hook,
539 3158 249 73 Weller,
830 3162 189 57 1862-

191 3238 295 73 Voyages
523 3239 111 72 [by]
667 3238 235 58 Weller
935 3237 142 58 Van
1107 3236 199 57 Hook.
1393 3234 290 74 Chicago,
1720 3236 130 58 The
1883 3235 242 73 Rajput

123 3336 179 53 press
337 3345 13 43 [
352 3325 18 21 c
375 3316 164 71 1925]

193 3392 538 54 3 p. l ., 222 p. 20 cm .
196 3451 125 44 “The
349 3450 202 53 musings
577 3449 154 52 joined
757 3450 207 52 together
990 3450 108 42 here
1123 3462 120 29 were
1273 3447 182 43 written
1484 3448 146 43 down,
1659 3447 75 43 for
1758 3447 74 43 the
1862 3456 121 34 most
2012 3455 114 43 part,

125 3523 57 29 on
212 3524 25 27 a
269 3507 270 53 pilgrimage
568 3507 43 42 in
642 3506 208 44 nineteen
880 3505 203 44 hundred
1113 3505 89 43 and
1234 3504 193 44 thirteen
1457 3512 48 36 to
1534 3502 175 46 shrines
1742 3505 87 42 and
1861 3503 107 53 holy
2002 3513 123 42 spots

126 3566 43 42 in
199 3563 182 53 Europe
408 3563 89 44 and
524 3561 157 45 Asia.”

125 3620 52 53 ©
204 3621 118 53 Aug.
348 3621 66 48 24,
447 3618 129 53 1925;
607 3620 63 42 2c.
697 3620 86 42 and
812 3619 77 43 aff.
918 3620 120 51 Aug.
1066 3619 77 48 31;
1175 3618 43 42 A
1247 3617 161 44 861613;
1467 3618 175 53 Rajput
1669 3632 137 37 press.

205 3675 269 57 (25-21400)

127 3745 301 75 Walpole,
468 3746 209 73 Hugh,
717 3749 189 57 1884-

201 3824 286 58 Portrait
522 3825 68 56 of
623 3844 36 38 a
692 3845 143 37 man
869 3823 147 58 with
1052 3825 113 56 red
1197 3824 172 69 hair;
1406 3844 35 36 a
1477 3822 307 59 romantic
1817 3821 307 69 macabre,

125 3902 83 71 by
248 3902 190 70 Hugh
479 3901 303 72 Walpole.
867 3902 153 57 New
1059 3901 192 67 York,
1295 3900 243 72 George
1579 3900 80 58 H.
1706 3900 216 57 Doran
127 3916 1969 136 company
327 4010 13 42 [
344 3989 17 21 c
364 3981 165 71 1925]
