2533 4412
1020 4041 149 57 1371

112 380 266 68 Bromm,
415 380 236 56 Emma.

185 471 217 71 Ernte,
445 471 283 72 gedichte
768 490 124 38 von
933 472 222 56 Emma
1197 472 273 56 Bromm.
1554 474 150 56 New
1744 473 172 57 York
1958 472 143 73 city,

109 550 129 57 The
265 548 461 59 International
753 567 168 40 news
949 567 324 53 company,
1303 550 164 55 1925.

176 625 703 52 93 p. front. (port.) 17 cm .
105 677 55 54 ©
191 681 118 41 Nov.
345 681 63 49 11,
443 679 103 43 1925;
605 681 64 42 2c.
699 681 86 42 and
815 681 80 42 aff.
928 681 119 43 Nov.
1083 681 72 50 13;
1189 681 43 41 A
1263 678 191 54 875059;
1488 681 51 45 E.
1575 682 200 52 Bromm,
1809 683 291 50 Morsemere,

178 737 59 41 N.
275 737 40 52 J.
385 735 268 54 (25-23848)

110 836 407 56 Bustamante
546 853 42 56 y
617 834 241 73 Sirvén,
887 834 278 60 Antonio
1197 834 280 60 Sanchez
1505 836 91 69 de,
1632 839 189 57 1865-

181 927 128 57 The
344 928 221 58 World
602 932 195 65 court,
833 929 84 69 by
950 928 276 57 Antonio
1265 927 279 59 Sanchez
1581 930 73 56 de
1690 930 415 57 Bustamante

173 1005 1933 74 … translated by Elizabeth F. Read. New York city,
103 1083 347 58 Presented
478 1085 82 70 by
588 1085 103 55 the
722 1083 337 58 American
1090 1082 377 59 foundation
1498 1084 274 72 through
1804 1085 105 58 the
101 1086 1982 132 Macmillan

350 1179 306 53 company
693 1161 201 72 [c1925]

173 1254 109 36 XXV,
320 1237 80 46 379
439 1253 38 37 p.
537 1238 53 43 22½
625 1241 47 17 cm
679 1273 8 8 .

175 1295 328 53 Bibliography:
568 1309 40 38 p.
649 1295 205 44 323-352.

103 1351 53 54 ©
189 1354 119 42 Nov.
343 1352 60 51 17,
440 1351 129 52 1925;
601 1353 64 42 2c.
697 1353 87 42 and
813 1353 79 42 aff.
926 1353 119 43 Nov.
1081 1353 73 51 18;
1189 1353 43 41 A
1264 1351 190 53 875128;
1490 1354 157 44 Amer,
1681 1354 277 45 foundation.

184 1408 268 56 (25-23295)

107 1510 166 71 Cage
301 1511 174 57 birds
506 1513 123 55 and
656 1511 144 57 bird
826 1512 212 56 world,
1107 1530 57 37 v.
1195 1513 90 69 48,
1317 1530 96 37 no.
1448 1513 165 70 1239,
1648 1512 129 57 Oct.
1813 1514 88 70 10,
1935 1513 164 55 1925.

104 1597 1881 54 © 1c. Dec. 5, 1925; A ad int. 7513; pubd. Oct. 10; F. Carl, London.
107 1712 211 73 Camp,
358 1712 255 59 Samuel
648 1713 302 72 Granger,
991 1715 189 57 1877-

179 1804 129 56 The
347 1804 277 71 angler’s
662 1804 347 68 handbook,
1050 1825 35 37 a
1122 1803 306 68 practical
1463 1803 255 56 manual
1758 1823 78 38 on
1874 1803 232 75 fishing

99 1879 2007 75 in fresh water, by Samuel G. Camp … photographs by
100 1959 105 58 the
233 1960 228 57 author
491 1961 123 56 and
643 1959 231 57 others.
941 1957 353 73 Columbus,
1374 2004 31 26 O.,
1425 1959 130 57 The
1586 1959 518 59 Hunter-trader-

101 2042 265 68 trapper
401 2057 86 38 co.
529 2068 13 43 [
543 2047 20 21 c
567 2038 164 72 1925]

169 2117 77 43 201
283 2132 39 37 p.
383 2115 115 45 illus.
562 2116 49 43 18½cm.

102 2171 1996 55 © Oct. 21, 1925; 2c. and aff. Nov. 14; A 872457; Hunter-trader-trapper co.
181 2229 269 55 (25-23897)

105 2327 273 73 Chaffee,
415 2328 201 57 Allen.

173 2418 309 71 Brownie,
511 2418 103 56 the
645 2418 293 72 engineer
966 2418 66 57 of
1059 2418 247 57 Beaver
1330 2417 228 71 Brook,
1586 2419 82 70 by
1693 2418 186 58 Allen
98 2417 1975 136 Chaffee;
251 2496 421 57 illustrations
699 2497 111 72 [by]

838 2496 160 57 Paul
1019 2496 310 71 Branson,
1355 2496 263 57 borders
1645 2498 112 72 [by]
1780 2497 97 57 W.
97 2497 1973 136 Prentice
262 2574 287 72 Phillips.
636 2573 400 74 Springfield,
1085 2574 213 73 Mass.,
1345 2573 226 59 Milton
1614 2574 280 73 Bradley
97 2593 1973 133 company
299 2683 13 43 [
314 2661 18 21 c
337 2655 164 71 1925]

167 2731 843 55 vi p., 1 l., 99, [1] p. illus. 24 cm .
100 2786 1996 55 © Oct. 19, 1925; 2c. Nov. 9; aff. Nov. 12; A 87241 6; Milton Bradley co.
180 2844 269 54 (25-23506)

103 2945 184 68 Cobb,
327 2944 179 58 Irvin
543 2943 429 73 Shrewsbury,
1014 2946 187 56 1876-

175 3036 195 71 Many
412 3035 223 72 laughs
681 3034 105 58 for
826 3053 191 54 many
1061 3034 189 71 days;
1298 3033 263 58 another
1602 3038 216 68 year’s
1865 3034 229 74 supply

108 3113 168 71 (365)
329 3112 67 58 of
434 3113 98 57 his
573 3112 275 58 favorite
895 3111 228 58 stories
1165 3130 69 38 as
1276 3111 133 58 told
1448 3111 85 72 by
1573 3112 177 57 Irvin
1795 3112 61 59 S.
1904 3112 187 60 Cobb.

96 3192 152 58 New
273 3191 190 72 York,
494 3189 242 75 George
766 3191 78 57 H.
875 3190 216 57 Doran
1121 3208 307 54 company
1458 3219 14 44 [
1472 3197 20 23 c
1495 3190 164 74 1925]

163 3288 33 26 X
222 3287 53 37 p.,
305 3274 18 42 1
386 3306 8 14 l.,
424 3271 158 44 13-243
609 3286 39 37 p.
709 3271 51 43 22
768 3273 47 17 cm
821 3304 10 8 .

100 3324 1996 56 © Nov. 6, 1925; 2c. Nov. 14; aff. Nov. 13; A 872439; George H. Doran co.
180 3384 268 53 (25-23244)

102 3469 245 71 Collier,
384 3467 251 59 Robert.

176 3561 129 56 The
333 3560 161 57 book
524 3558 68 57 of
619 3558 113 57 life
766 3559 111 71 [by]
913 3558 237 56 Robert
1184 3555 245 59 Collier.
1514 3557 457 74 Autographed
2004 3561 91 58 ed.

97 3639 152 56 New
277 3637 190 71 York,
500 3636 72 57 R.
612 3635 230 59 Collier
879 3664 13 42 [
892 3643 20 21 c
916 3635 165 71 1925]

167 3713 304 46 7 v. 17 ½ cm .
169 3772 235 45 “Number
434 3769 122 46 700.”

438 3825 1661 55 CONTENTS. — v. 1. The world’s greatest discovery. The genie-of-your-
98 3888 236 43 mind.—v.
369 3892 37 37 2.
437 3884 99 43 The
568 3883 161 53 primal
761 3897 145 29 cause.
968 3880 296 45 Desire—the
1295 3882 100 43 first
1427 3883 86 43 law
1545 3882 52 45 of
1629 3884 219 53 gain.—v.
1882 3891 38 36 3.
98 3884 1978 104 Aladdin
213 3944 37 44 &
286 3956 231 38 company.

581 3939 84 46 See
701 3938 207 54 yourself
945 3937 137 53 doing
1121 3938 46 43 it.
1229 3938 93 44 “As
1360 3954 26 29 a
1423 3953 104 29 man
1566 3940 248 44 thinketh.”
1874 3940 100 47 The
2011 3941 86 45 law
