2533 4412
1304 4089 111 57 360

358 406 392 73 Walkowitz,
782 406 343 75 Abraham,
1163 410 189 57 1880-

438 501 131 59 One
619 502 289 58 hundred
960 501 318 74 drawings
1332 504 83 71 by
1466 503 77 57 A.
1596 501 402 73 Walkowitz;
358 502 1989 136 introductions
550 580 84 72 by

658 579 221 74 Henry
905 580 316 72 McBride,
1248 582 171 57 John
1442 580 331 73 Weichsel,
1803 581 259 60 Charles
2088 580 279 74 Vildrac,

357 658 271 59 Willard
654 658 403 73 Huntington
1079 658 273 74 Wright.
1435 659 154 59 New
1612 659 193 73 York,
1831 661 72 59 B.
1929 660 96 59 W.
2053 661 314 73 Huebsch,

357 737 138 71 inc.,
528 739 166 58 1925.

430 818 55 42 22
511 832 53 37 p.,
597 819 18 41 1
645 816 26 44 1.
699 815 102 46 incl.
831 816 125 44 front.
997 816 171 52 (port.)
1240 816 81 44 100
1345 832 57 37 pl.
1462 817 53 44 28
1524 819 46 18 cm
1577 853 8 8 .

361 869 53 55 ©
439 872 100 53 Jan.
570 871 62 54 15,
665 871 130 55 1925;
823 874 65 42 2c.
917 872 120 44 Mar.
1069 871 74 54 16;
1173 871 79 44 aff.
1282 872 119 43 Mar.
1435 871 73 54 13;
1539 871 44 44 A
1611 870 190 56 822437;
1834 875 51 42 B.
1912 874 76 44 W.
2018 874 232 53 Huebsch,
2282 876 83 45 inc.

440 928 244 55 (25-7914)

357 1014 307 74 Webster,
699 1016 262 71 Hutton,
996 1017 190 56 1875-

437 1094 1931 74 Early European history, by Hutton Webster … Rev.
363 1177 92 56 ed.
532 1174 260 73 Boston,
833 1174 154 58 New
1021 1173 176 58 York
1255 1177 129 70 [etc.]
1428 1173 73 57 D.
1545 1172 64 60 C.
1650 1174 214 59 Heath
1903 1177 123 57 and
2065 1194 305 54 company

371 1253 188 72 [ c 1925]
429 1331 131 51 xxxi,
589 1332 78 43 681
698 1347 39 37 p.
798 1329 154 51 front.,
979 1331 134 51 illus.,
1142 1330 143 53 plates
1322 1331 47 51 (1
1401 1330 113 53 col.)
1550 1337 142 47 ports,
1719 1331 128 53 (part
1873 1332 110 52 col.)
2018 1346 140 39 maps.
2218 1334 54 45 20½
2307 1336 16 18 cm
2361 1369 9 11 .

431 1388 126 46 “The
589 1389 100 44 first
720 1389 166 45 twelve
919 1387 212 54 chapters
1164 1389 55 45 of
1252 1388 76 44 the
1361 1395 182 45 present
1574 1389 134 43 work
1739 1403 79 30 are
1850 1390 256 45 condensed
2140 1391 122 44 from
2296 1393 75 45 the

357 1447 202 46 author’s
601 1444 198 47 Ancient
839 1443 193 56 history.
1092 1444 101 46 The
1236 1443 256 56 remaining
1533 1445 209 54 chapters
1785 1463 77 29 are
1904 1447 146 53 taken,
2095 1448 111 45 with
2248 1466 123 32 some

359 1502 1926 57 modifications … from the author’s Medieval and modern history.”—Pref.
431 1561 329 55 “Suggestions
790 1561 74 45 for
892 1561 180 45 further
1100 1560 160 54 study”:
1317 1576 40 38 p.
1384 1559 247 46 xxi-xxxi.

361 1617 53 54 ©
448 1619 121 43 Mar.
602 1617 67 49 27,
708 1617 129 52 1925;
870 1618 66 43 2c.
970 1618 113 51 Apr.
1117 1617 51 52 2;
1204 1617 78 43 aff.
1318 1617 113 51 Apr.
1469 1618 47 50 1;
1552 1617 43 43 A
1629 1616 191 54 822741;
1859 1619 56 43 D.
1952 1618 48 45 C.
2038 1621 157 44 Heath
2229 1622 38 44 &
2299 1638 65 28 co.

447 1671 1062 57 [ © revision and new matter] (25-7871)
355 1760 158 71 Wei,
549 1759 194 75 Wing
776 1759 185 71 Lock,
999 1761 190 56 1892-

436 1839 131 59 The
596 1839 225 71 theory
849 1837 67 59 of
942 1837 145 56 mah
1114 1836 170 73 jong,
1314 1837 82 57 its
1425 1836 363 72 principles,
1816 1838 403 76 psychology,
357 1844 1991 147 tactics,

541 1916 357 73 strategies,
945 1916 124 57 and
1112 1914 121 57 fine
1278 1914 233 72 points,
1552 1913 324 76 including
1918 1917 103 58 the
2068 1920 303 71 complete

359 1992 2013 78 Chinese rules of play, by W. Lock Wei … assisted by Lam
356 2071 2018 78 Ping Leung … Boston, Small, Maynard & company
396 2154 164 72 [c1925]

427 2228 639 57 viii, 76 p. illus. 19½cm .
360 2288 53 54 ©
445 2290 119 44 Mar.
595 2288 68 52 25,
699 2287 103 45 1925;
862 2288 65 43 2c.
960 2287 88 44 and
1078 2287 80 43 aff.
1192 2287 120 42 Mar.
1345 2287 49 43 31;
1459 2286 44 42 A
1534 2283 166 47 823564;
1765 2285 153 52 Small,
1954 2288 229 53 Maynard
2215 2289 37 44 &
2283 2305 80 35 co.,

429 2347 82 43 inc.
583 2343 243 57 (25-8027)

354 2430 412 71 Wentworth,
800 2426 300 61 Patricia.

432 2502 1932 76 The Annam jewel, by Patricia Wentworth … Boston,
355 2586 215 73 Small,
600 2585 316 73 Maynard
943 2584 48 58 &
1021 2601 308 54 company
1357 2612 13 44 [
1372 2589 20 23 c
1395 2582 165 76 1925]

429 2663 548 57 2 p. l., 315 p. 19½ cm .
357 2722 55 54 ©
440 2723 113 52 Apr.
585 2724 34 49 1,
652 2720 130 54 1925;
813 2722 65 43 2c.
909 2721 87 43 and
1023 2720 79 44 aff.
1133 2719 112 52 Apr.
1275 2719 49 52 3;
1355 2718 44 43 A
1429 2715 189 55 822750;
1654 2716 159 54 Small,
1845 2719 228 53 Maynard
2103 2720 38 44 &
2169 2735 81 38 co.,
2280 2721 83 45 inc.

437 2777 245 58 (25-7939)

358 2848 380 72 Wilbrandt,
773 2846 253 60 Robert.

438 2928 410 71 Einführung
884 2926 66 56 in
990 2925 99 58 die
1172 2923 722 58 volkswirtschaftslehre,
1975 2925 98 57 bd.
2118 2927 49 54 2.
361 2925 1977 141 Geschichte

666 3007 114 56 der
851 3001 512 61 volkswirtschaft.
1438 3001 324 72 Stuttgart:
1828 3002 200 58 Ernst
2059 3002 305 60 Heinrich

358 3085 231 58 Moritz
634 3083 154 72 (inh.
828 3083 209 55 Franz
1073 3078 398 73 Mittelbach)
1518 3080 165 56 1924.

427 3159 456 55 xi, 146 p. 18½cm .
356 3211 2007 62 © Oct. 25, 1924; 1c. Feb. 9, 1925; A—Foreign 26811; Ernst Heinrich
429 3276 172 45 Moritz
645 3274 75 54 (F.
756 3271 297 54 Mittelbach)

358 3346 224 67 Wilde,
614 3346 195 58 Oscar
838 3341 257 73 Fingall
1123 3338 394 62 O’Flahertie
1547 3338 202 74 Wills,
1783 3342 359 59 1854-1900.

503 3415 1861 81 … Epistola: In carcere et vinculis; deutsch von Max
357 3501 371 74 Meyerfeld.
811 3497 238 67 Berlin,
1084 3496 60 59 S.
1178 3494 280 72 Fischer,
1489 3494 167 59 1925.

428 3575 751 60 5 p. l., 182, [1] p., 1 1. 23 ½cm .
428 3639 61 42 At
517 3636 120 44 head
663 3634 52 44 of
741 3633 100 44 title:
896 3631 150 45 Oscar
1072 3628 168 47 Wilde.

429 3692 331 54 “Ungekürzte
803 3688 274 53 urausgabe,
1123 3685 83 46 mit
1251 3684 348 55 genehmigung
1639 3702 93 28 von
1777 3686 151 45 Oscar
1971 3688 180 45 Wildes
2196 3692 137 43 erben;

357 3751 160 48 zweite
541 3749 70 46 bis
641 3746 178 47 sechste
850 3744 222 54 auflage.”

429 3810 221 42 Portions
677 3804 54 44 of
756 3804 77 44 the
859 3801 198 53 original
1084 3801 53 45 of
1163 3800 92 44 this
1281 3800 133 44 work
1439 3814 122 29 were
1589 3800 242 53 published
1858 3803 150 44 under
2033 3803 77 44 the
2136 3804 99 46 title
2264 3805 98 45 “De

357 3862 322 59 profundis”;.
700 3862 76 43 the
810 3857 264 47 remainder
1105 3872 110 51 was.
1234 3855 245 55 published
1515 3857 117 44 later
1667 3856 150 46 under
1848 3857 79 47 the
1960 3859 99 46 title
2094 3858 129 48 “The
356 3877 1984 100 suppressed

574 3919 185 55 portion
790 3917 53 44 of
875 3916 84 43 ‘De
991 3912 264 55 profundis’
1274 3914 37 43 ”.

359 3980 52 56 ©
446 3982 93 48 Jan.
572 3980 36 51 1,
641 3974 130 55 1925;
808 3975 48 44 1c
888 3976 133 43 .Mar.
1056 3973 75 53 11;
1165 3970 304 56 A—Foreign
1496 3970 163 56 26945;
1696 3971 45 49 S.
1773 3972 189 48 Fischer
1990 3974 172 57 verlag.

437 4034 244 40 (25-9050)
