2533 4412
0 0 0 0 1515
113 362 288 72 Berendt,
439 363 207 57 Ernst.

183 437 432 59 Mechanische
654 440 497 72 konserviernng
1190 441 107 56 des
1339 441 412 72 organischen
1792 443 308 72 düngers;

107 515 304 58 leitfaden
453 517 108 56 für
603 518 118 56 den
763 519 123 56 bau
928 536 123 39 von
1095 518 266 72 anlagen
1406 518 108 56 für
107 519 1966 147 harn-konservierung,

313 595 119 56 den
457 595 122 56 bau
602 595 369 58 neuzeitlich
994 595 439 72 hygienischer
1456 596 349 73 viehställe,
1832 599 119 56 den
1976 599 123 56 bau

107 673 127 56 und
284 672 97 57 die
436 672 395 73 einrichtung
880 672 469 73 geschlossener
1400 674 525 73 mistgärstätten,
1977 694 124 38 von

106 749 1712 75 Ernst Berendt … Neudamm, J. Neumann, 1925.
177 827 66 53 85,
273 831 52 46 [1]
355 844 39 39 p.
456 830 129 50 illus.,
613 831 23 43 3
667 829 106 47 fold.
802 831 57 52 pl.
918 831 54 43 22
979 832 45 17 cm
1033 865 7 6 .

109 883 1653 56 © Aug. 19, 1925; 1c. Oct. 29; A —Foreign 29073; J. Neumann.
188 941 242 55 (26-1159)

110 1025 162 70 Berl,
314 1025 382 73 Emmanuel,
739 1029 187 56 1892-

252 1102 1853 73 … M é ditation sur un amour défunt, par Emmanuel
104 1179 166 58 Berl.
354 1181 205 70 Paris,
590 1181 71 59 B.
694 1181 282 71 Grasset,
1009 1181 165 57 1925.

175 1256 1284 67 218 p., 1 l. 18 ½ cm . (“Les cahiers verts” … 58)
106 1313 1977 102 “Ce cinquante huitième cahier … a été tiré à six mille cent quatre-vingt-dix
219 1370 1883 55 exemplaires, dont … cint [!] cents exemplaires de presse, numérotés:
108 1426 1606 57 Exemplaires de presse 1 à 500 … Exemplaire de presse 65.”
103 1483 1799 56 © Sept. 30, 1925; 1c. Dec. 7; A— Foreign 29321; Bernard Grasset.
184 1542 241 54 (26-1294)

107 1623 194 60 Bible.
383 1626 284 72 English.

250 1703 1602 73 … The Holy Bible, containing the Old and New
103 1705 1972 133 Testaments
340 1781 334 73 according
703 1784 64 54 to
798 1781 104 57 the
933 1779 365 59 authorized
1327 1780 270 73 version,
1629 1781 289 73 together
1948 1781 151 57 with

107 1858 233 71 special
362 1859 179 71 helps
568 1859 105 57 for
699 1859 102 58 the
830 1859 252 60 student
1111 1859 67 57 of
1201 1878 317 52 masonry.
1585 1858 153 58 New
1760 1858 191 76 York,
103 1858 1972 137 Oxford
274 1937 354 72 university
653 1956 181 53 press;
895 1941 149 69 [etc.,
1073 1939 131 70 etc.,
1228 1947 20 21 c
1251 1937 165 75 1925]

171 2015 639 55 2 p. l., 1088, [7] p. 18 cm .
172 2075 62 45 At
259 2073 114 44 head
399 2073 50 45 of
473 2072 98 45 title:
625 2074 209 43 Masonic
859 2073 182 44 edition.

174 2130 159 43 Bound
361 2129 111 44 with
503 2128 86 45 this:
646 2128 100 45 The
778 2129 185 44 Oxford
993 2127 131 45 Bible
1154 2130 307 43 concordance
1494 2128 72 44 for
1596 2129 200 43 masonic
1826 2143 91 29 use.
1979 2129 117 43 New

101 2185 131 44 York
260 2193 111 45 [etc.,
400 2188 14 18 c
422 2184 118 48 1925]

173 2242 126 44 “The
334 2242 127 43 Bible
496 2243 87 42 and
617 2256 238 38 masonry;
892 2241 74 44 the
1000 2249 127 44 great
1162 2240 115 53 light
1312 2241 50 43 of
1398 2241 75 43 the
1508 2241 145 52 lodge,
1683 2242 63 51 by
1778 2240 169 53 Joseph
1983 2239 112 46 Fort

104 2298 222 44 Newton”
364 2296 50 55 (7
440 2313 38 37 p.
507 2306 46 35 at
578 2299 112 49 end)

104 2352 53 53 ©
190 2355 107 42 Dec.
331 2355 39 51 3,
405 2353 129 52 1925;
567 2355 63 42 2c.
665 2355 87 42 and
784 2354 78 42 aff.
897 2354 108 43 Dec.
1043 2354 72 50 11;
1153 2353 43 42 A
1232 2352 159 44 872871;
1458 2352 185 45 Oxford
1677 2352 250 54 university
1959 2368 142 37 press,

174 2411 243 44 American
455 2410 181 50 branch,
680 2411 118 43 New
836 2410 142 43 York.
1047 2408 272 55 (25-27770)

104 2493 394 71 Blackhurst,
535 2494 214 57 James
788 2492 286 59 Herbert.

179 2571 295 58 Directed
522 2571 402 58 observation
970 2571 123 57 and
1141 2570 370 73 supervised
1557 2568 310 74 teaching,
1912 2569 84 74 by
2039 2569 62 60 J.

102 2647 2001 75 Herbert Blackhurst … Boston, New York [etc.] Ginn and
104 2747 304 53 company
443 2758 13 43 [
457 2737 19 21 c
480 2728 164 73 1925]

172 2806 78 50 xii,
281 2806 80 43 420
389 2820 40 38 p.
491 2805 114 44 illus.
664 2805 54 44 20
725 2807 47 17 cm
778 2840 8 8 .

174 2862 232 46 “Selected
437 2861 240 54 readings”
708 2869 44 36 at
785 2862 86 43 end
902 2861 49 47 of
981 2869 118 36 most
1129 2861 49 44 of
1209 2862 74 44 the
1314 2861 185 44 lessons.

103 2918 53 54 ©
183 2921 120 42 Nov.
331 2920 36 50 9,
398 2918 129 52 1925;
555 2920 64 42 2c.
644 2919 87 43 and
757 2919 79 44 aff.
864 2920 107 41 Dec.
1001 2918 51 52 9;
1081 2919 43 42 A
1151 2916 189 54 875455;
1370 2918 48 53 J.
1439 2919 61 42 H.
1531 2917 289 53 Blackhurst,
1847 2917 252 52 Lafayette,

174 2977 95 43 Ind.
339 2974 270 56 (25-25750)

104 3059 258 73 Boodin,
404 3060 170 58 John
613 3057 162 74 Elof,
819 3060 190 57 1869-

181 3136 244 59 Cosmic
452 3136 345 71 evolution;
829 3135 268 58 outlines
1129 3136 68 56 of
1226 3134 227 58 cosmic
1478 3134 310 73 idealism,
1815 3136 83 71 by
1927 3133 169 60 John

101 3213 1996 74 Elof Boodin … New York, The Macmillan company,
103 3295 165 56 1925.

169 3372 82 45 484
279 3388 38 37 p.
378 3373 48 41 21
437 3375 47 16 cm
491 3407 7 7 .

103 3428 53 54 ©
185 3430 106 42 Dec.
317 3432 37 46 8,
384 3427 129 52 1925;
540 3428 64 43 2c.
632 3428 86 42 and
744 3428 78 43 aff.
851 3428 107 42 Dec.
987 3427 49 51 9;
1068 3427 43 42 A
1138 3425 190 52 872778;
1361 3425 264 44 Macmillan
1651 3440 65 29 co.

182 3484 269 55 (25-25852)

104 3569 195 72 Boyd,
337 3567 216 58 Frank
583 3566 323 71 Mathews,
945 3568 190 56 1883-

180 3646 128 57 The
338 3644 281 72 budding
647 3642 87 73 fig
762 3646 151 67 tree,
943 3643 83 71 by
1058 3641 217 57 Frank
1306 3641 83 57 M.
1420 3641 197 72 Boyd.
1694 3639 400 75 Springfield,

100 3723 144 74 Mo.,
273 3723 128 57 The
429 3721 231 72 Gospel
683 3719 363 73 publishing
1069 3719 194 58 house
1296 3749 12 44 [
1311 3729 17 21 c
1333 3720 164 72 1925]

171 3798 1920 59 4 p. l., 13-123 p. front. (port.) illus. (incl. maps) 19 cm . (On cover:
104 3860 152 53 Pulpit
283 3860 87 43 and
395 3873 109 38 pew,
534 3856 83 44 full
646 3855 164 54 Gospel
839 3854 163 52 series)

104 3915 53 53 ©
187 3917 109 42 Dec.
327 3915 41 51 2,
400 3912 104 45 1925;
562 3914 66 43 2c.
660 3913 109 42 Dec.
801 3911 24 44 7;
884 3912 79 43 aff.
997 3912 107 42 Dec.
1141 3909 22 44 5;
1224 3910 44 43 A
1301 3908 160 46 875391;
1529 3909 166 57 Gospel
1727 3910 100 54 pub.
1860 3911 152 43 house.

182 3969 270 57 (25-25853)
