2533 4412
1260 4026 147 56 1472

332 343 245 73 Hogan,
617 343 172 59 John
822 343 269 59 Vincent
1126 345 293 74 Lawless,
1460 350 191 57 1890-

475 435 1870 80 … The outline of radio, by John V. L. Hogan … New
330 514 1944 79 rev. ed. … Boston, Little, Brown, and company, 1925.
397 591 127 52 xviii,
554 591 81 44 268
665 605 39 38 p.
767 590 154 54 front.,
952 592 129 54 illus.,
1111 592 158 53 plates,
1297 592 168 55 diagrs.
1530 596 49 43 19½
1615 597 46 17 cm
1668 631 9 8 .
1747 594 125 57 (The
1899 598 149 44 useful
2078 600 268 54 knowledge

329 649 155 49 books,
518 649 67 43 ed.
615 648 63 53 by
708 647 52 46 G.
794 647 45 48 S.
871 648 182 54 Bryan)

400 705 355 53 Bibliography:
789 720 41 39 p.
867 703 240 51 [251]-257.

330 761 2010 61 © Nov. 23, 1925; 2c. and aff. Dec. 1; A 875302; J. V. L. Hogan, New
401 820 142 43 York.
615 819 271 56 (25-24908)

331 905 193 71 Hunt,
561 904 304 72 Gaillard,
905 908 361 72 1862-1924,
1305 927 195 56 comp.

407 983 221 73 Israel,
658 982 192 59 Elihu
880 984 124 58 and
1034 984 436 60 Cadwallader
1496 988 395 73 Washburn;
1922 1010 39 38 a
1989 990 264 73 chapter
2277 991 67 57 in

329 1061 340 58 American
706 1061 373 74 biography,
1121 1064 310 71 compiled
1467 1065 84 72 by
1590 1065 288 60 Gaillard
1915 1067 197 59 Hunt.
2191 1069 151 58 New

328 1139 190 73 York,
555 1139 130 57 The
720 1140 363 57 Macmillan
1116 1160 325 55 company,
1481 1144 167 57 1925.

397 1216 1023 54 vi p., 1 l., 397 p. front., ports. 22½ cm .
328 1271 54 54 ©
409 1274 109 43 Dec.
546 1273 36 51 8,
614 1273 130 53 1925;
770 1274 65 43 2c.
863 1275 87 43 and
975 1275 80 43 aff.
1085 1276 109 43 Dec.
1221 1275 50 53 9;
1301 1276 44 42 A
1374 1275 191 55 872779;
1597 1277 267 45 Macmillan
1891 1294 65 29 co.

408 1329 272 55 (25-25223)

330 1415 414 73 Hutchinson,
782 1416 244 59 Arthur
1067 1417 551 60 Stuart-Menteth.

408 1497 128 56 The
571 1496 236 58 wicked
842 1499 169 55 aunt.

424 1577 60 39 (In
519 1574 170 42 Nash’s
725 1575 259 52 magazine,
1020 1577 118 51 Dec.,
1178 1576 128 52 1925)

329 1627 2009 60 © 1c. Nov. 27, 1925; A ad int. 7570; pubd. Nov. 18; A. S. M. Hutchinson,
402 1686 202 45 London.

328 1771 361 73 Ingraham,
733 1771 259 59 Charles
1029 1773 237 73 Anson,
1308 1775 190 57 1852-

407 1850 143 55 Elm
556 1869 68 37 er
652 1850 72 57 E.
759 1850 346 58 Ellsworth
1135 1853 124 56 and
1287 1851 103 58 the
1421 1870 267 39 zouaves
1718 1852 70 58 of
1828 1853 110 71 ’61,
1968 1853 83 71 by
2083 1851 260 61 Charles

327 1927 2018 77 A. Ingraham … Chicago, Pub. for Chicago historical
330 2006 238 74 society
596 2008 83 72 by
710 2007 103 59 the
845 2007 376 73 University
1252 2009 67 59 of
1354 2006 272 76 Chicago
1659 2028 182 53 press
1876 2039 14 44 [
1890 2017 20 23 c
1913 2010 166 75 1925]

399 2087 61 50 xi,
497 2085 77 45 167
603 2101 40 38 p.
706 2085 153 53 front.,
888 2085 155 54 plates,
1077 2093 153 46 ports.,
1263 2086 176 44 facsim.
1499 2088 52 43 23½
1588 2089 46 17 cm
1643 2122 9 9 .

328 2142 53 53 ©
414 2145 109 42 Dec.
559 2145 35 51 1,
630 2143 129 53 1925;
791 2144 65 43 2c.
890 2145 87 42 and
1009 2145 77 42 aff.
1119 2145 111 42 Dec.
1264 2143 48 53 5;
1346 2145 46 42 A
1424 2143 191 54 875356;
1652 2143 200 54 Chicago
1886 2143 235 46 historical
2155 2144 184 55 society.

409 2200 273 54 (25-24989)

330 2286 243 73 Joslyn,
615 2286 120 56 Lee
778 2287 275 72 Everett,
1097 2288 190 57 1864-

408 2364 305 58 Students
729 2368 12 25 ’
781 2365 256 56 manual
1079 2363 69 59 of
1186 2364 398 72 bankruptcy
1624 2364 120 57 law
1786 2364 125 58 and
1953 2364 309 73 practice;
2308 2384 38 39 a

331 2442 195 59 series
575 2444 68 56 of
688 2444 270 56 lectures
1006 2443 319 71 prepared
1371 2462 69 38 as
1489 2462 37 37 a
1569 2444 206 56 model
1817 2442 108 58 for
1969 2443 377 74 conducting

327 2521 277 73 through
635 2521 103 57 the
771 2524 179 54 court
984 2540 36 38 a
1051 2521 397 71 bankruptcy
1480 2539 160 52 case,
1673 2521 342 72 voluntary
2045 2541 70 38 or
317 2520 2003 153 involuntary.

666 2598 323 73 Contains,
1021 2599 152 58 with
1207 2617 168 40 some
1405 2597 460 62 modifications
1898 2599 126 60 and
2053 2599 292 75 changes,

328 2681 104 56 the
467 2680 331 57 substance
831 2679 68 57 of
932 2698 34 38 a
1001 2678 195 58 series
1232 2678 67 57 of
1330 2678 269 58 lectures
1633 2677 320 59 delivered
1983 2678 85 73 by
2100 2679 103 58 the
328 2698 1992 118 author
505 2762 64 54 to

603 2759 288 57 students
926 2760 65 54 at
1022 2756 105 58 the
1159 2756 254 57 Detroit
1446 2756 229 73 college
1709 2757 67 57 of
1807 2757 138 71 law,
1978 2756 230 74 during
2237 2756 107 58 the

328 2833 2016 75 past twelve years. By Lee E. Joslyn … Together with
327 2916 413 70 Bankruptcy
785 2917 100 54 act
931 2913 68 58 of
1043 2913 168 72 1898,
1259 2911 272 60 General
1574 2912 221 58 orders
1837 2911 68 58 in
1947 2912 398 73 bankruptcy

329 2994 361 70 annotated,
736 2990 235 60 Official
1011 2992 203 56 forms
1255 2990 67 57 in
1360 2990 399 72 bankruptcy
1801 2990 359 59 annotated.
327 2990 1993 154 Albany,

541 3071 73 56 N.
646 3071 95 70 Y.,
770 3070 85 57 M.
885 3069 251 57 Bender
1165 3068 49 58 &
1243 3086 325 54 company,
1598 3068 465 73 incorporated,
2097 3068 166 58 1925.

400 3142 1719 60 xviii, 173 p., 1 l., 1189-1295 p., 1 l., 1483-1516 p. 26 cm . $3.50
401 3209 288 49 “Additions,
722 3205 293 52 Bankruptcy
1049 3212 86 44 act,
1169 3201 171 47 Collier
1372 3203 181 51 edition,
1584 3218 138 39 pages
1757 3204 119 51 1192,
1913 3204 119 50 1194,
2067 3204 120 52 1223,
2223 3203 119 50 1242,

333 3266 132 44 1483”
504 3262 67 58 ([5]
619 3263 67 54 p.)
726 3262 91 45 laid
846 3261 61 44 in.

330 3322 53 54 ©
414 3324 119 42 Nov.
567 3321 63 53 17,
661 3319 131 51 1925;
821 3321 65 41 2c.
915 3319 119 43 Nov.
1068 3318 74 51 19;
1174 3318 79 43 aff.
1284 3317 118 44 Nov.
1431 3316 80 53 27;
1543 3318 42 42 A
1615 3315 191 55 875283;
1837 3317 227 45 Matthew
2094 3318 176 44 Bender
2302 3318 37 44 &

400 3396 81 36 co.,
513 3380 82 42 inc.
666 3376 272 55 (25-24784)

330 3464 290 72 Kendall,
658 3462 201 59 Lewis
896 3463 50 57 F
1261 3460 80 73 jr.

408 3542 384 72 Compendio
843 3542 74 56 de
969 3538 520 69 radiotelefonía;
1541 3537 432 72 fundamento,
330 3540 1986 140 constructión
507 3641 43 52 y

591 3619 252 72 manejo
891 3620 73 57 de
1010 3637 127 37 una
1181 3615 463 59 radioestacion
1690 3616 74 57 de
1812 3614 364 73 aficionado,
2223 3634 116 52 por

328 3693 2011 76 L. F. Kendall … y R. P. Koehler … Version por Manuel
330 3772 1248 77 Marin … Barcelona, G. Gili, 1925.
399 3853 892 57 2p. l., 307 p. illus., diagrs. 20c m .
330 3906 1862 64 © Sept. 22, 1924; 1c. Nov. 2, 1925; A—Foreign 29045; Gustavo Gili.
410 3971 272 49 (25-27871)
