2533 4412
1076 4041 110 55 753

116 403 335 74 Herzberg,
493 404 151 56 Max
685 402 183 72 John,
913 404 188 57 1886-

192 494 320 73 Speaking
533 495 122 56 and
678 493 256 73 writing
956 492 285 73 English,
1267 492 83 72 by
1375 492 150 56 Max
1549 492 60 58 J.
1636 491 326 72 Herzberg
1982 492 123 57 and

111 572 279 59 William
423 571 228 57 Lewin.
727 571 256 70 Boston,
1021 570 152 57 New
1204 569 174 58 York
1433 571 129 72 [etc.]
1599 568 194 73 Allyn
1827 570 123 57 and
113 568 1966 139 Bacon

259 680 13 43 [
275 657 18 23 c
297 650 163 73 1925]

182 740 96 51 xiii,
312 739 83 45 399
425 754 40 38 p.
528 739 152 52 front.,
713 738 115 45 illus.
895 738 51 45 19½
980 740 47 18 cm
1033 772 11 10 .

188 810 70 43 “A
287 810 76 44 list
391 809 51 45 of
471 809 264 53 interesting
764 808 196 45 books”:
993 823 39 38 p.
1063 807 205 45 386-394.

114 882 53 53 ©
195 884 112 50 Apr.
336 883 64 48 29,
435 881 127 52 1925;
592 885 63 40 2c.
690 882 100 45 July
821 881 73 51 13;
926 882 79 42 aff.
1034 881 105 52 July
1171 880 72 51 10;
1273 881 44 42 A
1343 878 191 54 855851;
1565 880 142 52 Allyn
1737 881 88 42 and
1856 880 165 43 Bacon.

198 938 270 54 (25-13312)

116 1036 275 73 Hughes,
430 1035 247 59 Russell
714 1035 414 58 Meriwether.

195 1126 130 57 The
351 1129 134 54 star
513 1144 206 54 roper,
744 1126 83 72 by
850 1126 251 59 Bussell
1126 1125 400 58 Meriwether
1552 1126 281 73 Hughes.
116 1126 1967 150 Philadelphia,

414 1204 321 57 Dorrance
764 1204 122 57 and
915 1222 322 53 company,
1267 1205 166 56 1925.

193 1296 54 46 56
275 1313 39 38 p.
378 1300 49 42 19½
462 1299 14 17 cm
515 1332 7 8 .
593 1296 288 54 (Half-title:
919 1296 358 54 Contemporary
1307 1305 140 46 poets,
1477 1297 78 53 21)

120 1368 51 53 ©
197 1369 105 52 July
334 1367 63 53 15,
428 1367 102 45 1925
548 1384 9 37 ;
585 1371 63 40 2c.
675 1369 87 43 and
788 1368 78 46 aff.
894 1369 107 51 July
1029 1369 77 50 23;
1136 1369 43 41 A
1207 1368 189 53 861160;
1427 1369 234 43 Dorrance
1689 1369 36 43 &
1755 1384 80 37 co.,
1865 1370 81 41 inc.

196 1424 268 55 (25-13968)

120 1524 246 74 Hulley,
405 1524 277 72 Lincoln,
722 1527 189 57 1865-

195 1616 180 57 Ariel
403 1616 123 57 and
557 1614 384 72 Cinderella;
972 1634 35 38 a
1036 1616 256 71 comedy
1319 1614 65 57 in
1411 1614 119 58 five
1561 1619 151 70 acts,
1740 1617 84 72 by
1852 1617 258 57 Lincoln

119 1694 249 72 Hulley.
440 1712 106 54 [De
573 1692 197 73 Land,
799 1688 154 78 Fla.,
981 1693 73 56 E.
1145 1741 10 9 O.
1185 1693 263 58 Painter
1472 1693 289 75 printing
1786 1713 106 53 co.,
1920 1705 19 21 c
1944 1696 164 71 1925]

198 1787 53 46 54
281 1804 40 38 p.
380 1789 53 43 23
441 1790 47 18 cm
494 1824 9 8 .

118 1858 53 53 ©
195 1861 106 51 July
332 1860 60 51 18,
421 1857 129 55 1925;
578 1860 63 43 2c.
667 1860 86 43 and
779 1859 78 43 aff.
885 1859 105 52 July
1013 1859 78 51 20;
1119 1860 43 41 A
1187 1857 189 53 855927;
1407 1860 48 42 L.
1483 1860 183 52 Hulley,
1695 1861 69 43 De
1793 1861 137 51 Land,
1957 1860 95 44 Fla.

195 1915 271 54 (25-13766)

120 2016 386 74 Humphrey,
542 2016 213 59 Grace.

196 2110 216 59 Under
463 2112 173 57 these
687 2115 197 65 trees;
936 2115 105 54 ten
1089 2112 248 58 famous
1388 2117 166 54 trees
1606 2113 67 58 of
1720 2113 262 73 history,
2033 2116 82 70 by

123 2187 1993 76 Grace Humphrey … Springfield, Mass., Milton Bradley
121 2285 305 54 company
456 2295 12 43 [
472 2273 17 21 c
492 2266 164 72 1925]

191 2357 512 53 2 p. l., 278 p. 20 cm .
123 2425 53 53 ©
203 2429 112 50 May
341 2427 65 50 20,
439 2424 128 53 1925;
597 2428 64 41 2c.
690 2426 106 51 July
822 2424 77 46 27:
929 2426 78 43 aff.
1034 2425 107 53 July
1169 2427 76 50 24;
1279 2427 43 42 A
1349 2426 189 53 864019;
1571 2427 167 44 Milton
1769 2429 195 52 Bradley
1993 2444 65 28 co.

198 2482 271 54 (25-14841)

125 2580 260 58 Illinois.
467 2582 301 72 Supreme
806 2585 190 53 court.

203 2677 272 70 Reports
517 2675 66 56 of
623 2693 173 38 cases
839 2677 63 53 at
942 2674 118 56 law
1100 2675 123 56 and
1262 2674 65 55 in
1368 2676 309 71 chancery
1716 2679 241 69 argued
1996 2680 123 56 and

125 2752 1971 136 determined … v. 316, containing cases in which opinions
301 2850 162 37 were
503 2830 145 57 filed
687 2830 65 55 in
791 2830 331 71 February
1160 2831 124 56 and
1323 2830 204 73 April,
1570 2833 164 70 1925,
1780 2834 123 56 and
1945 2853 173 38 cases

125 2909 274 59 wherein
431 2908 366 71 rehearings
828 2927 162 37 were
1025 2908 223 62 denied
1282 2912 63 53 at
1380 2909 102 56 the
1517 2908 189 71 April
1737 2914 178 68 term,
1953 2913 166 55 1925.

130 2987 251 58 Samuel
428 2986 274 70 Pashley
749 2985 209 71 Irwin,
1011 2988 291 68 reporter
1349 2986 69 56 of
1465 2986 326 59 decisions.
125 2989 1971 149 Bloomington,

398 3064 114 70 Ill.,
551 3065 163 55 1925.

229 3195 7 14 x,
265 3154 193 49 [11]–692
486 3169 38 38 p.
585 3156 148 41 22½cm.

125 3226 53 53 ©
211 3227 105 53 July
353 3228 61 49 14,
452 3224 128 53 1925;
617 3228 63 41 2c.
716 3227 86 42 and
835 3226 77 43 aff.
947 3225 105 53 July
1091 3224 73 52 17;
1204 3227 42 42 A
1280 3223 190 56 855895;
1510 3226 181 46 Samuel
1729 3229 196 53 Pashley
1964 3231 151 51 Irwin,

197 3283 333 52 Bloomington,
562 3282 69 43 Ill.

129 3382 183 71 Kent,
354 3380 257 58 Charles
649 3381 238 70 Foster,
927 3382 355 57 1867-1925.

273 3474 1848 73 … The fundamentals of Christianity; lecture delivered
127 3550 1925 76 before the University of Pennsylvania, April 2, 1925 …
128 3628 1991 75 by Charles Foster Kent … Philadelphia, Press of the
130 3706 369 73 University
528 3707 68 58 of
623 3705 483 72 Pennsylvania,
1137 3706 166 57 1925.

202 3801 52 46 57
296 3816 41 38 p.
396 3801 54 42 20½
484 3801 47 18 cm
538 3835 8 8 .
615 3799 123 51 (The
781 3799 180 52 George
1005 3800 131 43 Dana
1181 3800 260 44 Boardman
1482 3802 271 54 lectureship
1798 3803 43 44 in
1889 3804 229 47 Christian

131 3859 153 45 ethics.
346 3857 141 50 [VIII])

133 3927 51 54 ©
209 3928 105 52 July
341 3927 36 51 6,
407 3925 128 52 1925;
563 3928 63 40 2c.
654 3926 85 43 and
765 3926 78 42 aff.
869 3926 105 52 July
1000 3927 48 50 9;
1078 3927 44 41 A
1147 3925 189 53 861037;
1367 3927 135 44 Univ.
1529 3929 51 43 of
1607 3930 346 53 Pennsylvania.

208 3983 268 54 (25-13424)
