2533 4412
1323 4087 147 53 1182

464 495 344 73 managing
836 495 236 73 editor;
1105 497 132 57 also
1266 496 60 57 A
1358 498 307 58 standard
1691 498 251 74 history
1970 500 68 57 of
2065 501 105 58 the
2198 502 199 58 world

535 573 1860 80 … New York and London. Funk & Wagnalls company,
467 653 167 56 1925.

467 732 196 52 xxxviii,
689 730 106 45 2951
823 746 40 38 p.
925 731 132 53 illus.,
1080 731 142 54 plates
1250 732 126 53 (part
1402 731 98 53 col.,
1527 732 100 45 incl.
1653 733 169 47 music)
1855 742 153 45 ports.,
2037 735 215 53 facsims.,
2277 745 123 37 coats

392 789 52 45 of
470 804 137 29 arms.
668 789 52 43 32
728 791 47 17 cm
782 823 8 8 .

392 843 54 55 ©
477 845 101 45 Oct.
609 845 38 52 3,
679 843 131 55 1925;
838 845 67 44 2c.
932 845 90 44 and
1051 845 80 44 aff.
1163 845 103 45 Oct.
1299 845 75 53 13;
1406 845 43 44 A
1479 845 192 54 869371;
1704 845 133 46 Funk
1866 847 38 45 &
1933 847 241 55 Wagnalls
2204 865 66 29 co.
2334 849 67 55 [©

462 904 186 52 general
686 903 211 53 revision]
969 900 272 57 (25-20315)

394 1004 297 71 Furman,
727 1002 190 74 Lucy.

470 1094 131 60 The
646 1095 171 72 glass
865 1094 295 72 window;
1211 1115 35 37 a
1294 1098 179 69 story
1518 1094 68 59 of
1629 1096 105 57 the
1779 1115 194 54 quare
2020 1117 255 55 women,
2323 1100 83 72 by

390 1173 174 72 Lucy
617 1173 298 57 Furman.
1012 1172 258 73 Boston,
1326 1173 211 74 Little,
1593 1173 247 74 Brown,
1900 1176 124 57 and
2080 1194 324 55 company,

390 1253 167 56 1925.

462 1327 618 57 5 p. l., 3-287 p. 19½ cm .
392 1385 54 54 ©
477 1387 102 44 Oct.
610 1386 38 52 7,
680 1385 130 54 1925;
840 1387 65 42 2c.
936 1387 88 43 and
1051 1386 79 43 aff.
1163 1386 101 44 Oct.
1298 1386 74 52 14;
1405 1386 43 43 A
1478 1385 192 55 869415;
1703 1387 50 44 L.
1786 1386 216 54 Furman,
2032 1388 249 53 Hindman,
2311 1390 89 53 Ky.

471 1442 272 57 (25-20256)

392 1544 225 73 Gager,
651 1542 255 75 Delaye.

465 1636 249 58 French
762 1639 307 54 comment
1119 1655 80 39 on
1245 1635 340 58 American
1632 1636 350 72 education,
2030 1637 84 73 by
2161 1637 237 74 Delaye

390 1713 2007 77 Gager, PH. D. New York, Columbia university press,
391 1794 166 57 1925.

460 1872 98 52 xiii,
590 1872 79 45 150
696 1888 40 38 p.
801 1872 49 44 18½
886 1874 47 18 cm
940 1906 8 9 .
1018 1871 293 54 (Half-title:
1347 1870 239 46 Columbia
1613 1871 251 55 university
1894 1872 169 46 studies
2096 1874 44 43 in
2169 1874 231 45 Romance

390 1930 232 54 philology
651 1930 87 44 and
766 1928 262 54 literature)

462 1987 328 55 Bibliography:
845 2002 40 39 p.
913 1984 177 45 xi-xiii.

392 2044 54 54 ©
475 2045 121 52 Sept.
623 2045 69 51 21,
722 2042 130 54 1925;
879 2044 66 43 2c.
975 2044 102 44 Oct.
1106 2041 48 55 5;
1183 2043 78 44 aff.
1293 2041 123 54 Sept.
1443 2043 54 42 22;
1552 2043 43 43 A
1625 2043 189 53 869162;
1846 2043 241 45 Columbia
2111 2045 119 43 univ.
2261 2059 140 38 press.

471 2101 273 55 (25-20091)

392 2202 266 75 Gerwig,
698 2201 351 71 Henrietta,
1086 2203 91 58 ed.

471 2294 325 61 Crowell’s
824 2293 333 58 handbook
1184 2293 105 57 for
1317 2294 258 57 readers
1606 2294 124 57 and
1759 2292 283 74 writers;
2073 2314 36 37 a
392 2293 1984 153 dictionary

556 2374 69 57 of
670 2373 252 57 famous
972 2372 358 57 characters
1381 2372 125 57 and
1549 2371 169 72 plots
1764 2372 67 56 in
1877 2373 241 72 legend,
2167 2371 230 74 fiction,

389 2454 240 71 drama,
660 2470 195 53 opera
885 2451 124 57 and
1035 2453 245 70 poetry,
1309 2450 291 72 together
1629 2449 152 58 with
1810 2451 180 57 dates
2021 2451 123 57 and
389 2449 1987 155 principal

523 2530 204 59 works
760 2529 67 59 of
854 2530 354 70 important
1236 2528 281 76 authors,
1547 2527 270 74 literary
1845 2529 127 58 and
1997 2528 402 73 journalistic

389 2614 216 69 terms,
647 2611 123 58 and
809 2608 284 58 familiar
1134 2606 323 74 allusions,
1499 2606 210 59 edited
1745 2606 85 74 by
1869 2607 339 59 Henrietta
388 2607 1986 156 Gerwig.

612 2689 152 57 New
791 2687 192 72 York,
1015 2686 271 59 Thomas
1315 2686 73 57 Y.
1422 2685 266 59 Crowell
1716 2703 308 55 company
2054 2715 13 44 [
2068 2694 19 23 c
2091 2687 165 73 1925]

457 2770 59 50 vi,
544 2768 82 45 728
651 2784 40 38 p.
751 2768 53 44 23½
841 2770 46 17 cm
895 2802 8 9 .

393 2825 54 54 ©
478 2827 102 44 Oct.
612 2824 37 53 7,
685 2823 131 53 1925;
849 2823 66 43 2c.
946 2823 87 43 and
1063 2822 79 43 aff.
1177 2819 102 47 Oct.
1314 2821 74 52 10;
1423 2821 43 43 A
1499 2820 190 53 869284;
1722 2819 204 45 Thomas
1958 2821 56 44 Y.
2049 2820 198 46 Crowell
2279 2836 65 29 co.

471 2881 273 56 (25-20161)

395 2971 218 70 Green,
649 2965 179 61 Paul.

469 3060 130 58 The
647 3059 231 58 Lord’s
925 3057 145 71 will,
1116 3057 125 56 and
1287 3055 182 58 other
1516 3053 297 60 Carolina
1859 3056 204 71 plays,
2109 3055 84 72 by
2237 3056 162 58 Paul

390 3139 236 72 Green;
663 3136 364 58 illustrated
1062 3134 168 57 from
1266 3133 105 58 the
1406 3132 435 74 photographs
1882 3133 67 58 of
1984 3133 105 58 the
2126 3133 272 75 original

389 3217 410 74 productions
840 3215 68 58 of
941 3215 105 58 the
1083 3214 202 71 plays,
1319 3212 153 57 with
1510 3232 36 37 a
1581 3212 321 58 foreword
1936 3212 85 72 by
2055 3211 344 60 Frederick

391 3290 1837 73 H. Koch … New York, H. Holt and company, 1925.
462 3376 98 51 xiii,
586 3375 82 44 264
695 3389 41 39 p.
798 3373 151 51 front.,
979 3372 156 54 plates.
1199 3371 50 43 19½
1284 3372 47 18 cm
1337 3405 9 8 .

466 3433 219 45 Contains
712 3431 158 46 music.

465 3491 279 45 CONTENTS.
763 3514 58 6 —
836 3486 101 44 The
985 3484 159 45 Lord’s
1189 3483 108 45 will.
1313 3508 58 7 —
1388 3482 298 44 Blackbeard.
1701 3508 58 5 —
1776 3482 92 44 Old
1912 3483 146 44 Wash
2105 3483 171 44 Lucas:
2325 3484 75 43 the

394 3548 150 44 miser.
560 3572 57 5 —
635 3545 101 44 The
764 3560 60 28 no
857 3545 150 42 ’count
1038 3542 102 52 boy.
1156 3566 58 6 —
1229 3539 100 44 The
1360 3539 75 45 old
1467 3553 105 29 man
1603 3538 51 45 of
1686 3537 221 47 Edenton.
1923 3564 57 5 —
1995 3537 101 46 The
2127 3539 87 44 last
2245 3539 51 44 of
2325 3541 75 44 the

395 3603 218 46 Lowries.

394 3660 54 54 ©
479 3661 102 44 Oct.
616 3660 36 51 1,
687 3655 131 55 1925;
847 3657 67 42 2c.
946 3656 89 43 and
1065 3654 79 44 aff.
1179 3653 102 44 Oct.
1317 3652 75 52 10;
1425 3651 43 43 A
1500 3650 192 53 869279;
1728 3651 161 53 Henry
1922 3651 118 44 Holt
2071 3652 88 44 and
2191 3667 65 29 co.

472 3714 272 58 (25-20312)

394 3805 369 69 Grimshaw,
802 3798 288 60 Beatrice
1127 3797 202 58 Ethel.

471 3894 661 72 Paradise-poachers,
1212 3892 175 70 chap.
1430 3891 72 55 14
1548 3888 453 72 (contd.)–end.

392 3961 2005 68 © 1c. Sept. 2, 1925; A ad int. 7251; pubd. July 6; B. Grimshaw, ℅ Hughes
465 4032 173 44 Massie
670 4031 38 44 &
739 4045 80 34 co.,
855 4028 118 44 New
1004 4026 144 44 York.
