<alto xmlns="http://www.loc.gov/standards/alto/ns-v3#" xmlns:xlink="http://www.w3.org/1999/xlink" xmlns:xsi="http://www.w3.org/2001/XMLSchema-instance" xsi:schemaLocation="http://www.loc.gov/standards/alto/ns-v3# http://www.loc.gov/alto/v3/alto-3-0.xsd"><Description>
<MeasurementUnit>pixel</MeasurementUnit>
<sourceImageInformation>
<fileName>1925_v22_Part001.pdf</fileName>
</sourceImageInformation>
<OCRProcessing ID="IdOcr">
<ocrProcessingStep>
<processingDateTime>2019-04-03</processingDateTime>
<processingSoftware>
<softwareCreator>ABBYY</softwareCreator>
<softwareName>ABBYY Recognition Server</softwareName>
<softwareVersion>4.0</softwareVersion>
</processingSoftware>
</ocrProcessingStep>
</OCRProcessing>
</Description>
<Styles>
<ParagraphStyle ID="StyleId-FFFFFFFF-FFFF-FFFF-FFFF-FFFFFFFFFFFF-" ALIGN="Left" LEFT="0." RIGHT="0." FIRSTLINE="0."/>
<ParagraphStyle ID="StyleId-2E5B4E57-07AD-4719-97CB-14521F7F4F8A-" ALIGN="Left" LEFT="0." RIGHT="0." FIRSTLINE="0." LINESPACE="8.899999619"/>
<ParagraphStyle ID="StyleId-62A6F688-D6E3-4EFC-837B-4A4C4EB582B7-" ALIGN="Center" LEFT="0." RIGHT="0." FIRSTLINE="0." LINESPACE="12.19999981"/>
<ParagraphStyle ID="StyleId-21B71EBC-BDB5-4E16-A8F2-58189A39665B-" ALIGN="Block" LEFT="0." RIGHT="0." FIRSTLINE="-13." LINESPACE="11.35000038"/>
<ParagraphStyle ID="StyleId-1E1A68C4-DD4F-417A-A13D-7FEC29ECB499-" ALIGN="Block" LEFT="0." RIGHT="0." FIRSTLINE="-15." LINESPACE="13.30000019"/>
<ParagraphStyle ID="StyleId-6B39EC51-644D-4E90-AF07-84EF2B1E466A-" ALIGN="Block" LEFT="0." RIGHT="0." FIRSTLINE="-15." LINESPACE="8.340000153"/>
<ParagraphStyle ID="StyleId-2C1BA15F-E223-41D6-853D-AAFBDAC17E68-" ALIGN="Center" LEFT="0." RIGHT="0." FIRSTLINE="0." LINESPACE="13."/>
<ParagraphStyle ID="StyleId-A3B2CDF3-43F0-422C-90A0-E074BFEC3BC0-" ALIGN="Block" LEFT="0." RIGHT="0." FIRSTLINE="0." LINESPACE="8.899999619"/>
<ParagraphStyle ID="StyleId-28AB2493-EA15-49C1-A6AC-ED5BC404F0B9-" ALIGN="Center" LEFT="0." RIGHT="0." FIRSTLINE="0." LINESPACE="12.19999981"/>
<ParagraphStyle ID="StyleId-4417A6D4-97E2-4EFC-962D-7FBC0D5273E4-" ALIGN="Left" LEFT="0." RIGHT="0." FIRSTLINE="15." LINESPACE="8.340000153"/>
<ParagraphStyle ID="StyleId-D4EF9C5E-3110-4A39-B7BC-3D84E0F04894-" ALIGN="Center" LEFT="0." RIGHT="0." FIRSTLINE="0." LINESPACE="13.30000019"/>
<ParagraphStyle ID="StyleId-D1243F31-1201-4D92-8F69-43ADB01E9AD1-" ALIGN="Left" LEFT="0." RIGHT="0." FIRSTLINE="-13." LINESPACE="13.30000019"/>
<ParagraphStyle ID="StyleId-C65417C6-23F2-4D8F-BA55-ECE73D98CAB9-" ALIGN="Left" LEFT="0." RIGHT="0." FIRSTLINE="0." LINESPACE="8.899999619"/>
<ParagraphStyle ID="StyleId-835763C1-08DD-41BE-8BAD-8E41EA88DAE3-" ALIGN="Center" LEFT="0." RIGHT="0." FIRSTLINE="0." LINESPACE="11.10000038"/>
<ParagraphStyle ID="StyleId-78FD6B81-8F83-422D-8DF4-4274EAFD19C6-" ALIGN="Block" LEFT="0." RIGHT="0." FIRSTLINE="-17." LINESPACE="12.19999981"/>
<ParagraphStyle ID="StyleId-F506BC7F-570D-458B-9F05-A143E1F5FD17-" ALIGN="Block" LEFT="0." RIGHT="0." FIRSTLINE="-17." LINESPACE="11.35000038"/>
<ParagraphStyle ID="StyleId-CBE02C6B-22D0-48C6-A874-7E90A22F4375-" ALIGN="Center" LEFT="0." RIGHT="0." FIRSTLINE="0." LINESPACE="4.400000095"/>
<ParagraphStyle ID="StyleId-14CC0121-63AF-4AB4-9656-E02F46C61AF2-" ALIGN="Left" LEFT="0." RIGHT="0." FIRSTLINE="0." LINESPACE="8.899999619"/>
<ParagraphStyle ID="StyleId-DD64CECB-1B22-4BFF-84F0-DFDE2B0000F8-" ALIGN="Left" LEFT="0." RIGHT="0." FIRSTLINE="0." LINESPACE="12.19999981"/>
<ParagraphStyle ID="StyleId-8AEF4AA8-141A-4E5D-9C3E-C0F9F43C742F-" ALIGN="Left" LEFT="0." RIGHT="0." FIRSTLINE="0." LINESPACE="8.300000191"/>
<ParagraphStyle ID="StyleId-8C396D2A-39C0-48AB-BABA-2679D8AB257E-" ALIGN="Left" LEFT="0." RIGHT="0." FIRSTLINE="0." LINESPACE="11.10000038"/>
<ParagraphStyle ID="StyleId-3B7FE50F-10D4-487F-BDCD-FD26EB60FD4A-" ALIGN="Block" LEFT="0." RIGHT="0." FIRSTLINE="13." LINESPACE="8.340000153"/>
<ParagraphStyle ID="StyleId-8CC5CC8E-615B-4C42-BB46-DB28FA355C27-" ALIGN="Left" LEFT="0." RIGHT="0." FIRSTLINE="0." LINESPACE="12.19999981"/>
<ParagraphStyle ID="StyleId-BC67E79D-8D99-4188-8B35-A59DBB7E2BB0-" ALIGN="Block" LEFT="0." RIGHT="0." FIRSTLINE="11." LINESPACE="9.399999619"/>
</Styles>
<Layout>
<Page ID="Page723" PHYSICAL_IMG_NR="723" HEIGHT="4412" WIDTH="2533">
<TopMargin HEIGHT="446" WIDTH="2533" VPOS="0" HPOS="0">
</TopMargin>
<LeftMargin HEIGHT="3662" WIDTH="124" VPOS="446" HPOS="0">
</LeftMargin>
<RightMargin HEIGHT="3662" WIDTH="385" VPOS="446" HPOS="2148">
</RightMargin>
<BottomMargin HEIGHT="304" WIDTH="2533" VPOS="4108" HPOS="0">
<TextBlock ID="Page723_Block1" HEIGHT="104" WIDTH="182" VPOS="4110" HPOS="1054" LANG="en-US" STYLEREFS="StyleId-7B035FBF-4835-489B-9CBF-212ABBA303D3-">
<TextLine HEIGHT="56" WIDTH="111" VPOS="4112" HPOS="1085">
<String CONTENT="723" HEIGHT="56" WIDTH="111" VPOS="4112" HPOS="1085"/>
</TextLine>
</TextBlock>
</BottomMargin>
<PrintSpace HEIGHT="3662" WIDTH="2024" VPOS="446" HPOS="124">
<TextBlock ID="Page723_Block2" HEIGHT="3662" WIDTH="2024" VPOS="446" HPOS="124" LANG="en-US" CS="1" STYLEREFS="StyleId-4606BE0F-2AA7-4BE0-9D10-71866C0678F3-">
<TextLine HEIGHT="73" WIDTH="1994" VPOS="547" HPOS="140" STYLEREFS="StyleId-3DB295DE-DAC5-4174-B0DC-DD3E26FB7507-">
<String CONTENT="ington" HEIGHT="72" WIDTH="220" VPOS="548" HPOS="140"/>
<SP HEIGHT="36" WIDTH="29" VPOS="569" HPOS="361"/>
<String CONTENT="university" HEIGHT="71" WIDTH="353" VPOS="547" HPOS="391"/>
<SP HEIGHT="68" WIDTH="31" VPOS="550" HPOS="745"/>
<String CONTENT="dispensary," HEIGHT="71" WIDTH="392" VPOS="549" HPOS="777"/>
<SP HEIGHT="70" WIDTH="30" VPOS="548" HPOS="1170"/>
<String CONTENT="including" HEIGHT="71" WIDTH="322" VPOS="548" HPOS="1201"/>
<SP HEIGHT="53" WIDTH="31" VPOS="566" HPOS="1524"/>
<String CONTENT="outlines" HEIGHT="58" WIDTH="267" VPOS="547" HPOS="1556"/>
<SP HEIGHT="56" WIDTH="31" VPOS="548" HPOS="1824"/>
<String CONTENT="for" HEIGHT="57" WIDTH="104" VPOS="548" HPOS="1856"/>
<SP HEIGHT="38" WIDTH="33" VPOS="567" HPOS="1961"/>
<String CONTENT="case" HEIGHT="39" WIDTH="139" VPOS="567" HPOS="1995"/>
</TextLine>
<TextLine HEIGHT="74" WIDTH="1992" VPOS="623" HPOS="142" STYLEREFS="StyleId-3DB295DE-DAC5-4174-B0DC-DD3E26FB7507-">
<String CONTENT="history-taking," HEIGHT="73" WIDTH="506" VPOS="624" HPOS="142"/>
<SP HEIGHT="52" WIDTH="47" VPOS="644" HPOS="649"/>
<String CONTENT="preoperative" HEIGHT="72" WIDTH="443" VPOS="624" HPOS="697"/>
<SP HEIGHT="41" WIDTH="45" VPOS="642" HPOS="1141"/>
<String CONTENT="and" HEIGHT="56" WIDTH="122" VPOS="626" HPOS="1187"/>
<SP HEIGHT="70" WIDTH="42" VPOS="626" HPOS="1310"/>
<String CONTENT="postoperative" HEIGHT="73" WIDTH="475" VPOS="623" HPOS="1353"/>
<SP HEIGHT="38" WIDTH="48" VPOS="643" HPOS="1829"/>
<String CONTENT="care" HEIGHT="39" WIDTH="141" VPOS="643" HPOS="1878"/>
<SP HEIGHT="39" WIDTH="46" VPOS="644" HPOS="2020"/>
<String CONTENT="of" HEIGHT="57" WIDTH="67" VPOS="626" HPOS="2067"/>
</TextLine>
<TextLine HEIGHT="74" WIDTH="1923" VPOS="700" HPOS="142" STYLEREFS="StyleId-3DB295DE-DAC5-4174-B0DC-DD3E26FB7507-" CS="1">
<String CONTENT="patients," HEIGHT="73" WIDTH="293" VPOS="701" HPOS="142"/>
<SP HEIGHT="50" WIDTH="46" VPOS="722" HPOS="436"/>
<String CONTENT="routines," HEIGHT="72" WIDTH="298" VPOS="701" HPOS="483"/>
<SP HEIGHT="69" WIDTH="46" VPOS="704" HPOS="782"/>
<String CONTENT="diets," HEIGHT="72" WIDTH="178" VPOS="701" HPOS="829"/>
<SP HEIGHT="51" WIDTH="49" VPOS="722" HPOS="1008"/>
<String CONTENT="etc.," HEIGHT="67" WIDTH="130" VPOS="706" HPOS="1058"/>
<SP HEIGHT="70" WIDTH="45" VPOS="703" HPOS="1189"/>
<String CONTENT="by" HEIGHT="70" WIDTH="83" VPOS="703" HPOS="1235"/>
<SP HEIGHT="72" WIDTH="44" VPOS="701" HPOS="1319"/>
<String CONTENT="Glover" HEIGHT="59" WIDTH="228" VPOS="701" HPOS="1364"/>
<SP HEIGHT="56" WIDTH="43" VPOS="701" HPOS="1593"/>
<String CONTENT="H." HEIGHT="56" WIDTH="80" VPOS="701" HPOS="1637"/>
<SP HEIGHT="59" WIDTH="49" VPOS="700" HPOS="1718"/>
<String CS="1" CONTENT="Copher" HEIGHT="70" WIDTH="194" VPOS="703" HPOS="1821"/>
<SP HEIGHT="38" WIDTH="49" VPOS="721" HPOS="2016"/>
<String CS="1" CONTENT="&#8230;"/>
</TextLine>
<TextLine HEIGHT="73" WIDTH="1473" VPOS="777" HPOS="145" STYLEREFS="StyleId-3DB295DE-DAC5-4174-B0DC-DD3E26FB7507-" CS="1">
<String CONTENT="St." HEIGHT="57" WIDTH="90" VPOS="780" HPOS="145"/>
<SP HEIGHT="55" WIDTH="25" VPOS="780" HPOS="236"/>
<String CONTENT="Louis," HEIGHT="72" WIDTH="209" VPOS="778" HPOS="262"/>
<SP HEIGHT="70" WIDTH="27" VPOS="780" HPOS="472"/>
<String CONTENT="The" HEIGHT="57" WIDTH="131" VPOS="779" HPOS="500"/>
<SP HEIGHT="59" WIDTH="27" VPOS="778" HPOS="632"/>
<String CONTENT="C." HEIGHT="59" WIDTH="63" VPOS="778" HPOS="660"/>
<SP HEIGHT="58" WIDTH="25" VPOS="777" HPOS="724"/>
<String CONTENT="V." HEIGHT="58" WIDTH="74" VPOS="777" HPOS="750"/>
<SP HEIGHT="56" WIDTH="27" VPOS="779" HPOS="825"/>
<String CS="1" CONTENT="Mosby" HEIGHT="57" WIDTH="180" VPOS="779" HPOS="853"/>
<SP HEIGHT="37" WIDTH="24" VPOS="798" HPOS="1079"/>
<String CONTENT="company," HEIGHT="53" WIDTH="320" VPOS="796" HPOS="1104"/>
<SP HEIGHT="68" WIDTH="28" VPOS="780" HPOS="1425"/>
<String CONTENT="1925." HEIGHT="55" WIDTH="164" VPOS="779" HPOS="1454"/>
</TextLine>
<TextLine HEIGHT="54" WIDTH="848" VPOS="855" HPOS="210" CS="1">
<String CONTENT="232" HEIGHT="46" WIDTH="83" VPOS="857" HPOS="210"/>
<SP HEIGHT="50" WIDTH="21" VPOS="859" HPOS="294"/>
<String CONTENT="p." HEIGHT="39" WIDTH="42" VPOS="870" HPOS="316"/>
<SP HEIGHT="44" WIDTH="29" VPOS="858" HPOS="359"/>
<String CONTENT="incl." HEIGHT="44" WIDTH="100" VPOS="858" HPOS="389"/>
<SP HEIGHT="42" WIDTH="31" VPOS="857" HPOS="490"/>
<String CONTENT="forms," HEIGHT="47" WIDTH="157" VPOS="857" HPOS="522"/>
<SP HEIGHT="45" WIDTH="28" VPOS="859" HPOS="680"/>
<String CONTENT="diagrs." HEIGHT="53" WIDTH="169" VPOS="855" HPOS="709"/>
<SP HEIGHT="45" WIDTH="55" VPOS="858" HPOS="879"/>
<String CS="1" CONTENT="20cm." HEIGHT="45" WIDTH="123" VPOS="855" HPOS="935"/>
</TextLine>
<TextLine HEIGHT="55" WIDTH="1825" VPOS="909" HPOS="142">
<String CONTENT="&#169;" HEIGHT="53" WIDTH="53" VPOS="910" HPOS="142"/>
<SP HEIGHT="54" WIDTH="22" VPOS="910" HPOS="196"/>
<String CONTENT="June" HEIGHT="50" WIDTH="114" VPOS="914" HPOS="219"/>
<SP HEIGHT="42" WIDTH="27" VPOS="913" HPOS="334"/>
<String CONTENT="15," HEIGHT="52" WIDTH="62" VPOS="910" HPOS="362"/>
<SP HEIGHT="49" WIDTH="27" VPOS="913" HPOS="425"/>
<String CONTENT="1925;" HEIGHT="54" WIDTH="128" VPOS="909" HPOS="453"/>
<SP HEIGHT="51" WIDTH="26" VPOS="912" HPOS="582"/>
<String CONTENT="2c." HEIGHT="42" WIDTH="64" VPOS="912" HPOS="609"/>
<SP HEIGHT="50" WIDTH="25" VPOS="912" HPOS="674"/>
<String CONTENT="July" HEIGHT="51" WIDTH="105" VPOS="912" HPOS="700"/>
<SP HEIGHT="50" WIDTH="29" VPOS="913" HPOS="806"/>
<String CONTENT="10;" HEIGHT="52" WIDTH="74" VPOS="911" HPOS="836"/>
<SP HEIGHT="36" WIDTH="27" VPOS="927" HPOS="911"/>
<String CONTENT="aff." HEIGHT="43" WIDTH="78" VPOS="911" HPOS="939"/>
<SP HEIGHT="50" WIDTH="26" VPOS="913" HPOS="1018"/>
<String CONTENT="July" HEIGHT="53" WIDTH="104" VPOS="910" HPOS="1045"/>
<SP HEIGHT="52" WIDTH="25" VPOS="911" HPOS="1150"/>
<String CONTENT="9;" HEIGHT="51" WIDTH="49" VPOS="911" HPOS="1176"/>
<SP HEIGHT="50" WIDTH="26" VPOS="912" HPOS="1226"/>
<!-- cceid 32C9B90C-6DD5-1014-B757-AF09C522E301 --><String CONTENT="A" HEIGHT="41" WIDTH="43" VPOS="912" HPOS="1253"/>
<SP HEIGHT="42" WIDTH="25" VPOS="911" HPOS="1297"/>
<String CONTENT="861059;" HEIGHT="53" WIDTH="189" VPOS="910" HPOS="1323"/>
<SP HEIGHT="53" WIDTH="29" VPOS="910" HPOS="1513"/>
<String LANG="la" CONTENT="C." HEIGHT="44" WIDTH="49" VPOS="910" HPOS="1543"/>
<SP HEIGHT="41" WIDTH="27" VPOS="911" HPOS="1593"/>
<String CONTENT="V." HEIGHT="43" WIDTH="57" VPOS="911" HPOS="1621"/>
<SP HEIGHT="42" WIDTH="28" VPOS="912" HPOS="1679"/>
<String CONTENT="Mosby" HEIGHT="51" WIDTH="166" VPOS="912" HPOS="1708"/>
<SP HEIGHT="37" WIDTH="27" VPOS="926" HPOS="1875"/>
<String CONTENT="co." HEIGHT="28" WIDTH="64" VPOS="926" HPOS="1903"/>
</TextLine>
<TextLine HEIGHT="56" WIDTH="271" VPOS="966" HPOS="222">
<String CONTENT="(25-12758)" HEIGHT="56" WIDTH="271" VPOS="966" HPOS="222"/>
</TextLine>
<TextLine HEIGHT="75" WIDTH="649" VPOS="1065" HPOS="146" STYLEREFS="StyleId-9FF485B0-1D42-44BE-8E4B-1097A1F27E8A-">
<String CONTENT="Cuddy," HEIGHT="75" WIDTH="237" VPOS="1065" HPOS="146"/>
<SP HEIGHT="70" WIDTH="32" VPOS="1068" HPOS="384"/>
<String CONTENT="Mrs." HEIGHT="56" WIDTH="153" VPOS="1068" HPOS="417"/>
<SP HEIGHT="57" WIDTH="35" VPOS="1066" HPOS="571"/>
<String CONTENT="Lucy." HEIGHT="72" WIDTH="188" VPOS="1066" HPOS="607"/>
</TextLine>
<TextLine HEIGHT="74" WIDTH="1917" VPOS="1157" HPOS="218" STYLEREFS="StyleId-3DB295DE-DAC5-4174-B0DC-DD3E26FB7507-">
<String LANG="en-US" CONTENT="Jack" HEIGHT="59" WIDTH="159" VPOS="1160" HPOS="218"/>
<SP HEIGHT="57" WIDTH="36" VPOS="1160" HPOS="378"/>
<String LANG="en-US" CONTENT="and" HEIGHT="57" WIDTH="125" VPOS="1161" HPOS="415"/>
<SP HEIGHT="60" WIDTH="34" VPOS="1158" HPOS="541"/>
<String LANG="en-US" CONTENT="Jill," HEIGHT="71" WIDTH="130" VPOS="1157" HPOS="576"/>
<SP HEIGHT="69" WIDTH="41" VPOS="1159" HPOS="707"/>
<String LANG="en-US" CONTENT="Little" HEIGHT="60" WIDTH="190" VPOS="1157" HPOS="749"/>
<SP HEIGHT="58" WIDTH="39" VPOS="1159" HPOS="940"/>
<String LANG="de" CONTENT="Miss" HEIGHT="58" WIDTH="157" VPOS="1158" HPOS="980"/>
<SP HEIGHT="59" WIDTH="38" VPOS="1157" HPOS="1138"/>
<String LANG="de" CONTENT="Muffet," HEIGHT="74" WIDTH="245" VPOS="1157" HPOS="1177"/>
<SP HEIGHT="72" WIDTH="41" VPOS="1159" HPOS="1423"/>
<String LANG="en-US" CONTENT="Six" HEIGHT="60" WIDTH="114" VPOS="1158" HPOS="1465"/>
<SP HEIGHT="56" WIDTH="33" VPOS="1160" HPOS="1580"/>
<String LANG="en-US" CONTENT="little" HEIGHT="59" WIDTH="161" VPOS="1158" HPOS="1614"/>
<SP HEIGHT="38" WIDTH="38" VPOS="1179" HPOS="1776"/>
<String LANG="en-US" CONTENT="mice" HEIGHT="58" WIDTH="154" VPOS="1160" HPOS="1815"/>
<SP HEIGHT="39" WIDTH="40" VPOS="1181" HPOS="1970"/>
<String LANG="en-US" CONTENT="and" HEIGHT="59" WIDTH="124" VPOS="1161" HPOS="2011"/>
</TextLine>
<TextLine HEIGHT="76" WIDTH="1995" VPOS="1234" HPOS="141" STYLEREFS="StyleId-3DB295DE-DAC5-4174-B0DC-DD3E26FB7507-" CS="1">
<String CONTENT="yellow" HEIGHT="72" WIDTH="219" VPOS="1238" HPOS="141"/>
<SP HEIGHT="53" WIDTH="25" VPOS="1255" HPOS="361"/>
<String CONTENT="pussy;" HEIGHT="54" WIDTH="227" VPOS="1255" HPOS="387"/>
<SP HEIGHT="70" WIDTH="30" VPOS="1239" HPOS="615"/>
<String CONTENT="dramatization" HEIGHT="60" WIDTH="487" VPOS="1235" HPOS="646"/>
<SP HEIGHT="56" WIDTH="30" VPOS="1239" HPOS="1134"/>
<String CONTENT="by" HEIGHT="70" WIDTH="80" VPOS="1239" HPOS="1165"/>
<SP HEIGHT="72" WIDTH="28" VPOS="1237" HPOS="1246"/>
<String CONTENT="Lucy" HEIGHT="71" WIDTH="171" VPOS="1237" HPOS="1275"/>
<SP HEIGHT="74" WIDTH="29" VPOS="1234" HPOS="1447"/>
<String CONTENT="Cuddy" HEIGHT="74" WIDTH="223" VPOS="1234" HPOS="1477"/>
<SP HEIGHT="52" WIDTH="34" VPOS="1256" HPOS="1701"/>
<String CS="1" CONTENT="&#8230;"/>
<SP HEIGHT="59" WIDTH="88" VPOS="1237" HPOS="1798"/>
<String CONTENT="Special" HEIGHT="73" WIDTH="249" VPOS="1237" HPOS="1887"/>
</TextLine>
<TextLine HEIGHT="140" WIDTH="1973" VPOS="1311" HPOS="139" STYLEREFS="StyleId-3DB295DE-DAC5-4174-B0DC-DD3E26FB7507-" CS="1">
<String CONTENT="music" HEIGHT="57" WIDTH="196" VPOS="1316" HPOS="139"/>
<SP HEIGHT="57" WIDTH="23" VPOS="1315" HPOS="336"/>
<String CONTENT="by" HEIGHT="72" WIDTH="82" VPOS="1315" HPOS="360"/>
<SP HEIGHT="75" WIDTH="21" VPOS="1312" HPOS="443"/>
<String CONTENT="Mary" HEIGHT="74" WIDTH="188" VPOS="1312" HPOS="465"/>
<SP HEIGHT="73" WIDTH="17" VPOS="1313" HPOS="654"/>
<String CONTENT="Weaver" HEIGHT="59" WIDTH="271" VPOS="1313" HPOS="672"/>
<SP HEIGHT="57" WIDTH="20" VPOS="1313" HPOS="944"/>
<String CONTENT="McCauley" HEIGHT="75" WIDTH="344" VPOS="1311" HPOS="965"/>
<SP HEIGHT="53" WIDTH="25" VPOS="1333" HPOS="1310"/>
<String CS="1" CONTENT="&#8230;"/>
<SP HEIGHT="59" WIDTH="88" VPOS="1312" HPOS="1399"/>
<String CONTENT="Stagecraft" HEIGHT="74" WIDTH="363" VPOS="1312" HPOS="1488"/>
<SP HEIGHT="57" WIDTH="22" VPOS="1316" HPOS="1852"/>
<String CONTENT="by" HEIGHT="71" WIDTH="84" VPOS="1316" HPOS="1875"/>
<SP HEIGHT="73" WIDTH="21" VPOS="1314" HPOS="1960"/>
<String CONTENT="Willard" HEIGHT="137" WIDTH="1973" VPOS="1314" HPOS="139"/>
</TextLine>
<TextLine HEIGHT="76" WIDTH="1825" VPOS="1390" HPOS="310" STYLEREFS="StyleId-3DB295DE-DAC5-4174-B0DC-DD3E26FB7507-" CS="1">
<String CONTENT="W." HEIGHT="58" WIDTH="96" VPOS="1391" HPOS="310"/>
<SP HEIGHT="56" WIDTH="35" VPOS="1392" HPOS="407"/>
<String CONTENT="Beatty" HEIGHT="72" WIDTH="234" VPOS="1392" HPOS="443"/>
<SP HEIGHT="52" WIDTH="37" VPOS="1412" HPOS="678"/>
<String CS="1" CONTENT="&#8230;"/>
<SP HEIGHT="58" WIDTH="89" VPOS="1390" HPOS="778"/>
<String CONTENT="Chicago," HEIGHT="74" WIDTH="288" VPOS="1390" HPOS="868"/>
<SP HEIGHT="72" WIDTH="36" VPOS="1391" HPOS="1157"/>
<String CONTENT="New" HEIGHT="57" WIDTH="151" VPOS="1391" HPOS="1194"/>
<SP HEIGHT="57" WIDTH="31" VPOS="1391" HPOS="1346"/>
<String CONTENT="York," HEIGHT="73" WIDTH="189" VPOS="1391" HPOS="1378"/>
<SP HEIGHT="72" WIDTH="35" VPOS="1392" HPOS="1568"/>
<String CONTENT="Band," HEIGHT="74" WIDTH="201" VPOS="1391" HPOS="1604"/>
<SP HEIGHT="74" WIDTH="35" VPOS="1391" HPOS="1806"/>
<String CONTENT="McNally" HEIGHT="75" WIDTH="293" VPOS="1391" HPOS="1842"/>
</TextLine>
<TextLine HEIGHT="74" WIDTH="637" VPOS="1468" HPOS="140" STYLEREFS="StyleId-3DB295DE-DAC5-4174-B0DC-DD3E26FB7507-">
<String CONTENT="&amp;" HEIGHT="55" WIDTH="62" VPOS="1470" HPOS="140"/>
<SP HEIGHT="57" WIDTH="32" VPOS="1470" HPOS="203"/>
<String CONTENT="company" HEIGHT="56" WIDTH="304" VPOS="1486" HPOS="236"/>
<SP HEIGHT="53" WIDTH="33" VPOS="1489" HPOS="541"/>
<String CONTENT="[" HEIGHT="43" WIDTH="14" VPOS="1499" HPOS="575"/>
<String STYLE="superscript" CONTENT="c" HEIGHT="22" WIDTH="20" VPOS="1477" HPOS="589"/>
<String CONTENT="1925]" HEIGHT="73" WIDTH="164" VPOS="1468" HPOS="613"/>
</TextLine>
<TextLine HEIGHT="52" WIDTH="1131" VPOS="1546" HPOS="213" CS="1">
<String CONTENT="137" HEIGHT="45" WIDTH="77" VPOS="1547" HPOS="213"/>
<SP HEIGHT="51" WIDTH="23" VPOS="1547" HPOS="291"/>
<String CONTENT="p." HEIGHT="36" WIDTH="40" VPOS="1562" HPOS="315"/>
<SP HEIGHT="44" WIDTH="25" VPOS="1547" HPOS="356"/>
<String CONTENT="incl." HEIGHT="47" WIDTH="101" VPOS="1547" HPOS="382"/>
<SP HEIGHT="46" WIDTH="24" VPOS="1548" HPOS="484"/>
<String CONTENT="front.," HEIGHT="49" WIDTH="154" VPOS="1548" HPOS="509"/>
<SP HEIGHT="51" WIDTH="23" VPOS="1546" HPOS="664"/>
<String CONTENT="illus." HEIGHT="46" WIDTH="118" VPOS="1546" HPOS="688"/>
<SP HEIGHT="44" WIDTH="24" VPOS="1553" HPOS="807"/>
<String CONTENT="(incl." HEIGHT="51" WIDTH="127" VPOS="1546" HPOS="832"/>
<SP HEIGHT="29" WIDTH="25" VPOS="1562" HPOS="960"/>
<String CONTENT="music)" HEIGHT="50" WIDTH="169" VPOS="1546" HPOS="986"/>
<SP HEIGHT="49" WIDTH="68" VPOS="1547" HPOS="1156"/>
<String CONTENT="18" HEIGHT="44" WIDTH="51" VPOS="1547" HPOS="1225"/>
<String STYLE="superscript" CS="1" CONTENT="cm" HEIGHT="18" WIDTH="16" VPOS="1549" HPOS="1282"/>
<String CONTENT="." HEIGHT="9" WIDTH="9" VPOS="1582" HPOS="1335"/>
</TextLine>
<TextLine HEIGHT="51" WIDTH="1037" VPOS="1602" HPOS="213">
<String CONTENT="Lettered" HEIGHT="44" WIDTH="212" VPOS="1605" HPOS="213"/>
<SP HEIGHT="43" WIDTH="21" VPOS="1605" HPOS="426"/>
<String CONTENT="on" HEIGHT="29" WIDTH="60" VPOS="1618" HPOS="448"/>
<SP HEIGHT="29" WIDTH="21" VPOS="1618" HPOS="509"/>
<String CONTENT="cover:" HEIGHT="30" WIDTH="160" VPOS="1617" HPOS="531"/>
<SP HEIGHT="44" WIDTH="25" VPOS="1603" HPOS="692"/>
<String CONTENT="Mother" HEIGHT="45" WIDTH="186" VPOS="1602" HPOS="718"/>
<SP HEIGHT="45" WIDTH="23" VPOS="1602" HPOS="905"/>
<String CONTENT="Goose" HEIGHT="45" WIDTH="154" VPOS="1602" HPOS="929"/>
<SP HEIGHT="36" WIDTH="21" VPOS="1616" HPOS="1084"/>
<String CONTENT="plays." HEIGHT="51" WIDTH="144" VPOS="1602" HPOS="1106"/>
</TextLine>
<TextLine HEIGHT="55" WIDTH="1827" VPOS="1655" HPOS="141">
<String CONTENT="&#169;" HEIGHT="53" WIDTH="55" VPOS="1656" HPOS="141"/>
<SP HEIGHT="54" WIDTH="17" VPOS="1656" HPOS="197"/>
<String CONTENT="June" HEIGHT="50" WIDTH="115" VPOS="1660" HPOS="215"/>
<SP HEIGHT="42" WIDTH="21" VPOS="1659" HPOS="331"/>
<String CONTENT="23," HEIGHT="51" WIDTH="68" VPOS="1658" HPOS="353"/>
<SP HEIGHT="50" WIDTH="25" VPOS="1659" HPOS="422"/>
<String CONTENT="1925;" HEIGHT="52" WIDTH="129" VPOS="1655" HPOS="448"/>
<SP HEIGHT="49" WIDTH="24" VPOS="1658" HPOS="578"/>
<String CONTENT="2c." HEIGHT="41" WIDTH="64" VPOS="1658" HPOS="603"/>
<SP HEIGHT="27" WIDTH="24" VPOS="1672" HPOS="668"/>
<String CONTENT="and" HEIGHT="42" WIDTH="86" VPOS="1657" HPOS="693"/>
<SP HEIGHT="42" WIDTH="23" VPOS="1657" HPOS="780"/>
<String CONTENT="aff." HEIGHT="43" WIDTH="78" VPOS="1655" HPOS="804"/>
<SP HEIGHT="50" WIDTH="22" VPOS="1658" HPOS="883"/>
<String CONTENT="June" HEIGHT="50" WIDTH="115" VPOS="1658" HPOS="906"/>
<SP HEIGHT="40" WIDTH="23" VPOS="1658" HPOS="1022"/>
<String CONTENT="29;" HEIGHT="50" WIDTH="77" VPOS="1657" HPOS="1046"/>
<SP HEIGHT="51" WIDTH="24" VPOS="1656" HPOS="1124"/>
<!-- cceid 32CA1E2A-6DD5-1014-B757-AF09C522E301 --><String CONTENT="A" HEIGHT="42" WIDTH="44" VPOS="1656" HPOS="1149"/>
<SP HEIGHT="42" WIDTH="23" VPOS="1656" HPOS="1194"/>
<String CONTENT="829918;" HEIGHT="52" WIDTH="188" VPOS="1656" HPOS="1218"/>
<SP HEIGHT="51" WIDTH="29" VPOS="1657" HPOS="1407"/>
<String CONTENT="Rand" HEIGHT="42" WIDTH="129" VPOS="1657" HPOS="1437"/>
<SP HEIGHT="42" WIDTH="25" VPOS="1657" HPOS="1567"/>
<String CONTENT="McNally" HEIGHT="54" WIDTH="222" VPOS="1656" HPOS="1593"/>
<SP HEIGHT="52" WIDTH="26" VPOS="1658" HPOS="1816"/>
<String CONTENT="&amp;" HEIGHT="43" WIDTH="36" VPOS="1658" HPOS="1843"/>
<SP HEIGHT="43" WIDTH="23" VPOS="1658" HPOS="1880"/>
<String CONTENT="co." HEIGHT="28" WIDTH="64" VPOS="1673" HPOS="1904"/>
</TextLine>
<TextLine HEIGHT="55" WIDTH="270" VPOS="1713" HPOS="218">
<String CONTENT="(25-11958)" HEIGHT="55" WIDTH="270" VPOS="1713" HPOS="218"/>
</TextLine>
<TextLine HEIGHT="75" WIDTH="620" VPOS="1811" HPOS="138" STYLEREFS="StyleId-9FF485B0-1D42-44BE-8E4B-1097A1F27E8A-">
<String CONTENT="Denny," HEIGHT="71" WIDTH="237" VPOS="1815" HPOS="138"/>
<SP HEIGHT="72" WIDTH="34" VPOS="1813" HPOS="376"/>
<String CONTENT="Walter" HEIGHT="60" WIDTH="244" VPOS="1811" HPOS="411"/>
<SP HEIGHT="57" WIDTH="31" VPOS="1812" HPOS="656"/>
<String CONTENT="B." HEIGHT="57" WIDTH="70" VPOS="1812" HPOS="688"/>
</TextLine>
<TextLine HEIGHT="77" WIDTH="1914" VPOS="1902" HPOS="218" STYLEREFS="StyleId-3DB295DE-DAC5-4174-B0DC-DD3E26FB7507-">
<String CONTENT="The" HEIGHT="57" WIDTH="131" VPOS="1905" HPOS="218"/>
<SP HEIGHT="59" WIDTH="24" VPOS="1903" HPOS="350"/>
<String CONTENT="four" HEIGHT="57" WIDTH="150" VPOS="1903" HPOS="375"/>
<SP HEIGHT="59" WIDTH="27" VPOS="1903" HPOS="526"/>
<String CONTENT="Gospels" HEIGHT="71" WIDTH="263" VPOS="1903" HPOS="554"/>
<SP HEIGHT="38" WIDTH="30" VPOS="1922" HPOS="818"/>
<String CONTENT="and" HEIGHT="56" WIDTH="125" VPOS="1905" HPOS="849"/>
<SP HEIGHT="56" WIDTH="25" VPOS="1905" HPOS="975"/>
<String CONTENT="the" HEIGHT="57" WIDTH="103" VPOS="1903" HPOS="1001"/>
<SP HEIGHT="59" WIDTH="33" VPOS="1902" HPOS="1105"/>
<String CONTENT="Christian" HEIGHT="59" WIDTH="325" VPOS="1902" HPOS="1139"/>
<SP HEIGHT="55" WIDTH="26" VPOS="1904" HPOS="1465"/>
<String CONTENT="life" HEIGHT="58" WIDTH="111" VPOS="1903" HPOS="1492"/>
<SP HEIGHT="55" WIDTH="36" VPOS="1923" HPOS="1604"/>
<String CONTENT="[by]" HEIGHT="73" WIDTH="111" VPOS="1906" HPOS="1641"/>
<SP HEIGHT="74" WIDTH="32" VPOS="1905" HPOS="1753"/>
<String CONTENT="Walter" HEIGHT="58" WIDTH="247" VPOS="1905" HPOS="1786"/>
<SP HEIGHT="56" WIDTH="27" VPOS="1906" HPOS="2034"/>
<String CONTENT="B." HEIGHT="57" WIDTH="70" VPOS="1906" HPOS="2062"/>
</TextLine>
<TextLine HEIGHT="80" WIDTH="1889" VPOS="1979" HPOS="139" STYLEREFS="StyleId-3DB295DE-DAC5-4174-B0DC-DD3E26FB7507-" CS="1">
<String CONTENT="Denny" HEIGHT="71" WIDTH="224" VPOS="1983" HPOS="139"/>
<SP HEIGHT="55" WIDTH="32" VPOS="1999" HPOS="364"/>
<String CS="1" CONTENT="&#8230;"/>
<SP HEIGHT="59" WIDTH="74" VPOS="1981" HPOS="458"/>
<String CONTENT="Boston," HEIGHT="72" WIDTH="256" VPOS="1981" HPOS="533"/>
<SP HEIGHT="74" WIDTH="34" VPOS="1979" HPOS="790"/>
<String CONTENT="Chicago," HEIGHT="74" WIDTH="287" VPOS="1979" HPOS="825"/>
<SP HEIGHT="71" WIDTH="35" VPOS="1982" HPOS="1113"/>
<String CONTENT="The" HEIGHT="58" WIDTH="128" VPOS="1981" HPOS="1149"/>
<SP HEIGHT="58" WIDTH="31" VPOS="1981" HPOS="1278"/>
<String CONTENT="Pilgrim" HEIGHT="73" WIDTH="267" VPOS="1981" HPOS="1310"/>
<SP HEIGHT="54" WIDTH="28" VPOS="2000" HPOS="1578"/>
<String CONTENT="press" HEIGHT="54" WIDTH="183" VPOS="2000" HPOS="1607"/>
<SP HEIGHT="54" WIDTH="35" VPOS="2003" HPOS="1791"/>
<String CONTENT="[" HEIGHT="44" WIDTH="13" VPOS="2013" HPOS="1827"/>
<String STYLE="superscript" CONTENT="c" HEIGHT="22" WIDTH="20" VPOS="1990" HPOS="1841"/>
<String CONTENT="1925]" HEIGHT="74" WIDTH="165" VPOS="1985" HPOS="1863"/>
</TextLine>
<TextLine HEIGHT="56" WIDTH="1126" VPOS="2056" HPOS="208" CS="1">
<String CONTENT="5" HEIGHT="46" WIDTH="26" VPOS="2057" HPOS="208"/>
<SP HEIGHT="55" WIDTH="23" VPOS="2057" HPOS="235"/>
<String CONTENT="p." HEIGHT="38" WIDTH="39" VPOS="2074" HPOS="259"/>
<SP HEIGHT="44" WIDTH="27" VPOS="2059" HPOS="299"/>
<String CS="1" CONTENT="l.,"/>
<SP HEIGHT="52" WIDTH="26" VPOS="2060" HPOS="370"/>
<String CONTENT="3-205" HEIGHT="46" WIDTH="134" VPOS="2056" HPOS="397"/>
<SP HEIGHT="55" WIDTH="27" VPOS="2056" HPOS="532"/>
<String CONTENT="p." HEIGHT="39" WIDTH="39" VPOS="2072" HPOS="560"/>
<SP HEIGHT="44" WIDTH="29" VPOS="2058" HPOS="600"/>
<String CONTENT="incl." HEIGHT="43" WIDTH="100" VPOS="2058" HPOS="630"/>
<SP HEIGHT="44" WIDTH="28" VPOS="2057" HPOS="731"/>
<String CONTENT="front.," HEIGHT="45" WIDTH="137" VPOS="2057" HPOS="760"/>
<SP HEIGHT="54" WIDTH="26" VPOS="2057" HPOS="898"/>
<String CONTENT="(diagr.)" HEIGHT="54" WIDTH="195" VPOS="2057" HPOS="925"/>
<SP HEIGHT="53" WIDTH="66" VPOS="2058" HPOS="1121"/>
<String CS="1" CONTENT="19&#189;" HEIGHT="44" WIDTH="52" VPOS="2058" HPOS="1188"/>
<String STYLE="superscript" CS="1" CONTENT="cm" HEIGHT="17" WIDTH="15" VPOS="2060" HPOS="1273"/>
<String CONTENT="." HEIGHT="9" WIDTH="9" VPOS="2093" HPOS="1325"/>
</TextLine>
<TextLine HEIGHT="53" WIDTH="1077" VPOS="2114" HPOS="211">
<String CONTENT="Contains" HEIGHT="45" WIDTH="213" VPOS="2115" HPOS="211"/>
<SP HEIGHT="43" WIDTH="35" VPOS="2116" HPOS="425"/>
<String CONTENT="&#8220;References" HEIGHT="44" WIDTH="302" VPOS="2115" HPOS="461"/>
<SP HEIGHT="44" WIDTH="33" VPOS="2114" HPOS="764"/>
<String CONTENT="for" HEIGHT="45" WIDTH="75" VPOS="2114" HPOS="798"/>
<SP HEIGHT="43" WIDTH="30" VPOS="2115" HPOS="874"/>
<String CONTENT="further" HEIGHT="43" WIDTH="178" VPOS="2115" HPOS="905"/>
<SP HEIGHT="29" WIDTH="31" VPOS="2129" HPOS="1084"/>
<String CONTENT="study&#8221;." HEIGHT="53" WIDTH="172" VPOS="2114" HPOS="1116"/>
</TextLine>
<TextLine HEIGHT="54" WIDTH="1990" VPOS="2171" HPOS="140">
<String CONTENT="&#169;" HEIGHT="54" WIDTH="54" VPOS="2171" HPOS="140"/>
<SP HEIGHT="54" WIDTH="26" VPOS="2171" HPOS="195"/>
<String CONTENT="Feb." HEIGHT="44" WIDTH="105" VPOS="2173" HPOS="222"/>
<SP HEIGHT="44" WIDTH="28" VPOS="2172" HPOS="328"/>
<String CONTENT="7," HEIGHT="51" WIDTH="36" VPOS="2172" HPOS="357"/>
<SP HEIGHT="49" WIDTH="30" VPOS="2174" HPOS="394"/>
<String CONTENT="1925;" HEIGHT="54" WIDTH="129" VPOS="2171" HPOS="425"/>
<SP HEIGHT="50" WIDTH="27" VPOS="2175" HPOS="555"/>
<String CONTENT="2c." HEIGHT="40" WIDTH="62" VPOS="2175" HPOS="583"/>
<SP HEIGHT="27" WIDTH="28" VPOS="2188" HPOS="646"/>
<String CONTENT="and" HEIGHT="42" WIDTH="87" VPOS="2173" HPOS="675"/>
<SP HEIGHT="42" WIDTH="24" VPOS="2173" HPOS="763"/>
<String CONTENT="aff." HEIGHT="43" WIDTH="77" VPOS="2172" HPOS="788"/>
<SP HEIGHT="43" WIDTH="29" VPOS="2171" HPOS="866"/>
<String CONTENT="Feb." HEIGHT="44" WIDTH="105" VPOS="2171" HPOS="896"/>
<SP HEIGHT="41" WIDTH="31" VPOS="2174" HPOS="1002"/>
<String CONTENT="10;" HEIGHT="53" WIDTH="73" VPOS="2171" HPOS="1034"/>
<SP HEIGHT="50" WIDTH="28" VPOS="2174" HPOS="1108"/>
<!-- cceid 32CA7B11-6DD5-1014-B757-AF09C522E301 --><String CONTENT="A" HEIGHT="40" WIDTH="43" VPOS="2174" HPOS="1137"/>
<SP HEIGHT="42" WIDTH="25" VPOS="2173" HPOS="1181"/>
<String CONTENT="815983;" HEIGHT="54" WIDTH="188" VPOS="2171" HPOS="1207"/>
<SP HEIGHT="52" WIDTH="35" VPOS="2173" HPOS="1396"/>
<String CONTENT="Sidney" HEIGHT="52" WIDTH="164" VPOS="2173" HPOS="1432"/>
<SP HEIGHT="50" WIDTH="25" VPOS="2175" HPOS="1597"/>
<String CONTENT="A." HEIGHT="41" WIDTH="58" VPOS="2175" HPOS="1623"/>
<SP HEIGHT="43" WIDTH="27" VPOS="2175" HPOS="1682"/>
<String CONTENT="Weston," HEIGHT="50" WIDTH="205" VPOS="2175" HPOS="1710"/>
<SP HEIGHT="50" WIDTH="30" VPOS="2175" HPOS="1916"/>
<String CONTENT="Boston." HEIGHT="44" WIDTH="183" VPOS="2175" HPOS="1947"/>
</TextLine>
<TextLine HEIGHT="56" WIDTH="243" VPOS="2228" HPOS="215">
<String CONTENT="(25-3855)" HEIGHT="56" WIDTH="243" VPOS="2228" HPOS="215"/>
</TextLine>
<TextLine HEIGHT="72" WIDTH="702" VPOS="2328" HPOS="142" STYLEREFS="StyleId-9FF485B0-1D42-44BE-8E4B-1097A1F27E8A-">
<String CONTENT="Eaves," HEIGHT="67" WIDTH="218" VPOS="2331" HPOS="142"/>
<SP HEIGHT="69" WIDTH="31" VPOS="2329" HPOS="361"/>
<String CONTENT="Lucile," HEIGHT="72" WIDTH="228" VPOS="2328" HPOS="393"/>
<SP HEIGHT="68" WIDTH="32" VPOS="2332" HPOS="622"/>
<String CONTENT="1869-" HEIGHT="55" WIDTH="189" VPOS="2332" HPOS="655"/>
</TextLine>
<TextLine HEIGHT="73" WIDTH="1851" VPOS="2420" HPOS="279" STYLEREFS="StyleId-3DB295DE-DAC5-4174-B0DC-DD3E26FB7507-" CS="1">
<String CS="1" CONTENT="&#8230;"/>
<SP HEIGHT="59" WIDTH="45" VPOS="2420" HPOS="279"/>
<String CONTENT="Children" HEIGHT="59" WIDTH="297" VPOS="2420" HPOS="325"/>
<SP HEIGHT="56" WIDTH="33" VPOS="2420" HPOS="623"/>
<String CONTENT="in" HEIGHT="56" WIDTH="66" VPOS="2420" HPOS="657"/>
<SP HEIGHT="36" WIDTH="34" VPOS="2440" HPOS="724"/>
<String CONTENT="need" HEIGHT="56" WIDTH="158" VPOS="2421" HPOS="759"/>
<SP HEIGHT="56" WIDTH="34" VPOS="2421" HPOS="918"/>
<String CONTENT="of" HEIGHT="55" WIDTH="68" VPOS="2421" HPOS="953"/>
<SP HEIGHT="56" WIDTH="38" VPOS="2421" HPOS="1022"/>
<String CONTENT="special" HEIGHT="71" WIDTH="233" VPOS="2420" HPOS="1061"/>
<SP HEIGHT="57" WIDTH="35" VPOS="2421" HPOS="1295"/>
<String CONTENT="care;" HEIGHT="52" WIDTH="171" VPOS="2441" HPOS="1331"/>
<SP HEIGHT="51" WIDTH="43" VPOS="2442" HPOS="1503"/>
<String CONTENT="studies" HEIGHT="59" WIDTH="237" VPOS="2423" HPOS="1547"/>
<SP HEIGHT="57" WIDTH="34" VPOS="2425" HPOS="1785"/>
<String CONTENT="based" HEIGHT="57" WIDTH="195" VPOS="2425" HPOS="1820"/>
<SP HEIGHT="57" WIDTH="33" VPOS="2426" HPOS="2016"/>
<String CONTENT="on" HEIGHT="38" WIDTH="80" VPOS="2445" HPOS="2050"/>
</TextLine>
<TextLine HEIGHT="76" WIDTH="1994" VPOS="2498" HPOS="135" STYLEREFS="StyleId-3DB295DE-DAC5-4174-B0DC-DD3E26FB7507-">
<String CONTENT="two" HEIGHT="54" WIDTH="120" VPOS="2502" HPOS="135"/>
<SP HEIGHT="54" WIDTH="38" VPOS="2502" HPOS="256"/>
<String CONTENT="thousand" HEIGHT="57" WIDTH="312" VPOS="2499" HPOS="295"/>
<SP HEIGHT="56" WIDTH="37" VPOS="2499" HPOS="608"/>
<String CONTENT="case" HEIGHT="38" WIDTH="138" VPOS="2517" HPOS="646"/>
<SP HEIGHT="37" WIDTH="39" VPOS="2517" HPOS="785"/>
<String CONTENT="records" HEIGHT="56" WIDTH="254" VPOS="2499" HPOS="825"/>
<SP HEIGHT="37" WIDTH="38" VPOS="2518" HPOS="1080"/>
<String CONTENT="of" HEIGHT="57" WIDTH="69" VPOS="2498" HPOS="1119"/>
<SP HEIGHT="57" WIDTH="37" VPOS="2498" HPOS="1189"/>
<String CONTENT="social" HEIGHT="57" WIDTH="192" VPOS="2499" HPOS="1227"/>
<SP HEIGHT="57" WIDTH="34" VPOS="2499" HPOS="1420"/>
<String CONTENT="agencies," HEIGHT="74" WIDTH="304" VPOS="2500" HPOS="1455"/>
<SP HEIGHT="72" WIDTH="38" VPOS="2502" HPOS="1760"/>
<String CONTENT="by" HEIGHT="71" WIDTH="82" VPOS="2502" HPOS="1799"/>
<SP HEIGHT="70" WIDTH="34" VPOS="2503" HPOS="1882"/>
<String CONTENT="Lucile" HEIGHT="60" WIDTH="212" VPOS="2502" HPOS="1917"/>
</TextLine>
<TextLine HEIGHT="74" WIDTH="1925" VPOS="2576" HPOS="136" STYLEREFS="StyleId-3DB295DE-DAC5-4174-B0DC-DD3E26FB7507-" CS="1">
<String CONTENT="Eaves" HEIGHT="58" WIDTH="207" VPOS="2577" HPOS="136"/>
<SP HEIGHT="38" WIDTH="36" VPOS="2597" HPOS="344"/>
<String CONTENT="and" HEIGHT="57" WIDTH="124" VPOS="2578" HPOS="381"/>
<SP HEIGHT="57" WIDTH="31" VPOS="2578" HPOS="506"/>
<String CONTENT="associates," HEIGHT="71" WIDTH="360" VPOS="2576" HPOS="538"/>
<SP/>
<String CONTENT="introduction" HEIGHT="59" WIDTH="427" VPOS="2576" HPOS="933"/>
<SP HEIGHT="57" WIDTH="30" VPOS="2578" HPOS="1361"/>
<String CONTENT="by" HEIGHT="72" WIDTH="85" VPOS="2578" HPOS="1392"/>
<SP HEIGHT="73" WIDTH="33" VPOS="2577" HPOS="1478"/>
<String CONTENT="C." HEIGHT="60" WIDTH="64" VPOS="2577" HPOS="1512"/>
<SP HEIGHT="59" WIDTH="38" VPOS="2579" HPOS="1577"/>
<String CONTENT="C." HEIGHT="59" WIDTH="64" VPOS="2579" HPOS="1616"/>
<SP HEIGHT="60" WIDTH="39" VPOS="2578" HPOS="1681"/>
<String LANG="de" CONTENT="Carstens" HEIGHT="63" WIDTH="301" VPOS="2578" HPOS="1721"/>
<SP HEIGHT="40" WIDTH="38" VPOS="2601" HPOS="2023"/>
<String CS="1" CONTENT="&#8230;"/>
</TextLine>
<TextLine HEIGHT="77" WIDTH="1994" VPOS="2654" HPOS="133" STYLEREFS="StyleId-3DB295DE-DAC5-4174-B0DC-DD3E26FB7507-">
<String CONTENT="Boston," HEIGHT="70" WIDTH="258" VPOS="2656" HPOS="133"/>
<SP HEIGHT="71" WIDTH="27" VPOS="2655" HPOS="392"/>
<String CONTENT="Women&#8217;s" HEIGHT="57" WIDTH="322" VPOS="2655" HPOS="420"/>
<SP HEIGHT="38" WIDTH="31" VPOS="2674" HPOS="743"/>
<String CONTENT="educational" HEIGHT="57" WIDTH="394" VPOS="2654" HPOS="775"/>
<SP HEIGHT="56" WIDTH="28" VPOS="2655" HPOS="1170"/>
<String CONTENT="and" HEIGHT="56" WIDTH="123" VPOS="2657" HPOS="1199"/>
<SP HEIGHT="57" WIDTH="27" VPOS="2656" HPOS="1323"/>
<String CONTENT="industrial" HEIGHT="58" WIDTH="342" VPOS="2656" HPOS="1351"/>
<SP HEIGHT="55" WIDTH="25" VPOS="2659" HPOS="1694"/>
<String CONTENT="union," HEIGHT="72" WIDTH="208" VPOS="2659" HPOS="1720"/>
<SP HEIGHT="68" WIDTH="31" VPOS="2663" HPOS="1929"/>
<String CONTENT="1923." HEIGHT="56" WIDTH="166" VPOS="2662" HPOS="1961"/>
</TextLine>
<TextLine HEIGHT="61" WIDTH="1920" VPOS="2731" HPOS="215" CS="1">
<String CONTENT="125" HEIGHT="44" WIDTH="75" VPOS="2735" HPOS="215"/>
<SP HEIGHT="53" WIDTH="27" VPOS="2735" HPOS="291"/>
<String CONTENT="p." HEIGHT="37" WIDTH="39" VPOS="2751" HPOS="319"/>
<SP HEIGHT="42" WIDTH="58" VPOS="2736" HPOS="359"/>
<String CONTENT="diagrs." HEIGHT="53" WIDTH="166" VPOS="2733" HPOS="418"/>
<SP HEIGHT="41" WIDTH="59" VPOS="2736" HPOS="585"/>
<String CONTENT="23" HEIGHT="43" WIDTH="51" VPOS="2734" HPOS="645"/>
<String STYLE="superscript" CS="1" CONTENT="cm" HEIGHT="17" WIDTH="15" VPOS="2735" HPOS="705"/>
<String CONTENT="." HEIGHT="7" WIDTH="7" VPOS="2768" HPOS="760"/>
<SP HEIGHT="53" WIDTH="68" VPOS="2733" HPOS="768"/>
<String CONTENT="(Co-operative" HEIGHT="55" WIDTH="345" VPOS="2731" HPOS="837"/>
<SP HEIGHT="29" WIDTH="26" VPOS="2748" HPOS="1183"/>
<String CONTENT="social" HEIGHT="44" WIDTH="138" VPOS="2733" HPOS="1210"/>
<SP HEIGHT="43" WIDTH="27" VPOS="2733" HPOS="1349"/>
<String CONTENT="research," HEIGHT="51" WIDTH="219" VPOS="2735" HPOS="1377"/>
<SP HEIGHT="49" WIDTH="25" VPOS="2737" HPOS="1597"/>
<String CONTENT="by" HEIGHT="52" WIDTH="59" VPOS="2737" HPOS="1623"/>
<SP HEIGHT="54" WIDTH="27" VPOS="2735" HPOS="1683"/>
<String CONTENT="Simmons" HEIGHT="47" WIDTH="226" VPOS="2735" HPOS="1711"/>
<SP HEIGHT="30" WIDTH="25" VPOS="2752" HPOS="1938"/>
<String CONTENT="college" HEIGHT="55" WIDTH="171" VPOS="2737" HPOS="1964"/>
</TextLine>
<TextLine HEIGHT="57" WIDTH="1992" VPOS="2788" HPOS="141">
<String CONTENT="school" HEIGHT="44" WIDTH="154" VPOS="2792" HPOS="141"/>
<SP HEIGHT="43" WIDTH="26" VPOS="2792" HPOS="296"/>
<String CONTENT="of" HEIGHT="44" WIDTH="54" VPOS="2791" HPOS="323"/>
<SP HEIGHT="43" WIDTH="28" VPOS="2791" HPOS="378"/>
<String CONTENT="social" HEIGHT="44" WIDTH="137" VPOS="2791" HPOS="407"/>
<SP HEIGHT="42" WIDTH="29" VPOS="2791" HPOS="545"/>
<String CONTENT="work," HEIGHT="50" WIDTH="142" VPOS="2790" HPOS="575"/>
<SP HEIGHT="50" WIDTH="33" VPOS="2790" HPOS="718"/>
<String CONTENT="Boston" HEIGHT="43" WIDTH="171" VPOS="2790" HPOS="752"/>
<SP HEIGHT="28" WIDTH="33" VPOS="2804" HPOS="924"/>
<String CONTENT="council" HEIGHT="44" WIDTH="175" VPOS="2788" HPOS="958"/>
<SP HEIGHT="45" WIDTH="29" VPOS="2789" HPOS="1134"/>
<String CONTENT="of" HEIGHT="44" WIDTH="52" VPOS="2790" HPOS="1164"/>
<SP HEIGHT="44" WIDTH="28" VPOS="2790" HPOS="1217"/>
<String CONTENT="social" HEIGHT="44" WIDTH="138" VPOS="2790" HPOS="1246"/>
<SP HEIGHT="45" WIDTH="31" VPOS="2790" HPOS="1385"/>
<String CONTENT="agencies," HEIGHT="52" WIDTH="222" VPOS="2793" HPOS="1417"/>
<SP HEIGHT="36" WIDTH="31" VPOS="2809" HPOS="1640"/>
<String CONTENT="and" HEIGHT="42" WIDTH="87" VPOS="2795" HPOS="1672"/>
<SP HEIGHT="42" WIDTH="30" VPOS="2795" HPOS="1760"/>
<String CONTENT="the" HEIGHT="44" WIDTH="73" VPOS="2794" HPOS="1791"/>
<SP HEIGHT="44" WIDTH="31" VPOS="2795" HPOS="1865"/>
<String CONTENT="Women&#8217;s" HEIGHT="45" WIDTH="236" VPOS="2795" HPOS="1897"/>
</TextLine>
<TextLine HEIGHT="54" WIDTH="1178" VPOS="2846" HPOS="139">
<String CONTENT="educational" HEIGHT="44" WIDTH="280" VPOS="2848" HPOS="139"/>
<SP HEIGHT="43" WIDTH="23" VPOS="2848" HPOS="420"/>
<String CONTENT="and" HEIGHT="42" WIDTH="89" VPOS="2849" HPOS="444"/>
<SP HEIGHT="45" WIDTH="19" VPOS="2846" HPOS="534"/>
<String CONTENT="industrial" HEIGHT="44" WIDTH="241" VPOS="2846" HPOS="554"/>
<SP HEIGHT="42" WIDTH="22" VPOS="2847" HPOS="796"/>
<String CONTENT="union," HEIGHT="50" WIDTH="148" VPOS="2846" HPOS="819"/>
<SP HEIGHT="35" WIDTH="26" VPOS="2861" HPOS="968"/>
<String CONTENT="report" HEIGHT="45" WIDTH="151" VPOS="2853" HPOS="995"/>
<SP HEIGHT="36" WIDTH="23" VPOS="2853" HPOS="1147"/>
<String CONTENT="no." HEIGHT="31" WIDTH="70" VPOS="2862" HPOS="1171"/>
<SP HEIGHT="41" WIDTH="23" VPOS="2852" HPOS="1242"/>
<String CONTENT="2)" HEIGHT="53" WIDTH="51" VPOS="2847" HPOS="1266"/>
</TextLine>
<TextLine HEIGHT="105" WIDTH="1969" VPOS="2901" HPOS="144" STYLEREFS="StyleId-3F5F07EE-1201-4EC6-A05D-8FB209AE761B-" CS="1">
<String CONTENT="&#169;" HEIGHT="53" WIDTH="53" VPOS="2904" HPOS="144"/>
<SP HEIGHT="53" WIDTH="26" VPOS="2904" HPOS="198"/>
<String CONTENT="Nov." HEIGHT="42" WIDTH="119" VPOS="2907" HPOS="225"/>
<SP HEIGHT="41" WIDTH="28" VPOS="2907" HPOS="345"/>
<String CONTENT="1," HEIGHT="48" WIDTH="33" VPOS="2907" HPOS="374"/>
<SP HEIGHT="48" WIDTH="29" VPOS="2907" HPOS="408"/>
<String CONTENT="1924;" HEIGHT="51" WIDTH="130" VPOS="2905" HPOS="438"/>
<SP HEIGHT="51" WIDTH="26" VPOS="2905" HPOS="569"/>
<String CONTENT="2c." HEIGHT="41" WIDTH="64" VPOS="2905" HPOS="596"/>
<SP HEIGHT="44" WIDTH="26" VPOS="2902" HPOS="661"/>
<String CONTENT="Feb." HEIGHT="45" WIDTH="107" VPOS="2902" HPOS="688"/>
<SP HEIGHT="41" WIDTH="29" VPOS="2905" HPOS="796"/>
<String CONTENT="12," HEIGHT="50" WIDTH="63" VPOS="2904" HPOS="826"/>
<SP HEIGHT="49" WIDTH="28" VPOS="2905" HPOS="890"/>
<String CONTENT="1925;" HEIGHT="53" WIDTH="129" VPOS="2901" HPOS="919"/>
<SP HEIGHT="36" WIDTH="28" VPOS="2918" HPOS="1049"/>
<String CONTENT="aff." HEIGHT="43" WIDTH="78" VPOS="2903" HPOS="1078"/>
<SP HEIGHT="43" WIDTH="28" VPOS="2902" HPOS="1157"/>
<String CONTENT="Feb." HEIGHT="45" WIDTH="105" VPOS="2902" HPOS="1186"/>
<SP HEIGHT="42" WIDTH="30" VPOS="2905" HPOS="1292"/>
<String CONTENT="13;" HEIGHT="52" WIDTH="72" VPOS="2904" HPOS="1323"/>
<SP HEIGHT="50" WIDTH="28" VPOS="2906" HPOS="1396"/>
<!-- cceid 32CAE197-6DD5-1014-B757-AF09C522E301 --><String CONTENT="A" HEIGHT="41" WIDTH="43" VPOS="2906" HPOS="1425"/>
<SP HEIGHT="43" WIDTH="25" VPOS="2905" HPOS="1469"/>
<String CONTENT="822016;" HEIGHT="53" WIDTH="189" VPOS="2905" HPOS="1495"/>
<SP HEIGHT="50" WIDTH="28" VPOS="2908" HPOS="1685"/>
<String CONTENT="Women&#8217;s" HEIGHT="45" WIDTH="232" VPOS="2907" HPOS="1714"/>
<SP HEIGHT="29" WIDTH="27" VPOS="2924" HPOS="1947"/>
<String CONTENT="educational" HEIGHT="95" WIDTH="1902" VPOS="2911" HPOS="211"/>
</TextLine>
<TextLine HEIGHT="46" WIDTH="522" VPOS="2959" HPOS="374" STYLEREFS="StyleId-3F5F07EE-1201-4EC6-A05D-8FB209AE761B-">
<String CONTENT="and" HEIGHT="43" WIDTH="88" VPOS="2962" HPOS="374"/>
<SP HEIGHT="42" WIDTH="22" VPOS="2962" HPOS="463"/>
<String CONTENT="industrial" HEIGHT="45" WIDTH="237" VPOS="2959" HPOS="486"/>
<SP HEIGHT="43" WIDTH="22" VPOS="2959" HPOS="724"/>
<String CONTENT="union." HEIGHT="44" WIDTH="149" VPOS="2959" HPOS="747"/>
</TextLine>
<TextLine HEIGHT="73" WIDTH="1190" VPOS="3058" HPOS="142" STYLEREFS="StyleId-09A5709D-A687-4C46-9FA4-5C69BF9DDD1F-" CS="1">
<String CONTENT="Garrett," HEIGHT="69" WIDTH="269" VPOS="3062" HPOS="142"/>
<SP HEIGHT="71" WIDTH="40" VPOS="3060" HPOS="412"/>
<String CONTENT="William" HEIGHT="60" WIDTH="283" VPOS="3058" HPOS="453"/>
<SP HEIGHT="58" WIDTH="34" VPOS="3058" HPOS="737"/>
<String CONTENT="A" HEIGHT="57" WIDTH="59" VPOS="3058" HPOS="772"/>
<SP/>
<String CONTENT="1890-" HEIGHT="59" WIDTH="189" VPOS="3059" HPOS="1143"/>
</TextLine>
<TextLine HEIGHT="74" WIDTH="1917" VPOS="3150" HPOS="216" STYLEREFS="StyleId-3A8C484A-38E4-4797-B0FE-80B183D1312B-" CS="1">
<String CONTENT="Doctor" HEIGHT="58" WIDTH="234" VPOS="3154" HPOS="216"/>
<SP HEIGHT="57" WIDTH="62" VPOS="3154" HPOS="451"/>
<String CONTENT="Ricardo," HEIGHT="74" WIDTH="290" VPOS="3150" HPOS="514"/>
<SP HEIGHT="71" WIDTH="63" VPOS="3153" HPOS="805"/>
<String CONTENT="by" HEIGHT="71" WIDTH="84" VPOS="3153" HPOS="869"/>
<SP HEIGHT="72" WIDTH="59" VPOS="3152" HPOS="954"/>
<String CONTENT="William" HEIGHT="61" WIDTH="281" VPOS="3150" HPOS="1014"/>
<SP HEIGHT="57" WIDTH="59" VPOS="3152" HPOS="1296"/>
<String CONTENT="A." HEIGHT="57" WIDTH="77" VPOS="3152" HPOS="1356"/>
<SP HEIGHT="60" WIDTH="68" VPOS="3154" HPOS="1434"/>
<String CONTENT="Garrett" HEIGHT="60" WIDTH="258" VPOS="3154" HPOS="1503"/>
<SP HEIGHT="56" WIDTH="70" VPOS="3160" HPOS="1762"/>
<String CS="1" CONTENT="&#8230;"/>
<SP HEIGHT="57" WIDTH="87" VPOS="3161" HPOS="1894"/>
<String CONTENT="New" HEIGHT="59" WIDTH="151" VPOS="3161" HPOS="1982"/>
</TextLine>
<TextLine HEIGHT="74" WIDTH="1333" VPOS="3231" HPOS="140" STYLEREFS="StyleId-3A8C484A-38E4-4797-B0FE-80B183D1312B-" CS="1">
<String CONTENT="York," HEIGHT="72" WIDTH="188" VPOS="3233" HPOS="140"/>
<SP HEIGHT="74" WIDTH="26" VPOS="3231" HPOS="329"/>
<String CONTENT="D." HEIGHT="60" WIDTH="73" VPOS="3231" HPOS="356"/>
<SP HEIGHT="59" WIDTH="26" VPOS="3232" HPOS="430"/>
<String CONTENT="Appleton" HEIGHT="71" WIDTH="320" VPOS="3232" HPOS="457"/>
<SP HEIGHT="38" WIDTH="27" VPOS="3250" HPOS="778"/>
<String CONTENT="and" HEIGHT="56" WIDTH="124" VPOS="3233" HPOS="806"/>
<SP HEIGHT="56" WIDTH="26" VPOS="3233" HPOS="931"/>
<String CS="1" CONTENT="company," HEIGHT="53" WIDTH="320" VPOS="3249" HPOS="958"/>
<SP HEIGHT="69" WIDTH="29" VPOS="3233" HPOS="1279"/>
<String CONTENT="1925." HEIGHT="59" WIDTH="164" VPOS="3232" HPOS="1309"/>
</TextLine>
<TextLine HEIGHT="53" WIDTH="544" VPOS="3309" HPOS="209" STYLEREFS="StyleId-3F5F07EE-1201-4EC6-A05D-8FB209AE761B-" CS="1">
<String CONTENT="3" HEIGHT="43" WIDTH="24" VPOS="3313" HPOS="209"/>
<SP HEIGHT="49" WIDTH="25" VPOS="3313" HPOS="234"/>
<String CONTENT="p." HEIGHT="38" WIDTH="42" VPOS="3324" HPOS="260"/>
<SP HEIGHT="44" WIDTH="25" VPOS="3310" HPOS="303"/>
<String CS="1" CONTENT="l.,"/>
<SP HEIGHT="48" WIDTH="24" VPOS="3312" HPOS="371"/>
<String CONTENT="296" HEIGHT="44" WIDTH="82" VPOS="3310" HPOS="396"/>
<SP HEIGHT="50" WIDTH="23" VPOS="3310" HPOS="479"/>
<String CONTENT="p." HEIGHT="37" WIDTH="41" VPOS="3323" HPOS="503"/>
<SP HEIGHT="43" WIDTH="61" VPOS="3309" HPOS="545"/>
<String CS="1" CONTENT="19&#189;c" HEIGHT="45" WIDTH="51" VPOS="3309" HPOS="607"/>
<String STYLE="superscript" CONTENT="m" HEIGHT="18" WIDTH="30" VPOS="3310" HPOS="709"/>
<String CONTENT="." HEIGHT="10" WIDTH="10" VPOS="3343" HPOS="743"/>
</TextLine>
<TextLine HEIGHT="58" WIDTH="1796" VPOS="3360" HPOS="139" STYLEREFS="StyleId-3F5F07EE-1201-4EC6-A05D-8FB209AE761B-">
<String CONTENT="&#169;" HEIGHT="54" WIDTH="56" VPOS="3363" HPOS="139"/>
<SP HEIGHT="55" WIDTH="23" VPOS="3363" HPOS="196"/>
<String CONTENT="June" HEIGHT="50" WIDTH="114" VPOS="3368" HPOS="220"/>
<SP HEIGHT="43" WIDTH="22" VPOS="3365" HPOS="335"/>
<String CONTENT="26," HEIGHT="50" WIDTH="67" VPOS="3364" HPOS="358"/>
<SP HEIGHT="49" WIDTH="31" VPOS="3365" HPOS="426"/>
<String CONTENT="1925;" HEIGHT="52" WIDTH="128" VPOS="3361" HPOS="458"/>
<SP HEIGHT="49" WIDTH="25" VPOS="3364" HPOS="587"/>
<String CONTENT="2c." HEIGHT="41" WIDTH="64" VPOS="3364" HPOS="613"/>
<SP HEIGHT="27" WIDTH="27" VPOS="3377" HPOS="678"/>
<String CONTENT="and" HEIGHT="44" WIDTH="87" VPOS="3362" HPOS="706"/>
<SP HEIGHT="43" WIDTH="23" VPOS="3362" HPOS="794"/>
<String CONTENT="aff." HEIGHT="46" WIDTH="78" VPOS="3361" HPOS="818"/>
<SP HEIGHT="50" WIDTH="26" VPOS="3363" HPOS="897"/>
<String CONTENT="June" HEIGHT="50" WIDTH="116" VPOS="3363" HPOS="924"/>
<SP HEIGHT="43" WIDTH="24" VPOS="3362" HPOS="1041"/>
<String CONTENT="30;" HEIGHT="52" WIDTH="77" VPOS="3361" HPOS="1066"/>
<SP HEIGHT="50" WIDTH="28" VPOS="3363" HPOS="1144"/>
<!-- cceid 32CB3CA0-6DD5-1014-B757-AF09C522E301 --><String CONTENT="A" HEIGHT="41" WIDTH="43" VPOS="3363" HPOS="1173"/>
<SP HEIGHT="43" WIDTH="26" VPOS="3362" HPOS="1217"/>
<String CONTENT="855711;" HEIGHT="53" WIDTH="190" VPOS="3360" HPOS="1244"/>
<SP HEIGHT="49" WIDTH="30" VPOS="3364" HPOS="1435"/>
<String CONTENT="D." HEIGHT="42" WIDTH="56" VPOS="3364" HPOS="1466"/>
<SP HEIGHT="41" WIDTH="28" VPOS="3365" HPOS="1523"/>
<String CONTENT="Appleton" HEIGHT="52" WIDTH="228" VPOS="3365" HPOS="1552"/>
<SP HEIGHT="43" WIDTH="26" VPOS="3369" HPOS="1781"/>
<String CONTENT="&amp;" HEIGHT="43" WIDTH="37" VPOS="3369" HPOS="1808"/>
<SP HEIGHT="43" WIDTH="24" VPOS="3369" HPOS="1846"/>
<String CONTENT="co." HEIGHT="28" WIDTH="64" VPOS="3384" HPOS="1871"/>
</TextLine>
<TextLine HEIGHT="55" WIDTH="270" VPOS="3420" HPOS="218" STYLEREFS="StyleId-3F5F07EE-1201-4EC6-A05D-8FB209AE761B-">
<String CONTENT="(25-11822)" HEIGHT="55" WIDTH="270" VPOS="3420" HPOS="218"/>
</TextLine>
<TextLine HEIGHT="73" WIDTH="867" VPOS="3503" HPOS="142" STYLEREFS="StyleId-9FF485B0-1D42-44BE-8E4B-1097A1F27E8A-">
<String CONTENT="Greene," HEIGHT="67" WIDTH="252" VPOS="3508" HPOS="142"/>
<SP HEIGHT="70" WIDTH="29" VPOS="3505" HPOS="395"/>
<String CONTENT="Harry" HEIGHT="71" WIDTH="213" VPOS="3505" HPOS="425"/>
<SP HEIGHT="73" WIDTH="24" VPOS="3503" HPOS="639"/>
<String CONTENT="Noyes," HEIGHT="72" WIDTH="222" VPOS="3503" HPOS="664"/>
<SP HEIGHT="48" WIDTH="32" VPOS="3522" HPOS="887"/>
<String CONTENT="ed." HEIGHT="57" WIDTH="89" VPOS="3504" HPOS="920"/>
</TextLine>
<TextLine HEIGHT="138" WIDTH="1961" VPOS="3594" HPOS="141" STYLEREFS="StyleId-3DB295DE-DAC5-4174-B0DC-DD3E26FB7507-" CS="1">
<String CONTENT="Uniform" HEIGHT="58" WIDTH="297" VPOS="3596" HPOS="212"/>
<SP HEIGHT="55" WIDTH="30" VPOS="3595" HPOS="510"/>
<String CONTENT="laws," HEIGHT="70" WIDTH="169" VPOS="3595" HPOS="541"/>
<SP HEIGHT="52" WIDTH="35" VPOS="3613" HPOS="711"/>
<String CONTENT="annotated," HEIGHT="71" WIDTH="355" VPOS="3594" HPOS="747"/>
<SP HEIGHT="52" WIDTH="35" VPOS="3613" HPOS="1103"/>
<String CONTENT="ed." HEIGHT="56" WIDTH="90" VPOS="3594" HPOS="1139"/>
<SP HEIGHT="56" WIDTH="33" VPOS="3595" HPOS="1230"/>
<String CONTENT="by" HEIGHT="70" WIDTH="83" VPOS="3595" HPOS="1264"/>
<SP HEIGHT="71" WIDTH="28" VPOS="3594" HPOS="1348"/>
<String CONTENT="H." HEIGHT="57" WIDTH="78" VPOS="3594" HPOS="1377"/>
<SP HEIGHT="56" WIDTH="35" VPOS="3596" HPOS="1456"/>
<String CONTENT="Noyes" HEIGHT="73" WIDTH="210" VPOS="3596" HPOS="1492"/>
<SP HEIGHT="58" WIDTH="35" VPOS="3600" HPOS="1703"/>
<String CONTENT="Greene," HEIGHT="75" WIDTH="255" VPOS="3600" HPOS="1739"/>
<SP HEIGHT="51" WIDTH="36" VPOS="3624" HPOS="1995"/>
<String CONTENT="assisted" HEIGHT="108" WIDTH="1961" VPOS="3624" HPOS="141"/>
</TextLine>
<TextLine HEIGHT="83" WIDTH="1699" VPOS="3669" HPOS="360" STYLEREFS="StyleId-3DB295DE-DAC5-4174-B0DC-DD3E26FB7507-" CS="1">
<String CONTENT="by" HEIGHT="70" WIDTH="83" VPOS="3674" HPOS="360"/>
<SP HEIGHT="68" WIDTH="25" VPOS="3676" HPOS="444"/>
<String CONTENT="the" HEIGHT="56" WIDTH="102" VPOS="3673" HPOS="470"/>
<SP HEIGHT="38" WIDTH="28" VPOS="3691" HPOS="573"/>
<String CONTENT="editorial" HEIGHT="58" WIDTH="290" VPOS="3670" HPOS="602"/>
<SP HEIGHT="57" WIDTH="27" VPOS="3671" HPOS="893"/>
<String CONTENT="staff" HEIGHT="58" WIDTH="154" VPOS="3670" HPOS="921"/>
<SP HEIGHT="57" WIDTH="25" VPOS="3670" HPOS="1076"/>
<String CONTENT="of" HEIGHT="58" WIDTH="75" VPOS="3669" HPOS="1102"/>
<SP HEIGHT="58" WIDTH="17" VPOS="3669" HPOS="1178"/>
<String CONTENT="the" HEIGHT="57" WIDTH="103" VPOS="3671" HPOS="1196"/>
<SP HEIGHT="52" WIDTH="25" VPOS="3690" HPOS="1300"/>
<String CONTENT="publishers," HEIGHT="69" WIDTH="372" VPOS="3673" HPOS="1326"/>
<SP HEIGHT="56" WIDTH="82" VPOS="3679" HPOS="1699"/>
<String CONTENT="bk." HEIGHT="57" WIDTH="95" VPOS="3679" HPOS="1782"/>
<SP HEIGHT="54" WIDTH="31" VPOS="3682" HPOS="1878"/>
<String CONTENT="5," HEIGHT="70" WIDTH="49" VPOS="3682" HPOS="1910"/>
<SP HEIGHT="69" WIDTH="30" VPOS="3683" HPOS="1960"/>
<String CONTENT="9" HEIGHT="54" WIDTH="33" VPOS="3683" HPOS="1991"/>
<SP HEIGHT="55" WIDTH="34" VPOS="3683" HPOS="2025"/>
<String CS="1" CONTENT="&#8230;"/>
</TextLine>
<TextLine HEIGHT="79" WIDTH="1824" VPOS="3748" HPOS="139" STYLEREFS="StyleId-3DB295DE-DAC5-4174-B0DC-DD3E26FB7507-">
<String CONTENT="Northport," HEIGHT="72" WIDTH="371" VPOS="3751" HPOS="139"/>
<SP HEIGHT="72" WIDTH="24" VPOS="3750" HPOS="511"/>
<String CONTENT="N." HEIGHT="56" WIDTH="73" VPOS="3750" HPOS="536"/>
<SP HEIGHT="57" WIDTH="26" VPOS="3749" HPOS="610"/>
<String CONTENT="Y.," HEIGHT="72" WIDTH="92" VPOS="3749" HPOS="637"/>
<SP HEIGHT="72" WIDTH="28" VPOS="3749" HPOS="730"/>
<String CONTENT="Edward" HEIGHT="58" WIDTH="275" VPOS="3749" HPOS="759"/>
<SP HEIGHT="58" WIDTH="25" VPOS="3749" HPOS="1035"/>
<String CONTENT="Thompson" HEIGHT="72" WIDTH="359" VPOS="3748" HPOS="1061"/>
<SP HEIGHT="37" WIDTH="26" VPOS="3770" HPOS="1421"/>
<String CONTENT="company," HEIGHT="57" WIDTH="320" VPOS="3770" HPOS="1448"/>
<SP HEIGHT="68" WIDTH="29" VPOS="3759" HPOS="1769"/>
<String CONTENT="1923." HEIGHT="57" WIDTH="164" VPOS="3758" HPOS="1799"/>
</TextLine>
<TextLine HEIGHT="46" WIDTH="298" VPOS="3831" HPOS="209" CS="1">
<String CONTENT="2" HEIGHT="41" WIDTH="26" VPOS="3836" HPOS="209"/>
<SP HEIGHT="41" WIDTH="20" VPOS="3836" HPOS="236"/>
<String CS="1" CONTENT="v."/>
<SP HEIGHT="43" WIDTH="57" VPOS="3832" HPOS="299"/>
<String CS="1" CONTENT="23&#189;" HEIGHT="43" WIDTH="53" VPOS="3831" HPOS="357"/>
<String STYLE="superscript" CONTENT="cm" HEIGHT="18" WIDTH="46" VPOS="3832" HPOS="446"/>
<String CONTENT="." HEIGHT="8" WIDTH="8" VPOS="3864" HPOS="499"/>
</TextLine>
<TextLine HEIGHT="107" WIDTH="1968" VPOS="3882" HPOS="141" CS="1">
<String CS="1" CONTENT="CONTENTS.&#8212;bk." HEIGHT="46" WIDTH="407" VPOS="3886" HPOS="215"/>
<SP HEIGHT="37" WIDTH="30" VPOS="3890" HPOS="623"/>
<String CONTENT="5." HEIGHT="37" WIDTH="37" VPOS="3890" HPOS="654"/>
<SP HEIGHT="43" WIDTH="29" VPOS="3884" HPOS="692"/>
<String CONTENT="Uniform" HEIGHT="45" WIDTH="219" VPOS="3882" HPOS="722"/>
<SP HEIGHT="27" WIDTH="26" VPOS="3899" HPOS="942"/>
<String CONTENT="negotiable" HEIGHT="52" WIDTH="256" VPOS="3883" HPOS="969"/>
<SP HEIGHT="42" WIDTH="29" VPOS="3884" HPOS="1226"/>
<String CONTENT="instruments" HEIGHT="46" WIDTH="289" VPOS="3884" HPOS="1256"/>
<SP HEIGHT="28" WIDTH="29" VPOS="3902" HPOS="1546"/>
<String CONTENT="act.&#8212;bk." HEIGHT="43" WIDTH="222" VPOS="3892" HPOS="1576"/>
<SP HEIGHT="36" WIDTH="30" VPOS="3899" HPOS="1799"/>
<String CONTENT="9." HEIGHT="37" WIDTH="38" VPOS="3899" HPOS="1830"/>
<SP HEIGHT="43" WIDTH="32" VPOS="3893" HPOS="1869"/>
<String CONTENT="Miscellaneous" HEIGHT="97" WIDTH="1968" VPOS="3892" HPOS="141"/>
</TextLine>
<TextLine HEIGHT="46" WIDTH="337" VPOS="3941" HPOS="308">
<String CONTENT="uniform" HEIGHT="46" WIDTH="200" VPOS="3941" HPOS="308"/>
<SP HEIGHT="28" WIDTH="27" VPOS="3956" HPOS="509"/>
<String CONTENT="acts." HEIGHT="35" WIDTH="108" VPOS="3949" HPOS="537"/>
</TextLine>
<TextLine HEIGHT="60" WIDTH="1985" VPOS="3996" HPOS="147">
<String CONTENT="&#169;" HEIGHT="53" WIDTH="52" VPOS="4000" HPOS="147"/>
<SP HEIGHT="53" WIDTH="23" VPOS="4000" HPOS="200"/>
<String CONTENT="Feb." HEIGHT="44" WIDTH="105" VPOS="4001" HPOS="224"/>
<SP HEIGHT="41" WIDTH="22" VPOS="4002" HPOS="330"/>
<String CONTENT="29," HEIGHT="49" WIDTH="65" VPOS="4001" HPOS="353"/>
<SP HEIGHT="49" WIDTH="27" VPOS="4001" HPOS="419"/>
<String CONTENT="1924;" HEIGHT="45" WIDTH="127" VPOS="3999" HPOS="447"/>
<SP HEIGHT="44" WIDTH="26" VPOS="4000" HPOS="575"/>
<String CONTENT="2c." HEIGHT="40" WIDTH="64" VPOS="4000" HPOS="602"/>
<SP HEIGHT="28" WIDTH="23" VPOS="4012" HPOS="667"/>
<String CONTENT="each" HEIGHT="43" WIDTH="107" VPOS="3997" HPOS="691"/>
<SP HEIGHT="42" WIDTH="21" VPOS="3997" HPOS="799"/>
<String CONTENT="and" HEIGHT="42" WIDTH="89" VPOS="3997" HPOS="821"/>
<SP HEIGHT="42" WIDTH="21" VPOS="3997" HPOS="911"/>
<String CONTENT="affs." HEIGHT="43" WIDTH="102" VPOS="3996" HPOS="933"/>
<SP HEIGHT="41" WIDTH="25" VPOS="3997" HPOS="1036"/>
<String CONTENT="May" HEIGHT="52" WIDTH="112" VPOS="3997" HPOS="1062"/>
<SP HEIGHT="51" WIDTH="20" VPOS="3998" HPOS="1175"/>
<String CONTENT="23," HEIGHT="52" WIDTH="67" VPOS="3997" HPOS="1196"/>
<SP HEIGHT="50" WIDTH="26" VPOS="3999" HPOS="1264"/>
<String CONTENT="1925;" HEIGHT="54" WIDTH="128" VPOS="3996" HPOS="1291"/>
<SP HEIGHT="50" WIDTH="24" VPOS="4000" HPOS="1420"/>
<!-- cceid 32CB9D81-6DD5-1014-B757-AF09C522E301 --><String CONTENT="A" HEIGHT="41" WIDTH="43" VPOS="4000" HPOS="1445"/>
<SP HEIGHT="43" WIDTH="23" VPOS="3999" HPOS="1489"/>
<String CONTENT="829374," HEIGHT="54" WIDTH="176" VPOS="3999" HPOS="1513"/>
<SP HEIGHT="50" WIDTH="23" VPOS="4003" HPOS="1690"/>
<String CONTENT="829375;" HEIGHT="54" WIDTH="190" VPOS="4002" HPOS="1714"/>
<SP HEIGHT="52" WIDTH="28" VPOS="4004" HPOS="1905"/>
<String CONTENT="Edward" HEIGHT="47" WIDTH="198" VPOS="4004" HPOS="1934"/>
</TextLine>
<TextLine HEIGHT="51" WIDTH="356" VPOS="4057" HPOS="215">
<String CONTENT="Thompson" HEIGHT="51" WIDTH="264" VPOS="4057" HPOS="215"/>
<SP HEIGHT="29" WIDTH="23" VPOS="4070" HPOS="480"/>
<String CONTENT="co." HEIGHT="29" WIDTH="67" VPOS="4070" HPOS="504"/>
</TextLine>
</TextBlock>
</PrintSpace>
</Page>
</Layout>
</alto>