2533 4412
1350 4088 110 55 662

401 416 322 72 Melchior,
756 416 285 62 William
1074 418 68 58 T.

479 526 304 72 Insuring
807 525 211 72 public
1045 526 209 57 school
1279 528 310 70 property;
1647 545 80 39 an
1752 526 312 58 intensive
2093 530 220 69 report
2338 529 68 57 of

400 604 335 57 insurance
762 603 313 72 practices
1099 603 69 57 in
1194 604 210 57 school
1431 604 289 58 districts
1743 604 69 58 of
1840 604 154 58 New
2018 604 176 58 York
2222 608 184 70 state,

403 682 365 72 containing
793 682 132 57 also
953 700 38 38 a
1015 682 257 73 general
1299 684 221 69 report
1543 681 169 58 from
1739 682 177 59 cities
1946 682 68 58 of
2039 683 103 58 the
2170 683 237 61 United

405 760 214 58 States
647 761 125 56 and
798 779 38 38 a
862 759 388 73 symposium
1274 760 84 71 by
1381 760 335 57 insurance
1745 760 372 74 executives,
2143 762 86 72 by
401 761 1981 135 William

594 837 1810 76 T. Melchior … New York city, Teachers college,
404 915 327 59 Columbia
764 916 374 73 university,
1174 917 167 57 1925.

470 1003 110 50 xvii,
615 1002 77 44 187
723 1017 39 38 p.
795 1003 100 44 incl.
927 1002 157 44 tables.
1142 1002 55 43 23½
1233 1005 46 17 cm
1287 1038 8 8 .
1365 1001 252 54 (Teachers
1650 1003 187 54 college,
1869 1003 243 45 Columbia
2140 1004 265 54 university.

403 1059 342 45 Contributions
779 1067 44 36 to
855 1059 250 53 education,
1135 1074 72 29 no.
1242 1058 103 55 168)

474 1128 327 44 “Undertaken
836 1141 48 29 as
921 1143 24 27 a
983 1135 102 44 part
1120 1126 51 44 of
1205 1127 77 43 the
1320 1128 129 43 work
1481 1126 52 44 of
1568 1127 76 44 the
1679 1127 300 47 Educational
2018 1129 172 43 finance
2228 1129 179 54 inquiry

399 1184 165 44 commi
569 1200 18 27 s
593 1183 197 45 sion.”—
792 1182 40 44 F
833 1183 223 46 oreword.

473 1240 354 53 Bibliography:
861 1255 39 38 p.
936 1240 203 45 184-187.

400 1310 54 54 ©
491 1312 113 52 Apr.
643 1311 67 52 28,
753 1310 129 53 1925;
922 1312 65 42 2c.
1028 1312 112 52 May
1176 1312 51 51 4;
1271 1311 78 44 aff.
1390 1312 112 52 May
1542 1312 50 52 6;
1633 1313 45 42 A
1717 1311 191 54 829279;
1949 1311 228 46 Teachers
2220 1313 184 54 college,

473 1367 236 45 Columbia
744 1368 264 53 university.
1078 1366 272 56 (25-11605)

400 1498 228 73 Miller,
663 1498 234 75 Agnes.

478 1606 131 56 The
655 1605 404 72 Linger-nots
1106 1606 123 57 and
1274 1605 103 57 the
1421 1604 385 74 whispering
1848 1606 245 72 charm;
2141 1626 89 52 or,
2277 1608 130 58 The

401 1683 2007 74 secret from old Alaska, by Agnes Miller … New York,
403 1761 273 72 Cupples
705 1761 50 59 &
782 1761 172 58 Leon
984 1780 309 54 company
1322 1790 14 44 [
1338 1770 20 21 c
1360 1761 164 76 1925]

471 1852 1465 56 3 p. l ., 210 p. front. 19½ cm . (Her Linger-nots series)
399 1924 54 53 ©
483 1926 116 52 June
627 1924 39 52 6,
700 1924 105 44 1925;
862 1925 66 42 2c.
960 1925 88 42 and
1078 1924 79 43 aff.
1189 1924 118 52 June
1335 1924 53 43 24;
1447 1924 43 42 A
1521 1924 164 43 829829;
1748 1923 193 55 Cupples
1974 1926 37 43 &
2044 1925 125 44 Leon
2199 1940 39 29 on

479 1981 271 56 (25-11592)

402 2097 251 71 Morris,
694 2098 241 73 George
973 2096 216 72 Davis,
1230 2099 190 57 1864-
1578 2098 91 59 ed.

399 2203 1979 152 … Easy French fiction, by Filon, Maupassant, Mérimée,
597 2283 166 70 Zola,
811 2284 204 72 Hugo,
1064 2287 123 56 and
1232 2283 259 69 Dumas,
1540 2284 208 59 edited
1793 2285 153 57 with
1987 2289 200 68 notes,
401 2305 1979 130 exercises,

631 2361 1774 73 and vocabulary, by George D. Morris … New
403 2440 170 58 York
597 2441 61 54 &
685 2441 277 66 London,
994 2440 129 58 The
1154 2438 281 74 Century
1461 2458 105 53 co.,
1596 2441 166 56 1925.

469 2533 64 50 xi,
560 2534 82 44 200
671 2547 40 37 p.
774 2533 153 49 front.,
956 2531 157 52 plates.
1177 2533 49 44 19½
1262 2533 46 18 cm
1315 2567 9 8 .
1393 2531 127 52 (The
1549 2531 201 53 Century
1779 2533 191 44 modern
1999 2534 223 51 language
2250 2532 152 53 series,

400 2591 210 44 Kenneth
639 2588 269 51 McKenzie,
934 2587 173 52 editor)
1228 2586 126 53 $1.25

400 2658 54 53 ©
478 2659 118 52 June
618 2659 68 50 20,
718 2657 129 52 1925;
875 2658 64 42 2c.
966 2658 88 42 and
1079 2657 79 42 aff.
1185 2657 116 52 June
1325 2656 81 52 24;
1435 2657 44 41 A
1505 2655 191 54 829857;
1728 2656 200 55 Century
1955 2673 65 29 co.

479 2714 273 56 (25-11576)

402 2830 300 58 National
737 2828 343 59 industrial
1115 2827 365 58 conference
1518 2827 216 59 board.

548 2936 1855 74 … The inter-ally debts and the United States. New
401 3019 191 69 York,
626 3016 301 58 National
959 3015 342 58 industrial
1336 3014 366 58 conference
1735 3016 218 71 board,
1984 3017 139 72 inc.,
2158 3018 165 55 1925.

471 3110 92 52 xvi,
593 3111 82 44 290
704 3123 42 38 p.
806 3108 168 52 diagrs.
1032 3109 53 43 23
1093 3111 47 17 cm
1146 3146 9 8 .

475 3183 64 44 At
563 3181 115 46 head
706 3182 52 45 of
781 3180 99 46 title
898 3196 8 29 :
937 3179 305 52 Preliminary
1270 3180 145 50 study.

401 3250 54 53 ©
482 3252 114 51 June
621 3251 42 51 2,
692 3249 129 53 1925;
851 3250 64 43 2c.
944 3250 87 42 and
1059 3250 78 42 aff.
1166 3250 116 51 June
1308 3248 79 51 29;
1419 3249 44 41 A
1491 3248 189 51 829939;
1715 3249 111 43 Natl.
1871 3249 236 44 industrial
2137 3249 266 45 conference

471 3308 153 51 board,
656 3307 82 44 inc.
808 3305 272 55 (25-11929)

403 3420 323 74 Parshley,
770 3419 280 59 Howard
1088 3417 310 72 Madison,
1442 3421 190 56 1884-

478 3529 59 55 A
586 3526 444 72 bibliography
1085 3525 67 57 of
1203 3526 102 58 the
1361 3525 205 57 North
1617 3524 336 59 American
407 3526 1998 150 Hemiptera-Heteroptera,

403 3601 1978 154 by Howard Madison Parshley … Northampton,
707 3682 213 70 Mass.,
950 3680 205 59 Smith
1180 3679 252 73 college,
1461 3679 166 59 1925.

471 3769 1932 59 4 p. l ., vii-ix, 252, [25] p., 1 l. 24 ½ cm . (Half-title: Smith college fiftieth
401 3831 307 53 anniversary
735 3829 308 54 publications.
1167 3864 8 8 [v.
1203 3828 71 54 4])

475 3902 150 44 Blank
651 3916 139 39 pages
822 3902 76 42 for
927 3899 286 45 “Addenda”
1250 3899 77 54 (25
1354 3908 47 36 at
1427 3898 113 54 end)

403 3974 52 53 ©
485 3977 114 51 June
633 3975 59 45 12.
727 3971 130 53 1925;
889 3973 63 42 2c.
984 3973 88 42 and
1102 3972 78 43 aff.
1211 3972 115 51 June
1355 3970 78 53 26;
1466 3971 44 41 A
1540 3969 189 53 829870;
1765 3972 62 42 H.
1859 3973 66 42 M.
1959 3971 235 54 Parshley,
473 3973 1905 111 Northampton,

700 4031 142 42 Mass.
911 4028 271 54 (25-11862)
