2533 4412
1345 4088 148 56 1178

413 397 213 72 Blake,
668 397 255 59 Clinton
958 397 276 73 Hamlin,
1274 401 147 56 1883–

489 487 130 57 The
660 489 122 55 law
822 487 72 58 of
934 488 418 57 architecture
1398 489 124 57 and
1564 487 306 75 building,
1910 490 86 74 by
2039 489 252 60 Clinton
2332 493 81 56 H.

408 565 1985 137 Blake, jr. … 2d ed. New York, The William T. Comstock
612 663 89 38 co.
735 645 181 74 [1925]

479 724 93 52 xlv,
603 724 82 44 349
712 739 41 37 p.
812 724 54 44 23
873 725 47 18 cm
927 759 9 8 .

413 779 1983 104 Appendix B: Forms and documents of the American institute of architects … A. I. A.
938 838 271 51 Document,
1239 852 82 42 no.,
1343 835 91 47 177.

411 893 55 54 ©
493 893 122 54 Sept.
643 895 63 52 19,
734 893 132 54 1925;
890 894 67 44 2c.
985 895 102 44 Oct.
1117 894 73 54 16;
1219 895 80 43 aff.
1327 895 102 44 Oct.
1459 894 74 53 15;
1562 896 45 42 A
1632 893 191 56 869495;
1854 895 49 46 C.
1930 897 62 43 H.
2021 897 155 53 Blake,
2201 897 75 53 jr.,
2303 899 118 44 New

481 952 146 43 York.
697 950 272 56 (25-20640)

414 1052 378 74 Blanchard,
834 1053 278 74 Charles,
1151 1056 192 57 1861-

490 1144 1859 74 Set apart; poems of the heart, by Charles Blanchard …
409 1224 128 58 Des
581 1224 265 72 Moines,
925 1243 74 53 Ia.,
1043 1223 129 58 The
1216 1224 389 58 Homestead
1647 1243 324 55 company,
2017 1226 130 58 The
2190 1227 228 58 author

412 1333 12 44 [
427 1311 18 23 c
449 1305 166 71 1925]

481 1382 79 44 160
586 1398 41 37 p.
689 1383 138 44 front.,
855 1382 167 53 (port.)
1094 1383 50 43 19½
1178 1384 46 17 cm
1232 1416 7 8 .

413 1437 53 56 ©
498 1439 101 45 Oct.
631 1439 39 53 3,
704 1438 130 54 1925;
865 1440 65 43 2c.
965 1439 102 45 Oct.
1099 1438 48 53 8;
1180 1439 79 44 aff.
1293 1438 101 45 Oct.
1428 1437 49 54 7;
1513 1438 44 44 A
1588 1438 189 54 869208;
1813 1437 50 47 C.
1898 1439 270 46 Blanchard.

491 1495 273 57 (25-20313)

414 1598 294 74 Bradley,
744 1598 197 72 Alice,
983 1601 191 57 1875-

488 1690 283 73 Cooking
801 1689 106 58 for
940 1689 222 72 profit;
1198 1689 284 73 catering
1516 1691 123 56 and
1672 1690 152 58 food
1859 1690 237 65 service
407 1711 1987 130 management,

639 1767 1777 74 by Alice Bradley … a correspondence course on
406 1847 431 73 professional
872 1847 448 73 cooking—the
1353 1847 416 71 preparation
1803 1848 124 57 and
1960 1848 358 74 marketing
2353 1851 66 56 of

407 1925 443 59 home-cooked
895 1925 185 72 food;
1126 1944 80 39 on
1253 1925 284 73 catering
1581 1925 106 57 for
1735 1926 375 73 receptions,
2154 1928 264 73 parties,

410 2006 277 72 dinners,
714 2005 328 72 banquets,
1073 2003 261 73 schools,
1366 2022 246 54 camps;
1642 2023 33 39 on
1749 2004 104 58 the
1881 2009 441 70 management
2353 2007 67 57 of

408 2089 103 54 tea
547 2104 229 49 rooms,
813 2083 360 71 cafeterias,
1206 2082 187 58 lunch
1427 2101 228 55 rooms,
1693 2086 183 70 guest
1909 2083 248 70 houses,
2195 2084 225 74 family

408 2164 203 57 hotels
666 2163 124 57 and
838 2161 416 58 institutions.
1346 2161 151 57 Rev.
1553 2161 92 57 ed.
1740 2159 292 76 Chicago,
2082 2162 336 59 American

411 2242 211 58 school
651 2242 68 57 of
745 2241 183 57 home
959 2239 364 73 economics,
1354 2240 167 56 1925.

480 2320 81 46 375
588 2338 54 37 p.,
669 2322 25 43 3
741 2356 7 8 l.
811 2320 153 51 front.,
993 2319 129 51 illus.,
1151 2319 155 53 plates.
1372 2319 48 43 19½
1457 2320 46 18 cm
1511 2354 8 8 .

481 2379 278 43 “Reference
783 2376 170 46 books”
981 2385 46 34 at
1053 2377 84 43 end
1162 2376 50 44 of
1238 2386 118 36 most
1383 2375 52 45 of
1460 2375 76 44 the
1559 2374 221 54 chapters.

482 2435 149 44 Blank
655 2436 149 42 leaves
833 2435 74 43 for
935 2434 172 43 “Notes
1134 2434 86 42 and
1249 2431 197 54 recipes”
1482 2433 49 54 (3
1558 2441 46 35 at
1632 2433 109 45 end)

413 2489 53 55 ©
505 2493 101 43 Oct.
647 2494 36 49 1,
722 2490 131 52 1925;
889 2491 66 42 2c.
995 2491 86 42 and
1117 2490 80 43 aff.
1236 2490 102 44 Oct.
1380 2489 75 52 10;
1496 2489 44 43 A
1576 2488 190 53 869317;
1808 2491 150 42 Home
1997 2491 252 44 economics
2290 2507 132 38 assn.,

485 2549 214 52 Chicago.
765 2546 66 55 [©
864 2546 248 53 rewriting,
1144 2561 101 29 new
1277 2545 209 44 material
1518 2548 87 42 and
1639 2546 314 54 illustrations]

492 2604 273 57 (25-20265)

414 2694 248 68 Brown,
700 2692 288 58 Thomas.

487 2784 222 58 Public
737 2783 218 72 utility
983 2784 120 56 law
1130 2783 65 56 in
1227 2783 141 57 New
1408 2783 263 71 Jersey;
1703 2802 80 38 an
1814 2783 370 58 annotation
2215 2784 68 58 of
2313 2785 105 58 the

409 2863 220 57 Public
655 2862 217 72 utility
901 2864 117 69 act,
1048 2861 291 73 together
1367 2860 151 58 with
1548 2861 84 57 all
1661 2862 431 57 amendments
2124 2863 123 57 and
409 2881 1984 132 supplements

748 2940 264 72 thereto,
1045 2940 123 57 and
1200 2940 85 57 all
1315 2941 133 56 acts
1476 2939 265 73 bearing
1769 2939 279 72 thereon,
2079 2959 70 39 as
2180 2942 140 56 well
2348 2961 69 37 as

412 3020 83 58 all
541 3023 132 54 acts
722 3018 377 73 concerning
1145 3017 204 73 jitney
1393 3018 241 70 busses,
1681 3035 86 53 up
1815 3020 65 55 to
1930 3018 123 57 and
2098 3017 322 75 including

409 3098 104 57 the
550 3097 356 73 legislative
945 3097 242 57 session
1226 3096 67 58 of
1330 3096 168 70 1925,
1535 3095 324 73 including
1896 3097 289 72 statutes,
2223 3116 194 52 cases,

410 3173 2006 76 rules and charts, by Thomas Brown … Trenton, N. J.,
409 3254 417 59 MacCrellish
854 3254 48 57 &
930 3253 267 74 Quigley
1222 3272 88 38 co.
1343 3282 12 44 [
1358 3260 18 23 c
1380 3254 165 71 1925]

478 3333 127 54 xviii,
635 3334 80 44 563
743 3349 39 37 p.
845 3333 96 44 fold.
983 3333 143 53 diagr.
1187 3333 52 43 23½
1275 3334 47 18 cm
1329 3368 7 7 .

413 3387 2009 57 © July 3, 1925; 1c. and aff. Oct. 5; 1c. Oct. 8; A 869295; T. Brown, Perth
482 3448 198 52 Amboy,
714 3447 60 43 N.
806 3447 41 52 J.
917 3445 272 55 (25-20273)

413 3535 293 70 Burgess,
748 3533 326 57 Thornton
1108 3530 244 74 Waldo,
1392 3534 150 56 1874–

408 3621 1984 139 … Little Joe Otter, by Thornton W. Burgess; with illustrations
715 3702 86 71 by
835 3701 319 57 Harrison
1191 3698 193 73 Cady.
1467 3699 259 71 Boston,
1761 3699 213 72 Little,
2008 3700 250 73 Brown,
2296 3703 119 57 and

410 3800 324 53 company,
765 3780 166 56 1925.

480 3857 1936 56 vi p., 1 l., 198 p. col. front., col. plates. 21 cm . (His Smiling pool
410 3917 165 53 series)

412 3973 54 54 ©
502 3975 101 43 Oct.
638 3972 36 48 7,
713 3971 131 53 1925;
879 3972 65 43 2c.
978 3972 87 42 and
1099 3972 79 43 aff.
1216 3972 102 44 Oct.
1359 3971 73 52 12;
1469 3970 45 42 A
1549 3969 190 53 869361;
1775 3969 55 43 T.
1867 3971 74 43 W.
1980 3971 211 53 Burgess,
483 3971 1916 107 Springfield,

642 4031 141 42 Mass.
854 4027 272 51 (25-20166)
