2533 4412
1288 4090 110 55 636

340 426 244 72 Harris,
628 427 278 74 Stanley,
949 430 191 56 1896-

413 518 316 72 Baseball,
759 518 139 58 how
926 521 64 54 to
1021 518 151 73 play
1200 518 51 57 it;
1312 516 307 75 practical
1649 518 381 59 instruction
2061 520 103 59 for
2198 520 150 58 each

337 596 279 72 position
662 595 291 72 together
996 595 153 59 with
1195 596 104 57 the
1351 597 287 71 strategy
1687 596 125 57 and
1859 594 223 60 tactics
2129 596 69 58 of
2243 597 104 57 the

337 672 2008 74 game, by Stanley Harris … New York, Frederick A.
339 752 225 58 Stokes
595 770 327 54 company,
955 752 165 58 1925.

406 843 50 45 xi
482 858 54 39 p.,
562 844 26 42 2
632 877 22 16 l.,
683 842 91 54 130,
805 843 52 47 [1]
885 857 42 39 p.
991 842 49 46 19½c
1096 845 28 18 m
1130 878 10 9 .

336 913 55 54 ©
419 916 116 52 June
567 916 62 50 11,
664 913 131 54 1925;
826 915 65 43 2c.
923 916 87 42 and
1040 915 79 43 aff.
1149 915 117 52 June
1300 915 74 52 13;
1407 914 44 43 A
1482 913 167 46 855537;
1709 914 250 45 Frederick
1987 916 57 44 A.
2081 915 164 48 Stokes
2277 931 66 29 co.

416 970 274 57 (25-11127)

341 1088 339 74 Hayward,
711 1088 260 58 Charles
997 1088 78 58 H.

417 1181 271 72 English
717 1180 322 58 furniture
1073 1184 69 54 at
1174 1200 38 37 a
1242 1181 250 72 glance;
1530 1200 39 38 a
1603 1181 220 73 simple
1860 1181 232 59 review
2120 1183 66 56 in
340 1182 1983 135 pictures

554 1260 69 57 of
659 1261 104 55 the
801 1259 210 73 origin
1048 1260 124 56 and
1211 1259 319 58 evolution
1568 1261 68 57 of
1674 1260 320 58 furniture
2034 1260 167 58 from
2241 1261 103 57 the

342 1338 316 58 sixteenth
683 1341 64 54 to
776 1338 104 56 the
911 1337 360 73 eighteenth
1300 1338 333 72 centuries,
1659 1339 85 72 by
1774 1337 260 61 Charles
2064 1339 79 58 H.
339 1339 1983 147 Hayward;

574 1414 153 57 with
755 1415 110 57 100
892 1413 442 59 illustrations.
1419 1414 151 59 New
1597 1414 173 58 York
1797 1416 47 57 &
1870 1416 280 73 London,
2179 1417 69 60 G.
2277 1417 69 57 P.

339 1494 335 56 Putnam’s
711 1512 163 54 sons,
910 1495 166 56 1925.

409 1585 827 54 3 p. l., v-xxi, 106 p. illus. 22½cm.
337 1656 53 54 ©
412 1658 116 52 June
553 1656 38 54 5,
618 1656 105 45 1925;
774 1659 64 42 2c.
864 1658 88 43 and
973 1658 82 43 aff.
1081 1658 117 52 June
1226 1658 74 53 10;
1326 1658 44 43 A
1395 1657 163 45 829611;
1615 1656 48 46 C.
1692 1660 62 43 H.
1782 1660 251 51 Hayward,
2060 1660 116 44 New
2203 1660 141 44 York.

415 1713 273 56 (25-11046)

340 1828 179 72 Hess,
564 1829 276 57 Frances
882 1828 286 73 Leedom,
1212 1848 195 55 comp.

415 1921 320 75 Readings
779 1925 125 57 and
942 1924 404 73 monologues
1391 1925 67 57 of
1500 1923 361 60 distinction
1925 1926 97 72 [by]
2068 1926 276 59 Frances

338 2003 271 59 Leedom
664 2001 185 58 Hess.
934 2001 258 59 Kansas
1252 2001 164 74 City,
1471 2002 188 72 Kan.,
1714 2002 81 57 R,
1843 2004 321 57 Youmans
2224 2004 122 59 and

338 2099 310 55 company
682 2110 12 44 [
696 2088 18 20 c
719 2081 165 73 1925]

407 2176 26 42 4
458 2187 41 38 p.
557 2211 8 14 l,
591 2172 139 47 3-178
753 2186 41 37 p.
859 2174 49 43 18½cm.

338 2240 54 55 ©
418 2243 112 52 Apr.
560 2242 61 51 17,
653 2241 131 53 1925;
811 2243 66 42 2c.
903 2242 117 52 June
1051 2241 73 53 10;
1153 2242 78 43 aff.
1261 2242 118 52 June
1408 2240 74 55 15;
1512 2243 43 42 A
1583 2242 191 53 829696;
1805 2244 53 43 R.
1888 2244 246 51 Youmans,
2164 2244 181 47 Kapsas

410 2299 118 54 City,
565 2300 119 43 Kan.
754 2298 273 56 (25-11261)

343 2413 261 72 Judson,
640 2415 153 56 Mrs.
834 2411 188 59 Clara
1057 2412 275 74 Ingram.

419 2504 1858 76 Mary Jane’s summer fun, by Clara Ingram Judson …
339 2584 363 60 illustrated
727 2584 84 72 by
837 2581 262 61 Charles
1127 2583 68 58 L.
1223 2583 256 59 Wrenn.
1547 2584 153 59 New
1723 2585 191 75 York,
1944 2586 73 58 N.
2046 2586 93 74 Y.,
342 2587 1979 149 Newark,

505 2662 74 57 N.
612 2663 81 72 J.,
725 2662 205 57 Barse
958 2662 48 57 &
1037 2662 289 72 Hopkins
1364 2692 12 44 [
1377 2670 20 23 c
1401 2664 165 74 1925]

411 2753 1870 57 4 p. l., 13-213 p. incl. plates. front. 19½ cm . (Her Mary Jane series)
338 2822 54 55 ©
420 2825 116 52 June
565 2824 39 52 9,
638 2822 130 54 1925;
799 2824 66 43 2c.
896 2824 88 42 and
1012 2824 79 42 aff.
1121 2824 117 52 June
1271 2823 73 52 10;
1377 2823 44 43 A
1454 2824 189 53 829629;
1679 2825 143 44 Barse
1853 2827 38 43 &
1921 2827 225 52 Hopkins.

417 2879 273 57 (25-10973)

341 2995 359 70 Kernahan,
740 2994 242 58 Arthur
1022 2994 168 73 Earl,
1231 2997 189 57 1888-

417 3086 347 59 Visitation
806 3085 401 73 evangelism,
1247 3085 83 58 its
1367 3087 288 58 methods
1697 3089 125 57 and
1861 3090 248 75 results,
2149 3092 84 71 by
2270 3092 75 58 A.

340 3166 159 58 Earl
543 3164 367 74 Kernahan,
1005 3212 10 10 D.
1109 3213 10 10 D.;
1202 3163 319 59 foreword
1567 3166 84 73 by
1697 3166 241 74 Bishop
1989 3167 225 61 Edwin
2264 3169 81 59 H.

341 3241 2007 79 Hughes … New York, Chicago [etc.] Fleming H. Revell
341 3322 540 73 company [ c 1925]
411 3409 890 58 2 p. l., [3]-157 p. 19½ cm . $1.25
340 3483 54 55 ©
423 3485 107 45 Feb.
560 3486 68 51 28,
660 3484 104 44 1925;
821 3485 65 43 2c.
918 3485 87 42 and
1035 3484 78 43 aff.
1147 3484 112 52 May
1287 3484 25 41 2;
1370 3483 43 42 A
1445 3485 164 45 829182;
1669 3484 209 56 Fleming
1909 3488 61 44 H.
2004 3488 157 45 Revell
2192 3505 64 28 co.

420 3541 273 56 (25-10987)

343 3642 260 74 Kilmer,
644 3642 212 72 Joyce,
899 3644 359 57 1886-1918.

420 3736 214 69 Trees,
666 3734 85 72 by
783 3734 197 71 Joyce
1013 3731 267 72 Kilmer,
1315 3733 336 58 decorated
1683 3735 84 72 by
1798 3735 72 58 E.
1908 3736 435 77 MacKinstry.

342 3811 1534 78 New York, George H. Doran company [ c 1925]
416 3906 79 46 [24]
533 3918 40 39 p.
635 3902 115 44 illus.
777 3903 128 53 (part
938 3901 112 53 col.)
1118 3902 55 43 20½
1206 3904 47 18 cm
1259 3937 8 8 .
1383 3899 125 57 $1.25

342 3975 53 54 ©
420 3977 111 51 Apr.
558 3975 68 51 24,
656 3972 128 50 1925;
811 3973 64 43 2c.
902 3973 113 51 Apr.
1040 3973 79 51 29;
1148 3973 78 43 aff.
1256 3973 112 52 Apr.
1393 3972 79 52 28;
1502 3973 43 42 A
1572 3973 190 54 829114;
1793 3975 177 54 George
1999 3978 62 44 H.
2091 3979 156 43 Doran
2275 3995 65 29 co.

416 4031 67 54 [©
514 4030 299 52 decorations]
884 4027 273 56 (25-10993)
