2533 4412
1271 4072 149 55 1392

417 492 551 54 2 p. l., 216 p. 18½ cm .
348 562 1897 57 © July 27, 1925; 1c. Oct. 5; A—Foreign 28752; Plon-Nourrit & co.
427 621 271 53 (25-24801)

348 719 300 72 Linscott,
683 719 197 58 Hilda
910 721 208 72 Bates,
1153 722 189 57 “Mrs.
1378 722 76 56 H.
1491 723 68 55 B.
1594 722 339 59 Linscott.”

426 813 370 72 Up-to-date
835 812 192 58 social
1061 812 245 74 affairs,
1343 814 83 73 by
1462 814 153 57 Mrs.
1652 814 281 60 Herbert
1966 816 71 58 B.
2075 817 288 60 Linscott

358 891 2003 76 (Hilda Richmond) … Philadelphia, G. W. Jacobs &
347 970 532 68 company [ c 1924]
413 1047 363 53 263 p. 19½ cm .
344 1102 56 54 ©
431 1105 109 42 Dec.
574 1103 63 52 15,
670 1104 130 52 1924;
831 1105 65 42 2c.
925 1104 88 43 and
1041 1104 79 43 aff.
1150 1104 100 52 Jan.
1279 1105 39 52 2,
1353 1103 129 53 1925;
1517 1105 42 42 A
1590 1103 192 55 814509;
1817 1107 114 43 Mrs.
1963 1108 61 42 H.
2058 1108 50 42 B.
2141 1107 217 54 Linscott,

420 1159 92 48 San
546 1160 218 52 Antonio,
797 1159 115 45 Tex.
983 1159 272 55 (24-30758)

347 1260 230 72 Lodge,
616 1261 110 59 Sir
762 1259 215 60 Oliver
1014 1261 256 73 Joseph,
1312 1263 190 57 1851-

424 1352 189 57 Talks
655 1353 190 56 about
889 1352 198 71 radio,
1128 1350 153 58 with
1324 1371 168 39 some
1532 1350 373 77 pioneering
1942 1353 251 75 history
2233 1358 124 57 and

347 1449 170 40 some
554 1430 172 58 hints
768 1431 126 57 and
932 1429 407 59 calculations
1379 1430 105 59 for
1525 1430 179 60 radio
1746 1435 340 70 amateurs,
2126 1433 84 74 by
2251 1434 105 60 Sir

346 1509 214 60 Oliver
591 1510 233 73 Lodge,
897 1557 10 11 F.
982 1556 10 11 R.
1061 1556 10 11 S.
1157 1509 152 57 New
1338 1510 191 73 York,
1561 1509 246 75 George
1837 1511 80 58 H.
1950 1512 217 58 Doran
342 1532 1990 129 company
544 1618 13 44 [
559 1596 20 23 c
582 1589 165 75 1925]

416 1667 951 55 xiv p., 1 l., 17-267 p. diagrs. 21 cm .
347 1724 53 54 ©
427 1726 120 44 Nov.
574 1725 38 52 6,
642 1724 129 53 1925;
800 1726 65 42 2c.
893 1725 119 43 Nov.
1046 1725 73 51 14;
1148 1725 80 42 aff.
1256 1724 119 43 Nov.
1406 1726 75 51 13;
1510 1725 44 42 A
1581 1723 189 54 872446;
1804 1725 178 55 George
2012 1727 61 44 H.
2104 1728 158 43 Doran
2291 1744 67 29 co.

425 1781 272 56 (25-23732)

347 1882 178 72 Loos,
558 1880 215 59 Anita.

423 1971 422 60 “Gentlemen
890 1969 220 74 prefer
1156 1971 346 72 blondes”;
1550 1971 105 57 the
1698 1970 428 77 illuminating
2171 1974 184 73 diary

344 2052 69 58 of
451 2073 35 36 a
525 2050 430 73 professional
992 2051 166 72 lady,
1198 2051 83 73 by
1317 2050 197 58 Anita
1552 2050 195 72 Loos;
1788 2051 358 73 intimately
343 2053 1986 136 illustrated
588 2132 81 70 by
704 2128 210 73 Ralph
947 2129 260 57 Barton.
1293 2128 152 58 New
1481 2129 191 73 York,
1707 2129 164 58 Boni
1908 2133 62 55 &
2006 2129 346 76 Liveright,

413 2287 540 56 217 p. illus. 19½ cm .
345 2342 2014 57 © Nov. 15, 1925; 2c. Nov. 14; aff. Nov. 13; A 875063; A. Loos, ℅ Boni &
417 2403 250 53 Liveright.
738 2399 271 57 (25-23371)

345 2503 218 72 Louhi,
600 2504 197 56 Evert
827 2499 381 60 Alexander.

423 2596 128 57 The
594 2594 330 58 Delaware
967 2591 232 73 Finns;
1244 2610 89 54 or,
1379 2591 129 58 The
1550 2590 145 59 first
1735 2596 376 68 permanent
342 2594 1992 140 settlements

577 2674 67 56 in
675 2671 490 72 Pennsylvania,
1197 2670 348 73 Delaware,
1576 2671 184 59 West
1789 2671 154 58 New
1972 2672 233 73 Jersey
2236 2675 125 57 and

345 2756 254 56 eastern
633 2755 152 68 part
818 2750 67 58 of
920 2750 358 72 Maryland,
1315 2751 83 69 by
1433 2749 73 56 E.
1544 2750 75 55 A,
1660 2750 219 57 Louhi.
1981 2751 152 58 New
2168 2752 190 74 York,

343 2833 130 57 The
506 2830 354 72 Humanity
890 2848 184 53 press
1111 2858 13 43 [
1127 2836 18 22 c
1148 2829 166 72 1925]

409 2910 356 54 331 p. 23 ½ cm .
343 2968 53 54 ©
422 2969 107 53 July
557 2968 36 50 6,
626 2966 130 53 1925;
785 2967 63 42 2c.
877 2965 88 43 and
991 2965 78 43 aff.
1101 2965 118 43 Nov.
1249 2965 49 41 21;
1359 2964 44 42 A
1429 2962 190 54 872526;
1651 2963 52 47 E.
1733 2965 57 42 A.
1821 2964 159 53 Louhi,
2010 2965 118 44 New
2155 2966 143 43 York.

422 3024 272 57 (25-23923)

345 3124 420 73 Machinery’s
798 3122 458 73 encyclopedia,
1288 3121 152 58 with
1472 3122 148 56 1925
1656 3122 396 71 supplement;
2117 3143 35 36 a
2183 3122 175 57 work

422 3206 68 56 of
534 3205 321 56 reference
900 3201 298 72 covering
1236 3200 308 73 practical
1583 3198 439 60 mathematics
2069 3202 124 56 and
422 3220 1908 134 mechanics,

723 3280 283 58 machine
1041 3279 240 72 design,
1313 3277 283 58 machine
1631 3278 427 57 construction
2093 3279 122 57 and
423 3296 1906 134 operation,
741 3357 330 72 electrical,
1126 3376 132 53 gas,
1309 3355 350 74 hydraulic,

1713 3356 126 57 and
1891 3358 200 55 steam
2141 3374 213 53 power

420 3438 380 70 machinery,
853 3435 399 71 metallurgy,
1308 3430 124 61 and
1481 3433 269 57 kindred
1803 3432 275 73 subjects
2130 3433 66 56 in
2249 3434 104 56 the

422 3514 409 74 engineering
881 3512 175 71 field;
1112 3511 307 71 compiled
1473 3512 126 56 and
1652 3512 91 56 ed.
1797 3511 85 70 by
1933 3510 159 56 Erik
2146 3510 207 73 Oberg

422 3587 1932 73 and Franklin D. Jones … in collaboration with many
420 3671 358 72 prominent
816 3667 385 58 mechanical
1241 3668 125 55 and
1405 3665 317 58 electrical
1759 3665 347 72 engineers,
2186 3684 56 38 v.
2287 3667 32 55 7:

422 3750 198 57 Index
667 3748 124 58 and
834 3746 186 73 guide
1067 3748 64 55 to
1182 3743 363 74 systematic
1595 3743 281 73 reading.
1964 3743 153 57 New
2159 3742 191 74 York,

422 3829 129 55 The
586 3825 351 58 Industrial
969 3843 213 53 press;
1222 3825 148 71 [etc.,
1408 3823 131 71 etc.,
1576 3822 165 74 1925]

413 3898 1101 59 3 p. l., 348 p. illus., tables, diagrs. 28 cm .
342 3960 53 53 ©
427 3963 109 41 Dec.
571 3961 60 48 19,
669 3958 128 52 1925;
832 3958 63 43 2c.
929 3959 109 42 Dec.
1067 3957 80 52 24;
1179 3956 79 43 aff.
1291 3956 107 42 Dec.
1430 3955 78 52 28;
1544 3955 44 41 A
1617 3952 163 45 879031;
1844 3952 248 45 Industrial
2122 3966 142 40 press.
