2533 4412
1316 4077 114 57 740

366 413 314 75 Opdycke,
719 414 170 59 John
923 413 224 74 Baker,
1186 416 189 58 1878-
1533 415 92 60 ed.

447 505 130 57 The
623 504 333 59 literature
1001 505 69 59 of
1115 505 253 73 letters;
1416 505 252 59 famous
1713 505 268 75 literary
2025 505 221 61 letters
2295 527 70 39 as

370 584 242 57 related
641 587 63 55 to
735 584 132 71 life,
896 586 64 55 to
993 584 104 58 the
1125 583 251 72 history
1403 583 69 59 of
1498 583 352 74 literature,
1882 585 124 58 and
2033 587 65 56 to
2127 584 106 60 the
2266 588 102 56 art

368 662 69 57 of
468 662 433 73 composition,
937 661 268 59 selected
1239 662 125 58 and
1393 660 395 74 interpreted
1820 663 87 72 by
1935 663 171 59 John
2135 663 73 58 B.
367 663 1973 150 Opdycke.

652 739 291 74 Chicago,
973 739 154 59 New
1152 739 192 74 York,
1373 739 212 73 Lyons
1612 740 51 57 &
1691 739 337 60 Carnahan
2060 770 13 45 [
2075 749 19 23 c
2097 739 166 77 1925]

372 818 1976 113 3 p. l., 5-504 p ., 1 1. front. 18 cm . (Lettered on cover: Stratford classics)
444 934 354 54 Bibliography:
833 948 41 39 p.
906 931 207 48 475-492.

364 988 2006 58 © Mar. 17, 1925; 1c. June 29; 1c. July 24; aff. June 27; A 861208; Lyons
437 1049 39 44 &
506 1047 254 45 Carnahan.
827 1045 274 56 (25-14231)

366 1128 407 73 O’Sheridan,
814 1129 188 73 Mary
1038 1127 216 59 Grant.

446 1206 206 73 Songs
687 1205 69 58 of
790 1206 105 57 the
932 1224 178 54 open,
1146 1205 86 73 by
1265 1205 189 73 Mary
1488 1204 204 61 Grant
1730 1205 417 60 O’Sheridan.
365 1207 1977 151 Chicago,

572 1285 168 57 1925.

446 1362 736 56 4 p. l., 13-66 p., 1 l. 31½ cm .
443 1421 264 45 Illustrated
744 1420 203 46 borders.

367 1477 53 54 ©
444 1478 108 44 Feb.
574 1479 68 51 28,
670 1476 130 54 1925;
826 1478 65 43 2c.
915 1477 88 44 and
1025 1477 80 44 aff.
1128 1476 108 53 July
1264 1477 75 52 10;
1366 1477 44 42 A
1433 1475 191 55 855828;
1654 1478 65 43 M.
1748 1477 72 45 G.
1827 1477 301 54 O’Sheridan,
2155 1477 215 56 Chicago.

445 1532 272 57 (25-13544)

435 1618 1867 73 … The Pacific reporter., v. 231, 232. Permanent ed. …
443 1697 1930 73 with key-number annotations … January 19-March
444 1779 91 70 16,
565 1777 167 57 1925.
804 1776 91 58 St.
926 1775 179 73 Paul,
1132 1775 183 58 West
1341 1774 367 75 publishing
1735 1795 106 54 co.,
1873 1778 167 56 1925.

434 1856 28 42 2
490 1870 42 28 v.
589 1853 56 44 26½
680 1856 47 18 cm
734 1889 8 8 .
811 1852 246 54 (National
1089 1859 205 45 reporter
1325 1851 361 54 system—State
1716 1852 165 56 series)

367 1926 41 29 v.
443 1912 96 49 231,
578 1909 53 54 ©
668 1911 113 51 Apr.
817 1910 40 51 2,
900 1907 131 54 1925;
1069 1926 41 27 v.
1145 1909 99 53 232,
1280 1908 53 54 ©
1372 1910 114 52 May
1523 1909 50 53 6;
1612 1910 65 44 2c.
1718 1909 110 44 each
1866 1911 87 43 and
1992 1910 103 44 affs.
2134 1911 117 52 June
2287 1911 80 53 29;

436 1969 44 42 A
506 1967 180 52 829891,
709 1966 190 53 829892;
927 1966 134 44 West
1085 1965 102 54 pub.
1213 1981 66 29 co.

365 2052 266 71 Palmer,
673 2053 234 59 Claude
945 2051 211 74 Irwin,
1196 2054 190 57 1871-

440 2133 197 57 Plane
688 2132 124 57 and
865 2130 313 72 spherical
1227 2129 478 75 trigonometry,
1757 2131 84 72 by
1892 2129 236 60 Claude
2178 2131 195 58 Irwin

364 2207 2009 76 Palmer … and Charles Wilber Leigh … 3d ed., rev. and
365 2289 116 58 enl.
565 2289 152 57 New
757 2286 175 59 York
976 2290 148 71 [etc.]
1169 2286 456 59 McGraw-Hill
1665 2287 160 58 book
1867 2306 325 54 company,
2233 2287 137 73 inc.,

402 2368 129 57 1925.

434 2444 94 52 xiv,
556 2445 95 52 221,
681 2445 72 52 [3],
785 2443 80 45 136
890 2458 39 38 p.
961 2442 103 45 incl.
1092 2443 160 53 tables,
1281 2442 171 53 diagrs.
1511 2443 54 43 24
1572 2444 47 18 cm
1625 2477 10 9 .
1748 2440 128 55 $2.50

437 2501 289 54 “Five-place
752 2500 291 54 logarithmic
1069 2502 89 43 and
1186 2500 345 52 trigonometric
1558 2499 172 48 tables”
1755 2500 82 45 has
1866 2498 149 55 special
2058 2506 97 47 t.-p.

366 2558 53 54 ©
442 2560 107 53 July
576 2560 63 51 13,
667 2557 130 54 1925;
822 2559 64 42 2c.
910 2558 107 52 July
1043 2556 75 53 17;
1146 2557 80 43 aff.
1249 2557 107 53 July
1383 2557 74 52 18;
1483 2557 44 42 A
1553 2556 190 54 861127;
1771 2556 350 46 McGraw-Hill
2144 2557 121 45 book
2288 2571 80 39 co.,

437 2617 84 44 inc.
585 2614 66 56 [©
683 2615 219 45 revisions
932 2615 88 44 and
1050 2614 240 54 additions]
1361 2611 272 58 (25-13645)

364 2704 249 71 Patton,
659 2701 171 59 John
873 2699 276 71 Shelton,
1197 2702 190 57 1857-

441 2780 358 59 Monticello
828 2780 125 57 and
977 2778 83 58 its
1087 2781 258 69 master,
1370 2778 84 73 by
1477 2777 171 59 John
1676 2777 61 60 S.
1763 2778 237 58 Patton
2026 2779 124 58 and
2178 2777 193 61 Sallie

363 2860 61 59 J.
470 2859 289 58 Doswell.
865 2856 529 72 Charlottesville,
1437 2855 137 74 Va.,
1619 2857 130 57 The
1794 2855 227 60 Michie
2066 2874 308 56 company

366 2970 13 43 [
383 2947 18 22 c
403 2939 165 72 1925]

435 3013 52 47 78
518 3031 39 38 p.
589 3015 100 44 incl.
724 3014 141 45 front.,
892 3013 167 55 (port.)
1098 3013 115 44 illus.
1278 3013 52 44 19½
1362 3014 48 19 cm
1416 3046 9 9 .

367 3071 53 54 ©
451 3073 107 53 July
587 3073 39 51 6,
660 3070 131 54 1925;
822 3072 65 43 2c.
921 3072 88 43 and
1039 3070 79 44 aff.
1151 3070 107 54 July
1290 3071 51 51 9;
1376 3070 44 42 A
1452 3069 190 53 861031;
1677 3071 40 52 J.
1754 3069 45 47 S.
1834 3071 168 44 Patton
2033 3072 88 43 and
2156 3070 141 48 Sallie
2326 3071 41 53 J.

438 3130 215 50 Doswell,
687 3127 382 53 Charlottesville,
1099 3128 86 43 Va.
1255 3124 271 57 (25-13185)

367 3213 485 76 Pennsylvania.
937 3213 177 60 State
1148 3212 245 59 normal
1427 3212 227 70 school,
1690 3212 341 61 Edinboro.
2112 3214 122 58 Art
442 3214 1902 154 department.

442 3365 60 64 A
538 3390 219 40 course
796 3370 66 57 in
901 3373 102 54 art
1043 3367 331 60 education
1414 3367 104 59 for
1559 3367 387 75 elementary
1986 3369 264 70 schools,
2289 3372 84 69 by

371 3450 98 59 the
497 3450 124 56 Art
650 3448 401 73 department
1081 3445 69 59 of
1178 3446 104 58 the
1315 3444 323 60 Edinboro
1673 3448 163 56 state
1865 3445 247 59 normal
2142 3446 226 58 school.

367 3526 359 76 [Edinboro,
757 3525 131 72 Pa.,
916 3532 19 23 c
938 3523 167 74 1925]

435 3601 277 53 cover-title,
742 3603 53 43 23
825 3617 42 38 p.
926 3602 54 44 23
987 3603 48 18 cm
1040 3636 9 9 .

368 3661 53 54 ©
452 3663 113 50 May
595 3660 40 52 8,
670 3657 129 52 1925;
832 3659 64 43 2c.
930 3659 112 51 May
1070 3658 80 52 22;
1184 3657 79 44 aff.
1294 3657 115 53 June
1439 3656 50 52 2;
1523 3657 44 42 A
1601 3655 189 55 855464;
1824 3658 171 45 Waldo
2024 3657 51 46 F.
2110 3659 150 52 Bates,
2292 3660 74 53 jr.,

437 3716 248 52 Edinboro,
719 3716 80 42 Pa.
868 3712 272 57 (25-11125)

367 3802 312 73 Peppard,
719 3798 202 60 Helen
953 3800 86 58 M.

444 3883 132 58 The
603 3879 344 61 correction
978 3881 68 59 of
1074 3880 222 67 speech
1324 3878 259 69 defects,
1611 3879 84 71 by
1721 3879 204 59 Helen
1951 3878 83 58 M.
2063 3880 300 73 Peppard

376 3954 1988 77 (Mrs. Emmet King Moore) … with an introduction by
