2533 4412
1069 3994 146 55 1605

156 359 222 72 Millin,
413 364 153 55 Mrs.
605 361 205 59 Sarah
843 359 324 60 Gertrude.

224 451 187 71 Mary
457 451 215 72 Glenn,
720 452 82 70 by
849 450 204 59 Sarah
1100 448 311 59 Gertrude
1459 448 220 58 Millin.
1764 449 151 57 New
1961 449 188 69 York,

152 528 159 57 Boni
346 531 123 55 and
499 528 345 73 Liveright,
877 528 164 55 1925.

222 606 344 52 223 p 19 ½ cm
152 661 52 53 ©
237 663 109 42 Dec.
377 663 64 46 29,
478 662 129 52 1925;
639 663 64 43 2c.
735 663 85 42 and
851 662 76 42 aff.
962 661 107 42 Dec.
1103 661 77 50 31;
1214 660 42 41 A
1288 659 189 53 875642;
1513 661 114 44 Boni
1661 662 36 43 &
1728 659 246 55 Liveright,
2008 661 81 43 inc.

230 719 215 54 (26-183)

153 817 188 73 Mills,
382 819 188 73 Mary
608 819 332 71 Hampton.

224 905 1851 75 Be ye beggar or king, by Mary Hampton Mills …
148 986 337 72 Asheville,
519 986 74 56 N.
626 984 85 72 C.,
741 985 321 57 Advocate
1093 983 364 74 publishing
1485 1004 86 38 co.
1609 986 181 72 [1925]

218 1063 721 55 2 p. l., 176 p. illus. 22½ cm .
151 1119 52 53 ©
236 1122 109 42 Dec.
384 1122 62 50 14,
487 1120 128 52 1925;
650 1122 63 41 2c.
747 1121 86 42 and
868 1120 77 42 aff.
983 1120 107 41 Dec.
1124 1120 79 50 21;
1240 1119 44 41 A
1320 1118 188 53 872920;
1548 1120 65 41 M.
1650 1120 62 43 H.
1750 1119 141 53 Mills,
1930 1120 216 52 Brevard,

221 1178 59 42 N.
313 1176 47 45 C.
430 1176 213 54 (26-146)

152 1261 421 73 Moulonguetj
609 1261 232 59 André.

288 1350 1861 73 … Les grands syndromes oto-rhino-laryngologiques,
151 1448 119 52 par
292 1430 180 57 André
531 1429 405 73 Moulonguet…
1114 1428 170 57 Avec
1307 1428 111 59 109
1440 1426 233 75 figures
1698 1430 157 57 dans
1881 1429 55 58 le
1962 1431 185 56 texte.

153 1508 203 68 Paris,
389 1507 68 59 G.
490 1508 162 57 Doin
685 1507 47 58 &
762 1528 30 37 c
796 1508 33 28 ie
834 1554 12 25 ,
881 1507 164 56 1926.

222 1583 1752 56 2 p. l., 524 p. illus. 24½cm. (Bibliothèque des grands syndromes)
221 1643 189 44 Printed
445 1641 117 45 1925.

149 1690 1855 61 © Oct. 13, 1925; 1c. Dec. 18; A—Foreign 29451; Gaston Doin & co.
228 1755 241 54 (26-2533)

151 1838 299 58 National
485 1837 340 59 industrial
861 1838 363 57 conference
1263 1837 215 58 board.

225 1931 341 71 Employee
593 1929 357 73 magazines
980 1930 66 57 in
1073 1931 105 58 the
1207 1929 236 59 United
1474 1930 230 58 States.
1776 1931 151 57 New
1956 1930 190 70 York,

151 2007 296 62 National
481 2006 338 61 industrial
855 2008 364 59 conference
1255 2008 216 71 board,
1508 2009 136 70 inc.,
1682 2008 165 57 1925.

253 2085 364 51 x, 86 p . 23½cm.
220 2142 271 50 “Appendix:
573 2141 246 51 Emplovee
871 2141 259 51 magazines
1183 2140 240 52 published
1476 2141 45 45 in
1573 2141 77 43 the
1705 2141 173 45 United
1939 2143 177 47 States”:

149 2213 37 34 p.
215 2195 148 47 65-86.

148 2250 52 53 ©
233 2252 109 43 Dec.
373 2251 65 51 26,
475 2250 128 52 1925;
635 2251 64 43 2c.
731 2252 100 51 Jan.
862 2252 39 51 2,
937 2250 128 53 1926;
1100 2251 78 43 aff.
1211 2252 109 42 Dec.
1355 2252 66 51 31,
1458 2251 130 52 1925;
1623 2252 44 42 A
1697 2251 167 45 875683;
1927 2253 217 44 National

217 2307 239 45 industrial
489 2307 265 44 conference
785 2308 155 51 board,
974 2307 82 44 inc.
1126 2307 214 54 (26-868)

149 2391 325 73 Neihardt,
514 2392 168 58 John
718 2391 367 71 Gneisenau,
1127 2394 189 57 1881-

225 2483 216 56 Poetic
475 2483 247 70 values;
759 2482 164 60 their
962 2482 228 72 reality
1227 2483 124 58 and
1388 2502 114 38 our
1539 2485 160 56 need
1737 2483 67 58 of
1841 2484 188 73 them,
2067 2484 80 72 by

147 2561 171 59 John
350 2560 69 59 G.
453 2559 324 58 Neihardt.
860 2560 151 57 New
1042 2559 192 73 York,
1268 2560 129 59 The
1431 2560 360 61 Macmillan
1823 2579 324 56 company,

149 2639 164 57 1925.

217 2716 63 53 ix,
312 2716 79 44 144
418 2730 40 39 p.
521 2716 147 45 19½cm.

219 2773 242 45 “Lectures
490 2773 218 52 prepared
736 2772 73 46 for
839 2788 25 29 a
893 2772 254 54 university
1175 2772 225 46 audience.

550 2828 220 45 CONTENTS.—Common
796 2828 298 46 sense.—The
1121 2829 199 44 creative
1345 2829 170 46 dream.

148 2885 52 53 ©
225 2887 119 44 Nov.
367 2887 68 51 24,
466 2884 102 46 1925;
622 2887 63 42 2c.
713 2887 86 42 and
824 2887 78 42 aff.
931 2887 117 43 Nov.
1076 2885 52 44 25;
1182 2887 44 41 A
1251 2885 164 44 875245;
1472 2887 264 43 Macmillan
1765 2902 64 28 co.
225 2942 214 55 (26-950)

150 3026 253 73 Olgiati,
446 3028 362 55 Francesco.

227 3118 129 57 The
392 3117 119 71 key
547 3121 63 53 to
649 3118 103 59 the
791 3119 188 71 study
1015 3119 67 56 of
1122 3118 89 58 St.
1254 3117 270 57 Thomas
1563 3116 168 59 from
1770 3118 103 57 the
1913 3118 234 58 Italian

148 3194 1975 138 of Msgr. Francesco Olgiati … with a letter of approbation
308 3275 167 55 from
505 3274 118 56 His
655 3273 296 59 Holiness
982 3274 174 71 Pope
1185 3272 154 59 Pius
1438 3318 12 26 XI,
1481 3274 354 58 translated
1865 3275 83 72 by
1978 3276 168 57 John

150 3352 60 59 S.
246 3353 264 70 Zybura.
598 3351 88 58 St.
721 3351 210 70 Louis,
966 3352 123 56 Mo.
1127 3352 123 56 and
1282 3350 278 73 London,
1595 3351 71 56 B.
1703 3351 251 58 Herder
1988 3352 158 58 book

146 3450 106 49 co.,
287 3429 164 57 1925.

217 3504 679 58 2 p. l., viii, 176 p. 19½cm.
148 3563 53 54 ©
234 3566 108 42 Dec.
380 3564 60 47 10,
478 3562 128 52 1925;
641 3563 63 42 2c.
740 3563 85 43 and
857 3563 78 42 aff.
970 3563 108 42 Dec.
1116 3563 71 52 12;
1226 3563 44 41 A
1302 3561 189 54 875589;
1531 3563 50 43 B.
1617 3564 183 43 Herder
1835 3564 119 43 book
1989 3579 65 28 co.

225 3620 214 55 (26-942)

168 3703 291 71 [Peloüan,
496 3703 200 56 Lucas
734 3702 91 75 de]

228 3799 252 58 Samuel
518 3797 243 71 Pepys;
803 3819 36 37 a
877 3796 276 72 portrait
1193 3796 66 58 in
1295 3796 356 72 miniature,
1691 3798 84 70 by
1813 3798 60 58 J.
1913 3798 227 56 Lucas-

147 3874 325 56 Dubreton
515 3873 213 71 [pseud.]
806 3872 351 57 translated
1197 3873 166 56 from
1406 3873 103 57 the
1551 3874 245 56 French
1834 3874 82 70 by
1956 3873 78 54 H.
2080 3874 58 56 J.
