2533 4412
1105 4082 107 55 533

163 441 284 69 Labiche,
487 438 251 75 Eugène
773 439 227 73 Marin,
1039 442 356 57 1815-1888.

160 530 1968 136 … Le voyage de Monsieur Perrichon, by Eugène Labiche
366 610 123 55 and
576 609 240 56 Édouard
851 608 237 57 Martin;
1155 608 207 57 edited
1393 609 81 70 by
1508 609 243 71 Rupert
1785 608 368 59 Eichholzer

332 684 1823 74 … New York, Chicago, Charles E. Merrill company
179 764 184 71 [ c 1925]
262 876 8 15 v,
301 839 74 45 165
405 855 38 39 p.
505 840 151 52 front.,
685 840 155 52 plates.
905 838 48 45 17
961 842 46 18 cm
1014 875 8 9 .
1091 838 244 56 (Merrill’s
1362 838 177 45 French
1567 839 144 54 texts)

162 896 52 54 ©
241 899 117 42 Mar.
384 897 37 53 6,
450 897 103 44 1925;
605 898 64 43 2c.
699 899 111 50 May
839 898 74 52 19;
941 898 78 42 aff.
1047 899 113 50 May
1188 898 74 51 18;
1291 897 43 42 A
1359 896 190 53 855250;
1581 896 186 45 Charles
1794 896 53 48 E.
1877 895 182 45 Merrill
2086 911 64 29 co.

233 952 66 55 [©
326 956 238 49 exercises,
593 953 158 44 idioms
780 955 86 41 and
891 954 289 52 vocabulary]
1247 952 243 55 (25-9912)

162 1040 89 57 La
282 1039 322 71 Fontaine,
639 1040 162 57 Jean
831 1040 91 70 de,
958 1042 357 56 1621-1695.

237 1130 345 71 Forty-two
609 1130 201 56 fables
839 1129 67 57 of
929 1130 91 57 La
1044 1129 326 70 Fontaine,
1396 1130 353 57 translated
1772 1131 83 71 by
1878 1130 275 57 Edward

161 1207 233 58 Marsh.
479 1207 150 56 New
653 1207 172 57 York
851 1207 122 56 and
997 1207 276 70 London,
1299 1206 254 71 Harper
1577 1207 49 57 &
1649 1208 309 71 brothers,
1986 1208 164 56 1925.

229 1284 503 52 vi, 88, [1] p. 20 cm .
231 1340 151 46 “First
418 1340 166 44 edition
620 1341 44 43 in
699 1339 259 45 America.”

160 1396 52 54 ©
239 1399 112 51 May
380 1397 60 52 15,
471 1397 127 52 1925;
625 1397 64 44 2c.
715 1398 87 43 and
827 1398 78 42 aff.
933 1398 111 52 May
1073 1397 72 51 18;
1174 1398 43 42 A
1245 1396 161 44 855205;
1462 1397 184 52 Harper
1673 1398 37 43 &
1734 1397 121 44 bros.
239 1453 242 55 (25-9910)

160 1540 302 71 Leonard,
498 1538 242 59 Arthur
772 1539 154 71 Roy.

239 1630 1914 71 The nation’s history … pt. 1, by Arthur R. Leonard
161 1707 1967 136 and Bertha E. Jacobs … with drawings by James Ormsbee
307 1787 123 55 and
463 1803 180 52 maps
679 1785 82 71 by
797 1784 150 56 Max
982 1784 238 71 Mayer.
1304 1784 152 57 New
1492 1785 187 73 York,
1720 1785 79 57 H.
1839 1785 155 58 Holt
2032 1785 123 58 and

161 1881 303 54 company
501 1894 13 43 [
515 1871 19 22 c
537 1865 147 55 1925]

233 1943 18 40 1
277 1957 40 26 V.
379 1940 123 44 front.
542 1940 152 54 (map)
721 1939 116 44 illus.
896 1939 55 43 20½
983 1942 47 17 cm
1037 1973 9 8 .

232 1996 273 44 “Minimum
531 1996 232 44 reference
789 1995 198 53 library”:
1044 2000 59 48 pt.
1135 1996 36 53 1,
1201 1994 157 54 facing
1385 2010 39 38 p.
1457 1998 34 42 1.

159 2053 53 54 ©
239 2055 111 51 Apr.
383 2053 63 53 15,
479 2053 129 53 1925;
637 2055 63 42 2c.
731 2054 110 51 Apr.
868 2053 80 52 21;
979 2053 78 43 aff.
1087 2054 113 51 May
1231 2054 46 51 1;
1309 2054 44 41 A
1381 2052 189 54 829172;
1603 2055 161 52 Henry
1793 2055 116 43 Holt
1938 2056 37 43 &
2004 2071 65 29 co.

238 2110 242 55 (25-9215)

161 2192 215 70 Lewis,
413 2191 269 73 Yancey.

237 2285 299 56 Lectures
586 2301 78 38 on
711 2281 132 58 real
890 2285 219 67 estate,
1159 2280 318 58 delivered
1521 2285 83 69 by
1648 2283 209 73 Judge
1904 2285 254 73 Yancey

160 2361 201 57 Lewis
396 2364 63 54 to
498 2359 207 58 senior
736 2359 122 58 law
888 2359 180 70 class,
1103 2357 373 73 University
1509 2359 69 58 of
1611 2362 222 71 Texas,
1865 2362 154 58 with

158 2384 1997 129 annotations and corrections by Fred. W. Moore … Austin,
163 2518 165 69 Tex.,
359 2513 338 60 Gammel’s
723 2514 161 57 book
914 2517 186 68 store,
1131 2513 166 59 1925.

230 2590 739 56 2 p. l., vii-viii, 186 p. 20 cm .
159 2649 53 54 ©
241 2652 113 51 May
378 2649 36 51 7,
447 2648 127 52 1925;
604 2649 63 43 2c.
695 2649 87 43 and
809 2649 79 42 aff.
909 2649 121 51 May
1061 2649 73 51 11;
1165 2649 43 42 A
1236 2648 189 53 855020;
1459 2651 61 42 H.
1551 2651 51 43 P.
1634 2652 59 43 N.
1723 2652 220 54 Gammel,
1971 2654 178 53 Austin,

230 2707 113 45 Tex.
413 2705 241 55 (25-9861)

161 2792 183 70 Lord,
379 2789 225 58 Daniel
633 2789 75 57 A.

241 2866 1913 80 Six one-act plays, by Daniel A. Lord … New York,
164 2945 353 61 Cincinnati
551 2948 145 69 [etc.]
728 2943 306 73 Benziger
1062 2944 309 72 brothers,
1403 2946 164 57 1925.

235 3022 75 45 175
347 3038 39 38 p.
450 3023 50 43 19
505 3024 46 17 cm
558 3058 7 6 .

561 3078 99 43 CONTENTS.—The
695 3079 110 42 road
840 3086 47 35 to
925 3077 565 52 Connaught.—Rainbow
1524 3080 277 52 gold.—The
1839 3082 122 55 sight
1997 3086 49 45 of
2081 3085 77 43 the

162 3136 408 46 blind.—Mistress
605 3134 340 44 Castlemaine’s
981 3133 251 45 Christmas
1264 3134 333 46 dinner.—The
1629 3137 134 45 flame
1797 3139 119 53 leaps
1947 3141 209 52 up.—Sir

164 3193 143 54 Folly.

163 3250 52 54 ©
241 3253 111 50 Apr.
384 3251 64 50 11,
477 3247 128 54 1925;
635 3250 64 42 2c.
726 3248 111 52 Apr.
863 3249 78 51 24;
972 3249 78 43 aff.
1081 3249 111 51 May
1223 3249 72 51 13;
1327 3249 43 42 A
1399 3248 189 54 855098;
1620 3252 222 54 Benziger
1870 3254 119 45 bros.

241 3305 242 57 (25-9712)

167 3390 396 76 [McAllister,
600 3389 253 73 Allster]
894 3391 189 57 1877-

243 3471 128 56 The
397 3467 363 60 deductions
789 3467 66 57 of
887 3466 251 59 Colonel
1169 3466 178 73 Gore,
1368 3468 83 71 by
1468 3469 181 71 Lynn
1676 3471 206 59 Brock
1902 3478 250 74 [pseud.]

165 3549 151 56 New
340 3545 174 58 York
541 3546 122 56 and
690 3545 276 70 London,
996 3543 258 72 Harper
1281 3544 53 56 &-
1356 3545 290 60 brothers
1679 3581 14 41 [
1696 3558 18 22 c
1717 3551 164 71 1925]

232 3621 517 54 2 p. l., 316 p. 19 cm .
163 3679 53 54 ©
246 3681 112 51 May
387 3678 63 52 15,
481 3677 129 53 1925;
638 3678 65 42 2c.
731 3678 87 42 and
845 3677 78 43 aff.
953 3678 112 50 May
1096 3676 74 52 18;
1201 3677 43 42 A
1273 3676 189 54 855222;
1492 3679 57 43 A.
1582 3681 284 54 McAllister,
1897 3684 200 46 London.

242 3734 242 57 (25-9751)

166 3820 352 74 Maryland.
598 3821 201 71 Laws,
839 3823 286 69 statutes,
1168 3824 108 52 etc.

242 3900 129 56 The
397 3896 339 58 annotated
762 3896 147 56 code
937 3894 68 57 of
1030 3895 104 56 the
1159 3896 207 69 public
1392 3902 253 66 general
1670 3901 150 59 laws
1849 3904 69 57 of
164 3905 1966 144 Maryland,

371 3971 1780 82 edited by George P. Bagby … comprising all the
