2533 4412
1106 4042 111 59 227

166 412 214 70 Brant,
420 412 184 58 Ethel
644 411 295 75 Cushing.

245 502 321 59 Standard
598 503 297 72 etiquette
929 502 107 57 for
1064 502 84 57 all
1179 502 338 70 occasions,
1548 501 84 72 by
1662 501 188 57 Ethel
1885 500 278 74 Cushing

165 580 233 70 Brant;
421 581 171 58 what
612 583 62 55 to
701 582 95 71 do,
821 582 170 56 what
1010 584 63 54 to
1101 599 129 53 say,
1254 580 168 57 what
1445 584 63 53 to
1533 598 183 39 wear.
1800 579 154 57 New
1971 580 190 71 York,

165 659 60 57 J.
261 658 79 57 H.
380 659 189 58 Sears
607 660 55 51 &
697 677 321 53 company,
1053 658 117 57 inc.
1211 688 14 42 [
1227 666 18 22 c
1249 650 164 81 1925]

235 750 57 51 iv,
319 750 79 44 116
418 764 41 38 p.
522 749 50 43 16½
607 752 46 18 cm
660 785 9 9 .

167 819 52 55 ©
245 822 98 53 Jan.
369 821 65 48 20,
465 820 104 44 1925
585 835 8 37 ;
620 821 64 43 2c.
711 822 118 42 Mar.
856 822 50 52 9;
935 821 78 43 aff.
1042 821 119 42 Mar.
1192 820 73 52 10;
1295 820 43 42 A
1363 819 190 52 823354;
1582 820 40 52 J.
1650 820 61 43 H.
1744 818 134 47 Sears
1907 820 37 44 &
1970 834 81 37 co.,
2079 820 83 44 inc.

246 876 242 56 (25-6184)

166 991 412 74 [Bronshteĭn,
619 991 130 57 Lev
782 990 409 76 Davidovich]
1231 993 189 57 1880-

241 1082 214 71 Lenin,
494 1082 83 71 by
613 1082 172 56 Leon
823 1083 274 56 Trotzky
1152 1082 234 72 [pseud.]
1470 1081 387 59 Authorized
164 1083 1978 134 translation.

396 1159 153 58 New
587 1160 186 71 York,
816 1160 263 72 Minton,
1119 1160 195 57 Balch
1352 1160 48 56 &
1440 1178 322 54 company,
1804 1162 165 56 1925.

233 1268 80 36 xx,
340 1252 84 43 216
448 1267 41 37 p.
551 1250 138 45 front.
720 1252 50 53 (2
797 1253 141 52 port.)
1004 1252 52 43 21½
1095 1254 47 18 cm
1148 1286 10 9 .

165 1320 1997 55 © Feb. 20, 1925 ; 2c. Mar. 10; aff. Mar. 9; A 823367; Minton, Balch & co.
246 1378 241 54 (25-6190)

165 1494 234 72 Butler,
442 1493 158 58 Ellis
639 1493 256 73 Parker,
939 1497 189 56 1869-

164 1584 1976 136 Many happy returns of the day! By Ellis Parker Butler …
430 1663 240 57 Boston
694 1664 124 56 and
841 1663 150 57 New
1014 1663 190 72 York,
1229 1663 343 72 Houghton
1596 1663 218 57 Mifflin
1839 1682 323 55 company,

167 1741 164 58 1925.

246 1831 669 58 3 p. l. , 3-49, [1] p. 17½ cm .
168 1902 52 54 ©
246 1906 118 41 Mar.
388 1904 36 50 6,
453 1903 129 52 1925;
606 1904 63 43 2c.
692 1904 86 43 and
801 1903 79 43 aff.
906 1904 119 43 Mar.
1049 1903 50 51 9;
1126 1903 43 42 A
1192 1902 190 53 822315;
1409 1902 53 47 E.
1488 1904 49 42 P.
1565 1904 170 51 Butler,
1762 1903 235 54 Flushing,
2022 1906 59 42 N.
2109 1907 55 42 Y.

246 1960 243 55 (25-6087)

171 2061 214 72 Caton,
427 2061 269 57 Thomas
736 2061 247 73 Jasper.

166 2149 2001 154 Caton scientific shorthand … specially adapted to professional reporting. Minneapolis, Minn., The Scientific
166 2307 362 72 publishing
556 2325 306 53 company
891 2336 12 43 [
906 2315 18 21 c
928 2307 164 72 1925]

247 2401 78 45 136
350 2416 40 37 p.
449 2402 56 42 22
510 2401 47 18 cm
564 2436 8 8 .

169 2469 53 54 ©
255 2472 98 52 Jan.
392 2470 62 52 15,
492 2469 129 53 1925;
659 2470 63 43 2c.
758 2471 119 41 Mar.
918 2470 73 52 12;
1026 2470 81 43 aff.
1144 2470 118 42 Mar.
1298 2470 50 51 9;
1386 2468 43 44 A
1464 2470 189 52 823392;
1695 2469 229 47 Scientific
1960 2473 101 51 pub.
2098 2489 66 28 co.

244 2526 65 55 [©
341 2535 240 36 statement
607 2527 53 43 of
692 2527 132 51 rules,
856 2526 278 52 paragraphs
1170 2527 17 41 1
1222 2533 46 36 to
1304 2524 91 54 172]
1467 2525 242 55 (25-6413)

169 2627 283 74 Caverly,
491 2626 258 59 Charles
787 2625 309 73 Solomon,
1132 2628 360 59 1856-1918.

244 2719 304 57 Infantile
577 2717 317 72 paralysis
925 2721 65 55 in
1017 2717 325 72 Vermont,
1372 2719 370 70 1894-1922;
1775 2739 36 37 a
1839 2724 328 57 memorial

169 2799 62 55 to
273 2797 260 58 Charles
576 2796 60 58 S.
681 2794 286 73 Caverly,
1065 2843 10 11 M.
1157 2842 10 11 D.
1249 2795 395 73 Burlington,
1683 2797 123 73 Vt.,
1848 2798 178 59 State
166 2801 1974 146 department
512 2874 68 57 of
604 2874 209 71 public
835 2873 231 72 health,
1096 2874 165 56 1924.

244 2967 79 46 375
350 2983 39 38 p.
451 2967 129 51 illus.,
606 2966 155 54 plates,
789 2967 168 52 diagrs.
1017 2967 54 43 24½
1105 2968 48 18 cm
1159 3002 8 8 .

251 3038 138 44 “This
422 3037 179 44 volume
630 3038 82 42 has
745 3038 111 42 been
887 3037 220 52 prepared
1138 3051 50 30 as
1221 3052 26 27 a
1279 3036 233 43 memorial
1548 3044 46 36 to
1629 3038 84 44 Dr.
1748 3037 185 46 Charles
1973 3040 44 46 S.
176 3041 1974 106 Caverly.

347 3094 42 43 It
416 3094 206 51 consists,
650 3094 43 42 in
719 3094 76 42 the
824 3093 134 49 main,
985 3092 50 44 of
1059 3092 68 44 his
1155 3092 207 52 writings
1390 3108 58 28 on
1474 3092 74 45 the
1574 3093 176 53 subject
1777 3095 50 44 of
1853 3096 317 53 poliomyelitis

176 3150 47 44 in
257 3151 235 49 Vermont,
531 3158 45 35 to
614 3149 147 43 which
797 3164 76 28 are
909 3149 143 43 added
1090 3149 171 43 certain
1297 3149 325 44 contributions
1663 3150 121 44 from
1821 3152 73 44 the
1932 3168 100 29 men
2069 3154 102 46 who

177 3208 185 44 worked
390 3206 110 45 with
527 3206 96 43 him
648 3222 52 28 or
730 3206 120 43 after
876 3205 107 51 him,
1013 3206 89 43 and
1130 3221 24 28 a
1187 3213 239 36 statement
1455 3206 50 44 of
1534 3206 73 45 the
1637 3217 181 43 present
1847 3218 142 36 status
2018 3211 52 44 of
2098 3212 74 45 the

175 3264 130 45 work
334 3264 230 44 instituted
591 3264 59 51 by
677 3261 134 45 him.”

171 3330 1997 58 © Nov. 20, 1924 ; 2c. Mar. 29, 1925; aff. Feb. 28; A 822311; State department
240 3391 52 43 of
318 3389 165 44 health.
551 3387 242 55 (25-6225)

173 3487 338 72 Chalmers,
552 3485 256 59 Helena.

243 3581 130 56 The
410 3583 101 54 art
547 3580 67 57 of
644 3579 310 70 make-up,
990 3578 106 57 for
1129 3578 104 57 the
1272 3582 195 68 stage,
1504 3580 104 59 the
1646 3600 232 54 screen,
1916 3586 122 57 and
173 3604 1969 112 social
316 3678 128 50 use,

468 3655 1697 76 by Helena Chalmers … illustrated by the author.
172 3736 152 58 New
347 3734 190 73 York,
565 3734 276 71 London,
868 3733 74 57 D.
970 3733 320 72 Appleton
1318 3734 122 58 and
1469 3753 320 56 company,
1821 3739 164 59 1925.

242 3810 1027 56 viii p., 1 l., 159 p. front., illus. 19½ cm .
174 3881 1848 58 © Mar. 6, 1925; 2c. and aff. Mar. 10; A 823353; D. Appleton & co.
252 3940 241 57 (25-6343)
