2533 4412
1038 4032 149 56 1123

166 480 1937 73 … Ed. under the direction of the court. St. Paul, West
97 562 364 72 publishing
493 581 106 52 co.,
635 562 165 55 1925.

168 652 162 51 xxviii,
364 650 106 43 1266
497 650 151 43 numb.
679 649 84 44 col.
823 649 53 44 23
884 652 47 17 cm
937 684 9 8 .

101 720 53 54 ©
177 722 107 53 July
305 722 67 51 30,
399 719 129 53 1925;
554 721 63 42 2c.
645 720 102 44 Oct.
771 720 77 51 29;
876 720 79 42 aff.
981 719 102 44 Oct.
1107 719 77 51 28;
1211 718 44 43 A
1280 717 190 53 872276;
1497 718 132 44 West
1654 718 102 52 pub.
1782 733 65 28 co.

101 818 196 75 Lynn,
333 817 187 60 Clara
546 817 77 59 A.

176 910 120 58 Tid
320 909 156 72 bits;
503 909 341 56 humorous
874 908 225 57 stories
1129 908 68 57 of
1221 908 177 57 home
1427 908 239 73 people,
1692 909 84 71 by
1804 908 190 59 Clara
2017 910 76 55 A.

99 988 197 72 Lynn.
382 987 322 73 [Concord,
733 986 74 57 N.
838 985 97 73 H.,
969 986 130 57 The
1129 985 314 58 Rumford
1469 1004 202 53 press,
1702 994 17 21 c
1723 987 165 73 1925]

173 1079 515 55 3 p. l., 146 p. 19 cm .
101 1149 53 54 ©
185 1149 121 53 Sept.
334 1149 65 52 26,
430 1147 129 53 1925;
588 1148 66 43 2c.
681 1149 88 42 and
794 1148 79 43 aff.
905 1147 121 52 Sept.
1051 1148 79 52 29;
1161 1147 44 43 A
1232 1147 187 52 869060;
1453 1145 48 46 C.
1530 1149 57 41 A.
1617 1149 143 51 Lynn,
1790 1148 309 53 Portsmouth,

172 1207 59 42 N.
263 1207 61 42 H.
394 1203 272 56 (25-19115)

103 1304 381 71 McConnell,
517 1303 262 58 Francis
811 1304 185 70 John,
1029 1306 119 72 bp.,
1177 1306 190 57 1871-

180 1401 128 57 The
339 1398 133 73 just
503 1396 246 74 weight,
785 1399 124 57 and
941 1398 179 58 other
1152 1398 218 72 chapel
1402 1399 353 72 addresses,
1788 1401 83 72 by
101 1401 1976 136 Francis

251 1476 1850 75 John McConnell … New York, Cincinnati, The
102 1557 337 72 Abingdon
464 1573 183 54 press
679 1584 14 42 [
695 1561 17 21 c
716 1554 165 72 1925]

179 1646 78 47 197
281 1662 41 35 p.
386 1646 50 45 17½
471 1648 47 18 cm
525 1683 8 8 .

104 1714 53 54 ©
187 1717 120 51 Aug.
335 1715 66 51 21,
436 1711 129 53 1925;
598 1713 65 43 2c.
694 1713 87 42 and
811 1712 78 42 aff.
923 1711 122 53 Sept.
1081 1711 74 53 17;
1188 1713 43 41 A
1263 1713 189 53 869037;
1486 1713 50 46 F.
1569 1717 39 51 J.
1642 1715 286 54 McConnell,
173 1717 1908 107 Pittsburgh.
402 1767 271 57 (25-19057)

105 1870 337 71 McCotter,
482 1866 181 60 Rollo
704 1868 270 71 Eugene;
1016 1870 190 57 1878-

182 1959 357 60 Dissection
576 1959 287 58 methods
900 1959 67 56 in
1007 1963 326 69 anatomy;
1376 1981 80 37 an
1495 1964 234 58 outline
1770 1965 69 57 of
107 1966 1974 134 dissection

276 2039 303 73 designed
613 2038 108 57 for
756 2039 287 57 students
1082 2039 67 57 of
1182 2040 303 58 medicine
1525 2043 125 57 and
1687 2043 316 74 dentistry
2042 2050 63 54 at

106 2116 1930 73 the University of Michigan, by Rollo E. McCotter …
108 2197 78 57 3d
211 2197 112 71 ed.,
352 2213 126 39 rev.
546 2194 146 55 Ann
717 2194 228 71 Arbor,
975 2194 205 72 Mich.,
1211 2194 69 59 G.
1308 2195 216 74 Wahr,
1556 2198 167 57 1925.

176 2270 847 55 2 p. l., 148 p. front., pl. 19½ cm .
177 2330 239 43 Alternate
445 2342 136 39 pages
611 2327 150 44 blank.

105 2384 56 54 ©
194 2385 120 52 Sept.
342 2385 66 50 21,
443 2382 130 54 1925;
604 2384 64 43 2c.
703 2383 121 52 Sept.
855 2383 77 51 28;
966 2384 79 42 aff.
1079 2384 101 47 Qct.
1216 2385 45 50 1;
1295 2386 43 41 A
1369 2386 190 53 869086;
1596 2386 178 54 George
1804 2389 160 45 Wahr.

186 2441 271 55 (25-19281)

107 2541 235 72 Mahin,
384 2541 169 58 John
590 2540 137 72 Lee,
771 2543 188 55 1869-

185 2633 1855 73 Advertising and salesmanship, by John Lee Mahin …
113 2712 269 76 [Garden
429 2709 161 73 City,
636 2710 74 56 N.
756 2710 74 56 Y.]
895 2710 385 73 Doubleday,
1328 2713 171 72 Page
1545 2714 49 55 &
1637 2734 321 57 company,
2004 2719 105 57 for

109 2791 105 56 the
250 2788 463 57 International
745 2787 289 57 business
1070 2787 308 75 institute,
1419 2792 165 56 1925.

177 2865 131 52 xxiii,
343 2865 81 43 302
458 2879 39 38 p.
559 2864 129 51 illus.,
727 2863 154 52 plates.
951 2864 48 43 19½
1035 2867 47 17 cm
1088 2899 9 9 .

183 2921 246 44 Published
465 2921 45 42 in
549 2920 118 51 1914,
709 2920 108 43 1916
852 2921 88 42 and
981 2921 105 42 1919
1125 2922 143 42 under
1306 2922 124 43 title:
1471 2924 322 55 Advertising;
1835 2928 161 53 selling
2035 2930 75 44 the

108 2994 249 28 consumer.

112 3033 53 54 ©
197 3035 107 52 July
341 3035 62 50 10,
442 3032 102 45 1925
562 3048 9 38 ;
606 3033 66 43 2c.
708 3033 86 43 and
829 3033 79 43 aff.
947 3032 121 53 Sept.
1101 3032 79 54 25;
1217 3035 43 41 A
1296 3034 188 53 869000;
1523 3037 271 45 Associated
1828 3041 283 55 advertising

183 3091 123 43 clubs
337 3090 50 44 of
417 3090 76 43 the
519 3089 160 50 world,
711 3089 117 43 New
859 3089 142 43 York.
1066 3087 66 55 [©
1162 3104 100 30 new
1292 3092 222 53 material,
1547 3093 134 44 index
1714 3096 87 43 and
1833 3099 275 45 corrections

183 3146 291 54 throughout]
546 3142 271 58 (25-19050)

114 3247 565 73 Merry-go-round,
708 3266 56 37 v.
798 3249 51 71 2,
878 3266 97 38 no.
1008 3249 89 71 10,
1130 3248 181 74 Aug.,
1344 3251 164 55 1925.

114 3335 1974 112 © 1c. Sept. 26, 1925; A ad int. 7306; pubd. Aug. 1; Basil Blackwell, Oxford, England.
116 3493 345 59 Methodist
489 3491 337 74 Episcopal
847 3492 248 57 church.
1168 3493 263 58 General
1453 3496 363 71 conference
192 3504 1897 125 commission
361 3591 79 38 on
469 3589 248 39 courses
750 3569 67 73 of
844 3571 206 72 study.

190 3661 356 58 Directions
580 3661 122 56 and
733 3661 178 69 helps
944 3660 104 57 for
1081 3661 104 56 the
1216 3660 140 58 first
1364 3663 290 78 [-fourth]
1687 3687 172 55 year,
1892 3671 215 61 issued

112 3741 84 72 by
215 3740 103 59 the
344 3739 269 59 General
633 3737 366 59 conference
1025 3737 395 60 commission
1446 3761 76 38 on
1548 3763 252 42 courses
1826 3748 68 58 of
1920 3752 186 73 study

182 3815 1903 72 … New York, Cincinnati, The Methodist book concern
116 3898 165 56 1925.

185 3977 28 43 4
237 3992 40 28 v.
339 3974 115 44 illus.
517 3972 51 45 16½
601 3975 48 17 cm
656 4008 8 9 .
