2533 4412
1307 4048 148 59 1672

385 377 138 58 Von
557 398 198 37 neuer
788 379 222 56 musik.
1087 379 300 73 Beiträge
1425 399 110 37 zur
1576 380 363 60 erkenntnis
1979 383 110 57 der
455 384 1920 130 neuzeitlichen

703 456 318 58 tonkunst.
1109 456 348 75 Köln/Rh.,
1506 457 334 74 Germany,
1888 460 69 56 F.
2006 460 60 58 J.
2116 461 279 72 Marcan,

455 535 165 56 1925.

459 612 18 42 1
511 627 41 28 V.

387 665 1672 57 © Jan. 10, 1925; 1c. Apr. 7; A —Foreign 27360; F. J. Marcan.
382 751 285 74 Weigelt,
706 752 340 59 Johannes.

462 844 433 74 Angewandte
941 844 282 74 geologie
1269 845 129 58 und
1488 845 417 75 paläontologie
1953 848 114 57 der
384 847 1987 149 flachseegesteine

711 924 128 57 und
886 924 114 57 das
1050 924 281 72 erzlager
1377 943 124 37 von
1549 923 359 74 Salzgitter.
1998 925 235 74 Berlin,
374 927 1997 132 Gebrüder
643 1000 450 75 Borntraeger,
1131 1002 168 56 1923.

458 1080 18 42 1
507 1094 42 29 V.

384 1134 1990 112 © July 1, 1923; 1c . Sept. 13, 1924; A —Foreign 27323; Gebrüder Borntraeger.
384 1275 295 61 Weimar.
762 1276 872 59 Goethe-national-museum.

462 1368 237 60 Goethe
739 1369 494 72 gedenkblätter,
1272 1368 314 72 Weimar;
1623 1369 171 73 hrsg.
1835 1387 143 39 vom
2018 1369 237 59 Goethe
382 1390 1992 115 nationalmuseum

899 1447 66 58 in
1001 1447 299 60 Weimar.
1387 1447 50 58 3.
1479 1446 138 59 aufl.
1701 1446 237 75 Berlin,
1978 1446 421 61 Gesellschaft

383 1546 110 39 zur
564 1526 368 73 verbreitung
957 1525 383 59 klassischer
1366 1526 192 58 kunst
1590 1527 182 73 [1925]

456 1606 75 42 111
567 1619 41 39 p.
670 1605 115 43 illus.
813 1605 96 53 (incl.
976 1612 154 45 ports.,
1167 1604 227 54 facsims.)
1461 1603 55 46 28
1522 1606 47 18 cm
1576 1638 9 10 .

455 1662 141 44 “Zum
621 1661 166 54 geleit”
815 1662 158 53 signed
989 1677 9 28 :
1029 1662 81 44 Dr.
1141 1662 131 44 Hans
1302 1661 153 46 Wahl.

452 1719 423 45 Advertisements:
908 1733 41 39 p.
988 1718 203 44 106-111.

380 1774 1992 113 © May 31, 1925; 1c . Dec. 1; A —Foreign 29309; Gesellschaft zur verbreitung
595 1833 277 44 klassischer
903 1834 148 43 kunst.
1121 1832 245 55 (26-4304)

381 1916 314 75 Winfield,
732 1919 204 73 Percy
969 1918 236 73 Henry,
1243 1920 192 57 1878-

459 2000 131 59 The
620 1997 167 62 chief
815 2018 253 40 sources
1097 2001 68 57 of
1192 1996 270 76 English
1487 1999 166 73 legal
1677 1995 267 76 history,
1972 1999 83 72 by
2082 1999 204 71 Percy
2313 1998 78 57 H.

379 2076 2012 74 Winfield … Cambridge. Harvard university press, 1925.
449 2155 129 53 xviii,
606 2155 83 47 374
714 2169 42 38 p.
815 2155 57 44 22
877 2158 47 18 cm
931 2194 8 9 .

451 2211 177 43 “Based
659 2224 59 29 on
750 2225 25 28 a
809 2224 158 29 course
1000 2208 52 46 of
1083 2210 193 43 lectures
1309 2208 229 45 delivered
1571 2208 44 43 in
1648 2209 75 43 the
1757 2209 110 44 Law
1901 2207 156 45 school
2089 2208 51 44 of
2174 2209 217 43 Harvard

384 2269 252 51 university
661 2272 205 42 between
893 2267 239 53 February
1159 2271 88 43 and
1272 2268 132 52 June,
1434 2268 147 45 1923.”

452 2325 334 52 Bibliography
813 2336 47 35 at
885 2327 86 44 end
997 2326 53 44 of
1080 2331 122 39 most
1226 2327 53 44 of
1303 2326 75 45 the
1406 2324 222 52 chapters.

713 2380 401 52 CONTENTS.—Introduction,
1143 2384 61 49 by
1229 2383 55 42 R.
1314 2378 519 54 Pound.—Equipment
1861 2382 74 43 for
1963 2383 208 42 research
2199 2381 46 44 in
2273 2381 117 53 legal

380 2437 468 53 history.—Existing
879 2436 381 53 bibliographical
1295 2435 439 53 guides.—Sources
1771 2439 53 44 of
1857 2436 342 53 Anglo-Saxon
2233 2441 160 42 law.—

380 2492 98 45 The
516 2493 219 43 influence
771 2492 50 44 of
859 2493 178 43 Roman
1074 2491 88 45 law
1199 2507 59 28 on
1297 2491 192 53 English
1528 2491 543 47 law.—Statutes.—The
2108 2492 148 53 public
379 2508 1989 90 records

521 2553 48 44 in
599 2551 381 53 general.—Case
1013 2550 835 53 law.—Abridgments.—Textbooks
1881 2553 88 43 and
2001 2553 141 45 books
2175 2554 52 42 of
379 2566 1989 90 practice.

378 2662 55 54 ©
464 2664 103 44 Oct.
600 2663 64 52 14,
698 2662 130 54 1925;
860 2664 64 43 2c.
956 2663 102 44 Oct.
1091 2663 76 52 19;
1199 2663 80 43 aff.
1312 2662 102 45 Oct.
1443 2662 78 52 23;
1553 2662 46 43 A
1627 2661 191 54 869721;
1851 2663 219 44 Harvard
2099 2664 119 43 univ.
2251 2679 139 38 press.

460 2720 244 55 (26-2132)

381 2803 540 74 Wittigschlager,
963 2802 423 60 Wilhelmina.

456 2882 328 71 Emanuel,
819 2882 104 57 the
956 2882 132 57 kiss
1125 2880 70 59 of
1226 2881 104 58 the
1365 2900 159 53 rose,
1561 2881 105 57 the
1700 2880 396 75 philosophy,
2133 2883 261 58 wisdom

379 2961 125 58 and
550 2980 212 52 power
809 2960 67 56 in
922 2960 405 72 psychology,
1372 2958 153 58 with
1571 2960 105 58 the
1720 2959 122 72 key
1886 2962 63 56 to
1998 2959 106 60 the
2153 2959 239 59 eternal

379 3039 232 72 shrine,
638 3040 84 71 by
747 3038 406 59 Wilhelmina
1181 3037 565 73 Wittigschlager.
1804 3037 153 58 New
1982 3037 191 74 York,
376 3039 1991 151 Prosperity

619 3115 366 74 publishing
1016 3133 310 54 company
1358 3144 13 44 [
1375 3125 15 21 c
1395 3115 165 74 1925]

447 3197 80 44 211
561 3211 40 39 p.
662 3197 51 43 21
723 3197 47 19 cm
777 3231 8 9 .

380 3253 53 53 ©
470 3255 109 43 Dec.
615 3252 38 52 7,
691 3251 131 54 1925;
859 3252 65 43 2c.
962 3253 109 42 Dec.
1106 3252 51 51 8;
1194 3252 79 43 aff.
1312 3253 108 43 Dec.
1459 3252 75 51 14;
1573 3252 45 42 A
1654 3249 190 55 875505;
1883 3252 76 44 W.
1996 3250 394 54 Wittigschlager,

451 3311 116 44 New
600 3311 143 43 York.
813 3308 245 55 (26-1604)

378 3394 368 73 Woodring,
785 3392 212 59 Maxie
1036 3393 194 70 Nave,
1273 3395 189 57 1888-

453 3472 61 57 A
542 3473 189 71 study
758 3472 67 57 of
851 3472 105 57 the
983 3470 244 73 quality
1256 3471 68 57 of
1349 3470 270 73 English
1645 3471 66 56 in
1739 3471 189 57 Latin
1955 3471 432 68 translations,

377 3548 2010 74 by Maxie Nave Woodring … New York city, Teachers
378 3628 249 72 college,
663 3626 328 60 Columbia
1020 3626 373 73 university,
1428 3628 164 57 1925.

379 3703 1988 114 viii, 84 p. incl. tables, diagrs. 2 3 ½ cm . (Teachers college, Columbia university.
543 3761 344 47 Contributions
911 3769 46 39 to
981 3762 254 54 education,
1257 3777 71 31 no.
1357 3761 104 55 187)

454 3821 247 44 Published
726 3820 97 45 also
846 3836 49 29 as
918 3820 139 44 thesis
1085 3822 106 52 (PH.
1247 3820 35 54 D.)
1309 3819 240 46 Columbia
1574 3818 266 55 university,
1868 3817 119 46 1925.

450 3878 328 53 Bibliography
794 3892 9 29 :
837 3892 40 39 p.
900 3878 150 44 82-84.

380 3935 53 53 ©
470 3937 101 44 Oct.
609 3936 38 51 6,
687 3934 129 54 1925;
853 3936 64 42 2c.
956 3936 119 42 Nov.
1111 3936 79 51 28;
1230 3935 78 43 aff.
1348 3935 119 43 Nov.
1503 3934 79 52 21;
1623 3934 43 42 A
1703 3931 189 54 872638;
1931 3931 230 44 Teachers
2200 3930 183 53 college,

453 3992 237 47 Columbia
717 3991 119 44 univ.
905 3990 244 55 (26-1645)
