2533 4412
1260 4026 150 60 1576

351 333 410 74 Wentworth,
803 335 280 60 Edward
1119 337 242 58 Norris.

428 426 415 73 Progressive
892 428 189 71 sheep
1128 428 261 74 raising,
1433 430 83 71 by
1560 430 278 59 Edward
1880 432 228 58 Norris
349 434 1992 126 Wentworth
585 505 126 57 and
742 505 170 72 Tage

943 505 77 58 U.
1054 507 80 55 H.
1169 506 304 74 Ellinger.
1548 506 292 78 Chicago,
1875 511 117 70 Ill.,
2025 511 338 59 Armour’s

349 581 304 58 livestock
683 582 259 73 bureau,
977 585 165 56 1925.

423 658 91 52 142,
565 659 39 54 [2]
640 674 39 38 p.
742 658 131 53 illus.,
907 658 169 55 diagrs.
1144 660 51 45 17
1201 664 47 18 cm
1255 697 8 8 .

349 726 53 54 ©
429 728 119 45 Nov.
580 728 63 53 14,
672 728 130 54 1925;
830 730 65 44 2c.
921 731 87 43 and
1036 731 79 43 aff.

1144 731 119 43 Nov.
1293 732 78 52 23;
1401 732 44 43 A
1473 730 190 55 875189;
1692 732 204 45 Armour
1923 735 87 43 and
2039 750 80 36 co.,
2150 735 213 54 Chicago.

347 841 230 75 White,
617 843 249 59 Arthur
905 844 195 73 Scott,
1143 847 192 57 1844-

426 935 120 60 Old
603 935 221 60 Grand
881 937 263 73 Rapids,
1205 957 124 53 pen
1388 937 292 73 pictured
1737 940 84 72 by
1880 940 247 57 Arthur
2190 941 177 59 Scott

345 1014 230 59 White.
662 1014 219 60 Grand
919 1016 264 74 Rapids,
1225 1016 208 73 Mich.,
1470 1017 213 59 White
1723 1017 291 75 printing
2050 1037 108 53 co.,
2198 1020 170 57 1925.

416 1094 39 52 4,
484 1094 125 53 4a-b,
642 1092 111 45 5-87
782 1109 40 38 p.
882 1094 55 44 23½
973 1096 48 18 cm
1028 1130 9 9 .

346 1161 53 54 ©
430 1164 109 42 Dec.
572 1161 37 53 7,
645 1162 131 53 1925;
810 1165 64 42 2c.
908 1164 108 43 Dec.
1052 1164 75 51 18;
1159 1165 79 43 aff.
1271 1166 109 42 Dec.
1418 1163 73 53 17;
1529 1166 42 41 A
1605 1163 191 55 875559;
1831 1166 59 44 A.
1926 1165 44 47 S.
2002 1165 173 54 White,
2209 1166 154 45 Grand

417 1220 183 53 Rapids,
641 1220 140 44 Mich.
852 1218 273 56 (25-28178)

345 1334 230 74 White,
613 1335 287 61 William
933 1334 253 74 Robert,
1225 1339 192 58 1887-

407 1428 153 74 Quiz
587 1431 305 71 compend
916 1432 106 58 for
1047 1449 254 42 reserve
1328 1428 256 75 officers,
1613 1427 516 75 Quartermaster
2157 1450 202 55 corps,

342 1511 197 57 based
564 1528 170 52 upon
769 1510 197 71 Army
992 1508 392 74 regulations
1415 1510 245 67 140-37,
1691 1512 319 71 prepared
2036 1512 84 71 by
2148 1510 213 73 Major

340 1585 2018 75 William R. White … [San Francisco, Printed by G. H.
341 1664 354 60 McCallum
721 1684 108 53 co.,
856 1673 20 22 c
880 1665 166 73 1925]

418 1744 78 43 114
525 1758 42 35 p.
625 1742 56 45 23
687 1743 49 19 cm
741 1776 10 10 .

342 1808 53 54 ©
425 1809 119 45 Nov.
573 1810 68 52 24,
675 1809 130 52 1925;
837 1811 67 43 2c.
935 1811 88 43 and
1054 1811 79 42 aff.
1167 1811 108 43 Dec.
1305 1810 52 52 2;
1389 1810 43 43 A
1463 1808 191 55 872670;
1688 1811 76 44 W.
1798 1811 54 44 R.
1885 1810 171 52 White,

2093 1810 91 48 San
412 1811 1925 100 Francisco.
617 1866 272 55 (25-27626)

341 1978 266 76 Wilbur,
649 1980 155 59 Etta
841 1980 242 60 Rhoda.

339 2071 1993 152 … Old Testament history, The Bible and social institutions, The
727 2151 182 58 Bible
945 2171 70 38 as
1052 2151 365 71 literature;
1456 2171 36 37 a
1528 2151 280 73 syllabus
1845 2151 69 58 of
1945 2150 182 60 Bible
2166 2151 190 73 study

339 2229 106 58 for
482 2229 216 73 junior
740 2231 126 57 and
905 2230 215 58 senior
1155 2228 154 74 high
1349 2230 262 72 schools,
1652 2230 85 72 by
1776 2228 156 59 Etta
1972 2230 73 57 R.
2086 2229 267 73 Wilbur,

339 2307 2014 75 Nina E. Bristol, Emma M. Lott … for the Department of
337 2386 1765 73 public instruction. Syllabus no. 3 … pub. by the
336 2405 1994 119 superintendent
713 2466 69 58 of
823 2466 212 72 public
1077 2465 383 58 instruction
1504 2466 126 57 and
1672 2465 106 58 the
1821 2465 322 73 Michigan
2188 2467 164 56 state

337 2545 288 59 teachers
641 2548 13 27 ’
681 2545 400 58 association.
1151 2543 316 76 [Lansing,
1495 2543 204 74 Mich.]
1727 2544 168 58 1925.

413 2627 77 44 123
518 2640 41 39 p.
589 2625 101 45 incl.
719 2640 140 39 maps,
886 2625 89 45 tab.
1035 2626 54 44 23
1096 2628 48 18 cm
1151 2661 8 8 .

411 2683 64 47 At
507 2682 118 45 head
659 2682 52 45 of
742 2681 124 45 title:
906 2681 128 47 State
1068 2681 51 46 of
1151 2681 251 54 Michigan.
1464 2683 301 51 Department
1800 2680 51 45 of
1883 2680 152 53 public
2070 2679 283 50 instruction,

342 2740 215 52 Lansing.

411 2796 280 44 “Reference
720 2793 265 46 material”:
1016 2810 40 38 p.
1090 2795 148 47 12-13.

336 2864 53 54 ©
421 2866 101 44 Oct.
552 2865 66 51 20,
651 2862 130 55 1925;
812 2865 66 43 2c.
910 2865 119 43 Nov.
1064 2866 46 50 1;
1143 2865 80 43 aff.
1254 2864 121 43 Nov.
1403 2864 50 52 9;
1485 2863 44 43 A
1560 2861 191 54 869957;
1786 2862 238 54 Michigan
2054 2869 115 37 state
407 2861 1923 105 teachers’

530 2938 132 36 assn.,
699 2923 217 52 Lansing,
952 2921 141 44 Mich.
1165 2919 273 57 (25-27773)

337 3034 375 73 Wilkinson,
748 3036 111 59 Sir
891 3033 220 59 Nevile
1146 3033 300 72 Rodwell,
1484 3036 191 57 1869-

416 3127 89 57 To
538 3126 85 57 all
653 3126 126 58 and
809 3126 304 72 singular,
1143 3127 85 71 by
1259 3124 213 73 Major
1506 3124 106 59 Sir
1641 3122 221 59 Nevile
1893 3123 74 57 R.
1999 3122 355 58 Wilkinson

401 3204 1178 73 … London, Nisbet & co., ltd. [1925]
470 3319 10 18 xv,
508 3283 80 45 303
617 3298 40 38 p.
719 3283 154 53 front.,
903 3281 160 55 plates,
1090 3289 140 47 ports.
1290 3282 54 45 23
1352 3284 48 18 cm
1406 3317 8 9 .

335 3346 2014 60 © 1c. Dec. 28, 1925; A ad int. 7582; pubd. Oct. 30; Sir N. R. Wilkinson,
405 3411 202 44 London.
677 3410 245 54 (26-1348)

333 3510 333 74 Williams,
707 3512 221 72 Henry
962 3510 226 73 Smith,
1227 3513 192 57 1863-

408 3597 1939 80 Practical radio, by Henry Smith Williams … 5th ed.,
331 3700 126 38 rev.
542 3681 153 57 New
723 3681 176 57 York
926 3682 125 56 and
1079 3681 281 71 London,
1391 3679 186 57 Funk
1604 3679 47 57 &
1678 3676 330 74 Wagnalls
2041 3693 308 53 company

332 3791 13 43 [
349 3768 17 23 c
371 3761 165 72 1925]

400 3838 92 52 xiv,
516 3838 80 43 441
623 3853 39 38 p.
725 3838 155 53 front.,
904 3838 134 54 illus.,
1064 3840 169 51 diagrs.
1297 3838 51 44 19½
1382 3841 47 17 cm
1436 3873 8 7 .

331 3908 53 54 ©
416 3911 108 42 Dec.
561 3910 64 51 10,
661 3909 128 52 1925;
823 3911 65 42 2c.
922 3911 87 43 and
1042 3911 78 43 aff.
1156 3910 109 43 Dec.
1303 3909 73 51 16;
1410 3909 44 42 A
1485 3906 192 56 875519;
1715 3907 133 45 Funk
1880 3907 87 45 and
2000 3902 240 55 Wagnalls
2276 3917 66 29 co.

411 3965 272 57 (25-27872)
