<alto xmlns="http://www.loc.gov/standards/alto/ns-v3#" xmlns:xlink="http://www.w3.org/1999/xlink" xmlns:xsi="http://www.w3.org/2001/XMLSchema-instance" xsi:schemaLocation="http://www.loc.gov/standards/alto/ns-v3# http://www.loc.gov/alto/v3/alto-3-0.xsd"><Description>
<MeasurementUnit>pixel</MeasurementUnit>
<sourceImageInformation>
<fileName>1925_v22_Part001.pdf</fileName>
</sourceImageInformation>
<OCRProcessing ID="IdOcr">
<ocrProcessingStep>
<processingDateTime>2019-04-03</processingDateTime>
<processingSoftware>
<softwareCreator>ABBYY</softwareCreator>
<softwareName>ABBYY Recognition Server</softwareName>
<softwareVersion>4.0</softwareVersion>
</processingSoftware>
</ocrProcessingStep>
</OCRProcessing>
</Description>
<Styles>
<ParagraphStyle ID="StyleId-FFFFFFFF-FFFF-FFFF-FFFF-FFFFFFFFFFFF-" ALIGN="Left" LEFT="0." RIGHT="0." FIRSTLINE="0."/>
<ParagraphStyle ID="StyleId-2E5B4E57-07AD-4719-97CB-14521F7F4F8A-" ALIGN="Left" LEFT="0." RIGHT="0." FIRSTLINE="0." LINESPACE="8.899999619"/>
<ParagraphStyle ID="StyleId-62A6F688-D6E3-4EFC-837B-4A4C4EB582B7-" ALIGN="Center" LEFT="0." RIGHT="0." FIRSTLINE="0." LINESPACE="12.19999981"/>
<ParagraphStyle ID="StyleId-21B71EBC-BDB5-4E16-A8F2-58189A39665B-" ALIGN="Block" LEFT="0." RIGHT="0." FIRSTLINE="-13." LINESPACE="11.35000038"/>
<ParagraphStyle ID="StyleId-1E1A68C4-DD4F-417A-A13D-7FEC29ECB499-" ALIGN="Block" LEFT="0." RIGHT="0." FIRSTLINE="-15." LINESPACE="13.30000019"/>
<ParagraphStyle ID="StyleId-6B39EC51-644D-4E90-AF07-84EF2B1E466A-" ALIGN="Block" LEFT="0." RIGHT="0." FIRSTLINE="-15." LINESPACE="8.340000153"/>
<ParagraphStyle ID="StyleId-2C1BA15F-E223-41D6-853D-AAFBDAC17E68-" ALIGN="Center" LEFT="0." RIGHT="0." FIRSTLINE="0." LINESPACE="13."/>
<ParagraphStyle ID="StyleId-A3B2CDF3-43F0-422C-90A0-E074BFEC3BC0-" ALIGN="Block" LEFT="0." RIGHT="0." FIRSTLINE="0." LINESPACE="8.899999619"/>
<ParagraphStyle ID="StyleId-28AB2493-EA15-49C1-A6AC-ED5BC404F0B9-" ALIGN="Center" LEFT="0." RIGHT="0." FIRSTLINE="0." LINESPACE="12.19999981"/>
<ParagraphStyle ID="StyleId-4417A6D4-97E2-4EFC-962D-7FBC0D5273E4-" ALIGN="Left" LEFT="0." RIGHT="0." FIRSTLINE="15." LINESPACE="8.340000153"/>
<ParagraphStyle ID="StyleId-D4EF9C5E-3110-4A39-B7BC-3D84E0F04894-" ALIGN="Center" LEFT="0." RIGHT="0." FIRSTLINE="0." LINESPACE="13.30000019"/>
<ParagraphStyle ID="StyleId-D1243F31-1201-4D92-8F69-43ADB01E9AD1-" ALIGN="Left" LEFT="0." RIGHT="0." FIRSTLINE="-13." LINESPACE="13.30000019"/>
<ParagraphStyle ID="StyleId-C65417C6-23F2-4D8F-BA55-ECE73D98CAB9-" ALIGN="Left" LEFT="0." RIGHT="0." FIRSTLINE="0." LINESPACE="8.899999619"/>
<ParagraphStyle ID="StyleId-835763C1-08DD-41BE-8BAD-8E41EA88DAE3-" ALIGN="Center" LEFT="0." RIGHT="0." FIRSTLINE="0." LINESPACE="11.10000038"/>
<ParagraphStyle ID="StyleId-78FD6B81-8F83-422D-8DF4-4274EAFD19C6-" ALIGN="Block" LEFT="0." RIGHT="0." FIRSTLINE="-17." LINESPACE="12.19999981"/>
<ParagraphStyle ID="StyleId-F506BC7F-570D-458B-9F05-A143E1F5FD17-" ALIGN="Block" LEFT="0." RIGHT="0." FIRSTLINE="-17." LINESPACE="11.35000038"/>
<ParagraphStyle ID="StyleId-CBE02C6B-22D0-48C6-A874-7E90A22F4375-" ALIGN="Center" LEFT="0." RIGHT="0." FIRSTLINE="0." LINESPACE="4.400000095"/>
<ParagraphStyle ID="StyleId-14CC0121-63AF-4AB4-9656-E02F46C61AF2-" ALIGN="Left" LEFT="0." RIGHT="0." FIRSTLINE="0." LINESPACE="8.899999619"/>
<ParagraphStyle ID="StyleId-DD64CECB-1B22-4BFF-84F0-DFDE2B0000F8-" ALIGN="Left" LEFT="0." RIGHT="0." FIRSTLINE="0." LINESPACE="12.19999981"/>
<ParagraphStyle ID="StyleId-8AEF4AA8-141A-4E5D-9C3E-C0F9F43C742F-" ALIGN="Left" LEFT="0." RIGHT="0." FIRSTLINE="0." LINESPACE="8.300000191"/>
<ParagraphStyle ID="StyleId-8C396D2A-39C0-48AB-BABA-2679D8AB257E-" ALIGN="Left" LEFT="0." RIGHT="0." FIRSTLINE="0." LINESPACE="11.10000038"/>
<ParagraphStyle ID="StyleId-3B7FE50F-10D4-487F-BDCD-FD26EB60FD4A-" ALIGN="Block" LEFT="0." RIGHT="0." FIRSTLINE="13." LINESPACE="8.340000153"/>
<ParagraphStyle ID="StyleId-8CC5CC8E-615B-4C42-BB46-DB28FA355C27-" ALIGN="Left" LEFT="0." RIGHT="0." FIRSTLINE="0." LINESPACE="12.19999981"/>
<ParagraphStyle ID="StyleId-BC67E79D-8D99-4188-8B35-A59DBB7E2BB0-" ALIGN="Block" LEFT="0." RIGHT="0." FIRSTLINE="11." LINESPACE="9.399999619"/>
</Styles>
<Layout>
<Page ID="Page84" PHYSICAL_IMG_NR="84" HEIGHT="4412" WIDTH="2533">
<TopMargin HEIGHT="420" WIDTH="2533" VPOS="0" HPOS="0">
</TopMargin>
<LeftMargin HEIGHT="3621" WIDTH="392" VPOS="420" HPOS="0">
</LeftMargin>
<RightMargin HEIGHT="3621" WIDTH="99" VPOS="420" HPOS="2434">
</RightMargin>
<BottomMargin HEIGHT="371" WIDTH="2533" VPOS="4041" HPOS="0">
<TextBlock ID="Page84_Block1" HEIGHT="66" WIDTH="2042" VPOS="4090" HPOS="392" STYLEREFS="StyleId-AF95FC51-39CA-4C9B-A5C1-76D6B492B770-" LANG="en-US" CS="1">
</TextBlock>
</BottomMargin>
<PrintSpace HEIGHT="3621" WIDTH="2042" VPOS="420" HPOS="392">
<TextBlock ID="Page84_Block2" HEIGHT="3621" WIDTH="2042" VPOS="420" HPOS="392" STYLEREFS="StyleId-429F23D1-48F7-4B7F-A4E8-6F1BBFF902D0-" LANG="en-US" CS="1">
<TextLine HEIGHT="0" WIDTH="0" VPOS="0" HPOS="0" STYLEREFS="StyleId-02B28747-BDE9-401C-A60E-E48710F96A7D-" CS="1">
<String CS="1" CONTENT="84"/>
</TextLine>
<TextLine HEIGHT="74" WIDTH="1002" VPOS="430" HPOS="403" STYLEREFS="StyleId-02B28747-BDE9-401C-A60E-E48710F96A7D-">
<String CONTENT="Carlyle," HEIGHT="74" WIDTH="266" VPOS="430" HPOS="403"/>
<SP HEIGHT="71" WIDTH="43" VPOS="431" HPOS="670"/>
<String CONTENT="Thomas," HEIGHT="73" WIDTH="288" VPOS="431" HPOS="714"/>
<SP HEIGHT="70" WIDTH="42" VPOS="434" HPOS="1003"/>
<String CONTENT="1795-1881." HEIGHT="57" WIDTH="359" VPOS="433" HPOS="1046"/>
</TextLine>
<TextLine HEIGHT="75" WIDTH="1862" VPOS="522" HPOS="547" STYLEREFS="StyleId-67D73FDB-1F71-49B8-A03D-EBCCC0821C1A-" CS="1">
<String CS="1" CONTENT="&#8230;"/>
<SP HEIGHT="59" WIDTH="36" VPOS="524" HPOS="547"/>
<String CONTENT="Carlyle," HEIGHT="73" WIDTH="270" VPOS="524" HPOS="584"/>
<SP HEIGHT="44" WIDTH="28" VPOS="545" HPOS="855"/>
<String CONTENT="edited" HEIGHT="58" WIDTH="209" VPOS="526" HPOS="884"/>
<SP HEIGHT="58" WIDTH="24" VPOS="526" HPOS="1094"/>
<String CONTENT="by" HEIGHT="71" WIDTH="85" VPOS="526" HPOS="1119"/>
<SP HEIGHT="72" WIDTH="23" VPOS="525" HPOS="1205"/>
<String CONTENT="Bliss" HEIGHT="58" WIDTH="170" VPOS="524" HPOS="1229"/>
<SP HEIGHT="58" WIDTH="27" VPOS="524" HPOS="1400"/>
<String CONTENT="Perry." HEIGHT="72" WIDTH="220" VPOS="524" HPOS="1428"/>
<SP HEIGHT="59" WIDTH="85" VPOS="523" HPOS="1649"/>
<String CONTENT="Garden" HEIGHT="59" WIDTH="252" VPOS="523" HPOS="1735"/>
<SP HEIGHT="61" WIDTH="29" VPOS="522" HPOS="1988"/>
<String CONTENT="City," HEIGHT="74" WIDTH="162" VPOS="522" HPOS="2018"/>
<SP HEIGHT="72" WIDTH="28" VPOS="523" HPOS="2181"/>
<String CONTENT="N." HEIGHT="58" WIDTH="74" VPOS="523" HPOS="2210"/>
<SP HEIGHT="57" WIDTH="29" VPOS="524" HPOS="2285"/>
<String CONTENT="Y.," HEIGHT="70" WIDTH="94" VPOS="524" HPOS="2315"/>
</TextLine>
<TextLine HEIGHT="72" WIDTH="2009" VPOS="602" HPOS="404" STYLEREFS="StyleId-67D73FDB-1F71-49B8-A03D-EBCCC0821C1A-">
<String CONTENT="Pub." HEIGHT="62" WIDTH="153" VPOS="603" HPOS="404"/>
<SP HEIGHT="61" WIDTH="39" VPOS="604" HPOS="558"/>
<String CONTENT="for" HEIGHT="56" WIDTH="105" VPOS="604" HPOS="598"/>
<SP HEIGHT="57" WIDTH="36" VPOS="602" HPOS="704"/>
<String CONTENT="Nelson" HEIGHT="60" WIDTH="236" VPOS="602" HPOS="741"/>
<SP HEIGHT="58" WIDTH="33" VPOS="602" HPOS="978"/>
<String CONTENT="Doubleday," HEIGHT="72" WIDTH="387" VPOS="602" HPOS="1012"/>
<SP HEIGHT="71" WIDTH="35" VPOS="603" HPOS="1400"/>
<String CONTENT="inc.," HEIGHT="70" WIDTH="137" VPOS="603" HPOS="1436"/>
<SP HEIGHT="70" WIDTH="36" VPOS="603" HPOS="1574"/>
<String CONTENT="by" HEIGHT="71" WIDTH="83" VPOS="603" HPOS="1611"/>
<SP HEIGHT="72" WIDTH="33" VPOS="602" HPOS="1695"/>
<String CONTENT="Doubleday," HEIGHT="72" WIDTH="388" VPOS="602" HPOS="1729"/>
<SP HEIGHT="72" WIDTH="35" VPOS="602" HPOS="2118"/>
<String CONTENT="Page" HEIGHT="72" WIDTH="172" VPOS="602" HPOS="2154"/>
<SP HEIGHT="57" WIDTH="38" VPOS="602" HPOS="2327"/>
<String CONTENT="&amp;" HEIGHT="57" WIDTH="47" VPOS="602" HPOS="2366"/>
</TextLine>
<TextLine HEIGHT="72" WIDTH="519" VPOS="682" HPOS="404" STYLEREFS="StyleId-67D73FDB-1F71-49B8-A03D-EBCCC0821C1A-">
<String CONTENT="company," HEIGHT="54" WIDTH="324" VPOS="700" HPOS="404"/>
<SP HEIGHT="69" WIDTH="26" VPOS="683" HPOS="729"/>
<String CONTENT="1924." HEIGHT="56" WIDTH="167" VPOS="682" HPOS="756"/>
</TextLine>
<TextLine HEIGHT="56" WIDTH="1936" VPOS="771" HPOS="478" CS="1">
<String CONTENT="5" HEIGHT="47" WIDTH="23" VPOS="772" HPOS="478"/>
<SP HEIGHT="55" WIDTH="31" VPOS="772" HPOS="502"/>
<String CONTENT="p." HEIGHT="36" WIDTH="41" VPOS="791" HPOS="534"/>
<SP HEIGHT="44" WIDTH="32" VPOS="775" HPOS="576"/>
<String CS="1" CONTENT="l.,"/>
<SP HEIGHT="51" WIDTH="32" VPOS="774" HPOS="652"/>
<String CONTENT="ix-xii," HEIGHT="52" WIDTH="150" VPOS="773" HPOS="685"/>
<SP HEIGHT="49" WIDTH="38" VPOS="776" HPOS="836"/>
<String CONTENT="160" HEIGHT="44" WIDTH="79" VPOS="774" HPOS="875"/>
<SP HEIGHT="52" WIDTH="31" VPOS="774" HPOS="955"/>
<String CONTENT="p." HEIGHT="38" WIDTH="40" VPOS="788" HPOS="987"/>
<SP HEIGHT="44" WIDTH="60" VPOS="773" HPOS="1028"/>
<String CS="1" CONTENT="front." HEIGHT="44" WIDTH="125" VPOS="773" HPOS="1089"/>
<SP HEIGHT="53" WIDTH="27" VPOS="772" HPOS="1229"/>
<String CONTENT="(port.)" HEIGHT="53" WIDTH="171" VPOS="772" HPOS="1257"/>
<SP HEIGHT="53" WIDTH="41" VPOS="772" HPOS="1429"/>
<String CS="1" CONTENT="pl." HEIGHT="36" WIDTH="58" VPOS="788" HPOS="1471"/>
<SP HEIGHT="44" WIDTH="63" VPOS="773" HPOS="1530"/>
<String CONTENT="17" HEIGHT="46" WIDTH="48" VPOS="771" HPOS="1594"/>
<String STYLE="superscript" CONTENT="cm" HEIGHT="18" WIDTH="48" VPOS="775" HPOS="1650"/>
<String CONTENT="." HEIGHT="10" WIDTH="9" VPOS="806" HPOS="1703"/>
<SP HEIGHT="53" WIDTH="68" VPOS="772" HPOS="1713"/>
<String CONTENT="(The" HEIGHT="53" WIDTH="125" VPOS="772" HPOS="1782"/>
<SP HEIGHT="44" WIDTH="34" VPOS="773" HPOS="1908"/>
<String CONTENT="Pocket" HEIGHT="45" WIDTH="171" VPOS="772" HPOS="1943"/>
<SP HEIGHT="37" WIDTH="33" VPOS="780" HPOS="2115"/>
<String CONTENT="university," HEIGHT="53" WIDTH="265" VPOS="772" HPOS="2149"/>
</TextLine>
<TextLine HEIGHT="54" WIDTH="331" VPOS="832" HPOS="401" CS="1">
<String CONTENT="vol." HEIGHT="45" WIDTH="88" VPOS="833" HPOS="401"/>
<SP HEIGHT="31" WIDTH="26" VPOS="846" HPOS="490"/>
<String CS="1" CONTENT="II," HEIGHT="16" WIDTH="9" VPOS="869" HPOS="560"/>
<SP HEIGHT="38" WIDTH="22" VPOS="848" HPOS="570"/>
<String CONTENT="pt." HEIGHT="45" WIDTH="62" VPOS="841" HPOS="593"/>
<SP HEIGHT="45" WIDTH="28" VPOS="834" HPOS="656"/>
<String CONTENT="1)" HEIGHT="53" WIDTH="47" VPOS="832" HPOS="685"/>
</TextLine>
<TextLine HEIGHT="55" WIDTH="1940" VPOS="899" HPOS="476" CS="1">
<String CONTENT="With" HEIGHT="45" WIDTH="131" VPOS="902" HPOS="476"/>
<SP HEIGHT="44" WIDTH="23" VPOS="904" HPOS="608"/>
<String CONTENT="this" HEIGHT="45" WIDTH="89" VPOS="903" HPOS="632"/>
<SP HEIGHT="44" WIDTH="24" VPOS="903" HPOS="722"/>
<String CONTENT="is" HEIGHT="45" WIDTH="37" VPOS="903" HPOS="747"/>
<SP HEIGHT="43" WIDTH="24" VPOS="905" HPOS="785"/>
<String CONTENT="bound" HEIGHT="45" WIDTH="151" VPOS="903" HPOS="810"/>
<SP HEIGHT="44" WIDTH="25" VPOS="903" HPOS="962"/>
<String CONTENT="Macaulay," HEIGHT="52" WIDTH="259" VPOS="902" HPOS="988"/>
<SP HEIGHT="35" WIDTH="23" VPOS="918" HPOS="1248"/>
<String CONTENT="edited" HEIGHT="47" WIDTH="151" VPOS="899" HPOS="1272"/>
<SP HEIGHT="47" WIDTH="24" VPOS="899" HPOS="1424"/>
<String CONTENT="by" HEIGHT="51" WIDTH="59" VPOS="902" HPOS="1449"/>
<SP HEIGHT="52" WIDTH="25" VPOS="901" HPOS="1509"/>
<String CONTENT="Bliss" HEIGHT="44" WIDTH="120" VPOS="901" HPOS="1535"/>
<SP HEIGHT="43" WIDTH="26" VPOS="902" HPOS="1656"/>
<String CONTENT="Perry." HEIGHT="52" WIDTH="158" VPOS="902" HPOS="1683"/>
<SP HEIGHT="45" WIDTH="61" VPOS="901" HPOS="1842"/>
<String CONTENT="Garden" HEIGHT="45" WIDTH="180" VPOS="901" HPOS="1904"/>
<SP HEIGHT="46" WIDTH="25" VPOS="899" HPOS="2085"/>
<String CS="1" CONTENT="City," HEIGHT="54" WIDTH="120" VPOS="899" HPOS="2111"/>
<SP HEIGHT="52" WIDTH="23" VPOS="901" HPOS="2232"/>
<String CONTENT="N." HEIGHT="47" WIDTH="60" VPOS="901" HPOS="2256"/>
<SP HEIGHT="48" WIDTH="25" VPOS="900" HPOS="2317"/>
<String CONTENT="Y.," HEIGHT="53" WIDTH="73" VPOS="900" HPOS="2343"/>
</TextLine>
<TextLine HEIGHT="45" WIDTH="121" VPOS="962" HPOS="406">
<String CONTENT="1924." HEIGHT="45" WIDTH="121" VPOS="962" HPOS="406"/>
</TextLine>
<TextLine HEIGHT="56" WIDTH="1661" VPOS="1028" HPOS="753" CS="1">
<String CS="1" CONTENT="CONTENTS."/>
<SP HEIGHT="18" WIDTH="18" VPOS="1057" HPOS="753"/>
<String CONTENT="&#8212;" HEIGHT="7" WIDTH="58" VPOS="1057" HPOS="772"/>
<SP HEIGHT="48" WIDTH="17" VPOS="1029" HPOS="831"/>
<String CONTENT="Essays:" HEIGHT="55" WIDTH="199" VPOS="1029" HPOS="849"/>
<SP HEIGHT="44" WIDTH="52" VPOS="1031" HPOS="1049"/>
<String CONTENT="Biography." HEIGHT="55" WIDTH="283" VPOS="1028" HPOS="1102"/>
<SP HEIGHT="43" WIDTH="61" VPOS="1030" HPOS="1386"/>
<String CONTENT="Boswell&#8217;s" HEIGHT="45" WIDTH="238" VPOS="1029" HPOS="1448"/>
<SP HEIGHT="44" WIDTH="52" VPOS="1030" HPOS="1687"/>
<String CONTENT="Life" HEIGHT="45" WIDTH="107" VPOS="1029" HPOS="1740"/>
<SP HEIGHT="29" WIDTH="52" VPOS="1045" HPOS="1848"/>
<String CONTENT="of" HEIGHT="44" WIDTH="53" VPOS="1030" HPOS="1901"/>
<SP HEIGHT="52" WIDTH="47" VPOS="1030" HPOS="1955"/>
<String CONTENT="Johnson.&#8212;The" HEIGHT="53" WIDTH="411" VPOS="1029" HPOS="2003"/>
</TextLine>
<TextLine HEIGHT="54" WIDTH="2009" VPOS="1085" HPOS="407">
<String CONTENT="French" HEIGHT="46" WIDTH="177" VPOS="1090" HPOS="407"/>
<SP HEIGHT="44" WIDTH="30" VPOS="1090" HPOS="585"/>
<String CONTENT="revolution:" HEIGHT="46" WIDTH="282" VPOS="1089" HPOS="616"/>
<SP HEIGHT="43" WIDTH="34" VPOS="1089" HPOS="899"/>
<String CONTENT="Mirabcau." HEIGHT="46" WIDTH="255" VPOS="1087" HPOS="934"/>
<SP HEIGHT="45" WIDTH="58" VPOS="1087" HPOS="1190"/>
<String CONTENT="The" HEIGHT="46" WIDTH="99" VPOS="1087" HPOS="1249"/>
<SP HEIGHT="47" WIDTH="30" VPOS="1086" HPOS="1349"/>
<String CONTENT="flight" HEIGHT="54" WIDTH="134" VPOS="1085" HPOS="1380"/>
<SP HEIGHT="38" WIDTH="30" VPOS="1094" HPOS="1515"/>
<String CONTENT="to" HEIGHT="36" WIDTH="46" VPOS="1096" HPOS="1546"/>
<SP HEIGHT="46" WIDTH="31" VPOS="1086" HPOS="1593"/>
<String CONTENT="Varennes.&#8212;Cromwell&#8217;s" HEIGHT="47" WIDTH="601" VPOS="1086" HPOS="1625"/>
<SP HEIGHT="45" WIDTH="35" VPOS="1088" HPOS="2227"/>
<String CONTENT="letters" HEIGHT="45" WIDTH="153" VPOS="1088" HPOS="2263"/>
</TextLine>
<TextLine HEIGHT="58" WIDTH="2009" VPOS="1143" HPOS="407">
<String CONTENT="and" HEIGHT="44" WIDTH="88" VPOS="1149" HPOS="407"/>
<SP HEIGHT="44" WIDTH="53" VPOS="1149" HPOS="496"/>
<String CONTENT="speeches:" HEIGHT="53" WIDTH="239" VPOS="1148" HPOS="550"/>
<SP HEIGHT="45" WIDTH="56" VPOS="1147" HPOS="790"/>
<String CONTENT="Battle" HEIGHT="44" WIDTH="150" VPOS="1147" HPOS="847"/>
<SP HEIGHT="28" WIDTH="53" VPOS="1162" HPOS="998"/>
<String CONTENT="of" HEIGHT="44" WIDTH="52" VPOS="1146" HPOS="1052"/>
<SP HEIGHT="44" WIDTH="53" VPOS="1145" HPOS="1105"/>
<String CONTENT="Dunbar.&#8212;Sartor" HEIGHT="47" WIDTH="432" VPOS="1143" HPOS="1159"/>
<SP HEIGHT="30" WIDTH="51" VPOS="1158" HPOS="1592"/>
<String LANG="la" CONTENT="resartus" HEIGHT="35" WIDTH="202" VPOS="1154" HPOS="1644"/>
<String CONTENT=":" HEIGHT="28" WIDTH="9" VPOS="1160" HPOS="1864"/>
<SP HEIGHT="44" WIDTH="54" VPOS="1144" HPOS="1874"/>
<String CONTENT="The" HEIGHT="46" WIDTH="99" VPOS="1144" HPOS="1929"/>
<SP HEIGHT="29" WIDTH="54" VPOS="1161" HPOS="2029"/>
<String CONTENT="watch-tower." HEIGHT="45" WIDTH="332" VPOS="1145" HPOS="2084"/>
</TextLine>
<TextLine HEIGHT="54" WIDTH="1172" VPOS="1202" HPOS="407">
<String CONTENT="Ghosts.&#8212;Past" HEIGHT="47" WIDTH="359" VPOS="1205" HPOS="407"/>
<SP HEIGHT="35" WIDTH="22" VPOS="1213" HPOS="767"/>
<String CONTENT="and" HEIGHT="42" WIDTH="88" VPOS="1206" HPOS="790"/>
<SP HEIGHT="50" WIDTH="23" VPOS="1206" HPOS="879"/>
<String CONTENT="present:" HEIGHT="44" WIDTH="208" VPOS="1212" HPOS="903"/>
<SP HEIGHT="44" WIDTH="26" VPOS="1203" HPOS="1112"/>
<String CONTENT="Labor." HEIGHT="44" WIDTH="166" VPOS="1202" HPOS="1139"/>
<SP HEIGHT="44" WIDTH="61" VPOS="1202" HPOS="1306"/>
<String CONTENT="Reward." HEIGHT="44" WIDTH="211" VPOS="1202" HPOS="1368"/>
</TextLine>
<TextLine HEIGHT="60" WIDTH="2012" VPOS="1268" HPOS="404">
<String CONTENT="&#169;" HEIGHT="54" WIDTH="53" VPOS="1274" HPOS="404"/>
<SP HEIGHT="54" WIDTH="32" VPOS="1274" HPOS="458"/>
<String CONTENT="Sept." HEIGHT="53" WIDTH="121" VPOS="1274" HPOS="491"/>
<SP HEIGHT="43" WIDTH="30" VPOS="1275" HPOS="613"/>
<String CONTENT="3," HEIGHT="50" WIDTH="37" VPOS="1275" HPOS="644"/>
<SP HEIGHT="50" WIDTH="33" VPOS="1275" HPOS="682"/>
<String CONTENT="1924;" HEIGHT="51" WIDTH="130" VPOS="1273" HPOS="716"/>
<SP HEIGHT="51" WIDTH="30" VPOS="1273" HPOS="847"/>
<String CONTENT="2c." HEIGHT="42" WIDTH="65" VPOS="1273" HPOS="878"/>
<SP HEIGHT="27" WIDTH="30" VPOS="1288" HPOS="944"/>
<String CONTENT="and" HEIGHT="42" WIDTH="87" VPOS="1273" HPOS="975"/>
<SP HEIGHT="42" WIDTH="29" VPOS="1273" HPOS="1063"/>
<String CONTENT="aff." HEIGHT="43" WIDTH="79" VPOS="1271" HPOS="1093"/>
<SP HEIGHT="51" WIDTH="30" VPOS="1272" HPOS="1173"/>
<String CONTENT="Jan." HEIGHT="51" WIDTH="99" VPOS="1272" HPOS="1204"/>
<SP HEIGHT="43" WIDTH="30" VPOS="1271" HPOS="1304"/>
<String CONTENT="31," HEIGHT="50" WIDTH="65" VPOS="1271" HPOS="1335"/>
<SP HEIGHT="50" WIDTH="35" VPOS="1271" HPOS="1401"/>
<String CONTENT="1925;" HEIGHT="54" WIDTH="130" VPOS="1268" HPOS="1437"/>
<SP HEIGHT="51" WIDTH="33" VPOS="1271" HPOS="1568"/>
<!-- cceid 2B14FCAC-6DD5-1014-B757-AF09C522E301 --><String CONTENT="A" HEIGHT="42" WIDTH="43" VPOS="1271" HPOS="1602"/>
<SP HEIGHT="43" WIDTH="30" VPOS="1270" HPOS="1646"/>
<String CONTENT="815888;" HEIGHT="54" WIDTH="192" VPOS="1268" HPOS="1677"/>
<SP HEIGHT="51" WIDTH="33" VPOS="1271" HPOS="1870"/>
<String CONTENT="Doubleday," HEIGHT="53" WIDTH="281" VPOS="1270" HPOS="1904"/>
<SP HEIGHT="49" WIDTH="34" VPOS="1273" HPOS="2186"/>
<String CONTENT="Page" HEIGHT="52" WIDTH="124" VPOS="1273" HPOS="2221"/>
<SP HEIGHT="42" WIDTH="33" VPOS="1274" HPOS="2346"/>
<String CONTENT="&amp;" HEIGHT="42" WIDTH="36" VPOS="1274" HPOS="2380"/>
</TextLine>
<TextLine HEIGHT="59" WIDTH="1531" VPOS="1325" HPOS="475">
<String CONTENT="co." HEIGHT="28" WIDTH="65" VPOS="1347" HPOS="475"/>
<SP HEIGHT="29" WIDTH="63" VPOS="1355" HPOS="541"/>
<String CONTENT="[&#169;" HEIGHT="55" WIDTH="67" VPOS="1329" HPOS="605"/>
<SP HEIGHT="54" WIDTH="23" VPOS="1329" HPOS="673"/>
<String CONTENT="new" HEIGHT="29" WIDTH="99" VPOS="1345" HPOS="697"/>
<SP HEIGHT="29" WIDTH="23" VPOS="1345" HPOS="797"/>
<String CONTENT="matter&#8212;new" HEIGHT="37" WIDTH="324" VPOS="1335" HPOS="821"/>
<SP HEIGHT="28" WIDTH="21" VPOS="1344" HPOS="1146"/>
<String CONTENT="revised" HEIGHT="43" WIDTH="176" VPOS="1328" HPOS="1168"/>
<SP HEIGHT="43" WIDTH="24" VPOS="1328" HPOS="1345"/>
<String CONTENT="introduction]" HEIGHT="52" WIDTH="319" VPOS="1327" HPOS="1370"/>
<SP HEIGHT="53" WIDTH="70" VPOS="1327" HPOS="1690"/>
<String CONTENT="(25-3447)" HEIGHT="56" WIDTH="245" VPOS="1325" HPOS="1761"/>
</TextLine>
<TextLine HEIGHT="75" WIDTH="1011" VPOS="1430" HPOS="406" STYLEREFS="StyleId-02B28747-BDE9-401C-A60E-E48710F96A7D-">
<String CONTENT="Chase," HEIGHT="71" WIDTH="218" VPOS="1434" HPOS="406"/>
<SP HEIGHT="73" WIDTH="39" VPOS="1432" HPOS="625"/>
<String CONTENT="George" HEIGHT="73" WIDTH="244" VPOS="1432" HPOS="665"/>
<SP HEIGHT="58" WIDTH="36" VPOS="1430" HPOS="910"/>
<String CONTENT="Henry," HEIGHT="74" WIDTH="236" VPOS="1430" HPOS="947"/>
<SP HEIGHT="70" WIDTH="41" VPOS="1432" HPOS="1184"/>
<String CONTENT="1874-" HEIGHT="58" WIDTH="191" VPOS="1431" HPOS="1226"/>
</TextLine>
<TextLine HEIGHT="74" WIDTH="1799" VPOS="1521" HPOS="551" STYLEREFS="StyleId-67D73FDB-1F71-49B8-A03D-EBCCC0821C1A-" CS="1">
<String CS="1" CONTENT="&#8230;"/>
<SP HEIGHT="59" WIDTH="38" VPOS="1525" HPOS="551"/>
<String CONTENT="A" HEIGHT="57" WIDTH="60" VPOS="1525" HPOS="590"/>
<SP HEIGHT="57" WIDTH="28" VPOS="1525" HPOS="651"/>
<String CONTENT="history" HEIGHT="70" WIDTH="251" VPOS="1525" HPOS="680"/>
<SP HEIGHT="52" WIDTH="33" VPOS="1543" HPOS="932"/>
<String CONTENT="of" HEIGHT="57" WIDTH="68" VPOS="1524" HPOS="966"/>
<SP HEIGHT="57" WIDTH="35" VPOS="1524" HPOS="1035"/>
<String CONTENT="sculpture," HEIGHT="71" WIDTH="337" VPOS="1523" HPOS="1071"/>
<SP HEIGHT="72" WIDTH="35" VPOS="1522" HPOS="1409"/>
<String CONTENT="by" HEIGHT="72" WIDTH="83" VPOS="1522" HPOS="1445"/>
<SP HEIGHT="73" WIDTH="34" VPOS="1521" HPOS="1529"/>
<String CONTENT="George" HEIGHT="74" WIDTH="243" VPOS="1521" HPOS="1564"/>
<SP HEIGHT="57" WIDTH="35" VPOS="1522" HPOS="1808"/>
<String CONTENT="Henry" HEIGHT="72" WIDTH="223" VPOS="1522" HPOS="1844"/>
<SP HEIGHT="72" WIDTH="37" VPOS="1522" HPOS="2068"/>
<String CONTENT="Chase" HEIGHT="60" WIDTH="202" VPOS="1522" HPOS="2106"/>
<SP HEIGHT="38" WIDTH="41" VPOS="1544" HPOS="2309"/>
<String CS="1" CONTENT="&#8230;"/>
</TextLine>
<TextLine HEIGHT="73" WIDTH="2012" VPOS="1600" HPOS="406" STYLEREFS="StyleId-67D73FDB-1F71-49B8-A03D-EBCCC0821C1A-" CS="1">
<String CONTENT="and" HEIGHT="57" WIDTH="125" VPOS="1606" HPOS="406"/>
<SP HEIGHT="61" WIDTH="36" VPOS="1602" HPOS="532"/>
<String CONTENT="Chandler" HEIGHT="61" WIDTH="316" VPOS="1602" HPOS="569"/>
<SP HEIGHT="56" WIDTH="32" VPOS="1603" HPOS="886"/>
<String CONTENT="Rathfon" HEIGHT="57" WIDTH="285" VPOS="1602" HPOS="919"/>
<SP HEIGHT="55" WIDTH="32" VPOS="1602" HPOS="1205"/>
<String CONTENT="Post" HEIGHT="56" WIDTH="155" VPOS="1602" HPOS="1238"/>
<SP HEIGHT="54" WIDTH="39" VPOS="1604" HPOS="1394"/>
<String CS="1" CONTENT="&#8230;"/>
<SP HEIGHT="58" WIDTH="85" VPOS="1600" HPOS="1497"/>
<String CONTENT="New" HEIGHT="57" WIDTH="153" VPOS="1600" HPOS="1583"/>
<SP HEIGHT="56" WIDTH="31" VPOS="1601" HPOS="1737"/>
<String CONTENT="York" HEIGHT="57" WIDTH="175" VPOS="1600" HPOS="1769"/>
<SP HEIGHT="57" WIDTH="35" VPOS="1600" HPOS="1945"/>
<String CONTENT="and" HEIGHT="56" WIDTH="124" VPOS="1603" HPOS="1981"/>
<SP HEIGHT="58" WIDTH="32" VPOS="1601" HPOS="2106"/>
<String CONTENT="London," HEIGHT="72" WIDTH="279" VPOS="1601" HPOS="2139"/>
</TextLine>
<TextLine HEIGHT="75" WIDTH="899" VPOS="1679" HPOS="407" STYLEREFS="StyleId-67D73FDB-1F71-49B8-A03D-EBCCC0821C1A-" CS="1">
<String CONTENT="Harper" HEIGHT="71" WIDTH="257" VPOS="1683" HPOS="407"/>
<SP HEIGHT="60" WIDTH="30" VPOS="1680" HPOS="665"/>
<String CONTENT="&amp;" HEIGHT="60" WIDTH="49" VPOS="1680" HPOS="696"/>
<SP HEIGHT="60" WIDTH="25" VPOS="1680" HPOS="746"/>
<String CONTENT="brothers" HEIGHT="59" WIDTH="294" VPOS="1680" HPOS="772"/>
<SP HEIGHT="52" WIDTH="35" VPOS="1700" HPOS="1067"/>
<String CS="1" CONTENT="[c1925]" HEIGHT="73" WIDTH="203" VPOS="1679" HPOS="1103"/>
</TextLine>
<TextLine HEIGHT="58" WIDTH="1438" VPOS="1770" HPOS="477" CS="1">
<String CONTENT="5" HEIGHT="47" WIDTH="23" VPOS="1773" HPOS="477"/>
<SP HEIGHT="55" WIDTH="24" VPOS="1773" HPOS="501"/>
<String LANG="la" CONTENT="p." HEIGHT="38" WIDTH="40" VPOS="1790" HPOS="526"/>
<SP HEIGHT="43" WIDTH="25" VPOS="1775" HPOS="567"/>
<String CS="1" CONTENT="l.,"/>
<SP HEIGHT="53" WIDTH="25" VPOS="1773" HPOS="634"/>
<String CONTENT="582" HEIGHT="45" WIDTH="83" VPOS="1773" HPOS="660"/>
<SP HEIGHT="52" WIDTH="23" VPOS="1775" HPOS="744"/>
<String CONTENT="p." HEIGHT="39" WIDTH="39" VPOS="1788" HPOS="768"/>
<SP HEIGHT="43" WIDTH="61" VPOS="1773" HPOS="808"/>
<String CONTENT="illus." HEIGHT="43" WIDTH="115" VPOS="1773" HPOS="870"/>
<SP HEIGHT="41" WIDTH="59" VPOS="1774" HPOS="986"/>
<String CONTENT="21" HEIGHT="41" WIDTH="49" VPOS="1774" HPOS="1046"/>
<String STYLE="superscript" CONTENT="cm" HEIGHT="17" WIDTH="46" VPOS="1773" HPOS="1106"/>
<String CONTENT="." HEIGHT="8" WIDTH="8" VPOS="1806" HPOS="1160"/>
<SP HEIGHT="54" WIDTH="68" VPOS="1771" HPOS="1169"/>
<String CONTENT="(Harper&#8217;s" HEIGHT="55" WIDTH="249" VPOS="1770" HPOS="1238"/>
<SP HEIGHT="45" WIDTH="26" VPOS="1770" HPOS="1488"/>
<String CONTENT="fine" HEIGHT="45" WIDTH="88" VPOS="1770" HPOS="1515"/>
<SP HEIGHT="29" WIDTH="23" VPOS="1786" HPOS="1604"/>
<String CONTENT="arts" HEIGHT="36" WIDTH="93" VPOS="1779" HPOS="1628"/>
<SP HEIGHT="29" WIDTH="26" VPOS="1786" HPOS="1722"/>
<String CONTENT="series)" HEIGHT="53" WIDTH="166" VPOS="1771" HPOS="1749"/>
</TextLine>
<TextLine HEIGHT="57" WIDTH="1206" VPOS="1841" HPOS="478">
<String CONTENT="&#8220;Bibliographical" HEIGHT="54" WIDTH="417" VPOS="1844" HPOS="478"/>
<SP HEIGHT="42" WIDTH="25" VPOS="1845" HPOS="896"/>
<String CONTENT="note&#8221;" HEIGHT="46" WIDTH="132" VPOS="1842" HPOS="922"/>
<SP HEIGHT="44" WIDTH="26" VPOS="1842" HPOS="1055"/>
<String CONTENT="at" HEIGHT="35" WIDTH="46" VPOS="1852" HPOS="1082"/>
<SP HEIGHT="35" WIDTH="27" VPOS="1852" HPOS="1129"/>
<String CONTENT="end" HEIGHT="43" WIDTH="84" VPOS="1844" HPOS="1157"/>
<SP HEIGHT="43" WIDTH="24" VPOS="1844" HPOS="1242"/>
<String CONTENT="of" HEIGHT="45" WIDTH="53" VPOS="1842" HPOS="1267"/>
<SP HEIGHT="43" WIDTH="27" VPOS="1842" HPOS="1321"/>
<String CONTENT="each" HEIGHT="44" WIDTH="108" VPOS="1841" HPOS="1349"/>
<SP HEIGHT="46" WIDTH="26" VPOS="1841" HPOS="1458"/>
<String CONTENT="chapter." HEIGHT="54" WIDTH="199" VPOS="1841" HPOS="1485"/>
</TextLine>
<TextLine HEIGHT="61" WIDTH="1817" VPOS="1910" HPOS="403">
<String CONTENT="&#169;" HEIGHT="54" WIDTH="56" VPOS="1917" HPOS="403"/>
<SP HEIGHT="54" WIDTH="29" VPOS="1917" HPOS="460"/>
<String CONTENT="Feb." HEIGHT="44" WIDTH="107" VPOS="1917" HPOS="490"/>
<SP HEIGHT="42" WIDTH="28" VPOS="1918" HPOS="598"/>
<String CONTENT="3," HEIGHT="50" WIDTH="40" VPOS="1918" HPOS="627"/>
<SP HEIGHT="50" WIDTH="31" VPOS="1918" HPOS="668"/>
<String CONTENT="1925;" HEIGHT="54" WIDTH="131" VPOS="1914" HPOS="700"/>
<SP HEIGHT="52" WIDTH="29" VPOS="1916" HPOS="832"/>
<String CONTENT="2c." HEIGHT="43" WIDTH="66" VPOS="1916" HPOS="862"/>
<SP HEIGHT="45" WIDTH="29" VPOS="1913" HPOS="929"/>
<String CONTENT="Feb." HEIGHT="45" WIDTH="109" VPOS="1913" HPOS="959"/>
<SP HEIGHT="43" WIDTH="28" VPOS="1914" HPOS="1069"/>
<String CONTENT="4;" HEIGHT="51" WIDTH="49" VPOS="1914" HPOS="1098"/>
<SP HEIGHT="38" WIDTH="34" VPOS="1927" HPOS="1148"/>
<String CONTENT="aff." HEIGHT="42" WIDTH="78" VPOS="1914" HPOS="1183"/>
<SP HEIGHT="44" WIDTH="31" VPOS="1912" HPOS="1262"/>
<String CONTENT="Feb." HEIGHT="45" WIDTH="107" VPOS="1912" HPOS="1294"/>
<SP HEIGHT="45" WIDTH="31" VPOS="1911" HPOS="1402"/>
<String CONTENT="5;" HEIGHT="54" WIDTH="49" VPOS="1911" HPOS="1434"/>
<SP HEIGHT="52" WIDTH="30" VPOS="1913" HPOS="1484"/>
<!-- cceid 2B159E8B-6DD5-1014-B757-AF09C522E301 --><String CONTENT="A" HEIGHT="42" WIDTH="43" VPOS="1913" HPOS="1515"/>
<SP HEIGHT="43" WIDTH="31" VPOS="1913" HPOS="1559"/>
<String CONTENT="815914;" HEIGHT="55" WIDTH="188" VPOS="1910" HPOS="1591"/>
<SP HEIGHT="51" WIDTH="35" VPOS="1914" HPOS="1780"/>
<String CONTENT="Harper" HEIGHT="52" WIDTH="185" VPOS="1914" HPOS="1816"/>
<SP HEIGHT="43" WIDTH="30" VPOS="1915" HPOS="2002"/>
<String CONTENT="&amp;" HEIGHT="43" WIDTH="37" VPOS="1915" HPOS="2033"/>
<SP HEIGHT="43" WIDTH="28" VPOS="1915" HPOS="2071"/>
<String CONTENT="bros." HEIGHT="43" WIDTH="120" VPOS="1915" HPOS="2100"/>
</TextLine>
<TextLine HEIGHT="56" WIDTH="244" VPOS="1972" HPOS="485">
<String CONTENT="(25-3621)" HEIGHT="56" WIDTH="244" VPOS="1972" HPOS="485"/>
</TextLine>
<TextLine HEIGHT="74" WIDTH="1054" VPOS="2073" HPOS="407" STYLEREFS="StyleId-67D73FDB-1F71-49B8-A03D-EBCCC0821C1A-">
<String CONTENT="Clark," HEIGHT="72" WIDTH="208" VPOS="2075" HPOS="407"/>
<SP HEIGHT="72" WIDTH="40" VPOS="2075" HPOS="616"/>
<String CONTENT="Barrett" HEIGHT="56" WIDTH="258" VPOS="2075" HPOS="657"/>
<SP HEIGHT="57" WIDTH="38" VPOS="2073" HPOS="916"/>
<String CONTENT="Harper," HEIGHT="72" WIDTH="271" VPOS="2073" HPOS="955"/>
<SP HEIGHT="69" WIDTH="42" VPOS="2075" HPOS="1227"/>
<String CONTENT="1890-" HEIGHT="57" WIDTH="191" VPOS="2074" HPOS="1270"/>
</TextLine>
<TextLine HEIGHT="74" WIDTH="1935" VPOS="2165" HPOS="483" STYLEREFS="StyleId-67D73FDB-1F71-49B8-A03D-EBCCC0821C1A-">
<String CONTENT="A" HEIGHT="57" WIDTH="60" VPOS="2169" HPOS="483"/>
<SP HEIGHT="58" WIDTH="45" VPOS="2169" HPOS="544"/>
<String CONTENT="study" HEIGHT="70" WIDTH="190" VPOS="2169" HPOS="590"/>
<SP HEIGHT="52" WIDTH="44" VPOS="2187" HPOS="781"/>
<String CONTENT="of" HEIGHT="58" WIDTH="69" VPOS="2167" HPOS="826"/>
<SP HEIGHT="57" WIDTH="41" VPOS="2167" HPOS="896"/>
<String CONTENT="the" HEIGHT="57" WIDTH="105" VPOS="2167" HPOS="938"/>
<SP HEIGHT="39" WIDTH="42" VPOS="2185" HPOS="1044"/>
<String CONTENT="modern" HEIGHT="56" WIDTH="262" VPOS="2168" HPOS="1087"/>
<SP HEIGHT="56" WIDTH="46" VPOS="2167" HPOS="1350"/>
<String CONTENT="drama;" HEIGHT="70" WIDTH="252" VPOS="2167" HPOS="1397"/>
<SP HEIGHT="51" WIDTH="49" VPOS="2186" HPOS="1650"/>
<String CONTENT="a" HEIGHT="36" WIDTH="35" VPOS="2186" HPOS="1700"/>
<SP HEIGHT="57" WIDTH="44" VPOS="2165" HPOS="1736"/>
<String CONTENT="handbook" HEIGHT="58" WIDTH="333" VPOS="2165" HPOS="1781"/>
<SP HEIGHT="57" WIDTH="44" VPOS="2166" HPOS="2115"/>
<String CONTENT="for" HEIGHT="57" WIDTH="108" VPOS="2167" HPOS="2160"/>
<SP HEIGHT="56" WIDTH="43" VPOS="2169" HPOS="2269"/>
<String CONTENT="the" HEIGHT="58" WIDTH="105" VPOS="2167" HPOS="2313"/>
</TextLine>
<TextLine HEIGHT="140" WIDTH="1992" VPOS="2244" HPOS="406" STYLEREFS="StyleId-67D73FDB-1F71-49B8-A03D-EBCCC0821C1A-" CS="1">
<String CONTENT="study" HEIGHT="70" WIDTH="190" VPOS="2250" HPOS="409"/>
<SP HEIGHT="54" WIDTH="24" VPOS="2266" HPOS="600"/>
<String CONTENT="and" HEIGHT="56" WIDTH="124" VPOS="2248" HPOS="625"/>
<SP HEIGHT="56" WIDTH="26" VPOS="2248" HPOS="750"/>
<String CONTENT="appreciation" HEIGHT="73" WIDTH="436" VPOS="2245" HPOS="777"/>
<SP HEIGHT="38" WIDTH="26" VPOS="2263" HPOS="1214"/>
<String CONTENT="of" HEIGHT="57" WIDTH="67" VPOS="2244" HPOS="1241"/>
<SP HEIGHT="57" WIDTH="25" VPOS="2244" HPOS="1309"/>
<String CONTENT="the" HEIGHT="57" WIDTH="104" VPOS="2244" HPOS="1335"/>
<SP HEIGHT="56" WIDTH="25" VPOS="2245" HPOS="1440"/>
<String CONTENT="best" HEIGHT="56" WIDTH="137" VPOS="2245" HPOS="1466"/>
<SP HEIGHT="68" WIDTH="27" VPOS="2247" HPOS="1604"/>
<String CONTENT="plays," HEIGHT="71" WIDTH="201" VPOS="2244" HPOS="1632"/>
<SP HEIGHT="71" WIDTH="27" VPOS="2244" HPOS="1834"/>
<String CONTENT="European," HEIGHT="73" WIDTH="358" VPOS="2244" HPOS="1862"/>
<SP HEIGHT="72" WIDTH="31" VPOS="2245" HPOS="2221"/>
<String CONTENT="English" HEIGHT="139" WIDTH="1992" VPOS="2245" HPOS="406"/>
</TextLine>
<TextLine HEIGHT="73" WIDTH="1858" VPOS="2322" HPOS="558" STYLEREFS="StyleId-67D73FDB-1F71-49B8-A03D-EBCCC0821C1A-">
<String CONTENT="and" HEIGHT="56" WIDTH="123" VPOS="2327" HPOS="558"/>
<SP HEIGHT="59" WIDTH="22" VPOS="2324" HPOS="682"/>
<String CONTENT="American," HEIGHT="72" WIDTH="357" VPOS="2323" HPOS="705"/>
<SP HEIGHT="53" WIDTH="28" VPOS="2342" HPOS="1063"/>
<String CONTENT="of" HEIGHT="57" WIDTH="67" VPOS="2323" HPOS="1092"/>
<SP HEIGHT="57" WIDTH="26" VPOS="2323" HPOS="1160"/>
<String CONTENT="the" HEIGHT="56" WIDTH="104" VPOS="2324" HPOS="1187"/>
<SP HEIGHT="57" WIDTH="25" VPOS="2323" HPOS="1292"/>
<String CONTENT="last" HEIGHT="57" WIDTH="128" VPOS="2323" HPOS="1318"/>
<SP HEIGHT="57" WIDTH="20" VPOS="2323" HPOS="1447"/>
<String CONTENT="half" HEIGHT="58" WIDTH="138" VPOS="2322" HPOS="1468"/>
<SP HEIGHT="57" WIDTH="26" VPOS="2322" HPOS="1607"/>
<String CONTENT="century," HEIGHT="69" WIDTH="279" VPOS="2326" HPOS="1634"/>
<SP HEIGHT="72" WIDTH="25" VPOS="2323" HPOS="1914"/>
<String CONTENT="by" HEIGHT="72" WIDTH="83" VPOS="2323" HPOS="1940"/>
<SP HEIGHT="73" WIDTH="21" VPOS="2322" HPOS="2024"/>
<String CONTENT="Barrett" HEIGHT="59" WIDTH="266" VPOS="2322" HPOS="2046"/>
<SP HEIGHT="57" WIDTH="23" VPOS="2324" HPOS="2313"/>
<String CONTENT="H." HEIGHT="57" WIDTH="79" VPOS="2324" HPOS="2337"/>
</TextLine>
<TextLine HEIGHT="140" WIDTH="2009" VPOS="2400" HPOS="409" STYLEREFS="StyleId-67D73FDB-1F71-49B8-A03D-EBCCC0821C1A-" CS="1">
<String CONTENT="Clark." HEIGHT="59" WIDTH="207" VPOS="2404" HPOS="410"/>
<SP HEIGHT="57" WIDTH="80" VPOS="2403" HPOS="618"/>
<String CONTENT="New" HEIGHT="57" WIDTH="154" VPOS="2403" HPOS="699"/>
<SP HEIGHT="57" WIDTH="36" VPOS="2402" HPOS="854"/>
<String CONTENT="York," HEIGHT="73" WIDTH="190" VPOS="2401" HPOS="891"/>
<SP HEIGHT="73" WIDTH="42" VPOS="2401" HPOS="1082"/>
<String CONTENT="London," HEIGHT="73" WIDTH="279" VPOS="2401" HPOS="1125"/>
<SP HEIGHT="73" WIDTH="41" VPOS="2401" HPOS="1405"/>
<String CONTENT="D." HEIGHT="56" WIDTH="74" VPOS="2401" HPOS="1447"/>
<SP HEIGHT="57" WIDTH="41" VPOS="2400" HPOS="1522"/>
<String CONTENT="Appleton" HEIGHT="72" WIDTH="322" VPOS="2400" HPOS="1564"/>
<SP HEIGHT="38" WIDTH="39" VPOS="2420" HPOS="1887"/>
<String CONTENT="and" HEIGHT="56" WIDTH="125" VPOS="2403" HPOS="1927"/>
<SP HEIGHT="56" WIDTH="39" VPOS="2403" HPOS="2053"/>
<String CONTENT="company," HEIGHT="55" WIDTH="325" VPOS="2420" HPOS="2093"/>
<SP/>
<String CONTENT="1925." HEIGHT="57" WIDTH="165" VPOS="2483" HPOS="409"/>
</TextLine>
<TextLine HEIGHT="55" WIDTH="431" VPOS="2571" HPOS="474">
<String CONTENT="xi," HEIGHT="53" WIDTH="61" VPOS="2572" HPOS="474"/>
<SP HEIGHT="54" WIDTH="32" VPOS="2571" HPOS="536"/>
<String CONTENT="527" HEIGHT="45" WIDTH="80" VPOS="2571" HPOS="569"/>
<SP HEIGHT="54" WIDTH="30" VPOS="2572" HPOS="650"/>
<String CONTENT="p." HEIGHT="39" WIDTH="39" VPOS="2587" HPOS="681"/>
<SP HEIGHT="44" WIDTH="58" VPOS="2571" HPOS="721"/>
<String CONTENT="21" HEIGHT="43" WIDTH="52" VPOS="2571" HPOS="780"/>
<String STYLE="superscript" CONTENT="cm" HEIGHT="18" WIDTH="48" VPOS="2573" HPOS="842"/>
<String CONTENT="." HEIGHT="8" WIDTH="9" VPOS="2606" HPOS="896"/>
</TextLine>
<TextLine HEIGHT="54" WIDTH="1938" VPOS="2626" HPOS="479">
<String CONTENT="&#8220;This" HEIGHT="44" WIDTH="140" VPOS="2630" HPOS="479"/>
<SP HEIGHT="44" WIDTH="25" VPOS="2630" HPOS="620"/>
<String CONTENT="book" HEIGHT="44" WIDTH="122" VPOS="2630" HPOS="646"/>
<SP HEIGHT="43" WIDTH="23" VPOS="2629" HPOS="769"/>
<String CONTENT="is" HEIGHT="43" WIDTH="36" VPOS="2629" HPOS="793"/>
<SP HEIGHT="37" WIDTH="26" VPOS="2635" HPOS="830"/>
<String CONTENT="the" HEIGHT="44" WIDTH="76" VPOS="2628" HPOS="857"/>
<SP HEIGHT="29" WIDTH="26" VPOS="2643" HPOS="934"/>
<String CONTENT="outgrowth" HEIGHT="54" WIDTH="262" VPOS="2626" HPOS="961"/>
<SP HEIGHT="45" WIDTH="24" VPOS="2626" HPOS="1224"/>
<String CONTENT="of" HEIGHT="45" WIDTH="52" VPOS="2626" HPOS="1249"/>
<SP HEIGHT="44" WIDTH="24" VPOS="2626" HPOS="1302"/>
<String CONTENT="two" HEIGHT="36" WIDTH="94" VPOS="2635" HPOS="1327"/>
<SP HEIGHT="29" WIDTH="23" VPOS="2642" HPOS="1422"/>
<String CONTENT="earlier" HEIGHT="43" WIDTH="166" VPOS="2627" HPOS="1446"/>
<SP HEIGHT="30" WIDTH="23" VPOS="2641" HPOS="1613"/>
<String CONTENT="works," HEIGHT="51" WIDTH="168" VPOS="2628" HPOS="1637"/>
<SP HEIGHT="52" WIDTH="26" VPOS="2627" HPOS="1806"/>
<String CONTENT="The" HEIGHT="44" WIDTH="99" VPOS="2627" HPOS="1833"/>
<SP HEIGHT="29" WIDTH="25" VPOS="2643" HPOS="1933"/>
<String CONTENT="continental" HEIGHT="43" WIDTH="275" VPOS="2630" HPOS="1959"/>
<SP HEIGHT="42" WIDTH="26" VPOS="2631" HPOS="2235"/>
<String CONTENT="drama" HEIGHT="42" WIDTH="155" VPOS="2631" HPOS="2262"/>
</TextLine>
<TextLine HEIGHT="57" WIDTH="1544" VPOS="2683" HPOS="407">
<String CONTENT="of" HEIGHT="45" WIDTH="50" VPOS="2688" HPOS="407"/>
<SP HEIGHT="43" WIDTH="27" VPOS="2688" HPOS="458"/>
<String CONTENT="today" HEIGHT="51" WIDTH="138" VPOS="2689" HPOS="486"/>
<SP HEIGHT="38" WIDTH="27" VPOS="2702" HPOS="625"/>
<String CONTENT="and" HEIGHT="43" WIDTH="88" VPOS="2688" HPOS="653"/>
<SP HEIGHT="45" WIDTH="28" VPOS="2685" HPOS="742"/>
<String CONTENT="The" HEIGHT="44" WIDTH="100" VPOS="2685" HPOS="771"/>
<SP HEIGHT="43" WIDTH="32" VPOS="2686" HPOS="872"/>
<String CONTENT="British" HEIGHT="44" WIDTH="173" VPOS="2684" HPOS="905"/>
<SP HEIGHT="44" WIDTH="28" VPOS="2684" HPOS="1079"/>
<String CONTENT="and" HEIGHT="42" WIDTH="87" VPOS="2686" HPOS="1108"/>
<SP HEIGHT="44" WIDTH="28" VPOS="2684" HPOS="1196"/>
<String CONTENT="American" HEIGHT="44" WIDTH="250" VPOS="2683" HPOS="1225"/>
<SP HEIGHT="44" WIDTH="27" VPOS="2684" HPOS="1476"/>
<String CONTENT="drama" HEIGHT="44" WIDTH="161" VPOS="2684" HPOS="1504"/>
<SP HEIGHT="28" WIDTH="27" VPOS="2700" HPOS="1666"/>
<String CONTENT="of" HEIGHT="43" WIDTH="51" VPOS="2685" HPOS="1694"/>
<SP HEIGHT="43" WIDTH="27" VPOS="2685" HPOS="1746"/>
<String CONTENT="today.&#8221;" HEIGHT="52" WIDTH="177" VPOS="2685" HPOS="1774"/>
</TextLine>
<TextLine HEIGHT="57" WIDTH="1940" VPOS="2740" HPOS="480" CS="1">
<String CONTENT="Bibliographies:" HEIGHT="55" WIDTH="393" VPOS="2742" HPOS="480"/>
<SP HEIGHT="29" WIDTH="33" VPOS="2756" HPOS="874"/>
<String CS="1" CONTENT="I." HEIGHT="8" WIDTH="7" VPOS="2777" HPOS="932"/>
<SP HEIGHT="43" WIDTH="33" VPOS="2742" HPOS="940"/>
<String CONTENT="Books" HEIGHT="43" WIDTH="153" VPOS="2742" HPOS="974"/>
<SP HEIGHT="28" WIDTH="29" VPOS="2757" HPOS="1128"/>
<String CONTENT="on" HEIGHT="28" WIDTH="60" VPOS="2757" HPOS="1158"/>
<SP HEIGHT="35" WIDTH="29" VPOS="2749" HPOS="1219"/>
<String CONTENT="the" HEIGHT="44" WIDTH="75" VPOS="2740" HPOS="1249"/>
<SP HEIGHT="42" WIDTH="30" VPOS="2742" HPOS="1325"/>
<String CONTENT="drama" HEIGHT="42" WIDTH="157" VPOS="2742" HPOS="1356"/>
<SP HEIGHT="53" WIDTH="39" VPOS="2741" HPOS="1514"/>
<String CONTENT="(in" HEIGHT="53" WIDTH="69" VPOS="2741" HPOS="1554"/>
<SP HEIGHT="46" WIDTH="33" VPOS="2740" HPOS="1624"/>
<String CONTENT="English" HEIGHT="54" WIDTH="190" VPOS="2740" HPOS="1658"/>
<SP HEIGHT="45" WIDTH="32" VPOS="2741" HPOS="1849"/>
<String CONTENT="only)" HEIGHT="54" WIDTH="131" VPOS="2741" HPOS="1882"/>
<SP HEIGHT="53" WIDTH="69" VPOS="2742" HPOS="2014"/>
<String CS="1" CONTENT="II." HEIGHT="8" WIDTH="7" VPOS="2779" HPOS="2129"/>
<SP HEIGHT="43" WIDTH="35" VPOS="2744" HPOS="2137"/>
<String CONTENT="Published" HEIGHT="46" WIDTH="247" VPOS="2742" HPOS="2173"/>
</TextLine>
<TextLine HEIGHT="57" WIDTH="524" VPOS="2798" HPOS="407">
<String CONTENT="plays" HEIGHT="53" WIDTH="126" VPOS="2802" HPOS="407"/>
<SP HEIGHT="53" WIDTH="42" VPOS="2802" HPOS="534"/>
<String CONTENT="(p." HEIGHT="53" WIDTH="65" VPOS="2802" HPOS="577"/>
<SP HEIGHT="29" WIDTH="37" VPOS="2825" HPOS="643"/>
<String CONTENT="[421]-486)" HEIGHT="56" WIDTH="250" VPOS="2798" HPOS="681"/>
</TextLine>
<TextLine HEIGHT="57" WIDTH="1788" VPOS="2853" HPOS="410" CS="1">
<String CONTENT="&#169;" HEIGHT="54" WIDTH="53" VPOS="2856" HPOS="410"/>
<SP HEIGHT="54" WIDTH="25" VPOS="2856" HPOS="464"/>
<String CONTENT="Jan." HEIGHT="51" WIDTH="100" VPOS="2859" HPOS="490"/>
<SP HEIGHT="43" WIDTH="26" VPOS="2858" HPOS="591"/>
<String CONTENT="23," HEIGHT="51" WIDTH="68" VPOS="2857" HPOS="618"/>
<SP HEIGHT="50" WIDTH="29" VPOS="2858" HPOS="687"/>
<String CONTENT="1925;" HEIGHT="52" WIDTH="130" VPOS="2855" HPOS="717"/>
<SP HEIGHT="51" WIDTH="27" VPOS="2856" HPOS="848"/>
<String CONTENT="2c." HEIGHT="43" WIDTH="65" VPOS="2856" HPOS="876"/>
<SP HEIGHT="27" WIDTH="26" VPOS="2871" HPOS="942"/>
<String CONTENT="and" HEIGHT="42" WIDTH="87" VPOS="2856" HPOS="969"/>
<SP HEIGHT="42" WIDTH="26" VPOS="2856" HPOS="1057"/>
<String CONTENT="aff." HEIGHT="43" WIDTH="77" VPOS="2854" HPOS="1084"/>
<SP HEIGHT="53" WIDTH="27" VPOS="2854" HPOS="1162"/>
<String CONTENT="Jan." HEIGHT="53" WIDTH="97" VPOS="2854" HPOS="1190"/>
<SP HEIGHT="43" WIDTH="28" VPOS="2854" HPOS="1288"/>
<String CS="1" CONTENT="28;" HEIGHT="43" WIDTH="53" VPOS="2853" HPOS="1317"/>
<SP HEIGHT="42" WIDTH="30" VPOS="2855" HPOS="1396"/>
<!-- cceid 2B163DB3-6DD5-1014-B757-AF09C522E301 --><String CONTENT="A" HEIGHT="42" WIDTH="43" VPOS="2855" HPOS="1427"/>
<SP HEIGHT="43" WIDTH="27" VPOS="2854" HPOS="1471"/>
<String CONTENT="814798;" HEIGHT="53" WIDTH="191" VPOS="2853" HPOS="1499"/>
<SP HEIGHT="50" WIDTH="32" VPOS="2856" HPOS="1691"/>
<String CONTENT="D." HEIGHT="41" WIDTH="55" VPOS="2856" HPOS="1724"/>
<SP HEIGHT="42" WIDTH="30" VPOS="2855" HPOS="1780"/>
<String CONTENT="Appleton" HEIGHT="52" WIDTH="229" VPOS="2855" HPOS="1811"/>
<SP HEIGHT="43" WIDTH="27" VPOS="2857" HPOS="2041"/>
<String CONTENT="&amp;" HEIGHT="43" WIDTH="37" VPOS="2857" HPOS="2069"/>
<SP HEIGHT="43" WIDTH="26" VPOS="2857" HPOS="2107"/>
<String CONTENT="co." HEIGHT="29" WIDTH="64" VPOS="2872" HPOS="2134"/>
</TextLine>
<TextLine HEIGHT="57" WIDTH="244" VPOS="2913" HPOS="490">
<String CONTENT="(25-3337)" HEIGHT="57" WIDTH="244" VPOS="2913" HPOS="490"/>
</TextLine>
<TextLine HEIGHT="76" WIDTH="1076" VPOS="3011" HPOS="413" STYLEREFS="StyleId-02B28747-BDE9-401C-A60E-E48710F96A7D-">
<String CONTENT="Clark," HEIGHT="72" WIDTH="209" VPOS="3015" HPOS="413"/>
<SP HEIGHT="73" WIDTH="41" VPOS="3014" HPOS="623"/>
<String CONTENT="Charles" HEIGHT="60" WIDTH="259" VPOS="3012" HPOS="665"/>
<SP HEIGHT="57" WIDTH="39" VPOS="3013" HPOS="925"/>
<String CONTENT="Herbert," HEIGHT="72" WIDTH="291" VPOS="3011" HPOS="965"/>
<SP HEIGHT="67" WIDTH="41" VPOS="3016" HPOS="1257"/>
<String CONTENT="1854-" HEIGHT="56" WIDTH="190" VPOS="3014" HPOS="1299"/>
</TextLine>
<TextLine HEIGHT="73" WIDTH="1934" VPOS="3102" HPOS="489" STYLEREFS="StyleId-67D73FDB-1F71-49B8-A03D-EBCCC0821C1A-">
<String CONTENT="Practical" HEIGHT="58" WIDTH="317" VPOS="3105" HPOS="489"/>
<SP HEIGHT="55" WIDTH="28" VPOS="3105" HPOS="807"/>
<String CONTENT="methods" HEIGHT="57" WIDTH="289" VPOS="3104" HPOS="836"/>
<SP HEIGHT="57" WIDTH="30" VPOS="3103" HPOS="1126"/>
<String CONTENT="in" HEIGHT="56" WIDTH="66" VPOS="3103" HPOS="1157"/>
<SP HEIGHT="37" WIDTH="29" VPOS="3122" HPOS="1224"/>
<String CONTENT="microscopy," HEIGHT="73" WIDTH="412" VPOS="3102" HPOS="1254"/>
<SP HEIGHT="72" WIDTH="32" VPOS="3103" HPOS="1667"/>
<String CONTENT="by" HEIGHT="72" WIDTH="84" VPOS="3103" HPOS="1700"/>
<SP HEIGHT="73" WIDTH="32" VPOS="3102" HPOS="1785"/>
<String CONTENT="Charles" HEIGHT="59" WIDTH="260" VPOS="3102" HPOS="1818"/>
<SP HEIGHT="57" WIDTH="34" VPOS="3104" HPOS="2079"/>
<String CONTENT="H." HEIGHT="58" WIDTH="80" VPOS="3104" HPOS="2114"/>
<SP HEIGHT="59" WIDTH="37" VPOS="3105" HPOS="2195"/>
<String CONTENT="Clark" HEIGHT="59" WIDTH="190" VPOS="3105" HPOS="2233"/>
</TextLine>
<TextLine HEIGHT="79" WIDTH="1937" VPOS="3180" HPOS="482" STYLEREFS="StyleId-67D73FDB-1F71-49B8-A03D-EBCCC0821C1A-" CS="1">
<String CS="1" CONTENT="&#8230;"/>
<SP HEIGHT="59" WIDTH="77" VPOS="3186" HPOS="482"/>
<String CONTENT="5th" HEIGHT="58" WIDTH="105" VPOS="3185" HPOS="560"/>
<SP HEIGHT="56" WIDTH="33" VPOS="3185" HPOS="666"/>
<String CONTENT="ed.," HEIGHT="72" WIDTH="112" VPOS="3184" HPOS="700"/>
<SP HEIGHT="53" WIDTH="35" VPOS="3203" HPOS="813"/>
<String CONTENT="rev." HEIGHT="38" WIDTH="126" VPOS="3202" HPOS="849"/>
<SP HEIGHT="36" WIDTH="38" VPOS="3203" HPOS="976"/>
<String CONTENT="and" HEIGHT="57" WIDTH="124" VPOS="3183" HPOS="1015"/>
<SP HEIGHT="57" WIDTH="32" VPOS="3183" HPOS="1140"/>
<String CS="1" CONTENT="enl." HEIGHT="39" WIDTH="78" VPOS="3201" HPOS="1173"/>
<SP HEIGHT="58" WIDTH="73" VPOS="3180" HPOS="1289"/>
<String CONTENT="Boston," HEIGHT="75" WIDTH="259" VPOS="3180" HPOS="1363"/>
<SP HEIGHT="74" WIDTH="35" VPOS="3181" HPOS="1623"/>
<String CONTENT="New" HEIGHT="58" WIDTH="153" VPOS="3181" HPOS="1659"/>
<SP HEIGHT="58" WIDTH="30" VPOS="3181" HPOS="1813"/>
<String CONTENT="York" HEIGHT="58" WIDTH="175" VPOS="3181" HPOS="1844"/>
<SP HEIGHT="76" WIDTH="35" VPOS="3181" HPOS="2020"/>
<String CONTENT="[etc.]" HEIGHT="73" WIDTH="148" VPOS="3186" HPOS="2056"/>
<SP HEIGHT="75" WIDTH="35" VPOS="3184" HPOS="2205"/>
<String CONTENT="D." HEIGHT="59" WIDTH="73" VPOS="3184" HPOS="2241"/>
<SP HEIGHT="60" WIDTH="39" VPOS="3184" HPOS="2315"/>
<String CONTENT="C." HEIGHT="60" WIDTH="64" VPOS="3184" HPOS="2355"/>
</TextLine>
<TextLine HEIGHT="73" WIDTH="953" VPOS="3261" HPOS="413" STYLEREFS="StyleId-67D73FDB-1F71-49B8-A03D-EBCCC0821C1A-" CS="1">
<String CONTENT="Heath" HEIGHT="58" WIDTH="212" VPOS="3263" HPOS="413"/>
<SP HEIGHT="56" WIDTH="34" VPOS="3263" HPOS="626"/>
<String CONTENT="and" HEIGHT="56" WIDTH="125" VPOS="3263" HPOS="661"/>
<SP HEIGHT="56" WIDTH="32" VPOS="3263" HPOS="787"/>
<String CONTENT="company" HEIGHT="54" WIDTH="308" VPOS="3278" HPOS="820"/>
<SP HEIGHT="55" WIDTH="33" VPOS="3278" HPOS="1129"/>
<String CS="1" CONTENT="["/>
<String STYLE="superscript" CONTENT="c" HEIGHT="22" WIDTH="20" VPOS="3267" HPOS="1177"/>
<String CONTENT="1925]" HEIGHT="73" WIDTH="165" VPOS="3261" HPOS="1201"/>
</TextLine>
<TextLine HEIGHT="55" WIDTH="1302" VPOS="3337" HPOS="483">
<String CONTENT="xxviii," HEIGHT="52" WIDTH="161" VPOS="3340" HPOS="483"/>
<SP HEIGHT="52" WIDTH="30" VPOS="3340" HPOS="645"/>
<String CONTENT="337" HEIGHT="45" WIDTH="81" VPOS="3338" HPOS="676"/>
<SP HEIGHT="52" WIDTH="31" VPOS="3338" HPOS="758"/>
<String CONTENT="p." HEIGHT="37" WIDTH="39" VPOS="3353" HPOS="790"/>
<SP HEIGHT="43" WIDTH="60" VPOS="3338" HPOS="830"/>
<String CONTENT="front.," HEIGHT="50" WIDTH="152" VPOS="3338" HPOS="891"/>
<SP HEIGHT="51" WIDTH="32" VPOS="3337" HPOS="1044"/>
<String CONTENT="illus.," HEIGHT="47" WIDTH="132" VPOS="3337" HPOS="1077"/>
<SP HEIGHT="37" WIDTH="32" VPOS="3351" HPOS="1210"/>
<String CONTENT="plates," HEIGHT="51" WIDTH="156" VPOS="3337" HPOS="1243"/>
<SP HEIGHT="50" WIDTH="34" VPOS="3337" HPOS="1400"/>
<String CONTENT="diagrs." HEIGHT="52" WIDTH="167" VPOS="3337" HPOS="1435"/>
<SP HEIGHT="41" WIDTH="64" VPOS="3338" HPOS="1603"/>
<String CONTENT="19" HEIGHT="42" WIDTH="52" VPOS="3337" HPOS="1668"/>
<String STYLE="superscript" CONTENT="cm" HEIGHT="18" WIDTH="46" VPOS="3339" HPOS="1725"/>
<String CONTENT="." HEIGHT="7" WIDTH="7" VPOS="3372" HPOS="1778"/>
</TextLine>
<TextLine HEIGHT="60" WIDTH="2012" VPOS="3391" HPOS="411" CS="1">
<String CONTENT="&#169;" HEIGHT="54" WIDTH="56" VPOS="3395" HPOS="411"/>
<SP HEIGHT="54" WIDTH="36" VPOS="3395" HPOS="468"/>
<String CONTENT="Jan." HEIGHT="51" WIDTH="100" VPOS="3396" HPOS="505"/>
<SP HEIGHT="41" WIDTH="41" VPOS="3396" HPOS="606"/>
<String CONTENT="14," HEIGHT="51" WIDTH="64" VPOS="3395" HPOS="648"/>
<SP HEIGHT="50" WIDTH="38" VPOS="3396" HPOS="713"/>
<String CONTENT="1925;" HEIGHT="54" WIDTH="131" VPOS="3392" HPOS="752"/>
<SP HEIGHT="53" WIDTH="38" VPOS="3393" HPOS="884"/>
<String CONTENT="2c." HEIGHT="42" WIDTH="64" VPOS="3393" HPOS="923"/>
<SP HEIGHT="47" WIDTH="43" VPOS="3393" HPOS="988"/>
<String CS="1" CONTENT="Jan." HEIGHT="28" WIDTH="69" VPOS="3408" HPOS="1057"/>
<SP HEIGHT="42" WIDTH="41" VPOS="3394" HPOS="1127"/>
<String CONTENT="19;" HEIGHT="52" WIDTH="73" VPOS="3392" HPOS="1169"/>
<SP HEIGHT="37" WIDTH="41" VPOS="3407" HPOS="1243"/>
<String CONTENT="aff." HEIGHT="47" WIDTH="78" VPOS="3392" HPOS="1285"/>
<SP/>
<String CONTENT="Feb." HEIGHT="45" WIDTH="106" VPOS="3391" HPOS="1404"/>
<SP HEIGHT="40" WIDTH="43" VPOS="3395" HPOS="1511"/>
<String CONTENT="11;" HEIGHT="51" WIDTH="74" VPOS="3394" HPOS="1555"/>
<SP HEIGHT="52" WIDTH="40" VPOS="3393" HPOS="1630"/>
<!-- cceid 2B16DAF7-6DD5-1014-B757-AF09C522E301 --><String CONTENT="A" HEIGHT="42" WIDTH="43" VPOS="3393" HPOS="1671"/>
<SP HEIGHT="43" WIDTH="38" VPOS="3393" HPOS="1715"/>
<String CS="1" CONTENT="814999;" HEIGHT="43" WIDTH="168" VPOS="3393" HPOS="1754"/>
<SP HEIGHT="43" WIDTH="42" VPOS="3394" HPOS="1943"/>
<String CONTENT="Nellie" HEIGHT="47" WIDTH="151" VPOS="3394" HPOS="1986"/>
<SP HEIGHT="44" WIDTH="40" VPOS="3397" HPOS="2138"/>
<String CONTENT="L." HEIGHT="43" WIDTH="47" VPOS="3397" HPOS="2179"/>
<SP HEIGHT="44" WIDTH="42" VPOS="3397" HPOS="2227"/>
<String CONTENT="Clark," HEIGHT="54" WIDTH="153" VPOS="3397" HPOS="2270"/>
</TextLine>
<TextLine HEIGHT="56" WIDTH="683" VPOS="3449" HPOS="484">
<String CONTENT="Exeter," HEIGHT="50" WIDTH="183" VPOS="3453" HPOS="484"/>
<SP HEIGHT="50" WIDTH="31" VPOS="3453" HPOS="668"/>
<String LANG="la" CONTENT="N." HEIGHT="42" WIDTH="60" VPOS="3453" HPOS="700"/>
<SP HEIGHT="43" WIDTH="28" VPOS="3452" HPOS="761"/>
<String CONTENT="H." HEIGHT="42" WIDTH="62" VPOS="3452" HPOS="790"/>
<SP HEIGHT="54" WIDTH="69" VPOS="3451" HPOS="853"/>
<String CONTENT="(25-3974)" HEIGHT="56" WIDTH="244" VPOS="3449" HPOS="923"/>
</TextLine>
<TextLine HEIGHT="75" WIDTH="845" VPOS="3550" HPOS="417" STYLEREFS="StyleId-02B28747-BDE9-401C-A60E-E48710F96A7D-">
<String CONTENT="Cooper," HEIGHT="72" WIDTH="257" VPOS="3553" HPOS="417"/>
<SP HEIGHT="73" WIDTH="38" VPOS="3551" HPOS="675"/>
<String CONTENT="Lenna" HEIGHT="57" WIDTH="217" VPOS="3551" HPOS="714"/>
<SP HEIGHT="58" WIDTH="36" VPOS="3550" HPOS="932"/>
<String CONTENT="Frances." HEIGHT="57" WIDTH="293" VPOS="3550" HPOS="969"/>
</TextLine>
<TextLine HEIGHT="74" WIDTH="1928" VPOS="3639" HPOS="495" STYLEREFS="StyleId-67D73FDB-1F71-49B8-A03D-EBCCC0821C1A-" CS="1">
<String CONTENT="The" HEIGHT="59" WIDTH="131" VPOS="3643" HPOS="495"/>
<SP HEIGHT="41" WIDTH="39" VPOS="3661" HPOS="627"/>
<String CONTENT="new" HEIGHT="38" WIDTH="138" VPOS="3661" HPOS="667"/>
<SP HEIGHT="37" WIDTH="39" VPOS="3661" HPOS="806"/>
<String CONTENT="cookery," HEIGHT="71" WIDTH="285" VPOS="3641" HPOS="846"/>
<SP HEIGHT="70" WIDTH="38" VPOS="3641" HPOS="1132"/>
<String CONTENT="by" HEIGHT="71" WIDTH="84" VPOS="3641" HPOS="1171"/>
<SP HEIGHT="73" WIDTH="37" VPOS="3639" HPOS="1256"/>
<String CONTENT="Lenna" HEIGHT="60" WIDTH="217" VPOS="3639" HPOS="1294"/>
<SP HEIGHT="59" WIDTH="40" VPOS="3640" HPOS="1512"/>
<String CONTENT="Frances" HEIGHT="57" WIDTH="277" VPOS="3640" HPOS="1553"/>
<SP HEIGHT="59" WIDTH="43" VPOS="3640" HPOS="1831"/>
<String CONTENT="Cooper" HEIGHT="73" WIDTH="246" VPOS="3640" HPOS="1875"/>
<SP HEIGHT="41" WIDTH="45" VPOS="3661" HPOS="2122"/>
<String CS="1" CONTENT="&#8230;"/>
<SP HEIGHT="56" WIDTH="85" VPOS="3647" HPOS="2232"/>
<String CONTENT="9th" HEIGHT="57" WIDTH="105" VPOS="3646" HPOS="2318"/>
</TextLine>
<TextLine HEIGHT="154" WIDTH="1984" VPOS="3717" HPOS="415" STYLEREFS="StyleId-67D73FDB-1F71-49B8-A03D-EBCCC0821C1A-" CS="1">
<String CONTENT="ed.," HEIGHT="66" WIDTH="114" VPOS="3724" HPOS="417"/>
<SP HEIGHT="50" WIDTH="26" VPOS="3740" HPOS="532"/>
<String CONTENT="rev." HEIGHT="40" WIDTH="127" VPOS="3739" HPOS="559"/>
<SP HEIGHT="58" WIDTH="82" VPOS="3719" HPOS="687"/>
<String CONTENT="Battle" HEIGHT="56" WIDTH="214" VPOS="3719" HPOS="770"/>
<SP HEIGHT="59" WIDTH="29" VPOS="3717" HPOS="985"/>
<String CONTENT="Creek," HEIGHT="73" WIDTH="214" VPOS="3717" HPOS="1015"/>
<SP HEIGHT="70" WIDTH="27" VPOS="3720" HPOS="1230"/>
<String CONTENT="Mich.," HEIGHT="73" WIDTH="204" VPOS="3717" HPOS="1258"/>
<SP HEIGHT="71" WIDTH="29" VPOS="3719" HPOS="1463"/>
<String CONTENT="The" HEIGHT="57" WIDTH="130" VPOS="3718" HPOS="1493"/>
<SP HEIGHT="57" WIDTH="26" VPOS="3718" HPOS="1624"/>
<String CONTENT="Modern" HEIGHT="58" WIDTH="264" VPOS="3718" HPOS="1651"/>
<SP HEIGHT="38" WIDTH="23" VPOS="3737" HPOS="1916"/>
<String CONTENT="medicine" HEIGHT="59" WIDTH="304" VPOS="3720" HPOS="1940"/>
<SP HEIGHT="54" WIDTH="26" VPOS="3741" HPOS="2245"/>
<String CONTENT="publishing" HEIGHT="148" WIDTH="1984" VPOS="3723" HPOS="415"/>
<SP HEIGHT="53" WIDTH="29" VPOS="3818" HPOS="652"/>
<String CONTENT="co.," HEIGHT="49" WIDTH="106" VPOS="3818" HPOS="682"/>
<SP HEIGHT="68" WIDTH="32" VPOS="3799" HPOS="789"/>
<String CONTENT="1924." HEIGHT="55" WIDTH="165" VPOS="3798" HPOS="822"/>
</TextLine>
<TextLine HEIGHT="61" WIDTH="1046" VPOS="3871" HPOS="489" CS="1">
<String CONTENT="3" HEIGHT="43" WIDTH="24" VPOS="3880" HPOS="489"/>
<SP/>
<String LANG="la" CONTENT="p." HEIGHT="38" WIDTH="38" VPOS="3894" HPOS="543"/>
<SP HEIGHT="43" WIDTH="30" VPOS="3879" HPOS="582"/>
<String CS="1" CONTENT="l.,"/>
<SP HEIGHT="51" WIDTH="29" VPOS="3878" HPOS="656"/>
<String CS="1" CONTENT="11&#8211;475" HEIGHT="49" WIDTH="163" VPOS="3871" HPOS="686"/>
<SP HEIGHT="56" WIDTH="29" VPOS="3871" HPOS="850"/>
<String CONTENT="p." HEIGHT="37" WIDTH="39" VPOS="3890" HPOS="880"/>
<SP HEIGHT="44" WIDTH="61" VPOS="3873" HPOS="920"/>
<String CONTENT="front.," HEIGHT="52" WIDTH="152" VPOS="3873" HPOS="982"/>
<SP HEIGHT="38" WIDTH="31" VPOS="3887" HPOS="1135"/>
<String CONTENT="plates." HEIGHT="52" WIDTH="155" VPOS="3873" HPOS="1167"/>
<SP HEIGHT="42" WIDTH="59" VPOS="3874" HPOS="1323"/>
<String CS="1" CONTENT="22&#189;" HEIGHT="42" WIDTH="55" VPOS="3874" HPOS="1383"/>
<String STYLE="superscript" CONTENT="cm" HEIGHT="18" WIDTH="48" VPOS="3875" HPOS="1471"/>
<String CONTENT="." HEIGHT="9" WIDTH="9" VPOS="3908" HPOS="1526"/>
</TextLine>
<TextLine HEIGHT="61" WIDTH="2006" VPOS="3929" HPOS="416" CS="1">
<String CONTENT="&#169;" HEIGHT="54" WIDTH="54" VPOS="3936" HPOS="416"/>
<SP HEIGHT="54" WIDTH="34" VPOS="3936" HPOS="471"/>
<String CONTENT="Oct." HEIGHT="43" WIDTH="101" VPOS="3937" HPOS="506"/>
<SP HEIGHT="44" WIDTH="30" VPOS="3935" HPOS="608"/>
<String CONTENT="29," HEIGHT="46" WIDTH="66" VPOS="3935" HPOS="639"/>
<SP HEIGHT="46" WIDTH="35" VPOS="3935" HPOS="706"/>
<String CS="1" CONTENT="1924;" HEIGHT="44" WIDTH="106" VPOS="3932" HPOS="742"/>
<SP HEIGHT="51" WIDTH="33" VPOS="3932" HPOS="874"/>
<String CONTENT="2c." HEIGHT="42" WIDTH="64" VPOS="3932" HPOS="908"/>
<SP HEIGHT="51" WIDTH="34" VPOS="3932" HPOS="973"/>
<String CONTENT="Jan." HEIGHT="51" WIDTH="98" VPOS="3932" HPOS="1008"/>
<SP HEIGHT="41" WIDTH="35" VPOS="3932" HPOS="1107"/>
<String CONTENT="12," HEIGHT="51" WIDTH="63" VPOS="3931" HPOS="1143"/>
<SP HEIGHT="51" WIDTH="34" VPOS="3931" HPOS="1207"/>
<String CONTENT="1925;" HEIGHT="52" WIDTH="130" VPOS="3929" HPOS="1242"/>
<SP HEIGHT="36" WIDTH="35" VPOS="3945" HPOS="1373"/>
<String CONTENT="aff." HEIGHT="43" WIDTH="78" VPOS="3931" HPOS="1409"/>
<SP HEIGHT="44" WIDTH="33" VPOS="3930" HPOS="1488"/>
<String CONTENT="Feb." HEIGHT="45" WIDTH="107" VPOS="3930" HPOS="1522"/>
<SP HEIGHT="44" WIDTH="35" VPOS="3930" HPOS="1630"/>
<String CONTENT="7;" HEIGHT="51" WIDTH="48" VPOS="3930" HPOS="1666"/>
<SP HEIGHT="50" WIDTH="35" VPOS="3931" HPOS="1715"/>
<!-- cceid 2B177C13-6DD5-1014-B757-AF09C522E301 --><String CONTENT="A" HEIGHT="42" WIDTH="43" VPOS="3931" HPOS="1751"/>
<SP HEIGHT="43" WIDTH="32" VPOS="3931" HPOS="1795"/>
<String CONTENT="814972;" HEIGHT="53" WIDTH="189" VPOS="3931" HPOS="1828"/>
<SP HEIGHT="50" WIDTH="38" VPOS="3934" HPOS="2018"/>
<String CONTENT="L." HEIGHT="42" WIDTH="49" VPOS="3934" HPOS="2057"/>
<SP HEIGHT="44" WIDTH="35" VPOS="3933" HPOS="2107"/>
<String CONTENT="F." HEIGHT="44" WIDTH="49" VPOS="3933" HPOS="2143"/>
<SP HEIGHT="45" WIDTH="37" VPOS="3933" HPOS="2193"/>
<String CONTENT="Cooper," HEIGHT="54" WIDTH="191" VPOS="3933" HPOS="2231"/>
</TextLine>
<TextLine HEIGHT="57" WIDTH="1402" VPOS="3984" HPOS="489" CS="1">
<String CONTENT="Battle" HEIGHT="44" WIDTH="152" VPOS="3992" HPOS="489"/>
<SP HEIGHT="45" WIDTH="26" VPOS="3990" HPOS="642"/>
<String CONTENT="Creek," HEIGHT="51" WIDTH="160" VPOS="3990" HPOS="669"/>
<SP HEIGHT="51" WIDTH="23" VPOS="3990" HPOS="830"/>
<String CONTENT="Mich." HEIGHT="44" WIDTH="141" VPOS="3987" HPOS="854"/>
<SP HEIGHT="29" WIDTH="63" VPOS="4010" HPOS="996"/>
<String CS="1" CONTENT="[&#169;" HEIGHT="54" WIDTH="53" VPOS="3984" HPOS="1074"/>
<SP HEIGHT="55" WIDTH="24" VPOS="3984" HPOS="1128"/>
<String CONTENT="general" HEIGHT="52" WIDTH="185" VPOS="3987" HPOS="1153"/>
<SP HEIGHT="42" WIDTH="27" VPOS="3987" HPOS="1339"/>
<String CONTENT="revision]" HEIGHT="53" WIDTH="208" VPOS="3987" HPOS="1367"/>
<SP/>
<String CONTENT="(25-3738)" HEIGHT="56" WIDTH="243" VPOS="3985" HPOS="1648"/>
</TextLine>
</TextBlock>
</PrintSpace>
</Page>
</Layout>
</alto>