2533 4412
0 0 0 0 1272
429 488 63 52 xi,
536 486 206 53 329-679,
785 489 57 45 20
883 503 41 37 p.
984 490 87 43 col.
1116 491 154 49 front.,
1315 489 134 52 illus.,
1492 490 146 50 plates
1665 489 129 53 (part
1837 492 113 52 col.)
2000 507 144 38 maps,
2189 493 178 47 facsim.

364 545 1411 51 19 ½ cm . (Allyn and Bacon’s series of school histories)
431 601 1937 59 Part I of World progress appeared under title: A short history of early
359 658 419 52 peoples to 1500 A. D.
431 717 72 43 “A
533 715 139 45 select
701 713 79 45 list
809 715 52 44 of
894 714 146 45 books
1073 730 58 29 on
1162 716 192 44 modern
1386 713 247 53 European
1662 714 181 54 history
1874 716 79 46 for
1982 718 111 53 high
2127 720 239 47 schools”:

357 786 42 37 p.
429 773 103 48 1-2;
561 770 333 51 Bibliography
918 780 47 36 at
989 772 87 44 end
1101 772 53 43 of
1180 786 125 30 some
1329 772 54 43 of
1410 771 76 46 the
1511 771 223 50 chapters.

359 824 54 55 ©
452 824 121 54 Sept.
612 825 63 52 12,
714 822 131 54 1925;
881 824 67 43 2c.
983 824 88 43 and
1105 825 80 42 aff.
1224 825 102 44 Oct.
1361 825 80 54 22;
1478 826 46 42 A
1559 824 190 56 872024;
1787 828 76 43 W.
1902 828 66 43 M.
2004 829 145 54 West,
429 830 1918 105 Minneapolis.
657 880 273 56 (25-21430)

505 984 1862 74 … The story of world progress, by Willis Mason West
427 1062 1783 79 … Boston, New York [etc.] Allyn and Bacon [ c 1925]
425 1139 129 53 xviii,
582 1140 92 52 679,
701 1141 56 46 47
783 1155 41 37 p.
884 1139 101 67 col.,
997 1141 154 51 front.,
1178 1139 134 53 illus.,
1340 1142 145 50 plates
1512 1141 130 53 (part
1665 1142 114 52 col.)
1815 1158 143 38 maps,
1984 1145 178 46 facsim.
2220 1148 51 45 19½
2304 1150 16 18 cm
2358 1184 9 8 .

366 1199 169 51 (Allyn
558 1199 90 44 and
675 1198 193 45 Bacon’s
897 1197 140 47 series
1063 1199 52 45 of
1139 1198 160 45 school
1323 1196 244 53 histories)

432 1256 72 44 “A
531 1255 138 46 select
696 1255 78 44 list
800 1255 52 45 of
879 1254 144 46 books
1052 1271 61 29 on
1141 1253 248 52 European
1417 1255 183 52 history
1628 1257 77 44 for
1730 1255 112 53 high
1871 1257 209 48 schools”
2096 1275 11 30 :
2136 1275 42 37 p.
2212 1261 79 46 1-7
2319 1269 49 39 at

356 1311 103 47 end.

359 1365 53 54 ©
451 1367 102 44 Oct.
593 1366 64 52 13,
697 1363 131 54 1925;
865 1365 65 43 2c.
968 1365 88 43 and
1093 1365 79 43 aff.
1212 1366 102 44 Oct.
1350 1365 79 53 22;
1469 1366 46 42 A
1550 1364 190 55 872022;
1781 1368 75 44 W.
1897 1369 65 44 M.
2001 1370 147 53 West,
429 1372 1916 105 Minneapolis.
657 1420 274 57 (25-21427)

357 1523 270 74 Wetjen,
664 1523 226 59 Albert
926 1522 298 59 Richard.

433 1615 101 58 Ho
564 1615 81 58 ho
675 1614 81 58 ho
777 1616 11 55 !

451 1697 61 40 (In
543 1693 219 43 Cassell’s
791 1692 261 52 magazine,
1081 1692 133 52 Aug.,
1247 1691 130 52 1925)

353 1746 2014 58 © 1c. Sept. 24, 1925; A ad int. 7302; pubd. July 27; A. R.-Wetjen, New
426 1807 145 44 York.

357 1904 307 75 Whiting,
694 1906 154 57 Mrs.
882 1905 329 70 Margaret
1239 1902 241 60 Abbott
1516 1904 266 73 (Eaton)
1823 1907 191 57 1876-
2172 1926 195 56 comp.

434 1999 194 73 Plays
667 1998 126 58 and
826 1998 312 72 pageants
1174 1996 107 58 for
1316 1995 298 59 children,
1689 2015 59 39 v.
1787 1998 52 56 1.
1921 1996 286 62 Selected
2244 2002 124 58 and

358 2075 2011 75 arranged by Margaret A. Whiting … Boston, New York
359 2159 148 73 [etc.]
544 2153 423 59 Educational
999 2152 368 73 publishing
1401 2171 308 54 company
1747 2184 12 43 [
1760 2161 20 22 c
1784 2154 166 74 1925]

424 2234 23 43 3
478 2246 41 39 p.
549 2232 41 50 1.,
622 2231 84 43 216
735 2245 39 38 p.
837 2230 151 51 front.,
1022 2230 116 44 illus.
1166 2228 127 55 (incl.
1325 2229 171 54 music)
1563 2229 57 44 20
1625 2232 47 18 cm
1679 2264 7 8 .

355 2288 53 55 ©
443 2290 102 44 Oct.
578 2289 68 51 22,
683 2286 131 54 1925;
849 2288 65 43 2c.
947 2288 88 43 and
1067 2287 79 43 aff.
1182 2287 103 44 Oct.
1318 2285 80 54 27;
1434 2287 46 42 A
1512 2284 190 55 872157;
1741 2284 300 49 Educational
2074 2289 102 52 pub.
2211 2305 67 29 co.

434 2345 273 56 (25-21669)

355 2446 321 72 Winslow,
714 2444 259 59 Charles
1008 2442 280 60 Edward
1317 2443 258 73 Amory,
1613 2446 191 57 1877-

351 2534 2016 232 The laws of health and how to teach them, by Charles-Edward Amory Winslow … and Pauline Brooks Williamson … New York, Atlanta [etc.] Charles E. Merrill
350 2793 311 54 company
694 2803 14 44 [
707 2782 22 21 c
732 2773 166 72 1925]

421 2855 92 50 xiv,
546 2852 83 45 354
659 2866 40 39 p.
761 2851 141 43 front.,
929 2849 142 54 (port.)
1137 2847 135 56 illus.,
1303 2848 170 54 diagrs.
1536 2848 52 46 19½
1621 2850 48 19 cm
1675 2884 10 10 .

424 2910 218 46 Contains
675 2907 159 46 music.

422 2965 238 51 “Selected
692 2962 375 55 bibliography”:
1100 2976 41 38 p.
1177 2960 206 47 339-346.

353 3025 53 54 ©
437 3027 117 51 June
585 3025 39 47 3,
658 3021 132 54 1925;
823 3022 65 43 2c.
922 3021 89 43 and
1041 3020 80 43 aff.
1156 3019 102 44 Oct.
1290 3017 80 54 27;
1405 3020 46 42 A
1482 3017 191 55 872136;
1711 3018 189 47 Charles
1935 3020 52 48 E.
2023 3022 183 44 Merrill
2239 3039 65 29 co.

432 3079 273 58 (25-21582)

351 3169 273 74 Wright,
657 3168 186 60 Gene.

350 3253 1984 161 Yellow fingers; a novel, by Gene Wright … Philadelphia & London, J. B. Lippincott company, 1925.
419 3421 81 44 332
527 3434 41 38 p.
628 3416 56 47 20
689 3420 16 17 cm
744 3451 8 9 .

352 3476 54 54 ©
444 3475 122 53 Sept.
603 3474 40 51 9,
682 3469 106 47 1925;
851 3471 65 43 2c.
954 3470 88 43 and
1077 3469 79 43 aff.
1196 3469 102 44 Oct.
1335 3467 54 45 27;
1454 3468 46 42 A
1537 3466 165 45 872108;
1766 3469 40 52 J.
1847 3469 51 43 B.
1938 3469 260 53 Lippincott
2234 3488 67 28 co.

430 3530 272 58 (25-21262)

352 3619 168 57 Year
544 3616 161 59 book
729 3615 67 57 of
824 3613 103 59 the
957 3612 317 71 churches,
1306 3611 241 56 1924-5.
1634 3610 115 58 Ed.
1779 3612 81 70 by
1889 3612 72 55 E.
1994 3612 67 58 O.
2090 3614 267 58 Watson

498 3688 1860 75 … Baltimore, Md., New York city, J. E. Stohlmann
444 3773 190 74 [ c 1924]
421 3848 81 48 506
530 3865 39 38 p.
628 3849 54 43 23½
717 3850 16 18 cm
772 3881 9 9 .

351 3908 53 54 ©
429 3909 119 43 Nov.
577 3905 65 51 10,
668 3904 105 43 1924;
824 3903 66 42 2c.
917 3901 119 43 Nov.
1065 3900 62 50 11,
1157 3897 131 53 1925;
1314 3899 79 43 aff.
1417 3899 124 45 Noy.
1571 3897 75 54 17;
1674 3900 46 42 A
1745 3897 190 56 872492;
1962 3899 194 47 Federal
2181 3904 174 43 council

421 3964 51 46 of
496 3964 77 44 the
597 3960 217 46 churches
841 3959 53 44 of
919 3956 156 46 Christ
1101 3956 44 44 in
1171 3955 229 53 America,
1427 3955 320 54 Washington.
