2533 4412
1027 4061 147 57 1627

111 391 401 73 Brininstool,
552 393 152 56 Earl
738 392 256 71 Alonzo,
1034 395 189 57 1870-

183 487 59 54 A
277 490 255 65 trooper
568 481 149 60 with
756 484 225 59 Custer
1018 487 124 56 and
1179 485 177 58 other
1389 484 263 59 historic
1686 483 308 61 incidents
2033 488 68 55 of

106 562 104 59 the
240 562 195 58 battle
470 563 68 57 of
567 562 103 58 the
705 560 191 61 Little
928 562 123 72 Big
1081 562 196 58 Horn.
1360 562 98 71 By
1491 563 74 56 E.
1597 563 76 59 A.
1709 563 391 57 Brininstool

174 638 1886 73 … Columbus, O., The Hunter-trader-trapper co., 1925.
178 716 82 45 214
300 730 40 36 p.
381 714 101 45 incl.
524 717 153 49 front.,
717 714 119 44 illus.
863 715 127 51 (incl.
1034 716 166 51 ports.)
1270 717 51 44 19
1327 718 46 18 cm
1381 751 8 8 .
1457 716 151 51 (“The
1667 716 198 45 frontier
1920 716 181 50 series”,

103 772 90 44 vol.
246 773 17 48 I)

105 823 53 55 ©
184 826 108 42 Dec.
321 825 60 51 14,
412 824 102 44 1925;
566 825 64 43 2c.
660 826 107 42 Dec.
798 825 50 42 12;
900 826 79 42 aff.
1006 826 109 43 Dec.
1141 826 54 43 28;
1248 826 43 42 A
1317 823 165 46 875669;
1536 827 567 52 Hunter-trader-trapper

175 897 64 29 co.
309 880 214 56 (26-797)

108 966 303 74 Building
443 983 115 57 age
593 967 126 58 and
752 966 284 58 national
1068 966 262 60 builder.

182 1057 111 56 250
337 1057 175 58 short
555 1062 134 53 cuts
732 1057 106 58 for
877 1056 298 75 builders,
1220 1079 36 37 a
1301 1058 323 57 collection
1667 1058 68 57 of
1776 1059 323 72 practical,

104 1136 203 57 tested
333 1135 175 61 ideas
539 1137 124 56 and
690 1136 286 57 methods
1007 1136 105 57 for
1139 1137 216 72 laying
1384 1139 108 54 out
1520 1137 124 56 and
1674 1136 279 73 erecting
104 1137 1972 134 different

341 1213 304 58 branches
677 1213 68 58 of
770 1213 278 59 builders
1064 1218 12 26 ’
1104 1214 188 73 work,
1325 1213 223 74 saving
1575 1213 149 59 time
1756 1216 125 56 and
106 1219 1967 130 material

246 1292 66 56 in
335 1292 102 57 the
461 1292 276 57 builders
754 1296 12 25 ’
790 1292 183 71 office,
1001 1293 154 70 shop
1182 1295 123 56 and
1329 1311 78 39 on
1429 1292 102 58 the
1555 1291 126 74 job,
1705 1292 396 59 contributed

102 1370 82 71 by
228 1389 190 53 many
467 1370 409 71 experienced
923 1370 305 71 practical
1273 1371 298 72 builders,
1621 1370 307 71 compiled
1975 1373 126 56 and

106 1447 207 60 edited
350 1449 83 74 by
470 1448 104 59 the
616 1448 291 59 editorial
947 1448 171 74 staff,
1157 1448 303 74 Building
1498 1469 113 53 age
1656 1450 124 57 and
1817 1448 284 60 national

103 1527 260 59 builder.
442 1528 152 57 New
629 1528 190 72 York,
858 1526 301 74 Building
1197 1547 114 53 age
1353 1529 125 56 and
1512 1527 283 58 national
1834 1528 264 73 builder,

104 1607 166 56 1925.

175 1685 78 45 160
283 1700 39 38 p.
383 1684 130 50 illus.,
543 1685 167 53 diagrs.
769 1686 53 43 23
830 1687 47 18 cm
883 1720 10 9 .

105 1739 52 55 ©
189 1742 107 43 Dec.
327 1742 37 50 4,
399 1739 102 45 1925;
559 1742 66 42 2c.
656 1743 108 42 Dec.
794 1741 25 43 7;
877 1742 78 42 aff.
987 1741 109 43 Dec.
1128 1740 23 45 5;
1209 1742 45 42 A
1284 1739 164 48 875385;
1511 1740 213 54 Building
1755 1755 84 39 age
1870 1742 101 51 pub.
174 1755 1907 95 corporation,
427 1798 117 43 New
578 1798 142 43 York.
790 1797 213 54 (26-261)

107 1882 335 75 [Burnand,
480 1882 250 74 Robert]
769 1884 189 57 1882-

250 1970 1854 74 … Le guide du gourmand à Paris. Nouvelle éd. mise
103 2048 36 58 à
168 2049 163 72 jour.
414 2049 204 73 Paris,
651 2049 71 56 B.
758 2049 281 73 Grasset,
1074 2051 164 56 1925.

172 2125 1124 56 2 p. l., [7]-188 p., 1 l., vi, [14] p. illus. 18 cm .
174 2184 218 44 Author’s
416 2185 166 52 pseud.,
607 2184 382 52 Robert-Robert,
1012 2193 46 36 at
1081 2183 115 45 head
1219 2184 51 44 of
1293 2183 111 47 title.

176 2240 164 46 “Fiche
363 2241 395 53 gastronomique”:
821 2241 81 53 [14]
929 2256 39 38 p.
994 2249 47 36 at
1063 2242 99 43 end.

103 2295 1847 56 © July 24, 1925; 1c. Sept. 8; A—Foreign 28509; Bernard Grasset.
180 2354 242 55 (26-3162)

108 2437 294 74 Canfield,
435 2441 153 56 Mrs.
624 2438 226 58 Flavia
878 2439 61 57 A
1259 2437 256 74 (Camp)
1560 2439 191 58 1844-

177 2529 265 58 Around
472 2529 103 58 the
607 2531 198 56 world
836 2532 65 55 at
933 2528 230 74 eighty,
1195 2531 83 70 by
1309 2529 225 57 Flavia
1569 2528 196 73 Camp
1801 2527 295 73 Canfield,

101 2607 151 58 with
303 2608 427 58 introduction
784 2609 83 71 by
915 2608 119 58 her
1090 2608 327 73 daughter,
1475 2607 289 74 Dorothy
1820 2605 280 62 Canfield

102 2686 1998 71 Fisher … Over one hundred illustrations by Parth &
101 2765 203 57 Parth
335 2765 66 57 of
434 2765 152 57 New
614 2765 174 56 York
820 2765 142 72 city.
1045 2766 296 71 Rutland,
1374 2764 127 75 Vt.,
1533 2764 130 58 The
1695 2764 213 59 Tuttle
101 2782 1973 134 company,
318 2844 166 56 1925.

170 2923 81 43 213
279 2937 39 38 p.
348 2922 102 44 incl.
483 2922 150 50 front.,
664 2921 115 46 illus.
839 2921 55 44 20
899 2924 47 17 cm
953 2957 9 8 .

177 2979 71 43 “A
285 2978 239 44 collection
560 2979 51 42 of
647 2978 155 44 letters
841 2977 181 44 written
1058 2977 134 45 while
1230 2992 58 30 on
1325 2976 82 43 her
1443 2977 146 43 cruise
1628 2977 174 44 around
1839 2976 75 44 the
1954 2976 143 45 world

103 3034 148 45 which
281 3035 83 44 left
392 3036 116 42 New
539 3034 131 44 York
698 3035 213 51 January,
945 3031 145 47 1925.”

103 3088 53 54 ©
191 3091 108 43 Dec.
338 3092 64 50 11,
439 3088 128 54 1925;
604 3091 64 42 2c.
702 3091 110 42 Dec.
850 3089 76 53 17;
961 3091 79 42 aff.
1078 3091 107 42 Dec.
1224 3090 73 50 16;
1338 3089 43 43 A
1417 3087 187 54 872885;
1643 3088 153 46 Tuttle
1831 3105 67 28 co.

182 3146 214 56 (26-467)

108 3232 359 72 Carpenter,
507 3230 283 61 William
829 3231 163 59 Seal.

179 3321 385 72 Democracy
603 3322 126 56 and
764 3321 523 72 representation,
1328 3321 83 71 by
1447 3320 280 58 William
1770 3321 144 58 Seal
102 3319 1976 152 Carpenter

430 3397 1671 74 … Princeton, Princeton university press, 1925.
173 3477 63 52 ix,
261 3477 79 43 113
361 3490 39 39 p.
458 3476 50 43 21
519 3479 47 18 cm
572 3511 9 9 .

104 3531 1940 55 © Dec. 7, 1 925; 2c. and aff. Dec. 17; A 875532; Princeton univ. press.
181 3588 214 56 (26-332)

109 3672 205 70 Clark,
356 3673 254 56 Barrett
650 3673 267 72 Harper,
962 3675 190 57 1890-
1310 3692 192 54 comp.

183 3753 196 59 Great
407 3753 175 59 short
611 3752 225 60 stories
868 3755 67 58 of
963 3754 103 59 the
1094 3752 228 72 world;
1354 3772 80 39 an
1463 3753 341 72 anthology
1834 3752 266 58 selected

105 3831 167 58 from
301 3832 103 57 the
432 3829 362 60 literatures
827 3833 68 57 of
924 3833 83 57 all
1034 3830 253 69 periods
1319 3833 126 56 and
1471 3830 334 70 countries,
1831 3830 83 70 by
106 3830 1968 136 Barrett
272 3907 78 56 H.
396 3907 187 59 Clark
622 3908 47 56 &
709 3906 238 59 Maxim
985 3906 241 59 Lieber.
1309 3908 151 57 New
1499 3907 191 71 York,
1732 3908 73 58 R.
1847 3906 83 62 M,
103 3905 1972 138 McBride
326 3984 49 58 &
403 4002 322 54 company,
757 3985 166 57 1925.
