2533 4412
1051 4028 148 56 1423

193 465 79 53 xii,
303 467 80 43 338
414 482 39 37 p.
515 467 152 49 front.,
698 466 153 53 plates,
883 467 143 52 diagr.
1085 467 53 43 23½
1173 468 47 18 cm
1227 501 9 9 .

196 523 351 52 Bibliography:
579 539 39 37 p.
646 522 205 44 310-331.

128 576 53 54 ©
214 578 119 53 Sept.
369 579 62 50 12,
467 578 128 51 1925;
629 579 63 42 2c.
724 579 86 43 and
842 579 78 43 aff.
953 579 118 43 Nov.
1102 579 78 51 21;
1216 578 44 42 A
1292 577 190 53 872529;
1520 578 45 46 S.
1599 578 49 44 F.
1683 579 185 45 Hinkle.

207 634 269 55 (25-24671)

129 734 372 72 Hohlbaum,
540 735 249 70 Robert,
829 736 189 57 1886-

124 823 1972 154 … Der frühlings walzer. Reichenberg, Gebrüder Stiepel [ c 1925]
194 982 56 44 82
274 997 40 39 p.
378 982 49 43 17
435 984 47 18 cm
489 1017 7 7 .

125 1036 1798 55 © Aug. 1, 1925; 1c. Oct. 10; A —Foreign 28982; Gebrüder Stiepel.
207 1093 270 55 (25-25414)

198 1193 1926 72 … Hubbell’s legal directory, 1926. 56th year … Joseph
204 1271 74 56 A.
314 1271 230 72 Lynch,
582 1271 218 57 editor.
879 1272 151 55 New
1062 1271 189 72 York,
1291 1271 128 56 The
1456 1270 271 58 Hubbell
1761 1270 362 73 publishing

205 1367 305 53 company
543 1349 180 73 [1925]

231 1461 9 17 x,
275 1424 116 53 1466,
421 1423 88 46 687
533 1438 38 40 p.
629 1424 55 44 22
689 1427 46 17 cm
742 1460 8 8 .

128 1479 52 55 ©
206 1482 107 44 Dec.
338 1482 65 51 29,
434 1480 129 53 1925;
591 1481 64 43 2c.
681 1481 87 43 and
792 1482 79 43 aff.
900 1482 108 43 Dec.
1034 1482 77 51 31;
1139 1483 44 41 A
1208 1479 189 55 875648;
1427 1480 201 45 Hubbell
1655 1480 101 53 pub.
1784 1496 65 28 co.

127 1579 459 58 International
628 1580 243 70 clinics;
918 1600 38 37 a
995 1581 325 71 quarterly
1364 1580 68 56 of
1473 1579 362 57 illustrated
1879 1578 244 58 clinical

204 1656 1917 74 lectures … Ed. by Henry W. Cattell … [and others]
272 1733 1849 73 … v. 4. 35th series, 1925. Philadelphia and London,
203 1813 60 57 J.
298 1812 69 57 B.
401 1812 365 71 Lippincott
799 1831 323 53 company,
1157 1813 166 55 1925.

195 1888 92 51 viii,
318 1889 78 43 311
430 1903 39 37 p.
529 1889 83 43 col.
645 1888 152 51 front.,
829 1888 132 51 illus:,
992 1888 141 51 plates
1174 1887 125 53 (part
1331 1887 109 53 col.)
1483 1894 152 45 ports.,
1668 1886 157 44 tables.
1885 1886 53 44 23½
1974 1887 46 17 cm
2028 1921 7 8 .

198 1946 112 42 Part
336 1945 51 43 of
413 1945 76 44 the
516 1945 143 52 plates
687 1959 78 29 are
792 1944 176 53 printed
995 1959 58 29 on
1080 1944 108 44 both
1219 1944 130 44 sides.

127 1999 53 55 ©
210 2002 109 44 Dec.
350 2003 38 51 4,
424 2001 129 53 1925;
586 2002 64 43 2c.
682 2001 87 44 and
799 2001 78 44 aff.
912 2001 107 44 Dec.
1051 2001 78 53 29;
1165 2002 44 42 A
1242 1998 188 53 875631;
1465 1999 39 53 J.
1540 1998 49 44 B.
1624 1998 259 54 Lippincott
1914 2014 65 29 co.

126 2099 292 70 Jackson,
457 2100 203 73 Leroy
694 2100 321 68 Freeman,
1054 2102 189 56 1881-

202 2195 190 58 Peter
437 2195 224 56 Patter
706 2195 188 70 book;
942 2193 187 58 rimes
1176 2195 104 56 for
1329 2192 296 72 children,
1670 2194 84 70 by
1796 2192 209 72 Leroy
2049 2191 71 57 F.

126 2273 291 58 Jackson.
504 2271 288 72 Chicago,
843 2272 152 57 New
1041 2271 190 71 York,
1280 2271 201 71 Rand,
1530 2269 293 72 McNally
1868 2269 48 57 &
126 2288 1970 134 company
323 2380 12 41 [
336 2359 20 21 c
360 2350 165 71 1925]

193 2424 1226 55 215 p. incl. col. front. illus. (part col.) 21½ cm .
198 2484 217 45 Contains
442 2484 158 45 music.

127 2536 53 54 ©
211 2539 118 42 Nov.
363 2539 62 50 18,
458 2538 130 51 1925;
617 2538 66 43 2c.
714 2539 87 41 and
831 2537 78 43 aff.
942 2538 118 43 Nov.
1090 2537 78 52 27;
1202 2538 44 41 A
1276 2535 188 52 872584;
1501 2536 143 50 Rand,
1678 2535 224 52 McNally
1934 2535 37 44 &
2000 2549 65 29 co.

206 2594 269 56 (25-24374)

130 2680 247 73 Jessup,
417 2679 212 74 Philip
669 2679 204 73 Caryl,
915 2682 188 55 1897-

205 2770 283 58 Outlines
519 2770 68 57 of
614 2770 102 57 the
744 2771 119 55 law
889 2770 104 56 for
1020 2770 115 57 bar
1166 2767 424 58 examination
1620 2767 125 58 and
1770 2768 120 56 law
1920 2765 209 58 school

125 2843 1978 140 review, by Philip C. Jessup … [Washington, D. C., Hayworth
356 2926 286 71 printing
673 2943 322 53 company,
1026 2933 18 21 c
1048 2925 164 71 1925]

200 3005 89 50 149,
326 3005 80 46 [11]
440 3019 41 37 p.
540 3003 53 43 22½
628 3005 46 17 cm
682 3037 9 8 .

198 3061 150 44 Blank
374 3075 136 38 pages
542 3059 73 44 for
647 3058 199 45 “Notes”
886 3059 75 54 (11
994 3065 46 38 at
1071 3057 109 54 end)

129 3116 53 54 ©
211 3119 119 42 Nov.
361 3120 63 48 11,
455 3115 129 54 1925;
609 3117 67 43 2c.
703 3117 87 43 and
816 3116 79 43 aff.
925 3116 118 42 Nov.
1075 3115 74 52 16;
1180 3116 44 41 A
1249 3113 189 52 872563;
1471 3115 49 42 P.
1553 3112 47 45 C.
1630 3114 174 52 Jessup,
1834 3113 116 44 New
1979 3111 142 44 York.

208 3172 269 58 (25-24258)

132 3262 299 70 Johnson,
471 3259 245 57 Hubert
751 3259 150 71 Rex,
941 3260 190 57 1858-

203 3355 61 56 A
316 3353 248 70 history
621 3353 68 56 of
741 3353 103 57 the
901 3350 412 58 Neshannock
1367 3346 454 74 Presbyterian
1877 3347 245 64 church,

128 3432 151 58 New
314 3430 412 71 Wilmington,
781 3427 486 73 Pennsylvania,
1306 3427 289 72 together
1629 3424 154 60 with
1821 3444 167 40 some
130 3444 1971 123 account
337 3510 74 57 of
426 3509 101 58 the

554 3507 353 57 settlement
930 3507 68 57 of
1019 3506 138 58 that
1180 3508 147 69 part
1351 3506 68 57 of
1437 3505 461 57 northwestern
132 3501 1967 157 Pennsylvania
454 3585 65 55 in
554 3583 198 58 which
789 3585 103 57 the
931 3584 227 56 church
1194 3602 127 37 was
1362 3581 354 72 organized,
1754 3582 83 70 by
1876 3580 248 57 Hubert

129 3657 1994 74 Rex Johnson … Washington, D. C., National capital
129 3760 199 53 press,
356 3740 136 70 inc.,
523 3740 165 56 1925.

198 3812 1667 57 463 p. incl. illus., tables, plans. front., plates, ports. 24 cm .
132 3870 53 54 ©
214 3873 117 43 Nov.
359 3872 68 51 23,
459 3871 129 51 1925;
618 3871 62 42 2c.
709 3871 86 42 and
825 3870 78 42 aff.
934 3870 118 42 Nov.
1081 3869 77 48 23;
1190 3870 44 41 A
1262 3868 189 49 875222;
1482 3868 217 43 Trustees
1730 3867 50 44 of
1809 3867 76 44 the
201 3865 1899 107 Neshannock

349 3927 320 52 Presbyterian
702 3926 180 52 church,
916 3926 118 43 New
1065 3925 315 52 Wilmington,
1418 3926 78 42 Pa.
1566 3923 269 56 (25-24301)
