2533 4412
1279 4087 110 55 138

414 515 27 42 2
467 530 41 28 v.
567 515 52 42 21
629 516 47 17 cm
682 549 9 9 .

416 569 282 46 Translated
727 572 127 43 from
882 572 76 44 the
987 570 205 46 German
1221 571 173 48 edition
1426 572 243 53 published
1700 574 341 53 anonymously
2072 572 45 44 in
2151 575 119 43 1918.

345 626 53 55 ©
425 630 99 51 Jan.
552 629 67 50 20,
653 628 103 45 1925;
813 630 65 43 2c.
909 631 107 42 each
1044 632 87 42 and
1160 632 78 42 aff.
1267 632 100 52 Jan.
1395 631 80 52 22;
1506 631 43 42 A
1579 629 190 54 815714;
1803 631 247 44 Frederick
2081 633 159 42 Pustet
2269 647 82 38 co.,

417 688 96 49 inc.,
546 686 118 44 New
693 687 142 43 York.
906 686 244 55 (25-4673)

342 770 325 74 Marshall,
707 771 169 57 Leon
917 772 261 71 Carroll,
1220 775 190 57 1879-

423 864 130 58 The
584 866 177 70 story
790 865 68 57 of
883 864 234 57 human
1141 883 303 54 progress;
1506 884 80 37 an
1612 863 429 60 introduction
2067 867 64 57 to
2163 864 192 61 social

343 942 1987 151 studies, by Leon C. Marshall … New York, The Macmillan company, 1925.
414 1099 94 53 xvi,
542 1098 80 44 548
657 1113 39 38 p.
757 1098 131 54 illus.,
923 1099 167 53 diagrs.
1151 1099 53 43 20½
1240 1101 47 17 cm
1294 1133 8 9 .

416 1156 304 53 “Interesting
749 1156 214 53 reading”
990 1166 46 34 at
1065 1156 84 43 end
1177 1156 52 44 of
1255 1156 109 43 each
1393 1156 200 51 chapter.

344 1212 53 54 ©
423 1213 107 45 Feb.
558 1215 67 50 24,
656 1214 129 52 1925;
810 1215 65 43 2c.
901 1215 87 43 and
1013 1216 78 42 aff.
1120 1212 106 45 Feb.
1252 1213 79 52 25;
1361 1214 43 42 A
1432 1212 189 54 823165;
1651 1213 266 44 Macmillan
1943 1228 65 29 co.

423 1270 244 56 (25-4979)

341 1355 256 74 Martin,
636 1356 133 57 Asa
807 1356 170 73 Earl,
1020 1358 191 56 1885-

420 1451 470 74 Pennsylvania
928 1451 250 73 history
1214 1452 131 57 told
1384 1452 84 71 by
1503 1450 555 74 contemporaries,
2096 1451 86 72 by
2218 1450 133 58 Asa

346 1527 2004 73 Earl Martin … and Hiram Herr Shenk … New York,
344 1611 130 57 The
505 1608 361 59 Macmillan
895 1627 324 53 company,
1250 1608 166 59 1925.

412 1686 954 54 xxi, 621 p. front. (facsim.) 20 ½ cm .
342 1743 53 54 ©
422 1744 107 44 Feb.
559 1742 63 53 17,
651 1742 103 45 1925;
810 1743 64 44 2c.
902 1743 86 43 and
1013 1743 79 42 aff.
1121 1740 105 45 Feb.
1257 1741 48 43 18;
1359 1741 43 42 A
1427 1739 165 47 822097;
1650 1740 267 44 Macmillan
1942 1755 67 30 co.

422 1798 244 57 (25-4695)

343 1887 433 72 Maupassant,
811 1886 142 73 Guy
983 1884 95 58 de.

422 1981 131 57 The
577 1980 298 58 collected
897 1978 216 59 novels
1142 1979 124 56 and
1294 1977 227 58 stories
1549 1977 67 57 of
1642 1976 140 74 Guy
1808 1978 74 57 de
1911 1977 437 75 Maupassant,

343 2057 1937 74 tr. and ed. by Ernest Boyd. [v. 13, Pierre and Jean …
343 2138 153 57 New
525 2138 191 71 York,
751 2136 231 57 Alfred
1014 2136 75 57 A.
1126 2135 241 74 Knopf,
1405 2137 165 72 1925]

409 2212 677 56 2 p. l., 195 p., 1 l. 19½ cm .
343 2267 2004 58 © Jan. 23, 1925; 1c. Feb. 20; 1c. Jan. 30; aff. Feb. 7; A 822125; Alfred A.
412 2328 172 53 Knopf,
615 2328 83 43 inc.

343 2412 316 59 Missouri.
742 2414 306 72 Supreme
1088 2417 192 53 court.

420 2504 1926 74 Reports of cases determined … between Oct. 6, 1923,
344 2586 125 57 and
507 2584 220 58 March
765 2585 53 72 4,
860 2585 165 56 1924.
1105 2583 206 72 Perry
1354 2581 61 60 S.
1458 2583 230 73 Rader,
1730 2586 307 69 reporter,
2117 2602 56 39 v.
2218 2585 127 73 301,

344 2665 126 55 302.
544 2662 342 73 Columbia,
917 2662 145 74 Mo.,
1092 2662 73 56 E.
1193 2662 97 58 W.
1325 2661 312 72 Stephens
1669 2682 106 53 co.,
1809 2663 164 56 1924.

409 2740 278 44 2 v . 23 cm .
341 2812 41 30 v.
412 2797 95 52 301,
535 2793 53 54 ©
618 2796 120 43 Nov.
773 2797 63 51 14,
871 2795 129 52 1924;
1030 2796 66 43 2c.
1126 2796 108 42 Dec.
1268 2794 74 53 15;
1373 2811 40 27 v.
1444 2794 93 53 302,
1568 2793 53 54 ©
1650 2796 99 52 Jan.
1778 2795 67 52 21,
1880 2795 129 52 1925;
2040 2796 65 43 2c.
2135 2797 100 52 Jan.
2266 2797 78 52 31;

413 2853 102 44 affs.
545 2852 106 45 Feb.
680 2854 49 51 2;
764 2853 43 42 A
836 2852 180 53 814863,
1045 2852 191 52 814864;
1270 2851 52 47 E.
1352 2853 75 44 W.
1461 2851 222 53 Stephens
1715 2853 100 53 pub.
1847 2867 65 29 co.

340 2940 455 70 Montgomery,
833 2940 153 55 Mrs.
1028 2936 249 58 Roselle
1314 2936 284 58 Mercier.

419 3019 263 72 Ulysses
720 3022 273 69 returns,
1031 3020 123 56 and
1188 3018 179 59 other
1404 3036 234 54 poems,
1674 3019 83 71 by
1792 3019 248 58 Roselle
2079 3017 268 61 Mercier

343 3098 456 73 Montgomery.
883 3097 153 57 New
1071 3096 192 72 York,
1300 3096 323 59 Brentano
1639 3100 47 53 ’s
1729 3126 11 44 [
1745 3104 16 20 c
1766 3098 164 72 1925]

414 3178 81 45 132
522 3193 42 36 p.
622 3176 55 46 20
682 3178 16 18 cm
737 3213 9 10 .

341 3232 53 54 ©
423 3232 107 44 Feb.
564 3230 63 53 17,
659 3230 129 53 1925;
817 3230 65 44 2c.
913 3229 107 44 Feb.
1053 3231 74 51 19;
1158 3229 79 44 aff.
1266 3228 107 45 Feb.
1403 3229 79 53 20;
1516 3230 43 42 A
1588 3228 190 54 822117;
1812 3230 279 54 Brentano’s,
2124 3233 83 43 inc.

420 3288 244 54 (25-4950)

338 3377 234 69 Moore,
613 3374 259 72 George,
915 3375 191 56 1852-
1264 3374 91 58 ed.

419 3454 103 56 An
553 3451 342 71 anthology
927 3449 69 58 of
1028 3469 155 53 pure
1216 3453 246 69 poetry,
1496 3449 209 61 edited
1736 3450 152 58 with
1918 3472 80 38 an
343 3452 1978 150 introduction,

524 3532 83 70 by
642 3528 241 72 George
920 3528 235 57 Moore.
1240 3529 152 56 New
1422 3528 190 73 York,
1646 3527 163 58 Boni
1841 3529 125 58 and
1998 3530 347 74 Liveright,

343 3610 165 57 1924.

410 3683 682 56 vi p, 1 l., 9-182 p. 23 cm .
413 3742 143 46 “This
589 3742 103 44 first
720 3739 175 46 edition
926 3740 54 45 of
1012 3755 84 31 one
1128 3739 234 46 thousand
1391 3739 256 46 numbered
1678 3740 90 46 and
1802 3741 160 54 signed
1994 3743 153 55 copies
2178 3745 36 44 is
342 3761 1982 94 specially
498 3798 183 56 printed
704 3797 91 45 and
818 3797 169 53 bound,
1010 3800 93 43 and
1125 3797 93 44 will
1243 3807 81 35 not
1348 3798 53 44 be
1426 3796 228 46 re-issued
1680 3798 45 43 in
1751 3798 91 46 this
1872 3800 188 45 format.
2115 3802 89 45 No.
2222 3803 124 46 510.”

414 3859 198 47 London
646 3855 176 45 edition
864 3853 129 56 (The
1027 3855 253 44 Nonesuch
1316 3856 157 53 press)
1515 3855 82 44 has
1633 3855 124 45 title:
1798 3857 126 45 Pure
1956 3866 176 48 poetry,
2167 3876 59 29 an
344 3877 1978 92 anthology.

341 3972 53 53 ©
426 3974 118 43 Nov.
574 3972 68 51 21,
675 3971 129 50 1924;
837 3970 64 42 2c.
933 3970 98 52 Jan.
1063 3970 67 51 29,
1166 3968 130 53 1925;
1331 3971 78 42 aff.
1441 3970 118 43 Nov.
1591 3970 64 51 28,
1693 3970 128 52 1924;
1856 3972 43 41 A
1932 3971 189 54 815793;
2158 3974 113 44 Boni
2305 3976 37 43 &

412 4029 250 47 Liveright,
692 4027 81 44 inc.
844 4024 242 52 (25-4682)
