2533 4412
1334 4049 151 63 1656

393 461 372 56 documenta
792 455 365 74 recognovit
1184 461 61 54 et
1272 455 428 61 additionibus
1729 457 240 72 passim
1993 457 407 73 locupletavit

393 531 1990 141 P. Aurelius Bruegge, O . F . M. Ed. 10. Neo-Eboraci, Cincinnati
661 617 148 67 [etc.]
838 612 309 72 Benziger
1174 613 313 71 brothers,
1517 614 166 57 1925.

460 702 62 51 xi,
553 704 77 44 641
659 717 40 37 p.
759 701 58 45 20½
850 705 47 18 cm
904 738 8 9 .

465 772 1088 53 “Toni missae et vesperarιlm ,, : p. 623-634.
394 841 52 55 ©
480 843 110 43 Dec.
629 842 64 53 18,
729 841 130 54 1925;
893 841 64 45 2c.
992 843 110 44 Dec.
1133 842 81 53 23;
1250 843 81 43 aff.
1364 844 110 43 Dec.
1506 843 79 53 28;
1622 843 44 44 A
1697 842 189 55 872983;
1926 842 222 56 Benziger
2182 844 221 46 brothers.

472 899 217 55 (26-169)

395 999 318 72 Wilmore,
750 1000 331 74 Augustus
1123 998 277 75 Cleland,
1441 1003 192 57 1849-

471 1089 272 75 History
769 1090 67 58 of
863 1091 103 57 the
993 1090 214 59 White
1235 1090 197 58 River
1457 1090 368 60 conference
1853 1091 68 59 of
1947 1092 104 59 the
2078 1092 231 58 church

2335 1093 68 58 of
392 1170 103 57 the
533 1168 241 60 United
805 1169 302 58 brethren
1142 1169 66 57 in
1249 1168 235 73 Christ,
1520 1170 364 73 containing
1920 1190 81 38 an
2038 1175 263 54 account
2335 1172 69 57 of

393 1249 105 57 the
525 1250 370 56 antecedent
921 1249 233 57 annual
1180 1248 422 70 conferences,
1626 1249 83 72 by
1734 1249 152 57 Rev.
1913 1247 330 75 Augustus
393 1248 1985 137 Cleland

567 1326 1835 74 Wilmore … Dayton, O., Pub. for the author by the
393 1405 238 61 United
655 1406 301 59 brethren
982 1405 368 74 publishing
1371 1405 216 75 house,
1613 1407 167 57 1925.

462 1500 60 53 ix,
550 1496 92 55 504,
671 1500 79 44 xvi
775 1514 40 38 p.
878 1498 153 53 front.,
1060 1498 158 55 plates,
1245 1506 154 47 ports.,
1427 1513 141 39 maps.
1627 1500 55 43 23½
1718 1501 46 18 cm
1772 1535 8 8 .

396 1568 53 55 ©
476 1572 110 41 Dec.
611 1571 70 51 21,
710 1569 130 53 1925;
866 1570 65 43 2c.
959 1571 110 42 Dec.
1095 1570 78 52 28;
1203 1569 79 44 aff.
1310 1571 111 42 Dec.
1446 1569 79 52 24;
1554 1569 44 43 A
1626 1569 189 52 875622;
1846 1570 56 43 A.
1933 1568 49 46 C.
2010 1569 239 52 Wilmore,
466 1570 1920 109 Winchester,
689 1628 99 44 Ind.
858 1626 216 55 (26-663)

397 1727 261 70 Wilson,
697 1725 319 75 Bingham
1052 1725 318 59 Thoburn.

475 1821 129 59 The
640 1819 126 60 tale
802 1822 69 56 of
902 1821 104 58 the
1042 1822 303 71 phantom
1377 1819 222 73 yacht;
1635 1842 37 37 a
1709 1822 178 70 story
1924 1820 67 57 of
2026 1820 103 59 the
2168 1840 123 50 sea,
2327 1822 81 70 by

395 1896 2013 76 Bingham Thoburn Wilson … Los Angeles, Calif., The
398 1977 310 58 Art-book
735 1975 366 76 publishing
1129 1994 306 62 company
1468 2006 12 44 [
1481 1984 20 21 c
1505 1977 165 72 1925]

531 2067 1154 53 xv p., 1 l., 19-61 p. incl. front. (port.) 20½cm.
470 2141 147 50 Pages
646 2137 132 47 19-61
805 2137 183 52 printed
1015 2154 59 29 on
1100 2154 85 31 one
1210 2138 95 46 side
1334 2140 52 43 of
1411 2139 95 44 leaf
1529 2140 120 50 only.

468 2197 54 44 In
548 2212 143 30 verse.

401 2262 52 54 ©
492 2265 108 42 Dec.
641 2265 33 51 1,
716 2262 130 52 1925;
885 2263 66 44 2c.
988 2263 87 43 and
1111 2263 79 43 aff.
1229 2264 110 42 Dec.
1374 2263 77 51 24;
1492 2263 45 42 A
1572 2260 190 54 875608;
1807 2263 50 44 B.
1894 2261 55 46 T.
1987 2263 196 53 Wilson,
2224 2262 187 54 Covina,

471 2320 135 46 Calif.
675 2318 217 57 (26-967)

400 2420 209 71 Wind,
647 2420 292 59 Gerhard
975 2418 219 70 Lewis,
1237 2420 191 57 1896-

399 2509 1989 145 Natalie, by G. L. Wind … with frontispiece by the author.
643 2591 390 73 Milwaukee,
1071 2591 481 58 Northwestern
1587 2588 364 77 publishing
1985 2591 194 60 house
2216 2590 197 74 print,

400 2672 167 56 1925.

468 2750 82 43 210
582 2762 41 39 p.
688 2747 141 45 front.
888 2748 55 44 20
951 2748 46 18 cm
1003 2783 8 8 .

400 2802 53 55 ©
481 2805 120 43 Nov.
629 2804 68 52 28,
730 2801 130 54 1925;
890 2804 65 42 2c.
983 2803 90 43 and
1100 2802 80 43 aff.
1210 2803 109 42 Dec.
1353 2803 46 51 1;
1431 2802 45 42 A
1504 2799 190 55 875296;
1726 2800 51 46 G.
1809 2804 29 43 L.
1889 2801 155 54 Wind,
2076 2801 65 48 St.
2175 2802 151 44 Louis.

477 2860 218 56 (26-958)

401 2960 373 70 Woodcock,
817 2958 286 61 William
1141 2957 139 70 Lee,
1324 2959 190 57 1843-

482 3052 183 59 Some
702 3050 355 72 addresses,
1093 3050 83 72 by
1205 3046 282 62 William
1521 3049 67 58 L.
1624 3047 370 74 Woodcock,
2124 3093 10 11 PH.
2213 3094 10 11 D.
402 3050 1985 153 Altoona,
636 3129 135 72 Pa.,

798 3129 150 57 1923
980 3158 13 44 [
993 3136 21 22 c
1017 3129 166 73 1925]

470 3208 82 44 243
580 3221 41 38 p.
662 3208 29 42 2
735 3245 8 8 l.
802 3207 158 51 plates,
987 3214 118 44 port.
1164 3206 52 44 21
1225 3208 48 19 cm
1278 3243 10 9 .

400 3258 1991 113 © Dec. 15, 1925; 1c. Dec. 28; 1c. and aff. Dec. 16; A 879021; W. L. Woodcock, Hollidaysburg, Pa. (26-963)
404 3417 320 74 Woywod,
767 3415 376 72 Stanislaus,
1185 3419 149 57 1880-

480 3508 61 58 A
572 3508 308 72 practical
914 3511 428 69 commentary
1375 3527 79 38 on
1486 3506 105 59 the
1629 3505 167 61 Code
1830 3506 69 59 of
1930 3525 198 40 canon
2162 3507 139 72 law,
2335 3507 82 73 by

404 3584 2009 74 Rev. Stanislaus Woywod … with a preface by Rt. Rev.
404 3663 1988 154 Msgr. Philip Bernardini … v. 1. New York, J. F. Wagner,
567 3743 116 58 inc.;
755 3746 150 72 [etc.,
939 3745 133 71 etc.,
1105 3750 18 23 c
1126 3744 166 74 1925]

473 3822 97 51 xiii,
601 3819 85 46 736
713 3834 40 39 p.
811 3821 54 44 23½
901 3824 47 17 cm
954 3856 10 10 .

475 3877 73 45 To
572 3879 56 43 be
655 3878 107 51 kept
790 3891 59 38 up
873 3886 46 36 to
946 3878 104 44 date
1079 3877 111 44 with
1218 3874 302 56 supplements.
1596 3874 58 53 cf.
1684 3874 265 46 Foreword.

407 3934 52 54 ©
490 3936 101 43 Oct.
619 3935 66 50 31,
719 3933 129 56 1925;
880 3935 64 44 2c.
973 3935 88 43 and
1086 3935 80 42 aff.
1198 3935 109 43 Dec.
1336 3934 78 52 30;
1444 3934 44 42 A
1520 3931 161 46 879071;
1743 3933 168 57 Joseph
1942 3931 50 46 F.
2023 3934 216 51 Wagner,
2273 3931 82 42 inc.

485 3989 216 47 (26-532)
