<alto xmlns="http://www.loc.gov/standards/alto/ns-v3#" xmlns:xlink="http://www.w3.org/1999/xlink" xmlns:xsi="http://www.w3.org/2001/XMLSchema-instance" xsi:schemaLocation="http://www.loc.gov/standards/alto/ns-v3# http://www.loc.gov/alto/v3/alto-3-0.xsd"><Description>
<MeasurementUnit>pixel</MeasurementUnit>
<sourceImageInformation>
<fileName>1925_v22_Part001.pdf</fileName>
</sourceImageInformation>
<OCRProcessing ID="IdOcr">
<ocrProcessingStep>
<processingDateTime>2019-04-03</processingDateTime>
<processingSoftware>
<softwareCreator>ABBYY</softwareCreator>
<softwareName>ABBYY Recognition Server</softwareName>
<softwareVersion>4.0</softwareVersion>
</processingSoftware>
</ocrProcessingStep>
</OCRProcessing>
</Description>
<Styles>
<ParagraphStyle ID="StyleId-FFFFFFFF-FFFF-FFFF-FFFF-FFFFFFFFFFFF-" ALIGN="Left" LEFT="0." RIGHT="0." FIRSTLINE="0."/>
<ParagraphStyle ID="StyleId-2E5B4E57-07AD-4719-97CB-14521F7F4F8A-" ALIGN="Left" LEFT="0." RIGHT="0." FIRSTLINE="0." LINESPACE="8.899999619"/>
<ParagraphStyle ID="StyleId-62A6F688-D6E3-4EFC-837B-4A4C4EB582B7-" ALIGN="Center" LEFT="0." RIGHT="0." FIRSTLINE="0." LINESPACE="12.19999981"/>
<ParagraphStyle ID="StyleId-21B71EBC-BDB5-4E16-A8F2-58189A39665B-" ALIGN="Block" LEFT="0." RIGHT="0." FIRSTLINE="-13." LINESPACE="11.35000038"/>
<ParagraphStyle ID="StyleId-1E1A68C4-DD4F-417A-A13D-7FEC29ECB499-" ALIGN="Block" LEFT="0." RIGHT="0." FIRSTLINE="-15." LINESPACE="13.30000019"/>
<ParagraphStyle ID="StyleId-6B39EC51-644D-4E90-AF07-84EF2B1E466A-" ALIGN="Block" LEFT="0." RIGHT="0." FIRSTLINE="-15." LINESPACE="8.340000153"/>
<ParagraphStyle ID="StyleId-2C1BA15F-E223-41D6-853D-AAFBDAC17E68-" ALIGN="Center" LEFT="0." RIGHT="0." FIRSTLINE="0." LINESPACE="13."/>
<ParagraphStyle ID="StyleId-A3B2CDF3-43F0-422C-90A0-E074BFEC3BC0-" ALIGN="Block" LEFT="0." RIGHT="0." FIRSTLINE="0." LINESPACE="8.899999619"/>
<ParagraphStyle ID="StyleId-28AB2493-EA15-49C1-A6AC-ED5BC404F0B9-" ALIGN="Center" LEFT="0." RIGHT="0." FIRSTLINE="0." LINESPACE="12.19999981"/>
<ParagraphStyle ID="StyleId-4417A6D4-97E2-4EFC-962D-7FBC0D5273E4-" ALIGN="Left" LEFT="0." RIGHT="0." FIRSTLINE="15." LINESPACE="8.340000153"/>
<ParagraphStyle ID="StyleId-D4EF9C5E-3110-4A39-B7BC-3D84E0F04894-" ALIGN="Center" LEFT="0." RIGHT="0." FIRSTLINE="0." LINESPACE="13.30000019"/>
<ParagraphStyle ID="StyleId-D1243F31-1201-4D92-8F69-43ADB01E9AD1-" ALIGN="Left" LEFT="0." RIGHT="0." FIRSTLINE="-13." LINESPACE="13.30000019"/>
<ParagraphStyle ID="StyleId-C65417C6-23F2-4D8F-BA55-ECE73D98CAB9-" ALIGN="Left" LEFT="0." RIGHT="0." FIRSTLINE="0." LINESPACE="8.899999619"/>
<ParagraphStyle ID="StyleId-835763C1-08DD-41BE-8BAD-8E41EA88DAE3-" ALIGN="Center" LEFT="0." RIGHT="0." FIRSTLINE="0." LINESPACE="11.10000038"/>
<ParagraphStyle ID="StyleId-78FD6B81-8F83-422D-8DF4-4274EAFD19C6-" ALIGN="Block" LEFT="0." RIGHT="0." FIRSTLINE="-17." LINESPACE="12.19999981"/>
<ParagraphStyle ID="StyleId-F506BC7F-570D-458B-9F05-A143E1F5FD17-" ALIGN="Block" LEFT="0." RIGHT="0." FIRSTLINE="-17." LINESPACE="11.35000038"/>
<ParagraphStyle ID="StyleId-CBE02C6B-22D0-48C6-A874-7E90A22F4375-" ALIGN="Center" LEFT="0." RIGHT="0." FIRSTLINE="0." LINESPACE="4.400000095"/>
<ParagraphStyle ID="StyleId-14CC0121-63AF-4AB4-9656-E02F46C61AF2-" ALIGN="Left" LEFT="0." RIGHT="0." FIRSTLINE="0." LINESPACE="8.899999619"/>
<ParagraphStyle ID="StyleId-DD64CECB-1B22-4BFF-84F0-DFDE2B0000F8-" ALIGN="Left" LEFT="0." RIGHT="0." FIRSTLINE="0." LINESPACE="12.19999981"/>
<ParagraphStyle ID="StyleId-8AEF4AA8-141A-4E5D-9C3E-C0F9F43C742F-" ALIGN="Left" LEFT="0." RIGHT="0." FIRSTLINE="0." LINESPACE="8.300000191"/>
<ParagraphStyle ID="StyleId-8C396D2A-39C0-48AB-BABA-2679D8AB257E-" ALIGN="Left" LEFT="0." RIGHT="0." FIRSTLINE="0." LINESPACE="11.10000038"/>
<ParagraphStyle ID="StyleId-3B7FE50F-10D4-487F-BDCD-FD26EB60FD4A-" ALIGN="Block" LEFT="0." RIGHT="0." FIRSTLINE="13." LINESPACE="8.340000153"/>
<ParagraphStyle ID="StyleId-8CC5CC8E-615B-4C42-BB46-DB28FA355C27-" ALIGN="Left" LEFT="0." RIGHT="0." FIRSTLINE="0." LINESPACE="12.19999981"/>
<ParagraphStyle ID="StyleId-BC67E79D-8D99-4188-8B35-A59DBB7E2BB0-" ALIGN="Block" LEFT="0." RIGHT="0." FIRSTLINE="11." LINESPACE="9.399999619"/>
</Styles>
<Layout>
<Page ID="Page698" PHYSICAL_IMG_NR="698" HEIGHT="4412" WIDTH="2533">
<TopMargin HEIGHT="432" WIDTH="2533" VPOS="0" HPOS="0">
</TopMargin>
<LeftMargin HEIGHT="3748" WIDTH="350" VPOS="432" HPOS="0">
</LeftMargin>
<RightMargin HEIGHT="3748" WIDTH="133" VPOS="432" HPOS="2400">
</RightMargin>
<BottomMargin HEIGHT="232" WIDTH="2533" VPOS="4180" HPOS="0">
</BottomMargin>
<PrintSpace HEIGHT="3748" WIDTH="2050" VPOS="432" HPOS="350">
<TextBlock ID="Page698_Block1" HEIGHT="3748" WIDTH="2050" VPOS="432" HPOS="350" LANG="en-US" CS="1" STYLEREFS="StyleId-FE900E6F-246F-46F7-B582-1C56C27725D6-">
<TextLine HEIGHT="0" WIDTH="0" VPOS="0" HPOS="0" STYLEREFS="StyleId-716B40AE-71BB-47D0-A7AA-01FC07B13F05-" CS="1">
<String CS="1" CONTENT="698"/>
</TextLine>
<TextLine HEIGHT="54" WIDTH="1915" VPOS="533" HPOS="456" CS="1">
<String CONTENT="&#8220;The" HEIGHT="45" WIDTH="126" VPOS="533" HPOS="456"/>
<SP HEIGHT="36" WIDTH="25" VPOS="542" HPOS="583"/>
<String CONTENT="text" HEIGHT="37" WIDTH="98" VPOS="542" HPOS="609"/>
<SP HEIGHT="37" WIDTH="27" VPOS="542" HPOS="708"/>
<String CONTENT="of" HEIGHT="45" WIDTH="52" VPOS="534" HPOS="736"/>
<SP HEIGHT="44" WIDTH="24" VPOS="534" HPOS="789"/>
<String CONTENT="the" HEIGHT="45" WIDTH="76" VPOS="534" HPOS="814"/>
<SP HEIGHT="38" WIDTH="26" VPOS="549" HPOS="891"/>
<String CONTENT="present" HEIGHT="45" WIDTH="179" VPOS="542" HPOS="918"/>
<SP HEIGHT="37" WIDTH="28" VPOS="542" HPOS="1098"/>
<String CONTENT="edition" HEIGHT="44" WIDTH="168" VPOS="535" HPOS="1127"/>
<SP HEIGHT="44" WIDTH="27" VPOS="535" HPOS="1296"/>
<String CONTENT="is" HEIGHT="44" WIDTH="37" VPOS="535" HPOS="1324"/>
<SP HEIGHT="43" WIDTH="27" VPOS="535" HPOS="1362"/>
<String CONTENT="based" HEIGHT="45" WIDTH="137" VPOS="534" HPOS="1390"/>
<SP HEIGHT="44" WIDTH="27" VPOS="534" HPOS="1528"/>
<String CONTENT="on" HEIGHT="29" WIDTH="58" VPOS="549" HPOS="1556"/>
<SP HEIGHT="37" WIDTH="30" VPOS="540" HPOS="1615"/>
<String CONTENT="that" HEIGHT="44" WIDTH="97" VPOS="534" HPOS="1646"/>
<SP HEIGHT="37" WIDTH="28" VPOS="542" HPOS="1744"/>
<String CONTENT="of" HEIGHT="45" WIDTH="51" VPOS="534" HPOS="1773"/>
<SP HEIGHT="44" WIDTH="27" VPOS="534" HPOS="1825"/>
<String CONTENT="the" HEIGHT="44" WIDTH="73" VPOS="534" HPOS="1853"/>
<SP HEIGHT="43" WIDTH="29" VPOS="535" HPOS="1927"/>
<String CONTENT="La" HEIGHT="43" WIDTH="65" VPOS="535" HPOS="1957"/>
<SP HEIGHT="42" WIDTH="29" VPOS="536" HPOS="2023"/>
<String CONTENT="Plume" HEIGHT="44" WIDTH="162" VPOS="534" HPOS="2053"/>
<SP HEIGHT="32" WIDTH="31" VPOS="549" HPOS="2216"/>
<String CS="1" CONTENT="[1898]" HEIGHT="44" WIDTH="82" VPOS="535" HPOS="2289"/>
</TextLine>
<TextLine HEIGHT="46" WIDTH="209" VPOS="589" HPOS="384">
<String CONTENT="edition.'&#8217;" HEIGHT="46" WIDTH="209" VPOS="589" HPOS="384"/>
</TextLine>
<TextLine HEIGHT="54" WIDTH="854" VPOS="647" HPOS="456" CS="1">
<String CONTENT="Bibliographical" HEIGHT="54" WIDTH="384" VPOS="647" HPOS="456"/>
<SP HEIGHT="44" WIDTH="23" VPOS="648" HPOS="841"/>
<String CS="1" CONTENT="note:" HEIGHT="37" WIDTH="107" VPOS="655" HPOS="865"/>
<SP HEIGHT="38" WIDTH="26" VPOS="662" HPOS="998"/>
<String CONTENT="p." HEIGHT="37" WIDTH="40" VPOS="663" HPOS="1025"/>
<SP HEIGHT="28" WIDTH="24" VPOS="663" HPOS="1066"/>
<String CONTENT="xv-xviii." HEIGHT="43" WIDTH="219" VPOS="648" HPOS="1091"/>
</TextLine>
<TextLine HEIGHT="55" WIDTH="1890" VPOS="702" HPOS="381">
<String CONTENT="&#169;" HEIGHT="54" WIDTH="54" VPOS="702" HPOS="381"/>
<SP HEIGHT="54" WIDTH="26" VPOS="702" HPOS="436"/>
<String CONTENT="Feb." HEIGHT="46" WIDTH="107" VPOS="702" HPOS="463"/>
<SP HEIGHT="43" WIDTH="26" VPOS="704" HPOS="571"/>
<String CONTENT="4," HEIGHT="52" WIDTH="38" VPOS="704" HPOS="598"/>
<SP HEIGHT="50" WIDTH="33" VPOS="706" HPOS="637"/>
<String CONTENT="1925;" HEIGHT="54" WIDTH="129" VPOS="703" HPOS="671"/>
<SP HEIGHT="52" WIDTH="28" VPOS="705" HPOS="801"/>
<String CONTENT="2c." HEIGHT="43" WIDTH="64" VPOS="705" HPOS="830"/>
<SP HEIGHT="43" WIDTH="27" VPOS="705" HPOS="895"/>
<String CONTENT="Mar." HEIGHT="42" WIDTH="119" VPOS="705" HPOS="923"/>
<SP HEIGHT="43" WIDTH="28" VPOS="704" HPOS="1043"/>
<String CONTENT="9;" HEIGHT="51" WIDTH="49" VPOS="704" HPOS="1072"/>
<SP HEIGHT="37" WIDTH="31" VPOS="718" HPOS="1122"/>
<String CONTENT="aff." HEIGHT="44" WIDTH="78" VPOS="703" HPOS="1154"/>
<SP HEIGHT="43" WIDTH="29" VPOS="704" HPOS="1233"/>
<String CONTENT="Mar." HEIGHT="43" WIDTH="119" VPOS="704" HPOS="1263"/>
<SP HEIGHT="44" WIDTH="28" VPOS="703" HPOS="1383"/>
<String CONTENT="6;" HEIGHT="53" WIDTH="49" VPOS="703" HPOS="1412"/>
<SP HEIGHT="52" WIDTH="31" VPOS="704" HPOS="1462"/>
<!-- cceid 328CAE67-6DD5-1014-B757-AF09C522E301 --><String CONTENT="A" HEIGHT="42" WIDTH="45" VPOS="704" HPOS="1494"/>
<SP HEIGHT="43" WIDTH="26" VPOS="704" HPOS="1540"/>
<String CONTENT="822304;" HEIGHT="53" WIDTH="189" VPOS="703" HPOS="1567"/>
<SP HEIGHT="51" WIDTH="30" VPOS="705" HPOS="1757"/>
<String LANG="fr" CONTENT="D." HEIGHT="43" WIDTH="57" VPOS="705" HPOS="1788"/>
<SP HEIGHT="46" WIDTH="29" VPOS="702" HPOS="1846"/>
<String CONTENT="C." HEIGHT="46" WIDTH="50" VPOS="702" HPOS="1876"/>
<SP HEIGHT="43" WIDTH="29" VPOS="704" HPOS="1927"/>
<String CONTENT="Heath" HEIGHT="44" WIDTH="155" VPOS="704" HPOS="1957"/>
<SP HEIGHT="46" WIDTH="26" VPOS="704" HPOS="2113"/>
<String CONTENT="&amp;" HEIGHT="45" WIDTH="37" VPOS="705" HPOS="2140"/>
<SP HEIGHT="45" WIDTH="25" VPOS="705" HPOS="2178"/>
<String CONTENT="co." HEIGHT="30" WIDTH="67" VPOS="719" HPOS="2204"/>
</TextLine>
<TextLine HEIGHT="56" WIDTH="244" VPOS="758" HPOS="459">
<String CONTENT="(25-7107)" HEIGHT="56" WIDTH="244" VPOS="758" HPOS="459"/>
</TextLine>
<TextLine HEIGHT="76" WIDTH="1228" VPOS="845" HPOS="381" STYLEREFS="StyleId-716B40AE-71BB-47D0-A7AA-01FC07B13F05-">
<String CONTENT="Beeson," HEIGHT="73" WIDTH="256" VPOS="848" HPOS="381"/>
<SP HEIGHT="73" WIDTH="43" VPOS="848" HPOS="638"/>
<String CONTENT="Rebecca" HEIGHT="59" WIDTH="279" VPOS="847" HPOS="682"/>
<SP HEIGHT="59" WIDTH="41" VPOS="846" HPOS="962"/>
<String CONTENT="Katharine," HEIGHT="75" WIDTH="369" VPOS="845" HPOS="1004"/>
<SP HEIGHT="70" WIDTH="45" VPOS="850" HPOS="1374"/>
<String CONTENT="1867-" HEIGHT="59" WIDTH="189" VPOS="848" HPOS="1420"/>
</TextLine>
<TextLine HEIGHT="73" WIDTH="1924" VPOS="941" HPOS="458" STYLEREFS="StyleId-716B40AE-71BB-47D0-A7AA-01FC07B13F05-" CS="1">
<String CONTENT="The" HEIGHT="57" WIDTH="130" VPOS="944" HPOS="458"/>
<SP HEIGHT="56" WIDTH="19" VPOS="945" HPOS="589"/>
<String CONTENT="health" HEIGHT="58" WIDTH="215" VPOS="942" HPOS="609"/>
<SP HEIGHT="71" WIDTH="21" VPOS="943" HPOS="825"/>
<String CONTENT="game," HEIGHT="52" WIDTH="198" VPOS="962" HPOS="847"/>
<SP HEIGHT="71" WIDTH="23" VPOS="943" HPOS="1046"/>
<String CONTENT="by" HEIGHT="71" WIDTH="83" VPOS="943" HPOS="1070"/>
<SP HEIGHT="71" WIDTH="22" VPOS="943" HPOS="1154"/>
<String CONTENT="R." HEIGHT="58" WIDTH="72" VPOS="943" HPOS="1177"/>
<SP HEIGHT="60" WIDTH="23" VPOS="941" HPOS="1250"/>
<String CONTENT="Katharine" HEIGHT="60" WIDTH="359" VPOS="941" HPOS="1274"/>
<SP HEIGHT="58" WIDTH="21" VPOS="943" HPOS="1634"/>
<String CONTENT="Beeson" HEIGHT="58" WIDTH="244" VPOS="943" HPOS="1656"/>
<SP HEIGHT="38" WIDTH="29" VPOS="963" HPOS="1901"/>
<String CS="1" CONTENT="&#8230;"/>
<SP HEIGHT="57" WIDTH="27" VPOS="944" HPOS="1993"/>
<String CONTENT="illustrated" HEIGHT="60" WIDTH="361" VPOS="944" HPOS="2021"/>
</TextLine>
<TextLine HEIGHT="75" WIDTH="2003" VPOS="1018" HPOS="378" STYLEREFS="StyleId-716B40AE-71BB-47D0-A7AA-01FC07B13F05-">
<String CONTENT="by" HEIGHT="72" WIDTH="84" VPOS="1021" HPOS="378"/>
<SP HEIGHT="74" WIDTH="35" VPOS="1019" HPOS="463"/>
<String CONTENT="Vera" HEIGHT="59" WIDTH="171" VPOS="1019" HPOS="499"/>
<SP HEIGHT="59" WIDTH="41" VPOS="1020" HPOS="671"/>
<String CONTENT="Stone" HEIGHT="59" WIDTH="193" VPOS="1020" HPOS="713"/>
<SP HEIGHT="58" WIDTH="39" VPOS="1020" HPOS="907"/>
<String CONTENT="Norman." HEIGHT="56" WIDTH="299" VPOS="1020" HPOS="947"/>
<SP HEIGHT="56" WIDTH="81" VPOS="1020" HPOS="1247"/>
<String CONTENT="Indianapolis," HEIGHT="74" WIDTH="454" VPOS="1018" HPOS="1329"/>
<SP HEIGHT="71" WIDTH="38" VPOS="1021" HPOS="1784"/>
<String CONTENT="New" HEIGHT="57" WIDTH="152" VPOS="1021" HPOS="1823"/>
<SP HEIGHT="57" WIDTH="38" VPOS="1021" HPOS="1976"/>
<String CONTENT="York," HEIGHT="72" WIDTH="192" VPOS="1021" HPOS="2015"/>
<SP HEIGHT="69" WIDTH="42" VPOS="1024" HPOS="2208"/>
<String CONTENT="The" HEIGHT="58" WIDTH="130" VPOS="1023" HPOS="2251"/>
</TextLine>
<TextLine HEIGHT="74" WIDTH="1055" VPOS="1097" HPOS="378" STYLEREFS="StyleId-716B40AE-71BB-47D0-A7AA-01FC07B13F05-">
<String CONTENT="Bobbs-Merrill" HEIGHT="60" WIDTH="487" VPOS="1097" HPOS="378"/>
<SP HEIGHT="55" WIDTH="26" VPOS="1101" HPOS="866"/>
<String CONTENT="company" HEIGHT="54" WIDTH="307" VPOS="1116" HPOS="893"/>
<SP HEIGHT="52" WIDTH="29" VPOS="1118" HPOS="1201"/>
<String CONTENT="[" HEIGHT="43" WIDTH="13" VPOS="1127" HPOS="1231"/>
<String STYLE="superscript" CONTENT="c" HEIGHT="21" WIDTH="20" VPOS="1105" HPOS="1244"/>
<String CONTENT="1925]" HEIGHT="74" WIDTH="165" VPOS="1097" HPOS="1268"/>
</TextLine>
<TextLine HEIGHT="55" WIDTH="1933" VPOS="1174" HPOS="449" CS="1">
<String CONTENT="7" HEIGHT="44" WIDTH="24" VPOS="1177" HPOS="449"/>
<SP HEIGHT="51" WIDTH="26" VPOS="1177" HPOS="474"/>
<String LANG="fr" CONTENT="p." HEIGHT="37" WIDTH="39" VPOS="1191" HPOS="501"/>
<SP HEIGHT="43" WIDTH="27" VPOS="1179" HPOS="541"/>
<String CS="1" CONTENT="l.,"/>
<SP HEIGHT="49" WIDTH="25" VPOS="1179" HPOS="610"/>
<String CONTENT="231" HEIGHT="43" WIDTH="78" VPOS="1179" HPOS="636"/>
<SP HEIGHT="49" WIDTH="27" VPOS="1179" HPOS="715"/>
<String CONTENT="p." HEIGHT="39" WIDTH="40" VPOS="1189" HPOS="743"/>
<SP HEIGHT="29" WIDTH="59" VPOS="1191" HPOS="784"/>
<String CONTENT="col." HEIGHT="46" WIDTH="84" VPOS="1174" HPOS="844"/>
<SP HEIGHT="43" WIDTH="29" VPOS="1177" HPOS="929"/>
<String CONTENT="front.," HEIGHT="50" WIDTH="154" VPOS="1177" HPOS="959"/>
<SP HEIGHT="34" WIDTH="25" VPOS="1193" HPOS="1114"/>
<String CONTENT="col." HEIGHT="45" WIDTH="85" VPOS="1175" HPOS="1140"/>
<SP HEIGHT="43" WIDTH="30" VPOS="1175" HPOS="1226"/>
<String CONTENT="illus." HEIGHT="49" WIDTH="117" VPOS="1175" HPOS="1257"/>
<SP HEIGHT="46" WIDTH="61" VPOS="1178" HPOS="1375"/>
<String CS="1" CONTENT="19" HEIGHT="44" WIDTH="26" VPOS="1178" HPOS="1460"/>
<String STYLE="superscript" CONTENT="cm" HEIGHT="18" WIDTH="46" VPOS="1178" HPOS="1493"/>
<String CONTENT="." HEIGHT="8" WIDTH="7" VPOS="1211" HPOS="1547"/>
<SP/>
<String CONTENT="(Lettered" HEIGHT="53" WIDTH="238" VPOS="1175" HPOS="1623"/>
<SP HEIGHT="45" WIDTH="27" VPOS="1177" HPOS="1862"/>
<String CONTENT="on" HEIGHT="30" WIDTH="57" VPOS="1191" HPOS="1890"/>
<SP HEIGHT="30" WIDTH="26" VPOS="1190" HPOS="1948"/>
<String CONTENT="cover:" HEIGHT="30" WIDTH="159" VPOS="1190" HPOS="1975"/>
<SP HEIGHT="44" WIDTH="31" VPOS="1177" HPOS="2135"/>
<String CONTENT="Hygiene" HEIGHT="53" WIDTH="215" VPOS="1176" HPOS="2167"/>
</TextLine>
<TextLine HEIGHT="49" WIDTH="457" VPOS="1233" HPOS="378">
<String CONTENT="and" HEIGHT="43" WIDTH="87" VPOS="1236" HPOS="378"/>
<SP HEIGHT="45" WIDTH="22" VPOS="1234" HPOS="466"/>
<String CONTENT="health" HEIGHT="45" WIDTH="154" VPOS="1234" HPOS="489"/>
<SP HEIGHT="43" WIDTH="25" VPOS="1234" HPOS="644"/>
<String CONTENT="series)" HEIGHT="49" WIDTH="165" VPOS="1233" HPOS="670"/>
</TextLine>
<TextLine HEIGHT="55" WIDTH="1807" VPOS="1285" HPOS="381">
<String CONTENT="&#169;" HEIGHT="54" WIDTH="53" VPOS="1286" HPOS="381"/>
<SP HEIGHT="54" WIDTH="28" VPOS="1286" HPOS="435"/>
<String CONTENT="Mar." HEIGHT="42" WIDTH="119" VPOS="1289" HPOS="464"/>
<SP HEIGHT="42" WIDTH="31" VPOS="1288" HPOS="584"/>
<String CONTENT="13," HEIGHT="51" WIDTH="63" VPOS="1287" HPOS="616"/>
<SP HEIGHT="50" WIDTH="29" VPOS="1288" HPOS="680"/>
<String CONTENT="1925;" HEIGHT="53" WIDTH="129" VPOS="1285" HPOS="710"/>
<SP HEIGHT="51" WIDTH="25" VPOS="1287" HPOS="840"/>
<String CONTENT="2c." HEIGHT="42" WIDTH="66" VPOS="1287" HPOS="866"/>
<SP HEIGHT="28" WIDTH="27" VPOS="1301" HPOS="933"/>
<String CONTENT="and" HEIGHT="43" WIDTH="87" VPOS="1287" HPOS="961"/>
<SP HEIGHT="43" WIDTH="24" VPOS="1287" HPOS="1049"/>
<String CONTENT="aff." HEIGHT="43" WIDTH="79" VPOS="1287" HPOS="1074"/>
<SP HEIGHT="43" WIDTH="28" VPOS="1287" HPOS="1154"/>
<String CONTENT="Mar." HEIGHT="43" WIDTH="120" VPOS="1287" HPOS="1183"/>
<SP HEIGHT="43" WIDTH="31" VPOS="1287" HPOS="1304"/>
<String CONTENT="19;" HEIGHT="53" WIDTH="74" VPOS="1286" HPOS="1336"/>
<SP HEIGHT="52" WIDTH="29" VPOS="1287" HPOS="1411"/>
<!-- cceid 328D1843-6DD5-1014-B757-AF09C522E301 --><String CONTENT="A" HEIGHT="42" WIDTH="45" VPOS="1287" HPOS="1441"/>
<SP HEIGHT="46" WIDTH="25" VPOS="1287" HPOS="1487"/>
<String CONTENT="823459;" HEIGHT="54" WIDTH="189" VPOS="1285" HPOS="1513"/>
<SP HEIGHT="52" WIDTH="31" VPOS="1287" HPOS="1703"/>
<String CONTENT="Bobbs-Merrill" HEIGHT="45" WIDTH="361" VPOS="1286" HPOS="1735"/>
<SP HEIGHT="45" WIDTH="25" VPOS="1287" HPOS="2097"/>
<String CONTENT="co." HEIGHT="28" WIDTH="65" VPOS="1304" HPOS="2123"/>
</TextLine>
<TextLine HEIGHT="55" WIDTH="271" VPOS="1343" HPOS="459">
<String CONTENT="(25-11302)" HEIGHT="55" WIDTH="271" VPOS="1343" HPOS="459"/>
</TextLine>
<TextLine HEIGHT="154" WIDTH="1979" VPOS="1429" HPOS="381" STYLEREFS="StyleId-716B40AE-71BB-47D0-A7AA-01FC07B13F05-" CS="1">
<String CONTENT="The" HEIGHT="58" WIDTH="130" VPOS="1432" HPOS="381"/>
<SP HEIGHT="59" WIDTH="40" VPOS="1431" HPOS="512"/>
<String CONTENT="Best" HEIGHT="57" WIDTH="150" VPOS="1431" HPOS="553"/>
<SP HEIGHT="57" WIDTH="37" VPOS="1431" HPOS="704"/>
<String CONTENT="love" HEIGHT="58" WIDTH="137" VPOS="1431" HPOS="742"/>
<SP HEIGHT="39" WIDTH="43" VPOS="1450" HPOS="880"/>
<String CONTENT="stories" HEIGHT="58" WIDTH="228" VPOS="1430" HPOS="924"/>
<SP HEIGHT="39" WIDTH="41" VPOS="1449" HPOS="1153"/>
<String CONTENT="of" HEIGHT="57" WIDTH="67" VPOS="1430" HPOS="1195"/>
<SP HEIGHT="56" WIDTH="40" VPOS="1430" HPOS="1263"/>
<String CONTENT="1924" HEIGHT="56" WIDTH="152" VPOS="1431" HPOS="1304"/>
<SP HEIGHT="56" WIDTH="43" VPOS="1431" HPOS="1457"/>
<String CS="1" CONTENT="&#8230;"/>
<SP HEIGHT="58" WIDTH="84" VPOS="1429" HPOS="1563"/>
<String CONTENT="Boston," HEIGHT="74" WIDTH="258" VPOS="1429" HPOS="1648"/>
<SP HEIGHT="73" WIDTH="44" VPOS="1430" HPOS="1907"/>
<String CONTENT="Small," HEIGHT="75" WIDTH="213" VPOS="1430" HPOS="1952"/>
<SP HEIGHT="73" WIDTH="42" VPOS="1432" HPOS="2166"/>
<String CONTENT="Maynard" HEIGHT="136" WIDTH="1905" VPOS="1432" HPOS="455"/>
<SP HEIGHT="58" WIDTH="29" VPOS="1510" HPOS="619"/>
<String CONTENT="&amp;" HEIGHT="57" WIDTH="48" VPOS="1510" HPOS="649"/>
<SP HEIGHT="57" WIDTH="29" VPOS="1510" HPOS="698"/>
<String CONTENT="company" HEIGHT="55" WIDTH="307" VPOS="1526" HPOS="728"/>
<SP HEIGHT="56" WIDTH="32" VPOS="1526" HPOS="1036"/>
<String CONTENT="[" HEIGHT="43" WIDTH="13" VPOS="1539" HPOS="1069"/>
<String STYLE="superscript" CONTENT="c" HEIGHT="22" WIDTH="21" VPOS="1516" HPOS="1082"/>
<String CONTENT="1925]" HEIGHT="74" WIDTH="164" VPOS="1509" HPOS="1107"/>
</TextLine>
<TextLine HEIGHT="53" WIDTH="486" VPOS="1587" HPOS="449" CS="1">
<String LANG="en-US" CONTENT="xiv," HEIGHT="51" WIDTH="91" VPOS="1588" HPOS="449"/>
<SP HEIGHT="51" WIDTH="29" VPOS="1588" HPOS="541"/>
<String LANG="en-US" CONTENT="328" HEIGHT="43" WIDTH="82" VPOS="1588" HPOS="571"/>
<SP HEIGHT="52" WIDTH="28" VPOS="1588" HPOS="654"/>
<String LANG="fr" CONTENT="p." HEIGHT="39" WIDTH="39" VPOS="1601" HPOS="683"/>
<SP HEIGHT="42" WIDTH="63" VPOS="1588" HPOS="723"/>
<String LANG="fr" CONTENT="19" HEIGHT="44" WIDTH="50" VPOS="1587" HPOS="787"/>
<String LANG="en-US" CS="1" CONTENT="&#189;"/>
<String STYLE="superscript" LANG="fr" CONTENT="cm" HEIGHT="18" WIDTH="47" VPOS="1589" HPOS="873"/>
<String LANG="fr" CONTENT="." HEIGHT="8" WIDTH="9" VPOS="1621" HPOS="926"/>
</TextLine>
<TextLine HEIGHT="54" WIDTH="819" VPOS="1642" HPOS="379">
<String CONTENT="Editor:" HEIGHT="48" WIDTH="187" VPOS="1643" HPOS="379"/>
<SP HEIGHT="43" WIDTH="38" VPOS="1645" HPOS="567"/>
<String CONTENT="Muriel" HEIGHT="43" WIDTH="171" VPOS="1644" HPOS="606"/>
<SP HEIGHT="43" WIDTH="32" VPOS="1644" HPOS="778"/>
<String CONTENT="M." HEIGHT="43" WIDTH="66" VPOS="1644" HPOS="811"/>
<SP HEIGHT="44" WIDTH="34" VPOS="1643" HPOS="878"/>
<String CONTENT="Humphrey." HEIGHT="54" WIDTH="285" VPOS="1642" HPOS="913"/>
</TextLine>
<TextLine HEIGHT="58" WIDTH="2005" VPOS="1696" HPOS="379" CS="1">
<String CONTENT="&#169;" HEIGHT="54" WIDTH="55" VPOS="1700" HPOS="379"/>
<SP HEIGHT="54" WIDTH="32" VPOS="1700" HPOS="435"/>
<String CONTENT="May" HEIGHT="52" WIDTH="111" VPOS="1702" HPOS="468"/>
<SP HEIGHT="53" WIDTH="29" VPOS="1701" HPOS="580"/>
<String CONTENT="23," HEIGHT="51" WIDTH="68" VPOS="1701" HPOS="610"/>
<SP HEIGHT="50" WIDTH="34" VPOS="1702" HPOS="679"/>
<String CS="1" CONTENT="1925;" HEIGHT="45" WIDTH="105" VPOS="1699" HPOS="714"/>
<SP HEIGHT="52" WIDTH="32" VPOS="1700" HPOS="845"/>
<String CONTENT="2c." HEIGHT="44" WIDTH="65" VPOS="1700" HPOS="878"/>
<SP HEIGHT="28" WIDTH="31" VPOS="1715" HPOS="944"/>
<String CONTENT="and" HEIGHT="43" WIDTH="88" VPOS="1701" HPOS="976"/>
<SP HEIGHT="43" WIDTH="30" VPOS="1701" HPOS="1065"/>
<String CONTENT="aff." HEIGHT="43" WIDTH="79" VPOS="1700" HPOS="1096"/>
<SP HEIGHT="52" WIDTH="32" VPOS="1700" HPOS="1176"/>
<String CONTENT="June" HEIGHT="52" WIDTH="116" VPOS="1700" HPOS="1209"/>
<SP HEIGHT="43" WIDTH="34" VPOS="1700" HPOS="1326"/>
<String CS="1" CONTENT="13;" HEIGHT="44" WIDTH="49" VPOS="1699" HPOS="1361"/>
<SP HEIGHT="52" WIDTH="34" VPOS="1699" HPOS="1437"/>
<!-- cceid 328D75D7-6DD5-1014-B757-AF09C522E301 --><String CONTENT="A" HEIGHT="43" WIDTH="44" VPOS="1699" HPOS="1472"/>
<SP HEIGHT="43" WIDTH="32" VPOS="1699" HPOS="1517"/>
<String CS="1" CONTENT="855533;" HEIGHT="47" WIDTH="165" VPOS="1696" HPOS="1550"/>
<SP HEIGHT="55" WIDTH="37" VPOS="1697" HPOS="1741"/>
<String CONTENT="Small," HEIGHT="55" WIDTH="157" VPOS="1697" HPOS="1779"/>
<SP HEIGHT="52" WIDTH="33" VPOS="1700" HPOS="1937"/>
<String CONTENT="Maynard" HEIGHT="53" WIDTH="227" VPOS="1700" HPOS="1971"/>
<SP HEIGHT="46" WIDTH="33" VPOS="1700" HPOS="2199"/>
<String CONTENT="&amp;" HEIGHT="45" WIDTH="38" VPOS="1701" HPOS="2233"/>
<SP HEIGHT="45" WIDTH="30" VPOS="1701" HPOS="2272"/>
<String CONTENT="co.," HEIGHT="38" WIDTH="81" VPOS="1716" HPOS="2303"/>
</TextLine>
<TextLine HEIGHT="58" WIDTH="425" VPOS="1754" HPOS="452">
<String CONTENT="inc." HEIGHT="42" WIDTH="81" VPOS="1760" HPOS="452"/>
<SP HEIGHT="53" WIDTH="69" VPOS="1759" HPOS="534"/>
<String CONTENT="(25-11154)" HEIGHT="58" WIDTH="273" VPOS="1754" HPOS="604"/>
</TextLine>
<TextLine HEIGHT="76" WIDTH="1190" VPOS="1826" HPOS="381" STYLEREFS="StyleId-716B40AE-71BB-47D0-A7AA-01FC07B13F05-">
<String CONTENT="Bishop," HEIGHT="74" WIDTH="256" VPOS="1828" HPOS="381"/>
<SP HEIGHT="72" WIDTH="45" VPOS="1829" HPOS="638"/>
<String CONTENT="Charles" HEIGHT="60" WIDTH="258" VPOS="1827" HPOS="684"/>
<SP HEIGHT="58" WIDTH="40" VPOS="1828" HPOS="943"/>
<String CONTENT="McTyeire," HEIGHT="74" WIDTH="350" VPOS="1826" HPOS="984"/>
<SP HEIGHT="70" WIDTH="43" VPOS="1830" HPOS="1335"/>
<String CONTENT="1862-" HEIGHT="58" WIDTH="192" VPOS="1828" HPOS="1379"/>
</TextLine>
<TextLine HEIGHT="76" WIDTH="1927" VPOS="1916" HPOS="461" STYLEREFS="StyleId-716B40AE-71BB-47D0-A7AA-01FC07B13F05-">
<String CONTENT="Characteristics" HEIGHT="62" WIDTH="527" VPOS="1917" HPOS="461"/>
<SP HEIGHT="39" WIDTH="38" VPOS="1937" HPOS="989"/>
<String CONTENT="of" HEIGHT="59" WIDTH="69" VPOS="1917" HPOS="1028"/>
<SP HEIGHT="58" WIDTH="35" VPOS="1917" HPOS="1098"/>
<String CONTENT="the" HEIGHT="60" WIDTH="104" VPOS="1917" HPOS="1134"/>
<SP HEIGHT="59" WIDTH="41" VPOS="1918" HPOS="1239"/>
<String CONTENT="Christian" HEIGHT="61" WIDTH="326" VPOS="1916" HPOS="1281"/>
<SP HEIGHT="56" WIDTH="34" VPOS="1918" HPOS="1608"/>
<String CONTENT="life," HEIGHT="74" WIDTH="133" VPOS="1916" HPOS="1643"/>
<SP HEIGHT="53" WIDTH="38" VPOS="1937" HPOS="1777"/>
<String CONTENT="a" HEIGHT="39" WIDTH="37" VPOS="1937" HPOS="1816"/>
<SP HEIGHT="39" WIDTH="39" VPOS="1937" HPOS="1854"/>
<String CONTENT="special" HEIGHT="75" WIDTH="234" VPOS="1917" HPOS="1894"/>
<SP HEIGHT="58" WIDTH="37" VPOS="1921" HPOS="2129"/>
<String CONTENT="course" HEIGHT="38" WIDTH="221" VPOS="1941" HPOS="2167"/>
</TextLine>
<TextLine HEIGHT="76" WIDTH="2006" VPOS="1995" HPOS="381" STYLEREFS="StyleId-716B40AE-71BB-47D0-A7AA-01FC07B13F05-">
<String CONTENT="for" HEIGHT="58" WIDTH="104" VPOS="1998" HPOS="381"/>
<SP HEIGHT="52" WIDTH="34" VPOS="2017" HPOS="486"/>
<String CONTENT="young" HEIGHT="55" WIDTH="213" VPOS="2015" HPOS="521"/>
<SP HEIGHT="55" WIDTH="33" VPOS="2015" HPOS="735"/>
<String CONTENT="people&#8217;s" HEIGHT="75" WIDTH="287" VPOS="1995" HPOS="769"/>
<SP HEIGHT="39" WIDTH="37" VPOS="2015" HPOS="1057"/>
<String CONTENT="and" HEIGHT="59" WIDTH="124" VPOS="1995" HPOS="1095"/>
<SP HEIGHT="61" WIDTH="36" VPOS="1995" HPOS="1220"/>
<String CONTENT="adult" HEIGHT="61" WIDTH="177" VPOS="1995" HPOS="1257"/>
<SP HEIGHT="56" WIDTH="38" VPOS="1997" HPOS="1435"/>
<String CONTENT="classes" HEIGHT="59" WIDTH="234" VPOS="1995" HPOS="1474"/>
<SP HEIGHT="59" WIDTH="35" VPOS="1995" HPOS="1709"/>
<String CONTENT="in" HEIGHT="58" WIDTH="66" VPOS="1995" HPOS="1745"/>
<SP HEIGHT="41" WIDTH="38" VPOS="2014" HPOS="1812"/>
<String CONTENT="church" HEIGHT="59" WIDTH="233" VPOS="1996" HPOS="1851"/>
<SP HEIGHT="59" WIDTH="39" VPOS="1997" HPOS="2085"/>
<String CONTENT="schools," HEIGHT="73" WIDTH="262" VPOS="1998" HPOS="2125"/>
</TextLine>
<TextLine HEIGHT="76" WIDTH="2002" VPOS="2071" HPOS="385" STYLEREFS="StyleId-716B40AE-71BB-47D0-A7AA-01FC07B13F05-">
<String CONTENT="and" HEIGHT="57" WIDTH="123" VPOS="2077" HPOS="385"/>
<SP HEIGHT="58" WIDTH="42" VPOS="2076" HPOS="509"/>
<String CONTENT="for" HEIGHT="58" WIDTH="103" VPOS="2076" HPOS="552"/>
<SP HEIGHT="55" WIDTH="42" VPOS="2079" HPOS="656"/>
<String CONTENT="the" HEIGHT="58" WIDTH="103" VPOS="2075" HPOS="699"/>
<SP HEIGHT="58" WIDTH="45" VPOS="2075" HPOS="803"/>
<String CONTENT="Epworth" HEIGHT="72" WIDTH="308" VPOS="2075" HPOS="849"/>
<SP HEIGHT="58" WIDTH="41" VPOS="2072" HPOS="1158"/>
<String CONTENT="league" HEIGHT="72" WIDTH="221" VPOS="2072" HPOS="1200"/>
<SP HEIGHT="39" WIDTH="42" VPOS="2092" HPOS="1422"/>
<String CONTENT="reading" HEIGHT="76" WIDTH="267" VPOS="2071" HPOS="1465"/>
<SP HEIGHT="54" WIDTH="42" VPOS="2093" HPOS="1733"/>
<String CONTENT="course," HEIGHT="54" WIDTH="240" VPOS="2092" HPOS="1776"/>
<SP HEIGHT="72" WIDTH="41" VPOS="2074" HPOS="2017"/>
<String CONTENT="by" HEIGHT="73" WIDTH="85" VPOS="2074" HPOS="2059"/>
<SP HEIGHT="72" WIDTH="44" VPOS="2075" HPOS="2145"/>
<String CONTENT="C." HEIGHT="59" WIDTH="65" VPOS="2075" HPOS="2190"/>
<SP HEIGHT="55" WIDTH="48" VPOS="2079" HPOS="2256"/>
<String CONTENT="M." HEIGHT="55" WIDTH="82" VPOS="2079" HPOS="2305"/>
</TextLine>
<TextLine HEIGHT="152" WIDTH="1985" VPOS="2150" HPOS="380" STYLEREFS="StyleId-716B40AE-71BB-47D0-A7AA-01FC07B13F05-" CS="1">
<String CONTENT="Bishop" HEIGHT="73" WIDTH="241" VPOS="2154" HPOS="381"/>
<SP HEIGHT="54" WIDTH="36" VPOS="2173" HPOS="623"/>
<String CS="1" CONTENT="&#8230;"/>
<SP HEIGHT="57" WIDTH="86" VPOS="2153" HPOS="723"/>
<String CONTENT="E." HEIGHT="57" WIDTH="72" VPOS="2153" HPOS="810"/>
<SP HEIGHT="56" WIDTH="32" VPOS="2153" HPOS="883"/>
<String CONTENT="B." HEIGHT="56" WIDTH="70" VPOS="2153" HPOS="916"/>
<SP HEIGHT="59" WIDTH="35" VPOS="2151" HPOS="987"/>
<String CONTENT="Chappell," HEIGHT="76" WIDTH="324" VPOS="2150" HPOS="1023"/>
<SP HEIGHT="56" WIDTH="31" VPOS="2170" HPOS="1348"/>
<String CS="1" CONTENT="D"/>
<String LANG="fr" CONTENT="." HEIGHT="11" WIDTH="11" VPOS="2198" HPOS="1423"/>
<SP HEIGHT="39" WIDTH="29" VPOS="2170" HPOS="1435"/>
<String LANG="fr" CS="1" CONTENT="D.," HEIGHT="25" WIDTH="33" VPOS="2198" HPOS="1507"/>
<SP HEIGHT="72" WIDTH="31" VPOS="2151" HPOS="1541"/>
<String LANG="fr" CONTENT="F." HEIGHT="57" WIDTH="70" VPOS="2151" HPOS="1573"/>
<SP HEIGHT="60" WIDTH="34" VPOS="2150" HPOS="1644"/>
<String CONTENT="S." HEIGHT="60" WIDTH="62" VPOS="2150" HPOS="1679"/>
<SP HEIGHT="58" WIDTH="34" VPOS="2151" HPOS="1742"/>
<String CONTENT="Parker," HEIGHT="73" WIDTH="261" VPOS="2151" HPOS="1777"/>
<SP HEIGHT="52" WIDTH="30" VPOS="2172" HPOS="2039"/>
<String CS="1" CONTENT="D." HEIGHT="12" WIDTH="11" VPOS="2199" HPOS="2111"/>
<SP HEIGHT="39" WIDTH="31" VPOS="2172" HPOS="2123"/>
<String CS="1" CONTENT="D.," HEIGHT="25" WIDTH="34" VPOS="2200" HPOS="2198"/>
<SP HEIGHT="51" WIDTH="30" VPOS="2174" HPOS="2233"/>
<String CONTENT="editors." HEIGHT="139" WIDTH="1985" VPOS="2152" HPOS="380"/>
<SP HEIGHT="57" WIDTH="81" VPOS="2231" HPOS="534"/>
<String CONTENT="Nashville," HEIGHT="73" WIDTH="345" VPOS="2228" HPOS="616"/>
<SP HEIGHT="70" WIDTH="28" VPOS="2231" HPOS="962"/>
<String CONTENT="Tenn.," HEIGHT="70" WIDTH="212" VPOS="2231" HPOS="991"/>
<SP HEIGHT="73" WIDTH="32" VPOS="2228" HPOS="1204"/>
<String CONTENT="Cokesbury" HEIGHT="73" WIDTH="366" VPOS="2228" HPOS="1237"/>
<SP HEIGHT="54" WIDTH="21" VPOS="2248" HPOS="1604"/>
<String CONTENT="press," HEIGHT="56" WIDTH="203" VPOS="2246" HPOS="1626"/>
<SP HEIGHT="71" WIDTH="30" VPOS="2230" HPOS="1830"/>
<String CONTENT="1925." HEIGHT="59" WIDTH="167" VPOS="2228" HPOS="1861"/>
</TextLine>
<TextLine HEIGHT="55" WIDTH="261" VPOS="2308" HPOS="452" CS="1">
<String LANG="en-US" CONTENT="153" HEIGHT="46" WIDTH="79" VPOS="2309" HPOS="452"/>
<SP HEIGHT="52" WIDTH="23" VPOS="2311" HPOS="532"/>
<String LANG="fr" CONTENT="p." HEIGHT="39" WIDTH="42" VPOS="2324" HPOS="556"/>
<SP HEIGHT="45" WIDTH="59" VPOS="2308" HPOS="599"/>
<String LANG="fr" CS="1" CONTENT="19cm." HEIGHT="46" WIDTH="54" VPOS="2308" HPOS="659"/>
</TextLine>
<TextLine HEIGHT="116" WIDTH="1982" VPOS="2361" HPOS="381" CS="1">
<String CONTENT="&#169;" HEIGHT="54" WIDTH="53" VPOS="2366" HPOS="381"/>
<SP HEIGHT="54" WIDTH="29" VPOS="2366" HPOS="435"/>
<String CONTENT="Jan." HEIGHT="52" WIDTH="99" VPOS="2368" HPOS="465"/>
<SP HEIGHT="43" WIDTH="28" VPOS="2367" HPOS="565"/>
<String CONTENT="29," HEIGHT="52" WIDTH="66" VPOS="2366" HPOS="594"/>
<SP HEIGHT="52" WIDTH="34" VPOS="2366" HPOS="661"/>
<String CONTENT="1925;" HEIGHT="53" WIDTH="130" VPOS="2363" HPOS="696"/>
<SP HEIGHT="50" WIDTH="31" VPOS="2366" HPOS="827"/>
<String CONTENT="2c." HEIGHT="41" WIDTH="63" VPOS="2366" HPOS="859"/>
<SP HEIGHT="28" WIDTH="31" VPOS="2379" HPOS="923"/>
<String CONTENT="and" HEIGHT="44" WIDTH="87" VPOS="2364" HPOS="955"/>
<SP HEIGHT="44" WIDTH="30" VPOS="2364" HPOS="1043"/>
<String CONTENT="aff." HEIGHT="44" WIDTH="79" VPOS="2363" HPOS="1074"/>
<SP HEIGHT="43" WIDTH="31" VPOS="2364" HPOS="1154"/>
<String CONTENT="May" HEIGHT="52" WIDTH="112" VPOS="2364" HPOS="1186"/>
<SP HEIGHT="52" WIDTH="32" VPOS="2364" HPOS="1299"/>
<String CONTENT="15;" HEIGHT="55" WIDTH="74" VPOS="2361" HPOS="1332"/>
<SP HEIGHT="53" WIDTH="33" VPOS="2363" HPOS="1407"/>
<!-- cceid 328DD575-6DD5-1014-B757-AF09C522E301 --><String CONTENT="A" HEIGHT="43" WIDTH="44" VPOS="2363" HPOS="1441"/>
<SP HEIGHT="44" WIDTH="30" VPOS="2363" HPOS="1486"/>
<String CONTENT="855171;" HEIGHT="54" WIDTH="190" VPOS="2361" HPOS="1517"/>
<SP HEIGHT="51" WIDTH="35" VPOS="2364" HPOS="1708"/>
<String CONTENT="Lamar" HEIGHT="43" WIDTH="169" VPOS="2364" HPOS="1744"/>
<SP HEIGHT="44" WIDTH="29" VPOS="2364" HPOS="1914"/>
<String CONTENT="&amp;" HEIGHT="44" WIDTH="38" VPOS="2364" HPOS="1944"/>
<SP HEIGHT="44" WIDTH="29" VPOS="2364" HPOS="1983"/>
<String CONTENT="Barton," HEIGHT="52" WIDTH="187" VPOS="2365" HPOS="2013"/>
<SP HEIGHT="52" WIDTH="31" VPOS="2365" HPOS="2201"/>
<String CONTENT="Nashville." HEIGHT="103" WIDTH="1913" VPOS="2365" HPOS="450"/>
<SP HEIGHT="53" WIDTH="69" VPOS="2424" HPOS="570"/>
<String CONTENT="(25-11857)" HEIGHT="58" WIDTH="272" VPOS="2419" HPOS="640"/>
</TextLine>
<TextLine HEIGHT="78" WIDTH="700" VPOS="2493" HPOS="383" STYLEREFS="StyleId-716B40AE-71BB-47D0-A7AA-01FC07B13F05-">
<String CONTENT="[Blake," HEIGHT="75" WIDTH="231" VPOS="2496" HPOS="383"/>
<SP HEIGHT="73" WIDTH="32" VPOS="2495" HPOS="615"/>
<String CONTENT="Gloria" HEIGHT="60" WIDTH="219" VPOS="2493" HPOS="648"/>
<SP HEIGHT="58" WIDTH="31" VPOS="2493" HPOS="868"/>
<String CONTENT="Dare]" HEIGHT="74" WIDTH="183" VPOS="2493" HPOS="900"/>
</TextLine>
<TextLine HEIGHT="80" WIDTH="1922" VPOS="2583" HPOS="461" STYLEREFS="StyleId-716B40AE-71BB-47D0-A7AA-01FC07B13F05-">
<String CONTENT="Out" HEIGHT="59" WIDTH="125" VPOS="2589" HPOS="461"/>
<SP HEIGHT="54" WIDTH="23" VPOS="2592" HPOS="587"/>
<String CONTENT="of" HEIGHT="58" WIDTH="67" VPOS="2587" HPOS="611"/>
<SP HEIGHT="58" WIDTH="23" VPOS="2587" HPOS="679"/>
<String CONTENT="the" HEIGHT="57" WIDTH="104" VPOS="2588" HPOS="703"/>
<SP HEIGHT="39" WIDTH="23" VPOS="2606" HPOS="808"/>
<String CONTENT="mist" HEIGHT="57" WIDTH="152" VPOS="2586" HPOS="832"/>
<SP HEIGHT="72" WIDTH="25" VPOS="2588" HPOS="985"/>
<String CONTENT="[by]" HEIGHT="74" WIDTH="111" VPOS="2586" HPOS="1011"/>
<SP HEIGHT="76" WIDTH="30" VPOS="2583" HPOS="1123"/>
<String CONTENT="Gloria" HEIGHT="60" WIDTH="218" VPOS="2583" HPOS="1154"/>
<SP HEIGHT="59" WIDTH="15" VPOS="2583" HPOS="1373"/>
<String CONTENT="Dare." HEIGHT="59" WIDTH="187" VPOS="2583" HPOS="1389"/>
<SP HEIGHT="60" WIDTH="70" VPOS="2583" HPOS="1577"/>
<String CONTENT="San" HEIGHT="60" WIDTH="128" VPOS="2583" HPOS="1648"/>
<SP HEIGHT="57" WIDTH="19" VPOS="2585" HPOS="1777"/>
<String CONTENT="Francisco," HEIGHT="75" WIDTH="356" VPOS="2585" HPOS="1797"/>
<SP HEIGHT="74" WIDTH="22" VPOS="2586" HPOS="2154"/>
<String CONTENT="Calif.," HEIGHT="77" WIDTH="206" VPOS="2586" HPOS="2177"/>
</TextLine>
<TextLine HEIGHT="73" WIDTH="800" VPOS="2665" HPOS="384" STYLEREFS="StyleId-716B40AE-71BB-47D0-A7AA-01FC07B13F05-">
<String CONTENT="California" HEIGHT="60" WIDTH="355" VPOS="2666" HPOS="384"/>
<SP HEIGHT="53" WIDTH="24" VPOS="2684" HPOS="740"/>
<String CONTENT="press" HEIGHT="53" WIDTH="183" VPOS="2684" HPOS="765"/>
<SP HEIGHT="54" WIDTH="33" VPOS="2684" HPOS="949"/>
<String CONTENT="[" HEIGHT="43" WIDTH="13" VPOS="2695" HPOS="983"/>
<String STYLE="superscript" CONTENT="c" HEIGHT="22" WIDTH="19" VPOS="2672" HPOS="996"/>
<String CONTENT="1925]" HEIGHT="73" WIDTH="164" VPOS="2665" HPOS="1020"/>
</TextLine>
<TextLine HEIGHT="58" WIDTH="1048" VPOS="2739" HPOS="450" CS="1">
<String CONTENT="2" HEIGHT="41" WIDTH="27" VPOS="2746" HPOS="450"/>
<SP HEIGHT="51" WIDTH="29" VPOS="2746" HPOS="478"/>
<String LANG="fr" CONTENT="p." HEIGHT="37" WIDTH="39" VPOS="2760" HPOS="508"/>
<SP HEIGHT="43" WIDTH="32" VPOS="2746" HPOS="548"/>
<String CS="1" CONTENT="l.,"/>
<SP HEIGHT="51" WIDTH="36" VPOS="2745" HPOS="624"/>
<String CONTENT="146," HEIGHT="52" WIDTH="90" VPOS="2743" HPOS="661"/>
<SP HEIGHT="29" WIDTH="36" VPOS="2767" HPOS="752"/>
<String CONTENT="[2]" HEIGHT="52" WIDTH="51" VPOS="2744" HPOS="789"/>
<SP HEIGHT="40" WIDTH="34" VPOS="2756" HPOS="841"/>
<String CONTENT="p." HEIGHT="38" WIDTH="39" VPOS="2756" HPOS="876"/>
<SP HEIGHT="44" WIDTH="60" VPOS="2741" HPOS="916"/>
<String CS="1" CONTENT="front." HEIGHT="44" WIDTH="125" VPOS="2741" HPOS="977"/>
<SP HEIGHT="53" WIDTH="27" VPOS="2741" HPOS="1114"/>
<String CONTENT="(port.)" HEIGHT="55" WIDTH="167" VPOS="2740" HPOS="1142"/>
<SP HEIGHT="55" WIDTH="63" VPOS="2740" HPOS="1310"/>
<String CONTENT="20" HEIGHT="45" WIDTH="58" VPOS="2739" HPOS="1374"/>
<String STYLE="superscript" CONTENT="cm" HEIGHT="18" WIDTH="48" VPOS="2743" HPOS="1436"/>
<String CONTENT="." HEIGHT="8" WIDTH="9" VPOS="2775" HPOS="1489"/>
</TextLine>
<TextLine HEIGHT="45" WIDTH="390" VPOS="2799" HPOS="452">
<String CONTENT="&#8220;First" HEIGHT="43" WIDTH="150" VPOS="2801" HPOS="452"/>
<SP HEIGHT="36" WIDTH="30" VPOS="2808" HPOS="603"/>
<String CONTENT="edition.&#8221;" HEIGHT="45" WIDTH="208" VPOS="2799" HPOS="634"/>
</TextLine>
<TextLine HEIGHT="117" WIDTH="1980" VPOS="2851" HPOS="381" CS="1">
<String CONTENT="&#169;" HEIGHT="54" WIDTH="53" VPOS="2856" HPOS="381"/>
<SP HEIGHT="54" WIDTH="31" VPOS="2856" HPOS="435"/>
<String CONTENT="June" HEIGHT="52" WIDTH="115" VPOS="2858" HPOS="467"/>
<SP HEIGHT="43" WIDTH="28" VPOS="2858" HPOS="583"/>
<String CONTENT="2," HEIGHT="50" WIDTH="37" VPOS="2858" HPOS="612"/>
<SP HEIGHT="50" WIDTH="35" VPOS="2858" HPOS="650"/>
<String CONTENT="1925;" HEIGHT="54" WIDTH="129" VPOS="2854" HPOS="686"/>
<SP HEIGHT="52" WIDTH="33" VPOS="2856" HPOS="816"/>
<String CONTENT="2c." HEIGHT="42" WIDTH="64" VPOS="2856" HPOS="850"/>
<SP HEIGHT="28" WIDTH="31" VPOS="2870" HPOS="915"/>
<String CONTENT="and" HEIGHT="43" WIDTH="88" VPOS="2855" HPOS="947"/>
<SP HEIGHT="43" WIDTH="29" VPOS="2855" HPOS="1036"/>
<String CONTENT="aff." HEIGHT="43" WIDTH="79" VPOS="2854" HPOS="1066"/>
<SP HEIGHT="52" WIDTH="30" VPOS="2855" HPOS="1146"/>
<String CONTENT="June" HEIGHT="52" WIDTH="118" VPOS="2855" HPOS="1177"/>
<SP HEIGHT="43" WIDTH="32" VPOS="2854" HPOS="1296"/>
<String CONTENT="17;" HEIGHT="54" WIDTH="74" VPOS="2852" HPOS="1329"/>
<SP HEIGHT="53" WIDTH="34" VPOS="2853" HPOS="1404"/>
<!-- cceid 328E351B-6DD5-1014-B757-AF09C522E301 --><String CONTENT="A" HEIGHT="43" WIDTH="44" VPOS="2853" HPOS="1439"/>
<SP HEIGHT="47" WIDTH="30" VPOS="2853" HPOS="1484"/>
<String CONTENT="829739;" HEIGHT="55" WIDTH="191" VPOS="2851" HPOS="1515"/>
<SP HEIGHT="53" WIDTH="34" VPOS="2853" HPOS="1707"/>
<String LANG="fr" CONTENT="G." HEIGHT="46" WIDTH="53" VPOS="2853" HPOS="1742"/>
<SP HEIGHT="43" WIDTH="32" VPOS="2855" HPOS="1796"/>
<String CONTENT="D." HEIGHT="43" WIDTH="57" VPOS="2855" HPOS="1829"/>
<SP HEIGHT="43" WIDTH="34" VPOS="2855" HPOS="1887"/>
<String CONTENT="Blake," HEIGHT="53" WIDTH="154" VPOS="2855" HPOS="1922"/>
<SP HEIGHT="54" WIDTH="36" VPOS="2854" HPOS="2077"/>
<String CONTENT="San" HEIGHT="48" WIDTH="93" VPOS="2854" HPOS="2114"/>
<SP HEIGHT="44" WIDTH="30" VPOS="2856" HPOS="2208"/>
<String CONTENT="Francisco." HEIGHT="102" WIDTH="1909" VPOS="2856" HPOS="452"/>
<SP HEIGHT="53" WIDTH="69" VPOS="2915" HPOS="584"/>
<String CONTENT="(25-10814)" HEIGHT="57" WIDTH="272" VPOS="2911" HPOS="654"/>
</TextLine>
<TextLine HEIGHT="73" WIDTH="499" VPOS="2984" HPOS="382" STYLEREFS="StyleId-716B40AE-71BB-47D0-A7AA-01FC07B13F05-">
<String CONTENT="Buchan," HEIGHT="71" WIDTH="276" VPOS="2986" HPOS="382"/>
<SP HEIGHT="73" WIDTH="35" VPOS="2984" HPOS="659"/>
<String CONTENT="John." HEIGHT="59" WIDTH="186" VPOS="2984" HPOS="695"/>
</TextLine>
<TextLine HEIGHT="75" WIDTH="1703" VPOS="3072" HPOS="460" STYLEREFS="StyleId-716B40AE-71BB-47D0-A7AA-01FC07B13F05-" CS="1">
<String CONTENT="John" HEIGHT="58" WIDTH="170" VPOS="3079" HPOS="460"/>
<SP HEIGHT="57" WIDTH="24" VPOS="3077" HPOS="631"/>
<String CS="1" CONTENT="Macnab:" HEIGHT="58" WIDTH="267" VPOS="3076" HPOS="656"/>
<SP HEIGHT="37" WIDTH="29" VPOS="3096" HPOS="953"/>
<String CONTENT="a" HEIGHT="37" WIDTH="35" VPOS="3096" HPOS="983"/>
<SP HEIGHT="38" WIDTH="27" VPOS="3095" HPOS="1019"/>
<String CONTENT="comedy" HEIGHT="70" WIDTH="256" VPOS="3076" HPOS="1047"/>
<SP HEIGHT="74" WIDTH="24" VPOS="3072" HPOS="1304"/>
<String CONTENT="for" HEIGHT="59" WIDTH="104" VPOS="3072" HPOS="1329"/>
<SP HEIGHT="54" WIDTH="24" VPOS="3092" HPOS="1434"/>
<String CONTENT="poachers," HEIGHT="72" WIDTH="325" VPOS="3074" HPOS="1459"/>
<SP HEIGHT="38" WIDTH="83" VPOS="3095" HPOS="1785"/>
<String CONTENT="chap." HEIGHT="72" WIDTH="175" VPOS="3075" HPOS="1869"/>
<SP HEIGHT="54" WIDTH="29" VPOS="3079" HPOS="2045"/>
<String CONTENT="15." HEIGHT="56" WIDTH="88" VPOS="3078" HPOS="2075"/>
</TextLine>
<TextLine HEIGHT="55" WIDTH="1027" VPOS="3151" HPOS="478" STYLEREFS="StyleId-0B5F19DA-242A-449B-A7B5-752D8D1F7274-" CS="1">
<String CS="1" CONTENT="(In" HEIGHT="38" WIDTH="59" VPOS="3160" HPOS="478"/>
<SP HEIGHT="44" WIDTH="31" VPOS="3156" HPOS="538"/>
<String CONTENT="Chambers's" HEIGHT="44" WIDTH="293" VPOS="3156" HPOS="570"/>
<SP HEIGHT="51" WIDTH="30" VPOS="3155" HPOS="864"/>
<String CONTENT="journal," HEIGHT="52" WIDTH="202" VPOS="3154" HPOS="895"/>
<SP HEIGHT="51" WIDTH="31" VPOS="3155" HPOS="1098"/>
<String CONTENT="July" HEIGHT="52" WIDTH="115" VPOS="3154" HPOS="1130"/>
<SP HEIGHT="49" WIDTH="33" VPOS="3157" HPOS="1246"/>
<String CONTENT="11," HEIGHT="48" WIDTH="64" VPOS="3157" HPOS="1280"/>
<SP HEIGHT="48" WIDTH="31" VPOS="3157" HPOS="1345"/>
<String CONTENT="1925)" HEIGHT="54" WIDTH="128" VPOS="3151" HPOS="1377"/>
</TextLine>
<TextLine HEIGHT="105" WIDTH="1979" VPOS="3208" HPOS="383" CS="1">
<String CONTENT="&#169;" HEIGHT="54" WIDTH="53" VPOS="3212" HPOS="383"/>
<SP/>
<String CS="1" CONTENT="1c."/>
<SP/>
<String CONTENT="July" HEIGHT="52" WIDTH="107" VPOS="3213" HPOS="552"/>
<SP HEIGHT="53" WIDTH="22" VPOS="3212" HPOS="660"/>
<String CONTENT="24," HEIGHT="50" WIDTH="66" VPOS="3212" HPOS="683"/>
<SP/>
<String CONTENT="1925;" HEIGHT="54" WIDTH="129" VPOS="3209" HPOS="780"/>
<SP HEIGHT="52" WIDTH="26" VPOS="3211" HPOS="910"/>
<!-- cceid 328EA16C-6DD5-1014-B757-AF09C522E301 --><String CONTENT="A" HEIGHT="42" WIDTH="45" VPOS="3211" HPOS="937"/>
<SP HEIGHT="42" WIDTH="25" VPOS="3211" HPOS="983"/>
<String CONTENT="ad" HEIGHT="43" WIDTH="56" VPOS="3210" HPOS="1009"/>
<SP HEIGHT="43" WIDTH="26" VPOS="3210" HPOS="1066"/>
<String CONTENT="int." HEIGHT="43" WIDTH="76" VPOS="3210" HPOS="1093"/>
<SP HEIGHT="44" WIDTH="28" VPOS="3209" HPOS="1170"/>
<String CONTENT="7140;" HEIGHT="52" WIDTH="132" VPOS="3209" HPOS="1199"/>
<SP HEIGHT="38" WIDTH="28" VPOS="3223" HPOS="1332"/>
<String CONTENT="pubd." HEIGHT="51" WIDTH="129" VPOS="3209" HPOS="1361"/>
<SP HEIGHT="52" WIDTH="27" VPOS="3209" HPOS="1491"/>
<String CONTENT="July" HEIGHT="53" WIDTH="107" VPOS="3208" HPOS="1519"/>
<SP HEIGHT="52" WIDTH="24" VPOS="3209" HPOS="1627"/>
<String CONTENT="9;" HEIGHT="53" WIDTH="50" VPOS="3209" HPOS="1652"/>
<SP HEIGHT="53" WIDTH="29" VPOS="3209" HPOS="1703"/>
<String CONTENT="J." HEIGHT="53" WIDTH="38" VPOS="3209" HPOS="1733"/>
<SP HEIGHT="43" WIDTH="30" VPOS="3210" HPOS="1772"/>
<String CONTENT="Buchan," HEIGHT="54" WIDTH="199" VPOS="3209" HPOS="1803"/>
<SP HEIGHT="52" WIDTH="27" VPOS="3211" HPOS="2003"/>
<String CONTENT="Oxford," HEIGHT="53" WIDTH="199" VPOS="3211" HPOS="2031"/>
<SP HEIGHT="53" WIDTH="26" VPOS="3211" HPOS="2231"/>
<String CONTENT="England." HEIGHT="102" WIDTH="1909" VPOS="3211" HPOS="453"/>
</TextLine>
<TextLine HEIGHT="75" WIDTH="951" VPOS="3337" HPOS="383" STYLEREFS="StyleId-716B40AE-71BB-47D0-A7AA-01FC07B13F05-">
<String CONTENT="Buck," HEIGHT="72" WIDTH="193" VPOS="3340" HPOS="383"/>
<SP HEIGHT="72" WIDTH="38" VPOS="3340" HPOS="577"/>
<String CONTENT="Ralph" HEIGHT="73" WIDTH="210" VPOS="3339" HPOS="616"/>
<SP HEIGHT="58" WIDTH="37" VPOS="3338" HPOS="827"/>
<String CONTENT="Ogden," HEIGHT="74" WIDTH="234" VPOS="3337" HPOS="865"/>
<SP HEIGHT="70" WIDTH="41" VPOS="3339" HPOS="1100"/>
<String CONTENT="1889-" HEIGHT="58" WIDTH="192" VPOS="3338" HPOS="1142"/>
</TextLine>
<TextLine HEIGHT="78" WIDTH="1925" VPOS="3425" HPOS="457" STYLEREFS="StyleId-716B40AE-71BB-47D0-A7AA-01FC07B13F05-">
<String CONTENT="A" HEIGHT="57" WIDTH="60" VPOS="3431" HPOS="457"/>
<SP HEIGHT="57" WIDTH="24" VPOS="3431" HPOS="518"/>
<String CONTENT="laboratory" HEIGHT="68" WIDTH="369" VPOS="3431" HPOS="543"/>
<SP HEIGHT="52" WIDTH="23" VPOS="3447" HPOS="913"/>
<String CONTENT="manual" HEIGHT="56" WIDTH="250" VPOS="3428" HPOS="937"/>
<SP HEIGHT="56" WIDTH="32" VPOS="3428" HPOS="1188"/>
<String CONTENT="of" HEIGHT="57" WIDTH="68" VPOS="3427" HPOS="1221"/>
<SP HEIGHT="57" WIDTH="28" VPOS="3427" HPOS="1290"/>
<String CONTENT="electrical" HEIGHT="59" WIDTH="313" VPOS="3425" HPOS="1319"/>
<SP HEIGHT="58" WIDTH="28" VPOS="3427" HPOS="1633"/>
<String CONTENT="science" HEIGHT="59" WIDTH="236" VPOS="3426" HPOS="1662"/>
<SP HEIGHT="52" WIDTH="31" VPOS="3448" HPOS="1899"/>
<String CONTENT="[by]" HEIGHT="72" WIDTH="112" VPOS="3429" HPOS="1931"/>
<SP HEIGHT="71" WIDTH="30" VPOS="3430" HPOS="2044"/>
<String CONTENT="Ralph" HEIGHT="73" WIDTH="209" VPOS="3430" HPOS="2075"/>
<SP HEIGHT="59" WIDTH="28" VPOS="3432" HPOS="2285"/>
<String CONTENT="O." HEIGHT="59" WIDTH="68" VPOS="3432" HPOS="2314"/>
</TextLine>
<TextLine HEIGHT="76" WIDTH="2002" VPOS="3504" HPOS="381" STYLEREFS="StyleId-716B40AE-71BB-47D0-A7AA-01FC07B13F05-" CS="1">
<String CONTENT="Buck" HEIGHT="59" WIDTH="174" VPOS="3509" HPOS="381"/>
<SP HEIGHT="57" WIDTH="32" VPOS="3509" HPOS="556"/>
<String CONTENT="and" HEIGHT="58" WIDTH="123" VPOS="3508" HPOS="589"/>
<SP HEIGHT="58" WIDTH="33" VPOS="3507" HPOS="713"/>
<String LANG="fr" CONTENT="H." HEIGHT="56" WIDTH="78" VPOS="3507" HPOS="747"/>
<SP HEIGHT="57" WIDTH="37" VPOS="3506" HPOS="826"/>
<String CONTENT="E." HEIGHT="57" WIDTH="72" VPOS="3506" HPOS="864"/>
<SP HEIGHT="57" WIDTH="37" VPOS="3506" HPOS="937"/>
<String CONTENT="Frost" HEIGHT="56" WIDTH="192" VPOS="3506" HPOS="975"/>
<SP HEIGHT="55" WIDTH="40" VPOS="3508" HPOS="1168"/>
<String CS="1" CONTENT="&#8230;"/>
<SP HEIGHT="59" WIDTH="105" VPOS="3504" HPOS="1271"/>
<String CONTENT="Milwaukee," HEIGHT="75" WIDTH="387" VPOS="3504" HPOS="1377"/>
<SP HEIGHT="73" WIDTH="35" VPOS="3506" HPOS="1765"/>
<String CONTENT="Wis.," HEIGHT="75" WIDTH="175" VPOS="3505" HPOS="1801"/>
<SP HEIGHT="71" WIDTH="38" VPOS="3509" HPOS="1977"/>
<String CONTENT="The" HEIGHT="57" WIDTH="130" VPOS="3509" HPOS="2016"/>
<SP HEIGHT="56" WIDTH="33" VPOS="3510" HPOS="2147"/>
<String CONTENT="Bruce" HEIGHT="59" WIDTH="202" VPOS="3510" HPOS="2181"/>
</TextLine>
<TextLine HEIGHT="79" WIDTH="938" VPOS="3582" HPOS="380" STYLEREFS="StyleId-716B40AE-71BB-47D0-A7AA-01FC07B13F05-">
<String CONTENT="publishing" HEIGHT="76" WIDTH="364" VPOS="3585" HPOS="380"/>
<SP HEIGHT="52" WIDTH="29" VPOS="3605" HPOS="745"/>
<String CONTENT="company" HEIGHT="53" WIDTH="307" VPOS="3602" HPOS="775"/>
<SP HEIGHT="51" WIDTH="32" VPOS="3604" HPOS="1083"/>
<String CONTENT="[" HEIGHT="43" WIDTH="13" VPOS="3611" HPOS="1116"/>
<String STYLE="superscript" CONTENT="c" HEIGHT="22" WIDTH="20" VPOS="3590" HPOS="1131"/>
<String CONTENT="1925]" HEIGHT="73" WIDTH="165" VPOS="3582" HPOS="1153"/>
</TextLine>
<TextLine HEIGHT="60" WIDTH="721" VPOS="3658" HPOS="455">
<String CONTENT="136" HEIGHT="45" WIDTH="79" VPOS="3664" HPOS="455"/>
<SP HEIGHT="54" WIDTH="29" VPOS="3664" HPOS="535"/>
<String CONTENT="p." HEIGHT="39" WIDTH="39" VPOS="3679" HPOS="565"/>
<SP HEIGHT="45" WIDTH="59" VPOS="3662" HPOS="605"/>
<String CONTENT="illus.," HEIGHT="51" WIDTH="127" VPOS="3662" HPOS="665"/>
<SP HEIGHT="51" WIDTH="31" VPOS="3662" HPOS="793"/>
<String CONTENT="diagrs." HEIGHT="54" WIDTH="168" VPOS="3662" HPOS="825"/>
<SP HEIGHT="44" WIDTH="56" VPOS="3661" HPOS="994"/>
<String CONTENT="27" HEIGHT="47" WIDTH="57" VPOS="3658" HPOS="1051"/>
<String STYLE="superscript" CONTENT="cm" HEIGHT="19" WIDTH="48" VPOS="3662" HPOS="1112"/>
<String CONTENT="." HEIGHT="10" WIDTH="10" VPOS="3695" HPOS="1166"/>
</TextLine>
<TextLine HEIGHT="54" WIDTH="1099" VPOS="3716" HPOS="453">
<String CONTENT="Twelve" HEIGHT="46" WIDTH="185" VPOS="3720" HPOS="453"/>
<SP HEIGHT="45" WIDTH="26" VPOS="3719" HPOS="639"/>
<String CONTENT="leaves" HEIGHT="44" WIDTH="149" VPOS="3719" HPOS="666"/>
<SP HEIGHT="28" WIDTH="27" VPOS="3735" HPOS="816"/>
<String CONTENT="of" HEIGHT="45" WIDTH="52" VPOS="3718" HPOS="844"/>
<SP HEIGHT="44" WIDTH="24" VPOS="3718" HPOS="897"/>
<String CONTENT="coordinate" HEIGHT="44" WIDTH="262" VPOS="3718" HPOS="922"/>
<SP HEIGHT="38" WIDTH="28" VPOS="3732" HPOS="1185"/>
<String CONTENT="paper" HEIGHT="38" WIDTH="136" VPOS="3732" HPOS="1214"/>
<SP HEIGHT="30" WIDTH="25" VPOS="3732" HPOS="1351"/>
<String CONTENT="at" HEIGHT="37" WIDTH="47" VPOS="3725" HPOS="1377"/>
<SP HEIGHT="37" WIDTH="27" VPOS="3725" HPOS="1425"/>
<String CONTENT="end." HEIGHT="45" WIDTH="99" VPOS="3716" HPOS="1453"/>
</TextLine>
<TextLine HEIGHT="61" WIDTH="1657" VPOS="3772" HPOS="383" CS="1">
<String CONTENT="&#169;" HEIGHT="55" WIDTH="53" VPOS="3778" HPOS="383"/>
<SP HEIGHT="55" WIDTH="25" VPOS="3778" HPOS="437"/>
<String CONTENT="May" HEIGHT="51" WIDTH="113" VPOS="3782" HPOS="463"/>
<SP HEIGHT="54" WIDTH="26" VPOS="3779" HPOS="577"/>
<String CONTENT="16," HEIGHT="51" WIDTH="61" VPOS="3777" HPOS="604"/>
<SP HEIGHT="50" WIDTH="30" VPOS="3778" HPOS="666"/>
<String CS="1" CONTENT="1925;" HEIGHT="47" WIDTH="104" VPOS="3774" HPOS="697"/>
<SP HEIGHT="51" WIDTH="25" VPOS="3777" HPOS="827"/>
<String CONTENT="2c." HEIGHT="43" WIDTH="64" VPOS="3777" HPOS="853"/>
<SP HEIGHT="27" WIDTH="25" VPOS="3793" HPOS="918"/>
<String CONTENT="and" HEIGHT="43" WIDTH="87" VPOS="3777" HPOS="944"/>
<SP HEIGHT="43" WIDTH="24" VPOS="3777" HPOS="1032"/>
<String CONTENT="aff." HEIGHT="43" WIDTH="79" VPOS="3776" HPOS="1057"/>
<SP HEIGHT="52" WIDTH="24" VPOS="3776" HPOS="1137"/>
<String CONTENT="June" HEIGHT="52" WIDTH="116" VPOS="3776" HPOS="1162"/>
<SP HEIGHT="42" WIDTH="25" VPOS="3776" HPOS="1279"/>
<String CS="1" CONTENT="1;" HEIGHT="42" WIDTH="18" VPOS="3776" HPOS="1305"/>
<SP HEIGHT="53" WIDTH="28" VPOS="3773" HPOS="1353"/>
<!-- cceid 328EFFF4-6DD5-1014-B757-AF09C522E301 --><String CONTENT="A" HEIGHT="44" WIDTH="44" VPOS="3773" HPOS="1382"/>
<SP HEIGHT="46" WIDTH="24" VPOS="3773" HPOS="1427"/>
<String CS="1" CONTENT="858201;" HEIGHT="47" WIDTH="160" VPOS="3772" HPOS="1452"/>
<SP HEIGHT="53" WIDTH="30" VPOS="3775" HPOS="1642"/>
<String CONTENT="Bruce" HEIGHT="46" WIDTH="147" VPOS="3775" HPOS="1673"/>
<SP HEIGHT="39" WIDTH="26" VPOS="3791" HPOS="1821"/>
<String CONTENT="pub." HEIGHT="52" WIDTH="99" VPOS="3778" HPOS="1848"/>
<SP HEIGHT="29" WIDTH="26" VPOS="3793" HPOS="1948"/>
<String CONTENT="co." HEIGHT="30" WIDTH="65" VPOS="3793" HPOS="1975"/>
</TextLine>
<TextLine HEIGHT="57" WIDTH="272" VPOS="3834" HPOS="461">
<String CONTENT="(25-11288)" HEIGHT="57" WIDTH="272" VPOS="3834" HPOS="461"/>
</TextLine>
<TextLine HEIGHT="77" WIDTH="1991" VPOS="3904" HPOS="387" STYLEREFS="StyleId-716B40AE-71BB-47D0-A7AA-01FC07B13F05-">
<String CONTENT="Cage" HEIGHT="70" WIDTH="165" VPOS="3909" HPOS="387"/>
<SP HEIGHT="56" WIDTH="28" VPOS="3908" HPOS="553"/>
<String CONTENT="birds" HEIGHT="57" WIDTH="175" VPOS="3907" HPOS="582"/>
<SP HEIGHT="37" WIDTH="33" VPOS="3925" HPOS="758"/>
<String CONTENT="and" HEIGHT="56" WIDTH="117" VPOS="3906" HPOS="792"/>
<SP HEIGHT="56" WIDTH="32" VPOS="3906" HPOS="910"/>
<String CONTENT="bird" HEIGHT="58" WIDTH="144" VPOS="3904" HPOS="943"/>
<SP HEIGHT="56" WIDTH="25" VPOS="3906" HPOS="1088"/>
<String CONTENT="world," HEIGHT="70" WIDTH="215" VPOS="3905" HPOS="1114"/>
<SP HEIGHT="52" WIDTH="30" VPOS="3923" HPOS="1330"/>
<String CONTENT="v." HEIGHT="37" WIDTH="56" VPOS="3923" HPOS="1361"/>
<SP HEIGHT="55" WIDTH="32" VPOS="3905" HPOS="1418"/>
<String CONTENT="47," HEIGHT="69" WIDTH="90" VPOS="3905" HPOS="1451"/>
<SP HEIGHT="51" WIDTH="30" VPOS="3923" HPOS="1542"/>
<String CONTENT="no." HEIGHT="38" WIDTH="97" VPOS="3923" HPOS="1573"/>
<SP HEIGHT="54" WIDTH="34" VPOS="3906" HPOS="1671"/>
<String CONTENT="1220," HEIGHT="72" WIDTH="165" VPOS="3906" HPOS="1706"/>
<SP HEIGHT="71" WIDTH="33" VPOS="3907" HPOS="1872"/>
<String CONTENT="May" HEIGHT="73" WIDTH="153" VPOS="3907" HPOS="1906"/>
<SP HEIGHT="69" WIDTH="27" VPOS="3911" HPOS="2060"/>
<String CONTENT="30," HEIGHT="70" WIDTH="90" VPOS="3911" HPOS="2088"/>
<SP HEIGHT="70" WIDTH="32" VPOS="3911" HPOS="2179"/>
<String CONTENT="1925." HEIGHT="57" WIDTH="166" VPOS="3911" HPOS="2212"/>
</TextLine>
<TextLine HEIGHT="63" WIDTH="1997" VPOS="3992" HPOS="382" CS="1">
<String CONTENT="&#169;" HEIGHT="53" WIDTH="55" VPOS="3999" HPOS="382"/>
<SP/>
<String CS="1" CONTENT="1c."/>
<SP/>
<String CONTENT="July" HEIGHT="54" WIDTH="105" VPOS="3997" HPOS="567"/>
<SP HEIGHT="53" WIDTH="31" VPOS="3997" HPOS="673"/>
<String CONTENT="25," HEIGHT="53" WIDTH="67" VPOS="3995" HPOS="705"/>
<SP HEIGHT="51" WIDTH="37" VPOS="3997" HPOS="773"/>
<String CONTENT="1925;" HEIGHT="55" WIDTH="129" VPOS="3992" HPOS="811"/>
<SP/>
<!-- cceid 328F6B1E-6DD5-1014-B757-AF09C522E301 --><String CONTENT="A" HEIGHT="42" WIDTH="45" VPOS="3995" HPOS="977"/>
<SP HEIGHT="43" WIDTH="31" VPOS="3995" HPOS="1023"/>
<String CONTENT="ad" HEIGHT="43" WIDTH="57" VPOS="3996" HPOS="1055"/>
<SP HEIGHT="44" WIDTH="30" VPOS="3995" HPOS="1113"/>
<String CONTENT="int." HEIGHT="43" WIDTH="76" VPOS="3995" HPOS="1144"/>
<SP HEIGHT="46" WIDTH="34" VPOS="3992" HPOS="1221"/>
<String CONTENT="7146;" HEIGHT="55" WIDTH="134" VPOS="3992" HPOS="1256"/>
<SP HEIGHT="39" WIDTH="35" VPOS="4008" HPOS="1391"/>
<String CONTENT="pubd." HEIGHT="53" WIDTH="131" VPOS="3994" HPOS="1427"/>
<SP HEIGHT="43" WIDTH="35" VPOS="3995" HPOS="1559"/>
<String CONTENT="May" HEIGHT="55" WIDTH="113" VPOS="3995" HPOS="1595"/>
<SP HEIGHT="53" WIDTH="31" VPOS="3997" HPOS="1709"/>
<String CONTENT="30;" HEIGHT="55" WIDTH="77" VPOS="3996" HPOS="1741"/>
<SP HEIGHT="55" WIDTH="37" VPOS="3996" HPOS="1819"/>
<String CONTENT="F." HEIGHT="46" WIDTH="49" VPOS="3996" HPOS="1857"/>
<SP HEIGHT="46" WIDTH="36" VPOS="3996" HPOS="1907"/>
<String CONTENT="Carl," HEIGHT="55" WIDTH="118" VPOS="3996" HPOS="1944"/>
<SP HEIGHT="53" WIDTH="37" VPOS="3998" HPOS="2063"/>
<String CS="1" CONTENT="&#8453;"/>
<SP HEIGHT="48" WIDTH="35" VPOS="3998" HPOS="2151"/>
<String CONTENT="Hughes" HEIGHT="54" WIDTH="192" VPOS="4001" HPOS="2187"/>
</TextLine>
<TextLine HEIGHT="53" WIDTH="662" VPOS="4052" HPOS="456" CS="1">
<String CONTENT="Massie" HEIGHT="44" WIDTH="172" VPOS="4056" HPOS="456"/>
<SP HEIGHT="44" WIDTH="27" VPOS="4055" HPOS="629"/>
<String CONTENT="&amp;" HEIGHT="44" WIDTH="36" VPOS="4055" HPOS="657"/>
<SP HEIGHT="44" WIDTH="25" VPOS="4055" HPOS="694"/>
<String CONTENT="co.," HEIGHT="36" WIDTH="80" VPOS="4069" HPOS="720"/>
<SP HEIGHT="53" WIDTH="28" VPOS="4052" HPOS="801"/>
<String CONTENT="New" HEIGHT="45" WIDTH="117" VPOS="4052" HPOS="830"/>
<SP/>
<String CONTENT="York." HEIGHT="44" WIDTH="144" VPOS="4052" HPOS="974"/>
</TextLine>
</TextBlock>
</PrintSpace>
</Page>
</Layout>
</alto>