2533 4412
0 0 0 0 688
356 403 209 72 Stone,
603 404 241 73 Joseph
876 403 96 60 W.

431 494 142 59 Bits
608 495 69 58 of
707 495 103 58 the
847 515 105 41 sea
985 496 123 57 and
1141 496 132 71 sky,
1306 495 245 72 Joseph
1579 493 97 59 W.
1714 493 417 60 Stone-Anne
2169 492 191 60 Stone

357 573 291 72 Stewart,
700 573 280 57 authors.
1079 572 411 73 [Lynchburg,
1540 572 138 71 Va.,
1729 570 266 58 Printed
2041 572 84 71 by
2176 571 60 58 J.
2291 571 68 56 P.

352 651 140 57 Bell
519 669 326 55 company,
873 658 18 23 c
895 651 166 72 1925]

424 742 332 54 58 p. 18 ½ cm .
427 814 181 44 Poems.

355 884 53 54 ©
433 887 116 51 June
573 886 38 52 8,
641 884 101 45 1925;
795 886 64 42 2c.
887 886 115 52 June
1030 884 73 52 16;
1132 885 78 43 aff.
1238 885 116 52 June
1382 885 74 51 13;
1485 884 44 43 A
1555 882 191 55 855575;
1775 885 40 52 J.
1841 885 75 44 W.
1947 883 137 48 Stone
2112 885 88 43 and
2226 885 132 43 Anne

429 942 139 47 Stone
602 941 210 53 Stewart,
847 940 222 54 Concord,
1102 942 86 43 Va.
1257 940 272 55 (25-11392)

360 1040 258 73 Timbie,
657 1040 283 61 William
980 1041 234 72 Henry,
1257 1043 190 57 1877-

433 1131 1924 74 Elements of electricity, by William H. Timbie … 2d
358 1210 112 72 ed.,
517 1209 370 72 completely
931 1209 354 72 rewritten;
1329 1210 161 57 total
1529 1209 189 73 issue,
1765 1210 215 72 eighty
2021 1210 333 58 thousand.

357 1288 154 58 New
535 1287 192 73 York,
755 1288 59 58 J.
841 1288 210 71 Wiley
1074 1287 48 57 &
1150 1306 165 52 sons,
1341 1287 117 57 inc.;
1523 1291 147 69 [etc.,
1700 1292 129 69 etc.]
1862 1289 167 56 1925.

434 1366 1929 54 2 p. l., iii-xi, 624 p. incl. illus., tables, diagrs. 20 cm . [The Wiley technical
364 1424 151 51 series,
548 1424 66 44 ed.
647 1425 57 52 by
734 1425 41 50 J.
810 1424 66 44 M.
907 1424 228 53 Jameson]

355 1479 55 53 ©
445 1481 115 52 June
600 1480 63 51 18,
702 1479 129 53 1925;
867 1480 65 43 2c.
969 1481 87 42 and
1091 1481 78 42 aff.
1207 1480 116 52 June
1357 1479 78 53 27;
1475 1480 44 42 A
1556 1478 189 54 855682;
1783 1481 76 44 W.
1897 1480 62 44 H.

1997 1478 192 55 Timbie,
426 1479 1915 111 Cambridge,
638 1537 143 43 Mass.
851 1534 273 57 (25-11841)

360 1635 1977 154 Transportation international; year book of the International transportation association … [1925]
434 1715 1904 151 Washington,
597 1793 74 57 D.
712 1792 85 73 C.,
833 1794 279 71 London,
1149 1793 467 57 International
1648 1793 509 71 transportation

437 1812 1899 132 association,
723 1879 20 22 c
748 1873 165 55 1925.

427 1949 200 43 Various
659 1948 203 55 pagings.
925 1948 115 43 illus.
1068 1948 126 54 (incl.
1227 1948 154 54 maps)
1447 1948 55 43 24½cm.

430 2004 235 54 Compiled
698 2004 117 52 1925,
844 2006 143 43 under
1013 2005 74 44 the
1115 2005 219 44 direction
1360 2004 53 45 of
1444 2005 112 44 Otto
1587 2005 232 44 Baedeker
1848 2005 87 44 and
1963 2004 261 45 associates.

357 2061 53 53 ©
440 2062 105 44 Feb.
575 2063 37 51 2,
648 2062 129 51 1925;
808 2063 64 43 2c.
901 2063 87 43 and
1017 2063 79 43 aff.
1125 2063 115 52 June
1268 2063 50 52 4;
1351 2063 43 42 A
1425 2060 190 54 855473;
1648 2062 329 44 International
2007 2061 358 53 transportation

428 2135 117 28 assn.
616 2117 271 56 (25-10963)

360 2218 245 76 [Triem,
648 2220 160 58 Paul
849 2218 356 76 Ellsworth]

436 2310 398 73 Psychology
872 2311 69 56 of
976 2310 385 73 prosperity,
1401 2312 193 57 based
1634 2331 78 37 on
1751 2311 103 57 the
1898 2312 188 71 study
2126 2311 66 58 of
360 2331 1983 115 successful

617 2407 143 38 men
786 2390 124 56 and
935 2389 168 57 their
1124 2389 307 71 methods,
1451 2390 84 70 by
1559 2390 163 56 Paul
1747 2389 342 58 Ellsworth
2129 2389 232 74 [pseud.]

360 2467 302 72 Holyoke,
696 2467 213 58 Mass.,
942 2468 129 56 The
1104 2467 328 57 Elizabeth
1466 2468 226 56 Towne
1726 2487 105 53 co.,
1864 2467 150 71 inc.;
2051 2470 147 71 [etc.,
2233 2469 131 69 etc.,

357 2553 20 21 c
382 2546 164 73 1925]

432 2622 79 44 146
540 2637 41 38 p.
648 2621 50 45 17
705 2625 46 18 cm
759 2658 8 8 .

359 2677 54 54 ©
442 2679 111 52 May
585 2678 62 49 15,
680 2678 129 54 1925;
837 2680 65 43 2c.
931 2680 89 43 and
1048 2680 78 43 aff.
1157 2680 111 53 May
1300 2680 74 51 19;
1406 2679 45 44 A
1477 2677 190 54 855260;
1700 2678 240 48 Elizabeth
1968 2678 176 45 Towne
2170 2694 79 34 co.,
2281 2679 82 43 inc.

439 2734 271 56 (25-10031)

359 2833 143 72 Uhl,
539 2833 210 60 Willis
785 2835 250 72 Lemon,
1074 2855 194 53 comp.

439 2926 352 73 Principles
854 2929 69 57 of
983 2928 351 71 secondary
1395 2926 347 72 education,
1807 2947 35 38 a
1905 2927 295 57 textbook
2262 2928 103 57 for

364 3008 285 56 students
681 3007 70 58 of
779 3007 330 58 education
1138 3007 196 58 based
1361 3025 168 53 upon
1559 3005 286 74 writings
1877 3007 68 57 of
362 3008 1978 134 representative

524 3084 1842 74 educators, by Willis L. Uhl … New York, Newark
365 3168 147 69 [etc.]
548 3163 223 72 Silver,
801 3163 274 58 Burdett
1104 3165 125 58 and
1259 3180 307 56 company
1597 3194 11 43 [
1612 3171 18 21 c
1634 3164 164 72 1925]

435 3242 958 51 xii. 692 p. incl. tables, forms. 20 ½ cm .
433 3298 415 51 “Bibliographical
875 3298 157 46 notes”
1061 3307 47 37 at
1132 3300 85 43 end
1244 3299 52 44 of
1320 3299 110 44 each
1455 3299 198 50 chapter.

358 3350 57 54 ©
445 3353 117 52 June
598 3351 63 52 15,
697 3351 129 53 1925;
859 3353 65 42 2c.
956 3353 87 42 and
1074 3353 79 42 aff.
1186 3353 115 51 June
1339 3352 51 42 16;
1447 3352 43 42 A
1522 3349 190 54 855560;
1752 3351 162 51 Silver,
1949 3352 192 44 Burdett
2173 3353 38 43 &
2243 3367 64 28 co.

441 3406 271 56 (25-11406)

363 3508 196 61 Voak,
594 3509 131 56 Asa
758 3508 306 74 Fleming,
1101 3512 191 56 1875-

440 3601 110 56 Dr.
579 3600 181 57 Voak
774 3604 45 53 ’s
847 3601 223 71 pocket
1097 3602 217 57 doctor;
1375 3621 32 37 a
1440 3602 351 57 condensed
1818 3601 255 57 manual

2101 3601 68 58 of
365 3601 1976 135 valuable
539 3678 417 57 information
994 3678 373 72 concerning
1407 3679 103 57 the
1549 3698 173 38 more

1765 3697 276 39 common
2084 3679 279 58 diseases

367 3755 1995 77 and their treatment, by Dr. A. P. Voak … [Cleveland,
366 3835 131 57 The
529 3834 290 70 Fleming
849 3853 324 52 company,
1226 3836 165 72 c1925]

437 3909 459 55 110, [4] p. 1 7 ½ cm .
361 3965 57 53 ©
445 3968 112 51 May
583 3967 67 46 29,
681 3964 129 54 1925;
838 3966 65 43 2c.
931 3967 87 43 and
1044 3968 79 42 aff.
1151 3967 114 52 June
1293 3967 49 52 8;
1372 3967 43 42 A
1443 3965 189 54 858568;
1664 3967 56 43 A.
1750 3967 50 44 F.
1830 3968 148 52 Voak,
2007 3967 268 47 Lakewood,
2308 3967 55 45 O.

444 4020 271 57 (25-11053)
