2533 4412
1265 4018 110 50 236

312 421 314 72 Myerson,
664 418 342 72 Abraham,
1048 421 192 58 1881-

392 511 128 56 The
548 509 389 59 inheritance
968 510 68 57 of
1061 510 238 56 mental
1326 509 299 73 diseases,
1652 511 83 70 by
1762 510 326 57 Abraham
315 510 1984 139 Myerson
458 636 62 10 ...

606 589 367 72 Baltimore,
998 586 315 60 Williams
1338 588 48 56 &
1406 588 269 58 Wilkins
1703 606 324 55 company,
2055 589 165 56 1925.

392 683 81 44 336
504 699 39 37 p.
604 683 169 52 diagrs.
832 683 53 43 23½
923 685 46 16 cm
976 716 9 9 .

392 754 352 53 Bibliography:
773 770 39 37 p.
839 753 207 44 321-330.

314 823 55 55 ©
400 826 120 42 Mar.
550 825 38 52 6,
624 823 130 54 1925;
785 824 64 44 2c.
881 825 86 42 and
997 823 79 44 aff.
1109 824 119 43 Mar.
1262 822 49 54 7;
1344 824 42 41 A
1419 822 189 54 823323;
1640 822 231 45 Williams
1902 824 37 43 &
1970 820 201 48 Wilkins
2203 838 66 29 co.

395 883 243 54 (25-6226)

313 983 219 73 Nagel,
575 983 309 58 Sherman
920 981 76 58 A.

388 1075 294 58 Without
708 1094 252 50 excuse;
993 1093 38 37 a
1059 1073 422 73 sympathetic
1510 1073 424 59 examination
1964 1075 68 57 of
2062 1095 167 37 some
2261 1076 67 56 of

313 1154 107 57 the
448 1173 254 38 excuses
728 1153 203 57 which
958 1153 177 57 often
1162 1172 107 38 are
1296 1154 183 56 made
1506 1153 178 57 when
1712 1153 103 59 the
1845 1153 191 73 spirit
2059 1154 266 57 beckons

312 1252 143 38 men
501 1252 78 38 on
626 1236 63 53 to
737 1251 40 37 a
823 1230 326 59 Christian
1195 1230 113 58 life
1359 1232 112 73 [by]
1525 1232 308 58 Sherman
1879 1234 77 55 A.
2005 1233 203 73 Nagel
2260 1280 62 10 ...

315 1312 332 56 Mountain
678 1310 196 73 View,
909 1309 208 73 Calif.,
1151 1310 379 72 Brookfield,
1561 1311 97 57 Ill.
1697 1315 148 70 [etc.]
1881 1311 234 58 Pacific
2143 1330 184 53 press

312 1390 367 73 publishing
710 1388 401 73 association,
1145 1391 167 56 1925.

384 1483 782 55 3 p. l., 3-179 p. illus. 18½ cm .
316 1555 54 54 ©
399 1556 107 44 Feb.
536 1556 66 50 27,
636 1554 131 55 1925;
799 1557 65 42 2c.
894 1557 91 43 and
1010 1556 80 44 aff.
1123 1556 119 43 Mar.
1274 1554 49 54 5;
1356 1556 43 42 A
1431 1555 191 53 823296;
1657 1556 173 44 Pacific
1858 1570 126 39 press
2015 1555 103 54 pub.
2152 1570 117 31 assn.

396 1612 245 56 (25-6185)

314 1715 154 58 New
501 1713 176 59 York
751 1713 175 74 (City)
1020 1712 407 77 Ordinances,
1466 1718 111 54 etc.

394 1806 152 58 New
585 1804 166 60 Code
790 1806 69 57 of
897 1805 371 58 ordinances
1308 1805 69 57 of
1410 1806 104 56 the
1551 1806 129 72 city
1717 1806 68 58 of
1821 1807 154 57 New
2010 1807 190 72 York,
316 1807 1987 150 including

611 1884 104 58 the
761 1883 305 72 Sanitary
1108 1885 169 70 code,
1318 1884 105 57 the
1465 1884 304 74 Building
1811 1886 148 57 code
2003 1886 123 57 and
2167 1885 162 72 park

315 1963 390 75 regulations
743 1963 275 71 adopted
1054 1963 165 58 June
1257 1963 90 71 20,
1384 1963 167 76 1916,
1586 1962 152 58 with
1774 1962 85 59 all
1896 1964 429 58 amendments

315 2047 64 54 to
408 2044 294 70 January
727 2044 228 71 1,1925
986 2043 123 57 and
1139 2042 301 71 complete
1469 2041 190 59 index
1685 2045 64 55 to
1777 2043 215 73 whole,
2022 2043 306 72 compiled

317 2123 126 57 and
491 2122 344 57 annotated
883 2121 84 72 by
1014 2120 247 57 Arthur
1311 2121 70 57 F.
1437 2120 224 73 Cosby.
1752 2121 154 58 New
1953 2121 191 73 York,
2197 2121 129 59 The

314 2201 213 58 Banks
553 2201 120 56 law
697 2199 367 73 publishing
1089 2218 107 54 co.,
1227 2200 166 56 1925.

396 2291 737 56 1 p. l., 677 p. diagrs. 18 cm .
393 2365 211 44 Lettered
630 2378 58 29 on
711 2377 159 30 cover:
904 2361 187 54 Cosby’s
1123 2362 121 44 Code
1270 2361 51 45 of
1344 2362 281 44 ordinances.

319 2433 54 54 ©
404 2436 120 42 Mar.
554 2436 40 50 9,
627 2432 130 53 1925;
790 2433 66 43 2c.
887 2433 87 43 and
1004 2433 79 42 aff.
1117 2432 119 43 Mar.
1272 2433 76 51 11;
1381 2432 43 42 A
1455 2431 190 53 822350;
1683 2433 153 44 Banks
1868 2434 87 44 law
1985 2435 101 52 pub.
2120 2450 66 30 co.

398 2490 244 57 (25-6219)

319 2594 292 71 Overton,
650 2592 201 59 Grant
885 2588 259 75 Martin,
1183 2592 192 59 1887-

395 2685 291 58 Portrait
729 2684 67 57 of
841 2703 40 37 a
919 2682 346 73 publisher,
1309 2684 84 71 by
1438 2682 206 60 Grant
1687 2684 297 73 Overton,
2030 2688 124 57 and
2200 2689 128 57 The

317 2765 144 58 first
488 2764 292 57 hundred
807 2780 189 54 years
1032 2762 66 57 of
1130 2761 103 58 the
1265 2761 195 57 house
1495 2762 68 57 of
1595 2763 338 73 Appleton,
1969 2767 359 69 1825-1925,

317 2843 336 73 published
683 2842 70 56 in
786 2840 553 58 commemoration
1373 2840 68 57 of
1475 2841 104 57 the
1614 2861 114 37 one
1762 2842 363 59 hundredth
317 2845 1991 148 anniversary

618 2921 66 57 of
715 2921 76 56 D.
824 2919 322 72 Appleton
1182 2919 125 56 and
1339 2938 324 53 company.
1763 2920 156 59 New
1947 2922 190 74 York,
318 2924 1986 149 London,
493 3002 74 55 D.
602 2999 323 71 Appleton

957 2998 126 57 and
1115 3015 325 55 company,
1474 2999 167 56 1925.

389 3089 1008 58 2 p. l., 3-95, [1] p. illus., port. 21½ cm .
321 3165 53 55 ©
406 3167 118 43 Mar.
555 3166 38 50 3,
627 3161 130 55 1925;
789 3163 65 43 2c.
884 3162 90 44 and
1000 3161 80 45 aff.
1113 3162 119 44 Mar.
1265 3160 49 54 7;
1346 3162 46 43 A
1422 3161 190 54 823318;
1647 3163 57 44 D.
1735 3162 230 56 Appleton
1997 3165 37 45 &
2065 3180 66 30 co.

401 3220 244 58 (25-6177)

322 3331 264 60 Ovidius
621 3331 187 69 Naso,
846 3327 280 59 Publius.

403 3469 62 10 ...
514 3422 130 56 The
687 3420 546 70 Metamorphoses
1279 3419 67 57 of
1388 3418 179 74 Ovid,
1609 3420 192 57 books
1867 3456 141 40 I-VII,
2051 3422 280 75 literally

320 3501 355 58 translated
697 3499 134 57 into
859 3498 268 72 English
1147 3515 189 53 prose
1360 3497 153 57 with
1535 3501 178 55 notes
1743 3499 122 57 and
1891 3502 436 69 explanations

321 3581 83 70 by
443 3579 224 70 Henry
712 3579 68 55 T.
824 3577 202 76 Riley,
1111 3624 9 9 B.
1207 3623 11 10 A.;
1296 3574 151 58 with
1491 3595 35 37 a
1567 3576 169 58 brief
1776 3577 429 60 introduction
2247 3582 83 72 by

321 3657 329 57 Elizabeth
681 3656 259 70 Adams,
1014 3702 11 10 A.
1101 3702 11 10 B.
1186 3654 152 56 New
1367 3653 175 58 York
1574 3654 144 72 city,
1755 3655 129 58 The
1920 3657 409 59 Translation

318 3735 365 75 publishing
715 3752 322 54 company,
1069 3733 116 58 inc.
1226 3762 12 45 [
1240 3739 18 22 c
1263 3733 164 73 1925]

397 3830 79 52 xii,
505 3829 82 45 262
613 3844 38 37 p.
742 3826 22 45 15½
801 3829 46 17 cm
855 3862 8 7 .
933 3826 125 54 (The
1085 3825 217 44 students’
1330 3824 149 45 literal
1508 3825 319 54 translations)

325 3901 54 54 ©
408 3902 108 43 Feb.
546 3902 68 49 28,
648 3899 129 51 1925;
810 3900 65 41 2c.
908 3899 87 42 and
1025 3898 79 43 aff.
1137 3897 119 44 Mar.
1289 3896 50 53 5;
1372 3898 43 42 A
1447 3897 189 51 823290;
1670 3896 296 47 Translation
1995 3901 102 52 pub.
2129 3916 79 38 co.,
2243 3902 82 45 inc.

404 3956 244 48 (25-6096)
