2533 4412
0 0 0 0 1296
342 403 228 75 [Jones,
608 403 260 58 Charles
901 404 237 59 Robert
1174 406 356 76 Stansfield]
1569 410 191 57 1886-

416 481 130 57 The
587 484 300 70 anatomy
924 482 66 58 of
1027 483 104 57 the
1169 484 167 72 body
1375 485 68 56 of
1480 484 168 73 God;
1686 486 188 75 being
1912 487 104 62 the
2058 507 288 54 supreme

337 560 349 57 revelation
709 561 69 56 of
802 561 227 57 cosmic
1053 561 474 59 consciousness
1554 564 333 72 explained
1912 568 124 57 and
2058 567 289 72 depicted

336 637 64 57 in
437 638 264 72 graphic
735 639 187 72 form,
959 640 83 71 by
1079 640 232 58 Frater
1347 640 222 59 Achad
1610 644 251 72 [pseud.]
1900 644 153 58 with
2091 645 256 74 designs

337 716 281 73 showing
651 717 105 58 the
789 717 367 74 formation,
1190 719 508 74 multiplication,
1732 723 125 57 and
1890 721 354 74 projection
2278 724 70 58 of

336 795 103 58 the
480 799 176 54 stone
696 795 68 57 of
801 795 104 58 the
941 796 149 58 wise
1128 797 84 74 by
1246 796 152 59 Will
1437 799 296 57 Ransom.
1816 799 292 76 Chicago,
336 801 1986 147 Collegium

535 876 81 56 ad
646 874 311 72 Spiritum
989 875 318 74 Sanctum,
1337 878 166 57 1925.

407 955 1414 54 3 p. l. , v-xv, [1], 111, [1] p. col. front., diagrs. 28½ cm .
406 1010 139 46 “This
585 1012 100 44 first
720 1013 168 43 edition
924 1013 49 43 of
1008 1011 101 45 The
1144 1021 214 45 anatomy
1395 1014 49 44 of
1480 1014 76 44 the
1592 1015 118 53 body
1747 1015 50 44 of
1835 1014 99 45 God
1972 1015 195 45 consists
2204 1016 50 44 of
2290 1018 52 44 22

333 1069 163 53 copies,
526 1068 187 45 lettered
739 1068 149 53 Aleph
916 1078 48 35 to
989 1068 113 50 Tau,
1130 1070 89 43 and
1244 1071 82 43 228
1353 1071 150 52 copies
1532 1073 245 43 numbered
1809 1075 17 41 1
1855 1084 47 35 to
1929 1073 94 44 228.
2084 1071 95 46 73.”

336 1124 53 54 ©
427 1125 122 53 Sept.
582 1126 68 50 23,
688 1125 130 52 1925;
851 1126 67 43 2c.
953 1126 87 43 and
1073 1126 79 44 aff.
1192 1125 121 54 Sept.
1347 1127 78 53 26;
1463 1127 43 43 A
1541 1128 191 53 861984;
1773 1128 49 45 C.
1862 1129 43 47 S.
1942 1130 152 53 Jones,
2132 1129 214 55 Chicago.

414 1181 272 55 (25-22470)

337 1269 210 73 Keith,
590 1268 260 58 Charles
890 1269 77 57 H.

414 1349 262 73 Cutting
725 1349 324 58 container
1098 1349 400 59 costs—with
1547 1352 228 72 safety,
1823 1354 83 70 by
1957 1352 261 61 Charles
2264 1353 80 56 H.

333 1426 1987 154 Keith … Greenfield, Mass., The New England box company [ c 1925]
404 1584 92 51 viii,
540 1585 51 46 53
635 1600 41 35 p.
720 1586 102 45 incl.
867 1586 127 44 front.
1067 1586 147 48 plates
1241 1585 47 49 (1
1334 1586 100 49 col.,
1482 1586 140 49 fold.)
1674 1600 140 37 maps.
1878 1588 51 45 19
1935 1589 48 18 cm
1988 1622 10 9 .

333 1638 54 54 ©
417 1640 102 44 Oct.
547 1639 65 51 26,
644 1638 132 53 1925;
803 1639 65 43 2c.
900 1639 118 43 Nov.
1046 1639 50 52 2;
1129 1639 78 43 aff.
1239 1639 102 44 Oct.
1370 1639 77 52 30;
1479 1639 44 43 A
1551 1639 191 52 873418;
1775 1641 117 43 New
1922 1639 210 54 England
2160 1641 92 43 box
2280 1655 65 30 co.

413 1695 272 56 (25-22365)

334 1783 290 73 Kendall,
667 1782 279 58 Edward
985 1780 240 75 Calvin,
1269 1784 191 57 1886-

408 1860 312 58 Influence
755 1860 68 57 of
856 1860 103 56 the
994 1859 256 73 thyroid
1283 1859 192 73 gland
1507 1878 78 39 on
1618 1858 325 63 oxidation
1975 1860 67 57 in
2074 1860 103 58 the
328 1859 1991 138 animal

329 1936 1987 141 organism, by Edward C. Kendall … New York, Columbia
590 2017 357 73 university
974 2034 201 55 press,
1207 2017 166 57 1925.

399 2100 53 43 36
478 2113 40 39 p.
549 2098 99 44 incl.
679 2097 132 52 illus.,
839 2105 130 45 port.,
996 2095 168 55 diagrs.
1225 2097 53 43 23½c
1332 2098 29 17 m
1368 2132 9 7 .
1447 2095 291 55 (Half-title:
1771 2096 99 45 The
1902 2095 225 45 Chandler
2158 2095 182 49 lecture,

334 2156 129 54 1925)

329 2212 56 54 ©
422 2214 112 52 May
569 2212 67 52 30,
674 2210 129 53 1925;
840 2211 66 45 2c.
941 2211 102 44 Oct.
1079 2209 50 54 7;
1166 2210 80 44 aff.
1284 2210 102 44 Oct.
1421 2210 50 52 2;
1509 2210 43 42 A
1588 2208 165 46 870475;
1823 2208 236 46 Columbia
2095 2209 250 54 university

402 2285 139 38 press.
612 2267 273 56 (25-20538)

334 2357 185 72 Kent,
560 2355 286 61 William
884 2353 358 74 Winthrop.

410 2435 128 57 The
569 2434 112 58 life
715 2434 123 56 and
869 2432 204 57 works
1107 2431 67 58 of
1203 2431 386 57 Baldassare
1622 2430 263 58 Peruzzi
1918 2430 68 59 of
2019 2430 208 73 Siena,
2265 2431 79 70 by

328 2508 2014 74 William Winthrop Kent … New York, Architectural
328 2593 160 59 book
513 2590 369 74 publishing
909 2608 106 54 co.,
1045 2588 117 59 inc.
1198 2619 12 44 [
1213 2595 17 22 c
1235 2589 165 75 1925]

406 2666 1635 61 5 p. l. , 85 p. 2 port. (incl. front.) 89 pl. (incl. plans) 24½ cm .
405 2729 352 53 Bibliography:
789 2742 40 38 p.
858 2726 150 44 64-68.

405 2788 127 44 “List
560 2788 50 43 of
635 2786 153 44 works
817 2784 247 45 attributed
1092 2791 46 36 to
1166 2781 221 45 Peruzzi”
1406 2797 8 28 :
1445 2797 39 37 p.
1513 2779 150 46 69-85.

331 2844 53 54 ©
412 2845 102 44 Oct.
542 2844 39 51 6,
611 2841 130 51 1925;
769 2842 65 42 2c.
863 2841 86 43 and
975 2841 79 43 aff.
1086 2840 101 44 Oct.
1217 2840 48 43 31;
1324 2839 43 42 A
1395 2837 190 54 872240;
1615 2837 339 44 Architectural
1982 2837 122 44 book
2130 2838 100 52 pub.
2259 2852 81 38 co.,

398 2902 86 43 inc.
555 2898 271 56 (25-22266)

330 2987 206 73 Klein,
576 2985 198 71 Felix,
815 2987 190 56 1849-

476 3057 1865 72 … Elementarmathematik vom höheren standpunkte
333 3164 131 40 aus.
549 3146 50 56 3.
644 3141 139 59 aufl.
866 3142 52 55 2.
960 3140 100 57 bd.
1107 3136 374 60 Geometrie.
1565 3135 490 74 Ausgearbeitet
2097 3155 124 38 von
2264 3135 74 56 E.

331 3223 347 72 Hellinger.
750 3221 135 56 Für
913 3220 119 56 den
1063 3217 195 58 druck
1289 3215 200 73 fertig
1516 3215 288 72 gemacht
1834 3215 130 57 und
1991 3214 117 57 mit
332 3215 1987 144 zusätzen

479 3291 1859 75 versehen von Fr. Seyfarth … Berlin, J. Springer,
332 3381 165 56 1925.

402 3457 62 51 xi,
497 3455 82 43 302
611 3469 39 37 p.
712 3452 167 52 diagrs.
941 3451 54 43 24
1002 3452 47 17 cm
1057 3485 7 8 .
1135 3449 17 53 (
1159 3448 164 44 Added
1358 3454 119 47 t.-p.:
1516 3446 86 44 Die
1636 3445 305 54 grundlehren
1977 3446 78 44 der
328 3445 1989 112 mathematischen

575 3505 662 53 wissenschaften … bd. xv)
328 3557 1728 66 © Oct. 5, 1925; 1c. Dec. 1; A— Foreign 29257; Julius Springer.
330 3658 258 69 Larson,
629 3653 169 59 Emil
833 3649 306 71 Leonard,
1180 3650 190 57 1888-

409 3738 331 60 One-room
786 3735 124 58 and
951 3729 430 61 consolidated
1424 3726 241 60 schools
1707 3726 70 60 of
1819 3722 436 71 Connecticut;
2299 3743 37 39 a

330 3814 427 74 comparative
792 3813 189 69 study
1013 3810 68 58 of
1115 3808 306 69 teachers,
1456 3809 165 55 costs
1656 3806 125 57 and
1812 3804 260 67 holding
2103 3822 248 53 power,

330 3878 2003 89 by Emil Leonard Larson … New York city, Teachers
330 3975 250 68 college,
616 3968 324 61 Columbia
972 3961 373 72 university,
1377 3960 166 59 1925.
