2533 4412
1342 4091 71 55 10

445 488 29 43 2
501 497 58 44 pt.
588 489 44 43 in
663 490 18 42 1
710 505 40 27 v.
810 489 54 44 23½
900 492 47 17 cm
954 525 7 7 .

379 542 53 56 ©
466 547 99 51 Jan.
602 547 38 51 9,
681 545 130 53 1925;
847 546 65 42 2c.
948 547 87 43 and
1070 546 78 43 aff.
1186 547 99 51 Jan.
1326 547 74 51 13;
1439 546 43 43 A
1519 543 190 57 815564;
1751 547 315 45 Martindale’s
2103 547 156 45 Amer.
2298 547 88 45 law

449 603 242 52 directory,
721 604 82 43 inc.

379 702 354 74 Maryland.
819 703 195 58 Court
1057 702 67 72 of
1163 704 276 72 appeals.

454 790 1932 78 Reports of cases argued and adjudged … Herbert T.
381 871 275 76 Tiffany,
691 875 167 54 state
887 875 307 69 reporter,
1263 892 56 37 v.
1354 874 127 55 145.
1559 869 382 77 Containing
1971 891 174 40 cases
2179 872 67 59 of
378 871 1985 138 October
587 954 179 68 term,
801 951 166 72 1923,

1002 948 1386 78 and January term, 1924 … Baltimore,
377 1029 177 73 King
583 1029 312 71 brothers,
929 1028 166 58 1924.

446 1105 127 51 xlvii,
604 1104 80 45 753
716 1119 39 38 p.
815 1104 53 45 23
877 1107 46 18 cm
930 1139 9 9 .

378 1159 53 56 ©
455 1161 118 45 Nov.
596 1162 68 52 28,
691 1162 131 52 1924;
847 1162 64 42 2c.
935 1162 98 52 Jan.
1059 1159 38 55 7,
1126 1158 131 56 1925;
1283 1161 79 44 aff.
1386 1163 100 51 Jan.
1510 1160 51 54 2;
1587 1160 45 44 A
1656 1160 191 55 814587;
1876 1163 202 45 Herbert
2102 1161 54 46 T.
2183 1161 202 55 Tiffany,

448 1218 75 45 for
552 1219 75 44 the
658 1225 115 37 state
802 1218 53 44 of
888 1217 260 55 Maryland,
1184 1218 266 44 Baltimore.

378 1321 273 71 Maurer,
695 1319 277 58 Edward
1013 1318 181 72 Rose,
1238 1319 192 57 1869-

459 1395 334 60 Technical
835 1395 374 74 mechanics,
1257 1394 240 76 statics,
1541 1393 390 76 kinematics,
1977 1394 285 71 kinetics,
2310 1397 83 74 by

380 1473 2009 80 Edward R. Maurer … and Raymond J. Roark … 5th ed.,
379 1555 344 73 rewritten,
760 1555 162 57 total
957 1553 171 59 issue
1167 1551 382 74 twenty-five
1589 1552 333 58 thousand.
2006 1553 152 61 New
2201 1555 189 71 York,

378 1634 60 60 J.
466 1633 209 73 Wiley
703 1634 48 57 &
779 1649 165 55 sons,
970 1631 150 74 inc.;
1153 1636 151 69 [etc.,
1335 1635 130 71 etc.]
1496 1631 167 61 1925.

447 1712 81 54 xii,
559 1713 84 44 364
667 1727 40 38 p.
769 1711 173 53 diagrs.
1002 1710 54 45 23½
1092 1712 47 18 cm
1145 1744 9 9 .
1269 1709 128 54 $3.50

376 1768 54 56 ©
463 1771 109 43 Dec.
602 1769 69 54 27,
707 1770 130 52 1924;
869 1770 66 44 2c.
967 1770 88 44 and
1085 1769 79 43 aff.
1197 1770 100 51 Jan.
1331 1766 37 52 7,
1406 1766 130 55 1925;
1571 1767 43 43 A
1646 1765 191 55 814580;
1874 1765 200 49 Edward
2108 1767 53 44 R.
2197 1768 191 43 Maurer

448 1828 87 43 and
563 1827 241 52 Raymond
832 1828 39 51 J.
904 1825 170 54 Roark,
1106 1825 228 52 Madison,
1363 1825 115 43 Wis.
1549 1822 244 56 (25-1596)

377 1928 273 59 Medical
685 1928 237 73 society
956 1926 66 58 of
1055 1926 105 57 the
1195 1930 232 68 county
1461 1924 66 59 of
1563 1923 223 74 Kings,
1821 1925 341 74 Brooklyn.

457 2005 317 60 Practical
805 2004 293 72 lectures,
1131 2001 321 61 delivered
1484 2001 200 61 under
1718 2000 106 60 the
1857 1999 290 77 auspices
2185 2001 68 59 of
2286 2003 104 58 the

379 2086 270 60 Medical
688 2084 240 72 society
964 2082 69 60 of
1070 2082 104 58 the
1213 2084 231 69 county
1482 2079 69 60 of
1588 2079 226 74 Kings,
1855 2080 344 74 Brooklyn,
2240 2082 150 57 New

377 2167 191 58 York.
654 2163 383 68 <1923-1924
1070 2161 196 58 series>
1389 2159 130 61 One
1553 2159 291 58 hundred
1878 2163 124 57 and
2036 2158 352 75 thirty-two

378 2242 425 62 illustrations
850 2241 125 58 and
1017 2241 179 58 three
1242 2240 169 58 color
1455 2237 226 74 plates.
1764 2238 153 58 New
1960 2237 193 75 York,
2201 2238 70 57 P.
2318 2239 71 56 B.

377 2324 269 72 Hoeber,
677 2321 138 72 inc.,
847 2319 168 59 1925.

447 2394 1496 59 xviii, 484 p. incl. front., illus., diagrs. III col. ph 24 cm .
375 2457 55 56 ©
454 2461 102 52 Jan.
582 2459 41 52 6,
651 2456 134 54 1925;
812 2458 67 42 2c.
904 2456 102 52 Jan.
1037 2455 76 52 10;
1142 2455 81 43 aff.
1250 2454 101 53 Jan.
1378 2453 52 52 9;
1459 2453 45 43 A
1530 2451 195 55 814619;
1757 2454 117 42 Paul
1904 2453 50 43 B.
1987 2452 204 54 Hoeber,
2220 2453 83 43 inc.

456 2515 244 56 (25-1862)

377 2616 226 73 Miller,
643 2616 272 59 Warren
953 2610 327 75 Hastings,
1322 2612 191 58 1876-

456 2695 338 72 Canoeing,
845 2691 231 74 sailing
1122 2692 124 56 and
1292 2692 209 54 motor
1546 2688 291 74 boating;
1883 2688 310 73 practical
2238 2690 148 57 boat

376 2765 1895 82 building and handling, …
378 2853 150 57 New
555 2851 191 72 York,
779 2848 247 75 George
1053 2848 79 56 H.
1165 2846 218 56 Doran
1415 2861 308 55 company
1755 2876 13 42 [
1770 2853 18 20 c
1793 2845 165 73 1919]

445 2929 80 43 xiv
550 2944 55 38 p.,
637 2930 17 41 1
721 2963 9 16 l.,
763 2924 157 46 17-351
952 2939 40 38 p.
1055 2924 152 49 front.,
1237 2922 157 52 plates,
1424 2920 140 53 plans.
1625 2921 56 42 22
1686 2923 47 18 cm
1740 2955 8 8 .

376 2983 54 56 ©
453 2985 120 53 Aug.
602 2984 63 53 15,
695 2985 130 50 1919;
850 2984 66 43 2c.
939 2981 89 45 and
1051 2981 79 43 aff.
1158 2981 107 41 Dec.
1291 2978 67 52 30,
1386 2978 131 52 1924;
1544 2977 44 44 A
1613 2975 191 55 815670;
1834 2977 184 53 George
2042 2979 62 42 H.
2132 2977 159 44 Doran
2317 2992 66 29 co.

463 3041 55 55 [©
545 3043 86 43 full
657 3042 199 43 revision
882 3039 90 44 and
997 3037 134 44 much
1156 3051 102 28 new
1282 3042 182 45 matter]

378 3144 189 73 Mills,
607 3140 344 61 Frederick
988 3136 185 74 Cecil,
1212 3137 190 57 1892-

458 3222 357 60 Statistical
840 3217 288 61 methods
1162 3213 255 74 applied
1446 3216 63 56 to
1544 3213 345 60 economics
1923 3214 124 57 and
2076 3213 307 74 business,

377 3288 1983 165 by Frederick Cecil Mills … New York, H. Holt and company [ c 1924]
450 3458 92 51 xvi,
584 3455 82 44 604
704 3469 39 38 p.
785 3452 100 45 incl.
925 3451 159 52 tables,
1124 3448 168 52 diagrs.
1360 3446 57 43 22
1422 3448 46 18 cm
1475 3481 9 9 .
1554 3445 292 54 (Half-title:
1892 3442 245 47 American
2179 3445 204 45 business

377 3516 167 51 series;
578 3511 186 54 general
796 3509 157 48 editor,
989 3508 54 43 R.
1078 3505 48 46 C.
1160 3502 228 54 McCrea)

449 3571 127 43 “List
603 3569 53 43 of
688 3563 310 48 references”:
1032 3578 40 38 p.
1104 3560 206 46 589-594.

377 3611 2006 71 © Dec 30, 1924; 1c. Dec. 31; 1c. and aff. Jan. 2, 1925; A 814503; Henry
450 3684 117 44 Holt
599 3684 38 42 &
671 3697 67 28 co.
807 3676 244 57 (25-1468)

378 3787 175 70 Miln,
591 3787 152 55 Mrs.
779 3778 231 60 Louise
1053 3774 302 75 (Jordan)
1403 3772 191 59 1864-

379 3848 2005 167 The soul of China, glimpsed in tales of today and yesterday, by Louise Jordan Miln … New York, Frederick
379 4027 75 56 A.
490 4022 226 60 Stokes
750 4030 326 57 company,
1112 4009 167 59 1925.
