<alto xmlns="http://www.loc.gov/standards/alto/ns-v3#" xmlns:xlink="http://www.w3.org/1999/xlink" xmlns:xsi="http://www.w3.org/2001/XMLSchema-instance" xsi:schemaLocation="http://www.loc.gov/standards/alto/ns-v3# http://www.loc.gov/alto/v3/alto-3-0.xsd"><Description>
<MeasurementUnit>pixel</MeasurementUnit>
<sourceImageInformation>
<fileName>1925_v22_Part001.pdf</fileName>
</sourceImageInformation>
<OCRProcessing ID="IdOcr">
<ocrProcessingStep>
<processingDateTime>2019-04-03</processingDateTime>
<processingSoftware>
<softwareCreator>ABBYY</softwareCreator>
<softwareName>ABBYY Recognition Server</softwareName>
<softwareVersion>4.0</softwareVersion>
</processingSoftware>
</ocrProcessingStep>
</OCRProcessing>
</Description>
<Styles>
<ParagraphStyle ID="StyleId-FFFFFFFF-FFFF-FFFF-FFFF-FFFFFFFFFFFF-" ALIGN="Left" LEFT="0." RIGHT="0." FIRSTLINE="0."/>
<ParagraphStyle ID="StyleId-2E5B4E57-07AD-4719-97CB-14521F7F4F8A-" ALIGN="Left" LEFT="0." RIGHT="0." FIRSTLINE="0." LINESPACE="8.899999619"/>
<ParagraphStyle ID="StyleId-62A6F688-D6E3-4EFC-837B-4A4C4EB582B7-" ALIGN="Center" LEFT="0." RIGHT="0." FIRSTLINE="0." LINESPACE="12.19999981"/>
<ParagraphStyle ID="StyleId-21B71EBC-BDB5-4E16-A8F2-58189A39665B-" ALIGN="Block" LEFT="0." RIGHT="0." FIRSTLINE="-13." LINESPACE="11.35000038"/>
<ParagraphStyle ID="StyleId-1E1A68C4-DD4F-417A-A13D-7FEC29ECB499-" ALIGN="Block" LEFT="0." RIGHT="0." FIRSTLINE="-15." LINESPACE="13.30000019"/>
<ParagraphStyle ID="StyleId-6B39EC51-644D-4E90-AF07-84EF2B1E466A-" ALIGN="Block" LEFT="0." RIGHT="0." FIRSTLINE="-15." LINESPACE="8.340000153"/>
<ParagraphStyle ID="StyleId-2C1BA15F-E223-41D6-853D-AAFBDAC17E68-" ALIGN="Center" LEFT="0." RIGHT="0." FIRSTLINE="0." LINESPACE="13."/>
<ParagraphStyle ID="StyleId-A3B2CDF3-43F0-422C-90A0-E074BFEC3BC0-" ALIGN="Block" LEFT="0." RIGHT="0." FIRSTLINE="0." LINESPACE="8.899999619"/>
<ParagraphStyle ID="StyleId-28AB2493-EA15-49C1-A6AC-ED5BC404F0B9-" ALIGN="Center" LEFT="0." RIGHT="0." FIRSTLINE="0." LINESPACE="12.19999981"/>
<ParagraphStyle ID="StyleId-4417A6D4-97E2-4EFC-962D-7FBC0D5273E4-" ALIGN="Left" LEFT="0." RIGHT="0." FIRSTLINE="15." LINESPACE="8.340000153"/>
<ParagraphStyle ID="StyleId-D4EF9C5E-3110-4A39-B7BC-3D84E0F04894-" ALIGN="Center" LEFT="0." RIGHT="0." FIRSTLINE="0." LINESPACE="13.30000019"/>
<ParagraphStyle ID="StyleId-D1243F31-1201-4D92-8F69-43ADB01E9AD1-" ALIGN="Left" LEFT="0." RIGHT="0." FIRSTLINE="-13." LINESPACE="13.30000019"/>
<ParagraphStyle ID="StyleId-C65417C6-23F2-4D8F-BA55-ECE73D98CAB9-" ALIGN="Left" LEFT="0." RIGHT="0." FIRSTLINE="0." LINESPACE="8.899999619"/>
<ParagraphStyle ID="StyleId-835763C1-08DD-41BE-8BAD-8E41EA88DAE3-" ALIGN="Center" LEFT="0." RIGHT="0." FIRSTLINE="0." LINESPACE="11.10000038"/>
<ParagraphStyle ID="StyleId-78FD6B81-8F83-422D-8DF4-4274EAFD19C6-" ALIGN="Block" LEFT="0." RIGHT="0." FIRSTLINE="-17." LINESPACE="12.19999981"/>
<ParagraphStyle ID="StyleId-F506BC7F-570D-458B-9F05-A143E1F5FD17-" ALIGN="Block" LEFT="0." RIGHT="0." FIRSTLINE="-17." LINESPACE="11.35000038"/>
<ParagraphStyle ID="StyleId-CBE02C6B-22D0-48C6-A874-7E90A22F4375-" ALIGN="Center" LEFT="0." RIGHT="0." FIRSTLINE="0." LINESPACE="4.400000095"/>
<ParagraphStyle ID="StyleId-14CC0121-63AF-4AB4-9656-E02F46C61AF2-" ALIGN="Left" LEFT="0." RIGHT="0." FIRSTLINE="0." LINESPACE="8.899999619"/>
<ParagraphStyle ID="StyleId-DD64CECB-1B22-4BFF-84F0-DFDE2B0000F8-" ALIGN="Left" LEFT="0." RIGHT="0." FIRSTLINE="0." LINESPACE="12.19999981"/>
<ParagraphStyle ID="StyleId-8AEF4AA8-141A-4E5D-9C3E-C0F9F43C742F-" ALIGN="Left" LEFT="0." RIGHT="0." FIRSTLINE="0." LINESPACE="8.300000191"/>
<ParagraphStyle ID="StyleId-8C396D2A-39C0-48AB-BABA-2679D8AB257E-" ALIGN="Left" LEFT="0." RIGHT="0." FIRSTLINE="0." LINESPACE="11.10000038"/>
<ParagraphStyle ID="StyleId-3B7FE50F-10D4-487F-BDCD-FD26EB60FD4A-" ALIGN="Block" LEFT="0." RIGHT="0." FIRSTLINE="13." LINESPACE="8.340000153"/>
<ParagraphStyle ID="StyleId-8CC5CC8E-615B-4C42-BB46-DB28FA355C27-" ALIGN="Left" LEFT="0." RIGHT="0." FIRSTLINE="0." LINESPACE="12.19999981"/>
<ParagraphStyle ID="StyleId-BC67E79D-8D99-4188-8B35-A59DBB7E2BB0-" ALIGN="Block" LEFT="0." RIGHT="0." FIRSTLINE="11." LINESPACE="9.399999619"/>
</Styles>
<Layout>
<Page ID="Page1482" PHYSICAL_IMG_NR="1482" HEIGHT="4412" WIDTH="2533">
<TopMargin HEIGHT="346" WIDTH="2533" VPOS="0" HPOS="0">
</TopMargin>
<LeftMargin HEIGHT="3756" WIDTH="318" VPOS="346" HPOS="0">
</LeftMargin>
<RightMargin HEIGHT="3756" WIDTH="173" VPOS="346" HPOS="2360">
</RightMargin>
<BottomMargin HEIGHT="310" WIDTH="2533" VPOS="4102" HPOS="0">
</BottomMargin>
<PrintSpace HEIGHT="3756" WIDTH="2042" VPOS="346" HPOS="318">
<TextBlock ID="Page1482_Block1" HEIGHT="80" WIDTH="170" VPOS="4022" HPOS="1246" LANG="en-US" STYLEREFS="StyleId-1E42EB3C-6CC8-4BE1-B2FF-5E5FBFB392C6-">
<TextLine HEIGHT="59" WIDTH="149" VPOS="4032" HPOS="1257">
<String CONTENT="1482" HEIGHT="59" WIDTH="149" VPOS="4032" HPOS="1257"/>
</TextLine>
</TextBlock>
<TextBlock ID="Page1482_Block2" HEIGHT="3698" WIDTH="2042" VPOS="346" HPOS="318" LANG="en-US" CS="1" STYLEREFS="StyleId-DEA98307-DD90-43BB-B92F-8ED0DC3D33BE-">
<Shape>
<Polygon POINTS="318,346 2360,346 2360,3960 1158,3960 1158,3962 1156,3962 1156,4044 318,4044 318,346"/>
</Shape>
<TextLine HEIGHT="73" WIDTH="843" VPOS="357" HPOS="337" STYLEREFS="StyleId-A164CE52-EFF5-4EC9-8B9D-6683D324B06C-">
<String LANG="de" CONTENT="Benedict," HEIGHT="73" WIDTH="319" VPOS="357" HPOS="337"/>
<SP HEIGHT="71" WIDTH="37" VPOS="359" HPOS="657"/>
<String LANG="en-US" CONTENT="Elsie" HEIGHT="58" WIDTH="169" VPOS="357" HPOS="695"/>
<SP HEIGHT="56" WIDTH="36" VPOS="358" HPOS="865"/>
<String LANG="de" CONTENT="Lincoln." HEIGHT="59" WIDTH="278" VPOS="358" HPOS="902"/>
</TextLine>
<TextLine HEIGHT="135" WIDTH="1987" VPOS="449" HPOS="336" STYLEREFS="StyleId-CB1FEF18-A0AF-4AAF-ACBD-8E089CD1371D-" CS="1">
<String LANG="de" CONTENT="Brainology," HEIGHT="72" WIDTH="409" VPOS="449" HPOS="411"/>
<SP HEIGHT="52" WIDTH="34" VPOS="469" HPOS="821"/>
<String LANG="en-US" CONTENT="a" HEIGHT="37" WIDTH="35" VPOS="469" HPOS="856"/>
<SP HEIGHT="38" WIDTH="35" VPOS="469" HPOS="892"/>
<String LANG="en-US" CONTENT="course" HEIGHT="38" WIDTH="219" VPOS="469" HPOS="928"/>
<SP HEIGHT="57" WIDTH="32" VPOS="450" HPOS="1148"/>
<String LANG="de" CONTENT="in" HEIGHT="56" WIDTH="65" VPOS="450" HPOS="1181"/>
<SP HEIGHT="38" WIDTH="34" VPOS="469" HPOS="1247"/>
<String LANG="en-US" CONTENT="scientific" HEIGHT="58" WIDTH="302" VPOS="450" HPOS="1282"/>
<SP HEIGHT="38" WIDTH="27" VPOS="470" HPOS="1585"/>
<String LANG="en-US" CONTENT="mind" HEIGHT="60" WIDTH="177" VPOS="449" HPOS="1613"/>
<SP HEIGHT="57" WIDTH="29" VPOS="452" HPOS="1791"/>
<String LANG="en-US" CONTENT="training." HEIGHT="73" WIDTH="300" VPOS="451" HPOS="1821"/>
<SP HEIGHT="56" WIDTH="81" VPOS="453" HPOS="2122"/>
<String LANG="en-US" CONTENT="Lesson" HEIGHT="131" WIDTH="1987" VPOS="453" HPOS="336"/>
</TextLine>
<TextLine HEIGHT="76" WIDTH="1838" VPOS="527" HPOS="512" STYLEREFS="StyleId-CB1FEF18-A0AF-4AAF-ACBD-8E089CD1371D-" CS="1">
<String CS="1" CONTENT="I[-XIV]" HEIGHT="52" WIDTH="170" VPOS="548" HPOS="512"/>
<SP HEIGHT="44" WIDTH="101" VPOS="556" HPOS="683"/>
<String CONTENT="[San" HEIGHT="73" WIDTH="147" VPOS="527" HPOS="785"/>
<SP HEIGHT="55" WIDTH="36" VPOS="529" HPOS="933"/>
<String CONTENT="Francisco]" HEIGHT="75" WIDTH="358" VPOS="528" HPOS="970"/>
<SP HEIGHT="73" WIDTH="39" VPOS="530" HPOS="1329"/>
<String CONTENT="The" HEIGHT="57" WIDTH="130" VPOS="529" HPOS="1369"/>
<SP HEIGHT="56" WIDTH="38" VPOS="530" HPOS="1500"/>
<String CONTENT="Elsie" HEIGHT="57" WIDTH="174" VPOS="530" HPOS="1539"/>
<SP HEIGHT="57" WIDTH="35" VPOS="530" HPOS="1714"/>
<String CONTENT="Lincoln" HEIGHT="58" WIDTH="261" VPOS="530" HPOS="1750"/>
<SP HEIGHT="56" WIDTH="35" VPOS="532" HPOS="2012"/>
<String CONTENT="Benedict" HEIGHT="58" WIDTH="302" VPOS="532" HPOS="2048"/>
</TextLine>
<TextLine HEIGHT="75" WIDTH="996" VPOS="605" HPOS="336" STYLEREFS="StyleId-CB1FEF18-A0AF-4AAF-ACBD-8E089CD1371D-">
<String CONTENT="school" HEIGHT="57" WIDTH="210" VPOS="606" HPOS="336"/>
<SP HEIGHT="57" WIDTH="29" VPOS="606" HPOS="547"/>
<String CONTENT="of" HEIGHT="58" WIDTH="68" VPOS="605" HPOS="577"/>
<SP HEIGHT="58" WIDTH="31" VPOS="605" HPOS="646"/>
<String CONTENT="opportunity" HEIGHT="72" WIDTH="418" VPOS="607" HPOS="678"/>
<SP HEIGHT="54" WIDTH="31" VPOS="626" HPOS="1097"/>
<String CONTENT="[" HEIGHT="43" WIDTH="14" VPOS="637" HPOS="1129"/>
<String STYLE="superscript" CONTENT="c" HEIGHT="23" WIDTH="17" VPOS="615" HPOS="1146"/>
<String CONTENT="1925]" HEIGHT="71" WIDTH="165" VPOS="609" HPOS="1167"/>
</TextLine>
<TextLine HEIGHT="45" WIDTH="475" VPOS="684" HPOS="410" CS="1">
<String CONTENT="14" HEIGHT="43" WIDTH="50" VPOS="684" HPOS="410"/>
<SP HEIGHT="44" WIDTH="19" VPOS="684" HPOS="461"/>
<String CS="1" CONTENT="v." HEIGHT="9" WIDTH="9" VPOS="719" HPOS="514"/>
<SP HEIGHT="44" WIDTH="59" VPOS="684" HPOS="524"/>
<String CONTENT="illus." HEIGHT="44" WIDTH="116" VPOS="684" HPOS="584"/>
<SP HEIGHT="42" WIDTH="63" VPOS="686" HPOS="701"/>
<String CONTENT="14" HEIGHT="44" WIDTH="51" VPOS="685" HPOS="765"/>
<String STYLE="superscript" CONTENT="cm" HEIGHT="17" WIDTH="46" VPOS="688" HPOS="822"/>
<String CONTENT="." HEIGHT="9" WIDTH="9" VPOS="720" HPOS="876"/>
</TextLine>
<TextLine HEIGHT="55" WIDTH="1518" VPOS="741" HPOS="407">
<String CONTENT="&#8220;Lesson-lecture[S]" HEIGHT="54" WIDTH="455" VPOS="741" HPOS="407"/>
<SP HEIGHT="37" WIDTH="26" VPOS="758" HPOS="863"/>
<String CONTENT="as" HEIGHT="28" WIDTH="47" VPOS="758" HPOS="890"/>
<SP HEIGHT="43" WIDTH="24" VPOS="743" HPOS="938"/>
<String CONTENT="delivered" HEIGHT="45" WIDTH="227" VPOS="742" HPOS="963"/>
<SP HEIGHT="43" WIDTH="21" VPOS="744" HPOS="1191"/>
<String CONTENT="by" HEIGHT="52" WIDTH="59" VPOS="744" HPOS="1213"/>
<SP HEIGHT="54" WIDTH="25" VPOS="742" HPOS="1273"/>
<String CONTENT="Elsie" HEIGHT="48" WIDTH="125" VPOS="742" HPOS="1299"/>
<SP HEIGHT="44" WIDTH="24" VPOS="744" HPOS="1425"/>
<String CONTENT="Lincoln" HEIGHT="45" WIDTH="190" VPOS="743" HPOS="1450"/>
<SP HEIGHT="44" WIDTH="27" VPOS="743" HPOS="1641"/>
<String CONTENT="Benedict.&#8221;" HEIGHT="46" WIDTH="256" VPOS="743" HPOS="1669"/>
</TextLine>
<TextLine HEIGHT="56" WIDTH="2009" VPOS="798" HPOS="338">
<String CONTENT="&#169;" HEIGHT="53" WIDTH="52" VPOS="798" HPOS="338"/>
<SP HEIGHT="53" WIDTH="29" VPOS="798" HPOS="391"/>
<String CONTENT="Oct." HEIGHT="44" WIDTH="102" VPOS="799" HPOS="421"/>
<SP HEIGHT="43" WIDTH="28" VPOS="800" HPOS="524"/>
<String CONTENT="8," HEIGHT="51" WIDTH="38" VPOS="800" HPOS="553"/>
<SP HEIGHT="50" WIDTH="31" VPOS="801" HPOS="592"/>
<String CONTENT="1925;" HEIGHT="52" WIDTH="131" VPOS="799" HPOS="624"/>
<SP HEIGHT="51" WIDTH="28" VPOS="800" HPOS="756"/>
<String CONTENT="2c." HEIGHT="43" WIDTH="65" VPOS="800" HPOS="785"/>
<SP HEIGHT="27" WIDTH="27" VPOS="816" HPOS="851"/>
<String CONTENT="each" HEIGHT="44" WIDTH="109" VPOS="799" HPOS="879"/>
<SP HEIGHT="44" WIDTH="29" VPOS="799" HPOS="989"/>
<String CONTENT="and" HEIGHT="42" WIDTH="86" VPOS="802" HPOS="1019"/>
<SP HEIGHT="42" WIDTH="29" VPOS="802" HPOS="1106"/>
<String CONTENT="aff." HEIGHT="43" WIDTH="78" VPOS="801" HPOS="1136"/>
<SP HEIGHT="43" WIDTH="30" VPOS="801" HPOS="1215"/>
<String CONTENT="Nov." HEIGHT="44" WIDTH="120" VPOS="801" HPOS="1246"/>
<SP HEIGHT="43" WIDTH="31" VPOS="802" HPOS="1367"/>
<String CONTENT="16;" HEIGHT="53" WIDTH="75" VPOS="801" HPOS="1399"/>
<SP HEIGHT="52" WIDTH="31" VPOS="802" HPOS="1475"/>
<!-- cceid 374764AB-6DD5-1014-B757-AF09C522E301 --><String CONTENT="A" HEIGHT="43" WIDTH="45" VPOS="802" HPOS="1507"/>
<SP HEIGHT="44" WIDTH="26" VPOS="802" HPOS="1553"/>
<String CONTENT="875415;" HEIGHT="54" WIDTH="191" VPOS="800" HPOS="1580"/>
<SP HEIGHT="53" WIDTH="33" VPOS="801" HPOS="1772"/>
<String LANG="la" CONTENT="E." HEIGHT="48" WIDTH="52" VPOS="801" HPOS="1806"/>
<SP HEIGHT="42" WIDTH="31" VPOS="803" HPOS="1859"/>
<String CONTENT="L." HEIGHT="43" WIDTH="49" VPOS="803" HPOS="1891"/>
<SP HEIGHT="43" WIDTH="30" VPOS="803" HPOS="1941"/>
<String CONTENT="Benedict," HEIGHT="47" WIDTH="227" VPOS="802" HPOS="1972"/>
<SP HEIGHT="45" WIDTH="29" VPOS="804" HPOS="2200"/>
<String CONTENT="New" HEIGHT="43" WIDTH="117" VPOS="804" HPOS="2230"/>
</TextLine>
<TextLine HEIGHT="56" WIDTH="485" VPOS="855" HPOS="408">
<String CONTENT="York." HEIGHT="44" WIDTH="143" VPOS="857" HPOS="408"/>
<SP HEIGHT="54" WIDTH="68" VPOS="857" HPOS="552"/>
<String CONTENT="(25-25290)" HEIGHT="56" WIDTH="272" VPOS="855" HPOS="621"/>
</TextLine>
<TextLine HEIGHT="73" WIDTH="455" VPOS="942" HPOS="336" STYLEREFS="StyleId-A164CE52-EFF5-4EC9-8B9D-6683D324B06C-">
<String CONTENT="Biehl," HEIGHT="73" WIDTH="199" VPOS="942" HPOS="336"/>
<SP HEIGHT="71" WIDTH="35" VPOS="944" HPOS="536"/>
<String CONTENT="Fidde." HEIGHT="59" WIDTH="219" VPOS="943" HPOS="572"/>
</TextLine>
<TextLine HEIGHT="74" WIDTH="1933" VPOS="1033" HPOS="412" STYLEREFS="StyleId-CB1FEF18-A0AF-4AAF-ACBD-8E089CD1371D-">
<String LANG="de" CONTENT="Gediegen" HEIGHT="74" WIDTH="317" VPOS="1033" HPOS="412"/>
<SP HEIGHT="57" WIDTH="33" VPOS="1034" HPOS="730"/>
<String LANG="en-US" CONTENT="kreturn," HEIGHT="73" WIDTH="283" VPOS="1034" HPOS="764"/>
<SP HEIGHT="53" WIDTH="37" VPOS="1054" HPOS="1048"/>
<String LANG="en-US" CONTENT="von" HEIGHT="37" WIDTH="123" VPOS="1054" HPOS="1086"/>
<SP HEIGHT="57" WIDTH="36" VPOS="1035" HPOS="1210"/>
<String LANG="en-US" CONTENT="Fidde" HEIGHT="58" WIDTH="201" VPOS="1035" HPOS="1247"/>
<SP HEIGHT="57" WIDTH="34" VPOS="1035" HPOS="1449"/>
<String LANG="en-US" CONTENT="Biehl;" HEIGHT="72" WIDTH="214" VPOS="1035" HPOS="1484"/>
<SP HEIGHT="52" WIDTH="35" VPOS="1055" HPOS="1699"/>
<String LANG="de" CONTENT="mit" HEIGHT="58" WIDTH="115" VPOS="1036" HPOS="1735"/>
<SP HEIGHT="58" WIDTH="33" VPOS="1036" HPOS="1851"/>
<String LANG="en-US" CONTENT="holzschnitten" HEIGHT="60" WIDTH="460" VPOS="1036" HPOS="1885"/>
</TextLine>
<TextLine HEIGHT="152" WIDTH="1991" VPOS="1113" HPOS="331" STYLEREFS="StyleId-CB1FEF18-A0AF-4AAF-ACBD-8E089CD1371D-" CS="1">
<String LANG="de" CONTENT="vom" HEIGHT="40" WIDTH="143" VPOS="1130" HPOS="332"/>
<SP HEIGHT="37" WIDTH="23" VPOS="1132" HPOS="476"/>
<String LANG="de" CONTENT="Verfasser." HEIGHT="58" WIDTH="347" VPOS="1113" HPOS="500"/>
<SP HEIGHT="57" WIDTH="64" VPOS="1113" HPOS="848"/>
<String LANG="en-US" CONTENT="Braunschweig" HEIGHT="74" WIDTH="495" VPOS="1113" HPOS="913"/>
<SP HEIGHT="54" WIDTH="22" VPOS="1133" HPOS="1409"/>
<String LANG="de" CONTENT="und" HEIGHT="56" WIDTH="128" VPOS="1115" HPOS="1432"/>
<SP HEIGHT="56" WIDTH="25" VPOS="1115" HPOS="1561"/>
<String LANG="en-US" CONTENT="Hamburg," HEIGHT="73" WIDTH="351" VPOS="1115" HPOS="1587"/>
<SP HEIGHT="73" WIDTH="28" VPOS="1115" HPOS="1939"/>
<String LANG="en-US" CONTENT="G." HEIGHT="59" WIDTH="70" VPOS="1115" HPOS="1968"/>
<SP HEIGHT="57" WIDTH="26" VPOS="1116" HPOS="2039"/>
<String LANG="en-US" CONTENT="Westermann" HEIGHT="133" WIDTH="1991" VPOS="1116" HPOS="331"/>
<SP HEIGHT="53" WIDTH="29" VPOS="1212" HPOS="523"/>
<String LANG="en-US" CONTENT="[" HEIGHT="43" WIDTH="12" VPOS="1222" HPOS="553"/>
<String STYLE="superscript" LANG="en-US" CONTENT="c" HEIGHT="22" WIDTH="20" VPOS="1201" HPOS="566"/>
<String LANG="en-US" CS="1" CONTENT="1924]" HEIGHT="56" WIDTH="150" VPOS="1193" HPOS="590"/>
</TextLine>
<TextLine HEIGHT="55" WIDTH="485" VPOS="1271" HPOS="405">
<String CONTENT="84" HEIGHT="43" WIDTH="55" VPOS="1273" HPOS="405"/>
<SP HEIGHT="52" WIDTH="27" VPOS="1274" HPOS="461"/>
<String CONTENT="p." HEIGHT="38" WIDTH="40" VPOS="1288" HPOS="489"/>
<SP HEIGHT="44" WIDTH="60" VPOS="1272" HPOS="530"/>
<String CONTENT="illus." HEIGHT="44" WIDTH="116" VPOS="1271" HPOS="591"/>
<SP HEIGHT="42" WIDTH="64" VPOS="1273" HPOS="708"/>
<String CONTENT="19" HEIGHT="43" WIDTH="49" VPOS="1273" HPOS="773"/>
<String STYLE="superscript" CONTENT="cm" HEIGHT="18" WIDTH="47" VPOS="1273" HPOS="828"/>
<String CONTENT="." HEIGHT="8" WIDTH="9" VPOS="1309" HPOS="881"/>
</TextLine>
<TextLine HEIGHT="56" WIDTH="2011" VPOS="1326" HPOS="334" CS="1">
<String CONTENT="&#169;" HEIGHT="54" WIDTH="53" VPOS="1327" HPOS="334"/>
<SP HEIGHT="54" WIDTH="34" VPOS="1327" HPOS="388"/>
<String CONTENT="Nov." HEIGHT="43" WIDTH="120" VPOS="1329" HPOS="423"/>
<SP HEIGHT="42" WIDTH="38" VPOS="1330" HPOS="544"/>
<String CONTENT="13," HEIGHT="50" WIDTH="61" VPOS="1330" HPOS="583"/>
<SP HEIGHT="50" WIDTH="39" VPOS="1330" HPOS="645"/>
<String CONTENT="1924;" HEIGHT="51" WIDTH="130" VPOS="1329" HPOS="685"/>
<SP/>
<String CS="1" CONTENT="1c."/>
<SP HEIGHT="42" WIDTH="35" VPOS="1330" HPOS="918"/>
<String CONTENT="Mar." HEIGHT="42" WIDTH="119" VPOS="1330" HPOS="954"/>
<SP HEIGHT="42" WIDTH="38" VPOS="1330" HPOS="1074"/>
<String CONTENT="12," HEIGHT="50" WIDTH="62" VPOS="1330" HPOS="1113"/>
<SP HEIGHT="50" WIDTH="37" VPOS="1330" HPOS="1176"/>
<String CONTENT="1925;" HEIGHT="55" WIDTH="130" VPOS="1326" HPOS="1214"/>
<SP HEIGHT="52" WIDTH="34" VPOS="1329" HPOS="1345"/>
<!-- cceid 3747831B-6DD5-1014-B757-AF09C522E301 --><String CONTENT="A&#8212;Foreign" HEIGHT="54" WIDTH="304" VPOS="1328" HPOS="1380"/>
<SP HEIGHT="43" WIDTH="33" VPOS="1329" HPOS="1685"/>
<String CONTENT="27045;" HEIGHT="54" WIDTH="163" VPOS="1327" HPOS="1719"/>
<SP HEIGHT="52" WIDTH="40" VPOS="1329" HPOS="1883"/>
<String CONTENT="G." HEIGHT="45" WIDTH="51" VPOS="1329" HPOS="1924"/>
<SP HEIGHT="43" WIDTH="34" VPOS="1331" HPOS="1976"/>
<String CONTENT="Westermann." HEIGHT="43" WIDTH="334" VPOS="1331" HPOS="2011"/>
</TextLine>
<TextLine HEIGHT="54" WIDTH="216" VPOS="1385" HPOS="414">
<String CONTENT="(26-304)" HEIGHT="54" WIDTH="216" VPOS="1385" HPOS="414"/>
</TextLine>
<TextLine HEIGHT="74" WIDTH="1057" VPOS="1470" HPOS="336" STYLEREFS="StyleId-A164CE52-EFF5-4EC9-8B9D-6683D324B06C-">
<String CONTENT="Binet-Valmer," HEIGHT="72" WIDTH="488" VPOS="1470" HPOS="336"/>
<SP HEIGHT="70" WIDTH="41" VPOS="1472" HPOS="825"/>
<String CONTENT="Gustave," HEIGHT="72" WIDTH="293" VPOS="1472" HPOS="867"/>
<SP HEIGHT="69" WIDTH="40" VPOS="1475" HPOS="1161"/>
<String CONTENT="1875-" HEIGHT="57" WIDTH="191" VPOS="1474" HPOS="1202"/>
</TextLine>
<TextLine HEIGHT="155" WIDTH="1991" VPOS="1563" HPOS="335" STYLEREFS="StyleId-CB1FEF18-A0AF-4AAF-ACBD-8E089CD1371D-" CS="1">
<String CS="1" CONTENT="&#8230;"/>
<SP HEIGHT="59" WIDTH="37" VPOS="1565" HPOS="484"/>
<String CONTENT="La" HEIGHT="56" WIDTH="94" VPOS="1565" HPOS="522"/>
<SP HEIGHT="53" WIDTH="28" VPOS="1583" HPOS="617"/>
<String CS="1" CONTENT="prostitu&#233;e" HEIGHT="73" WIDTH="352" VPOS="1563" HPOS="646"/>
<SP HEIGHT="58" WIDTH="35" VPOS="1563" HPOS="999"/>
<String CS="1" CONTENT="ing&#233;nue," HEIGHT="74" WIDTH="286" VPOS="1563" HPOS="1035"/>
<SP HEIGHT="53" WIDTH="37" VPOS="1583" HPOS="1322"/>
<String CONTENT="roman." HEIGHT="39" WIDTH="237" VPOS="1582" HPOS="1360"/>
<SP HEIGHT="56" WIDTH="79" VPOS="1564" HPOS="1598"/>
<String CONTENT="Paris," HEIGHT="72" WIDTH="207" VPOS="1563" HPOS="1678"/>
<SP HEIGHT="71" WIDTH="37" VPOS="1564" HPOS="1886"/>
<String CONTENT="E." HEIGHT="56" WIDTH="74" VPOS="1564" HPOS="1924"/>
<SP HEIGHT="57" WIDTH="35" VPOS="1563" HPOS="1999"/>
<String CONTENT="Flammarion" HEIGHT="137" WIDTH="1991" VPOS="1563" HPOS="335"/>
<SP HEIGHT="53" WIDTH="34" VPOS="1663" HPOS="476"/>
<String CONTENT="[" HEIGHT="43" WIDTH="14" VPOS="1673" HPOS="511"/>
<String STYLE="superscript" CONTENT="c" HEIGHT="22" WIDTH="22" VPOS="1650" HPOS="524"/>
<String CONTENT="1925]" HEIGHT="75" WIDTH="166" VPOS="1643" HPOS="549"/>
</TextLine>
<TextLine HEIGHT="52" WIDTH="365" VPOS="1720" HPOS="401" CS="1">
<String CONTENT="249" HEIGHT="44" WIDTH="84" VPOS="1720" HPOS="401"/>
<SP HEIGHT="51" WIDTH="29" VPOS="1721" HPOS="486"/>
<String CONTENT="p." HEIGHT="38" WIDTH="40" VPOS="1734" HPOS="516"/>
<SP HEIGHT="44" WIDTH="60" VPOS="1720" HPOS="557"/>
<String CS="1" CONTENT="18&#189;c" HEIGHT="45" WIDTH="51" VPOS="1720" HPOS="618"/>
<String STYLE="superscript" CONTENT="m" HEIGHT="18" WIDTH="29" VPOS="1722" HPOS="721"/>
<String CONTENT="." HEIGHT="9" WIDTH="10" VPOS="1754" HPOS="756"/>
</TextLine>
<TextLine HEIGHT="47" WIDTH="841" VPOS="1774" HPOS="404">
<String CONTENT="At" HEIGHT="45" WIDTH="66" VPOS="1776" HPOS="404"/>
<SP HEIGHT="45" WIDTH="26" VPOS="1776" HPOS="471"/>
<String CONTENT="head" HEIGHT="44" WIDTH="115" VPOS="1776" HPOS="498"/>
<SP HEIGHT="42" WIDTH="28" VPOS="1778" HPOS="614"/>
<String CONTENT="of" HEIGHT="44" WIDTH="52" VPOS="1776" HPOS="643"/>
<SP HEIGHT="44" WIDTH="26" VPOS="1776" HPOS="696"/>
<String CONTENT="title:" HEIGHT="44" WIDTH="125" VPOS="1776" HPOS="723"/>
<SP HEIGHT="45" WIDTH="32" VPOS="1775" HPOS="849"/>
<String CONTENT="Binet-Valmer." HEIGHT="46" WIDTH="363" VPOS="1774" HPOS="882"/>
</TextLine>
<TextLine HEIGHT="55" WIDTH="1955" VPOS="1831" HPOS="332" CS="1">
<String CONTENT="&#169;" HEIGHT="54" WIDTH="53" VPOS="1832" HPOS="332"/>
<SP HEIGHT="54" WIDTH="34" VPOS="1832" HPOS="386"/>
<String CONTENT="Nov." HEIGHT="43" WIDTH="119" VPOS="1834" HPOS="421"/>
<SP HEIGHT="42" WIDTH="39" VPOS="1834" HPOS="541"/>
<String CONTENT="19," HEIGHT="49" WIDTH="61" VPOS="1834" HPOS="581"/>
<SP HEIGHT="49" WIDTH="39" VPOS="1834" HPOS="643"/>
<String CONTENT="1925;" HEIGHT="53" WIDTH="130" VPOS="1831" HPOS="683"/>
<SP/>
<String CS="1" CONTENT="1c."/>
<SP HEIGHT="44" WIDTH="34" VPOS="1833" HPOS="918"/>
<String CONTENT="Nov." HEIGHT="43" WIDTH="120" VPOS="1833" HPOS="953"/>
<SP HEIGHT="43" WIDTH="31" VPOS="1833" HPOS="1074"/>
<String CONTENT="28;" HEIGHT="51" WIDTH="77" VPOS="1833" HPOS="1106"/>
<SP HEIGHT="51" WIDTH="37" VPOS="1833" HPOS="1184"/>
<!-- cceid 3747A43E-6DD5-1014-B757-AF09C522E301 --><String CONTENT="A&#8212;Foreign" HEIGHT="54" WIDTH="303" VPOS="1831" HPOS="1222"/>
<SP HEIGHT="42" WIDTH="33" VPOS="1833" HPOS="1526"/>
<String CONTENT="29247;" HEIGHT="53" WIDTH="162" VPOS="1831" HPOS="1560"/>
<SP HEIGHT="53" WIDTH="39" VPOS="1831" HPOS="1723"/>
<String CONTENT="Ernest" HEIGHT="48" WIDTH="166" VPOS="1831" HPOS="1763"/>
<SP HEIGHT="45" WIDTH="35" VPOS="1832" HPOS="1930"/>
<String CONTENT="Flammarion." HEIGHT="47" WIDTH="321" VPOS="1831" HPOS="1966"/>
</TextLine>
<TextLine HEIGHT="55" WIDTH="272" VPOS="1889" HPOS="412">
<String CONTENT="(25-28082)" HEIGHT="55" WIDTH="272" VPOS="1889" HPOS="412"/>
</TextLine>
<TextLine HEIGHT="60" WIDTH="1054" VPOS="1973" HPOS="334" STYLEREFS="StyleId-A164CE52-EFF5-4EC9-8B9D-6683D324B06C-">
<String CONTENT="Boston." HEIGHT="57" WIDTH="254" VPOS="1976" HPOS="334"/>
<SP HEIGHT="57" WIDTH="71" VPOS="1976" HPOS="589"/>
<String CONTENT="Museum" HEIGHT="56" WIDTH="291" VPOS="1976" HPOS="661"/>
<SP HEIGHT="41" WIDTH="30" VPOS="1991" HPOS="953"/>
<String CONTENT="of" HEIGHT="58" WIDTH="67" VPOS="1974" HPOS="984"/>
<SP HEIGHT="58" WIDTH="29" VPOS="1973" HPOS="1052"/>
<String CONTENT="fine" HEIGHT="58" WIDTH="120" VPOS="1973" HPOS="1082"/>
<SP HEIGHT="42" WIDTH="33" VPOS="1989" HPOS="1203"/>
<String CONTENT="arts." HEIGHT="54" WIDTH="151" VPOS="1977" HPOS="1237"/>
</TextLine>
<TextLine HEIGHT="74" WIDTH="1934" VPOS="2067" HPOS="410" STYLEREFS="StyleId-CB1FEF18-A0AF-4AAF-ACBD-8E089CD1371D-">
<String CONTENT="A" HEIGHT="57" WIDTH="59" VPOS="2069" HPOS="410"/>
<SP HEIGHT="57" WIDTH="27" VPOS="2069" HPOS="470"/>
<String CONTENT="catalogue" HEIGHT="73" WIDTH="326" VPOS="2068" HPOS="498"/>
<SP HEIGHT="38" WIDTH="30" VPOS="2087" HPOS="825"/>
<String CONTENT="of" HEIGHT="56" WIDTH="67" VPOS="2068" HPOS="856"/>
<SP HEIGHT="57" WIDTH="25" VPOS="2068" HPOS="924"/>
<String CONTENT="the" HEIGHT="57" WIDTH="104" VPOS="2068" HPOS="950"/>
<SP HEIGHT="38" WIDTH="25" VPOS="2087" HPOS="1055"/>
<String CONTENT="memorial" HEIGHT="58" WIDTH="331" VPOS="2067" HPOS="1081"/>
<SP HEIGHT="57" WIDTH="25" VPOS="2067" HPOS="1413"/>
<String CONTENT="exhibition" HEIGHT="58" WIDTH="346" VPOS="2067" HPOS="1439"/>
<SP HEIGHT="39" WIDTH="28" VPOS="2086" HPOS="1786"/>
<String CONTENT="of" HEIGHT="58" WIDTH="68" VPOS="2067" HPOS="1815"/>
<SP HEIGHT="58" WIDTH="26" VPOS="2067" HPOS="1884"/>
<String CONTENT="the" HEIGHT="58" WIDTH="103" VPOS="2067" HPOS="1911"/>
<SP HEIGHT="39" WIDTH="26" VPOS="2086" HPOS="2015"/>
<String CONTENT="works" HEIGHT="58" WIDTH="205" VPOS="2068" HPOS="2042"/>
<SP HEIGHT="39" WIDTH="30" VPOS="2088" HPOS="2248"/>
<String CONTENT="of" HEIGHT="58" WIDTH="65" VPOS="2069" HPOS="2279"/>
</TextLine>
<TextLine HEIGHT="138" WIDTH="1988" VPOS="2145" HPOS="333" STYLEREFS="StyleId-CB1FEF18-A0AF-4AAF-ACBD-8E089CD1371D-" CS="1">
<String CONTENT="the" HEIGHT="58" WIDTH="104" VPOS="2147" HPOS="333"/>
<SP HEIGHT="57" WIDTH="34" VPOS="2148" HPOS="438"/>
<String CONTENT="late" HEIGHT="56" WIDTH="126" VPOS="2148" HPOS="473"/>
<SP HEIGHT="57" WIDTH="35" VPOS="2147" HPOS="600"/>
<String CONTENT="John" HEIGHT="58" WIDTH="171" VPOS="2146" HPOS="636"/>
<SP HEIGHT="58" WIDTH="38" VPOS="2146" HPOS="808"/>
<String CONTENT="Singer" HEIGHT="72" WIDTH="231" VPOS="2146" HPOS="847"/>
<SP HEIGHT="59" WIDTH="35" VPOS="2145" HPOS="1079"/>
<String CONTENT="Sargent" HEIGHT="73" WIDTH="276" VPOS="2145" HPOS="1115"/>
<SP HEIGHT="54" WIDTH="32" VPOS="2148" HPOS="1392"/>
<String CONTENT="to" HEIGHT="53" WIDTH="63" VPOS="2149" HPOS="1425"/>
<SP HEIGHT="56" WIDTH="35" VPOS="2146" HPOS="1489"/>
<String CONTENT="be" HEIGHT="56" WIDTH="75" VPOS="2146" HPOS="1525"/>
<SP HEIGHT="38" WIDTH="37" VPOS="2164" HPOS="1601"/>
<String CONTENT="opened" HEIGHT="69" WIDTH="243" VPOS="2147" HPOS="1639"/>
<SP HEIGHT="56" WIDTH="34" VPOS="2147" HPOS="1883"/>
<String CONTENT="on" HEIGHT="37" WIDTH="78" VPOS="2166" HPOS="1918"/>
<SP HEIGHT="56" WIDTH="35" VPOS="2148" HPOS="1997"/>
<String CONTENT="the" HEIGHT="58" WIDTH="104" VPOS="2146" HPOS="2033"/>
<SP HEIGHT="38" WIDTH="38" VPOS="2166" HPOS="2138"/>
<String CONTENT="occasion" HEIGHT="116" WIDTH="1987" VPOS="2167" HPOS="334"/>
</TextLine>
<TextLine HEIGHT="75" WIDTH="1842" VPOS="2222" HPOS="502" STYLEREFS="StyleId-CB1FEF18-A0AF-4AAF-ACBD-8E089CD1371D-">
<String CONTENT="of" HEIGHT="57" WIDTH="68" VPOS="2225" HPOS="502"/>
<SP HEIGHT="57" WIDTH="27" VPOS="2225" HPOS="571"/>
<String CONTENT="the" HEIGHT="57" WIDTH="103" VPOS="2225" HPOS="599"/>
<SP HEIGHT="39" WIDTH="29" VPOS="2243" HPOS="703"/>
<String CONTENT="unveiling" HEIGHT="74" WIDTH="325" VPOS="2223" HPOS="733"/>
<SP HEIGHT="54" WIDTH="27" VPOS="2243" HPOS="1059"/>
<String CONTENT="of" HEIGHT="57" WIDTH="68" VPOS="2223" HPOS="1087"/>
<SP HEIGHT="57" WIDTH="29" VPOS="2223" HPOS="1156"/>
<String CONTENT="Mr." HEIGHT="56" WIDTH="120" VPOS="2223" HPOS="1186"/>
<SP HEIGHT="59" WIDTH="32" VPOS="2222" HPOS="1307"/>
<String CONTENT="Sargent&#8217;s" HEIGHT="74" WIDTH="337" VPOS="2222" HPOS="1340"/>
<SP HEIGHT="38" WIDTH="29" VPOS="2242" HPOS="1678"/>
<String CONTENT="mural" HEIGHT="57" WIDTH="208" VPOS="2223" HPOS="1708"/>
<SP HEIGHT="58" WIDTH="29" VPOS="2223" HPOS="1917"/>
<String CONTENT="decorations" HEIGHT="59" WIDTH="397" VPOS="2223" HPOS="1947"/>
</TextLine>
<TextLine HEIGHT="72" WIDTH="2010" VPOS="2301" HPOS="333" STYLEREFS="StyleId-CB1FEF18-A0AF-4AAF-ACBD-8E089CD1371D-">
<String CONTENT="over" HEIGHT="37" WIDTH="153" VPOS="2323" HPOS="333"/>
<SP HEIGHT="54" WIDTH="29" VPOS="2306" HPOS="487"/>
<String CONTENT="the" HEIGHT="57" WIDTH="103" VPOS="2303" HPOS="517"/>
<SP HEIGHT="38" WIDTH="31" VPOS="2321" HPOS="621"/>
<String CONTENT="main" HEIGHT="57" WIDTH="171" VPOS="2302" HPOS="653"/>
<SP HEIGHT="38" WIDTH="33" VPOS="2321" HPOS="825"/>
<String CONTENT="stair" HEIGHT="57" WIDTH="161" VPOS="2302" HPOS="859"/>
<SP HEIGHT="37" WIDTH="29" VPOS="2321" HPOS="1021"/>
<String CONTENT="case" HEIGHT="38" WIDTH="142" VPOS="2321" HPOS="1051"/>
<SP HEIGHT="37" WIDTH="33" VPOS="2321" HPOS="1194"/>
<String CONTENT="and" HEIGHT="56" WIDTH="125" VPOS="2302" HPOS="1228"/>
<SP HEIGHT="56" WIDTH="29" VPOS="2302" HPOS="1354"/>
<String CONTENT="the" HEIGHT="57" WIDTH="105" VPOS="2301" HPOS="1384"/>
<SP HEIGHT="56" WIDTH="30" VPOS="2302" HPOS="1490"/>
<String CONTENT="library" HEIGHT="72" WIDTH="245" VPOS="2301" HPOS="1521"/>
<SP HEIGHT="52" WIDTH="35" VPOS="2321" HPOS="1767"/>
<String CONTENT="of" HEIGHT="58" WIDTH="67" VPOS="2301" HPOS="1803"/>
<SP HEIGHT="58" WIDTH="31" VPOS="2301" HPOS="1871"/>
<String CONTENT="the" HEIGHT="58" WIDTH="105" VPOS="2301" HPOS="1903"/>
<SP HEIGHT="39" WIDTH="31" VPOS="2320" HPOS="2009"/>
<String CONTENT="museum." HEIGHT="39" WIDTH="302" VPOS="2320" HPOS="2041"/>
</TextLine>
<TextLine HEIGHT="73" WIDTH="2011" VPOS="2378" HPOS="333" STYLEREFS="StyleId-CB1FEF18-A0AF-4AAF-ACBD-8E089CD1371D-">
<String CONTENT="Exhibition" HEIGHT="58" WIDTH="369" VPOS="2380" HPOS="333"/>
<SP HEIGHT="56" WIDTH="40" VPOS="2380" HPOS="703"/>
<String CONTENT="from" HEIGHT="57" WIDTH="168" VPOS="2380" HPOS="744"/>
<SP HEIGHT="57" WIDTH="40" VPOS="2379" HPOS="913"/>
<String CONTENT="November" HEIGHT="58" WIDTH="357" VPOS="2379" HPOS="954"/>
<SP HEIGHT="55" WIDTH="39" VPOS="2381" HPOS="1312"/>
<String CONTENT="3" HEIGHT="55" WIDTH="33" VPOS="2381" HPOS="1352"/>
<SP HEIGHT="55" WIDTH="39" VPOS="2381" HPOS="1386"/>
<String CONTENT="to" HEIGHT="55" WIDTH="65" VPOS="2381" HPOS="1426"/>
<SP HEIGHT="56" WIDTH="40" VPOS="2379" HPOS="1492"/>
<String CONTENT="December" HEIGHT="57" WIDTH="346" VPOS="2379" HPOS="1533"/>
<SP HEIGHT="55" WIDTH="39" VPOS="2380" HPOS="1880"/>
<String CONTENT="27," HEIGHT="71" WIDTH="91" VPOS="2380" HPOS="1920"/>
<SP HEIGHT="53" WIDTH="40" VPOS="2398" HPOS="2012"/>
<String CONTENT="nineteen" HEIGHT="60" WIDTH="291" VPOS="2378" HPOS="2053"/>
</TextLine>
<TextLine HEIGHT="76" WIDTH="1943" VPOS="2455" HPOS="332" STYLEREFS="StyleId-CB1FEF18-A0AF-4AAF-ACBD-8E089CD1371D-">
<String CONTENT="twenty-five." HEIGHT="73" WIDTH="400" VPOS="2458" HPOS="332"/>
<SP HEIGHT="57" WIDTH="70" VPOS="2458" HPOS="733"/>
<String CONTENT="Boston," HEIGHT="71" WIDTH="259" VPOS="2458" HPOS="804"/>
<SP HEIGHT="73" WIDTH="33" VPOS="2456" HPOS="1064"/>
<String CONTENT="Mass.," HEIGHT="71" WIDTH="214" VPOS="2456" HPOS="1098"/>
<SP HEIGHT="71" WIDTH="31" VPOS="2456" HPOS="1313"/>
<String CONTENT="Museum" HEIGHT="57" WIDTH="288" VPOS="2456" HPOS="1345"/>
<SP HEIGHT="38" WIDTH="34" VPOS="2476" HPOS="1634"/>
<String CONTENT="of" HEIGHT="59" WIDTH="67" VPOS="2455" HPOS="1669"/>
<SP HEIGHT="57" WIDTH="28" VPOS="2455" HPOS="1737"/>
<String CONTENT="fine" HEIGHT="58" WIDTH="121" VPOS="2456" HPOS="1766"/>
<SP HEIGHT="38" WIDTH="32" VPOS="2476" HPOS="1888"/>
<String CONTENT="arts," HEIGHT="69" WIDTH="154" VPOS="2459" HPOS="1921"/>
<SP HEIGHT="68" WIDTH="33" VPOS="2460" HPOS="2076"/>
<String CONTENT="1925." HEIGHT="56" WIDTH="165" VPOS="2458" HPOS="2110"/>
</TextLine>
<TextLine HEIGHT="57" WIDTH="1142" VPOS="2533" HPOS="437" CS="1">
<String CS="1" CONTENT="x," HEIGHT="18" WIDTH="10" VPOS="2571" HPOS="437"/>
<SP HEIGHT="30" WIDTH="30" VPOS="2560" HPOS="448"/>
<String CONTENT="[1]," HEIGHT="53" WIDTH="70" VPOS="2537" HPOS="479"/>
<SP HEIGHT="52" WIDTH="24" VPOS="2536" HPOS="550"/>
<String CONTENT="26" HEIGHT="43" WIDTH="56" VPOS="2535" HPOS="575"/>
<SP/>
<String CS="1" CONTENT="p.,"/>
<SP/>
<String CS="1" CONTENT="1"/>
<SP/>
<String CS="1" CONTENT="l."/>
<SP HEIGHT="43" WIDTH="62" VPOS="2534" HPOS="824"/>
<String CONTENT="front.," HEIGHT="51" WIDTH="151" VPOS="2534" HPOS="887"/>
<SP HEIGHT="38" WIDTH="29" VPOS="2548" HPOS="1039"/>
<String CONTENT="plates," HEIGHT="53" WIDTH="159" VPOS="2533" HPOS="1069"/>
<SP HEIGHT="38" WIDTH="26" VPOS="2548" HPOS="1229"/>
<String CONTENT="ports." HEIGHT="45" WIDTH="140" VPOS="2541" HPOS="1256"/>
<SP HEIGHT="44" WIDTH="57" VPOS="2533" HPOS="1397"/>
<String CONTENT="29" HEIGHT="43" WIDTH="57" VPOS="2533" HPOS="1455"/>
<String STYLE="superscript" CONTENT="cm" HEIGHT="18" WIDTH="47" VPOS="2535" HPOS="1517"/>
<String CONTENT="." HEIGHT="8" WIDTH="9" VPOS="2568" HPOS="1570"/>
</TextLine>
<TextLine HEIGHT="59" WIDTH="1892" VPOS="2588" HPOS="332">
<String CONTENT="&#169;" HEIGHT="55" WIDTH="52" VPOS="2592" HPOS="332"/>
<SP HEIGHT="55" WIDTH="32" VPOS="2592" HPOS="385"/>
<String CONTENT="Nov." HEIGHT="45" WIDTH="119" VPOS="2593" HPOS="418"/>
<SP HEIGHT="43" WIDTH="30" VPOS="2594" HPOS="538"/>
<String CONTENT="3," HEIGHT="51" WIDTH="39" VPOS="2594" HPOS="569"/>
<SP HEIGHT="51" WIDTH="34" VPOS="2594" HPOS="609"/>
<String CONTENT="1925;" HEIGHT="55" WIDTH="130" VPOS="2590" HPOS="644"/>
<SP HEIGHT="52" WIDTH="32" VPOS="2593" HPOS="775"/>
<String CONTENT="2c." HEIGHT="43" WIDTH="64" VPOS="2593" HPOS="808"/>
<SP HEIGHT="28" WIDTH="33" VPOS="2608" HPOS="873"/>
<String CONTENT="and" HEIGHT="43" WIDTH="87" VPOS="2593" HPOS="907"/>
<SP HEIGHT="43" WIDTH="30" VPOS="2593" HPOS="995"/>
<String CONTENT="aff." HEIGHT="44" WIDTH="79" VPOS="2592" HPOS="1026"/>
<SP HEIGHT="43" WIDTH="34" VPOS="2592" HPOS="1106"/>
<String CONTENT="Dec." HEIGHT="43" WIDTH="108" VPOS="2592" HPOS="1141"/>
<SP HEIGHT="44" WIDTH="30" VPOS="2591" HPOS="1250"/>
<String CONTENT="2;" HEIGHT="52" WIDTH="50" VPOS="2591" HPOS="1281"/>
<SP HEIGHT="52" WIDTH="34" VPOS="2591" HPOS="1332"/>
<!-- cceid 3747C1F7-6DD5-1014-B757-AF09C522E301 --><String CONTENT="A" HEIGHT="43" WIDTH="43" VPOS="2591" HPOS="1367"/>
<SP HEIGHT="44" WIDTH="33" VPOS="2591" HPOS="1411"/>
<String CONTENT="872658;" HEIGHT="55" WIDTH="188" VPOS="2588" HPOS="1445"/>
<SP HEIGHT="52" WIDTH="36" VPOS="2591" HPOS="1634"/>
<String CONTENT="Museum" HEIGHT="44" WIDTH="212" VPOS="2591" HPOS="1671"/>
<SP HEIGHT="29" WIDTH="31" VPOS="2606" HPOS="1884"/>
<String CONTENT="of" HEIGHT="46" WIDTH="53" VPOS="2589" HPOS="1916"/>
<SP HEIGHT="45" WIDTH="26" VPOS="2589" HPOS="1970"/>
<String CONTENT="fine" HEIGHT="45" WIDTH="88" VPOS="2591" HPOS="1997"/>
<SP HEIGHT="30" WIDTH="29" VPOS="2606" HPOS="2086"/>
<String CONTENT="arts." HEIGHT="39" WIDTH="108" VPOS="2597" HPOS="2116"/>
</TextLine>
<TextLine HEIGHT="56" WIDTH="272" VPOS="2649" HPOS="410">
<String CONTENT="(25-25098)" HEIGHT="56" WIDTH="272" VPOS="2649" HPOS="410"/>
</TextLine>
<TextLine HEIGHT="77" WIDTH="728" VPOS="2732" HPOS="330" STYLEREFS="StyleId-A164CE52-EFF5-4EC9-8B9D-6683D324B06C-">
<String CONTENT="Bowen," HEIGHT="71" WIDTH="248" VPOS="2738" HPOS="330"/>
<SP HEIGHT="72" WIDTH="39" VPOS="2737" HPOS="579"/>
<String CONTENT="Oran" HEIGHT="58" WIDTH="171" VPOS="2737" HPOS="619"/>
<SP HEIGHT="58" WIDTH="32" VPOS="2736" HPOS="791"/>
<String CONTENT="Rishel." HEIGHT="62" WIDTH="234" VPOS="2732" HPOS="824"/>
</TextLine>
<TextLine HEIGHT="78" WIDTH="1951" VPOS="2813" HPOS="385" STYLEREFS="StyleId-CB1FEF18-A0AF-4AAF-ACBD-8E089CD1371D-">
<String CONTENT="The" HEIGHT="57" WIDTH="130" VPOS="2820" HPOS="385"/>
<SP HEIGHT="53" WIDTH="22" VPOS="2838" HPOS="516"/>
<String CONTENT="government" HEIGHT="70" WIDTH="411" VPOS="2821" HPOS="539"/>
<SP HEIGHT="53" WIDTH="22" VPOS="2821" HPOS="951"/>
<String CONTENT="of" HEIGHT="58" WIDTH="68" VPOS="2816" HPOS="974"/>
<SP HEIGHT="57" WIDTH="19" VPOS="2816" HPOS="1043"/>
<String CONTENT="Nebraska." HEIGHT="60" WIDTH="346" VPOS="2813" HPOS="1063"/>
<SP HEIGHT="56" WIDTH="65" VPOS="2816" HPOS="1410"/>
<String CONTENT="Rev." HEIGHT="56" WIDTH="150" VPOS="2816" HPOS="1476"/>
<SP HEIGHT="57" WIDTH="61" VPOS="2815" HPOS="1627"/>
<String CONTENT="By" HEIGHT="72" WIDTH="100" VPOS="2815" HPOS="1689"/>
<SP HEIGHT="71" WIDTH="23" VPOS="2816" HPOS="1790"/>
<String CONTENT="Oran" HEIGHT="58" WIDTH="172" VPOS="2816" HPOS="1814"/>
<SP HEIGHT="56" WIDTH="21" VPOS="2817" HPOS="1987"/>
<String CONTENT="R." HEIGHT="56" WIDTH="74" VPOS="2817" HPOS="2009"/>
<SP HEIGHT="56" WIDTH="21" VPOS="2817" HPOS="2084"/>
<String CONTENT="Bowen" HEIGHT="58" WIDTH="230" VPOS="2817" HPOS="2106"/>
</TextLine>
<TextLine HEIGHT="74" WIDTH="1477" VPOS="2895" HPOS="398" STYLEREFS="StyleId-CB1FEF18-A0AF-4AAF-ACBD-8E089CD1371D-" CS="1">
<String CS="1" CONTENT="&#8230;"/>
<SP HEIGHT="58" WIDTH="84" VPOS="2898" HPOS="398"/>
<String CONTENT="Wayne," HEIGHT="71" WIDTH="263" VPOS="2898" HPOS="483"/>
<SP HEIGHT="72" WIDTH="24" VPOS="2896" HPOS="747"/>
<String CONTENT="Neb.," HEIGHT="72" WIDTH="175" VPOS="2896" HPOS="772"/>
<SP HEIGHT="72" WIDTH="24" VPOS="2896" HPOS="948"/>
<String CONTENT="F." HEIGHT="56" WIDTH="69" VPOS="2896" HPOS="973"/>
<SP HEIGHT="57" WIDTH="27" VPOS="2895" HPOS="1043"/>
<String CONTENT="H." HEIGHT="56" WIDTH="78" VPOS="2895" HPOS="1071"/>
<SP HEIGHT="57" WIDTH="25" VPOS="2895" HPOS="1150"/>
<String CONTENT="Jones" HEIGHT="57" WIDTH="197" VPOS="2895" HPOS="1176"/>
<SP HEIGHT="38" WIDTH="26" VPOS="2913" HPOS="1374"/>
<String CONTENT="and" HEIGHT="56" WIDTH="126" VPOS="2895" HPOS="1401"/>
<SP HEIGHT="56" WIDTH="22" VPOS="2895" HPOS="1528"/>
<String CONTENT="son," HEIGHT="52" WIDTH="131" VPOS="2913" HPOS="1551"/>
<SP HEIGHT="69" WIDTH="24" VPOS="2896" HPOS="1683"/>
<String CONTENT="1925." HEIGHT="56" WIDTH="167" VPOS="2895" HPOS="1708"/>
</TextLine>
<TextLine HEIGHT="59" WIDTH="1234" VPOS="2972" HPOS="399" CS="1">
<String CONTENT="5" HEIGHT="46" WIDTH="23" VPOS="2977" HPOS="399"/>
<SP/>
<String CS="1" CONTENT="p."/>
<SP/>
<String CS="1" CONTENT="l.,"/>
<SP HEIGHT="52" WIDTH="28" VPOS="2979" HPOS="563"/>
<String CONTENT="129" HEIGHT="44" WIDTH="78" VPOS="2977" HPOS="592"/>
<SP HEIGHT="52" WIDTH="25" VPOS="2977" HPOS="671"/>
<String CONTENT="p." HEIGHT="38" WIDTH="40" VPOS="2991" HPOS="697"/>
<SP HEIGHT="43" WIDTH="60" VPOS="2976" HPOS="738"/>
<String CONTENT="illus." HEIGHT="44" WIDTH="116" VPOS="2975" HPOS="799"/>
<SP HEIGHT="53" WIDTH="26" VPOS="2975" HPOS="916"/>
<String CONTENT="(" HEIGHT="53" WIDTH="17" VPOS="2975" HPOS="943"/>
<SP/>
<String CS="1" CONTENT="incl."/>
<SP HEIGHT="43" WIDTH="28" VPOS="2974" HPOS="1073"/>
<String CONTENT="maps)" HEIGHT="53" WIDTH="153" VPOS="2973" HPOS="1102"/>
<SP HEIGHT="53" WIDTH="34" VPOS="2973" HPOS="1256"/>
<String CONTENT="plates." HEIGHT="54" WIDTH="158" VPOS="2972" HPOS="1291"/>
<SP HEIGHT="41" WIDTH="60" VPOS="2975" HPOS="1450"/>
<String CONTENT="20" HEIGHT="43" WIDTH="52" VPOS="2974" HPOS="1511"/>
<String STYLE="superscript" CONTENT="cm" HEIGHT="18" WIDTH="46" VPOS="2976" HPOS="1571"/>
<String CONTENT="." HEIGHT="8" WIDTH="8" VPOS="3012" HPOS="1625"/>
</TextLine>
<TextLine HEIGHT="54" WIDTH="1330" VPOS="3028" HPOS="402">
<String CONTENT="&#8220;Constitution" HEIGHT="46" WIDTH="335" VPOS="3034" HPOS="402"/>
<SP HEIGHT="28" WIDTH="24" VPOS="3049" HPOS="738"/>
<String CONTENT="of" HEIGHT="44" WIDTH="52" VPOS="3033" HPOS="763"/>
<SP HEIGHT="43" WIDTH="22" VPOS="3033" HPOS="816"/>
<String CONTENT="the" HEIGHT="44" WIDTH="75" VPOS="3032" HPOS="839"/>
<SP HEIGHT="29" WIDTH="26" VPOS="3047" HPOS="915"/>
<String CONTENT="state" HEIGHT="37" WIDTH="114" VPOS="3038" HPOS="942"/>
<SP HEIGHT="28" WIDTH="24" VPOS="3047" HPOS="1057"/>
<String CONTENT="of" HEIGHT="44" WIDTH="51" VPOS="3031" HPOS="1082"/>
<SP HEIGHT="43" WIDTH="25" VPOS="3030" HPOS="1134"/>
<String CONTENT="Nebraska&#8221;:" HEIGHT="45" WIDTH="297" VPOS="3028" HPOS="1160"/>
<SP HEIGHT="38" WIDTH="28" VPOS="3044" HPOS="1458"/>
<String CONTENT="p." HEIGHT="38" WIDTH="39" VPOS="3044" HPOS="1487"/>
<SP HEIGHT="43" WIDTH="25" VPOS="3029" HPOS="1527"/>
<String CONTENT="65-108." HEIGHT="46" WIDTH="179" VPOS="3028" HPOS="1553"/>
</TextLine>
<TextLine HEIGHT="59" WIDTH="2007" VPOS="3085" HPOS="330">
<String CONTENT="&#169;" HEIGHT="54" WIDTH="53" VPOS="3090" HPOS="330"/>
<SP HEIGHT="54" WIDTH="37" VPOS="3090" HPOS="384"/>
<String CONTENT="Nov." HEIGHT="42" WIDTH="119" VPOS="3093" HPOS="422"/>
<SP HEIGHT="43" WIDTH="42" VPOS="3092" HPOS="542"/>
<String CONTENT="16," HEIGHT="47" WIDTH="60" VPOS="3091" HPOS="585"/>
<SP HEIGHT="46" WIDTH="42" VPOS="3092" HPOS="646"/>
<String CONTENT="1925;" HEIGHT="53" WIDTH="129" VPOS="3087" HPOS="689"/>
<SP HEIGHT="51" WIDTH="39" VPOS="3089" HPOS="819"/>
<String CONTENT="2c." HEIGHT="42" WIDTH="67" VPOS="3089" HPOS="859"/>
<SP HEIGHT="43" WIDTH="39" VPOS="3088" HPOS="927"/>
<String CONTENT="Nov." HEIGHT="43" WIDTH="118" VPOS="3088" HPOS="967"/>
<SP HEIGHT="42" WIDTH="36" VPOS="3088" HPOS="1086"/>
<String CONTENT="21;" HEIGHT="51" WIDTH="78" VPOS="3088" HPOS="1123"/>
<SP HEIGHT="37" WIDTH="39" VPOS="3102" HPOS="1202"/>
<String CONTENT="aff." HEIGHT="42" WIDTH="79" VPOS="3087" HPOS="1242"/>
<SP HEIGHT="43" WIDTH="38" VPOS="3086" HPOS="1322"/>
<String CONTENT="Nov." HEIGHT="44" WIDTH="120" VPOS="3086" HPOS="1361"/>
<SP HEIGHT="41" WIDTH="43" VPOS="3088" HPOS="1482"/>
<String CONTENT="19;" HEIGHT="52" WIDTH="74" VPOS="3087" HPOS="1526"/>
<SP HEIGHT="52" WIDTH="40" VPOS="3087" HPOS="1601"/>
<!-- cceid 3747E14E-6DD5-1014-B757-AF09C522E301 --><String CONTENT="A" HEIGHT="42" WIDTH="43" VPOS="3087" HPOS="1642"/>
<SP HEIGHT="43" WIDTH="38" VPOS="3087" HPOS="1686"/>
<String CONTENT="872552;" HEIGHT="54" WIDTH="190" VPOS="3085" HPOS="1725"/>
<SP HEIGHT="51" WIDTH="44" VPOS="3088" HPOS="1916"/>
<String CONTENT="O." HEIGHT="44" WIDTH="55" VPOS="3088" HPOS="1961"/>
<SP HEIGHT="42" WIDTH="40" VPOS="3089" HPOS="2017"/>
<String CONTENT="R." HEIGHT="43" WIDTH="53" VPOS="3089" HPOS="2058"/>
<SP HEIGHT="44" WIDTH="42" VPOS="3088" HPOS="2112"/>
<String CONTENT="Bowen," HEIGHT="53" WIDTH="182" VPOS="3088" HPOS="2155"/>
</TextLine>
<TextLine HEIGHT="59" WIDTH="690" VPOS="3143" HPOS="400">
<String CONTENT="Wayne," HEIGHT="53" WIDTH="193" VPOS="3149" HPOS="400"/>
<SP HEIGHT="53" WIDTH="36" VPOS="3147" HPOS="594"/>
<String CONTENT="Neb." HEIGHT="43" WIDTH="117" VPOS="3147" HPOS="631"/>
<SP HEIGHT="53" WIDTH="68" VPOS="3147" HPOS="749"/>
<String CONTENT="(25-25311)" HEIGHT="57" WIDTH="272" VPOS="3143" HPOS="818"/>
</TextLine>
<TextLine HEIGHT="71" WIDTH="616" VPOS="3234" HPOS="330" STYLEREFS="StyleId-A164CE52-EFF5-4EC9-8B9D-6683D324B06C-">
<String CONTENT="Brienne," HEIGHT="70" WIDTH="289" VPOS="3235" HPOS="330"/>
<SP HEIGHT="71" WIDTH="34" VPOS="3234" HPOS="620"/>
<String CONTENT="Jacques." HEIGHT="70" WIDTH="291" VPOS="3234" HPOS="655"/>
</TextLine>
<TextLine HEIGHT="156" WIDTH="1987" VPOS="3307" HPOS="331" STYLEREFS="StyleId-CB1FEF18-A0AF-4AAF-ACBD-8E089CD1371D-" CS="1">
<String CS="1" CONTENT="&#8230;"/>
<SP HEIGHT="60" WIDTH="37" VPOS="3313" HPOS="475"/>
<String CONTENT="Monna," HEIGHT="71" WIDTH="254" VPOS="3313" HPOS="513"/>
<SP HEIGHT="54" WIDTH="28" VPOS="3330" HPOS="768"/>
<String CONTENT="ma" HEIGHT="37" WIDTH="103" VPOS="3330" HPOS="797"/>
<SP HEIGHT="58" WIDTH="28" VPOS="3309" HPOS="901"/>
<String CONTENT="fleur" HEIGHT="58" WIDTH="161" VPOS="3309" HPOS="930"/>
<SP HEIGHT="56" WIDTH="28" VPOS="3310" HPOS="1092"/>
<String CONTENT="d&#8217;amour!" HEIGHT="56" WIDTH="323" VPOS="3310" HPOS="1121"/>
<SP HEIGHT="53" WIDTH="33" VPOS="3311" HPOS="1445"/>
<String CONTENT="roman" HEIGHT="38" WIDTH="221" VPOS="3327" HPOS="1479"/>
<SP HEIGHT="56" WIDTH="31" VPOS="3310" HPOS="1701"/>
<String CONTENT="dramatique." HEIGHT="73" WIDTH="413" VPOS="3307" HPOS="1733"/>
<SP HEIGHT="56" WIDTH="74" VPOS="3310" HPOS="2147"/>
<String CONTENT="Paris," HEIGHT="153" WIDTH="1987" VPOS="3310" HPOS="331"/>
<SP HEIGHT="70" WIDTH="29" VPOS="3393" HPOS="440"/>
<String CONTENT="J." HEIGHT="57" WIDTH="60" VPOS="3393" HPOS="470"/>
<SP HEIGHT="57" WIDTH="32" VPOS="3391" HPOS="531"/>
<String CONTENT="Tallandier," HEIGHT="73" WIDTH="383" VPOS="3388" HPOS="564"/>
<SP HEIGHT="66" WIDTH="27" VPOS="3395" HPOS="948"/>
<String STYLE="superscript" CONTENT="c" HEIGHT="22" WIDTH="20" VPOS="3395" HPOS="976"/>
<String CONTENT="1925." HEIGHT="56" WIDTH="167" VPOS="3388" HPOS="1000"/>
</TextLine>
<TextLine HEIGHT="58" WIDTH="1939" VPOS="3462" HPOS="399" CS="1">
<String CONTENT="223" HEIGHT="44" WIDTH="82" VPOS="3469" HPOS="399"/>
<SP HEIGHT="51" WIDTH="38" VPOS="3469" HPOS="482"/>
<String CONTENT="p." HEIGHT="37" WIDTH="39" VPOS="3483" HPOS="521"/>
<SP HEIGHT="43" WIDTH="72" VPOS="3468" HPOS="561"/>
<String CS="1" CONTENT="18&#189;c" HEIGHT="44" WIDTH="49" VPOS="3467" HPOS="634"/>
<String STYLE="superscript" CONTENT="m" HEIGHT="17" WIDTH="29" VPOS="3469" HPOS="737"/>
<String CONTENT="." HEIGHT="8" WIDTH="8" VPOS="3500" HPOS="773"/>
<SP HEIGHT="53" WIDTH="68" VPOS="3465" HPOS="782"/>
<String CONTENT="(On" HEIGHT="53" WIDTH="103" VPOS="3465" HPOS="851"/>
<SP HEIGHT="29" WIDTH="39" VPOS="3479" HPOS="955"/>
<String CONTENT="cover:" HEIGHT="31" WIDTH="160" VPOS="3477" HPOS="995"/>
<SP HEIGHT="44" WIDTH="45" VPOS="3463" HPOS="1156"/>
<String CONTENT="Le" HEIGHT="43" WIDTH="62" VPOS="3463" HPOS="1202"/>
<SP HEIGHT="44" WIDTH="40" VPOS="3462" HPOS="1265"/>
<String CONTENT="livre" HEIGHT="45" WIDTH="114" VPOS="3462" HPOS="1306"/>
<SP HEIGHT="30" WIDTH="38" VPOS="3477" HPOS="1421"/>
<String CONTENT="national;" HEIGHT="52" WIDTH="226" VPOS="3462" HPOS="1460"/>
<SP HEIGHT="37" WIDTH="46" VPOS="3477" HPOS="1687"/>
<String CONTENT="romans" HEIGHT="30" WIDTH="181" VPOS="3477" HPOS="1734"/>
<SP HEIGHT="38" WIDTH="42" VPOS="3477" HPOS="1916"/>
<String CONTENT="populaires." HEIGHT="53" WIDTH="270" VPOS="3462" HPOS="1959"/>
<SP HEIGHT="28" WIDTH="58" VPOS="3479" HPOS="2230"/>
<String CONTENT="n&#176;" HEIGHT="39" WIDTH="49" VPOS="3468" HPOS="2289"/>
</TextLine>
<TextLine HEIGHT="52" WIDTH="107" VPOS="3526" HPOS="328">
<String CONTENT="491)" HEIGHT="52" WIDTH="107" VPOS="3526" HPOS="328"/>
</TextLine>
<TextLine HEIGHT="62" WIDTH="1808" VPOS="3574" HPOS="328" CS="1">
<String CONTENT="&#169;" HEIGHT="54" WIDTH="52" VPOS="3582" HPOS="328"/>
<SP HEIGHT="54" WIDTH="32" VPOS="3582" HPOS="381"/>
<String CONTENT="July" HEIGHT="54" WIDTH="106" VPOS="3582" HPOS="414"/>
<SP HEIGHT="52" WIDTH="32" VPOS="3582" HPOS="521"/>
<String CONTENT="30," HEIGHT="50" WIDTH="66" VPOS="3581" HPOS="554"/>
<SP HEIGHT="50" WIDTH="35" VPOS="3581" HPOS="621"/>
<String CONTENT="1925;" HEIGHT="54" WIDTH="131" VPOS="3577" HPOS="657"/>
<SP/>
<String CS="1" CONTENT="1c."/>
<SP HEIGHT="47" WIDTH="35" VPOS="3577" HPOS="889"/>
<String CONTENT="Sept." HEIGHT="52" WIDTH="123" VPOS="3577" HPOS="925"/>
<SP HEIGHT="43" WIDTH="32" VPOS="3577" HPOS="1049"/>
<String CONTENT="8;" HEIGHT="52" WIDTH="49" VPOS="3577" HPOS="1082"/>
<SP HEIGHT="52" WIDTH="35" VPOS="3577" HPOS="1132"/>
<!-- cceid 3747FE02-6DD5-1014-B757-AF09C522E301 --><String CONTENT="A&#8212;Foreign" HEIGHT="53" WIDTH="302" VPOS="3575" HPOS="1168"/>
<SP HEIGHT="42" WIDTH="31" VPOS="3576" HPOS="1471"/>
<String CONTENT="28535;" HEIGHT="54" WIDTH="162" VPOS="3574" HPOS="1503"/>
<SP HEIGHT="51" WIDTH="36" VPOS="3577" HPOS="1666"/>
<String CONTENT="Jules" HEIGHT="51" WIDTH="123" VPOS="3577" HPOS="1703"/>
<SP HEIGHT="44" WIDTH="32" VPOS="3575" HPOS="1827"/>
<String CONTENT="Tallandier." HEIGHT="46" WIDTH="276" VPOS="3575" HPOS="1860"/>
</TextLine>
<TextLine HEIGHT="58" WIDTH="271" VPOS="3635" HPOS="407">
<String CONTENT="(25-28085)" HEIGHT="58" WIDTH="271" VPOS="3635" HPOS="407"/>
</TextLine>
<TextLine HEIGHT="82" WIDTH="1140" VPOS="3717" HPOS="332" STYLEREFS="StyleId-A164CE52-EFF5-4EC9-8B9D-6683D324B06C-">
<String CONTENT="[Brigham," HEIGHT="76" WIDTH="339" VPOS="3723" HPOS="332"/>
<SP HEIGHT="73" WIDTH="39" VPOS="3721" HPOS="672"/>
<String CONTENT="Gertrude" HEIGHT="61" WIDTH="308" VPOS="3718" HPOS="712"/>
<SP HEIGHT="58" WIDTH="38" VPOS="3719" HPOS="1021"/>
<String CONTENT="Richardson]" HEIGHT="74" WIDTH="412" VPOS="3717" HPOS="1060"/>
</TextLine>
<TextLine HEIGHT="154" WIDTH="1979" VPOS="3796" HPOS="329" STYLEREFS="StyleId-CB1FEF18-A0AF-4AAF-ACBD-8E089CD1371D-" CS="1">
<String CONTENT="Red" HEIGHT="56" WIDTH="137" VPOS="3807" HPOS="405"/>
<SP HEIGHT="58" WIDTH="37" VPOS="3805" HPOS="543"/>
<String CONTENT="letter" HEIGHT="55" WIDTH="187" VPOS="3805" HPOS="581"/>
<SP HEIGHT="58" WIDTH="37" VPOS="3801" HPOS="769"/>
<String CONTENT="days" HEIGHT="71" WIDTH="157" VPOS="3801" HPOS="807"/>
<SP HEIGHT="59" WIDTH="38" VPOS="3801" HPOS="965"/>
<String CONTENT="in" HEIGHT="56" WIDTH="64" VPOS="3801" HPOS="1004"/>
<SP HEIGHT="58" WIDTH="38" VPOS="3799" HPOS="1069"/>
<String CONTENT="Europe," HEIGHT="71" WIDTH="277" VPOS="3799" HPOS="1108"/>
<SP HEIGHT="51" WIDTH="35" VPOS="3817" HPOS="1386"/>
<String CONTENT="with" HEIGHT="57" WIDTH="154" VPOS="3798" HPOS="1422"/>
<SP HEIGHT="56" WIDTH="38" VPOS="3800" HPOS="1577"/>
<String CONTENT="a" HEIGHT="38" WIDTH="35" VPOS="3818" HPOS="1616"/>
<SP HEIGHT="52" WIDTH="38" VPOS="3818" HPOS="1652"/>
<String CONTENT="glimpse" HEIGHT="74" WIDTH="266" VPOS="3796" HPOS="1691"/>
<SP HEIGHT="39" WIDTH="40" VPOS="3819" HPOS="1958"/>
<String CONTENT="of" HEIGHT="58" WIDTH="68" VPOS="3800" HPOS="1999"/>
<SP HEIGHT="56" WIDTH="37" VPOS="3800" HPOS="2068"/>
<String CONTENT="Northern" HEIGHT="142" WIDTH="1979" VPOS="3800" HPOS="329"/>
<SP HEIGHT="57" WIDTH="34" VPOS="3881" HPOS="439"/>
<String CONTENT="Africa," HEIGHT="70" WIDTH="244" VPOS="3880" HPOS="474"/>
</TextLine>
<TextLine HEIGHT="75" WIDTH="1580" VPOS="3875" HPOS="753" STYLEREFS="StyleId-CB1FEF18-A0AF-4AAF-ACBD-8E089CD1371D-">
<String CONTENT="by" HEIGHT="69" WIDTH="86" VPOS="3881" HPOS="753"/>
<SP HEIGHT="72" WIDTH="27" VPOS="3878" HPOS="840"/>
<String CONTENT="Viktor" HEIGHT="60" WIDTH="228" VPOS="3877" HPOS="868"/>
<SP HEIGHT="57" WIDTH="33" VPOS="3877" HPOS="1097"/>
<String CONTENT="Flambeau" HEIGHT="57" WIDTH="344" VPOS="3877" HPOS="1131"/>
<SP HEIGHT="50" WIDTH="38" VPOS="3897" HPOS="1476"/>
<String CONTENT="[pseud.]" HEIGHT="73" WIDTH="249" VPOS="3875" HPOS="1515"/>
<SP HEIGHT="72" WIDTH="85" VPOS="3876" HPOS="1765"/>
<String CONTENT="New" HEIGHT="59" WIDTH="152" VPOS="3876" HPOS="1851"/>
<SP HEIGHT="58" WIDTH="30" VPOS="3877" HPOS="2004"/>
<String CONTENT="York," HEIGHT="66" WIDTH="189" VPOS="3877" HPOS="2035"/>
<SP HEIGHT="68" WIDTH="37" VPOS="3875" HPOS="2225"/>
<String CONTENT="G." HEIGHT="60" WIDTH="70" VPOS="3875" HPOS="2263"/>
</TextLine>
<TextLine HEIGHT="78" WIDTH="814" VPOS="3955" HPOS="331" STYLEREFS="StyleId-CB1FEF18-A0AF-4AAF-ACBD-8E089CD1371D-">
<String CONTENT="Sully" HEIGHT="72" WIDTH="179" VPOS="3961" HPOS="331"/>
<SP HEIGHT="74" WIDTH="21" VPOS="3959" HPOS="511"/>
<String CONTENT="&amp;" HEIGHT="57" WIDTH="48" VPOS="3959" HPOS="533"/>
<SP HEIGHT="57" WIDTH="25" VPOS="3959" HPOS="582"/>
<String CONTENT="company" HEIGHT="54" WIDTH="306" VPOS="3976" HPOS="608"/>
<SP HEIGHT="53" WIDTH="27" VPOS="3976" HPOS="915"/>
<String CONTENT="[" HEIGHT="42" WIDTH="11" VPOS="3986" HPOS="943"/>
<String STYLE="superscript" CONTENT="c" HEIGHT="22" WIDTH="18" VPOS="3964" HPOS="958"/>
<String CONTENT="1925]" HEIGHT="73" WIDTH="165" VPOS="3955" HPOS="980"/>
</TextLine>
</TextBlock>
</PrintSpace>
</Page>
</Layout>
</alto>