2533 4412
1035 4070 148 56 1009

180 494 691 53 xii, 489 p. diagrs. 19 ½ cm .
113 551 53 53 ©
199 553 121 51 Sept.
351 552 36 51 8,
423 549 102 46 1925;
584 552 65 42 2c.
681 552 87 42 and
798 551 78 42 aff.
911 550 100 44 Oct.
1048 550 50 42 14;
1155 548 44 43 A
1231 548 166 43 869409;
1455 548 151 52 Lyons
1639 548 37 44 &
1709 547 252 45 Carnahan.

113 664 243 68 Milner,
390 663 108 60 Sir
523 661 246 58 Alfred.

188 755 102 56 An
325 753 310 58 economic
667 752 325 58 notebook.

184 846 80 52 (In
298 846 185 42 London
516 844 181 52 Times)

113 910 1994 57 © 1c. Sept. 24, 1925; A ad int. 7346; pubd. July 29; Lady Violet Georgina
183 971 180 51 Milner,
397 970 199 43 London.

110 1067 274 70 Molière,
421 1069 163 57 Jean
616 1067 286 72 Baptiste
940 1066 319 72 Poquelin,
1296 1068 357 57 1622-1673.

187 1160 266 57 Œuvres
488 1160 73 56 de
595 1157 258 58 Molière
884 1157 313 59 illustrées
1232 1159 74 56 de
1337 1177 305 53 gravures
1677 1158 329 58 anciennes
2041 1164 62 53 et

107 1236 276 73 publiées
416 1235 254 86 d’après
703 1236 90 59 les
826 1238 202 54 textes
1063 1234 349 74 originaux,
1448 1255 149 38 avec
1628 1237 109 56 des
1770 1240 180 54 notes
1982 1255 120 54 par

113 1314 1680 75 Bertrand Guégan … t. 1 er . Paris, Payot [ c 1925]
181 1389 1925 57 2 p. l., [7]-311 p., 3 l. incl. front., illus. (incl. ports., plan, facsims.) 19 cm .
120 1450 101 54 (On
249 1464 135 30 cover
392 1464 13 28 :
440 1446 250 46 Collection
720 1448 143 42 Prose
892 1453 44 38 et
963 1462 115 28 vers.
1139 1449 49 41 n°
1216 1447 52 55 2)

180 1506 214 45 Contains
423 1505 341 53 reproductions
793 1505 51 44 of
869 1505 196 51 original
1093 1502 273 55 title-pages.

111 1559 1489 114 © June 15, 1925; 1c. July 24; A— Foreign 28301; Payot. (25-18595)
110 1715 299 74 Moulton,
453 1707 245 66 Harold
735 1714 215 74 Glenn,
995 1718 189 56 1883-

189 1809 129 56 The
353 1808 246 56 French
636 1808 146 57 debt
817 1806 300 73 problem,
1151 1807 84 71 by
1269 1807 246 58 Harold
1551 1807 70 59 G.
1659 1807 286 58 Moulton
1982 1809 123 56 and

114 1885 231 59 Cleona
373 1886 219 71 Lewis,
622 1885 151 57 with
801 1885 104 56 the
972 1885 67 57 aid
1069 1884 66 57 of
1163 1885 104 57 the
1297 1884 239 58 council
1565 1886 124 56 and
1720 1885 154 58 staff
1902 1885 66 58 of
1998 1885 105 58 the

110 1964 298 57 Institute
443 1963 68 58 of
544 1962 361 58 economics.
980 1962 153 58 New
1162 1962 190 73 York,
1389 1963 131 57 The
1553 1963 360 57 Macmillan
110 1982 1971 133 company,
325 2044 164 55 1925.

107 2119 1974 111 xii p., 1 l., 459 p. diagrs. 19½ cm . (Half-title: The Institute of economics. Investigations
622 2177 46 43 in
697 2176 316 45 international
1040 2176 229 45 economic
1299 2177 381 53 reconstruction)

110 2234 57 53 ©
203 2235 120 52 Sept.
359 2234 63 52 15,
456 2234 130 51 1925;
618 2235 65 42 2c.
715 2235 87 42 and
833 2234 78 42 aff.
947 2232 120 54 Sept.
1104 2232 74 53 16;
1212 2233 44 42 A
1290 2233 189 52 864604;
1516 2234 211 43 Institute
1759 2233 50 44 of
1841 2233 266 52 economics,

183 2291 318 52 Washington.
570 2287 271 57 (25-17675)

113 2391 289 72 Murphy,
442 2387 405 75 Marguerite.

188 2480 280 57 Patricia
491 2480 171 56 from
685 2479 152 57 New
860 2479 190 72 York,
1078 2480 84 71 by
1185 2479 392 73 Marguerite
1604 2480 306 73 Murphy;
112 2482 1971 134 illustrated
358 2559 84 71 by

480 2557 327 57 Elizabeth
845 2556 416 74 Withington.
1343 2557 256 73 Boston,
1641 2557 301 75 Lothrop,
1985 2559 122 60 Lee

111 2639 47 54 &
192 2637 289 71 Shepard
513 2655 86 38 co.
639 2665 14 44 [
655 2643 18 22 c
677 2637 164 71 1925]

182 2711 760 54 316 p. front., plates. 19 ½ cm .
115 2769 53 53 ©
207 2769 119 52 Sept.
367 2770 35 51 1,
441 2768 130 52 1925;
609 2769 63 42 2c.
712 2768 120 52 Sept.
873 2768 74 52 14;
986 2768 78 43 aff.
1106 2766 120 53 Sept.
1267 2768 74 52 12;
1380 2768 44 42 A
1460 2767 189 54 861786;
1690 2768 216 55 Lothrop,
1944 2771 92 43 Lee
2072 2772 37 44 &

189 2825 204 53 Shepard
417 2841 65 27 co.
552 2822 271 56 (25-17706)

113 2924 189 71 Nash,
341 2923 237 57 Luther
614 2921 282 73 Roberts,
939 2924 189 58 1871-

192 3015 127 55 The
353 3013 341 58 economics
729 3012 69 58 of
825 3012 210 72 public
1065 3012 264 58 utilities;
1395 3035 39 37 a
1464 3013 321 59 reference
1815 3015 160 58 book
2008 3017 104 57 for

116 3092 367 72 executives,
526 3091 335 71 investors,
905 3090 346 73 engineers,
1293 3091 123 56 and
1457 3093 306 71 students,
1805 3093 83 72 by
1927 3095 68 57 L.
2037 3096 72 56 R.

113 3168 1974 153 Nash … 1st ed. New York [etc.] McGraw-Hill book company,
329 3249 137 72 inc.,
499 3249 166 57 1925.

183 3326 81 52 xii,
283 3327 83 43 430
387 3341 40 38 p.
487 3324 167 54 diagrs.
713 3325 53 45 23½
801 3328 47 18 cm
855 3361 9 7 .
978 3324 127 54 $4.00

188 3383 297 44 “References
510 3391 48 35 to
582 3381 363 53 supplementary
969 3380 213 54 reading”
1209 3392 45 35 at
1279 3382 88 44 end
1391 3382 52 44 of
1465 3390 119 38 most
1607 3383 52 44 of
1682 3383 76 45 the
1784 3384 219 53 chapters.

116 3440 53 53 ©
199 3441 120 52 Sept.
349 3442 62 49 11,
442 3438 130 53 1925;
599 3440 65 43 2c.
695 3435 121 56 Sept.
848 3437 74 54 15;
952 3440 78 42 aff.
1063 3439 120 52 Sept.
1215 3439 73 52 16;
1319 3440 44 42 A
1390 3439 189 54 864615;
1613 3441 348 46 McGraw-Hill
1989 3445 120 43 book

185 3513 78 35 co.,
300 3497 83 43 inc:
453 3494 270 55 (25-17724)

115 3596 264 72 Osgood,
415 3595 118 58 Ida
568 3596 62 58 S.

191 3690 59 56 A
278 3688 162 59 little
471 3688 93 57 bit
596 3691 68 56 of
691 3709 97 38 me
821 3690 113 71 [by]
967 3690 117 57 Ida
1119 3689 61 58 S.
1217 3688 266 73 Osgood.
1569 3690 307 74 [Chicago,
1912 3692 195 58 Alyce

116 3767 293 70 Mitchell,
436 3774 19 22 c
461 3765 164 74 1925]

184 3845 267 51 cover-title,
485 3844 80 49 [35]
597 3858 41 38 p.
698 3844 85 45 col.
813 3844 116 48 illus.
987 3846 51 43 21½
1077 3847 48 18 cm
1131 3881 9 9 .

190 3903 178 44 Poems.

118 3953 53 53 ©
228 3956 77 51 July
330 3956 39 47 9,
398 3954 129 52 1925;
558 3954 63 43 2c.
651 3955 85 43 and
764 3955 78 42 aff.
871 3954 106 53 July
1007 3955 75 51 13;
1113 3955 43 41 A
1184 3954 189 53 860800;
1405 3955 35 44 I.
1473 3956 44 45 S.
1548 3957 200 54 Osgood,
1781 3956 213 54 Chicago.

196 4009 271 56 (25-17740)
