2533 4412
1277 4108 114 55 558

345 446 290 73 Morrow,
679 447 210 57 Curtis
930 448 209 73 Hugh.

424 536 129 57 The
601 535 416 73 preparation
1065 535 68 58 of
1181 535 193 57 social
1422 535 235 58 science
1705 554 253 54 papers,
2005 536 84 71 by
2138 536 213 58 Curtis

343 612 2010 75 Hugh Morrow … Waterville, Me., The Department of
344 691 346 57 economics
724 692 124 56 and
882 690 336 72 sociology,
1252 692 167 58 1925.

411 770 56 43 24
493 783 41 38 p.
593 770 55 43 23
655 771 48 17 cm
708 803 9 9 .

415 823 143 45 “This
585 825 187 44 booklet
798 824 38 45 is
866 824 226 55 prepared
1118 832 47 37 to
1193 831 121 37 meet
1340 825 76 46 the
1443 825 143 45 needs
1614 826 55 43 of
1698 826 171 44 classes
1899 828 46 42 in
1971 826 261 45 economics
2261 828 90 44 and

345 883 238 54 sociology
608 891 47 36 at
680 882 148 55 Colby
852 882 217 54 college.”

352 938 53 54 ©
431 943 99 51 Jan.
562 939 61 52 17,
655 939 128 52 1925;
812 944 63 40 2c.
904 942 87 41 and
1018 941 79 44 aff.
1125 942 99 51 Jan.
1256 942 73 52 19;
1358 942 44 42 A
1428 939 191 56 814706;
1652 941 47 45 C.
1728 942 61 41 H.
1817 942 222 51 Morrow,
2066 941 285 51 Waterville,

423 999 91 43 Me.
585 996 244 55 (25-9072)

343 1097 301 57 National
673 1095 344 59 industrial
1046 1096 367 57 conference
1444 1097 216 58 hoard.

421 1191 129 55 The
591 1192 133 54 cost
764 1189 69 56 of
871 1188 198 73 living
1106 1189 65 56 in
1211 1189 103 56 the
1355 1188 238 58 United
1634 1189 231 58 States.
1969 1189 151 58 New
2161 1190 189 71 York,

340 1268 300 57 National
668 1267 341 57 industrial
1038 1266 368 58 conference
1436 1267 215 66 board,
1679 1267 136 67 inc.,
1848 1268 166 56 1925.

411 1344 998 54 xvi, 201 p. incl. tables, diagrs. 23 ½cm .
411 1401 366 45 “Addendum”:
813 1403 18 42 1
865 1402 95 44 leaf
989 1401 94 43 laid
1112 1402 61 43 in.

350 1458 1977 104 © Apr. 25, 1925; 1c. and aff. May 8; 1c. May 16; A 855276; National industrial
553 1519 268 43 conference
851 1519 156 50 board,
1037 1518 83 43 inc.
1190 1515 243 56 (25-9955)

339 1619 153 57 New
520 1617 175 58 York
734 1618 238 72 (State)
1063 1619 203 72 Laws,
1298 1622 289 67 statutes,
1620 1622 109 53 etc.

417 1702 153 56 New
601 1701 177 56 York
812 1699 145 58 civil
992 1698 297 74 practice,
1327 1698 365 73 containing
1727 1700 106 58 the
1872 1700 163 58 Civil
2074 1700 276 73 practice

340 1782 118 68 act,
488 1779 171 57 rules
690 1778 68 57 of
787 1777 146 59 civil
962 1776 296 74 practice,
1293 1777 413 71 Surrogate’s
1740 1782 179 53 court
1952 1782 117 68 act,
2103 1779 245 58 Justice

338 1861 179 53 court
547 1860 117 69 act,
699 1856 197 59 Court
926 1856 69 57 of
1021 1855 218 59 claims
1268 1859 118 68 act,
1416 1854 347 74 Municipal
1792 1860 179 54 court
2001 1857 168 71 code,
2199 1858 150 57 New

337 1935 175 57 York
553 1934 144 72 City
736 1938 180 54 court
953 1938 118 67 act,
1111 1937 142 54 rent
1288 1934 174 71 laws,
1501 1934 169 57 rules
1710 1934 68 57 of
1814 1933 261 59 various
2116 1938 233 69 courts,

338 2014 125 57 and
492 2014 220 71 tables,
742 2012 385 73 thoroughly
1155 2014 344 58 annotated
1529 2012 169 58 from
1726 2013 105 58 the
1862 2012 149 60 time
2044 2011 69 60 of
337 2017 1987 147 enactment,

557 2090 1722 74 as amended to May 1, 1925, by James C. Cahill …
337 2172 152 56 New
516 2171 192 71 York,
740 2169 292 74 Chicago,
1067 2170 349 72 Callaghan
1445 2170 124 58 and
1600 2187 326 55 company,
1959 2168 167 59 1925.

407 2248 59 53 iv,
493 2249 80 43 821
606 2263 40 38 p.
705 2247 56 45 27
768 2250 46 17 cm
821 2282 9 9 .

408 2303 172 46 “Table
608 2305 54 42 of
690 2305 239 43 contents”
959 2303 225 45 mounted
1212 2320 60 27 on
1300 2303 149 44 inside
1478 2304 54 45 of
1561 2303 133 44 front
1721 2319 153 30 cover.

346 2361 53 54 ©
428 2364 112 51 Apr.
568 2363 65 51 30,
667 2361 103 45 1925;
828 2365 63 40 2c.
922 2363 87 42 and
1036 2362 78 43 aff.
1145 2363 113 51 May
1285 2362 25 42 4;
1365 2363 44 42 A
1436 2361 165 45 829208;
1660 2361 249 52 Callaghan
1939 2362 37 43 &
2004 2377 67 27 co.

423 2419 244 54 (25-9281)

334 2519 251 72 Newell,
627 2519 244 73 Lyman
912 2517 339 73 Churchill,
1295 2520 189 58 1867-

419 2610 1923 76 College chemistry, by Lyman C. Newell … Boston.
340 2691 1714 74 New York [etc.] D. C. Heath and company [ c 1925]
406 2770 836 53 vi, 645 p. illus., diagrs. 20 ½cm ·
407 2828 142 46 Table
580 2845 59 28 on
668 2828 319 52 lining-paper.

342 2882 53 54 ©
426 2886 112 51 May
563 2885 37 49 8,
635 2883 128 53 1925;
793 2886 64 41 2c.
886 2885 112 51 May
1031 2884 73 52 13;
1135 2883 78 43 aff.
1245 2883 111 52 May
1388 2884 74 52 12;
1492 2883 44 42 A
1564 2881 190 54 855112;
1785 2884 49 41 L.
1866 2882 49 45 C.
1945 2883 190 52 Newell,
414 2885 1907 107 Brookline,
545 2942 142 42 Mass.
757 2938 243 56 (25-9789)

335 3025 299 72 Orchard,
669 3024 286 59 William
985 3024 243 58 Edwin.

411 3118 434 56 Foundations
881 3116 68 57 of
979 3115 183 58 faith.
1248 3118 50 53 2.
1348 3114 500 74 Christological.
1917 3117 99 71 By
2047 3118 104 56 the
2182 3119 150 55 Rev.

334 3196 96 58 W.
461 3193 72 60 E.
567 3196 302 72 Orchard,
899 3216 52 37 d.
980 3215 51 38 d.
1099 3194 279 71 London,
1409 3193 242 74 George
1681 3194 185 59 Allen
1894 3196 47 57 &
1968 3196 228 58 Unwin
2222 3196 109 59 ltd.

338 3276 181 72 [1925]

414 3353 548 54 [7], 195, [1] p. 19c m .
342 3409 1996 55 © 1c. May 6, 1925; A ad int. 6896; pubd. Mar. 10; George H. Doran co.,
413 3469 117 43 New
558 3468 142 46 York.

334 3554 228 73 Plyler,
605 3553 252 57 Marion
899 3552 310 73 Timothy.

410 3645 272 56 Thomas
714 3643 158 57 Neal
900 3643 174 70 Ivey,
1104 3641 516 72 golden-hearted
1652 3642 374 75 gentleman,
2057 3645 83 71 by
331 3646 1982 134 Marion

470 3721 295 73 Timothy
796 3720 229 72 Plyler.
1110 3718 344 76 Nashville,
1489 3721 211 70 Tenn.,
1738 3719 363 76 Cokesbury
2135 3743 201 54 press,

331 3802 166 57 1925.

403 3875 771 57 166 p. front. (port.) 19½cm .
402 3934 220 55 “Typical
649 3936 221 50 products
899 3934 53 41 of
979 3933 70 43 his
1077 3933 141 52 pen”:
1249 3947 40 38 p.
1320 3933 202 44 119-166.

341 3994 52 52 ©
419 3996 111 50 May
558 3995 33 46 1,
621 3991 129 52 1925;
780 3993 64 41 2c.
870 3991 87 43 and
981 3991 77 43 aff.
1087 3992 111 51 May
1228 3989 73 54 15;
1329 3992 42 41 A
1395 3989 189 53 855168;
1614 3991 166 43 Lamar
1805 3993 38 43 &
1868 3992 184 51 Barton,
2081 3992 251 45 Nashville.

421 4050 242 54 (25-9893)
