2533 4412
1105 4070 107 54 525

149 528 106 45 field
286 529 87 43 and
403 526 156 44 Frank
591 523 538 54 Greenfield—Opinion
1163 523 54 42 of
1249 521 76 44 the
1357 521 175 44 United
1568 520 152 46 States
1755 519 224 53 Supreme
2012 526 132 36 court

150 586 45 43 in
223 584 171 44 United
425 583 152 46 States
604 598 65 28 vs.
696 582 147 54 Ziang
872 580 129 55 Sung
1030 581 136 43 Wan.

149 654 52 54 ©
228 656 111 51 Apr.
365 655 68 50 22,
464 652 129 53 1925;
622 653 64 42 2c.
715 653 86 43 and
829 652 79 43 aff.
936 651 111 52 Apr.
1073 650 79 52 29;
1184 651 44 41 A
1254 647 190 53 829158;
1475 649 156 42 Amer,
1661 646 207 44 research
1898 646 188 44 council.

226 709 242 57 (25-9285)

149 809 310 73 Nicolson,
507 809 169 57 John
718 807 74 58 U.

229 903 129 57 The
401 903 213 56 drums
660 900 67 57 of
768 900 133 70 Yle,
944 900 82 70 by
1068 899 58 58 J.
1173 898 73 58 U.
1292 897 326 70 Nicolson;
1663 895 360 58 illustrated
2066 895 78 71 by

151 980 155 56 Earl
333 979 79 56 H.
441 978 187 57 Reed.
700 976 287 73 Chicago,
1017 977 69 55 P.
1119 974 228 72 Covici,
1377 975 165 55 1925.

228 1054 1039 57 5 p. l., 117, [2] p. front., plates. 21½ cm .
232 1115 53 42 In
312 1129 142 28 verse.

230 1169 138 44 “This
394 1169 100 45 first
520 1168 165 44 edition
710 1167 200 47 consists,
927 1167 51 43 of
1005 1166 106 44 1100
1136 1165 159 53 copies,
1328 1164 76 45 160
1429 1164 179 52 printed
1633 1179 57 29 on
1715 1163 273 44 hand-made
2014 1178 136 37 paper

154 1225 120 44 from
316 1223 239 51 Fabriano,
603 1222 129 52 Italy,
775 1221 249 45 numbered
1067 1222 87 43 and
1197 1220 333 53 autographed;
1577 1219 77 45 the
1700 1219 254 53 remaining
2000 1219 147 52 copies

159 1276 1631 58 printed on regal antique India paper … This is number 459.”
150 1337 53 53 ©
229 1339 111 50 Apr.
370 1336 63 52 15,
462 1336 130 53 1925;
619 1337 64 43 2c.
709 1337 111 50 Apr.
849 1336 77 51 30;
954 1335 78 43 aff.
1060 1335 113 52 Apr.
1195 1335 80 51 29;
1305 1336 44 41 A
1374 1333 188 53 829156;
1594 1333 163 43 Pascal
1787 1331 168 45 Covici.

229 1392 242 56 (25-9357)

151 1491 763 74 Pennsylvania-German
946 1490 251 72 society.

295 1580 1847 76 … [Proceedings] Philadelphia, October 2, 1918. v. 29.
154 1660 469 75 [Philadelphia]
664 1660 128 56 The
831 1659 268 70 Society,
1135 1660 166 55 1922.

222 1738 198 42 Various
444 1736 203 52 pagings.
708 1734 114 45 illus.
883 1734 52 44 25
943 1738 46 17 cm
996 1770 8 9 .

151 1791 53 54 ©
230 1793 101 44 Oct.
360 1795 32 49 1,
422 1793 103 43 1923;
576 1793 64 42 2c.
659 1793 111 50 Apr.
788 1791 193 53 26,1924;
1034 1792 79 42 aff.
1132 1790 104 53 July
1259 1790 187 53 11,1925;
1500 1791 43 43 A
1571 1790 162 45 861075;
1790 1790 356 53 Pennsylvania-

223 1849 195 45 German
444 1850 183 51 society.

155 1946 387 73 Plassmann,
586 1947 252 73 Joseph,
882 1949 189 57 1859-

227 2037 120 57 Die
373 2035 448 73 milchstrasse,
853 2053 123 40 von
1008 2035 327 72 professor
1369 2037 92 57 dr.
1496 2037 61 58 J.
1592 2037 377 58 Plassmann;
2032 2039 116 57 mit

155 2115 198 58 einem
398 2114 283 72 anhange
726 2115 155 56 über
927 2114 98 57 die
1070 2113 442 74 nebelstrasse,
1558 2133 122 39 von
1727 2114 281 59 direktor
2053 2117 93 56 dr.

154 2193 59 58 J.
242 2193 70 58 G.
339 2193 242 71 Hagen,
643 2238 11 11 S.
721 2238 11 11 J.
798 2192 120 57 Mit
942 2193 32 55 3
1003 2191 418 73 abbildungen
1445 2196 86 56 im
1556 2195 132 55 text
1711 2195 128 56 und
1867 2194 33 54 2
1925 2194 221 56 tafeln.

151 2271 346 71 Hamburg,
529 2270 79 57 H.
641 2269 233 72 Grand,
907 2270 166 56 1924.

231 2347 1922 55 96 p. illus., 2 fold. pl. 24 ½ cm . ( Added t. -p.: Probleme der kosmischen
154 2403 376 55 physik … IV)
154 2458 1616 113 © Sept. 9, 1924; 1c. Dec. 6; A —Foreign 26428; Henri Grand. (25-10091)
157 2613 329 71 Plummer,
526 2614 240 73 George
805 2612 318 72 Winslow,
1166 2616 188 58 1876-

227 2705 408 58 Rosicrucian
658 2706 253 56 manual
937 2706 104 57 for
1068 2706 105 57 the
1199 2705 378 58 instruction
1606 2707 67 56 of
1700 2707 357 71 postulants
2088 2708 64 56 in

159 2785 102 56 the
295 2783 445 73 congregation
776 2783 66 57 of
877 2784 104 56 the
1017 2786 197 67 outer,
1248 2783 365 72 neophytes,
1651 2785 125 57 and
1808 2784 239 59 fraters
2086 2786 67 56 of

159 2862 149 71 duly
349 2861 334 57 instituted
723 2861 263 71 colleges
1032 2860 67 57 of
1142 2861 104 56 the
1294 2860 279 58 Societas
1619 2861 428 59 rosicruciana
2087 2863 65 56 in

158 2939 309 70 America,
505 2938 253 57 written
797 2939 122 56 and
959 2937 303 71 compiled
1299 2938 83 70 by
1418 2938 110 56 Dr.
1571 2937 243 74 George
1853 2938 301 59 Winslow

159 3015 1994 74 Plummer … 2d ed. Authorized by the High council,
161 3094 539 58 S∴R∴I∴A∴.…
903 3094 151 56 New
1070 3093 190 70 York,
1279 3092 341 57 Published
1637 3093 105 57 for
1759 3094 102 57 the
158 3094 1919 149 S∴R∴I∴A∴,

465 3173 83 70 by
568 3171 103 61 the
696 3171 294 72 Mercury
1010 3170 363 74 publishing
1396 3188 106 54 co.,
1527 3171 166 58 1923.

229 3248 1107 54 2 p. l., [9]-131, [1] p. front., illus. 23½ cm .
232 3307 210 43 Lettered
471 3321 57 28 on
557 3321 159 28 cover:
752 3305 30 46 S∴
858 3306 42 42 R
975 3305 138 43 ∴L∴A∴
1201 3305 196 42 manual.

231 3362 123 44 First
383 3362 167 44 edition
577 3362 80 43 has
684 3361 124 45 title:
839 3361 295 44 Rosicrucian
1164 3361 343 44 fundamentals.

160 3417 54 54 ©
243 3419 119 52 Sept.
396 3421 34 49 1,
461 3419 128 51 1923;
619 3420 64 42 2c.
715 3420 110 51 May
855 3420 37 53 9,
926 3418 129 53 1925;
1088 3420 77 42 aff.
1197 3420 112 51 May
1337 3418 50 52 8;
1419 3420 44 41 A
1493 3419 188 53 829339;
1716 3418 50 46 G.
1798 3421 74 43 W.
1905 3421 244 51 Plummer,

231 3476 118 43 New
374 3476 142 43 York.
579 3474 241 55 (25-9447)

162 3573 349 74 Randolph,
549 3574 237 72 Joseph
822 3574 156 69 Fitz,
1019 3577 188 57 1843-

244 3664 368 58 Succession
660 3668 267 54 statutes
979 3665 165 57 since
1195 3664 149 58 1620
1392 3663 64 57 in
1507 3666 153 57 New
1708 3666 246 72 Jersey,
2006 3668 149 56 New

162 3741 1968 148 York and Pennsylvania, by Joseph F. Randolph … Newark,
321 3821 73 55 N.
422 3819 79 71 J.,
530 3819 207 71 Soney
760 3821 47 56 &
832 3819 162 73 Sage
1023 3840 106 51 co.,
1158 3820 167 58 1925.

231 3896 545 53 4 p. l., 137 p. 23½cm.
165 3951 54 54 ©
245 3955 112 50 May
381 3953 36 52 5,
447 3953 128 52 1925;
601 3953 64 44 2c.
691 3955 84 44 and
801 3955 78 44 aff.
907 3957 110 52 May
1043 3955 50 52 6;
1119 3957 44 42 A
1189 3955 188 52 829292;
1409 3955 146 54 Soney
1583 3957 38 44 &
1647 3955 120 54 Sage
1793 3971 64 30 co.
243 4007 242 56 (25-9286)
