2533 4412
1364 4067 110 57 782

399 406 607 74 Gragnon-Lacoste,
1041 406 270 57 Thomas
1341 406 290 72 Prosper,
1665 408 54 58 b.
1751 407 167 58 1820.

457 483 1944 73 Toussaint Louverture (surnomm é le premier des noirs.)
401 561 292 74 Ouvrage
754 581 119 54 par
938 561 624 73 Gragnon-Lacoste;
1627 564 297 69 extracts,
1989 561 210 58 edited
2259 562 152 57 with

397 639 1945 74 notes and vocabulary, by Georgiana P. Simpson …
397 717 440 73 Washington,
864 719 74 56 D.
973 717 85 72 C.,
1090 719 130 57 The
1249 716 380 60 Associated
1656 717 358 74 publishers
2050 748 14 43 [
2065 726 19 22 c
2087 719 167 72 1924]

470 794 63 55 xi,
562 797 81 44 139
666 811 40 38 p.
770 794 144 44 front.,
942 794 171 56 (port.)
1151 795 116 44 fold.
1297 809 119 39 map.
1480 794 53 46 17
1538 797 46 18 cm
1591 831 8 9 .

401 852 53 55 ©
486 854 113 53 May
629 853 38 53 6,
700 851 130 54 1925;
862 853 66 44 2c.
960 853 111 53 May
1106 853 74 52 13;
1213 853 79 44 aff.
1325 853 112 53 May
1471 852 74 54 14;
1578 854 44 43 A
1653 851 192 56 855119;
1882 851 259 56 Georgiana
2170 854 54 44 R.
472 850 1916 113 Simpson,

600 910 320 53 Washington.
991 909 244 55 (25-9894)

402 995 383 74 Grandjean,
821 996 292 73 Georges.

547 1076 1860 75 … Les loups de la Grand’Montague, par Georges
402 1155 387 72 Grandjean.
871 1153 207 74 Paris,
1107 1153 355 59 Ollendorff
1490 1184 12 43 [
1506 1163 17 21 c
1527 1156 166 71 1925]

476 1230 1930 55 190 p ., 1 l. 19½ cm . (Le roman des provinces françaises … Ardennes.
416 1294 52 42 [n°
501 1290 94 51 11])

402 1341 1923 57 © Apr. 30, 1925; 1c. May 28; A—Foreign 27717; Albin Michel, Paris.
482 1400 272 57 (25-11271)

402 1486 189 74 Gray,
630 1484 286 61 William
957 1484 195 73 Scott,
1195 1486 146 58 1885–

485 1563 338 71 Summary
849 1562 67 59 of
940 1561 489 73 investigations
1457 1563 276 73 relating
1757 1566 63 55 to
1848 1564 281 74 reading,
2156 1566 83 71 by
406 1564 1986 136 William

580 1641 178 59 Scott
779 1641 190 72 Gray.
1047 1638 292 76 Chicago,
1361 1640 119 73 Ill.,
1504 1641 130 57 The
1654 1641 377 74 University
2052 1643 69 57 of
2144 1642 271 76 Chicago

405 1751 13 44 [
421 1730 19 22 c
442 1722 166 73 1925]

472 1797 77 55 vii,
578 1796 81 47 275
692 1813 39 38 p.
767 1796 100 46 incl.
900 1796 160 54 tables,
1091 1797 167 53 diagrs.
1317 1798 55 43 24
1379 1799 46 17 cm
1432 1831 10 10 .
1512 1798 100 53 (On
1645 1813 158 31 cover:
1843 1798 380 57 Supplementary
404 1802 1992 99 educational

572 1854 321 53 monographs,
924 1854 102 54 pub.
1057 1855 44 43 in
1129 1854 293 52 conjunction
1451 1855 113 45 with
1591 1855 75 45 the
1699 1856 167 47 School
1895 1857 164 45 review
2089 1859 87 43 and
2206 1858 74 45 the
402 1857 1992 109 Elementary

632 1911 156 48 school
810 1910 198 56 journal,
1068 1927 71 28 no.
1160 1912 81 54 28)

471 1970 354 54 Bibliography:
858 1984 41 39 p.
921 1968 210 47 215-270.

405 2029 53 55 ©
483 2031 117 52 June
623 2029 65 52 30,
717 2028 130 53 1925;
874 2029 65 44 2c.
964 2029 107 53 July
1099 2028 74 54 14;
1199 2028 79 45 aff.
1304 2027 110 55 July
1439 2029 75 53 13;
1539 2028 47 44 A
1611 2028 188 55 860832;
1827 2029 267 55 University
2120 2030 51 46 of
2198 2029 214 57 Chicago.

484 2086 272 56 (25-13653)

402 2174 332 72 Guaranty
759 2176 169 54 trust
952 2186 309 60 company
1289 2171 69 58 of
1384 2172 154 59 New
1567 2171 190 59 York.

482 2255 153 57 New
657 2253 175 58 York
858 2255 163 57 state
1050 2251 321 59 franchise
1400 2257 110 54 tax
1536 2273 79 37 on
1639 2254 289 58 business
1956 2254 455 75 corporations,

405 2334 261 71 chapter
694 2333 129 71 726,
851 2333 150 57 laws
1030 2332 69 58 of
1123 2330 152 58 New
1301 2329 192 74 York,
1523 2332 168 70 1917,
1721 2353 69 38 as
1819 2335 304 56 amended
2151 2333 64 57 in
2244 2334 166 57 1925.

408 2412 170 74 [New
614 2411 192 72 York,
848 2412 130 70 etc.]
1022 2408 333 73 Guaranty
1390 2412 171 55 trust
1599 2427 309 55 company
1946 2411 68 57 of
2050 2410 152 58 New
2242 2411 173 57 York

407 2520 13 45 [
423 2497 18 21 c
444 2490 166 72 1925]

474 2566 336 55 52 p. 17½ cm .
406 2622 53 54 ©
487 2625 116 51 June
631 2624 37 51 1,
698 2620 131 53 1925;
857 2621 64 43 2c.
950 2621 88 43 and
1063 2620 79 43 aff.
1170 2620 119 53 June
1313 2620 79 51 23;
1420 2620 44 42 A
1491 2614 191 58 855640;
1713 2617 237 56 Guaranty
1976 2627 120 38 trust
2122 2636 66 29 co.
2217 2621 51 45 of
2297 2622 117 45 New

477 2681 143 43 York.
691 2676 272 57 (25-14833)

406 2763 342 72 Hendrick,
793 2762 300 73 Ellwood,
1141 2759 148 62 1861–

408 2838 1986 141 Lewis Miller; a biographical essay, by Ellwood Hendrick … New
923 2918 175 57 York
1121 2918 47 56 &
1191 2918 280 71 London,
1499 2917 70 59 G.
1598 2919 68 55 P.
1694 2919 335 57 Putnam’s
2058 2938 164 56 sons,
2249 2922 166 57 1925.

475 2999 64 53 xi,
570 2998 86 44 208
686 3012 39 38 p.
791 2997 154 52 front.,
978 2995 159 54 plates,
1170 3003 139 46 ports.
1373 2996 55 42 22½
1463 2998 47 18 cm
1515 3030 10 10 .

409 3055 53 54 ©
493 3057 120 52 Aug.
644 3054 38 53 7,
716 3054 130 53 1925;
879 3054 65 43 2c.
976 3054 88 43 and
1093 3054 79 43 aff.
1204 3054 121 52 Aug.
1362 3053 74 53 13;
1468 3054 44 42 A
1544 3051 191 55 864185;
1772 3052 51 46 G.
1857 3054 51 44 P.
1943 3054 233 44 Putnam’s
2211 3071 117 29 sons.

487 3111 273 57 (25-15611)

407 3195 342 71 Hickmott,
789 3194 292 59 Allerton
1121 3193 333 60 Cushman.

486 3275 232 57 Fabric
766 3273 68 58 of
884 3275 250 56 dreams
1189 3273 112 74 [by]
1355 3271 291 59 Allerton
1700 3271 316 60 Cushman
2067 3274 342 58 Hickmott.

412 3353 353 74 [Hartford,
795 3353 193 56 Press
1016 3351 68 58 of
1111 3351 233 73 Finlay
1367 3350 312 74 brothers,
1708 3358 19 22 c
1729 3352 166 73 1925]

486 3431 680 54 4 p. l., 11-60 p, 1 l. 22 cm .
489 3489 96 45 “Of
619 3488 91 45 this
747 3488 120 45 book
900 3488 128 44 there
1063 3487 115 43 have
1211 3488 111 43 been
1360 3486 179 53 printed
1575 3502 85 29 one
1694 3486 207 45 hundred
1937 3489 88 43 and
2061 3487 153 45 eleven
2251 3486 166 55 copies,

418 3547 89 44 and
532 3546 75 44 the
634 3553 105 45 type
764 3544 313 45 distributed.”
1135 3543 116 45 This
1279 3558 113 39 copy
1419 3545 36 43 is
1483 3559 85 29 one
1591 3544 54 45 of
1668 3543 284 54 ninety-nine
1979 3545 176 53 printed
2182 3560 58 30 on
415 3545 1980 103 Alexandra

580 3605 145 51 Japan
750 3602 180 44 vellum.

408 3658 56 54 ©
495 3660 107 52 July
629 3660 68 47 23,
731 3658 130 52 1925;
892 3659 65 42 2c.
989 3657 107 53 July
1126 3656 77 53 30;
1238 3657 78 43 aff.
1348 3656 107 53 July
1484 3657 78 52 29;
1597 3657 44 42 A
1671 3657 190 52 861241;
1896 3659 58 42 A.
1989 3656 48 46 C.
2072 3659 255 44 Hickmott.

490 3712 272 59 (25-15527)

410 3787 238 71 Hollós,
687 3785 244 60 Stefan.

558 3862 1855 75 … Psychoanalysis and the psychic disorder of general
411 3940 2000 77 paresis [by] Stefan Hollós … [and] S. Ferenczi … author-
