2533 4412
1266 4096 113 57 174

330 431 307 75 Sobieski,
680 432 186 74 John,
908 436 194 57 1842-

407 524 402 61 Adventures
846 526 69 57 of
947 544 36 38 a
1018 525 219 58 Polish
1268 526 332 58 nobleman
1632 526 184 60 while
1853 526 257 74 serving
2143 528 203 58 under

331 602 104 58 the
486 602 157 75 flags
700 604 69 57 of
820 607 122 54 two
997 603 333 72 republics,
1381 604 85 71 by
1517 604 171 59 John
1745 604 302 60 Sobieski.
330 605 1990 150 Autographed
660 684 90 56 ed.

835 682 179 72 Long
1053 680 228 73 Beach,
1327 680 207 76 Calif.,
1574 683 232 57 Worth
1843 683 183 58 while
329 683 1991 150 publishing
469 779 308 54 company
809 788 12 44 [
822 770 19 21 c
846 761 164 72 1924]

405 835 1647 58 1 p. l., v-xvi p., 1 l., [5]-226 p., 2 l. front., plates, ports. 22 cm .
403 897 152 44 Plates
584 896 320 53 accompanied
930 897 60 51 by
1016 896 146 53 guard
1189 895 147 45 sheets
1363 895 111 45 with
1501 896 273 52 descriptive
1798 896 274 53 letterpress.

403 952 1940 54 “Of this edition … there have been printed 1000 copies of which this is
329 1011 190 45 number
547 1008 66 46 4.”

331 1067 53 53 ©
415 1069 99 52 Jan.
546 1067 66 52 27,
649 1066 131 54 1925;
814 1068 64 42 2c.
911 1066 107 44 Feb.
1049 1068 50 50 9;
1134 1067 80 43 aff.
1248 1066 108 44 Feb.
1389 1067 81 52 24;
1505 1067 45 43 A
1581 1066 191 52 823180;
1807 1066 220 45 Florence
2062 1067 57 43 D.
2157 1066 185 53 Shreve,

401 1125 129 53 Long
564 1124 161 53 Beach,
760 1123 135 45 Calif.
966 1122 244 56 (25-5624)

329 1210 225 73 Street,
598 1209 260 60 Charles
899 1210 241 59 Stuart.

406 1301 277 59 Auction
723 1301 265 73 bidding
1027 1301 154 58 with
1224 1301 105 59 the
1373 1301 209 71 leads;
1628 1319 84 39 an
1752 1300 374 72 intelligent,
329 1321 1994 119 accurate
501 1381 125 57 and

660 1381 138 57 safe
830 1398 142 52 way
1007 1379 69 58 of
1107 1379 347 72 disclosing
1483 1399 162 52 your
1675 1379 172 57 hand
1878 1383 64 54 to
1976 1399 161 52 your
326 1383 1995 149 partner,
486 1462 84 71 by
600 1459 260 59 Charles

891 1459 1219 71 Stuart Street … New York, 1925.
400 1537 638 55 74 p., 2 l. illus. 16½ cm .
328 1596 53 53 ©
415 1595 106 45 Feb.
558 1597 61 50 18,
655 1594 131 53 1925;
820 1596 64 44 2c.
920 1595 107 45 Feb.
1057 1596 80 52 26;
1174 1596 79 43 aff.
1289 1594 108 45 Feb.
1427 1593 80 55 25;
1543 1595 45 43 A
1619 1596 191 52 823183;
1849 1594 49 45 C.
1937 1593 44 48 S.
2020 1593 167 54 Street,
2223 1595 117 44 New

399 1654 143 43 York.
612 1651 245 56 (25-5751)

327 1738 325 74 Tamblyn,
689 1737 325 60 Jeremiah
1044 1738 83 59 W
1439 1739 193 57 1851-

407 1829 205 59 Sweet
655 1829 333 57 memories
1037 1828 68 57 of
1149 1847 36 38 a
1231 1827 271 58 trustful
1543 1828 114 58 life
1707 1828 114 73 [by]
1870 1827 328 59 Jeremiah
2242 1828 96 59 W.

328 1908 325 68 Tamblyn.
738 1907 426 69 Morristown,
1196 1906 73 58 N.
1303 1906 81 70 J.,
1415 1906 73 57 E.
1521 1906 75 57 A.
1633 1906 207 58 Smith
1868 1906 48 57 &
1945 1925 166 51 sons,
325 1907 1990 139 printers
461 2017 12 45 [
474 1995 19 21 c
498 1988 165 72 1924]

395 2067 95 53 xiv,
521 2065 66 54 85,
624 2067 80 50 [28]
740 2081 40 38 p.
842 2065 115 45 illus.
986 2065 126 55 (incl.
1145 2064 169 54 ports.)
1380 2065 54 44 23½
1471 2067 46 18 cm
1524 2100 9 9 .

401 2125 148 53 Songs
582 2125 113 43 with
728 2124 169 43 music:
933 2138 40 38 p.
1010 2123 108 47 [1-3]
1155 2131 46 36 at
1234 2124 109 49 end;
1382 2122 72 43 “A
1485 2121 237 45 collection
1755 2122 53 45 of
1838 2121 195 55 original
2067 2137 152 38 poems
2254 2125 89 42 and

327 2182 249 48 mottoes”:
608 2197 40 38 p.
682 2179 136 49 [5-28]
853 2189 46 36 at
929 2181 99 44 end.

327 2240 53 53 ©
418 2239 107 44 Feb.
567 2240 63 51 19,
672 2237 130 53 1925;
839 2239 66 43 2c.
945 2238 106 44 Feb.
1088 2237 79 52 26;
1207 2238 80 43 aff.
1324 2237 108 44 Feb.
1469 2237 78 52 21;
1589 2237 45 43 A
1673 2237 189 53 822193;
1903 2238 40 52 J.
1983 2238 76 44 W.
2098 2237 240 54 Tamblyn,

399 2297 249 52 Brooklyn.
718 2294 244 55 (25-5487)

329 2384 203 57 Texas
563 2384 127 56 and
720 2381 476 59 Southwestern
1226 2383 292 70 reporter
1551 2381 225 72 digest,
1808 2380 326 74 including
2164 2402 174 39 cases

405 2462 300 72 reported
737 2461 67 55 in
837 2460 155 57 vols.
1029 2460 190 55 1-240
1255 2458 475 59 Southwestern
1766 2462 294 69 reporter
2095 2462 124 56 and
2257 2461 84 57 all

406 2537 1935 73 Texas reports prior thereto … edited by the editorial
407 2615 1862 74 staff of the American digest system … v. 20-24 …
406 2697 90 59 St.
531 2696 179 72 Paul,
741 2695 182 58 West
951 2694 368 73 publishing
1349 2714 106 52 co.,
1492 2694 165 57 1924.

397 2774 22 44 5
451 2790 42 27 v.
552 2773 54 43 26½
642 2776 46 17 cm
695 2808 9 9 .

678 2843 101 30 CONTENTS.—v.
815 2836 65 36 20.
917 2826 354 55 Rape-Specific
1308 2826 310 53 legacies.—v.
1656 2834 66 38 21.
1765 2826 192 54 Specific
1994 2828 346 53 performance-

325 2888 303 43 Timber.—v.
666 2893 64 37 22.
764 2884 544 45 Time-Trousseau.—v.
1344 2891 65 36 23.
1444 2883 180 44 Trover
1659 2886 87 42 and
1782 2886 558 45 conversion-Wealth.—

324 2958 41 30 v.
398 2952 66 36 24.
495 2943 425 52 Weapons-Zones.

325 3018 41 27 v.
399 3001 150 51 20-22,
581 2999 53 53 ©
670 2999 119 43 Nov.
827 2999 62 51 14,
925 2999 131 50 1924;
1091 3014 40 27 v.
1162 2999 68 48 23,
1264 2996 53 53 ©
1350 2998 110 43 Dec.
1497 2997 74 51 12;
1607 3013 41 27 v.
1681 2998 68 51 24,
1782 2996 53 53 ©
1871 3000 108 42 Dec.
2019 3000 73 49 19;
2125 3001 65 42 2c.
2226 3002 110 42 each

398 3057 106 44 Feb.
544 3058 62 51 13,
644 3054 130 54 1925;
811 3056 103 43 affs.
950 3055 107 44 Feb.
1097 3055 74 51 12;
1209 3053 47 45 A
1286 3052 180 55 823057,
1502 3052 177 53 823058,
1715 3054 179 53 823060,
1929 3054 178 54 823065,
2143 3056 190 54 823073;

395 3114 134 44 West
554 3114 101 51 pub.
681 3129 66 27 co.

326 3200 334 69 Thurston,
698 3198 231 57 Ernest
966 3195 271 75 Temple,
1276 3200 191 57 1879-

406 3275 1932 72 Charmeuse, by E. Temple Thurston … New York &
324 3355 281 70 London,
636 3354 37 58 G.
735 3354 67 56 P.
833 3353 335 58 Putnam’s
1200 3370 164 54 sons,
1394 3353 169 58 1925.

394 3432 524 54 2 p. l., 322 p. 19 cm .
325 3486 2006 58 © Feb. 28., 1925; 2c. and aff. Mar. 2; A 823229; E. T. Thurston, ℅ G. P.
399 3546 232 45 Putnam’s
663 3561 118 37 sons,
812 3546 118 43 New
958 3545 143 44 York.
1171 3543 244 56 (25-5460)

326 3633 371 69 Thurstone,
734 3629 190 58 Louis
962 3630 186 71 Leon,
1187 3632 191 57 1887-

405 3709 1860 75 The fundamentals of statistics, by L. L. Thurstone …
328 3794 152 55 New
506 3790 191 71 York,
729 3791 130 56 The
888 3788 361 59 Macmillan
1279 3808 323 53 company,
1635 3788 166 59 1925.

397 3867 1935 55 xvi p., 1 l., 237 p. incl. tables, diagrs. 20½ cm . (Half-title: Experimental
326 3927 237 45 education
591 3925 166 48 series)

325 3982 53 53 ©
405 3982 107 44 Feb.
537 3982 65 46 24,
633 3979 104 45 1925;
790 3981 64 42 2c.
881 3980 86 43 and
993 3980 80 42 aff.
1100 3978 107 44 Feb.
1229 3977 80 53 25;
1340 3979 43 42 A
1409 3978 189 53 823161;
1629 3977 267 46 Macmillan
1922 3995 66 28 co.

404 4036 244 58 (25-5415)
