2533 4412
1119 4091 107 55 503

168 451 320 71 Sherman,
522 452 152 56 Mrs.
713 448 330 58 Catherine
1086 448 378 72 (Barenger)

240 543 61 56 A
324 541 124 72 gift
475 543 161 56 book
665 541 68 57 of
760 560 233 53 poems,
1022 542 81 69 by
1134 538 333 59 Catherine
1499 537 325 74 Barenger
1856 538 301 58 Sherman

233 617 1255 75 … [Baltimore, Stockton press, c 1925]
235 698 55 42 28
314 711 40 38 p.
413 697 26 41 21½c
520 698 28 17 m
555 730 8 8 .

167 751 54 54 ©
254 754 110 51 Apr.
397 753 67 51 23,
502 750 103 45 1925;
666 753 64 42 2c.
765 753 86 42 and
885 753 78 42 aff.
999 751 110 52 Apr.
1145 749 78 53 25;
1259 751 43 41 A
1337 750 189 51 823894;
1567 749 47 44 C.
1654 751 50 42 B.
1745 748 234 53 Sherman,
237 750 1898 103 Baltimore.
445 807 241 55 (25-9041)

167 909 220 71 Smith,
431 909 169 57 John
638 907 229 58 Merlin
907 907 222 71 Powis,
1173 909 188 56 1866-

245 996 1850 75 The prophets and their times, by J. M. Powis Smith …
169 1076 289 71 Chicago,
485 1076 117 71 Ill.,
634 1076 126 57 The
789 1074 371 73 University
1189 1074 67 58 of
1287 1074 270 72 Chicago
1587 1092 181 55 press
1803 1103 14 44 [
1819 1082 18 22 c
1842 1074 146 58 1925]

238 1154 60 51 ix,
334 1154 82 44 277
449 1168 40 38 p.
549 1154 54 43 20
611 1157 45 17 cm
664 1188 8 8 .
742 1152 295 54 (Half-title:
1076 1151 99 45 The
1212 1151 274 55 University
1521 1152 54 42 of
1613 1150 203 55 Chicago
1856 1151 307 54 publications

168 1202 1628 61 in religious education … Handbooks of ethics and religion)
239 1267 355 55 Bibliography:
627 1282 40 38 p.
698 1267 206 44 265-266.

167 1323 54 54 ©
253 1326 117 42 Mar.
403 1327 62 49 10,
499 1324 129 52 1925;
659 1325 63 42 2c.
752 1325 129 53 Mar.,
907 1325 71 51 14;
1011 1326 78 42 aff.
1121 1326 119 41 Mar.
1275 1324 73 52 18;
1381 1325 43 41 A
1455 1322 189 53 822478;
1677 1323 267 53 University
1973 1323 51 45 of
238 1321 1901 113 Chicago,
403 1381 212 52 Chicago.
686 1379 241 55 (25-6864)

168 1466 222 72 Smith,
425 1467 289 58 Kenneth
749 1466 293 72 Jackson,
1081 1469 90 57 ed.

246 1561 358 58 Worcester
658 1562 136 56 tech
848 1561 144 70 life;
1046 1580 36 38 a
1136 1560 319 59 collection
1508 1561 68 58 of
1631 1560 245 70 stories,
1928 1578 233 54 poems,

174 1656 207 55 songs,
415 1639 280 58 sketches
729 1640 123 56 and
879 1637 328 59 historical
1240 1637 251 60 articles
1522 1641 83 67 by
1637 1638 233 58 alumni
1902 1641 124 57 and
171 1657 1968 133 undergraduates

662 1718 67 56 of
762 1717 102 57 the
899 1716 360 58 Worcester
1295 1716 393 72 polytechnic
1718 1716 310 72 institute,
168 1718 1973 134 edited

352 1793 1811 75 by Kenneth J. Smith … [Spencer, Mass., The
171 1873 351 58 Heffernan
551 1892 200 54 press,
780 1880 18 21 c
804 1874 232 71 1925].

245 1954 89 49 139,
368 1951 36 49 [5]
452 1968 39 36 p.
553 1952 115 44 illus.
694 1952 97 51 (incl.
852 1954 213 43 mounted
1095 1953 143 50 port.)
1275 1952 155 52 plates.
1490 1954 54 43 20
1550 1956 47 17 cm
1604 1990 8 7 .

171 2004 52 55 ©
259 2007 111 53 May
406 2008 32 49 1,
477 2005 105 45 1925;
643 2007 63 43 2c.
741 2007 87 44 and
861 2008 77 43 aff.
976 2008 114 52 May
1124 2006 22 45 5;
1210 2009 43 42 A
1290 2006 163 46 829256;
1515 2008 59 44 K.
1609 2009 39 53 J.
1689 2007 160 53 Smith,
1884 2009 278 53 Worcester,

242 2065 141 43 Mass.
452 2062 242 55 (25-9335)

171 2146 221 71 Smith,
432 2147 138 74 Roy
603 2147 67 57 L.

248 2238 300 59 Sentence
577 2258 279 38 sermons;
914 2239 118 57 five
1059 2240 284 57 hundred
1371 2240 349 58 seven-fold
1746 2240 419 59 illustrations

169 2316 1998 73 of philosophy and humor, by Roy L. Smith … New York,
172 2392 1644 75 Chicago [etc.] Fleming H. Revell company [ c 1925]
241 2472 23 43 3
294 2486 38 37 p.
382 2505 21 17 l.,
435 2470 137 45 5-188
601 2485 39 39 p.
704 2472 50 44 19½c
805 2474 29 18 m
841 2507 8 8 .

173 2525 52 54 ©
255 2529 111 51 Apr.
398 2529 38 50 4,
471 2527 129 53 1925;
632 2529 64 43 2c.
728 2530 86 42 and
845 2530 77 42 aff.
959 2530 111 51 May
1100 2529 50 51 2;
1184 2531 43 41 A
1261 2529 188 52 829188;
1484 2529 209 53 Fleming
1725 2530 61 42 H.
1822 2529 157 44 Revell
2013 2544 65 29 co.

251 2583 241 56 (25-9223)

174 2669 360 72 Stevenson,
576 2671 242 56 Burton
856 2670 252 73 Egbert,
1151 2674 189 56 1872-
1497 2690 193 54 comp.

252 2763 129 58 The
415 2763 179 58 home
628 2764 158 57 book
821 2766 67 56 of
919 2766 260 57 modern
1210 2783 182 39 verse;
1459 2783 81 40 an
1576 2765 322 58 extension
1932 2765 66 57 of
2036 2765 130 56 The

176 2841 178 58 home
397 2843 159 56 book
602 2844 67 56 of
711 2862 211 52 verse;
968 2844 186 73 being
1198 2865 36 38 a
1281 2842 297 60 selection
1620 2844 168 57 from
1833 2842 333 58 American

178 2920 122 57 and
344 2919 266 74 English
651 2923 226 69 poetry
921 2922 66 56 of
1030 2922 103 57 the
1175 2920 325 60 twentieth
1540 2923 277 70 century,
1863 2919 302 72 compiled

177 2999 123 57 and
333 3000 314 71 arranged
679 3001 82 70 by
791 2999 245 58 Burton
1070 2999 240 73 Egbert
1346 2999 361 58 Stevenson.
1793 3000 151 56 New
1976 2997 188 71 York,

175 3074 78 57 H.
285 3075 154 59 Holt
469 3079 122 55 and
621 3095 321 53 company,
972 3078 166 59 1925.

245 3154 112 51 xlix,
391 3156 101 42 1121
523 3170 41 36 p.
623 3156 26 42 21½
713 3157 47 18 cm
765 3190 9 8 .

175 3206 54 54 ©
261 3210 110 50 Apr.
406 3208 67 52 20,
510 3208 102 44 1925;
674 3211 64 41 2c.
772 3212 87 42 and
893 3212 77 41 aff.
1007 3211 111 51 Apr.
1153 3209 52 45 25;
1269 3212 43 41 A
1346 3210 163 44 823893;
1574 3211 161 52 Henry
1770 3211 115 43 Holt
1920 3212 86 42 and
2043 3226 64 28 co.

254 3263 241 55 (25-9092)

177 3349 262 73 Thayer,
476 3350 137 57 Lee.

253 3435 1911 83 Doctor S. O . S., by Lee Thayer. Garden City, N. Y.,
177 3519 383 74 Doubleday,
590 3522 170 72 Page
789 3523 48 56 &
864 3542 322 54 company,
1220 3524 164 56 1925.

247 3599 536 53 4 p. l., 305 p. 19½ cm .
179 3652 52 53 ©
260 3655 111 51 Apr.
401 3655 66 50 24,
501 3654 104 44 1925;
661 3657 64 42 2c.
757 3658 86 42 and
872 3659 78 41 aff.
984 3659 111 51 May
1126 3659 25 41 4;
1209 3659 43 41 A
1283 3657 160 44 829221;
1507 3658 278 53 Doubleday,
1820 3660 123 51 Page
1975 3660 38 43 &
2044 3674 65 28 co.

257 3709 242 55 (25-9193)

180 3795 251 74 Torrey,
464 3796 253 59 Reuben
747 3799 256 72 Archer,
1039 3803 187 56 1856-

257 3887 452 75 Soul-winning
738 3909 279 39 sermons
1050 3891 135 58 God
1211 3892 115 56 has
1358 3893 153 57 used
1539 3892 66 57 in
1637 3893 222 72 saving
1886 3891 281 72 myriads

179 3963 67 57 of
276 3963 243 59 sinners
551 3966 83 57 all
662 3969 242 55 around
933 3969 103 57 the
1067 3968 176 73 globe,
1292 3972 336 68 presented
1657 3970 66 58 in
1752 3971 104 58 the
1890 3970 185 58 order
2105 3969 64 57 in
