<alto xmlns="http://www.loc.gov/standards/alto/ns-v3#" xmlns:xlink="http://www.w3.org/1999/xlink" xmlns:xsi="http://www.w3.org/2001/XMLSchema-instance" xsi:schemaLocation="http://www.loc.gov/standards/alto/ns-v3# http://www.loc.gov/alto/v3/alto-3-0.xsd"><Description>
<MeasurementUnit>pixel</MeasurementUnit>
<sourceImageInformation>
<fileName>1925_v22_Part001.pdf</fileName>
</sourceImageInformation>
<OCRProcessing ID="IdOcr">
<ocrProcessingStep>
<processingDateTime>2019-04-03</processingDateTime>
<processingSoftware>
<softwareCreator>ABBYY</softwareCreator>
<softwareName>ABBYY Recognition Server</softwareName>
<softwareVersion>4.0</softwareVersion>
</processingSoftware>
</ocrProcessingStep>
</OCRProcessing>
</Description>
<Styles>
<ParagraphStyle ID="StyleId-FFFFFFFF-FFFF-FFFF-FFFF-FFFFFFFFFFFF-" ALIGN="Left" LEFT="0." RIGHT="0." FIRSTLINE="0."/>
<ParagraphStyle ID="StyleId-2E5B4E57-07AD-4719-97CB-14521F7F4F8A-" ALIGN="Left" LEFT="0." RIGHT="0." FIRSTLINE="0." LINESPACE="8.899999619"/>
<ParagraphStyle ID="StyleId-62A6F688-D6E3-4EFC-837B-4A4C4EB582B7-" ALIGN="Center" LEFT="0." RIGHT="0." FIRSTLINE="0." LINESPACE="12.19999981"/>
<ParagraphStyle ID="StyleId-21B71EBC-BDB5-4E16-A8F2-58189A39665B-" ALIGN="Block" LEFT="0." RIGHT="0." FIRSTLINE="-13." LINESPACE="11.35000038"/>
<ParagraphStyle ID="StyleId-1E1A68C4-DD4F-417A-A13D-7FEC29ECB499-" ALIGN="Block" LEFT="0." RIGHT="0." FIRSTLINE="-15." LINESPACE="13.30000019"/>
<ParagraphStyle ID="StyleId-6B39EC51-644D-4E90-AF07-84EF2B1E466A-" ALIGN="Block" LEFT="0." RIGHT="0." FIRSTLINE="-15." LINESPACE="8.340000153"/>
<ParagraphStyle ID="StyleId-2C1BA15F-E223-41D6-853D-AAFBDAC17E68-" ALIGN="Center" LEFT="0." RIGHT="0." FIRSTLINE="0." LINESPACE="13."/>
<ParagraphStyle ID="StyleId-A3B2CDF3-43F0-422C-90A0-E074BFEC3BC0-" ALIGN="Block" LEFT="0." RIGHT="0." FIRSTLINE="0." LINESPACE="8.899999619"/>
<ParagraphStyle ID="StyleId-28AB2493-EA15-49C1-A6AC-ED5BC404F0B9-" ALIGN="Center" LEFT="0." RIGHT="0." FIRSTLINE="0." LINESPACE="12.19999981"/>
<ParagraphStyle ID="StyleId-4417A6D4-97E2-4EFC-962D-7FBC0D5273E4-" ALIGN="Left" LEFT="0." RIGHT="0." FIRSTLINE="15." LINESPACE="8.340000153"/>
<ParagraphStyle ID="StyleId-D4EF9C5E-3110-4A39-B7BC-3D84E0F04894-" ALIGN="Center" LEFT="0." RIGHT="0." FIRSTLINE="0." LINESPACE="13.30000019"/>
<ParagraphStyle ID="StyleId-D1243F31-1201-4D92-8F69-43ADB01E9AD1-" ALIGN="Left" LEFT="0." RIGHT="0." FIRSTLINE="-13." LINESPACE="13.30000019"/>
<ParagraphStyle ID="StyleId-C65417C6-23F2-4D8F-BA55-ECE73D98CAB9-" ALIGN="Left" LEFT="0." RIGHT="0." FIRSTLINE="0." LINESPACE="8.899999619"/>
<ParagraphStyle ID="StyleId-835763C1-08DD-41BE-8BAD-8E41EA88DAE3-" ALIGN="Center" LEFT="0." RIGHT="0." FIRSTLINE="0." LINESPACE="11.10000038"/>
<ParagraphStyle ID="StyleId-78FD6B81-8F83-422D-8DF4-4274EAFD19C6-" ALIGN="Block" LEFT="0." RIGHT="0." FIRSTLINE="-17." LINESPACE="12.19999981"/>
<ParagraphStyle ID="StyleId-F506BC7F-570D-458B-9F05-A143E1F5FD17-" ALIGN="Block" LEFT="0." RIGHT="0." FIRSTLINE="-17." LINESPACE="11.35000038"/>
<ParagraphStyle ID="StyleId-CBE02C6B-22D0-48C6-A874-7E90A22F4375-" ALIGN="Center" LEFT="0." RIGHT="0." FIRSTLINE="0." LINESPACE="4.400000095"/>
<ParagraphStyle ID="StyleId-14CC0121-63AF-4AB4-9656-E02F46C61AF2-" ALIGN="Left" LEFT="0." RIGHT="0." FIRSTLINE="0." LINESPACE="8.899999619"/>
<ParagraphStyle ID="StyleId-DD64CECB-1B22-4BFF-84F0-DFDE2B0000F8-" ALIGN="Left" LEFT="0." RIGHT="0." FIRSTLINE="0." LINESPACE="12.19999981"/>
<ParagraphStyle ID="StyleId-8AEF4AA8-141A-4E5D-9C3E-C0F9F43C742F-" ALIGN="Left" LEFT="0." RIGHT="0." FIRSTLINE="0." LINESPACE="8.300000191"/>
<ParagraphStyle ID="StyleId-8C396D2A-39C0-48AB-BABA-2679D8AB257E-" ALIGN="Left" LEFT="0." RIGHT="0." FIRSTLINE="0." LINESPACE="11.10000038"/>
<ParagraphStyle ID="StyleId-3B7FE50F-10D4-487F-BDCD-FD26EB60FD4A-" ALIGN="Block" LEFT="0." RIGHT="0." FIRSTLINE="13." LINESPACE="8.340000153"/>
<ParagraphStyle ID="StyleId-8CC5CC8E-615B-4C42-BB46-DB28FA355C27-" ALIGN="Left" LEFT="0." RIGHT="0." FIRSTLINE="0." LINESPACE="12.19999981"/>
<ParagraphStyle ID="StyleId-BC67E79D-8D99-4188-8B35-A59DBB7E2BB0-" ALIGN="Block" LEFT="0." RIGHT="0." FIRSTLINE="11." LINESPACE="9.399999619"/>
</Styles>
<Layout>
<Page ID="Page1726" PHYSICAL_IMG_NR="1726" HEIGHT="4412" WIDTH="2533">
<TopMargin HEIGHT="430" WIDTH="2533" VPOS="0" HPOS="0">
</TopMargin>
<LeftMargin HEIGHT="3756" WIDTH="298" VPOS="430" HPOS="0">
</LeftMargin>
<RightMargin HEIGHT="3756" WIDTH="123" VPOS="430" HPOS="2410">
</RightMargin>
<BottomMargin HEIGHT="226" WIDTH="2533" VPOS="4186" HPOS="0">
</BottomMargin>
<PrintSpace HEIGHT="3756" WIDTH="2112" VPOS="430" HPOS="298">
<ComposedBlock ID="Page1726_Block1" HEIGHT="3756" WIDTH="2112" VPOS="430" HPOS="298" TYPE="container">
<TextBlock ID="Page1726_Block2" HEIGHT="3756" WIDTH="2112" VPOS="430" HPOS="298" CS="1" STYLEREFS="StyleId-7E29B01A-B936-4B54-A422-2F166FBB95C4-">
<TextLine HEIGHT="0" WIDTH="0" VPOS="0" HPOS="0" STYLEREFS="StyleId-4F6810AF-6212-4B9F-836D-00996A5A05AC-" LANG="en-US" CS="1">
<String CS="1" CONTENT="1726"/>
</TextLine>
<TextLine HEIGHT="71" WIDTH="666" VPOS="441" HPOS="377" STYLEREFS="StyleId-4F6810AF-6212-4B9F-836D-00996A5A05AC-" LANG="en-US">
<String CONTENT="Heinsius," HEIGHT="71" WIDTH="317" VPOS="441" HPOS="377"/>
<SP HEIGHT="70" WIDTH="34" VPOS="442" HPOS="695"/>
<String CONTENT="Wilhelm." HEIGHT="59" WIDTH="313" VPOS="442" HPOS="730"/>
</TextLine>
<TextLine HEIGHT="74" WIDTH="1933" VPOS="532" HPOS="451" STYLEREFS="StyleId-9F45F7BC-EF4A-4165-8D22-36BB07284399-" LANG="de" CS="1">
<String CONTENT="Krisen" HEIGHT="59" WIDTH="239" VPOS="532" HPOS="451"/>
<SP HEIGHT="57" WIDTH="61" VPOS="532" HPOS="691"/>
<String CONTENT="katholischer" HEIGHT="59" WIDTH="426" VPOS="532" HPOS="753"/>
<SP HEIGHT="57" WIDTH="60" VPOS="533" HPOS="1180"/>
<String CONTENT="fr&#246;mmigkeit" HEIGHT="73" WIDTH="430" VPOS="533" HPOS="1241"/>
<SP HEIGHT="55" WIDTH="61" VPOS="537" HPOS="1672"/>
<String CS="1" CONTENT="und" HEIGHT="57" WIDTH="85" VPOS="536" HPOS="1778"/>
<SP HEIGHT="59" WIDTH="59" VPOS="534" HPOS="1864"/>
<String CONTENT="konversionen" HEIGHT="60" WIDTH="460" VPOS="534" HPOS="1924"/>
</TextLine>
<TextLine HEIGHT="77" WIDTH="2006" VPOS="610" HPOS="376" STYLEREFS="StyleId-9F45F7BC-EF4A-4165-8D22-36BB07284399-" LANG="de" CS="1">
<String CS="1" CONTENT="zum" HEIGHT="38" WIDTH="138" VPOS="630" HPOS="376"/>
<SP HEIGHT="53" WIDTH="39" VPOS="630" HPOS="515"/>
<String CS="1" CONTENT="protestantismus," HEIGHT="75" WIDTH="532" VPOS="610" HPOS="602"/>
<SP HEIGHT="54" WIDTH="39" VPOS="631" HPOS="1135"/>
<String CONTENT="von" HEIGHT="38" WIDTH="126" VPOS="631" HPOS="1175"/>
<SP HEIGHT="57" WIDTH="34" VPOS="612" HPOS="1302"/>
<String LANG="en-US" CS="1" CONTENT="lic." HEIGHT="59" WIDTH="97" VPOS="611" HPOS="1337"/>
<SP HEIGHT="57" WIDTH="41" VPOS="614" HPOS="1435"/>
<String LANG="en-US" CONTENT="dr." HEIGHT="57" WIDTH="92" VPOS="614" HPOS="1477"/>
<SP HEIGHT="59" WIDTH="36" VPOS="612" HPOS="1570"/>
<String CONTENT="W." HEIGHT="59" WIDTH="97" VPOS="612" HPOS="1607"/>
<SP HEIGHT="58" WIDTH="40" VPOS="612" HPOS="1705"/>
<String CONTENT="Heinsius." HEIGHT="60" WIDTH="322" VPOS="612" HPOS="1746"/>
<SP HEIGHT="58" WIDTH="75" VPOS="613" HPOS="2069"/>
<String CONTENT="Berlin," HEIGHT="74" WIDTH="237" VPOS="613" HPOS="2145"/>
</TextLine>
<TextLine HEIGHT="73" WIDTH="614" VPOS="690" HPOS="375" STYLEREFS="StyleId-9F45F7BC-EF4A-4165-8D22-36BB07284399-" LANG="de" CS="1">
<String CONTENT="J." HEIGHT="58" WIDTH="61" VPOS="691" HPOS="375"/>
<SP/>
<String CONTENT="Springer," HEIGHT="73" WIDTH="328" VPOS="690" HPOS="467"/>
<SP HEIGHT="69" WIDTH="25" VPOS="692" HPOS="796"/>
<String CONTENT="1925." HEIGHT="57" WIDTH="167" VPOS="691" HPOS="822"/>
</TextLine>
<TextLine HEIGHT="56" WIDTH="1936" VPOS="768" HPOS="447" LANG="de" CS="1">
<String CONTENT="4" HEIGHT="42" WIDTH="26" VPOS="772" HPOS="447"/>
<SP/>
<String CONTENT="p." HEIGHT="39" WIDTH="40" VPOS="784" HPOS="499"/>
<SP HEIGHT="43" WIDTH="26" VPOS="770" HPOS="540"/>
<String CS="1" CONTENT="l.,"/>
<SP HEIGHT="49" WIDTH="28" VPOS="771" HPOS="609"/>
<String CONTENT="141," HEIGHT="53" WIDTH="91" VPOS="770" HPOS="638"/>
<SP HEIGHT="38" WIDTH="29" VPOS="785" HPOS="730"/>
<String CONTENT="[1]" HEIGHT="46" WIDTH="52" VPOS="770" HPOS="760"/>
<SP HEIGHT="38" WIDTH="28" VPOS="785" HPOS="813"/>
<String CONTENT="p." HEIGHT="38" WIDTH="40" VPOS="785" HPOS="842"/>
<SP HEIGHT="43" WIDTH="59" VPOS="771" HPOS="883"/>
<String CONTENT="26" HEIGHT="44" WIDTH="53" VPOS="768" HPOS="943"/>
<String STYLE="superscript" CONTENT="cm" HEIGHT="18" WIDTH="47" VPOS="771" HPOS="1003"/>
<String CONTENT="." HEIGHT="7" WIDTH="8" VPOS="805" HPOS="1056"/>
<SP HEIGHT="54" WIDTH="69" VPOS="769" HPOS="1065"/>
<String CONTENT="(" HEIGHT="54" WIDTH="17" VPOS="769" HPOS="1135"/>
<String LANG="en-US" CONTENT="Added" HEIGHT="45" WIDTH="167" VPOS="768" HPOS="1159"/>
<SP HEIGHT="43" WIDTH="24" VPOS="770" HPOS="1327"/>
<String CONTENT="t.-p.:" HEIGHT="47" WIDTH="119" VPOS="776" HPOS="1352"/>
<SP HEIGHT="42" WIDTH="32" VPOS="770" HPOS="1472"/>
<String CONTENT="Philosophische" HEIGHT="56" WIDTH="376" VPOS="768" HPOS="1505"/>
<SP HEIGHT="45" WIDTH="26" VPOS="770" HPOS="1882"/>
<String CONTENT="Forschungen," HEIGHT="53" WIDTH="323" VPOS="770" HPOS="1909"/>
<SP HEIGHT="53" WIDTH="24" VPOS="770" HPOS="2233"/>
<String CONTENT="hrsg." HEIGHT="54" WIDTH="125" VPOS="770" HPOS="2258"/>
</TextLine>
<TextLine HEIGHT="55" WIDTH="754" VPOS="825" HPOS="378" LANG="de" CS="1">
<String CONTENT="von" HEIGHT="30" WIDTH="89" VPOS="842" HPOS="378"/>
<SP HEIGHT="44" WIDTH="22" VPOS="827" HPOS="468"/>
<String CONTENT="Karl" HEIGHT="43" WIDTH="117" VPOS="827" HPOS="491"/>
<SP HEIGHT="53" WIDTH="22" VPOS="827" HPOS="609"/>
<String CONTENT="Jaspers" HEIGHT="53" WIDTH="187" VPOS="827" HPOS="632"/>
<SP HEIGHT="29" WIDTH="24" VPOS="841" HPOS="820"/>
<String CS="1" CONTENT="&#8230;"/>
<SP HEIGHT="42" WIDTH="58" VPOS="827" HPOS="896"/>
<String CONTENT="2." HEIGHT="43" WIDTH="39" VPOS="827" HPOS="955"/>
<SP HEIGHT="45" WIDTH="22" VPOS="825" HPOS="995"/>
<String CONTENT="hft.)" HEIGHT="55" WIDTH="114" VPOS="825" HPOS="1018"/>
</TextLine>
<TextLine HEIGHT="55" WIDTH="932" VPOS="883" HPOS="447" LANG="de" CS="1">
<String CS="1" CONTENT="&#8220;Literaturverzeichnis&#8221;:" HEIGHT="47" WIDTH="570" VPOS="883" HPOS="447"/>
<SP HEIGHT="40" WIDTH="25" VPOS="898" HPOS="1045"/>
<String CONTENT="p." HEIGHT="39" WIDTH="40" VPOS="899" HPOS="1071"/>
<SP HEIGHT="31" WIDTH="27" VPOS="901" HPOS="1112"/>
<String CONTENT="[139]-141." HEIGHT="48" WIDTH="239" VPOS="884" HPOS="1140"/>
</TextLine>
<TextLine HEIGHT="56" WIDTH="1738" VPOS="939" HPOS="377" LANG="de" CS="1">
<String CONTENT="&#169;" HEIGHT="54" WIDTH="52" VPOS="939" HPOS="377"/>
<SP HEIGHT="55" WIDTH="25" VPOS="939" HPOS="430"/>
<String LANG="en-US" CONTENT="July" HEIGHT="53" WIDTH="107" VPOS="941" HPOS="456"/>
<SP HEIGHT="52" WIDTH="27" VPOS="942" HPOS="564"/>
<String CONTENT="17," HEIGHT="52" WIDTH="63" VPOS="940" HPOS="592"/>
<SP HEIGHT="50" WIDTH="30" VPOS="942" HPOS="656"/>
<String CONTENT="1925;" HEIGHT="53" WIDTH="130" VPOS="940" HPOS="687"/>
<SP/>
<String CS="1" CONTENT="1c."/>
<SP/>
<String CONTENT="Oct." HEIGHT="44" WIDTH="102" VPOS="941" HPOS="941"/>
<SP HEIGHT="43" WIDTH="30" VPOS="942" HPOS="1044"/>
<String CONTENT="10;" HEIGHT="52" WIDTH="73" VPOS="941" HPOS="1075"/>
<SP HEIGHT="50" WIDTH="29" VPOS="943" HPOS="1149"/>
<!-- cceid 37935E85-6DD5-1014-B757-AF09C522E301 --><String LANG="en-US" CONTENT="A" HEIGHT="41" WIDTH="43" VPOS="943" HPOS="1179"/>
<String CONTENT="&#8212;Foreign" HEIGHT="54" WIDTH="257" VPOS="940" HPOS="1225"/>
<SP HEIGHT="43" WIDTH="24" VPOS="941" HPOS="1483"/>
<String CONTENT="28904;" HEIGHT="53" WIDTH="162" VPOS="941" HPOS="1508"/>
<SP HEIGHT="51" WIDTH="31" VPOS="943" HPOS="1671"/>
<String CONTENT="Julius" HEIGHT="52" WIDTH="146" VPOS="942" HPOS="1703"/>
<SP HEIGHT="47" WIDTH="33" VPOS="941" HPOS="1850"/>
<String CONTENT="Springer." HEIGHT="54" WIDTH="231" VPOS="941" HPOS="1884"/>
</TextLine>
<TextLine HEIGHT="57" WIDTH="243" VPOS="996" HPOS="456" LANG="de" CS="1">
<String CS="1" CONTENT="(26-4505)" HEIGHT="57" WIDTH="243" VPOS="996" HPOS="456"/>
</TextLine>
<TextLine HEIGHT="74" WIDTH="1064" VPOS="1097" HPOS="380" STYLEREFS="StyleId-4F6810AF-6212-4B9F-836D-00996A5A05AC-" LANG="de" CS="1">
<String CONTENT="Hess," HEIGHT="73" WIDTH="179" VPOS="1098" HPOS="380"/>
<SP HEIGHT="74" WIDTH="32" VPOS="1097" HPOS="560"/>
<String CONTENT="Luva" HEIGHT="58" WIDTH="180" VPOS="1097" HPOS="593"/>
<SP HEIGHT="58" WIDTH="27" VPOS="1097" HPOS="774"/>
<String CONTENT="M" HEIGHT="58" WIDTH="70" VPOS="1097" HPOS="802"/>
<SP/>
<String CONTENT="d." HEIGHT="58" WIDTH="55" VPOS="1099" HPOS="1187"/>
<SP HEIGHT="55" WIDTH="34" VPOS="1101" HPOS="1243"/>
<String CONTENT="1925." HEIGHT="58" WIDTH="166" VPOS="1098" HPOS="1278"/>
</TextLine>
<TextLine HEIGHT="77" WIDTH="1932" VPOS="1190" HPOS="457" STYLEREFS="StyleId-9F45F7BC-EF4A-4165-8D22-36BB07284399-" LANG="en-US">
<String CONTENT="The" HEIGHT="58" WIDTH="130" VPOS="1192" HPOS="457"/>
<SP HEIGHT="38" WIDTH="29" VPOS="1212" HPOS="588"/>
<String CONTENT="sea" HEIGHT="40" WIDTH="107" VPOS="1210" HPOS="618"/>
<SP HEIGHT="56" WIDTH="26" VPOS="1193" HPOS="726"/>
<String CONTENT="is" HEIGHT="58" WIDTH="54" VPOS="1193" HPOS="753"/>
<SP HEIGHT="40" WIDTH="32" VPOS="1211" HPOS="808"/>
<String CONTENT="singing" HEIGHT="75" WIDTH="254" VPOS="1190" HPOS="841"/>
<SP HEIGHT="69" WIDTH="24" VPOS="1196" HPOS="1096"/>
<String CONTENT="to" HEIGHT="54" WIDTH="64" VPOS="1196" HPOS="1121"/>
<SP HEIGHT="59" WIDTH="29" VPOS="1191" HPOS="1186"/>
<String CONTENT="God" HEIGHT="59" WIDTH="137" VPOS="1191" HPOS="1216"/>
<SP HEIGHT="57" WIDTH="26" VPOS="1193" HPOS="1354"/>
<String CONTENT="tonight," HEIGHT="75" WIDTH="268" VPOS="1190" HPOS="1381"/>
<SP HEIGHT="53" WIDTH="28" VPOS="1211" HPOS="1650"/>
<String CONTENT="and" HEIGHT="57" WIDTH="124" VPOS="1192" HPOS="1679"/>
<SP HEIGHT="59" WIDTH="29" VPOS="1192" HPOS="1804"/>
<String CONTENT="other" HEIGHT="57" WIDTH="181" VPOS="1194" HPOS="1834"/>
<SP HEIGHT="55" WIDTH="24" VPOS="1211" HPOS="2016"/>
<String CONTENT="poems," HEIGHT="54" WIDTH="236" VPOS="1212" HPOS="2041"/>
<SP HEIGHT="71" WIDTH="29" VPOS="1195" HPOS="2278"/>
<String CONTENT="by" HEIGHT="72" WIDTH="81" VPOS="1195" HPOS="2308"/>
</TextLine>
<TextLine HEIGHT="76" WIDTH="2011" VPOS="1269" HPOS="377" STYLEREFS="StyleId-9F45F7BC-EF4A-4165-8D22-36BB07284399-" LANG="en-US">
<String CONTENT="Luva" HEIGHT="57" WIDTH="177" VPOS="1271" HPOS="377"/>
<SP HEIGHT="58" WIDTH="32" VPOS="1270" HPOS="555"/>
<String CONTENT="M." HEIGHT="57" WIDTH="83" VPOS="1270" HPOS="588"/>
<SP HEIGHT="57" WIDTH="31" VPOS="1270" HPOS="672"/>
<String CONTENT="Hess." HEIGHT="58" WIDTH="185" VPOS="1270" HPOS="704"/>
<SP HEIGHT="43" WIDTH="85" VPOS="1300" HPOS="890"/>
<String CONTENT="[Chicago," HEIGHT="74" WIDTH="312" VPOS="1269" HPOS="976"/>
<SP HEIGHT="73" WIDTH="28" VPOS="1269" HPOS="1289"/>
<String CONTENT="Whitlock" HEIGHT="59" WIDTH="316" VPOS="1269" HPOS="1318"/>
<SP HEIGHT="72" WIDTH="27" VPOS="1271" HPOS="1635"/>
<String CONTENT="publishing" HEIGHT="75" WIDTH="366" VPOS="1270" HPOS="1663"/>
<SP HEIGHT="53" WIDTH="31" VPOS="1292" HPOS="2030"/>
<String CONTENT="company," HEIGHT="54" WIDTH="326" VPOS="1291" HPOS="2062"/>
</TextLine>
<TextLine HEIGHT="72" WIDTH="165" VPOS="1349" HPOS="379" STYLEREFS="StyleId-9F45F7BC-EF4A-4165-8D22-36BB07284399-" LANG="en-US">
<String CONTENT="1925]" HEIGHT="72" WIDTH="165" VPOS="1349" HPOS="379"/>
</TextLine>
<TextLine HEIGHT="55" WIDTH="953" VPOS="1422" HPOS="449" LANG="en-US" CS="1">
<String CONTENT="3" HEIGHT="44" WIDTH="24" VPOS="1425" HPOS="449"/>
<SP/>
<String LANG="fr" CONTENT="p." HEIGHT="39" WIDTH="39" VPOS="1438" HPOS="503"/>
<SP HEIGHT="44" WIDTH="30" VPOS="1424" HPOS="543"/>
<String CS="1" CONTENT="l.,"/>
<SP HEIGHT="37" WIDTH="28" VPOS="1440" HPOS="617"/>
<String CS="1" CONTENT="[4]-89" HEIGHT="48" WIDTH="126" VPOS="1423" HPOS="660"/>
<SP HEIGHT="53" WIDTH="29" VPOS="1424" HPOS="787"/>
<String CONTENT="p." HEIGHT="39" WIDTH="38" VPOS="1438" HPOS="817"/>
<SP HEIGHT="47" WIDTH="59" VPOS="1422" HPOS="856"/>
<String CONTENT="illus.," HEIGHT="53" WIDTH="132" VPOS="1422" HPOS="916"/>
<SP HEIGHT="39" WIDTH="29" VPOS="1438" HPOS="1049"/>
<String CONTENT="ports." HEIGHT="47" WIDTH="137" VPOS="1430" HPOS="1079"/>
<SP HEIGHT="43" WIDTH="60" VPOS="1424" HPOS="1217"/>
<String CONTENT="24" HEIGHT="45" WIDTH="55" VPOS="1423" HPOS="1278"/>
<String STYLE="superscript" CONTENT="cm" HEIGHT="18" WIDTH="48" VPOS="1425" HPOS="1339"/>
<String CONTENT="." HEIGHT="9" WIDTH="8" VPOS="1459" HPOS="1394"/>
</TextLine>
<TextLine HEIGHT="55" WIDTH="2010" VPOS="1480" HPOS="379" LANG="en-US" CS="1">
<String CONTENT="&#169;" HEIGHT="54" WIDTH="52" VPOS="1481" HPOS="379"/>
<SP HEIGHT="54" WIDTH="30" VPOS="1481" HPOS="432"/>
<String CONTENT="Aug." HEIGHT="51" WIDTH="120" VPOS="1484" HPOS="463"/>
<SP HEIGHT="43" WIDTH="35" VPOS="1483" HPOS="584"/>
<String CONTENT="14," HEIGHT="47" WIDTH="60" VPOS="1483" HPOS="620"/>
<SP HEIGHT="47" WIDTH="35" VPOS="1483" HPOS="681"/>
<String CS="1" CONTENT="1925;" HEIGHT="44" WIDTH="103" VPOS="1481" HPOS="717"/>
<SP HEIGHT="51" WIDTH="30" VPOS="1482" HPOS="849"/>
<String CONTENT="2c." HEIGHT="43" WIDTH="64" VPOS="1482" HPOS="880"/>
<SP HEIGHT="42" WIDTH="30" VPOS="1483" HPOS="945"/>
<String CONTENT="Aug." HEIGHT="51" WIDTH="119" VPOS="1483" HPOS="976"/>
<SP HEIGHT="42" WIDTH="29" VPOS="1483" HPOS="1096"/>
<String CS="1" CONTENT="25;" HEIGHT="46" WIDTH="52" VPOS="1480" HPOS="1126"/>
<SP HEIGHT="36" WIDTH="30" VPOS="1497" HPOS="1206"/>
<String CONTENT="aff." HEIGHT="44" WIDTH="79" VPOS="1482" HPOS="1237"/>
<SP HEIGHT="47" WIDTH="35" VPOS="1481" HPOS="1317"/>
<String CONTENT="Sept." HEIGHT="53" WIDTH="120" VPOS="1481" HPOS="1353"/>
<SP HEIGHT="43" WIDTH="37" VPOS="1482" HPOS="1474"/>
<String CS="1" CONTENT="15;" HEIGHT="44" WIDTH="48" VPOS="1481" HPOS="1512"/>
<SP HEIGHT="51" WIDTH="32" VPOS="1483" HPOS="1587"/>
<!-- cceid 379361DE-6DD5-1014-B757-AF09C522E301 --><String CONTENT="A" HEIGHT="41" WIDTH="43" VPOS="1483" HPOS="1620"/>
<SP HEIGHT="43" WIDTH="31" VPOS="1483" HPOS="1664"/>
<String CS="1" CONTENT="864630;" HEIGHT="44" WIDTH="165" VPOS="1482" HPOS="1696"/>
<SP HEIGHT="51" WIDTH="32" VPOS="1484" HPOS="1887"/>
<String CONTENT="Whitlock" HEIGHT="46" WIDTH="238" VPOS="1482" HPOS="1920"/>
<SP HEIGHT="51" WIDTH="29" VPOS="1484" HPOS="2159"/>
<String CONTENT="pub." HEIGHT="50" WIDTH="100" VPOS="1485" HPOS="2189"/>
<SP HEIGHT="27" WIDTH="33" VPOS="1500" HPOS="2290"/>
<String CONTENT="co." HEIGHT="28" WIDTH="65" VPOS="1499" HPOS="2324"/>
</TextLine>
<TextLine HEIGHT="56" WIDTH="244" VPOS="1537" HPOS="458" LANG="en-US">
<String CONTENT="(26-3278)" HEIGHT="56" WIDTH="244" VPOS="1537" HPOS="458"/>
</TextLine>
<TextLine HEIGHT="73" WIDTH="1110" VPOS="1638" HPOS="382" STYLEREFS="StyleId-9F45F7BC-EF4A-4165-8D22-36BB07284399-" LANG="en-US">
<String CONTENT="Hesse," HEIGHT="72" WIDTH="216" VPOS="1639" HPOS="382"/>
<SP HEIGHT="73" WIDTH="37" VPOS="1638" HPOS="599"/>
<String CONTENT="Raymond" HEIGHT="73" WIDTH="332" VPOS="1638" HPOS="637"/>
<SP HEIGHT="59" WIDTH="35" VPOS="1638" HPOS="970"/>
<String CONTENT="Gaston," HEIGHT="72" WIDTH="256" VPOS="1638" HPOS="1006"/>
<SP HEIGHT="68" WIDTH="38" VPOS="1642" HPOS="1263"/>
<String CONTENT="1884-" HEIGHT="58" WIDTH="190" VPOS="1640" HPOS="1302"/>
</TextLine>
<TextLine HEIGHT="140" WIDTH="1994" VPOS="1729" HPOS="378" STYLEREFS="StyleId-9F45F7BC-EF4A-4165-8D22-36BB07284399-" LANG="fr" CS="1">
<String LANG="en-US" CS="1" CONTENT="&#8230;"/>
<SP HEIGHT="59" WIDTH="35" VPOS="1730" HPOS="525"/>
<String CONTENT="Leur" HEIGHT="59" WIDTH="170" VPOS="1730" HPOS="561"/>
<SP HEIGHT="37" WIDTH="25" VPOS="1750" HPOS="732"/>
<String CONTENT="mani&#232;re" HEIGHT="58" WIDTH="278" VPOS="1729" HPOS="758"/>
<SP HEIGHT="39" WIDTH="35" VPOS="1750" HPOS="1037"/>
<String LANG="en-US" CS="1" CONTENT="&#8230;"/>
<SP HEIGHT="58" WIDTH="87" VPOS="1731" HPOS="1135"/>
<String CONTENT="Plaidoiries" HEIGHT="59" WIDTH="380" VPOS="1729" HPOS="1223"/>
<SP HEIGHT="58" WIDTH="32" VPOS="1730" HPOS="1604"/>
<String CONTENT="&#224;" HEIGHT="57" WIDTH="35" VPOS="1730" HPOS="1637"/>
<SP HEIGHT="57" WIDTH="29" VPOS="1730" HPOS="1673"/>
<String CONTENT="la" HEIGHT="57" WIDTH="62" VPOS="1731" HPOS="1703"/>
<SP HEIGHT="58" WIDTH="29" VPOS="1730" HPOS="1766"/>
<String CONTENT="fa&#231;on" HEIGHT="71" WIDTH="186" VPOS="1730" HPOS="1796"/>
<SP HEIGHT="56" WIDTH="33" VPOS="1733" HPOS="1983"/>
<String CONTENT="de" HEIGHT="58" WIDTH="75" VPOS="1733" HPOS="2017"/>
<SP HEIGHT="39" WIDTH="36" VPOS="1752" HPOS="2093"/>
<String CS="1" CONTENT="&#8230;"/>
<SP HEIGHT="58" WIDTH="37" VPOS="1733" HPOS="2194"/>
<String CONTENT="Raymond" HEIGHT="136" WIDTH="1994" VPOS="1733" HPOS="378"/>
</TextLine>
<TextLine HEIGHT="76" WIDTH="1792" VPOS="1808" HPOS="600" STYLEREFS="StyleId-9F45F7BC-EF4A-4165-8D22-36BB07284399-" LANG="fr" CS="1">
<String CONTENT="Poincar&#233;.&#8212;Maria" HEIGHT="58" WIDTH="617" VPOS="1809" HPOS="600"/>
<SP HEIGHT="57" WIDTH="30" VPOS="1809" HPOS="1218"/>
<String CONTENT="V&#233;rone.&#8212;Henri" HEIGHT="59" WIDTH="554" VPOS="1808" HPOS="1249"/>
<SP HEIGHT="59" WIDTH="32" VPOS="1808" HPOS="1804"/>
<String CONTENT="Robert" HEIGHT="58" WIDTH="239" VPOS="1810" HPOS="1837"/>
<SP HEIGHT="58" WIDTH="36" VPOS="1812" HPOS="2077"/>
<String CS="1" CONTENT="&#8230;"/>
<SP HEIGHT="43" WIDTH="39" VPOS="1839" HPOS="2178"/>
<String CS="1" CONTENT="[e." HEIGHT="37" WIDTH="47" VPOS="1830" HPOS="2236"/>
<SP HEIGHT="37" WIDTH="35" VPOS="1830" HPOS="2284"/>
<String CONTENT="a.]" HEIGHT="54" WIDTH="72" VPOS="1830" HPOS="2320"/>
</TextLine>
<TextLine HEIGHT="71" WIDTH="847" VPOS="1888" HPOS="379" STYLEREFS="StyleId-9F45F7BC-EF4A-4165-8D22-36BB07284399-" LANG="fr">
<String CONTENT="Paris," HEIGHT="70" WIDTH="207" VPOS="1889" HPOS="379"/>
<SP HEIGHT="71" WIDTH="29" VPOS="1888" HPOS="587"/>
<String CONTENT="B." HEIGHT="56" WIDTH="70" VPOS="1888" HPOS="617"/>
<SP HEIGHT="59" WIDTH="35" VPOS="1888" HPOS="688"/>
<String CONTENT="Grasset," HEIGHT="71" WIDTH="284" VPOS="1888" HPOS="724"/>
<SP HEIGHT="62" WIDTH="28" VPOS="1897" HPOS="1009"/>
<String STYLE="superscript" CONTENT="c" HEIGHT="22" WIDTH="19" VPOS="1897" HPOS="1038"/>
<String CONTENT="1925." HEIGHT="56" WIDTH="165" VPOS="1888" HPOS="1061"/>
</TextLine>
<TextLine HEIGHT="64" WIDTH="482" VPOS="1966" HPOS="451" LANG="fr" CS="1">
<String CONTENT="212" HEIGHT="42" WIDTH="83" VPOS="1968" HPOS="451"/>
<SP HEIGHT="51" WIDTH="23" VPOS="1969" HPOS="535"/>
<String CS="1" CONTENT="p.,"/>
<SP/>
<String CS="1" CONTENT="2"/>
<SP/>
<String CS="1" CONTENT="l."/>
<SP HEIGHT="62" WIDTH="57" VPOS="1968" HPOS="722"/>
<String CS="1" CONTENT="19" HEIGHT="44" WIDTH="24" VPOS="1966" HPOS="811"/>
<String LANG="en-US" CS="1" CONTENT="&#189;"/>
<String STYLE="superscript" CONTENT="cm" HEIGHT="18" WIDTH="47" VPOS="1968" HPOS="870"/>
<String CONTENT="." HEIGHT="8" WIDTH="8" VPOS="2001" HPOS="925"/>
</TextLine>
<TextLine HEIGHT="55" WIDTH="1378" VPOS="2022" HPOS="454" LANG="en-US" CS="1">
<String CONTENT="At" HEIGHT="43" WIDTH="64" VPOS="2026" HPOS="454"/>
<SP HEIGHT="45" WIDTH="20" VPOS="2024" HPOS="519"/>
<String CONTENT="head" HEIGHT="45" WIDTH="116" VPOS="2024" HPOS="540"/>
<SP HEIGHT="46" WIDTH="23" VPOS="2025" HPOS="657"/>
<String CONTENT="of" HEIGHT="47" WIDTH="51" VPOS="2024" HPOS="681"/>
<SP HEIGHT="43" WIDTH="23" VPOS="2024" HPOS="733"/>
<String CS="1" CONTENT="title:" HEIGHT="46" WIDTH="99" VPOS="2022" HPOS="757"/>
<SP HEIGHT="44" WIDTH="27" VPOS="2024" HPOS="882"/>
<String CONTENT="Raymond" HEIGHT="53" WIDTH="238" VPOS="2023" HPOS="910"/>
<SP HEIGHT="45" WIDTH="26" VPOS="2023" HPOS="1149"/>
<String CONTENT="Hesse" HEIGHT="45" WIDTH="152" VPOS="2023" HPOS="1176"/>
<SP HEIGHT="29" WIDTH="24" VPOS="2039" HPOS="1329"/>
<String LANG="fr" CONTENT="et" HEIGHT="39" WIDTH="44" VPOS="2029" HPOS="1354"/>
<SP HEIGHT="43" WIDTH="26" VPOS="2023" HPOS="1399"/>
<String CONTENT="Lionel" HEIGHT="47" WIDTH="157" VPOS="2022" HPOS="1426"/>
<SP HEIGHT="44" WIDTH="27" VPOS="2023" HPOS="1584"/>
<String CONTENT="Nastorg." HEIGHT="54" WIDTH="220" VPOS="2023" HPOS="1612"/>
</TextLine>
<TextLine HEIGHT="65" WIDTH="1739" VPOS="2070" HPOS="382" LANG="en-US" CS="1">
<String CONTENT="&#169;" HEIGHT="54" WIDTH="52" VPOS="2080" HPOS="382"/>
<SP HEIGHT="55" WIDTH="26" VPOS="2080" HPOS="435"/>
<String CONTENT="July" HEIGHT="52" WIDTH="107" VPOS="2083" HPOS="462"/>
<SP HEIGHT="52" WIDTH="25" VPOS="2083" HPOS="570"/>
<String CONTENT="3," HEIGHT="50" WIDTH="38" VPOS="2083" HPOS="596"/>
<SP HEIGHT="50" WIDTH="29" VPOS="2083" HPOS="635"/>
<String CS="1" CONTENT="1925;" HEIGHT="45" WIDTH="104" VPOS="2080" HPOS="665"/>
<SP/>
<String CS="1" CONTENT="1c."/>
<SP/>
<String CONTENT="July" HEIGHT="64" WIDTH="106" VPOS="2070" HPOS="917"/>
<SP HEIGHT="52" WIDTH="24" VPOS="2082" HPOS="1024"/>
<String CS="1" CONTENT="24;" HEIGHT="42" WIDTH="52" VPOS="2082" HPOS="1049"/>
<SP HEIGHT="51" WIDTH="28" VPOS="2082" HPOS="1128"/>
<!-- cceid 37936548-6DD5-1014-B757-AF09C522E301 --><String CONTENT="A&#8212;Foreign" HEIGHT="54" WIDTH="304" VPOS="2080" HPOS="1157"/>
<SP HEIGHT="41" WIDTH="24" VPOS="2083" HPOS="1462"/>
<String CS="1" CONTENT="28303;" HEIGHT="44" WIDTH="136" VPOS="2082" HPOS="1487"/>
<SP HEIGHT="52" WIDTH="33" VPOS="2082" HPOS="1650"/>
<String CONTENT="Bernard" HEIGHT="43" WIDTH="206" VPOS="2082" HPOS="1684"/>
<SP HEIGHT="45" WIDTH="29" VPOS="2080" HPOS="1891"/>
<String LANG="fr" CONTENT="Grasset." HEIGHT="45" WIDTH="200" VPOS="2080" HPOS="1921"/>
</TextLine>
<TextLine HEIGHT="56" WIDTH="244" VPOS="2138" HPOS="461" LANG="en-US">
<String CONTENT="(26-4735)" HEIGHT="56" WIDTH="244" VPOS="2138" HPOS="461"/>
</TextLine>
<TextLine HEIGHT="75" WIDTH="1387" VPOS="2237" HPOS="385" STYLEREFS="StyleId-4F6810AF-6212-4B9F-836D-00996A5A05AC-">
<String LANG="de" CONTENT="Heydecker," HEIGHT="74" WIDTH="386" VPOS="2238" HPOS="385"/>
<SP HEIGHT="73" WIDTH="41" VPOS="2239" HPOS="772"/>
<String LANG="en-US" CONTENT="Christian" HEIGHT="60" WIDTH="325" VPOS="2237" HPOS="814"/>
<SP HEIGHT="57" WIDTH="35" VPOS="2238" HPOS="1140"/>
<String LANG="en-US" CONTENT="Townsend," HEIGHT="72" WIDTH="366" VPOS="2238" HPOS="1176"/>
<SP HEIGHT="69" WIDTH="38" VPOS="2241" HPOS="1543"/>
<String LANG="en-US" CONTENT="1846-" HEIGHT="58" WIDTH="190" VPOS="2239" HPOS="1582"/>
</TextLine>
<TextLine HEIGHT="138" WIDTH="1983" VPOS="2328" HPOS="386" STYLEREFS="StyleId-9F45F7BC-EF4A-4165-8D22-36BB07284399-" LANG="en-US" CS="1">
<String CONTENT="Genealogy" HEIGHT="73" WIDTH="362" VPOS="2329" HPOS="464"/>
<SP HEIGHT="53" WIDTH="23" VPOS="2349" HPOS="827"/>
<String CONTENT="of" HEIGHT="56" WIDTH="70" VPOS="2330" HPOS="851"/>
<SP HEIGHT="57" WIDTH="22" VPOS="2330" HPOS="922"/>
<String CONTENT="the" HEIGHT="57" WIDTH="104" VPOS="2330" HPOS="945"/>
<SP HEIGHT="59" WIDTH="26" VPOS="2328" HPOS="1050"/>
<String CONTENT="Heydecker" HEIGHT="73" WIDTH="374" VPOS="2328" HPOS="1077"/>
<SP HEIGHT="57" WIDTH="22" VPOS="2328" HPOS="1452"/>
<String CONTENT="family," HEIGHT="73" WIDTH="243" VPOS="2328" HPOS="1475"/>
<SP HEIGHT="52" WIDTH="29" VPOS="2349" HPOS="1719"/>
<String CONTENT="containing" HEIGHT="74" WIDTH="365" VPOS="2328" HPOS="1749"/>
<SP HEIGHT="70" WIDTH="23" VPOS="2332" HPOS="2115"/>
<String CONTENT="the" HEIGHT="57" WIDTH="104" VPOS="2330" HPOS="2139"/>
<SP HEIGHT="57" WIDTH="26" VPOS="2329" HPOS="2244"/>
<String CONTENT="historical" HEIGHT="137" WIDTH="1983" VPOS="2329" HPOS="386"/>
</TextLine>
<TextLine HEIGHT="73" WIDTH="1752" VPOS="2407" HPOS="641" STYLEREFS="StyleId-9F45F7BC-EF4A-4165-8D22-36BB07284399-" LANG="en-US">
<String CONTENT="accounts" HEIGHT="55" WIDTH="294" VPOS="2410" HPOS="641"/>
<SP HEIGHT="39" WIDTH="29" VPOS="2426" HPOS="936"/>
<String CONTENT="of" HEIGHT="58" WIDTH="69" VPOS="2407" HPOS="966"/>
<SP HEIGHT="57" WIDTH="26" VPOS="2407" HPOS="1036"/>
<String CONTENT="the" HEIGHT="57" WIDTH="104" VPOS="2407" HPOS="1063"/>
<SP HEIGHT="57" WIDTH="30" VPOS="2407" HPOS="1168"/>
<String CONTENT="family," HEIGHT="73" WIDTH="243" VPOS="2407" HPOS="1199"/>
<SP HEIGHT="54" WIDTH="33" VPOS="2426" HPOS="1443"/>
<String CONTENT="as" HEIGHT="39" WIDTH="70" VPOS="2426" HPOS="1477"/>
<SP HEIGHT="58" WIDTH="29" VPOS="2407" HPOS="1548"/>
<String CONTENT="found" HEIGHT="58" WIDTH="200" VPOS="2407" HPOS="1578"/>
<SP HEIGHT="58" WIDTH="28" VPOS="2407" HPOS="1779"/>
<String CONTENT="in" HEIGHT="56" WIDTH="66" VPOS="2407" HPOS="1808"/>
<SP HEIGHT="55" WIDTH="30" VPOS="2410" HPOS="1875"/>
<String CONTENT="the" HEIGHT="58" WIDTH="104" VPOS="2407" HPOS="1906"/>
<SP HEIGHT="38" WIDTH="29" VPOS="2426" HPOS="2011"/>
<String CONTENT="records" HEIGHT="58" WIDTH="254" VPOS="2407" HPOS="2041"/>
<SP HEIGHT="39" WIDTH="34" VPOS="2426" HPOS="2296"/>
<String CONTENT="at" HEIGHT="55" WIDTH="62" VPOS="2409" HPOS="2331"/>
</TextLine>
<TextLine HEIGHT="153" WIDTH="1985" VPOS="2484" HPOS="385" STYLEREFS="StyleId-9F45F7BC-EF4A-4165-8D22-36BB07284399-" LANG="en-US" CS="1">
<String CONTENT="Vienna" HEIGHT="57" WIDTH="250" VPOS="2486" HPOS="385"/>
<SP HEIGHT="39" WIDTH="29" VPOS="2504" HPOS="636"/>
<String CONTENT="and" HEIGHT="56" WIDTH="123" VPOS="2487" HPOS="666"/>
<SP HEIGHT="58" WIDTH="33" VPOS="2485" HPOS="790"/>
<String LANG="de" CONTENT="Kempten," HEIGHT="73" WIDTH="336" VPOS="2485" HPOS="824"/>
<SP HEIGHT="73" WIDTH="35" VPOS="2485" HPOS="1161"/>
<String CONTENT="Germany," HEIGHT="73" WIDTH="336" VPOS="2485" HPOS="1197"/>
<SP HEIGHT="70" WIDTH="32" VPOS="2488" HPOS="1534"/>
<String CONTENT="together" HEIGHT="72" WIDTH="291" VPOS="2486" HPOS="1567"/>
<SP HEIGHT="38" WIDTH="29" VPOS="2504" HPOS="1859"/>
<String CONTENT="with" HEIGHT="58" WIDTH="153" VPOS="2484" HPOS="1889"/>
<SP HEIGHT="57" WIDTH="30" VPOS="2485" HPOS="2043"/>
<String CONTENT="the" HEIGHT="56" WIDTH="105" VPOS="2486" HPOS="2074"/>
<SP HEIGHT="53" WIDTH="34" VPOS="2504" HPOS="2180"/>
<String CONTENT="genealogy" HEIGHT="135" WIDTH="1983" VPOS="2502" HPOS="387"/>
</TextLine>
<TextLine HEIGHT="75" WIDTH="1790" VPOS="2562" HPOS="601" STYLEREFS="StyleId-9F45F7BC-EF4A-4165-8D22-36BB07284399-" LANG="en-US">
<String CONTENT="commencing" HEIGHT="74" WIDTH="425" VPOS="2563" HPOS="601"/>
<SP HEIGHT="55" WIDTH="19" VPOS="2582" HPOS="1027"/>
<String CONTENT="with" HEIGHT="59" WIDTH="153" VPOS="2562" HPOS="1047"/>
<SP HEIGHT="58" WIDTH="22" VPOS="2563" HPOS="1201"/>
<String CONTENT="the" HEIGHT="58" WIDTH="104" VPOS="2563" HPOS="1224"/>
<SP HEIGHT="53" WIDTH="23" VPOS="2582" HPOS="1329"/>
<String CONTENT="year" HEIGHT="54" WIDTH="159" VPOS="2581" HPOS="1353"/>
<SP HEIGHT="55" WIDTH="21" VPOS="2565" HPOS="1513"/>
<String CONTENT="1634," HEIGHT="73" WIDTH="167" VPOS="2564" HPOS="1535"/>
<SP HEIGHT="71" WIDTH="25" VPOS="2566" HPOS="1703"/>
<String CONTENT="to" HEIGHT="55" WIDTH="64" VPOS="2566" HPOS="1729"/>
<SP HEIGHT="55" WIDTH="24" VPOS="2566" HPOS="1794"/>
<String CONTENT="the" HEIGHT="57" WIDTH="104" VPOS="2564" HPOS="1819"/>
<SP HEIGHT="55" WIDTH="21" VPOS="2581" HPOS="1924"/>
<String CONTENT="present" HEIGHT="71" WIDTH="260" VPOS="2565" HPOS="1946"/>
<SP HEIGHT="56" WIDTH="18" VPOS="2565" HPOS="2207"/>
<String CONTENT="time." HEIGHT="59" WIDTH="165" VPOS="2562" HPOS="2226"/>
</TextLine>
<TextLine HEIGHT="75" WIDTH="2008" VPOS="2640" HPOS="385" STYLEREFS="StyleId-9F45F7BC-EF4A-4165-8D22-36BB07284399-" LANG="en-US" CS="1">
<String CONTENT="By" HEIGHT="72" WIDTH="100" VPOS="2643" HPOS="385"/>
<SP HEIGHT="74" WIDTH="38" VPOS="2641" HPOS="486"/>
<String CONTENT="Christian" HEIGHT="60" WIDTH="326" VPOS="2641" HPOS="525"/>
<SP HEIGHT="55" WIDTH="37" VPOS="2643" HPOS="852"/>
<String CONTENT="Townsend" HEIGHT="57" WIDTH="352" VPOS="2642" HPOS="890"/>
<SP HEIGHT="59" WIDTH="37" VPOS="2640" HPOS="1243"/>
<String CONTENT="Heydecker" HEIGHT="73" WIDTH="375" VPOS="2640" HPOS="1281"/>
<SP HEIGHT="38" WIDTH="41" VPOS="2661" HPOS="1657"/>
<String CS="1" CONTENT="&#8230;"/>
<SP HEIGHT="58" WIDTH="82" VPOS="2641" HPOS="1763"/>
<String CONTENT="Waukegan," HEIGHT="74" WIDTH="387" VPOS="2641" HPOS="1846"/>
<SP HEIGHT="73" WIDTH="42" VPOS="2641" HPOS="2234"/>
<String CONTENT="Ill.," HEIGHT="73" WIDTH="116" VPOS="2641" HPOS="2277"/>
</TextLine>
<TextLine HEIGHT="56" WIDTH="166" VPOS="2722" HPOS="388" STYLEREFS="StyleId-9F45F7BC-EF4A-4165-8D22-36BB07284399-" LANG="en-US">
<String CONTENT="1925." HEIGHT="56" WIDTH="166" VPOS="2722" HPOS="388"/>
</TextLine>
<TextLine HEIGHT="57" WIDTH="843" VPOS="2793" HPOS="456" LANG="en-US">
<String CONTENT="66" HEIGHT="44" WIDTH="54" VPOS="2797" HPOS="456"/>
<SP HEIGHT="53" WIDTH="27" VPOS="2797" HPOS="511"/>
<String CONTENT="p." HEIGHT="38" WIDTH="39" VPOS="2812" HPOS="539"/>
<SP HEIGHT="45" WIDTH="58" VPOS="2796" HPOS="579"/>
<String CONTENT="illus." HEIGHT="44" WIDTH="118" VPOS="2796" HPOS="638"/>
<SP HEIGHT="53" WIDTH="26" VPOS="2796" HPOS="757"/>
<String CONTENT="(incl." HEIGHT="54" WIDTH="127" VPOS="2795" HPOS="784"/>
<SP HEIGHT="39" WIDTH="30" VPOS="2810" HPOS="912"/>
<String CONTENT="ports.)" HEIGHT="54" WIDTH="167" VPOS="2795" HPOS="943"/>
<SP HEIGHT="56" WIDTH="42" VPOS="2793" HPOS="1111"/>
<String CONTENT="23" HEIGHT="45" WIDTH="54" VPOS="2795" HPOS="1175"/>
<String STYLE="superscript" CONTENT="cm" HEIGHT="19" WIDTH="48" VPOS="2798" HPOS="1236"/>
<String CONTENT="." HEIGHT="8" WIDTH="10" VPOS="2831" HPOS="1289"/>
</TextLine>
<TextLine HEIGHT="114" WIDTH="1987" VPOS="2850" HPOS="386" LANG="en-US" CS="1">
<String CONTENT="&#169;" HEIGHT="54" WIDTH="52" VPOS="2852" HPOS="386"/>
<SP HEIGHT="54" WIDTH="31" VPOS="2852" HPOS="439"/>
<String CONTENT="Nov." HEIGHT="44" WIDTH="119" VPOS="2854" HPOS="471"/>
<SP HEIGHT="44" WIDTH="26" VPOS="2853" HPOS="591"/>
<String CONTENT="28," HEIGHT="51" WIDTH="67" VPOS="2853" HPOS="618"/>
<SP HEIGHT="50" WIDTH="32" VPOS="2854" HPOS="686"/>
<String CONTENT="1925;" HEIGHT="49" WIDTH="129" VPOS="2853" HPOS="719"/>
<SP HEIGHT="48" WIDTH="31" VPOS="2854" HPOS="849"/>
<String CONTENT="2c." HEIGHT="42" WIDTH="64" VPOS="2854" HPOS="881"/>
<SP HEIGHT="28" WIDTH="30" VPOS="2868" HPOS="946"/>
<String CONTENT="and" HEIGHT="43" WIDTH="87" VPOS="2853" HPOS="977"/>
<SP HEIGHT="43" WIDTH="29" VPOS="2853" HPOS="1065"/>
<String CONTENT="aff." HEIGHT="43" WIDTH="78" VPOS="2853" HPOS="1095"/>
<SP HEIGHT="43" WIDTH="33" VPOS="2853" HPOS="1174"/>
<String CONTENT="Dec." HEIGHT="43" WIDTH="108" VPOS="2853" HPOS="1208"/>
<SP HEIGHT="42" WIDTH="36" VPOS="2853" HPOS="1317"/>
<String CONTENT="18;" HEIGHT="51" WIDTH="74" VPOS="2852" HPOS="1354"/>
<SP HEIGHT="50" WIDTH="32" VPOS="2853" HPOS="1429"/>
<!-- cceid 3793688E-6DD5-1014-B757-AF09C522E301 --><String CONTENT="A" HEIGHT="41" WIDTH="43" VPOS="2853" HPOS="1462"/>
<SP HEIGHT="43" WIDTH="31" VPOS="2852" HPOS="1506"/>
<String CONTENT="872914;" HEIGHT="53" WIDTH="190" VPOS="2851" HPOS="1538"/>
<SP HEIGHT="54" WIDTH="34" VPOS="2850" HPOS="1729"/>
<String CONTENT="C." HEIGHT="46" WIDTH="49" VPOS="2850" HPOS="1764"/>
<SP HEIGHT="45" WIDTH="30" VPOS="2851" HPOS="1814"/>
<String CONTENT="T." HEIGHT="43" WIDTH="54" VPOS="2851" HPOS="1845"/>
<SP HEIGHT="42" WIDTH="33" VPOS="2853" HPOS="1900"/>
<String CONTENT="Heydecker," HEIGHT="52" WIDTH="287" VPOS="2852" HPOS="1934"/>
<SP HEIGHT="51" WIDTH="30" VPOS="2852" HPOS="2222"/>
<String CONTENT="Waukegan," HEIGHT="112" WIDTH="1918" VPOS="2852" HPOS="455"/>
<SP HEIGHT="52" WIDTH="36" VPOS="2911" HPOS="616"/>
<String CONTENT="Ill." HEIGHT="43" WIDTH="71" VPOS="2910" HPOS="653"/>
<SP HEIGHT="53" WIDTH="67" VPOS="2911" HPOS="725"/>
<String CONTENT="(26-3884)" HEIGHT="55" WIDTH="244" VPOS="2909" HPOS="793"/>
</TextLine>
<TextLine HEIGHT="73" WIDTH="703" VPOS="2993" HPOS="389" STYLEREFS="StyleId-4F6810AF-6212-4B9F-836D-00996A5A05AC-" LANG="en-US">
<String CONTENT="Hintze," HEIGHT="73" WIDTH="246" VPOS="2993" HPOS="389"/>
<SP HEIGHT="72" WIDTH="38" VPOS="2994" HPOS="636"/>
<String CONTENT="Kurt," HEIGHT="69" WIDTH="185" VPOS="2994" HPOS="675"/>
<SP HEIGHT="66" WIDTH="38" VPOS="2997" HPOS="861"/>
<String CONTENT="1866-" HEIGHT="58" WIDTH="192" VPOS="2994" HPOS="900"/>
</TextLine>
<TextLine HEIGHT="74" WIDTH="1860" VPOS="3082" HPOS="533" STYLEREFS="StyleId-9F45F7BC-EF4A-4165-8D22-36BB07284399-" LANG="en-US" CS="1">
<String CS="1" CONTENT="&#8230;"/>
<SP HEIGHT="61" WIDTH="52" VPOS="3083" HPOS="533"/>
<String CONTENT="Sexual-" HEIGHT="58" WIDTH="255" VPOS="3083" HPOS="586"/>
<SP HEIGHT="36" WIDTH="44" VPOS="3104" HPOS="842"/>
<String LANG="de" CONTENT="und" HEIGHT="56" WIDTH="128" VPOS="3085" HPOS="887"/>
<SP HEIGHT="59" WIDTH="44" VPOS="3082" HPOS="1016"/>
<String CONTENT="fortpflanzungs-hygiene," HEIGHT="74" WIDTH="818" VPOS="3082" HPOS="1061"/>
<SP HEIGHT="52" WIDTH="46" VPOS="3103" HPOS="1880"/>
<String CONTENT="von" HEIGHT="38" WIDTH="123" VPOS="3102" HPOS="1927"/>
<SP HEIGHT="56" WIDTH="45" VPOS="3084" HPOS="2051"/>
<String CONTENT="dr." HEIGHT="56" WIDTH="92" VPOS="3084" HPOS="2097"/>
<SP HEIGHT="37" WIDTH="44" VPOS="3102" HPOS="2190"/>
<String CONTENT="med." HEIGHT="56" WIDTH="158" VPOS="3083" HPOS="2235"/>
</TextLine>
<TextLine HEIGHT="77" WIDTH="2006" VPOS="3160" HPOS="387" STYLEREFS="StyleId-9F45F7BC-EF4A-4165-8D22-36BB07284399-" LANG="en-US" CS="1">
<String CONTENT="K." HEIGHT="59" WIDTH="80" VPOS="3165" HPOS="387"/>
<SP/>
<String CONTENT="Hintze" HEIGHT="60" WIDTH="229" VPOS="3163" HPOS="514"/>
<SP HEIGHT="38" WIDTH="46" VPOS="3185" HPOS="744"/>
<String CS="1" CONTENT="&#8230;"/>
<SP HEIGHT="59" WIDTH="86" VPOS="3163" HPOS="854"/>
<String LANG="de" CONTENT="Mit" HEIGHT="59" WIDTH="119" VPOS="3163" HPOS="941"/>
<SP HEIGHT="57" WIDTH="39" VPOS="3165" HPOS="1061"/>
<String CONTENT="4" HEIGHT="54" WIDTH="37" VPOS="3165" HPOS="1101"/>
<SP HEIGHT="55" WIDTH="41" VPOS="3165" HPOS="1139"/>
<String CONTENT="abbildungen" HEIGHT="75" WIDTH="421" VPOS="3162" HPOS="1181"/>
<SP HEIGHT="57" WIDTH="41" VPOS="3164" HPOS="1603"/>
<String CONTENT="im" HEIGHT="57" WIDTH="86" VPOS="3164" HPOS="1645"/>
<SP HEIGHT="55" WIDTH="40" VPOS="3167" HPOS="1732"/>
<String CONTENT="text." HEIGHT="57" WIDTH="151" VPOS="3165" HPOS="1773"/>
<SP HEIGHT="57" WIDTH="81" VPOS="3163" HPOS="1925"/>
<String CONTENT="Leipzig," HEIGHT="76" WIDTH="274" VPOS="3160" HPOS="2007"/>
<SP HEIGHT="73" WIDTH="46" VPOS="3161" HPOS="2282"/>
<String CONTENT="C." HEIGHT="61" WIDTH="64" VPOS="3161" HPOS="2329"/>
</TextLine>
<TextLine HEIGHT="69" WIDTH="559" VPOS="3242" HPOS="387" STYLEREFS="StyleId-9F45F7BC-EF4A-4165-8D22-36BB07284399-" LANG="en-US">
<String CONTENT="Kabitzsch," HEIGHT="69" WIDTH="365" VPOS="3242" HPOS="387"/>
<SP HEIGHT="67" WIDTH="26" VPOS="3244" HPOS="753"/>
<String CONTENT="1925." HEIGHT="56" WIDTH="166" VPOS="3243" HPOS="780"/>
</TextLine>
<TextLine HEIGHT="65" WIDTH="1938" VPOS="3314" HPOS="458" CS="1">
<String LANG="en-US" CONTENT="4" HEIGHT="43" WIDTH="28" VPOS="3328" HPOS="458"/>
<SP/>
<String LANG="fr" CONTENT="p." HEIGHT="38" WIDTH="41" VPOS="3341" HPOS="525"/>
<SP HEIGHT="43" WIDTH="41" VPOS="3327" HPOS="567"/>
<String LANG="en-US" CS="1" CONTENT="l.,"/>
<SP HEIGHT="51" WIDTH="45" VPOS="3327" HPOS="652"/>
<String LANG="en-US" CONTENT="131" HEIGHT="44" WIDTH="74" VPOS="3326" HPOS="698"/>
<SP HEIGHT="52" WIDTH="42" VPOS="3326" HPOS="773"/>
<String LANG="en-US" CONTENT="p." HEIGHT="38" WIDTH="40" VPOS="3340" HPOS="816"/>
<SP HEIGHT="43" WIDTH="71" VPOS="3326" HPOS="857"/>
<String LANG="en-US" CONTENT="illus." HEIGHT="45" WIDTH="116" VPOS="3324" HPOS="929"/>
<SP HEIGHT="43" WIDTH="67" VPOS="3325" HPOS="1046"/>
<String LANG="en-US" CONTENT="21" HEIGHT="43" WIDTH="52" VPOS="3325" HPOS="1114"/>
<String STYLE="superscript" LANG="en-US" CONTENT="cm" HEIGHT="17" WIDTH="47" VPOS="3328" HPOS="1176"/>
<String LANG="en-US" CONTENT="." HEIGHT="8" WIDTH="8" VPOS="3361" HPOS="1230"/>
<SP HEIGHT="53" WIDTH="79" VPOS="3325" HPOS="1239"/>
<String LANG="de" CONTENT="(&#196;rtzliche" HEIGHT="64" WIDTH="264" VPOS="3314" HPOS="1319"/>
<SP HEIGHT="43" WIDTH="41" VPOS="3325" HPOS="1584"/>
<String LANG="en-US" CONTENT="beratung" HEIGHT="53" WIDTH="222" VPOS="3325" HPOS="1626"/>
<SP HEIGHT="39" WIDTH="42" VPOS="3339" HPOS="1849"/>
<String LANG="de" CONTENT="zur" HEIGHT="29" WIDTH="81" VPOS="3339" HPOS="1892"/>
<SP HEIGHT="30" WIDTH="40" VPOS="3339" HPOS="1974"/>
<String LANG="de" CONTENT="erg&#228;nzung" HEIGHT="52" WIDTH="262" VPOS="3326" HPOS="2015"/>
<SP HEIGHT="54" WIDTH="39" VPOS="3324" HPOS="2278"/>
<String LANG="de" CONTENT="der" HEIGHT="45" WIDTH="78" VPOS="3324" HPOS="2318"/>
</TextLine>
<TextLine HEIGHT="51" WIDTH="598" VPOS="3384" HPOS="388" LANG="de">
<String CONTENT="Sprechstunde." HEIGHT="50" WIDTH="337" VPOS="3385" HPOS="388"/>
<SP HEIGHT="29" WIDTH="86" VPOS="3401" HPOS="726"/>
<String CONTENT="n" HEIGHT="29" WIDTH="29" VPOS="3401" HPOS="813"/>
<String STYLE="superscript" CONTENT="r" HEIGHT="18" WIDTH="16" VPOS="3386" HPOS="848"/>
<String CONTENT="." HEIGHT="8" WIDTH="8" VPOS="3423" HPOS="869"/>
<SP HEIGHT="47" WIDTH="31" VPOS="3384" HPOS="878"/>
<String CONTENT="16)" HEIGHT="50" WIDTH="76" VPOS="3384" HPOS="910"/>
</TextLine>
<TextLine HEIGHT="57" WIDTH="1806" VPOS="3435" HPOS="389" LANG="de" CS="1">
<String CONTENT="&#169;" HEIGHT="53" WIDTH="53" VPOS="3438" HPOS="389"/>
<SP HEIGHT="53" WIDTH="29" VPOS="3438" HPOS="443"/>
<String LANG="en-US" CONTENT="Aug." HEIGHT="51" WIDTH="120" VPOS="3441" HPOS="473"/>
<SP HEIGHT="42" WIDTH="37" VPOS="3440" HPOS="594"/>
<String CONTENT="15," HEIGHT="52" WIDTH="63" VPOS="3438" HPOS="632"/>
<SP HEIGHT="50" WIDTH="33" VPOS="3440" HPOS="696"/>
<String CS="1" CONTENT="1925;" HEIGHT="44" WIDTH="104" VPOS="3438" HPOS="730"/>
<SP/>
<String CS="1" CONTENT="1c."/>
<SP/>
<String CONTENT="Oct." HEIGHT="44" WIDTH="102" VPOS="3437" HPOS="996"/>
<SP HEIGHT="42" WIDTH="36" VPOS="3439" HPOS="1099"/>
<String CS="1" CONTENT="10;" HEIGHT="43" WIDTH="49" VPOS="3437" HPOS="1136"/>
<SP HEIGHT="50" WIDTH="33" VPOS="3438" HPOS="1211"/>
<!-- cceid 37936BEC-6DD5-1014-B757-AF09C522E301 --><String LANG="en-US" CONTENT="A" HEIGHT="41" WIDTH="43" VPOS="3438" HPOS="1245"/>
<String CONTENT="&#8212;Foreign" HEIGHT="54" WIDTH="257" VPOS="3435" HPOS="1291"/>
<SP HEIGHT="42" WIDTH="32" VPOS="3437" HPOS="1549"/>
<String CS="1" CONTENT="28950;" HEIGHT="44" WIDTH="137" VPOS="3436" HPOS="1582"/>
<SP HEIGHT="54" WIDTH="37" VPOS="3435" HPOS="1745"/>
<String LANG="en-US" CONTENT="Curt" HEIGHT="46" WIDTH="113" VPOS="3435" HPOS="1783"/>
<SP HEIGHT="43" WIDTH="34" VPOS="3437" HPOS="1897"/>
<String CONTENT="Kabitzsch." HEIGHT="44" WIDTH="263" VPOS="3436" HPOS="1932"/>
</TextLine>
<TextLine HEIGHT="55" WIDTH="245" VPOS="3495" HPOS="467" LANG="de">
<String CONTENT="(26-4151)" HEIGHT="55" WIDTH="245" VPOS="3495" HPOS="467"/>
</TextLine>
<TextLine HEIGHT="75" WIDTH="1021" VPOS="3577" HPOS="393" STYLEREFS="StyleId-4F6810AF-6212-4B9F-836D-00996A5A05AC-">
<String LANG="en-US" CONTENT="Hispanic" HEIGHT="74" WIDTH="307" VPOS="3577" HPOS="393"/>
<SP HEIGHT="41" WIDTH="33" VPOS="3595" HPOS="701"/>
<String LANG="en-US" CONTENT="society" HEIGHT="74" WIDTH="238" VPOS="3578" HPOS="735"/>
<SP HEIGHT="57" WIDTH="29" VPOS="3595" HPOS="974"/>
<String LANG="en-US" CONTENT="of" HEIGHT="59" WIDTH="68" VPOS="3577" HPOS="1004"/>
<SP HEIGHT="58" WIDTH="29" VPOS="3577" HPOS="1073"/>
<String LANG="de" CONTENT="America." HEIGHT="59" WIDTH="311" VPOS="3577" HPOS="1103"/>
</TextLine>
<TextLine HEIGHT="73" WIDTH="1928" VPOS="3667" HPOS="470" STYLEREFS="StyleId-9F45F7BC-EF4A-4165-8D22-36BB07284399-">
<String LANG="de" CONTENT="Morales" HEIGHT="58" WIDTH="276" VPOS="3670" HPOS="470"/>
<SP HEIGHT="58" WIDTH="42" VPOS="3669" HPOS="747"/>
<String LANG="de" CONTENT="in" HEIGHT="57" WIDTH="67" VPOS="3669" HPOS="790"/>
<SP HEIGHT="55" WIDTH="41" VPOS="3673" HPOS="858"/>
<String LANG="en-US" CONTENT="the" HEIGHT="57" WIDTH="104" VPOS="3671" HPOS="900"/>
<SP HEIGHT="37" WIDTH="46" VPOS="3690" HPOS="1005"/>
<String LANG="en-US" CONTENT="collection" HEIGHT="58" WIDTH="326" VPOS="3669" HPOS="1052"/>
<SP HEIGHT="37" WIDTH="45" VPOS="3689" HPOS="1379"/>
<String LANG="en-US" CONTENT="of" HEIGHT="56" WIDTH="67" VPOS="3670" HPOS="1425"/>
<SP HEIGHT="57" WIDTH="42" VPOS="3670" HPOS="1493"/>
<String LANG="en-US" CONTENT="the" HEIGHT="56" WIDTH="105" VPOS="3671" HPOS="1536"/>
<SP HEIGHT="58" WIDTH="45" VPOS="3669" HPOS="1642"/>
<String LANG="en-US" CONTENT="Hispanic" HEIGHT="72" WIDTH="310" VPOS="3668" HPOS="1688"/>
<SP HEIGHT="38" WIDTH="48" VPOS="3688" HPOS="1999"/>
<String LANG="en-US" CONTENT="society" HEIGHT="73" WIDTH="236" VPOS="3667" HPOS="2048"/>
<SP HEIGHT="52" WIDTH="45" VPOS="3688" HPOS="2285"/>
<String LANG="en-US" CONTENT="of" HEIGHT="58" WIDTH="67" VPOS="3668" HPOS="2331"/>
</TextLine>
<TextLine HEIGHT="76" WIDTH="2004" VPOS="3745" HPOS="393" STYLEREFS="StyleId-9F45F7BC-EF4A-4165-8D22-36BB07284399-" LANG="en-US">
<String CONTENT="America." HEIGHT="58" WIDTH="309" VPOS="3748" HPOS="393"/>
<SP HEIGHT="57" WIDTH="75" VPOS="3748" HPOS="703"/>
<String CONTENT="New" HEIGHT="58" WIDTH="154" VPOS="3748" HPOS="779"/>
<SP HEIGHT="58" WIDTH="32" VPOS="3748" HPOS="934"/>
<String CONTENT="York," HEIGHT="74" WIDTH="191" VPOS="3747" HPOS="967"/>
<SP HEIGHT="73" WIDTH="37" VPOS="3748" HPOS="1159"/>
<String CONTENT="The" HEIGHT="58" WIDTH="129" VPOS="3748" HPOS="1197"/>
<SP HEIGHT="59" WIDTH="34" VPOS="3747" HPOS="1327"/>
<String CONTENT="Hispanic" HEIGHT="73" WIDTH="313" VPOS="3747" HPOS="1362"/>
<SP HEIGHT="38" WIDTH="32" VPOS="3767" HPOS="1676"/>
<String CONTENT="society" HEIGHT="73" WIDTH="238" VPOS="3747" HPOS="1709"/>
<SP HEIGHT="54" WIDTH="33" VPOS="3766" HPOS="1948"/>
<String CONTENT="of" HEIGHT="59" WIDTH="69" VPOS="3746" HPOS="1982"/>
<SP HEIGHT="59" WIDTH="32" VPOS="3745" HPOS="2052"/>
<String CONTENT="America," HEIGHT="75" WIDTH="312" VPOS="3745" HPOS="2085"/>
</TextLine>
<TextLine HEIGHT="57" WIDTH="165" VPOS="3828" HPOS="395" STYLEREFS="StyleId-9F45F7BC-EF4A-4165-8D22-36BB07284399-" LANG="en-US">
<String CONTENT="1925." HEIGHT="57" WIDTH="165" VPOS="3828" HPOS="395"/>
</TextLine>
<TextLine HEIGHT="56" WIDTH="1934" VPOS="3901" HPOS="465" LANG="en-US" CS="1">
<String CONTENT="V," HEIGHT="35" WIDTH="40" VPOS="3920" HPOS="465"/>
<SP HEIGHT="50" WIDTH="44" VPOS="3905" HPOS="506"/>
<String CONTENT="14" HEIGHT="42" WIDTH="49" VPOS="3905" HPOS="551"/>
<SP HEIGHT="50" WIDTH="39" VPOS="3905" HPOS="601"/>
<String CONTENT="p." HEIGHT="38" WIDTH="40" VPOS="3917" HPOS="641"/>
<SP HEIGHT="45" WIDTH="68" VPOS="3902" HPOS="682"/>
<String CONTENT="front.," HEIGHT="53" WIDTH="153" VPOS="3902" HPOS="751"/>
<SP HEIGHT="51" WIDTH="45" VPOS="3904" HPOS="905"/>
<String CONTENT="1" HEIGHT="42" WIDTH="18" VPOS="3904" HPOS="951"/>
<SP HEIGHT="44" WIDTH="42" VPOS="3902" HPOS="970"/>
<String CONTENT="illus.," HEIGHT="51" WIDTH="130" VPOS="3902" HPOS="1013"/>
<SP HEIGHT="36" WIDTH="39" VPOS="3917" HPOS="1144"/>
<String CONTENT="v" HEIGHT="30" WIDTH="28" VPOS="3917" HPOS="1184"/>
<SP/>
<String CS="1" CONTENT="pl."/>
<SP/>
<String CS="1" CONTENT="16&#189;" HEIGHT="44" WIDTH="52" VPOS="3902" HPOS="1374"/>
<String STYLE="superscript" CONTENT="cm" HEIGHT="18" WIDTH="48" VPOS="3905" HPOS="1458"/>
<String CONTENT="." HEIGHT="9" WIDTH="8" VPOS="3937" HPOS="1513"/>
<SP HEIGHT="55" WIDTH="67" VPOS="3902" HPOS="1522"/>
<String CONTENT="(Half-title:" HEIGHT="56" WIDTH="291" VPOS="3901" HPOS="1590"/>
<SP HEIGHT="44" WIDTH="44" VPOS="3902" HPOS="1882"/>
<String CONTENT="Hispanic" HEIGHT="54" WIDTH="223" VPOS="3901" HPOS="1927"/>
<SP HEIGHT="29" WIDTH="39" VPOS="3916" HPOS="2151"/>
<String CONTENT="notes" HEIGHT="37" WIDTH="128" VPOS="3908" HPOS="2191"/>
<SP HEIGHT="45" WIDTH="40" VPOS="3901" HPOS="2320"/>
<String CONTENT="&amp;" HEIGHT="45" WIDTH="38" VPOS="3901" HPOS="2361"/>
</TextLine>
<TextLine HEIGHT="55" WIDTH="1634" VPOS="3958" HPOS="396" LANG="en-US" CS="1">
<String CS="1" CONTENT="monographs;" HEIGHT="54" WIDTH="302" VPOS="3959" HPOS="396"/>
<SP HEIGHT="38" WIDTH="35" VPOS="3973" HPOS="726"/>
<String CONTENT="essays," HEIGHT="37" WIDTH="168" VPOS="3974" HPOS="762"/>
<SP HEIGHT="36" WIDTH="34" VPOS="3975" HPOS="931"/>
<String CONTENT="studies," HEIGHT="50" WIDTH="181" VPOS="3960" HPOS="966"/>
<SP HEIGHT="35" WIDTH="35" VPOS="3975" HPOS="1148"/>
<String CONTENT="and" HEIGHT="43" WIDTH="88" VPOS="3960" HPOS="1184"/>
<SP HEIGHT="43" WIDTH="31" VPOS="3960" HPOS="1273"/>
<String CONTENT="brief" HEIGHT="45" WIDTH="121" VPOS="3958" HPOS="1305"/>
<SP HEIGHT="44" WIDTH="33" VPOS="3958" HPOS="1427"/>
<String CONTENT="biographies" HEIGHT="54" WIDTH="288" VPOS="3958" HPOS="1461"/>
<SP HEIGHT="44" WIDTH="35" VPOS="3958" HPOS="1750"/>
<String CONTENT="issued" HEIGHT="44" WIDTH="149" VPOS="3958" HPOS="1786"/>
<SP HEIGHT="44" WIDTH="33" VPOS="3958" HPOS="1936"/>
<String CONTENT="by" HEIGHT="52" WIDTH="60" VPOS="3959" HPOS="1970"/>
</TextLine>
<TextLine HEIGHT="113" WIDTH="2002" VPOS="3956" HPOS="395" LANG="en-US" CS="1">
<String CONTENT="the" HEIGHT="45" WIDTH="77" VPOS="3957" HPOS="2065"/>
<SP HEIGHT="43" WIDTH="32" VPOS="3958" HPOS="2143"/>
<String CONTENT="Hispanic" HEIGHT="54" WIDTH="221" VPOS="3956" HPOS="2176"/>
<SP/>
<String CONTENT="society" HEIGHT="52" WIDTH="170" VPOS="4017" HPOS="395"/>
<SP HEIGHT="37" WIDTH="27" VPOS="4032" HPOS="566"/>
<String CONTENT="of" HEIGHT="44" WIDTH="53" VPOS="4016" HPOS="594"/>
<SP HEIGHT="42" WIDTH="29" VPOS="4016" HPOS="648"/>
<String CONTENT="America." HEIGHT="43" WIDTH="229" VPOS="4016" HPOS="678"/>
<SP HEIGHT="45" WIDTH="62" VPOS="4015" HPOS="908"/>
<String CONTENT="Catalogue" HEIGHT="53" WIDTH="250" VPOS="4015" HPOS="971"/>
<SP HEIGHT="30" WIDTH="29" VPOS="4030" HPOS="1222"/>
<String CONTENT="series)" HEIGHT="54" WIDTH="167" VPOS="4015" HPOS="1252"/>
</TextLine>
</TextBlock>
</ComposedBlock>
</PrintSpace>
</Page>
</Layout>
</alto>