2533 4412
0 0 0 0 1261
90 410 146 71 Foa,
267 410 184 57 Mme.
484 406 278 74 Eugénie
803 407 670 76 (Rodrigues-Gradis)
1515 410 58 58 d.
1607 411 166 58 1853.

163 501 191 59 Little
383 501 322 59 Robinson
737 500 237 60 Crusoe
1005 503 68 56 of
1100 500 207 71 Paris,
1338 502 135 59 told
1501 505 169 56 from
1699 504 106 57 the
1836 502 247 59 French

88 581 68 56 of
186 578 280 74 Eugénie
495 579 137 59 Foa
658 581 84 70 by
771 579 176 59 Julia
980 578 205 59 Olcott;
1246 576 153 60 with
1431 599 80 39 an
1541 579 427 59 introduction
1999 582 84 72 by

90 656 189 60 Clara
318 657 326 58 Whitehill
686 656 196 72 Hunt,
923 656 424 58 illustrations
1385 656 70 58 in
1498 658 168 58 color
1706 659 85 71 by
1831 658 249 59 Marion

86 733 273 60 Mildred
390 733 280 59 Oldham.
754 731 442 73 Philadelphia
1225 733 63 55 &
1317 735 279 71 London,
1627 734 61 59 J.
1720 735 71 58 B.
87 732 1969 139 Lippincott
238 829 306 55 company
571 841 13 44 [
587 817 17 22 c
607 811 166 73 1925]

158 903 79 44 160
258 917 41 36 p.
358 901 83 45 col.
468 903 154 49 front.,
648 901 84 46 col.
757 900 156 52 plates.
973 902 51 44 21
1034 904 47 18 cm
1087 936 10 10 .
1159 900 114 49 [The
1295 903 161 46 stories
1483 904 61 44 all
1569 902 208 47 children
1799 905 104 45 love
1924 904 153 49 series]

84 968 55 54 ©
171 970 120 52 Aug.
328 970 63 51 12,
426 967 130 54 1925;
589 969 65 43 2c.
688 969 88 43 and
807 968 79 44 aff.
923 969 101 44 Oct.
1056 969 79 52 24;
1171 969 44 42 A
1249 968 188 53 872082;
1473 970 40 53 J.
1550 971 51 43 B.
1637 971 259 53 Lippincott
1928 988 66 28 co.

164 1024 269 56 (25-21419)

86 1140 298 72 Fornaro,
429 1138 186 59 Carlo
651 1138 93 72 de,
787 1140 191 61 1871-

159 1229 170 59 John
373 1229 292 72 Wenger,
710 1229 85 74 by
838 1227 187 60 Carlo
1072 1230 74 56 de
1191 1229 308 58 Fornaro.
1583 1229 153 59 New
1777 1231 191 74 York,
2013 1233 62 59 J.

80 1306 266 59 Lawren
373 1335 14 45 [
387 1313 20 23 c
410 1307 165 72 1925]

150 1387 54 44 23
229 1402 54 38 p.,
311 1389 18 41 1
375 1420 9 9 l.
444 1385 83 45 col.
555 1386 151 50 front.,
731 1385 54 44 48
811 1401 71 37 pl.,
908 1393 117 46 port.
1084 1383 54 46 25
1145 1387 47 19 cm
1199 1419 9 9 .

85 1441 53 55 ©
165 1443 112 52 Apr.
307 1441 38 53 6,
376 1440 130 55 1925;
536 1442 65 44 2c.
632 1442 87 44 and
747 1441 78 44 aff.
857 1441 102 45 Oct.
994 1440 74 54 17;
1099 1442 44 43 A
1172 1440 191 55 872120;
1395 1441 120 54 John
1543 1443 213 53 Wenger,
1791 1444 117 45 New
1937 1445 143 45 York.

163 1497 270 57 (25-21683)

83 1614 170 69 Fort,
290 1612 176 59 Paul.

157 1704 1922 75 Ballades françaises, IV . La Tourangelle. Paris, E.
83 1782 644 75 Flammarion [1 925]
150 1860 76 53 vii,
261 1860 68 54 [3],
365 1858 194 56 [12]-285
591 1873 40 39 p.
694 1858 53 44 19
752 1860 47 19 cm
806 1893 8 8 .

152 1924 66 43 At
247 1923 116 44 head
393 1922 52 45 of
476 1922 125 45 title:
637 1923 116 43 Paul
785 1921 126 46 Fort.
974 1912 187 55 Édition
1192 1922 234 46 définitive
1457 1923 77 44 des
1571 1923 211 45 Ballades
1816 1922 263 55 françaises.

80 1993 60 31 IV.

82 2032 1882 57 © Feb. 26, 1925; 1c. Mar. 6; A—Foreign 26774; Ernest Flammarion.
83 2149 238 73 Foster,
362 2148 235 59 Robert
636 2147 357 73 Frederick,
1035 2150 191 56 1853-

159 2241 129 60 The
320 2240 245 74 coming
596 2239 168 59 faith;
828 2261 82 39 an
940 2258 246 42 answer
1215 2245 64 54 to
1312 2241 105 59 the
1451 2243 242 56 eternal
1723 2240 322 74 questions;

80 2318 2000 73 whence? whither? and what for? by R. F. Foster … New
88 2398 180 71 York,
310 2398 187 69 Dodd,
526 2397 187 59 Mead
739 2397 48 57 &
817 2414 322 54 company,
1171 2397 167 57 1925.

214 2473 959 53 xv p., 1 l., 302 p. front., (port.) 19 cm .
83 2527 53 54 ©
165 2530 101 44 Oct.
297 2528 64 52 17,
391 2527 131 53 1925;
551 2529 65 42 2c.
646 2528 101 44 Oct.
774 2528 78 52 23;
884 2528 79 43 aff.
994 2528 101 44 Oct.
1122 2527 79 53 24;
1231 2527 46 43 A
1304 2525 191 55 872068;
1527 2528 53 42 R.
1610 2525 50 45 F.
1691 2525 175 54 Foster,
152 2527 1905 112 Brooklyn.
308 2583 270 57 (25-21500)

84 2684 355 74 Frederick,
484 2685 222 58 Justus
748 2684 256 71 George,
1048 2684 191 58 1882-
1396 2683 91 58 ed.

155 2775 275 58 Masters
460 2776 69 57 of
557 2773 393 74 advertising
975 2792 177 56 copy,
1179 2773 344 73 principles
1553 2775 124 57 and
1702 2774 278 73 practice
2006 2774 69 59 of

79 2872 158 54 copy
258 2853 256 73 writing
538 2852 333 73 according
892 2855 65 55 to
982 2852 85 59 its
1092 2851 254 74 leading
1369 2852 469 72 practitioners,
1866 2852 210 60 edited

77 2928 1995 76 by J. George Frederick … New York, Frank-Maurice,
77 3009 136 74 inc.,
241 3011 167 56 1925.

146 3088 533 54 viii, 9-392 p. 24 ½ cm .
81 3143 53 54 ©
166 3143 120 54 Sept.
319 3145 63 50 19,
415 3142 131 54 1925;
574 3144 65 43 2c.
672 3144 102 44 Oct.
800 3143 80 52 22;
912 3143 78 43 aff.
1022 3143 102 44 Oct.
1153 3142 79 52 23;
1264 3142 44 42 A
1339 3141 188 53 872092;
1561 3140 400 54 Frank-Maurice,
1992 3142 84 45 inc.

158 3200 269 56 (25-21508)

81 3301 264 72 Gilman,
382 3299 277 59 Mildred
696 3300 229 57 Evans.

154 3387 1917 77 Fig leaves, by Mildred Evans Gilman … New York,
79 3469 205 59 Siebel
312 3466 363 74 publishing
702 3465 420 74 corporation,
1150 3466 166 57 1925.

148 3549 81 44 328
253 3563 40 38 p.
352 3548 51 44 21
414 3549 47 18 cm
467 3581 8 8 .

81 3603 53 54 ©
165 3605 101 44 Oct.
295 3604 66 50 20,
395 3601 129 52 1925;
555 3602 66 43 2c.
654 3602 101 44 Oct.
783 3602 79 52 23;
895 3601 78 44 aff.
1007 3602 101 44 Oct.
1138 3600 78 52 27;
1249 3600 44 43 A
1323 3598 189 55 872117;
1549 3599 149 48 Siebel
1727 3601 101 53 pub.
149 3615 1905 90 corporation.
325 3657 270 57 (25-21263)

82 3760 283 71 Gleason,
407 3758 332 74 Lafayette
780 3756 376 73 Blanchard,
1200 3758 189 58 1863-

155 3852 60 56 A
250 3850 261 59 treatise
548 3870 78 38 on
662 3851 107 58 the
802 3851 120 57 law
958 3849 68 58 of
1062 3848 387 58 inheritance
1486 3848 286 59 taxation
1812 3850 124 57 and
1972 3849 105 57 the

79 3930 244 58 federal
352 3932 200 55 estate
582 3929 124 57 and
735 3928 124 73 gift
887 3931 197 67 taxes,
1112 3926 153 58 with
1295 3930 288 68 statutes,
1613 3926 310 59 decisions
1954 3926 124 59 and
