2533 4412
1007 4054 148 55 1165

104 414 219 73 Fabre,
361 414 218 60 Emile.

182 506 265 57 Théâtre.
601 553 12 11 IV.
644 507 124 58 Les
798 508 587 58 sauterelles.—Les
1417 510 401 72 vainqueurs.
1889 511 207 74 Paris,

101 582 73 57 E.
211 584 428 57 Flammarion
674 586 182 74 [1925]

168 659 83 43 260
277 674 41 38 p.
381 661 51 43 19
439 663 46 16 cm
491 694 9 9 .

101 713 1879 58 © Oct. 22, 1925; 1c. Oct. 26; A—Foreign 29184; Ernest Flammarion.
104 799 242 75 Fassig,
387 799 212 59 Oliver
634 800 269 74 Lanard,
943 805 148 57 1860–

245 893 1847 77 … Rainfall and temperature of Cuba, by Oliver L.
101 970 1974 149 Fassig … with the cooperation of the National observatory
290 1048 67 57 of
406 1047 188 59 Cuba.
695 1049 438 74 Washington,
1179 1051 73 56 D.
1304 1050 85 74 C.,
1437 1052 296 72 Tropical
1776 1053 182 72 plant
101 1073 1968 109 research

349 1126 393 74 foundation,
777 1129 166 56 1925.

169 1202 54 44 32
258 1217 40 37 p.
337 1202 100 44 incl.
477 1202 115 44 illus.
620 1204 154 53 (map)
822 1204 155 52 tables,
1017 1204 166 54 diagrs.
1251 1206 54 43 26
1311 1208 46 18 cm
1364 1240 8 8 .
1442 1205 241 54 (Tropical
1722 1207 125 53 plant
1887 1207 206 44 research

100 1257 277 45 foundation.
439 1259 199 44 Bulletin
668 1275 71 28 no.
777 1259 46 54 1)

98 1312 52 53 ©
182 1313 121 53 Sept.
337 1315 62 51 18,
431 1314 104 44 1925;
590 1316 66 43 2c.
690 1315 121 53 Sept.
841 1317 78 50 21;
953 1318 78 42 aff.
1067 1317 119 53 Sept.
1216 1318 78 52 28;
1326 1318 46 42 A
1402 1317 187 53 868663;
1623 1317 216 55 Tropical
1870 1319 123 53 plant
168 1333 1903 81 research

363 1371 278 45 foundation.
710 1372 270 55 (25-19282)

99 1456 179 71 Finn,
313 1457 262 57 Francis
609 1459 231 71 James,
876 1462 148 56 1859–

175 1549 1920 73 Sunshine and freckles, by Francis J. Finn … New
96 1627 186 70 York,
316 1626 355 59 Cincinnati
701 1631 146 69 [etc.]
878 1628 308 72 Benziger
1212 1629 312 71 brothers,
1555 1630 167 57 1925.

164 1705 57 51 vi,
258 1703 138 46 7-192
425 1718 41 39 p.
528 1704 139 43 front.
731 1705 50 43 19
786 1706 46 17 cm
841 1738 7 9 .

95 1759 53 54 ©
175 1760 120 53 Sept.
317 1762 69 50 29,
417 1759 129 54 1925;
572 1762 65 42 2c.
664 1762 86 43 and
775 1762 79 43 aff.
883 1763 101 43 Oct.
1013 1761 48 53 5;
1090 1761 44 43 A
1159 1762 191 52 864919;
1380 1762 224 54 Benziger
1629 1764 122 44 bros.

173 1817 270 54 (25-19911)

96 1902 297 73 Firbank,
423 1903 246 58 Arthur
694 1903 319 74 Annesley
1041 1903 262 73 Ronald,
1337 1906 147 57 1886–

160 1994 367 73 Vainglory,
557 1995 84 72 by
667 1995 248 59 Ronald
943 1994 297 59 Firbank.
1305 1995 152 59 New
1485 1995 191 74 York,
1708 1996 385 59 Brentano’s

93 2102 14 43 [
109 2082 18 21 c
131 2074 163 72 1925]

161 2150 866 53 2 p. l., 249 p. col. front. 19½ cm .
92 2206 53 54 ©
178 2209 101 43 Oct.
311 2208 38 52 8,
383 2207 130 53 1925;
545 2208 65 44 2c.
643 2209 102 43 Oct.
781 2208 74 52 10;
889 2209 78 42 aff.
1001 2209 101 43 Oct.
1139 2208 74 52 12;
1247 2209 44 42 A
1324 2208 189 53 869353;
1549 2208 280 52 Brentano’s,
1863 2209 83 43 inc.

171 2263 270 55 (25-19902)

93 2346 251 74 Forbes,
378 2351 153 56 Mrs.
567 2349 222 58 Rosita
829 2349 218 72 (Torr)

167 2426 192 58 From
390 2428 137 57 Red
559 2427 121 59 Sea
709 2432 63 54 to
801 2428 156 58 Blue
989 2428 173 70 Nile;
1195 2427 389 72 Abyssinian
1616 2429 364 70 adventure,
2009 2428 84 72 by

90 2503 1975 153 Rosita Forbes … with fifty-nine illustrations from photographs
425 2583 84 72 by
538 2583 103 58 the
673 2584 243 58 author.
1000 2584 151 58 New
1181 2583 191 72 York,
1407 2583 128 59 The
1568 2583 335 72 Macaulay
89 2600 1977 133 company

303 2691 13 43 [
316 2670 20 21 c
340 2663 164 72 1925]

160 2739 82 44 386
273 2755 39 37 p.
373 2740 139 43 front.,
540 2739 166 53 (port.)
748 2738 156 54 plates,
942 2739 112 44 fold.
1087 2753 117 39 map.
1263 2740 53 43 23
1325 2742 46 17 cm
1378 2774 9 9 .

161 2795 169 45 “Table
358 2796 50 45 of
435 2796 258 44 marches”:
721 2811 40 38 p.
788 2796 206 44 369-384.

89 2851 54 54 ©
169 2854 101 43 Oct.
299 2855 35 50 1,
363 2852 129 53 1925;
519 2854 65 42 2c.
610 2854 87 42 and
722 2854 78 43 aff.
831 2853 101 45 Oct.
959 2853 49 52 6;
1037 2854 44 42 A
1106 2851 190 54 869156;
1326 2854 244 52 Macaulay
1596 2869 66 28 co.

168 2909 270 55 (25-19846)

91 2994 265 71 Franck,
392 2994 216 73 Harry
636 2994 325 71 Alverson,
996 2997 147 56 1881–

158 3071 248 73 Roving
443 3072 273 72 through
755 3073 299 56 southern
1093 3070 217 71 China,
1348 3072 84 70 by
1467 3070 221 72 Harry
1723 3070 75 59 A.
1839 3068 251 59 Franck

89 3147 1968 153 … illustrated with 171 unusual photographs by the author,
285 3228 151 57 with
470 3250 37 37 a
539 3248 146 52 map
723 3228 280 72 showing
1037 3227 99 58 his
1173 3230 195 54 route.
1451 3227 152 57 New
1637 3226 173 57 York
1846 3225 48 59 &
89 3226 1975 151 London,

260 3306 129 57 The
425 3305 278 72 Century
734 3326 85 38 co.
855 3335 13 43 [
869 3314 19 22 c
893 3307 163 72 1925]

157 3383 96 51 xxi,
284 3383 82 45 649
395 3398 39 37 p.
463 3383 102 44 incl.
600 3383 141 43 front.,
801 3382 155 53 plates,
988 3383 110 45 fold.
1129 3396 117 37 map.
1305 3383 52 43 23
1365 3383 47 18 cm
1419 3417 8 8 .
1542 3379 126 54 $5.00

88 3438 53 54 ©
170 3439 120 53 Sept.
316 3441 66 51 30,
411 3439 130 52 1925;
567 3441 65 42 2c.
662 3441 101 43 Oct.
788 3440 51 52 2;
869 3441 80 43 aff.
978 3441 101 43 Oct.
1107 3440 49 52 3;
1186 3440 44 42 A
1256 3439 190 52 869128;
1477 3437 200 54 Century
1703 3454 66 28 co.

166 3495 271 56 (25-19913.)

91 3582 354 71 Frederick,
480 3582 359 57 Alexander
872 3583 245 56 Ernest.

163 3660 128 56 The
320 3660 267 56 humane
617 3660 215 72 guide;
865 3680 38 36 a
929 3659 254 56 manual
1210 3658 104 57 for
1343 3658 285 57 teachers
1660 3658 124 56 and
1809 3657 266 56 humane

84 3732 1993 78 workers, by A. E. Frederick … Milwaukee, Wisconsin
82 3814 266 59 humane
379 3815 236 72 society
643 3846 12 40 [
656 3825 20 21 c
680 3817 164 71 1925]

151 3893 91 54 viii,
272 3895 78 43 142
376 3910 39 37 p.
477 3893 129 47 illus.,
634 3896 142 51 diagr.
840 3896 50 43 19½
925 3896 46 18 cm
977 3929 9 9 .

156 3950 147 44 Blank
328 3966 135 38 pages
492 3951 74 44 for
595 3951 155 46 “State
776 3951 192 43 humane
997 3950 111 44 laws
1137 3951 88 43 and
1253 3948 313 45 annotations”
1604 3947 243 55 (140-142)
