2533 4412
1268 4057 151 56 1240

348 394 213 74 Wells,
602 395 273 75 Carolyn.

429 489 133 57 The
592 488 315 72 daughter
938 488 69 56 of
1037 488 104 57 the
1170 488 229 71 house;
1433 508 39 37 a
1502 488 292 74 Fleming
1826 489 192 59 Stone
2055 494 193 71 story,
2281 493 83 73 by

346 566 1991 152 Carolyn Wells … Philadelphia and London, J. B. Lippincott
626 664 326 54 company,
988 647 167 56 1925.

415 721 592 56 4 p. l., 7-317 p. 20 cm .
348 779 52 54 ©
430 781 120 52 Aug.
585 780 62 51 18,
682 779 129 53 1925;
842 781 66 42 2c.
940 780 88 43 and
1057 780 78 43 aff.
1169 780 102 44 Oct.
1301 780 78 52 24;
1412 780 43 42 A
1486 778 192 55 872078;
1709 781 40 52 J.
1783 781 51 43 B.
1866 780 258 56 Lippincott
2154 798 65 29 co.

426 835 272 57 (25-21210)

346 923 213 72 Wells,
603 923 292 59 Carveth.

424 1016 132 57 The
598 1014 217 74 jungle
859 1034 147 38 man
1051 1016 125 56 and
1217 1015 99 57 his
1363 1014 287 73 animals,
1693 1016 83 72 by
1821 1015 276 60 Carveth
2140 1017 216 74 Wells,

347 1093 148 58 with
515 1093 283 73 pictures
822 1094 84 71 by
930 1094 178 72 Tony
1135 1093 195 73 Sarg;
1356 1093 432 59 introduction
1811 1095 83 72 by
1919 1094 111 58 Dr.
2056 1095 301 60 Frederic

343 1171 2012 77 Augustus Lucas … New York, Duffield and company,
344 1253 167 57 1925.

416 1331 92 51 viii,
536 1331 53 44 68
613 1346 39 38 p.
714 1330 82 44 col.
825 1331 155 50 front.,
1009 1329 131 53 illus.,
1165 1329 83 45 col.
1275 1328 157 54 plates.
1493 1330 50 44 31½
1600 1332 29 18 cm
1636 1365 8 8 .

347 1387 52 54 ©
431 1389 102 44 Oct.
565 1387 36 49 7,
636 1386 131 53 1925;
800 1387 63 43 2c.
897 1387 101 44 Oct.
1033 1387 75 51 19;
1140 1387 80 43 aff.
1253 1386 103 44 Oct.
1391 1384 74 54 15;
1498 1387 43 42 A
1572 1386 191 53 869638;
1799 1388 198 44 Duffield
2028 1389 38 44 &
2096 1404 66 28 co.

425 1444 273 57 (25-20955)

344 1531 396 74 Weymouth,
783 1528 205 61 Pearl.

423 1621 1938 76 A rajah’s honour, by Pearl Weymouth … New York,
346 1703 68 56 T.
453 1702 260 71 Seltzer,
752 1703 168 56 1925.

413 1779 553 54 2 p. l. , 316 p. 19½ cm .
345 1836 52 54 ©
430 1837 120 52 Sept.
580 1838 65 48 30,
677 1834 132 54 1925;
839 1836 65 43 2c.
937 1836 101 44 Oct.
1072 1833 74 55 15;
1177 1836 79 42 aff.
1287 1834 102 45 Oct.
1418 1835 76 50 20;
1528 1836 43 41 A
1601 1834 189 53 869619;
1823 1834 203 45 Thomas
2059 1835 186 52 Seltzer,
2278 1839 81 43 inc.

424 1892 272 57 (25-20708)

344 1982 306 70 Wheeler,
692 1982 235 58 Homer
963 1978 307 71 Webster,
1311 1982 190 58 1848-

423 2073 256 58 Buffalo
706 2073 189 71 days;
924 2072 177 72 forty
1125 2091 188 53 years
1339 2070 66 57 in
1432 2071 104 58 the
1566 2072 101 57 old
1693 2072 212 58 West:
1934 2073 104 57 the
2063 2078 295 67 personal

344 2152 327 58 narrative
704 2151 68 57 of
800 2170 42 38 a
867 2151 358 69 cattleman,
1254 2149 230 59 Indian
1513 2149 232 74 fighter
1774 2151 124 57 and
1929 2169 181 55 army
2140 2152 221 74 officer,

345 2228 2015 76 by Colonel Homer W. Wheeler … with an introduction by
345 2307 516 75 Major-General
909 2307 218 58 James
1182 2306 69 59 G.
1306 2306 317 58 Harbord.
1717 2307 457 74 Indianapolis,
2230 2309 129 59 The

342 2385 1075 74 Bobbs-Merrill company [ c 1925]
417 2461 1121 57 13 p. l., 369 p. front., plates, ports. 22 cm .
415 2523 253 43 Rewritten
699 2520 122 45 from
852 2520 75 44 the
956 2519 202 45 author’s
1188 2519 100 44 The
1320 2518 195 44 frontier
1545 2518 120 48 trail,
1695 2518 235 53 published
1964 2520 44 42 in
2043 2519 119 45 1923.

341 2578 52 55 ©
433 2580 102 45 Oct.
576 2579 60 51 12,
677 2577 130 53 1925;
845 2577 65 44 2c.
947 2577 88 44 and
1070 2576 78 44 aff.
1188 2575 101 45 Oct.
1331 2575 74 51 16;
1446 2575 43 42 A
1525 2574 191 54 869546;
1759 2575 363 46 Bobbs-Merrill
2159 2593 65 29 co.
2290 2577 66 55 [©

411 2653 99 28 new
538 2638 87 42 and
656 2635 177 44 revised
859 2633 224 55 material]
1156 2631 272 56 (25-20712)

343 2723 229 71 White,
613 2723 189 72 Mary
841 2718 228 61 Culler.

338 2810 2016 157 The portal of wonderland; the life-story of Alice Culler Cobb, by Mary Culler White … New York, Chicago
361 2968 1403 77 [etc.] Fleming H. Revell company [ c 1925]
407 3053 84 45 240
515 3066 43 38 p.
617 3051 157 52 plates,
803 3054 28 42 2
856 3057 116 44 port.
1000 3047 132 52 (incl.
1160 3045 169 52 front.)
1400 3047 52 45 19½
1486 3050 47 18 cm
1539 3083 9 8 .

339 3107 54 54 ©
423 3109 115 51 June
572 3107 63 50 13,
669 3104 130 52 1925;
833 3104 64 43 2c.
929 3103 88 43 and
1047 3103 79 43 aff.
1159 3102 103 44 Oct.
1297 3101 75 52 14;
1404 3102 43 42 A
1479 3100 191 53 869426;
1705 3100 209 54 Fleming
1945 3102 63 43 H.
2041 3102 160 45 Revell
2231 3119 66 29 co.

419 3162 273 58 (25-21814)

340 3247 376 71 Wilkinson,
749 3248 155 56 Mrs.
938 3241 390 75 Marguerite
1366 3241 221 71 Ogden
1628 3239 340 77 (Bigelow)
2012 3245 190 58 1883-

415 3330 161 57 Yule
609 3327 115 60 fire
764 3327 113 72 [by]
916 3323 396 74 Marguerite
1346 3322 374 58 Wilkinson.
1804 3322 152 58 New
1990 3324 192 72 York,
2221 3326 130 57 The

339 3405 364 61 Macmillan
730 3421 309 54 company
1068 3399 183 75 [1925]

406 3487 79 45 201
516 3499 39 36 p.
584 3484 102 45 incl.
718 3483 156 49 front.,
903 3480 120 46 illus.
1082 3480 52 44 21
1143 3481 49 20 cm
1196 3514 11 10 .

410 3544 71 42 “A
510 3538 244 48 collection
784 3539 53 43 of
864 3552 155 33 poems
1051 3536 51 45 of
1134 3533 256 48 Christmas
1419 3533 111 46 time
1559 3534 133 45 taken
1727 3535 123 44 from
1882 3534 57 45 all
1971 3535 182 50 periods
2186 3535 44 46 in
2263 3553 86 29 our

336 3615 103 29 own
467 3597 241 45 literature
733 3596 89 44 and
848 3595 99 43 that
973 3593 51 46 of
1051 3589 257 51 England.”

337 3652 52 54 ©
419 3653 101 44 Oct.
547 3650 67 50 20,
645 3648 130 53 1925;
804 3648 65 43 2c.
895 3647 88 43 and
1008 3645 79 44 aff.
1116 3645 102 44 Oct.
1245 3644 77 51 21;
1354 3643 43 42 A
1423 3640 191 55 869655;
1645 3642 269 45 Macmillan
1940 3659 66 30 co.

418 3705 272 58 (25-21043)

340 3794 308 73 Winning
680 3795 148 70 post
863 3808 273 40 summer
1173 3787 250 71 annual,
1462 3787 166 56 1925.
1703 3786 100 72 By
1837 3788 241 58 Robert
2116 3788 62 59 S.
414 3790 1911 141 Sievier.

653 3871 175 56 Illus.
865 3870 84 70 by
984 3869 155 55 Tom
1178 3865 282 59 Cottrell.

338 3951 52 54 ©
449 3967 35 27 1c.
517 3949 121 53 Sept.
668 3949 38 51 4,
739 3945 130 53 1925;
901 3946 43 42 A
975 3944 56 44 ad
1060 3944 78 42 int.
1168 3940 133 54 7256;
1333 3941 132 53 pubd.
1496 3940 107 54 July
1633 3941 48 52 8;
1714 3940 211 45 William
1955 3941 242 55 Southern,
409 3945 1916 108 London.
