<alto xmlns="http://www.loc.gov/standards/alto/ns-v3#" xmlns:xlink="http://www.w3.org/1999/xlink" xmlns:xsi="http://www.w3.org/2001/XMLSchema-instance" xsi:schemaLocation="http://www.loc.gov/standards/alto/ns-v3# http://www.loc.gov/alto/v3/alto-3-0.xsd"><Description>
<MeasurementUnit>pixel</MeasurementUnit>
<sourceImageInformation>
<fileName>1925_v22_Part001.pdf</fileName>
</sourceImageInformation>
<OCRProcessing ID="IdOcr">
<ocrProcessingStep>
<processingDateTime>2019-04-03</processingDateTime>
<processingSoftware>
<softwareCreator>ABBYY</softwareCreator>
<softwareName>ABBYY Recognition Server</softwareName>
<softwareVersion>4.0</softwareVersion>
</processingSoftware>
</ocrProcessingStep>
</OCRProcessing>
</Description>
<Styles>
<ParagraphStyle ID="StyleId-FFFFFFFF-FFFF-FFFF-FFFF-FFFFFFFFFFFF-" ALIGN="Left" LEFT="0." RIGHT="0." FIRSTLINE="0."/>
<ParagraphStyle ID="StyleId-2E5B4E57-07AD-4719-97CB-14521F7F4F8A-" ALIGN="Left" LEFT="0." RIGHT="0." FIRSTLINE="0." LINESPACE="8.899999619"/>
<ParagraphStyle ID="StyleId-62A6F688-D6E3-4EFC-837B-4A4C4EB582B7-" ALIGN="Center" LEFT="0." RIGHT="0." FIRSTLINE="0." LINESPACE="12.19999981"/>
<ParagraphStyle ID="StyleId-21B71EBC-BDB5-4E16-A8F2-58189A39665B-" ALIGN="Block" LEFT="0." RIGHT="0." FIRSTLINE="-13." LINESPACE="11.35000038"/>
<ParagraphStyle ID="StyleId-1E1A68C4-DD4F-417A-A13D-7FEC29ECB499-" ALIGN="Block" LEFT="0." RIGHT="0." FIRSTLINE="-15." LINESPACE="13.30000019"/>
<ParagraphStyle ID="StyleId-6B39EC51-644D-4E90-AF07-84EF2B1E466A-" ALIGN="Block" LEFT="0." RIGHT="0." FIRSTLINE="-15." LINESPACE="8.340000153"/>
<ParagraphStyle ID="StyleId-2C1BA15F-E223-41D6-853D-AAFBDAC17E68-" ALIGN="Center" LEFT="0." RIGHT="0." FIRSTLINE="0." LINESPACE="13."/>
<ParagraphStyle ID="StyleId-A3B2CDF3-43F0-422C-90A0-E074BFEC3BC0-" ALIGN="Block" LEFT="0." RIGHT="0." FIRSTLINE="0." LINESPACE="8.899999619"/>
<ParagraphStyle ID="StyleId-28AB2493-EA15-49C1-A6AC-ED5BC404F0B9-" ALIGN="Center" LEFT="0." RIGHT="0." FIRSTLINE="0." LINESPACE="12.19999981"/>
<ParagraphStyle ID="StyleId-4417A6D4-97E2-4EFC-962D-7FBC0D5273E4-" ALIGN="Left" LEFT="0." RIGHT="0." FIRSTLINE="15." LINESPACE="8.340000153"/>
<ParagraphStyle ID="StyleId-D4EF9C5E-3110-4A39-B7BC-3D84E0F04894-" ALIGN="Center" LEFT="0." RIGHT="0." FIRSTLINE="0." LINESPACE="13.30000019"/>
<ParagraphStyle ID="StyleId-D1243F31-1201-4D92-8F69-43ADB01E9AD1-" ALIGN="Left" LEFT="0." RIGHT="0." FIRSTLINE="-13." LINESPACE="13.30000019"/>
<ParagraphStyle ID="StyleId-C65417C6-23F2-4D8F-BA55-ECE73D98CAB9-" ALIGN="Left" LEFT="0." RIGHT="0." FIRSTLINE="0." LINESPACE="8.899999619"/>
<ParagraphStyle ID="StyleId-835763C1-08DD-41BE-8BAD-8E41EA88DAE3-" ALIGN="Center" LEFT="0." RIGHT="0." FIRSTLINE="0." LINESPACE="11.10000038"/>
<ParagraphStyle ID="StyleId-78FD6B81-8F83-422D-8DF4-4274EAFD19C6-" ALIGN="Block" LEFT="0." RIGHT="0." FIRSTLINE="-17." LINESPACE="12.19999981"/>
<ParagraphStyle ID="StyleId-F506BC7F-570D-458B-9F05-A143E1F5FD17-" ALIGN="Block" LEFT="0." RIGHT="0." FIRSTLINE="-17." LINESPACE="11.35000038"/>
<ParagraphStyle ID="StyleId-CBE02C6B-22D0-48C6-A874-7E90A22F4375-" ALIGN="Center" LEFT="0." RIGHT="0." FIRSTLINE="0." LINESPACE="4.400000095"/>
<ParagraphStyle ID="StyleId-14CC0121-63AF-4AB4-9656-E02F46C61AF2-" ALIGN="Left" LEFT="0." RIGHT="0." FIRSTLINE="0." LINESPACE="8.899999619"/>
<ParagraphStyle ID="StyleId-DD64CECB-1B22-4BFF-84F0-DFDE2B0000F8-" ALIGN="Left" LEFT="0." RIGHT="0." FIRSTLINE="0." LINESPACE="12.19999981"/>
<ParagraphStyle ID="StyleId-8AEF4AA8-141A-4E5D-9C3E-C0F9F43C742F-" ALIGN="Left" LEFT="0." RIGHT="0." FIRSTLINE="0." LINESPACE="8.300000191"/>
<ParagraphStyle ID="StyleId-8C396D2A-39C0-48AB-BABA-2679D8AB257E-" ALIGN="Left" LEFT="0." RIGHT="0." FIRSTLINE="0." LINESPACE="11.10000038"/>
<ParagraphStyle ID="StyleId-3B7FE50F-10D4-487F-BDCD-FD26EB60FD4A-" ALIGN="Block" LEFT="0." RIGHT="0." FIRSTLINE="13." LINESPACE="8.340000153"/>
<ParagraphStyle ID="StyleId-8CC5CC8E-615B-4C42-BB46-DB28FA355C27-" ALIGN="Left" LEFT="0." RIGHT="0." FIRSTLINE="0." LINESPACE="12.19999981"/>
<ParagraphStyle ID="StyleId-BC67E79D-8D99-4188-8B35-A59DBB7E2BB0-" ALIGN="Block" LEFT="0." RIGHT="0." FIRSTLINE="11." LINESPACE="9.399999619"/>
</Styles>
<Layout>
<Page ID="Page1639" PHYSICAL_IMG_NR="1639" HEIGHT="4412" WIDTH="2533">
<TopMargin HEIGHT="354" WIDTH="2533" VPOS="0" HPOS="0">
</TopMargin>
<LeftMargin HEIGHT="3744" WIDTH="148" VPOS="354" HPOS="0">
</LeftMargin>
<RightMargin HEIGHT="3744" WIDTH="361" VPOS="354" HPOS="2172">
</RightMargin>
<BottomMargin HEIGHT="314" WIDTH="2533" VPOS="4098" HPOS="0">
</BottomMargin>
<PrintSpace HEIGHT="3744" WIDTH="2024" VPOS="354" HPOS="148">
<TextBlock ID="Page1639_Block1" HEIGHT="3744" WIDTH="2024" VPOS="354" HPOS="148" LANG="en-US" CS="1" STYLEREFS="StyleId-06C20D33-9372-43FE-8D64-8EF30FC61064-">
<TextLine HEIGHT="0" WIDTH="0" VPOS="0" HPOS="0" STYLEREFS="StyleId-F2413C8A-3A23-416A-9CB2-5863C8BAB9D8-" CS="1">
<String CS="1" CONTENT="1639"/>
</TextLine>
<TextLine HEIGHT="88" WIDTH="541" VPOS="424" HPOS="233" CS="1">
<String CONTENT="7" HEIGHT="45" WIDTH="26" VPOS="458" HPOS="233"/>
<SP HEIGHT="54" WIDTH="24" VPOS="458" HPOS="260"/>
<String LANG="fr" CONTENT="p." HEIGHT="38" WIDTH="39" VPOS="474" HPOS="285"/>
<SP HEIGHT="43" WIDTH="28" VPOS="460" HPOS="325"/>
<String CS="1" CONTENT="l.,"/>
<SP HEIGHT="86" WIDTH="24" VPOS="424" HPOS="395"/>
<String CS="1" CONTENT="[5]-273" HEIGHT="47" WIDTH="110" VPOS="455" HPOS="482"/>
<SP HEIGHT="52" WIDTH="27" VPOS="459" HPOS="593"/>
<String CONTENT="p." HEIGHT="38" WIDTH="40" VPOS="473" HPOS="621"/>
<SP HEIGHT="43" WIDTH="58" VPOS="458" HPOS="662"/>
<String CS="1" CONTENT="20&#189;cm." HEIGHT="44" WIDTH="53" VPOS="457" HPOS="721"/>
</TextLine>
<TextLine HEIGHT="54" WIDTH="1923" VPOS="526" HPOS="235" CS="1">
<String CONTENT="&#8220;The" HEIGHT="44" WIDTH="126" VPOS="528" HPOS="235"/>
<SP HEIGHT="44" WIDTH="34" VPOS="528" HPOS="362"/>
<String CONTENT="following" HEIGHT="54" WIDTH="237" VPOS="526" HPOS="397"/>
<SP HEIGHT="37" WIDTH="33" VPOS="543" HPOS="635"/>
<String CONTENT="articles" HEIGHT="45" WIDTH="179" VPOS="526" HPOS="669"/>
<SP HEIGHT="29" WIDTH="39" VPOS="542" HPOS="849"/>
<String CS="1" CONTENT="&#8230;"/>
<SP HEIGHT="28" WIDTH="36" VPOS="542" HPOS="936"/>
<String CONTENT="were" HEIGHT="29" WIDTH="120" VPOS="541" HPOS="973"/>
<SP HEIGHT="29" WIDTH="34" VPOS="541" HPOS="1094"/>
<String CONTENT="written" HEIGHT="43" WIDTH="182" VPOS="526" HPOS="1129"/>
<SP HEIGHT="42" WIDTH="34" VPOS="527" HPOS="1312"/>
<String CONTENT="by" HEIGHT="52" WIDTH="59" VPOS="527" HPOS="1347"/>
<SP HEIGHT="37" WIDTH="29" VPOS="542" HPOS="1407"/>
<String CONTENT="one" HEIGHT="33" WIDTH="86" VPOS="538" HPOS="1437"/>
<SP HEIGHT="33" WIDTH="34" VPOS="538" HPOS="1524"/>
<String CONTENT="of" HEIGHT="44" WIDTH="52" VPOS="527" HPOS="1559"/>
<SP HEIGHT="43" WIDTH="31" VPOS="527" HPOS="1612"/>
<String CONTENT="America&#8217;s" HEIGHT="44" WIDTH="250" VPOS="526" HPOS="1644"/>
<SP HEIGHT="44" WIDTH="39" VPOS="526" HPOS="1895"/>
<String CONTENT="foremost" HEIGHT="43" WIDTH="223" VPOS="526" HPOS="1935"/>
</TextLine>
<TextLine HEIGHT="55" WIDTH="1991" VPOS="581" HPOS="166">
<String CONTENT="bleachery" HEIGHT="52" WIDTH="236" VPOS="584" HPOS="166"/>
<SP HEIGHT="36" WIDTH="24" VPOS="600" HPOS="403"/>
<String CONTENT="engineers," HEIGHT="52" WIDTH="252" VPOS="584" HPOS="428"/>
<SP HEIGHT="35" WIDTH="25" VPOS="599" HPOS="681"/>
<String CONTENT="and" HEIGHT="43" WIDTH="86" VPOS="584" HPOS="707"/>
<SP HEIGHT="43" WIDTH="24" VPOS="584" HPOS="794"/>
<String CONTENT="recently" HEIGHT="53" WIDTH="200" VPOS="582" HPOS="819"/>
<SP HEIGHT="38" WIDTH="25" VPOS="597" HPOS="1020"/>
<String CONTENT="published" HEIGHT="53" WIDTH="233" VPOS="582" HPOS="1046"/>
<SP HEIGHT="45" WIDTH="23" VPOS="581" HPOS="1280"/>
<String CONTENT="in" HEIGHT="44" WIDTH="45" VPOS="581" HPOS="1304"/>
<SP HEIGHT="35" WIDTH="24" VPOS="594" HPOS="1350"/>
<String CONTENT="the" HEIGHT="46" WIDTH="74" VPOS="583" HPOS="1375"/>
<SP HEIGHT="43" WIDTH="24" VPOS="584" HPOS="1450"/>
<String CONTENT="American" HEIGHT="44" WIDTH="245" VPOS="583" HPOS="1475"/>
<SP HEIGHT="28" WIDTH="25" VPOS="598" HPOS="1721"/>
<String CONTENT="wool" HEIGHT="44" WIDTH="117" VPOS="582" HPOS="1747"/>
<SP HEIGHT="44" WIDTH="25" VPOS="582" HPOS="1865"/>
<String CONTENT="and" HEIGHT="43" WIDTH="87" VPOS="583" HPOS="1891"/>
<SP HEIGHT="43" WIDTH="25" VPOS="583" HPOS="1979"/>
<String CONTENT="cotton" HEIGHT="37" WIDTH="152" VPOS="589" HPOS="2005"/>
</TextLine>
<TextLine HEIGHT="54" WIDTH="243" VPOS="639" HPOS="166">
<String CONTENT="reporter.&#8221;" HEIGHT="54" WIDTH="243" VPOS="639" HPOS="166"/>
</TextLine>
<TextLine HEIGHT="60" WIDTH="1996" VPOS="707" HPOS="160" CS="1">
<String CONTENT="&#169;" HEIGHT="59" WIDTH="54" VPOS="708" HPOS="160"/>
<SP HEIGHT="59" WIDTH="29" VPOS="708" HPOS="215"/>
<String CONTENT="Nov." HEIGHT="43" WIDTH="119" VPOS="710" HPOS="245"/>
<SP HEIGHT="42" WIDTH="29" VPOS="710" HPOS="365"/>
<String CONTENT="2," HEIGHT="50" WIDTH="41" VPOS="710" HPOS="395"/>
<SP HEIGHT="49" WIDTH="35" VPOS="711" HPOS="437"/>
<String CONTENT="1925;" HEIGHT="51" WIDTH="128" VPOS="709" HPOS="473"/>
<SP HEIGHT="52" WIDTH="32" VPOS="708" HPOS="602"/>
<String CONTENT="2c." HEIGHT="44" WIDTH="64" VPOS="708" HPOS="635"/>
<SP HEIGHT="42" WIDTH="33" VPOS="709" HPOS="700"/>
<String CONTENT="Nov." HEIGHT="42" WIDTH="117" VPOS="709" HPOS="734"/>
<SP HEIGHT="44" WIDTH="33" VPOS="707" HPOS="852"/>
<String CONTENT="5;" HEIGHT="52" WIDTH="48" VPOS="707" HPOS="886"/>
<SP HEIGHT="36" WIDTH="32" VPOS="723" HPOS="935"/>
<String CONTENT="aff." HEIGHT="44" WIDTH="80" VPOS="708" HPOS="968"/>
<SP HEIGHT="44" WIDTH="33" VPOS="708" HPOS="1049"/>
<String CONTENT="Nov." HEIGHT="43" WIDTH="118" VPOS="708" HPOS="1083"/>
<SP HEIGHT="43" WIDTH="28" VPOS="708" HPOS="1202"/>
<String CONTENT="4;" HEIGHT="48" WIDTH="50" VPOS="708" HPOS="1231"/>
<SP HEIGHT="47" WIDTH="33" VPOS="709" HPOS="1282"/>
<!-- cceid 3786D106-6DD5-1014-B757-AF09C522E301 --><String CONTENT="A" HEIGHT="41" WIDTH="43" VPOS="709" HPOS="1316"/>
<SP/>
<String CONTENT="869900;" HEIGHT="52" WIDTH="191" VPOS="708" HPOS="1390"/>
<SP HEIGHT="52" WIDTH="34" VPOS="708" HPOS="1582"/>
<String CONTENT="Frank" HEIGHT="44" WIDTH="155" VPOS="708" HPOS="1617"/>
<SP HEIGHT="41" WIDTH="32" VPOS="710" HPOS="1773"/>
<String CONTENT="P." HEIGHT="41" WIDTH="49" VPOS="710" HPOS="1806"/>
<SP HEIGHT="41" WIDTH="36" VPOS="710" HPOS="1856"/>
<String CONTENT="Bennett" HEIGHT="44" WIDTH="191" VPOS="710" HPOS="1893"/>
<SP HEIGHT="43" WIDTH="33" VPOS="712" HPOS="2085"/>
<String CONTENT="&amp;" HEIGHT="43" WIDTH="37" VPOS="712" HPOS="2119"/>
</TextLine>
<TextLine HEIGHT="54" WIDTH="709" VPOS="765" HPOS="228">
<String CONTENT="co.," HEIGHT="37" WIDTH="78" VPOS="782" HPOS="228"/>
<SP HEIGHT="53" WIDTH="32" VPOS="766" HPOS="307"/>
<String CONTENT="inc.," HEIGHT="51" WIDTH="98" VPOS="766" HPOS="340"/>
<SP HEIGHT="52" WIDTH="31" VPOS="765" HPOS="439"/>
<String CONTENT="Boston." HEIGHT="44" WIDTH="182" VPOS="765" HPOS="471"/>
<SP HEIGHT="53" WIDTH="68" VPOS="766" HPOS="654"/>
<String CONTENT="(26-262)" HEIGHT="54" WIDTH="214" VPOS="765" HPOS="723"/>
</TextLine>
<TextLine HEIGHT="73" WIDTH="620" VPOS="864" HPOS="161" STYLEREFS="StyleId-D2F58A8C-5B41-4CE8-A435-C1C144AEB0FC-">
<String CONTENT="Sutherland," HEIGHT="73" WIDTH="397" VPOS="864" HPOS="161"/>
<SP HEIGHT="72" WIDTH="39" VPOS="865" HPOS="559"/>
<String CONTENT="Joan." HEIGHT="59" WIDTH="182" VPOS="865" HPOS="599"/>
</TextLine>
<TextLine HEIGHT="75" WIDTH="1919" VPOS="955" HPOS="239" STYLEREFS="StyleId-F2413C8A-3A23-416A-9CB2-5863C8BAB9D8-">
<String CONTENT="Challenge," HEIGHT="73" WIDTH="352" VPOS="956" HPOS="239"/>
<SP HEIGHT="71" WIDTH="44" VPOS="958" HPOS="592"/>
<String CONTENT="by" HEIGHT="70" WIDTH="82" VPOS="958" HPOS="637"/>
<SP HEIGHT="71" WIDTH="44" VPOS="957" HPOS="720"/>
<String CONTENT="Joan" HEIGHT="56" WIDTH="165" VPOS="957" HPOS="765"/>
<SP HEIGHT="58" WIDTH="46" VPOS="955" HPOS="931"/>
<String CONTENT="Sutherland." HEIGHT="58" WIDTH="399" VPOS="955" HPOS="978"/>
<SP HEIGHT="55" WIDTH="84" VPOS="957" HPOS="1378"/>
<String CONTENT="London," HEIGHT="73" WIDTH="277" VPOS="957" HPOS="1463"/>
<SP HEIGHT="71" WIDTH="47" VPOS="959" HPOS="1741"/>
<String CONTENT="New" HEIGHT="55" WIDTH="149" VPOS="959" HPOS="1789"/>
<SP HEIGHT="56" WIDTH="45" VPOS="958" HPOS="1939"/>
<String CONTENT="York" HEIGHT="57" WIDTH="173" VPOS="958" HPOS="1985"/>
</TextLine>
<TextLine HEIGHT="69" WIDTH="1269" VPOS="1033" HPOS="179" STYLEREFS="StyleId-F2413C8A-3A23-416A-9CB2-5863C8BAB9D8-" CS="1">
<String CS="1" CONTENT="[etc.]" HEIGHT="53" WIDTH="110" VPOS="1039" HPOS="179"/>
<SP HEIGHT="59" WIDTH="38" VPOS="1033" HPOS="308"/>
<String CONTENT="Cassell" HEIGHT="59" WIDTH="240" VPOS="1033" HPOS="347"/>
<SP HEIGHT="55" WIDTH="31" VPOS="1035" HPOS="588"/>
<String CONTENT="and" HEIGHT="56" WIDTH="123" VPOS="1035" HPOS="620"/>
<SP HEIGHT="56" WIDTH="32" VPOS="1035" HPOS="744"/>
<String CONTENT="company," HEIGHT="50" WIDTH="322" VPOS="1052" HPOS="777"/>
<SP HEIGHT="68" WIDTH="35" VPOS="1034" HPOS="1100"/>
<String CONTENT="ltd." HEIGHT="56" WIDTH="109" VPOS="1034" HPOS="1136"/>
<SP HEIGHT="25" WIDTH="37" VPOS="1065" HPOS="1246"/>
<String CS="1" CONTENT="[1925]" HEIGHT="55" WIDTH="110" VPOS="1035" HPOS="1338"/>
</TextLine>
<TextLine HEIGHT="56" WIDTH="560" VPOS="1123" HPOS="229" STYLEREFS="StyleId-F2413C8A-3A23-416A-9CB2-5863C8BAB9D8-" CS="1">
<String CONTENT="3" HEIGHT="44" WIDTH="24" VPOS="1125" HPOS="229"/>
<SP HEIGHT="52" WIDTH="28" VPOS="1125" HPOS="254"/>
<String LANG="fr" CONTENT="p." HEIGHT="38" WIDTH="38" VPOS="1139" HPOS="283"/>
<SP HEIGHT="44" WIDTH="28" VPOS="1125" HPOS="322"/>
<String CS="1" CONTENT="l.,"/>
<SP HEIGHT="52" WIDTH="24" VPOS="1125" HPOS="394"/>
<String CONTENT="467," HEIGHT="50" WIDTH="94" VPOS="1125" HPOS="419"/>
<SP HEIGHT="30" WIDTH="32" VPOS="1149" HPOS="514"/>
<String CS="1" CONTENT="[1]" HEIGHT="30" WIDTH="10" VPOS="1149" HPOS="547"/>
<SP HEIGHT="40" WIDTH="32" VPOS="1139" HPOS="600"/>
<String LANG="fr" CONTENT="p." HEIGHT="38" WIDTH="38" VPOS="1139" HPOS="633"/>
<SP HEIGHT="42" WIDTH="64" VPOS="1125" HPOS="672"/>
<String CS="1" CONTENT="19&#189;cm." HEIGHT="44" WIDTH="52" VPOS="1123" HPOS="737"/>
</TextLine>
<TextLine HEIGHT="57" WIDTH="1980" VPOS="1191" HPOS="160" CS="1">
<String CONTENT="&#169;" HEIGHT="53" WIDTH="53" VPOS="1193" HPOS="160"/>
<SP/>
<String CS="1" CONTENT="1c."/>
<SP/>
<String CONTENT="Nov." HEIGHT="42" WIDTH="119" VPOS="1195" HPOS="330"/>
<SP HEIGHT="42" WIDTH="25" VPOS="1195" HPOS="450"/>
<String CONTENT="24," HEIGHT="53" WIDTH="66" VPOS="1193" HPOS="476"/>
<SP HEIGHT="51" WIDTH="28" VPOS="1195" HPOS="543"/>
<String CONTENT="1925;" HEIGHT="52" WIDTH="128" VPOS="1192" HPOS="572"/>
<SP HEIGHT="50" WIDTH="28" VPOS="1194" HPOS="701"/>
<!-- cceid 3786D96A-6DD5-1014-B757-AF09C522E301 --><String CONTENT="A" HEIGHT="42" WIDTH="44" VPOS="1194" HPOS="730"/>
<SP HEIGHT="42" WIDTH="24" VPOS="1194" HPOS="775"/>
<String CONTENT="ad" HEIGHT="43" WIDTH="55" VPOS="1194" HPOS="800"/>
<SP HEIGHT="44" WIDTH="25" VPOS="1193" HPOS="856"/>
<String CONTENT="int." HEIGHT="44" WIDTH="76" VPOS="1193" HPOS="882"/>
<SP HEIGHT="45" WIDTH="26" VPOS="1192" HPOS="959"/>
<String CONTENT="7520;" HEIGHT="54" WIDTH="133" VPOS="1191" HPOS="986"/>
<SP HEIGHT="38" WIDTH="28" VPOS="1207" HPOS="1120"/>
<String CONTENT="pubd." HEIGHT="52" WIDTH="132" VPOS="1193" HPOS="1149"/>
<SP HEIGHT="46" WIDTH="30" VPOS="1192" HPOS="1282"/>
<String CONTENT="Sept." HEIGHT="53" WIDTH="120" VPOS="1192" HPOS="1313"/>
<SP HEIGHT="42" WIDTH="22" VPOS="1194" HPOS="1434"/>
<String CONTENT="24;" HEIGHT="51" WIDTH="78" VPOS="1194" HPOS="1457"/>
<SP HEIGHT="51" WIDTH="29" VPOS="1195" HPOS="1536"/>
<String CONTENT="J." HEIGHT="51" WIDTH="39" VPOS="1195" HPOS="1566"/>
<SP HEIGHT="46" WIDTH="29" VPOS="1194" HPOS="1606"/>
<String CONTENT="Sutherland," HEIGHT="54" WIDTH="284" VPOS="1194" HPOS="1636"/>
<SP HEIGHT="51" WIDTH="31" VPOS="1197" HPOS="1921"/>
<String CS="1" CONTENT="London." HEIGHT="43" WIDTH="187" VPOS="1197" HPOS="1953"/>
</TextLine>
<TextLine HEIGHT="73" WIDTH="609" VPOS="1307" HPOS="161" STYLEREFS="StyleId-D2F58A8C-5B41-4CE8-A435-C1C144AEB0FC-">
<String LANG="en-US" CONTENT="Swaffer," HEIGHT="73" WIDTH="284" VPOS="1307" HPOS="161"/>
<SP HEIGHT="72" WIDTH="39" VPOS="1308" HPOS="446"/>
<String LANG="de" CONTENT="Hannen." HEIGHT="56" WIDTH="284" VPOS="1308" HPOS="486"/>
</TextLine>
<TextLine HEIGHT="79" WIDTH="1918" VPOS="1398" HPOS="236" STYLEREFS="StyleId-F2413C8A-3A23-416A-9CB2-5863C8BAB9D8-">
<String CONTENT="Northcliffe&#8217;s" HEIGHT="59" WIDTH="438" VPOS="1398" HPOS="236"/>
<SP HEIGHT="39" WIDTH="50" VPOS="1418" HPOS="675"/>
<String CONTENT="return," HEIGHT="69" WIDTH="237" VPOS="1402" HPOS="726"/>
<SP HEIGHT="72" WIDTH="52" VPOS="1399" HPOS="964"/>
<String CONTENT="by" HEIGHT="72" WIDTH="83" VPOS="1399" HPOS="1017"/>
<SP HEIGHT="73" WIDTH="49" VPOS="1398" HPOS="1101"/>
<String LANG="de" CONTENT="Hannen" HEIGHT="59" WIDTH="269" VPOS="1398" HPOS="1151"/>
<SP HEIGHT="60" WIDTH="53" VPOS="1399" HPOS="1421"/>
<String CONTENT="Swaffer." HEIGHT="60" WIDTH="286" VPOS="1399" HPOS="1475"/>
<SP HEIGHT="56" WIDTH="113" VPOS="1402" HPOS="1762"/>
<String CONTENT="London," HEIGHT="75" WIDTH="278" VPOS="1402" HPOS="1876"/>
</TextLine>
<TextLine HEIGHT="73" WIDTH="807" VPOS="1478" HPOS="159" STYLEREFS="StyleId-F2413C8A-3A23-416A-9CB2-5863C8BAB9D8-">
<String CONTENT="Hutchinson" HEIGHT="57" WIDTH="395" VPOS="1478" HPOS="159"/>
<SP HEIGHT="56" WIDTH="29" VPOS="1478" HPOS="555"/>
<String CONTENT="&amp;" HEIGHT="56" WIDTH="49" VPOS="1478" HPOS="585"/>
<SP HEIGHT="56" WIDTH="27" VPOS="1478" HPOS="635"/>
<String CONTENT="co." HEIGHT="37" WIDTH="85" VPOS="1497" HPOS="663"/>
<SP HEIGHT="42" WIDTH="35" VPOS="1508" HPOS="749"/>
<String CONTENT="[1925]" HEIGHT="72" WIDTH="181" VPOS="1479" HPOS="785"/>
</TextLine>
<TextLine HEIGHT="55" WIDTH="471" VPOS="1552" HPOS="227" STYLEREFS="StyleId-F2413C8A-3A23-416A-9CB2-5863C8BAB9D8-" CS="1">
<String CONTENT="xiii," HEIGHT="50" WIDTH="94" VPOS="1555" HPOS="227"/>
<SP HEIGHT="49" WIDTH="34" VPOS="1556" HPOS="322"/>
<String CONTENT="15-286" HEIGHT="45" WIDTH="160" VPOS="1552" HPOS="357"/>
<SP HEIGHT="52" WIDTH="27" VPOS="1555" HPOS="518"/>
<String CONTENT="p." HEIGHT="38" WIDTH="40" VPOS="1569" HPOS="546"/>
<SP HEIGHT="42" WIDTH="61" VPOS="1555" HPOS="587"/>
<String CS="1" CONTENT="19&#189;cm." HEIGHT="44" WIDTH="49" VPOS="1554" HPOS="649"/>
</TextLine>
<TextLine HEIGHT="55" WIDTH="1940" VPOS="1609" HPOS="159" CS="1">
<String CONTENT="&#169;" HEIGHT="53" WIDTH="53" VPOS="1610" HPOS="159"/>
<SP/>
<String CS="1" CONTENT="1c."/>
<SP/>
<String CONTENT="Sept." HEIGHT="53" WIDTH="120" VPOS="1610" HPOS="339"/>
<SP HEIGHT="40" WIDTH="31" VPOS="1613" HPOS="460"/>
<String CONTENT="1," HEIGHT="49" WIDTH="33" VPOS="1613" HPOS="492"/>
<SP HEIGHT="50" WIDTH="36" VPOS="1612" HPOS="526"/>
<String CS="1" CONTENT="1925;" HEIGHT="45" WIDTH="102" VPOS="1609" HPOS="563"/>
<SP HEIGHT="51" WIDTH="33" VPOS="1611" HPOS="692"/>
<!-- cceid 3786DFB9-6DD5-1014-B757-AF09C522E301 --><String CONTENT="A" HEIGHT="42" WIDTH="44" VPOS="1611" HPOS="726"/>
<SP HEIGHT="42" WIDTH="29" VPOS="1611" HPOS="771"/>
<String CONTENT="ad" HEIGHT="42" WIDTH="56" VPOS="1612" HPOS="801"/>
<SP HEIGHT="43" WIDTH="31" VPOS="1611" HPOS="858"/>
<String CONTENT="int." HEIGHT="43" WIDTH="76" VPOS="1611" HPOS="890"/>
<SP HEIGHT="45" WIDTH="31" VPOS="1609" HPOS="967"/>
<String CS="1" CONTENT="7247;" HEIGHT="45" WIDTH="107" VPOS="1609" HPOS="999"/>
<SP HEIGHT="38" WIDTH="33" VPOS="1625" HPOS="1132"/>
<String CONTENT="pubd." HEIGHT="52" WIDTH="131" VPOS="1611" HPOS="1166"/>
<SP HEIGHT="52" WIDTH="31" VPOS="1611" HPOS="1298"/>
<String CONTENT="July" HEIGHT="52" WIDTH="105" VPOS="1611" HPOS="1330"/>
<SP HEIGHT="51" WIDTH="32" VPOS="1612" HPOS="1436"/>
<String CS="1" CONTENT="3;" HEIGHT="42" WIDTH="23" VPOS="1612" HPOS="1469"/>
<SP HEIGHT="50" WIDTH="36" VPOS="1613" HPOS="1519"/>
<String CONTENT="H." HEIGHT="42" WIDTH="60" VPOS="1613" HPOS="1556"/>
<SP HEIGHT="46" WIDTH="35" VPOS="1612" HPOS="1617"/>
<String CONTENT="Swaffer," HEIGHT="52" WIDTH="210" VPOS="1612" HPOS="1653"/>
<SP HEIGHT="49" WIDTH="34" VPOS="1615" HPOS="1864"/>
<String CONTENT="London." HEIGHT="42" WIDTH="200" VPOS="1615" HPOS="1899"/>
</TextLine>
<TextLine HEIGHT="72" WIDTH="1073" VPOS="1724" HPOS="162" STYLEREFS="StyleId-D2F58A8C-5B41-4CE8-A435-C1C144AEB0FC-">
<String CONTENT="Swift," HEIGHT="70" WIDTH="203" VPOS="1725" HPOS="162"/>
<SP HEIGHT="69" WIDTH="40" VPOS="1726" HPOS="366"/>
<String CONTENT="Fletcher" HEIGHT="56" WIDTH="287" VPOS="1725" HPOS="407"/>
<SP HEIGHT="56" WIDTH="40" VPOS="1724" HPOS="695"/>
<String CONTENT="Harper," HEIGHT="72" WIDTH="265" VPOS="1724" HPOS="736"/>
<SP HEIGHT="65" WIDTH="43" VPOS="1728" HPOS="1002"/>
<String CONTENT="1876-" HEIGHT="57" WIDTH="189" VPOS="1726" HPOS="1046"/>
</TextLine>
<TextLine HEIGHT="151" WIDTH="1976" VPOS="1813" HPOS="160" STYLEREFS="StyleId-F2413C8A-3A23-416A-9CB2-5863C8BAB9D8-" CS="1">
<String CS="1" CONTENT="&#8230;"/>
<SP HEIGHT="59" WIDTH="36" VPOS="1815" HPOS="304"/>
<String CONTENT="Studies" HEIGHT="58" WIDTH="256" VPOS="1815" HPOS="341"/>
<SP HEIGHT="56" WIDTH="24" VPOS="1815" HPOS="598"/>
<String CONTENT="in" HEIGHT="55" WIDTH="64" VPOS="1815" HPOS="623"/>
<SP HEIGHT="52" WIDTH="26" VPOS="1833" HPOS="688"/>
<String CONTENT="public" HEIGHT="71" WIDTH="208" VPOS="1814" HPOS="715"/>
<SP HEIGHT="37" WIDTH="31" VPOS="1834" HPOS="924"/>
<String CONTENT="school" HEIGHT="57" WIDTH="211" VPOS="1814" HPOS="956"/>
<SP HEIGHT="56" WIDTH="22" VPOS="1813" HPOS="1168"/>
<String CONTENT="finance" HEIGHT="58" WIDTH="238" VPOS="1813" HPOS="1191"/>
<SP HEIGHT="38" WIDTH="35" VPOS="1833" HPOS="1430"/>
<String CS="1" CONTENT="&#8230;"/>
<SP HEIGHT="56" WIDTH="34" VPOS="1816" HPOS="1528"/>
<String CONTENT="by" HEIGHT="70" WIDTH="82" VPOS="1816" HPOS="1563"/>
<SP HEIGHT="69" WIDTH="27" VPOS="1817" HPOS="1646"/>
<String CONTENT="Fletcher" HEIGHT="57" WIDTH="290" VPOS="1816" HPOS="1674"/>
<SP HEIGHT="54" WIDTH="28" VPOS="1818" HPOS="1965"/>
<String CONTENT="Harper" HEIGHT="146" WIDTH="1976" VPOS="1818" HPOS="160"/>
</TextLine>
<TextLine HEIGHT="152" WIDTH="1972" VPOS="1892" HPOS="158" STYLEREFS="StyleId-F2413C8A-3A23-416A-9CB2-5863C8BAB9D8-" CS="1">
<String CONTENT="Swift" HEIGHT="59" WIDTH="188" VPOS="1892" HPOS="310"/>
<SP HEIGHT="54" WIDTH="36" VPOS="1896" HPOS="499"/>
<String CS="1" CONTENT="&#8230;"/>
<SP/>
<String CS="1" CONTENT="[v." HEIGHT="43" WIDTH="70" VPOS="1922" HPOS="681"/>
<SP HEIGHT="56" WIDTH="38" VPOS="1892" HPOS="752"/>
<String CONTENT="3," HEIGHT="72" WIDTH="50" VPOS="1892" HPOS="791"/>
<SP HEIGHT="70" WIDTH="35" VPOS="1894" HPOS="842"/>
<String CONTENT="4]" HEIGHT="70" WIDTH="50" VPOS="1894" HPOS="878"/>
<SP HEIGHT="55" WIDTH="54" VPOS="1892" HPOS="955"/>
<String CONTENT="Minneapolis," HEIGHT="73" WIDTH="438" VPOS="1892" HPOS="1010"/>
<SP HEIGHT="72" WIDTH="35" VPOS="1893" HPOS="1449"/>
<String CONTENT="University" HEIGHT="73" WIDTH="372" VPOS="1893" HPOS="1485"/>
<SP HEIGHT="53" WIDTH="35" VPOS="1913" HPOS="1858"/>
<String CONTENT="of" HEIGHT="56" WIDTH="66" VPOS="1895" HPOS="1894"/>
<SP HEIGHT="56" WIDTH="38" VPOS="1895" HPOS="1961"/>
<String CONTENT="Minnesota," HEIGHT="148" WIDTH="1972" VPOS="1896" HPOS="158"/>
<SP HEIGHT="72" WIDTH="31" VPOS="1972" HPOS="397"/>
<String CONTENT="1925." HEIGHT="55" WIDTH="165" VPOS="1971" HPOS="429"/>
</TextLine>
<TextLine HEIGHT="111" WIDTH="1976" VPOS="2045" HPOS="159" CS="1">
<String CONTENT="2" HEIGHT="42" WIDTH="26" VPOS="2048" HPOS="227"/>
<SP HEIGHT="42" WIDTH="24" VPOS="2048" HPOS="254"/>
<String CS="1" CONTENT="v." HEIGHT="8" WIDTH="8" VPOS="2083" HPOS="311"/>
<SP HEIGHT="36" WIDTH="55" VPOS="2055" HPOS="320"/>
<String CONTENT="tables" HEIGHT="43" WIDTH="140" VPOS="2048" HPOS="376"/>
<SP HEIGHT="53" WIDTH="36" VPOS="2048" HPOS="517"/>
<String CONTENT="(part" HEIGHT="53" WIDTH="125" VPOS="2048" HPOS="554"/>
<SP HEIGHT="44" WIDTH="26" VPOS="2046" HPOS="680"/>
<String CONTENT="fold.)" HEIGHT="54" WIDTH="136" VPOS="2046" HPOS="707"/>
<SP HEIGHT="53" WIDTH="33" VPOS="2047" HPOS="844"/>
<String CONTENT="diagrs." HEIGHT="53" WIDTH="166" VPOS="2046" HPOS="878"/>
<SP HEIGHT="43" WIDTH="52" VPOS="2047" HPOS="1045"/>
<String CS="1" CONTENT="25&#189;" HEIGHT="45" WIDTH="54" VPOS="2045" HPOS="1098"/>
<String STYLE="superscript" CS="1" CONTENT="cm." HEIGHT="17" WIDTH="15" VPOS="2049" HPOS="1188"/>
<SP/>
<String CONTENT="([Minnesota." HEIGHT="54" WIDTH="316" VPOS="2046" HPOS="1319"/>
<SP HEIGHT="44" WIDTH="56" VPOS="2049" HPOS="1636"/>
<String CONTENT="University]" HEIGHT="54" WIDTH="281" VPOS="2048" HPOS="1693"/>
<SP HEIGHT="54" WIDTH="59" VPOS="2048" HPOS="1975"/>
<String CONTENT="Education" HEIGHT="99" WIDTH="1976" VPOS="2048" HPOS="159"/>
<SP HEIGHT="28" WIDTH="24" VPOS="2119" HPOS="308"/>
<String CONTENT="series," HEIGHT="50" WIDTH="151" VPOS="2104" HPOS="333"/>
<SP HEIGHT="36" WIDTH="26" VPOS="2118" HPOS="485"/>
<String CONTENT="no." HEIGHT="29" WIDTH="72" VPOS="2118" HPOS="512"/>
<SP HEIGHT="43" WIDTH="24" VPOS="2103" HPOS="585"/>
<String CONTENT="3," HEIGHT="52" WIDTH="40" VPOS="2103" HPOS="610"/>
<SP HEIGHT="51" WIDTH="25" VPOS="2104" HPOS="651"/>
<String CONTENT="4)" HEIGHT="53" WIDTH="52" VPOS="2103" HPOS="677"/>
</TextLine>
<TextLine HEIGHT="55" WIDTH="1927" VPOS="2159" HPOS="229" CS="1">
<String CONTENT="At" HEIGHT="43" WIDTH="63" VPOS="2162" HPOS="229"/>
<SP HEIGHT="44" WIDTH="29" VPOS="2161" HPOS="293"/>
<String CONTENT="head" HEIGHT="43" WIDTH="115" VPOS="2161" HPOS="323"/>
<SP HEIGHT="42" WIDTH="30" VPOS="2162" HPOS="439"/>
<String CONTENT="of" HEIGHT="44" WIDTH="52" VPOS="2160" HPOS="470"/>
<SP HEIGHT="44" WIDTH="30" VPOS="2160" HPOS="523"/>
<String CS="1" CONTENT="title:" HEIGHT="45" WIDTH="99" VPOS="2159" HPOS="554"/>
<SP HEIGHT="41" WIDTH="36" VPOS="2161" HPOS="679"/>
<String CONTENT="Research" HEIGHT="43" WIDTH="228" VPOS="2160" HPOS="716"/>
<SP HEIGHT="51" WIDTH="31" VPOS="2160" HPOS="945"/>
<String CONTENT="publications" HEIGHT="52" WIDTH="297" VPOS="2159" HPOS="977"/>
<SP HEIGHT="28" WIDTH="33" VPOS="2176" HPOS="1275"/>
<String CONTENT="of" HEIGHT="43" WIDTH="51" VPOS="2161" HPOS="1309"/>
<SP HEIGHT="41" WIDTH="30" VPOS="2161" HPOS="1361"/>
<String CONTENT="the" HEIGHT="44" WIDTH="74" VPOS="2160" HPOS="1392"/>
<SP HEIGHT="43" WIDTH="31" VPOS="2162" HPOS="1467"/>
<String CONTENT="University" HEIGHT="54" WIDTH="268" VPOS="2160" HPOS="1499"/>
<SP HEIGHT="36" WIDTH="31" VPOS="2178" HPOS="1768"/>
<String CONTENT="of" HEIGHT="44" WIDTH="51" VPOS="2162" HPOS="1800"/>
<SP HEIGHT="42" WIDTH="33" VPOS="2162" HPOS="1852"/>
<String CONTENT="Minnesota." HEIGHT="44" WIDTH="270" VPOS="2163" HPOS="1886"/>
</TextLine>
<TextLine HEIGHT="53" WIDTH="958" VPOS="2216" HPOS="232">
<String CONTENT="Bibliography" HEIGHT="52" WIDTH="325" VPOS="2217" HPOS="232"/>
<SP HEIGHT="38" WIDTH="28" VPOS="2231" HPOS="558"/>
<String CONTENT="at" HEIGHT="35" WIDTH="44" VPOS="2225" HPOS="587"/>
<SP HEIGHT="35" WIDTH="31" VPOS="2225" HPOS="632"/>
<String CONTENT="end" HEIGHT="43" WIDTH="83" VPOS="2217" HPOS="664"/>
<SP HEIGHT="43" WIDTH="29" VPOS="2217" HPOS="748"/>
<String CONTENT="of" HEIGHT="44" WIDTH="51" VPOS="2216" HPOS="778"/>
<SP HEIGHT="44" WIDTH="28" VPOS="2216" HPOS="830"/>
<String CONTENT="each" HEIGHT="44" WIDTH="107" VPOS="2216" HPOS="859"/>
<SP HEIGHT="43" WIDTH="28" VPOS="2216" HPOS="967"/>
<String CONTENT="volume." HEIGHT="43" WIDTH="194" VPOS="2216" HPOS="996"/>
</TextLine>
<TextLine HEIGHT="56" WIDTH="1646" VPOS="2272" HPOS="509" CS="1">
<String CS="1" CONTENT="CONTENTS.&#8212;[V." HEIGHT="33" WIDTH="117" VPOS="2287" HPOS="509"/>
<SP HEIGHT="37" WIDTH="32" VPOS="2280" HPOS="627"/>
<String CONTENT="3]" HEIGHT="40" WIDTH="37" VPOS="2280" HPOS="660"/>
<SP HEIGHT="48" WIDTH="33" VPOS="2272" HPOS="698"/>
<String CONTENT="The" HEIGHT="44" WIDTH="101" VPOS="2272" HPOS="732"/>
<SP HEIGHT="28" WIDTH="26" VPOS="2288" HPOS="834"/>
<String CONTENT="middle" HEIGHT="44" WIDTH="167" VPOS="2272" HPOS="861"/>
<SP HEIGHT="44" WIDTH="28" VPOS="2273" HPOS="1029"/>
<String CS="1" CONTENT="West:" HEIGHT="44" WIDTH="131" VPOS="2273" HPOS="1058"/>
<SP HEIGHT="42" WIDTH="35" VPOS="2274" HPOS="1215"/>
<String CONTENT="Illinois," HEIGHT="52" WIDTH="189" VPOS="2272" HPOS="1251"/>
<SP HEIGHT="50" WIDTH="33" VPOS="2274" HPOS="1441"/>
<String CONTENT="Minnesota," HEIGHT="53" WIDTH="274" VPOS="2273" HPOS="1475"/>
<SP HEIGHT="53" WIDTH="33" VPOS="2273" HPOS="1750"/>
<String CONTENT="South" HEIGHT="47" WIDTH="143" VPOS="2273" HPOS="1784"/>
<SP HEIGHT="42" WIDTH="32" VPOS="2275" HPOS="1928"/>
<String CONTENT="Dakota," HEIGHT="52" WIDTH="194" VPOS="2276" HPOS="1961"/>
</TextLine>
<TextLine HEIGHT="55" WIDTH="1995" VPOS="2328" HPOS="160">
<String LANG="en-US" CONTENT="with" HEIGHT="44" WIDTH="109" VPOS="2331" HPOS="160"/>
<SP HEIGHT="43" WIDTH="22" VPOS="2331" HPOS="270"/>
<String LANG="en-US" CONTENT="a" HEIGHT="28" WIDTH="27" VPOS="2346" HPOS="293"/>
<SP HEIGHT="28" WIDTH="25" VPOS="2346" HPOS="321"/>
<String LANG="en-US" CONTENT="supplement" HEIGHT="53" WIDTH="279" VPOS="2330" HPOS="347"/>
<SP HEIGHT="35" WIDTH="25" VPOS="2338" HPOS="627"/>
<String LANG="en-US" CONTENT="on" HEIGHT="28" WIDTH="56" VPOS="2345" HPOS="653"/>
<SP HEIGHT="41" WIDTH="26" VPOS="2331" HPOS="710"/>
<String LANG="en-US" CONTENT="Alaska," HEIGHT="51" WIDTH="186" VPOS="2330" HPOS="737"/>
<SP HEIGHT="50" WIDTH="26" VPOS="2331" HPOS="924"/>
<String LANG="en-US" CONTENT="by" HEIGHT="51" WIDTH="59" VPOS="2331" HPOS="951"/>
<SP HEIGHT="53" WIDTH="26" VPOS="2329" HPOS="1011"/>
<String LANG="fr" CONTENT="F." HEIGHT="44" WIDTH="49" VPOS="2329" HPOS="1038"/>
<SP HEIGHT="42" WIDTH="28" VPOS="2331" HPOS="1088"/>
<String LANG="en-US" CONTENT="H." HEIGHT="42" WIDTH="62" VPOS="2331" HPOS="1117"/>
<SP HEIGHT="47" WIDTH="25" VPOS="2328" HPOS="1180"/>
<String LANG="en-US" CONTENT="Swift," HEIGHT="54" WIDTH="155" VPOS="2328" HPOS="1206"/>
<SP HEIGHT="52" WIDTH="26" VPOS="2330" HPOS="1362"/>
<String LANG="en-US" CONTENT="Frances" HEIGHT="44" WIDTH="196" VPOS="2330" HPOS="1389"/>
<SP HEIGHT="43" WIDTH="28" VPOS="2331" HPOS="1586"/>
<String LANG="fr" CONTENT="K." HEIGHT="44" WIDTH="59" VPOS="2331" HPOS="1615"/>
<SP HEIGHT="43" WIDTH="27" VPOS="2332" HPOS="1675"/>
<String LANG="en-US" CONTENT="Del" HEIGHT="42" WIDTH="87" VPOS="2332" HPOS="1703"/>
<SP HEIGHT="42" WIDTH="28" VPOS="2332" HPOS="1791"/>
<String LANG="fr" CONTENT="Plaine," HEIGHT="49" WIDTH="169" VPOS="2331" HPOS="1820"/>
<SP HEIGHT="47" WIDTH="30" VPOS="2333" HPOS="1990"/>
<String LANG="fr" CONTENT="O." HEIGHT="44" WIDTH="55" VPOS="2333" HPOS="2021"/>
<SP HEIGHT="41" WIDTH="29" VPOS="2334" HPOS="2077"/>
<String LANG="en-US" CONTENT="L." HEIGHT="42" WIDTH="48" VPOS="2334" HPOS="2107"/>
</TextLine>
<TextLine HEIGHT="56" WIDTH="1997" VPOS="2386" HPOS="160" CS="1">
<String CONTENT="Troxel.&#8212;[V." HEIGHT="46" WIDTH="305" VPOS="2388" HPOS="160"/>
<SP HEIGHT="35" WIDTH="33" VPOS="2396" HPOS="466"/>
<String CONTENT="4]" HEIGHT="38" WIDTH="37" VPOS="2396" HPOS="500"/>
<SP HEIGHT="48" WIDTH="37" VPOS="2386" HPOS="538"/>
<String CONTENT="The" HEIGHT="44" WIDTH="100" VPOS="2386" HPOS="576"/>
<SP HEIGHT="46" WIDTH="36" VPOS="2386" HPOS="677"/>
<String CS="1" CONTENT="South:" HEIGHT="46" WIDTH="141" VPOS="2386" HPOS="714"/>
<SP HEIGHT="43" WIDTH="35" VPOS="2387" HPOS="882"/>
<String CONTENT="Arkansas," HEIGHT="52" WIDTH="251" VPOS="2387" HPOS="918"/>
<SP HEIGHT="51" WIDTH="39" VPOS="2388" HPOS="1170"/>
<String CONTENT="Oklahoma," HEIGHT="50" WIDTH="268" VPOS="2387" HPOS="1210"/>
<SP HEIGHT="49" WIDTH="38" VPOS="2388" HPOS="1479"/>
<String CONTENT="Alabama," HEIGHT="53" WIDTH="238" VPOS="2387" HPOS="1518"/>
<SP HEIGHT="52" WIDTH="34" VPOS="2388" HPOS="1757"/>
<String CONTENT="Tennessee," HEIGHT="53" WIDTH="269" VPOS="2388" HPOS="1792"/>
<SP HEIGHT="50" WIDTH="36" VPOS="2391" HPOS="2062"/>
<String CONTENT="by" HEIGHT="51" WIDTH="58" VPOS="2391" HPOS="2099"/>
</TextLine>
<TextLine HEIGHT="52" WIDTH="822" VPOS="2443" HPOS="159">
<String LANG="fr" CONTENT="F." HEIGHT="44" WIDTH="50" VPOS="2444" HPOS="159"/>
<SP HEIGHT="42" WIDTH="31" VPOS="2446" HPOS="210"/>
<String CONTENT="H." HEIGHT="41" WIDTH="61" VPOS="2446" HPOS="242"/>
<SP HEIGHT="46" WIDTH="36" VPOS="2443" HPOS="304"/>
<String CONTENT="Swift," HEIGHT="52" WIDTH="149" VPOS="2443" HPOS="341"/>
<SP HEIGHT="50" WIDTH="28" VPOS="2445" HPOS="491"/>
<String LANG="fr" CONTENT="J." HEIGHT="50" WIDTH="40" VPOS="2445" HPOS="520"/>
<SP HEIGHT="43" WIDTH="31" VPOS="2444" HPOS="561"/>
<String CONTENT="H." HEIGHT="42" WIDTH="61" VPOS="2444" HPOS="593"/>
<SP HEIGHT="44" WIDTH="32" VPOS="2443" HPOS="655"/>
<String CONTENT="Goldthorpe." HEIGHT="52" WIDTH="293" VPOS="2443" HPOS="688"/>
</TextLine>
<TextLine HEIGHT="55" WIDTH="1997" VPOS="2498" HPOS="159" CS="1">
<String LANG="fr" CONTENT="v." HEIGHT="28" WIDTH="40" VPOS="2518" HPOS="159"/>
<SP HEIGHT="44" WIDTH="27" VPOS="2502" HPOS="200"/>
<String CONTENT="3," HEIGHT="49" WIDTH="36" VPOS="2502" HPOS="228"/>
<SP HEIGHT="53" WIDTH="27" VPOS="2499" HPOS="265"/>
<String CONTENT="&#169;" HEIGHT="53" WIDTH="53" VPOS="2499" HPOS="293"/>
<SP HEIGHT="53" WIDTH="24" VPOS="2499" HPOS="347"/>
<String CONTENT="June" HEIGHT="51" WIDTH="116" VPOS="2501" HPOS="372"/>
<SP HEIGHT="42" WIDTH="27" VPOS="2502" HPOS="489"/>
<String CONTENT="1," HEIGHT="51" WIDTH="33" VPOS="2502" HPOS="517"/>
<SP HEIGHT="51" WIDTH="30" VPOS="2502" HPOS="551"/>
<String CS="1" CONTENT="1925;" HEIGHT="43" WIDTH="105" VPOS="2500" HPOS="582"/>
<SP HEIGHT="36" WIDTH="27" VPOS="2515" HPOS="713"/>
<String CONTENT="v." HEIGHT="27" WIDTH="41" VPOS="2517" HPOS="741"/>
<SP HEIGHT="43" WIDTH="26" VPOS="2501" HPOS="783"/>
<String CONTENT="4," HEIGHT="51" WIDTH="39" VPOS="2501" HPOS="810"/>
<SP HEIGHT="54" WIDTH="26" VPOS="2498" HPOS="850"/>
<String CONTENT="&#169;" HEIGHT="53" WIDTH="53" VPOS="2498" HPOS="877"/>
<SP HEIGHT="54" WIDTH="26" VPOS="2498" HPOS="931"/>
<String CONTENT="July" HEIGHT="52" WIDTH="106" VPOS="2500" HPOS="958"/>
<SP HEIGHT="50" WIDTH="27" VPOS="2502" HPOS="1065"/>
<String CS="1" CONTENT="1;" HEIGHT="40" WIDTH="18" VPOS="2502" HPOS="1093"/>
<SP HEIGHT="52" WIDTH="27" VPOS="2500" HPOS="1140"/>
<String CONTENT="2c." HEIGHT="43" WIDTH="64" VPOS="2500" HPOS="1168"/>
<SP HEIGHT="28" WIDTH="26" VPOS="2515" HPOS="1233"/>
<String CONTENT="each" HEIGHT="43" WIDTH="108" VPOS="2500" HPOS="1260"/>
<SP HEIGHT="43" WIDTH="28" VPOS="2500" HPOS="1369"/>
<String CONTENT="and" HEIGHT="43" WIDTH="86" VPOS="2500" HPOS="1398"/>
<SP HEIGHT="43" WIDTH="28" VPOS="2500" HPOS="1485"/>
<String CONTENT="affs." HEIGHT="44" WIDTH="101" VPOS="2500" HPOS="1514"/>
<SP HEIGHT="47" WIDTH="30" VPOS="2499" HPOS="1616"/>
<String CONTENT="Sept." HEIGHT="53" WIDTH="119" VPOS="2499" HPOS="1647"/>
<SP HEIGHT="43" WIDTH="27" VPOS="2501" HPOS="1767"/>
<String CS="1" CONTENT="28;" HEIGHT="43" WIDTH="53" VPOS="2501" HPOS="1795"/>
<SP HEIGHT="49" WIDTH="29" VPOS="2503" HPOS="1875"/>
<!-- cceid 3786E607-6DD5-1014-B757-AF09C522E301 --><String CONTENT="A" HEIGHT="41" WIDTH="43" VPOS="2503" HPOS="1905"/>
<SP HEIGHT="42" WIDTH="28" VPOS="2503" HPOS="1949"/>
<String CONTENT="864790," HEIGHT="53" WIDTH="178" VPOS="2500" HPOS="1978"/>
</TextLine>
<TextLine HEIGHT="55" WIDTH="868" VPOS="2555" HPOS="229" CS="1">
<String CS="1" CONTENT="864792;" HEIGHT="46" WIDTH="165" VPOS="2555" HPOS="229"/>
<SP HEIGHT="52" WIDTH="30" VPOS="2558" HPOS="418"/>
<String CONTENT="University" HEIGHT="53" WIDTH="267" VPOS="2557" HPOS="449"/>
<SP HEIGHT="37" WIDTH="26" VPOS="2573" HPOS="717"/>
<String CONTENT="of" HEIGHT="43" WIDTH="51" VPOS="2557" HPOS="744"/>
<SP HEIGHT="42" WIDTH="29" VPOS="2557" HPOS="796"/>
<String CONTENT="Minnesota." HEIGHT="43" WIDTH="271" VPOS="2557" HPOS="826"/>
</TextLine>
<TextLine HEIGHT="75" WIDTH="1477" VPOS="2656" HPOS="164" STYLEREFS="StyleId-D2F58A8C-5B41-4CE8-A435-C1C144AEB0FC-">
<String CONTENT="Thornton," HEIGHT="71" WIDTH="336" VPOS="2660" HPOS="164"/>
<SP HEIGHT="71" WIDTH="38" VPOS="2660" HPOS="501"/>
<String CONTENT="William" HEIGHT="60" WIDTH="283" VPOS="2658" HPOS="540"/>
<SP HEIGHT="62" WIDTH="33" VPOS="2656" HPOS="824"/>
<String CONTENT="Wheeler," HEIGHT="73" WIDTH="304" VPOS="2656" HPOS="858"/>
<SP HEIGHT="67" WIDTH="40" VPOS="2662" HPOS="1163"/>
<String CONTENT="1851-" HEIGHT="57" WIDTH="188" VPOS="2660" HPOS="1204"/>
<SP HEIGHT="38" WIDTH="156" VPOS="2678" HPOS="1393"/>
<String CONTENT="ed." HEIGHT="58" WIDTH="91" VPOS="2660" HPOS="1550"/>
</TextLine>
<TextLine HEIGHT="73" WIDTH="1920" VPOS="2748" HPOS="234" STYLEREFS="StyleId-F2413C8A-3A23-416A-9CB2-5863C8BAB9D8-">
<String CONTENT="A" HEIGHT="56" WIDTH="60" VPOS="2749" HPOS="234"/>
<SP HEIGHT="56" WIDTH="45" VPOS="2749" HPOS="295"/>
<String CONTENT="manual" HEIGHT="59" WIDTH="255" VPOS="2750" HPOS="341"/>
<SP HEIGHT="56" WIDTH="47" VPOS="2750" HPOS="597"/>
<String CONTENT="of" HEIGHT="57" WIDTH="69" VPOS="2749" HPOS="645"/>
<SP HEIGHT="71" WIDTH="45" VPOS="2749" HPOS="715"/>
<String CONTENT="practice" HEIGHT="71" WIDTH="274" VPOS="2749" HPOS="761"/>
<SP HEIGHT="57" WIDTH="47" VPOS="2749" HPOS="1036"/>
<String CONTENT="before" HEIGHT="58" WIDTH="218" VPOS="2748" HPOS="1084"/>
<SP HEIGHT="39" WIDTH="51" VPOS="2767" HPOS="1303"/>
<String CONTENT="county" HEIGHT="69" WIDTH="229" VPOS="2751" HPOS="1355"/>
<SP HEIGHT="52" WIDTH="47" VPOS="2768" HPOS="1585"/>
<String CONTENT="commissioners," HEIGHT="73" WIDTH="521" VPOS="2748" HPOS="1633"/>
</TextLine>
<TextLine HEIGHT="157" WIDTH="1968" VPOS="2824" HPOS="158" STYLEREFS="StyleId-F2413C8A-3A23-416A-9CB2-5863C8BAB9D8-" CS="1">
<String CONTENT="including" HEIGHT="72" WIDTH="319" VPOS="2827" HPOS="158"/>
<SP HEIGHT="70" WIDTH="29" VPOS="2829" HPOS="478"/>
<String CONTENT="the" HEIGHT="57" WIDTH="104" VPOS="2827" HPOS="508"/>
<SP HEIGHT="53" WIDTH="31" VPOS="2845" HPOS="613"/>
<String CONTENT="powers" HEIGHT="53" WIDTH="244" VPOS="2845" HPOS="645"/>
<SP HEIGHT="38" WIDTH="33" VPOS="2846" HPOS="890"/>
<String CONTENT="and" HEIGHT="56" WIDTH="123" VPOS="2828" HPOS="924"/>
<SP HEIGHT="57" WIDTH="31" VPOS="2827" HPOS="1048"/>
<String CONTENT="duties" HEIGHT="60" WIDTH="205" VPOS="2824" HPOS="1080"/>
<SP HEIGHT="38" WIDTH="33" VPOS="2846" HPOS="1286"/>
<String CONTENT="of" HEIGHT="57" WIDTH="68" VPOS="2826" HPOS="1320"/>
<SP HEIGHT="57" WIDTH="34" VPOS="2826" HPOS="1389"/>
<String CONTENT="county" HEIGHT="71" WIDTH="229" VPOS="2827" HPOS="1424"/>
<SP HEIGHT="52" WIDTH="32" VPOS="2846" HPOS="1654"/>
<String CONTENT="officers" HEIGHT="59" WIDTH="233" VPOS="2826" HPOS="1687"/>
<SP HEIGHT="57" WIDTH="32" VPOS="2828" HPOS="1921"/>
<String CONTENT="in" HEIGHT="55" WIDTH="66" VPOS="2828" HPOS="1954"/>
<SP HEIGHT="55" WIDTH="32" VPOS="2829" HPOS="2021"/>
<String CONTENT="Indiana," HEIGHT="152" WIDTH="1966" VPOS="2829" HPOS="160"/>
</TextLine>
<TextLine HEIGHT="151" WIDTH="1970" VPOS="2904" HPOS="159" STYLEREFS="StyleId-F2413C8A-3A23-416A-9CB2-5863C8BAB9D8-" CS="1">
<String CONTENT="with" HEIGHT="58" WIDTH="151" VPOS="2904" HPOS="397"/>
<SP HEIGHT="57" WIDTH="33" VPOS="2904" HPOS="549"/>
<String CONTENT="complete" HEIGHT="70" WIDTH="300" VPOS="2905" HPOS="583"/>
<SP HEIGHT="57" WIDTH="32" VPOS="2905" HPOS="884"/>
<String CONTENT="forms," HEIGHT="71" WIDTH="220" VPOS="2905" HPOS="917"/>
<SP HEIGHT="71" WIDTH="31" VPOS="2905" HPOS="1138"/>
<String CONTENT="by" HEIGHT="71" WIDTH="83" VPOS="2905" HPOS="1170"/>
<SP HEIGHT="72" WIDTH="29" VPOS="2904" HPOS="1254"/>
<String CONTENT="W." HEIGHT="58" WIDTH="97" VPOS="2904" HPOS="1284"/>
<SP HEIGHT="57" WIDTH="32" VPOS="2904" HPOS="1382"/>
<String CONTENT="W." HEIGHT="57" WIDTH="97" VPOS="2904" HPOS="1415"/>
<SP HEIGHT="56" WIDTH="36" VPOS="2905" HPOS="1513"/>
<String CONTENT="Thornton" HEIGHT="58" WIDTH="325" VPOS="2905" HPOS="1550"/>
<SP HEIGHT="38" WIDTH="38" VPOS="2924" HPOS="1876"/>
<String CS="1" CONTENT="&#8230;"/>
<SP HEIGHT="54" WIDTH="77" VPOS="2907" HPOS="1977"/>
<String CONTENT="Indianapolis," HEIGHT="148" WIDTH="1970" VPOS="2907" HPOS="159"/>
<SP HEIGHT="72" WIDTH="27" VPOS="2983" HPOS="533"/>
<String CONTENT="The" HEIGHT="57" WIDTH="129" VPOS="2983" HPOS="561"/>
</TextLine>
<TextLine HEIGHT="73" WIDTH="1044" VPOS="2982" HPOS="715" STYLEREFS="StyleId-F2413C8A-3A23-416A-9CB2-5863C8BAB9D8-" CS="1">
<String CONTENT="Bobbs-Merrill" HEIGHT="58" WIDTH="485" VPOS="2982" HPOS="715"/>
<SP HEIGHT="56" WIDTH="23" VPOS="2983" HPOS="1201"/>
<String CONTENT="company" HEIGHT="54" WIDTH="305" VPOS="3000" HPOS="1225"/>
<SP HEIGHT="54" WIDTH="25" VPOS="3001" HPOS="1531"/>
<String CS="1" CONTENT="["/>
<String STYLE="superscript" CONTENT="c" HEIGHT="22" WIDTH="20" VPOS="2990" HPOS="1571"/>
<String CONTENT="1925]" HEIGHT="72" WIDTH="164" VPOS="2983" HPOS="1595"/>
</TextLine>
<TextLine HEIGHT="44" WIDTH="278" VPOS="3062" HPOS="229">
<String LANG="en-US" CONTENT="2" HEIGHT="41" WIDTH="24" VPOS="3065" HPOS="229"/>
<SP HEIGHT="41" WIDTH="29" VPOS="3065" HPOS="254"/>
<String LANG="fr" CONTENT="v." HEIGHT="26" WIDTH="40" VPOS="3080" HPOS="284"/>
<SP HEIGHT="42" WIDTH="58" VPOS="3064" HPOS="325"/>
<String LANG="en-US" CONTENT="26" HEIGHT="44" WIDTH="55" VPOS="3062" HPOS="384"/>
<String STYLE="superscript" LANG="en-US" CONTENT="cm" HEIGHT="18" WIDTH="47" VPOS="3064" HPOS="444"/>
<String LANG="en-US" CONTENT="." HEIGHT="9" WIDTH="9" VPOS="3097" HPOS="498"/>
</TextLine>
<TextLine HEIGHT="54" WIDTH="510" VPOS="3117" HPOS="236">
<String CONTENT="Paged" HEIGHT="52" WIDTH="154" VPOS="3119" HPOS="236"/>
<SP HEIGHT="43" WIDTH="27" VPOS="3119" HPOS="391"/>
<String CONTENT="continuously." HEIGHT="52" WIDTH="327" VPOS="3117" HPOS="419"/>
</TextLine>
<TextLine HEIGHT="58" WIDTH="1993" VPOS="3172" HPOS="162">
<String CONTENT="&#169;" HEIGHT="54" WIDTH="53" VPOS="3174" HPOS="162"/>
<SP HEIGHT="54" WIDTH="33" VPOS="3174" HPOS="216"/>
<String CONTENT="Apr." HEIGHT="52" WIDTH="112" VPOS="3176" HPOS="250"/>
<SP HEIGHT="44" WIDTH="41" VPOS="3175" HPOS="363"/>
<String CONTENT="10," HEIGHT="51" WIDTH="61" VPOS="3174" HPOS="405"/>
<SP HEIGHT="50" WIDTH="43" VPOS="3175" HPOS="467"/>
<String CONTENT="1925;" HEIGHT="52" WIDTH="128" VPOS="3173" HPOS="511"/>
<SP HEIGHT="51" WIDTH="36" VPOS="3174" HPOS="640"/>
<String CONTENT="2c." HEIGHT="43" WIDTH="65" VPOS="3174" HPOS="677"/>
<SP HEIGHT="28" WIDTH="37" VPOS="3189" HPOS="743"/>
<String CONTENT="each" HEIGHT="44" WIDTH="109" VPOS="3173" HPOS="781"/>
<SP HEIGHT="54" WIDTH="35" VPOS="3173" HPOS="891"/>
<String CONTENT="Jan." HEIGHT="53" WIDTH="98" VPOS="3174" HPOS="927"/>
<SP HEIGHT="44" WIDTH="37" VPOS="3173" HPOS="1026"/>
<String CONTENT="2," HEIGHT="52" WIDTH="40" VPOS="3173" HPOS="1064"/>
<SP HEIGHT="51" WIDTH="41" VPOS="3174" HPOS="1105"/>
<String CONTENT="1926;" HEIGHT="52" WIDTH="129" VPOS="3173" HPOS="1147"/>
<SP HEIGHT="37" WIDTH="41" VPOS="3188" HPOS="1277"/>
<String CONTENT="affs." HEIGHT="44" WIDTH="102" VPOS="3173" HPOS="1319"/>
<SP HEIGHT="42" WIDTH="39" VPOS="3174" HPOS="1422"/>
<String CONTENT="Dec,-31," HEIGHT="56" WIDTH="213" VPOS="3174" HPOS="1462"/>
<SP HEIGHT="50" WIDTH="43" VPOS="3175" HPOS="1676"/>
<String CONTENT="1925;" HEIGHT="54" WIDTH="130" VPOS="3172" HPOS="1720"/>
<SP HEIGHT="51" WIDTH="42" VPOS="3175" HPOS="1851"/>
<!-- cceid 3786ED0C-6DD5-1014-B757-AF09C522E301 --><String CONTENT="A" HEIGHT="43" WIDTH="44" VPOS="3175" HPOS="1894"/>
<SP HEIGHT="44" WIDTH="36" VPOS="3175" HPOS="1939"/>
<String CONTENT="875685," HEIGHT="55" WIDTH="179" VPOS="3172" HPOS="1976"/>
</TextLine>
<TextLine HEIGHT="54" WIDTH="949" VPOS="3230" HPOS="231" CS="1">
<String CS="1" CONTENT="875686;" HEIGHT="46" WIDTH="164" VPOS="3231" HPOS="231"/>
<SP HEIGHT="52" WIDTH="28" VPOS="3232" HPOS="420"/>
<String CONTENT="Bobbs-Merrill" HEIGHT="44" WIDTH="358" VPOS="3231" HPOS="449"/>
<SP HEIGHT="42" WIDTH="22" VPOS="3232" HPOS="808"/>
<String CONTENT="co." HEIGHT="29" WIDTH="65" VPOS="3246" HPOS="831"/>
<SP HEIGHT="52" WIDTH="68" VPOS="3232" HPOS="897"/>
<String CONTENT="(26-267)" HEIGHT="54" WIDTH="214" VPOS="3230" HPOS="966"/>
</TextLine>
<TextLine HEIGHT="73" WIDTH="762" VPOS="3328" HPOS="165" STYLEREFS="StyleId-D2F58A8C-5B41-4CE8-A435-C1C144AEB0FC-">
<String CONTENT="Turner," HEIGHT="71" WIDTH="256" VPOS="3330" HPOS="165"/>
<SP HEIGHT="71" WIDTH="34" VPOS="3330" HPOS="422"/>
<String CONTENT="Ella" HEIGHT="58" WIDTH="143" VPOS="3328" HPOS="457"/>
<SP HEIGHT="56" WIDTH="28" VPOS="3330" HPOS="601"/>
<String CONTENT="May," HEIGHT="71" WIDTH="169" VPOS="3330" HPOS="630"/>
<SP HEIGHT="52" WIDTH="35" VPOS="3348" HPOS="800"/>
<String CONTENT="ed." HEIGHT="57" WIDTH="91" VPOS="3330" HPOS="836"/>
</TextLine>
<TextLine HEIGHT="72" WIDTH="1913" VPOS="3418" HPOS="244" STYLEREFS="StyleId-F2413C8A-3A23-416A-9CB2-5863C8BAB9D8-">
<String CONTENT="Stories" HEIGHT="58" WIDTH="241" VPOS="3420" HPOS="244"/>
<SP HEIGHT="38" WIDTH="54" VPOS="3438" HPOS="486"/>
<String CONTENT="and" HEIGHT="57" WIDTH="125" VPOS="3420" HPOS="541"/>
<SP HEIGHT="57" WIDTH="47" VPOS="3420" HPOS="667"/>
<String CONTENT="verse" HEIGHT="38" WIDTH="181" VPOS="3438" HPOS="715"/>
<SP HEIGHT="38" WIDTH="54" VPOS="3438" HPOS="897"/>
<String CONTENT="of" HEIGHT="56" WIDTH="69" VPOS="3419" HPOS="952"/>
<SP HEIGHT="57" WIDTH="48" VPOS="3419" HPOS="1022"/>
<String CONTENT="West" HEIGHT="57" WIDTH="182" VPOS="3419" HPOS="1071"/>
<SP HEIGHT="57" WIDTH="49" VPOS="3418" HPOS="1254"/>
<String CONTENT="Virginia,," HEIGHT="72" WIDTH="328" VPOS="3418" HPOS="1304"/>
<SP HEIGHT="47" WIDTH="40" VPOS="3439" HPOS="1633"/>
<String CONTENT="compiled" HEIGHT="72" WIDTH="299" VPOS="3418" HPOS="1674"/>
<SP HEIGHT="58" WIDTH="59" VPOS="3419" HPOS="1974"/>
<String CONTENT="and" HEIGHT="56" WIDTH="123" VPOS="3421" HPOS="2034"/>
</TextLine>
<TextLine HEIGHT="74" WIDTH="1996" VPOS="3495" HPOS="165" STYLEREFS="StyleId-F2413C8A-3A23-416A-9CB2-5863C8BAB9D8-">
<String CONTENT="edited" HEIGHT="58" WIDTH="209" VPOS="3497" HPOS="165"/>
<SP HEIGHT="57" WIDTH="39" VPOS="3497" HPOS="375"/>
<String CONTENT="with" HEIGHT="56" WIDTH="152" VPOS="3497" HPOS="415"/>
<SP HEIGHT="56" WIDTH="41" VPOS="3497" HPOS="568"/>
<String CONTENT="biographical" HEIGHT="73" WIDTH="434" VPOS="3496" HPOS="610"/>
<SP HEIGHT="56" WIDTH="45" VPOS="3497" HPOS="1045"/>
<String CONTENT="sketches" HEIGHT="57" WIDTH="282" VPOS="3496" HPOS="1091"/>
<SP HEIGHT="39" WIDTH="47" VPOS="3514" HPOS="1374"/>
<String CONTENT="and" HEIGHT="57" WIDTH="124" VPOS="3496" HPOS="1422"/>
<SP HEIGHT="57" WIDTH="42" VPOS="3496" HPOS="1547"/>
<String CONTENT="bibliography" HEIGHT="74" WIDTH="442" VPOS="3495" HPOS="1590"/>
<SP HEIGHT="70" WIDTH="44" VPOS="3497" HPOS="2033"/>
<String CONTENT="by" HEIGHT="71" WIDTH="83" VPOS="3497" HPOS="2078"/>
</TextLine>
<TextLine HEIGHT="135" WIDTH="1974" VPOS="3573" HPOS="163" STYLEREFS="StyleId-F2413C8A-3A23-416A-9CB2-5863C8BAB9D8-" CS="1">
<String CONTENT="Ella" HEIGHT="56" WIDTH="144" VPOS="3575" HPOS="165"/>
<SP HEIGHT="57" WIDTH="35" VPOS="3574" HPOS="310"/>
<String CONTENT="May" HEIGHT="70" WIDTH="150" VPOS="3574" HPOS="346"/>
<SP HEIGHT="71" WIDTH="36" VPOS="3573" HPOS="497"/>
<String CONTENT="Turner" HEIGHT="57" WIDTH="248" VPOS="3573" HPOS="534"/>
<SP HEIGHT="39" WIDTH="40" VPOS="3593" HPOS="783"/>
<String CS="1" CONTENT="&#8230;"/>
<SP HEIGHT="58" WIDTH="80" VPOS="3574" HPOS="887"/>
<String CONTENT="Rev." HEIGHT="56" WIDTH="151" VPOS="3574" HPOS="968"/>
<SP HEIGHT="57" WIDTH="75" VPOS="3573" HPOS="1120"/>
<String CONTENT="With" HEIGHT="57" WIDTH="176" VPOS="3573" HPOS="1196"/>
<SP HEIGHT="57" WIDTH="40" VPOS="3573" HPOS="1373"/>
<String CONTENT="a" HEIGHT="38" WIDTH="37" VPOS="3592" HPOS="1414"/>
<SP HEIGHT="57" WIDTH="34" VPOS="3573" HPOS="1452"/>
<String CONTENT="foreword" HEIGHT="58" WIDTH="319" VPOS="3573" HPOS="1487"/>
<SP HEIGHT="58" WIDTH="33" VPOS="3573" HPOS="1807"/>
<String CONTENT="by" HEIGHT="72" WIDTH="84" VPOS="3573" HPOS="1841"/>
<SP HEIGHT="72" WIDTH="33" VPOS="3573" HPOS="1926"/>
<String CONTENT="Waitman" HEIGHT="135" WIDTH="1974" VPOS="3573" HPOS="163"/>
</TextLine>
<TextLine HEIGHT="75" WIDTH="1828" VPOS="3649" HPOS="333" STYLEREFS="StyleId-F2413C8A-3A23-416A-9CB2-5863C8BAB9D8-" CS="1">
<String LANG="fr" CONTENT="Barbe" HEIGHT="57" WIDTH="207" VPOS="3650" HPOS="333"/>
<SP HEIGHT="37" WIDTH="33" VPOS="3670" HPOS="541"/>
<String CS="1" CONTENT="&#8230;"/>
<SP HEIGHT="58" WIDTH="73" VPOS="3650" HPOS="639"/>
<String CONTENT="Scottdale," HEIGHT="74" WIDTH="337" VPOS="3650" HPOS="713"/>
<SP HEIGHT="73" WIDTH="29" VPOS="3651" HPOS="1051"/>
<String CONTENT="Pa.," HEIGHT="71" WIDTH="132" VPOS="3651" HPOS="1081"/>
<SP HEIGHT="71" WIDTH="30" VPOS="3651" HPOS="1214"/>
<String CONTENT="The" HEIGHT="58" WIDTH="129" VPOS="3649" HPOS="1245"/>
<SP HEIGHT="58" WIDTH="29" VPOS="3649" HPOS="1375"/>
<String CONTENT="Mennonite" HEIGHT="59" WIDTH="361" VPOS="3649" HPOS="1405"/>
<SP HEIGHT="53" WIDTH="28" VPOS="3669" HPOS="1767"/>
<String CONTENT="publishing" HEIGHT="73" WIDTH="365" VPOS="3650" HPOS="1796"/>
</TextLine>
<TextLine HEIGHT="75" WIDTH="430" VPOS="3728" HPOS="162" STYLEREFS="StyleId-F2413C8A-3A23-416A-9CB2-5863C8BAB9D8-">
<String CONTENT="house" HEIGHT="58" WIDTH="194" VPOS="3728" HPOS="162"/>
<SP HEIGHT="55" WIDTH="32" VPOS="3747" HPOS="357"/>
<String CONTENT="[" HEIGHT="45" WIDTH="14" VPOS="3757" HPOS="390"/>
<String STYLE="superscript" CONTENT="c" HEIGHT="22" WIDTH="19" VPOS="3735" HPOS="404"/>
<String CONTENT="1925]" HEIGHT="74" WIDTH="165" VPOS="3729" HPOS="427"/>
</TextLine>
<TextLine HEIGHT="55" WIDTH="1470" VPOS="3802" HPOS="232" CS="1">
<String CONTENT="2" HEIGHT="42" WIDTH="27" VPOS="3806" HPOS="232"/>
<SP HEIGHT="51" WIDTH="24" VPOS="3806" HPOS="260"/>
<String LANG="fr" CONTENT="p." HEIGHT="38" WIDTH="40" VPOS="3819" HPOS="285"/>
<SP HEIGHT="43" WIDTH="24" VPOS="3805" HPOS="326"/>
<String CS="1" CONTENT="l.,"/>
<SP HEIGHT="35" WIDTH="25" VPOS="3820" HPOS="393"/>
<String CONTENT="vii-xix," HEIGHT="53" WIDTH="191" VPOS="3804" HPOS="419"/>
<SP HEIGHT="55" WIDTH="25" VPOS="3802" HPOS="611"/>
<String CONTENT="521" HEIGHT="46" WIDTH="76" VPOS="3802" HPOS="637"/>
<SP HEIGHT="51" WIDTH="27" VPOS="3805" HPOS="714"/>
<String CONTENT="p." HEIGHT="38" WIDTH="40" VPOS="3818" HPOS="742"/>
<SP HEIGHT="43" WIDTH="55" VPOS="3804" HPOS="783"/>
<String CONTENT="illus." HEIGHT="44" WIDTH="115" VPOS="3804" HPOS="839"/>
<SP HEIGHT="52" WIDTH="25" VPOS="3805" HPOS="955"/>
<String CONTENT="(incl." HEIGHT="53" WIDTH="127" VPOS="3804" HPOS="981"/>
<SP HEIGHT="37" WIDTH="29" VPOS="3818" HPOS="1109"/>
<String CONTENT="ports.)" HEIGHT="53" WIDTH="164" VPOS="3803" HPOS="1139"/>
<SP HEIGHT="53" WIDTH="33" VPOS="3803" HPOS="1304"/>
<String CONTENT="plates." HEIGHT="51" WIDTH="157" VPOS="3804" HPOS="1338"/>
<SP HEIGHT="42" WIDTH="59" VPOS="3805" HPOS="1496"/>
<String CS="1" CONTENT="19&#189;" HEIGHT="44" WIDTH="50" VPOS="3804" HPOS="1556"/>
<String STYLE="superscript" CONTENT="cm" HEIGHT="17" WIDTH="46" VPOS="3806" HPOS="1640"/>
<String CONTENT="." HEIGHT="9" WIDTH="9" VPOS="3839" HPOS="1693"/>
</TextLine>
<TextLine HEIGHT="53" WIDTH="660" VPOS="3859" HPOS="235">
<String CONTENT="Bibliography:" HEIGHT="52" WIDTH="352" VPOS="3860" HPOS="235"/>
<SP HEIGHT="38" WIDTH="28" VPOS="3874" HPOS="588"/>
<String CONTENT="p." HEIGHT="38" WIDTH="41" VPOS="3874" HPOS="617"/>
<SP HEIGHT="46" WIDTH="31" VPOS="3859" HPOS="659"/>
<String CONTENT="503-512." HEIGHT="46" WIDTH="204" VPOS="3859" HPOS="691"/>
</TextLine>
<TextLine HEIGHT="113" WIDTH="1969" VPOS="3914" HPOS="164" CS="1">
<String CONTENT="&#169;" HEIGHT="53" WIDTH="53" VPOS="3916" HPOS="164"/>
<SP HEIGHT="53" WIDTH="22" VPOS="3916" HPOS="218"/>
<String CONTENT="July" HEIGHT="52" WIDTH="106" VPOS="3917" HPOS="241"/>
<SP HEIGHT="51" WIDTH="23" VPOS="3918" HPOS="348"/>
<String CONTENT="20," HEIGHT="50" WIDTH="67" VPOS="3918" HPOS="372"/>
<SP HEIGHT="49" WIDTH="29" VPOS="3919" HPOS="440"/>
<String CS="1" CONTENT="1925;" HEIGHT="43" WIDTH="103" VPOS="3917" HPOS="470"/>
<SP HEIGHT="51" WIDTH="26" VPOS="3918" HPOS="599"/>
<String CONTENT="2c." HEIGHT="42" WIDTH="66" VPOS="3918" HPOS="626"/>
<SP HEIGHT="28" WIDTH="25" VPOS="3932" HPOS="693"/>
<String CONTENT="and" HEIGHT="42" WIDTH="87" VPOS="3918" HPOS="719"/>
<SP HEIGHT="42" WIDTH="25" VPOS="3918" HPOS="807"/>
<String CONTENT="aff." HEIGHT="42" WIDTH="78" VPOS="3918" HPOS="833"/>
<SP HEIGHT="42" WIDTH="28" VPOS="3918" HPOS="912"/>
<String CONTENT="Dec." HEIGHT="43" WIDTH="109" VPOS="3918" HPOS="941"/>
<SP HEIGHT="42" WIDTH="26" VPOS="3917" HPOS="1051"/>
<String CS="1" CONTENT="28;" HEIGHT="42" WIDTH="52" VPOS="3917" HPOS="1078"/>
<SP HEIGHT="50" WIDTH="30" VPOS="3917" HPOS="1156"/>
<!-- cceid 3786F433-6DD5-1014-B757-AF09C522E301 --><String CONTENT="A" HEIGHT="41" WIDTH="43" VPOS="3917" HPOS="1187"/>
<SP HEIGHT="43" WIDTH="25" VPOS="3916" HPOS="1231"/>
<String CS="1" CONTENT="879032;" HEIGHT="45" WIDTH="165" VPOS="3914" HPOS="1257"/>
<SP HEIGHT="52" WIDTH="29" VPOS="3916" HPOS="1446"/>
<String LANG="fr" CONTENT="E." HEIGHT="48" WIDTH="52" VPOS="3916" HPOS="1476"/>
<SP HEIGHT="43" WIDTH="28" VPOS="3918" HPOS="1529"/>
<String CONTENT="M," HEIGHT="45" WIDTH="65" VPOS="3918" HPOS="1558"/>
<SP HEIGHT="47" WIDTH="27" VPOS="3916" HPOS="1624"/>
<String CONTENT="Turner," HEIGHT="54" WIDTH="193" VPOS="3916" HPOS="1652"/>
<SP HEIGHT="55" WIDTH="32" VPOS="3915" HPOS="1846"/>
<String CONTENT="Shepherdstown," HEIGHT="111" WIDTH="1899" VPOS="3915" HPOS="234"/>
<SP HEIGHT="52" WIDTH="32" VPOS="3974" HPOS="370"/>
<String LANG="fr" CONTENT="W." HEIGHT="44" WIDTH="74" VPOS="3974" HPOS="403"/>
<SP HEIGHT="43" WIDTH="35" VPOS="3974" HPOS="478"/>
<String LANG="fr" CONTENT="Va." HEIGHT="44" WIDTH="85" VPOS="3974" HPOS="514"/>
<SP HEIGHT="53" WIDTH="68" VPOS="3974" HPOS="600"/>
<String CONTENT="(26-756)" HEIGHT="56" WIDTH="214" VPOS="3971" HPOS="669"/>
</TextLine>
</TextBlock>
</PrintSpace>
</Page>
</Layout>
</alto>