2533 4412
1025 4037 149 57 1121

104 390 311 70 Hanford,
450 388 324 58 Cornelius
810 387 288 73 Holgate,
1134 390 190 56 1849-

175 480 287 71 Halcyon
499 481 155 70 days
693 479 66 56 in
795 480 158 56 Port
992 479 381 71 Townsend;
1411 478 328 58 historical
1774 479 202 71 novel,
2014 478 84 72 by

101 557 63 60 C.
193 559 79 56 H.
299 558 316 57 Hanford.
701 557 256 75 Seattle,
985 556 235 73 Wash.,
1248 556 183 71 Apex
1457 555 288 73 printing
1771 574 107 53 co.,
1904 565 19 22 c
1927 557 167 55 1925.

173 649 958 56 1 p. l., 5-118 p. plates, map. 23½ cm .
98 718 56 54 ©
190 721 119 52 Aug.
344 720 67 51 21,
451 717 129 52 1925;
619 719 64 43 2c.
725 717 121 53 Sept.
889 719 45 51 1;
973 718 79 44 aff.
1088 718 122 52 Aug.
1247 718 77 51 31;
1364 717 46 43 A
1447 716 190 54 861635;
1678 716 48 46 C.
1767 718 62 42 H.
1870 717 229 53 Hanford,

173 775 183 47 Seattle.
425 773 271 56 (25-19106)

103 877 192 71 Hunt,
330 878 154 57 Mrs.
519 874 224 58 Mattie
788 872 275 75 (Liston)
1109 871 328 73 Griswold,
1475 876 190 56 1861-
1822 875 90 57 ed.

177 966 237 57 Hearts
441 966 68 57 of
533 969 200 65 trees;
762 964 341 73 anthology
1129 965 167 56 from
1324 964 104 57 the
1455 967 180 68 poets
1663 964 69 57 of
1757 965 103 58 the
1888 965 216 74 world,

102 1042 1934 72 edited and compiled by Mattie L. Griswold-Hunt …
99 1120 740 75 Kingston-on-Hudson,
873 1121 74 57 N.
980 1121 94 72 Y.,
1108 1122 167 56 1925.

174 1198 797 55 3 p. l., 97 p. front., pl. 20½ cm .
100 1257 53 54 ©
187 1257 121 54 Sept.
344 1258 64 52 17,
443 1256 103 45 1925;
606 1257 66 43 2c.
706 1258 87 42 and
824 1257 80 42 aff.
939 1255 122 52 Sept.
1094 1257 77 50 22;
1207 1257 44 42 A
1285 1256 190 52 861934;
1513 1257 65 42 M.
1613 1258 51 47 L.
1702 1255 399 55 Griswold-Hunt,

170 1313 548 55 Kingston-on-Hudson,
752 1312 59 43 N.
846 1312 58 47 Y,
972 1310 272 56 (25-19312)

102 1414 272 73 Jouglet,
412 1413 186 72 René,
637 1414 191 58 1884-

245 1504 1854 79 … Les confessions amoureuses. Paris, Plon-Nourrit
102 1585 387 73 et c ie [ c 1925]
169 1661 727 54 4 p. l., [3]-245 p., 1 l. 19 cm .
100 1712 1912 58 © June 18, 1925; 1c. July 15; A—Foreign 28183; Plon-Nourrit & co.
179 1772 270 56 (25-22780)

101 1874 242 71 Kester,
379 1872 140 73 Roy
552 1870 302 59 Bernard.

180 1964 320 59 Solutions
534 1966 64 55 to
630 1962 276 72 practice
939 1963 315 70 problems
1289 1963 104 56 for
1427 1964 678 75 accounting—theory

102 2045 123 56 and
253 2041 277 74 practice.
617 2060 56 38 v.
709 2043 50 54 2.
832 2042 79 56 2d
943 2042 92 55 ed.
1117 2039 275 72 (Second
1421 2059 157 54 year
1607 2042 163 72 text)
103 2043 1976 136 Appendices

348 2118 1753 76 A and B. By Roy B. Kester … New York, The
100 2199 246 57 Ronald
376 2217 182 52 press
593 2214 308 53 company
936 2197 181 73 [1925]

170 2274 77 45 351
278 2289 41 38 p.
376 2274 157 44 tables.
589 2274 26 42 21½
679 2275 47 18 cm
758 2308 8 8 .

101 2330 53 54 ©
187 2332 101 44 Oct.
315 2331 68 52 28,
415 2328 130 53 1925;
576 2329 66 43 2c.
673 2328 117 43 Nov.
820 2327 51 53 2;
904 2329 79 42 aff.
1016 2328 101 44 Oct.
1147 2328 77 51 30;
1258 2328 43 42 A
1331 2327 190 54 872257;
1556 2330 179 43 Ronald
1764 2344 126 39 press
1922 2346 66 29 co.

103 2445 316 71 Keystone
456 2457 199 56 pecan
689 2456 323 57 company,
1053 2440 339 72 Manheim,
1428 2443 111 56 Pa.
1622 2443 316 58 Research
181 2446 1895 148 laboratory.

178 2612 110 59 800
323 2611 242 73 proved
598 2628 197 54 pecan
831 2608 258 73 recipes,
1127 2608 166 58 their
1328 2608 174 74 place
1540 2609 66 58 in
1643 2609 104 60 the
1784 2630 203 55 menu,
2024 2613 82 74 by

101 2687 1978 140 5,083 housewives … Manheim, Pa., Keystone pecan research
351 2769 384 69 laboratory,
769 2767 165 55 1925.

170 2841 1630 58 xiv p., 2 l., 3-392 p. incl. col. front. plates (part col.) 19½ cm .
103 2903 53 54 ©
184 2903 119 53 Sept.
333 2903 63 50 18,
426 2900 129 52 1925;
583 2902 66 42 2c.
675 2901 87 42 and
788 2900 79 42 aff.
898 2898 122 54 Sept.
1046 2900 79 51 21;
1153 2899 45 42 A
1224 2899 189 54 864672;
1443 2900 133 46 Flam
1606 2900 51 45 G.
1687 2902 137 53 Hess,
1853 2902 248 55 Manheim,

173 2961 79 43 Pa.
322 2957 272 57 (25-19401)

104 3060 189 74 King,
324 3059 155 58 Dale
507 3059 281 71 Murray,
822 3060 188 56 1874-

179 3153 167 71 Why
377 3169 89 40 we
502 3169 109 38 are
642 3149 172 58 what
844 3168 90 38 we
970 3167 127 55 are,
1133 3168 81 38 an
1249 3148 278 73 analysis
1566 3149 66 58 of
1667 3150 104 58 the
1802 3170 137 55 ego,
1979 3154 123 58 and

104 3232 103 57 the
237 3229 385 73 application
648 3227 67 58 of
740 3227 528 72 psychotherapy,
1298 3227 146 72 diet,
1472 3228 479 74 hydrotherapy
1979 3232 125 56 and

106 3308 271 59 exercise
412 3309 63 55 to
509 3306 105 57 the
648 3305 302 58 different
980 3304 255 72 periods
1270 3305 68 56 of
1372 3304 112 58 life
1520 3305 140 58 that
1691 3325 90 38 we
1814 3326 149 54 may

104 3328 1976 208 approach health and-happiness, by Dale M. King … [Burlington,
392 3459 1199 75 Vt., Free press printing co., c 1925]
176 3535 1292 58 3 p. l., [5]-124 p. front., illus., pl., diagrs. 20 cm .
105 3594 53 54 ©
182 3596 106 53 July
313 3596 38 49 3,
379 3592 130 54 1925;
533 3594 66 42 2c.
624 3594 86 42 and
734 3593 79 42 aff.
839 3592 106 52 July
967 3592 81 52 23;
1074 3592 45 42 A
1143 3591 192 53 861771;
1363 3591 155 44 Frank
1545 3591 49 46 C.
1621 3593 164 54 Lewis,
1812 3596 119 43 New
1956 3597 143 44 York.

183 3650 271 56 (25-19097)

105 3750 188 73 King,
333 3749 194 58 Grace
566 3746 343 70 Elizabeth,
949 3748 189 57 1852-

183 3838 1917 76 Balcony stories, by Grace King … New York, The
107 3919 359 58 Macmillan
499 3935 322 53 company,
859 3917 165 56 1925.
