2533 4412
1059 4071 110 57 667

121 526 169 45 United
326 526 55 45 Y.
418 526 65 43 M.
522 524 50 45 C.
608 527 58 45 A.
705 526 192 50 schools,
934 528 88 43 and
1057 526 76 45 the
1168 525 210 46 Institute
1419 527 78 42 for
1534 527 208 44 research
1779 525 46 45 in
1861 525 107 46 land
119 541 1966 86 economics

323 583 88 44 and
436 581 150 52 public
613 582 232 44 utilities.”

191 638 367 44 “Authoritative
586 639 142 44 books
759 652 58 30 on
847 637 282 51 advertising
1154 637 255 51 subjects”:
1437 651 42 37 p.
1511 638 89 46 190.

120 689 54 54 ©
199 693 114 51 June
336 692 66 51 23,
433 690 129 53 1925;
591 692 63 42 2c.
681 694 87 41 and
793 693 79 42 aff.
900 693 114 51 June
1040 692 79 52 24;
1148 692 44 42 A
1220 692 187 51 829844;
1440 691 265 44 Macmillan
1732 707 66 28 co.

198 746 269 56 (25-11815)

123 834 178 69 Hart,
346 834 262 58 Isabelle
649 833 382 75 Kingsbury.

199 927 127 57 The
366 926 363 71 geography
764 946 218 37 course
1022 926 67 57 of
1128 926 187 70 study
1353 926 122 59 and
1511 926 314 58 teachers’
1860 928 255 57 manual

121 1004 101 55 for
261 1002 286 73 primary
584 1004 228 70 grades
855 1003 102 56 for
998 1003 103 57 the
1145 1002 305 73 Training
1492 1003 208 57 school
1743 1002 69 58 of
1853 1002 259 73 Oswego

121 1079 1990 74 state normal school, by Isabelle K. Hart … [Oswego,
118 1158 73 56 N.
222 1158 93 71 Y.,
346 1165 19 22 c
369 1157 164 73 1925]

186 1234 54 45 45
268 1249 39 38 p.
366 1235 54 43 23c
445 1236 28 17 m
479 1268 9 9 .

190 1290 223 45 Contains
440 1289 371 54 bibliographies.

119 1346 53 53 ©
207 1349 115 51 June
361 1347 60 50 16,
463 1346 127 52 1925;
629 1347 63 42 2c.
732 1346 87 43 and
855 1348 77 41 aff.
971 1348 115 51 June
1127 1347 74 52 19;
1241 1348 43 41 A
1321 1346 188 53 829767;
1551 1349 34 42 I.
1624 1349 59 42 K.
1723 1349 137 51 Hart,
1898 1349 212 52 Oswego,

189 1404 58 43 N.
279 1405 56 41 Y.
403 1402 273 56 (25-11494)

120 1490 270 72 Haynes,
428 1489 283 59 William
748 1489 254 72 Barber,
1043 1493 189 55 1881-

195 1582 206 56 Ducks
436 1583 124 55 and
589 1581 159 57 duck
780 1582 306 71 shooting,
1119 1578 83 75 by
1231 1581 279 57 William
1542 1583 242 56 Barber
1818 1582 260 73 Haynes;

117 1659 432 72 photographs
592 1660 80 70 by
716 1660 103 55 the
863 1659 243 56 author.
1194 1659 288 73 Chicago,
1527 1661 95 57 W.
1672 1659 64 59 C.
1782 1661 327 72 Hazelton,

120 1738 164 55 1924.

187 1813 25 43 6
242 1828 38 37 p.
331 1848 23 17 l.,
389 1812 76 44 160
497 1826 39 38 p.
596 1813 151 51 front.,
778 1813 155 51 plates.
993 1813 53 43 20½
1082 1816 45 17 cm
1135 1848 8 8 .

117 1868 53 53 ©
211 1870 109 42 Dec.
358 1870 68 50 20,
471 1870 128 51 1924;
641 1870 63 43 2c.
746 1870 114 51 June
897 1870 68 51 23,
1011 1868 129 53 1925;
1184 1870 78 43 aff.
1305 1871 114 51 June
1459 1871 77 51 22;
1582 1871 44 42 A
1668 1871 189 52 829814;
1903 1872 206 44 William

190 1926 187 43 Chester
411 1926 239 43 Hazelton.
720 1925 271 54 (25-11939)

121 2011 363 71 Heresford,
523 2011 231 71 Justin,
790 2012 79 73 jr.

186 2104 60 56 A
270 2103 367 73 bridgeman
664 2104 67 56 of
756 2103 104 57 the
888 2123 366 52 crossways,
1281 2106 80 70 by
1388 2105 218 57 Justin
1631 2105 373 73 Heresford,
2031 2106 77 73 jr.

184 2181 1717 75 … Boston, Mass., Marshall Jones company [ c 1925]
189 2258 579 53 3 p. l. , 9-290 p. 20 cm .
114 2314 56 53 ©
200 2316 105 43 Feb.
337 2317 37 50 9,
408 2314 128 53 1925;
570 2317 63 42 2c.
664 2316 112 51 Apr.
809 2317 50 51 3;
890 2317 78 41 aff.
1003 2316 118 43 Mar.
1153 2316 76 51 30;
1264 2318 42 40 A
1338 2315 188 53 822756;
1563 2317 223 43 Marshall
1818 2318 137 51 Jones
1987 2332 65 29 co.

195 2372 268 54 (25-12248)

119 2467 322 69 Hermant,
484 2465 174 71 Abel,
703 2467 187 56 1862-

262 2543 1749 73 … Le roman de Loup. Paris, E. Flammarion [ 1925]
185 2625 81 43 284
291 2636 40 37 p.
396 2624 49 44 19
452 2625 14 17 cm
504 2659 9 8 .

118 2675 53 53 ©
205 2678 111 51 May
353 2678 58 47 14,
450 2674 127 53 1925;
642 2691 34 27 1c.
711 2676 112 52 May
858 2677 74 50 18;
968 2674 301 54 A—Foreign
1301 2674 162 53 27688;
1501 2676 164 47 Ernest
1700 2675 321 47 Flammarion.

195 2732 269 55 (25-10912)

121 2818 183 71 Hoes,
338 2820 152 56 Mrs.
527 2817 160 57 Rose
733 2816 460 73 (Gouverneur)

196 2895 128 57 The
355 2899 308 53 costumes
696 2892 69 58 of
792 2894 105 57 the
927 2893 359 57 mistresses
1319 2893 68 58 of
1418 2894 102 58 the
1552 2894 210 58 White
1792 2897 218 58 House
2042 2917 70 38 as

120 2974 211 56 shown
369 2971 65 56 in
471 2971 104 57 the
613 2969 236 60 United
890 2969 212 59 States
1145 2970 298 58 National
1483 2990 300 53 museum,
1823 2974 81 71 by
1946 2975 166 57 Rose

120 3049 404 58 Gouverneur
552 3047 190 58 Hoes.
820 3048 77 57 2d
927 3047 92 57 ed.
1100 3046 438 73 Washington,
1568 3049 75 57 D.
1675 3049 85 73 C.,
1790 3050 166 60 1925.

190 3126 80 48 [67]
301 3141 41 38 p.
401 3123 118 45 illus.
583 3125 50 44 19½
667 3126 46 17 cm
720 3159 9 8 .

118 3181 53 54 ©
197 3184 116 52 June
335 3183 68 51 22,
434 3180 128 53 1925;
590 3182 65 43 2c.
683 3181 88 43 and
797 3181 78 43 aff.
904 3182 115 51 June
1047 3181 77 52 22;
1157 3180 44 43 A
1229 3180 187 53 829808;
1450 3183 51 42 R.
1535 3182 50 45 G.
1618 3184 139 51 Hoes,
1787 3185 320 54 Washington.

195 3239 270 55 (25-11730)

121 3327 290 70 Jasspon,
453 3322 185 58 Ethel
676 3322 186 58 Reed.

195 3405 217 57 Ritual
443 3405 121 56 and
596 3403 386 57 dramatized
1013 3403 303 67 folkways
1348 3404 104 56 for
1482 3423 112 38 use
1625 3404 66 57 in
1722 3425 196 55 camp,
1951 3409 155 71 club,

121 3482 295 72 religious
465 3481 327 71 assembly,
843 3480 353 57 settlement
1243 3482 122 56 and
1414 3481 223 71 school,
1684 3484 251 58 written
1985 3489 123 56 and

121 3562 273 69 adapted
438 3561 82 68 by
564 3558 187 57 Ethel
793 3558 170 57 Reed
1009 3557 280 71 Jasspon
1336 3559 122 56 and
1503 3559 288 59 Beatrice
1838 3563 267 71 Becker;

119 3639 353 56 illustrated
516 3637 83 70 by
642 3635 221 57 Albert
905 3636 72 55 R.
1023 3636 265 70 Thayer.
1373 3635 151 57 New
1564 3637 173 57 York
1801 3643 128 69 [etc.]
1976 3643 130 56 The

123 3716 273 71 Century
427 3734 84 38 co.
546 3743 12 42 [
559 3720 18 21 c
583 3713 163 72 1925]

190 3795 111 51 xvii,
330 3794 78 44 187
433 3807 41 37 p.
534 3791 116 45 illus.
677 3791 126 51 (incl.
831 3789 168 52 music)
1064 3792 54 41 22½
1152 3791 47 18 cm
1206 3825 10 10 .
1330 3789 124 52 $2.50

189 3850 262 52 “Complete
477 3848 76 45 list
578 3849 52 44 of
656 3846 169 45 music”
841 3863 10 29 :
877 3860 43 38 p.
944 3845 176 45 xi-xiii.

190 3905 222 53 “Helpful
437 3904 173 45 books”
627 3920 9 28 :
664 3916 40 38 p.
729 3902 93 45 xiv.

119 3960 53 53 ©
197 3963 114 50 June
341 3960 61 50 19,
433 3957 128 52 1925;
589 3959 64 41 2c.
680 3957 85 43 and
792 3957 78 43 aff.
897 3957 114 51 June
1037 3957 77 49 24;
1145 3957 43 40 A
1215 3955 189 52 829858;
1436 3957 197 54 Century
1661 3975 65 28 co.

197 4015 269 57 (25-11569)
