2533 4412
0 0 0 0 77
166 499 280 72 O’Brien,
483 498 275 57 Edward
791 496 238 72 Joseph
1063 492 410 72 Harrington,
1511 493 89 56 ed.

244 578 128 57 The
401 578 139 56 best
570 576 178 57 short
776 574 224 57 stories
1032 573 67 56 of
1128 573 166 69 1924,
1327 571 126 56 and
1479 570 104 56 the
1614 568 315 72 yearbook
1961 568 65 57 of
2056 567 103 57 the

165 655 335 57 American
537 653 179 57 short
750 655 193 68 story,
166 645 1968 158 Boston,
327 731 211 70 Small,
572 730 314 70 Maynard
917 728 48 56 &
997 747 85 37 co.
1121 727 181 73 [1925]

235 808 93 51 xvi,
359 806 80 44 367
471 821 39 37 p.
573 806 51 43 19½
659 808 14 17 cm
712 840 9 8 .

168 862 53 54 ©
247 864 99 52 Jan,
380 863 61 53 10,
474 860 128 54 1925;
632 862 66 43 2c.
727 862 86 43 and
841 861 79 43 aff.
949 859 106 44 Feb.
1082 858 50 52 2;
1165 858 44 43 A
1236 856 190 54 814866;
1462 855 154 53 Small,
1648 855 226 54 Maynard
1905 856 36 44 &
1970 870 80 37 co.,
2155 890 8 8 inc.

168 933 254 69 Parker,
462 931 364 73 Fitzgerald
864 931 161 70 Sale,
1068 930 188 57 1863-

246 1008 507 70 Provincetown;
804 1026 36 37 a
891 1010 176 68 story
1123 1004 132 72 (for
1301 1004 105 56 the
1451 1006 164 54 most
1662 1006 149 68 part
1858 1005 169 68 true)
2085 1003 77 70 by

169 1079 1994 80 Fitzgerald Sale Parker … Nashville, Tenn., Cokesbury
169 1183 199 54 press,
401 1165 164 55 1924.

252 1244 77 43 144
357 1258 40 38 p.
461 1243 50 43 19½
545 1244 46 18 cm
598 1276 8 8 .

171 1297 53 54 ©
260 1299 107 42 Dec.
400 1298 65 52 20,
504 1291 128 57 1924;
667 1297 65 43 2c.
766 1298 87 42 and
886 1297 78 42 aff.
999 1297 99 51 Jan.
1137 1295 61 52 12,
1237 1292 130 54 1925;
1403 1295 43 41 A
1480 1293 189 52 814732;
1707 1293 168 43 Lamar
1909 1293 37 44 &
1983 1294 186 50 Barton,

242 1353 253 53 Nashville,
522 1353 141 44 Tenn.
733 1351 243 55 (25-3198)

172 1439 229 72 Payne,
438 1438 215 57 Enoch
684 1437 257 73 George.

315 1514 1750 73 … We and our health, book II,
173 1591 1997 74 Illustrated by Mabel Latham Jones … New York, The
172 1671 336 57 American
538 1670 340 71 viewpoint
912 1669 253 72 society,
1199 1669 135 72 inc.,
1371 1670 164 55 1924.

243 1748 59 51 vi,
335 1748 68 52 [2],
433 1748 134 42 9-133
601 1761 37 37 p.
698 1747 82 43 col.
813 1746 152 51 front.,
996 1746 115 43 illus.
1140 1746 124 53 (part
1295 1744 109 54 col.)
1470 1745 53 43 23½
1561 1747 46 17 cm
1614 1779 9 10 .

174 1801 54 54 ©
253 1803 109 44 Dec.
391 1804 63 51 10,
483 1802 128 53 1924;
635 1803 65 42 2c.
727 1804 87 42 and
838 1803 78 42 aff.
943 1804 99 51 Jan.
1074 1802 59 50 16,
1166 1801 128 53 1925;
1323 1802 44 42 A
1395 1800 189 53 814764;
1612 1802 158 42 Amer.
1796 1801 244 52 viewpoint
2067 1816 104 35 soc.,

245 1859 83 44 inc.

175 1944 286 73 Phillips,
503 1944 169 57 John
707 1943 240 71 Albert,
991 1945 189 56 1869-

256 2021 1919 76 Papal paganism, by J. A. Phillips … Nashville, Tenn.,
182 2102 363 72 Cokesbury
571 2119 202 54 press,
804 2102 164 58 1924.

247 2182 81 43 223
356 2197 39 36 p.
459 2182 49 44 19½
542 2183 47 17 cm
596 2216 8 9 .

175 2233 57 54 ©
268 2236 108 41 Dec.
410 2235 38 48 2,
488 2234 129 51 1924;
654 2234 64 43 2c.
754 2234 87 42 and
876 2233 78 42 aff.
989 2234 101 51 Jan.
1130 2233 64 51 12,
1233 2230 131 55 1925;
1404 2233 44 42 A
1483 2231 189 53 814731;
1713 2233 168 47 Lamar
1917 2233 37 44 &
1992 2233 185 52 Barton,

251 2290 253 52 Nashville,
529 2289 143 43 Tenn.
742 2287 241 55 (25-3239)

181 2360 362 56 Protestant
576 2357 341 73 Episcopal
947 2357 236 58 church
1210 2356 69 59 in
1309 2358 104 56 the
1447 2358 75 58 U.
1559 2359 63 57 S.
1654 2358 76 57 A.
1803 2358 181 60 Joint
256 2379 1897 115 commission
545 2456 78 38 on
652 2437 100 56 the
777 2437 176 56 Book
985 2437 68 72 of
1080 2454 279 39 common
1386 2455 247 53 prayer.

259 2515 243 57 Fourth
533 2517 220 68 report
781 2515 70 56 of
880 2515 104 56 the
1016 2513 179 59 Joint
1228 2514 397 57 commission
1659 2534 78 37 on
1770 2514 103 57 the
1906 2514 175 57 Book
2113 2514 67 57 of

183 2611 277 40 common
491 2611 252 53 prayer,
779 2591 341 73 appointed
1151 2592 82 72 by
1265 2591 104 59 the
1403 2591 270 59 General
1708 2592 371 66 contention
2115 2593 66 57 of

184 2673 164 55 1913.
425 2671 152 56 New
607 2670 190 71 York,
834 2670 129 56 The
997 2669 359 58 Macmillan
1393 2688 322 53 company,
1751 2672 165 55 1925.

256 2745 608 54 1 p. l., 5-116 p. 19½ cm .
184 2801 53 54 ©
265 2804 98 51 Jan.
392 2804 65 49 20,
491 2801 129 54 1925;
651 2803 63 43 2c.
745 2804 87 42 and
862 2803 78 43 aff.
970 2803 99 52 Jan.
1097 2803 77 52 21;
1207 2803 44 42 A
1280 2800 190 53 814714;
1502 2802 118 53 John
1651 2804 74 43 W.
1759 2802 150 54 Suter,
1941 2803 183 44 Boston.

264 2857 242 56 (25-3858)

185 2929 288 73 Pugsley,
514 2928 280 59 Richard
830 2930 349 70 Marriotte,
1223 2932 358 56 1866-1918.

261 3005 334 73 Pugsley’s
634 3005 247 58 revised
920 3006 185 71 guide
1141 3008 64 55 to
1242 3006 104 57 the
1380 3006 235 57 United
1653 3006 211 58 States
1901 3008 158 56 local
187 3008 1972 146 inspectors

514 3083 422 57 examination
982 3084 103 56 for
1126 3086 271 54 masters
1445 3085 123 55 and
1610 3087 201 54 mates
1857 3085 67 56 of
187 3103 1971 132 ocean-going
418 3164 196 55 steam
659 3162 124 57 and
827 3162 228 72 sailing
1094 3161 256 73 vessels,

1397 3162 362 74 containing
1802 3178 36 42 a
1882 3163 302 71 complete

185 3231 107 66 list
326 3241 67 55 of
427 3240 422 57 examination
881 3240 321 72 questions
1237 3241 123 56 and
1393 3240 315 71 problems
1741 3241 151 57 with
1926 3241 120 57 full
190 3261 1970 114 answers

420 3319 122 56 and
580 3318 323 72 solutions,
940 3318 411 57 instructions
1389 3318 64 55 in
1490 3320 230 71 regard
1757 3322 64 54 to
1861 3319 325 73 obtaining

187 3395 245 73 license,
470 3396 165 57 rules
672 3396 346 72 governing
1055 3395 474 73 examinations,
1565 3396 169 58 rules
1769 3396 68 57 of
1871 3397 105 58 the
2011 3399 172 70 road,

190 3472 1997 155 pilot rules, law of storms, and much other useful information, by Captain R. M. Pugsley … Rev. and enl., with
194 3628 1995 150 a complete simplified treatise on modern methods of navigation … by Commander Theodore Nelson … New York
194 3784 143 73 city,
365 3785 337 71 Pugsley’s
728 3784 276 57 nautical
1030 3803 200 54 press,
1259 3792 18 22 c
1281 3785 164 56 1925.

271 3864 91 51 134,
397 3861 77 46 170
506 3878 39 37 p.
605 3863 166 52 diagrs.
836 3865 48 42 19
892 3866 45 17 cm
945 3898 9 7 .

271 3919 123 44 First
419 3919 233 52 published
680 3920 140 42 under
848 3920 122 43 title:
1001 3916 99 47 The
1127 3918 123 54 pilot.

197 3972 53 54 ©
284 3975 98 51 Jan.
420 3974 62 52 16,
520 3972 128 54 1925;
683 3976 64 42 2c.
784 3976 85 42 and
903 3975 78 42 aff.
1016 3976 98 51 Jan.
1150 3975 77 51 23;
1265 3974 44 42 A
1343 3972 189 55 814756;
1571 3974 240 46 Theodore
1849 3975 187 54 Nelson,
2074 3977 117 43 New

268 4031 140 42 York.
473 4028 66 55 [©
567 4045 99 28 new
695 4036 163 37 matter
886 4031 86 42 and
1000 4046 98 28 new
1127 4037 332 46 arrangement]
1529 4030 242 56 (25-2906)
