2533 4412
1028 4072 109 56 387

162 529 1106 54 4 p. l., 264 p. front., plates, ports. 2l½ cm .
164 589 150 42 “First
343 587 207 44 edition.”

94 643 52 53 ©
181 646 111 50 Apr.
327 646 37 50 3,
403 643 128 52 1925;
569 644 64 43 2c.
669 645 111 51 Apr.
816 644 50 51 4;
904 643 78 43 aff.
1018 643 111 51 Apr.
1165 642 50 52 6;
1252 643 44 42 A
1333 641 160 44 822771;
1562 640 51 45 G.
1652 644 65 41 M.
1757 640 170 54 Cohan,
1964 642 117 44 New

161 702 141 42 York.
372 699 242 54 (25-8244)

93 786 256 71 Cooper,
385 783 248 58 Merian
669 785 63 56 C.

169 876 214 72 Grass,
432 875 82 70 by
563 874 245 57 Merian
861 874 64 59 C.
982 872 275 74 Cooper;
1310 872 317 58 foreword
1676 874 83 70 by
1807 872 275 59 William

94 955 229 68 Beebe;
352 953 149 57 with
531 952 342 71 sixty-four
899 951 420 59 illustrations
1348 952 166 56 from
1541 950 434 73 photographs
2004 954 78 69 by

95 1033 230 55 Ernest
375 1031 349 57 Beaumont
776 1030 406 57 Schoedsack.
1286 1030 150 57 New
1485 1029 174 57 York
1709 1029 47 58 &
1805 1029 278 70 London,

94 1109 67 58 G.
194 1110 67 56 P.
292 1108 331 57 Putnam’s
657 1125 164 53 sons,
853 1107 166 58 1925.

231 1220 8 16 xx,
267 1186 81 43 362
376 1200 40 37 p.
446 1184 75 42 incl.
579 1184 157 52 plates,
765 1190 156 46 ports.,
951 1196 118 39 map,
1099 1181 179 45 facsim.
1341 1183 143 44 front.
1544 1185 46 41 21
1604 1186 15 17 cm
1657 1218 8 9 .

161 1240 316 54 Frontispiece
505 1239 327 54 accompanied
865 1242 57 51 by
954 1240 94 43 leaf
1079 1239 110 44 with
1220 1239 278 55 descriptive
1527 1240 278 54 letterpress.

161 1299 247 43 “Presents
438 1297 75 44 the
543 1296 249 54 migration
822 1296 53 44 of
906 1297 77 43 the
1014 1296 219 53 Baktyari
1263 1296 118 45 tribe
1410 1311 157 30 across
1597 1296 189 44 terrible
1817 1295 267 46 mountains

91 1354 89 44 and
208 1354 183 54 ghastly
419 1353 145 44 rivers
596 1353 53 44 of
682 1349 530 47 Persia.”—Foreword.

92 1407 1986 58 © Mar. 30, 1926; 2c. and aff. Apr. 4; A 823621; M. C. Cooper, ℅ G. P.
162 1468 230 44 Putnam’s
424 1483 118 37 sons,
574 1468 118 43 New
722 1467 143 43 York.
935 1466 243 55 (25-8071)

92 1552 340 70 Cronbach,
465 1551 339 71 Abraham,
841 1554 188 56 1882-

165 1647 276 70 Prayers
470 1645 66 58 of
563 1646 106 56 the
691 1642 238 60 Jewish
958 1646 293 71 advance,
1277 1646 83 72 by
1385 1645 325 58 Abraham
1740 1644 342 60 Cronbach.

91 1725 149 57 New
277 1724 189 72 York,
505 1723 73 56 N.
613 1722 94 71 Y.,
741 1722 194 58 Bloch
968 1722 365 74 publishing
1367 1741 322 54 company,
1729 1724 164 56 1924.

159 1803 74 51 vii,
269 1800 76 47 135
374 1817 38 37 p.
473 1803 51 42 21
533 1803 47 17 cm
587 1839 8 8 .

420 1857 265 52 CONTENTS.—Prayers
717 1857 51 44 of
797 1857 73 44 the
897 1854 173 55 Jewish
1097 1856 368 46 advance.—The
1494 1857 319 47 confirmation
1843 1860 241 44 service.—

89 1916 349 45 Miscellaneous
469 1929 199 37 prayers.

91 1970 52 53 ©
172 1972 99 51 Jan.
298 1970 67 51 26,
396 1968 131 53 1925;
555 1970 64 41 2c.
649 1969 118 42 Mar.
797 1969 76 50 31;
904 1968 79 42 aff.
1012 1968 112 51 Apr.
1151 1968 51 51 4;
1232 1968 43 41 A
1306 1967 188 53 822778;
1527 1968 142 44 Bloch
1698 1969 99 53 pub.
1829 1985 81 37 co.,
1941 1971 82 44 inc.

169 2026 241 56 (25-8226)

90 2112 155 71 Day,
283 2110 188 69 Clive,
509 2113 188 56 1871-

166 2189 268 71 History
478 2188 66 57 of
587 2206 336 38 commerce
969 2188 67 57 of
1079 2187 103 56 the
1225 2187 238 58 United
1508 2187 231 71 States,
1782 2190 85 72 by
1912 2189 173 60 Clive

92 2264 1991 76 Day … New York [etc.] Longmans, Green and co., 1925.
158 2344 58 48 vi,
244 2344 81 43 394
353 2358 39 37 p.
453 2343 113 43 illus.
594 2342 98 53 (incl.
751 2341 151 53 maps)
941 2343 141 51 diagr.
1146 2342 51 42 19½
1231 2344 46 17 cm
1283 2377 8 8 .

161 2399 327 45 “References”
518 2408 44 35 at
590 2414 52 29 end
702 2399 52 44 of
783 2399 106 43 each
920 2398 196 53 chapter.

92 2455 52 53 ©
174 2458 118 42 Mar.
320 2457 67 50 21,
420 2455 128 53 1925;
580 2456 64 43 2c.
675 2456 87 42 and
789 2456 79 42 aff.
898 2456 111 51 Apr.
1040 2455 49 52 4;
1121 2457 43 41 A
1194 2455 189 52 823613;
1416 2456 271 53 Longmans,
1721 2455 147 46 Green
1897 2459 87 43 and
2014 2472 65 29 co.

168 2512 241 55 (25-8064)

89 2597 345 69 Delamare,
475 2596 289 74 Georges.

234 2682 1845 73 … Les voleurs d’âmes … Paris, Éditions de La vraie
91 2761 258 70 France,
377 2759 164 58 1925.

158 2834 1920 63 3 p. l., [9]-215 p., 2 l. 19 cm . (On cover: Éditions de La vraie France.
93 2900 74 53 12)

162 2956 61 43 At
246 2955 119 44 head
389 2955 51 43 of
466 2954 96 44 title
580 2970 9 27 :
619 2952 181 55 George
827 2954 258 45 Delamare.

88 3010 1650 55 © Feb. 20, 1925; 1c. Apr. 2; A—Foreign 27241; Dunod, Paris.
169 3066 241 56 (25-9433)

90 3152 153 73 Eby,
279 3151 355 75 Frederick,
671 3155 189 57 1874-

167 3234 128 56 The
332 3234 431 70 development
800 3236 65 55 of
901 3234 328 59 education
1265 3235 64 56 in
1367 3237 222 67 Texas,
1624 3236 83 72 by
1742 3235 337 59 Frederick

91 3310 1987 74 Eby … with an introduction by William Seneca Suttou
157 3387 1540 75 … New York, The Macmillan company, 1925.
223 3500 10 16 xv,
259 3465 82 44 354
363 3480 41 39 p.
461 3466 151 44 20½cm.

159 3521 291 44 “Additional
477 3522 239 53 readings”
741 3530 46 36 at
815 3525 84 42 end
925 3524 52 44 of
1000 3533 119 35 most
1148 3524 52 43 of
1224 3524 77 44 the
1325 3525 220 50 chapters.

91 3574 53 54 ©
171 3577 117 42 Mar.
315 3578 66 48 31,
411 3576 102 44 1925;
567 3577 63 43 2c.
658 3578 86 43 and
769 3578 78 42 aff.
875 3579 111 50 Apr.
1017 3579 17 40 1;
1091 3579 43 41 A
1162 3576 158 44 822701;
1381 3579 265 44 Macmillan
1673 3594 64 29 co.

169 3631 242 55 (25-8443)

90 3713 224 72 Filfus,
348 3714 352 59 Nathaniel.

163 3791 441 73 Bookkeeping
658 3794 122 56 and
833 3794 386 72 accounting,
1274 3795 381 73 elementary
1708 3817 235 52 course,
1994 3800 84 70 by

90 3869 1989 65 Nathaniel Filfus … and Nathaniel Robinson … New
90 3947 187 72 York,
309 3947 243 58 Oxford
576 3948 159 56 book
762 3966 304 55 company
1094 3948 201 74 [c1925]
