2533 4412
1072 4004 151 56 1659

162 371 472 71 Feild-Palmer,
676 370 257 59 Harold.

236 463 229 71 Living
506 462 296 71 pictures,
891 462 127 57 The
1067 460 247 59 Church
1357 462 67 56 of
1468 463 103 57 the
1616 462 199 72 living
1856 461 296 59 Messiah.

159 540 258 71 Boston,
450 540 128 57 The
613 539 415 71 Christopher
1054 539 365 73 publishing
1444 539 214 73 house,
1692 541 164 56 1925.

227 627 332 52 31 p. 20 ½ cm .
158 695 52 54 ©
247 698 108 43 Dec.
397 696 62 53 15,
500 695 129 53 1925;
666 697 62 42 2c.
768 697 110 42 Dec.
912 696 77 51 30;
1028 696 78 42 aff.
1145 696 107 43 Dec.
1290 696 49 43 31;
1407 697 44 42 A
1490 694 188 54 875656;
1721 695 296 53 Christopher
2053 694 101 54 pub.

227 753 153 44 house.

159 851 357 74 Feuillerat,
553 850 238 71 Albert,
833 854 189 57 1874-

157 941 1998 153 French life & ideals, by Albert Feuillerat … translated by Vera Barbour. New Haven, Yale university
157 1117 178 55 press;
398 1102 149 69 [etc.,
575 1101 110 54 etc.]
732 1098 165 56 1925.

224 1187 513 53 5 p. l., 214 p. 24 cm .
226 1256 140 48 “This
395 1256 180 47 volume
604 1257 36 45 is
671 1258 140 44 based
839 1271 121 37 upon
991 1257 77 44 the
1097 1257 138 46 series
1264 1259 52 42 of
1349 1256 193 46 lectures
1571 1257 229 47 delivered
1829 1266 46 38 at
1907 1258 114 45 Yale
155 1257 1974 109 university
350 1330 60 29 on
436 1314 76 45 the
542 1307 218 58 Bromley

786 1313 273 44 foundation
1086 1313 167 52 during
1278 1315 76 44 the
1381 1313 253 53 university
1657 1329 122 37 year,
1810 1315 286 46 1919-1920.”

226 1370 125 47 “The
381 1379 196 54 present,
593 1369 183 46 volume
807 1370 39 45 is
876 1370 76 44 the
984 1369 106 45 fifth
1123 1370 134 44 work
1285 1369 240 52 published
1554 1372 60 51 by
1644 1372 76 44 the
1751 1371 116 46 Yale
1898 1372 255 53 university

155 1441 125 39 press
307 1443 60 30 on
392 1426 75 47 the
493 1424 149 55 Philip
670 1424 242 49 Hamilton
940 1423 248 48 McMillan
1212 1425 235 47 memorial
1474 1427 275 52 publication
1780 1428 156 47 fund.”

155 1493 52 54 ©
235 1496 119 43 Nov.
379 1495 67 51 27,
478 1493 128 54 1925;
634 1495 64 42 2c.
728 1495 107 42 Dec.
863 1494 50 52 2;
944 1495 77 43 aff.
1050 1494 119 43 Nov.
1197 1495 77 51 30;
1304 1495 44 42 A
1374 1494 189 54 875506;
1593 1496 116 44 Yale
1735 1496 248 54 university
2013 1511 140 39 press.

233 1550 242 56 (26-1032)

156 1649 277 72 Guthrie,
471 1650 291 57 Kenneth
798 1648 255 73 Sylvan,
1093 1652 190 56 1871-

231 1745 128 56 The
407 1741 299 59 Mithraic
750 1741 334 73 mysteries
1134 1745 287 57 restored
1468 1745 124 57 and
1638 1743 399 60 modernized;
2116 1767 36 38 a

154 1823 218 57 drama
410 1822 68 57 of
514 1819 264 58 interior
813 1818 339 73 initiation,
1191 1818 356 75 employing
1584 1821 85 58 all
1703 1823 104 57 the
1845 1822 306 59 available

154 1900 148 59 data
346 1900 123 57 and
513 1898 313 58 survivals
872 1898 81 56 of
980 1898 104 57 the
1124 1896 264 59 historic
1427 1898 496 59 Persio-Roman
153 1900 1974 147 Mithraics,

400 1976 374 71 embodying
834 1976 285 57 versions
1185 1974 67 57 of
1314 1973 409 60 Zoroastrian
1787 1977 364 73 scriptures,

154 2052 353 74 combining
540 2054 103 58 the
683 2050 298 75 religions
1022 2054 65 56 of
1127 2055 85 56 all
1247 2073 175 38 races
1461 2056 124 57 and
1621 2052 202 74 times,
1859 2056 152 59 with
2047 2057 103 57 the

152 2133 135 58 best
330 2134 67 56 of
431 2134 261 56 modern
734 2129 295 73 spiritual
1066 2131 284 71 thought,
1392 2132 150 57 with
1585 2132 419 72 experiments
2046 2135 103 58 for

154 2230 188 51 every
390 2211 125 69 day
563 2210 67 56 of
680 2209 104 57 the
831 2226 170 53 year.
1086 2208 99 70 By
1232 2207 296 58 Kenneth
1579 2209 237 71 Sylvan
1868 2209 280 60 Guthrie.

153 2287 303 71 Yonkers,
487 2286 74 56 N.
592 2285 94 71 Y.,
715 2284 316 58 Platonist
1059 2303 180 54 press
1275 2285 201 73 [c1925]

221 2374 1049 55 3 p. l., 5-214, [2] p. front., port. 19½cm .
152 2443 52 54 ©
231 2446 109 42 Dec.
365 2444 67 52 28,
462 2441 102 46 1925;
618 2443 66 43 2c.
712 2443 108 43 Dec.
836 2442 55 43 28;
945 2443 78 43 aff.
1043 2443 110 42 Dec.
1172 2442 52 44 30;
1277 2443 44 42 A
1339 2442 165 45 879052;
1559 2444 59 44 K.
1640 2442 44 48 S.
1704 2444 205 54 Guthrie,
1926 2446 224 53 Yonkers,

223 2502 58 43 N.
314 2502 55 42 Y.
438 2499 241 56 (26-1042)

155 2598 370 73 Hammond,
563 2597 234 60 Victor.

227 2690 239 57 Freaks
518 2690 124 57 and
689 2688 260 72 fancies,
998 2689 83 72 by
1128 2688 219 59 Victor
1397 2689 373 59 Hammond.
1853 2691 151 59 Rev.
2059 2694 92 57 ed.

154 2768 337 73 [Marietta,
526 2767 88 72 O.,
650 2768 164 72 1925]

225 2856 549 56 1 p. l., 106 p. 19½cm .
223 2930 176 44 Poems.

152 2985 53 53 ©
230 2988 108 42 Dec.
368 2987 63 51 19,
458 2985 104 44 1925;
613 2985 65 44 2c.
704 2985 87 43 and
815 2985 78 43 aff.
919 2985 108 42 Dec.
1051 2984 51 42 21;
1158 2984 44 42 A
1223 2983 164 46 872933;
1442 2984 56 43 V.
1526 2985 276 52 Hammond,
1832 2986 230 51 Marietta,
2093 2988 55 44 O.

231 3041 242 56 (26-1205)

154 3141 173 73 Holz,
361 3140 192 73 Arno,
593 3143 189 57 1863-

152 3231 1975 153 … In meine dachkammer. Berlin, J. H. W. Dietz nachfolger, 1925.
220 3390 95 50 241,
346 3392 52 44 [1]
430 3403 39 37 p.
528 3389 52 42 23
607 3390 27 16 cm
642 3423 7 7 .
720 3387 187 53 (Added
936 3395 28 36 t.
969 3395 85 46 -p.:
1087 3386 136 51 Holz,
1251 3387 56 42 A.
1370 3386 281 54 Phantasus)

223 3447 52 42 In
312 3446 75 43 the
422 3445 199 44 author’s
657 3444 214 44 collected
906 3444 152 43 works
1104 3443 195 54 (Berlin,
1338 3443 133 43 Dietz
1525 3444 135 44 1924-
1778 3443 18 54 )
1843 3443 85 45 vol.
2028 3477 9 17 IX,
2078 3443 74 45 the

154 3504 162 42 second
346 3503 119 52 piece
496 3503 44 42 in
567 3503 76 42 the
672 3502 123 43 third
824 3508 100 46 part
952 3500 51 44 of
1029 3500 75 44 the
1132 3500 138 43 series
1300 3500 189 44 entitled:
1548 3500 269 45 Phantasus.

153 3556 1972 113 © Oct. 25, 1925; 1c. Dec. 16; A—Foreign 29653; J. H. W. Dietz nachfolger. (26-3810)
154 3716 252 72 Jepson,
445 3713 209 60 Willis
691 3712 179 73 Linn,
910 3715 190 56 1867-

228 3806 59 56 A
332 3806 253 56 manual
635 3805 66 57 of
748 3804 102 57 the
900 3803 320 72 flowering
1266 3802 211 72 plants
1529 3804 68 57 of
1648 3802 371 73 California,
2067 3806 83 70 by

152 3880 1999 74 Willis Linn Jepson … illustrated with 1023 original
