<alto xmlns="http://www.loc.gov/standards/alto/ns-v3#" xmlns:xlink="http://www.w3.org/1999/xlink" xmlns:xsi="http://www.w3.org/2001/XMLSchema-instance" xsi:schemaLocation="http://www.loc.gov/standards/alto/ns-v3# http://www.loc.gov/alto/v3/alto-3-0.xsd"><Description>
<MeasurementUnit>pixel</MeasurementUnit>
<sourceImageInformation>
<fileName>1925_v22_Part001.pdf</fileName>
</sourceImageInformation>
<OCRProcessing ID="IdOcr">
<ocrProcessingStep>
<processingDateTime>2019-04-03</processingDateTime>
<processingSoftware>
<softwareCreator>ABBYY</softwareCreator>
<softwareName>ABBYY Recognition Server</softwareName>
<softwareVersion>4.0</softwareVersion>
</processingSoftware>
</ocrProcessingStep>
</OCRProcessing>
</Description>
<Styles>
<ParagraphStyle ID="StyleId-FFFFFFFF-FFFF-FFFF-FFFF-FFFFFFFFFFFF-" ALIGN="Left" LEFT="0." RIGHT="0." FIRSTLINE="0."/>
<ParagraphStyle ID="StyleId-2E5B4E57-07AD-4719-97CB-14521F7F4F8A-" ALIGN="Left" LEFT="0." RIGHT="0." FIRSTLINE="0." LINESPACE="8.899999619"/>
<ParagraphStyle ID="StyleId-62A6F688-D6E3-4EFC-837B-4A4C4EB582B7-" ALIGN="Center" LEFT="0." RIGHT="0." FIRSTLINE="0." LINESPACE="12.19999981"/>
<ParagraphStyle ID="StyleId-21B71EBC-BDB5-4E16-A8F2-58189A39665B-" ALIGN="Block" LEFT="0." RIGHT="0." FIRSTLINE="-13." LINESPACE="11.35000038"/>
<ParagraphStyle ID="StyleId-1E1A68C4-DD4F-417A-A13D-7FEC29ECB499-" ALIGN="Block" LEFT="0." RIGHT="0." FIRSTLINE="-15." LINESPACE="13.30000019"/>
<ParagraphStyle ID="StyleId-6B39EC51-644D-4E90-AF07-84EF2B1E466A-" ALIGN="Block" LEFT="0." RIGHT="0." FIRSTLINE="-15." LINESPACE="8.340000153"/>
<ParagraphStyle ID="StyleId-2C1BA15F-E223-41D6-853D-AAFBDAC17E68-" ALIGN="Center" LEFT="0." RIGHT="0." FIRSTLINE="0." LINESPACE="13."/>
<ParagraphStyle ID="StyleId-A3B2CDF3-43F0-422C-90A0-E074BFEC3BC0-" ALIGN="Block" LEFT="0." RIGHT="0." FIRSTLINE="0." LINESPACE="8.899999619"/>
<ParagraphStyle ID="StyleId-28AB2493-EA15-49C1-A6AC-ED5BC404F0B9-" ALIGN="Center" LEFT="0." RIGHT="0." FIRSTLINE="0." LINESPACE="12.19999981"/>
<ParagraphStyle ID="StyleId-4417A6D4-97E2-4EFC-962D-7FBC0D5273E4-" ALIGN="Left" LEFT="0." RIGHT="0." FIRSTLINE="15." LINESPACE="8.340000153"/>
<ParagraphStyle ID="StyleId-D4EF9C5E-3110-4A39-B7BC-3D84E0F04894-" ALIGN="Center" LEFT="0." RIGHT="0." FIRSTLINE="0." LINESPACE="13.30000019"/>
<ParagraphStyle ID="StyleId-D1243F31-1201-4D92-8F69-43ADB01E9AD1-" ALIGN="Left" LEFT="0." RIGHT="0." FIRSTLINE="-13." LINESPACE="13.30000019"/>
<ParagraphStyle ID="StyleId-C65417C6-23F2-4D8F-BA55-ECE73D98CAB9-" ALIGN="Left" LEFT="0." RIGHT="0." FIRSTLINE="0." LINESPACE="8.899999619"/>
<ParagraphStyle ID="StyleId-835763C1-08DD-41BE-8BAD-8E41EA88DAE3-" ALIGN="Center" LEFT="0." RIGHT="0." FIRSTLINE="0." LINESPACE="11.10000038"/>
<ParagraphStyle ID="StyleId-78FD6B81-8F83-422D-8DF4-4274EAFD19C6-" ALIGN="Block" LEFT="0." RIGHT="0." FIRSTLINE="-17." LINESPACE="12.19999981"/>
<ParagraphStyle ID="StyleId-F506BC7F-570D-458B-9F05-A143E1F5FD17-" ALIGN="Block" LEFT="0." RIGHT="0." FIRSTLINE="-17." LINESPACE="11.35000038"/>
<ParagraphStyle ID="StyleId-CBE02C6B-22D0-48C6-A874-7E90A22F4375-" ALIGN="Center" LEFT="0." RIGHT="0." FIRSTLINE="0." LINESPACE="4.400000095"/>
<ParagraphStyle ID="StyleId-14CC0121-63AF-4AB4-9656-E02F46C61AF2-" ALIGN="Left" LEFT="0." RIGHT="0." FIRSTLINE="0." LINESPACE="8.899999619"/>
<ParagraphStyle ID="StyleId-DD64CECB-1B22-4BFF-84F0-DFDE2B0000F8-" ALIGN="Left" LEFT="0." RIGHT="0." FIRSTLINE="0." LINESPACE="12.19999981"/>
<ParagraphStyle ID="StyleId-8AEF4AA8-141A-4E5D-9C3E-C0F9F43C742F-" ALIGN="Left" LEFT="0." RIGHT="0." FIRSTLINE="0." LINESPACE="8.300000191"/>
<ParagraphStyle ID="StyleId-8C396D2A-39C0-48AB-BABA-2679D8AB257E-" ALIGN="Left" LEFT="0." RIGHT="0." FIRSTLINE="0." LINESPACE="11.10000038"/>
<ParagraphStyle ID="StyleId-3B7FE50F-10D4-487F-BDCD-FD26EB60FD4A-" ALIGN="Block" LEFT="0." RIGHT="0." FIRSTLINE="13." LINESPACE="8.340000153"/>
<ParagraphStyle ID="StyleId-8CC5CC8E-615B-4C42-BB46-DB28FA355C27-" ALIGN="Left" LEFT="0." RIGHT="0." FIRSTLINE="0." LINESPACE="12.19999981"/>
<ParagraphStyle ID="StyleId-BC67E79D-8D99-4188-8B35-A59DBB7E2BB0-" ALIGN="Block" LEFT="0." RIGHT="0." FIRSTLINE="11." LINESPACE="9.399999619"/>
</Styles>
<Layout>
<Page ID="Page432" PHYSICAL_IMG_NR="432" HEIGHT="4412" WIDTH="2533">
<TopMargin HEIGHT="468" WIDTH="2533" VPOS="0" HPOS="0">
</TopMargin>
<LeftMargin HEIGHT="3722" WIDTH="356" VPOS="468" HPOS="0">
</LeftMargin>
<RightMargin HEIGHT="3722" WIDTH="143" VPOS="468" HPOS="2390">
</RightMargin>
<BottomMargin HEIGHT="222" WIDTH="2533" VPOS="4190" HPOS="0">
</BottomMargin>
<PrintSpace HEIGHT="3722" WIDTH="2034" VPOS="468" HPOS="356">
<TextBlock ID="Page432_Block1" HEIGHT="3722" WIDTH="2034" VPOS="468" HPOS="356" CS="1" STYLEREFS="StyleId-4232A9F2-06BD-48A6-86C9-0AE99B540A2A-">
<TextLine HEIGHT="0" WIDTH="0" VPOS="0" HPOS="0" STYLEREFS="StyleId-2692C1E8-6C50-4CEF-9179-97A0EAB16CCB-" LANG="en-US" CS="1">
<String CS="1" CONTENT="432"/>
</TextLine>
<TextLine HEIGHT="75" WIDTH="954" VPOS="478" HPOS="370" STYLEREFS="StyleId-2692C1E8-6C50-4CEF-9179-97A0EAB16CCB-">
<String LANG="fr" CONTENT="Vivian," HEIGHT="73" WIDTH="250" VPOS="479" HPOS="370"/>
<SP HEIGHT="72" WIDTH="40" VPOS="480" HPOS="621"/>
<String LANG="de" CONTENT="Evelyn" HEIGHT="73" WIDTH="244" VPOS="480" HPOS="662"/>
<SP HEIGHT="58" WIDTH="38" VPOS="480" HPOS="907"/>
<String LANG="fr" CONTENT="Charles" HEIGHT="60" WIDTH="258" VPOS="478" HPOS="946"/>
<SP HEIGHT="58" WIDTH="40" VPOS="479" HPOS="1205"/>
<String LANG="fr" CONTENT="H." HEIGHT="58" WIDTH="78" VPOS="479" HPOS="1246"/>
</TextLine>
<TextLine HEIGHT="152" WIDTH="1977" VPOS="572" HPOS="372" STYLEREFS="StyleId-16636359-72EB-4F3A-BE91-CD2B382049D6-" CS="1">
<String LANG="en-US" CONTENT="Star" HEIGHT="58" WIDTH="153" VPOS="573" HPOS="450"/>
<SP HEIGHT="58" WIDTH="27" VPOS="572" HPOS="604"/>
<String LANG="en-US" CONTENT="dust," HEIGHT="73" WIDTH="164" VPOS="572" HPOS="632"/>
<SP HEIGHT="71" WIDTH="31" VPOS="574" HPOS="797"/>
<String LANG="en-US" CONTENT="by" HEIGHT="71" WIDTH="83" VPOS="574" HPOS="829"/>
<SP HEIGHT="73" WIDTH="28" VPOS="572" HPOS="913"/>
<String LANG="fr" CONTENT="E." HEIGHT="57" WIDTH="72" VPOS="572" HPOS="942"/>
<SP HEIGHT="59" WIDTH="36" VPOS="572" HPOS="1015"/>
<String LANG="fr" CONTENT="Charles" HEIGHT="59" WIDTH="261" VPOS="572" HPOS="1052"/>
<SP HEIGHT="57" WIDTH="29" VPOS="572" HPOS="1314"/>
<String LANG="fr" CONTENT="Vivian" HEIGHT="57" WIDTH="234" VPOS="572" HPOS="1344"/>
<SP HEIGHT="39" WIDTH="36" VPOS="592" HPOS="1579"/>
<String LANG="fr" CS="1" CONTENT="&#8230;"/>
<SP HEIGHT="59" WIDTH="76" VPOS="572" HPOS="1679"/>
<String LANG="fr" CONTENT="London," HEIGHT="73" WIDTH="278" VPOS="572" HPOS="1756"/>
<SP HEIGHT="73" WIDTH="33" VPOS="572" HPOS="2035"/>
<String LANG="en-US" CONTENT="Hutchinson" HEIGHT="137" WIDTH="1977" VPOS="572" HPOS="372"/>
<SP HEIGHT="37" WIDTH="28" VPOS="670" HPOS="485"/>
<String LANG="fr" CONTENT="and" HEIGHT="56" WIDTH="126" VPOS="652" HPOS="514"/>
<SP HEIGHT="56" WIDTH="27" VPOS="652" HPOS="641"/>
<String LANG="fr" CONTENT="co." HEIGHT="38" WIDTH="85" VPOS="670" HPOS="669"/>
<SP HEIGHT="42" WIDTH="35" VPOS="682" HPOS="755"/>
<String LANG="fr" CONTENT="[1925]" HEIGHT="72" WIDTH="182" VPOS="652" HPOS="791"/>
</TextLine>
<TextLine HEIGHT="56" WIDTH="366" VPOS="739" HPOS="438" LANG="fr" CS="1">
<String CONTENT="286," HEIGHT="54" WIDTH="94" VPOS="739" HPOS="438"/>
<SP HEIGHT="29" WIDTH="32" VPOS="765" HPOS="533"/>
<String CONTENT="[1]" HEIGHT="53" WIDTH="52" VPOS="742" HPOS="566"/>
<SP HEIGHT="40" WIDTH="33" VPOS="755" HPOS="619"/>
<String CONTENT="p." HEIGHT="38" WIDTH="38" VPOS="755" HPOS="653"/>
<SP HEIGHT="42" WIDTH="61" VPOS="742" HPOS="692"/>
<String CS="1" CONTENT="19&#189;cm." HEIGHT="43" WIDTH="50" VPOS="741" HPOS="754"/>
</TextLine>
<TextLine HEIGHT="55" WIDTH="2002" VPOS="808" HPOS="370" LANG="fr" CS="1">
<String CONTENT="&#169;" HEIGHT="54" WIDTH="53" VPOS="809" HPOS="370"/>
<SP HEIGHT="54" WIDTH="28" VPOS="809" HPOS="424"/>
<String CS="1" CONTENT="1c." HEIGHT="7" WIDTH="8" VPOS="846" HPOS="505"/>
<SP HEIGHT="42" WIDTH="27" VPOS="811" HPOS="514"/>
<String CONTENT="May" HEIGHT="52" WIDTH="111" VPOS="811" HPOS="542"/>
<SP HEIGHT="52" WIDTH="24" VPOS="811" HPOS="654"/>
<String CONTENT="28," HEIGHT="52" WIDTH="67" VPOS="811" HPOS="679"/>
<SP HEIGHT="52" WIDTH="27" VPOS="811" HPOS="747"/>
<String CS="1" CONTENT="1925;" HEIGHT="46" WIDTH="105" VPOS="808" HPOS="775"/>
<SP HEIGHT="51" WIDTH="26" VPOS="811" HPOS="907"/>
<!-- cceid 2FBF82BF-6DD5-1014-B757-AF09C522E301 --><String CONTENT="A" HEIGHT="42" WIDTH="43" VPOS="811" HPOS="934"/>
<SP HEIGHT="42" WIDTH="25" VPOS="811" HPOS="978"/>
<String CONTENT="ad" HEIGHT="43" WIDTH="57" VPOS="810" HPOS="1004"/>
<SP HEIGHT="43" WIDTH="23" VPOS="810" HPOS="1062"/>
<String CONTENT="int." HEIGHT="43" WIDTH="76" VPOS="810" HPOS="1086"/>
<SP HEIGHT="43" WIDTH="25" VPOS="810" HPOS="1163"/>
<String CS="1" CONTENT="6965;" HEIGHT="45" WIDTH="107" VPOS="808" HPOS="1189"/>
<SP HEIGHT="38" WIDTH="27" VPOS="824" HPOS="1323"/>
<String CONTENT="pubd." HEIGHT="52" WIDTH="134" VPOS="810" HPOS="1351"/>
<SP HEIGHT="43" WIDTH="25" VPOS="810" HPOS="1486"/>
<String LANG="en-US" CONTENT="Apr." HEIGHT="52" WIDTH="112" VPOS="810" HPOS="1512"/>
<SP HEIGHT="42" WIDTH="30" VPOS="811" HPOS="1625"/>
<String CS="1" CONTENT="1;" HEIGHT="42" WIDTH="17" VPOS="811" HPOS="1656"/>
<SP HEIGHT="54" WIDTH="28" VPOS="808" HPOS="1703"/>
<String LANG="la" CONTENT="E." HEIGHT="48" WIDTH="53" VPOS="808" HPOS="1732"/>
<SP HEIGHT="45" WIDTH="28" VPOS="808" HPOS="1786"/>
<String CONTENT="C," HEIGHT="45" WIDTH="48" VPOS="808" HPOS="1815"/>
<SP HEIGHT="43" WIDTH="26" VPOS="811" HPOS="1864"/>
<String CONTENT="Vivian," HEIGHT="52" WIDTH="181" VPOS="810" HPOS="1891"/>
<SP HEIGHT="54" WIDTH="27" VPOS="808" HPOS="2073"/>
<String CS="1" CONTENT="&#8453;"/>
<SP HEIGHT="49" WIDTH="27" VPOS="808" HPOS="2152"/>
<String CONTENT="Hughes" HEIGHT="54" WIDTH="192" VPOS="809" HPOS="2180"/>
</TextLine>
<TextLine HEIGHT="57" WIDTH="1008" VPOS="865" HPOS="443" LANG="fr">
<String CONTENT="Massie" HEIGHT="44" WIDTH="172" VPOS="868" HPOS="443"/>
<SP HEIGHT="44" WIDTH="27" VPOS="868" HPOS="616"/>
<String CONTENT="&amp;" HEIGHT="44" WIDTH="37" VPOS="868" HPOS="644"/>
<SP HEIGHT="44" WIDTH="26" VPOS="868" HPOS="682"/>
<String CONTENT="co.," HEIGHT="37" WIDTH="80" VPOS="884" HPOS="709"/>
<SP HEIGHT="53" WIDTH="29" VPOS="868" HPOS="790"/>
<String CONTENT="New" HEIGHT="44" WIDTH="116" VPOS="868" HPOS="820"/>
<SP HEIGHT="45" WIDTH="30" VPOS="867" HPOS="937"/>
<String CONTENT="York." HEIGHT="44" WIDTH="143" VPOS="867" HPOS="968"/>
<SP HEIGHT="54" WIDTH="65" VPOS="868" HPOS="1112"/>
<String CONTENT="(25-11043)" HEIGHT="57" WIDTH="273" VPOS="865" HPOS="1178"/>
</TextLine>
<TextLine HEIGHT="76" WIDTH="1137" VPOS="967" HPOS="373" STYLEREFS="StyleId-16636359-72EB-4F3A-BE91-CD2B382049D6-" CS="1">
<String LANG="en-US" CONTENT="[Whitney," HEIGHT="74" WIDTH="332" VPOS="968" HPOS="373"/>
<SP HEIGHT="72" WIDTH="36" VPOS="969" HPOS="706"/>
<String LANG="fr" CONTENT="Richard" HEIGHT="60" WIDTH="280" VPOS="967" HPOS="743"/>
<SP HEIGHT="59" WIDTH="33" VPOS="968" HPOS="1024"/>
<String LANG="fr" CONTENT="Merrill]" HEIGHT="76" WIDTH="261" VPOS="967" HPOS="1058"/>
<SP HEIGHT="71" WIDTH="40" VPOS="972" HPOS="1320"/>
<String LANG="fr" CONTENT="1874" HEIGHT="56" WIDTH="149" VPOS="971" HPOS="1361"/>
<String LANG="en-US" CS="1" CONTENT="&#8211;"/>
</TextLine>
<TextLine HEIGHT="152" WIDTH="1980" VPOS="1060" HPOS="372" STYLEREFS="StyleId-16636359-72EB-4F3A-BE91-CD2B382049D6-" CS="1">
<String LANG="fr" CONTENT="Reds" HEIGHT="57" WIDTH="168" VPOS="1062" HPOS="448"/>
<SP HEIGHT="58" WIDTH="29" VPOS="1061" HPOS="617"/>
<String LANG="fr" CONTENT="in" HEIGHT="56" WIDTH="64" VPOS="1061" HPOS="647"/>
<SP HEIGHT="56" WIDTH="28" VPOS="1060" HPOS="712"/>
<String LANG="fr" CONTENT="America;" HEIGHT="71" WIDTH="326" VPOS="1060" HPOS="741"/>
<SP HEIGHT="68" WIDTH="30" VPOS="1063" HPOS="1068"/>
<String LANG="en-US" CONTENT="the" HEIGHT="58" WIDTH="103" VPOS="1060" HPOS="1099"/>
<SP HEIGHT="53" WIDTH="31" VPOS="1078" HPOS="1203"/>
<String LANG="en-US" CONTENT="present" HEIGHT="68" WIDTH="261" VPOS="1063" HPOS="1235"/>
<SP HEIGHT="55" WIDTH="28" VPOS="1063" HPOS="1497"/>
<String LANG="fr" CONTENT="status" HEIGHT="56" WIDTH="203" VPOS="1062" HPOS="1526"/>
<SP HEIGHT="38" WIDTH="32" VPOS="1079" HPOS="1730"/>
<String LANG="en-US" CONTENT="of" HEIGHT="57" WIDTH="67" VPOS="1060" HPOS="1763"/>
<SP HEIGHT="57" WIDTH="30" VPOS="1060" HPOS="1831"/>
<String LANG="en-US" CONTENT="the" HEIGHT="56" WIDTH="103" VPOS="1061" HPOS="1862"/>
<SP HEIGHT="38" WIDTH="31" VPOS="1079" HPOS="1966"/>
<String LANG="en-US" CONTENT="revolutionary" HEIGHT="152" WIDTH="1980" VPOS="1060" HPOS="372"/>
<SP HEIGHT="54" WIDTH="28" VPOS="1158" HPOS="490"/>
<String LANG="en-US" CONTENT="movement" HEIGHT="54" WIDTH="352" VPOS="1142" HPOS="519"/>
</TextLine>
<TextLine HEIGHT="59" WIDTH="1470" VPOS="1138" HPOS="904" STYLEREFS="StyleId-16636359-72EB-4F3A-BE91-CD2B382049D6-" LANG="en-US">
<String CONTENT="in" HEIGHT="56" WIDTH="65" VPOS="1139" HPOS="904"/>
<SP HEIGHT="54" WIDTH="36" VPOS="1142" HPOS="970"/>
<String CONTENT="the" HEIGHT="57" WIDTH="103" VPOS="1139" HPOS="1007"/>
<SP HEIGHT="58" WIDTH="33" VPOS="1138" HPOS="1111"/>
<String CONTENT="United" HEIGHT="58" WIDTH="238" VPOS="1138" HPOS="1145"/>
<SP HEIGHT="58" WIDTH="36" VPOS="1138" HPOS="1384"/>
<String CONTENT="States" HEIGHT="58" WIDTH="212" VPOS="1138" HPOS="1421"/>
<SP HEIGHT="57" WIDTH="32" VPOS="1139" HPOS="1634"/>
<String CONTENT="based" HEIGHT="57" WIDTH="196" VPOS="1139" HPOS="1667"/>
<SP HEIGHT="57" WIDTH="34" VPOS="1139" HPOS="1864"/>
<String CONTENT="on" HEIGHT="38" WIDTH="81" VPOS="1158" HPOS="1899"/>
<SP HEIGHT="57" WIDTH="31" VPOS="1139" HPOS="1981"/>
<String CONTENT="documents" HEIGHT="58" WIDTH="361" VPOS="1139" HPOS="2013"/>
</TextLine>
<TextLine HEIGHT="73" WIDTH="2004" VPOS="1216" HPOS="373" STYLEREFS="StyleId-16636359-72EB-4F3A-BE91-CD2B382049D6-" LANG="en-US">
<String CONTENT="seized" HEIGHT="57" WIDTH="208" VPOS="1218" HPOS="373"/>
<SP HEIGHT="57" WIDTH="23" VPOS="1218" HPOS="582"/>
<String CONTENT="by" HEIGHT="71" WIDTH="84" VPOS="1218" HPOS="606"/>
<SP HEIGHT="70" WIDTH="26" VPOS="1219" HPOS="691"/>
<String CONTENT="the" HEIGHT="57" WIDTH="104" VPOS="1217" HPOS="718"/>
<SP HEIGHT="38" WIDTH="31" VPOS="1236" HPOS="823"/>
<String CONTENT="authorities" HEIGHT="58" WIDTH="375" VPOS="1216" HPOS="855"/>
<SP HEIGHT="58" WIDTH="30" VPOS="1216" HPOS="1231"/>
<String CONTENT="in" HEIGHT="56" WIDTH="66" VPOS="1216" HPOS="1262"/>
<SP HEIGHT="54" WIDTH="30" VPOS="1219" HPOS="1329"/>
<String CONTENT="the" HEIGHT="56" WIDTH="103" VPOS="1217" HPOS="1360"/>
<SP HEIGHT="38" WIDTH="32" VPOS="1235" HPOS="1464"/>
<String CONTENT="raid" HEIGHT="58" WIDTH="142" VPOS="1216" HPOS="1497"/>
<SP HEIGHT="56" WIDTH="26" VPOS="1218" HPOS="1640"/>
<String CONTENT="upon" HEIGHT="53" WIDTH="171" VPOS="1235" HPOS="1667"/>
<SP HEIGHT="54" WIDTH="29" VPOS="1220" HPOS="1839"/>
<String CONTENT="the" HEIGHT="57" WIDTH="103" VPOS="1217" HPOS="1869"/>
<SP HEIGHT="38" WIDTH="31" VPOS="1236" HPOS="1973"/>
<String CONTENT="convention" HEIGHT="58" WIDTH="372" VPOS="1216" HPOS="2005"/>
</TextLine>
<TextLine HEIGHT="74" WIDTH="2001" VPOS="1294" HPOS="373" STYLEREFS="StyleId-16636359-72EB-4F3A-BE91-CD2B382049D6-" LANG="en-US">
<String CONTENT="of" HEIGHT="57" WIDTH="67" VPOS="1296" HPOS="373"/>
<SP HEIGHT="57" WIDTH="23" VPOS="1296" HPOS="441"/>
<String CONTENT="the" HEIGHT="57" WIDTH="103" VPOS="1296" HPOS="465"/>
<SP HEIGHT="59" WIDTH="30" VPOS="1294" HPOS="569"/>
<String CONTENT="Communist" HEIGHT="59" WIDTH="391" VPOS="1294" HPOS="600"/>
<SP HEIGHT="69" WIDTH="24" VPOS="1297" HPOS="992"/>
<String CONTENT="party" HEIGHT="69" WIDTH="194" VPOS="1297" HPOS="1017"/>
<SP HEIGHT="52" WIDTH="24" VPOS="1314" HPOS="1212"/>
<String CONTENT="at" HEIGHT="55" WIDTH="69" VPOS="1297" HPOS="1237"/>
<SP HEIGHT="58" WIDTH="21" VPOS="1294" HPOS="1307"/>
<String CONTENT="Bridgman," HEIGHT="73" WIDTH="368" VPOS="1294" HPOS="1329"/>
<SP HEIGHT="72" WIDTH="28" VPOS="1295" HPOS="1698"/>
<String CONTENT="Michigan," HEIGHT="72" WIDTH="337" VPOS="1295" HPOS="1727"/>
<SP HEIGHT="73" WIDTH="26" VPOS="1294" HPOS="2065"/>
<String CONTENT="Aug." HEIGHT="73" WIDTH="162" VPOS="1294" HPOS="2092"/>
<SP HEIGHT="54" WIDTH="30" VPOS="1298" HPOS="2255"/>
<String CONTENT="22," HEIGHT="72" WIDTH="88" VPOS="1296" HPOS="2286"/>
</TextLine>
<TextLine HEIGHT="152" WIDTH="1984" VPOS="1373" HPOS="371" STYLEREFS="StyleId-16636359-72EB-4F3A-BE91-CD2B382049D6-" LANG="en-US" CS="1">
<String CONTENT="1922" HEIGHT="55" WIDTH="148" VPOS="1376" HPOS="372"/>
<SP HEIGHT="55" WIDTH="41" VPOS="1376" HPOS="521"/>
<String CS="1" CONTENT="&#8230;"/>
<SP HEIGHT="57" WIDTH="85" VPOS="1373" HPOS="626"/>
<String CONTENT="New" HEIGHT="57" WIDTH="155" VPOS="1373" HPOS="712"/>
<SP HEIGHT="56" WIDTH="30" VPOS="1373" HPOS="868"/>
<String CONTENT="York" HEIGHT="56" WIDTH="176" VPOS="1373" HPOS="899"/>
<SP HEIGHT="57" WIDTH="35" VPOS="1373" HPOS="1076"/>
<String CONTENT="city," HEIGHT="72" WIDTH="143" VPOS="1373" HPOS="1112"/>
<SP HEIGHT="71" WIDTH="39" VPOS="1374" HPOS="1256"/>
<String CONTENT="The" HEIGHT="56" WIDTH="128" VPOS="1374" HPOS="1296"/>
<SP HEIGHT="57" WIDTH="34" VPOS="1373" HPOS="1425"/>
<String CONTENT="Beckwith" HEIGHT="56" WIDTH="321" VPOS="1373" HPOS="1460"/>
<SP HEIGHT="70" WIDTH="33" VPOS="1374" HPOS="1782"/>
<String CONTENT="press," HEIGHT="54" WIDTH="202" VPOS="1392" HPOS="1816"/>
<SP HEIGHT="73" WIDTH="36" VPOS="1373" HPOS="2019"/>
<String CONTENT="incorporated," HEIGHT="152" WIDTH="1984" VPOS="1373" HPOS="371"/>
<SP HEIGHT="70" WIDTH="40" VPOS="1455" HPOS="535"/>
<String CONTENT="1924." HEIGHT="56" WIDTH="165" VPOS="1453" HPOS="576"/>
</TextLine>
<TextLine HEIGHT="56" WIDTH="1462" VPOS="1538" HPOS="440" LANG="en-US" CS="1">
<String CONTENT="287" HEIGHT="45" WIDTH="82" VPOS="1539" HPOS="440"/>
<SP HEIGHT="55" WIDTH="25" VPOS="1539" HPOS="523"/>
<String CONTENT="p." HEIGHT="38" WIDTH="39" VPOS="1556" HPOS="549"/>
<SP HEIGHT="27" WIDTH="55" VPOS="1556" HPOS="589"/>
<String CONTENT="col." HEIGHT="45" WIDTH="84" VPOS="1538" HPOS="645"/>
<SP HEIGHT="43" WIDTH="28" VPOS="1539" HPOS="730"/>
<String CONTENT="front.," HEIGHT="52" WIDTH="150" VPOS="1539" HPOS="759"/>
<SP HEIGHT="38" WIDTH="29" VPOS="1554" HPOS="910"/>
<String CONTENT="plates," HEIGHT="52" WIDTH="157" VPOS="1540" HPOS="940"/>
<SP HEIGHT="38" WIDTH="25" VPOS="1554" HPOS="1098"/>
<String CONTENT="ports.," HEIGHT="46" WIDTH="155" VPOS="1546" HPOS="1124"/>
<SP HEIGHT="52" WIDTH="29" VPOS="1540" HPOS="1280"/>
<String CONTENT="facsims.," HEIGHT="51" WIDTH="211" VPOS="1540" HPOS="1310"/>
<SP HEIGHT="51" WIDTH="28" VPOS="1540" HPOS="1522"/>
<String CONTENT="diagr." HEIGHT="53" WIDTH="143" VPOS="1540" HPOS="1551"/>
<SP HEIGHT="43" WIDTH="55" VPOS="1541" HPOS="1695"/>
<String CS="1" CONTENT="23&#189;" HEIGHT="44" WIDTH="53" VPOS="1540" HPOS="1751"/>
<String STYLE="superscript" CONTENT="cm" HEIGHT="18" WIDTH="48" VPOS="1542" HPOS="1840"/>
<String CONTENT="." HEIGHT="8" WIDTH="9" VPOS="1575" HPOS="1893"/>
</TextLine>
<TextLine HEIGHT="112" WIDTH="1986" VPOS="1608" HPOS="371" LANG="en-US" CS="1">
<String CONTENT="&#169;" HEIGHT="54" WIDTH="53" VPOS="1609" HPOS="371"/>
<SP HEIGHT="54" WIDTH="29" VPOS="1609" HPOS="425"/>
<String CONTENT="Aug." HEIGHT="52" WIDTH="120" VPOS="1612" HPOS="455"/>
<SP HEIGHT="42" WIDTH="30" VPOS="1612" HPOS="576"/>
<String CONTENT="1," HEIGHT="51" WIDTH="37" VPOS="1612" HPOS="607"/>
<SP HEIGHT="51" WIDTH="33" VPOS="1612" HPOS="645"/>
<String CONTENT="1924;" HEIGHT="52" WIDTH="129" VPOS="1611" HPOS="679"/>
<SP/>
<String CS="1" CONTENT="1c."/>
<SP/>
<String CONTENT="Nov." HEIGHT="44" WIDTH="119" VPOS="1610" HPOS="937"/>
<SP HEIGHT="42" WIDTH="31" VPOS="1611" HPOS="1057"/>
<String CONTENT="18;" HEIGHT="52" WIDTH="74" VPOS="1611" HPOS="1089"/>
<SP/>
<String CS="1" CONTENT="1c."/>
<SP/>
<String CONTENT="and" HEIGHT="44" WIDTH="88" VPOS="1610" HPOS="1291"/>
<SP HEIGHT="44" WIDTH="30" VPOS="1610" HPOS="1380"/>
<String CONTENT="aff." HEIGHT="43" WIDTH="78" VPOS="1610" HPOS="1411"/>
<SP HEIGHT="43" WIDTH="30" VPOS="1610" HPOS="1490"/>
<String CONTENT="Apr." HEIGHT="52" WIDTH="112" VPOS="1610" HPOS="1521"/>
<SP HEIGHT="43" WIDTH="28" VPOS="1610" HPOS="1634"/>
<String CONTENT="28," HEIGHT="52" WIDTH="66" VPOS="1610" HPOS="1663"/>
<SP HEIGHT="51" WIDTH="34" VPOS="1611" HPOS="1730"/>
<String CONTENT="1925;" HEIGHT="58" WIDTH="131" VPOS="1608" HPOS="1765"/>
<SP HEIGHT="56" WIDTH="33" VPOS="1610" HPOS="1897"/>
<!-- cceid 2FC001CD-6DD5-1014-B757-AF09C522E301 --><String CONTENT="A" HEIGHT="43" WIDTH="43" VPOS="1610" HPOS="1931"/>
<SP HEIGHT="44" WIDTH="29" VPOS="1610" HPOS="1975"/>
<String CONTENT="823927;" HEIGHT="53" WIDTH="191" VPOS="1610" HPOS="2005"/>
<SP HEIGHT="52" WIDTH="34" VPOS="1611" HPOS="2197"/>
<String CONTENT="Beckwith" HEIGHT="103" WIDTH="1917" VPOS="1610" HPOS="440"/>
<SP HEIGHT="52" WIDTH="22" VPOS="1668" HPOS="553"/>
<String CONTENT="press," HEIGHT="38" WIDTH="141" VPOS="1682" HPOS="576"/>
<SP HEIGHT="52" WIDTH="23" VPOS="1668" HPOS="718"/>
<String CONTENT="inc." HEIGHT="43" WIDTH="83" VPOS="1668" HPOS="742"/>
</TextLine>
<TextLine HEIGHT="74" WIDTH="903" VPOS="1768" HPOS="367" STYLEREFS="StyleId-2692C1E8-6C50-4CEF-9179-97A0EAB16CCB-" LANG="en-US">
<String CONTENT="Wilbrandt," HEIGHT="74" WIDTH="379" VPOS="1768" HPOS="367"/>
<SP HEIGHT="73" WIDTH="37" VPOS="1769" HPOS="747"/>
<String CONTENT="Robert," HEIGHT="73" WIDTH="252" VPOS="1768" HPOS="785"/>
<SP HEIGHT="69" WIDTH="40" VPOS="1772" HPOS="1038"/>
<String CONTENT="1875-" HEIGHT="58" WIDTH="191" VPOS="1771" HPOS="1079"/>
</TextLine>
<TextLine HEIGHT="74" WIDTH="1926" VPOS="1861" HPOS="448" STYLEREFS="StyleId-16636359-72EB-4F3A-BE91-CD2B382049D6-" CS="1">
<String LANG="de" CONTENT="Einf&#252;hrung" HEIGHT="72" WIDTH="411" VPOS="1863" HPOS="448"/>
<SP HEIGHT="72" WIDTH="71" VPOS="1863" HPOS="860"/>
<String LANG="en-US" CONTENT="in" HEIGHT="56" WIDTH="65" VPOS="1863" HPOS="932"/>
<SP HEIGHT="57" WIDTH="72" VPOS="1864" HPOS="998"/>
<String LANG="en-US" CONTENT="die" HEIGHT="59" WIDTH="98" VPOS="1862" HPOS="1071"/>
<SP HEIGHT="37" WIDTH="71" VPOS="1882" HPOS="1170"/>
<String LANG="en-US" CS="1" CONTENT="v"/>
<String LANG="de" CONTENT="olkswirtschaftslehre," HEIGHT="73" WIDTH="725" VPOS="1861" HPOS="1287"/>
<SP HEIGHT="51" WIDTH="71" VPOS="1883" HPOS="2013"/>
<String LANG="en-US" CONTENT="von" HEIGHT="39" WIDTH="124" VPOS="1881" HPOS="2085"/>
<SP HEIGHT="56" WIDTH="72" VPOS="1866" HPOS="2210"/>
<String LANG="en-US" CONTENT="dr." HEIGHT="56" WIDTH="91" VPOS="1866" HPOS="2283"/>
</TextLine>
<TextLine HEIGHT="153" WIDTH="1982" VPOS="1938" HPOS="370" STYLEREFS="StyleId-16636359-72EB-4F3A-BE91-CD2B382049D6-" CS="1">
<String LANG="de" CS="1" CONTENT="Robert" HEIGHT="56" WIDTH="238" VPOS="1942" HPOS="371"/>
<SP HEIGHT="57" WIDTH="43" VPOS="1941" HPOS="610"/>
<String LANG="en-US" CONTENT="Wilbrandt" HEIGHT="58" WIDTH="367" VPOS="1940" HPOS="654"/>
<SP HEIGHT="56" WIDTH="46" VPOS="1942" HPOS="1022"/>
<String LANG="en-US" CS="1" CONTENT="&#8230;"/>
<SP HEIGHT="58" WIDTH="100" VPOS="1940" HPOS="1132"/>
<String LANG="fr" CONTENT="bd." HEIGHT="56" WIDTH="99" VPOS="1940" HPOS="1233"/>
<SP HEIGHT="54" WIDTH="47" VPOS="1941" HPOS="1333"/>
<String LANG="en-US" CONTENT="1." HEIGHT="54" WIDTH="50" VPOS="1941" HPOS="1381"/>
<SP HEIGHT="57" WIDTH="98" VPOS="1938" HPOS="1432"/>
<String LANG="de" CONTENT="Entwicklung" HEIGHT="74" WIDTH="444" VPOS="1938" HPOS="1531"/>
<SP HEIGHT="71" WIDTH="41" VPOS="1941" HPOS="1976"/>
<String LANG="de" CONTENT="der" HEIGHT="56" WIDTH="116" VPOS="1941" HPOS="2018"/>
<SP HEIGHT="38" WIDTH="38" VPOS="1959" HPOS="2135"/>
<String LANG="de" CS="1" CONTENT="volkswirtschaftslehre." HEIGHT="137" WIDTH="1982" VPOS="1940" HPOS="370"/>
<SP HEIGHT="59" WIDTH="86" VPOS="2017" HPOS="958"/>
<String LANG="en-US" CONTENT="Stuttgart," HEIGHT="74" WIDTH="342" VPOS="2017" HPOS="1045"/>
<SP HEIGHT="74" WIDTH="45" VPOS="2017" HPOS="1388"/>
<String LANG="en-US" CONTENT="E." HEIGHT="58" WIDTH="72" VPOS="2017" HPOS="1434"/>
<SP HEIGHT="58" WIDTH="44" VPOS="2017" HPOS="1507"/>
<String LANG="en-US" CONTENT="H." HEIGHT="58" WIDTH="79" VPOS="2017" HPOS="1552"/>
<SP HEIGHT="57" WIDTH="46" VPOS="2018" HPOS="1632"/>
<String LANG="en-US" CONTENT="Moritz," HEIGHT="74" WIDTH="246" VPOS="2017" HPOS="1679"/>
<SP HEIGHT="71" WIDTH="46" VPOS="2020" HPOS="1926"/>
<String LANG="fr" CONTENT="1924." HEIGHT="57" WIDTH="166" VPOS="2019" HPOS="1973"/>
</TextLine>
<TextLine HEIGHT="43" WIDTH="290" VPOS="2098" HPOS="445" CS="1">
<String LANG="fr" CONTENT="1" HEIGHT="42" WIDTH="17" VPOS="2098" HPOS="445"/>
<SP/>
<String LANG="en-US" CS="1" CONTENT="v"/>
<String LANG="fr" CONTENT="." HEIGHT="8" WIDTH="8" VPOS="2132" HPOS="515"/>
<SP HEIGHT="42" WIDTH="63" VPOS="2098" HPOS="524"/>
<String LANG="fr" CONTENT="18" HEIGHT="43" WIDTH="49" VPOS="2098" HPOS="588"/>
<String LANG="en-US" CS="1" CONTENT="&#189;"/>
<String STYLE="superscript" LANG="fr" CONTENT="cm" HEIGHT="18" WIDTH="48" VPOS="2099" HPOS="673"/>
<String LANG="fr" CONTENT="." HEIGHT="8" WIDTH="10" VPOS="2132" HPOS="725"/>
</TextLine>
<TextLine HEIGHT="56" WIDTH="945" VPOS="2166" HPOS="443" CS="1">
<String LANG="de" CS="1" CONTENT="&#8220;Literaturhinweis&#8221;:" HEIGHT="47" WIDTH="480" VPOS="2168" HPOS="443"/>
<SP HEIGHT="30" WIDTH="25" VPOS="2184" HPOS="951"/>
<String LANG="fr" CONTENT="v." HEIGHT="28" WIDTH="43" VPOS="2186" HPOS="977"/>
<SP HEIGHT="41" WIDTH="29" VPOS="2172" HPOS="1021"/>
<String LANG="fr" CONTENT="1," HEIGHT="49" WIDTH="32" VPOS="2172" HPOS="1051"/>
<SP HEIGHT="36" WIDTH="28" VPOS="2186" HPOS="1084"/>
<String LANG="fr" CONTENT="p." HEIGHT="36" WIDTH="40" VPOS="2186" HPOS="1113"/>
<SP HEIGHT="42" WIDTH="28" VPOS="2171" HPOS="1154"/>
<String LANG="fr" CONTENT="124-125." HEIGHT="48" WIDTH="205" VPOS="2166" HPOS="1183"/>
</TextLine>
<TextLine HEIGHT="57" WIDTH="2005" VPOS="2235" HPOS="371" CS="1">
<String LANG="fr" CONTENT="&#169;" HEIGHT="54" WIDTH="53" VPOS="2238" HPOS="371"/>
<SP HEIGHT="54" WIDTH="32" VPOS="2238" HPOS="425"/>
<String LANG="en-US" CONTENT="Aug." HEIGHT="53" WIDTH="120" VPOS="2239" HPOS="458"/>
<SP HEIGHT="43" WIDTH="29" VPOS="2239" HPOS="579"/>
<String LANG="fr" CONTENT="23," HEIGHT="52" WIDTH="67" VPOS="2239" HPOS="609"/>
<SP HEIGHT="52" WIDTH="33" VPOS="2239" HPOS="677"/>
<String LANG="fr" CONTENT="1924;" HEIGHT="52" WIDTH="130" VPOS="2238" HPOS="711"/>
<SP/>
<String LANG="fr" CS="1" CONTENT="1c."/>
<SP/>
<String LANG="en-US" CONTENT="Nov." HEIGHT="45" WIDTH="119" VPOS="2236" HPOS="974"/>
<SP HEIGHT="43" WIDTH="30" VPOS="2238" HPOS="1094"/>
<String LANG="fr" CONTENT="22;" HEIGHT="52" WIDTH="79" VPOS="2237" HPOS="1125"/>
<SP HEIGHT="52" WIDTH="34" VPOS="2237" HPOS="1205"/>
<!-- cceid 2FC07726-6DD5-1014-B757-AF09C522E301 --><String LANG="fr" CONTENT="A&#8212;" HEIGHT="42" WIDTH="103" VPOS="2237" HPOS="1240"/>
<String LANG="en-US" CONTENT="Foreign" HEIGHT="56" WIDTH="199" VPOS="2235" HPOS="1345"/>
<SP HEIGHT="42" WIDTH="30" VPOS="2237" HPOS="1545"/>
<String LANG="fr" CONTENT="26379;" HEIGHT="55" WIDTH="162" VPOS="2235" HPOS="1576"/>
<SP HEIGHT="55" WIDTH="36" VPOS="2235" HPOS="1739"/>
<String LANG="fr" CONTENT="E." HEIGHT="48" WIDTH="52" VPOS="2235" HPOS="1776"/>
<SP HEIGHT="42" WIDTH="34" VPOS="2238" HPOS="1829"/>
<String LANG="fr" CONTENT="H." HEIGHT="43" WIDTH="62" VPOS="2238" HPOS="1864"/>
<SP HEIGHT="43" WIDTH="32" VPOS="2238" HPOS="1927"/>
<String LANG="en-US" CONTENT="Moritz" HEIGHT="45" WIDTH="174" VPOS="2237" HPOS="1960"/>
<SP HEIGHT="54" WIDTH="40" VPOS="2238" HPOS="2135"/>
<String LANG="fr" CONTENT="(inh." HEIGHT="55" WIDTH="114" VPOS="2237" HPOS="2176"/>
<SP HEIGHT="45" WIDTH="33" VPOS="2237" HPOS="2291"/>
<String LANG="fr" CONTENT="F." HEIGHT="45" WIDTH="51" VPOS="2237" HPOS="2325"/>
</TextLine>
<TextLine HEIGHT="57" WIDTH="617" VPOS="2293" HPOS="444">
<String LANG="de" CONTENT="Mittelbach)" HEIGHT="55" WIDTH="297" VPOS="2295" HPOS="444"/>
<SP HEIGHT="54" WIDTH="76" VPOS="2296" HPOS="742"/>
<String LANG="fr" CONTENT="(25-5662)" HEIGHT="56" WIDTH="242" VPOS="2293" HPOS="819"/>
</TextLine>
<TextLine HEIGHT="75" WIDTH="1334" VPOS="2392" HPOS="370" STYLEREFS="StyleId-16636359-72EB-4F3A-BE91-CD2B382049D6-" LANG="fr">
<String CONTENT="Williams," HEIGHT="71" WIDTH="332" VPOS="2396" HPOS="370"/>
<SP HEIGHT="71" WIDTH="37" VPOS="2396" HPOS="703"/>
<String CONTENT="Edward" HEIGHT="59" WIDTH="278" VPOS="2394" HPOS="741"/>
<SP HEIGHT="59" WIDTH="32" VPOS="2394" HPOS="1020"/>
<String CONTENT="Huntington," HEIGHT="73" WIDTH="419" VPOS="2392" HPOS="1053"/>
<SP HEIGHT="67" WIDTH="40" VPOS="2398" HPOS="1473"/>
<String CONTENT="1868-" HEIGHT="58" WIDTH="190" VPOS="2395" HPOS="1514"/>
</TextLine>
<TextLine HEIGHT="74" WIDTH="1931" VPOS="2488" HPOS="446" STYLEREFS="StyleId-16636359-72EB-4F3A-BE91-CD2B382049D6-">
<String LANG="fr" CONTENT="Rest" HEIGHT="57" WIDTH="154" VPOS="2491" HPOS="446"/>
<SP HEIGHT="54" WIDTH="24" VPOS="2494" HPOS="601"/>
<String LANG="en-US" CONTENT="and" HEIGHT="58" WIDTH="126" VPOS="2490" HPOS="626"/>
<SP HEIGHT="72" WIDTH="21" VPOS="2490" HPOS="753"/>
<String LANG="en-US" CONTENT="grow" HEIGHT="53" WIDTH="173" VPOS="2509" HPOS="775"/>
<SP HEIGHT="39" WIDTH="23" VPOS="2508" HPOS="949"/>
<String LANG="en-US" CONTENT="strong," HEIGHT="69" WIDTH="238" VPOS="2493" HPOS="973"/>
<SP HEIGHT="70" WIDTH="21" VPOS="2489" HPOS="1212"/>
<String LANG="en-US" CONTENT="by" HEIGHT="71" WIDTH="84" VPOS="2489" HPOS="1234"/>
<SP HEIGHT="72" WIDTH="20" VPOS="2488" HPOS="1319"/>
<String LANG="fr" CONTENT="Edward" HEIGHT="59" WIDTH="278" VPOS="2488" HPOS="1340"/>
<SP HEIGHT="59" WIDTH="20" VPOS="2488" HPOS="1619"/>
<String LANG="fr" CONTENT="Huntington" HEIGHT="74" WIDTH="402" VPOS="2488" HPOS="1640"/>
<SP HEIGHT="60" WIDTH="23" VPOS="2489" HPOS="2043"/>
<String LANG="fr" CONTENT="Williams" HEIGHT="60" WIDTH="310" VPOS="2489" HPOS="2067"/>
</TextLine>
<TextLine HEIGHT="154" WIDTH="2009" VPOS="2566" HPOS="369" STYLEREFS="StyleId-16636359-72EB-4F3A-BE91-CD2B382049D6-" LANG="en-US" CS="1">
<String LANG="fr" CONTENT="and" HEIGHT="59" WIDTH="125" VPOS="2570" HPOS="375"/>
<SP HEIGHT="60" WIDTH="36" VPOS="2569" HPOS="501"/>
<String LANG="fr" CONTENT="Ernest" HEIGHT="58" WIDTH="235" VPOS="2569" HPOS="538"/>
<SP HEIGHT="59" WIDTH="35" VPOS="2568" HPOS="774"/>
<String CONTENT="Bryant" HEIGHT="71" WIDTH="251" VPOS="2568" HPOS="810"/>
<SP HEIGHT="60" WIDTH="35" VPOS="2567" HPOS="1062"/>
<String CONTENT="Hoag" HEIGHT="73" WIDTH="187" VPOS="2567" HPOS="1098"/>
<SP HEIGHT="54" WIDTH="43" VPOS="2586" HPOS="1286"/>
<String LANG="fr" CS="1" CONTENT="&#8230;"/>
<SP HEIGHT="58" WIDTH="85" VPOS="2566" HPOS="1392"/>
<String CONTENT="Indianapolis," HEIGHT="74" WIDTH="455" VPOS="2566" HPOS="1478"/>
<SP HEIGHT="69" WIDTH="40" VPOS="2570" HPOS="1934"/>
<String CONTENT="The" HEIGHT="58" WIDTH="130" VPOS="2569" HPOS="1975"/>
<SP HEIGHT="57" WIDTH="38" VPOS="2570" HPOS="2106"/>
<String CONTENT="Bobbs-Merrill" HEIGHT="137" WIDTH="2009" VPOS="2570" HPOS="369"/>
<SP HEIGHT="56" WIDTH="28" VPOS="2649" HPOS="616"/>
<String CONTENT="company" HEIGHT="55" WIDTH="308" VPOS="2665" HPOS="645"/>
<SP HEIGHT="53" WIDTH="29" VPOS="2667" HPOS="954"/>
<String CONTENT="[" HEIGHT="43" WIDTH="13" VPOS="2677" HPOS="984"/>
<String STYLE="superscript" CONTENT="c" HEIGHT="22" WIDTH="20" VPOS="2654" HPOS="998"/>
<String CONTENT="1925]" HEIGHT="72" WIDTH="165" VPOS="2647" HPOS="1022"/>
</TextLine>
<TextLine HEIGHT="56" WIDTH="617" VPOS="2737" HPOS="441" LANG="en-US" CS="1">
<String CONTENT="4" HEIGHT="42" WIDTH="26" VPOS="2744" HPOS="441"/>
<SP HEIGHT="49" WIDTH="26" VPOS="2744" HPOS="468"/>
<String LANG="fr" CONTENT="p." HEIGHT="36" WIDTH="41" VPOS="2757" HPOS="495"/>
<SP HEIGHT="43" WIDTH="29" VPOS="2742" HPOS="537"/>
<String CS="1" CONTENT="l.,"/>
<SP HEIGHT="49" WIDTH="33" VPOS="2743" HPOS="608"/>
<String CONTENT="11-335" HEIGHT="47" WIDTH="162" VPOS="2737" HPOS="642"/>
<SP HEIGHT="54" WIDTH="27" VPOS="2737" HPOS="805"/>
<String CONTENT="p." HEIGHT="37" WIDTH="41" VPOS="2754" HPOS="833"/>
<SP HEIGHT="43" WIDTH="57" VPOS="2741" HPOS="875"/>
<String CONTENT="21" HEIGHT="43" WIDTH="51" VPOS="2740" HPOS="933"/>
<String STYLE="superscript" CS="1" CONTENT="cm" HEIGHT="18" WIDTH="16" VPOS="2740" HPOS="993"/>
<String CONTENT="." HEIGHT="11" WIDTH="11" VPOS="2774" HPOS="1047"/>
</TextLine>
<TextLine HEIGHT="58" WIDTH="1811" VPOS="2804" HPOS="373" LANG="en-US" CS="1">
<String CONTENT="&#169;" HEIGHT="54" WIDTH="53" VPOS="2808" HPOS="373"/>
<SP HEIGHT="54" WIDTH="28" VPOS="2808" HPOS="427"/>
<String CONTENT="Apr." HEIGHT="51" WIDTH="112" VPOS="2810" HPOS="456"/>
<SP HEIGHT="41" WIDTH="31" VPOS="2810" HPOS="569"/>
<String CONTENT="15," HEIGHT="54" WIDTH="62" VPOS="2806" HPOS="601"/>
<SP HEIGHT="51" WIDTH="33" VPOS="2809" HPOS="664"/>
<String CONTENT="1925;" HEIGHT="55" WIDTH="129" VPOS="2805" HPOS="698"/>
<SP HEIGHT="52" WIDTH="28" VPOS="2808" HPOS="828"/>
<String CONTENT="2c." HEIGHT="42" WIDTH="65" VPOS="2808" HPOS="857"/>
<SP HEIGHT="28" WIDTH="27" VPOS="2822" HPOS="923"/>
<String CONTENT="and" HEIGHT="43" WIDTH="88" VPOS="2807" HPOS="951"/>
<SP HEIGHT="43" WIDTH="25" VPOS="2807" HPOS="1040"/>
<String CONTENT="aff." HEIGHT="42" WIDTH="79" VPOS="2807" HPOS="1066"/>
<SP HEIGHT="43" WIDTH="28" VPOS="2806" HPOS="1146"/>
<String CONTENT="Apr." HEIGHT="53" WIDTH="112" VPOS="2806" HPOS="1175"/>
<SP HEIGHT="43" WIDTH="28" VPOS="2806" HPOS="1288"/>
<String CS="1" CONTENT="20;" HEIGHT="43" WIDTH="53" VPOS="2805" HPOS="1317"/>
<SP HEIGHT="52" WIDTH="31" VPOS="2806" HPOS="1396"/>
<!-- cceid 2FC0EF05-6DD5-1014-B757-AF09C522E301 --><String CONTENT="A" HEIGHT="42" WIDTH="43" VPOS="2806" HPOS="1428"/>
<SP HEIGHT="43" WIDTH="29" VPOS="2806" HPOS="1472"/>
<String CONTENT="822987;" HEIGHT="54" WIDTH="190" VPOS="2804" HPOS="1502"/>
<SP HEIGHT="51" WIDTH="33" VPOS="2807" HPOS="1693"/>
<String CONTENT="Bobbs-Merrill" HEIGHT="45" WIDTH="362" VPOS="2806" HPOS="1727"/>
<SP HEIGHT="45" WIDTH="26" VPOS="2807" HPOS="2090"/>
<String CONTENT="co." HEIGHT="29" WIDTH="67" VPOS="2823" HPOS="2117"/>
</TextLine>
<TextLine HEIGHT="56" WIDTH="243" VPOS="2865" HPOS="452" LANG="en-US">
<String CONTENT="(25-8722)" HEIGHT="56" WIDTH="243" VPOS="2865" HPOS="452"/>
</TextLine>
<TextLine HEIGHT="72" WIDTH="778" VPOS="2966" HPOS="370" STYLEREFS="StyleId-2692C1E8-6C50-4CEF-9179-97A0EAB16CCB-" LANG="en-US">
<String CONTENT="Wood," HEIGHT="70" WIDTH="218" VPOS="2968" HPOS="370"/>
<SP HEIGHT="71" WIDTH="37" VPOS="2967" HPOS="589"/>
<String CONTENT="Clement," HEIGHT="71" WIDTH="295" VPOS="2966" HPOS="627"/>
<SP HEIGHT="68" WIDTH="34" VPOS="2969" HPOS="923"/>
<String CONTENT="1888-" HEIGHT="57" WIDTH="190" VPOS="2967" HPOS="958"/>
</TextLine>
<TextLine HEIGHT="77" WIDTH="1930" VPOS="3056" HPOS="448" STYLEREFS="StyleId-16636359-72EB-4F3A-BE91-CD2B382049D6-" LANG="en-US" CS="1">
<String CONTENT="Poets" HEIGHT="58" WIDTH="189" VPOS="3062" HPOS="448"/>
<SP HEIGHT="38" WIDTH="43" VPOS="3081" HPOS="638"/>
<String CONTENT="of" HEIGHT="59" WIDTH="67" VPOS="3059" HPOS="682"/>
<SP HEIGHT="57" WIDTH="39" VPOS="3059" HPOS="750"/>
<String CONTENT="America," HEIGHT="72" WIDTH="313" VPOS="3059" HPOS="790"/>
<SP/>
<String CONTENT="by" HEIGHT="72" WIDTH="84" VPOS="3058" HPOS="1144"/>
<SP HEIGHT="74" WIDTH="41" VPOS="3056" HPOS="1229"/>
<String CONTENT="Clement" HEIGHT="59" WIDTH="280" VPOS="3056" HPOS="1271"/>
<SP HEIGHT="58" WIDTH="40" VPOS="3057" HPOS="1552"/>
<String CONTENT="Wood" HEIGHT="59" WIDTH="202" VPOS="3057" HPOS="1593"/>
<SP HEIGHT="57" WIDTH="48" VPOS="3059" HPOS="1796"/>
<String CS="1" CONTENT="&#8230;"/>
<SP HEIGHT="57" WIDTH="88" VPOS="3058" HPOS="1906"/>
<String CONTENT="New" HEIGHT="58" WIDTH="151" VPOS="3058" HPOS="1995"/>
<SP HEIGHT="57" WIDTH="39" VPOS="3059" HPOS="2147"/>
<String CONTENT="York," HEIGHT="74" WIDTH="191" VPOS="3059" HPOS="2187"/>
</TextLine>
<TextLine HEIGHT="73" WIDTH="1093" VPOS="3136" HPOS="369" STYLEREFS="StyleId-16636359-72EB-4F3A-BE91-CD2B382049D6-" LANG="en-US">
<String LANG="fr" CONTENT="E." HEIGHT="63" WIDTH="74" VPOS="3140" HPOS="369"/>
<SP HEIGHT="63" WIDTH="29" VPOS="3140" HPOS="444"/>
<String CONTENT="P." HEIGHT="57" WIDTH="69" VPOS="3140" HPOS="474"/>
<SP HEIGHT="58" WIDTH="30" VPOS="3139" HPOS="544"/>
<String CONTENT="Dutton" HEIGHT="56" WIDTH="244" VPOS="3139" HPOS="575"/>
<SP HEIGHT="57" WIDTH="26" VPOS="3137" HPOS="820"/>
<String CONTENT="&amp;" HEIGHT="56" WIDTH="47" VPOS="3137" HPOS="847"/>
<SP HEIGHT="57" WIDTH="26" VPOS="3137" HPOS="895"/>
<String CONTENT="company" HEIGHT="55" WIDTH="307" VPOS="3154" HPOS="922"/>
<SP HEIGHT="53" WIDTH="29" VPOS="3156" HPOS="1230"/>
<String CONTENT="[" HEIGHT="44" WIDTH="13" VPOS="3165" HPOS="1260"/>
<String STYLE="superscript" CONTENT="c" HEIGHT="20" WIDTH="18" VPOS="3144" HPOS="1276"/>
<String CONTENT="1925]" HEIGHT="73" WIDTH="164" VPOS="3136" HPOS="1298"/>
</TextLine>
<TextLine HEIGHT="54" WIDTH="602" VPOS="3218" HPOS="439" CS="1">
<String LANG="fr" CONTENT="xi" HEIGHT="44" WIDTH="50" VPOS="3219" HPOS="439"/>
<SP HEIGHT="53" WIDTH="23" VPOS="3219" HPOS="490"/>
<String LANG="fr" CONTENT="p.," HEIGHT="37" WIDTH="52" VPOS="3235" HPOS="514"/>
<SP HEIGHT="48" WIDTH="31" VPOS="3222" HPOS="567"/>
<String LANG="en-US" CONTENT="1" HEIGHT="42" WIDTH="17" VPOS="3222" HPOS="599"/>
<SP HEIGHT="44" WIDTH="25" VPOS="3220" HPOS="617"/>
<String LANG="en-US" CS="1" CONTENT="l.,"/>
<SP HEIGHT="50" WIDTH="26" VPOS="3220" HPOS="686"/>
<String LANG="en-US" CONTENT="392" HEIGHT="44" WIDTH="81" VPOS="3219" HPOS="713"/>
<SP HEIGHT="49" WIDTH="22" VPOS="3220" HPOS="795"/>
<String LANG="en-US" CONTENT="p." HEIGHT="36" WIDTH="39" VPOS="3233" HPOS="818"/>
<SP HEIGHT="42" WIDTH="57" VPOS="3218" HPOS="858"/>
<String LANG="en-US" CONTENT="21" HEIGHT="44" WIDTH="52" VPOS="3218" HPOS="916"/>
<String STYLE="superscript" LANG="en-US" CS="1" CONTENT="cm" HEIGHT="18" WIDTH="17" VPOS="3219" HPOS="977"/>
<String LANG="en-US" CONTENT="." HEIGHT="9" WIDTH="9" VPOS="3252" HPOS="1032"/>
</TextLine>
<TextLine HEIGHT="59" WIDTH="2001" VPOS="3268" HPOS="374" LANG="en-US">
<String CONTENT="&#169;" HEIGHT="54" WIDTH="53" VPOS="3273" HPOS="374"/>
<SP HEIGHT="54" WIDTH="25" VPOS="3273" HPOS="428"/>
<String CONTENT="Apr." HEIGHT="51" WIDTH="113" VPOS="3275" HPOS="454"/>
<SP HEIGHT="42" WIDTH="30" VPOS="3275" HPOS="568"/>
<String CONTENT="11," HEIGHT="50" WIDTH="61" VPOS="3274" HPOS="599"/>
<SP HEIGHT="50" WIDTH="33" VPOS="3274" HPOS="661"/>
<String CONTENT="1925;" HEIGHT="53" WIDTH="129" VPOS="3271" HPOS="695"/>
<SP HEIGHT="52" WIDTH="30" VPOS="3272" HPOS="825"/>
<String CONTENT="2c." HEIGHT="43" WIDTH="65" VPOS="3272" HPOS="856"/>
<SP HEIGHT="43" WIDTH="29" VPOS="3272" HPOS="922"/>
<String CONTENT="Apr." HEIGHT="51" WIDTH="112" VPOS="3272" HPOS="952"/>
<SP HEIGHT="43" WIDTH="32" VPOS="3271" HPOS="1065"/>
<String CONTENT="16;" HEIGHT="52" WIDTH="74" VPOS="3270" HPOS="1098"/>
<SP HEIGHT="38" WIDTH="31" VPOS="3284" HPOS="1173"/>
<String CONTENT="aff." HEIGHT="43" WIDTH="78" VPOS="3270" HPOS="1205"/>
<SP HEIGHT="43" WIDTH="29" VPOS="3269" HPOS="1284"/>
<String CONTENT="Apr." HEIGHT="52" WIDTH="113" VPOS="3269" HPOS="1314"/>
<SP HEIGHT="43" WIDTH="33" VPOS="3269" HPOS="1428"/>
<String CONTENT="14;" HEIGHT="51" WIDTH="73" VPOS="3269" HPOS="1462"/>
<SP HEIGHT="52" WIDTH="31" VPOS="3268" HPOS="1536"/>
<!-- cceid 2FC16241-6DD5-1014-B757-AF09C522E301 --><String CONTENT="A" HEIGHT="43" WIDTH="43" VPOS="3268" HPOS="1568"/>
<SP HEIGHT="46" WIDTH="27" VPOS="3268" HPOS="1612"/>
<String CONTENT="822941;" HEIGHT="53" WIDTH="191" VPOS="3269" HPOS="1640"/>
<SP HEIGHT="53" WIDTH="34" VPOS="3269" HPOS="1832"/>
<String LANG="fr" CONTENT="E." HEIGHT="48" WIDTH="52" VPOS="3269" HPOS="1867"/>
<SP HEIGHT="43" WIDTH="31" VPOS="3271" HPOS="1920"/>
<String CONTENT="P." HEIGHT="44" WIDTH="51" VPOS="3271" HPOS="1952"/>
<SP HEIGHT="43" WIDTH="31" VPOS="3272" HPOS="2004"/>
<String CONTENT="Dutton" HEIGHT="45" WIDTH="177" VPOS="3272" HPOS="2036"/>
<SP HEIGHT="43" WIDTH="28" VPOS="3275" HPOS="2214"/>
<String CONTENT="&amp;" HEIGHT="43" WIDTH="38" VPOS="3275" HPOS="2243"/>
<SP HEIGHT="43" WIDTH="25" VPOS="3275" HPOS="2282"/>
<String CONTENT="co." HEIGHT="29" WIDTH="67" VPOS="3289" HPOS="2308"/>
</TextLine>
<TextLine HEIGHT="56" WIDTH="243" VPOS="3329" HPOS="452" LANG="en-US">
<String CONTENT="(25-8501)" HEIGHT="56" WIDTH="243" VPOS="3329" HPOS="452"/>
</TextLine>
<TextLine HEIGHT="77" WIDTH="898" VPOS="3425" HPOS="371" STYLEREFS="StyleId-2692C1E8-6C50-4CEF-9179-97A0EAB16CCB-">
<String LANG="en-US" CONTENT="Wright," HEIGHT="73" WIDTH="272" VPOS="3429" HPOS="371"/>
<SP HEIGHT="71" WIDTH="32" VPOS="3429" HPOS="644"/>
<String LANG="la" CONTENT="Roxane" HEIGHT="57" WIDTH="257" VPOS="3429" HPOS="677"/>
<SP HEIGHT="59" WIDTH="32" VPOS="3426" HPOS="935"/>
<String LANG="en-US" CONTENT="Seabury." HEIGHT="72" WIDTH="301" VPOS="3425" HPOS="968"/>
</TextLine>
<TextLine HEIGHT="77" WIDTH="1926" VPOS="3515" HPOS="448" STYLEREFS="StyleId-16636359-72EB-4F3A-BE91-CD2B382049D6-" LANG="en-US">
<String CONTENT="In" HEIGHT="55" WIDTH="76" VPOS="3522" HPOS="448"/>
<SP HEIGHT="56" WIDTH="27" VPOS="3521" HPOS="525"/>
<String CONTENT="April," HEIGHT="72" WIDTH="205" VPOS="3519" HPOS="553"/>
<SP HEIGHT="50" WIDTH="30" VPOS="3541" HPOS="759"/>
<String CONTENT="and" HEIGHT="58" WIDTH="125" VPOS="3520" HPOS="790"/>
<SP HEIGHT="56" WIDTH="25" VPOS="3520" HPOS="916"/>
<String CONTENT="other" HEIGHT="57" WIDTH="182" VPOS="3518" HPOS="942"/>
<SP HEIGHT="38" WIDTH="27" VPOS="3536" HPOS="1125"/>
<String CONTENT="songs," HEIGHT="53" WIDTH="209" VPOS="3535" HPOS="1153"/>
<SP HEIGHT="70" WIDTH="25" VPOS="3516" HPOS="1363"/>
<String CONTENT="by" HEIGHT="70" WIDTH="84" VPOS="3516" HPOS="1389"/>
<SP HEIGHT="71" WIDTH="25" VPOS="3515" HPOS="1474"/>
<String LANG="la" CONTENT="Roxane" HEIGHT="59" WIDTH="259" VPOS="3515" HPOS="1500"/>
<SP HEIGHT="59" WIDTH="30" VPOS="3516" HPOS="1760"/>
<String CONTENT="Seabury" HEIGHT="75" WIDTH="287" VPOS="3516" HPOS="1791"/>
<SP HEIGHT="71" WIDTH="25" VPOS="3520" HPOS="2079"/>
<String CONTENT="Wright." HEIGHT="72" WIDTH="269" VPOS="3520" HPOS="2105"/>
</TextLine>
<TextLine HEIGHT="80" WIDTH="1125" VPOS="3592" HPOS="374" STYLEREFS="StyleId-16636359-72EB-4F3A-BE91-CD2B382049D6-" LANG="en-US">
<String CONTENT="[Carmel-by-the-Sea," HEIGHT="76" WIDTH="680" VPOS="3596" HPOS="374"/>
<SP HEIGHT="73" WIDTH="36" VPOS="3593" HPOS="1055"/>
<String CONTENT="Calif.," HEIGHT="68" WIDTH="206" VPOS="3592" HPOS="1092"/>
<SP HEIGHT="65" WIDTH="34" VPOS="3595" HPOS="1299"/>
<String CONTENT="1925]" HEIGHT="73" WIDTH="165" VPOS="3593" HPOS="1334"/>
</TextLine>
<TextLine HEIGHT="61" WIDTH="1147" VPOS="3669" HPOS="441" CS="1">
<String LANG="en-US" CONTENT="2" HEIGHT="42" WIDTH="26" VPOS="3678" HPOS="441"/>
<SP/>
<String LANG="la" CONTENT="p." HEIGHT="38" WIDTH="39" VPOS="3692" HPOS="495"/>
<SP HEIGHT="44" WIDTH="24" VPOS="3675" HPOS="535"/>
<String LANG="en-US" CS="1" CONTENT="l.,"/>
<SP HEIGHT="51" WIDTH="27" VPOS="3677" HPOS="601"/>
<String LANG="en-US" CONTENT="9-41" HEIGHT="44" WIDTH="104" VPOS="3676" HPOS="629"/>
<SP HEIGHT="49" WIDTH="30" VPOS="3677" HPOS="734"/>
<String LANG="la" CS="1" CONTENT="p.,"/>
<SP/>
<String LANG="la" CS="1" CONTENT="1"/>
<SP/>
<String LANG="la" CS="1" CONTENT="l."/>
<SP HEIGHT="28" WIDTH="58" VPOS="3688" HPOS="926"/>
<String LANG="en-US" CONTENT="mounted" HEIGHT="44" WIDTH="213" VPOS="3672" HPOS="985"/>
<SP HEIGHT="44" WIDTH="24" VPOS="3672" HPOS="1199"/>
<String LANG="en-US" CONTENT="col." HEIGHT="45" WIDTH="83" VPOS="3670" HPOS="1224"/>
<SP HEIGHT="45" WIDTH="26" VPOS="3669" HPOS="1308"/>
<String LANG="en-US" CONTENT="front." HEIGHT="45" WIDTH="140" VPOS="3669" HPOS="1335"/>
<SP HEIGHT="44" WIDTH="57" VPOS="3670" HPOS="1476"/>
<String LANG="en-US" CS="1" CONTENT="24&#189;cm." HEIGHT="43" WIDTH="54" VPOS="3670" HPOS="1534"/>
</TextLine>
<TextLine HEIGHT="58" WIDTH="621" VPOS="3728" HPOS="441" LANG="en-US">
<String CONTENT="Tail-pieces" HEIGHT="54" WIDTH="276" VPOS="3732" HPOS="441"/>
<SP HEIGHT="53" WIDTH="38" VPOS="3732" HPOS="718"/>
<String CONTENT="(1" HEIGHT="53" WIDTH="47" VPOS="3732" HPOS="757"/>
<SP HEIGHT="42" WIDTH="30" VPOS="3732" HPOS="805"/>
<String CONTENT="in" HEIGHT="42" WIDTH="46" VPOS="3732" HPOS="836"/>
<SP HEIGHT="28" WIDTH="26" VPOS="3746" HPOS="883"/>
<String CONTENT="color)" HEIGHT="55" WIDTH="152" VPOS="3728" HPOS="910"/>
</TextLine>
<TextLine HEIGHT="56" WIDTH="1935" VPOS="3783" HPOS="444" LANG="en-US">
<String CONTENT="&#8220;Three" HEIGHT="44" WIDTH="178" VPOS="3790" HPOS="444"/>
<SP HEIGHT="45" WIDTH="35" VPOS="3789" HPOS="623"/>
<String CONTENT="hundred" HEIGHT="44" WIDTH="206" VPOS="3789" HPOS="659"/>
<SP HEIGHT="43" WIDTH="34" VPOS="3789" HPOS="866"/>
<String CONTENT="copies" HEIGHT="52" WIDTH="150" VPOS="3787" HPOS="901"/>
<SP HEIGHT="29" WIDTH="38" VPOS="3801" HPOS="1052"/>
<String CONTENT="of" HEIGHT="44" WIDTH="50" VPOS="3786" HPOS="1091"/>
<SP HEIGHT="43" WIDTH="34" VPOS="3786" HPOS="1142"/>
<String CONTENT="this" HEIGHT="44" WIDTH="89" VPOS="3785" HPOS="1177"/>
<SP HEIGHT="45" WIDTH="36" VPOS="3784" HPOS="1267"/>
<String CONTENT="book" HEIGHT="45" WIDTH="121" VPOS="3784" HPOS="1304"/>
<SP HEIGHT="43" WIDTH="34" VPOS="3783" HPOS="1426"/>
<String CONTENT="have" HEIGHT="44" WIDTH="115" VPOS="3783" HPOS="1461"/>
<SP HEIGHT="45" WIDTH="35" VPOS="3784" HPOS="1577"/>
<String CONTENT="been" HEIGHT="45" WIDTH="110" VPOS="3784" HPOS="1613"/>
<SP HEIGHT="37" WIDTH="36" VPOS="3800" HPOS="1724"/>
<String CONTENT="printed" HEIGHT="52" WIDTH="177" VPOS="3785" HPOS="1761"/>
<SP HEIGHT="44" WIDTH="35" VPOS="3787" HPOS="1939"/>
<String CONTENT="on" HEIGHT="29" WIDTH="57" VPOS="3802" HPOS="1975"/>
<SP HEIGHT="44" WIDTH="37" VPOS="3787" HPOS="2033"/>
<String CONTENT="Van" HEIGHT="45" WIDTH="103" VPOS="3787" HPOS="2071"/>
<SP HEIGHT="44" WIDTH="39" VPOS="3789" HPOS="2175"/>
<String LANG="de" CONTENT="Gelder" HEIGHT="45" WIDTH="164" VPOS="3789" HPOS="2215"/>
</TextLine>
<TextLine HEIGHT="59" WIDTH="2007" VPOS="3839" HPOS="371" LANG="en-US">
<String CONTENT="hand-made" HEIGHT="45" WIDTH="274" VPOS="3847" HPOS="371"/>
<SP HEIGHT="37" WIDTH="31" VPOS="3861" HPOS="646"/>
<String CONTENT="paper" HEIGHT="38" WIDTH="137" VPOS="3860" HPOS="678"/>
<SP HEIGHT="43" WIDTH="26" VPOS="3846" HPOS="816"/>
<String CONTENT="by" HEIGHT="51" WIDTH="61" VPOS="3846" HPOS="843"/>
<SP HEIGHT="44" WIDTH="28" VPOS="3853" HPOS="905"/>
<String CONTENT="the" HEIGHT="45" WIDTH="74" VPOS="3843" HPOS="934"/>
<SP HEIGHT="43" WIDTH="31" VPOS="3844" HPOS="1009"/>
<String CONTENT="Press" HEIGHT="42" WIDTH="137" VPOS="3844" HPOS="1041"/>
<SP HEIGHT="43" WIDTH="31" VPOS="3843" HPOS="1179"/>
<String CONTENT="in" HEIGHT="42" WIDTH="44" VPOS="3843" HPOS="1211"/>
<SP HEIGHT="35" WIDTH="29" VPOS="3851" HPOS="1256"/>
<String CONTENT="the" HEIGHT="45" WIDTH="75" VPOS="3841" HPOS="1286"/>
<SP HEIGHT="45" WIDTH="29" VPOS="3840" HPOS="1362"/>
<String CONTENT="forest," HEIGHT="51" WIDTH="158" VPOS="3840" HPOS="1392"/>
<SP HEIGHT="52" WIDTH="35" VPOS="3839" HPOS="1551"/>
<String CONTENT="Carmel-by-the-Sea," HEIGHT="55" WIDTH="489" VPOS="3839" HPOS="1587"/>
<SP HEIGHT="50" WIDTH="35" VPOS="3844" HPOS="2077"/>
<String CONTENT="California," HEIGHT="52" WIDTH="265" VPOS="3844" HPOS="2113"/>
</TextLine>
<TextLine HEIGHT="59" WIDTH="2008" VPOS="3897" HPOS="372" LANG="en-US">
<String CONTENT="bound" HEIGHT="44" WIDTH="153" VPOS="3905" HPOS="372"/>
<SP HEIGHT="44" WIDTH="27" VPOS="3904" HPOS="526"/>
<String CONTENT="by" HEIGHT="52" WIDTH="58" VPOS="3904" HPOS="554"/>
<SP HEIGHT="53" WIDTH="31" VPOS="3903" HPOS="613"/>
<String CONTENT="Percy" HEIGHT="51" WIDTH="146" VPOS="3903" HPOS="645"/>
<SP HEIGHT="52" WIDTH="31" VPOS="3902" HPOS="792"/>
<String CONTENT="Bennett" HEIGHT="42" WIDTH="193" VPOS="3902" HPOS="824"/>
<SP HEIGHT="44" WIDTH="29" VPOS="3900" HPOS="1018"/>
<String CONTENT="Wright" HEIGHT="53" WIDTH="189" VPOS="3898" HPOS="1048"/>
<SP HEIGHT="35" WIDTH="29" VPOS="3907" HPOS="1238"/>
<String CONTENT="and" HEIGHT="44" WIDTH="86" VPOS="3898" HPOS="1268"/>
<SP HEIGHT="43" WIDTH="30" VPOS="3898" HPOS="1355"/>
<String CONTENT="signed" HEIGHT="52" WIDTH="159" VPOS="3897" HPOS="1386"/>
<SP HEIGHT="44" WIDTH="26" VPOS="3897" HPOS="1546"/>
<String CONTENT="by" HEIGHT="54" WIDTH="60" VPOS="3897" HPOS="1573"/>
<SP HEIGHT="45" WIDTH="26" VPOS="3906" HPOS="1634"/>
<String CONTENT="the" HEIGHT="44" WIDTH="76" VPOS="3897" HPOS="1661"/>
<SP HEIGHT="29" WIDTH="28" VPOS="3913" HPOS="1738"/>
<String CONTENT="author" HEIGHT="45" WIDTH="165" VPOS="3898" HPOS="1767"/>
<SP HEIGHT="44" WIDTH="29" VPOS="3899" HPOS="1933"/>
<String CONTENT="in" HEIGHT="44" WIDTH="44" VPOS="3899" HPOS="1963"/>
<SP HEIGHT="36" WIDTH="28" VPOS="3907" HPOS="2008"/>
<String CONTENT="the" HEIGHT="44" WIDTH="74" VPOS="3900" HPOS="2037"/>
<SP HEIGHT="28" WIDTH="28" VPOS="3916" HPOS="2112"/>
<String CONTENT="month" HEIGHT="44" WIDTH="157" VPOS="3902" HPOS="2141"/>
<SP HEIGHT="45" WIDTH="29" VPOS="3902" HPOS="2299"/>
<String CONTENT="of" HEIGHT="45" WIDTH="51" VPOS="3902" HPOS="2329"/>
</TextLine>
<TextLine HEIGHT="57" WIDTH="444" VPOS="3958" HPOS="372" LANG="en-US" CS="1">
<String CONTENT="April," HEIGHT="54" WIDTH="148" VPOS="3961" HPOS="372"/>
<SP HEIGHT="39" WIDTH="31" VPOS="3974" HPOS="521"/>
<String CS="1" CONTENT="MCMXXV.&#8221;" HEIGHT="44" WIDTH="39" VPOS="3958" HPOS="777"/>
</TextLine>
<TextLine HEIGHT="119" WIDTH="1979" VPOS="4009" HPOS="373" LANG="en-US" CS="1">
<String CONTENT="&#169;" HEIGHT="54" WIDTH="53" VPOS="4018" HPOS="373"/>
<SP HEIGHT="54" WIDTH="27" VPOS="4018" HPOS="427"/>
<String CONTENT="Apr." HEIGHT="52" WIDTH="112" VPOS="4019" HPOS="455"/>
<SP HEIGHT="44" WIDTH="28" VPOS="4018" HPOS="568"/>
<String CONTENT="8," HEIGHT="51" WIDTH="38" VPOS="4018" HPOS="597"/>
<SP HEIGHT="51" WIDTH="32" VPOS="4018" HPOS="636"/>
<String CONTENT="1925;" HEIGHT="54" WIDTH="130" VPOS="4015" HPOS="669"/>
<SP HEIGHT="53" WIDTH="28" VPOS="4016" HPOS="800"/>
<String CONTENT="2c." HEIGHT="43" WIDTH="65" VPOS="4016" HPOS="829"/>
<SP HEIGHT="45" WIDTH="28" VPOS="4014" HPOS="895"/>
<String CONTENT="Apr." HEIGHT="52" WIDTH="112" VPOS="4014" HPOS="924"/>
<SP HEIGHT="43" WIDTH="31" VPOS="4014" HPOS="1037"/>
<String CONTENT="15;" HEIGHT="56" WIDTH="75" VPOS="4011" HPOS="1069"/>
<SP HEIGHT="40" WIDTH="30" VPOS="4027" HPOS="1145"/>
<String CONTENT="aff." HEIGHT="44" WIDTH="78" VPOS="4012" HPOS="1176"/>
<SP HEIGHT="44" WIDTH="28" VPOS="4012" HPOS="1255"/>
<String CONTENT="Apr." HEIGHT="52" WIDTH="113" VPOS="4012" HPOS="1284"/>
<SP HEIGHT="42" WIDTH="32" VPOS="4012" HPOS="1398"/>
<String CONTENT="14;" HEIGHT="52" WIDTH="74" VPOS="4011" HPOS="1431"/>
<SP HEIGHT="52" WIDTH="33" VPOS="4011" HPOS="1506"/>
<!-- cceid 2FC1DDD2-6DD5-1014-B757-AF09C522E301 --><String CONTENT="A" HEIGHT="43" WIDTH="43" VPOS="4011" HPOS="1540"/>
<SP HEIGHT="43" WIDTH="30" VPOS="4011" HPOS="1584"/>
<String CONTENT="823746;" HEIGHT="56" WIDTH="189" VPOS="4009" HPOS="1615"/>
<SP HEIGHT="52" WIDTH="32" VPOS="4013" HPOS="1805"/>
<String LANG="fr" CONTENT="R." HEIGHT="43" WIDTH="52" VPOS="4013" HPOS="1838"/>
<SP HEIGHT="48" WIDTH="33" VPOS="4012" HPOS="1891"/>
<String CONTENT="S." HEIGHT="48" WIDTH="44" VPOS="4012" HPOS="1925"/>
<SP HEIGHT="44" WIDTH="28" VPOS="4015" HPOS="1970"/>
<String CONTENT="Wright," HEIGHT="54" WIDTH="200" VPOS="4014" HPOS="1999"/>
<SP HEIGHT="51" WIDTH="33" VPOS="4016" HPOS="2200"/>
<String CONTENT="Pasadena," HEIGHT="112" WIDTH="1909" VPOS="4016" HPOS="443"/>
<SP HEIGHT="55" WIDTH="24" VPOS="4073" HPOS="572"/>
<String CONTENT="Calif." HEIGHT="47" WIDTH="138" VPOS="4073" HPOS="597"/>
<SP HEIGHT="55" WIDTH="62" VPOS="4072" HPOS="736"/>
<String CONTENT="(25-8467)" HEIGHT="60" WIDTH="244" VPOS="4067" HPOS="799"/>
</TextLine>
</TextBlock>
</PrintSpace>
</Page>
</Layout>
</alto>