2533 4412
0 0 0 0 670
392 420 233 70 Punch,
656 441 57 38 v.
746 421 128 73 168,
905 442 96 37 no.
1034 423 169 72 4377,
1234 423 152 72 May
1415 426 89 70 27,
1537 424 166 57 1925.

389 496 54 54 ©
510 514 34 27 1c.
585 499 107 52 July
730 500 64 50 22,
839 498 130 53 1925;
1011 501 44 41 A
1093 501 56 43 ad
1189 502 77 42 int.
1308 499 103 45 7131;
1484 501 132 52 pubd.
1657 502 114 52 May
1810 501 78 51 27;
1932 502 202 44 Herbert
2175 502 220 53 Heather,

514 553 982 55 ℅ Bradbury Agnew & co., ltd., London.
392 641 151 72 Rex,
580 641 337 73 Benjamin
952 643 70 57 F.

469 735 130 59 The
639 735 310 58 notaries’
990 738 271 73 manual,
1305 737 362 74 containing
1709 740 119 56 full
1866 737 413 59 instructions
2324 757 68 38 as

390 818 63 54 to
496 815 168 56 their
701 834 263 54 powers,
1043 814 189 75 rights,
1274 815 204 60 duties
1522 818 123 58 and
1685 814 322 61 liabilities
2048 817 201 58 under
2290 817 103 58 the

389 895 150 55 laws
604 895 67 56 of
731 893 348 72 Arkansas,
1140 894 277 69 Kansas,
1479 892 322 73 Missouri,
1865 894 344 58 Oklahoma
2272 895 123 59 and

392 973 221 69 Texas,
679 973 288 72 together
1030 972 152 57 with
1246 974 60 57 all
1391 991 340 53 necessary
1791 974 222 68 forms,
2076 970 321 75 including

390 1051 200 56 forms
618 1051 103 55 for
748 1050 220 73 taking
993 1051 389 71 depositions
1412 1052 123 57 and
1564 1051 604 71 acknowledgments
2195 1052 200 56 under

389 1128 103 57 the
527 1129 152 57 laws
715 1129 67 57 of
818 1130 83 57 all
935 1129 104 56 the
1079 1131 196 55 states
1314 1130 125 56 and
1471 1127 356 60 territories
1864 1130 125 57 and
2019 1128 67 56 in
2122 1129 104 57 the
392 1128 1978 136 federal

560 1205 1832 73 courts, by Benjamin F. Rex … 7th ed., by W. H.
386 1282 2007 74 Bohling … Kansas City, Mo., Vernon law book co., 1925.
459 1362 57 52 vi,
547 1362 81 46 425
656 1376 41 38 p.
756 1363 53 45 23½c
863 1365 30 17 m
899 1398 9 9 .

389 1415 53 55 ©
479 1418 111 53 May
630 1418 63 51 18,
734 1416 129 53 1925;
901 1417 63 43 2c.
1002 1417 87 43 and
1125 1416 78 44 aff.
1240 1417 115 52 June
1392 1416 78 51 29;
1509 1415 47 43 A
1591 1415 190 53 829898;
1820 1415 191 45 Vernon
2047 1415 88 45 law
2171 1414 120 45 book
2327 1428 67 30 co.

462 1474 67 54 [©
563 1474 196 43 revision
791 1476 87 41 and
909 1489 100 29 new
1038 1481 182 45 matter]
1292 1472 274 55 (25-11949)

390 1559 371 73 Rockwood,
798 1559 154 74 Roy,
991 1560 214 73 pseud.

467 1653 128 56 The
638 1652 128 72 city
804 1651 245 72 beyond
1089 1650 103 57 the
1233 1650 247 70 clouds;
1522 1668 88 53 or,
1657 1647 322 73 Captured
2017 1649 84 72 by
2139 1649 103 57 the
2286 1648 112 58 red

388 1726 2011 77 dwarfs, by Roy Rockwood … New York, Cupples & Leon
388 1828 307 53 company
731 1841 11 43 [
747 1818 19 21 c
768 1809 148 56 1925]

459 1883 1687 57 2 p. l ., 244 p. front., plates. 19½ cm . (His Great marvel series)
388 1944 53 53 ©
472 1946 116 51 June
617 1945 37 51 6,
690 1943 129 53 1925;
852 1945 64 42 2c.
947 1944 88 43 and
1065 1944 77 43 aff.
1175 1944 115 52 June
1319 1944 79 50 24;
1433 1944 44 41 A
1508 1941 190 54 829827;
1734 1941 195 54 Cupples
1962 1943 38 43 &
2031 1942 123 43 Leon
2186 1956 66 29 co.

466 2000 271 58 (25-11514)

389 2090 176 69 Ross,
609 2089 278 57 Edward
923 2087 338 68 Alsworth,
1305 2088 191 57 1866-

468 2170 173 58 Civic
672 2170 333 71 sociology,
1037 2190 35 36 a
1101 2168 294 57 textbook
1422 2168 66 56 in
1520 2166 192 59 social
1743 2168 123 57 and
1896 2161 154 63 civic
2077 2167 315 71 problems

388 2243 1937 77 for voting Americans, by Edward Alsworth Ross …
387 2325 709 68 Yonkers-on-Hudson,
1147 2325 74 55 N.
1270 2324 94 67 Y.,
1416 2322 292 73 Chicago,
1756 2322 223 58 World
2027 2322 161 58 book
387 2339 1981 138 company,
603 2405 166 58 1925.

460 2484 44 43 vi
529 2497 56 38 p.,
615 2488 18 40 1
681 2518 22 16 l.,
732 2482 79 45 365
837 2495 40 38 p.
939 2481 167 51 diagrs.
1167 2481 53 43 20½
1256 2482 45 17 cm
1310 2517 8 8 .

462 2542 182 43 “Books
674 2539 188 51 bearing
891 2555 57 27 on
980 2536 115 46 civic
1124 2534 261 53 sociology”
1403 2552 10 28 :
1444 2549 42 38 p.
1518 2532 206 49 359-360.
1786 2533 330 46 “References”
2146 2544 45 34 at
2223 2534 84 45 end
2341 2535 53 44 of

387 2609 121 35 most
531 2598 52 45 of
608 2598 74 44 the
705 2597 224 50 chapters.

388 2645 1733 60 © June 11 , 1925; 2c. and aff. June 18; A 855586; World book co.
466 2707 272 56 (25-11579)

391 2794 347 61 Scribner’s
773 2790 344 75 magazine.

467 2871 357 60 Scribner’s
867 2869 333 58 handbook
1243 2867 69 58 of
1352 2867 222 58 travel.
1658 2867 140 57 Enl.
1845 2867 123 57 and
2011 2886 128 38 rev.
2187 2868 92 56 ed.
2328 2913 63 11 ...

387 2953 151 55 New
565 2951 193 68 York,
789 2948 281 69 London,
1105 2946 64 58 C.
1206 2945 358 59 Scribner’s
1599 2963 166 52 sons,
1797 2952 18 21 c
1820 2944 167 56 1924.

460 3029 79 43 136
564 3043 41 38 p.
668 3027 52 43 16
725 3028 46 17 cm
779 3061 8 8 .

460 3085 75 44 On
560 3098 139 30 cover
715 3099 7 28 :
751 3082 144 45 What
919 3090 47 35 to
992 3081 118 49 take,
1137 3079 126 47 what
1288 3087 47 35 to
1361 3093 137 37 wear,
1524 3080 123 42 book
1673 3078 78 43 list
1780 3078 77 43 for
1883 3077 254 52 travellers,
2165 3076 229 54 arranged

387 3141 253 52 according
664 3148 48 35 to
743 3138 249 45 countries.

459 3196 224 47 Contains
712 3194 290 54 advertising
1026 3201 181 37 matter.

385 3255 53 53 ©
472 3257 108 42 Dec.
610 3255 68 51 27,
712 3254 130 51 1924;
875 3254 63 41 2c.
972 3253 86 42 and
1088 3252 79 43 aff.
1199 3252 117 51 June
1349 3250 63 52 18,
1449 3247 129 53 1925;
1613 3251 44 41 A
1688 3247 191 54 859156;
1917 3248 187 45 Charles
2141 3248 249 48 Scribner’s

457 3328 117 28 sons.
639 3309 66 55 [©
739 3311 196 43 revision
967 3310 86 42 and
1086 3307 246 45 additional
1365 3306 223 52 material]
1659 3304 272 55 (25-11492)

391 3396 253 73 Secrist,
683 3397 263 70 Horace,
985 3398 191 56 1881-

463 3477 101 55 An
597 3473 427 59 introduction
1058 3476 63 53 to
1160 3470 338 58 statistical
1531 3469 318 71 methods;
1889 3490 36 37 a
1960 3469 295 59 textbook
2288 3469 105 58 for

386 3555 231 71 college
654 3553 305 69 students,
998 3571 35 36 a
1065 3551 254 55 manual
1352 3548 104 57 for
1493 3547 415 59 statisticians
1945 3548 123 57 and
2102 3547 288 58 business

387 3631 372 70 executives,
795 3631 85 70 by
915 3629 247 56 Horace
1203 3626 238 59 Secrist
1484 3673 62 9 ...
1633 3626 149 55 Rev.
1823 3626 92 56 ed.
1965 3624 298 73 (entirely
385 3644 1979 123 rewritten

674 3713 124 56 and
833 3706 145 70 enl.)
1088 3706 153 56 New
1273 3704 191 72 York,
1503 3703 130 57 The
1670 3702 361 58 Macmillan
2067 3720 323 54 company,

388 3790 165 55 1925.

456 3864 152 44 xxxiii
636 3879 53 38 p.,
720 3866 18 41 1
787 3898 21 16 l.,
837 3862 82 45 584
945 3877 39 38 p.
1045 3862 130 50 illus.,
1205 3861 169 52 diagrs.
1433 3859 54 43 20½
1521 3860 48 18 cm
1575 3893 10 10 .

458 3920 328 46 “References”
815 3928 46 38 at
888 3920 83 43 end
1000 3920 51 43 of
1077 3926 118 36 most
1221 3917 51 45 of
1297 3918 78 43 the
1403 3916 222 52 chapters.

386 3980 53 53 ©
467 3982 115 50 June
607 3979 63 46 30,
702 3977 130 51 1925;
860 3978 64 42 2c.
951 3977 107 52 July
1083 3976 50 48 2;
1163 3975 77 42 aff.
1267 3975 107 51 July
1404 3975 18 40 1;
1479 3973 44 41 A
1551 3973 189 51 829980;
1772 3971 266 44 Macmillan
2065 3986 64 28 co.
2207 3967 53 54 [©
2286 3984 103 29 new

456 4039 88 42 and
578 4036 176 43 revised
786 4033 221 52 material]
1079 4029 271 57 (25-12257)
