2533 4412
0 0 0 0 612
357 462 274 72 Harlow,
677 462 211 74 Ralph
929 461 259 74 Volney.

437 539 129 57 The
591 540 244 72 growth
857 539 69 57 of
949 539 104 57 the
1077 539 238 58 United
1342 539 231 71 States,
1599 539 83 71 by
1706 539 210 71 Ralph
1933 538 245 72 Volney

357 539 1979 151 Harlow … New York, H. Holt and company [c1925]
426 712 77 37 XV,
524 696 84 43 862
629 710 40 38 p.
731 695 151 52 front.,
906 709 140 38 maps.
1105 695 57 42 22½
1195 698 46 17 cm
1248 730 8 8 .

429 751 415 54 “Bibliographical
865 752 158 44 notes”:
1083 766 40 38 p.
1148 750 205 45 825-836.

353 808 55 54 ©
439 811 114 52 May
577 809 69 52 27,
680 807 104 46 1925;
841 811 65 41 2c.
937 809 87 43 and
1054 809 79 43 aff.
1163 810 117 52 June
1309 810 24 42 3;
1391 809 45 42 A
1465 808 165 45 829505;
1690 809 162 52 Henry
1883 808 116 45 Holt
2031 809 36 44 &
2096 824 69 28 co.

433 865 272 58 (25-10753)

358 953 180 71 Hart,
581 950 285 60 William
906 951 252 73 Surrey,
1203 953 190 57 1874-

435 1033 129 58 The
611 1031 205 59 Order
856 1032 68 57 of
970 1031 245 59 Chanta
1261 1036 207 67 sutas;
1513 1051 38 37 a
1592 1029 212 74 ritual,
1844 1032 84 70 by
1969 1030 281 59 William
2296 1031 60 59 S.

356 1108 2000 74 Hart. Hollywood, The William S. Hart company [ c 1925]
424 1187 99 52 xiii,
549 1189 53 45 98
624 1200 42 40 p.
730 1187 158 52 front.,
915 1186 130 52 illus.,
1073 1187 158 51 plates.
1294 1189 50 43 19
1350 1189 47 19 cm
1404 1224 8 8 .

428 1243 225 46 “Limited
681 1242 213 47 edition.”
953 1242 113 47 This
1094 1256 114 39 copy
1234 1250 80 40 not
1339 1243 257 46 numbered.

354 1297 55 54 ©
438 1300 114 51 May
579 1299 68 52 20,
679 1298 131 53 1925;
840 1299 65 42 2c.
935 1300 88 43 and
1052 1299 80 43 aff.
1163 1299 115 51 May
1303 1298 80 53 23;
1414 1298 47 43 A
1489 1298 190 52 829348;
1712 1299 75 43 W.
1822 1296 45 48 S.
1899 1297 135 51 Hart,
2067 1296 292 54 Hollywood,

427 1355 134 46 Calif.
631 1353 272 57 (25-10648)

357 1441 324 74 Hazelton,
726 1440 221 75 Henry
987 1439 230 59 Isham.

438 1520 129 57 The
616 1519 319 72 boroughs
987 1519 68 57 of
1104 1518 323 73 Brooklyn
1477 1521 124 56 and
1652 1519 262 73 Queens,
1967 1521 279 57 counties
2297 1522 68 56 of

358 1597 253 58 Nassau
644 1599 123 56 and
805 1597 265 73 Suffolk,
1106 1598 180 72 Long
1318 1598 236 74 Island,
1590 1598 151 57 New
1774 1599 190 72 York,
2004 1601 356 56 1609-1924.

358 1676 154 58 New
533 1677 191 72 York,
753 1674 291 74 Chicago,
1070 1676 202 57 Lewis
1296 1675 329 58 historical
1648 1676 367 74 publishing
2039 1696 323 54 company,

354 1756 138 72 inc.,
526 1757 166 56 1925.

430 1833 22 44 5
477 1849 41 28 V.
579 1832 149 46 fronts.
770 1833 66 54 (v.
862 1831 106 55 3-5)
995 1832 158 54 plates,
1178 1840 154 45 ports.,
1357 1847 141 38 maps.
1555 1832 55 45 27½cm.

427 1890 130 44 Vols.
597 1891 76 43 1-3
711 1890 145 53 paged
893 1889 330 53 continuously.

429 1948 130 44 Vols.
586 1949 25 42 4
636 1950 87 42 and
750 1947 22 44 5
798 1946 181 45 contain
1006 1947 309 54 biographical
1340 1947 221 44 material.

355 2004 53 55 ©
439 2007 112 53 May
578 2004 69 54 25,
678 2004 104 45 1925;
837 2005 66 44 2c.
934 2005 110 44 each
1072 2005 87 44 and
1187 2005 79 44 aff.
1296 2005 115 54 June
1443 2006 17 42 1;
1521 2005 45 43 A
1593 2004 165 48 829445;
1816 2005 150 45 Lewis
1994 2004 235 47 historical
2258 2006 101 54 pub.

426 2079 81 37 co.,
543 2064 83 43 inc.
695 2061 274 56 (25-10750)

357 2147 249 75 Hinkle,
654 2148 271 57 Thomas
974 2147 208 73 Clark,
1230 2150 191 57 1876-

436 2226 346 75 Split-Ear,
821 2246 37 37 a
892 2228 275 72 battling
1203 2230 236 70 coyote,
1473 2229 85 71 by
1594 2229 272 58 Thomas
1905 2227 192 60 Clark
2127 2228 232 61 Hinkle

425 2305 1932 76 … with pictures by William Wallace Clarke. Chicago,
357 2384 1582 71 New York, Rand, McNally & company [ c 1925]
425 2462 756 53 269 p. illus., col. pl. 19½c m .
354 2516 55 54 ©
440 2518 112 52 May
578 2516 68 53 26,
680 2516 104 44 1925;
840 2517 64 42 2c.
933 2517 119 52 June
1081 2518 18 40 1;
1159 2516 79 43 aff.
1268 2517 115 51 June
1410 2517 26 42 3;
1495 2517 45 42 A
1569 2516 165 44 829498;
1794 2518 145 52 Rand,
1972 2516 224 55 McNally
2227 2519 39 43 &
2292 2533 67 28 co.

434 2572 272 58 (25-10725)

358 2661 288 72 Hockett,
688 2661 236 57 Homer
965 2660 43 57 C
1326 2661 191 58 1875-

433 2738 294 59 Political
757 2740 123 56 and
911 2737 192 59 social
1130 2737 249 73 history
1407 2739 69 56 of
1505 2738 105 58 the
1639 2738 239 59 United
1910 2739 231 75 States,
2176 2742 189 57 1492-

357 2819 168 70 1828,
547 2818 84 71 by
651 2817 239 57 Homer
918 2815 63 60 C.
1006 2816 272 58 Hockett…
1456 2816 153 57 New
1629 2816 191 73 York,
1848 2818 130 58 The
2002 2818 362 59 Macmillan

356 2915 323 53 company,
716 2896 166 56 1925.

425 2974 95 54 xiii,
552 2975 69 50 [1],
649 2973 82 44 438
756 2988 42 37 p.
859 2972 154 55 front.,
1040 2987 141 38 maps,
1206 2971 146 54 diagr.
1411 2971 53 43 22½cm.

429 3029 281 54 Companion
742 3028 180 46 volume
955 3036 46 38 to
1037 3028 217 45 Political
1284 3030 87 43 and
1406 3029 137 44 social
1578 3029 180 54 history
1791 3030 51 43 of
1877 3029 74 45 the
1986 3029 175 45 United
2198 3029 165 54 States,

359 3085 258 54 1829-1925,
650 3087 59 53 by
740 3086 178 44 Arthur
950 3086 152 43 Meier
1137 3084 304 55 Schlesinger.

429 3144 126 45 “List
590 3144 50 46 of
673 3142 196 46 books”:
905 3158 40 39 p.
979 3142 207 45 400-408.

358 3201 53 54 ©
435 3202 119 52 June
577 3203 39 51 9,
645 3200 132 55 1925;
803 3202 64 43 2c.
895 3202 87 43 and
1008 3201 78 43 aff.
1114 3201 116 52 June
1263 3201 74 52 10;
1366 3201 45 42 A
1438 3200 189 53 829608;
1659 3201 270 44 Macmillan
1953 3217 65 29 co.

436 3258 271 56 (25-10817)

357 3343 272 73 Holmes,
673 3344 221 57 Urban
934 3342 250 74 Tigner.

434 3423 61 57 A
536 3422 249 57 French
826 3420 431 72 composition,
1303 3421 346 72 consisting
1691 3422 68 58 of
1801 3422 273 74 original
2116 3424 245 59 French

359 3498 1933 74 text with English paraphrase, by Urban T. Holmes …
361 3578 343 71 Columbia,
734 3578 143 71 Mo.,
906 3577 203 57 Lucas
1138 3577 291 57 brothers
1462 3605 13 43 [
1478 3584 19 22 c
1499 3578 164 72 1925]

430 3657 55 49 iv,
523 3654 78 46 127
634 3671 39 37 p,
738 3656 50 44 19½cm.

359 3713 53 54 ©
438 3713 106 45 Feb.
571 3714 37 52 3,
640 3711 131 54 1925;
797 3712 64 43 2c.
888 3712 87 44 and
1002 3712 79 43 aff.
1111 3710 106 44 Feb.
1248 3711 74 53 16;
1351 3712 45 42 A
1421 3710 190 53 822048;
1643 3711 145 44 Lucas
1817 3712 133 52 bros.,
1982 3711 251 55 Columbia,
2262 3715 95 43 Mo.

437 3768 242 58 (25-4406)

361 3843 238 71 Hovey,
634 3839 225 58 Albert
896 3838 268 72 Simeon,
1205 3841 189 57 1850-

498 3914 1862 75 … The pyramid and solids. (Rev. ed.) A treatise
358 4018 169 52 upon
557 3996 424 72 polyhedrons
1012 3992 321 74 including
1362 3992 361 74 prismoids,
1755 4015 35 37 a
1823 3997 256 70 general
2108 3998 253 58 method
