2533 4412
1124 4073 109 57 221

174 437 333 73 Robinson,
544 439 246 71 Alfred,
832 440 357 58 1806-1895.

250 527 143 58 Life
431 528 64 56 in
537 527 350 59 California
924 529 218 57 before
1182 528 103 60 the
1326 532 326 69 conquest;
175 529 1973 146 Hispano-Californians,

509 606 262 71 léperos,
799 607 47 56 &
872 605 278 72 Indians,
1180 605 386 58 Franciscan
1589 606 372 60 misioneros
1990 606 48 60 &
177 607 1973 149 misiones,

440 683 337 58 American
818 684 47 58 &
903 684 267 72 English
1210 683 464 73 comerciantes,
1714 689 280 67 puertos,
178 704 1971 129 presidios,
434 762 294 71 castillos,

774 762 225 58 sailors
1042 762 48 56 &
1127 762 528 70 backwoodsmen,
1698 761 386 60 revolutions
2128 761 48 60 &

178 838 1996 74 strife, by Alfred Robinson … Reprinted from the first
177 916 236 59 edition
450 918 332 71 published
819 919 65 55 in
923 919 152 57 New
1112 918 174 57 York
1322 917 66 56 in
1429 919 168 69 1846,
1638 919 124 56 and
1803 919 209 57 edited
2052 920 124 56 and

177 996 319 57 corrected
526 995 551 72 typographically
1105 994 152 58 with
1288 1013 303 54 synopses
1626 995 68 58 of
1723 996 105 57 the
1862 997 312 71 chapters,

177 1074 124 58 and
324 1091 39 38 a
384 1073 315 57 foreword
722 1073 48 56 &
791 1077 196 69 notes,
1011 1074 85 71 by
1119 1074 270 56 Thomas
1417 1071 63 60 C.
1507 1074 281 70 Russell;
1814 1074 362 58 illustrated

175 1150 152 57 with
368 1150 495 72 reproductions,
905 1141 66 66 in
1008 1151 349 71 mezzotint,
1401 1150 199 58 direct
1641 1150 168 57 from
1850 1152 104 56 the
177 1151 1972 149 lithographs

453 1227 65 57 in
558 1228 103 57 the
702 1226 140 59 first
883 1226 252 60 edition.
1221 1227 128 59 San
1390 1228 360 71 Francisco,
1794 1223 205 79 Calif.,
2046 1230 129 57 The

177 1305 259 58 Private
463 1324 182 53 press
675 1305 68 59 of
770 1306 68 56 T.
873 1305 63 59 C.
968 1305 266 73 Russell,
1266 1307 164 55 1925.

245 1380 1213 56 xxvii, 316 p., 1 l. front., illus., plates. 25½ cm .
246 1440 132 45 With
407 1438 319 55 reproduction
750 1439 52 48 of
826 1446 96 47 t.-p.
951 1439 52 45 of
1029 1439 195 54 original
1250 1438 180 46 edition.

250 1496 139 45 “This
413 1497 121 45 book
559 1497 36 44 is
621 1512 83 29 one
728 1496 53 45 of
803 1513 57 27 an
885 1497 166 44 edition
1075 1496 53 45 of
1137 1504 107 43 .two
1269 1496 206 45 hundred
1502 1497 38 44 &
1564 1495 107 55 fifty
1702 1495 132 56 (250)
1868 1500 246 44 numbered
2141 1501 35 43 &

179 1552 1862 55 signed copies … This copy is no. 102. (Signed) Thomas C. Russell.”
249 1612 122 43 Does
399 1619 79 36 not
507 1611 181 44 contain
717 1609 74 45 the
821 1609 269 45 translation
1119 1610 53 44 of
1201 1608 241 46 Boscana’s
1475 1609 400 54 “Chinigchinich”
1904 1612 149 44 which
2083 1628 94 29 was

178 1668 230 52 appended
436 1676 47 35 to
511 1666 73 45 the
612 1665 195 55 original
836 1665 182 45 edition.

178 1729 54 55 ©
261 1731 108 44 Feb.
403 1732 61 51 14,
497 1730 131 54 1925;
658 1731 65 43 2c.
755 1730 107 44 Feb.
894 1730 78 52 20;
1006 1730 79 43 aff.
1115 1729 107 45 Feb.
1257 1730 73 51 18;
1364 1730 43 43 A
1438 1730 191 53 822248;
1661 1730 202 45 Thomas
1897 1732 48 45 C.
1980 1734 193 43 Russell,

264 1784 56 54 [©
348 1800 101 30 new
479 1786 245 51 foreword,
753 1793 139 42 notes,
924 1799 230 38 synopses,
1185 1785 275 43 corrections
1491 1787 87 42 and
1607 1787 175 42 textual
1813 1788 277 55 alterations]

259 1842 242 54 (25-5623)

179 1928 336 73 Rosegger,
555 1928 201 69 Peter,
797 1927 357 57 1843-1918.

257 2005 443 60 Briefwechsel
745 2004 301 58 zwischen
1086 2004 191 58 Peter
1317 2004 324 74 Rosegger
1679 2008 127 57 und
1848 2007 328 62 Friedrich

178 2104 56 38 v.
260 2085 390 71 Hausegger,
672 2083 171 72 hrsg.
869 2101 122 38 von
1017 2082 341 72 Siegmund
1381 2102 54 36 v.
1462 2083 406 75 Hausegger;
1892 2086 115 58 mit
2033 2089 147 57 zwei

179 2161 417 74 bildbeilagen
645 2162 126 56 und
821 2161 147 56 zwei
1018 2160 659 72 handschriftproben.
1779 2163 276 75 Leipzig,
2109 2167 67 55 L.

184 2240 436 71 Staackmann,
652 2240 164 55 1924.

251 2318 83 43 216
363 2333 40 37 p.
462 2318 28 42 2
517 2323 102 46 port.
659 2315 126 54 (incl.
818 2315 164 53 front.)
1022 2314 198 44 facsims.
1281 2315 53 42 22
1341 2317 46 18 cm
1394 2350 8 8 .

180 2370 1883 58 © Sept. 18, 1924; 1c. Jan. 3, 1925; A—Foreign 26483; L. Staackmann.
261 2430 242 56 (25-6458)

183 2516 447 72 Shakespeare,
670 2513 298 71 William,
1012 2515 190 56 1849-

257 2589 1854 78 Plain words on singing, by William Shakespeare …
182 2673 261 57 London
469 2671 47 56 &
539 2671 152 56 New
714 2669 191 71 York,
933 2668 69 59 G.
1032 2669 70 56 P.
1130 2669 335 57 Putnam’s
1495 2688 144 40 sons
1669 2673 182 75 [1924]

255 2748 1038 57 xiv, 119 p. illus. (music) II pl. 19½ cm .
184 2801 1993 63 © 1c. Jan. 5, 1925: A ad int. 6570; pubd. Nov. 5, 1924; W. Shakespeare,
307 2858 1124 55 ℅ G. P. Putnam’s sons, London. (25-3002).
186 2947 323 71 Shatford,
547 2945 193 57 Allan
776 2946 294 70 Pearson,
1111 2946 189 57 1873-

265 3026 114 59 Six
405 3024 211 57 marks
649 3022 69 57 of
747 3046 35 36 a
817 3021 339 71 Christian,
1185 3022 83 70 by
1303 3021 214 59 Canon
1549 3024 190 59 Allan
1771 3027 67 57 P.
1875 3028 307 61 Shatford

256 3099 1925 74 … Philadelphia, Chicago [etc.] The John C. Winston
187 3197 307 56 company
522 3208 14 44 [
538 3186 18 24 c
559 3178 165 73 1925]

258 3254 887 57 122 p. incl. front. (port.) 17½ cm .
258 3310 1510 54 “Addresses … delivered … in Philadelphia.”—Foreword.
189 3368 1975 115 CONTENTS.— Loyalty.—Courage.—Patience.—Humility.—Freedom.—Generosity.
189 3485 53 53 ©
268 3487 119 42 Mar.
414 3485 40 49 4,
485 3483 129 53 1925;
642 3484 64 42 2c.
735 3484 119 42 Mar.
885 3483 74 52 14;
989 3484 79 43 aff.
1098 3484 119 42 Mar.
1249 3485 73 50 13;
1354 3485 43 41 A
1425 3486 189 53 822391;
1644 3488 118 52 John
1793 3489 47 45 C.
1870 3493 214 45 Winston
2113 3511 65 28 co.

268 3540 241 56 (25-6520)

190 3625 340 71 Silberrad,
573 3625 142 57 Una
751 3623 190 74 Lucy,
985 3626 189 56 1872-

266 3705 137 71 Joe,
455 3724 35 36 a
541 3703 219 70 simple
812 3702 152 71 soul,
1011 3703 85 70 by
1142 3702 146 58 Una
1333 3702 68 57 L.
1456 3704 341 63 Silberrad.
1903 3712 278 76 London,

188 3782 396 58 Hutchinson
612 3780 49 57 &
689 3800 85 38 co.
812 3780 182 74 [1924]

257 3859 28 42 2
314 3873 39 38 p.
420 3893 9 16 l.,
461 3856 138 45 7-316
628 3871 39 36 p.
730 3857 147 44 19½cm.

190 3912 1988 65 © 1c. Jan. 30, 1925; A ad int. 6625; pubd. Dec. 5, 1924; U. L. Silberrad,
264 3970 292 54 Sunnycroft,
585 3970 258 45 Buckhurst
871 3970 115 52 Hill,
1015 3969 162 52 Essex,
1204 3970 222 54 England.
1495 3975 242 49 (25-3854)
