2533 4412
1315 4081 109 56 382

370 413 338 72 McIntyre,
750 413 170 58 John
957 413 287 71 Thomas,
1287 417 189 56 1871-

446 507 1929 74 A young man’s fancy, by John T. McIntyre … New
370 585 189 72 York,
589 585 342 58 Frederick
953 586 75 56 A.
1059 586 222 58 Stokes
1312 604 324 54 company,
1663 587 165 56 1925.

442 661 548 54 1 p. l., 174 p. 19½ cm .
371 716 53 54 ©
453 718 113 52 Apr.
597 719 38 51 9,
667 717 130 52 1925;
826 719 66 43 2c.
922 719 90 42 and
1037 718 79 43 aff.
1146 718 113 51 Apr.
1294 718 74 51 11;
1402 718 43 42 A
1478 715 187 54 823685;
1698 719 40 51 J.
1770 717 54 44 T.
1858 719 253 53 McIntyre,
441 718 1909 110 Philadelphia.
628 774 243 55 (25-8270)

369 874 324 73 Marshall,
734 874 254 73 Edison,
1031 876 189 57 1894-

448 970 128 57 The
606 970 242 71 sleeper
876 969 66 58 of
967 968 104 58 the
1097 967 262 58 moonlit
1385 987 228 53 ranges;
1675 989 38 38 a
1734 989 135 37 new
1892 969 201 71 novel,
2119 970 82 71 by
371 969 1979 137 Edison

513 1046 1863 74 Marshall … illustrations by Jes W. Schlaikjer. New
368 1126 190 74 York,
595 1124 470 72 Cosmopolitan
1093 1123 160 59 book
1283 1123 423 73 corporation,
1735 1125 166 59 1925.

439 1201 1306 55 4 p. l., 311 p. front., 2 pl. (1 col. double) 19½ cm .
371 1258 53 54 ©
449 1260 112 51 Apr.
592 1259 62 51 10,
682 1257 130 52 1925;
838 1258 64 43 2c.
928 1259 89 42 and
1039 1258 79 43 aff.
1146 1259 112 50 Apr.
1289 1258 45 41 11;
1390 1257 43 42 A
1459 1256 190 53 823704;
1678 1256 52 48 E.
1759 1257 242 54 Marshall,
2030 1259 231 53 Medford,
2291 1260 80 44 Or.

450 1315 243 55 (25-8267)

368 1415 341 73 Mumford,
750 1413 169 60 John
956 1412 344 74 Kimberly,
1343 1415 190 57 1863-

367 1503 1979 139 … Anthracite, by John K. Mumford. New York, Industries
672 1582 364 73 publishing
1064 1600 325 53 company,
1417 1583 167 56 1925.

449 1663 77 45 150
556 1679 38 37 p.
660 1664 51 43 19c
734 1665 28 16 m
769 1697 7 7 .
848 1662 255 53 (Romance
1132 1661 50 43 of
1213 1661 205 51 industry
1449 1660 163 52 series)

371 1719 53 54 ©
455 1721 118 42 Mar.
604 1720 67 51 26,
703 1718 131 53 1925;
864 1719 65 43 2c.
961 1719 87 42 and
1078 1719 78 42 aff.
1189 1719 119 42 Mar.
1338 1719 79 51 28;
1451 1718 43 42 A
1525 1717 189 52 822761;
1751 1717 249 45 Industries
2029 1720 105 51 pub.
2167 1735 64 28 co.

449 1776 244 55 (25-8183)

368 1878 174 71 Nutt,
581 1876 168 58 John
784 1875 256 73 Joseph,
1077 1877 190 56 1870-

446 1966 297 60 Diseases
780 1967 124 57 and
938 1964 396 59 deformities
1372 1964 68 58 of
1476 1966 103 57 the
1618 1964 156 74 foot,
1809 1967 85 73 by
1927 1967 172 58 John
2134 1968 242 75 Joseph

369 2043 2007 74 Nutt … 2d ed., completely rev. New York, E. B. Treat
367 2125 48 59 &
444 2142 325 55 company,
801 2123 168 58 1925.

438 2199 954 58 7 p. l , 13-309 p. illus., IV pl. 22 cm .
370 2259 53 54 ©
456 2261 119 42 Mar.
608 2259 68 53 25,
713 2258 129 53 1925;
875 2259 65 42 2c.
976 2259 118 42 Mar.
1127 2258 77 51 28;
1240 2258 78 42 aff.
1353 2257 112 53 Apr.
1500 2256 49 53 7;
1585 2259 43 41 A
1662 2258 188 52 823639;
1888 2256 51 48 E.
1977 2260 50 42 B.
2061 2258 142 45 Treat
2236 2261 38 43 &
2303 2276 66 29 co.

444 2315 66 55 [©
542 2332 101 28 new
674 2323 166 36 matter
872 2314 281 53 throughout
1184 2314 76 43 the
1292 2315 133 52 book]
1497 2312 243 56 (25-8205)

368 2403 215 72 Orczy,
619 2400 359 72 Emmuska,
1017 2402 316 71 baroness,
1369 2402 191 56 1865-

447 2494 130 57 The
609 2493 103 58 old
739 2511 146 38 man
913 2492 65 57 in
1008 2492 103 56 the
1143 2510 223 39 corner
1394 2492 296 58 unravels
1723 2492 105 61 the
1859 2497 285 69 mystery
2174 2496 68 56 of
2272 2496 105 58 the

370 2572 182 58 white
598 2570 328 59 carnation
972 2571 124 57 and
1142 2570 103 58 the
1293 2569 419 60 Montmartre
1757 2571 129 73 hat,
1931 2572 84 72 by
2058 2572 317 59 Baroness

369 2652 214 71 Orczy.
668 2650 153 57 New
851 2648 191 73 York,
1077 2648 244 73 George
1355 2648 78 57 H.
1470 2648 218 58 Doran
1721 2668 306 54 company
2063 2679 14 43 [
2080 2658 18 22 c
2101 2652 164 73 1925]

438 2729 53 43 63
518 2744 40 37 p.
623 2729 49 43 19
678 2729 47 17 cm
733 2762 7 8 .

370 2784 53 54 ©
451 2787 118 41 Mar.
595 2785 67 50 21,
692 2783 130 53 1925;
850 2784 64 42 2c.
945 2784 118 42 Mar.
1089 2783 79 51 23;
1198 2783 78 42 aff.
1304 2783 111 51 Apr.
1445 2782 48 53 7;
1525 2784 43 41 A
1595 2783 190 52 822815;
1818 2783 182 54 George
2025 2785 61 43 H.
2117 2785 158 43 Doran
2305 2800 64 29 co.

449 2841 243 56 (25-8120)

369 2925 332 72 Rockwell,
738 2928 157 57 Mrs.
931 2925 232 56 Esther
1205 2924 322 73 (Francis)
1576 2926 189 57 1887-

517 3014 1853 76 … When the world was young, the story of Genesis [by]
371 3096 234 56 Esther
653 3092 608 59 Francis-Rockwell;
1339 3091 142 72 pub.
1534 3092 106 57 for
1686 3093 104 56 the
1839 3093 418 72 Department
2307 3096 65 56 of

372 3173 329 59 education
737 3172 68 58 of
840 3171 105 58 the
985 3170 269 60 General
1291 3170 367 59 conference
1697 3171 68 58 of
1805 3170 429 76 Seventh-day
369 3175 1981 135 adventists.

730 3250 331 57 Mountain
1093 3249 194 73 View,
1328 3247 206 73 Calif.,
1567 3250 466 73 Portland,Or.
2073 3255 145 70 [etc.]
370 3253 1979 135 Pacific

527 3349 182 53 press
740 3328 364 73 publishing
1132 3327 398 71 association,
1561 3328 167 58 1924.

439 3410 95 49 xiii,
569 3410 68 47 [1],
669 3409 83 43 319
778 3424 39 37 p.
851 3408 100 43 incl.
983 3407 129 50 illus.,
1143 3421 114 38 map.
1319 3406 52 43 20
1380 3409 46 17 cm
1433 3442 7 7 .
1506 3407 143 45 [Bible
1680 3407 171 46 lessons
1884 3409 150 46 series]

443 3469 64 41 At
531 3466 115 44 head
670 3466 50 44 of
744 3465 97 43 title
857 3480 8 27 :
895 3464 130 44 Bible
1051 3464 173 43 lessons
1252 3463 73 44 for
1350 3463 74 45 the
1450 3463 122 44 third
1596 3466 152 50 grade.

370 3522 53 54 ©
459 3522 120 53 Sept.
612 3521 36 50 5,
686 3522 129 52 1924;
851 3521 64 43 2c.
948 3522 88 42 and
1066 3521 78 42 aff.
1181 3519 120 53 Sept.
1339 3520 74 51 16;
1449 3521 43 42 A
1525 3520 188 53 801872;
1752 3522 169 44 Pacific
1955 3537 123 38 press
2113 3524 101 51 pub.
2250 3539 116 29 assn.

450 3579 270 55 (24-23628)

369 3664 193 70 Scott,
596 3664 153 56 Mrs.
785 3659 259 74 Evelyn.

446 3757 129 58 The
605 3756 224 73 golden
857 3757 173 70 door,
1057 3755 83 72 by
1165 3754 244 73 Evelyn
1439 3754 191 60 Scott.
1713 3755 151 58 New
1890 3755 191 74 York,
2110 3758 69 63 F.
367 3756 1980 151 Seltzer,
516 3836 166 56 1925.

442 3911 599 54 5 p. l., 3-275 p. 19½ cm .
371 3967 53 54 ©
453 3970 118 42 Mar.
600 3969 39 50 9,
670 3965 129 54 1925;
829 3967 64 43 2c.
923 3968 110 50 Apr.
1066 3967 74 50 13;
1171 3966 78 43 aff.
1279 3967 119 42 Mar.
1432 3966 73 50 18;
1537 3966 43 41 A
1609 3965 188 53 822856;
1829 3965 200 47 Thomas
2063 3968 186 55 Seltzer,
2283 3970 82 45 inc.

451 4024 242 55 (25-8264)
