2533 4412
1276 4097 110 57 538

333 425 318 76 Clausing,
688 427 184 59 Roth.

475 517 1865 80 … The Roman colonate, the theories of its origin, by
331 594 2006 80 Roth Clausing … with an introduction by Vladimir G.
333 673 2007 78 Simkhovitch … New York, Columbia university; [etc.,
331 757 130 70 etc.]
496 755 167 58 1925.

401 833 81 46 333
516 848 41 39 p.
616 832 52 45 23
677 835 47 17 cm
730 867 9 10 .
808 830 210 57 (Studies
1052 830 46 46 in
1129 831 190 55 history,
1353 830 252 48 economics
1639 834 87 44 and
1757 831 149 55 public
1939 832 100 51 law,
2073 833 66 44 ed.
2173 833 59 54 by
2264 832 76 45 the

333 889 192 52 Faculty
552 891 51 43 of
629 889 201 54 political
860 889 175 45 science
1064 889 52 45 of
1149 888 238 45 Columbia
1417 888 264 56 university,
1712 889 87 44 vol.
1968 926 8 16 CXVII,
2007 905 73 28 no.
2115 892 17 41 1;
2194 888 147 46 whole

330 963 71 29 no.
431 947 107 54 260)

403 1003 234 49 “Selected
666 1001 374 57 bibliography”:
1070 1018 41 38 p.
1142 1002 207 45 318-323.

327 1073 56 54 ©
417 1075 112 52 Apr.
562 1075 68 51 29,
668 1072 131 53 1925;
835 1073 64 44 2c.
936 1072 89 45 and
1057 1073 79 43 aff.
1173 1073 114 53 May
1317 1073 52 53 2;
1405 1074 44 42 A
1484 1071 191 55 823985;
1714 1074 54 42 R.
1807 1072 229 54 Clausing,
2073 1070 264 55 Rochester,

401 1131 60 44 N.
492 1131 57 43 Y.
619 1129 243 55 (25-9660)

335 1230 251 59 Conrad
618 1246 127 42 von
783 1227 409 75 Hötzendorf,
1233 1230 223 72 Franz,
1495 1229 169 76 graf,
1702 1232 192 57 1852-

476 1318 1863 79 … Aus meiner dienstzeit, 1906-1918. 4. bd. 24. juni
331 1403 150 58 1914
509 1401 96 59 bis
638 1403 88 56 30.
762 1401 357 74 September
1147 1402 166 57 1914.
1397 1400 117 59 Die
1545 1400 381 73 politischen
1954 1401 131 58 und
330 1396 1984 146 militärischen

659 1483 274 71 vorgänge
967 1498 146 40 vom
1145 1480 438 59 fürstenmord
1615 1480 67 56 in
1721 1480 309 72 Sarajevo
2066 1479 98 59 bis
2201 1499 138 37 zum

330 1557 324 61 abschluss
689 1560 115 56 der
837 1560 211 57 ersten
1080 1559 130 57 und
1241 1558 97 57 bis
1373 1577 136 37 zum
1542 1556 231 75 beginn
1808 1560 114 56 der
1954 1557 258 60 zweiten

328 1554 1987 145 offensive
630 1657 198 53 gegen
885 1635 265 60 Serbien
1207 1637 130 56 und
1390 1635 336 60 Russland.
1822 1636 203 74 Wien,
2081 1635 258 75 Leipzig

332 1718 147 74 [etc.]
513 1716 226 57 Rikola
769 1715 240 74 vertag,
1041 1716 167 57 1923.

397 1789 804 57 956 p. diagrs., tables. 25 ½ cm .
398 1849 339 53 Accompanied
767 1849 59 52 by
859 1848 275 53 appendixes
1168 1849 88 43 and
1288 1862 127 39 maps
1449 1848 46 43 in
1527 1845 162 48 folder.

398 1907 66 44 At
492 1906 118 44 head
636 1905 54 45 of
720 1905 123 44 title:
876 1903 362 47 Feldmarschall
1269 1904 196 45 Conrad.

327 1971 1842 63 © Dec. 20, 1923; 1c. July 8, 1924; A—Foreign 27123; Rikola verlag.
329 2089 382 73 Donaldson,
752 2090 221 73 Henry
1008 2088 289 73 Herbert,
1338 2092 190 57 1857-
1687 2091 91 59 ed.

478 2182 1859 77 … The rat; data and reference tables for the albino
331 2265 104 57 rat
477 2262 174 74 (Mus
682 2261 376 75 norvegiens
1094 2260 277 74 albinus)
1414 2264 124 58 and
1569 2264 105 58 the
1709 2264 277 72 Norway
2018 2269 101 55 rat
2164 2264 172 65 (Mus

334 2341 373 74 norvegiens
718 2340 19 73 )
829 2343 78 57 2d
978 2342 113 70 ed.,
1161 2360 127 39 rev.
1393 2339 325 74 Compiled
1787 2343 123 59 and
1982 2343 207 60 edited
2257 2345 83 72 by

336 2420 223 74 Henry
601 2420 78 57 H.
725 2418 385 60 Donaldson.
1193 2418 462 74 Philadelphia,
1700 2422 166 58 1924.

402 2500 93 53 xiv,
533 2501 83 44 469
650 2514 40 36 p.
749 2499 133 51 illus.,
919 2496 171 56 diagrs.
1149 2499 55 44 26
1210 2502 48 17 cm
1264 2534 9 8 .
1341 2497 251 55 (Memoirs
1631 2502 51 45 of
1717 2501 74 46 the
1827 2500 181 46 Wistar
2043 2502 203 49 institute
2283 2507 56 43 of

332 2565 220 44 anatomy
575 2557 89 44 and
686 2554 198 54 biology,
910 2571 72 32 no.
1008 2557 51 51 6)

406 2615 302 46 “References
748 2621 51 38 to
832 2613 76 45 the
946 2611 262 49 literature”:
1274 2631 40 35 p.
1353 2611 196 48 387-458;
1612 2615 132 46 other
1784 2615 255 48 references
2078 2627 47 37 at
2162 2623 86 43 end
2286 2621 53 45 of

332 2680 121 38 most
481 2674 52 43 of
559 2672 76 45 the
662 2670 224 53 chapters.

329 2738 53 55 ©
411 2741 111 43 Dec.
551 2740 66 52 30,
650 2739 130 52 1924;
811 2739 64 43 2c.
905 2739 88 45 and
1022 2738 78 44 aff.
1133 2740 113 52 May
1277 2739 75 53 12;
1386 2739 43 43 A
1459 2736 187 57 855066;
1681 2742 61 44 H.
1773 2744 63 43 H.
1868 2745 278 53 Donaldson,
399 2744 1913 109 Philadelphia.
659 2794 245 56 (25-9791)

331 2897 171 72 East,
543 2895 279 58 Edward
856 2895 280 73 Murray,
1176 2898 191 57 1878-

332 2983 1980 157 … A report on the sugar cane mosaic situation in February, 1924,
785 3066 69 54 at
876 3062 291 74 Soledad,
1194 3062 192 73 Cuba,
1409 3066 86 71 by
1516 3065 280 61 Edward
1818 3069 83 58 M.
1929 3071 162 59 East…
2212 3078 125 57 and

329 3139 1984 158 William H. Weston, jr. … Cambridge, Harvard university
481 3240 203 54 press,
711 3222 167 57 1925.

408 3297 1927 62 5 p. l., [3]-52 p., 1 l. IX pl. (part col.) 27½ cm . (Contributions from the
334 3356 220 45 Harvard
578 3356 203 44 institute
808 3356 74 44 for
909 3354 192 55 tropical
1127 3355 185 54 biology
1338 3358 87 43 and
1449 3358 236 50 medicine,
1739 3361 17 53 I)

402 3415 285 50 Letterpress
718 3412 270 55 descriptive
1017 3414 50 43 of
1095 3414 109 44 each
1233 3415 118 52 plate
1380 3421 57 38 oh
1464 3430 132 32 verso
1625 3418 54 44 of
1706 3421 244 53 preceding
1978 3422 131 53 plate.

407 3468 353 54 Bibliography:
794 3485 42 38 p.
864 3468 179 56 [41]-52.

329 3538 54 55 ©
415 3542 114 52 May
560 3541 39 53 6,
635 3540 131 52 1925;
799 3542 64 42 2c.
898 3541 114 54 May
1047 3542 73 52 12;
1155 3542 79 44 aff.
1268 3543 114 52 May
1416 3545 76 51 11;
1526 3544 45 44 A
1604 3543 190 56 855055;
1832 3548 218 46 Harvard
2082 3550 251 56 university

398 3612 143 39 press.
610 3596 245 55 (25-9729)

329 3694 1882 81 Enciclopedia vniversal ilvstrada evropeo-americana …
406 3779 42 54 t.
478 3776 88 56 26.
637 3774 359 78 [Gic-Guaz]
1061 3776 366 76 Barcelona,
1455 3777 190 74 Hijos
1674 3782 74 57 de
1776 3782 60 58 J.
1866 3782 251 74 Espasa
2148 3790 180 73 [1925]

398 3851 1928 61 4 p. l., 1664 p. illus., plates (part col.) ports., maps (part col., part fold.)
329 3909 166 54 diagrs.
555 3906 54 47 25½
644 3912 48 18 cm
698 3945 8 7 .

328 3962 1889 67 © Apr. 10, 1925; 1c. May 22; A—Foreign 27708; Hijos de J. Espasa.
