2533 4412
1078 4082 109 59 775

126 432 343 73 Wagnalls,
509 432 224 73 Mabel,
773 435 189 58 1871-

206 527 129 58 The
364 525 159 73 light
549 526 66 57 in
644 526 104 58 the
775 527 236 70 valley;
1041 527 185 70 being
1254 525 104 59 the
1393 527 176 68 story
1600 525 69 58 of
1699 524 183 59 Anna
1913 524 207 58 Willis

137 600 1985 74 (as remembered) by Mabel Wagnalls … New York and
127 681 276 70 London,
433 680 181 56 Funk
640 680 47 57 &
713 680 326 67 Wagnalls
1068 698 308 53 company,
1422 679 166 57 1925.

193 756 80 47 225
308 772 40 37 p.
410 758 157 47 front.,
599 766 139 43 ports.
803 759 50 45 19½
886 760 47 19 cm
940 795 10 9 .

202 813 425 46 CONTENTS.—The
655 820 128 45 story
814 815 54 44 of
898 814 134 45 Anna
1061 812 423 46 Willis.—Letters.

127 881 54 54 ©
213 884 112 51 May
352 884 68 50 28,
456 881 129 53 1925;
616 883 65 43 2c.
714 884 87 42 and
832 883 78 43 aff.
942 883 107 52 July
1080 883 49 51 9;
1165 882 43 42 A
1239 880 190 53 855814;
1466 880 132 44 Funk
1630 882 37 43 &
1698 882 240 52 Wagnalls
1973 897 64 28 co.

208 937 270 57 (25-14842)

125 1039 323 70 Westcott,
482 1038 193 58 Allan
705 1039 341 72 Ferguson,
1082 1040 188 57 1882-
1429 1039 91 57 ed.

206 1131 172 56 Four
423 1128 311 59 centuries
782 1129 67 57 of
893 1129 350 61 literature,
1289 1128 268 73 English
1603 1130 124 56 and
1772 1129 355 72 American,

131 1206 1996 73 selected and edited by Allan Westcott … Charles Lee
127 1283 2000 73 Lewis and Carl Jefferson Weber … Boston, Little,
126 1364 246 70 Brown,
409 1364 124 56 and
565 1381 321 53 company,
922 1364 167 56 1925.

194 1440 97 53 xix,
315 1439 82 46 762
418 1455 41 39 p.
515 1440 52 45 21½
605 1442 48 20 cm
657 1476 10 9 .

202 1497 213 46 Contains
441 1499 179 43 “Books
646 1499 75 43 for
744 1497 180 45 further
948 1498 227 53 reading”.

128 1555 53 54 ©
212 1557 106 53 July
349 1556 66 52 30,
450 1555 128 52 1925;
613 1556 64 43 2c.
710 1556 87 43 and
829 1557 79 42 aff.
941 1557 121 51 Aug.
1099 1557 46 51 1;
1181 1556 43 42 A
1257 1555 189 53 864066;
1483 1556 150 52 Little,
1668 1556 182 52 Brown,
1883 1557 88 43 and
199 1572 1905 94 company.

397 1610 271 56 (25-14966)

128 1712 303 72 Wheeler,
482 1711 282 61 William
811 1711 328 72 Reginald.

204 1804 264 57 Modern
497 1802 297 58 missions
826 1821 76 40 on
932 1802 105 58 the
1070 1802 276 73 Spanish
1377 1802 205 72 Main;
1614 1803 414 73 impressions
2062 1805 69 57 of

127 1881 369 58 Protestant
521 1880 173 58 work
720 1880 61 56 in
813 1879 321 60 Colombia
1162 1881 124 57 and
1310 1880 371 73 Venezuela,
1709 1883 85 68 by
1819 1878 97 59 W.
124 1880 1981 136 Reginald

306 1957 291 58 Wheeler
633 1958 123 56 and
790 1957 292 57 Webster
1117 1957 73 56 E.
1227 1956 359 72 Browning.
1669 1956 459 75 Philadelphia,

128 2037 129 58 The
282 2032 446 62 Westminster
757 2054 201 55 press,
990 2033 167 60 1925.

195 2112 79 52 xii,
303 2113 83 44 334
413 2127 40 38 p.
517 2111 157 53 front.,
703 2112 146 53 plates
876 2111 46 53 (1
957 2110 141 52 fold.)
1135 2117 132 47 port.,
1297 2126 122 38 map.
1480 2113 52 44 19½
1565 2114 47 18 cm
1618 2146 10 9 .

197 2169 70 43 “A
294 2168 122 45 brief
446 2167 195 54 reading
669 2168 73 44 list
772 2183 59 28 on
861 2167 242 45 Colombia
1131 2167 90 44 and
1251 2168 321 45 Venezuela”:
1603 2183 40 38 p.
1673 2170 205 43 331-334.

128 2224 54 54 ©
217 2227 117 51 June
371 2224 61 53 15,
473 2224 128 53 1925;
637 2227 64 41 2c.
738 2226 118 51 June
892 2226 72 51 12;
1002 2225 79 43 aff.
1118 2226 116 52 June
1266 2224 79 54 25;
1385 2226 43 42 A
1464 2226 190 52 829882;
1692 2227 75 44 W.
1806 2228 54 41 R.
1898 2227 226 53 Wheeler,

201 2281 325 53 Philadelphia.
594 2280 273 55 (25-11967)

129 2382 211 60 Who’s
371 2384 135 56 who
537 2383 69 57 in
636 2383 345 71 dentistry;
1014 2383 434 72 biographical
1482 2384 280 56 sketches
1798 2384 67 57 of
204 2385 1899 134 prominent

380 2460 1744 78 dentists in the United States and Canada … [1925]
203 2557 56 39 v.
305 2541 50 55 2.
439 2538 337 73 Brooklyn,
819 2539 72 56 N.
934 2539 93 72 Y.,
1068 2539 223 57 Who’s
1332 2539 137 57 who
1512 2540 213 57 dental
1763 2540 367 73 publishing

206 2637 322 52 company,
565 2619 165 56 1925.

197 2695 82 44 206
305 2710 41 38 p.
401 2695 55 44 20½
490 2698 47 18 cm
543 2731 9 8 .

129 2750 54 54 ©
207 2752 107 52 July
343 2751 62 51 10,
436 2749 129 54 1925;
594 2751 64 43 2c.
684 2751 107 52 July
820 2752 74 51 11;
923 2751 78 44 aff.
1029 2752 107 52 July
1159 2751 80 52 21;
1268 2751 44 43 A
1340 2749 189 54 861205;
1562 2750 182 47 Samuel
1774 2750 144 55 Greif,
199 2752 1906 109 Brooklyn.

365 2805 53 54 [©
448 2822 101 29 new
582 2808 85 43 end
698 2808 214 52 enlarged
945 2808 81 52 ed.]

129 2906 264 73 Wilbur,
432 2908 152 57 Earl
619 2909 227 67 Morse,
888 2910 189 56 1866-

207 3000 129 58 Our
369 2999 340 59 Unitarian
738 3001 306 73 heritage,
1076 3021 81 38 an
1186 3000 425 59 introduction
1645 3004 63 55 to
1743 3002 103 57 the
1879 3000 248 72 history

129 3077 1928 73 of the Unitarian movement, by Earl Morse Wilbur …
128 3156 254 71 Boston,
416 3155 129 58 The
573 3155 249 60 Beacon
854 3175 200 54 press,
1086 3156 117 60 inc.
1241 3155 202 73 [c1925]

196 3232 97 52 xiii,
322 3232 79 47 495
429 3246 58 51 p..
531 3235 52 44 21cm.

203 3290 136 51 Maps
367 3304 61 30 on
457 3288 343 53 lining-papers.

131 3340 54 54 ©
216 3343 105 52 July
352 3343 39 51 9,
425 3342 128 52 1925;
587 3343 63 43 2c.
682 3343 88 43 and
799 3343 79 42 aff.
911 3342 106 53 July
1051 3343 74 51 14;
1161 3343 43 42 A
1234 3342 190 52 861094;
1462 3342 179 43 Beacon
1672 3357 138 39 press,
1843 3342 84 44 inc.

210 3397 271 55 (25-13427)

128 3496 336 73 Wildman,
507 3498 240 71 Edwin,
790 3501 189 57 1867-

278 3587 1845 59 … Famous leaders of character in America from the
133 3665 191 57 latter
353 3666 138 56 half
519 3666 71 57 of
615 3666 363 58 nineteenth
1010 3670 291 67 century;
1333 3666 103 57 the
1465 3666 112 58 life
1611 3667 229 57 stories
1872 3667 69 56 of
1967 3667 156 70 boys

132 3743 136 58 who
306 3743 160 58 have
504 3742 351 73 impressed
893 3744 167 59 their
1097 3744 444 72 personalities
1583 3763 78 40 on
1699 3745 105 58 the
1846 3744 112 58 life
2001 3745 123 57 and

134 3820 1990 74 history of the United States, by Edwin Wildman … New
136 3918 126 39 rev.
292 3900 90 57 ed.
448 3899 257 73 Boston,
729 3900 68 56 L.
828 3899 64 60 C.
919 3900 171 73 Page
1116 3900 48 56 &
1189 3918 306 54 company
1525 3931 11 43 [
1538 3908 19 20 c
1561 3901 165 73 1925]

210 3977 61 53 ix,
297 3976 81 48 347
405 3993 39 40 p.
507 3977 151 54 front.,
686 3986 138 45 ports.
884 3978 55 44 20½c
990 3980 28 17 m
1027 4014 8 8 .
1103 3977 124 55 (The
1258 3979 177 44 famous
1464 3979 185 46 leaders’
1681 3978 163 54 series)
