2533 4412
1357 4102 74 55 96

405 433 259 74 Walter,
706 434 213 75 Emily
956 434 285 75 Loiseau,
1285 456 181 54 comp.

487 527 61 57 A
588 526 304 73 complete
941 527 326 58 collection
1315 528 69 57 of
1428 527 103 59 the
1576 527 365 74 quotations
1987 532 124 58 and
410 531 1985 132 inscriptions
623 604 66 58 in
736 605 103 59 the
888 605 277 73 Library

1211 605 69 57 of
1329 604 335 74 Congress,
1712 608 83 72 by
1843 608 211 74 Emily
2102 608 318 61 L’Oiseau

406 683 264 58 Walter.
755 683 144 58 10th
930 703 127 38 rev.
1093 684 92 57 ed.
1268 684 369 72 Baltimore,
1673 685 60 59 S.
1768 686 61 58 J.
1867 686 234 73 Gaeng,
2133 688 168 58 1925.

478 761 615 53 3 p. l., 11-47 p. 22½c m .
403 817 55 54 ©
495 821 101 51 Jan.
630 820 68 51 20,
740 818 130 53 1925;
911 820 65 42 2c.
1014 820 87 42 and
1139 819 79 43 aff.
1258 820 101 51 Jan.
1395 820 80 49 20;
1517 819 43 42 A
1601 819 191 55 815698;
1834 819 159 48 Simon
2031 824 40 52 J.
2115 822 168 55 Gaeng.
2362 822 53 56 [©

475 877 248 44 additional
750 885 167 36 matter
944 878 88 42 and
1059 876 210 54 revision]
1341 876 245 56 (25-4054)

405 976 306 73 Webster,
751 975 243 73 Daniel,
1037 978 361 57 1782-1852.

549 1066 1864 77 … Webster, edited by Bliss Perry. Garden City, N. Y.,
403 1147 154 58 Pub.
597 1147 106 57 for
739 1146 237 58 Nelson
1011 1146 388 73 Doubleday,
1435 1146 137 72 inc.,
1611 1146 85 73 by
1731 1147 388 77 Doubleday,
2157 1149 174 73 Page
2367 1150 48 57 &

402 1244 325 53 company,
758 1226 167 56 1924.

480 1300 1938 59 4 p. l., vii-x, 105 p. front., pl., port. 17 cm . (The Pocket university,
408 1362 88 45 vol.
574 1396 8 16 VI,
609 1372 61 43 pt.
703 1361 46 53 1)

478 1418 132 46 With
639 1418 88 45 this
758 1419 35 44 is
823 1418 148 45 bound
1000 1415 233 54 Franklin,
1263 1417 148 45 edited
1437 1418 59 53 by
1527 1417 119 46 Bliss
1676 1419 158 53 Perry.
1898 1417 179 47 Garden
2111 1419 115 54 City,
2259 1420 60 44 N.
2348 1421 70 52 Y.,

411 1478 119 44 1924.

756 1532 233 44 CONTENTS.—Adams
1019 1533 90 43 and
1137 1530 449 53 Jefferson.—From
1613 1532 74 44 the
1718 1532 172 54 “Reply
1919 1541 46 37 to
1997 1532 207 54 Hayne”.

401 1589 53 54 ©
482 1590 120 52 Sept.
628 1591 36 49 3,
695 1590 130 50 1924;
850 1589 66 44 2c.
939 1589 89 43 and
1050 1588 79 44 aff.
1155 1590 100 51 Jan.
1279 1589 69 51 31,
1375 1586 131 54 1925;
1533 1589 44 42 A
1602 1587 190 53 815892;
1823 1589 282 55 Doubleday,
2134 1592 124 53 Page
2283 1593 38 43 &
2346 1607 65 29 co.

475 1645 67 56 [©
570 1662 99 28 new
699 1652 325 37 matter—new
1055 1644 178 44 revised
1264 1645 319 53 introduction]
1655 1644 245 57 (25-3455)

400 1746 306 72 Webster,
747 1746 197 71 Noah,
981 1746 364 58 1758-1843.

479 1837 294 60 Collier’s
799 1856 137 39 new
960 1837 359 73 dictionary
1343 1837 68 57 of
1436 1837 104 58 the
1568 1836 271 75 English
1862 1838 330 74 language,
2218 1839 196 60 based

399 1937 83 39 on
509 1918 107 58 the
644 1915 343 73 principles
1022 1915 69 58 of
1117 1915 453 73 lexicography
1601 1917 275 71 adopted
1904 1917 85 72 by
2018 1916 185 59 Noah
401 1918 1987 152 Webster,

672 2044 11 11 LL.
767 2042 11 11 D.;
851 1993 365 60 illustrated
1253 1994 86 73 by
1375 2012 339 40 numerous
1755 1994 364 75 half-tones,
2164 1996 247 61 colored

399 2075 204 72 plates
648 2074 50 57 &
739 2092 199 54 maps,
986 2072 368 74 containing
1399 2072 233 72 special
1677 2073 344 72 glossaries
2068 2074 50 57 &
398 2076 1988 135 supplements

635 2151 67 59 of
736 2170 357 54 synonyms,
1128 2151 451 72 geographical
1606 2151 167 57 facts
1806 2151 48 57 &
1883 2151 285 72 political
399 2154 1987 150 statistics,

568 2228 1840 77 carefully revised by John Vaughn … 1925 ed., rev.
399 2310 82 71 by
506 2309 209 58 Adam
738 2308 220 58 Ward.
1025 2307 155 57 New
1205 2307 191 73 York,
1426 2308 69 56 P.
1526 2308 70 56 F.
1630 2307 233 59 Collier
1887 2308 48 57 &
1963 2328 112 38 son
2104 2328 306 56 company

400 2420 13 42 [
415 2398 19 21 c
439 2389 165 73 1925]

467 2464 143 52 xlviii,
646 2463 104 44 1103
782 2478 38 37 p.
882 2462 83 45 col.
998 2462 152 54 front.,
1182 2462 131 52 illus.,
1344 2461 142 55 plates
1527 2463 129 52 (part
1681 2462 112 53 col.)
1860 2462 57 45 20
1920 2465 47 18 cm
1973 2497 10 9 .

398 2519 53 55 ©
477 2523 99 51 Jan.
606 2521 63 52 14,
696 2519 131 53 1925;
854 2521 65 43 2c.
947 2521 100 51 Jan.
1077 2520 76 52 19;
1181 2520 79 43 aff.
1286 2521 100 51 Jan.
1416 2519 74 53 16;
1519 2520 44 42 A
1590 2519 192 53 815683;
1811 2521 53 42 P.
1890 2519 50 45 F.
1970 2518 172 46 Collier
2169 2522 37 44 &
2233 2537 80 28 son
2341 2537 65 29 co.

471 2576 66 55 [©
563 2593 101 29 new
689 2578 152 44 words
869 2578 87 43 and
983 2592 100 29 new
1111 2576 232 45 reference
1370 2575 221 56 material]
1664 2576 243 55 (25-3338)

396 2678 229 73 White,
664 2677 285 60 William
984 2676 248 73 Dustin,
1273 2679 191 58 1889-

474 2757 130 57 The
641 2756 160 58 book
837 2756 68 57 of
939 2755 229 58 winter
1203 2758 231 70 sports,
1469 2755 84 72 by
1586 2755 97 58 W.
1722 2755 232 58 Dustin
1989 2756 230 71 White,
2256 2756 149 59 with

394 2834 423 59 illustrations
864 2835 169 56 from
1077 2833 436 73 photographs
1556 2834 85 72 by
1683 2833 104 58 the
1835 2835 245 56 author.
2165 2834 238 58 Boston

395 2915 126 57 and
547 2913 154 59 New
728 2912 191 73 York,
950 2912 346 73 Houghton
1326 2911 217 57 Mifflin
1574 2931 322 53 company,
1927 2913 167 56 1925.

470 2994 79 51 xii,
580 2995 69 49 [1],
675 2990 94 51 307,
800 2994 52 44 [1]
883 3007 39 38 p.
986 2991 150 50 front.,
1166 2991 157 53 plates,
1350 2990 169 53 diagrs.
1579 2992 49 42 21
1640 2993 46 17 cm
1694 3026 8 7 .

396 3048 53 54 ©
474 3051 100 51 Jan.
603 3049 63 51 16,
694 3048 103 44 1925;
852 3049 64 42 2c.
942 3050 101 51 Jan.
1066 3048 80 53 22;
1173 3048 79 43 aff.
1279 3048 100 53 Jan.
1404 3049 79 51 23;
1513 3048 44 42 A
1582 3046 190 53 814753;
1800 3048 75 44 W.
1904 3048 55 43 D.
1987 3047 171 53 White,
2186 3049 219 52 Ryegate,

465 3108 78 42 Vt.
613 3105 245 55 (25-3209)

395 3207 238 73 Wight,
675 3207 189 58 Carol
899 3206 143 58 Van
1078 3207 229 56 Buren.

480 3289 108 59 Sir
627 3289 272 57 Thomas
937 3287 199 71 More,
1178 3288 125 57 and
1342 3287 178 57 other
1560 3305 183 40 verse
1798 3286 84 69 [by]
1943 3284 187 59 Carol
2167 3285 234 74 Wight.

398 3368 366 66 Baltimore,
794 3366 129 57 The
950 3364 202 59 Johns
1180 3362 290 74 Hopkins
1497 3383 202 52 Dress,
1732 3362 162 58 1925.

470 3444 357 53 116 p. 19½ cm .
395 3499 53 54 ©
475 3501 99 51 Jan.
603 3500 64 49 31,
700 3497 132 53 1925;
859 3498 65 42 2c.
952 3495 109 45 Feb.
1093 3496 75 51 10;
1200 3496 80 43 aff.
1309 3494 108 45 Feb.
1449 3497 75 51 11;
1554 3496 44 42 A
1628 3495 190 52 814992;
1848 3495 142 53 Johns
2020 3496 211 52 Hopkins
2261 3512 139 37 press.

473 3554 244 57 (25-3993)

394 3654 416 70 Williamson,
844 3656 152 55 Mrs.
1029 3651 181 58 Alice
1241 3650 233 59 Muriel
1514 3649 431 73 (Livingston)
1990 3653 190 58 1869-

474 3735 218 60 Secret
737 3733 164 73 gold,
945 3732 85 73 by
1074 3731 176 59 Alice
1299 3730 83 58 M.
1428 3730 415 59 Williamson.
1934 3729 253 60 Garden
2238 3729 161 74 City,

393 3814 74 57 N.
499 3814 95 71 Y.,
623 3812 388 67 Doubleday,
1043 3811 176 72 Page
1247 3809 48 57 &
1326 3827 322 54 company,
1682 3809 165 56 1925.

464 3888 560 55 3 p. l., 290 p. 19½ cm .
392 3946 54 54 ©
507 3963 69 28 Jan.
606 3948 67 49 23,
706 3944 130 48 1925;
867 3946 64 42 2c.
963 3946 87 42 and
1081 3944 79 43 aff.
1191 3942 107 45 Feb.
1334 3943 73 52 12;
1442 3942 43 43 A
1516 3941 190 52 823001;
1741 3941 55 44 A.
1830 3942 65 43 M.
1927 3942 305 52 Williamson,
2266 3942 131 53 Bath,

463 4003 223 54 England.
756 4000 244 55 (25-3846)
