2533 4412
1294 4108 35 55 2

309 438 213 73 Black,
560 439 377 71 Alexander,
977 440 191 57 1859-

389 528 1929 75 Stacey, by Alexander Black … Indianapolis, The
309 608 489 60 Bobbs-Merrill
829 625 309 55 company
1171 635 13 44 [
1186 614 20 23 c
1209 606 166 74 1925]

378 687 560 54 4 p. l., 343 p. 19 ½ cm .
309 756 53 54 ©
392 758 99 52 Jan.
524 758 38 51 3,
596 755 132 53 1925;
760 757 64 42 2c.
855 756 90 43 and
973 756 78 42 aff.
1085 755 99 52 Jan.
1219 755 48 52 8;
1300 756 45 42 A
1375 755 190 54 815500;
1601 757 363 44 Bobbs-Merrill
1996 773 66 29 co.

389 812 216 57 (25-890)

310 915 387 71 Blackmore,
736 914 220 59 Simon
986 913 373 73 Augustine,
1397 916 190 57 1848-

390 1006 347 72 Spiritism,
760 1005 166 58 facts
953 1006 124 57 and
1100 1005 245 73 frauds,
1369 1006 84 71 by
1480 1004 217 59 Simon
1720 1007 355 73 Augustine
309 1009 1987 147 Blackmore,
586 1131 11 11 S.
650 1103 51 39 J.
801 1082 179 60 With
1029 1102 80 38 an
1157 1082 430 58 introduction
1635 1084 84 72 by
1766 1085 105 58 the
1978 1086 139 73 Right
2227 1105 91 39 Rev.

311 1159 1985 155 Joseph Schrembs … New York, Cincinnati [etc.] Benziger brothers, 1924.
381 1316 79 47 535
493 1333 39 38 p.
593 1317 56 45 20½
682 1319 47 18 cm
736 1353 8 9 .

311 1388 53 54 ©
392 1391 109 42 Dec.
527 1389 65 51 30,
624 1389 129 51 1924;
784 1390 63 42 2c.
876 1389 87 42 and
989 1388 78 44 aff.
1096 1388 100 53 Jan.
1224 1388 38 51 2,
1295 1385 131 55 1925;
1457 1389 43 42 A
1528 1387 190 55 814517;
1751 1389 224 54 Benziger
2003 1390 121 44 bros.

390 1445 245 57 (25-1673)

311 1547 153 71 Bok,
504 1546 279 58 Edward
817 1545 299 72 William,
1159 1548 190 56 1863-

389 1639 204 60 Twice
644 1638 233 73 thirty;
930 1658 170 39 some
1152 1638 176 59 short
1379 1640 124 57 and
1554 1639 222 73 simple
1826 1643 221 57 annals
2099 1642 69 59 of
2214 1644 105 57 the

311 1717 2004 75 road, by Edward W. Bok … New York, London, C.
313 1798 296 59 Scribner
625 1800 46 56 ’s
706 1816 165 52 sons,
903 1796 168 59 1925.

379 1877 44 45 vi
458 1893 54 35 p.,
543 1879 26 41 2
619 1912 25 14 l.,
676 1874 138 46 3-539
847 1890 38 36 p.
951 1875 128 44 front.
1120 1874 170 51 (port.)
1330 1872 116 46 illus.
1474 1873 254 51 (facsims.)
1794 1876 53 44 23
1856 1878 46 17 cm
1909 1911 9 8 .

311 1943 53 54 ©
387 1945 99 52 Jan.
516 1943 62 52 10,
606 1941 130 53 1925;
763 1944 64 41 2c.
852 1942 99 52 Jan.
980 1941 74 52 12;
1083 1941 78 43 aff.
1188 1941 99 52 Jan.
1318 1941 74 51 14;
1419 1940 42 43 A
1487 1940 189 54 814642;
1708 1940 186 46 Charles
1925 1942 249 47 Scribner’s
2201 1959 116 30 sons.

390 1998 244 58 (25-1686)

312 2100 613 75 Borgongini-Duca,
967 2099 365 57 Francesco.

389 2195 77 55 In
495 2193 105 60 the
631 2192 317 70 footsteps
983 2190 68 57 of
1080 2190 104 57 the
1218 2190 274 70 Master;
1526 2212 36 37 a
1595 2189 195 60 series
1824 2190 68 58 of
1925 2191 175 59 short
312 2195 1987 135 meditations
575 2291 78 38 on
676 2271 103 56 the
806 2268 252 72 Gospel,
1080 2267 335 72 published
1436 2267 66 56 in
1588 2287 133 38 Rome
1747 2269 84 71 by
1856 2269 185 59 “The
2072 2271 253 74 Society

313 2351 67 57 of
416 2350 183 59 Saint
632 2350 256 57 Jerome
922 2347 104 57 for
1061 2347 105 57 the
1200 2344 304 59 diffusion
1540 2345 67 59 of
1639 2346 104 58 the
1779 2346 304 73 Gospel”.
2192 2350 128 74 [By]

312 2422 2013 79 Monsignor Francis Borgongini-Duca … translation by
312 2501 2012 157 Rev. Francis J. Spellman … introduction by His Eminence, Cardinal O’Connell … Boston, Mass., The Pilot
312 2662 717 75 publishing co. [ c 1924]
383 2743 27 43 4
437 2757 41 38 p.
527 2777 22 18 l.,
580 2741 83 44 232
690 2755 41 38 p.
791 2739 56 45 20
852 2741 48 19 cm
905 2774 10 9 .

311 2798 55 54 ©
395 2801 110 41 Dec.
538 2800 35 50 1,
603 2797 131 53 1924;
760 2798 66 43 2c.
855 2797 99 52 Jan.
985 2794 37 54 5,
1055 2793 104 46 1925;
1216 2795 78 43 aff.
1325 2795 99 52 Jan.
1455 2794 48 52 6;
1535 2795 43 43 A
1608 2793 191 54 815475;
1833 2795 123 45 Pilot
1986 2797 99 53 pub.
2116 2813 65 29 co.

392 2854 244 57 (25-1564)

313 2955 196 74 Boyd,
550 2954 240 73 Gladys
826 2951 249 72 Lillian,
1118 2953 190 58 1893-

315 3041 1984 142 Manual for diabetics, by Gladys L. Boyd … and Marion D. Stalsmith …
1066 3119 442 59 Introduction
1532 3122 84 71 by
1701 3167 11 11 F.
1745 3120 68 60 G.
1842 3121 298 74 Banting,
2229 3172 11 10 M.
2312 3173 9 10 D.

315 3206 153 56 New
492 3202 176 58 York
696 3200 123 59 and
845 3200 282 72 London,
1158 3198 182 59 Funk
1368 3201 47 56 &
1440 3198 331 73 Wagnalls
1799 3220 326 54 company,
2155 3205 167 57 1925.

386 3283 51 42 xi
463 3296 56 38 p.,
545 3281 27 41 2
618 3314 22 16 l.,
669 3278 111 44 3-90
805 3292 41 38 p.
906 3276 120 45 illus.
1090 3278 49 43 19½
1176 3279 47 18 cm
1230 3311 8 8 .

311 3340 56 53 ©
396 3341 107 41 Dec.
536 3338 63 50 12,
630 3336 130 51 1924;
789 3336 63 42 2c.
883 3336 87 42 and
997 3335 79 43 aff.
1105 3336 98 51 Jan.
1231 3335 40 51 2,
1302 3333 130 53 1925;
1465 3335 43 42 A
1538 3336 189 51 814493;
1758 3334 134 45 Funk
1918 3337 38 44 &
1983 3338 240 51 Wagnalls
2254 3353 65 31 co.

393 3394 244 57 (25-1861)

315 3493 472 73 Breckinridge,
822 3490 399 74 Sophonisba
1252 3492 282 69 Preston,
1572 3494 190 56 1866-

391 3584 252 71 Family
689 3582 259 59 welfare
994 3581 173 57 work
1211 3581 65 56 in
1325 3601 36 37 a
1409 3582 449 71 metropolitan
1908 3586 411 73 community;

317 3658 1936 79 selected case records, by Sophonisba P. Breckinridge …
319 3742 290 72 Chicago,
635 3740 118 72 Ill.,
783 3738 129 57 The
938 3737 374 73 University
1339 3737 70 58 of
1437 3736 271 76 Chicago
1736 3758 183 54 press
1952 3771 12 44 [
1966 3750 19 21 c
1989 3743 165 73 1924]

397 3821 110 54 xvii,
534 3819 81 46 938
643 3835 39 38 p.
742 3819 53 43 23
803 3820 46 18 cm
857 3853 7 7 .
960 3817 265 51 (Half-title:
1256 3816 100 45 The
1386 3818 267 53 University
1681 3818 52 45 of
1761 3819 201 54 Chicago
1991 3822 138 43 social
2157 3821 169 45 service

325 3880 151 51 series,
502 3878 66 45 ed.
594 3877 59 53 by
680 3877 74 44 the
781 3875 172 53 faculty
980 3874 52 45 of
1057 3874 74 44 the
1162 3872 227 46 Graduate
1417 3874 153 45 school
1599 3876 51 45 of
1675 3876 138 45 social
1841 3877 170 46 service
323 3878 1980 110 administration)

317 3992 53 55 ©
397 3994 110 43 Dec.
532 3991 66 54 29,
628 3990 131 51 1924;
784 3989 64 43 2c.
873 3988 87 44 and
986 3987 78 44 aff.
1091 3988 100 53 Jan.
1217 3987 37 51 8,
1308 3986 108 55 1925;
1445 3989 42 43 A
1514 3987 190 57 815492;
1735 3992 267 53 University
2027 3992 51 45 of
2106 3990 214 56 Chicago,

389 4050 213 53 Chicago.
672 4044 244 58 (25-1557)
