2533 4412
1054 4049 111 58 389

117 415 352 74 Holzinger,
506 417 160 57 Karl
699 416 184 59 John.

192 492 351 59 Statistical
585 492 201 59 tables
829 492 106 57 for
979 492 285 58 students
1309 492 64 56 in
1422 490 328 61 education
1795 493 120 58 and
114 507 1964 142 psychology,

111 565 1962 158 by Karl J. Holzinger … Chicago, Ill., The University
377 648 68 57 of
473 647 267 73 Chicago
768 667 179 52 press
981 677 11 43 [
995 655 18 21 c
1018 647 163 73 1925]

185 741 41 35 V,
255 725 53 45 74
334 742 40 37 p.
433 727 123 42 23cm.

115 779 53 54 ©
202 781 118 44 Mar.
349 780 70 53 27,
454 779 130 53 1925;
616 780 63 45 2c.
713 781 112 51 Apr.
855 781 52 53 2;
942 781 78 43 aff.
1054 779 111 54 Apr.
1203 782 46 50 1;
1283 780 45 43 A
1360 778 189 55 823589;
1587 779 165 48 School
1784 781 52 44 of
1868 781 234 46 education

184 836 51 48 of
263 837 73 45 the
367 837 267 53 University
665 837 51 46 of
746 836 213 55 Chicago,
992 836 212 54 Chicago.
1274 834 242 58 (25-8045)

117 923 315 75 [Johnson,
470 921 213 58 Hilma
716 922 94 75 A.]

192 1000 280 72 Dolores,
502 1019 219 38 roman
750 1001 67 56 of
846 999 256 60 Camille
1132 1000 324 58 Verdandi
1505 1003 231 73 [pseud.]
1809 1004 67 73 [1.
1908 1002 187 58 delen]

111 1075 435 72 Minneapolis,
607 1075 214 74 Minn.,
885 1076 279 59 Svenska
1225 1077 489 59 roman-bladets
1773 1078 332 73 bokförlag

117 1185 13 44 [
134 1163 17 22 c
155 1156 163 73 1925]

181 1230 81 45 262
291 1246 39 37 p.
395 1231 52 44 19½
479 1234 46 17 cm
531 1266 9 8 .

112 1285 55 54 ©
197 1287 101 46 Oct.
330 1285 62 54 15,
423 1288 130 51 1924;
583 1287 64 44 2c.
676 1288 99 50 Jan.
809 1287 63 52 19,
903 1285 130 53 1925;
1065 1288 77 43 aff.
1173 1289 98 52 Jan.
1305 1287 76 53 17;
1411 1288 44 43 A
1484 1287 190 54 815663;
1707 1290 63 43 H.
1799 1291 57 42 A.
1887 1288 216 56 Johnson,

184 1341 317 55 Minneapolis.
568 1341 245 57 (25-7930)

113 1426 244 70 Michel,
398 1426 310 74 Wilhelm,
755 1431 187 56 1877-

259 1505 1846 80 … Hölderlin und der deutsche geist. Darmstadt,
117 1585 495 73 Roetherverlag
639 1604 54 54 g.
723 1605 77 40 m.
831 1587 53 57 b.
913 1587 78 70 h.,
1022 1586 162 57 1924.

178 1660 1926 60 72 p. 22 cm . ( Added t.-p.: Bücher der deutschen wirklichkeit, hrsg. von
115 1719 218 47 Wilhelm
359 1720 234 49 Henrich)

113 1770 1853 63 © Oct. 31, 1924; 1c. Feb. 16, 1925; A —Foreign 26890; Roetherverlag.
192 1829 242 57 (25-9548)

115 1917 151 58 New
301 1917 225 72 Jersey
559 1916 472 59 miscellaneous
1072 1921 280 69 reports;
1393 1919 363 74 containing
1793 1940 172 40 cases
191 1919 1889 139 decided

412 1995 66 56 in
524 1995 102 58 the
679 1995 196 59 Court
920 1995 69 58 of
1036 2013 216 52 errors,
1296 1998 123 57 and
1466 1997 278 74 appeals,
1796 1999 198 60 Court
2038 2001 68 58 of

191 2073 323 73 chancery,
552 2073 413 72 Prerogative
1006 2075 122 56 and
1169 2074 303 71 Supreme
1511 2079 209 55 courts
1758 2077 203 58 which
1998 2098 107 38 are

189 2153 113 55 not
324 2151 299 71 reported
645 2151 68 56 in
734 2152 104 56 the
866 2150 155 57 New
1041 2151 232 72 Jersey
1297 2153 121 56 law
1442 2154 127 57 and
1595 2154 214 72 equity
1834 2159 269 69 reports.

190 2228 154 58 Also
371 2228 346 73 important
747 2248 171 37 cases
947 2228 256 58 decided
1227 2230 69 55 in
1320 2230 103 57 the
1452 2229 153 59 New
1622 2232 232 72 Jersey
1876 2231 228 61 Courts

193 2305 65 58 of
291 2324 279 38 common
602 2306 175 72 pleas
812 2307 123 56 and
966 2307 83 71 by
1080 2307 103 56 the
1221 2310 383 70 surrogates,
1641 2311 124 56 and
1797 2311 103 59 the
1938 2312 166 57 rules

193 2382 67 58 of
286 2383 105 57 the
415 2383 152 56 New
592 2383 229 71 Jersey
849 2383 302 72 Supreme
1181 2387 195 68 court,
1403 2384 271 59 District
1698 2391 176 55 court
1905 2389 67 57 of
2001 2389 104 58 the

190 2459 236 59 United
460 2460 229 72 States,
722 2459 237 59 United
995 2459 211 60 States
1243 2461 241 60 Circuit
1515 2467 180 54 court
1725 2465 68 56 of
1827 2466 277 73 appeals,

192 2538 123 57 and
356 2537 347 59 additional
742 2538 149 57 New
932 2538 231 72 Jersey
1203 2537 324 76 Chancery
1566 2545 180 54 court
1784 2543 186 73 rules,
189 2560 1891 118 revised

399 2616 123 57 and
550 2614 163 73 fully
742 2615 341 59 annotated
1111 2620 64 54 to
1205 2616 292 75 January
1525 2621 115 71 1st,
1672 2622 167 56 1925.
1913 2622 192 59 Cases

192 2692 167 59 from
387 2694 290 71 January
705 2695 112 70 1st,
850 2695 165 69 1924,
1044 2695 64 56 to
1138 2694 292 73 January
1459 2697 112 72 1st,
1604 2700 165 55 1925.
193 2696 1893 136 Reported

306 2771 82 71 by
427 2770 103 57 the
570 2768 385 74 publishers’
998 2770 293 58 editorial
1332 2769 169 61 staff,
1582 2794 56 37 v.
1685 2778 50 54 2.
1817 2777 286 74 Newark,

191 2847 74 59 N.
296 2848 80 71 J.,
408 2847 206 71 Soney
641 2846 48 58 &
719 2847 165 72 Sage
910 2867 105 52 co.,
1047 2848 165 57 1925.

182 2923 92 53 xiv,
309 2924 106 43 1404
444 2938 40 38 p.
541 2923 53 44 23
602 2925 46 20 cm
656 2958 7 8 .

114 2979 55 54 ©
196 2980 113 54 Apr.
343 2978 62 54 15,
439 2978 130 53 1925;
597 2979 66 45 2c.
693 2980 87 43 and
808 2980 80 43 aff.
918 2980 112 52 Apr.
1066 2980 73 52 18;
1171 2980 46 43 A
1244 2981 190 52 823818;
1471 2981 149 56 Soney
1652 2986 38 44 &
1720 2985 121 55 Sage
1870 3003 66 30 co.

115 3065 203 57 North
351 3064 263 57 Dakota.
695 3065 176 56 State
906 3062 327 59 historical
1267 3064 249 74 society.

195 3142 371 61 Collections
599 3141 68 58 of
697 3142 103 58 the
834 3144 162 56 state
1027 3141 328 59 historical
1388 3144 249 74 society,
1710 3168 54 37 v.
1800 3150 52 57 7.
1928 3151 67 59 O.
2034 3151 68 61 G.

115 3221 217 72 Libby,
364 3220 218 58 editor.
653 3219 216 59 Grand
899 3219 220 72 Forks,
1151 3220 72 57 N.
1255 3221 94 71 D.,
1381 3224 165 56 1925.

183 3293 966 57 4 p. l., 353 p. front., plates. 24½ cm .
117 3352 54 53 ©
195 3353 111 53 Apr.
338 3353 62 51 10,
431 3352 102 45 1925;
588 3352 65 44 2c.
679 3352 114 53 Apr.
820 3352 54 43 30;
926 3353 78 42 aff.
1033 3351 111 54 Apr.
1171 3351 55 44 27;
1281 3353 43 42 A
1351 3353 167 46 823966;
1573 3355 131 47 State
1729 3359 232 47 historical
185 3360 1897 107 society

294 3409 52 44 of
380 3409 155 43 North
569 3408 196 51 Dakota,
803 3408 251 51 Bismarck,
1093 3409 59 42 N.
1190 3410 58 41 D.

115 3492 261 70 Novelli,
411 3493 303 74 Augusto,
752 3494 188 57 1867-

194 3570 128 59 The
350 3570 112 57 life
492 3570 67 57 of
585 3568 151 60 Pius
832 3615 12 19 XI,
869 3569 82 70 by
979 3570 149 56 Rev.
1160 3570 72 56 A.
1262 3569 263 75 Novelli,
1555 3576 352 61 translated
1940 3579 162 59 from

117 3649 102 58 the
246 3647 234 60 Italian
507 3648 83 71 by
617 3646 149 57 Rev.
800 3646 67 56 P.
902 3647 66 56 T.
1001 3646 372 72 Lombardo,
1403 3647 153 60 with
1586 3652 105 59 the
1723 3654 282 60 addition
2039 3660 70 56 of

119 3720 1984 81 two new chapters: “Pius XI and America” and “The
115 3805 168 70 Holy
304 3802 226 72 year”.
611 3802 306 69 Yonkers,
941 3802 74 55 N.
1039 3801 93 68 Y.,
1160 3802 110 57 Mt.
1302 3802 248 61 Carmel
1573 3826 182 53 press
1784 3839 14 43 [
1802 3818 18 23 c
1823 3810 165 75 1925]

185 3876 1245 58 3 p. l., [11]–303 p. front., plates, ports. 21 cm .
119 3937 53 54 ©
206 3938 110 54 Apr.
349 3938 40 51 4,
425 3934 129 54 1925;
588 3935 65 44 2c.
688 3936 89 42 and
807 3936 78 42 aff.
920 3936 112 51 Apr.
1067 3934 49 54 7;
1153 3935 45 43 A
1230 3936 188 54 823632;
1458 3940 50 42 P.
1543 3939 53 44 T.
1635 3942 272 56 Lombardo,
1944 3946 155 46 Dobbs

187 3987 660 61 Ferry, N. Y . (25-8081)
