<alto xmlns="http://www.loc.gov/standards/alto/ns-v3#" xmlns:xlink="http://www.w3.org/1999/xlink" xmlns:xsi="http://www.w3.org/2001/XMLSchema-instance" xsi:schemaLocation="http://www.loc.gov/standards/alto/ns-v3# http://www.loc.gov/alto/v3/alto-3-0.xsd"><Description>
<MeasurementUnit>pixel</MeasurementUnit>
<sourceImageInformation>
<fileName>1925_v22_Part001.pdf</fileName>
</sourceImageInformation>
<OCRProcessing ID="IdOcr">
<ocrProcessingStep>
<processingDateTime>2019-04-03</processingDateTime>
<processingSoftware>
<softwareCreator>ABBYY</softwareCreator>
<softwareName>ABBYY Recognition Server</softwareName>
<softwareVersion>4.0</softwareVersion>
</processingSoftware>
</ocrProcessingStep>
</OCRProcessing>
</Description>
<Styles>
<ParagraphStyle ID="StyleId-FFFFFFFF-FFFF-FFFF-FFFF-FFFFFFFFFFFF-" ALIGN="Left" LEFT="0." RIGHT="0." FIRSTLINE="0."/>
<ParagraphStyle ID="StyleId-2E5B4E57-07AD-4719-97CB-14521F7F4F8A-" ALIGN="Left" LEFT="0." RIGHT="0." FIRSTLINE="0." LINESPACE="8.899999619"/>
<ParagraphStyle ID="StyleId-62A6F688-D6E3-4EFC-837B-4A4C4EB582B7-" ALIGN="Center" LEFT="0." RIGHT="0." FIRSTLINE="0." LINESPACE="12.19999981"/>
<ParagraphStyle ID="StyleId-21B71EBC-BDB5-4E16-A8F2-58189A39665B-" ALIGN="Block" LEFT="0." RIGHT="0." FIRSTLINE="-13." LINESPACE="11.35000038"/>
<ParagraphStyle ID="StyleId-1E1A68C4-DD4F-417A-A13D-7FEC29ECB499-" ALIGN="Block" LEFT="0." RIGHT="0." FIRSTLINE="-15." LINESPACE="13.30000019"/>
<ParagraphStyle ID="StyleId-6B39EC51-644D-4E90-AF07-84EF2B1E466A-" ALIGN="Block" LEFT="0." RIGHT="0." FIRSTLINE="-15." LINESPACE="8.340000153"/>
<ParagraphStyle ID="StyleId-2C1BA15F-E223-41D6-853D-AAFBDAC17E68-" ALIGN="Center" LEFT="0." RIGHT="0." FIRSTLINE="0." LINESPACE="13."/>
<ParagraphStyle ID="StyleId-A3B2CDF3-43F0-422C-90A0-E074BFEC3BC0-" ALIGN="Block" LEFT="0." RIGHT="0." FIRSTLINE="0." LINESPACE="8.899999619"/>
<ParagraphStyle ID="StyleId-28AB2493-EA15-49C1-A6AC-ED5BC404F0B9-" ALIGN="Center" LEFT="0." RIGHT="0." FIRSTLINE="0." LINESPACE="12.19999981"/>
<ParagraphStyle ID="StyleId-4417A6D4-97E2-4EFC-962D-7FBC0D5273E4-" ALIGN="Left" LEFT="0." RIGHT="0." FIRSTLINE="15." LINESPACE="8.340000153"/>
<ParagraphStyle ID="StyleId-D4EF9C5E-3110-4A39-B7BC-3D84E0F04894-" ALIGN="Center" LEFT="0." RIGHT="0." FIRSTLINE="0." LINESPACE="13.30000019"/>
<ParagraphStyle ID="StyleId-D1243F31-1201-4D92-8F69-43ADB01E9AD1-" ALIGN="Left" LEFT="0." RIGHT="0." FIRSTLINE="-13." LINESPACE="13.30000019"/>
<ParagraphStyle ID="StyleId-C65417C6-23F2-4D8F-BA55-ECE73D98CAB9-" ALIGN="Left" LEFT="0." RIGHT="0." FIRSTLINE="0." LINESPACE="8.899999619"/>
<ParagraphStyle ID="StyleId-835763C1-08DD-41BE-8BAD-8E41EA88DAE3-" ALIGN="Center" LEFT="0." RIGHT="0." FIRSTLINE="0." LINESPACE="11.10000038"/>
<ParagraphStyle ID="StyleId-78FD6B81-8F83-422D-8DF4-4274EAFD19C6-" ALIGN="Block" LEFT="0." RIGHT="0." FIRSTLINE="-17." LINESPACE="12.19999981"/>
<ParagraphStyle ID="StyleId-F506BC7F-570D-458B-9F05-A143E1F5FD17-" ALIGN="Block" LEFT="0." RIGHT="0." FIRSTLINE="-17." LINESPACE="11.35000038"/>
<ParagraphStyle ID="StyleId-CBE02C6B-22D0-48C6-A874-7E90A22F4375-" ALIGN="Center" LEFT="0." RIGHT="0." FIRSTLINE="0." LINESPACE="4.400000095"/>
<ParagraphStyle ID="StyleId-14CC0121-63AF-4AB4-9656-E02F46C61AF2-" ALIGN="Left" LEFT="0." RIGHT="0." FIRSTLINE="0." LINESPACE="8.899999619"/>
<ParagraphStyle ID="StyleId-DD64CECB-1B22-4BFF-84F0-DFDE2B0000F8-" ALIGN="Left" LEFT="0." RIGHT="0." FIRSTLINE="0." LINESPACE="12.19999981"/>
<ParagraphStyle ID="StyleId-8AEF4AA8-141A-4E5D-9C3E-C0F9F43C742F-" ALIGN="Left" LEFT="0." RIGHT="0." FIRSTLINE="0." LINESPACE="8.300000191"/>
<ParagraphStyle ID="StyleId-8C396D2A-39C0-48AB-BABA-2679D8AB257E-" ALIGN="Left" LEFT="0." RIGHT="0." FIRSTLINE="0." LINESPACE="11.10000038"/>
<ParagraphStyle ID="StyleId-3B7FE50F-10D4-487F-BDCD-FD26EB60FD4A-" ALIGN="Block" LEFT="0." RIGHT="0." FIRSTLINE="13." LINESPACE="8.340000153"/>
<ParagraphStyle ID="StyleId-8CC5CC8E-615B-4C42-BB46-DB28FA355C27-" ALIGN="Left" LEFT="0." RIGHT="0." FIRSTLINE="0." LINESPACE="12.19999981"/>
<ParagraphStyle ID="StyleId-BC67E79D-8D99-4188-8B35-A59DBB7E2BB0-" ALIGN="Block" LEFT="0." RIGHT="0." FIRSTLINE="11." LINESPACE="9.399999619"/>
</Styles>
<Layout>
<Page ID="Page115" PHYSICAL_IMG_NR="115" HEIGHT="4412" WIDTH="2533">
<TopMargin HEIGHT="456" WIDTH="2533" VPOS="0" HPOS="0">
</TopMargin>
<RightMargin HEIGHT="3796" WIDTH="415" VPOS="456" HPOS="2118">
</RightMargin>
<BottomMargin HEIGHT="160" WIDTH="2533" VPOS="4252" HPOS="0">
</BottomMargin>
<PrintSpace HEIGHT="3796" WIDTH="2118" VPOS="456" HPOS="0">
<TextBlock ID="Page115_Block1" HEIGHT="3796" WIDTH="2022" VPOS="456" HPOS="96" LANG="en-US" CS="1" STYLEREFS="StyleId-84B803F8-C2EC-46E4-A0CE-9E86E6A16C4A-">
<TextLine HEIGHT="0" WIDTH="0" VPOS="0" HPOS="0" STYLEREFS="StyleId-ECA81B86-0BC0-4F75-8F4A-F0CC7216C390-" CS="1">
<String CS="1" CONTENT="115"/>
</TextLine>
<TextLine HEIGHT="73" WIDTH="560" VPOS="466" HPOS="110" STYLEREFS="StyleId-ECA81B86-0BC0-4F75-8F4A-F0CC7216C390-">
<String CONTENT="Borer," HEIGHT="70" WIDTH="211" VPOS="469" HPOS="110"/>
<SP HEIGHT="73" WIDTH="38" VPOS="466" HPOS="322"/>
<String CONTENT="Frank:" HEIGHT="60" WIDTH="217" VPOS="466" HPOS="361"/>
<SP HEIGHT="60" WIDTH="30" VPOS="466" HPOS="579"/>
<String CONTENT="J." HEIGHT="58" WIDTH="60" VPOS="466" HPOS="610"/>
</TextLine>
<TextLine HEIGHT="76" WIDTH="1847" VPOS="558" HPOS="189" CS="1">
<String CONTENT="Railway" HEIGHT="72" WIDTH="285" VPOS="561" HPOS="189"/>
<SP HEIGHT="53" WIDTH="32" VPOS="581" HPOS="475"/>
<String CONTENT="pipe" HEIGHT="73" WIDTH="146" VPOS="561" HPOS="508"/>
<SP HEIGHT="59" WIDTH="30" VPOS="560" HPOS="655"/>
<String CONTENT="fitter&#8217;s" HEIGHT="60" WIDTH="233" VPOS="560" HPOS="686"/>
<SP HEIGHT="58" WIDTH="31" VPOS="562" HPOS="920"/>
<String CONTENT="handbook," HEIGHT="71" WIDTH="347" VPOS="560" HPOS="952"/>
<SP HEIGHT="69" WIDTH="33" VPOS="562" HPOS="1300"/>
<String CONTENT="by" HEIGHT="70" WIDTH="84" VPOS="562" HPOS="1334"/>
<SP HEIGHT="73" WIDTH="30" VPOS="559" HPOS="1419"/>
<String CONTENT="Frank" HEIGHT="59" WIDTH="215" VPOS="558" HPOS="1450"/>
<SP HEIGHT="59" WIDTH="31" VPOS="558" HPOS="1666"/>
<String CONTENT="J." HEIGHT="59" WIDTH="62" VPOS="558" HPOS="1698"/>
<SP HEIGHT="57" WIDTH="32" VPOS="559" HPOS="1761"/>
<String CONTENT="Borer" HEIGHT="58" WIDTH="202" VPOS="559" HPOS="1794"/>
<SP HEIGHT="37" WIDTH="39" VPOS="579" HPOS="1997"/>
<String CS="1" CONTENT="&#8230;"/>
</TextLine>
<TextLine HEIGHT="156" WIDTH="1966" VPOS="635" HPOS="114" CS="1">
<String CONTENT="Pipe" HEIGHT="71" WIDTH="158" VPOS="640" HPOS="114"/>
<SP HEIGHT="59" WIDTH="30" VPOS="638" HPOS="273"/>
<String CONTENT="fitting" HEIGHT="73" WIDTH="212" VPOS="638" HPOS="304"/>
<SP HEIGHT="72" WIDTH="29" VPOS="639" HPOS="517"/>
<String CONTENT="in" HEIGHT="57" WIDTH="67" VPOS="639" HPOS="547"/>
<SP HEIGHT="55" WIDTH="29" VPOS="641" HPOS="615"/>
<String CONTENT="theory" HEIGHT="71" WIDTH="226" VPOS="640" HPOS="645"/>
<SP HEIGHT="53" WIDTH="32" VPOS="658" HPOS="872"/>
<String CONTENT="and" HEIGHT="57" WIDTH="125" VPOS="641" HPOS="905"/>
<SP HEIGHT="69" WIDTH="28" VPOS="641" HPOS="1031"/>
<String CONTENT="practice," HEIGHT="72" WIDTH="296" VPOS="638" HPOS="1060"/>
<SP HEIGHT="63" WIDTH="12" VPOS="638" HPOS="1357"/>
<String CONTENT="for" HEIGHT="57" WIDTH="104" VPOS="638" HPOS="1370"/>
<SP HEIGHT="56" WIDTH="31" VPOS="638" HPOS="1475"/>
<String CONTENT="locomotives," HEIGHT="74" WIDTH="420" VPOS="635" HPOS="1507"/>
<SP HEIGHT="53" WIDTH="34" VPOS="656" HPOS="1928"/>
<String CONTENT="passenger" HEIGHT="137" WIDTH="1965" VPOS="654" HPOS="115"/>
</TextLine>
<TextLine HEIGHT="75" WIDTH="1725" VPOS="714" HPOS="379" CS="1">
<String CONTENT="and" HEIGHT="57" WIDTH="126" VPOS="718" HPOS="379"/>
<SP HEIGHT="58" WIDTH="34" VPOS="717" HPOS="506"/>
<String CONTENT="freight" HEIGHT="73" WIDTH="240" VPOS="716" HPOS="541"/>
<SP HEIGHT="55" WIDTH="38" VPOS="720" HPOS="782"/>
<String CONTENT="cars" HEIGHT="39" WIDTH="139" VPOS="736" HPOS="821"/>
<SP HEIGHT="38" WIDTH="46" VPOS="737" HPOS="961"/>
<String CS="1" CONTENT="&#8230;"/>
<SP HEIGHT="58" WIDTH="83" VPOS="716" HPOS="1072"/>
<String CONTENT="New" HEIGHT="56" WIDTH="152" VPOS="716" HPOS="1156"/>
<SP HEIGHT="57" WIDTH="35" VPOS="715" HPOS="1309"/>
<String CONTENT="York," HEIGHT="74" WIDTH="190" VPOS="714" HPOS="1345"/>
<SP HEIGHT="74" WIDTH="41" VPOS="714" HPOS="1536"/>
<String CONTENT="N." HEIGHT="59" WIDTH="74" VPOS="714" HPOS="1578"/>
<SP HEIGHT="58" WIDTH="40" VPOS="715" HPOS="1653"/>
<String CONTENT="Y.," HEIGHT="74" WIDTH="95" VPOS="715" HPOS="1694"/>
<SP HEIGHT="75" WIDTH="42" VPOS="714" HPOS="1790"/>
<String CONTENT="Chicago" HEIGHT="74" WIDTH="271" VPOS="714" HPOS="1833"/>
</TextLine>
<TextLine HEIGHT="76" WIDTH="1875" VPOS="792" HPOS="115" CS="1">
<String CONTENT="[etc.]" HEIGHT="69" WIDTH="146" VPOS="799" HPOS="115"/>
<SP HEIGHT="72" WIDTH="42" VPOS="794" HPOS="262"/>
<String CONTENT="Simmons-Boardman" HEIGHT="61" WIDTH="701" VPOS="792" HPOS="305"/>
<SP HEIGHT="53" WIDTH="34" VPOS="812" HPOS="1007"/>
<String CONTENT="publishing" HEIGHT="74" WIDTH="362" VPOS="792" HPOS="1042"/>
<SP HEIGHT="53" WIDTH="36" VPOS="813" HPOS="1405"/>
<String CONTENT="company" HEIGHT="55" WIDTH="305" VPOS="811" HPOS="1442"/>
<SP HEIGHT="67" WIDTH="39" VPOS="799" HPOS="1748"/>
<String CS="1" CONTENT="[c1925]" HEIGHT="74" WIDTH="127" VPOS="793" HPOS="1863"/>
</TextLine>
<TextLine HEIGHT="112" WIDTH="1976" VPOS="870" HPOS="110" STYLEREFS="StyleId-0F6364E7-1894-4E56-97C1-F9747EE2193E-" CS="1">
<String CONTENT="x," HEIGHT="35" WIDTH="49" VPOS="891" HPOS="181"/>
<SP HEIGHT="50" WIDTH="35" VPOS="876" HPOS="231"/>
<String CONTENT="11-223" HEIGHT="43" WIDTH="161" VPOS="875" HPOS="267"/>
<SP HEIGHT="50" WIDTH="34" VPOS="875" HPOS="429"/>
<String CONTENT="p." HEIGHT="36" WIDTH="40" VPOS="889" HPOS="464"/>
<SP HEIGHT="46" WIDTH="33" VPOS="872" HPOS="505"/>
<String CONTENT="incl." HEIGHT="46" WIDTH="104" VPOS="872" HPOS="539"/>
<SP HEIGHT="46" WIDTH="36" VPOS="872" HPOS="644"/>
<String CONTENT="illus.," HEIGHT="52" WIDTH="129" VPOS="872" HPOS="681"/>
<SP HEIGHT="43" WIDTH="35" VPOS="881" HPOS="811"/>
<String CONTENT="tables," HEIGHT="45" WIDTH="158" VPOS="874" HPOS="847"/>
<SP HEIGHT="46" WIDTH="58" VPOS="872" HPOS="1006"/>
<String CONTENT="fold." HEIGHT="47" WIDTH="115" VPOS="870" HPOS="1065"/>
<SP HEIGHT="36" WIDTH="35" VPOS="888" HPOS="1181"/>
<String CS="1" CONTENT="pl." HEIGHT="36" WIDTH="58" VPOS="888" HPOS="1217"/>
<SP HEIGHT="42" WIDTH="60" VPOS="874" HPOS="1276"/>
<String CS="1" CONTENT="19&#189;cm." HEIGHT="45" WIDTH="146" VPOS="872" HPOS="1337"/>
<SP HEIGHT="51" WIDTH="65" VPOS="872" HPOS="1484"/>
<String CONTENT="(Railwaymen&#8217;s" HEIGHT="54" WIDTH="378" VPOS="870" HPOS="1550"/>
<SP HEIGHT="41" WIDTH="35" VPOS="875" HPOS="1929"/>
<String CONTENT="handbook" HEIGHT="105" WIDTH="1976" VPOS="871" HPOS="110"/>
<SP HEIGHT="43" WIDTH="23" VPOS="932" HPOS="232"/>
<String CONTENT="series)" HEIGHT="52" WIDTH="164" VPOS="930" HPOS="256"/>
</TextLine>
<TextLine HEIGHT="56" WIDTH="1993" VPOS="981" HPOS="110" STYLEREFS="StyleId-0F6364E7-1894-4E56-97C1-F9747EE2193E-">
<String CONTENT="&#169;" HEIGHT="54" WIDTH="54" VPOS="983" HPOS="110"/>
<SP HEIGHT="54" WIDTH="29" VPOS="983" HPOS="165"/>
<String CONTENT="Feb." HEIGHT="44" WIDTH="107" VPOS="985" HPOS="195"/>
<SP HEIGHT="44" WIDTH="30" VPOS="985" HPOS="303"/>
<String CONTENT="2," HEIGHT="51" WIDTH="38" VPOS="985" HPOS="334"/>
<SP HEIGHT="51" WIDTH="34" VPOS="985" HPOS="373"/>
<String CONTENT="1925;" HEIGHT="52" WIDTH="130" VPOS="982" HPOS="408"/>
<SP HEIGHT="51" WIDTH="30" VPOS="983" HPOS="539"/>
<String CONTENT="2c." HEIGHT="42" WIDTH="64" VPOS="983" HPOS="570"/>
<SP HEIGHT="44" WIDTH="31" VPOS="981" HPOS="635"/>
<String CONTENT="Feb." HEIGHT="45" WIDTH="106" VPOS="981" HPOS="667"/>
<SP HEIGHT="43" WIDTH="34" VPOS="983" HPOS="774"/>
<String CONTENT="12;" HEIGHT="52" WIDTH="74" VPOS="983" HPOS="809"/>
<SP HEIGHT="38" WIDTH="33" VPOS="997" HPOS="884"/>
<String CONTENT="aff." HEIGHT="43" WIDTH="79" VPOS="983" HPOS="918"/>
<SP HEIGHT="45" WIDTH="32" VPOS="981" HPOS="998"/>
<String CONTENT="Feb." HEIGHT="44" WIDTH="109" VPOS="981" HPOS="1031"/>
<SP HEIGHT="43" WIDTH="35" VPOS="982" HPOS="1141"/>
<String CONTENT="11;" HEIGHT="51" WIDTH="74" VPOS="982" HPOS="1177"/>
<SP HEIGHT="52" WIDTH="33" VPOS="981" HPOS="1252"/>
<!-- cceid 2B866440-6DD5-1014-B757-AF09C522E301 --><String CONTENT="A" HEIGHT="42" WIDTH="43" VPOS="981" HPOS="1286"/>
<SP HEIGHT="44" WIDTH="32" VPOS="981" HPOS="1330"/>
<String CONTENT="822010;" HEIGHT="52" WIDTH="188" VPOS="981" HPOS="1363"/>
<SP HEIGHT="52" WIDTH="38" VPOS="981" HPOS="1552"/>
<String CONTENT="Simmons-Boardman" HEIGHT="47" WIDTH="512" VPOS="981" HPOS="1591"/>
</TextLine>
<TextLine HEIGHT="55" WIDTH="515" VPOS="1038" HPOS="180" STYLEREFS="StyleId-0F6364E7-1894-4E56-97C1-F9747EE2193E-">
<String CONTENT="pub." HEIGHT="51" WIDTH="101" VPOS="1042" HPOS="180"/>
<SP HEIGHT="29" WIDTH="33" VPOS="1055" HPOS="282"/>
<String CONTENT="co." HEIGHT="29" WIDTH="66" VPOS="1055" HPOS="316"/>
<SP HEIGHT="53" WIDTH="67" VPOS="1040" HPOS="383"/>
<String CONTENT="(25-4473)" HEIGHT="55" WIDTH="244" VPOS="1038" HPOS="451"/>
</TextLine>
<TextLine HEIGHT="73" WIDTH="1081" VPOS="1137" HPOS="111" CS="1">
<String CONTENT="Campbell," HEIGHT="73" WIDTH="334" VPOS="1137" HPOS="111"/>
<SP HEIGHT="72" WIDTH="42" VPOS="1138" HPOS="446"/>
<String CONTENT="James" HEIGHT="58" WIDTH="214" VPOS="1138" HPOS="489"/>
<SP HEIGHT="57" WIDTH="40" VPOS="1138" HPOS="704"/>
<String CS="1" CONTENT="Mann," HEIGHT="72" WIDTH="211" VPOS="1138" HPOS="745"/>
<SP HEIGHT="69" WIDTH="43" VPOS="1141" HPOS="957"/>
<String CONTENT="1840-" HEIGHT="56" WIDTH="191" VPOS="1140" HPOS="1001"/>
</TextLine>
<TextLine HEIGHT="74" WIDTH="1921" VPOS="1228" HPOS="186">
<String CONTENT="Life&#8217;s" HEIGHT="58" WIDTH="204" VPOS="1229" HPOS="186"/>
<SP HEIGHT="58" WIDTH="34" VPOS="1229" HPOS="391"/>
<String CONTENT="highest" HEIGHT="73" WIDTH="252" VPOS="1229" HPOS="426"/>
<SP HEIGHT="59" WIDTH="35" VPOS="1229" HPOS="679"/>
<String CONTENT="loyalty," HEIGHT="71" WIDTH="258" VPOS="1229" HPOS="715"/>
<SP HEIGHT="70" WIDTH="34" VPOS="1229" HPOS="974"/>
<String CONTENT="by" HEIGHT="72" WIDTH="84" VPOS="1229" HPOS="1009"/>
<SP HEIGHT="73" WIDTH="35" VPOS="1228" HPOS="1094"/>
<String CONTENT="James" HEIGHT="59" WIDTH="217" VPOS="1228" HPOS="1130"/>
<SP HEIGHT="59" WIDTH="39" VPOS="1228" HPOS="1348"/>
<String CONTENT="M." HEIGHT="57" WIDTH="83" VPOS="1228" HPOS="1388"/>
<SP HEIGHT="59" WIDTH="43" VPOS="1228" HPOS="1472"/>
<String CONTENT="Campbell." HEIGHT="73" WIDTH="337" VPOS="1228" HPOS="1516"/>
<SP HEIGHT="57" WIDTH="101" VPOS="1230" HPOS="1854"/>
<String CONTENT="New" HEIGHT="59" WIDTH="151" VPOS="1230" HPOS="1956"/>
</TextLine>
<TextLine HEIGHT="74" WIDTH="1571" VPOS="1306" HPOS="109">
<String CONTENT="York," HEIGHT="72" WIDTH="188" VPOS="1308" HPOS="109"/>
<SP HEIGHT="73" WIDTH="36" VPOS="1307" HPOS="298"/>
<String CONTENT="Cincinnati," HEIGHT="70" WIDTH="372" VPOS="1307" HPOS="335"/>
<SP HEIGHT="69" WIDTH="29" VPOS="1308" HPOS="708"/>
<String CONTENT="The" HEIGHT="57" WIDTH="131" VPOS="1307" HPOS="738"/>
<SP HEIGHT="57" WIDTH="28" VPOS="1307" HPOS="870"/>
<String CONTENT="Abingdon" HEIGHT="73" WIDTH="335" VPOS="1306" HPOS="899"/>
<SP HEIGHT="53" WIDTH="26" VPOS="1325" HPOS="1235"/>
<String CONTENT="press" HEIGHT="53" WIDTH="183" VPOS="1325" HPOS="1262"/>
<SP HEIGHT="52" WIDTH="32" VPOS="1326" HPOS="1446"/>
<String CONTENT="[" HEIGHT="43" WIDTH="13" VPOS="1335" HPOS="1479"/>
<String STYLE="superscript" CONTENT="c" HEIGHT="22" WIDTH="21" VPOS="1314" HPOS="1493"/>
<String CONTENT="1925]" HEIGHT="73" WIDTH="164" VPOS="1307" HPOS="1516"/>
</TextLine>
<TextLine HEIGHT="45" WIDTH="357" VPOS="1385" HPOS="183" STYLEREFS="StyleId-0F6364E7-1894-4E56-97C1-F9747EE2193E-" CS="1">
<String CONTENT="116" HEIGHT="44" WIDTH="79" VPOS="1385" HPOS="183"/>
<SP/>
<String CS="1" CONTENT="p."/>
<SP/>
<String CS="1" CONTENT="19&#189;" HEIGHT="44" WIDTH="25" VPOS="1386" HPOS="419"/>
<String STYLE="superscript" CONTENT="cm" HEIGHT="17" WIDTH="48" VPOS="1387" HPOS="478"/>
<String CONTENT="." HEIGHT="9" WIDTH="9" VPOS="1419" HPOS="531"/>
</TextLine>
<TextLine HEIGHT="113" WIDTH="1970" VPOS="1440" HPOS="111" STYLEREFS="StyleId-0F6364E7-1894-4E56-97C1-F9747EE2193E-" CS="1">
<String CONTENT="&#169;" HEIGHT="55" WIDTH="54" VPOS="1441" HPOS="111"/>
<SP HEIGHT="55" WIDTH="30" VPOS="1441" HPOS="166"/>
<String CONTENT="Feb." HEIGHT="46" WIDTH="105" VPOS="1442" HPOS="197"/>
<SP HEIGHT="42" WIDTH="35" VPOS="1444" HPOS="303"/>
<String CONTENT="10," HEIGHT="53" WIDTH="62" VPOS="1442" HPOS="339"/>
<SP HEIGHT="52" WIDTH="35" VPOS="1443" HPOS="402"/>
<String CONTENT="1925;" HEIGHT="53" WIDTH="129" VPOS="1441" HPOS="438"/>
<SP HEIGHT="52" WIDTH="31" VPOS="1442" HPOS="568"/>
<String CONTENT="2c," HEIGHT="43" WIDTH="66" VPOS="1442" HPOS="600"/>
<SP HEIGHT="27" WIDTH="31" VPOS="1458" HPOS="667"/>
<String CONTENT="and" HEIGHT="44" WIDTH="88" VPOS="1442" HPOS="699"/>
<SP HEIGHT="44" WIDTH="31" VPOS="1442" HPOS="788"/>
<String CONTENT="aff." HEIGHT="43" WIDTH="78" VPOS="1442" HPOS="820"/>
<SP HEIGHT="45" WIDTH="33" VPOS="1440" HPOS="899"/>
<String CONTENT="Feb." HEIGHT="46" WIDTH="106" VPOS="1440" HPOS="933"/>
<SP HEIGHT="44" WIDTH="35" VPOS="1442" HPOS="1040"/>
<String CONTENT="18;" HEIGHT="53" WIDTH="73" VPOS="1441" HPOS="1076"/>
<SP HEIGHT="53" WIDTH="36" VPOS="1441" HPOS="1150"/>
<!-- cceid 2B86FA78-6DD5-1014-B757-AF09C522E301 --><String CONTENT="A" HEIGHT="43" WIDTH="43" VPOS="1441" HPOS="1187"/>
<SP HEIGHT="44" WIDTH="31" VPOS="1441" HPOS="1231"/>
<String CONTENT="822080;" HEIGHT="53" WIDTH="188" VPOS="1441" HPOS="1263"/>
<SP HEIGHT="54" WIDTH="34" VPOS="1441" HPOS="1452"/>
<String CONTENT="J." HEIGHT="54" WIDTH="40" VPOS="1441" HPOS="1487"/>
<SP HEIGHT="43" WIDTH="34" VPOS="1442" HPOS="1528"/>
<String CONTENT="M." HEIGHT="43" WIDTH="66" VPOS="1442" HPOS="1563"/>
<SP HEIGHT="46" WIDTH="32" VPOS="1440" HPOS="1630"/>
<String CONTENT="Campbell," HEIGHT="55" WIDTH="248" VPOS="1440" HPOS="1663"/>
<SP HEIGHT="55" WIDTH="36" VPOS="1440" HPOS="1912"/>
<String CONTENT="Claremont," HEIGHT="113" WIDTH="1900" VPOS="1440" HPOS="181"/>
</TextLine>
<TextLine HEIGHT="54" WIDTH="445" VPOS="1498" HPOS="350" STYLEREFS="StyleId-0F6364E7-1894-4E56-97C1-F9747EE2193E-">
<String CONTENT="Calif." HEIGHT="45" WIDTH="133" VPOS="1499" HPOS="350"/>
<SP HEIGHT="53" WIDTH="68" VPOS="1499" HPOS="484"/>
<String CONTENT="(25-4638)" HEIGHT="54" WIDTH="242" VPOS="1498" HPOS="553"/>
</TextLine>
<TextLine HEIGHT="75" WIDTH="1043" VPOS="1595" HPOS="111">
<String CONTENT="Case," HEIGHT="72" WIDTH="172" VPOS="1598" HPOS="111"/>
<SP HEIGHT="72" WIDTH="41" VPOS="1598" HPOS="284"/>
<String CONTENT="Carleton" HEIGHT="60" WIDTH="293" VPOS="1595" HPOS="326"/>
<SP HEIGHT="58" WIDTH="35" VPOS="1597" HPOS="620"/>
<String CONTENT="Britton," HEIGHT="74" WIDTH="267" VPOS="1595" HPOS="656"/>
<SP HEIGHT="70" WIDTH="40" VPOS="1599" HPOS="924"/>
<String CONTENT="1857-" HEIGHT="57" WIDTH="189" VPOS="1599" HPOS="965"/>
</TextLine>
<TextLine HEIGHT="74" WIDTH="1921" VPOS="1687" HPOS="187">
<String CONTENT="The" HEIGHT="57" WIDTH="130" VPOS="1689" HPOS="187"/>
<SP HEIGHT="57" WIDTH="25" VPOS="1689" HPOS="318"/>
<String CONTENT="big" HEIGHT="72" WIDTH="109" VPOS="1689" HPOS="344"/>
<SP HEIGHT="70" WIDTH="23" VPOS="1691" HPOS="454"/>
<String CONTENT="toast-book;" HEIGHT="70" WIDTH="385" VPOS="1687" HPOS="478"/>
<SP HEIGHT="49" WIDTH="30" VPOS="1708" HPOS="864"/>
<String CONTENT="a" HEIGHT="38" WIDTH="35" VPOS="1708" HPOS="895"/>
<SP HEIGHT="40" WIDTH="29" VPOS="1706" HPOS="931"/>
<String CONTENT="compendium" HEIGHT="71" WIDTH="432" VPOS="1687" HPOS="961"/>
<SP HEIGHT="38" WIDTH="28" VPOS="1707" HPOS="1394"/>
<String CONTENT="of" HEIGHT="57" WIDTH="68" VPOS="1688" HPOS="1423"/>
<SP HEIGHT="57" WIDTH="25" VPOS="1688" HPOS="1492"/>
<String CONTENT="the" HEIGHT="57" WIDTH="104" VPOS="1688" HPOS="1518"/>
<SP HEIGHT="57" WIDTH="26" VPOS="1689" HPOS="1623"/>
<String CONTENT="best" HEIGHT="57" WIDTH="140" VPOS="1689" HPOS="1650"/>
<SP HEIGHT="55" WIDTH="26" VPOS="1691" HPOS="1791"/>
<String CONTENT="new" HEIGHT="39" WIDTH="136" VPOS="1708" HPOS="1818"/>
<SP HEIGHT="39" WIDTH="27" VPOS="1708" HPOS="1955"/>
<String CONTENT="and" HEIGHT="58" WIDTH="125" VPOS="1690" HPOS="1983"/>
</TextLine>
<TextLine HEIGHT="76" WIDTH="1997" VPOS="1765" HPOS="111">
<String CONTENT="old" HEIGHT="58" WIDTH="101" VPOS="1767" HPOS="111"/>
<SP HEIGHT="56" WIDTH="47" VPOS="1769" HPOS="213"/>
<String CONTENT="toasts," HEIGHT="69" WIDTH="220" VPOS="1769" HPOS="261"/>
<SP HEIGHT="52" WIDTH="53" VPOS="1786" HPOS="482"/>
<String CONTENT="sentiments," HEIGHT="71" WIDTH="386" VPOS="1765" HPOS="536"/>
<SP HEIGHT="53" WIDTH="46" VPOS="1784" HPOS="923"/>
<String CONTENT="quotations" HEIGHT="72" WIDTH="359" VPOS="1765" HPOS="970"/>
<SP HEIGHT="38" WIDTH="50" VPOS="1785" HPOS="1330"/>
<String CONTENT="and" HEIGHT="56" WIDTH="123" VPOS="1767" HPOS="1381"/>
<SP HEIGHT="56" WIDTH="45" VPOS="1767" HPOS="1505"/>
<String CONTENT="merry" HEIGHT="55" WIDTH="215" VPOS="1784" HPOS="1551"/>
<SP HEIGHT="54" WIDTH="45" VPOS="1785" HPOS="1767"/>
<String CONTENT="quips," HEIGHT="75" WIDTH="203" VPOS="1766" HPOS="1813"/>
<SP HEIGHT="54" WIDTH="53" VPOS="1787" HPOS="2017"/>
<String CONTENT="a" HEIGHT="39" WIDTH="37" VPOS="1787" HPOS="2071"/>
</TextLine>
<TextLine HEIGHT="139" WIDTH="1974" VPOS="1841" HPOS="110" CS="1">
<String CONTENT="guide" HEIGHT="74" WIDTH="185" VPOS="1844" HPOS="110"/>
<SP HEIGHT="58" WIDTH="26" VPOS="1844" HPOS="296"/>
<String CONTENT="for" HEIGHT="57" WIDTH="104" VPOS="1844" HPOS="323"/>
<SP HEIGHT="54" WIDTH="27" VPOS="1847" HPOS="428"/>
<String CONTENT="toastmaster" HEIGHT="56" WIDTH="410" VPOS="1845" HPOS="456"/>
<SP HEIGHT="37" WIDTH="24" VPOS="1863" HPOS="867"/>
<String CONTENT="and" HEIGHT="59" WIDTH="123" VPOS="1844" HPOS="892"/>
<SP/>
<String CONTENT="toast-giver," HEIGHT="75" WIDTH="392" VPOS="1841" HPOS="1043"/>
<SP HEIGHT="53" WIDTH="27" VPOS="1863" HPOS="1436"/>
<String CONTENT="with" HEIGHT="58" WIDTH="152" VPOS="1843" HPOS="1464"/>
<SP HEIGHT="57" WIDTH="27" VPOS="1844" HPOS="1617"/>
<String CONTENT="a" HEIGHT="37" WIDTH="37" VPOS="1864" HPOS="1645"/>
<SP HEIGHT="37" WIDTH="27" VPOS="1864" HPOS="1683"/>
<String CONTENT="comprehensive" HEIGHT="135" WIDTH="1972" VPOS="1845" HPOS="112"/>
</TextLine>
<TextLine HEIGHT="152" WIDTH="1973" VPOS="1920" HPOS="111" CS="1">
<String CONTENT="selection" HEIGHT="58" WIDTH="293" VPOS="1922" HPOS="285"/>
<SP HEIGHT="38" WIDTH="40" VPOS="1941" HPOS="579"/>
<String CONTENT="of" HEIGHT="58" WIDTH="68" VPOS="1921" HPOS="620"/>
<SP HEIGHT="57" WIDTH="39" VPOS="1921" HPOS="689"/>
<String CONTENT="after-dinner" HEIGHT="58" WIDTH="421" VPOS="1920" HPOS="729"/>
<SP HEIGHT="37" WIDTH="40" VPOS="1940" HPOS="1151"/>
<String CONTENT="stories" HEIGHT="59" WIDTH="227" VPOS="1920" HPOS="1192"/>
<SP HEIGHT="39" WIDTH="41" VPOS="1940" HPOS="1420"/>
<String CONTENT="suited" HEIGHT="59" WIDTH="205" VPOS="1920" HPOS="1462"/>
<SP HEIGHT="56" WIDTH="38" VPOS="1923" HPOS="1668"/>
<String CONTENT="to" HEIGHT="56" WIDTH="64" VPOS="1924" HPOS="1707"/>
<SP HEIGHT="39" WIDTH="42" VPOS="1942" HPOS="1772"/>
<String CONTENT="all" HEIGHT="59" WIDTH="84" VPOS="1922" HPOS="1815"/>
<SP HEIGHT="58" WIDTH="39" VPOS="1922" HPOS="1900"/>
<String CONTENT="occasions," HEIGHT="130" WIDTH="1973" VPOS="1942" HPOS="111"/>
</TextLine>
<TextLine HEIGHT="154" WIDTH="1975" VPOS="1997" HPOS="107" CS="1">
<String CONTENT="by" HEIGHT="73" WIDTH="83" VPOS="2000" HPOS="331"/>
<SP HEIGHT="74" WIDTH="30" VPOS="1999" HPOS="415"/>
<String CONTENT="Carleton" HEIGHT="60" WIDTH="296" VPOS="1999" HPOS="446"/>
<SP HEIGHT="57" WIDTH="29" VPOS="1999" HPOS="743"/>
<String CONTENT="B." HEIGHT="58" WIDTH="71" VPOS="1999" HPOS="773"/>
<SP HEIGHT="60" WIDTH="38" VPOS="1998" HPOS="845"/>
<String CONTENT="Case." HEIGHT="60" WIDTH="175" VPOS="1998" HPOS="884"/>
<SP HEIGHT="61" WIDTH="86" VPOS="1997" HPOS="1060"/>
<String CONTENT="Chicago," HEIGHT="76" WIDTH="288" VPOS="1997" HPOS="1147"/>
<SP HEIGHT="75" WIDTH="36" VPOS="1998" HPOS="1436"/>
<String CONTENT="Shrewesbury" HEIGHT="76" WIDTH="451" VPOS="1998" HPOS="1473"/>
<SP HEIGHT="55" WIDTH="28" VPOS="2019" HPOS="1925"/>
<String CONTENT="publishing" HEIGHT="150" WIDTH="1975" VPOS="2001" HPOS="107"/>
<SP HEIGHT="53" WIDTH="28" VPOS="2098" HPOS="343"/>
<String CONTENT="co." HEIGHT="38" WIDTH="84" VPOS="2098" HPOS="372"/>
<SP HEIGHT="43" WIDTH="36" VPOS="2107" HPOS="457"/>
<String CONTENT="[" HEIGHT="43" WIDTH="13" VPOS="2107" HPOS="494"/>
<String STYLE="superscript" CONTENT="c" HEIGHT="22" WIDTH="20" VPOS="2086" HPOS="509"/>
<String CONTENT="1925]" HEIGHT="73" WIDTH="164" VPOS="2078" HPOS="531"/>
</TextLine>
<TextLine HEIGHT="54" WIDTH="334" VPOS="2155" HPOS="178" STYLEREFS="StyleId-0F6364E7-1894-4E56-97C1-F9747EE2193E-">
<String CONTENT="287" HEIGHT="45" WIDTH="84" VPOS="2155" HPOS="178"/>
<SP HEIGHT="54" WIDTH="27" VPOS="2155" HPOS="263"/>
<String CONTENT="p." HEIGHT="38" WIDTH="39" VPOS="2171" HPOS="291"/>
<SP HEIGHT="43" WIDTH="58" VPOS="2157" HPOS="331"/>
<String CONTENT="20" HEIGHT="44" WIDTH="56" VPOS="2156" HPOS="390"/>
<String STYLE="superscript" CONTENT="cm" HEIGHT="18" WIDTH="47" VPOS="2158" HPOS="451"/>
<String CONTENT="." HEIGHT="8" WIDTH="9" VPOS="2191" HPOS="503"/>
</TextLine>
<TextLine HEIGHT="55" WIDTH="1803" VPOS="2211" HPOS="109" STYLEREFS="StyleId-0F6364E7-1894-4E56-97C1-F9747EE2193E-">
<String CONTENT="&#169;" HEIGHT="54" WIDTH="54" VPOS="2212" HPOS="109"/>
<SP HEIGHT="54" WIDTH="23" VPOS="2212" HPOS="164"/>
<String CONTENT="Feb." HEIGHT="44" WIDTH="108" VPOS="2213" HPOS="188"/>
<SP HEIGHT="44" WIDTH="25" VPOS="2213" HPOS="297"/>
<String CONTENT="7," HEIGHT="45" WIDTH="35" VPOS="2213" HPOS="323"/>
<SP HEIGHT="44" WIDTH="31" VPOS="2214" HPOS="359"/>
<String CONTENT="1925;" HEIGHT="53" WIDTH="130" VPOS="2212" HPOS="391"/>
<SP HEIGHT="52" WIDTH="24" VPOS="2213" HPOS="522"/>
<String CONTENT="2c." HEIGHT="43" WIDTH="66" VPOS="2213" HPOS="547"/>
<SP HEIGHT="28" WIDTH="24" VPOS="2228" HPOS="614"/>
<String CONTENT="and" HEIGHT="43" WIDTH="87" VPOS="2213" HPOS="639"/>
<SP HEIGHT="43" WIDTH="24" VPOS="2213" HPOS="727"/>
<String CONTENT="aff." HEIGHT="43" WIDTH="79" VPOS="2213" HPOS="752"/>
<SP HEIGHT="45" WIDTH="24" VPOS="2211" HPOS="832"/>
<String CONTENT="Feb." HEIGHT="45" WIDTH="107" VPOS="2211" HPOS="857"/>
<SP HEIGHT="43" WIDTH="30" VPOS="2213" HPOS="965"/>
<String CONTENT="13;" HEIGHT="51" WIDTH="73" VPOS="2213" HPOS="996"/>
<SP HEIGHT="51" WIDTH="26" VPOS="2213" HPOS="1070"/>
<!-- cceid 2B879894-6DD5-1014-B757-AF09C522E301 --><String CONTENT="A" HEIGHT="42" WIDTH="43" VPOS="2213" HPOS="1097"/>
<SP HEIGHT="43" WIDTH="26" VPOS="2213" HPOS="1141"/>
<String CONTENT="822017;" HEIGHT="52" WIDTH="189" VPOS="2211" HPOS="1168"/>
<SP HEIGHT="52" WIDTH="31" VPOS="2211" HPOS="1358"/>
<String CONTENT="Shrewsbury" HEIGHT="54" WIDTH="301" VPOS="2211" HPOS="1390"/>
<SP HEIGHT="38" WIDTH="25" VPOS="2227" HPOS="1692"/>
<String CONTENT="pub." HEIGHT="52" WIDTH="100" VPOS="2213" HPOS="1718"/>
<SP HEIGHT="27" WIDTH="26" VPOS="2229" HPOS="1819"/>
<String CONTENT="co." HEIGHT="28" WIDTH="66" VPOS="2229" HPOS="1846"/>
</TextLine>
<TextLine HEIGHT="55" WIDTH="242" VPOS="2269" HPOS="187" STYLEREFS="StyleId-0F6364E7-1894-4E56-97C1-F9747EE2193E-">
<String CONTENT="(25-4409)" HEIGHT="55" WIDTH="242" VPOS="2269" HPOS="187"/>
</TextLine>
<TextLine HEIGHT="73" WIDTH="811" VPOS="2352" HPOS="112" STYLEREFS="StyleId-ECA81B86-0BC0-4F75-8F4A-F0CC7216C390-">
<String CONTENT="Cook," HEIGHT="70" WIDTH="184" VPOS="2355" HPOS="112"/>
<SP HEIGHT="71" WIDTH="39" VPOS="2354" HPOS="297"/>
<String CONTENT="Walter" HEIGHT="61" WIDTH="244" VPOS="2352" HPOS="337"/>
<SP HEIGHT="58" WIDTH="37" VPOS="2354" HPOS="582"/>
<String CONTENT="Wheeler." HEIGHT="59" WIDTH="303" VPOS="2353" HPOS="620"/>
</TextLine>
<TextLine HEIGHT="151" WIDTH="1974" VPOS="2444" HPOS="110" CS="1">
<String CONTENT="Cases" HEIGHT="60" WIDTH="193" VPOS="2444" HPOS="190"/>
<SP HEIGHT="38" WIDTH="29" VPOS="2465" HPOS="384"/>
<String CONTENT="and" HEIGHT="55" WIDTH="123" VPOS="2447" HPOS="414"/>
<SP HEIGHT="55" WIDTH="29" VPOS="2447" HPOS="538"/>
<String CONTENT="other" HEIGHT="57" WIDTH="178" VPOS="2445" HPOS="568"/>
<SP HEIGHT="37" WIDTH="32" VPOS="2465" HPOS="747"/>
<String CONTENT="authorities" HEIGHT="58" WIDTH="373" VPOS="2445" HPOS="780"/>
<SP HEIGHT="39" WIDTH="33" VPOS="2464" HPOS="1154"/>
<String CONTENT="on" HEIGHT="38" WIDTH="81" VPOS="2464" HPOS="1188"/>
<SP HEIGHT="37" WIDTH="29" VPOS="2465" HPOS="1270"/>
<String CS="1" CONTENT="equity." HEIGHT="73" WIDTH="214" VPOS="2445" HPOS="1300"/>
<SP HEIGHT="37" WIDTH="70" VPOS="2465" HPOS="1529"/>
<String CONTENT="v." HEIGHT="38" WIDTH="56" VPOS="2465" HPOS="1600"/>
<SP HEIGHT="55" WIDTH="35" VPOS="2448" HPOS="1657"/>
<String CONTENT="3." HEIGHT="54" WIDTH="50" VPOS="2448" HPOS="1693"/>
<SP HEIGHT="56" WIDTH="32" VPOS="2447" HPOS="1744"/>
<String CONTENT="Reformation," HEIGHT="149" WIDTH="1974" VPOS="2446" HPOS="110"/>
</TextLine>
<TextLine HEIGHT="74" WIDTH="1802" VPOS="2523" HPOS="295">
<String CONTENT="rescission," HEIGHT="72" WIDTH="353" VPOS="2523" HPOS="295"/>
<SP HEIGHT="53" WIDTH="33" VPOS="2542" HPOS="649"/>
<String CONTENT="and" HEIGHT="56" WIDTH="125" VPOS="2524" HPOS="683"/>
<SP HEIGHT="56" WIDTH="28" VPOS="2524" HPOS="809"/>
<String CONTENT="restitution," HEIGHT="71" WIDTH="381" VPOS="2523" HPOS="838"/>
<SP HEIGHT="51" WIDTH="35" VPOS="2543" HPOS="1220"/>
<String CONTENT="at" HEIGHT="54" WIDTH="67" VPOS="2527" HPOS="1256"/>
<SP HEIGHT="57" WIDTH="27" VPOS="2524" HPOS="1324"/>
<String CONTENT="law" HEIGHT="56" WIDTH="121" VPOS="2524" HPOS="1352"/>
<SP HEIGHT="72" WIDTH="39" VPOS="2523" HPOS="1474"/>
<String CONTENT="(quasi-contracts)" HEIGHT="74" WIDTH="583" VPOS="2523" HPOS="1514"/>
</TextLine>
<TextLine HEIGHT="75" WIDTH="1995" VPOS="2600" HPOS="111">
<String CONTENT="and" HEIGHT="57" WIDTH="123" VPOS="2602" HPOS="111"/>
<SP HEIGHT="58" WIDTH="40" VPOS="2601" HPOS="235"/>
<String CONTENT="in" HEIGHT="56" WIDTH="65" VPOS="2601" HPOS="276"/>
<SP HEIGHT="37" WIDTH="45" VPOS="2621" HPOS="342"/>
<String CONTENT="equity," HEIGHT="73" WIDTH="230" VPOS="2600" HPOS="388"/>
<SP HEIGHT="51" WIDTH="48" VPOS="2622" HPOS="619"/>
<String CONTENT="selected" HEIGHT="58" WIDTH="268" VPOS="2601" HPOS="668"/>
<SP HEIGHT="58" WIDTH="43" VPOS="2601" HPOS="937"/>
<String CONTENT="from" HEIGHT="57" WIDTH="169" VPOS="2601" HPOS="981"/>
<SP HEIGHT="57" WIDTH="42" VPOS="2602" HPOS="1151"/>
<String CONTENT="decisions" HEIGHT="59" WIDTH="309" VPOS="2601" HPOS="1194"/>
<SP HEIGHT="38" WIDTH="47" VPOS="2622" HPOS="1504"/>
<String CONTENT="of" HEIGHT="58" WIDTH="67" VPOS="2602" HPOS="1552"/>
<SP HEIGHT="57" WIDTH="44" VPOS="2602" HPOS="1620"/>
<String CONTENT="English" HEIGHT="73" WIDTH="269" VPOS="2602" HPOS="1665"/>
<SP HEIGHT="59" WIDTH="46" VPOS="2603" HPOS="1935"/>
<String CONTENT="and" HEIGHT="57" WIDTH="124" VPOS="2607" HPOS="1982"/>
</TextLine>
<TextLine HEIGHT="77" WIDTH="1994" VPOS="2679" HPOS="109" CS="1">
<String CONTENT="American" HEIGHT="58" WIDTH="337" VPOS="2679" HPOS="109"/>
<SP HEIGHT="37" WIDTH="48" VPOS="2698" HPOS="447"/>
<String CONTENT="courts," HEIGHT="72" WIDTH="227" VPOS="2681" HPOS="496"/>
<SP HEIGHT="74" WIDTH="45" VPOS="2679" HPOS="724"/>
<String CONTENT="Walter" HEIGHT="57" WIDTH="247" VPOS="2679" HPOS="770"/>
<SP HEIGHT="58" WIDTH="40" VPOS="2679" HPOS="1018"/>
<String CONTENT="Wheeler" HEIGHT="58" WIDTH="292" VPOS="2679" HPOS="1059"/>
<SP HEIGHT="59" WIDTH="49" VPOS="2679" HPOS="1352"/>
<String CONTENT="Cook" HEIGHT="59" WIDTH="170" VPOS="2679" HPOS="1402"/>
<SP HEIGHT="58" WIDTH="50" VPOS="2681" HPOS="1573"/>
<String CS="1" CONTENT="&#8230;"/>
<SP HEIGHT="59" WIDTH="95" VPOS="2681" HPOS="1686"/>
<String CONTENT="St." HEIGHT="59" WIDTH="90" VPOS="2681" HPOS="1782"/>
<SP HEIGHT="56" WIDTH="50" VPOS="2683" HPOS="1873"/>
<String CONTENT="Paul," HEIGHT="73" WIDTH="179" VPOS="2683" HPOS="1924"/>
</TextLine>
<TextLine HEIGHT="73" WIDTH="1129" VPOS="2756" HPOS="108">
<String CONTENT="West" HEIGHT="58" WIDTH="181" VPOS="2756" HPOS="108"/>
<SP HEIGHT="68" WIDTH="27" VPOS="2759" HPOS="290"/>
<String CONTENT="publishing" HEIGHT="73" WIDTH="365" VPOS="2756" HPOS="318"/>
<SP HEIGHT="53" WIDTH="30" VPOS="2776" HPOS="684"/>
<String CONTENT="company," HEIGHT="54" WIDTH="321" VPOS="2775" HPOS="715"/>
<SP HEIGHT="69" WIDTH="35" VPOS="2760" HPOS="1037"/>
<String CONTENT="1924." HEIGHT="55" WIDTH="164" VPOS="2758" HPOS="1073"/>
</TextLine>
<TextLine HEIGHT="59" WIDTH="1924" VPOS="2832" HPOS="179" STYLEREFS="StyleId-0F6364E7-1894-4E56-97C1-F9747EE2193E-" CS="1">
<String CONTENT="xix," HEIGHT="50" WIDTH="95" VPOS="2834" HPOS="179"/>
<SP HEIGHT="50" WIDTH="24" VPOS="2834" HPOS="275"/>
<String CONTENT="1048" HEIGHT="43" WIDTH="105" VPOS="2833" HPOS="300"/>
<SP HEIGHT="52" WIDTH="19" VPOS="2833" HPOS="406"/>
<String CONTENT="p." HEIGHT="38" WIDTH="39" VPOS="2847" HPOS="426"/>
<SP HEIGHT="43" WIDTH="48" VPOS="2833" HPOS="466"/>
<String CS="1" CONTENT="26&#189;" HEIGHT="44" WIDTH="54" VPOS="2832" HPOS="515"/>
<String STYLE="superscript" CONTENT="cm" HEIGHT="17" WIDTH="47" VPOS="2836" HPOS="603"/>
<String CONTENT="." HEIGHT="8" WIDTH="8" VPOS="2869" HPOS="656"/>
<SP HEIGHT="53" WIDTH="68" VPOS="2833" HPOS="665"/>
<String CONTENT="(American" HEIGHT="53" WIDTH="269" VPOS="2833" HPOS="734"/>
<SP HEIGHT="28" WIDTH="22" VPOS="2848" HPOS="1004"/>
<String CONTENT="casebook" HEIGHT="44" WIDTH="224" VPOS="2834" HPOS="1027"/>
<SP HEIGHT="43" WIDTH="20" VPOS="2834" HPOS="1252"/>
<String CONTENT="series," HEIGHT="53" WIDTH="153" VPOS="2834" HPOS="1273"/>
<SP HEIGHT="52" WIDTH="21" VPOS="2835" HPOS="1427"/>
<String CONTENT="William" HEIGHT="44" WIDTH="206" VPOS="2834" HPOS="1449"/>
<SP HEIGHT="42" WIDTH="23" VPOS="2836" HPOS="1656"/>
<String CONTENT="Reynolds" HEIGHT="52" WIDTH="229" VPOS="2836" HPOS="1680"/>
<SP HEIGHT="44" WIDTH="24" VPOS="2837" HPOS="1910"/>
<String CONTENT="Vance," HEIGHT="54" WIDTH="168" VPOS="2837" HPOS="1935"/>
</TextLine>
<TextLine HEIGHT="54" WIDTH="384" VPOS="2888" HPOS="108" STYLEREFS="StyleId-0F6364E7-1894-4E56-97C1-F9747EE2193E-">
<String CONTENT="general" HEIGHT="51" WIDTH="182" VPOS="2890" HPOS="108"/>
<SP HEIGHT="43" WIDTH="29" VPOS="2890" HPOS="291"/>
<String CONTENT="editor)" HEIGHT="54" WIDTH="171" VPOS="2888" HPOS="321"/>
</TextLine>
<TextLine HEIGHT="58" WIDTH="1939" VPOS="2943" HPOS="107" STYLEREFS="StyleId-0F6364E7-1894-4E56-97C1-F9747EE2193E-">
<String CONTENT="&#169;" HEIGHT="54" WIDTH="56" VPOS="2943" HPOS="107"/>
<SP HEIGHT="54" WIDTH="26" VPOS="2943" HPOS="164"/>
<String CONTENT="Nov." HEIGHT="44" WIDTH="120" VPOS="2945" HPOS="191"/>
<SP HEIGHT="45" WIDTH="24" VPOS="2944" HPOS="312"/>
<String CONTENT="6," HEIGHT="53" WIDTH="37" VPOS="2944" HPOS="337"/>
<SP HEIGHT="51" WIDTH="29" VPOS="2946" HPOS="375"/>
<String CONTENT="1924;" HEIGHT="52" WIDTH="129" VPOS="2945" HPOS="405"/>
<SP HEIGHT="51" WIDTH="26" VPOS="2946" HPOS="535"/>
<String CONTENT="2c." HEIGHT="42" WIDTH="65" VPOS="2946" HPOS="562"/>
<SP HEIGHT="44" WIDTH="29" VPOS="2944" HPOS="628"/>
<String CONTENT="Feb." HEIGHT="44" WIDTH="106" VPOS="2944" HPOS="658"/>
<SP HEIGHT="42" WIDTH="29" VPOS="2946" HPOS="765"/>
<String CONTENT="13," HEIGHT="50" WIDTH="62" VPOS="2946" HPOS="795"/>
<SP HEIGHT="51" WIDTH="32" VPOS="2945" HPOS="858"/>
<String CONTENT="1925;" HEIGHT="54" WIDTH="129" VPOS="2944" HPOS="891"/>
<SP HEIGHT="38" WIDTH="29" VPOS="2960" HPOS="1021"/>
<String CONTENT="aff." HEIGHT="43" WIDTH="79" VPOS="2946" HPOS="1051"/>
<SP HEIGHT="45" WIDTH="27" VPOS="2944" HPOS="1131"/>
<String CONTENT="Feb." HEIGHT="45" WIDTH="107" VPOS="2944" HPOS="1159"/>
<SP HEIGHT="42" WIDTH="31" VPOS="2947" HPOS="1267"/>
<String CONTENT="12;" HEIGHT="52" WIDTH="73" VPOS="2946" HPOS="1299"/>
<SP HEIGHT="51" WIDTH="27" VPOS="2947" HPOS="1373"/>
<!-- cceid 2B88380B-6DD5-1014-B757-AF09C522E301 --><String CONTENT="A" HEIGHT="42" WIDTH="43" VPOS="2947" HPOS="1401"/>
<SP HEIGHT="43" WIDTH="27" VPOS="2947" HPOS="1445"/>
<String CONTENT="823068;" HEIGHT="53" WIDTH="189" VPOS="2946" HPOS="1473"/>
<SP HEIGHT="50" WIDTH="28" VPOS="2949" HPOS="1663"/>
<String CONTENT="West" HEIGHT="43" WIDTH="134" VPOS="2949" HPOS="1692"/>
<SP HEIGHT="45" WIDTH="24" VPOS="2956" HPOS="1827"/>
<String CONTENT="pub." HEIGHT="52" WIDTH="100" VPOS="2949" HPOS="1852"/>
<SP HEIGHT="27" WIDTH="27" VPOS="2966" HPOS="1953"/>
<String CONTENT="co." HEIGHT="28" WIDTH="65" VPOS="2965" HPOS="1981"/>
</TextLine>
<TextLine HEIGHT="74" WIDTH="1102" VPOS="3027" HPOS="108" STYLEREFS="StyleId-ECA81B86-0BC0-4F75-8F4A-F0CC7216C390-">
<String CONTENT="Dercum," HEIGHT="72" WIDTH="285" VPOS="3028" HPOS="108"/>
<SP HEIGHT="71" WIDTH="36" VPOS="3029" HPOS="394"/>
<String CONTENT="Francis" HEIGHT="57" WIDTH="262" VPOS="3028" HPOS="431"/>
<SP HEIGHT="56" WIDTH="34" VPOS="3030" HPOS="694"/>
<String CONTENT="Xavier," HEIGHT="74" WIDTH="253" VPOS="3027" HPOS="729"/>
<SP HEIGHT="68" WIDTH="34" VPOS="3033" HPOS="983"/>
<String CONTENT="1856-" HEIGHT="56" WIDTH="192" VPOS="3032" HPOS="1018"/>
</TextLine>
<TextLine HEIGHT="74" WIDTH="1917" VPOS="3119" HPOS="186">
<String CONTENT="The" HEIGHT="58" WIDTH="130" VPOS="3119" HPOS="186"/>
<SP HEIGHT="52" WIDTH="39" VPOS="3138" HPOS="317"/>
<String CONTENT="physiology" HEIGHT="72" WIDTH="377" VPOS="3119" HPOS="357"/>
<SP HEIGHT="52" WIDTH="41" VPOS="3139" HPOS="735"/>
<String CONTENT="of" HEIGHT="58" WIDTH="67" VPOS="3119" HPOS="777"/>
<SP HEIGHT="57" WIDTH="38" VPOS="3119" HPOS="845"/>
<String CONTENT="mind;" HEIGHT="72" WIDTH="203" VPOS="3119" HPOS="884"/>
<SP HEIGHT="51" WIDTH="44" VPOS="3140" HPOS="1088"/>
<String CONTENT="an" HEIGHT="37" WIDTH="80" VPOS="3140" HPOS="1133"/>
<SP HEIGHT="56" WIDTH="39" VPOS="3121" HPOS="1214"/>
<String CONTENT="interpretation" HEIGHT="72" WIDTH="492" VPOS="3121" HPOS="1254"/>
<SP HEIGHT="58" WIDTH="39" VPOS="3125" HPOS="1747"/>
<String CONTENT="based" HEIGHT="60" WIDTH="195" VPOS="3125" HPOS="1787"/>
<SP HEIGHT="58" WIDTH="40" VPOS="3127" HPOS="1983"/>
<String CONTENT="on" HEIGHT="38" WIDTH="79" VPOS="3147" HPOS="2024"/>
</TextLine>
<TextLine HEIGHT="153" WIDTH="1974" VPOS="3196" HPOS="106" CS="1">
<String CONTENT="biological," HEIGHT="74" WIDTH="348" VPOS="3196" HPOS="106"/>
<SP HEIGHT="50" WIDTH="37" VPOS="3218" HPOS="455"/>
<String CONTENT="morphological," HEIGHT="77" WIDTH="509" VPOS="3197" HPOS="493"/>
<SP HEIGHT="57" WIDTH="37" VPOS="3217" HPOS="1003"/>
<String CONTENT="physical" HEIGHT="73" WIDTH="288" VPOS="3198" HPOS="1041"/>
<SP HEIGHT="57" WIDTH="36" VPOS="3200" HPOS="1330"/>
<String CONTENT="and" HEIGHT="56" WIDTH="124" VPOS="3202" HPOS="1367"/>
<SP HEIGHT="56" WIDTH="38" VPOS="3202" HPOS="1492"/>
<String CONTENT="chemical" HEIGHT="60" WIDTH="297" VPOS="3201" HPOS="1531"/>
<SP HEIGHT="58" WIDTH="34" VPOS="3205" HPOS="1829"/>
<String CONTENT="considerations," HEIGHT="144" WIDTH="1969" VPOS="3205" HPOS="111"/>
</TextLine>
<TextLine HEIGHT="150" WIDTH="1970" VPOS="3275" HPOS="109" CS="1">
<String CS="1" CONTENT="by" HEIGHT="58" WIDTH="39" VPOS="3276" HPOS="434"/>
<SP HEIGHT="61" WIDTH="24" VPOS="3275" HPOS="519"/>
<String CONTENT="Francis" HEIGHT="59" WIDTH="265" VPOS="3275" HPOS="544"/>
<SP HEIGHT="57" WIDTH="25" VPOS="3277" HPOS="810"/>
<String CONTENT="X." HEIGHT="56" WIDTH="78" VPOS="3277" HPOS="836"/>
<SP HEIGHT="57" WIDTH="32" VPOS="3276" HPOS="915"/>
<String CONTENT="Dercum" HEIGHT="58" WIDTH="270" VPOS="3276" HPOS="948"/>
<SP HEIGHT="38" WIDTH="33" VPOS="3296" HPOS="1219"/>
<String CS="1" CONTENT="&#8230;"/>
<SP HEIGHT="56" WIDTH="73" VPOS="3279" HPOS="1316"/>
<String CONTENT="2d" HEIGHT="57" WIDTH="77" VPOS="3279" HPOS="1390"/>
<SP HEIGHT="56" WIDTH="28" VPOS="3280" HPOS="1468"/>
<String CONTENT="ed.," HEIGHT="73" WIDTH="110" VPOS="3279" HPOS="1497"/>
<SP HEIGHT="53" WIDTH="30" VPOS="3299" HPOS="1608"/>
<String CONTENT="reset." HEIGHT="55" WIDTH="183" VPOS="3285" HPOS="1639"/>
<SP HEIGHT="57" WIDTH="70" VPOS="3283" HPOS="1823"/>
<String CONTENT="Philadelphia" HEIGHT="143" WIDTH="1970" VPOS="3282" HPOS="109"/>
</TextLine>
<TextLine HEIGHT="79" WIDTH="1549" VPOS="3353" HPOS="390">
<String CONTENT="and" HEIGHT="56" WIDTH="122" VPOS="3355" HPOS="390"/>
<SP HEIGHT="58" WIDTH="24" VPOS="3353" HPOS="513"/>
<String CONTENT="London," HEIGHT="68" WIDTH="277" VPOS="3353" HPOS="538"/>
<SP HEIGHT="67" WIDTH="24" VPOS="3354" HPOS="816"/>
<String CONTENT="W." HEIGHT="58" WIDTH="97" VPOS="3354" HPOS="841"/>
<SP HEIGHT="58" WIDTH="26" VPOS="3354" HPOS="939"/>
<String CONTENT="B." HEIGHT="57" WIDTH="70" VPOS="3354" HPOS="966"/>
<SP HEIGHT="59" WIDTH="32" VPOS="3353" HPOS="1037"/>
<String CONTENT="Saunders" HEIGHT="60" WIDTH="320" VPOS="3353" HPOS="1070"/>
<SP HEIGHT="38" WIDTH="28" VPOS="3375" HPOS="1391"/>
<String CONTENT="company," HEIGHT="57" WIDTH="322" VPOS="3375" HPOS="1420"/>
<SP HEIGHT="71" WIDTH="28" VPOS="3361" HPOS="1743"/>
<String CONTENT="1925." HEIGHT="58" WIDTH="167" VPOS="3360" HPOS="1772"/>
</TextLine>
<TextLine HEIGHT="56" WIDTH="601" VPOS="3430" HPOS="182" STYLEREFS="StyleId-0F6364E7-1894-4E56-97C1-F9747EE2193E-" CS="1">
<String CONTENT="2" HEIGHT="41" WIDTH="28" VPOS="3436" HPOS="182"/>
<SP/>
<String LANG="la" CONTENT="p." HEIGHT="38" WIDTH="40" VPOS="3448" HPOS="236"/>
<SP HEIGHT="43" WIDTH="24" VPOS="3433" HPOS="277"/>
<String LANG="la" CS="1" CONTENT="l"/>
<String CONTENT=".," HEIGHT="16" WIDTH="22" VPOS="3467" HPOS="322"/>
<SP HEIGHT="53" WIDTH="25" VPOS="3430" HPOS="345"/>
<String CONTENT="7-287" HEIGHT="46" WIDTH="137" VPOS="3430" HPOS="371"/>
<SP HEIGHT="53" WIDTH="24" VPOS="3432" HPOS="509"/>
<String CONTENT="p." HEIGHT="37" WIDTH="39" VPOS="3448" HPOS="534"/>
<SP HEIGHT="42" WIDTH="57" VPOS="3434" HPOS="574"/>
<String CS="1" CONTENT="20&#189;" HEIGHT="44" WIDTH="56" VPOS="3432" HPOS="632"/>
<String STYLE="superscript" CS="1" CONTENT="cm" HEIGHT="18" WIDTH="15" VPOS="3435" HPOS="722"/>
<String CONTENT="." HEIGHT="10" WIDTH="9" VPOS="3467" HPOS="774"/>
</TextLine>
<TextLine HEIGHT="56" WIDTH="1697" VPOS="3489" HPOS="187" STYLEREFS="StyleId-0F6364E7-1894-4E56-97C1-F9747EE2193E-">
<String CONTENT="Published." HEIGHT="44" WIDTH="257" VPOS="3489" HPOS="187"/>
<SP HEIGHT="41" WIDTH="16" VPOS="3491" HPOS="445"/>
<String CONTENT="1922" HEIGHT="43" WIDTH="107" VPOS="3490" HPOS="462"/>
<SP HEIGHT="41" WIDTH="23" VPOS="3491" HPOS="570"/>
<String CONTENT="under" HEIGHT="43" WIDTH="142" VPOS="3489" HPOS="594"/>
<SP HEIGHT="37" WIDTH="25" VPOS="3496" HPOS="737"/>
<String CONTENT="title:" HEIGHT="44" WIDTH="125" VPOS="3489" HPOS="763"/>
<SP HEIGHT="42" WIDTH="29" VPOS="3490" HPOS="889"/>
<String CONTENT="An" HEIGHT="42" WIDTH="74" VPOS="3490" HPOS="919"/>
<SP HEIGHT="29" WIDTH="28" VPOS="3504" HPOS="994"/>
<String CONTENT="essay" HEIGHT="37" WIDTH="129" VPOS="3505" HPOS="1023"/>
<SP HEIGHT="36" WIDTH="27" VPOS="3506" HPOS="1153"/>
<String CONTENT="on" HEIGHT="28" WIDTH="56" VPOS="3506" HPOS="1181"/>
<SP HEIGHT="36" WIDTH="28" VPOS="3498" HPOS="1238"/>
<String CONTENT="the" HEIGHT="46" WIDTH="73" VPOS="3490" HPOS="1267"/>
<SP HEIGHT="37" WIDTH="28" VPOS="3506" HPOS="1341"/>
<String CONTENT="physiology" HEIGHT="56" WIDTH="269" VPOS="3489" HPOS="1370"/>
<SP HEIGHT="35" WIDTH="28" VPOS="3510" HPOS="1640"/>
<String CONTENT="of" HEIGHT="45" WIDTH="52" VPOS="3493" HPOS="1669"/>
<SP HEIGHT="45" WIDTH="25" VPOS="3493" HPOS="1722"/>
<String CONTENT="mind." HEIGHT="47" WIDTH="136" VPOS="3493" HPOS="1748"/>
</TextLine>
<TextLine HEIGHT="56" WIDTH="1994" VPOS="3543" HPOS="107" STYLEREFS="StyleId-0F6364E7-1894-4E56-97C1-F9747EE2193E-">
<String CONTENT="&#169;" HEIGHT="54" WIDTH="56" VPOS="3543" HPOS="107"/>
<SP HEIGHT="54" WIDTH="26" VPOS="3543" HPOS="164"/>
<String CONTENT="Feb." HEIGHT="44" WIDTH="107" VPOS="3545" HPOS="191"/>
<SP HEIGHT="41" WIDTH="31" VPOS="3547" HPOS="299"/>
<String CONTENT="10," HEIGHT="50" WIDTH="60" VPOS="3545" HPOS="331"/>
<SP HEIGHT="49" WIDTH="31" VPOS="3546" HPOS="392"/>
<String CONTENT="1925;" HEIGHT="53" WIDTH="131" VPOS="3544" HPOS="424"/>
<SP HEIGHT="52" WIDTH="27" VPOS="3545" HPOS="556"/>
<String CONTENT="2c." HEIGHT="44" WIDTH="65" VPOS="3545" HPOS="584"/>
<SP HEIGHT="44" WIDTH="28" VPOS="3544" HPOS="650"/>
<String CONTENT="Feb." HEIGHT="45" WIDTH="108" VPOS="3544" HPOS="679"/>
<SP HEIGHT="41" WIDTH="31" VPOS="3547" HPOS="788"/>
<String CONTENT="13;" HEIGHT="51" WIDTH="73" VPOS="3547" HPOS="820"/>
<SP HEIGHT="37" WIDTH="30" VPOS="3561" HPOS="894"/>
<String CONTENT="aff." HEIGHT="42" WIDTH="79" VPOS="3547" HPOS="925"/>
<SP HEIGHT="44" WIDTH="31" VPOS="3545" HPOS="1005"/>
<String CONTENT="Feb." HEIGHT="45" WIDTH="108" VPOS="3545" HPOS="1037"/>
<SP HEIGHT="42" WIDTH="34" VPOS="3547" HPOS="1146"/>
<String CONTENT="16;" HEIGHT="51" WIDTH="72" VPOS="3546" HPOS="1181"/>
<SP HEIGHT="49" WIDTH="32" VPOS="3548" HPOS="1254"/>
<!-- cceid 2B88CC11-6DD5-1014-B757-AF09C522E301 --><String CONTENT="A" HEIGHT="42" WIDTH="43" VPOS="3548" HPOS="1287"/>
<SP HEIGHT="43" WIDTH="28" VPOS="3548" HPOS="1331"/>
<String CONTENT="822044;" HEIGHT="51" WIDTH="191" VPOS="3548" HPOS="1360"/>
<SP HEIGHT="48" WIDTH="30" VPOS="3551" HPOS="1552"/>
<String CONTENT="W." HEIGHT="43" WIDTH="76" VPOS="3551" HPOS="1583"/>
<SP HEIGHT="43" WIDTH="30" VPOS="3551" HPOS="1660"/>
<String CONTENT="B." HEIGHT="43" WIDTH="51" VPOS="3551" HPOS="1691"/>
<SP HEIGHT="47" WIDTH="33" VPOS="3551" HPOS="1743"/>
<String CONTENT="Saunders" HEIGHT="47" WIDTH="226" VPOS="3551" HPOS="1777"/>
<SP HEIGHT="29" WIDTH="31" VPOS="3568" HPOS="2004"/>
<String CONTENT="co." HEIGHT="28" WIDTH="65" VPOS="3569" HPOS="2036"/>
</TextLine>
<TextLine HEIGHT="60" WIDTH="1387" VPOS="3599" HPOS="183" STYLEREFS="StyleId-0F6364E7-1894-4E56-97C1-F9747EE2193E-" CS="1">
<String CONTENT="[&#169;" HEIGHT="56" WIDTH="67" VPOS="3599" HPOS="183"/>
<SP HEIGHT="54" WIDTH="24" VPOS="3599" HPOS="251"/>
<String CONTENT="new" HEIGHT="28" WIDTH="100" VPOS="3617" HPOS="276"/>
<SP HEIGHT="28" WIDTH="24" VPOS="3617" HPOS="377"/>
<String CONTENT="matter" HEIGHT="36" WIDTH="163" VPOS="3608" HPOS="402"/>
<SP HEIGHT="28" WIDTH="25" VPOS="3616" HPOS="566"/>
<String CONTENT="added" HEIGHT="44" WIDTH="144" VPOS="3601" HPOS="592"/>
<SP HEIGHT="43" WIDTH="25" VPOS="3601" HPOS="737"/>
<String CONTENT="to" HEIGHT="38" WIDTH="46" VPOS="3607" HPOS="763"/>
<SP HEIGHT="38" WIDTH="27" VPOS="3616" HPOS="810"/>
<String CONTENT="previous" HEIGHT="53" WIDTH="208" VPOS="3601" HPOS="838"/>
<SP HEIGHT="29" WIDTH="27" VPOS="3617" HPOS="1047"/>
<String CONTENT="edition]" HEIGHT="53" WIDTH="181" VPOS="3603" HPOS="1075"/>
<SP/>
<String CONTENT="(25-4423)" HEIGHT="58" WIDTH="242" VPOS="3601" HPOS="1328"/>
</TextLine>
<TextLine HEIGHT="74" WIDTH="703" VPOS="3684" HPOS="110" STYLEREFS="StyleId-ECA81B86-0BC0-4F75-8F4A-F0CC7216C390-">
<String CONTENT="Douglas," HEIGHT="74" WIDTH="294" VPOS="3684" HPOS="110"/>
<SP HEIGHT="69" WIDTH="31" VPOS="3685" HPOS="405"/>
<String CONTENT="A." HEIGHT="58" WIDTH="75" VPOS="3685" HPOS="437"/>
<SP HEIGHT="57" WIDTH="33" VPOS="3685" HPOS="513"/>
<String CONTENT="Donald." HEIGHT="61" WIDTH="266" VPOS="3684" HPOS="547"/>
</TextLine>
<TextLine HEIGHT="80" WIDTH="1917" VPOS="3774" HPOS="190" CS="1">
<String CONTENT="The" HEIGHT="59" WIDTH="130" VPOS="3775" HPOS="190"/>
<SP HEIGHT="53" WIDTH="46" VPOS="3794" HPOS="321"/>
<String CONTENT="grand" HEIGHT="71" WIDTH="202" VPOS="3776" HPOS="368"/>
<SP HEIGHT="59" WIDTH="44" VPOS="3774" HPOS="571"/>
<String CONTENT="inquisitor" HEIGHT="73" WIDTH="337" VPOS="3774" HPOS="616"/>
<SP HEIGHT="52" WIDTH="51" VPOS="3798" HPOS="954"/>
<String CONTENT="[by]" HEIGHT="72" WIDTH="112" VPOS="3778" HPOS="1006"/>
<SP HEIGHT="73" WIDTH="53" VPOS="3777" HPOS="1119"/>
<String CONTENT="Donald" HEIGHT="60" WIDTH="249" VPOS="3777" HPOS="1173"/>
<SP/>
<String CONTENT="Douglas" HEIGHT="74" WIDTH="279" VPOS="3780" HPOS="1470"/>
<SP HEIGHT="39" WIDTH="54" VPOS="3803" HPOS="1750"/>
<String CS="1" CONTENT="&#8230;"/>
<SP HEIGHT="56" WIDTH="84" VPOS="3788" HPOS="1869"/>
<String CONTENT="New" HEIGHT="58" WIDTH="153" VPOS="3788" HPOS="1954"/>
</TextLine>
<TextLine HEIGHT="76" WIDTH="1122" VPOS="3853" HPOS="109">
<String CONTENT="York," HEIGHT="71" WIDTH="190" VPOS="3854" HPOS="109"/>
<SP HEIGHT="72" WIDTH="28" VPOS="3853" HPOS="300"/>
<String CONTENT="Boni" HEIGHT="58" WIDTH="162" VPOS="3853" HPOS="329"/>
<SP HEIGHT="58" WIDTH="26" VPOS="3853" HPOS="492"/>
<String CONTENT="and" HEIGHT="56" WIDTH="123" VPOS="3855" HPOS="519"/>
<SP HEIGHT="57" WIDTH="24" VPOS="3854" HPOS="643"/>
<String CONTENT="Liveright" HEIGHT="71" WIDTH="329" VPOS="3854" HPOS="668"/>
<SP HEIGHT="67" WIDTH="29" VPOS="3861" HPOS="998"/>
<String CONTENT="[" HEIGHT="43" WIDTH="13" VPOS="3885" HPOS="1028"/>
<String STYLE="superscript" CONTENT="c" HEIGHT="23" WIDTH="22" VPOS="3863" HPOS="1042"/>
<String CONTENT="1925]" HEIGHT="73" WIDTH="166" VPOS="3856" HPOS="1065"/>
</TextLine>
<TextLine HEIGHT="51" WIDTH="466" VPOS="3931" HPOS="180" STYLEREFS="StyleId-0F6364E7-1894-4E56-97C1-F9747EE2193E-" CS="1">
<String CONTENT="318," HEIGHT="51" WIDTH="94" VPOS="3931" HPOS="180"/>
<SP HEIGHT="35" WIDTH="32" VPOS="3947" HPOS="275"/>
<String CONTENT="[1]" HEIGHT="46" WIDTH="53" VPOS="3931" HPOS="308"/>
<SP/>
<String CS="1" CONTENT="p."/>
<SP/>
<String CS="1" CONTENT="19&#189;" HEIGHT="43" WIDTH="28" VPOS="3932" HPOS="523"/>
<String STYLE="superscript" CONTENT="cm" HEIGHT="18" WIDTH="47" VPOS="3933" HPOS="584"/>
<String CONTENT="." HEIGHT="9" WIDTH="9" VPOS="3965" HPOS="637"/>
</TextLine>
<TextLine HEIGHT="60" WIDTH="1975" VPOS="3986" HPOS="110" STYLEREFS="StyleId-0F6364E7-1894-4E56-97C1-F9747EE2193E-">
<String CONTENT="&#169;" HEIGHT="54" WIDTH="54" VPOS="3986" HPOS="110"/>
<SP HEIGHT="54" WIDTH="23" VPOS="3986" HPOS="165"/>
<String CONTENT="Feb." HEIGHT="44" WIDTH="107" VPOS="3987" HPOS="189"/>
<SP HEIGHT="44" WIDTH="27" VPOS="3987" HPOS="297"/>
<String CONTENT="6," HEIGHT="51" WIDTH="37" VPOS="3987" HPOS="325"/>
<SP HEIGHT="49" WIDTH="29" VPOS="3989" HPOS="363"/>
<String CONTENT="1925;" HEIGHT="53" WIDTH="131" VPOS="3987" HPOS="393"/>
<SP HEIGHT="51" WIDTH="26" VPOS="3989" HPOS="525"/>
<String CONTENT="2c." HEIGHT="42" WIDTH="65" VPOS="3989" HPOS="552"/>
<SP HEIGHT="44" WIDTH="28" VPOS="3987" HPOS="618"/>
<String CONTENT="Feb." HEIGHT="44" WIDTH="107" VPOS="3987" HPOS="647"/>
<SP HEIGHT="42" WIDTH="31" VPOS="3989" HPOS="755"/>
<String CONTENT="18;" HEIGHT="51" WIDTH="74" VPOS="3989" HPOS="787"/>
<SP HEIGHT="37" WIDTH="27" VPOS="4003" HPOS="862"/>
<String CONTENT="aff." HEIGHT="43" WIDTH="79" VPOS="3990" HPOS="890"/>
<SP HEIGHT="45" WIDTH="26" VPOS="3988" HPOS="970"/>
<String CONTENT="Feb." HEIGHT="45" WIDTH="106" VPOS="3988" HPOS="997"/>
<SP HEIGHT="42" WIDTH="29" VPOS="3991" HPOS="1104"/>
<String CONTENT="17;" HEIGHT="54" WIDTH="74" VPOS="3989" HPOS="1134"/>
<SP HEIGHT="52" WIDTH="28" VPOS="3991" HPOS="1209"/>
<!-- cceid 2B8965F1-6DD5-1014-B757-AF09C522E301 --><String CONTENT="A" HEIGHT="43" WIDTH="44" VPOS="3991" HPOS="1238"/>
<SP HEIGHT="43" WIDTH="25" VPOS="3991" HPOS="1283"/>
<String CONTENT="823116;" HEIGHT="53" WIDTH="189" VPOS="3991" HPOS="1309"/>
<SP HEIGHT="49" WIDTH="30" VPOS="3995" HPOS="1499"/>
<String CONTENT="Boni" HEIGHT="44" WIDTH="115" VPOS="3994" HPOS="1530"/>
<SP HEIGHT="45" WIDTH="26" VPOS="3994" HPOS="1646"/>
<String CONTENT="&amp;" HEIGHT="43" WIDTH="37" VPOS="3996" HPOS="1673"/>
<SP HEIGHT="43" WIDTH="26" VPOS="3996" HPOS="1711"/>
<String CONTENT="Liveright," HEIGHT="50" WIDTH="248" VPOS="3996" HPOS="1738"/>
<SP HEIGHT="47" WIDTH="28" VPOS="3999" HPOS="1987"/>
<String CONTENT="inc" HEIGHT="44" WIDTH="69" VPOS="3999" HPOS="2016"/>
</TextLine>
<TextLine HEIGHT="55" WIDTH="241" VPOS="4042" HPOS="190" STYLEREFS="StyleId-0F6364E7-1894-4E56-97C1-F9747EE2193E-">
<String CONTENT="(25-4609)" HEIGHT="55" WIDTH="241" VPOS="4042" HPOS="190"/>
</TextLine>
</TextBlock>
</PrintSpace>
</Page>
</Layout>
</alto>