2533 4412
1084 4157 70 54 51

124 485 157 70 Clos,
323 485 162 57 Jean
524 484 215 70 Henri,
781 486 189 56 1878-

203 565 129 56 The
363 563 182 73 glory
575 565 67 55 of
672 563 371 72 Yorktown;
1076 561 360 72 Yorktown,
1470 562 245 57 ancient
1751 562 123 57 and
124 577 1970 136 venerable,

322 642 247 57 became
610 641 210 57 heroic
865 642 126 57 and
1032 640 276 73 glorious
1352 640 65 57 in
1461 640 166 69 1781,
1671 639 178 57 when
1890 638 53 58 it
125 637 1966 140 witnessed

393 720 103 57 the
543 718 317 73 crowning
901 718 247 72 victory
1193 719 66 56 of
1304 718 104 56 the
1455 716 472 71 revolutionary
1968 735 148 51 war,

123 796 197 58 which
349 796 293 58 achieved
671 796 336 57 American
1034 795 462 71 independence
1525 795 47 55 &
1603 796 265 57 assured
1895 794 103 58 the
126 812 1966 121 establishment

567 876 68 56 of
672 875 104 57 the
817 874 236 58 United
1094 874 229 58 States.
1406 872 358 72 Yorktown,
1808 875 146 70 past
1996 875 122 56 and

123 957 274 67 present,
425 953 83 72 by
539 951 269 72 Captain
838 952 163 58 Jean
1030 951 200 58 Henri
1261 950 162 73 Clos,
1504 998 11 11 U.
1582 996 11 11 S.
1665 998 10 9 R.
1759 950 357 72 Yorktown,

127 1030 129 72 Va.,
285 1030 341 57 Yorktown
651 1028 328 60 historical
1007 1026 252 74 society,
1288 1028 165 58 1924.

189 1112 26 40 2
238 1124 40 37 p.
321 1143 20 16 l.,
404 1107 136 48 [iii]-iv,
565 1106 67 53 51,
658 1123 26 28 v
708 1123 41 36 p.
809 1107 116 45 illus.
953 1106 113 53 (incl.
1106 1115 156 43 ports.,
1287 1106 152 52 maps)
1506 1108 53 43 24
1566 1109 46 17 cm
1619 1144 8 9 .

192 1165 134 52 Maps
355 1179 58 30 on
442 1163 342 53 lining-papers.

191 1221 355 53 Bibliography:
574 1237 38 34 p.
658 1219 137 46 [iii]–v.

117 1275 55 53 ©
197 1275 102 44 Oct.
328 1273 63 53 15,
417 1275 130 51 1924;
572 1275 63 42 2c.
661 1275 86 42 and
770 1273 79 43 aff.
873 1274 98 51 Jan.
995 1273 67 52 29,
1089 1270 129 48 1925:
1247 1273 43 42 A
1314 1271 189 53 815783;
1531 1274 39 51 J.
1598 1275 60 41 H.
1688 1272 118 53 Clos,
1834 1275 116 43 New
1974 1276 141 42 York.

199 1331 241 54 (25-2852)

123 1432 145 72 Cox,
309 1431 239 74 Joseph
583 1430 230 60 Frank.

200 1507 165 73 Crop
407 1508 373 71 production
821 1509 123 56 and
986 1507 114 58 soil
1140 1510 457 69 management,
1638 1509 80 71 by
1759 1509 241 71 Joseph
2042 1510 69 55 F.

127 1586 1910 73 Cox … New York, J. Wiley & sons, inc.; [etc., etc.] 1925.
199 1682 115 37 xxx,
345 1664 80 45 516
459 1681 39 37 p.
532 1665 118 47 incl.
667 1665 149 50 front.,
849 1664 118 44 illus.
1026 1666 27 41 20½
1115 1668 15 16 cm
1241 1664 165 53 [Wiley
1441 1665 119 44 farm
1593 1665 151 52 series,
1777 1666 67 42 ed.
1879 1667 55 51 by
1970 1667 56 41 A.
2063 1666 56 44 K.

128 1719 958 54 Getman … and C. E. Ladd] $2.75
197 1778 276 44 “Reference
503 1777 168 45 books”:
730 1792 38 38 p.
798 1776 93 45 503.

120 1831 52 54 ©
197 1834 107 42 Dec.
326 1832 67 53 27,
419 1834 129 50 1924;
573 1833 63 44 2c.
660 1833 86 43 and
769 1833 78 43 aff.
870 1834 100 51 Jan.
991 1835 39 50 9,
1056 1831 129 54 1925;
1210 1834 43 42 A
1278 1833 188 49 814613;
1492 1835 39 51 J.
1557 1832 49 44 F.
1632 1832 113 53 Cox,
1769 1832 112 48 East
1905 1834 213 53 Lansing,

193 1890 138 44 Mich.
402 1888 242 56 (25-2559)

124 1987 312 74 Crapullo,
476 1989 242 72 George
754 1988 317 74 Anthony,
1111 1992 191 57 1890-

201 2069 393 59 Blackboard
627 2070 284 71 outlines,
946 2071 273 71 through
1251 2091 108 51 eye
1393 2072 118 57 and
1549 2090 107 39 ear
1688 2074 63 54 to
1782 2072 184 56 heart
1997 2071 122 57 and

124 2147 189 69 mind,
342 2147 83 72 by
453 2146 241 74 George
724 2147 74 57 A.
832 2146 317 73 Crapullo,
1221 2196 11 10 B.
1304 2195 32 24 D.,
1365 2148 426 58 introduction
1821 2150 83 71 by
1932 2147 75 60 A.
2041 2148 77 56 H.

124 2224 1972 135 McKinney … New York, Chicago [etc.] Fleming H. Revell
275 2323 258 51 company
611 2304 201 72 [c1924]

198 2363 533 69 158 p. illus. 19½ cm .
124 2434 51 53 ©
202 2435 101 44 Oct.
327 2432 66 52 25,
422 2435 129 51 1924;
577 2436 63 42 2c.
665 2436 87 42 and
777 2434 79 43 aff.
886 2435 94 48 Jan.
1010 2434 62 52 10,
1102 2433 128 52 1925;
1260 2435 42 42 A
1330 2433 188 53 815527;
1549 2434 206 54 Fleming
1782 2437 61 41 H.
1872 2436 158 43 Resell
2055 2452 63 28 co.

200 2490 242 55 (25-2859)

122 2592 242 72 Devlin,
404 2593 254 73 Joseph.

204 2671 128 57 The
363 2690 136 38 new
527 2670 405 59 universities
967 2670 372 71 dictionary,
1372 2673 194 57 based
1602 2691 77 38 on
1711 2672 104 57 the
1853 2670 265 73 original

128 2747 372 58 foundation
527 2748 68 57 of
619 2750 179 56 Noah
823 2749 309 57 Webster.
1215 2750 150 55 New
1393 2749 302 58 ed.—rev.
1726 2750 122 58 and
1876 2749 246 72 greatly

128 2826 1995 74 enl. Edited by Joseph Devlin … assisted by a corps of
129 2904 1925 74 recognized authorities in philology and lexicography …
127 2982 151 57 New
306 2983 191 66 York,
528 2982 223 59 World
785 2982 322 71 syndicate
1143 3002 324 53 company,
1502 2983 116 57 inc.
1656 3013 14 43 [
1672 2991 19 23 c
1694 2984 166 73 1925]

200 3060 106 44 1024
333 3075 40 38 p.
433 3060 84 43 col.
552 3060 156 51 front.,
741 3061 82 42 col.
855 3061 158 52 plates.
1071 3061 55 43 20
1134 3063 45 17 cm
1186 3095 10 9 .

197 3115 217 48 Lettered
445 3132 59 29 on
536 3131 163 30 cover:
734 3117 236 54 Enlarged
1001 3118 295 53 vocabulary,
1331 3117 454 54 self-pronouncing.

198 3171 181 50 Earlier
407 3171 198 47 editions
636 3173 152 45 edited
818 3175 58 54 by
902 3172 182 56 George
1114 3175 187 53 Jotham
1335 3175 177 53 Hagar.

124 3229 52 53 ©
204 3233 99 49 Jan.
331 3232 38 50 2,
402 3230 128 52 1925;
561 3233 64 42 2c.
655 3233 99 51 Jan.
785 3233 48 51 8;
863 3233 79 43 aff.
972 3234 99 51 Jan.
1102 3232 49 53 7;
1183 3235 44 42 A
1255 3232 165 44 814590;
1476 3233 164 44 World
1670 3234 229 43 syndicate
1928 3250 78 33 co.,
2038 3234 82 42 inc.

227 3286 217 55 (25-2242)

125 3387 91 55 De
258 3387 143 71 Vos,
445 3388 209 58 Julius
698 3389 182 70 Emil,
924 3391 189 57 1848-

201 3463 249 69 Fifteen
477 3463 287 58 hundred
789 3484 186 52 years
1004 3466 67 57 of
1097 3466 275 73 Europe,
1399 3467 81 69 by
1507 3466 211 58 Julius
1747 3466 72 57 E.
1849 3467 92 56 De
1968 3466 149 57 Vos.

127 3539 287 73 Chicago,
449 3542 128 57 The
611 3542 349 59 O’Donnell
990 3563 200 52 press,
1226 3545 165 55 1924.

199 3619 96 51 xlii,
323 3619 81 46 562
429 3635 40 38 p.
529 3621 154 52 plates,
710 3630 152 44 ports.,
889 3625 24 41 2
940 3638 125 37 maps
1092 3623 127 52 (incl.
1249 3622 163 48 front.)
1479 3623 52 43 23½
1568 3625 46 17 cm
1621 3658 8 8 .

203 3676 191 44 “Tables
423 3677 50 44 of
499 3678 272 52 genealogy;
804 3679 244 43 formation
1078 3680 50 43 of
1155 3678 281 54 dynasties”:
1468 3695 40 33 p.
1553 3677 223 46 [481]—527.

124 3729 1996 60 © Nov. 15, 1924; 2c. Jan. 26, 1925; aff. Jan. 23; A 814813; J. E. De Vos,
200 3787 212 54 Chicago,
481 3789 243 55 (25-2787)

126 3871 273 73 Dickert,
441 3875 267 59 Thomas
746 3877 259 71 Wilson,
1047 3880 189 56 1869-

207 3949 130 58 The
379 3951 338 58 children’s
756 3954 326 71 kingdom;
1125 3972 279 39 sermons
1446 3954 104 57 for
1589 3955 104 56 the
1734 3953 212 68 junior
131 3973 1967 128 congregation,
511 4030 83 71 by

632 4030 1491 63 Thomas Wilson Dickert … with introduc-
