2533 4412
1066 4084 107 55 155

127 536 207 59 cation
384 537 124 57 and
557 541 63 53 to
671 538 103 57 the
826 539 133 56 arts
1012 536 68 59 of
1130 535 215 70 music,
1396 533 269 73 dancing
1716 532 124 59 and
1890 532 227 72 acting.

125 614 209 59 Based
365 634 79 38 on
475 615 125 57 and
629 615 272 70 adapted
933 615 166 56 from
1135 612 347 72 “Rhythm,
1513 612 201 58 music
1746 614 125 57 and
127 613 1968 151 education”,
389 693 80 70 by
580 689 143 58 Émile
780 690 584 72 Jaques-Dalcroze,
1422 690 83 72 by
1562 690 81 58 Jo
1700 688 418 73 Pennington,

125 770 151 57 with
309 790 81 37 an
419 769 426 58 introduction
880 770 83 71 by
994 766 243 60 Walter
1271 767 378 71 Damrosch;
1687 766 314 74 drawings
2037 768 82 71 by

127 845 1990 153 the late Paul Thevenaz, photographs by Edwin F. Townsend … New York & London, G. P. Putnam’s sons, 1925.
193 1018 63 54 xi,
287 1020 76 43 142
390 1033 39 38 p.
490 1016 154 51 front.,
672 1016 128 52 illus.,
830 1018 156 50 plates.
1043 1018 54 42 22½c
1150 1018 29 18 m
1186 1052 10 9 .

195 1088 272 55 Appendix:
494 1087 100 45 List
618 1089 51 43 of
695 1087 174 53 private
896 1089 88 42 and
1012 1087 167 51 special
1207 1087 181 44 schools
1415 1087 46 43 in
1487 1087 76 44 the
1588 1087 171 45 United
1791 1088 150 47 States
1970 1090 150 43 where

127 1148 225 43 Dalcroze
377 1143 273 55 eurythmics
677 1145 36 43 is
739 1144 186 52 taught:
952 1160 38 36 p.
1020 1145 201 43 141-142.

123 1212 53 54 ©
208 1214 99 52 Jan.
339 1214 64 48 23,
442 1211 127 52 1925;
601 1211 66 43 2c.
701 1211 98 52 Jan.
831 1211 78 50 26;
945 1210 78 43 aff.
1058 1210 105 43 Feb.
1199 1212 49 49 6;
1285 1211 43 41 A
1360 1209 191 54 815957;
1588 1212 39 52 J.
1664 1213 301 52 Pennington,
2002 1214 115 43 New

194 1271 141 42 York.
405 1267 241 54 (25-5098)

122 1367 247 73 Phelps,
407 1366 234 58 Robert
676 1365 297 60 William.

201 1461 356 56 Petroleum
590 1459 421 71 engineering,
1042 1459 83 70 by
1155 1459 237 57 Robert
1421 1459 281 58 William
1732 1461 232 71 Phelps
1999 1462 123 56 and

125 1539 262 57 Francis
414 1538 247 58 Wilbur
687 1537 184 56 Lake.
957 1539 96 54 1st
1082 1537 91 56 ed.
1258 1536 307 73 Houston,
1596 1538 165 73 Tex.,
1793 1538 152 60 Gulf
123 1541 1974 148 publishing
392 1634 321 54 company,
752 1615 163 55 1924.

193 1705 64 54 xi,
284 1704 81 45 574
392 1719 39 38 p.
461 1704 98 43 incl.
589 1703 127 43 illus..
744 1702 154 52 tables,
928 1702 166 53 diagrs.
1155 1702 53 43 20½
1244 1705 14 17 cm
1297 1738 8 8 .

125 1775 53 54 ©
207 1778 118 42 Nov.
357 1777 63 50 19,
453 1776 104 42 1924;
611 1774 65 43 2c.
708 1775 109 42 Dec.
844 1774 79 51 24;
956 1774 78 43 aff.
1067 1774 105 43 Feb.
1205 1774 63 50 19,
1302 1773 129 53 1925;
1464 1775 45 42 A
1538 1775 188 53 822134;
1761 1777 52 44 R.
1844 1778 74 43 W.
1952 1776 167 54 Phelps

195 1835 87 42 and
307 1832 187 44 Francis
521 1832 182 43 Wilbur
730 1831 136 51 Lake,
893 1831 131 51 Brea,
1052 1830 135 44 Calif.
1251 1830 243 55 (25-5177)

124 1932 247 72 Powell,
410 1932 242 73 Lyman
688 1930 278 73 Pierson,
1007 1934 190 55 1866-

196 2024 129 59 The
372 2023 232 57 human
652 2022 215 71 touch;
914 2022 329 58 memories
1293 2024 67 57 of
1403 2042 144 39 men
1593 2025 125 58 and
1763 2024 231 75 things,
2041 2027 83 72 by

125 2100 1974 151 Lyman P. Powell … New York & London, G. P. Putnam’s sons, 1925.
195 2257 80 53 xii,
305 2258 77 43 193
411 2271 38 38 p.
510 2256 152 50 front.,
691 2263 151 45 ports.,
874 2254 197 44 facsims.
1130 2255 53 43 22½
1219 2257 15 18 cm
1272 2290 9 8 .

127 2311 1855 56 © Feb. 20, 1925; 2c. and aff. Feb. 27; A 823192; L. P. Powell, ℅ G. P.
196 2317 1904 97 Putnam’s
367 2385 117 36 sons,
514 2370 116 42 New
659 2370 143 42 York.
869 2367 243 56 (25-5650)

125 2471 198 70 Rand,
360 2468 296 75 McNally
691 2468 53 59 &
776 2484 87 42 co.

130 2563 1994 155 Rand McNally guide to San Francisco, Oakland, Berkeley, and environs of the bay cities … New York, San
130 2719 1768 78 Francisco [etc.] Rand, McNally & company [ c 1925]
204 2797 1301 52 1 p. l., vii, [1], 220 p. illus., maps (1 fold.) 19 cm .
128 2851 53 54 ©
209 2853 105 43 Feb.
344 2852 60 51 10,
437 2852 128 52 1925;
592 2853 63 42 2c.
683 2852 88 43 and
795 2852 79 42 aff.
903 2850 105 45 Feb.
1040 2852 73 50 14;
1144 2852 43 41 A
1215 2850 189 55 823053;
1435 2854 144 51 Rand,
1607 2854 225 54 McNally
1859 2857 37 43 &
1923 2872 66 28 co.

207 2907 242 56 (25-4700)
1960 2919 78 38 959

128 3008 255 73 Rogers,
416 3010 151 55 Mrs.
603 3006 187 58 Clara
821 3005 312 59 Kathleen
1174 3008 322 75 (Barnett)
1538 3011 191 56 1844-

127 3112 1997 232 Your voice and you (what the singer should do) a practical application of psychology to singing, by Clara Kathleen Rogers (Clara Horia) … Boston, Oliver Ditson
128 3365 334 53 company;
495 3348 148 70 [etc.,
673 3350 130 70 etc.,
829 3354 19 23 c
851 3347 164 72 1925]

203 3424 546 53 4 p. l., 125 p. 19½cm.
129 3480 55 54 ©
212 3483 99 51 Jan.
339 3482 70 51 21,
435 3478 110 47 1925;
603 3481 64 43 2c.
698 3481 86 43 and
811 3482 81 42 aff.
925 3480 106 45 Feb.
1067 3481 73 52 18;
1175 3482 43 42 A
1249 3482 188 52 823148;
1474 3483 158 45 Oliver
1663 3485 165 45 Ditson
1859 3503 65 28 co.

211 3536 242 56 (25-5194)

130 3635 349 73 Rosbloom,
521 3634 226 72 Julius,
788 3640 190 57 1877-

208 3726 213 59 Diesel
449 3727 123 58 and
604 3726 81 60 oil
717 3727 406 74 engineering
1149 3729 168 57 hand
1346 3729 189 72 book;
1568 3751 36 38 a
1634 3733 304 72 practical
1969 3737 158 57 book

134 3805 68 56 of
243 3805 375 57 instruction
661 3807 121 56 and
826 3808 195 69 ready
1063 3807 320 60 reference
1424 3827 309 54 purposes
1777 3830 79 39 on
1901 3814 84 57 oil
133 3835 1968 119 engines

337 3881 67 59 of
427 3882 152 73 high
606 3883 423 71 compression
1057 3885 122 56 and
1203 3884 117 57 low
1347 3887 441 74 compression,
136 3909 1963 124 compressors,
322 3978 245 52 pumps,
601 3962 121 55 and
758 3960 148 57 such
941 3961 355 71 equipment
1327 3982 335 54 necessary
1691 3964 66 57 in
1789 3965 83 59 oil
1905 3969 220 69 engine
