2533 4412
1109 4100 107 55 123

154 460 336 73 Saunders,
529 459 254 71 Eugene
819 455 214 72 Davis,
1073 455 358 60 1853-1914.

229 550 296 59 Lectures
561 568 77 38 on
670 548 104 58 the
810 546 163 60 Civil
1005 547 147 58 code
1187 546 68 58 of
1284 543 360 74 Louisiana,
1676 544 85 72 by
1791 542 163 58 Hon.
1990 541 160 75 Eug.

153 620 2001 76 D. Saunders … edited by Alfred J. Bonomo … [New
156 707 282 70 Orleans,
465 704 73 58 E.
570 704 61 58 S.
658 703 220 72 Upton
901 701 288 73 printing
1213 718 323 53 company,
1622 699 127 73 [c1925]

221 796 164 51 xxxix,
418 793 77 47 551
528 809 40 39 p.
627 793 56 45 26½
716 795 47 18 cm
769 827 10 10 .

225 864 353 55 Bibliography:
609 879 42 38 p.
680 862 361 46 xxxvii-xxxix.

155 923 53 54 ©
235 923 106 46 Feb.
368 925 39 52 9,
437 921 130 54 1925;
594 924 66 42 2c.
688 923 89 43 and
801 922 80 43 aff.
910 920 106 44 Feb.
1049 920 73 52 16;
1153 919 44 43 A
1225 918 188 53 822069;
1444 918 174 53 Loyola
1642 918 248 53 university
1921 917 153 45 school
2102 917 52 44 of

227 982 100 52 law,
352 981 118 43 New
497 978 208 46 Orleans.
773 976 242 56 (25-4460)

155 1078 422 73 Schoellkopf,
616 1077 204 58 Anna.

231 1170 141 58 Don
417 1171 151 57 Jose
613 1171 75 57 de
737 1169 130 58 San
910 1165 260 75 Martin,
1218 1167 358 73 1778-1850,
1626 1186 37 39 a
1710 1169 191 71 study
1945 1167 68 58 of
2055 1166 100 60 his

156 1267 232 53 career,
419 1249 85 71 by
535 1247 186 57 Anna
755 1246 431 71 Schoellkopf;
1219 1245 153 57 with
1403 1267 39 37 a
1469 1244 259 73 preface
1760 1245 85 71 by
1876 1244 120 59 Mr.
155 1245 1974 139 Honorio

380 1321 1776 77 Pueyrredon … New York, Boni and Liveright,
157 1405 165 57 1924.

225 1482 82 44 xiv
330 1497 55 39 p.,
414 1484 18 42 1
479 1516 22 17 l.,
530 1480 173 52 17-141,
733 1482 53 45 [1]
815 1495 39 38 p.
916 1480 151 54 front.,
1093 1479 156 53 plates,
1275 1486 153 46 ports.,
1454 1493 115 38 map.
1628 1480 26 42 21½
1717 1482 16 17 cm
1770 1514 11 9 .

157 1538 53 54 ©
233 1541 109 42 Dec.
362 1540 68 51 24,
457 1539 129 52 1924;
610 1539 65 43 2c.
699 1538 108 44 Feb.
836 1538 62 52 18,
926 1537 130 53 1925;
1081 1538 80 43 aff.
1186 1536 106 45 Feb.
1321 1535 74 54 17;
1421 1538 44 42 A
1489 1535 190 54 823115;
1706 1537 116 44 Boni
1846 1537 38 44 &
1906 1536 249 53 Liveright,

228 1596 82 44 inc.
380 1592 241 58 (25-4443)

156 1694 348 73 Selekman,
545 1695 133 57 Ben
715 1692 251 60 Morris.

304 1783 1857 75 … Employes’ representation in coal mines; a study of
159 1864 103 58 the
302 1862 341 59 industrial
683 1862 507 72 representation
1229 1862 150 71 plan
1420 1862 68 58 of
1527 1863 104 58 the
1677 1861 308 61 Colorado
2028 1864 134 59 fuel

160 1944 123 56 and
316 1941 142 58 iron
495 1958 322 56 company,
853 1941 84 72 by
970 1940 135 57 Ben
1142 1940 82 57 M.
1268 1939 330 59 Selekman
1635 1942 123 56 and
1795 1939 143 59 Mary
2017 1941 144 58 Van

159 2018 1858 73 Kleeck … New York, Russell Sage foundation, 1924.
229 2112 144 39 xxxv,
405 2095 83 46 454
520 2111 41 38 p.
621 2111 115 38 map.
796 2096 53 43 20½
885 2099 47 17 cm
938 2133 8 7 .
1016 2095 273 55 (Industrial
1324 2094 215 47 relations
1575 2095 165 55 series)

161 2153 53 54 ©
241 2154 108 45 Feb.
376 2155 37 51 9,
447 2153 129 55 1925;
604 2155 67 43 2c.
697 2154 88 43 and
811 2154 78 43 aff.
920 2153 107 44 Feb.
1060 2153 75 53 19;
1166 2154 44 42 A
1238 2153 190 52 823119;
1461 2154 182 43 Russell
1675 2153 122 54 Sage
1823 2154 280 44 foundation.

240 2209 242 57 (25-4885)

307 2307 1857 76 … Employes’ representation in steel works; a study of
161 2387 106 59 the
297 2385 342 60 industrial
671 2385 506 73 representation
1210 2386 153 71 plan
1394 2385 68 59 of
1494 2386 106 59 the
1633 2385 340 75 Minnequa
2010 2388 155 58 steel

162 2465 202 58 works
395 2466 68 57 of
491 2465 104 56 the
627 2463 309 60 Colorado
965 2464 133 58 fuel
1127 2464 125 58 and
1277 2463 142 58 iron
1449 2482 322 55 company,
1800 2465 86 72 by
1912 2464 136 59 Ben
2077 2465 85 58 M.

166 2540 1957 76 Selekman … New York, Russell Sage foundation, 1924.
236 2617 1382 57 1 p. l., 5-293 p. 20½ cm . (Industrial relations series)
165 2677 53 54 ©
245 2678 106 44 Feb.
379 2680 37 49 9,
449 2677 131 54 1925;
608 2679 65 42 2c.
702 2678 88 43 and
816 2678 80 43 aff.
926 2676 106 45 Feb.
1065 2677 74 52 19;
1171 2677 44 43 A
1243 2677 190 53 823118;
1464 2677 181 44 Russell
1677 2676 121 54 Sage
1824 2677 281 45 foundation.

244 2733 242 57 (25-4884)

166 2830 267 76 Shields,
473 2831 262 60 Pauline
772 2832 169 58 Rice.

241 2924 204 59 Life’s
480 2923 315 74 windows,
831 2923 84 73 by
950 2923 262 57 Pauline
1249 2923 150 58 Rice
1440 2923 266 59 Shields.
1793 2922 373 77 Cincinnati,

225 3050 10 10 O.
270 3003 202 72 [c1925]

240 3079 79 45 136
346 3095 41 39 p.
449 3077 49 48 15
505 3081 48 19 cm
558 3114 11 10 .

239 3138 178 43 Poems.

169 3192 53 55 ©
246 3194 99 53 Jan.
373 3192 38 54 7,
441 3191 130 56 1925;
598 3193 65 45 2c.
689 3193 88 44 and
802 3193 77 44 aff.
908 3191 108 46 Feb.
1047 3192 75 54 16;
1152 3192 44 44 A
1223 3191 190 55 822056;
1444 3193 51 43 P.
1526 3193 53 44 R.
1611 3192 191 54 Shields,
1831 3194 90 45 Los
1948 3194 215 54 Angeles.

246 3248 242 57 (25-4404)

170 3348 294 73 Simkins,
503 3347 283 60 William
822 3348 288 73 Stewart,
1150 3351 191 56 1842-

173 3437 1972 137 Title by limitation in Texas, by W. S. Simkins … Kansas
303 3515 162 72 City,
490 3517 143 65 Mo.,
657 3516 256 58 Vernon
937 3517 119 57 law
1077 3516 161 58 book
1263 3534 320 56 company,
1611 3518 166 57 1920.

239 3595 63 53 xi,
332 3595 83 43 232
441 3608 40 38 p.
540 3595 52 42 23½
628 3596 48 18 cm
682 3627 10 11 .

172 3649 53 54 ©
253 3652 107 43 Dec.
386 3651 65 50 22,
483 3651 130 52 1924;
641 3651 65 43 2c.
734 3649 107 45 Feb.
872 3651 62 50 13,
966 3648 131 54 1925;
1127 3650 79 43 aff.
1234 3648 106 45 Feb.
1373 3650 75 50 12;
1477 3650 44 43 A
1550 3651 189 53 823069;
1768 3653 75 43 W.
1877 3650 44 48 S.
1952 3651 214 53 Simkins,

295 3703 1228 57 ℅ University of Texas, Austin, Tex. (25-4459)
172 3806 220 70 Smith,
437 3807 240 73 Joseph
714 3806 264 72 Russell,
1023 3809 190 56 1874-

247 3896 205 58 North
485 3897 310 72 America,
831 3896 83 58 its
949 3897 220 71 people
1206 3898 122 56 and
1362 3897 102 58 the
1501 3917 343 54 resources,
171 3901 1971 146 development,

396 3976 123 56 and
553 3977 327 68 prospects
919 3975 67 57 of
1021 3974 104 57 the
1161 3975 318 57 continent
1515 3996 70 37 as
1622 3996 79 37 an
1737 3978 429 75 agricultural,
