2533 4412
1081 4123 109 55 645

132 477 358 70 Dickinson,
538 478 267 57 Thomas
849 477 286 70 Herbert,
1179 479 189 58 1877-

208 556 421 72 Playwrights
665 556 67 56 of
765 556 104 57 the
902 574 135 38 new
1068 554 336 57 American
1438 555 262 72 theater,
1736 555 83 72 by
1854 554 269 57 Thomas

132 633 77 58 H.
236 633 356 59 Dickinson.
676 632 151 58 New
851 632 189 72 York,
1068 632 130 57 The
1224 632 358 57 Macmillan
1608 650 321 55 company,
1957 632 165 56 1925.

200 712 45 42 vi
275 726 55 38 p.,
364 713 17 41 1
433 745 22 16 l.,
488 712 77 42 331
600 725 39 38 p.
703 711 49 44 19½c
805 713 28 17 m
840 746 8 8 .

131 765 53 54 ©
209 768 115 51 June
351 768 38 50 9,
419 766 128 52 1925;
576 768 63 42 2c.
666 768 86 42 and
778 768 79 43 aff.
883 768 115 51 June
1029 767 73 51 10;
1133 766 43 42 A
1203 765 189 52 829604;
1424 765 265 44 Macmillan
1717 782 64 27 co.

210 822 270 56 (25-10996)

133 908 296 72 Dorland,
473 909 239 71 George
755 907 295 69 William,
1097 910 189 57 1877-

208 987 1914 73 In the open air, by George W. Dorland … Nature
131 1068 188 70 study
340 1067 83 70 by
446 1084 254 39 seasons;
757 1067 102 55 the
884 1066 285 57 author’s
1197 1064 395 72 experiences
1613 1065 60 57 in
1699 1067 104 57 the
130 1065 1971 151 fascinating

272 1143 437 69 out-of-doors,
744 1143 211 70 spiced
987 1144 84 71 by
1104 1164 35 36 a
1173 1142 401 71 compilation
1609 1144 67 56 of
1711 1144 103 57 the
1846 1144 137 56 best
134 1163 1966 117 nature

318 1219 1805 72 study poems and excerpts … Kansas City, Mo.,
133 1299 298 57 McIndoo
459 1296 363 73 publishing
850 1315 306 53 company
1187 1327 11 42 [
1203 1305 16 20 c
1224 1297 164 72 1924]

200 1375 75 44 287
307 1389 40 38 p.
407 1376 83 42 col.
519 1376 159 49 front.,
704 1373 130 52 illus.,
860 1376 83 46 col.
969 1375 155 49 plates.
1184 1376 54 43 20
1245 1377 46 17 cm

132 1427 53 55 ©
213 1431 116 52 June
357 1429 64 51 30,
455 1429 128 51 1924;
613 1429 64 43 2c.
709 1429 111 52 May
847 1428 67 53 22,
948 1427 128 54 1925;
1109 1428 78 44 aff.
1217 1429 116 52 June
1366 1427 73 54 17;
1471 1429 44 42 A
1545 1425 189 56 855596;
1769 1429 223 44 McIndoo
2023 1430 101 51 pub.

201 1502 64 28 co.
335 1485 269 54 (25-11303)

135 1570 284 57 Dressier,
472 1569 239 72 Albert,
751 1571 91 57 ed.

208 1648 248 57 Letters
483 1651 63 54 to
574 1667 35 37 a
633 1648 260 70 pioneer
919 1650 253 55 senator;
1232 1647 270 73 original
1529 1650 273 56 extracts
1831 1648 167 58 from
2024 1649 104 58 the

131 1726 151 57 mail
306 1727 123 69 bag
455 1726 68 56 of
550 1746 36 36 a
617 1724 350 59 California
997 1727 346 54 statesman
1372 1725 66 57 of
1466 1726 104 56 the
1609 1727 91 54 ’50
1714 1730 65 65 ’s,
1813 1726 207 58 edited
2048 1728 82 71 by

130 1804 222 57 Albert
397 1804 308 55 Dressier.
792 1803 128 57 San
965 1802 356 71 Francisco,
1369 1801 206 73 Calif.,
1619 1803 79 56 H.
1748 1804 60 57 S.
1857 1803 271 59 Crocker

132 1901 106 52 co.,
267 1882 137 70 inc.,
437 1882 163 55 1925.

220 1956 140 49 [3]-37
387 1973 53 38 p.,
473 1960 17 42 1
542 1992 8 8 l.
609 1956 119 45 illus.
793 1958 50 44 19
848 1960 46 17 cm
901 1992 9 9 .

204 2013 1924 55 “A limited edition of five hundred and twenty-five copies … of which this
132 2071 38 46 is
202 2074 187 42 number
420 2072 95 44 00.”

131 2127 54 54 ©
220 2131 110 51 May
368 2129 63 53 15,
469 2128 129 52 1925;
631 2130 65 42 2c.
733 2130 111 51 May
876 2128 79 53 25;
991 2129 79 43 aff.
1107 2130 111 51 May
1253 2130 79 50 21;
1369 2129 43 42 A
1449 2128 189 54 855362;
1675 2130 57 43 A.
1770 2129 225 53 Dressier,
2034 2129 89 47 San

204 2185 257 44 Francisco.
529 2184 270 55 (25-10983)

135 2269 459 73 Eycleshymer,
634 2268 223 59 Albert
902 2270 347 74 Chauncey,
1286 2273 196 56 1867-

211 2348 379 60 Hand-atlas
625 2351 67 57 of
726 2349 243 58 clinical
1001 2353 313 68 anatomy,
1347 2352 84 70 by
1462 2351 74 58 A.
1576 2350 64 59 C.
1677 2351 448 73 Eycleshymer

202 2427 1920 74 … and Tom Jones … with special dissections by O. E.
136 2503 1991 76 Nadeau … illustrated with 395 line drawings, mostly in
136 2585 183 57 color.
401 2582 440 73 Philadelphia
868 2584 124 57 and
1018 2583 150 58 New
1193 2583 190 71 York,
1411 2584 129 57 Lea
1567 2583 47 58 &
1641 2584 287 73 Febiger,
1960 2585 163 58 1925.

203 2661 94 51 viii,
328 2659 160 46 17-424
516 2674 41 37 p.
616 2660 118 45 illus.
760 2660 126 51 (part
912 2660 111 50 col.)
1089 2660 55 43 27
1150 2663 15 18 cm
1205 2697 8 8 .

210 2718 103 44 “An
353 2717 261 51 outgrowth
656 2717 52 44 of
750 2716 74 45 the
864 2717 133 43 work
1036 2715 226 53 prepared
1302 2716 78 44 for
1419 2717 76 45 the
1537 2716 201 46 Medical
1781 2733 132 37 corps
1958 2718 53 46 of
2052 2720 75 45 the

136 2790 129 35 army
303 2775 89 42 and
431 2788 117 36 navy
586 2771 165 52 during
788 2773 73 44 the
900 2773 89 44 late
1025 2786 109 36 war,
1173 2772 143 45 under
1354 2773 76 44 the
1468 2773 97 44 title
1605 2775 189 44 Manual
1835 2775 54 44 of
1926 2776 198 51 surgical

135 2829 440 51 anatomy.”—Pref.
599 2838 49 36 to
675 2830 57 43 2d
756 2830 67 44 ed.

135 2882 53 53 ©
218 2884 116 51 June
366 2881 61 50 15,
462 2882 129 52 1925;
621 2883 65 42 2c.
718 2883 118 51 June
867 2880 73 53 16;
974 2882 79 42 aff.
1085 2883 116 51 June
1235 2883 74 50 18;
1343 2882 43 42 A
1418 2881 189 54 855580;
1643 2884 88 43 Lea
1764 2885 38 43 &
1833 2884 206 53 Febiger.

215 2939 269 55 (25-11300)

139 3008 214 72 Finck,
391 3008 206 59 Sister
632 3008 187 73 Mary
856 3007 255 58 Helena.

216 3086 127 58 The
370 3084 446 73 congregation
843 3085 67 57 of
936 3084 103 58 the
1068 3084 238 59 Sisters
1334 3085 68 58 of
1428 3085 244 74 charity
1698 3086 69 59 of
1791 3088 104 59 the
137 3089 1968 132 Incarnate

306 3165 173 57 word
508 3162 67 58 of
603 3162 127 60 San
757 3162 296 72 Antonio,
1082 3164 221 57 Texas.
1384 3164 60 56 A
1467 3162 169 59 brief
1665 3168 259 56 account
1952 3166 69 60 of
2046 3167 85 60 its

140 3239 1923 74 origin and its work. By Sister Mary Helena Finck …
137 3317 435 73 Washington,
607 3317 73 56 D.
720 3316 84 72 C.,
842 3316 129 59 The
1011 3316 281 59 Catholic
1327 3316 353 74 university
1717 3319 68 58 of
1819 3322 311 72 America,

139 3395 164 58 1925.

207 3471 74 51 vii,
310 3472 82 43 232
420 3485 40 38 p.
519 3471 53 43 23½c
624 3472 29 17 m
660 3504 8 8 .

207 3526 165 46 Thesis
409 3528 106 52 (PH.
571 3524 316 54 D.)—Catholic
913 3525 258 55 university
1199 3526 53 43 of
1280 3527 230 54 America,
1542 3530 118 45 1925.

211 3581 355 55 Bibliography:
596 3597 40 38 p.
663 3583 206 45 219-222.

141 3639 52 54 ©
223 3642 114 52 June
367 3641 39 50 8,
441 3638 128 53 1925;
601 3641 64 41 2c.
697 3640 86 42 and
813 3640 77 42 aff.
922 3641 114 51 June
1071 3640 74 50 18;
1179 3641 43 41 A
1254 3639 189 52 855582;
1482 3640 165 47 Sisters
1680 3645 50 43 of
1761 3646 175 54 charity
1970 3649 52 42 of
2052 3650 74 44 the

211 3699 237 41 Incarnate
479 3696 140 51 word,
654 3694 91 47 San
775 3695 215 52 Antonio,
1023 3695 112 44 Tex.
1204 3695 269 56 (25-11445)

144 3766 247 59 Fordex
428 3764 293 59 editorial
757 3764 169 59 staff.

212 3845 129 56 The
378 3844 202 57 model
619 3844 49 55 T
710 3843 347 71 specialist;
1100 3864 35 37 a
1172 3845 157 56 book
1366 3846 263 59 devoted
1669 3853 61 55 to
1771 3852 361 76 furthering

146 3923 159 57 sales
337 3922 67 57 of
432 3922 104 56 the
566 3922 202 56 model
799 3922 68 68 T,
897 3922 83 70 by
1007 3921 251 58 Fordex
1287 3922 292 60 editorial
1610 3928 168 57 staff.
1861 3930 267 76 Detroit,

143 3999 202 70 Mich.,
379 3999 175 57 Sales
589 3999 354 71 equipment
975 4017 305 54 company
1311 4030 13 43 [
1327 4010 17 20 c
1348 4001 162 74 1925]
