2533 4412
1035 4030 146 55 1451

121 443 123 57 and
267 442 104 58 the
391 443 269 73 hunting
679 444 277 71 grounds
980 443 68 58 of
1070 443 104 58 the
1195 442 341 59 Kankakee
1558 443 216 58 marsh
1798 445 122 57 and
121 444 1968 148 “Bogus
263 520 289 73 Island”,

580 520 1534 75 by Burt E. Burroughs … Fowler, Ind., The
119 597 246 59 Benton
393 598 228 58 review
649 598 153 72 shop
836 628 13 43 [
849 606 20 22 c
873 600 164 71 1925]

226 710 9 17 x,
263 678 81 43 314
370 692 39 38 p.
439 677 101 44 incl.
572 677 136 47 front.,
745 677 166 54 (port.)
948 676 116 45 illus.
1124 676 54 44 20½
1213 679 46 18 cm
1265 711 8 9 .

124 731 53 53 ©
208 733 118 43 Nov.
358 734 67 50 21,
459 732 128 53 1925;
621 734 63 43 2c.
716 735 89 42 and
834 734 78 43 aff.
946 734 118 43 Nov.
1095 734 78 51 23;
1207 734 43 42 A
1281 731 189 54 875216;
1506 736 50 41 B.
1590 734 52 47 E.
1678 735 278 52 Burroughs,
194 735 1901 107 Kankakee,
385 790 69 42 Ill.

524 787 269 56 (25-24351)

125 875 414 70 Chamberlin,
578 872 209 76 Ralph
820 875 190 73 Vary,
1050 877 188 57 1879-

199 952 142 58 Life
370 954 123 57 and
516 953 381 72 philosophy
923 953 67 58 of
1015 954 95 57 W.
1140 953 78 56 H.
1253 952 417 73 Chamberlin,
1698 956 84 70 by
1808 954 207 72 Ralph
2041 955 74 56 V.

125 1029 1992 76 Chamberlin … Salt Lake City, The Deseret news press,
122 1109 164 56 1925.

190 1182 612 55 2 p. l., [7]-384 p. 20 cm .
120 1238 53 54 ©
207 1241 100 44 Oct.
339 1240 64 51 26,
438 1239 104 45 1925;
600 1241 63 44 2c.
695 1242 85 42 and
812 1241 77 43 aff.
924 1241 118 43 Nov.
1076 1242 23 42 3;
1160 1241 42 42 A
1236 1238 163 46 869965;
1461 1241 52 42 R.
1548 1241 56 43 V.
1640 1240 305 53 Chamberlin,

191 1240 1901 110 Cambridge,
407 1298 140 42 Mass.
617 1295 270 55 (25-24481)

123 1388 324 75 [Chartier,
484 1378 216 87 Émile]

115 1466 1972 136 … Souvenirs concernant Jules Lagnean. Paris, Nouvelle revue
514 1545 318 70 française
863 1575 13 43 [
878 1553 20 22 c
901 1546 164 72 1925]

186 1621 734 56 2 p. l., [7]-183 p., 1 1. 17 cm .
184 1679 218 45 Author’s
430 1681 164 51 pseud.,
623 1680 149 51 Alain,
797 1688 48 35 at
868 1679 114 44 head
1009 1679 50 45 of
1083 1680 110 43 title.

119 1734 1993 54 © Sept. 1, 1925; 1c. Oct. 30; A—Foreign 29023; Librairie Gallimard, Paris.
198 1790 270 55 (25-25558)

120 1875 347 71 Crawford,
510 1876 187 73 Mary
737 1874 288 60 Caroline,
1088 1879 190 56 1874-

196 1954 129 57 The
360 1973 287 38 romance
682 1954 68 57 of
781 1955 104 57 the
917 1954 338 58 American
1288 1954 265 72 theatre,
1586 1955 84 71 by
1704 1954 189 73 Mary
118 1954 1971 136 Caroline
281 2031 437 61 Crawford:..
795 2032 258 73 Boston,
1091 2032 212 72 Little,
1342 2032 247 73 Brown,
1630 2033 124 58 and
1791 2051 323 55 company,

118 2111 164 56 1925.

252 2221 7 16 xv,
292 2185 81 45 508
401 2200 38 38 p.
500 2186 149 50 front.,
682 2187 156 52 plates,
868 2195 153 44 ports.,
1054 2186 199 44 facsims.
1313 2186 55 42 22½
1401 2189 46 18 cm
1455 2221 8 9 .

118 2240 52 54 ©
201 2243 117 43 Nov.
346 2243 67 51 23,
447 2242 102 44 1925;
604 2244 64 42 2c.
698 2244 86 42 and
815 2244 78 42 aff.
926 2243 118 43 Nov.
1074 2243 52 43 30;
1184 2243 43 42 A
1257 2242 163 44 872649;
1480 2241 149 54 Little,
1662 2243 181 52 Brown,
1875 2244 85 42 and
187 2258 1904 93 company.

386 2298 269 55 (25-24494)

118 2383 209 71 Cruse,
359 2383 181 74 Amy.

194 2460 1914 77 The book of myths, by Amy Cruse … with illustrations
113 2537 66 57 in
202 2539 211 57 colour
436 2539 122 57 and
580 2539 179 57 black
784 2540 123 56 and
928 2539 201 57 white.
1195 2539 260 57 London
1482 2542 146 72 [etc.]
1657 2538 70 59 G.
1754 2537 69 60 G.
1848 2538 260 73 Harrap

114 2620 62 54 &
205 2636 323 53 company,
554 2619 111 57 ltd.
699 2619 181 72 [1925]

181 2696 96 53 286,
307 2698 52 45 [1]
388 2712 39 37 p.
489 2696 82 45 col.
599 2697 150 50 front.,
777 2696 131 52 illus.,
937 2695 143 54 plates
1107 2697 124 53 (part
1260 2694 108 56 col.)
1436 2697 49 43 21½
1525 2698 46 17 cm
1578 2731 9 8 .

116 2750 1973 111 © 1c. Dec. 1, 1925; A ad int. 7484; pubd. Oct. 6; Little, Brown, and company, Boston.
603 2807 270 55 (25-27643)

118 2894 242 70 Cutten,
398 2895 238 72 George
676 2895 255 69 Barton,
971 2897 189 56 1874-

194 2970 1850 76 Mind, its origin and goal, by George Barton Cutten …
116 3049 152 58 New
299 3049 241 70 Haven,
575 3050 155 57 Yale
764 3049 354 72 university
1149 3068 214 53 press;
1403 3053 148 70 [etc.,
1589 3051 130 72 etc.]
1758 3050 163 56 1925.

183 3126 96 52 xiii,
308 3126 80 44 213
418 3140 41 39 p.
517 3126 50 43 21
577 3129 47 18 cm
631 3161 8 9 .

188 3182 272 45 “Published
497 3197 57 30 on
592 3182 76 45 the
705 3182 267 45 foundation
1008 3181 271 46 established
1318 3181 44 44 in
1400 3196 203 39 memory
1641 3181 53 45 of
1730 3182 154 53 James
1923 3182 188 53 Wesley

117 3239 176 52 Cooper
318 3240 52 44 of
395 3240 75 43 the
498 3239 115 44 class
641 3239 51 44 of
723 3237 119 53 1865,
870 3238 115 45 Yale
1011 3237 214 54 college.”

186 3294 283 54 “Suggested
497 3296 187 52 reading
713 3295 101 44 list”:
873 3310 39 37 p.
939 3294 207 45 203-209.

115 3350 52 53 ©
196 3352 101 44 Oct.
325 3353 66 48 23,
423 3351 128 52 1925;
580 3353 63 42 2c.
675 3352 100 44 Oct.
803 3351 76 52 30;
910 3351 78 43 aff.
1019 3351 101 44 Oct.
1146 3351 79 51 29;
1256 3351 43 41 A
1329 3348 187 53 872208;
1547 3349 115 44 Yale
1689 3349 250 53 university
1969 3365 138 37 press.

193 3407 270 54 (25-24482)

112 3492 372 72 Dahlmann,
517 3493 97 59 W.

190 3569 1849 74 Festigkeit der schiffe, von dr. phil. W. Dahlmann …
113 3648 119 59 Mit
265 3651 110 55 129
408 3648 417 72 abbildungen
858 3650 85 56 im
976 3654 133 53 text
1141 3650 128 56 und
1303 3650 71 56 28
1406 3648 287 60 tabellen.
1773 3648 236 71 Berlin,
2045 3649 59 57 J.

115 3726 324 73 Springer,
469 3726 166 58 1925.

180 3801 837 53 vi, 196 p illus., diagrs. 25 ½ cm .
181 3860 388 50 Bibliographical
603 3861 266 44 foot-notes.

114 3912 1722 55 © July 17. 1925; 1c. Oct. 10; A —Foreign 28892; Julius Springer.
193 3968 269 57 (25-27628)
