2533 4412
1320 4075 150 56 1014

399 406 226 71 Tietze,
660 407 185 58 Kurt.

470 500 1938 74 Wo alte linden rauschen … gedichte von dr. Kurt
396 580 229 56 Tietze.
708 578 411 71 Bolkenhain,
1151 579 80 57 K.
1268 579 327 72 Schubert,
1626 580 166 56 1925.

470 669 76 46 153
576 687 54 37 p,
662 672 23 42 3
735 705 8 8 l.
808 671 52 44 19
864 672 47 18 cm
918 706 9 8 .

398 741 1707 55 © May 8, 1925; 1c. Aug. 20; A —Foreign 28412; Kurt Schubert.
477 798 272 56 (25-18607)

400 902 132 57 The
559 900 316 74 township
901 903 259 55 manual
1186 901 103 57 for
1321 903 104 56 the
1460 905 163 55 state
1656 903 69 57 of
1756 903 390 72 Minnesota;
2182 923 32 37 a
474 924 1910 127 complete

669 979 186 73 guide
883 979 108 57 for
1016 979 313 72 township
1360 980 235 58 officers
1624 981 67 56 in
1718 981 170 57 their
1911 981 257 58 various
2200 982 205 58 duties

475 1059 203 56 under
703 1057 103 57 the
835 1058 151 56 laws
1017 1057 68 57 of
1115 1057 377 72 Minnesota,
1521 1058 84 71 by
1635 1057 260 59 Charles
1927 1058 73 57 R.
2030 1059 226 57 Butler
2283 1062 123 56 and

475 1136 218 57 James
721 1135 75 57 D.
831 1134 291 58 Shearer.
1194 1135 145 57 29th
1369 1136 111 72 ed.,
1512 1136 185 73 June,
1728 1138 166 55 1925.
1964 1137 440 75 Minneapolis,

475 1213 215 72 Minn.,
718 1213 250 58 Walter
997 1213 60 58 S.
1089 1212 206 58 Booth
1323 1213 48 56 &
1402 1233 130 52 son,
1561 1213 117 57 inc.
1714 1214 181 75 [1925]

466 1303 84 44 399
577 1319 39 37 p.
681 1302 52 45 19½c
783 1305 29 18 m
820 1338 8 8 .

470 1373 296 45 Cover-title:
807 1373 186 45 Booth’s
1031 1372 251 54 Township
1316 1374 196 43 manual.
1582 1374 272 44 Minnesota.

397 1443 54 55 ©
479 1446 115 52 June
626 1447 63 50 11,
723 1443 131 55 1925;
886 1446 65 44 2c.
983 1444 89 46 and
1101 1446 79 44 aff.
1209 1446 118 65 June
1361 1445 75 53 19;
1469 1444 45 45 A
1544 1443 190 55 829771;
1768 1444 181 47 Walter
1983 1445 44 48 S.
2061 1445 149 45 Booth
2242 1446 38 45 &
2310 1462 93 39 son,

468 1503 83 44 inc.
616 1501 67 56 [©
710 1503 226 44 additions
967 1504 88 43 and
1083 1503 236 54 revisions]

395 1602 250 75 Valery,
687 1604 177 72 Paul,
907 1607 190 56 1871-

540 1695 1868 74 … An evening with Mr. Teste, translated by Ronald
393 1773 2011 73 Davis, avec une preface inedite de l ’auteur. Paris, R.
392 1853 218 72 Davis,
646 1854 167 57 1925.

464 1943 781 56 3 p. l , 9-51, [1] p., 1 l. 20 cm .
466 2014 1939 57 “This edition … is limited to 2 old Japanese vellum copies, 6 imperial
394 2077 223 52 Japanese
653 2074 168 45 vellum
861 2074 149 52 copies
1049 2074 88 43 and
1175 2072 83 45 200
1295 2087 140 39 verge
1475 2072 139 45 Rives
1653 2088 138 38 paper
1830 2074 153 53 copies
2020 2074 59 44 all
2119 2075 288 44 numbered.”

394 2133 114 45 This
539 2147 112 39 copy
680 2139 80 37 not
791 2131 260 44 numbered.

396 2200 2009 57 © July 6, 1925; 1c. July 25; A—Foreign 28351; P. Valery and Ronald
466 2260 156 53 Davis,
659 2259 146 44 Paris.
876 2257 272 56 (25-18610)

393 2360 275 73 Walker,
705 2362 153 56 Mrs.
895 2358 203 59 Abbie
1145 2358 331 75 (Phillips)
1523 2362 192 57 1867-

472 2455 382 60 Sandman’s
889 2454 590 72 once-upon-a-time
1511 2454 247 71 stories,
1787 2456 84 70 by
1900 2453 201 59 Abbie
2131 2453 270 75 Phillips

391 2533 288 72 Walker;
720 2533 362 58 illustrated
1120 2533 84 71 by
1246 2531 191 59 Clara
1475 2532 74 58 E.
1591 2531 180 59 Peck.
1860 2531 168 74 [New
2065 2532 174 58 York
2278 2535 123 57 and

393 2613 276 72 London]
700 2610 260 73 Harper
988 2610 47 58 &
1065 2610 291 60 brothers
1391 2641 12 42 [
1405 2619 20 21 c
1429 2610 166 73 1925]

467 2702 1170 52 5 p. l., 122 p. col. front., col. plates. 18½ cm .
395 2772 53 54 ©
483 2772 119 54 Sept.
634 2773 36 50 4,
705 2770 131 55 1925;
867 2772 66 44 2c.
970 2772 121 53 Sept.
1121 2772 30 42 2
1205 2772 80 43 aff.
1320 2770 120 54 Sept.
1472 2772 50 53 9;
1555 2772 45 42 A
1630 2770 191 55 864495;
1855 2773 186 52 Harper
2072 2774 37 43 &
2138 2775 122 43 bros.

474 2828 273 56 (25-17623)

393 2928 275 73 Walker,
705 2928 286 60 William
1025 2929 70 57 E.

466 3018 1932 74 Bank business building, by W. E. Walker … New
389 3098 188 74 York,
606 3098 286 58 Bankers
922 3097 366 73 publishing
1317 3116 321 54 company,
1672 3099 166 56 1925.

461 3189 545 56 2 p. l., 275 p. 23½ cm .
395 3261 53 54 ©
482 3262 121 53 Sept.
633 3263 38 51 4,
705 3260 132 55 1925;
868 3262 65 44 2c.
967 3262 122 53 Sept.
1120 3263 50 51 9;
1203 3263 79 43 aff.
1316 3262 121 52 Sept.
1471 3262 74 52 10;
1579 3263 44 42 A
1654 3261 190 55 861736;
1880 3264 204 43 Bankers
2115 3264 102 52 pub.
2249 3280 67 28 co.

474 3317 272 56 (25-17645)

391 3419 216 72 Ward,
646 3419 259 58 Charles
941 3419 334 73 Henshaw,
1313 3422 190 57 1872-

469 3514 192 57 What
711 3513 54 60 is
818 3514 269 72 English?
1207 3514 59 57 A
1312 3514 162 59 book
1521 3516 70 58 of
1641 3517 286 69 strategy
1977 3517 103 56 for
2131 3515 267 72 English

393 3589 2005 76 teachers (rev. ed.) by C. H. Ward … Chicago, Atlanta
395 3669 1482 74 [etc.] Scott, Foresman and company [ c 1925]
464 3763 83 46 487
577 3775 42 39 p.
683 3763 50 45 19½c
786 3764 30 19 m
821 3798 10 9 .

463 3832 248 52 Reprinted
737 3835 88 42 and
850 3835 195 49 adapted
1070 3834 44 43 in
1139 3843 103 41 part
1271 3834 125 43 from
1424 3832 167 52 special
1617 3832 182 46 articles
1828 3835 43 43 in
1897 3835 187 43 various
2112 3832 283 51 periodicals.

393 3899 53 54 ©
481 3901 107 52 July
621 3902 65 50 28,
728 3899 131 54 1925;
893 3902 67 42 2c.
996 3903 86 42 and
1117 3902 80 43 aff.
1233 3902 121 52 Aug.
1396 3903 45 50 1;
1480 3902 43 41 A
1560 3901 190 51 864063;
1794 3900 139 54 Scott,
1972 3900 248 45 Foresman
2257 3902 38 44 &
2331 3916 65 29 co.

468 3956 66 55 [©
563 3958 183 52 general
778 3958 364 53 reorganization
1173 3959 89 43 and
1292 3958 202 44 addition
1525 3958 50 43 of
1604 3973 100 29 new
1736 3958 220 54 material]

473 4012 272 57 (25-15137)
