2533 4412
1043 4032 145 56 1483

197 481 92 51 xiv,
318 483 80 45 435
427 496 40 37 p.
530 480 152 53 front.,
713 481 154 52 plates,
899 489 141 45 ports.
1098 482 54 43 23½
1189 484 45 18 cm
1242 518 8 8 .

130 535 52 53 ©
214 538 108 41 Dec.
353 536 38 52 5,
424 536 128 52 1925;
585 538 63 43 2c.
679 538 86 42 and
794 537 78 44 aff.
905 538 109 42 Dec.
1046 538 48 50 8;
1127 538 43 42 A
1201 535 188 53 875402;
1423 538 179 52 George
1635 538 96 45 Sully
1793 539 38 43 &
1862 554 64 28 co.

206 591 270 55 (25-25539)

130 677 241 69 Brown,
411 679 282 59 William
728 678 287 72 Herbert,
1055 681 189 56 1864-

205 772 1844 73 Tobacco under the searchlight, by Will H. Brown …
128 849 370 74 Cincinnati,
531 851 129 57 The
692 849 322 60 Standard
1040 850 364 74 publishing
1432 870 307 55 company
1771 849 201 79 [c1925]

195 929 80 45 235
303 946 39 37 p.
401 931 54 44 20
463 933 46 17 cm
514 965 11 9 .

128 984 52 54 ©
209 986 120 43 Nov.
363 986 66 51 30,
463 984 129 54 1925;
624 987 63 42 2c.
718 987 86 42 and
835 987 79 43 aff.
946 987 108 42 Dec.
1086 985 48 52 7;
1168 987 42 41 A
1242 985 188 53 872749;
1468 986 225 45 Standard
1725 988 100 52 pub.
1859 1003 63 28 co.

205 1041 270 55 (25-25309)

130 1127 220 71 Caron,
384 1128 224 55 Emma
639 1127 64 57 C.

205 1206 129 55 For
363 1205 101 57 the
499 1205 506 72 discriminating
1030 1205 280 70 hostess;
1345 1225 35 36 a
1414 1205 323 57 collection
1769 1206 69 57 of
128 1205 1969 134 distinctive
291 1283 123 56 and
449 1282 268 57 unusual
754 1281 258 72 recipes,

1052 1282 320 73 including
1409 1301 285 54 canapes,
125 1283 1974 148 hors-d’oeuvres,
314 1359 312 72 cocktails,
652 1360 111 56 hot
787 1361 124 56 and
936 1360 138 57 cold
1096 1360 301 57 luncheon

1424 1360 230 72 dishes,
1683 1360 228 72 salads,
125 1362 1971 146 sandwiches,
396 1438 124 57 and
544 1438 297 71 desserts,
869 1437 307 72 compiled
1201 1437 83 72 by
1309 1437 225 58 Emma
1563 1436 64 61 C.
1659 1436 224 60 Caron.
1955 1437 166 75 [New

125 1514 189 70 York,
346 1515 266 57 Printed
639 1516 83 68 by
751 1515 61 57 J.
844 1515 59 57 J.
936 1515 191 57 Little
1160 1517 125 56 and
1314 1516 142 56 Ives
1491 1534 321 50 company]
1849 1516 165 56 1925.

191 1589 493 54 2 p. l., 27 p. 20 cm .
125 1645 52 54 ©
210 1648 118 43 Nov.
358 1648 67 51 24,
458 1645 102 45 1925
577 1662 10 37 ;
617 1648 64 42 2c.
713 1647 118 44 Nov.
861 1647 79 52 27;
972 1648 78 42 aff.
1083 1648 118 43 Nov.
1232 1648 77 51 28;
1343 1648 43 42 A
1418 1646 188 53 875266;
1640 1646 51 48 E.
1725 1647 48 44 C.
1808 1646 164 51 Caron,
2003 1647 117 43 New

194 1704 140 44 York.
404 1702 270 55 (25-25094)

127 1787 392 71 Carpenters’
553 1803 308 59 company
891 1788 68 57 of
990 1789 103 56 the
1127 1788 130 73 city
1286 1789 127 57 and
1444 1792 232 68 county
1708 1788 68 57 of
200 1786 1896 152 Philadelphia.

199 1944 359 72 Recording
593 1944 103 57 the
736 1944 380 57 celebration
1155 1944 67 58 of
1258 1944 103 57 the
1402 1944 507 58 two-hundredth
123 1944 1973 149 anniversary
416 2021 68 58 of
512 2021 104 59 the
644 2021 362 59 institution

1039 2022 66 58 of
1134 2023 104 57 the
1271 2020 383 73 Carpenters
1671 2024 12 27 ’
1716 2041 306 53 company
2053 2020 70 59 of

125 2099 101 57 the
256 2099 127 72 city
412 2101 123 56 and
562 2103 227 68 county
818 2100 68 57 of
911 2100 457 72 Philadelphia,
1399 2100 109 56 Pa.
1540 2101 125 56 and
1692 2099 103 58 the
123 2099 1972 135 one-hundred-fiftieth
568 2177 417 71 anniversary
1014 2177 67 57 of
1108 2177 104 57 the
1241 2176 144 58 first
1408 2177 276 73 meeting
1715 2176 68 58 of
1809 2177 104 57 the
1944 2176 176 58 First

126 2253 400 59 Continental
568 2273 313 54 congress,
929 2254 368 72 September
1340 2256 88 70 25,
1474 2256 165 55 1924.
1722 2253 233 59 Edited
1997 2255 125 57 and

123 2331 331 71 published
477 2332 85 71 by
585 2331 103 58 the
716 2331 306 58 direction
1050 2332 69 57 of
1144 2332 103 57 the
1279 2331 383 72 Carpenters
1678 2335 12 26 ’
1719 2350 305 53 company
2053 2331 69 58 of

123 2409 1995 74 the city and county of Philadelphia … [Philadelphia,
120 2493 19 23 c
143 2487 164 73 1925]

195 2562 78 43 114
303 2577 38 37 p.
375 2562 100 44 incl.
509 2562 130 52 illus.,
670 2569 125 45 ports.
871 2561 138 46 front.
1068 2562 53 45 23½
1157 2564 47 19 cm
1210 2597 9 9 .

121 2617 54 54 ©
207 2620 107 43 Dec.
350 2621 33 50 1,
419 2617 128 54 1925;
581 2620 63 43 2c.
677 2621 109 42 Dec.
818 2622 49 48 4;
901 2621 77 48 aff.
1012 2622 109 42 Dec.
1154 2622 49 48 3;
1239 2621 43 42 A
1315 2617 188 54 875344;
1542 2617 283 54 Carpenters’
1859 2636 65 28 co.
1960 2620 50 44 of
2042 2619 75 43 the

190 2676 90 52 city
317 2678 87 42 and
442 2684 164 44 county
644 2676 50 44 of
733 2676 323 53 Philadelphia,
1099 2676 325 53 Philadelphia.
1494 2674 270 55 (25-25219)

125 2760 327 70 Carthaus,
490 2759 182 58 Emil.

195 2837 334 58 Erdbeben
566 2840 127 55 und
728 2838 284 71 vulkane,
1053 2856 122 39 von
1214 2838 92 56 dr.
1346 2836 170 57 Emil
1557 2835 331 60 Carthaus.
121 2836 1977 150 Berlin,
257 2915 273 59 Ullstein
566 2948 12 43 [
581 2925 19 21 c
603 2917 164 67 1925]

194 2992 91 53 152,
318 3010 11 30 [1]
405 3008 39 38 p.,
492 2995 18 41 1
562 3028 8 8 l.
634 2992 50 44 17½
719 2995 45 18 cm
772 3028 8 7 .
849 2991 289 54 (Half-title:
1171 2993 146 53 Wege
1349 3007 103 28 zum
1480 2992 178 44 wissen.
1722 2990 110 54 [33])

118 3048 1741 54 © June 9, 1925; 1c. Sept. 23; A—Foreign 28640; Ullstein a. g.
198 3107 214 53 (26-482)

123 3189 185 72 Chao,
348 3189 179 59 Yuen
562 3190 151 69 Ren,
755 3191 189 58 1892-

193 3267 59 56 A
275 3267 414 72 phonograph
716 3286 217 38 course
960 3267 65 57 in
1051 3267 103 57 the
1184 3266 266 59 Chinese
1474 3265 285 58 national
1782 3267 329 71 language,

116 3342 1996 76 by Yuen Ren Chao … Shanghai, The Commercial press,
115 3423 259 73 limited,
406 3425 166 54 1925.

189 3499 772 56 xxii p., 1.l., 288 p. 15 × 24 cm .
190 3558 180 45 “Books
396 3557 73 45 for
494 3557 231 44 reference
749 3559 87 42 and
861 3557 179 45 further
1063 3556 187 53 study”:
1278 3572 40 37 p.
1345 3554 206 45 287-288.

120 3610 1974 113 © June 19, 1925; 1c. Oct. 17; A—Foreign 28825; Commercial press, limited. (26-419)
122 3756 255 72 Cooper,
415 3755 214 58 James
665 3752 344 70 Fenimore,
1048 3754 358 59 1789-1851.

264 3829 1853 72 … The last of the Mohicans: a narrative of 1757, by
118 3911 216 58 James
365 3909 330 58 Fenimore
729 3907 273 73 Cooper;
1036 3908 206 58 edited
1271 3909 83 72 by
1384 3907 340 62 Frederick
1752 3908 187 62 Houk
1968 3908 152 63 Law
