2533 4412
0 0 0 0 1268
325 387 337 71 Saunders,
704 387 245 59 Louise.

401 479 131 58 The
575 479 203 59 knave
820 480 70 58 of
931 480 238 72 hearts,
1211 482 84 71 by
1336 481 230 58 Louise
1614 482 353 73 Saunders;
2013 483 153 58 with
324 485 1988 131 pictures
546 559 85 71 by
677 557 301 60 Maxfield
1026 558 285 59 Parrish.
1407 559 154 58 New
1608 559 193 74 York,
1854 559 65 63 C.
1975 561 358 60 Scribner’s

323 656 165 53 sons,
527 637 166 56 1925.

393 725 1690 58 7 p. l ., 9-46 p., 1 l. incl. col. front., col. illus., col. plates. 36 cm .
392 797 266 45 Illustrated
690 806 96 45 t.-p.
819 799 90 43 and
939 798 328 53 lining-papers
1301 800 48 43 in
1381 798 163 45 colors.

390 855 46 45 A
472 855 118 55 play.

322 926 54 54 ©
401 928 102 44 Oct.
526 928 40 52 2,
593 925 131 55 1925;
751 928 65 43 2c.
844 928 103 44 Oct.
977 928 73 52 14;
1078 928 80 43 aff.
1187 928 101 44 Oct.
1319 928 73 53 12;
1420 928 45 43 A
1491 927 191 54 869708;
1713 928 188 46 Charles
1931 929 251 48 Scribner’s
2211 946 119 30 sons.

401 982 274 57 (25-21279)

322 1083 369 72 Schnitzler,
727 1083 265 72 Arthur,
1030 1087 191 56 1862-

467 1175 1863 77 … Fräulein Else; a novel, translated from the German
320 1257 83 71 by
441 1255 252 60 Robert.
719 1255 77 61 A.
842 1254 234 61 Simon.
1159 1255 154 59 New
1350 1256 192 73 York,
1585 1256 218 61 Simon
1844 1257 125 58 and
2010 1257 321 73 Schuster,

320 1334 166 57 1925.

388 1414 27 44 4
441 1426 41 37 p.
528 1445 24 18 l.,
580 1410 137 49 3-145
745 1425 43 38 p.
850 1412 52 46 19
906 1413 48 18 cm
961 1452 10 11 .

320 1464 54 54 ©
408 1467 103 44 Oct.
543 1466 66 52 26,
646 1464 130 54 1925;
811 1467 66 43 2c.
912 1467 103 44 Oct.
1046 1466 80 53 28;
1160 1467 80 44 aff.
1277 1468 101 44 Oct.
1411 1465 79 55 27;
1527 1467 45 43 A
1605 1465 189 56 872161;
1835 1466 159 48 Simon
2026 1469 39 44 &
2100 1466 229 55 Schuster,

391 1523 84 44 inc.
544 1521 274 57 (25-21494)

322 1621 323 75 Seymour,
680 1622 248 58 Arthur
960 1622 300 75 Romeyn.

316 1713 2008 156 Practical Spanish grammar, by Arthur Romeyn Seymour … and Adelaide Ellen Smithers … New York [etc.]
316 1870 379 74 Longmans,
725 1869 209 61 Green
962 1872 125 58 and
1114 1889 108 56 co.,
1252 1872 166 57 1925.

385 1948 62 53 ix,
475 1950 82 45 230
585 1965 40 38 p.
656 1951 70 43 incl.
786 1950 153 52 front.,
971 1950 130 51 illus.,
1130 1965 142 39 maps.
1336 1949 77 49 194
1419 1952 48 18 cm
1474 1985 8 8 .

384 2005 168 48 Tables
581 2022 57 30 on
668 2005 341 57 lining-papers.

319 2062 54 54 ©
403 2065 102 44 Oct.
538 2065 34 51 1,
606 2062 131 54 1925;
766 2064 66 44 2c.
863 2065 102 44 Oct.
994 2065 79 52 21;
1105 2065 79 43 aff.
1216 2066 103 44 Oct.
1347 2065 80 52 20;
1458 2065 47 43 A
1531 2063 191 55 869625;
1757 2065 275 54 Longmans,
2066 2065 149 46 Green
2242 2067 89 43 and

389 2136 65 29 co.
524 2120 273 56 (25-21522)

321 2218 346 75 Simonton,
707 2219 271 59 Thomas
1014 2221 234 58 Moore.

396 2313 137 56 Tax
572 2312 163 59 sales
775 2312 69 58 in
882 2313 153 58 New
1073 2314 250 71 Jersey,
1366 2314 125 57 and
1527 2311 422 74 particularly
1987 2313 201 58 under
2227 2314 105 57 the

319 2391 136 57 Tax
501 2391 162 57 sales
714 2390 278 59 revision
1039 2395 101 54 act
1196 2390 294 73 (chapter
1534 2392 130 71 237,
1709 2392 152 57 laws
1911 2391 179 73 1918)
2201 2392 131 57 The

317 2470 451 71 amendments,
813 2471 126 56 and
984 2469 429 72 supplements
1458 2469 266 72 thereto,
1767 2469 153 58 with
1961 2469 203 59 forms
2208 2470 125 58 and

316 2548 391 72 precedents,
755 2550 135 55 text
935 2548 69 57 of
1049 2548 105 57 the
1205 2548 191 57 “Tax
1444 2547 162 58 sales
1656 2547 279 58 revision
1983 2550 175 71 act”,
2208 2548 125 57 and

316 2626 105 60 the
449 2630 101 55 act
577 2627 264 58 entitled
868 2627 156 56 “An
1051 2630 99 55 act
1175 2626 106 58 for
1307 2627 105 57 the
1442 2630 385 55 assessment
1856 2629 125 57 and
2008 2626 324 58 collection

317 2707 69 56 of
410 2708 178 55 taxes
627 2704 309 73 (revision
962 2706 70 56 of
1058 2704 180 72 1918)
1262 2708 42 27 ”
1334 2706 125 57 and
1486 2703 365 74 containing
1881 2725 36 38 a
1946 2703 258 75 general
315 2723 1993 132 exposition
638 2784 69 58 of
747 2784 105 57 the
895 2784 120 56 law
1056 2782 275 73 relating
1373 2787 63 54 to
1478 2786 111 55 tax
1633 2783 182 58 sales.
1919 2783 78 58 2d
2040 2782 92 59 ed.
2234 2780 99 73 By

317 2863 271 57 Thomas
622 2862 217 57 Moore
872 2860 346 60 Simonton.
1302 2860 288 74 Newark,
1620 2860 76 58 N.
1728 2861 82 71 J.,
1845 2860 210 73 Soney
2084 2859 49 59 &
2165 2860 165 73 Sage

314 2959 310 54 company
655 2969 14 45 [
670 2948 19 22 c
693 2940 166 74 1925]

386 3020 58 51 vi,
478 3019 83 45 319
593 3033 40 39 p.
692 3018 54 44 23
753 3018 48 19 cm
807 3052 10 9 .

318 3074 54 54 ©
405 3076 102 44 Oct.
539 3076 65 51 26,
642 3074 130 54 1925;
807 3075 66 43 2c.
908 3075 88 44 and
1027 3075 80 43 aff.
1143 3075 102 44 Oct.
1280 3074 77 53 30;
1394 3074 45 43 A
1472 3073 192 53 869818;
1704 3072 150 54 Soney
1887 3074 39 44 &
1962 3071 120 55 Sage
2115 3089 66 28 co.

395 3131 274 56 (25-21831)

320 3232 222 71 Smith,
583 3233 211 59 Laura
832 3233 333 70 Rountree,
1207 3235 191 57 1876-

394 3319 1858 76 The pixie on the farm, by Laura Rountree Smith …
312 3401 425 58 illustrations
762 3402 85 71 by
875 3399 190 61 Clara
1093 3402 254 56 Powers
1374 3400 264 58 Wilson.
1711 3398 293 75 Chicago,
2029 3398 76 57 A.
315 3398 1982 154 Flanagan
509 3497 324 55 company,
867 3480 166 56 1925.

389 3561 18 42 1
435 3574 41 38 p.
535 3592 9 17 l.,
575 3559 78 44 144
678 3573 40 38 p.
778 3557 83 45 col.
891 3558 152 48 front.,
1071 3556 83 46 col.
1181 3557 158 54 plates.
1399 3557 53 44 20
1460 3559 46 18 cm
1513 3592 9 8 .

318 3614 54 54 ©
402 3613 121 54 Sept.
551 3615 41 51 2,
623 3612 105 46 1925;
784 3615 65 43 2c.
880 3615 103 44 Oct.
1011 3615 28 42 2;
1094 3614 78 44 aff.
1205 3612 121 55 Sept.
1356 3614 26 43 4;
1439 3613 45 43 A
1512 3611 166 46 867944;
1734 3612 57 43 A.
1823 3611 234 53 Flanagan
2087 3626 67 29 co.

396 3669 273 57 (25-21053)

319 3770 375 74 Speakman,
736 3770 260 74 Harold,
1039 3773 191 58 1888-

395 3865 230 58 Here’s
684 3866 274 71 Ireland,
1015 3868 83 70 by
1154 3865 249 59 Harold
1461 3864 375 73 Speakman,
1893 3862 154 58 with
2102 3860 220 60 twelve

317 3938 2003 78 paintings made by the author … also several caricatures
