2533 4412
126 455 223 72 Miller,
389 455 186 72 Hugo
614 455 78 57 H.

200 539 1920 81 Intermediate geography, by Hugo H. Miller … and
126 617 1989 82 Mary E. Polley … Revised ed. Boston, New York [etc.]
127 700 162 59 Ginn
329 701 123 56 and
490 718 305 54 company
837 730 13 42 [
851 707 20 22 c
875 700 163 73 1925]

195 788 60 51 xi,
330 812 27 30 [1],
385 788 93 52 416,
505 789 78 42 xvi
611 804 38 37 p.
680 787 99 44 incl.
809 788 152 52 front.,
990 788 129 52 illus.,
1150 802 139 38 maps,
1318 788 166 53 diagrs.
1543 788 57 43 26½
1633 790 45 18 cm
1686 824 9 8 .

125 858 53 54 ©
204 858 107 46 Feb.
333 859 67 51 20,
431 857 128 54 1925;
584 858 65 44 2c.
675 860 88 43 and
787 860 78 43 aff.
894 860 117 43 Mar.
1039 857 21 46 5;
1118 859 42 43 A
1185 858 189 54 823267;
1405 859 117 46 Ginn
1549 861 87 43 and
1661 876 66 28 co.
1791 858 67 55 [©
1884 876 98 29 new
2008 868 111 45 text,

196 930 125 39 maps
355 917 87 42 and
475 916 313 52 illustrations]

123 1017 452 70 Montgomery,
607 1017 152 56 Mrs.
794 1014 206 58 Lizzie
1040 1013 301 75 (Wilson)
1385 1017 190 58 1850-

197 1106 295 60 Sketches
526 1106 68 57 of
624 1105 101 58 old
752 1106 401 70 Warrenton,
1184 1106 205 57 North
1422 1104 327 74 Carolina;
1783 1108 337 58 traditions

126 1185 124 57 and
286 1183 473 59 reminiscences
799 1184 67 56 of
904 1184 102 56 the
1043 1187 165 54 town
1246 1185 123 56 and
1402 1184 224 72 people
1661 1185 137 58 who
1834 1186 180 58 made
2051 1187 69 72 it,

124 1263 82 70 by
258 1261 204 58 Lizzie
516 1261 244 58 Wilson
813 1261 455 73 Montgomery.
1371 1261 284 73 Raleigh,
1712 1262 308 60 Edwards
2077 1263 49 60 &

123 1339 370 73 Broughton
519 1337 289 74 printing
834 1357 325 53 company,
1189 1340 165 55 1924.

194 1446 74 40 xv,
300 1430 78 46 451
412 1445 39 39 p.
514 1430 136 44 front.
678 1428 166 55 (port.)
886 1430 154 52 plates.
1099 1429 49 44 21
1159 1431 47 17 cm
1215 1469 6 8 .

126 1501 53 53 ©
213 1502 118 53 Aug.
363 1502 40 51 4,
440 1501 129 50 1924;
605 1500 65 44 2c.
707 1501 117 41 Mar.
860 1499 39 52 6,
937 1497 129 55 1925;
1101 1500 79 42 aff.
1218 1501 118 42 Mar.
1374 1499 47 52 5;
1460 1501 43 43 A
1538 1502 189 51 823301;
1767 1503 49 43 L.
1854 1504 73 45 W.
193 1501 1905 115 Montgomery,
425 1557 204 52 Raleigh,
661 1556 58 43 N.
752 1555 48 44 C.
870 1555 241 55 (25-5622)

126 1654 347 74 Mussolini,
513 1655 240 71 Benito,
798 1657 187 56 1883-

204 1747 112 74 My
360 1745 205 73 diary,
613 1744 284 71 1915-17,
945 1747 85 69 by
1076 1745 226 58 Benito
1355 1746 364 75 Mussolini;
1773 1751 350 61 translated

127 1826 169 58 from
321 1826 105 56 the
452 1824 235 59 Italian
715 1826 83 69 by
826 1823 153 57 Rita
1004 1823 325 60 Wellman.
1413 1826 260 72 Boston,
1707 1828 214 73 Small,
125 1827 1974 138 Maynard
313 1903 123 57 and
461 1919 308 56 company
797 1931 14 43 [
812 1909 21 23 c
835 1902 166 72 1925]

196 1990 1252 60 xix p., 4 l., 3-195 p. incl. front. ports. 19½ cm .
127 2066 53 53 ©
207 2066 106 45 Feb.
338 2067 68 50 21,
436 2065 128 52 1925;
591 2065 67 43 2c.
685 2066 87 42 and
796 2065 78 43 aff.
906 2066 118 42 Mar.
1051 2066 49 50 2;
1131 2065 42 42 A
1203 2066 188 53 823231;
1425 2065 156 56 Small,
1611 2070 228 52 Maynard
1867 2072 37 45 &
1929 2087 79 35 co.,
2039 2074 80 43 inc.

205 2121 243 58 (25-5366)

126 2221 299 59 National
471 2218 386 76 symposium
902 2236 80 41 on
1029 2218 227 59 colloid
1303 2221 355 76 chemistry.
1745 2228 100 73 2d,
202 2225 1895 138 Northwestern
502 2296 371 75 university,
910 2300 166 57 1924.

210 2388 243 60 Colloid
500 2385 387 75 symposium
929 2389 421 72 monograph;
1399 2409 233 55 papers
1679 2398 338 69 presented
2064 2403 65 55 at

129 2466 101 59 the
285 2470 226 56 second
564 2464 299 60 National
918 2465 387 73 symposium
1359 2488 76 37 on
1491 2470 226 60 colloid
1770 2473 356 75 chemistry,

130 2544 473 59 Northwestern
633 2542 372 73 university,
1037 2544 185 72 June,
1251 2547 168 72 1924,
1452 2546 208 60 edited
1688 2551 84 71 by
1801 2551 221 75 Harry
2052 2557 74 55 N.

128 2619 2000 81 Holmes … New York, Book department, The Chemical
129 2701 248 73 catalog
407 2717 322 57 company,
760 2699 136 73 inc.,
931 2701 167 59 1925.

199 2792 75 54 vii,
303 2793 83 44 368
411 2808 41 37 p.
479 2791 103 43 incl.
611 2790 132 53 illus.,
772 2791 158 53 tables,
961 2792 169 54 diagrs.
1189 2793 54 43 23½
1280 2795 46 18 cm
1333 2828 8 9 .

200 2861 217 51 Lettered
445 2877 60 29 on
535 2874 160 32 cover:
726 2861 91 44 vol.
886 2897 9 8 II.

201 2917 358 55 Bibliography:
589 2935 41 37 p.
662 2919 205 45 359-368.

128 2977 57 54 ©
215 2979 120 43 Mar.
362 2978 40 50 2,
434 2976 131 53 1925;
595 2976 65 44 2c.
692 2977 120 43 Mar.
842 2975 49 53 5;
926 2976 80 44 aff.
1038 2977 120 45 Mar.
1188 2979 51 52 3;
1271 2979 46 43 A
1345 2980 190 55 822252;
1570 2982 233 48 Chemical
1832 2989 182 52 catalog
2043 3006 80 35 co.,

202 3035 83 44 inc.
353 3031 243 57 (25-5876)

132 3130 258 75 Oemler,
427 3134 152 57 Mrs.
620 3129 203 60 Marie
870 3131 332 77 (Conway)
1250 3137 190 57 1879-

207 3221 1923 81 His wife-in-law, by Marie Conway Oemler … New
132 3301 173 60 York
330 3302 49 56 &
402 3302 278 73 London,
710 3301 129 57 The
870 3300 279 74 Century
1177 3322 84 38 co.
1297 3333 14 43 [
1313 3313 20 21 c
1334 3306 164 75 1925]

132 3377 55 55 ©
210 3378 106 45 Feb.
339 3378 68 52 27,
436 3377 130 53 1925;
591 3378 66 44 2c.
685 3379 119 43 Mar.
828 3379 53 52 2;
908 3380 80 42 aff.
1016 3380 119 43 Mar.
1162 3381 51 51 3;
1243 3381 44 42 A
1314 3381 188 56 822236;
1534 3385 201 53 Century
1760 3404 67 29 co.

211 3433 243 57 (25-5617)

136 3531 271 73 Organic
437 3533 359 71 syntheses;
830 3553 80 36 an
940 3534 232 57 annual
1201 3536 382 71 publication
1616 3543 68 56 of
1717 3545 411 75 satisfactory

209 3609 285 59 methods
536 3609 107 57 for
679 3610 104 57 the
824 3611 413 72 preparation
1279 3614 67 56 of
1387 3618 256 70 organic
1683 3621 327 62 chemicals

211 3704 56 41 v.
311 3689 54 54 4.
451 3687 151 56 New
644 3686 189 73 York,
880 3688 171 56 John
1092 3689 209 71 Wiley
1344 3691 47 56 &
1439 3712 163 56 sons,
1649 3696 152 73 inc.;
1848 3701 277 77 London,

214 3763 323 73 Chapman
574 3764 48 57 &
656 3764 168 73 Hall,
862 3764 259 74 limited,
1162 3768 165 57 1925.

204 3840 75 53 vii,
311 3842 56 42 89
396 3856 40 37 p.
498 3840 165 53 diagrs.
725 3841 53 43 23½
813 3844 47 17 cm
867 3876 7 8 .

137 3895 53 53 ©
215 3895 106 46 Feb.
354 3897 63 51 19,
447 3896 128 52 1925;
603 3896 62 45 2c.
695 3898 86 42 and
807 3897 79 43 aff.
971 3913 63 27 Mar.
1062 3897 49 52 6;
1140 3899 43 42 A
1211 3900 187 53 822254;
1429 3904 153 53 Roger
1609 3907 189 54 Adams,
1825 3911 200 52 Urbana,
2057 3916 67 43 Ill.

208 4004 847 59 5 p. l., 3-370 p. 19½ cm . $2.00
