2533 4412
1315 4119 113 56 602

349 444 166 70 Blos,
557 442 313 73 Wilhelm,
913 446 191 56 1849-

426 534 263 58 Florian
748 536 234 71 Geyer;
1039 537 237 57 lebens-
1332 536 130 56 und
1518 534 468 59 Charakterbild
2045 554 112 37 aus
2218 534 140 58 dem

346 632 266 52 grossen
632 613 441 72 bauernkrieg,
1096 632 124 38 von
1243 612 297 58 Wilhelm
1563 613 172 57 Bios.
1797 611 239 73 Berlin,
2062 611 60 58 J.
2152 612 80 56 H.
2258 611 98 58 W.

347 690 182 58 Dietz
555 690 391 73 nachfolger,
977 692 168 56 1924.

417 782 67 51 86,
515 783 53 45 [2]
599 797 41 38 p.
701 780 119 45 illus.
848 780 130 55 (incl.
1008 790 157 44 ports.,
1198 780 208 55 facsim.)

348 851 2007 56 © Nov. 24, 1924; 1c. Mar. 12, 1925; A—Foreign 27015; J. H. W. Dietz
419 911 281 53 nachfolger.
771 909 273 57 (25-10923)

351 1012 352 70 Bordeaux,
746 1012 236 72 Henry,
1026 1015 191 56 1870-

350 1102 1986 152 … Le chevalier de Lair: Guynemer, par Henry Bordeaux … Paris, Plon-Nourrit et c ie [1925]
421 1271 1941 55 3 p. l., 5-125 p., 1 l. front. (port.) 20 cm . (Nobles vies — grandes oeuvres.
401 1330 114 54 [n ° 1])
422 1399 1942 57 An abridgment of the author’s “Le chevalier de l ’air; vie héroique de
352 1456 304 55 Guynemer”,
693 1459 119 45 1918.

352 1524 1892 60 © Mar. 25, 1925; 1c. May 2; A—Foreign 27569; Plon-Nourrit & co.
432 1585 273 57 (25-10924)

354 1688 224 69 Burns,
614 1687 234 58 Frank.

431 1780 371 71 Reciprocal
823 1781 364 70 insurance;
1213 1800 36 37 a
1272 1779 170 59 brief
1466 1780 405 73 explanation
1894 1780 69 60 of
1984 1782 103 57 the
2112 1782 254 59 method

355 1859 68 56 of
447 1858 331 73 operation
797 1858 152 57 with
974 1861 338 55 comments
1339 1879 79 37 on
1445 1859 233 71 special
1699 1859 305 74 features,
2032 1861 333 73 copyright

423 1935 1540 75 … by Frank Burns. [Seattle, F. Burns] c 1925.
425 2027 52 47 75
513 2045 39 38 p.
617 2028 51 45 16
673 2030 48 19 cm
728 2064 8 8 .

356 2099 53 55 ©
435 2101 113 52 Apr.
571 2102 68 50 24,
671 2100 131 54 1925;
831 2102 64 42 2c.
922 2102 90 42 and
1037 2101 79 43 aff.
1144 2101 113 52 May
1281 2101 51 52 2;
1362 2101 44 42 A
1433 2100 191 53 823987;
1654 2099 51 46 F.
1735 2100 163 54 Burns,
1929 2099 183 48 Seattle.

435 2158 271 54 (25-10462)

357 2257 236 74 Butler,
641 2258 240 73 Joseph
924 2258 218 71 Green,
1190 2259 191 58 1840-

433 2350 453 58 Recollections
937 2350 67 57 of
1048 2368 144 38 men
1240 2350 124 57 and
1412 2353 246 68 events;
1711 2370 82 37 an
1841 2350 522 75 autobiography,

355 2429 190 73 being
589 2447 167 39 some
804 2430 260 59 account
1112 2427 66 57 of
1224 2427 335 70 activities,
1608 2427 418 75 experiences,
358 2430 1986 134 observations
566 2507 125 57 and

726 2505 300 73 personal
1060 2505 414 72 impressions
1516 2506 232 73 during
1786 2526 38 38 a
1859 2506 150 73 long
2046 2508 124 57 and
2207 2509 160 70 busy

358 2584 131 59 life.
577 2584 114 74 [By]
741 2583 242 73 Joseph
1018 2582 68 60 G.
1119 2582 242 75 Butler,
1395 2583 79 73 jr.
1553 2583 463 76 [Youngstown,
2053 2585 89 74 O.,
2236 2587 127 74 c1925]

430 2674 1468 54 6 p. l., 386 p. front., illus. (incl. ports.) col. pl. 23½ cm .
431 2745 178 45 “Three
636 2746 206 44 hundred
870 2745 149 53 copies
1047 2746 51 44 of
1125 2746 90 44 this
1246 2744 171 46 edition
1443 2745 115 44 have
1585 2747 112 43 been
1728 2747 216 52 printed.”
2002 2746 114 46 This
2146 2763 113 38 copy
2287 2756 80 37 not

357 2805 260 43 numbered.

359 2873 1692 55 © Jan. 17, 1925; 2c. and aff. June 1; A 829473; J. G. Butler, jr.
439 2930 272 56 (25-10597)

364 3030 348 73 Channing,
752 3029 277 59 Edward.

438 3124 60 56 A
528 3124 250 71 history
812 3123 66 57 of
911 3123 103 57 the
1047 3122 238 58 United
1321 3122 232 73 States,
1587 3124 83 71 by
1704 3122 278 60 Edward
2018 3123 347 74 Channing.

361 3220 56 39 V.
465 3205 51 55 6.
566 3204 129 56 The
739 3220 135 39 war
915 3202 108 57 for
1066 3203 300 56 southern
1409 3202 484 71 independence.
1979 3204 155 57 New
2174 3204 191 74 York,

365 3282 129 56 The
531 3281 361 57 Macmillan
927 3299 325 53 company,
1291 3282 165 55 1925.

432 3372 74 51 vii,
543 3373 69 53 [1],
645 3370 79 44 645
758 3385 38 38 p.
858 3385 126 38 maps
1025 3371 127 53 (part
1184 3370 189 53 double)
1439 3370 58 42 22½
1530 3373 47 18 cm
1583 3407 7 7 .

364 3441 53 54 ©
443 3444 116 51 June
588 3442 64 52 16,
682 3441 130 53 1925;
842 3443 63 42 2c.
933 3443 88 42 and
1048 3441 78 43 aff.
1155 3443 115 51 June
1301 3440 75 54 17;
1406 3441 45 43 A
1478 3440 188 53 829732;
1699 3442 270 44 Macmillan
1993 3459 64 27 co.

366 3541 255 72 Clifton,
667 3541 214 58 Oliver
918 3541 139 58 Lee.

444 3633 140 56 The.
613 3650 178 53 camp
827 3631 112 59 fire
976 3633 185 71 boys’
1198 3651 190 38 canoe
1426 3630 235 73 cruise;
1701 3652 90 52 or,
1831 3633 424 60 Stormbound
2291 3655 80 39 on

366 3708 2005 75 the Upper Rockaway, by Oliver Lee Clifton … illustrated
364 3792 84 70 by
488 3789 169 59 John
697 3789 82 57 M,
822 3789 246 57 Foster.
1172 3788 152 57 New
1363 3788 191 70 York,
1594 3788 75 57 N.
1710 3788 95 72 Y.,
1845 3789 286 72 Newark,
2171 3790 74 59 N.
2287 3792 82 71 J.,

365 3869 200 56 Barse
601 3867 49 57 &
684 3866 288 71 Hopkins
1012 3866 202 73 [c1925]

596 3942 1276 54 1 p. l., v-vii, 9-244 p. incl. plates. front., map. 19½ cm .
366 4001 55 55 ©
449 4004 113 52 May
587 4002 67 52 27,
686 4001 103 44 1925;
845 4003 64 42 2c.
938 4004 87 42 and
1053 4002 78 43 aff.
1164 4002 112 52 May
1305 4001 78 52 28;
1414 4001 43 43 A
1486 4000 188 52 829420;
1709 4001 143 45 Barse
1881 4003 36 44 &
1947 4003 223 53 Hopkins.

446 4058 272 56 (25-10469)
