2533 4412
1284 4016 149 58 1468

342 336 190 71 Conn,
572 333 247 60 Harold
854 334 158 73 Joel,
1054 336 191 58 1886-

415 427 350 72 Biological
805 427 219 72 stains,
1067 446 36 38 a
1141 428 332 58 handbook
1514 448 79 38 on
1632 429 104 58 the
1774 432 226 55 nature
2042 431 125 58 and
2203 450 144 38 uses

340 508 69 57 of
449 508 105 57 the
596 507 151 70 dyes
794 506 327 71 employed
1161 506 66 57 in
1269 506 103 59 the
1413 504 333 74 biological
1784 506 385 73 laboratory.
2251 508 100 73 By

340 584 78 57 H.
461 584 60 58 J.
567 582 191 72 Conn,
803 584 153 57 New
992 583 176 57 York
1209 582 415 74 agricultural
1665 583 388 74 experiment
2095 586 254 70 station,

340 660 341 70 chairman,
732 659 419 61 Commission
1197 681 79 39 on
1320 660 545 61 standardization
1909 664 68 58 of
2018 663 334 73 biological

343 739 232 72 stains;
621 741 319 70 prepared
983 738 150 59 with
1180 740 103 58 the
1330 737 453 61 collaboration
1828 743 98 57 of:
1972 742 61 58 J.
2080 742 75 58 A.
340 742 1987 148 Ambler,
531 817 60 60 S.
627 818 49 57 I.
711 817 438 72 Kornhauser,

1184 817 71 58 F.
1289 817 72 58 B.
1398 817 292 73 Mallory,
1726 820 124 58 and
1883 818 68 58 L.
1987 818 97 60 W.
2123 818 228 74 Sharp,

339 897 310 57 members
682 898 66 57 of
779 897 103 58 the
915 895 344 60 Executive
1291 895 351 60 committee
1676 898 69 58 of
1776 898 103 58 the
1915 896 433 60 Commission.

343 974 269 59 Geneva.
642 975 74 56 N.
746 974 94 71 Y.,
871 975 129 58 The
1032 972 435 73 Commission,
1499 974 167 58 1925.

414 1050 75 47 151
518 1067 41 36 p.
586 1051 104 46 incl.
718 1051 159 53 tables,
905 1051 168 52 diagrs.
1133 1051 57 46 20½c
1240 1054 30 19 m
1276 1089 9 9 .

413 1107 358 53 Bibliography:
798 1123 41 36 p.
872 1108 202 46 138-145.

343 1161 53 54 ©
422 1163 120 45 Nov.
568 1164 40 50 4,
638 1161 130 54 1925;
798 1164 64 42 2c.
892 1164 120 42 Nov.
1040 1162 50 53 6;
1121 1164 79 42 aff.
1230 1163 119 44 Nov.
1374 1162 80 53 25;
1484 1164 45 42 A
1557 1162 190 53 875285;
1781 1162 304 46 Commission
2112 1180 58 29 on

413 1166 1915 98 standardization
699 1220 51 44 of
781 1220 245 52 biological
1061 1220 155 52 stains,
1253 1219 192 52 Geneva,
1483 1220 59 43 N.
1577 1220 56 42 Y.
1703 1219 271 56 (25-24924)

343 1320 360 74 Daughters
725 1320 68 58 of
809 1320 104 57 the
930 1319 342 59 American
1286 1319 372 59 revolution.
1735 1322 153 58 New
1909 1322 189 57 York.
2177 1323 178 57 Ellen

420 1398 254 60 Hardin
710 1399 346 60 Walworth
1091 1399 278 74 chapter,
1399 1398 153 60 New
1591 1399 188 58 York.

410 1488 178 59 Book
624 1490 68 57 of
729 1489 262 72 recipes,
1028 1489 309 72 compiled
1374 1489 126 58 and
1536 1487 416 75 copyrighted
1986 1490 84 73 by
342 1490 1994 136 Daughters
507 1570 68 56 of

605 1568 103 58 the
740 1568 341 58 American
1110 1566 374 72 revolution,
1513 1567 185 58 Ellen
1728 1567 253 60 Hardin
2010 1568 351 60 Walworth

343 1644 2017 76 chapter, of New York city … Committee on the Book of
344 1726 242 72 recipes…
777 1725 170 72 [New
974 1723 190 75 York]
1198 1725 167 56 1925.

414 1805 82 44 230
528 1819 40 38 p.
630 1803 117 44 illus.
774 1803 127 54 (incl.
936 1802 166 54 ports.)
1170 1802 53 44 23½c
1276 1802 30 19 m
1313 1837 9 8 .

417 1862 213 44 Lettered
657 1876 59 29 on
744 1875 161 30 cover:
937 1860 226 47 Souvenir
1191 1859 124 45 book
1342 1859 52 45 of
1419 1856 106 47 35th
1550 1859 298 54 anniversary
1875 1860 53 45 of
1952 1861 58 43 D.
2039 1861 57 43 A.
2127 1862 70 50 R.,
348 1861 1985 104 1890-1925.

417 1976 218 46 Contains
670 1974 283 53 advertising
987 1980 179 38 matter.

347 2033 53 55 ©
431 2034 101 45 Oct.
560 2033 65 51 20,
662 2030 129 55 1925;
824 2032 64 44 2c.
920 2031 119 44 Nov.
1067 2031 80 51 23;
1180 2030 78 44 aff.
1291 2030 119 45 Nov.
1440 2031 78 52 21;
1552 2030 43 44 A
1626 2028 191 55 872569;
1850 2030 133 49 Ellen
2015 2032 182 44 Hardin

418 2031 1918 106 Walworth
601 2091 200 52 chapter,
840 2091 56 41 D.
931 2089 57 43 A.
1026 2089 68 52 R.,
1132 2089 118 43 New
1285 2088 144 44 York.
1499 2087 272 55 (25-24972)

347 2190 224 69 Dixon,
613 2189 245 60 Walter
893 2188 268 72 Wilbur,
1203 2190 190 58 1880-
1554 2189 90 58 ed.

423 2283 59 56 A
515 2282 160 58 book
710 2283 67 56 of
812 2282 203 73 plans,
1052 2278 365 74 containing
1452 2297 113 40 one
1601 2279 288 61 hundred
1925 2279 436 74 photographs

347 2362 68 57 of
469 2360 330 71 exteriors,
855 2380 114 40 one
1025 2359 288 57 hundred
1367 2357 156 58 floor
1575 2358 183 71 plans
1817 2358 124 57 and
1997 2357 366 73 elevations,

347 2442 219 56 drawn
610 2443 64 54 to
721 2441 403 69 one-quarter
1169 2436 143 57 incl.
1356 2436 183 71 scale,
1585 2454 113 39 one
1745 2435 289 60 hundred
2075 2437 288 71 mantels,

349 2538 114 39 one
503 2518 289 58 hundred
831 2516 256 72 buffets,
1133 2514 227 59 details
1404 2515 67 59 of
1513 2513 298 72 cornices,
1854 2533 290 55 garages,
2187 2515 176 58 front

349 2598 155 58 door
530 2597 274 73 designs,
831 2594 289 74 building
1144 2592 434 74 information,
1609 2591 234 60 outline
1873 2593 169 59 form
2070 2593 70 59 of
346 2592 1993 155 specifications,
714 2676 83 57 all
854 2674 302 73 designed

1211 2673 84 71 by
1349 2671 263 58 modern
1669 2671 328 73 designers
2054 2671 70 58 of
2183 2672 181 58 small

346 2749 2016 78 homes, edited by Walter W. Dixon … Oakland, Calif.,
351 2835 130 57 The
539 2833 200 57 Home
799 2829 296 74 designer
1155 2829 125 58 and
1338 2827 254 60 Garden
1647 2828 314 58 beautiful
2020 2828 344 74 magazine,

348 2912 208 59 Dixon
587 2911 48 59 &
663 2910 235 71 Hillen,
926 2906 381 74 publishers,
1340 2915 17 21 c
1361 2906 167 57 1925.

420 2983 1609 58 2 p. l., 300 numb. 1. incl. plates, plans. 40½ × 54 cm . $17.50
352 3048 53 54 ©
440 3048 120 53 Sept.
592 3046 66 47 27,
697 3043 130 53 1925;
860 3045 65 42 2c.
958 3044 89 42 and
1079 3042 79 44 aff.
1194 3042 119 43 Nov.
1345 3042 79 51 21;
1460 3042 43 42 A
1538 3040 190 54 872562;
1765 3041 156 44 Dixon
1956 3043 37 43 &
2026 3041 172 54 Hillen,
421 3043 1919 114 Oakland,
579 3102 135 46 Calif.
785 3097 272 59 (25-24775)

351 3204 435 73 Drawbridge,
826 3197 208 63 Doris.

427 3302 228 56 Poems
695 3298 112 71 [by]
847 3294 190 58 Doris
1076 3291 434 73 Drawbridge.
1588 3292 260 72 Boston,
1886 3294 73 56 R.
1999 3293 69 59 G.
2107 3294 255 72 Badger

354 3411 12 41 [
368 3389 20 21 c
391 3379 166 71 1925]

421 3457 55 44 32
503 3470 42 36 p.
604 3452 57 46 20
665 3455 48 19 cm
721 3491 8 8 .

354 3510 53 54 ©
435 3512 115 52 June
583 3510 36 51 1,
651 3506 131 53 1925;
815 3506 63 43 2c.
912 3505 120 43 Nov.
1060 3504 80 50 21;
1174 3503 78 43 aff.
1286 3502 119 43 Nov.
1440 3501 75 52 19;
1549 3501 43 43 A
1622 3499 190 54 872542;
1849 3501 200 46 Richard
2082 3501 51 45 G.
2167 3502 193 53 Badger.

433 3563 272 59 (25-25019)

353 3653 268 69 Dufour,
662 3650 238 69 Perret,
944 3647 361 57 1807-1884.

432 3745 130 58 The
600 3741 194 60 Swiss
831 3738 357 60 settlement
1221 3736 68 58 of
1325 3734 417 64 Switzerland
1778 3733 264 75 County,
2077 3735 287 73 Indiana,

353 3826 83 71 by
463 3823 228 57 Perret
718 3819 284 68 Dufour;
1032 3815 152 58 with
1215 3835 80 38 an
1322 3812 429 59 introduction
1778 3814 84 71 by
1891 3812 261 59 Harlow
354 3813 1988 155 Lindley.
554 3895 457 73 Indianapolis,

1055 3892 271 58 Indiana
1365 3892 328 57 historical
1736 3890 415 76 commission,
2197 3891 167 59 1925.
