2824 3957
2597 128 71 29 1925

127 234 36 28 27
189 241 32 22 p.
271 236 93 28 Appl.
396 236 156 23 authors:
580 236 121 25 Harold
722 237 34 23 B.

126 269 162 25 Franklin
311 270 19 22 &
354 270 120 24 Samuel
497 271 33 23 H.
559 271 74 23 Cox.

169 303 633 32 © Lillenas Pub. Co., a registered
128 338 97 24 trade
250 344 77 18 name
353 338 36 24 of
416 339 56 23 the
496 340 161 24 Nazarene
683 339 73 25 Pub.

127 373 114 28 House;
352 368 53 33 1Jun63;
435 368 156 34 A637704.

51 438 93 30 RAMS,
172 437 103 25 EDWIN
297 439 34 25 M.

91 470 245 26 Condemnation
359 472 181 28 appraisal
565 471 176 25 handbook.

133 505 57 23 See
215 504 155 31 SCHMUTZ,
399 505 120 24 GEORGE
543 506 34 24 L.

54 576 218 31 RAMSBOTHAM,
300 578 121 26 MARION
445 580 51 27 L.,
527 585 93 24 comp.

93 610 121 24 Warren
239 610 119 31 County
380 612 80 29 past
484 613 58 23 and
564 613 158 30 present.

135 644 608 33 37 p. © Marion L. Ramsbotham;
217 675 53 33 1May63;
298 675 156 34 A639303.

41 744 178 28 RAMSDELL,
249 744 154 26 CHARLES.

83 778 58 25 The
165 778 134 31 rogues'
330 779 114 24 trial.
494 780 58 23 See
577 779 175 30 SUASSUNA,

124 812 135 27 ARIANO.

43 888 158 30 RAMSETH,
225 888 105 25 BETTY
350 889 76 25 ANN.

84 922 141 29 Getting
250 922 36 24 to
311 922 81 24 know
413 928 75 24 you;
517 928 17 19 a
556 922 142 31 playlet
723 929 38 17 on

126 956 58 24 the
207 961 59 20 use
290 957 38 23 of
351 956 99 30 Hymns
476 957 57 24 and
559 962 97 25 songs
681 957 60 24 for

127 986 675 35 church schools. 8 l. © Augsburg
125 1024 74 26 Pub.
227 1024 117 29 House;
373 1020 136 34 6Nov63;
535 1020 158 35 A665867.

38 1110 136 29 RAMSEY,
202 1111 121 25 GERALD
345 1113 33 25 G.

78 1145 156 30 Morning,
263 1148 160 33 noon,and
448 1148 100 30 night
574 1150 174 26 cookbook.

119 1180 738 37 Sage Books. 255 p. © Gerald Ramsey;
120 1211 155 33 10Oct63;
303 1212 156 33 A659113.

31 1273 138 31 RAMSEY,
196 1274 102 26 GLENN
319 1275 34 26 V.

73 1309 101 24 Women
197 1308 81 27 view
300 1309 99 25 their
424 1309 139 29 working
585 1308 117 28 world.

111 1342 104 25 Based
238 1348 38 19 on
299 1349 18 18 a
341 1343 99 30 study
463 1344 39 23 in
523 1343 120 26 mental
668 1344 121 24 health

114 1377 60 24 for
196 1377 59 25 the
277 1378 100 23 Texas
399 1378 207 24 Federation
628 1378 39 24 of
685 1378 164 26 Business

114 1411 20 23 &
155 1411 241 25 Professional
420 1412 117 29 Women,
564 1412 41 29 by
627 1411 101 25 Glenn
749 1413 35 25 V.

114 1445 121 30 Ramsey
256 1447 21 23 &
299 1446 135 26 others.
482 1446 137 29 Austin,
647 1447 96 29 Tex.,

112 1480 81 30 Hogg
215 1479 205 26 Foundation
443 1481 58 23 for
523 1481 121 25 Mental
667 1481 137 29 Health,

113 1514 204 30 University
341 1516 37 23 of
401 1515 114 25 Texas.
568 1511 36 33 47
626 1520 34 25 p.

136 1548 709 32 © Hogg Foundation for Mental Health;
155 1579 114 32 11Jun63;
298 1579 156 33 A637342.

34 1642 116 33 RAMUS,
178 1645 81 25 JOHN
279 1646 33 25 E.
362 1646 58 25 See

75 1680 61 23 NEW
155 1681 84 23 YORK
258 1681 61 23 AND
342 1682 224 25 SURROUNDING
587 1683 184 25 TERRITORY

117 1714 202 26 CLASSIFIED
341 1716 162 24 BUSINESS
525 1717 199 25 DIRECTORY.

40 1786 74 30 RAN,
141 1787 76 29 KIP,
245 1787 115 28 pseud.
409 1788 58 24 See
491 1788 178 31 RANDOLPH,
698 1789 122 25 LOWELL

80 1821 96 26 KING.

41 1900 101 24 RANCO
166 1901 202 26 INDUSTRIAL
390 1904 159 24 PRODUCTS
575 1906 93 26 CORP.

85 1935 199 25 Industrial
306 1939 240 30 maintenance;
576 1941 139 30 catalog
123 1936 696 60 1963-64.

227 1966 507 36 28 p. © Ranco Industrial
123 2004 160 25 Products
308 2006 114 29 Corp.;
452 2004 155 34 12Aug63;
634 2005 157 33 A644091.

38 2084 96 30 RAND,
163 2084 236 26 CHRISTOPHER.

81 2118 179 24 Christmas
287 2119 37 23 in
345 2119 193 28 Bethlehem,
552 2119 59 23 and
634 2120 82 28 Holy
736 2119 83 24 Week

120 2152 39 23 at
181 2152 100 25 Mount
305 2152 116 25 Athos.
468 2154 61 23 New
550 2153 97 29 York,
675 2153 121 24 Oxford

120 2186 205 29 University
349 2187 112 24 Press.
513 2183 57 27 168
593 2193 32 23 p.
676 2188 77 23 Some

120 2220 163 25 material
306 2226 94 23 prev.
429 2221 72 29 pub.
534 2221 76 29 1959,
696 2216 38 29 1960
757 2222 19 23 &

123 2249 77 33 1962
244 2260 19 18 in
287 2255 158 24 somewhat
470 2255 180 25 different
675 2255 82 24 form
780 2256 37 23 in

121 2287 730 32 the New Yorker. © Christopher Rand;
124 2317 153 34 10Oct63;
306 2318 155 35 A651765.

74 2368 57 24 The
155 2368 82 30 Holy
259 2367 78 25 Land
362 2368 36 23 at
422 2366 280 26 Christmastime.

117 2402 220 25 Illustrated
362 2403 38 28 by
421 2402 121 24 Howard
568 2400 176 26 Goodrich.

115 2437 61 24 New
196 2436 96 29 York,
320 2437 119 23 Oxford
463 2436 205 28 University
691 2435 115 25 Press.

117 2471 38 29 30
178 2477 33 23 p.
260 2471 202 29 Adaptation
485 2471 38 23 of
546 2470 181 25 Christmas
753 2470 38 23 in

116 2505 197 26 Bethlehem.
361 2505 78 24 Most
465 2506 37 23 of
525 2503 161 26 material
711 2509 95 24 prev.

117 2540 75 29 pub.
218 2541 40 23 in
281 2540 56 23 the
360 2539 63 24 New
442 2538 122 25 Yorker
608 2544 20 17 in
651 2538 158 24 somewhat

117 2571 592 29 different form. NM: illus. ©
118 2570 715 70 Christopher
260 2609 93 28 Rand;
384 2604 133 34 5Dec63;
547 2602 157 33 A664637.

42 2680 94 30 RAND,
164 2679 102 25 FRANK
288 2678 176 25 PRENTICE.

82 2715 59 23 The
166 2714 99 29 story
289 2714 37 23 of
349 2713 101 24 David
472 2712 156 29 Grayson.
676 2711 157 27 Amherst,

123 2750 117 28 Mass.,
267 2749 99 23 Jones
389 2748 157 28 Library.
638 2746 18 22 160
677 2751 33 23 p.

166 2773 566 39 © Jones Library, Inc.; 1Oct63;
126 2812 155 36 A659128.

31 2878 81 24 RAND
134 2879 96 25 CORP.

74 2913 221 24 Alternative
319 2914 201 28 approaches
546 2914 37 23 to
607 2914 57 24 the
114 2912 674 60 international

301 2948 241 29 organization
567 2948 37 24 of
115 2946 654 61 disarmament.
259 2982 57 23 See
341 2982 92 30 IKLE,
462 2982 80 23 FRED
564 2983 35 24 C.

74 3022 221 30 Atmospheric
321 3024 199 24 turbulence
545 3026 57 23 and
628 3025 56 24 the

117 3056 262 25 scintillation
403 3059 36 22 of
465 3059 194 31 starlight.
710 3061 56 23 See

115 3090 135 32 REIGER,
280 3092 32 25 S.
340 3093 34 25 H.

73 3130 180 24 Automatic
279 3131 159 24 checkout
463 3134 197 29 equipment.
709 3136 57 23 See

114 3164 178 30 FIRSTMAN,
319 3165 121 24 SIDNEY
465 3167 31 25 I.

74 3202 99 24 China
196 3202 57 24 and
279 3204 114 27 Japan.
443 3204 55 24 See
524 3204 134 32 LANGER,
689 3205 79 24 PAUL
788 3206 34 24 F.

78 3239 179 30 Commodity
280 3241 121 29 policy
425 3242 56 23 and
506 3244 159 24 economic

117 3272 237 29 development.
404 3276 57 23 See
487 3277 132 29 PINCUS,
648 3280 82 23 JOHN
750 3280 33 25 A.

75 3309 178 23 Communist
281 3309 96 23 China
401 3309 57 24 and
482 3310 140 24 nuclear
646 3311 114 24 force.

116 3343 56 23 See
196 3343 112 28 HSIEH,
339 3344 99 23 ALICE
462 3345 154 25 LANGLEY.

85 3385 18 23 A
127 3384 79 24 data
229 3385 202 30 processing
456 3387 120 27 system
599 3388 57 23 for
681 3389 96 23 state

129 3418 55 24 and
211 3418 97 25 local
331 3421 237 27 governments.
617 3423 58 23 See

126 3452 135 30 HEARLE,
289 3453 122 24 EDWARD
434 3455 33 24 F.
494 3455 34 24 R.

980 238 245 25 Distribution
1249 240 38 23 of
1312 240 56 24 the
1394 242 180 30 Intensity
1600 244 58 24 and

1021 272 245 29 polarization
1290 275 37 23 of
1353 275 57 24 the
1434 276 183 31 diffusely

1022 305 180 26 reflected
1228 308 99 29 light
1351 315 80 19 over
1454 316 18 18 a
1496 312 183 30 planetary

1021 339 94 26 disk.
1164 342 59 23 See
1248 343 137 29 SEKERA,
1412 344 137 27 ZDENEK.

982 387 58 25 The
1066 386 139 25 effects
1232 387 36 24 of
1290 389 143 24 nuclear
1456 388 120 25 bursts
1602 390 37 23 in

1025 425 98 24 space
1149 427 37 17 on
1210 421 57 24 the
1291 421 225 32 propagation
1540 423 36 23 of
1025 421 655 64 high-frequency
1229 456 101 23 radio
1352 461 99 19 waves
1477 457 140 23 between

1025 488 180 30 separated
1231 490 100 23 earth
1354 490 197 25 terminals.
1600 492 58 24 See

1023 523 114 31 CRAIN,
1167 525 34 24 C.
1229 525 33 25 M.

980 562 16 23 A
1023 561 96 25 first
1144 563 162 23 reaction
1331 563 35 24 to
1393 563 55 25 the
1472 570 60 18 new
1555 565 119 24 Soviet

1019 595 95 30 book,
1141 597 163 29 Military
1330 598 176 30 strategy.
1554 600 58 23 See

1017 629 117 31 WOLFE,
1163 632 121 23 THOMAS
1305 633 35 23 W.

978 668 142 30 Foreign
1144 669 264 30 participation
1434 672 36 23 in
1021 670 655 57 communications
1145 703 180 25 satellite
1351 705 154 30 systems.
1555 707 57 23 See

1020 737 176 31 SCHWARTZ,
1224 740 123 23 MURRAY
1370 741 32 24 L.

976 779 56 24 Has
1058 778 58 22 the
1141 777 139 24 Sukarno
1305 778 119 29 regime
1447 777 162 24 weakened
1635 777 56 23 the

1018 812 74 24 PKI?
1140 812 58 24 See
1224 812 133 28 PAUKER,
1387 811 59 25 EWA
1469 813 33 25 T.

978 853 180 26 Influence
1183 856 38 23 of
1245 862 161 19 resource
1430 858 58 23 and
1512 860 122 29 policy

1018 887 139 31 changes
1183 895 39 18 on
1245 890 160 25 aircraft
1430 893 260 28 capabilities.

1017 922 59 25 See
1099 924 97 30 BELL,
1224 925 163 25 CHAUNCEY
1407 926 35 28 F.

979 964 181 24 Invariant
1185 966 182 30 imbedding
1389 967 59 25 and
1472 969 182 25 radiative

1020 998 162 25 transfer
1204 1001 39 23 in
1266 1002 99 23 slabs
1389 1002 39 24 of
1451 1003 121 24 finite
1018 1003 678 56 thickness.

1162 1035 58 23 See
1243 1036 160 30 BELLMAN,
1428 1038 144 24 RICHARD
1592 1040 36 25 E.

993 1091 98 31 Light
1118 1089 197 26 scattering
1342 1093 37 17 on
1403 1082 181 34 partially

1034 1124 180 28 absorbing
1238 1122 223 27 homogeneous
1489 1118 136 29 spheres
1651 1115 37 24 of

1036 1160 119 24 finite
1181 1158 92 24 size.
1322 1155 59 24 See
1405 1147 258 34 DEIRMENDJIAN,
1692 1148 33 26 D.

976 1191 161 31 Limiting
1158 1193 101 24 model
1283 1193 222 30 atmospheres
1531 1194 37 23 of
1590 1195 96 24 Mars.

1016 1227 58 24 See
1099 1227 196 31 SCHILLING,
1324 1229 33 25 G.
1385 1229 34 26 F.

974 1264 122 24 Linear
1118 1267 223 30 programming
1365 1268 59 25 and
1449 1270 217 27 extensions.

1016 1298 57 24 See
1097 1300 158 31 DANTZIG,
1282 1302 121 24 GEORGE
1426 1304 33 25 B.

973 1342 141 25 Nuclear
1137 1343 119 24 forces
1281 1344 58 23 and
1365 1343 56 25 the
1445 1344 120 24 future
1590 1345 37 23 of

1013 1376 96 27 NATO.
1157 1378 58 23 See
1238 1378 241 30 VANDEVANTER,
1506 1380 55 28 E.,
1588 1381 55 25 JR.

972 1413 60 24 The
1056 1414 161 27 politics
1242 1415 37 23 of
1305 1416 118 24 social
1448 1417 119 29 change
1591 1419 39 22 in
1654 1419 58 23 the

1014 1448 121 25 Middle
1157 1450 81 23 East
1261 1451 58 23 and
1343 1451 100 25 North
1466 1453 137 25 Africa.
1653 1455 58 23 See

1014 1481 158 31 HALPERN,
1198 1483 159 27 MANFRED.

976 1521 80 26 Real
1078 1527 100 24 wages
1205 1522 36 23 in
1265 1522 119 24 Soviet
1406 1521 124 24 Russia
1554 1522 98 23 since

1020 1551 93 33 1928.
1162 1557 58 23 See
1244 1556 155 30 CHAPMAN,
1430 1556 100 24 JANET
1552 1556 120 24 CARTER

1018 1590 178 25 GOODRICH.

974 1628 119 25 Recent
1118 1630 243 29 developments
1388 1632 37 24 in
1447 1634 183 23 nonlinear

1017 1664 237 30 programming.
1304 1666 57 23 See
1383 1666 117 31 WOLFE,
1531 1668 133 25 PHILIP.

975 1710 196 29 Simscript.
1220 1711 59 24 See
1303 1710 196 31 MARKOWITZ,
1527 1711 104 24 HARRY
1652 1712 33 24 M.

973 1749 119 25 Soviet
1115 1749 161 23 doctrine
1301 1755 38 17 on
1362 1749 203 29 developing

1015 1783 194 25 countries.
1260 1784 57 23 See
1340 1784 219 28 DINERSTEIN,

1012 1817 143 25 HERBERT
1178 1818 32 26 S.

969 1858 119 26 Soviet
1112 1857 139 24 limited
1274 1861 61 19 war
1358 1853 176 27 doctrine.
1585 1854 57 23 See

1009 1892 114 29 GOURE,
1154 1892 94 25 LEON.

974 1934 58 24 The
1058 1935 180 23 structure
1264 1934 35 23 of
1324 1934 98 25 field
1449 1939 113 24 space.
1611 1935 58 23 See

1012 1967 138 30 EDELEN,
1178 1968 140 24 DOMINIC
1343 1968 34 24 G.
1404 1967 35 25 B.

970 2008 119 24 Tables
1115 2009 38 23 of
1176 2010 58 23 mie
1260 2011 202 30 scattering
1486 2018 98 18 cross

1014 2042 157 24 sections
1198 2044 57 24 and
1280 2045 218 29 amplitudes.
1547 2048 58 23 See

1011 2076 261 33 DEIRMENDJIAN,
1298 2080 35 25 D.

969 2112 59 24 The
1054 2111 179 25 turbulent
1256 2113 161 29 boundary
1444 2113 99 28 layer
1567 2113 37 23 in
1627 2117 18 18 a

1012 2145 242 29 compressible
1279 2147 114 25 fluid.
1443 2148 57 23 See
1523 2146 115 31 COLES,

1010 2180 34 24 D.
1071 2179 35 26 E.

969 2217 61 24 War
1053 2217 135 30 gaming.
1238 2218 57 23 See
1322 2219 132 30 PAXSON,
1483 2219 34 26 E.
1543 2220 35 25 W.

968 2263 79 25 What
1072 2265 98 27 price
1196 2266 241 25 conventional
1463 2267 241 28 capabilities

1012 2298 36 24 in
1072 2299 137 28 Europe?
1249 2300 65 24 .See
1338 2301 135 30 BRODIE,
1502 2302 156 26 BERNARD.

927 2354 81 24 RAND
1032 2355 94 28 CORP.
1175 2357 58 24 See

968 2388 102 25 EXACT
1092 2390 141 25 METHODS
1258 2393 39 23 IN
1319 2394 201 25 LINGUISTIC
1544 2396 178 28 RESEARCH.

933 2459 222 26 RAND-FIELDS
1178 2462 122 24 TRAVEL
1323 2462 155 32 SERVICE,
1509 2464 73 25 INC.

974 2496 180 26 Americana
1179 2499 59 23 air
1262 2499 114 25 tours.
1427 2499 135 26 Folder.

1014 2530 53 24 NM:
1097 2533 180 23 revisions
1303 2533 18 22 &
1343 2533 199 25 additions.

1054 2562 486 34 © Henry M. Shure; 16Dec63;
1014 2594 157 36 A665955.

922 2664 96 29 RAND,
1047 2665 142 23 MCNALLY
1210 2666 19 24 &
1254 2665 51 26 CO.

964 2696 258 26 Abolitionism:
1252 2698 182 30 disrupter
1457 2699 37 23 of
1520 2699 56 23 the

1006 2731 201 25 democratic
1233 2733 119 28 system
1375 2739 39 18 or
1437 2734 98 28 agent
1560 2734 37 22 of

1006 2766 178 30 progress?
1232 2767 57 23 See
1312 2767 218 29 WEISBERGER,

1006 2800 142 25 BERNARD
1170 2801 53 29 A.,
1253 2801 52 24 ed.

964 2843 99 25 Adams
1088 2843 58 23 and
1168 2844 198 25 Jefferson:
1395 2844 182 30 posterity
1599 2846 79 22 must

1008 2876 111 31 judge.
1170 2879 57 23 See
1252 2879 93 29 KOCH,
1374 2879 176 30 ADRIENNE,
1581 2880 52 24 ed.

966 2918 119 24 Andrew
1108 2918 157 29 Jackson,
1292 2919 280 29 nullification,
1602 2921 57 23 and

1008 2951 56 25 the
1090 2953 241 29 state-rights
1356 2953 196 26 tradition.
1601 2956 57 23 See

1007 2986 154 30 SELLERS,
1192 2988 155 28 CHARLES,
1376 2988 52 25 ed.

969 3023 119 28 Around
1114 3024 56 23 the
1195 3024 94 24 home.
1338 3025 58 23 See
1418 3023 177 29 BORCHERT,

1012 3058 79 25 JOHN
1112 3059 35 25 R.

965 3093 122 29 Beyond
1113 3094 56 23 the
1194 3099 135 22 oceans:
1356 3095 157 30 Eurasia,
1541 3096 136 29 Africa,

1009 3126 197 27 Australia.
1256 3129 56 23 See
1339 3129 133 30 POUNDS,
1500 3130 122 24 NORMAN
1644 3131 33 24 J.
1699 3130 28 24 G.

962 3165 160 25 Builders
1147 3168 37 23 of
1208 3169 160 24 American
1393 3171 257 26 institutions.

1004 3200 55 25 See
1084 3201 156 29 FREIDEL,
1269 3204 116 25 FRANK.

963 3236 60 25 The
1049 3237 116 24 circus
1190 3243 116 21 mouse.
1355 3239 57 24 See
1436 3240 137 29 DEMMER,
1600 3241 94 26 ELLY.

974 3276 182 24 Classroom
1178 3276 115 29 atlas;
1323 3276 154 26 indexed.
1527 3278 72 24 Rev.

1015 3304 611 36 4th ed. 84 p. © Rand McNally
1014 3344 19 23 &
1056 3345 73 28 Co.;
1158 3340 135 34 2Aug63;
1321 3340 157 34 A649057.

958 3383 60 24 The
1044 3384 96 23 cloud
1166 3385 114 24 eater.
1329 3385 57 23 See
1410 3386 137 29 REEVES,

1002 3415 196 28 KATHERINE.

1888 238 58 25 The
1972 238 78 24 cold
2072 244 75 18 war:
2178 238 222 25 containment
2424 240 58 23 and
2506 240 56 23 its

1931 273 154 24 critics.
2136 274 57 23 See
2217 274 95 29 ROSS,
2342 275 93 28 HUGH,
2465 275 51 24 ed.

1890 311 59 24 The
1974 313 119 29 coming
2118 314 37 23 of
2178 319 76 26 war,
2283 316 94 29 1917.
2426 319 59 24 See
2507 320 61 24 MAY

1931 345 122 25 ERNEST
2074 347 57 30 R.,
2159 348 52 26 ed.

1892 388 244 24 Commonwealth
2159 388 38 25 of
2219 389 164 29 Virginia
2406 390 98 23 State
1931 389 677 65 highway
2017 423 133 29 system.
2200 423 58 24 See
2281 423 177 25 VIRGINIA.
2506 424 96 26 DEPT.

1933 456 37 24 OF
1994 457 176 24 HIGHWAYS.

1891 492 247 24 Commonwealth
2162 493 36 24 of
2219 494 164 29 Virginia
2407 496 99 24 State
1933 496 677 59 highway
2018 526 120 27 system
2160 528 58 23 and
2244 529 237 26 connections.
2529 532 58 24 See

1930 560 181 26 VIRGINIA.
2158 562 97 25 DEPT.
2282 564 39 23 OF
2344 564 178 26 HIGHWAYS.

1889 600 225 28 Congressmen
2135 602 59 23 and
2220 602 100 25 their
2343 606 300 28 constituencies.

1929 633 58 23 See
2010 635 139 30 FROMAN,
2175 636 101 25 LEWIS
2300 639 56 28 A.,
2383 641 54 25 JR.

1888 673 219 30 Conscience,
2137 674 156 30 science,
2321 677 60 24 and
2406 680 174 29 security.

1929 707 58 23 See
2011 707 138 31 STROUT,
2176 709 158 32 CUSHING,
2362 712 53 24 ed.

1884 745 59 24 The
1968 746 161 24 creation
2153 747 37 23 of
2216 748 140 29 society
2380 749 36 23 in
2442 750 56 23 the
2521 751 59 23 New

1924 780 115 25 World.
2091 781 57 24 See
2172 781 156 31 DIAMOND,
2358 784 155 28 SIGMUND,
2543 785 52 25 ed.

1887 818 116 29 Delhi,
2031 820 58 23 old
2112 820 19 22 &
2154 825 74 21 new.
2277 822 59 24 See
2361 824 96 29 POLK,
2483 825 116 28 EMILY.

1882 855 59 24 The
1965 856 203 24 discontent
2192 856 37 25 of
2254 857 57 24 the
2336 859 278 26 intellectuals.

1925 890 57 24 See
2006 891 73 29 MAY,
2109 892 115 29 HENRY,
2254 892 52 24 ed.

1886 936 59 24 The
1970 935 179 24 economics
2177 933 36 25 of
2235 934 164 23 American
2425 932 132 29 living.

1928 970 58 24 See
2009 969 157 30 HECKMAN,
2194 968 102 25 HARRY
2318 968 35 24 W.

1882 1011 60 23 The
1967 1013 159 28 employed
2151 1013 122 25 mother
2298 1015 37 23 in
2357 1015 156 26 America.
2563 1017 57 24 See

1925 1045 74 31 NYE,
2027 1047 34 25 F.
2092 1047 93 26 IVAN.

1892 1086 659 32 Europe. 31 p. © Rand McNally &
1935 1121 75 28 Co.;
2039 1116 136 34 9Oct63;
2202 1117 157 33 A655984.

1880 1157 59 23 The
1964 1157 180 25 fantastic
2170 1159 156 26 brother.
2375 1162 59 23 See
2457 1163 159 30 GUILLOT,

1920 1191 97 26 RENE.

1882 1224 121 29 Figure
2029 1225 155 30 skating.
2233 1228 58 23 See
2315 1230 159 30 LINDSAY,
2500 1232 116 27 SALLY.

1887 1272 182 29 Geography
2093 1272 58 23 and
2174 1271 101 25 world
2299 1272 156 24 affairs.
2505 1274 56 23 See

1926 1307 117 28 JONES,
2071 1306 164 25 MARJORIE
2256 1307 95 26 JEAN.

1880 1343 182 29 Geography
2088 1344 37 23 of
2148 1345 60 24 Far
2231 1345 142 24 Eastern
2395 1347 58 23 and
2480 1347 159 24 southern

1922 1377 117 26 lands.
2088 1378 57 23 See
2167 1378 181 33 BORCHERT,
2374 1381 83 24 JOHN
2476 1382 35 24 R.

1878 1421 184 30 Geography
2086 1422 37 24 of
2148 1423 57 24 the
2228 1425 61 23 New
2310 1425 118 26 World.
2476 1427 58 24 See

1919 1455 180 30 BORCHERT,
2127 1456 80 25 JOHN
2228 1458 35 25 R.

1876 1490 118 30 George
2019 1492 157 29 Bellows,
2204 1495 162 24 American
2389 1498 156 27 painter.

1918 1526 55 23 See
1997 1527 137 28 NUGENT,
2163 1528 141 26 FRANCES
2326 1531 159 26 ROBERTS.

1880 1560 119 29 George
2024 1562 115 29 Dewey,
2168 1563 141 24 Admiral
2334 1565 37 22 of
2396 1565 56 23 the
2478 1566 93 28 Navy.

1923 1595 56 23 See
2005 1596 114 29 SMITH,
2147 1597 162 25 FREDRIKA
2334 1599 155 26 SHUMWAY.

1879 1637 100 29 Happy
2004 1638 180 30 birthdays
2210 1641 101 23 round
2334 1642 57 23 the
2415 1644 115 23 world.
2580 1644 58 25 See

1921 1673 158 30 JOHNSON,
2106 1675 79 23 LOIS
2209 1675 33 25 S.

1880 1711 141 28 History
2048 1711 37 23 of
2109 1710 100 30 early
2232 1711 156 28 peoples.
2437 1713 59 23 See

1922 1745 156 30 CORDXER,
2107 1746 36 24 R.
2170 1746 33 25 W.

1876 1785 143 27 History
2045 1784 36 24 of
2103 1785 100 24 world
2227 1785 158 29 peoples.
2433 1786 59 24 See

1918 1818 157 30 CORDIER,
2103 1819 103 25 RALPH
2226 1820 35 24 W.

1874 1860 141 28 History
2041 1860 37 23 of
2101 1865 101 25 young
2224 1861 158 24 America.
2432 1861 58 23 See

1917 1895 158 29 CORDIER,
2100 1895 35 25 R.
2162 1894 36 27 W.

1875 1933 59 23 The
1958 1934 99 22 horse
2084 1934 93 25 show.
2227 1935 57 23 See
2309 1936 155 30 JOHNSON,
2495 1936 71 25 PAT.

1876 1971 113 30 Idaho,
2019 1972 57 23 the
2101 1974 59 23 Gem
2185 1973 113 31 State,
2328 1975 160 24 official

1915 1975 677 61 highway
1996 2011 75 24 map,
2102 2002 94 34 1963.
2246 2008 56 24 See
2329 2009 114 27 IDAHO.
2490 2010 95 26 DEPT.

1915 2040 38 24 OF
1977 2040 177 26 HIGHWAYS.

1870 2078 59 23 The
1954 2078 98 23 issue
2077 2078 37 23 of
2139 2078 138 25 Federal
2303 2080 201 28 regulation
2529 2080 39 23 in

1913 2111 56 23 the
1994 2112 223 30 progressive
2242 2118 73 19 era.
2365 2114 57 23 See
2446 2114 135 28 ABRAMS,

1911 2146 156 29 RICHARD,
2098 2146 51 24 ed.

1870 2185 59 29 Key
1954 2186 35 22 to
2014 2185 163 25 American
2197 2186 142 23 Bankers
2363 2185 224 27 Association

1911 2219 142 30 routing
2075 2219 159 25 numbers.
2282 2220 202 29 Supplement
2508 2220 37 23 to

1912 2248 673 68 1963 ed. 45th ed. 1 v. © American Bankers
2157 2288 116 29 Assn.;
2302 2283 136 34 8Nov63;
2465 2283 143 34 A660679.

1868 2326 79 23 Know
1970 2333 81 22 your
2073 2330 224 26 Declaration
2321 2333 37 23 of
2384 2335 240 30 Independence

1909 2361 58 22 and
1992 2361 56 24 the
2073 2358 38 32 56
2137 2364 154 31 signers.
2341 2368 57 24 See
2421 2370 94 28 ROSS,

1908 2395 121 25 GEORGE
2052 2398 33 25 E.

1869 2434 100 23 Labor
1992 2435 58 23 and
2076 2435 56 23 the
2156 2436 59 25 New
2238 2437 95 24 Deal.
2383 2438 57 23 See
2467 2438 132 30 CRONON,

1909 2469 34 25 E.
1970 2469 116 30 DAVID,
2116 2470 52 24 ed.

1870 2506 81 23 Land
1975 2507 58 23 and
2056 2508 102 24 water
2181 2508 59 25 for
2264 2513 218 25 recreation.
2529 2514 59 25 See

1911 2541 160 30 CLAWSON,
2096 2543 139 27 MARION.

1876 2578 77 23 Land
1980 2579 58 23 for
2062 2580 197 25 Americans.
2309 2583 56 23 See

1919 2613 153 30 CLAWSON,
2101 2614 137 27 MARION.

1870 2650 81 29 Many
1975 2651 114 26 lands.
2138 2654 59 24 See
2220 2656 179 31 BORCHERT,
2427 2659 79 24 JOHN
2527 2660 35 26 R.

1871 2697 120 24 Mollie
2014 2698 161 24 Garfield
2202 2699 37 23 in
2263 2699 56 23 the
2343 2699 100 23 White
2466 2700 116 25 House.

1912 2731 59 23 See
1993 2732 95 30 FF.IS,
2116 2733 82 24 RUTH
2221 2733 279 26 STANLEY-BROWN.

1864 2772 59 23 New
1946 2772 243 28 perspectives
2214 2778 38 17 on
2277 2773 56 22 the
2357 2774 100 22 House
2481 2773 37 23 of

1903 2806 322 29 Representatives.
2276 2808 57 23 See
2359 2808 153 29 PEABODY,

1903 2841 124 23 ROBERT
2050 2841 32 25 L.

1875 2867 161 28 Official
2061 2872 140 30 highway
2224 2878 59 24 map
2306 2873 39 23 of
2368 2873 135 28 Nevada,
1918 2868 694 67 1963-1964.
2059 2906 122 25 Nevada
2204 2907 99 23 State
2326 2907 144 29 Highway
2491 2907 95 30 Dept.

1916 2939 635 65 Folder. © Nevada Dept. of Highways; 19Jun63; A662351.
1862 3012 58 23 The
1945 3012 141 23 outward
2108 3012 94 25 view.
2253 3013 57 23 See
2334 3013 95 28 LONG,
2458 3012 100 24 DAVID
2579 3012 34 26 F.

1866 3052 100 29 Party
1989 3053 58 23 and
2072 3054 156 29 society,
2256 3055 58 23 the
2338 3056 284 30 Anglo-American

1906 3086 239 26 democracies.
2194 3089 58 24 See
2275 3090 138 29 ALFORD,
2438 3091 123 23 ROBERT
2581 3091 35 26 R.

1863 3126 57 23 The
1948 3127 138 23 Puritan
2111 3128 37 23 in
2172 3128 57 23 the
2253 3130 277 29 Enlightenment:

1903 3160 162 24 Franklin
2089 3162 58 23 and
2172 3162 154 25 Edwards.
2376 3164 58 24 See
2458 3165 113 28 LEVIN,

1903 3195 115 29 DAVID,
2048 3195 52 23 ed.

1863 3227 246 27 Quarter-deck
2131 3228 59 24 and
2214 3229 196 25 fo'c's'le.
2460 3231 57 23 See

1904 3264 158 29 MERRILL,
2090 3265 99 23 JAMES
2212 3266 56 29 M.,
2296 3265 52 25 ed.

1858 3305 58 23 The
1940 3305 78 22 Rand
2043 3305 140 28 McNally
2205 3305 164 24 handbook
2392 3306 37 22 of

1899 3338 198 26 education.
2145 3338 59 24 See
2226 3338 138 30 FOSHAY,
2391 3339 119 24 ARTHUR
2532 3339 56 29 W.,

1900 3372 53 25 ed.

1861 3402 98 24 Rebel
1985 3409 119 18 versus
2129 3406 95 28 Tory:
2253 3407 57 23 the
2335 3408 118 23 crises
2478 3409 37 23 of
2539 3410 57 24 the

1901 3437 220 29 Revolution,
2150 3436 196 32 1773-1776.
2395 3442 58 23 See
2476 3443 96 30 MAIN,

1902 3471 141 26 JACKSON
2066 3473 55 29 T.,
2149 3474 52 25 ed.
