2824 3957
162 180 71 32 1474

161 320 159 31 ECKARDT,
347 320 82 25 MARY
450 321 117 27 ELLEN.

202 354 42 25 An
286 355 223 30 interpretive
533 356 162 29 analysis
719 356 41 23 of
782 355 57 25 the

244 389 161 30 patterns
431 390 39 23 of
493 390 142 29 imagery
658 390 39 24 in
718 390 83 29 Moby
820 389 83 25 Dick

245 423 57 23 and
325 423 104 29 Billy
449 423 98 26 Budd.
594 423 61 24 Ann
676 423 118 31 Arbor,
821 425 117 29 Mich.,

243 457 206 30 University
470 458 221 26 Microfilms.
744 453 178 36 (Doctoral

244 487 577 35 dissertation series) © Mary
243 526 102 24 Ellen
367 526 158 30 Eckardt;
555 522 156 34 31Dec62;
739 522 158 34 A661154.

158 592 97 30 ECKE,
281 592 123 25 ROBERT
427 594 33 25 S.

199 625 223 29 Therapeutic
447 627 140 24 methods
613 629 37 23 in
674 630 121 23 Soviet

241 661 218 29 psychiatry.
508 662 59 24 See
590 664 139 30 LUSTIG,
755 666 116 27 BRUNO.

159 732 137 31 ECKERT,
323 733 103 26 ALLAN
447 735 35 27 W.

199 769 60 24 The
284 770 99 29 great
406 772 76 26 auk.
532 772 57 25 1st
614 774 54 26 ed.
714 775 137 30 Boston,

241 805 636 34 Little, Brown. 202 p. © Allan
239 839 36 27 W.
302 840 138 30 Eckert;
468 837 137 34 7Oct63;
631 838 160 35 A655214.

151 919 137 30 ECKERT,
317 921 32 25 E.
378 921 32 27 R.
440 922 33 26 G.

196 953 242 26 Introduction
461 956 37 24 to
522 956 79 25 heat
625 958 59 24 and
707 964 78 18 mass
811 959 174 27 transfer.

234 988 201 25 Translated
460 990 40 29 by
522 991 121 29 Joseph
665 992 34 24 F.
728 993 113 26 Gross.
890 995 82 24 With

234 1027 39 19 an
295 1024 162 28 appendix
481 1024 37 25 of
542 1026 163 30 property
727 1027 118 25 values
870 1028 39 27 by

233 1056 120 24 Robert
377 1058 33 24 M.
438 1059 117 28 Drake,
583 1060 53 25 Jr.
685 1061 60 24 New
767 1062 95 29 York,

232 1091 240 27 McGraw-Hill.
522 1089 58 33 346
603 1100 33 23 p.
688 1090 240 36 (McGraw-Hill

234 1126 118 24 series
379 1127 37 23 in
438 1128 203 25 mechanical
665 1126 238 35 engineering)

232 1160 55 24 NM:
316 1161 223 25 translation
561 1163 20 23 &
602 1164 163 24 revision
789 1165 36 24 of
848 1171 19 18 a
887 1167 84 23 work

231 1195 757 68 originally pub. in German. © McGraw-Hill Book Co., Inc.; 7Aug63; A643390.
155 1312 121 25 ECKERT
300 1312 140 25 PACKING
464 1313 54 26 CO.

196 1347 122 24 Dinner
339 1347 81 23 Bell
443 1347 80 23 moat
545 1351 119 21 memos.
716 1341 55 35 (In
793 1346 58 24 The

237 1381 158 29 Gallion,
423 1381 95 29 Ohio,
548 1376 176 35 inquirer)
772 1380 97 31 Appl.

238 1416 136 24 author:
401 1415 81 24 Anne
505 1415 101 24 Stahl
628 1415 240 29 Advertising,

239 1450 528 29 Inc. © Eckert Packing Co.
239 1479 650 34 It's not all boloney. © 8Aug63;
278 1514 159 34 BB24535.

239 1552 549 40 Ready, set, go! © 22Aug63;
279 1587 160 34 BB24536.

146 1650 122 25 ECKLES
293 1651 183 26 TELEPHONE
499 1653 55 27 CO.

195 1682 197 34 [Telephone
416 1686 242 34 directories]
706 1691 94 29 Appl.
830 1692 133 26 author:

232 1722 140 24 General
395 1723 182 30 Telephone
601 1725 186 30 Directory
808 1727 53 25 Co.

269 1756 406 31 © Eckles Telephone Co.
229 1791 61 23 New
311 1791 138 31 Prague,
476 1793 199 30 Minnesota,
706 1794 179 30 telephone

270 1825 198 31 directory.

334 1855 423 37 Oct63. © 1Oct; A660855.
153 1943 136 30 ECKMAN,
317 1942 201 26 FREDERICK.

193 1977 61 24 The
278 1977 245 30 epistemology
546 1977 38 24 of
609 1976 94 29 loss;
730 1981 115 25 poems.

238 2007 37 32 43
297 2017 35 24 p.
385 2006 139 36 (Vagran
547 2011 77 30 chap
648 2011 96 29 book,
771 2006 95 35 no.8)

235 2045 713 29 NM: revisions. © Frederick Eckman;
238 2075 156 35 25Aug62;
419 2075 161 34 A658969.

141 2166 169 32 ECKMANN,.
329 2167 74 27 LEO.

183 2202 159 30 Tetanus,
369 2203 224 30 prophylaxis
618 2204 58 24 and
702 2204 153 31 therapy.

224 2234 205 27 Translated
453 2236 81 24 from
556 2236 57 24 the
638 2237 122 24 German
782 2237 80 25 with
885 2238 58 24 the

226 2268 160 25 author's
411 2269 181 25 additions
619 2270 36 24 to
679 2270 58 27 the
761 2272 121 24 German
904 2272 54 26 ed.

224 2302 61 24 New
304 2303 99 30 York,
432 2305 98 24 Grune
554 2306 20 23 &
595 2306 178 27 Stratton.
824 2303 57 28 108
903 2313 33 24 p.

266 2336 649 34 © Grune & Stratton, Inc.; 31May63;
225 2368 156 36 A634885.

154 2447 180 31 ECKSTEIN,
360 2447 119 27 HARRY.

199 2481 221 30 Comparative
444 2482 178 30 politics;
651 2489 18 18 a
692 2483 135 26 reader.

237 2516 123 24 Edited
381 2517 41 30 by
443 2517 103 30 Harry
567 2517 163 24 Eckstein
753 2518 20 23 &
793 2517 101 25 David

237 2551 34 24 E.
300 2550 116 30 Apter.
464 2552 80 23 Free
568 2551 98 25 Press
692 2552 38 23 of
753 2552 156 25 Glencoe.

238 2580 60 32 746
320 2590 34 24 p.
402 2585 57 24 NM:
488 2585 237 30 compilation,
753 2586 115 30 pref.,

241 2619 134 29 chap.1,
404 2619 135 25 introd.
569 2619 37 24 to
632 2620 158 29 chapters
815 2621 18 22 &

237 2647 733 37 p.741-746. © Free Press of Glencoe,
239 2692 18 18 a
279 2686 164 25 division
466 2687 37 24 of
525 2687 184 26 Macmillan
734 2687 74 28 Co.;

239 2715 157 34 12Aug63;
423 2716 157 33 A643634.

163 2795 181 30 ECKSTEIN,
371 2794 141 24 STEPHEN
535 2792 138 30 DANIEL,
699 2792 58 25 JR.

205 2830 143 28 History
370 2828 40 24 of
433 2829 57 23 the
516 2827 158 24 Churches
699 2826 40 23 of
762 2825 118 24 Christ
905 2825 37 24 in

246 2864 117 28 Texas,
393 2857 197 32 1824-1950.
637 2860 137 28 Austin,
802 2860 95 27 Tex.,

248 2897 80 24 Firm
352 2896 202 24 Foundation
577 2895 75 24 Pub.
678 2895 118 23 House.
844 2889 58 31 378
924 2899 35 23 p.

290 2927 586 33 © Stephen Daniel Eckstein, Jr.;
247 2960 158 35 22Apr63;
432 2958 158 34 A638611.

154 3042 162 26 ECONOMIC
339 3042 20 23 &
379 3040 123 25 MARKET
526 3039 162 24 PLANNING
709 3037 161 25 SERVICES
895 3036 39 24 OF

195 3076 123 25 LIONEL
339 3076 35 25 D.
401 3075 82 24 EDIE
505 3075 19 23 &
547 3073 73 30 CO.,
650 3073 74 25 INC.
772 3072 59 24 See

196 3110 81 24 EDIE
305 3105 137 35 (LIONEL
463 3104 56 34 D.)
546 3109 19 22 &
589 3107 72 29 CO.,
692 3106 73 26 INC.

197 3144 162 25 ECONOMIC
382 3144 19 23 &
421 3142 123 26 MARKET
568 3141 162 25 PLANNING
751 3139 178 27 SERVICES.

149 3219 164 25 ECONOMIC
337 3217 163 25 RESEARCH
524 3213 238 26 CONSULTANTS.

191 3253 163 25 Economic
380 3250 225 29 feasibility
627 3249 38 24 of
689 3254 17 19 a
728 3245 163 32 proposed

236 3288 141 25 outdoor
401 3284 259 28 recreational,
690 3280 220 27 educational

236 3323 59 25 and
319 3319 264 27 entertainment
609 3317 119 26 center
753 3316 36 23 in
814 3315 56 24 the

235 3357 158 27 Houston,
421 3354 199 27 Galveston,
648 3352 116 27 Texas,
793 3354 93 20 area.

237 3390 163 31 Prepared
423 3389 60 24 for
504 3388 100 24 Trans
627 3385 81 25 West
731 3381 222 30 Development

237 3427 19 23 &
277 3424 226 31 Engineering
527 3422 94 28 Corp.
672 3415 38 33 54
758 3436 7 6 l.

243 3455 222 35 (Memorandum
486 3455 136 31 report,
651 3449 138 32 JB58-3)

239 3485 650 72 © Trans West Development & Engineering Corp.; 23Sep63; A656091.
1058 308 183 26 ECONOMICS
1266 312 116 31 PRESS,
1410 315 74 25 INC.

1099 342 80 29 Help
1201 345 138 25 wanted!
1388 347 58 23 See
1470 349 159 31 GILLICK,
1654 351 159 29 WILLIAM.

1106 381 78 24 Just
1209 386 18 18 a
1250 382 136 29 minute,
1415 384 136 26 Junior.
1599 385 58 23 See

1146 416 138 31 STOOPS,
1311 417 116 28 EMERY.

1100 451 60 23 The
1182 456 61 24 way
1267 452 37 23 it
1330 453 138 23 strikes
1492 460 55 19 me.
1594 455 58 23 See

1140 484 160 30 BECKLEY,
1327 486 82 23 JOHN
1429 486 139 27 LUTHER.

1060 550 163 24 ECONOMIE
1245 551 19 22 &
1286 549 198 30 HUMANISME,
1513 549 161 24 EDITIONS
1699 549 196 26 OUVRIERES.

1101 584 58 24 See
1183 583 162 25 EDITIONS
1370 583 198 26 OUVRIERES.

1057 638 60 23 THE
1138 637 199 27 ECONOMIST.

1098 672 58 24 The
1181 672 161 24 alliance
1366 673 98 23 needs
1490 673 139 23 revival
1655 673 37 23 of

1141 707 216 23 confidence.
1408 708 57 23 See
1488 708 158 29 BEEDHAM,
1673 709 116 25 BRIAN.

1110 742 183 24 Britain's
1318 744 157 31 Kennedy,
1502 746 137 31 Wilson,
1667 749 100 24 waits
1793 750 58 24 for

1153 774 58 25 the
1236 776 58 30 big
1319 778 135 26 chance.
1503 781 58 24 See
1585 781 135 31 MACRAE,

1152 811 138 27 NORMAN.

1099 847 18 23 A
1140 847 143 24 British
1308 848 179 24 visitor's
1514 849 93 26 view.
1657 850 55 24 See

1140 882 158 31 TYERMAN,
1325 882 138 27 DONALD.

1098 925 58 23 The
1180 924 144 25 British
1345 931 103 25 young
1472 926 158 24 liberals
1657 927 79 23 look
1758 927 60 23 for

1140 964 17 18 a
1183 959 135 26 leader.
1369 961 55 23 See
1449 960 135 31 MACRAE,
1614 961 136 25 NORMAN.

1102 1003 141 25 Channel
1270 1002 79 24 link
1370 1001 140 30 project
1536 1002 36 23 is
1596 1001 121 29 pretty
1740 1001 79 23 well

1144 1038 120 29 fogged
1287 1043 55 23 up.
1391 1038 58 24 See
1471 1037 137 30 ROGALY,
1639 1037 73 24 JOE.

1094 1080 19 24 A
1139 1080 76 24 cold
1240 1085 60 19 war
1323 1079 198 28 aftermath,
1549 1078 121 30 global
1694 1083 78 20 race

1139 1114 180 25 conflict?
1369 1108 74 36 (The
1466 1113 183 24 Economist
1674 1118 38 19 on

1138 1147 139 32 today's
1302 1141 119 37 world)
1472 1142 54 36 (In
1549 1147 58 24 The
1632 1146 141 25 Roanoke

1138 1182 115 29 times,
1283 1182 73 25 Oct.
1385 1182 54 28 27,
1468 1177 95 34 1963,
1590 1175 119 36 p.A-6)

1177 1216 571 29 © Economist Intelligence Unit,
1137 1251 75 25 Ltd.
1246 1245 178 34 (American
1445 1250 104 24 Media
1571 1244 178 36 Service);

1138 1283 157 30 27Oct63;
1321 1280 160 33 BB24752.

1096 1321 180 25 Communist
1298 1320 103 23 world
1423 1319 142 29 finding
1589 1319 160 23 economic

1135 1356 161 29 problems
1320 1355 81 23 hard
1425 1354 35 24 to
1485 1354 136 24 handle.
1671 1354 57 23 See

1136 1391 136 28 HIRSCH,
1298 1390 97 25 FRED.

1127 1430 657 31 A critical spotlight is turned on
1152 1465 56 23 the
1230 1465 34 24 U.
1294 1464 33 26 N.
1379 1465 55 25 See
1456 1465 96 34 BOYD,
1621 1467 96 27 ANDREW.

1094 1507 58 24 The
1176 1506 121 24 dollar
1320 1506 156 23 dilemma.
1526 1506 58 23 See
1607 1505 198 28 BAMERIDGE,

1136 1542 94 25 TONY.

1095 1571 40 23 An
1158 1571 203 29 Englishman
1384 1571 77 23 asks
1487 1571 99 24 about
1611 1571 55 23 the
1693 1571 168 24 alliance.

1138 1605 55 24 See
1218 1605 158 30 TYERMAN,
1404 1605 137 26 DONALD.

1093 1645 59 23 The
1176 1644 181 29 Europeans
1383 1645 74 24 ask:
1485 1645 60 24 Can
1567 1645 74 24 U.S.
1670 1645 37 23 be
1136 1644 695 58 trusted?
1239 1679 57 23 See
1321 1679 135 30 ROGALY,
1485 1678 74 25 JOE.

1092 1724 141 24 Ferment
1278 1730 19 17 in
1320 1724 134 23 Africa:
1485 1729 17 18 a
1525 1724 58 23 hot
1607 1729 60 18 war
1692 1724 132 29 coming.

1136 1760 56 23 See
1216 1759 96 29 BOYD,
1340 1759 136 25 ANDREW.

1097 1802 141 23 Germans
1264 1800 78 23 hold
1367 1800 57 29 key
1468 1806 19 17 in
1509 1800 202 29 Kennedy-De
1735 1800 120 25 Gaulle

1140 1832 135 26 battle.
1325 1834 58 24 See
1405 1834 157 30 DUCHENE,
1591 1834 178 25 FRANCOIS.

1102 1867 75 23 It's
1204 1868 77 24 time
1306 1869 58 23 the
1386 1871 101 23 world
1511 1872 57 27 put
1594 1873 98 23 aside
1718 1879 77 19 some

1142 1902 57 22 bad
1223 1903 162 27 post-war
1408 1905 120 27 period
1551 1906 116 29 myths.
1716 1908 58 23 See

1140 1936 137 30 ROGALY,
1305 1937 74 27 JOE.

1094 1975 143 29 Kennedy
1262 1975 180 24 sustained
1464 1976 162 28 Europe's
1651 1977 201 24 confidence

1135 2009 142 24 without
1302 2010 98 29 tying
1422 2010 117 24 hands.
1588 2011 58 23 See
1670 2012 138 29 MIDFEY,

1136 2045 95 26 JOHN.

1090 2076 143 29 Kennedy
1254 2082 60 17 won
1339 2076 98 23 trust
1461 2076 60 23 for
1543 2076 142 23 America
1709 2076 134 23 abroad.

1133 2112 57 23 See
1214 2111 157 29 TYERMAN,
1398 2111 137 24 DONALD.

1091 2160 103 23 Labor
1217 2159 140 24 beckons
1380 2159 143 24 Britain
1547 2159 119 23 toward
1690 2165 60 17 new

1135 2196 198 24 frontiers.
1381 2197 58 23 See
1463 2196 138 30 HARMAN,
1627 2197 179 26 NICHOLAS.

1093 2231 58 24 The
1178 2232 77 23 last
1279 2233 99 29 great
1404 2234 140 28 captain
1568 2235 98 29 plays
1690 2241 19 18 a
1733 2237 119 30 fading

1135 2267 95 25 role.
1280 2268 56 23 See
1360 2269 157 31 DUCHENE,
1546 2269 177 27 FRANCOIS.

1094 2304 101 29 Negro
1220 2305 38 23 in
1282 2305 57 23 the
1363 2305 137 26 U.S.A.:
1528 2311 18 18 a
1568 2307 81 23 view
1673 2307 79 24 from

1136 2339 158 24 Britain.
1343 2340 57 23 See
1423 2340 139 30 ROGALY,
1589 2342 75 24 JOE.

1097 2380 60 23 New
1179 2378 100 24 world
1305 2378 180 23 financial
1511 2378 121 29 system
1653 2378 135 24 needed.

1139 2413 58 23 See
1221 2412 135 30 MACRAE,
1386 2413 135 24 NORMAN.

1092 2447 95 23 Reds'
1216 2448 99 29 fight
1340 2449 120 31 taking
1484 2457 38 17 on
1544 2452 121 29 yellow
1688 2455 99 26 peril

1134 2487 53 20 vs.
1214 2482 100 24 white
1340 2483 140 30 tyranny
1502 2485 74 26 hue.
1626 2486 58 24 See

1132 2515 157 31 BEEDHAM,
1316 2517 117 27 BRIAN.

1093 2560 162 23 Russia's
1278 2561 162 28 military
1464 2561 100 29 might
1590 2562 34 23 is
1650 2562 141 23 thinner

1137 2594 79 23 than
1236 2595 81 23 West
1341 2596 78 23 used
1445 2595 37 24 to
1507 2595 113 26 think.
1671 2597 56 24 See

1134 2628 158 31 BEEDHAM,
1319 2630 116 24 BRIAN.

1097 2667 18 22 A
1139 2668 78 28 step
1242 2669 38 23 in
1303 2669 57 24 the
1385 2671 183 25 direction
1591 2674 36 23 of
1650 2675 164 29 European

1138 2703 115 29 unity.
1302 2704 58 23 See
1384 2706 156 30 DUCHENE,
1568 2708 161 26 FRANCOIS.

1091 2746 58 23 Two
1175 2746 178 23 conclaves
1378 2746 79 23 hold
1480 2746 95 28 hope.
1626 2748 57 23 See

1131 2781 157 28 BEEDHAM,
1315 2781 117 24 BRIAN.

1093 2819 202 24 Westerners
1320 2824 60 18 run
1402 2818 82 23 risk
1507 2817 36 24 of
1569 2818 118 29 losing
1711 2818 100 24 their

1135 2853 99 23 heads
1260 2859 78 17 over
1359 2853 95 24 Reds'
1486 2853 114 28 split.
1649 2854 58 23 See

1133 2889 158 29 BEEDHAM,
1318 2888 118 25 BRIAN.

1085 2928 82 24 With
1189 2927 143 28 unhappy
1354 2925 182 29 hindsight
1561 2924 179 24 investors

1129 2962 119 29 regret
1273 2961 139 23 failure
1438 2960 36 23 to
1499 2959 77 23 ride
1602 2959 140 28 foreign

1128 2996 198 28 bandwagon.
1377 2995 57 23 See
1460 2994 133 28 PARKER,
1622 2993 94 25 ALAN.

1086 3031 184 30 Worsening
1293 3031 101 24 drain
1417 3037 38 18 on
1478 3031 57 24 the
1560 3031 135 26 dollar.
1744 3032 59 23 See

1129 3066 135 27 HIRSCH,
1292 3066 95 26 FRED.

1045 3119 61 25 THE
1128 3119 184 25 ECONOMIST
1336 3117 114 27 I.B.A.
1480 3117 204 24 CONVENTION
1087 3116 676 61 EDITIONS.
1254 3151 59 29 52d
1336 3150 120 24 annual
1481 3148 216 26 convention.

1090 3182 710 30 Pub. … for the annual convention,
1089 3219 202 25 Investment
1313 3219 142 24 Bankers
1480 3218 80 24 Assn.
1603 3217 39 24 of
1665 3217 156 28 America,

1086 3253 201 30 Hollywood,
1315 3253 96 30 Fla.,
1437 3252 76 26 Dec.
1543 3252 32 29 2,
1604 3247 94 34 1963,
1725 3251 41 29 by
1789 3250 56 24 the

1087 3285 733 28 Economist Pub. Co. © Economist Pub.
1091 3322 72 29 Co.;
1193 3318 135 33 2Dec63;
1357 3317 155 32 A664034.

1040 3373 61 24 THE
1123 3372 185 24 ECONOMIST
1330 3371 117 26 I.B.A.
1476 3370 202 25 CONVENTION
1083 3369 675 62 EDITIONS.
1250 3406 57 28 52d
1331 3405 120 25 annual
1477 3404 215 25 convention.

1084 3440 74 25 Pub.
1188 3440 58 24 for
1270 3440 58 23 the
1352 3439 118 24 annual
1497 3438 216 28 convention,

1083 3473 203 25 Investment
1307 3473 143 24 Bankers
1474 3472 95 24 Assn.
1599 3472 37 23 of
1658 3471 157 28 America,

1083 3507 182 30 Hollywood
1289 3507 95 28 Fla.,
1413 3506 74 25 Dec.
1516 3502 53 33 18,
1598 3500 94 33 1963.

1085 3537 587 33 162 p. © Economist Pub. Co.;
1125 3570 116 33 18Dec63;
1268 3570 157 32 A666838.

1959 314 184 26 ECONOMIST
2168 316 242 24 INTELLIGENCE
2431 317 162 24 AMERICAN
2614 318 101 23 MEDIA

2002 351 155 25 SERVICE.

2003 385 179 24 Communist
2204 385 102 24 world
2329 385 142 30 finding
2495 386 158 24 economic

2042 419 161 29 problems
2227 419 80 24 hard
2331 420 36 23 to
2391 419 134 25 handle.
2575 421 58 23 See

2043 455 135 29 HIRSCH,
2204 455 97 25 FRED.

1958 519 185 24 ECONOMIST
2167 520 243 24 INTELLIGENCE
2431 521 95 25 UNIT.

2001 554 62 23 The
2083 554 161 23 alliance
2267 554 100 24 needs
2392 555 137 23 revival
2555 555 37 23 of

2043 588 216 23 confidence.
2311 590 56 23 See
2391 589 155 29 BEEDHAM,
2574 591 115 24 BRIAN.

2000 626 18 23 A
2041 627 144 24 British
2209 628 179 24 visitor's
2415 630 92 25 view.
2557 631 55 24 See

2042 661 157 31 TYERMAN,
2227 662 137 26 DONALD.

2002 695 58 23 The
2084 695 144 25 British
2248 703 102 25 young
2375 699 157 24 liberals
2558 701 79 24 look
2660 702 58 24 for

2044 734 18 18 a
2087 730 134 25 leader.
2271 732 55 24 See
2352 733 135 32 MACRAE,
2515 733 135 29 NORMAN.

2002 771 59 24 The
2085 771 180 29 Europeans
2291 773 74 25 ask:
2393 774 60 24 Can
2474 775 74 23 U.S.
2575 775 39 23 be

2045 805 155 25 trusted.
2250 806 57 24 See
2331 807 136 30 ROGALY,
2496 808 72 25 JOE.

1998 839 142 24 Ferment
2166 840 37 23 in
2226 839 135 24 Africa:
2391 845 17 18 a
2430 839 60 24 hot
2512 845 60 18 war
2596 840 133 29 coming.

2042 874 57 24 See
2123 874 95 29 BOYD,
2246 875 136 25 ANDREW.

1965 933 184 27 ECONOMIST
2169 938 248 28 INTELLIGENCE
2436 944 94 31 UNIT,
2558 947 74 27 LTD.

2006 966 178 28 Britain's
2208 971 158 33 Kennedy,
2394 975 135 32 Wilson,
2556 980 99 25 waits
2679 983 60 24 for

2048 1001 56 24 the
2127 1004 58 30 big
2210 1006 134 27 chance.
2394 1011 58 23 See
2472 1013 138 27 MACRAE.

2044 1037 136 27 NORMAN.

2004 1074 142 24 Channel
2172 1075 79 23 link
2272 1076 140 29 project
2438 1077 35 24 is
2498 1077 119 29 pretty
2639 1078 81 23 well

2047 1108 118 30 fogged
2190 1115 53 23 up.
2292 1111 58 24 See
2373 1112 134 30 ROGALY,
2538 1113 73 25 JOE.

1996 1149 18 23 A
2039 1148 75 23 cold
2138 1153 61 18 war
2223 1148 197 27 aftermath,
2449 1148 117 29 global
2591 1153 78 18 race

2039 1182 177 24 conflict?
2265 1183 56 23 See
2345 1182 59 24 THE
2427 1183 197 25 ECONOMIST.

2003 1219 19 24 A
2047 1219 160 24 critical
2232 1221 159 29 spolight
2417 1221 35 24 is
2478 1221 118 25 turned
2621 1228 37 18 on
2682 1223 57 23 the

2043 1255 77 25 U.N.
2169 1256 58 24 See
2248 1257 97 30 BOYD,
2373 1257 136 27 ANDREW.

1996 1302 59 24 The
2078 1301 121 24 dollar
2222 1300 156 23 dilemma.
2429 1299 57 23 See
2508 1296 197 29 BAMBRIDGE,

2038 1336 94 25 TONY.

2002 1370 39 23 An
2064 1369 203 29 Englishman
2289 1369 79 23 asks
2393 1368 99 24 about
2515 1367 56 24 the

2043 1403 177 25 alliance.
2271 1403 55 24 See
2351 1402 156 31 TYERMAN,
2534 1402 137 25 DONALD.

2001 1442 140 23 Germans
2166 1441 77 23 hold
2269 1441 58 29 key
2353 1441 37 24 in
2412 1441 201 29 Kennedy-De
2636 1440 120 25 Gaulle

2042 1473 137 25 battle.
2228 1475 58 24 See
2308 1474 157 30 DUCHENE,
2494 1474 176 25 FRANCOIS.

2003 1505 75 23 It's
2104 1505 78 24 time
2207 1506 57 23 the
2288 1508 99 23 world
2412 1509 57 27 put
2494 1509 98 23 aside
2617 1515 77 19 some

2043 1540 56 23 bad
2124 1541 163 27 post-war
2309 1542 120 28 period
2453 1543 114 29 myths.
2616 1544 57 24 See

2041 1575 136 29 ROGALY,
2206 1576 74 25 JOE.

1996 1608 142 29 Kennedy
2164 1609 180 24 sustained
2364 1610 162 29 Europe's
2552 1611 200 25 confidence

2037 1642 142 24 without
2205 1643 98 30 tying
2325 1643 117 27 hands.
2496 1645 54 23 See
2575 1643 137 28 MIDFEY,

2046 1681 93 23 JOHN.

1993 1712 142 28 Kennedy
2156 1717 60 18 won
2240 1712 99 22 trust
2362 1711 60 23 for
2445 1712 139 23 America
2608 1711 135 23 abroad.

2036 1747 56 23 See
2116 1747 156 28 TYERMAN,
2299 1746 138 25 DONALD.

1997 1781 102 23 Labor
2121 1782 140 24 beckons
2284 1784 143 24 Britain
2451 1786 118 24 toward
2592 1793 60 18 new

2039 1814 197 27 frontiers.
2285 1818 58 23 See
2366 1819 138 31 HARMAN,
2530 1821 177 28 NICHOLAS.

1993 1857 59 24 The
2079 1857 76 24 last
2180 1859 99 28 great
2304 1859 141 28 captain
2468 1860 96 28 plays
2589 1864 18 18 a
2631 1860 120 30 fading

2036 1892 94 24 role.
2180 1892 56 24 See
2261 1893 157 30 DUCHENE,
2446 1894 176 24 FRANCOIS.

1996 1931 101 29 Negro
2122 1931 38 23 in
2184 1932 57 23 the
2264 1933 137 26 U.S.A.:
2429 1939 18 18 a
2470 1934 80 24 view
2573 1935 79 24 from

2037 1965 157 25 Britain.
2244 1967 57 23 See
2324 1967 139 30 ROGALY,
2490 1969 74 26 JOE.

2000 2005 59 23 New
2081 2004 99 23 world
2207 2004 180 23 financial
2413 2003 119 30 system
2553 2003 135 25 needed.

2041 2039 58 23 See
2123 2039 135 30 MACRAE,
2287 2039 136 24 NORMAN.

1993 2074 95 23 Reds'
2118 2075 98 29 fight
2242 2077 119 30 taking
2385 2084 38 18 on
2446 2080 120 28 yellow
2587 2082 99 27 peril

2035 2114 54 20 vs.
2116 2110 99 23 white
2241 2111 140 31 tyranny
2402 2113 76 26 hue.
2526 2115 57 24 See

2033 2142 157 30 BEEDHAM,
2217 2145 116 26 BRIAN.

1995 2172 161 23 Russia's
2180 2172 161 29 military
2364 2173 100 29 might
2490 2173 34 24 is
2550 2173 140 24 thinner

2038 2206 79 23 than
2138 2206 80 24 West
2243 2207 76 23 used
2346 2207 37 23 to
2407 2207 113 25 think.
2570 2208 57 24 See

2035 2240 158 31 BEEDHAM,
2220 2242 117 24 BRIAN.

1998 2279 18 23 A
2040 2280 78 28 step
2142 2280 39 23 in
2203 2280 58 23 the
2285 2280 184 24 direction
2491 2281 35 24 of
2550 2281 163 29 European

2038 2313 116 30 unity.
2203 2314 56 23 See
2284 2315 157 29 DUCHENE,
2468 2315 177 27 FRANCOIS.

1993 2351 58 23 Two
2077 2351 179 23 conclaves
2279 2351 79 24 hold
2383 2351 94 29 hope.
2527 2354 56 23 See

2034 2385 155 29 BEEDHAM,
2218 2387 115 24 BRIAN.

1992 2425 202 23 Westerners
2219 2431 60 17 run
2301 2425 82 23 risk
2406 2425 36 23 of
2468 2425 117 29 losing
2609 2425 99 24 their

2034 2459 98 23 heads
2160 2465 78 18 over
2259 2459 94 24 Reds'
2386 2459 113 29 split.
2546 2460 58 24 See

2032 2494 157 29 BEEDHAM,
2216 2494 118 25 BRIAN.

1988 2527 184 30 Worsening
2194 2528 100 24 drain
2318 2535 38 17 on
2378 2529 59 23 the
2461 2529 133 26 dollar.
2644 2529 56 24 See

2030 2562 136 30 HIRSCH,
2192 2562 96 28 FRED.

1948 2624 184 24 ECONOMIST
2156 2625 73 25 PUB.
2256 2626 55 25 CO.
2360 2627 56 24 See

1990 2659 58 23 THE
2071 2660 182 24 ECONOMIST
2277 2661 115 25 I.B.A.
2420 2661 201 25 CONVENTION

2028 2694 179 25 EDITIONS.

1947 2776 144 25 ECONOMY
2114 2775 53 26 CO.

1987 2811 43 30 My
2053 2816 59 19 own
2132 2810 82 24 work
2235 2809 82 24 with
2337 2808 118 29 words;
2483 2807 199 26 activities
2708 2807 55 23 for

2030 2850 59 18 use
2111 2844 82 24 with
2215 2843 76 30 Tag,
2316 2842 60 25 Dot
2401 2842 59 24 and
2482 2842 74 29 Jim,
2582 2841 60 24 All

2032 2878 121 25 around
2174 2877 81 25 with
2276 2876 59 25 Dot
2360 2876 59 25 and
2442 2876 60 24 Jim
2523 2876 39 24 of
2584 2875 58 27 the

2031 2911 162 26 Phonetic
2216 2912 78 30 keys
2318 2911 39 24 to
2381 2910 140 30 reading
2545 2909 135 25 series.

2033 2942 58 29 128
2113 2952 35 24 p.
2193 2946 99 30 Appl.
2320 2945 155 24 authors:
2501 2942 142 26 Mildred

2032 2976 715 30 Creekmore & Alice Naron. © Economy
2033 3015 74 28 Co.;
2136 3009 156 35 28Aug63;
2317 3007 159 35 A658914.

2000 3049 18 23 A
2041 3050 159 27 phonetic
2226 3055 160 26 approach
2411 3055 36 22 to
2473 3056 159 30 spelling

2040 3085 136 27 growth.
2225 3086 56 24 See
2306 3088 115 29 MASON,
2451 3090 139 25 CHARLES
2614 3092 33 25 C.

1989 3124 59 23 The
2073 3124 178 24 teacher's
2277 3126 120 23 manual
2420 3126 60 24 for
2502 3126 18 23 A
2542 3127 160 28 phonetic

2031 3159 161 27 approach
2216 3159 37 24 to
2278 3160 161 30 spelling
2462 3161 134 29 growth.
2644 3162 58 23 See

2030 3192 116 31 MASON,
2175 3193 139 25 CHARLES
2340 3195 31 25 C.

1982 3235 182 24 Teacher's
2187 3235 121 24 manual
2333 3235 59 23 for
2412 3234 42 30 My
2476 3238 59 19 own
2554 3232 84 24 work

2023 3269 81 24 with
2125 3269 118 29 words;
2271 3267 201 25 activities
2497 3267 58 24 for
2575 3271 59 19 use
2656 3265 83 25 with

2023 3303 76 30 Tag,
2125 3302 59 24 Dot
2210 3302 58 24 and
2292 3302 73 29 Jim,
2392 3301 61 24 All
2476 3300 119 26 around
2616 3299 81 25 with

2022 3336 60 25 Dot
2107 3336 59 24 and
2189 3336 60 24 Jim
2271 3335 41 24 of
2332 3335 59 24 the
2414 3334 159 25 Phonetic
2597 3335 78 29 keys

2025 3371 38 24 to
2086 3370 141 30 reading
2251 3370 135 25 series.
2435 3369 39 29 30
2495 3375 34 23 p.
2575 3368 97 30 Appl.

2025 3405 155 24 authors:
2206 3404 144 26 Mildred
2373 3404 180 24 Creekmore
2576 3402 20 23 &
2616 3402 100 24 Alice

2022 3432 630 36 Naron. © Economy Co.; 11Sep63;
2023 3468 158 34 A658913.

1990 3528 58 23 The
2074 3529 180 23 teacher's
2275 3529 121 23 manual
2422 3530 58 23 for
2503 3530 158 29 Spelling

2030 3562 136 29 growth.
2218 3563 55 23 See
2295 3563 117 29 MASON,
2443 3564 138 24 CHARLES
2604 3564 33 26 C.
