6320 10400
2768 8992 36 76 1

2580 1148 424 76 BOOKS

2340 1364 280 76 PART
2672 1364 76 96 1,
2792 1364 356 80 GROUP
3196 1364 40 72 1

184 1588 488 76 Note.–An
708 1588 392 72 asterisk
1164 1592 24 80 (
1200 1588 32 56 *
1248 1580 28 96 )
1344 1584 224 76 after
1632 1588 136 72 the
1828 1568 396 92 author's
2284 1604 248 56 name
2576 1588 424 72 indicates
3060 1588 180 72 that
3280 1588 140 72 the
3480 1588 304 72 author
3828 1588 160 72 and
4044 1588 448 92 copyright
4548 1592 508 88 proprietor
5096 1608 156 56 are
5292 1592 148 72 the

260 1720 276 72 same,
584 1696 156 76 and
776 1700 172 72 that
988 1696 456 76 therefore
1484 1700 140 72 the
1664 1716 248 56 name
1960 1700 80 72 is
2080 1700 140 72 not
2268 1696 408 92 repeated
2716 1700 84 72 in
2840 1700 144 72 the
3028 1700 268 72 claim
3332 1700 516 92 paragraph.

180 2028 304 72 Abbott
548 2020 344 92 (Grace)
956 2028 268 72 From
1288 2024 264 76 relief
1612 2028 88 72 to
1744 2028 272 72 social
2084 2028 424 92 security.
2592 2020 68 68 ©

248 2140 208 76 Dec.
524 2136 76 96 9,
672 2136 236 96 1941;
988 2136 68 72 A
1124 2136 344 96 160401;
1552 2136 508 92 University
2120 2136 84 76 of
2264 2136 404 92 Chicago,

256 2244 392 96 Chicago.
2616 2244 36 76 1

172 2460 524 108 [Abrahams
776 2460 380 108 (Doris)]
1224 2460 60 76 &
1332 2460 288 108 [Skide
1624 2468 32 72 l
1664 2468 156 92 sky
1900 2460 316 96 (Simon
2292 2460 340 108 Jasha)]
2632 2468 36 44 *

252 2576 456 76 London.
804 2580 128 72 No
984 2576 160 76 bed
1204 2576 144 76 for
1408 2576 312 92 Bacon,
1800 2580 108 88 by
1968 2572 264 96 Caryl
2292 2580 384 72 Brahms

244 2680 28 108 [
284 2696 52 60 p
344 2680 288 108 seud.]
684 2688 156 72 and
896 2688 80 80 S.
1036 2688 68 88 J.
1168 2688 288 76 Simon
1508 2680 392 108 [pseud.]
2012 2684 60 88 ©
2100 2688 36 72 1
2188 2704 76 60 c.
2328 2688 176 88 Jan.
2568 2684 76 96 6,

252 2796 236 92 1942;
532 2796 68 68 A
644 2796 108 72 ad
792 2800 148 76 int.
988 2796 296 96 26938;
1328 2800 248 88 pubd.
1620 2800 208 76 Nov.
1880 2796 128 92 10,
2060 2796 240 80 1941.
2604 2796 44 72 2

172 3016 324 72 Adams
560 3008 320 96 (Paul)*
932 3016 424 80 Caracas,
1404 3020 508 76 Venezuela.
2000 3020 396 72 Historia
2436 3020 108 72 de
2584 3020 84 72 la

248 3128 444 88 conquista
716 3148 48 72 y
784 3128 340 92 poblaci
1116 3120 56 72 ó
1188 3148 48 52 n
1276 3128 104 72 de
1404 3128 88 72 la
1528 3128 448 92 provincia
2016 3128 104 72 de
2144 3128 516 72 Venezuela.

248 3232 72 64 ©
372 3236 204 80 Dec.
632 3236 124 96 15,
808 3236 236 96 1941;
1088 3236 68 72 A
1208 3236 344 80 160230.
2604 3236 40 80 3

168 3456 324 76 Adams
556 3452 292 100 (Tony)
912 3464 396 68 Latimer
1368 3456 84 80 of
1488 3460 140 72 the
1696 3456 296 96 Flying
2036 3460 96 80 B.
2244 3452 68 72 ©
2360 3460 172 92 Jan.
2580 3456 80 96 2,

248 3568 236 96 1942;
528 3572 68 68 A
648 3568 340 96 160552;
1036 3572 380 72 Phoenix
1448 3588 308 76 press,
1800 3572 196 72 New
2032 3572 264 76 York.
2596 3568 48 76 4

164 3788 268 76 Adler
480 3784 492 96 (Mortimer
1012 3784 108 100 J.)
1164 3792 428 72 Dialectic
1636 3788 84 76 of
1764 3792 368 76 morals.
2204 3784 72 72 ©
2324 3792 208 80 Nov.
2584 3788 76 96 8,

248 3900 236 96 1941;
548 3900 64 72 A
664 3900 344 92 160020;
1068 3900 344 76 Review
1456 3900 84 76 of
1592 3904 392 92 politics,
2048 3904 268 72 Notre
2360 3900 304 96 Dame,

244 4012 28 72 I
276 4012 136 80 nd.
2600 4008 44 76 5

160 4228 124 72 Ah
288 4228 32 72 l
384 4224 428 96 (Frances
868 4224 376 96 Norene)
1304 4232 200 76 Two
1556 4232 420 76 thousand
2036 4232 264 76 miles
2356 4252 108 72 up
2520 4232 144 76 the

236 4340 408 80 Amazon.
732 4336 72 72 ©
852 4344 208 80 Dec.
1112 4344 128 92 15,
1296 4344 236 92 1941;
1576 4344 68 68 A
1696 4344 340 92 159903;
2088 4344 576 88 Christopher

236 4456 192 88 pub.
472 4456 296 88 house,
820 4456 348 76 Boston.
2604 4448 40 76 6

164 4672 356 72 Aikman
584 4664 404 96 (Duncan)
1048 4672 668 76 All-American
1772 4672 268 84 front.
2164 4664 72 72 ©
2300 4676 208 80 Nov.
2588 4676 68 92 7,

244 4780 236 96 1941;
540 4784 72 68 A
680 4780 340 100 160593;
1084 4780 664 96 Doubleday,
1792 4784 292 72 Doran
2136 4780 60 72 &
2232 4804 168 72 co.,
2448 4788 208 92 inc.,

236 4892 196 72 New
472 4892 260 76 York.
2604 4892 48 76 7

160 5112 304 72 Albert
544 5108 100 92 (L
656 5116 28 68 i
688 5112 104 72 lli
796 5132 52 52 a
848 5136 48 52 n
956 5108 352 96 Smith)*
1392 5116 216 88 Ligh
1612 5116 32 68 t
1652 5116 296 92 stown,
2008 5116 100 76 N.
2172 5116 64 88 J.
2320 5116 308 72 Button

236 5208 516 92 collector's
816 5224 316 76 second
1188 5228 376 88 journal.
1672 5216 68 68 ©
1808 5228 208 76 Dec.
2084 5224 136 92 24,
2288 5224 240 96 1941;
2568 5224 72 72 A

240 5328 344 84 160086.
2596 5336 44 72 8

156 5548 432 80 Alderson
672 5548 388 96 (Alethea
1120 5548 264 96 Todd)
1444 5556 216 72 This
1716 5556 232 88 thing
2012 5556 288 72 called
2352 5572 300 72 peace.

240 5656 68 72 ©
396 5664 208 76 Dec.
656 5664 128 96 15,
836 5664 232 96 1941;
1132 5664 68 72 A
1272 5664 208 76 1600
1488 5664 40 76 3
1544 5664 76 96 5;
1684 5668 304 72 Kaleid
1992 5688 44 52 o
2036 5668 276 92 graph
2352 5684 304 76 press,

232 5776 332 80 Dallas.
2592 5776 48 72 9

152 5992 256 76 Allen
456 5992 212 92 (Don
708 5992 456 96 Cameron)
1208 5996 636 76 Star-crossed
1884 5996 608 80 renaissance.
2580 5992 68 64 ©

232 6108 208 80 Dec.
508 6108 128 92 19,
688 6108 236 92 1941;
988 6104 68 72 A
1108 6104 204 80 1605
1324 6108 44 72 0
1380 6108 76 92 5;
1516 6108 232 72 Duke
1804 6112 232 76 univ.
2080 6124 300 76 press,
2424 6108 228 72 Dur-

232 6220 224 88 ham,
500 6220 100 76 N.
652 6216 96 80 C.
2544 6216 100 76 10

160 6436 104 72 Al
268 6440 32 72 l
308 6456 192 56 man
576 6432 464 92 (Clarence
1100 6428 304 100 Brent)
1476 6440 288 72 Social
1828 6440 156 72 life
2044 6444 84 68 in
2184 6440 144 72 the
2388 6440 268 72 horse

232 6548 160 72 and
424 6548 276 92 buggy
736 6548 244 92 days.
1048 6544 80 76 ©
1168 6548 212 80 Dec.
1428 6548 132 96 31,
1612 6548 236 96 1941;
1892 6548 68 72 A
2012 6548 348 96 160559;
2408 6548 96 76 F.
2548 6548 104 80 A.

232 6660 268 72 Davis
540 6680 172 72 co.,
752 6660 628 92 Philadelphia.
2540 6660 92 72 11

160 6876 356 72 Ambler
576 6872 408 96 (Charles
1028 6872 320 100 Henry)
1360 6880 40 44 *
1464 6876 404 96 Chicago.
1948 6880 236 76 West
2228 6880 424 92 Virginia,

236 6992 336 68 stories
612 6992 160 68 and
804 6992 416 88 biograph
1228 6996 28 64 i
1264 7008 132 60 es.
1468 6984 68 68 ©
1588 6992 172 88 Jan.
1812 6992 344 92 2,1942;
2200 6992 68 68 A
2304 6988 348 84 160456.

2544 7100 92 76 12

160 7268 464 76 American
680 7272 192 92 bar,
940 7272 240 80 1942.
1300 7272 192 72 24th
1552 7276 304 72 annual
1900 7276 128 76 ed.
2136 7264 68 68 ©
2256 7272 212 84 Dec.
2520 7272 132 96 29,

240 7380 236 96 1941;
516 7380 72 72 A
636 7380 340 96 160499;
1024 7384 288 92 James
1336 7380 96 80 C.
1468 7384 136 72 Fif
1612 7384 28 72 i
1648 7384 144 72 eld
1828 7404 168 72 co.,
2040 7384 604 92 Minneapolis.

2540 7492 92 76 13

160 7660 464 76 American
680 7668 696 88 jurisprudence.
1480 7688 76 56 v.
1608 7664 40 80 3
1664 7664 76 80 8.
1848 7652 64 64 ©
1968 7668 208 76 Dec.
2228 7664 132 96 19,
2412 7664 236 96 1941;

232 7776 64 68 A
348 7772 344 96 160194;
732 7772 672 96 Jurisprudence
1444 7780 532 88 publishers,
2008 7780 208 88 inc.,
2256 7780 392 72 Roches-

232 7888 172 92 ter,
444 7888 104 76 N.
588 7888 100 76 Y.
2540 7880 96 80 14

160 8100 464 80 American
664 8108 160 72 law
864 8108 480 96 institute,*
1392 8108 620 92 Philadelphia.
2372 8108 260 72 15–23

228 8324 124 72 Ar
360 8348 24 48 i
396 8348 48 48 z
452 8348 48 52 o
500 8344 108 56 na
648 8328 532 72 annotations
1220 8332 92 68 to
1348 8328 144 72 the
1552 8328 588 72 Restatement
2184 8328 88 72 of
2312 8328 144 72 the
2500 8328 156 72 law

308 8436 84 72 of
436 8456 340 72 agency.
860 8460 80 56 v.
996 8436 72 96 1,
1116 8436 80 80 2.
1284 8428 68 72 ©
1404 8440 208 80 Dec.
1664 8436 132 96 15,
1848 8436 236 96 1941;
2128 8436 68 72 A
2244 8436 348 80 160240.

236 8652 352 76 Florida
648 8660 536 72 annotations
1224 8660 88 72 to
1348 8660 144 68 the
1552 8656 592 76 Restatement
2184 8656 88 76 of
2312 8660 140 72 the
2496 8656 156 72 law

300 8784 84 72 of
428 8800 348 76 agency.
860 8808 76 56 v.
988 8784 72 96 1,
1112 8784 76 76 2.
1280 8780 72 68 ©
1404 8784 208 76 Dec.
1660 8784 132 92 15,
1840 8784 236 92 1941;
2120 8780 72 72 A
2240 8776 348 80 160243.

3016 2036 352 72 Florida
3412 2036 536 72 annotations
4004 2036 88 72 to
4128 2036 148 72 the
4312 2036 600 72 Restatement
4972 2036 88 76 of
5096 2036 144 72 the
5280 2036 164 72 law

3080 2144 88 76 of
3204 2148 268 76 torts.
3556 2168 84 60 v.
3688 2144 184 84 1–4.
3956 2144 72 72 ©
4076 2148 212 80 Dec.
4340 2144 132 96 15,
4524 2144 236 96 1941;
4804 2144 68 72 A
4920 2144 348 84 160244.

3008 2368 344 72 Illinois
3412 2368 536 72 annotations
4008 2368 88 72 to
4132 2368 144 72 the
4316 2368 596 72 Restatement
4972 2368 84 76 of
5096 2368 140 72 the
5284 2368 160 72 law

3080 2476 88 76 of
3204 2480 320 76 trusts.
3608 2500 72 52 v.
3740 2448 76 124 1,
3864 2476 68 76 2.
4028 2476 76 72 ©
4152 2480 208 76 Dec.
4412 2476 128 96 15,
4596 2476 236 96 1941;
4876 2476 68 72 A
4996 2476 256 76 16023
5264 2476 44 72 8
5308 2504 28 48 .

3004 2652 340 72 Kansas
3404 2652 544 72 annotations
3984 2652 92 76 to
4128 2652 144 72 the
4312 2652 600 72 Restatement
4972 2648 84 76 of
5092 2652 144 72 the
5276 2652 168 72 law

3084 2760 84 76 of
3208 2760 356 76 conflict
3608 2760 84 76 of
3736 2760 240 76 laws.
4064 2760 72 68 ©
4184 2760 208 76 Dec.
4448 2760 36 72 1
4500 2760 44 72 5
4560 2816 16 36 ,
4632 2760 236 92 1941;
4908 2760 68 72 A
5024 2756 344 80 160242.

3004 2984 472 72 Louisiana
3552 2980 540 76 annotations
4148 2980 96 76 to
4296 2984 144 68 the
4496 2980 596 72 Restatement
5152 2980 88 76 of
5292 2980 144 72 the

3076 3092 156 72 law
3276 3088 88 76 of
3400 3092 36 72 t
3444 3092 52 72 o
3500 3092 168 76 rts.
3736 3112 76 56 v.
3864 3088 180 80 1-4.
4252 3088 52 84 ©
4304 3092 32 68 D
4336 3108 132 60 ec.
4520 3088 36 72 1
4572 3088 44 72 5
4632 3148 16 36 ,
4684 3088 236 96 1941;
4964 3088 68 72 A
5084 3088 344 76 160239.

3004 3308 704 76 Massachusetts
3768 3316 540 68 annotations
4364 3316 92 68 to
4512 3312 144 72 the
4716 3308 592 76 Restatement
5352 3308 88 76 of

3072 3420 148 72 the
3280 3420 156 76 law
3496 3420 88 76 of
3640 3424 444 88 property,
4152 3440 76 52 v.
4284 3420 76 96 1,
4408 3420 72 72 2.
4608 3416 72 72 ©
4748 3420 212 80 Dec.
5012 3420 36 72 1
5068 3416 40 88 5
5120 3480 24 36 ,
5196 3416 236 96 1941;

3072 3528 72 72 A
3192 3528 348 80 160241.

3004 3704 216 72 Ohio
3280 3708 536 68 annotations
3852 3704 96 72 to
4004 3704 144 72 the
4184 3704 596 76 Restatement
4844 3704 84 72 of
4968 3704 140 72 the
5168 3704 164 72 law
5356 3700 84 76 of

3080 3816 532 76 restitution.
3700 3812 72 68 ©
3816 3816 212 80 Dec.
4080 3812 132 92 15,
4264 3812 240 96 1941;
4584 3812 68 72 A
4700 3812 348 80 160236.

3000 4000 492 76 Wisconsin
3548 3996 544 80 annotations
4148 4004 88 72 to
4292 4004 144 68 the
4492 4000 600 76 Restatement
5152 4000 84 72 of
5288 4000 148 72 the

3076 4116 160 72 law
3280 4112 84 76 of
3404 4116 316 72 trusts.
3784 4112 188 92 v.1,
4008 4112 80 80 2.
4152 4112 72 68 ©
4276 4112 212 80 Dec.
4520 4108 404 96 15,1941;
4964 4108 68 72 A
5084 4108 352 84 160237.

2928 4332 472 72 American
3444 4352 184 56 soc.
3676 4332 140 76 for
3852 4336 324 88 testing
4224 4332 552 92 materials,*
4820 4332 632 88 Philadelphia.

3000 4444 548 96 Symposium
3608 4464 104 56 on
3748 4460 176 56 new
3988 4444 392 72 methods
4420 4444 144 72 for
4620 4444 376 88 particle
5044 4444 192 72 size
5296 4440 156 76 de-

3000 4556 564 72 termination
3608 4556 84 72 in
3728 4556 144 72 the
3912 4552 268 76 subs
4208 4556 24 68 i
4260 4572 192 56 eve
4516 4572 288 72 range.
4936 4548 72 72 ©
5056 4552 200 72 Dec.
5312 4552 136 92 31,

3004 4664 244 96 1941;
3292 4664 72 72 A
3412 4664 344 80 160622.
5332 4660 100 76 24

2920 4884 464 76 Anderson
3440 4880 132 96 (E.
3620 4880 136 96 P.)
3812 4884 332 76 Audels
4208 4888 460 72 electrical
4728 4904 284 72 power
5060 4888 392 68 calcula-

3000 5000 264 88 tions,
3308 5000 200 72 with
3548 4996 480 92 diagrams.
4132 4992 72 72 ©
4252 4996 212 76 Dec.
4516 4992 132 96 11,
4700 4992 236 96 1941;
4980 4992 68 72 A
5096 4992 356 96 160383;

3000 5108 264 76 Theo.
3308 5104 272 76 Audel
3652 5100 64 72 &
3748 5124 172 76 co.,
3964 5108 200 72 New
4200 5104 264 80 York.
5336 5100 96 80 25

2920 5324 456 76 Anderson
3440 5324 352 96 (Walter
3836 5320 136 100 H.)
4036 5328 268 92 Legal
4352 5328 280 72 status
4676 5324 84 76 of
4808 5308 420 92 soldiers'
5296 5324 160 76 and

3004 5424 368 88 sailors'
3436 5440 268 72 under
3764 5440 140 72 the
3964 5440 212 72 civil
4240 5436 272 76 relief
4568 5440 224 76 acts.
4908 5432 76 72 ©
5036 5436 232 92 Sept.
5316 5436 132 92 30,

3004 5548 236 96 1941;
3284 5548 72 72 A
3404 5548 348 92 160507;
3804 5548 232 76 Cour
4036 5548 32 72 t
4076 5548 228 92 right
4344 5548 184 92 pub.
4584 5568 164 60 co.,
4800 5548 368 76 Denver.
5332 5544 100 76 26

2920 5768 312 92 Angell
3296 5764 392 96 (Pauline
3728 5764 136 96 K.)
3924 5772 252 72 When
4236 5772 252 92 today
4540 5772 304 88 began.
4944 5760 76 72 ©
5068 5772 180 88 Jan.
5300 5768 132 92 13,

3004 5880 240 96 1942;
3284 5880 68 72 A
3404 5880 348 96 160509;
3800 5880 504 76 Macmillan
4348 5900 172 72 co.,
4564 5880 200 72 New
4800 5880 260 76 York.
5332 5876 108 76 27

2916 6100 332 96 Angyal
3312 6092 408 96 (Andras)
3780 6100 580 76 Foundations
4416 6100 144 72 for
4600 6116 52 56 a
4696 6104 352 68 science
5092 6100 88 72 of
5220 6116 208 72 per-

3004 6212 400 92 sonality.
3520 6204 60 64 ©
3636 6212 204 76 Dec.
3892 6208 132 96 29,
4076 6208 236 96 1941;
4396 6208 68 72 A
4536 6208 344 96 160299;
4948 6208 480 76 Common-

3000 6324 308 68 wealth
3344 6320 228 96 fund,
3612 6324 204 72 New
3848 6320 260 72 York.
5332 6316 100 76 28

2920 6540 472 92 Appleman
3456 6536 232 100 (John
3740 6536 252 96 Alan)
4056 6540 468 76 Insurance
4584 6540 160 76 law
4800 6540 160 72 and
5000 6540 432 92 practice.

2996 6672 80 56 v.
3128 6652 68 76 5,
3288 6648 76 72 ©
3416 6656 212 76 Dec.
3676 6652 128 92 31,
3840 6648 240 96 1941;
4124 6648 64 72 A
4244 6648 36 72 1
4292 6648 44 76 6
4348 6648 240 96 0541;
4636 6652 340 72 Vernon
5016 6652 164 72 law
5212 6648 228 76 book

3000 6780 172 76 co.,
3220 6764 340 72 Kansas
3600 6760 224 92 City,
3872 6764 168 76 Mo.
5332 6756 100 76 29

2916 6980 328 76 Armes
3276 6980 264 96 (Sybil
3564 6976 428 92 Leonard)
4016 6984 36 72 I
4076 6984 228 72 shall
4332 6984 224 72 meet
4580 6984 468 72 tomorrow
5068 6980 400 92 bravely.

3060 7088 56 84 ©
3124 7096 208 76 Dec.
3380 7092 80 96 2,
3512 7092 240 92 1941;
3792 7092 68 72 A
3912 7092 348 92 160396;
4308 7092 808 88 Broadmanpress,
5160 7092 284 72 Nash-

2996 7204 240 72 ville.
5332 7200 100 72 30

2916 7420 240 92 Arps
3200 7416 356 96 (Louisa
3592 7416 292 96 Ward)
3940 7420 412 96 Speaking
4396 7420 88 76 of
4524 7420 372 76 books—
4976 7416 72 68 ©
5104 7420 232 92 Sept.
5368 7416 76 96 9,

3000 7532 240 92 1941;
3304 7532 68 72 A
3436 7532 352 96 160008;
3848 7532 308 76 School
4216 7532 360 76 district
4632 7552 136 60 no.
4824 7532 36 68 1
4928 7536 84 68 in
5068 7532 144 72 the
5256 7532 176 88 city

3000 7644 156 76 and
3180 7648 304 88 county
3508 7640 84 80 of
3632 7644 340 72 Denver
4016 7640 160 76 and
4200 7644 228 72 state
4452 7640 88 76 of
4564 7640 456 92 Colorado,
5064 7640 380 80 Denver.

5328 7748 100 76 31

2916 7896 420 108 [Arundel
3380 7896 392 96 (Edith)]*
3836 7904 368 80 London.
4284 7900 304 76 Secret
4636 7900 84 76 of
4760 7904 140 68 the
4948 7916 240 60 rose.
5228 7892 212 108 [By]

2992 8008 236 72 Anne
3292 8008 408 88 Maybury
3756 8000 24 104 [
3792 8008 56 60 p
3852 7996 284 88 seud.]
4224 8000 60 84 ©
4328 8008 36 72 1
4416 8024 76 60 c.
4540 8008 176 88 Jan.
4764 8004 76 96 6,
4912 8004 236 92 1942,
5192 8000 72 72 A
5308 8004 108 72 ad

3000 8124 148 76 int.
3200 8120 152 72 269
3364 8120 40 76 3
3424 8120 72 92 7;
3536 8120 252 92 pubd.
3828 8120 212 76 Nov.
4092 8116 100 76 10
4204 8176 20 32 ,
4280 8116 232 76 1941.
5328 8112 100 76 32

2920 8312 180 76 Ash
3148 8308 296 92 (Sarah
3488 8304 316 96 Leeds)
3848 8316 180 88 Just
4068 8312 232 72 little
4340 8312 320 88 things.
4780 8308 52 84 ©
4848 8312 208 72 Nov.
5092 8304 352 96 1,1941;

2996 8420 68 68 A
3112 8416 344 92 160483;
3508 8420 228 72 Ellis
3776 8420 364 72 Warren
4180 8416 312 92 Cooke,
4544 8412 616 92 Philadelphia.
5328 8412 100 72 33

2920 8656 380 72 Atlantic
3364 8656 440 92 reporter.
3904 8652 324 76 Second
4272 8656 336 72 series.
4688 8672 80 56 v.
4816 8648 96 76 21
4952 8652 104 76 A.
5108 8648 132 80 2d.
5296 8652 52 80 ©

2988 8776 204 72 Dec.
3232 8772 400 96 16,1941;
3680 8772 64 72 A
3780 8768 344 92 160251;
4164 8768 240 76 West
4444 8764 156 92 pub
4612 8824 20 20 .
4664 8784 100 52 co
4772 8820 60 36 .,
4876 8764 116 76 St.
5024 8760 248 76 Paul.
5320 8756 100 76 34
