<?xml version="1.0"?>
<alto xmlns="http://www.loc.gov/standards/alto/ns-v2#" xmlns:xlink="http://www.w3.org/1999/xlink" xmlns:xsi="http://www.w3.org/2001/XMLSchema-instance" xsi:schemaLocation="http://www.loc.gov/standards/alto/ns-v2# http://www.loc.gov/standards/alto/alto-v2.0.xsd">
	<Description>
		<MeasurementUnit>inch1200</MeasurementUnit>
		<sourceImageInformation>
			<fileIdentifier>catalogofcopyrig391li_Page_166.jpgf</fileIdentifier>
		</sourceImageInformation>
		<OCRProcessing ID="OCR1">
			<ocrProcessingStep>
				<processingDateTime>2018-03-07T11:53:31</processingDateTime>
				<processingAgency>Data Conversion Laboratory</processingAgency>
				<processingSoftware>
					<softwareCreator>Prime</softwareCreator>
					<softwareName>Prime OCR</softwareName>
					<softwareVersion>4.40</softwareVersion>
				</processingSoftware>
			</ocrProcessingStep>
			<postProcessingStep>
				<processingDateTime>2018-03-08T10:35:30</processingDateTime>
				<processingAgency>Data Conversion Laboratory</processingAgency>
				<processingStepDescription>PRO -&gt; ALTO</processingStepDescription>
				<processingSoftware>
					<softwareCreator>Data Conversion Laboratory</softwareCreator>
					<softwareName>pro2alto.2018.02.27</softwareName>
					<softwareVersion>2.0</softwareVersion>
				</processingSoftware>
			</postProcessingStep>
		</OCRProcessing>
	</Description>
<Styles>
		<TextStyle ID="Style_1" FONTSIZE="6" FONTTYPE="serif" FONTWIDTH="proportional" FONTSTYLE="bold"/>
		<TextStyle ID="Style_2" FONTSIZE="6" FONTTYPE="serif" FONTWIDTH="proportional"/>
		<TextStyle ID="Style_3" FONTSIZE="8" FONTTYPE="serif" FONTWIDTH="proportional" FONTSTYLE="bold"/>
		<TextStyle ID="Style_4" FONTSIZE="5" FONTTYPE="serif" FONTWIDTH="proportional" FONTSTYLE="bold"/>
		<TextStyle ID="Style_5" FONTSIZE="9" FONTTYPE="serif" FONTWIDTH="proportional" FONTSTYLE="bold"/>
		<TextStyle ID="Style_6" FONTSIZE="7" FONTTYPE="serif" FONTWIDTH="proportional" FONTSTYLE="bold"/>
		<TextStyle ID="Style_7" FONTSIZE="9" FONTTYPE="serif" FONTWIDTH="proportional"/>
		<TextStyle ID="Style_8" FONTSIZE="8" FONTTYPE="serif" FONTWIDTH="proportional"/>
		<TextStyle ID="Style_9" FONTSIZE="6" FONTTYPE="serif" FONTWIDTH="proportional" FONTSTYLE="bold underline"/>
		<TextStyle ID="Style_10" FONTSIZE="8" FONTTYPE="serif" FONTWIDTH="proportional" FONTSTYLE="bold underline"/>
	</Styles>
	<Layout>
		<Page ID="Page_1" PHYSICAL_IMG_NR="1" HEIGHT="10400" WIDTH="6320">
			<PrintSpace ID="PS_1" HPOS="0" VPOS="0" HEIGHT="10400" WIDTH="6320">
				<TextBlock ID="TB_1.1" HPOS="2656" VPOS="9204" WIDTH="392" HEIGHT="304">
					<TextLine ID="TL_1.1.1" HPOS="2704" VPOS="9248" HEIGHT="76" WIDTH="148">
						<String CONTENT="203" ID="St_1.1.1.1" HPOS="2704" VPOS="9248" HEIGHT="76" WIDTH="148" STYLEREFS="Style_1" WC="1" CC="000"/>
					</TextLine>
				</TextBlock>
				<TextBlock ID="TB_1.2" HPOS="2480" VPOS="1448" WIDTH="668" HEIGHT="276">
					<TextLine ID="TL_1.2.1" HPOS="2616" VPOS="1612" HEIGHT="72" WIDTH="340">
						<String CONTENT="BOOKS" ID="St_1.2.1.1" HPOS="2616" VPOS="1612" HEIGHT="72" WIDTH="340" STYLEREFS="Style_1" WC="1" CC="00000"/>
					</TextLine>
				</TextBlock>
				<TextBlock ID="TB_1.3" HPOS="2280" VPOS="1768" WIDTH="1120" HEIGHT="172">
					<TextLine ID="TL_1.3.1" HPOS="2348" VPOS="1824" HEIGHT="92" WIDTH="888">
						<String CONTENT="PART" ID="St_1.3.1.1" HPOS="2348" VPOS="1828" HEIGHT="68" WIDTH="280" STYLEREFS="Style_2" WC="1" CC="0000"/>
						<SP ID="SP_1.3.1.2" HPOS="2588" VPOS="1824" WIDTH="60"/>
						<String CONTENT="1," ID="St_1.3.1.3" HPOS="2676" VPOS="1824" HEIGHT="92" WIDTH="72" STYLEREFS="Style_2" WC="1" CC="00"/>
						<SP ID="SP_1.3.1.4" HPOS="2732" VPOS="1852" WIDTH="36"/>
						<String CONTENT="GROUP" ID="St_1.3.1.5" HPOS="2796" VPOS="1824" HEIGHT="80" WIDTH="356" STYLEREFS="Style_2" WC="1" CC="00000"/>
						<SP ID="SP_1.3.1.6" HPOS="3112" VPOS="1828" WIDTH="60"/>
						<String CONTENT="1" ID="St_1.3.1.7" HPOS="3200" VPOS="1824" HEIGHT="72" WIDTH="36" STYLEREFS="Style_2" WC="1" CC="0"/>
					</TextLine>
				</TextBlock>
				<TextBlock ID="TB_1.4" HPOS="140" VPOS="1976" WIDTH="5500" HEIGHT="304">
					<TextLine ID="TL_1.4.1" HPOS="196" VPOS="2028" HEIGHT="112" WIDTH="5228">
						<String CONTENT="Note.&#150;An" ID="St_1.4.1.1" HPOS="196" VPOS="2044" HEIGHT="76" WIDTH="484" STYLEREFS="Style_2" WC="1" CC="00000000"/>
						<SP ID="SP_1.4.1.2" HPOS="648" VPOS="2052" WIDTH="56"/>
						<String CONTENT="asterisk" ID="St_1.4.1.3" HPOS="732" VPOS="2044" HEIGHT="72" WIDTH="388" STYLEREFS="Style_2" WC="1" CC="00000000"/>
						<SP ID="SP_1.4.1.4" HPOS="1088" VPOS="2040" WIDTH="60"/>
						<String CONTENT="(" ID="St_1.4.1.5" HPOS="1180" VPOS="2040" HEIGHT="92" WIDTH="28" STYLEREFS="Style_2" WC="1" CC="0"/>
						<String CONTENT="*" ID="St_1.4.1.6" HPOS="1216" VPOS="2048" HEIGHT="40" WIDTH="44" STYLEREFS="Style_2" WC="1" CC="0"/>
						<String CONTENT=")" ID="St_1.4.1.7" HPOS="1272" VPOS="2040" HEIGHT="92" WIDTH="24" STYLEREFS="Style_2" WC="1" CC="0"/>
						<SP ID="SP_1.4.1.8" HPOS="1280" VPOS="2032" WIDTH="44"/>
						<String CONTENT="a" ID="St_1.4.1.9" HPOS="1356" VPOS="2060" HEIGHT="52" WIDTH="52" STYLEREFS="Style_2" WC="1" CC="0"/>
						<String CONTENT="f" ID="St_1.4.1.10" HPOS="1408" VPOS="2040" HEIGHT="76" WIDTH="36" STYLEREFS="Style_3" WC="0.981111111111111" CC="4"/>
						<String CONTENT="ter" ID="St_1.4.1.11" HPOS="1448" VPOS="2048" HEIGHT="68" WIDTH="140" STYLEREFS="Style_3" WC="0.983333333333333" CC="000"/>
						<SP ID="SP_1.4.1.12" HPOS="1560" VPOS="2052" WIDTH="52"/>
						<String CONTENT="the" ID="St_1.4.1.13" HPOS="1644" VPOS="2048" HEIGHT="72" WIDTH="144" STYLEREFS="Style_3" WC="0.985555555555556" CC="000"/>
						<SP ID="SP_1.4.1.14" HPOS="1760" VPOS="2048" WIDTH="56"/>
						<String CONTENT="author&apos;s" ID="St_1.4.1.15" HPOS="1844" VPOS="2028" HEIGHT="92" WIDTH="388" STYLEREFS="Style_3" WC="0.988888888888889" CC="00000000"/>
						<SP ID="SP_1.4.1.16" HPOS="2204" VPOS="2048" WIDTH="56"/>
						<String CONTENT="name" ID="St_1.4.1.17" HPOS="2292" VPOS="2060" HEIGHT="56" WIDTH="248" STYLEREFS="Style_3" WC="0.99" CC="0000"/>
						<SP ID="SP_1.4.1.18" HPOS="2512" VPOS="2048" WIDTH="56"/>
						<String CONTENT="indicates" ID="St_1.4.1.19" HPOS="2604" VPOS="2044" HEIGHT="76" WIDTH="416" STYLEREFS="Style_3" WC="0.991111111111111" CC="000000000"/>
						<SP ID="SP_1.4.1.20" HPOS="2992" VPOS="2048" WIDTH="52"/>
						<String CONTENT="that" ID="St_1.4.1.21" HPOS="3076" VPOS="2048" HEIGHT="68" WIDTH="180" STYLEREFS="Style_3" WC="0.992222222222222" CC="0000"/>
						<SP ID="SP_1.4.1.22" HPOS="3232" VPOS="2044" WIDTH="44"/>
						<String CONTENT="the" ID="St_1.4.1.23" HPOS="3308" VPOS="2048" HEIGHT="72" WIDTH="144" STYLEREFS="Style_3" WC="0.992222222222222" CC="000"/>
						<SP ID="SP_1.4.1.24" HPOS="3424" VPOS="2052" WIDTH="56"/>
						<String CONTENT="author" ID="St_1.4.1.25" HPOS="3512" VPOS="2048" HEIGHT="72" WIDTH="304" STYLEREFS="Style_3" WC="0.993333333333333" CC="000000"/>
						<SP ID="SP_1.4.1.26" HPOS="3788" VPOS="2052" WIDTH="40"/>
						<String CONTENT="and" ID="St_1.4.1.27" HPOS="3852" VPOS="2048" HEIGHT="72" WIDTH="160" STYLEREFS="Style_3" WC="0.993333333333333" CC="000"/>
						<SP ID="SP_1.4.1.28" HPOS="3980" VPOS="2044" WIDTH="48"/>
						<String CONTENT="copyright" ID="St_1.4.1.29" HPOS="4052" VPOS="2048" HEIGHT="92" WIDTH="448" STYLEREFS="Style_3" WC="0.994444444444444" CC="000000000"/>
						<SP ID="SP_1.4.1.30" HPOS="4480" VPOS="2044" WIDTH="36"/>
						<String CONTENT="proprietor" ID="St_1.4.1.31" HPOS="4540" VPOS="2052" HEIGHT="88" WIDTH="500" STYLEREFS="Style_3" WC="0.994444444444444" CC="0000000000"/>
						<SP ID="SP_1.4.1.32" HPOS="5012" VPOS="2052" WIDTH="44"/>
						<String CONTENT="are" ID="St_1.4.1.33" HPOS="5080" VPOS="2068" HEIGHT="56" WIDTH="160" STYLEREFS="Style_3" WC="0.995555555555556" CC="000"/>
						<SP ID="SP_1.4.1.34" HPOS="5208" VPOS="2052" WIDTH="44"/>
						<String CONTENT="the" ID="St_1.4.1.35" HPOS="5280" VPOS="2052" HEIGHT="72" WIDTH="144" STYLEREFS="Style_3" WC="0.995555555555556" CC="000"/>
					</TextLine>
					<TextLine ID="TL_1.4.2" HPOS="968" VPOS="2144" HEIGHT="100" WIDTH="3560">
						<String CONTENT="same," ID="St_1.4.2.1" HPOS="968" VPOS="2168" HEIGHT="64" WIDTH="272" STYLEREFS="Style_3" WC="1" CC="00000"/>
						<SP ID="SP_1.4.2.2" HPOS="1228" VPOS="2172" WIDTH="32"/>
						<String CONTENT="and" ID="St_1.4.2.3" HPOS="1288" VPOS="2152" HEIGHT="72" WIDTH="160" STYLEREFS="Style_3" WC="1" CC="000"/>
						<SP ID="SP_1.4.2.4" HPOS="1416" VPOS="2144" WIDTH="48"/>
						<String CONTENT="that" ID="St_1.4.2.5" HPOS="1480" VPOS="2156" HEIGHT="68" WIDTH="180" STYLEREFS="Style_3" WC="1" CC="0000"/>
						<SP ID="SP_1.4.2.6" HPOS="1640" VPOS="2148" WIDTH="36"/>
						<String CONTENT="therefore" ID="St_1.4.2.7" HPOS="1696" VPOS="2148" HEIGHT="80" WIDTH="448" STYLEREFS="Style_3" WC="1" CC="000000000"/>
						<SP ID="SP_1.4.2.8" HPOS="2116" VPOS="2152" WIDTH="44"/>
						<String CONTENT="the" ID="St_1.4.2.9" HPOS="2184" VPOS="2156" HEIGHT="68" WIDTH="140" STYLEREFS="Style_3" WC="1" CC="000"/>
						<SP ID="SP_1.4.2.10" HPOS="2296" VPOS="2156" WIDTH="44"/>
						<String CONTENT="name" ID="St_1.4.2.11" HPOS="2364" VPOS="2168" HEIGHT="60" WIDTH="248" STYLEREFS="Style_3" WC="1" CC="0000"/>
						<SP ID="SP_1.4.2.12" HPOS="2584" VPOS="2152" WIDTH="44"/>
						<String CONTENT="is" ID="St_1.4.2.13" HPOS="2656" VPOS="2156" HEIGHT="72" WIDTH="80" STYLEREFS="Style_3" WC="1" CC="00"/>
						<SP ID="SP_1.4.2.14" HPOS="2704" VPOS="2152" WIDTH="48"/>
						<String CONTENT="not" ID="St_1.4.2.15" HPOS="2776" VPOS="2156" HEIGHT="72" WIDTH="140" STYLEREFS="Style_3" WC="1" CC="000"/>
						<SP ID="SP_1.4.2.16" HPOS="2892" VPOS="2148" WIDTH="40"/>
						<String CONTENT="repeated" ID="St_1.4.2.17" HPOS="2960" VPOS="2152" HEIGHT="92" WIDTH="408" STYLEREFS="Style_3" WC="1" CC="00000000"/>
						<SP ID="SP_1.4.2.18" HPOS="3336" VPOS="2144" WIDTH="48"/>
						<String CONTENT="in" ID="St_1.4.2.19" HPOS="3388" VPOS="2148" HEIGHT="80" WIDTH="108" STYLEREFS="Style_3" WC="1" CC="00"/>
						<SP ID="SP_1.4.2.20" HPOS="3464" VPOS="2156" WIDTH="44"/>
						<String CONTENT="the" ID="St_1.4.2.21" HPOS="3528" VPOS="2156" HEIGHT="72" WIDTH="144" STYLEREFS="Style_3" WC="1" CC="000"/>
						<SP ID="SP_1.4.2.22" HPOS="3640" VPOS="2156" WIDTH="48"/>
						<String CONTENT="claim" ID="St_1.4.2.23" HPOS="3712" VPOS="2156" HEIGHT="72" WIDTH="268" STYLEREFS="Style_3" WC="1" CC="00000"/>
						<SP ID="SP_1.4.2.24" HPOS="3932" VPOS="2156" WIDTH="60"/>
						<String CONTENT="paragraph." ID="St_1.4.2.25" HPOS="4016" VPOS="2160" HEIGHT="84" WIDTH="512" STYLEREFS="Style_3" WC="1" CC="0000000000"/>
					</TextLine>
				</TextBlock>
				<TextBlock ID="TB_1.5" HPOS="100" VPOS="2416" WIDTH="2668" HEIGHT="6624">
					<TextLine ID="TL_1.5.1" HPOS="196" VPOS="2468" HEIGHT="100" WIDTH="2484">
						<String CONTENT="Abbot" ID="St_1.5.1.1" HPOS="196" VPOS="2476" HEIGHT="72" WIDTH="260" STYLEREFS="Style_3" WC="0.866666666666667" CC="11400"/>
						<SP ID="SP_1.5.1.2" HPOS="436" VPOS="2472" WIDTH="60"/>
						<String CONTENT="(Anthony)" ID="St_1.5.1.3" HPOS="540" VPOS="2468" HEIGHT="100" WIDTH="436" STYLEREFS="Style_3" WC="0.955555555555556" CC="000000000"/>
						<SP ID="SP_1.5.1.4" HPOS="956" VPOS="2468" WIDTH="80"/>
						<String CONTENT="About" ID="St_1.5.1.5" HPOS="1104" VPOS="2476" HEIGHT="72" WIDTH="268" STYLEREFS="Style_3" WC="0.946666666666667" CC="04000"/>
						<SP ID="SP_1.5.1.6" HPOS="1352" VPOS="2472" WIDTH="48"/>
						<String CONTENT="the" ID="St_1.5.1.7" HPOS="1432" VPOS="2476" HEIGHT="72" WIDTH="140" STYLEREFS="Style_3" WC="0.955555555555556" CC="000"/>
						<SP ID="SP_1.5.1.8" HPOS="1544" VPOS="2480" WIDTH="52"/>
						<String CONTENT="perfect" ID="St_1.5.1.9" HPOS="1628" VPOS="2476" HEIGHT="92" WIDTH="336" STYLEREFS="Style_3" WC="0.965555555555556" CC="0000000"/>
						<SP ID="SP_1.5.1.10" HPOS="1940" VPOS="2472" WIDTH="52"/>
						<String CONTENT="crime" ID="St_1.5.1.11" HPOS="2024" VPOS="2480" HEIGHT="72" WIDTH="280" STYLEREFS="Style_3" WC="0.971111111111111" CC="00000"/>
						<SP ID="SP_1.5.1.12" HPOS="2276" VPOS="2480" WIDTH="56"/>
						<String CONTENT="of" ID="St_1.5.1.13" HPOS="2364" VPOS="2476" HEIGHT="76" WIDTH="88" STYLEREFS="Style_3" WC="0.973333333333333" CC="00"/>
						<SP ID="SP_1.5.1.14" HPOS="2428" VPOS="2472" WIDTH="52"/>
						<String CONTENT="Mr." ID="St_1.5.1.15" HPOS="2512" VPOS="2484" HEIGHT="72" WIDTH="168" STYLEREFS="Style_3" WC="0.975555555555556" CC="000"/>
					</TextLine>
					<TextLine ID="TL_1.5.2" HPOS="332" VPOS="2580" HEIGHT="104" WIDTH="2344">
						<String CONTENT="Dig" ID="St_1.5.2.1" HPOS="332" VPOS="2588" HEIGHT="88" WIDTH="160" STYLEREFS="Style_3" WC="1" CC="000"/>
						<String CONTENT="b" ID="St_1.5.2.2" HPOS="496" VPOS="2588" HEIGHT="68" WIDTH="52" STYLEREFS="Style_3" WC="0.888888888888889" CC="4"/>
						<String CONTENT="erry." ID="St_1.5.2.3" HPOS="556" VPOS="2604" HEIGHT="72" WIDTH="240" STYLEREFS="Style_3" WC="0.95" CC="00000"/>
						<SP ID="SP_1.5.2.4" HPOS="784" VPOS="2608" WIDTH="52"/>
						<String CONTENT="&#169;" ID="St_1.5.2.5" HPOS="880" VPOS="2580" HEIGHT="72" WIDTH="72" STYLEREFS="Style_3" WC="0.908888888888889" CC="5"/>
						<SP ID="SP_1.5.2.6" HPOS="916" VPOS="2580" WIDTH="60"/>
						<String CONTENT="Nov." ID="St_1.5.2.7" HPOS="1000" VPOS="2592" HEIGHT="72" WIDTH="208" STYLEREFS="Style_3" WC="0.936666666666667" CC="0000"/>
						<SP ID="SP_1.5.2.8" HPOS="1192" VPOS="2608" WIDTH="36"/>
						<String CONTENT="28," ID="St_1.5.2.9" HPOS="1252" VPOS="2584" HEIGHT="96" WIDTH="132" STYLEREFS="Style_3" WC="0.95" CC="000"/>
						<SP ID="SP_1.5.2.10" HPOS="1368" VPOS="2608" WIDTH="40"/>
						<String CONTENT="1940;" ID="St_1.5.2.11" HPOS="1436" VPOS="2588" HEIGHT="96" WIDTH="236" STYLEREFS="Style_3" WC="0.961111111111111" CC="00000"/>
						<SP ID="SP_1.5.2.12" HPOS="1656" VPOS="2596" WIDTH="36"/>
						<String CONTENT="A" ID="St_1.5.2.13" HPOS="1716" VPOS="2592" HEIGHT="68" WIDTH="68" STYLEREFS="Style_3" WC="0.963333333333333" CC="0"/>
						<SP ID="SP_1.5.2.14" HPOS="1744" VPOS="2584" WIDTH="60"/>
						<String CONTENT="16" ID="St_1.5.2.15" HPOS="1832" VPOS="2584" HEIGHT="76" WIDTH="96" STYLEREFS="Style_3" WC="0.966666666666667" CC="00"/>
						<String CONTENT="6" ID="St_1.5.2.16" HPOS="1936" VPOS="2584" HEIGHT="76" WIDTH="48" STYLEREFS="Style_3" WC="0.954444444444444" CC="4"/>
						<String CONTENT="244;" ID="St_1.5.2.17" HPOS="1988" VPOS="2584" HEIGHT="96" WIDTH="188" STYLEREFS="Style_3" WC="0.958888888888889" CC="0000"/>
						<SP ID="SP_1.5.2.18" HPOS="2160" VPOS="2596" WIDTH="36"/>
						<String CONTENT="Farrar" ID="St_1.5.2.19" HPOS="2224" VPOS="2592" HEIGHT="72" WIDTH="332" STYLEREFS="Style_3" WC="0.965555555555556" CC="000000"/>
						<SP ID="SP_1.5.2.20" HPOS="2528" VPOS="2592" WIDTH="56"/>
						<String CONTENT="&amp;" ID="St_1.5.2.21" HPOS="2616" VPOS="2584" HEIGHT="76" WIDTH="60" STYLEREFS="Style_3" WC="0.967777777777778" CC="0"/>
					</TextLine>
					<TextLine ID="TL_1.5.3" HPOS="336" VPOS="2696" HEIGHT="92" WIDTH="2344">
						<String CONTENT="Rinehart," ID="St_1.5.3.1" HPOS="336" VPOS="2700" HEIGHT="88" WIDTH="444" STYLEREFS="Style_3" WC="1" CC="000000000"/>
						<SP ID="SP_1.5.3.2" HPOS="764" VPOS="2724" WIDTH="36"/>
						<String CONTENT="inc.," ID="St_1.5.3.3" HPOS="828" VPOS="2700" HEIGHT="88" WIDTH="200" STYLEREFS="Style_3" WC="1" CC="00000"/>
						<SP ID="SP_1.5.3.4" HPOS="1012" VPOS="2724" WIDTH="32"/>
						<String CONTENT="New" ID="St_1.5.3.5" HPOS="1068" VPOS="2700" HEIGHT="72" WIDTH="196" STYLEREFS="Style_3" WC="1" CC="000"/>
						<SP ID="SP_1.5.3.6" HPOS="1224" VPOS="2704" WIDTH="56"/>
						<String CONTENT="York." ID="St_1.5.3.7" HPOS="1304" VPOS="2700" HEIGHT="76" WIDTH="264" STYLEREFS="Style_3" WC="1" CC="00000"/>
						<SP ID="SP_1.5.3.8" HPOS="1552" VPOS="2696" WIDTH="928"/>
						<String CONTENT="5" ID="St_1.5.3.9" HPOS="2480" VPOS="2696" HEIGHT="72" WIDTH="44" STYLEREFS="Style_3" WC="0.862222222222222" CC="0"/>
						<String CONTENT="5" ID="St_1.5.3.10" HPOS="2532" VPOS="2696" HEIGHT="76" WIDTH="44" STYLEREFS="Style_3" WC="0.855555555555556" CC="4"/>
						<String CONTENT="01" ID="St_1.5.3.11" HPOS="2588" VPOS="2700" HEIGHT="72" WIDTH="92" STYLEREFS="Style_3" WC="0.856666666666667" CC="11"/>
					</TextLine>
					<TextLine ID="TL_1.5.4" HPOS="196" VPOS="2908" HEIGHT="100" WIDTH="2480">
						<String CONTENT="Abbott" ID="St_1.5.4.1" HPOS="196" VPOS="2912" HEIGHT="72" WIDTH="296" STYLEREFS="Style_3" WC="1" CC="000000"/>
						<SP ID="SP_1.5.4.2" HPOS="472" VPOS="2908" WIDTH="48"/>
						<String CONTENT="(Frederick)" ID="St_1.5.4.3" HPOS="552" VPOS="2908" HEIGHT="96" WIDTH="548" STYLEREFS="Style_3" WC="1" CC="00000000000"/>
						<SP ID="SP_1.5.4.4" HPOS="1080" VPOS="2908" WIDTH="64"/>
						<String CONTENT="Boy" ID="St_1.5.4.5" HPOS="1196" VPOS="2920" HEIGHT="88" WIDTH="176" STYLEREFS="Style_3" WC="1" CC="000"/>
						<SP ID="SP_1.5.4.6" HPOS="1340" VPOS="2920" WIDTH="60"/>
						<String CONTENT="talks" ID="St_1.5.4.7" HPOS="1428" VPOS="2916" HEIGHT="76" WIDTH="224" STYLEREFS="Style_3" WC="1" CC="00000"/>
						<SP ID="SP_1.5.4.8" HPOS="1624" VPOS="2920" WIDTH="56"/>
						<String CONTENT="to" ID="St_1.5.4.9" HPOS="1712" VPOS="2920" HEIGHT="72" WIDTH="88" STYLEREFS="Style_3" WC="1" CC="00"/>
						<SP ID="SP_1.5.4.10" HPOS="1772" VPOS="2920" WIDTH="52"/>
						<String CONTENT="God." ID="St_1.5.4.11" HPOS="1856" VPOS="2916" HEIGHT="80" WIDTH="208" STYLEREFS="Style_3" WC="1" CC="0000"/>
						<SP ID="SP_1.5.4.12" HPOS="2048" VPOS="2940" WIDTH="68"/>
						<String CONTENT="&#169;" ID="St_1.5.4.13" HPOS="2172" VPOS="2908" HEIGHT="68" WIDTH="72" STYLEREFS="Style_3" WC="0.987777777777778" CC="4"/>
						<SP ID="SP_1.5.4.14" HPOS="2204" VPOS="2908" WIDTH="72"/>
						<String CONTENT="May" ID="St_1.5.4.15" HPOS="2312" VPOS="2920" HEIGHT="88" WIDTH="192" STYLEREFS="Style_3" WC="0.988888888888889" CC="000"/>
						<SP ID="SP_1.5.4.16" HPOS="2472" VPOS="2920" WIDTH="48"/>
						<String CONTENT="15," ID="St_1.5.4.17" HPOS="2548" VPOS="2912" HEIGHT="96" WIDTH="128" STYLEREFS="Style_3" WC="0.99" CC="000"/>
					</TextLine>
					<TextLine ID="TL_1.5.5" HPOS="344" VPOS="3020" HEIGHT="100" WIDTH="2300">
						<String CONTENT="1942;" ID="St_1.5.5.1" HPOS="344" VPOS="3020" HEIGHT="100" WIDTH="236" STYLEREFS="Style_3" WC="1" CC="00000"/>
						<SP ID="SP_1.5.5.2" HPOS="564" VPOS="3032" WIDTH="32"/>
						<String CONTENT="A" ID="St_1.5.5.3" HPOS="620" VPOS="3028" HEIGHT="72" WIDTH="72" STYLEREFS="Style_3" WC="1" CC="0"/>
						<SP ID="SP_1.5.5.4" HPOS="652" VPOS="3024" WIDTH="60"/>
						<String CONTENT="165937;" ID="St_1.5.5.5" HPOS="740" VPOS="3024" HEIGHT="96" WIDTH="340" STYLEREFS="Style_3" WC="1" CC="0000000"/>
						<SP ID="SP_1.5.5.6" HPOS="1064" VPOS="3032" WIDTH="32"/>
						<String CONTENT="Bruce" ID="St_1.5.5.7" HPOS="1120" VPOS="3028" HEIGHT="72" WIDTH="288" STYLEREFS="Style_3" WC="1" CC="00000"/>
						<SP ID="SP_1.5.5.8" HPOS="1380" VPOS="3032" WIDTH="44"/>
						<String CONTENT="Humphries," ID="St_1.5.5.9" HPOS="1448" VPOS="3028" HEIGHT="92" WIDTH="548" STYLEREFS="Style_3" WC="1" CC="0000000000"/>
						<SP ID="SP_1.5.5.10" HPOS="1980" VPOS="3052" WIDTH="36"/>
						<String CONTENT="inc.," ID="St_1.5.5.11" HPOS="2044" VPOS="3028" HEIGHT="92" WIDTH="200" STYLEREFS="Style_3" WC="1" CC="00000"/>
						<SP ID="SP_1.5.5.12" HPOS="2228" VPOS="3048" WIDTH="36"/>
						<String CONTENT="Boston." ID="St_1.5.5.13" HPOS="2292" VPOS="3028" HEIGHT="76" WIDTH="352" STYLEREFS="Style_3" WC="1" CC="0000000"/>
					</TextLine>
					<TextLine ID="TL_1.5.6" HPOS="2476" VPOS="3136" HEIGHT="72" WIDTH="204">
						<String CONTENT="5502" ID="St_1.5.6.1" HPOS="2476" VPOS="3136" HEIGHT="72" WIDTH="204" STYLEREFS="Style_3" WC="1" CC="0000"/>
					</TextLine>
					<TextLine ID="TL_1.5.7" HPOS="188" VPOS="3340" HEIGHT="104" WIDTH="2488">
						<String CONTENT="Ackerson" ID="St_1.5.7.1" HPOS="188" VPOS="3352" HEIGHT="76" WIDTH="444" STYLEREFS="Style_3" WC="1" CC="00000000"/>
						<SP ID="SP_1.5.7.2" HPOS="604" VPOS="3360" WIDTH="60"/>
						<String CONTENT="(Luton)" ID="St_1.5.7.3" HPOS="696" VPOS="3348" HEIGHT="96" WIDTH="328" STYLEREFS="Style_3" WC="1" CC="0000000"/>
						<SP ID="SP_1.5.7.4" HPOS="1008" VPOS="3344" WIDTH="72"/>
						<String CONTENT="Children&apos;s" ID="St_1.5.7.5" HPOS="1140" VPOS="3340" HEIGHT="88" WIDTH="492" STYLEREFS="Style_3" WC="1" CC="0000000000"/>
						<SP ID="SP_1.5.7.6" HPOS="1608" VPOS="3360" WIDTH="60"/>
						<String CONTENT="behavior" ID="St_1.5.7.7" HPOS="1708" VPOS="3356" HEIGHT="76" WIDTH="412" STYLEREFS="Style_3" WC="1" CC="00000000"/>
						<SP ID="SP_1.5.7.8" HPOS="2096" VPOS="3360" WIDTH="60"/>
						<String CONTENT="problems." ID="St_1.5.7.9" HPOS="2192" VPOS="3356" HEIGHT="88" WIDTH="484" STYLEREFS="Style_3" WC="1" CC="000000000"/>
					</TextLine>
					<TextLine ID="TL_1.5.8" HPOS="340" VPOS="3456" HEIGHT="104" WIDTH="2332">
						<String CONTENT="&#169;" ID="St_1.5.8.1" HPOS="340" VPOS="3456" HEIGHT="72" WIDTH="72" STYLEREFS="Style_3" WC="0.444444444444444" CC="5"/>
						<SP ID="SP_1.5.8.2" HPOS="376" VPOS="3456" WIDTH="56"/>
						<String CONTENT="Aug." ID="St_1.5.8.3" HPOS="456" VPOS="3464" HEIGHT="88" WIDTH="212" STYLEREFS="Style_3" WC="0.906666666666667" CC="0000"/>
						<SP ID="SP_1.5.8.4" HPOS="656" VPOS="3488" WIDTH="32"/>
						<String CONTENT="4," ID="St_1.5.8.5" HPOS="708" VPOS="3464" HEIGHT="92" WIDTH="84" STYLEREFS="Style_3" WC="0.937777777777778" CC="00"/>
						<SP ID="SP_1.5.8.6" HPOS="776" VPOS="3488" WIDTH="40"/>
						<String CONTENT="1942;" ID="St_1.5.8.7" HPOS="840" VPOS="3464" HEIGHT="92" WIDTH="240" STYLEREFS="Style_3" WC="0.962222222222222" CC="00000"/>
						<SP ID="SP_1.5.8.8" HPOS="1064" VPOS="3472" WIDTH="36"/>
						<String CONTENT="A" ID="St_1.5.8.9" HPOS="1120" VPOS="3464" HEIGHT="72" WIDTH="72" STYLEREFS="Style_3" WC="0.966666666666667" CC="0"/>
						<SP ID="SP_1.5.8.10" HPOS="1152" VPOS="3460" WIDTH="52"/>
						<String CONTENT="166166;" ID="St_1.5.8.11" HPOS="1220" VPOS="3464" HEIGHT="96" WIDTH="340" STYLEREFS="Style_3" WC="0.977777777777778" CC="0000000"/>
						<SP ID="SP_1.5.8.12" HPOS="1548" VPOS="3472" WIDTH="32"/>
						<String CONTENT="University" ID="St_1.5.8.13" HPOS="1608" VPOS="3468" HEIGHT="92" WIDTH="496" STYLEREFS="Style_3" WC="0.984444444444444" CC="0000000000"/>
						<SP ID="SP_1.5.8.14" HPOS="2076" VPOS="3472" WIDTH="48"/>
						<String CONTENT="of" ID="St_1.5.8.15" HPOS="2148" VPOS="3464" HEIGHT="76" WIDTH="84" STYLEREFS="Style_3" WC="0.985555555555556" CC="00"/>
						<SP ID="SP_1.5.8.16" HPOS="2212" VPOS="3460" WIDTH="40"/>
						<String CONTENT="Chicago," ID="St_1.5.8.17" HPOS="2272" VPOS="3464" HEIGHT="96" WIDTH="400" STYLEREFS="Style_3" WC="0.987777777777778" CC="00000000"/>
					</TextLine>
					<TextLine ID="TL_1.5.9" HPOS="336" VPOS="3572" HEIGHT="92" WIDTH="2344">
						<String CONTENT="Chicago." ID="St_1.5.9.1" HPOS="336" VPOS="3572" HEIGHT="92" WIDTH="404" STYLEREFS="Style_3" WC="0.916666666666667" CC="11400000"/>
						<SP ID="SP_1.5.9.2" HPOS="728" VPOS="3572" WIDTH="1752"/>
						<String CONTENT="5503" ID="St_1.5.9.3" HPOS="2480" VPOS="3572" HEIGHT="76" WIDTH="200" STYLEREFS="Style_3" WC="0.676666666666667" CC="0000"/>
					</TextLine>
					<TextLine ID="TL_1.5.10" HPOS="188" VPOS="3780" HEIGHT="112" WIDTH="2492">
						<String CONTENT="[Adams" ID="St_1.5.10.1" HPOS="188" VPOS="3780" HEIGHT="108" WIDTH="352" STYLEREFS="Style_3" WC="1" CC="000000"/>
						<SP ID="SP_1.5.10.2" HPOS="516" VPOS="3792" WIDTH="44"/>
						<String CONTENT="(Lewis" ID="St_1.5.10.3" HPOS="588" VPOS="3788" HEIGHT="92" WIDTH="312" STYLEREFS="Style_3" WC="1" CC="000000"/>
						<SP ID="SP_1.5.10.4" HPOS="876" VPOS="3796" WIDTH="44"/>
						<String CONTENT="M" ID="St_1.5.10.5" HPOS="944" VPOS="3796" HEIGHT="68" WIDTH="88" STYLEREFS="Style_3" WC="1" CC="0"/>
						<String CONTENT=".)]." ID="St_1.5.10.6" HPOS="1036" VPOS="3784" HEIGHT="108" WIDTH="148" STYLEREFS="Style_4" WC="0.952222222222222" CC="0008"/>
						<String CONTENT="ed." ID="St_1.5.10.7" HPOS="1176" VPOS="3792" HEIGHT="80" WIDTH="132" STYLEREFS="Style_4" WC="0.958888888888889" CC="000"/>
						<SP ID="SP_1.5.10.8" HPOS="1296" VPOS="3816" WIDTH="48"/>
						<String CONTENT="Hamilton" ID="St_1.5.10.9" HPOS="1380" VPOS="3792" HEIGHT="76" WIDTH="424" STYLEREFS="Style_4" WC="0.971111111111111" CC="00000000"/>
						<SP ID="SP_1.5.10.10" HPOS="1804" VPOS="3780" WIDTH="56"/>
						<String CONTENT="Ross" ID="St_1.5.10.11" HPOS="1820" VPOS="3796" HEIGHT="72" WIDTH="228" STYLEREFS="Style_4" WC="0.974444444444444" CC="0000"/>
						<SP ID="SP_1.5.10.12" HPOS="2020" VPOS="3796" WIDTH="40"/>
						<String CONTENT="modern" ID="St_1.5.10.13" HPOS="2076" VPOS="3792" HEIGHT="76" WIDTH="352" STYLEREFS="Style_4" WC="0.978888888888889" CC="000000"/>
						<SP ID="SP_1.5.10.14" HPOS="2400" VPOS="3800" WIDTH="44"/>
						<String CONTENT="cook" ID="St_1.5.10.15" HPOS="2468" VPOS="3796" HEIGHT="72" WIDTH="212" STYLEREFS="Style_4" WC="0.981111111111111" CC="0000"/>
					</TextLine>
					<TextLine ID="TL_1.5.11" HPOS="332" VPOS="3896" HEIGHT="108" WIDTH="2344">
						<String CONTENT="book." ID="St_1.5.11.1" HPOS="332" VPOS="3900" HEIGHT="76" WIDTH="248" STYLEREFS="Style_4" WC="1" CC="00000"/>
						<SP ID="SP_1.5.11.2" HPOS="568" VPOS="3928" WIDTH="76"/>
						<String CONTENT="[L." ID="St_1.5.11.3" HPOS="712" VPOS="3896" HEIGHT="108" WIDTH="132" STYLEREFS="Style_4" WC="1" CC="000"/>
						<SP ID="SP_1.5.11.4" HPOS="832" VPOS="3928" WIDTH="52"/>
						<String CONTENT="M." ID="St_1.5.11.5" HPOS="924" VPOS="3904" HEIGHT="72" WIDTH="112" STYLEREFS="Style_4" WC="1" CC="00"/>
						<SP ID="SP_1.5.11.6" HPOS="1024" VPOS="3928" WIDTH="52"/>
						<String CONTENT="Adams" ID="St_1.5.11.7" HPOS="1120" VPOS="3900" HEIGHT="72" WIDTH="324" STYLEREFS="Style_4" WC="1" CC="00000"/>
						<SP ID="SP_1.5.11.8" HPOS="1416" VPOS="3908" WIDTH="64"/>
						<String CONTENT="and" ID="St_1.5.11.9" HPOS="1520" VPOS="3904" HEIGHT="72" WIDTH="156" STYLEREFS="Style_4" WC="1" CC="000"/>
						<SP ID="SP_1.5.11.10" HPOS="1648" VPOS="3900" WIDTH="64"/>
						<String CONTENT="Andrew" ID="St_1.5.11.11" HPOS="1748" VPOS="3904" HEIGHT="72" WIDTH="360" STYLEREFS="Style_4" WC="1" CC="000000"/>
						<SP ID="SP_1.5.11.12" HPOS="2068" VPOS="3912" WIDTH="84"/>
						<String CONTENT="Hamming," ID="St_1.5.11.13" HPOS="2200" VPOS="3904" HEIGHT="92" WIDTH="476" STYLEREFS="Style_4" WC="1" CC="00000000"/>
					</TextLine>
					<TextLine ID="TL_1.5.12" HPOS="336" VPOS="4008" HEIGHT="100" WIDTH="2340">
						<String CONTENT="editors" ID="St_1.5.12.1" HPOS="336" VPOS="4008" HEIGHT="76" WIDTH="332" STYLEREFS="Style_4" WC="1" CC="0000000"/>
						<String CONTENT="]" ID="St_1.5.12.2" HPOS="676" VPOS="4008" HEIGHT="84" WIDTH="36" STYLEREFS="Style_4" WC="0.944444444444444" CC="4"/>
						<SP ID="SP_1.5.12.3" HPOS="696" VPOS="4008" WIDTH="56"/>
						<String CONTENT="&#169;" ID="St_1.5.12.4" HPOS="788" VPOS="4008" HEIGHT="68" WIDTH="72" STYLEREFS="Style_4" WC="0.9" CC="4"/>
						<SP ID="SP_1.5.12.5" HPOS="824" VPOS="4008" WIDTH="56"/>
						<String CONTENT="Jan." ID="St_1.5.12.6" HPOS="904" VPOS="4012" HEIGHT="92" WIDTH="176" STYLEREFS="Style_4" WC="0.933333333333333" CC="0000"/>
						<SP ID="SP_1.5.12.7" HPOS="1064" VPOS="4036" WIDTH="36"/>
						<String CONTENT="24," ID="St_1.5.12.8" HPOS="1124" VPOS="4008" HEIGHT="96" WIDTH="132" STYLEREFS="Style_4" WC="0.946666666666667" CC="000"/>
						<SP ID="SP_1.5.12.9" HPOS="1244" VPOS="4036" WIDTH="36"/>
						<String CONTENT="1940;" ID="St_1.5.12.10" HPOS="1308" VPOS="4012" HEIGHT="92" WIDTH="236" STYLEREFS="Style_4" WC="0.96" CC="00000"/>
						<SP ID="SP_1.5.12.11" HPOS="1532" VPOS="4020" WIDTH="32"/>
						<String CONTENT="A" ID="St_1.5.12.12" HPOS="1588" VPOS="4012" HEIGHT="72" WIDTH="68" STYLEREFS="Style_4" WC="0.962222222222222" CC="0"/>
						<SP ID="SP_1.5.12.13" HPOS="1620" VPOS="4008" WIDTH="60"/>
						<String CONTENT="166476;" ID="St_1.5.12.14" HPOS="1704" VPOS="4012" HEIGHT="96" WIDTH="340" STYLEREFS="Style_4" WC="0.971111111111111" CC="0000000"/>
						<SP ID="SP_1.5.12.15" HPOS="2032" VPOS="4020" WIDTH="40"/>
						<String CONTENT="Books," ID="St_1.5.12.16" HPOS="2108" VPOS="4012" HEIGHT="96" WIDTH="316" STYLEREFS="Style_4" WC="0.975555555555556" CC="000000"/>
						<SP ID="SP_1.5.12.17" HPOS="2408" VPOS="4036" WIDTH="36"/>
						<String CONTENT="inc.," ID="St_1.5.12.18" HPOS="2472" VPOS="4016" HEIGHT="88" WIDTH="204" STYLEREFS="Style_4" WC="0.968888888888889" CC="40000"/>
					</TextLine>
					<TextLine ID="TL_1.5.13" HPOS="332" VPOS="4120" HEIGHT="76" WIDTH="2348">
						<String CONTENT="New" ID="St_1.5.13.1" HPOS="332" VPOS="4124" HEIGHT="68" WIDTH="196" STYLEREFS="Style_4" WC="1" CC="000"/>
						<SP ID="SP_1.5.13.2" HPOS="492" VPOS="4128" WIDTH="52"/>
						<String CONTENT="York." ID="St_1.5.13.3" HPOS="564" VPOS="4120" HEIGHT="76" WIDTH="260" STYLEREFS="Style_4" WC="1" CC="00000"/>
						<SP ID="SP_1.5.13.4" HPOS="812" VPOS="4120" WIDTH="1660"/>
						<String CONTENT="5504" ID="St_1.5.13.5" HPOS="2472" VPOS="4120" HEIGHT="72" WIDTH="208" STYLEREFS="Style_4" WC="0.703333333333333" CC="0000"/>
					</TextLine>
					<TextLine ID="TL_1.5.14" HPOS="188" VPOS="4332" HEIGHT="100" WIDTH="2484">
						<String CONTENT="A" ID="St_1.5.14.1" HPOS="188" VPOS="4336" HEIGHT="72" WIDTH="72" STYLEREFS="Style_4" WC="0.888888888888889" CC="1"/>
						<String CONTENT="f" ID="St_1.5.14.2" HPOS="256" VPOS="4336" HEIGHT="72" WIDTH="36" STYLEREFS="Style_4" WC="0.777777777777778" CC="3"/>
						<String CONTENT="ford" ID="St_1.5.14.3" HPOS="292" VPOS="4336" HEIGHT="76" WIDTH="200" STYLEREFS="Style_4" WC="0.925555555555556" CC="0000"/>
						<SP ID="SP_1.5.14.4" HPOS="464" VPOS="4332" WIDTH="64"/>
						<String CONTENT="(Max" ID="St_1.5.14.5" HPOS="568" VPOS="4336" HEIGHT="92" WIDTH="224" STYLEREFS="Style_4" WC="0.928888888888889" CC="0003"/>
						<String CONTENT=")" ID="St_1.5.14.6" HPOS="800" VPOS="4336" HEIGHT="92" WIDTH="28" STYLEREFS="Style_4" WC="0.925555555555556" CC="1"/>
						<String CONTENT="*" ID="St_1.5.14.7" HPOS="840" VPOS="4340" HEIGHT="44" WIDTH="36" STYLEREFS="Style_4" WC="0.931111111111111" CC="0"/>
						<SP ID="SP_1.5.14.8" HPOS="856" VPOS="4336" WIDTH="80"/>
						<String CONTENT="Sydney," ID="St_1.5.14.9" HPOS="1000" VPOS="4336" HEIGHT="96" WIDTH="344" STYLEREFS="Style_4" WC="0.956666666666667" CC="0000000"/>
						<SP ID="SP_1.5.14.10" HPOS="1332" VPOS="4364" WIDTH="48"/>
						<String CONTENT="Australia." ID="St_1.5.14.11" HPOS="1420" VPOS="4340" HEIGHT="76" WIDTH="484" STYLEREFS="Style_4" WC="0.972222222222222" CC="0000000000"/>
						<SP ID="SP_1.5.14.12" HPOS="1888" VPOS="4364" WIDTH="60"/>
						<String CONTENT="Fly" ID="St_1.5.14.13" HPOS="2000" VPOS="4344" HEIGHT="88" WIDTH="156" STYLEREFS="Style_4" WC="0.974444444444444" CC="000"/>
						<SP ID="SP_1.5.14.14" HPOS="2128" VPOS="4344" WIDTH="56"/>
						<String CONTENT="by" ID="St_1.5.14.15" HPOS="2212" VPOS="4344" HEIGHT="88" WIDTH="108" STYLEREFS="Style_4" WC="0.976666666666667" CC="00"/>
						<SP ID="SP_1.5.14.16" HPOS="2288" VPOS="4344" WIDTH="76"/>
						<String CONTENT="night." ID="St_1.5.14.17" HPOS="2412" VPOS="4344" HEIGHT="88" WIDTH="260" STYLEREFS="Style_4" WC="0.98" CC="000000"/>
					</TextLine>
					<TextLine ID="TL_1.5.15" HPOS="336" VPOS="4440" HEIGHT="104" WIDTH="2340">
						<String CONTENT="&#169;" ID="St_1.5.15.1" HPOS="336" VPOS="4440" HEIGHT="72" WIDTH="72" STYLEREFS="Style_4" WC="0.555555555555556" CC="4"/>
						<SP ID="SP_1.5.15.2" HPOS="372" VPOS="4440" WIDTH="72"/>
						<String CONTENT="1" ID="St_1.5.15.3" HPOS="480" VPOS="4444" HEIGHT="76" WIDTH="40" STYLEREFS="Style_4" WC="0.851111111111111" CC="0"/>
						<SP ID="SP_1.5.15.4" HPOS="496" VPOS="4440" WIDTH="56"/>
						<String CONTENT="c." ID="St_1.5.15.5" HPOS="588" VPOS="4468" HEIGHT="56" WIDTH="80" STYLEREFS="Style_4" WC="0.925555555555556" CC="00"/>
						<SP ID="SP_1.5.15.6" HPOS="656" VPOS="4472" WIDTH="48"/>
						<String CONTENT="Aug." ID="St_1.5.15.7" HPOS="740" VPOS="4448" HEIGHT="92" WIDTH="208" STYLEREFS="Style_4" WC="0.958888888888889" CC="0000"/>
						<SP ID="SP_1.5.15.8" HPOS="936" VPOS="4472" WIDTH="48"/>
						<String CONTENT="13," ID="St_1.5.15.9" HPOS="1020" VPOS="4444" HEIGHT="96" WIDTH="128" STYLEREFS="Style_4" WC="0.97" CC="000"/>
						<SP ID="SP_1.5.15.10" HPOS="1136" VPOS="4472" WIDTH="44"/>
						<String CONTENT="1942;" ID="St_1.5.15.11" HPOS="1216" VPOS="4444" HEIGHT="100" WIDTH="240" STYLEREFS="Style_4" WC="0.977777777777778" CC="00000"/>
						<SP ID="SP_1.5.15.12" HPOS="1440" VPOS="4456" WIDTH="52"/>
						<String CONTENT="A" ID="St_1.5.15.13" HPOS="1532" VPOS="4452" HEIGHT="68" WIDTH="72" STYLEREFS="Style_4" WC="0.98" CC="0"/>
						<SP ID="SP_1.5.15.14" HPOS="1564" VPOS="4444" WIDTH="68"/>
						<String CONTENT="ad" ID="St_1.5.15.15" HPOS="1660" VPOS="4448" HEIGHT="72" WIDTH="108" STYLEREFS="Style_4" WC="0.982222222222222" CC="00"/>
						<SP ID="SP_1.5.15.16" HPOS="1736" VPOS="4444" WIDTH="60"/>
						<String CONTENT="in" ID="St_1.5.15.17" HPOS="1824" VPOS="4452" HEIGHT="72" WIDTH="80" STYLEREFS="Style_5" WC="0.961111111111111" CC="33"/>
						<String CONTENT="t." ID="St_1.5.15.18" HPOS="1908" VPOS="4452" HEIGHT="76" WIDTH="64" STYLEREFS="Style_5" WC="0.963333333333333" CC="00"/>
						<SP ID="SP_1.5.15.19" HPOS="1956" VPOS="4472" WIDTH="56"/>
						<String CONTENT="27254;" ID="St_1.5.15.20" HPOS="2052" VPOS="4448" HEIGHT="96" WIDTH="296" STYLEREFS="Style_5" WC="0.97" CC="000000"/>
						<SP ID="SP_1.5.15.21" HPOS="2332" VPOS="4456" WIDTH="56"/>
						<String CONTENT="pubd." ID="St_1.5.15.22" HPOS="2432" VPOS="4448" HEIGHT="92" WIDTH="244" STYLEREFS="Style_5" WC="0.974444444444444" CC="00000"/>
					</TextLine>
					<TextLine ID="TL_1.5.16" HPOS="324" VPOS="4556" HEIGHT="92" WIDTH="2352">
						<String CONTENT="June" ID="St_1.5.16.1" HPOS="324" VPOS="4560" HEIGHT="88" WIDTH="200" STYLEREFS="Style_5" WC="1" CC="0000"/>
						<SP ID="SP_1.5.16.2" HPOS="496" VPOS="4564" WIDTH="52"/>
						<String CONTENT="19." ID="St_1.5.16.3" HPOS="572" VPOS="4556" HEIGHT="72" WIDTH="120" STYLEREFS="Style_5" WC="0.944444444444444" CC="004"/>
						<SP ID="SP_1.5.16.4" HPOS="680" VPOS="4556" WIDTH="1792"/>
						<String CONTENT="550" ID="St_1.5.16.5" HPOS="2472" VPOS="4556" HEIGHT="72" WIDTH="156" STYLEREFS="Style_5" WC="0.674444444444444" CC="000"/>
						<String CONTENT="5" ID="St_1.5.16.6" HPOS="2632" VPOS="4556" HEIGHT="72" WIDTH="44" STYLEREFS="Style_5" WC="0.671111111111111" CC="4"/>
					</TextLine>
					<TextLine ID="TL_1.5.17" HPOS="184" VPOS="4768" HEIGHT="100" WIDTH="2488">
						<String CONTENT="Alderfer" ID="St_1.5.17.1" HPOS="184" VPOS="4768" HEIGHT="76" WIDTH="408" STYLEREFS="Style_5" WC="0.944444444444444" CC="00000400"/>
						<SP ID="SP_1.5.17.2" HPOS="564" VPOS="4780" WIDTH="56"/>
						<String CONTENT="(E." ID="St_1.5.17.3" HPOS="656" VPOS="4768" HEIGHT="92" WIDTH="132" STYLEREFS="Style_5" WC="0.962222222222222" CC="000"/>
						<SP ID="SP_1.5.17.4" HPOS="772" VPOS="4796" WIDTH="36"/>
						<String CONTENT="B.)" ID="St_1.5.17.5" HPOS="832" VPOS="4768" HEIGHT="96" WIDTH="136" STYLEREFS="Style_5" WC="0.972222222222222" CC="000"/>
						<SP ID="SP_1.5.17.6" HPOS="952" VPOS="4768" WIDTH="64"/>
						<String CONTENT="Economics" ID="St_1.5.17.7" HPOS="1064" VPOS="4772" HEIGHT="76" WIDTH="516" STYLEREFS="Style_5" WC="0.982222222222222" CC="000000000"/>
						<SP ID="SP_1.5.17.8" HPOS="1552" VPOS="4780" WIDTH="48"/>
						<String CONTENT="of" ID="St_1.5.17.9" HPOS="1624" VPOS="4772" HEIGHT="80" WIDTH="84" STYLEREFS="Style_5" WC="0.984444444444444" CC="00"/>
						<SP ID="SP_1.5.17.10" HPOS="1688" VPOS="4768" WIDTH="36"/>
						<String CONTENT="American" ID="St_1.5.17.11" HPOS="1744" VPOS="4780" HEIGHT="72" WIDTH="464" STYLEREFS="Style_5" WC="0.987777777777778" CC="00000000"/>
						<SP ID="SP_1.5.17.12" HPOS="2180" VPOS="4780" WIDTH="48"/>
						<String CONTENT="industry," ID="St_1.5.17.13" HPOS="2252" VPOS="4776" HEIGHT="92" WIDTH="420" STYLEREFS="Style_5" WC="0.99" CC="000000000"/>
					</TextLine>
					<TextLine ID="TL_1.5.18" HPOS="324" VPOS="4880" HEIGHT="96" WIDTH="2348">
						<String CONTENT="by" ID="St_1.5.18.1" HPOS="324" VPOS="4884" HEIGHT="92" WIDTH="112" STYLEREFS="Style_5" WC="1" CC="00"/>
						<SP ID="SP_1.5.18.2" HPOS="404" VPOS="4892" WIDTH="60"/>
						<String CONTENT="E." ID="St_1.5.18.3" HPOS="492" VPOS="4888" HEIGHT="72" WIDTH="100" STYLEREFS="Style_5" WC="1" CC="00"/>
						<SP ID="SP_1.5.18.4" HPOS="576" VPOS="4908" WIDTH="44"/>
						<String CONTENT="B." ID="St_1.5.18.5" HPOS="656" VPOS="4888" HEIGHT="72" WIDTH="96" STYLEREFS="Style_5" WC="1" CC="00"/>
						<SP ID="SP_1.5.18.6" HPOS="740" VPOS="4908" WIDTH="40"/>
						<String CONTENT="Alderfer" ID="St_1.5.18.7" HPOS="812" VPOS="4880" HEIGHT="76" WIDTH="412" STYLEREFS="Style_5" WC="0.973333333333333" CC="00000400"/>
						<SP ID="SP_1.5.18.8" HPOS="1196" VPOS="4892" WIDTH="60"/>
						<String CONTENT="&amp;" ID="St_1.5.18.9" HPOS="1296" VPOS="4880" HEIGHT="72" WIDTH="64" STYLEREFS="Style_5" WC="0.975555555555556" CC="0"/>
						<SP ID="SP_1.5.18.10" HPOS="1324" VPOS="4880" WIDTH="56"/>
						<String CONTENT="H." ID="St_1.5.18.11" HPOS="1408" VPOS="4888" HEIGHT="72" WIDTH="100" STYLEREFS="Style_5" WC="0.978888888888889" CC="00"/>
						<SP ID="SP_1.5.18.12" HPOS="1492" VPOS="4908" WIDTH="44"/>
						<String CONTENT="E." ID="St_1.5.18.13" HPOS="1572" VPOS="4888" HEIGHT="76" WIDTH="96" STYLEREFS="Style_5" WC="0.982222222222222" CC="00"/>
						<SP ID="SP_1.5.18.14" HPOS="1652" VPOS="4908" WIDTH="44"/>
						<String CONTENT="M" ID="St_1.5.18.15" HPOS="1732" VPOS="4888" HEIGHT="72" WIDTH="88" STYLEREFS="Style_5" WC="0.983333333333333" CC="0"/>
						<String CONTENT="i" ID="St_1.5.18.16" HPOS="1824" VPOS="4888" HEIGHT="68" WIDTH="32" STYLEREFS="Style_5" WC="0.967777777777778" CC="4"/>
						<String CONTENT="c" ID="St_1.5.18.17" HPOS="1860" VPOS="4904" HEIGHT="52" WIDTH="44" STYLEREFS="Style_6" WC="0.968888888888889" CC="0"/>
						<String CONTENT="h" ID="St_1.5.18.18" HPOS="1908" VPOS="4888" HEIGHT="68" WIDTH="52" STYLEREFS="Style_6" WC="0.97" CC="0"/>
						<String CONTENT="l" ID="St_1.5.18.19" HPOS="1964" VPOS="4888" HEIGHT="72" WIDTH="32" STYLEREFS="Style_6" WC="0.971111111111111" CC="0"/>
						<String CONTENT="." ID="St_1.5.18.20" HPOS="2000" VPOS="4940" HEIGHT="24" WIDTH="24" STYLEREFS="Style_6" WC="0.972222222222222" CC="0"/>
						<SP ID="SP_1.5.18.21" HPOS="2008" VPOS="4908" WIDTH="76"/>
						<String CONTENT="1st" ID="St_1.5.18.22" HPOS="2148" VPOS="4888" HEIGHT="68" WIDTH="132" STYLEREFS="Style_6" WC="0.974444444444444" CC="000"/>
						<SP ID="SP_1.5.18.23" HPOS="2260" VPOS="4884" WIDTH="48"/>
						<String CONTENT="ed." ID="St_1.5.18.24" HPOS="2344" VPOS="4888" HEIGHT="76" WIDTH="132" STYLEREFS="Style_6" WC="0.977777777777778" CC="000"/>
						<SP ID="SP_1.5.18.25" HPOS="2460" VPOS="4908" WIDTH="76"/>
						<String CONTENT="&#169;" ID="St_1.5.18.26" HPOS="2600" VPOS="4880" HEIGHT="68" WIDTH="72" STYLEREFS="Style_6" WC="0.948888888888889" CC="7"/>
					</TextLine>
					<TextLine ID="TL_1.5.19" HPOS="328" VPOS="4988" HEIGHT="100" WIDTH="2340">
						<String CONTENT="July" ID="St_1.5.19.1" HPOS="328" VPOS="4992" HEIGHT="92" WIDTH="176" STYLEREFS="Style_6" WC="1" CC="0000"/>
						<SP ID="SP_1.5.19.2" HPOS="476" VPOS="4996" WIDTH="60"/>
						<String CONTENT="24," ID="St_1.5.19.3" HPOS="564" VPOS="4992" HEIGHT="96" WIDTH="132" STYLEREFS="Style_6" WC="1" CC="000"/>
						<SP ID="SP_1.5.19.4" HPOS="680" VPOS="5016" WIDTH="48"/>
						<String CONTENT="1942;" ID="St_1.5.19.5" HPOS="764" VPOS="4992" HEIGHT="96" WIDTH="236" STYLEREFS="Style_6" WC="1" CC="00000"/>
						<SP ID="SP_1.5.19.6" HPOS="988" VPOS="5000" WIDTH="44"/>
						<String CONTENT="A" ID="St_1.5.19.7" HPOS="1064" VPOS="4992" HEIGHT="72" WIDTH="68" STYLEREFS="Style_6" WC="1" CC="0"/>
						<SP ID="SP_1.5.19.8" HPOS="1096" VPOS="4988" WIDTH="60"/>
						<String CONTENT="165860;" ID="St_1.5.19.9" HPOS="1180" VPOS="4992" HEIGHT="96" WIDTH="340" STYLEREFS="Style_6" WC="1" CC="0000000"/>
						<SP ID="SP_1.5.19.10" HPOS="1508" VPOS="5000" WIDTH="44"/>
						<String CONTENT="McGraw-Hill" ID="St_1.5.19.11" HPOS="1588" VPOS="4996" HEIGHT="76" WIDTH="624" STYLEREFS="Style_6" WC="1" CC="00000000000"/>
						<SP ID="SP_1.5.19.12" HPOS="2192" VPOS="4988" WIDTH="32"/>
						<String CONTENT="book" ID="St_1.5.19.13" HPOS="2248" VPOS="4992" HEIGHT="80" WIDTH="216" STYLEREFS="Style_6" WC="1" CC="0000"/>
						<SP ID="SP_1.5.19.14" HPOS="2436" VPOS="4988" WIDTH="44"/>
						<String CONTENT="co.," ID="St_1.5.19.15" HPOS="2504" VPOS="5012" HEIGHT="76" WIDTH="164" STYLEREFS="Style_6" WC="1" CC="0000"/>
					</TextLine>
					<TextLine ID="TL_1.5.20" HPOS="332" VPOS="5100" HEIGHT="96" WIDTH="2344">
						<String CONTENT="inc.," ID="St_1.5.20.1" HPOS="332" VPOS="5104" HEIGHT="92" WIDTH="208" STYLEREFS="Style_6" WC="0.888888888888889" CC="50000"/>
						<SP ID="SP_1.5.20.2" HPOS="524" VPOS="5128" WIDTH="36"/>
						<String CONTENT="New" ID="St_1.5.20.3" HPOS="584" VPOS="5108" HEIGHT="72" WIDTH="196" STYLEREFS="Style_6" WC="0.937777777777778" CC="000"/>
						<SP ID="SP_1.5.20.4" HPOS="740" VPOS="5112" WIDTH="56"/>
						<String CONTENT="York." ID="St_1.5.20.5" HPOS="816" VPOS="5104" HEIGHT="76" WIDTH="256" STYLEREFS="Style_6" WC="0.962222222222222" CC="00000"/>
						<SP ID="SP_1.5.20.6" HPOS="1060" VPOS="5104" WIDTH="1412"/>
						<String CONTENT="5506" ID="St_1.5.20.7" HPOS="2472" VPOS="5100" HEIGHT="76" WIDTH="204" STYLEREFS="Style_6" WC="0.753333333333333" CC="0000"/>
					</TextLine>
					<TextLine ID="TL_1.5.21" HPOS="180" VPOS="5324" HEIGHT="112" WIDTH="2492">
						<String CONTENT="Alger" ID="St_1.5.21.1" HPOS="180" VPOS="5340" HEIGHT="92" WIDTH="272" STYLEREFS="Style_6" WC="1" CC="00000"/>
						<SP ID="SP_1.5.21.2" HPOS="424" VPOS="5344" WIDTH="84"/>
						<String CONTENT="(Leclaire)" ID="St_1.5.21.3" HPOS="568" VPOS="5336" HEIGHT="96" WIDTH="468" STYLEREFS="Style_6" WC="1" CC="0000000000"/>
						<String CONTENT="*" ID="St_1.5.21.4" HPOS="1044" VPOS="5340" HEIGHT="48" WIDTH="40" STYLEREFS="Style_6" WC="0.953333333333333" CC="7"/>
						<SP ID="SP_1.5.21.5" HPOS="1036" VPOS="5332" WIDTH="152"/>
						<String CONTENT="Pittsburgh." ID="St_1.5.21.6" HPOS="1240" VPOS="5340" HEIGHT="92" WIDTH="532" STYLEREFS="Style_6" WC="0.958888888888889" CC="00000000000"/>
						<SP ID="SP_1.5.21.7" HPOS="1756" VPOS="5364" WIDTH="88"/>
						<String CONTENT="Douga" ID="St_1.5.21.8" HPOS="1920" VPOS="5344" HEIGHT="92" WIDTH="292" STYLEREFS="Style_6" WC="0.953333333333333" CC="40000"/>
						<String CONTENT="l" ID="St_1.5.21.9" HPOS="2212" VPOS="5344" HEIGHT="72" WIDTH="32" STYLEREFS="Style_6" WC="0.942222222222222" CC="4"/>
						<String CONTENT="&apos;s" ID="St_1.5.21.10" HPOS="2252" VPOS="5324" HEIGHT="88" WIDTH="84" STYLEREFS="Style_6" WC="0.945555555555556" CC="00"/>
						<SP ID="SP_1.5.21.11" HPOS="2308" VPOS="5344" WIDTH="72"/>
						<String CONTENT="wish." ID="St_1.5.21.12" HPOS="2428" VPOS="5344" HEIGHT="76" WIDTH="244" STYLEREFS="Style_6" WC="0.952222222222222" CC="00000"/>
					</TextLine>
					<TextLine ID="TL_1.5.22" HPOS="332" VPOS="5436" HEIGHT="112" WIDTH="2348">
						<String CONTENT="[1st" ID="St_1.5.22.1" HPOS="332" VPOS="5436" HEIGHT="108" WIDTH="172" STYLEREFS="Style_6" WC="1" CC="0000"/>
						<SP ID="SP_1.5.22.2" HPOS="484" VPOS="5444" WIDTH="40"/>
						<String CONTENT="ed.]" ID="St_1.5.22.3" HPOS="548" VPOS="5440" HEIGHT="108" WIDTH="184" STYLEREFS="Style_6" WC="1" CC="0000"/>
						<SP ID="SP_1.5.22.4" HPOS="712" VPOS="5440" WIDTH="52"/>
						<String CONTENT="&#169;" ID="St_1.5.22.5" HPOS="804" VPOS="5440" HEIGHT="68" WIDTH="68" STYLEREFS="Style_6" WC="0.958888888888889" CC="4"/>
						<SP ID="SP_1.5.22.6" HPOS="836" VPOS="5440" WIDTH="60"/>
						<String CONTENT="Aug." ID="St_1.5.22.7" HPOS="916" VPOS="5448" HEIGHT="88" WIDTH="212" STYLEREFS="Style_6" WC="0.972222222222222" CC="0000"/>
						<SP ID="SP_1.5.22.8" HPOS="1112" VPOS="5468" WIDTH="40"/>
						<String CONTENT="19," ID="St_1.5.22.9" HPOS="1176" VPOS="5444" HEIGHT="92" WIDTH="132" STYLEREFS="Style_6" WC="0.977777777777778" CC="000"/>
						<SP ID="SP_1.5.22.10" HPOS="1292" VPOS="5468" WIDTH="40"/>
						<String CONTENT="1942;" ID="St_1.5.22.11" HPOS="1360" VPOS="5444" HEIGHT="96" WIDTH="236" STYLEREFS="Style_6" WC="0.982222222222222" CC="00000"/>
						<SP ID="SP_1.5.22.12" HPOS="1584" VPOS="5452" WIDTH="32"/>
						<String CONTENT="A" ID="St_1.5.22.13" HPOS="1640" VPOS="5448" HEIGHT="72" WIDTH="72" STYLEREFS="Style_6" WC="0.983333333333333" CC="0"/>
						<SP ID="SP_1.5.22.14" HPOS="1672" VPOS="5444" WIDTH="60"/>
						<String CONTENT="16644" ID="St_1.5.22.15" HPOS="1756" VPOS="5444" HEIGHT="76" WIDTH="252" STYLEREFS="Style_6" WC="0.986666666666667" CC="00000"/>
						<String CONTENT="8" ID="St_1.5.22.16" HPOS="2016" VPOS="5444" HEIGHT="76" WIDTH="48" STYLEREFS="Style_7" WC="0.974444444444444" CC="4"/>
						<String CONTENT="." ID="St_1.5.22.17" HPOS="2072" VPOS="5500" HEIGHT="24" WIDTH="24" STYLEREFS="Style_7" WC="0.974444444444444" CC="0"/>
						<SP ID="SP_1.5.22.18" HPOS="2080" VPOS="5436" WIDTH="200"/>
						<String CONTENT="5507" ID="St_1.5.22.19" HPOS="2468" VPOS="5444" HEIGHT="76" WIDTH="212" STYLEREFS="Style_7" WC="0.967777777777778" CC="0000"/>
					</TextLine>
					<TextLine ID="TL_1.5.23" HPOS="180" VPOS="5688" HEIGHT="100" WIDTH="2488">
						<String CONTENT="Altstetter" ID="St_1.5.23.1" HPOS="180" VPOS="5692" HEIGHT="72" WIDTH="464" STYLEREFS="Style_7" WC="1" CC="0000000000"/>
						<SP ID="SP_1.5.23.2" HPOS="616" VPOS="5700" WIDTH="56"/>
						<String CONTENT="(Mabel" ID="St_1.5.23.3" HPOS="708" VPOS="5688" HEIGHT="96" WIDTH="312" STYLEREFS="Style_7" WC="1" CC="000000"/>
						<SP ID="SP_1.5.23.4" HPOS="1000" VPOS="5692" WIDTH="48"/>
						<String CONTENT="F.)" ID="St_1.5.23.5" HPOS="1080" VPOS="5688" HEIGHT="96" WIDTH="136" STYLEREFS="Style_7" WC="1" CC="000"/>
						<SP ID="SP_1.5.23.6" HPOS="1200" VPOS="5688" WIDTH="64"/>
						<String CONTENT="America," ID="St_1.5.23.7" HPOS="1312" VPOS="5700" HEIGHT="88" WIDTH="444" STYLEREFS="Style_7" WC="1" CC="00000000"/>
						<SP ID="SP_1.5.23.8" HPOS="1740" VPOS="5720" WIDTH="44"/>
						<String CONTENT="yesterday" ID="St_1.5.23.9" HPOS="1816" VPOS="5696" HEIGHT="92" WIDTH="464" STYLEREFS="Style_7" WC="1" CC="000000000"/>
						<SP ID="SP_1.5.23.10" HPOS="2252" VPOS="5700" WIDTH="56"/>
						<String CONTENT="and" ID="St_1.5.23.11" HPOS="2340" VPOS="5696" HEIGHT="76" WIDTH="156" STYLEREFS="Style_7" WC="1" CC="000"/>
						<SP ID="SP_1.5.23.12" HPOS="2464" VPOS="5692" WIDTH="44"/>
						<String CONTENT="to-" ID="St_1.5.23.13" HPOS="2532" VPOS="5700" HEIGHT="72" WIDTH="136" STYLEREFS="Style_7" WC="1" CC="000"/>
					</TextLine>
					<TextLine ID="TL_1.5.24" HPOS="328" VPOS="5800" HEIGHT="108" WIDTH="2360">
						<String CONTENT="day," ID="St_1.5.24.1" HPOS="328" VPOS="5804" HEIGHT="92" WIDTH="188" STYLEREFS="Style_7" WC="1" CC="0000"/>
						<SP ID="SP_1.5.24.2" HPOS="500" VPOS="5828" WIDTH="52"/>
						<String CONTENT="by" ID="St_1.5.24.3" HPOS="592" VPOS="5808" HEIGHT="92" WIDTH="112" STYLEREFS="Style_7" WC="1" CC="00"/>
						<SP ID="SP_1.5.24.4" HPOS="676" VPOS="5812" WIDTH="64"/>
						<String CONTENT="M." ID="St_1.5.24.5" HPOS="780" VPOS="5808" HEIGHT="76" WIDTH="116" STYLEREFS="Style_7" WC="1" CC="00"/>
						<SP ID="SP_1.5.24.6" HPOS="884" VPOS="5828" WIDTH="52"/>
						<String CONTENT="F." ID="St_1.5.24.7" HPOS="976" VPOS="5808" HEIGHT="72" WIDTH="96" STYLEREFS="Style_7" WC="1" CC="00"/>
						<SP ID="SP_1.5.24.8" HPOS="1060" VPOS="5828" WIDTH="52"/>
						<String CONTENT="Alt" ID="St_1.5.24.9" HPOS="1152" VPOS="5804" HEIGHT="76" WIDTH="140" STYLEREFS="Style_7" WC="1" CC="000"/>
						<String CONTENT="s" ID="St_1.5.24.10" HPOS="1300" VPOS="5820" HEIGHT="56" WIDTH="44" STYLEREFS="Style_7" WC="0.974444444444444" CC="4"/>
						<String CONTENT="tetter," ID="St_1.5.24.11" HPOS="1348" VPOS="5808" HEIGHT="92" WIDTH="300" STYLEREFS="Style_7" WC="0.982222222222222" CC="0000000"/>
						<SP ID="SP_1.5.24.12" HPOS="1636" VPOS="5828" WIDTH="52"/>
						<String CONTENT="A." ID="St_1.5.24.13" HPOS="1728" VPOS="5808" HEIGHT="76" WIDTH="100" STYLEREFS="Style_7" WC="0.967777777777778" CC="04"/>
						<SP ID="SP_1.5.24.14" HPOS="1812" VPOS="5828" WIDTH="56"/>
						<String CONTENT="L." ID="St_1.5.24.15" HPOS="1912" VPOS="5812" HEIGHT="72" WIDTH="96" STYLEREFS="Style_7" WC="0.971111111111111" CC="00"/>
						<SP ID="SP_1.5.24.16" HPOS="1992" VPOS="5828" WIDTH="52"/>
						<String CONTENT="Crabb" ID="St_1.5.24.17" HPOS="2088" VPOS="5808" HEIGHT="72" WIDTH="284" STYLEREFS="Style_7" WC="0.975555555555556" CC="00000"/>
						<SP ID="SP_1.5.24.18" HPOS="2340" VPOS="5804" WIDTH="68"/>
						<String CONTENT="[and]" ID="St_1.5.24.19" HPOS="2452" VPOS="5800" HEIGHT="108" WIDTH="236" STYLEREFS="Style_7" WC="0.978888888888889" CC="00000"/>
					</TextLine>
					<TextLine ID="TL_1.5.25" HPOS="332" VPOS="5912" HEIGHT="100" WIDTH="2340">
						<String CONTENT="Lewis" ID="St_1.5.25.1" HPOS="332" VPOS="5920" HEIGHT="68" WIDTH="280" STYLEREFS="Style_7" WC="1" CC="00000"/>
						<SP ID="SP_1.5.25.2" HPOS="588" VPOS="5920" WIDTH="52"/>
						<String CONTENT="W." ID="St_1.5.25.3" HPOS="668" VPOS="5920" HEIGHT="72" WIDTH="120" STYLEREFS="Style_7" WC="1" CC="00"/>
						<SP ID="SP_1.5.25.4" HPOS="776" VPOS="5940" WIDTH="40"/>
						<String CONTENT="Newton." ID="St_1.5.25.5" HPOS="848" VPOS="5916" HEIGHT="76" WIDTH="368" STYLEREFS="Style_7" WC="1" CC="0000000"/>
						<SP ID="SP_1.5.25.6" HPOS="1204" VPOS="5940" WIDTH="64"/>
						<String CONTENT="&#169;" ID="St_1.5.25.7" HPOS="1320" VPOS="5912" HEIGHT="68" WIDTH="72" STYLEREFS="Style_7" WC="0.974444444444444" CC="4"/>
						<SP ID="SP_1.5.25.8" HPOS="1356" VPOS="5912" WIDTH="68"/>
						<String CONTENT="Aug." ID="St_1.5.25.9" HPOS="1456" VPOS="5920" HEIGHT="88" WIDTH="208" STYLEREFS="Style_7" WC="0.98" CC="0000"/>
						<SP ID="SP_1.5.25.10" HPOS="1648" VPOS="5940" WIDTH="48"/>
						<String CONTENT="10," ID="St_1.5.25.11" HPOS="1736" VPOS="5916" HEIGHT="92" WIDTH="128" STYLEREFS="Style_7" WC="0.983333333333333" CC="000"/>
						<SP ID="SP_1.5.25.12" HPOS="1852" VPOS="5944" WIDTH="36"/>
						<String CONTENT="1942;" ID="St_1.5.25.13" HPOS="1916" VPOS="5916" HEIGHT="96" WIDTH="236" STYLEREFS="Style_7" WC="0.972222222222222" CC="00000"/>
						<SP ID="SP_1.5.25.14" HPOS="2140" VPOS="5928" WIDTH="40"/>
						<String CONTENT="A" ID="St_1.5.25.15" HPOS="2216" VPOS="5920" HEIGHT="68" WIDTH="68" STYLEREFS="Style_7" WC="0.974444444444444" CC="0"/>
						<SP ID="SP_1.5.25.16" HPOS="2248" VPOS="5916" WIDTH="56"/>
						<String CONTENT="166305;" ID="St_1.5.25.17" HPOS="2328" VPOS="5916" HEIGHT="96" WIDTH="344" STYLEREFS="Style_7" WC="0.978888888888889" CC="0000000"/>
					</TextLine>
					<TextLine ID="TL_1.5.26" HPOS="332" VPOS="6020" HEIGHT="96" WIDTH="2344">
						<String CONTENT="Southern" ID="St_1.5.26.1" HPOS="332" VPOS="6024" HEIGHT="76" WIDTH="408" STYLEREFS="Style_7" WC="1" CC="00000000"/>
						<SP ID="SP_1.5.26.2" HPOS="712" VPOS="6036" WIDTH="44"/>
						<String CONTENT="pub." ID="St_1.5.26.3" HPOS="776" VPOS="6028" HEIGHT="88" WIDTH="192" STYLEREFS="Style_7" WC="1" CC="0000"/>
						<SP ID="SP_1.5.26.4" HPOS="952" VPOS="6052" WIDTH="36"/>
						<String CONTENT="co.," ID="St_1.5.26.5" HPOS="1012" VPOS="6044" HEIGHT="72" WIDTH="168" STYLEREFS="Style_7" WC="1" CC="0000"/>
						<SP ID="SP_1.5.26.6" HPOS="1168" VPOS="6052" WIDTH="32"/>
						<String CONTENT="Dallas." ID="St_1.5.26.7" HPOS="1224" VPOS="6024" HEIGHT="76" WIDTH="336" STYLEREFS="Style_7" WC="1" CC="0000000"/>
						<SP ID="SP_1.5.26.8" HPOS="1544" VPOS="6020" WIDTH="932"/>
						<String CONTENT="550" ID="St_1.5.26.9" HPOS="2476" VPOS="6024" HEIGHT="76" WIDTH="152" STYLEREFS="Style_7" WC="0.88" CC="000"/>
						<String CONTENT="8" ID="St_1.5.26.10" HPOS="2632" VPOS="6020" HEIGHT="76" WIDTH="44" STYLEREFS="Style_7" WC="0.872222222222222" CC="4"/>
					</TextLine>
					<TextLine ID="TL_1.5.27" HPOS="184" VPOS="6232" HEIGHT="92" WIDTH="2488">
						<String CONTENT="American" ID="St_1.5.27.1" HPOS="184" VPOS="6240" HEIGHT="76" WIDTH="464" STYLEREFS="Style_7" WC="1" CC="00000000"/>
						<SP ID="SP_1.5.27.2" HPOS="616" VPOS="6244" WIDTH="60"/>
						<String CONTENT="association" ID="St_1.5.27.3" HPOS="704" VPOS="6244" HEIGHT="72" WIDTH="536" STYLEREFS="Style_7" WC="1" CC="00000000000"/>
						<SP ID="SP_1.5.27.4" HPOS="1212" VPOS="6244" WIDTH="56"/>
						<String CONTENT="of" ID="St_1.5.27.5" HPOS="1300" VPOS="6240" HEIGHT="76" WIDTH="84" STYLEREFS="Style_7" WC="1" CC="00"/>
						<SP ID="SP_1.5.27.6" HPOS="1360" VPOS="6236" WIDTH="60"/>
						<String CONTENT="schools" ID="St_1.5.27.7" HPOS="1460" VPOS="6244" HEIGHT="76" WIDTH="352" STYLEREFS="Style_7" WC="1" CC="0000000"/>
						<SP ID="SP_1.5.27.8" HPOS="1788" VPOS="6244" WIDTH="60"/>
						<String CONTENT="of" ID="St_1.5.27.9" HPOS="1888" VPOS="6244" HEIGHT="76" WIDTH="84" STYLEREFS="Style_7" WC="1" CC="00"/>
						<SP ID="SP_1.5.27.10" HPOS="1952" VPOS="6236" WIDTH="56"/>
						<String CONTENT="social" ID="St_1.5.27.11" HPOS="2048" VPOS="6244" HEIGHT="76" WIDTH="288" STYLEREFS="Style_7" WC="1" CC="000000"/>
						<SP ID="SP_1.5.27.12" HPOS="2316" VPOS="6236" WIDTH="56"/>
						<String CONTENT="work." ID="St_1.5.27.13" HPOS="2412" VPOS="6232" HEIGHT="92" WIDTH="260" STYLEREFS="Style_7" WC="1" CC="00000"/>
					</TextLine>
					<TextLine ID="TL_1.5.28" HPOS="332" VPOS="6352" HEIGHT="96" WIDTH="2344">
						<String CONTENT="Study" ID="St_1.5.28.1" HPOS="332" VPOS="6352" HEIGHT="96" WIDTH="244" STYLEREFS="Style_7" WC="1" CC="00000"/>
						<SP ID="SP_1.5.28.2" HPOS="548" VPOS="6360" WIDTH="48"/>
						<String CONTENT="committee." ID="St_1.5.28.3" HPOS="620" VPOS="6356" HEIGHT="72" WIDTH="528" STYLEREFS="Style_7" WC="1" CC="0000000000"/>
						<SP ID="SP_1.5.28.4" HPOS="1132" VPOS="6376" WIDTH="44"/>
						<String CONTENT="Education" ID="St_1.5.28.5" HPOS="1212" VPOS="6352" HEIGHT="76" WIDTH="460" STYLEREFS="Style_7" WC="1" CC="000000000"/>
						<SP ID="SP_1.5.28.6" HPOS="1644" VPOS="6360" WIDTH="44"/>
						<String CONTENT="for" ID="St_1.5.28.7" HPOS="1712" VPOS="6352" HEIGHT="76" WIDTH="144" STYLEREFS="Style_7" WC="1" CC="000"/>
						<SP ID="SP_1.5.28.8" HPOS="1828" VPOS="6360" WIDTH="44"/>
						<String CONTENT="the" ID="St_1.5.28.9" HPOS="1892" VPOS="6356" HEIGHT="72" WIDTH="140" STYLEREFS="Style_7" WC="1" CC="000"/>
						<SP ID="SP_1.5.28.10" HPOS="2004" VPOS="6360" WIDTH="40"/>
						<String CONTENT="public" ID="St_1.5.28.11" HPOS="2068" VPOS="6356" HEIGHT="88" WIDTH="284" STYLEREFS="Style_7" WC="1" CC="000000"/>
						<SP ID="SP_1.5.28.12" HPOS="2324" VPOS="6360" WIDTH="48"/>
						<String CONTENT="social" ID="St_1.5.28.13" HPOS="2396" VPOS="6356" HEIGHT="72" WIDTH="280" STYLEREFS="Style_7" WC="1" CC="000000"/>
					</TextLine>
					<TextLine ID="TL_1.5.29" HPOS="332" VPOS="6456" HEIGHT="104" WIDTH="2348">
						<String CONTENT="services." ID="St_1.5.29.1" HPOS="332" VPOS="6464" HEIGHT="76" WIDTH="436" STYLEREFS="Style_7" WC="1" CC="000000000"/>
						<SP ID="SP_1.5.29.2" HPOS="756" VPOS="6484" WIDTH="52"/>
						<String CONTENT="&#169;" ID="St_1.5.29.3" HPOS="856" VPOS="6456" HEIGHT="68" WIDTH="68" STYLEREFS="Style_7" WC="0.958888888888889" CC="4"/>
						<SP ID="SP_1.5.29.4" HPOS="888" VPOS="6456" WIDTH="60"/>
						<String CONTENT="July" ID="St_1.5.29.5" HPOS="972" VPOS="6464" HEIGHT="92" WIDTH="180" STYLEREFS="Style_7" WC="0.972222222222222" CC="0000"/>
						<SP ID="SP_1.5.29.6" HPOS="1124" VPOS="6468" WIDTH="48"/>
						<String CONTENT="18," ID="St_1.5.29.7" HPOS="1196" VPOS="6460" HEIGHT="96" WIDTH="128" STYLEREFS="Style_7" WC="0.977777777777778" CC="000"/>
						<SP ID="SP_1.5.29.8" HPOS="1312" VPOS="6484" WIDTH="36"/>
						<String CONTENT="1942;" ID="St_1.5.29.9" HPOS="1376" VPOS="6464" HEIGHT="96" WIDTH="236" STYLEREFS="Style_7" WC="0.982222222222222" CC="00000"/>
						<SP ID="SP_1.5.29.10" HPOS="1596" VPOS="6468" WIDTH="36"/>
						<String CONTENT="A" ID="St_1.5.29.11" HPOS="1656" VPOS="6468" HEIGHT="72" WIDTH="68" STYLEREFS="Style_7" WC="0.983333333333333" CC="0"/>
						<SP ID="SP_1.5.29.12" HPOS="1684" VPOS="6460" WIDTH="60"/>
						<String CONTENT="165976;" ID="St_1.5.29.13" HPOS="1772" VPOS="6464" HEIGHT="96" WIDTH="340" STYLEREFS="Style_7" WC="0.986666666666667" CC="0000000"/>
						<SP ID="SP_1.5.29.14" HPOS="2100" VPOS="6468" WIDTH="44"/>
						<String CONTENT="University" ID="St_1.5.29.15" HPOS="2180" VPOS="6468" HEIGHT="92" WIDTH="500" STYLEREFS="Style_7" WC="0.975555555555556" CC="0000000411"/>
					</TextLine>
					<TextLine ID="TL_1.5.30" HPOS="332" VPOS="6564" HEIGHT="104" WIDTH="2348">
						<String CONTENT="of" ID="St_1.5.30.1" HPOS="332" VPOS="6572" HEIGHT="76" WIDTH="84" STYLEREFS="Style_7" WC="1" CC="00"/>
						<SP ID="SP_1.5.30.2" HPOS="392" VPOS="6564" WIDTH="40"/>
						<String CONTENT="North" ID="St_1.5.30.3" HPOS="456" VPOS="6576" HEIGHT="72" WIDTH="264" STYLEREFS="Style_7" WC="1" CC="00000"/>
						<SP ID="SP_1.5.30.4" HPOS="692" VPOS="6564" WIDTH="52"/>
						<String CONTENT="Carolina" ID="St_1.5.30.5" HPOS="768" VPOS="6572" HEIGHT="76" WIDTH="400" STYLEREFS="Style_7" WC="1" CC="00000000"/>
						<SP ID="SP_1.5.30.6" HPOS="1140" VPOS="6572" WIDTH="40"/>
						<String CONTENT="press," ID="St_1.5.30.7" HPOS="1204" VPOS="6588" HEIGHT="80" WIDTH="300" STYLEREFS="Style_7" WC="1" CC="000000"/>
						<SP ID="SP_1.5.30.8" HPOS="1492" VPOS="6592" WIDTH="36"/>
						<String CONTENT="Chapel" ID="St_1.5.30.9" HPOS="1556" VPOS="6572" HEIGHT="96" WIDTH="312" STYLEREFS="Style_7" WC="1" CC="000000"/>
						<SP ID="SP_1.5.30.10" HPOS="1848" VPOS="6564" WIDTH="36"/>
						<String CONTENT="Hill," ID="St_1.5.30.11" HPOS="1904" VPOS="6576" HEIGHT="92" WIDTH="208" STYLEREFS="Style_7" WC="1" CC="00000"/>
						<SP ID="SP_1.5.30.12" HPOS="2096" VPOS="6592" WIDTH="36"/>
						<String CONTENT="N." ID="St_1.5.30.13" HPOS="2156" VPOS="6580" HEIGHT="72" WIDTH="100" STYLEREFS="Style_7" WC="1" CC="00"/>
						<SP ID="SP_1.5.30.14" HPOS="2244" VPOS="6592" WIDTH="28"/>
						<String CONTENT="C." ID="St_1.5.30.15" HPOS="2288" VPOS="6572" HEIGHT="80" WIDTH="96" STYLEREFS="Style_7" WC="1" CC="00"/>
						<SP ID="SP_1.5.30.16" HPOS="2368" VPOS="6592" WIDTH="56"/>
						<String CONTENT="5509" ID="St_1.5.30.17" HPOS="2472" VPOS="6572" HEIGHT="76" WIDTH="208" STYLEREFS="Style_7" WC="1" CC="0000"/>
					</TextLine>
					<TextLine ID="TL_1.5.31" HPOS="184" VPOS="6784" HEIGHT="104" WIDTH="2484">
						<String CONTENT="American" ID="St_1.5.31.1" HPOS="184" VPOS="6788" HEIGHT="76" WIDTH="460" STYLEREFS="Style_7" WC="1" CC="00000000"/>
						<SP ID="SP_1.5.31.2" HPOS="616" VPOS="6796" WIDTH="52"/>
						<String CONTENT="federal" ID="St_1.5.31.3" HPOS="700" VPOS="6788" HEIGHT="76" WIDTH="344" STYLEREFS="Style_7" WC="1" CC="0000000"/>
						<SP ID="SP_1.5.31.4" HPOS="1024" VPOS="6788" WIDTH="44"/>
						<String CONTENT="tax" ID="St_1.5.31.5" HPOS="1096" VPOS="6792" HEIGHT="72" WIDTH="148" STYLEREFS="Style_7" WC="1" CC="000"/>
						<SP ID="SP_1.5.31.6" HPOS="1212" VPOS="6796" WIDTH="56"/>
						<String CONTENT="reports." ID="St_1.5.31.7" HPOS="1300" VPOS="6796" HEIGHT="88" WIDTH="384" STYLEREFS="Style_7" WC="1" CC="00000000"/>
						<SP ID="SP_1.5.31.8" HPOS="1668" VPOS="6816" WIDTH="64"/>
						<String CONTENT="v." ID="St_1.5.31.9" HPOS="1780" VPOS="6812" HEIGHT="60" WIDTH="84" STYLEREFS="Style_7" WC="1" CC="00"/>
						<SP ID="SP_1.5.31.10" HPOS="1848" VPOS="6816" WIDTH="44"/>
						<String CONTENT="26." ID="St_1.5.31.11" HPOS="1928" VPOS="6792" HEIGHT="80" WIDTH="132" STYLEREFS="Style_7" WC="1" CC="000"/>
						<SP ID="SP_1.5.31.12" HPOS="2044" VPOS="6816" WIDTH="64"/>
						<String CONTENT="&#169;" ID="St_1.5.31.13" HPOS="2160" VPOS="6784" HEIGHT="72" WIDTH="72" STYLEREFS="Style_7" WC="0.984444444444444" CC="5"/>
						<SP ID="SP_1.5.31.14" HPOS="2192" VPOS="6784" WIDTH="72"/>
						<String CONTENT="July" ID="St_1.5.31.15" HPOS="2296" VPOS="6792" HEIGHT="96" WIDTH="180" STYLEREFS="Style_7" WC="0.986666666666667" CC="0000"/>
						<SP ID="SP_1.5.31.16" HPOS="2444" VPOS="6796" WIDTH="60"/>
						<String CONTENT="24," ID="St_1.5.31.17" HPOS="2536" VPOS="6792" HEIGHT="92" WIDTH="132" STYLEREFS="Style_7" WC="0.987777777777778" CC="000"/>
					</TextLine>
					<TextLine ID="TL_1.5.32" HPOS="336" VPOS="6896" HEIGHT="100" WIDTH="2340">
						<String CONTENT="1942;" ID="St_1.5.32.1" HPOS="336" VPOS="6900" HEIGHT="88" WIDTH="236" STYLEREFS="Style_7" WC="1" CC="00000"/>
						<SP ID="SP_1.5.32.2" HPOS="556" VPOS="6908" WIDTH="36"/>
						<String CONTENT="A" ID="St_1.5.32.3" HPOS="616" VPOS="6904" HEIGHT="68" WIDTH="68" STYLEREFS="Style_7" WC="1" CC="0"/>
						<SP ID="SP_1.5.32.4" HPOS="648" VPOS="6900" WIDTH="56"/>
						<String CONTENT="1661" ID="St_1.5.32.5" HPOS="732" VPOS="6900" HEIGHT="72" WIDTH="196" STYLEREFS="Style_7" WC="1" CC="0000"/>
						<String CONTENT="3" ID="St_1.5.32.6" HPOS="940" VPOS="6900" HEIGHT="76" WIDTH="44" STYLEREFS="Style_7" WC="0.965555555555556" CC="4"/>
						<String CONTENT="8;" ID="St_1.5.32.7" HPOS="992" VPOS="6900" HEIGHT="96" WIDTH="80" STYLEREFS="Style_7" WC="0.97" CC="00"/>
						<SP ID="SP_1.5.32.8" HPOS="1056" VPOS="6908" WIDTH="32"/>
						<String CONTENT="West" ID="St_1.5.32.9" HPOS="1112" VPOS="6904" HEIGHT="68" WIDTH="236" STYLEREFS="Style_7" WC="0.977777777777778" CC="0000"/>
						<SP ID="SP_1.5.32.10" HPOS="1328" VPOS="6900" WIDTH="36"/>
						<String CONTENT="pub." ID="St_1.5.32.11" HPOS="1388" VPOS="6904" HEIGHT="88" WIDTH="188" STYLEREFS="Style_7" WC="0.982222222222222" CC="0000"/>
						<SP ID="SP_1.5.32.12" HPOS="1564" VPOS="6928" WIDTH="32"/>
						<String CONTENT="co.," ID="St_1.5.32.13" HPOS="1624" VPOS="6924" HEIGHT="72" WIDTH="168" STYLEREFS="Style_7" WC="0.984444444444444" CC="0000"/>
						<SP ID="SP_1.5.32.14" HPOS="1776" VPOS="6928" WIDTH="36"/>
						<String CONTENT="St." ID="St_1.5.32.15" HPOS="1836" VPOS="6904" HEIGHT="76" WIDTH="120" STYLEREFS="Style_7" WC="0.986666666666667" CC="000"/>
						<SP ID="SP_1.5.32.16" HPOS="1940" VPOS="6928" WIDTH="36"/>
						<String CONTENT="Paul." ID="St_1.5.32.17" HPOS="2000" VPOS="6904" HEIGHT="80" WIDTH="240" STYLEREFS="Style_7" WC="0.988888888888889" CC="00000"/>
						<SP ID="SP_1.5.32.18" HPOS="2224" VPOS="6900" WIDTH="140"/>
						<String CONTENT="5510" ID="St_1.5.32.19" HPOS="2472" VPOS="6896" HEIGHT="76" WIDTH="204" STYLEREFS="Style_7" WC="0.98" CC="0000"/>
					</TextLine>
					<TextLine ID="TL_1.5.33" HPOS="184" VPOS="7116" HEIGHT="96" WIDTH="2492">
						<String CONTENT="American" ID="St_1.5.33.1" HPOS="184" VPOS="7116" HEIGHT="72" WIDTH="464" STYLEREFS="Style_7" WC="1" CC="00000000"/>
						<SP ID="SP_1.5.33.2" HPOS="616" VPOS="7124" WIDTH="48"/>
						<String CONTENT="law" ID="St_1.5.33.3" HPOS="688" VPOS="7120" HEIGHT="72" WIDTH="156" STYLEREFS="Style_7" WC="1" CC="000"/>
						<SP ID="SP_1.5.33.4" HPOS="808" VPOS="7124" WIDTH="56"/>
						<String CONTENT="institute,*" ID="St_1.5.33.5" HPOS="888" VPOS="7120" HEIGHT="92" WIDTH="476" STYLEREFS="Style_7" WC="1" CC="00000000000"/>
						<SP ID="SP_1.5.33.6" HPOS="1312" VPOS="7116" WIDTH="92"/>
						<String CONTENT="Philadelphia." ID="St_1.5.33.7" HPOS="1444" VPOS="7120" HEIGHT="92" WIDTH="616" STYLEREFS="Style_7" WC="1" CC="0000000000000"/>
						<SP ID="SP_1.5.33.8" HPOS="2044" VPOS="7144" WIDTH="80"/>
						<String CONTENT="5511&#150;5516" ID="St_1.5.33.9" HPOS="2200" VPOS="7116" HEIGHT="76" WIDTH="476" STYLEREFS="Style_7" WC="1" CC="000000000"/>
					</TextLine>
					<TextLine ID="TL_1.5.34" HPOS="332" VPOS="7224" HEIGHT="80" WIDTH="2344">
						<String CONTENT="Florida" ID="St_1.5.34.1" HPOS="332" VPOS="7228" HEIGHT="72" WIDTH="352" STYLEREFS="Style_7" WC="1" CC="0000000"/>
						<SP ID="SP_1.5.34.2" HPOS="656" VPOS="7232" WIDTH="56"/>
						<String CONTENT="annotations" ID="St_1.5.34.3" HPOS="744" VPOS="7228" HEIGHT="76" WIDTH="532" STYLEREFS="Style_7" WC="1" CC="00000000000"/>
						<SP ID="SP_1.5.34.4" HPOS="1248" VPOS="7232" WIDTH="52"/>
						<String CONTENT="to" ID="St_1.5.34.5" HPOS="1332" VPOS="7228" HEIGHT="76" WIDTH="88" STYLEREFS="Style_7" WC="1" CC="00"/>
						<SP ID="SP_1.5.34.6" HPOS="1392" VPOS="7232" WIDTH="60"/>
						<String CONTENT="the" ID="St_1.5.34.7" HPOS="1492" VPOS="7232" HEIGHT="68" WIDTH="144" STYLEREFS="Style_7" WC="1" CC="000"/>
						<SP ID="SP_1.5.34.8" HPOS="1608" VPOS="7232" WIDTH="64"/>
						<String CONTENT="Restatement" ID="St_1.5.34.9" HPOS="1712" VPOS="7228" HEIGHT="76" WIDTH="588" STYLEREFS="Style_7" WC="1" CC="00000000000"/>
						<SP ID="SP_1.5.34.10" HPOS="2280" VPOS="7224" WIDTH="56"/>
						<String CONTENT="of" ID="St_1.5.34.11" HPOS="2376" VPOS="7228" HEIGHT="76" WIDTH="84" STYLEREFS="Style_7" WC="1" CC="00"/>
						<SP ID="SP_1.5.34.12" HPOS="2440" VPOS="7224" WIDTH="52"/>
						<String CONTENT="the" ID="St_1.5.34.13" HPOS="2532" VPOS="7228" HEIGHT="72" WIDTH="144" STYLEREFS="Style_7" WC="1" CC="000"/>
					</TextLine>
					<TextLine ID="TL_1.5.35" HPOS="476" VPOS="7328" HEIGHT="104" WIDTH="2192">
						<String CONTENT="law" ID="St_1.5.35.1" HPOS="476" VPOS="7340" HEIGHT="72" WIDTH="160" STYLEREFS="Style_7" WC="1" CC="000"/>
						<SP ID="SP_1.5.35.2" HPOS="596" VPOS="7344" WIDTH="56"/>
						<String CONTENT="of" ID="St_1.5.35.3" HPOS="676" VPOS="7336" HEIGHT="80" WIDTH="84" STYLEREFS="Style_7" WC="1" CC="00"/>
						<SP ID="SP_1.5.35.4" HPOS="736" VPOS="7332" WIDTH="44"/>
						<String CONTENT="restitution." ID="St_1.5.35.5" HPOS="804" VPOS="7340" HEIGHT="76" WIDTH="524" STYLEREFS="Style_7" WC="1" CC="000000000000"/>
						<SP ID="SP_1.5.35.6" HPOS="1312" VPOS="7360" WIDTH="56"/>
						<String CONTENT="&#169;" ID="St_1.5.35.7" HPOS="1416" VPOS="7328" HEIGHT="72" WIDTH="68" STYLEREFS="Style_7" WC="0.973333333333333" CC="5"/>
						<SP ID="SP_1.5.35.8" HPOS="1448" VPOS="7328" WIDTH="56"/>
						<String CONTENT="July" ID="St_1.5.35.9" HPOS="1528" VPOS="7340" HEIGHT="92" WIDTH="180" STYLEREFS="Style_7" WC="0.977777777777778" CC="0000"/>
						<SP ID="SP_1.5.35.10" HPOS="1680" VPOS="7344" WIDTH="48"/>
						<String CONTENT="16," ID="St_1.5.35.11" HPOS="1756" VPOS="7336" HEIGHT="96" WIDTH="124" STYLEREFS="Style_7" WC="0.981111111111111" CC="000"/>
						<SP ID="SP_1.5.35.12" HPOS="1868" VPOS="7364" WIDTH="36"/>
						<String CONTENT="1942;" ID="St_1.5.35.13" HPOS="1932" VPOS="7336" HEIGHT="96" WIDTH="236" STYLEREFS="Style_7" WC="0.984444444444444" CC="00000"/>
						<SP ID="SP_1.5.35.14" HPOS="2152" VPOS="7344" WIDTH="36"/>
						<String CONTENT="A" ID="St_1.5.35.15" HPOS="2212" VPOS="7340" HEIGHT="72" WIDTH="68" STYLEREFS="Style_7" WC="0.984444444444444" CC="0"/>
						<SP ID="SP_1.5.35.16" HPOS="2240" VPOS="7336" WIDTH="60"/>
						<String CONTENT="1658" ID="St_1.5.35.17" HPOS="2328" VPOS="7336" HEIGHT="76" WIDTH="204" STYLEREFS="Style_7" WC="0.986666666666667" CC="0000"/>
						<String CONTENT="3" ID="St_1.5.35.18" HPOS="2540" VPOS="7336" HEIGHT="76" WIDTH="40" STYLEREFS="Style_7" WC="0.976666666666667" CC="4"/>
						<String CONTENT="5." ID="St_1.5.35.19" HPOS="2596" VPOS="7336" HEIGHT="80" WIDTH="72" STYLEREFS="Style_7" WC="0.973333333333333" CC="11"/>
					</TextLine>
					<TextLine ID="TL_1.5.36" HPOS="332" VPOS="7460" HEIGHT="80" WIDTH="2364">
						<String CONTENT="I" ID="St_1.5.36.1" HPOS="332" VPOS="7468" HEIGHT="68" WIDTH="32" STYLEREFS="Style_7" WC="0.666666666666667" CC="3"/>
						<String CONTENT="l" ID="St_1.5.36.2" HPOS="364" VPOS="7464" HEIGHT="72" WIDTH="36" STYLEREFS="Style_7" WC="0.666666666666667" CC="3"/>
						<String CONTENT="linois" ID="St_1.5.36.3" HPOS="404" VPOS="7464" HEIGHT="76" WIDTH="264" STYLEREFS="Style_7" WC="0.874444444444444" CC="300000"/>
						<SP ID="SP_1.5.36.4" HPOS="640" VPOS="7468" WIDTH="64"/>
						<String CONTENT="annotations" ID="St_1.5.36.5" HPOS="744" VPOS="7464" HEIGHT="76" WIDTH="532" STYLEREFS="Style_7" WC="0.95" CC="00000000000"/>
						<SP ID="SP_1.5.36.6" HPOS="1248" VPOS="7468" WIDTH="64"/>
						<String CONTENT="to" ID="St_1.5.36.7" HPOS="1356" VPOS="7468" HEIGHT="72" WIDTH="88" STYLEREFS="Style_7" WC="0.955555555555556" CC="00"/>
						<SP ID="SP_1.5.36.8" HPOS="1416" VPOS="7468" WIDTH="60"/>
						<String CONTENT="the" ID="St_1.5.36.9" HPOS="1516" VPOS="7468" HEIGHT="72" WIDTH="140" STYLEREFS="Style_7" WC="0.962222222222222" CC="000"/>
						<SP ID="SP_1.5.36.10" HPOS="1632" VPOS="7468" WIDTH="56"/>
						<String CONTENT="Restatement" ID="St_1.5.36.11" HPOS="1724" VPOS="7468" HEIGHT="72" WIDTH="596" STYLEREFS="Style_7" WC="0.973333333333333" CC="00000000000"/>
						<SP ID="SP_1.5.36.12" HPOS="2300" VPOS="7460" WIDTH="56"/>
						<String CONTENT="of" ID="St_1.5.36.13" HPOS="2400" VPOS="7464" HEIGHT="76" WIDTH="84" STYLEREFS="Style_7" WC="0.975555555555556" CC="00"/>
						<SP ID="SP_1.5.36.14" HPOS="2460" VPOS="7460" WIDTH="56"/>
						<String CONTENT="the" ID="St_1.5.36.15" HPOS="2552" VPOS="7468" HEIGHT="72" WIDTH="144" STYLEREFS="Style_7" WC="0.977777777777778" CC="000"/>
					</TextLine>
					<TextLine ID="TL_1.5.37" HPOS="476" VPOS="7564" HEIGHT="112" WIDTH="2200">
						<String CONTENT="law" ID="St_1.5.37.1" HPOS="476" VPOS="7572" HEIGHT="76" WIDTH="156" STYLEREFS="Style_7" WC="1" CC="000"/>
						<SP ID="SP_1.5.37.2" HPOS="596" VPOS="7576" WIDTH="72"/>
						<String CONTENT="of" ID="St_1.5.37.3" HPOS="708" VPOS="7568" HEIGHT="80" WIDTH="84" STYLEREFS="Style_7" WC="1" CC="00"/>
						<SP ID="SP_1.5.37.4" HPOS="772" VPOS="7564" WIDTH="56"/>
						<String CONTENT="torts." ID="St_1.5.37.5" HPOS="868" VPOS="7576" HEIGHT="72" WIDTH="260" STYLEREFS="Style_7" WC="0.94" CC="003400"/>
						<SP ID="SP_1.5.37.6" HPOS="1112" VPOS="7592" WIDTH="72"/>
						<String CONTENT="v." ID="St_1.5.37.7" HPOS="1248" VPOS="7592" HEIGHT="56" WIDTH="76" STYLEREFS="Style_7" WC="0.951111111111111" CC="00"/>
						<SP ID="SP_1.5.37.8" HPOS="1312" VPOS="7592" WIDTH="52"/>
						<String CONTENT="I," ID="St_1.5.37.9" HPOS="1408" VPOS="7576" HEIGHT="88" WIDTH="64" STYLEREFS="Style_7" WC="0.958888888888889" CC="00"/>
						<SP ID="SP_1.5.37.10" HPOS="1460" VPOS="7592" WIDTH="52"/>
						<String CONTENT="II" ID="St_1.5.37.11" HPOS="1552" VPOS="7568" HEIGHT="84" WIDTH="112" STYLEREFS="Style_7" WC="0.964444444444444" CC="00"/>
						<SP ID="SP_1.5.37.12" HPOS="1580" VPOS="7568" WIDTH="76"/>
						<String CONTENT="[combined]" ID="St_1.5.37.13" HPOS="1696" VPOS="7568" HEIGHT="108" WIDTH="528" STYLEREFS="Style_7" WC="0.975555555555556" CC="0000000000"/>
						<SP ID="SP_1.5.37.14" HPOS="2204" VPOS="7564" WIDTH="80"/>
						<String CONTENT="&#169;" ID="St_1.5.37.15" HPOS="2348" VPOS="7564" HEIGHT="72" WIDTH="72" STYLEREFS="Style_7" WC="0.964444444444444" CC="4"/>
						<SP ID="SP_1.5.37.16" HPOS="2380" VPOS="7564" WIDTH="80"/>
						<String CONTENT="July" ID="St_1.5.37.17" HPOS="2500" VPOS="7576" HEIGHT="88" WIDTH="176" STYLEREFS="Style_7" WC="0.968888888888889" CC="0000"/>
					</TextLine>
					<TextLine ID="TL_1.5.38" HPOS="480" VPOS="7680" HEIGHT="100" WIDTH="920">
						<String CONTENT="16," ID="St_1.5.38.1" HPOS="480" VPOS="7680" HEIGHT="92" WIDTH="128" STYLEREFS="Style_7" WC="1" CC="000"/>
						<SP ID="SP_1.5.38.2" HPOS="596" VPOS="7708" WIDTH="36"/>
						<String CONTENT="1942;" ID="St_1.5.38.3" HPOS="660" VPOS="7680" HEIGHT="100" WIDTH="236" STYLEREFS="Style_7" WC="1" CC="00000"/>
						<SP ID="SP_1.5.38.4" HPOS="884" VPOS="7692" WIDTH="28"/>
						<String CONTENT="A" ID="St_1.5.38.5" HPOS="936" VPOS="7684" HEIGHT="72" WIDTH="72" STYLEREFS="Style_7" WC="1" CC="0"/>
						<SP ID="SP_1.5.38.6" HPOS="968" VPOS="7680" WIDTH="60"/>
						<String CONTENT="165831." ID="St_1.5.38.7" HPOS="1052" VPOS="7680" HEIGHT="80" WIDTH="348" STYLEREFS="Style_7" WC="0.964444444444444" CC="0000411"/>
					</TextLine>
					<TextLine ID="TL_1.5.39" HPOS="336" VPOS="7816" HEIGHT="96" WIDTH="2340">
						<String CONTENT="Michigan" ID="St_1.5.39.1" HPOS="336" VPOS="7820" HEIGHT="92" WIDTH="420" STYLEREFS="Style_7" WC="1" CC="00000000"/>
						<SP ID="SP_1.5.39.2" HPOS="728" VPOS="7828" WIDTH="60"/>
						<String CONTENT="annotations" ID="St_1.5.39.3" HPOS="816" VPOS="7820" HEIGHT="72" WIDTH="532" STYLEREFS="Style_7" WC="1" CC="00000000000"/>
						<SP ID="SP_1.5.39.4" HPOS="1320" VPOS="7824" WIDTH="52"/>
						<String CONTENT="to" ID="St_1.5.39.5" HPOS="1404" VPOS="7824" HEIGHT="72" WIDTH="88" STYLEREFS="Style_7" WC="1" CC="00"/>
						<SP ID="SP_1.5.39.6" HPOS="1464" VPOS="7828" WIDTH="56"/>
						<String CONTENT="the" ID="St_1.5.39.7" HPOS="1548" VPOS="7820" HEIGHT="72" WIDTH="140" STYLEREFS="Style_7" WC="1" CC="000"/>
						<SP ID="SP_1.5.39.8" HPOS="1660" VPOS="7828" WIDTH="56"/>
						<String CONTENT="Restatement" ID="St_1.5.39.9" HPOS="1748" VPOS="7820" HEIGHT="76" WIDTH="588" STYLEREFS="Style_7" WC="1" CC="00000000000"/>
						<SP ID="SP_1.5.39.10" HPOS="2312" VPOS="7820" WIDTH="52"/>
						<String CONTENT="of" ID="St_1.5.39.11" HPOS="2396" VPOS="7820" HEIGHT="76" WIDTH="88" STYLEREFS="Style_7" WC="1" CC="00"/>
						<SP ID="SP_1.5.39.12" HPOS="2460" VPOS="7816" WIDTH="48"/>
						<String CONTENT="the" ID="St_1.5.39.13" HPOS="2536" VPOS="7820" HEIGHT="72" WIDTH="140" STYLEREFS="Style_7" WC="1" CC="000"/>
					</TextLine>
					<TextLine ID="TL_1.5.40" HPOS="476" VPOS="7920" HEIGHT="104" WIDTH="2200">
						<String CONTENT="law" ID="St_1.5.40.1" HPOS="476" VPOS="7928" HEIGHT="72" WIDTH="156" STYLEREFS="Style_7" WC="1" CC="000"/>
						<SP ID="SP_1.5.40.2" HPOS="592" VPOS="7932" WIDTH="56"/>
						<String CONTENT="of" ID="St_1.5.40.3" HPOS="672" VPOS="7928" HEIGHT="76" WIDTH="84" STYLEREFS="Style_7" WC="1" CC="00"/>
						<SP ID="SP_1.5.40.4" HPOS="736" VPOS="7924" WIDTH="40"/>
						<String CONTENT="restitution." ID="St_1.5.40.5" HPOS="800" VPOS="7928" HEIGHT="80" WIDTH="524" STYLEREFS="Style_7" WC="1" CC="000000000000"/>
						<SP ID="SP_1.5.40.6" HPOS="1308" VPOS="7952" WIDTH="56"/>
						<String CONTENT="&#169;" ID="St_1.5.40.7" HPOS="1416" VPOS="7920" HEIGHT="72" WIDTH="68" STYLEREFS="Style_7" WC="0.973333333333333" CC="5"/>
						<SP ID="SP_1.5.40.8" HPOS="1448" VPOS="7920" WIDTH="60"/>
						<String CONTENT="July" ID="St_1.5.40.9" HPOS="1532" VPOS="7928" HEIGHT="96" WIDTH="180" STYLEREFS="Style_7" WC="0.977777777777778" CC="0000"/>
						<SP ID="SP_1.5.40.10" HPOS="1684" VPOS="7936" WIDTH="48"/>
						<String CONTENT="16," ID="St_1.5.40.11" HPOS="1756" VPOS="7928" HEIGHT="92" WIDTH="124" STYLEREFS="Style_7" WC="0.981111111111111" CC="000"/>
						<SP ID="SP_1.5.40.12" HPOS="1868" VPOS="7952" WIDTH="36"/>
						<String CONTENT="1942;" ID="St_1.5.40.13" HPOS="1932" VPOS="7928" HEIGHT="96" WIDTH="236" STYLEREFS="Style_7" WC="0.984444444444444" CC="00000"/>
						<SP ID="SP_1.5.40.14" HPOS="2152" VPOS="7936" WIDTH="36"/>
						<String CONTENT="A" ID="St_1.5.40.15" HPOS="2212" VPOS="7932" HEIGHT="68" WIDTH="68" STYLEREFS="Style_7" WC="0.984444444444444" CC="0"/>
						<SP ID="SP_1.5.40.16" HPOS="2240" VPOS="7924" WIDTH="60"/>
						<String CONTENT="165" ID="St_1.5.40.17" HPOS="2328" VPOS="7928" HEIGHT="72" WIDTH="152" STYLEREFS="Style_7" WC="0.986666666666667" CC="000"/>
						<String CONTENT="8" ID="St_1.5.40.18" HPOS="2492" VPOS="7928" HEIGHT="72" WIDTH="40" STYLEREFS="Style_7" WC="0.978888888888889" CC="3"/>
						<String CONTENT="34." ID="St_1.5.40.19" HPOS="2544" VPOS="7928" HEIGHT="80" WIDTH="132" STYLEREFS="Style_7" WC="0.967777777777778" CC="311"/>
					</TextLine>
					<TextLine ID="TL_1.5.41" HPOS="332" VPOS="8048" HEIGHT="80" WIDTH="2344">
						<String CONTENT="Missouri" ID="St_1.5.41.1" HPOS="332" VPOS="8056" HEIGHT="68" WIDTH="424" STYLEREFS="Style_7" WC="0.944444444444444" CC="13000000"/>
						<SP ID="SP_1.5.41.2" HPOS="736" VPOS="8052" WIDTH="44"/>
						<String CONTENT="annotations" ID="St_1.5.41.3" HPOS="812" VPOS="8056" HEIGHT="72" WIDTH="536" STYLEREFS="Style_7" WC="0.977777777777778" CC="00000000000"/>
						<SP ID="SP_1.5.41.4" HPOS="1320" VPOS="8056" WIDTH="52"/>
						<String CONTENT="to" ID="St_1.5.41.5" HPOS="1404" VPOS="8056" HEIGHT="72" WIDTH="88" STYLEREFS="Style_7" WC="0.98" CC="00"/>
						<SP ID="SP_1.5.41.6" HPOS="1464" VPOS="8060" WIDTH="52"/>
						<String CONTENT="the" ID="St_1.5.41.7" HPOS="1544" VPOS="8056" HEIGHT="68" WIDTH="144" STYLEREFS="Style_7" WC="0.983333333333333" CC="000"/>
						<SP ID="SP_1.5.41.8" HPOS="1660" VPOS="8060" WIDTH="52"/>
						<String CONTENT="Restatement" ID="St_1.5.41.9" HPOS="1744" VPOS="8056" HEIGHT="68" WIDTH="592" STYLEREFS="Style_7" WC="0.987777777777778" CC="00000000000"/>
						<SP ID="SP_1.5.41.10" HPOS="2316" VPOS="8052" WIDTH="48"/>
						<String CONTENT="of" ID="St_1.5.41.11" HPOS="2396" VPOS="8052" HEIGHT="76" WIDTH="84" STYLEREFS="Style_7" WC="0.988888888888889" CC="00"/>
						<SP ID="SP_1.5.41.12" HPOS="2456" VPOS="8048" WIDTH="48"/>
						<String CONTENT="the" ID="St_1.5.41.13" HPOS="2532" VPOS="8056" HEIGHT="68" WIDTH="144" STYLEREFS="Style_7" WC="0.99" CC="000"/>
					</TextLine>
					<TextLine ID="TL_1.5.42" HPOS="476" VPOS="8152" HEIGHT="112" WIDTH="2204">
						<String CONTENT="law" ID="St_1.5.42.1" HPOS="476" VPOS="8160" HEIGHT="72" WIDTH="160" STYLEREFS="Style_7" WC="1" CC="000"/>
						<SP ID="SP_1.5.42.2" HPOS="596" VPOS="8164" WIDTH="68"/>
						<String CONTENT="of" ID="St_1.5.42.3" HPOS="696" VPOS="8160" HEIGHT="76" WIDTH="84" STYLEREFS="Style_7" WC="1" CC="00"/>
						<SP ID="SP_1.5.42.4" HPOS="756" VPOS="8156" WIDTH="48"/>
						<String CONTENT="torts." ID="St_1.5.42.5" HPOS="832" VPOS="8164" HEIGHT="76" WIDTH="260" STYLEREFS="Style_7" WC="1" CC="000000"/>
						<SP ID="SP_1.5.42.6" HPOS="1076" VPOS="8184" WIDTH="64"/>
						<String CONTENT="v." ID="St_1.5.42.7" HPOS="1192" VPOS="8180" HEIGHT="60" WIDTH="80" STYLEREFS="Style_7" WC="1" CC="00"/>
						<SP ID="SP_1.5.42.8" HPOS="1256" VPOS="8184" WIDTH="44"/>
						<String CONTENT="III," ID="St_1.5.42.9" HPOS="1340" VPOS="8160" HEIGHT="96" WIDTH="132" STYLEREFS="Style_7" WC="0.967777777777778" CC="3300"/>
						<SP ID="SP_1.5.42.10" HPOS="1456" VPOS="8184" WIDTH="48"/>
						<String CONTENT="IV" ID="St_1.5.42.11" HPOS="1540" VPOS="8164" HEIGHT="72" WIDTH="100" STYLEREFS="Style_7" WC="0.972222222222222" CC="00"/>
						<SP ID="SP_1.5.42.12" HPOS="1600" VPOS="8156" WIDTH="72"/>
						<String CONTENT="[combined]" ID="St_1.5.42.13" HPOS="1712" VPOS="8156" HEIGHT="108" WIDTH="524" STYLEREFS="Style_7" WC="0.98" CC="0000000000"/>
						<SP ID="SP_1.5.42.14" HPOS="2216" VPOS="8152" WIDTH="72"/>
						<String CONTENT="&#169;" ID="St_1.5.42.15" HPOS="2348" VPOS="8152" HEIGHT="72" WIDTH="72" STYLEREFS="Style_7" WC="0.966666666666667" CC="5"/>
						<SP ID="SP_1.5.42.16" HPOS="2380" VPOS="8152" WIDTH="80"/>
						<String CONTENT="July" ID="St_1.5.42.17" HPOS="2504" VPOS="8160" HEIGHT="96" WIDTH="176" STYLEREFS="Style_7" WC="0.97" CC="0000"/>
					</TextLine>
					<TextLine ID="TL_1.5.43" HPOS="476" VPOS="8264" HEIGHT="84" WIDTH="912">
						<String CONTENT="16," ID="St_1.5.43.1" HPOS="476" VPOS="8264" HEIGHT="84" WIDTH="132" STYLEREFS="Style_7" WC="1" CC="000"/>
						<SP ID="SP_1.5.43.2" HPOS="604" VPOS="8264" WIDTH="56"/>
						<String CONTENT="1942;" ID="St_1.5.43.3" HPOS="664" VPOS="8264" HEIGHT="84" WIDTH="232" STYLEREFS="Style_7" WC="1" CC="00000"/>
						<SP ID="SP_1.5.43.4" HPOS="892" VPOS="8264" WIDTH="44"/>
						<String CONTENT="A" ID="St_1.5.43.5" HPOS="940" VPOS="8268" HEIGHT="72" WIDTH="64" STYLEREFS="Style_7" WC="1" CC="0"/>
						<SP ID="SP_1.5.43.6" HPOS="1004" VPOS="8264" WIDTH="48"/>
						<String CONTENT="165822." ID="St_1.5.43.7" HPOS="1056" VPOS="8264" HEIGHT="76" WIDTH="332" STYLEREFS="Style_7" WC="0.946666666666667" CC="0000711"/>
					</TextLine>
					<TextLine ID="TL_1.5.44" HPOS="332" VPOS="8368" HEIGHT="88" WIDTH="2348">
						<String CONTENT="Nebraska" ID="St_1.5.44.1" HPOS="332" VPOS="8376" HEIGHT="76" WIDTH="440" STYLEREFS="Style_7" WC="0.916666666666667" CC="00001311"/>
						<SP ID="SP_1.5.44.2" HPOS="720" VPOS="8368" WIDTH="56"/>
						<String CONTENT="annotations" ID="St_1.5.44.3" HPOS="836" VPOS="8380" HEIGHT="72" WIDTH="524" STYLEREFS="Style_7" WC="0.927777777777778" CC="00000000033"/>
						<SP ID="SP_1.5.44.4" HPOS="1288" VPOS="8380" WIDTH="56"/>
						<String CONTENT="to" ID="St_1.5.44.5" HPOS="1428" VPOS="8384" HEIGHT="72" WIDTH="88" STYLEREFS="Style_7" WC="0.932222222222222" CC="00"/>
						<SP ID="SP_1.5.44.6" HPOS="1488" VPOS="8380" WIDTH="52"/>
						<String CONTENT="the" ID="St_1.5.44.7" HPOS="1568" VPOS="8380" HEIGHT="72" WIDTH="144" STYLEREFS="Style_7" WC="0.942222222222222" CC="000"/>
						<SP ID="SP_1.5.44.8" HPOS="1684" VPOS="8380" WIDTH="52"/>
						<String CONTENT="Restatement" ID="St_1.5.44.9" HPOS="1764" VPOS="8380" HEIGHT="72" WIDTH="588" STYLEREFS="Style_7" WC="0.96" CC="00000000000"/>
						<SP ID="SP_1.5.44.10" HPOS="2332" VPOS="8372" WIDTH="48"/>
						<String CONTENT="of" ID="St_1.5.44.11" HPOS="2420" VPOS="8376" HEIGHT="80" WIDTH="84" STYLEREFS="Style_7" WC="0.962222222222222" CC="00"/>
						<SP ID="SP_1.5.44.12" HPOS="2480" VPOS="8368" WIDTH="36"/>
						<String CONTENT="the" ID="St_1.5.44.13" HPOS="2536" VPOS="8380" HEIGHT="72" WIDTH="144" STYLEREFS="Style_7" WC="0.965555555555556" CC="000"/>
					</TextLine>
					<TextLine ID="TL_1.5.45" HPOS="480" VPOS="8480" HEIGHT="112" WIDTH="2196">
						<String CONTENT="law" ID="St_1.5.45.1" HPOS="480" VPOS="8484" HEIGHT="72" WIDTH="156" STYLEREFS="Style_7" WC="1" CC="000"/>
						<SP ID="SP_1.5.45.2" HPOS="600" VPOS="8492" WIDTH="64"/>
						<String CONTENT="of" ID="St_1.5.45.3" HPOS="696" VPOS="8484" HEIGHT="76" WIDTH="84" STYLEREFS="Style_7" WC="1" CC="00"/>
						<SP ID="SP_1.5.45.4" HPOS="756" VPOS="8480" WIDTH="48"/>
						<String CONTENT="trusts." ID="St_1.5.45.5" HPOS="836" VPOS="8492" HEIGHT="68" WIDTH="308" STYLEREFS="Style_7" WC="0.967777777777778" CC="0000004"/>
						<SP ID="SP_1.5.45.6" HPOS="1136" VPOS="8508" WIDTH="60"/>
						<String CONTENT="v." ID="St_1.5.45.7" HPOS="1248" VPOS="8508" HEIGHT="56" WIDTH="84" STYLEREFS="Style_7" WC="0.973333333333333" CC="00"/>
						<SP ID="SP_1.5.45.8" HPOS="1316" VPOS="8508" WIDTH="32"/>
						<String CONTENT="I," ID="St_1.5.45.9" HPOS="1372" VPOS="8492" HEIGHT="88" WIDTH="64" STYLEREFS="Style_7" WC="0.977777777777778" CC="00"/>
						<SP ID="SP_1.5.45.10" HPOS="1420" VPOS="8508" WIDTH="36"/>
						<String CONTENT="II" ID="St_1.5.45.11" HPOS="1480" VPOS="8484" HEIGHT="84" WIDTH="112" STYLEREFS="Style_7" WC="0.98" CC="00"/>
						<SP ID="SP_1.5.45.12" HPOS="1508" VPOS="8484" WIDTH="68"/>
						<String CONTENT="[combined]" ID="St_1.5.45.13" HPOS="1604" VPOS="8480" HEIGHT="112" WIDTH="528" STYLEREFS="Style_7" WC="0.986666666666667" CC="0000000000"/>
						<SP ID="SP_1.5.45.14" HPOS="2108" VPOS="8480" WIDTH="64"/>
						<String CONTENT="&#169;" ID="St_1.5.45.15" HPOS="2212" VPOS="8488" HEIGHT="84" WIDTH="56" STYLEREFS="Style_7" WC="0.986666666666667" CC="0"/>
						<SP ID="SP_1.5.45.16" HPOS="2236" VPOS="8480" WIDTH="60"/>
						<String CONTENT="July" ID="St_1.5.45.17" HPOS="2320" VPOS="8492" HEIGHT="88" WIDTH="184" STYLEREFS="Style_7" WC="0.988888888888889" CC="0000"/>
						<SP ID="SP_1.5.45.18" HPOS="2472" VPOS="8492" WIDTH="48"/>
						<String CONTENT="16," ID="St_1.5.45.19" HPOS="2548" VPOS="8484" HEIGHT="96" WIDTH="128" STYLEREFS="Style_7" WC="0.99" CC="000"/>
					</TextLine>
					<TextLine ID="TL_1.5.46" HPOS="488" VPOS="8588" HEIGHT="100" WIDTH="732">
						<String CONTENT="1942;" ID="St_1.5.46.1" HPOS="488" VPOS="8592" HEIGHT="96" WIDTH="232" STYLEREFS="Style_7" WC="1" CC="00000"/>
						<SP ID="SP_1.5.46.2" HPOS="708" VPOS="8600" WIDTH="32"/>
						<String CONTENT="A" ID="St_1.5.46.3" HPOS="764" VPOS="8596" HEIGHT="72" WIDTH="68" STYLEREFS="Style_7" WC="1" CC="0"/>
						<SP ID="SP_1.5.46.4" HPOS="792" VPOS="8588" WIDTH="60"/>
						<String CONTENT="165833." ID="St_1.5.46.5" HPOS="876" VPOS="8592" HEIGHT="80" WIDTH="344" STYLEREFS="Style_7" WC="0.955555555555556" CC="0003111"/>
					</TextLine>
					<TextLine ID="TL_1.5.47" HPOS="332" VPOS="8700" HEIGHT="100" WIDTH="2344">
						<String CONTENT="New" ID="St_1.5.47.1" HPOS="332" VPOS="8708" HEIGHT="68" WIDTH="196" STYLEREFS="Style_7" WC="1" CC="000"/>
						<SP ID="SP_1.5.47.2" HPOS="488" VPOS="8708" WIDTH="56"/>
						<String CONTENT="Jersey" ID="St_1.5.47.3" HPOS="564" VPOS="8708" HEIGHT="92" WIDTH="304" STYLEREFS="Style_7" WC="1" CC="000000"/>
						<SP ID="SP_1.5.47.4" HPOS="836" VPOS="8708" WIDTH="48"/>
						<String CONTENT="annotations" ID="St_1.5.47.5" HPOS="908" VPOS="8708" HEIGHT="76" WIDTH="532" STYLEREFS="Style_7" WC="1" CC="00000000000"/>
						<SP ID="SP_1.5.47.6" HPOS="1412" VPOS="8708" WIDTH="44"/>
						<String CONTENT="to" ID="St_1.5.47.7" HPOS="1480" VPOS="8712" HEIGHT="72" WIDTH="88" STYLEREFS="Style_7" WC="1" CC="00"/>
						<SP ID="SP_1.5.47.8" HPOS="1540" VPOS="8708" WIDTH="40"/>
						<String CONTENT="the" ID="St_1.5.47.9" HPOS="1604" VPOS="8708" HEIGHT="72" WIDTH="140" STYLEREFS="Style_7" WC="1" CC="000"/>
						<SP ID="SP_1.5.47.10" HPOS="1716" VPOS="8708" WIDTH="40"/>
						<String CONTENT="Restatement" ID="St_1.5.47.11" HPOS="1780" VPOS="8708" HEIGHT="72" WIDTH="596" STYLEREFS="Style_7" WC="1" CC="00000000000"/>
						<SP ID="SP_1.5.47.12" HPOS="2356" VPOS="8700" WIDTH="40"/>
						<String CONTENT="of" ID="St_1.5.47.13" HPOS="2420" VPOS="8704" HEIGHT="76" WIDTH="84" STYLEREFS="Style_7" WC="1" CC="00"/>
						<SP ID="SP_1.5.47.14" HPOS="2480" VPOS="8700" WIDTH="36"/>
						<String CONTENT="the" ID="St_1.5.47.15" HPOS="2540" VPOS="8704" HEIGHT="72" WIDTH="136" STYLEREFS="Style_7" WC="1" CC="000"/>
					</TextLine>
					<TextLine ID="TL_1.5.48" HPOS="480" VPOS="8808" HEIGHT="108" WIDTH="2196">
						<String CONTENT="law" ID="St_1.5.48.1" HPOS="480" VPOS="8812" HEIGHT="72" WIDTH="156" STYLEREFS="Style_7" WC="1" CC="000"/>
						<SP ID="SP_1.5.48.2" HPOS="596" VPOS="8820" WIDTH="60"/>
						<String CONTENT="of" ID="St_1.5.48.3" HPOS="680" VPOS="8812" HEIGHT="76" WIDTH="84" STYLEREFS="Style_7" WC="1" CC="00"/>
						<SP ID="SP_1.5.48.4" HPOS="740" VPOS="8808" WIDTH="40"/>
						<String CONTENT="trusts." ID="St_1.5.48.5" HPOS="800" VPOS="8816" HEIGHT="72" WIDTH="308" STYLEREFS="Style_7" WC="0.967777777777778" CC="0000004"/>
						<SP ID="SP_1.5.48.6" HPOS="1100" VPOS="8836" WIDTH="52"/>
						<String CONTENT="v." ID="St_1.5.48.7" HPOS="1192" VPOS="8832" HEIGHT="60" WIDTH="84" STYLEREFS="Style_7" WC="0.973333333333333" CC="00"/>
						<SP ID="SP_1.5.48.8" HPOS="1260" VPOS="8840" WIDTH="36"/>
						<String CONTENT="1," ID="St_1.5.48.9" HPOS="1324" VPOS="8812" HEIGHT="96" WIDTH="76" STYLEREFS="Style_7" WC="0.977777777777778" CC="00"/>
						<SP ID="SP_1.5.48.10" HPOS="1384" VPOS="8840" WIDTH="36"/>
						<String CONTENT="2" ID="St_1.5.48.11" HPOS="1448" VPOS="8816" HEIGHT="72" WIDTH="44" STYLEREFS="Style_7" WC="0.978888888888889" CC="0"/>
						<SP ID="SP_1.5.48.12" HPOS="1464" VPOS="8812" WIDTH="68"/>
						<String CONTENT="[combined]" ID="St_1.5.48.13" HPOS="1576" VPOS="8808" HEIGHT="108" WIDTH="516" STYLEREFS="Style_7" WC="0.985555555555556" CC="0000000000"/>
						<SP ID="SP_1.5.48.14" HPOS="2072" VPOS="8808" WIDTH="56"/>
						<String CONTENT="&#169;" ID="St_1.5.48.15" HPOS="2168" VPOS="8808" HEIGHT="68" WIDTH="72" STYLEREFS="Style_7" WC="0.971111111111111" CC="5"/>
						<SP ID="SP_1.5.48.16" HPOS="2200" VPOS="8808" WIDTH="72"/>
						<String CONTENT="July" ID="St_1.5.48.17" HPOS="2304" VPOS="8816" HEIGHT="92" WIDTH="180" STYLEREFS="Style_7" WC="0.974444444444444" CC="0000"/>
						<SP ID="SP_1.5.48.18" HPOS="2456" VPOS="8820" WIDTH="56"/>
						<String CONTENT="2" ID="St_1.5.48.19" HPOS="2544" VPOS="8812" HEIGHT="72" WIDTH="48" STYLEREFS="Style_7" WC="0.975555555555556" CC="0"/>
						<String CONTENT="3" ID="St_1.5.48.20" HPOS="2600" VPOS="8812" HEIGHT="76" WIDTH="40" STYLEREFS="Style_8" WC="0.968888888888889" CC="3"/>
						<String CONTENT="," ID="St_1.5.48.21" HPOS="2656" VPOS="8868" HEIGHT="36" WIDTH="20" STYLEREFS="Style_8" WC="0.966666666666667" CC="1"/>
					</TextLine>
					<TextLine ID="TL_1.5.49" HPOS="488" VPOS="8920" HEIGHT="96" WIDTH="736">
						<String CONTENT="1942;" ID="St_1.5.49.1" HPOS="488" VPOS="8920" HEIGHT="96" WIDTH="236" STYLEREFS="Style_8" WC="1" CC="00000"/>
						<SP ID="SP_1.5.49.2" HPOS="708" VPOS="8928" WIDTH="32"/>
						<String CONTENT="A" ID="St_1.5.49.3" HPOS="768" VPOS="8928" HEIGHT="72" WIDTH="68" STYLEREFS="Style_8" WC="1" CC="0"/>
						<SP ID="SP_1.5.49.4" HPOS="796" VPOS="8920" WIDTH="60"/>
						<String CONTENT="1661" ID="St_1.5.49.5" HPOS="880" VPOS="8924" HEIGHT="72" WIDTH="200" STYLEREFS="Style_8" WC="1" CC="0000"/>
						<String CONTENT="3" ID="St_1.5.49.6" HPOS="1092" VPOS="8920" HEIGHT="76" WIDTH="40" STYLEREFS="Style_8" WC="0.965555555555556" CC="4"/>
						<String CONTENT="2." ID="St_1.5.49.7" HPOS="1144" VPOS="8924" HEIGHT="76" WIDTH="80" STYLEREFS="Style_8" WC="0.955555555555556" CC="11"/>
					</TextLine>
				</TextBlock>
				<TextBlock ID="TB_1.6" HPOS="2872" VPOS="2416" WIDTH="2732" HEIGHT="6700">
					<TextLine ID="TL_1.6.1" HPOS="2916" VPOS="2472" HEIGHT="96" WIDTH="2476">
						<String CONTENT="American" ID="St_1.6.1.1" HPOS="2916" VPOS="2480" HEIGHT="68" WIDTH="464" STYLEREFS="Style_8" WC="1" CC="00000000"/>
						<SP ID="SP_1.6.1.2" HPOS="3348" VPOS="2488" WIDTH="56"/>
						<String CONTENT="voice." ID="St_1.6.1.3" HPOS="3436" VPOS="2480" HEIGHT="76" WIDTH="280" STYLEREFS="Style_8" WC="1" CC="000000"/>
						<SP ID="SP_1.6.1.4" HPOS="3700" VPOS="2504" WIDTH="64"/>
						<String CONTENT="&#169;" ID="St_1.6.1.5" HPOS="3820" VPOS="2472" HEIGHT="68" WIDTH="72" STYLEREFS="Style_8" WC="0.973333333333333" CC="4"/>
						<SP ID="SP_1.6.1.6" HPOS="3852" VPOS="2472" WIDTH="72"/>
						<String CONTENT="July" ID="St_1.6.1.7" HPOS="3956" VPOS="2476" HEIGHT="92" WIDTH="180" STYLEREFS="Style_8" WC="0.978888888888889" CC="0000"/>
						<SP ID="SP_1.6.1.8" HPOS="4104" VPOS="2484" WIDTH="48"/>
						<String CONTENT="17," ID="St_1.6.1.9" HPOS="4176" VPOS="2476" HEIGHT="92" WIDTH="132" STYLEREFS="Style_8" WC="0.982222222222222" CC="000"/>
						<SP ID="SP_1.6.1.10" HPOS="4292" VPOS="2504" WIDTH="36"/>
						<String CONTENT="1942;" ID="St_1.6.1.11" HPOS="4360" VPOS="2472" HEIGHT="96" WIDTH="240" STYLEREFS="Style_8" WC="0.985555555555556" CC="00000"/>
						<SP ID="SP_1.6.1.12" HPOS="4584" VPOS="2488" WIDTH="44"/>
						<String CONTENT="A" ID="St_1.6.1.13" HPOS="4660" VPOS="2476" HEIGHT="72" WIDTH="72" STYLEREFS="Style_8" WC="0.986666666666667" CC="0"/>
						<SP ID="SP_1.6.1.14" HPOS="4688" VPOS="2476" WIDTH="64"/>
						<String CONTENT="166409;" ID="St_1.6.1.15" HPOS="4780" VPOS="2472" HEIGHT="96" WIDTH="344" STYLEREFS="Style_8" WC="0.988888888888889" CC="0000000"/>
						<SP ID="SP_1.6.1.16" HPOS="5108" VPOS="2484" WIDTH="32"/>
						<String CONTENT="Har-" ID="St_1.6.1.17" HPOS="5168" VPOS="2480" HEIGHT="68" WIDTH="224" STYLEREFS="Style_8" WC="0.99" CC="0000"/>
					</TextLine>
					<TextLine ID="TL_1.6.2" HPOS="3052" VPOS="2580" HEIGHT="96" WIDTH="2352">
						<String CONTENT="binger" ID="St_1.6.2.1" HPOS="3052" VPOS="2584" HEIGHT="88" WIDTH="312" STYLEREFS="Style_8" WC="1" CC="000000"/>
						<SP ID="SP_1.6.2.2" HPOS="3332" VPOS="2592" WIDTH="44"/>
						<String CONTENT="house," ID="St_1.6.2.3" HPOS="3400" VPOS="2584" HEIGHT="92" WIDTH="296" STYLEREFS="Style_8" WC="1" CC="000000"/>
						<SP ID="SP_1.6.2.4" HPOS="3680" VPOS="2608" WIDTH="32"/>
						<String CONTENT="New" ID="St_1.6.2.5" HPOS="3740" VPOS="2584" HEIGHT="72" WIDTH="192" STYLEREFS="Style_8" WC="1" CC="000"/>
						<SP ID="SP_1.6.2.6" HPOS="3892" VPOS="2592" WIDTH="52"/>
						<String CONTENT="York." ID="St_1.6.2.7" HPOS="3972" VPOS="2580" HEIGHT="80" WIDTH="264" STYLEREFS="Style_8" WC="1" CC="00000"/>
						<SP ID="SP_1.6.2.8" HPOS="4220" VPOS="2584" WIDTH="972"/>
						<String CONTENT="5517" ID="St_1.6.2.9" HPOS="5192" VPOS="2580" HEIGHT="76" WIDTH="212" STYLEREFS="Style_8" WC="0.851111111111111" CC="0000"/>
					</TextLine>
					<TextLine ID="TL_1.6.3" HPOS="2916" VPOS="2776" HEIGHT="100" WIDTH="2476">
						<String CONTENT="Anderson" ID="St_1.6.3.1" HPOS="2916" VPOS="2784" HEIGHT="76" WIDTH="448" STYLEREFS="Style_8" WC="1" CC="00000000"/>
						<SP ID="SP_1.6.3.2" HPOS="3332" VPOS="2792" WIDTH="48"/>
						<String CONTENT="(Nancy" ID="St_1.6.3.3" HPOS="3404" VPOS="2776" HEIGHT="100" WIDTH="312" STYLEREFS="Style_8" WC="1" CC="000000"/>
						<SP ID="SP_1.6.3.4" HPOS="3688" VPOS="2792" WIDTH="44"/>
						<String CONTENT="Mae)" ID="St_1.6.3.5" HPOS="3756" VPOS="2776" HEIGHT="96" WIDTH="236" STYLEREFS="Style_8" WC="1" CC="0000"/>
						<SP ID="SP_1.6.3.6" HPOS="3972" VPOS="2776" WIDTH="56"/>
						<String CONTENT="Swede" ID="St_1.6.3.7" HPOS="4072" VPOS="2784" HEIGHT="72" WIDTH="284" STYLEREFS="Style_8" WC="1" CC="00000"/>
						<SP ID="SP_1.6.3.8" HPOS="4324" VPOS="2788" WIDTH="52"/>
						<String CONTENT="homestead." ID="St_1.6.3.9" HPOS="4408" VPOS="2780" HEIGHT="80" WIDTH="536" STYLEREFS="Style_8" WC="1" CC="0000000000"/>
						<SP ID="SP_1.6.3.10" HPOS="4928" VPOS="2808" WIDTH="64"/>
						<String CONTENT="&#169;" ID="St_1.6.3.11" HPOS="5048" VPOS="2780" HEIGHT="68" WIDTH="64" STYLEREFS="Style_8" WC="0.98" CC="7"/>
						<SP ID="SP_1.6.3.12" HPOS="5080" VPOS="2776" WIDTH="72"/>
						<String CONTENT="Aug." ID="St_1.6.3.13" HPOS="5184" VPOS="2784" HEIGHT="88" WIDTH="208" STYLEREFS="Style_8" WC="0.982222222222222" CC="0000"/>
					</TextLine>
					<TextLine ID="TL_1.6.4" HPOS="3060" VPOS="2888" HEIGHT="100" WIDTH="2336">
						<String CONTENT="1," ID="St_1.6.4.1" HPOS="3060" VPOS="2896" HEIGHT="92" WIDTH="76" STYLEREFS="Style_8" WC="0.888888888888889" CC="11"/>
						<SP ID="SP_1.6.4.2" HPOS="3120" VPOS="2952" WIDTH="16"/>
						<String CONTENT="1942;" ID="St_1.6.4.3" HPOS="3188" VPOS="2892" HEIGHT="96" WIDTH="240" STYLEREFS="Style_8" WC="0.916666666666667" CC="00000"/>
						<SP ID="SP_1.6.4.4" HPOS="3412" VPOS="2908" WIDTH="44"/>
						<String CONTENT="A" ID="St_1.6.4.5" HPOS="3488" VPOS="2896" HEIGHT="72" WIDTH="72" STYLEREFS="Style_8" WC="0.933333333333333" CC="0"/>
						<SP ID="SP_1.6.4.6" HPOS="3520" VPOS="2896" WIDTH="60"/>
						<String CONTENT="166321;" ID="St_1.6.4.7" HPOS="3608" VPOS="2892" HEIGHT="96" WIDTH="340" STYLEREFS="Style_8" WC="0.962222222222222" CC="0000000"/>
						<SP ID="SP_1.6.4.8" HPOS="3932" VPOS="2904" WIDTH="44"/>
						<String CONTENT="Caxton" ID="St_1.6.4.9" HPOS="4012" VPOS="2892" HEIGHT="76" WIDTH="324" STYLEREFS="Style_8" WC="0.955555555555556" CC="004000"/>
						<SP ID="SP_1.6.4.10" HPOS="4304" VPOS="2904" WIDTH="56"/>
						<String CONTENT="printers," ID="St_1.6.4.11" HPOS="4392" VPOS="2896" HEIGHT="88" WIDTH="424" STYLEREFS="Style_8" WC="0.967777777777778" CC="000000000"/>
						<SP ID="SP_1.6.4.12" HPOS="4804" VPOS="2920" WIDTH="40"/>
						<String CONTENT="ltd.," ID="St_1.6.4.13" HPOS="4876" VPOS="2892" HEIGHT="92" WIDTH="192" STYLEREFS="Style_8" WC="0.961111111111111" CC="40000"/>
						<SP ID="SP_1.6.4.14" HPOS="5052" VPOS="2920" WIDTH="44"/>
						<String CONTENT="Cald-" ID="St_1.6.4.15" HPOS="5132" VPOS="2888" HEIGHT="80" WIDTH="264" STYLEREFS="Style_8" WC="0.966666666666667" CC="00000"/>
					</TextLine>
					<TextLine ID="TL_1.6.5" HPOS="3060" VPOS="2996" HEIGHT="100" WIDTH="2340">
						<String CONTENT="well," ID="St_1.6.5.1" HPOS="3060" VPOS="3004" HEIGHT="92" WIDTH="224" STYLEREFS="Style_8" WC="1" CC="00000"/>
						<SP ID="SP_1.6.5.2" HPOS="3268" VPOS="3032" WIDTH="36"/>
						<String CONTENT="Id." ID="St_1.6.5.3" HPOS="3332" VPOS="3004" HEIGHT="80" WIDTH="116" STYLEREFS="Style_8" WC="1" CC="000"/>
						<SP ID="SP_1.6.5.4" HPOS="3432" VPOS="3000" WIDTH="1764"/>
						<String CONTENT="551" ID="St_1.6.5.5" HPOS="5196" VPOS="2996" HEIGHT="80" WIDTH="148" STYLEREFS="Style_8" WC="0.7" CC="000"/>
						<String CONTENT="8" ID="St_1.6.5.6" HPOS="5356" VPOS="2996" HEIGHT="76" WIDTH="44" STYLEREFS="Style_8" WC="0.695555555555556" CC="4"/>
					</TextLine>
					<TextLine ID="TL_1.6.6" HPOS="2912" VPOS="3200" HEIGHT="100" WIDTH="2484">
						<String CONTENT="Andreasen" ID="St_1.6.6.1" HPOS="2912" VPOS="3208" HEIGHT="72" WIDTH="508" STYLEREFS="Style_8" WC="1" CC="000000000"/>
						<SP ID="SP_1.6.6.2" HPOS="3388" VPOS="3216" WIDTH="64"/>
						<String CONTENT="(Mil" ID="St_1.6.6.3" HPOS="3496" VPOS="3200" HEIGHT="96" WIDTH="192" STYLEREFS="Style_8" WC="1" CC="0000"/>
						<String CONTENT="i" ID="St_1.6.6.4" HPOS="3692" VPOS="3212" HEIGHT="68" WIDTH="32" STYLEREFS="Style_8" WC="0.977777777777778" CC="3"/>
						<String CONTENT="a" ID="St_1.6.6.5" HPOS="3728" VPOS="3224" HEIGHT="56" WIDTH="44" STYLEREFS="Style_8" WC="0.957777777777778" CC="3"/>
						<String CONTENT="n" ID="St_1.6.6.6" HPOS="3776" VPOS="3228" HEIGHT="52" WIDTH="52" STYLEREFS="Style_8" WC="0.941111111111111" CC="3"/>
						<SP ID="SP_1.6.6.7" HPOS="3796" VPOS="3216" WIDTH="68"/>
						<String CONTENT="L.)" ID="St_1.6.6.8" HPOS="3908" VPOS="3200" HEIGHT="96" WIDTH="136" STYLEREFS="Style_8" WC="0.952222222222222" CC="000"/>
						<SP ID="SP_1.6.6.9" HPOS="4024" VPOS="3204" WIDTH="72"/>
						<String CONTENT="The" ID="St_1.6.6.10" HPOS="4160" VPOS="3208" HEIGHT="72" WIDTH="176" STYLEREFS="Style_8" WC="0.96" CC="000"/>
						<SP ID="SP_1.6.6.11" HPOS="4308" VPOS="3216" WIDTH="60"/>
						<String CONTENT="Sabbath." ID="St_1.6.6.12" HPOS="4408" VPOS="3208" HEIGHT="76" WIDTH="392" STYLEREFS="Style_8" WC="0.96" CC="00000003"/>
						<SP ID="SP_1.6.6.13" HPOS="4780" VPOS="3232" WIDTH="68"/>
						<String CONTENT="&#169;" ID="St_1.6.6.14" HPOS="4900" VPOS="3204" HEIGHT="68" WIDTH="72" STYLEREFS="Style_8" WC="0.946666666666667" CC="4"/>
						<SP ID="SP_1.6.6.15" HPOS="4936" VPOS="3204" WIDTH="68"/>
						<String CONTENT="Aug." ID="St_1.6.6.16" HPOS="5044" VPOS="3208" HEIGHT="88" WIDTH="208" STYLEREFS="Style_8" WC="0.953333333333333" CC="0000"/>
						<SP ID="SP_1.6.6.17" HPOS="5232" VPOS="3232" WIDTH="48"/>
						<String CONTENT="3," ID="St_1.6.6.18" HPOS="5320" VPOS="3204" HEIGHT="96" WIDTH="76" STYLEREFS="Style_8" WC="0.946666666666667" CC="31"/>
					</TextLine>
					<TextLine ID="TL_1.6.7" HPOS="3068" VPOS="3308" HEIGHT="100" WIDTH="2328">
						<String CONTENT="1942;" ID="St_1.6.7.1" HPOS="3068" VPOS="3316" HEIGHT="92" WIDTH="236" STYLEREFS="Style_8" WC="1" CC="00000"/>
						<SP ID="SP_1.6.7.2" HPOS="3292" VPOS="3324" WIDTH="52"/>
						<String CONTENT="A" ID="St_1.6.7.3" HPOS="3388" VPOS="3320" HEIGHT="68" WIDTH="68" STYLEREFS="Style_8" WC="1" CC="0"/>
						<SP ID="SP_1.6.7.4" HPOS="3420" VPOS="3316" WIDTH="64"/>
						<String CONTENT="166053;" ID="St_1.6.7.5" HPOS="3520" VPOS="3316" HEIGHT="92" WIDTH="340" STYLEREFS="Style_8" WC="1" CC="0000000"/>
						<SP ID="SP_1.6.7.6" HPOS="3844" VPOS="3324" WIDTH="52"/>
						<String CONTENT="Review" ID="St_1.6.7.7" HPOS="3940" VPOS="3320" HEIGHT="72" WIDTH="344" STYLEREFS="Style_8" WC="1" CC="000000"/>
						<SP ID="SP_1.6.7.8" HPOS="4244" VPOS="3324" WIDTH="72"/>
						<String CONTENT="&amp;" ID="St_1.6.7.9" HPOS="4356" VPOS="3308" HEIGHT="76" WIDTH="64" STYLEREFS="Style_8" WC="1" CC="0"/>
						<SP ID="SP_1.6.7.10" HPOS="4384" VPOS="3308" WIDTH="64"/>
						<String CONTENT="herald" ID="St_1.6.7.11" HPOS="4480" VPOS="3316" HEIGHT="72" WIDTH="308" STYLEREFS="Style_8" WC="1" CC="000000"/>
						<SP ID="SP_1.6.7.12" HPOS="4760" VPOS="3312" WIDTH="52"/>
						<String CONTENT="pub." ID="St_1.6.7.13" HPOS="4840" VPOS="3316" HEIGHT="88" WIDTH="188" STYLEREFS="Style_8" WC="0.986666666666667" CC="0004"/>
						<SP ID="SP_1.6.7.14" HPOS="5016" VPOS="3340" WIDTH="56"/>
						<String CONTENT="assn.," ID="St_1.6.7.15" HPOS="5116" VPOS="3332" HEIGHT="76" WIDTH="280" STYLEREFS="Style_8" WC="0.973333333333333" CC="000411"/>
					</TextLine>
					<TextLine ID="TL_1.6.8" HPOS="3056" VPOS="3420" HEIGHT="96" WIDTH="2348">
						<String CONTENT="Washington." ID="St_1.6.8.1" HPOS="3056" VPOS="3428" HEIGHT="88" WIDTH="572" STYLEREFS="Style_8" WC="0.988888888888889" CC="10000000000"/>
						<SP ID="SP_1.6.8.2" HPOS="3612" VPOS="3424" WIDTH="1580"/>
						<String CONTENT="5519" ID="St_1.6.8.3" HPOS="5192" VPOS="3420" HEIGHT="80" WIDTH="212" STYLEREFS="Style_8" WC="0.725555555555556" CC="0000"/>
					</TextLine>
					<TextLine ID="TL_1.6.9" HPOS="2908" VPOS="3636" HEIGHT="100" WIDTH="2492">
						<String CONTENT="Andres" ID="St_1.6.9.1" HPOS="2908" VPOS="3644" HEIGHT="72" WIDTH="344" STYLEREFS="Style_8" WC="0.925555555555556" CC="000004"/>
						<SP ID="SP_1.6.9.2" HPOS="3224" VPOS="3648" WIDTH="68"/>
						<String CONTENT="(E." ID="St_1.6.9.3" HPOS="3336" VPOS="3640" HEIGHT="92" WIDTH="128" STYLEREFS="Style_8" WC="0.955555555555556" CC="000"/>
						<SP ID="SP_1.6.9.4" HPOS="3448" VPOS="3668" WIDTH="44"/>
						<String CONTENT="M.)" ID="St_1.6.9.5" HPOS="3528" VPOS="3636" HEIGHT="96" WIDTH="156" STYLEREFS="Style_8" WC="0.967777777777778" CC="000"/>
						<SP ID="SP_1.6.9.6" HPOS="3668" VPOS="3636" WIDTH="68"/>
						<String CONTENT="&amp;" ID="St_1.6.9.7" HPOS="3792" VPOS="3644" HEIGHT="72" WIDTH="68" STYLEREFS="Style_8" WC="0.972222222222222" CC="0"/>
						<SP ID="SP_1.6.9.8" HPOS="3820" VPOS="3640" WIDTH="68"/>
						<String CONTENT="Cocanower" ID="St_1.6.9.9" HPOS="3924" VPOS="3644" HEIGHT="76" WIDTH="520" STYLEREFS="Style_8" WC="0.982222222222222" CC="000000000"/>
						<SP ID="SP_1.6.9.10" HPOS="4416" VPOS="3648" WIDTH="56"/>
						<String CONTENT="(C." ID="St_1.6.9.11" HPOS="4504" VPOS="3636" HEIGHT="96" WIDTH="132" STYLEREFS="Style_8" WC="0.984444444444444" CC="000"/>
						<SP ID="SP_1.6.9.12" HPOS="4620" VPOS="3668" WIDTH="44"/>
						<String CONTENT="D.)" ID="St_1.6.9.13" HPOS="4696" VPOS="3636" HEIGHT="96" WIDTH="140" STYLEREFS="Style_8" WC="0.986666666666667" CC="000"/>
						<String CONTENT="*" ID="St_1.6.9.14" HPOS="4848" VPOS="3644" HEIGHT="48" WIDTH="40" STYLEREFS="Style_8" WC="0.964444444444444" CC="7"/>
						<SP ID="SP_1.6.9.15" HPOS="4864" VPOS="3640" WIDTH="72"/>
						<String CONTENT="Phoenix," ID="St_1.6.9.16" HPOS="4992" VPOS="3644" HEIGHT="92" WIDTH="408" STYLEREFS="Style_8" WC="0.972222222222222" CC="00000000"/>
					</TextLine>
					<TextLine ID="TL_1.6.10" HPOS="3064" VPOS="3748" HEIGHT="100" WIDTH="2332">
						<String CONTENT="Ar" ID="St_1.6.10.1" HPOS="3064" VPOS="3756" HEIGHT="72" WIDTH="124" STYLEREFS="Style_8" WC="0.888888888888889" CC="11"/>
						<String CONTENT="i" ID="St_1.6.10.2" HPOS="3196" VPOS="3756" HEIGHT="72" WIDTH="28" STYLEREFS="Style_8" WC="0.814444444444444" CC="3"/>
						<String CONTENT="z." ID="St_1.6.10.3" HPOS="3228" VPOS="3776" HEIGHT="60" WIDTH="76" STYLEREFS="Style_8" WC="0.822222222222222" CC="30"/>
						<SP ID="SP_1.6.10.4" HPOS="3292" VPOS="3780" WIDTH="52"/>
						<String CONTENT="Economics" ID="St_1.6.10.5" HPOS="3388" VPOS="3756" HEIGHT="72" WIDTH="512" STYLEREFS="Style_8" WC="0.94" CC="000000000"/>
						<SP ID="SP_1.6.10.6" HPOS="3876" VPOS="3760" WIDTH="52"/>
						<String CONTENT="and" ID="St_1.6.10.7" HPOS="3964" VPOS="3752" HEIGHT="76" WIDTH="160" STYLEREFS="Style_8" WC="0.952222222222222" CC="000"/>
						<SP ID="SP_1.6.10.8" HPOS="4092" VPOS="3752" WIDTH="56"/>
						<String CONTENT="the" ID="St_1.6.10.9" HPOS="4176" VPOS="3756" HEIGHT="72" WIDTH="144" STYLEREFS="Style_8" WC="0.961111111111111" CC="000"/>
						<SP ID="SP_1.6.10.10" HPOS="4292" VPOS="3764" WIDTH="56"/>
						<String CONTENT="consumer." ID="St_1.6.10.11" HPOS="4380" VPOS="3772" HEIGHT="56" WIDTH="496" STYLEREFS="Style_8" WC="0.972222222222222" CC="000000000"/>
						<SP ID="SP_1.6.10.12" HPOS="4860" VPOS="3780" WIDTH="64"/>
						<String CONTENT="&#169;" ID="St_1.6.10.13" HPOS="4980" VPOS="3748" HEIGHT="72" WIDTH="72" STYLEREFS="Style_8" WC="0.957777777777778" CC="5"/>
						<SP ID="SP_1.6.10.14" HPOS="5012" VPOS="3748" WIDTH="60"/>
						<String CONTENT="July" ID="St_1.6.10.15" HPOS="5096" VPOS="3752" HEIGHT="96" WIDTH="180" STYLEREFS="Style_8" WC="0.963333333333333" CC="0000"/>
						<SP ID="SP_1.6.10.16" HPOS="5244" VPOS="3764" WIDTH="52"/>
						<String CONTENT="3," ID="St_1.6.10.17" HPOS="5320" VPOS="3752" HEIGHT="96" WIDTH="76" STYLEREFS="Style_8" WC="0.965555555555556" CC="00"/>
					</TextLine>
					<TextLine ID="TL_1.6.11" HPOS="3064" VPOS="3860" HEIGHT="100" WIDTH="2344">
						<String CONTENT="1942;" ID="St_1.6.11.1" HPOS="3064" VPOS="3864" HEIGHT="96" WIDTH="240" STYLEREFS="Style_8" WC="1" CC="00000"/>
						<SP ID="SP_1.6.11.2" HPOS="3292" VPOS="3876" WIDTH="32"/>
						<String CONTENT="A" ID="St_1.6.11.3" HPOS="3348" VPOS="3864" HEIGHT="72" WIDTH="68" STYLEREFS="Style_8" WC="1" CC="0"/>
						<SP ID="SP_1.6.11.4" HPOS="3376" VPOS="3864" WIDTH="60"/>
						<String CONTENT="165995." ID="St_1.6.11.5" HPOS="3464" VPOS="3864" HEIGHT="80" WIDTH="344" STYLEREFS="Style_8" WC="0.97" CC="0000004"/>
						<SP ID="SP_1.6.11.6" HPOS="3792" VPOS="3860" WIDTH="1408"/>
						<String CONTENT="5520" ID="St_1.6.11.7" HPOS="5200" VPOS="3860" HEIGHT="76" WIDTH="208" STYLEREFS="Style_8" WC="0.761111111111111" CC="0000"/>
					</TextLine>
					<TextLine ID="TL_1.6.12" HPOS="2916" VPOS="4072" HEIGHT="104" WIDTH="2488">
						<String CONTENT="Angelo" ID="St_1.6.12.1" HPOS="2916" VPOS="4084" HEIGHT="88" WIDTH="324" STYLEREFS="Style_8" WC="1" CC="000000"/>
						<SP ID="SP_1.6.12.2" HPOS="3212" VPOS="4088" WIDTH="56"/>
						<String CONTENT="(Va" ID="St_1.6.12.3" HPOS="3304" VPOS="4076" HEIGHT="92" WIDTH="152" STYLEREFS="Style_8" WC="1" CC="000"/>
						<String CONTENT="l" ID="St_1.6.12.4" HPOS="3460" VPOS="4080" HEIGHT="76" WIDTH="32" STYLEREFS="Style_8" WC="0.958888888888889" CC="4"/>
						<String CONTENT="enti)" ID="St_1.6.12.5" HPOS="3500" VPOS="4072" HEIGHT="100" WIDTH="204" STYLEREFS="Style_8" WC="0.944444444444444" CC="00004"/>
						<String CONTENT="*" ID="St_1.6.12.6" HPOS="3712" VPOS="4084" HEIGHT="44" WIDTH="40" STYLEREFS="Style_8" WC="0.901111111111111" CC="7"/>
						<SP ID="SP_1.6.12.7" HPOS="3728" VPOS="4080" WIDTH="72"/>
						<String CONTENT="Bronxville," ID="St_1.6.12.8" HPOS="3852" VPOS="4080" HEIGHT="96" WIDTH="536" STYLEREFS="Style_8" WC="0.926666666666667" CC="00013000000"/>
						<SP ID="SP_1.6.12.9" HPOS="4372" VPOS="4108" WIDTH="44"/>
						<String CONTENT="N." ID="St_1.6.12.10" HPOS="4448" VPOS="4084" HEIGHT="72" WIDTH="104" STYLEREFS="Style_8" WC="0.933333333333333" CC="00"/>
						<SP ID="SP_1.6.12.11" HPOS="4536" VPOS="4104" WIDTH="44"/>
						<String CONTENT="Y." ID="St_1.6.12.12" HPOS="4608" VPOS="4084" HEIGHT="72" WIDTH="104" STYLEREFS="Style_8" WC="0.938888888888889" CC="00"/>
						<SP ID="SP_1.6.12.13" HPOS="4696" VPOS="4104" WIDTH="64"/>
						<String CONTENT="H" ID="St_1.6.12.14" HPOS="4812" VPOS="4084" HEIGHT="68" WIDTH="68" STYLEREFS="Style_8" WC="0.93" CC="4"/>
						<String CONTENT="ill" ID="St_1.6.12.15" HPOS="4888" VPOS="4080" HEIGHT="76" WIDTH="100" STYLEREFS="Style_8" WC="0.935555555555556" CC="000"/>
						<SP ID="SP_1.6.12.16" HPOS="4968" VPOS="4076" WIDTH="48"/>
						<String CONTENT="of" ID="St_1.6.12.17" HPOS="5052" VPOS="4080" HEIGHT="76" WIDTH="84" STYLEREFS="Style_8" WC="0.94" CC="00"/>
						<SP ID="SP_1.6.12.18" HPOS="5112" VPOS="4076" WIDTH="40"/>
						<String CONTENT="little" ID="St_1.6.12.19" HPOS="5176" VPOS="4080" HEIGHT="72" WIDTH="228" STYLEREFS="Style_8" WC="0.948888888888889" CC="000000"/>
					</TextLine>
					<TextLine ID="TL_1.6.13" HPOS="3064" VPOS="4188" HEIGHT="96" WIDTH="2340">
						<String CONTENT="miracles." ID="St_1.6.13.1" HPOS="3064" VPOS="4192" HEIGHT="76" WIDTH="460" STYLEREFS="Style_8" WC="1" CC="000000000"/>
						<SP ID="SP_1.6.13.2" HPOS="3508" VPOS="4220" WIDTH="56"/>
						<String CONTENT="&#169;" ID="St_1.6.13.3" HPOS="3612" VPOS="4192" HEIGHT="64" WIDTH="68" STYLEREFS="Style_8" WC="0.928888888888889" CC="7"/>
						<SP ID="SP_1.6.13.4" HPOS="3644" VPOS="4188" WIDTH="60"/>
						<String CONTENT="Aug." ID="St_1.6.13.5" HPOS="3724" VPOS="4192" HEIGHT="92" WIDTH="212" STYLEREFS="Style_8" WC="0.951111111111111" CC="0000"/>
						<SP ID="SP_1.6.13.6" HPOS="3920" VPOS="4220" WIDTH="36"/>
						<String CONTENT="21," ID="St_1.6.13.7" HPOS="3984" VPOS="4188" HEIGHT="96" WIDTH="136" STYLEREFS="Style_8" WC="0.961111111111111" CC="000"/>
						<SP ID="SP_1.6.13.8" HPOS="4104" VPOS="4220" WIDTH="40"/>
						<String CONTENT="1942;" ID="St_1.6.13.9" HPOS="4172" VPOS="4188" HEIGHT="96" WIDTH="236" STYLEREFS="Style_8" WC="0.97" CC="00000"/>
						<SP ID="SP_1.6.13.10" HPOS="4392" VPOS="4200" WIDTH="36"/>
						<String CONTENT="A" ID="St_1.6.13.11" HPOS="4452" VPOS="4192" HEIGHT="68" WIDTH="68" STYLEREFS="Style_8" WC="0.972222222222222" CC="0"/>
						<SP ID="SP_1.6.13.12" HPOS="4480" VPOS="4192" WIDTH="60"/>
						<String CONTENT="166512." ID="St_1.6.13.13" HPOS="4564" VPOS="4188" HEIGHT="76" WIDTH="344" STYLEREFS="Style_8" WC="0.977777777777778" CC="0000000"/>
						<SP ID="SP_1.6.13.14" HPOS="4892" VPOS="4188" WIDTH="160"/>
						<String CONTENT="5521" ID="St_1.6.13.15" HPOS="5200" VPOS="4188" HEIGHT="72" WIDTH="204" STYLEREFS="Style_8" WC="0.97" CC="0000"/>
					</TextLine>
					<TextLine ID="TL_1.6.14" HPOS="2916" VPOS="4404" HEIGHT="96" WIDTH="2472">
						<String CONTENT="Anne" ID="St_1.6.14.1" HPOS="2916" VPOS="4408" HEIGHT="72" WIDTH="232" STYLEREFS="Style_8" WC="0.833333333333333" CC="1131"/>
						<String CONTENT="t" ID="St_1.6.14.2" HPOS="3156" VPOS="4408" HEIGHT="72" WIDTH="32" STYLEREFS="Style_8" WC="0.8" CC="3"/>
						<String CONTENT="t" ID="St_1.6.14.3" HPOS="3188" VPOS="4408" HEIGHT="72" WIDTH="36" STYLEREFS="Style_8" WC="0.833333333333333" CC="0"/>
						<SP ID="SP_1.6.14.4" HPOS="3204" VPOS="4404" WIDTH="40"/>
						<String CONTENT="(R." ID="St_1.6.14.5" HPOS="3268" VPOS="4404" HEIGHT="92" WIDTH="132" STYLEREFS="Style_8" WC="0.855555555555556" CC="040"/>
						<SP ID="SP_1.6.14.6" HPOS="3384" VPOS="4432" WIDTH="32"/>
						<String CONTENT="Ross)*" ID="St_1.6.14.7" HPOS="3440" VPOS="4404" HEIGHT="92" WIDTH="308" STYLEREFS="Style_8" WC="0.882222222222222" CC="000005"/>
						<SP ID="SP_1.6.14.8" HPOS="3732" VPOS="4408" WIDTH="60"/>
						<String CONTENT="New" ID="St_1.6.14.9" HPOS="3836" VPOS="4412" HEIGHT="72" WIDTH="200" STYLEREFS="Style_8" WC="0.904444444444445" CC="000"/>
						<SP ID="SP_1.6.14.10" HPOS="3996" VPOS="4416" WIDTH="56"/>
						<String CONTENT="York." ID="St_1.6.14.11" HPOS="4076" VPOS="4408" HEIGHT="76" WIDTH="260" STYLEREFS="Style_8" WC="0.925555555555556" CC="00000"/>
						<SP ID="SP_1.6.14.12" HPOS="4320" VPOS="4432" WIDTH="64"/>
						<String CONTENT="Especially" ID="St_1.6.14.13" HPOS="4436" VPOS="4408" HEIGHT="92" WIDTH="500" STYLEREFS="Style_8" WC="0.946666666666667" CC="0000000000"/>
						<SP ID="SP_1.6.14.14" HPOS="4904" VPOS="4416" WIDTH="48"/>
						<String CONTENT="Babe." ID="St_1.6.14.15" HPOS="4976" VPOS="4408" HEIGHT="76" WIDTH="264" STYLEREFS="Style_8" WC="0.954444444444444" CC="00000"/>
						<SP ID="SP_1.6.14.16" HPOS="5224" VPOS="4432" WIDTH="56"/>
						<String CONTENT="&#169;" ID="St_1.6.14.17" HPOS="5324" VPOS="4404" HEIGHT="68" WIDTH="64" STYLEREFS="Style_8" WC="0.938888888888889" CC="7"/>
					</TextLine>
					<TextLine ID="TL_1.6.15" HPOS="3064" VPOS="4516" HEIGHT="96" WIDTH="2344">
						<String CONTENT="July" ID="St_1.6.15.1" HPOS="3064" VPOS="4520" HEIGHT="92" WIDTH="176" STYLEREFS="Style_8" WC="1" CC="0000"/>
						<SP ID="SP_1.6.15.2" HPOS="3208" VPOS="4528" WIDTH="48"/>
						<String CONTENT="24," ID="St_1.6.15.3" HPOS="3280" VPOS="4516" HEIGHT="96" WIDTH="136" STYLEREFS="Style_8" WC="1" CC="000"/>
						<SP ID="SP_1.6.15.4" HPOS="3400" VPOS="4548" WIDTH="40"/>
						<String CONTENT="1942;" ID="St_1.6.15.5" HPOS="3468" VPOS="4516" HEIGHT="96" WIDTH="236" STYLEREFS="Style_8" WC="1" CC="00000"/>
						<SP ID="SP_1.6.15.6" HPOS="3688" VPOS="4528" WIDTH="32"/>
						<String CONTENT="A" ID="St_1.6.15.7" HPOS="3744" VPOS="4520" HEIGHT="72" WIDTH="72" STYLEREFS="Style_8" WC="1" CC="0"/>
						<SP ID="SP_1.6.15.8" HPOS="3776" VPOS="4520" WIDTH="60"/>
						<String CONTENT="165922." ID="St_1.6.15.9" HPOS="3860" VPOS="4516" HEIGHT="80" WIDTH="348" STYLEREFS="Style_8" WC="1" CC="0000000"/>
						<SP ID="SP_1.6.15.10" HPOS="4192" VPOS="4516" WIDTH="1008"/>
						<String CONTENT="5522" ID="St_1.6.15.11" HPOS="5200" VPOS="4516" HEIGHT="72" WIDTH="208" STYLEREFS="Style_8" WC="0.868888888888889" CC="0000"/>
					</TextLine>
					<TextLine ID="TL_1.6.16" HPOS="2916" VPOS="4728" HEIGHT="100" WIDTH="2476">
						<String CONTENT="Anshen" ID="St_1.6.16.1" HPOS="2916" VPOS="4736" HEIGHT="72" WIDTH="344" STYLEREFS="Style_8" WC="1" CC="000000"/>
						<SP ID="SP_1.6.16.2" HPOS="3228" VPOS="4744" WIDTH="52"/>
						<String CONTENT="(Melvin)" ID="St_1.6.16.3" HPOS="3304" VPOS="4728" HEIGHT="100" WIDTH="384" STYLEREFS="Style_8" WC="1" CC="00000000"/>
						<SP ID="SP_1.6.16.4" HPOS="3672" VPOS="4732" WIDTH="52"/>
						<String CONTENT="Introduction" ID="St_1.6.16.5" HPOS="3764" VPOS="4736" HEIGHT="76" WIDTH="576" STYLEREFS="Style_8" WC="1" CC="000000000000"/>
						<SP ID="SP_1.6.16.6" HPOS="4312" VPOS="4744" WIDTH="52"/>
						<String CONTENT="to" ID="St_1.6.16.7" HPOS="4392" VPOS="4740" HEIGHT="68" WIDTH="96" STYLEREFS="Style_8" WC="1" CC="00"/>
						<SP ID="SP_1.6.16.8" HPOS="4460" VPOS="4744" WIDTH="52"/>
						<String CONTENT="business." ID="St_1.6.16.9" HPOS="4540" VPOS="4736" HEIGHT="80" WIDTH="444" STYLEREFS="Style_8" WC="1" CC="000000000"/>
						<SP ID="SP_1.6.16.10" HPOS="4968" VPOS="4760" WIDTH="56"/>
						<String CONTENT="&#169;" ID="St_1.6.16.11" HPOS="5068" VPOS="4728" HEIGHT="72" WIDTH="72" STYLEREFS="Style_8" WC="0.986666666666667" CC="5"/>
						<SP ID="SP_1.6.16.12" HPOS="5104" VPOS="4728" WIDTH="60"/>
						<String CONTENT="Aug." ID="St_1.6.16.13" HPOS="5192" VPOS="4736" HEIGHT="92" WIDTH="200" STYLEREFS="Style_8" WC="0.976666666666667" CC="0005"/>
					</TextLine>
					<TextLine ID="TL_1.6.17" HPOS="3064" VPOS="4844" HEIGHT="96" WIDTH="2176">
						<String CONTENT="4," ID="St_1.6.17.1" HPOS="3064" VPOS="4844" HEIGHT="96" WIDTH="84" STYLEREFS="Style_8" WC="1" CC="00"/>
						<SP ID="SP_1.6.17.2" HPOS="3132" VPOS="4872" WIDTH="36"/>
						<String CONTENT="1942;" ID="St_1.6.17.3" HPOS="3196" VPOS="4844" HEIGHT="96" WIDTH="240" STYLEREFS="Style_8" WC="1" CC="00000"/>
						<SP ID="SP_1.6.17.4" HPOS="3420" VPOS="4852" WIDTH="32"/>
						<String CONTENT="A" ID="St_1.6.17.5" HPOS="3476" VPOS="4848" HEIGHT="72" WIDTH="72" STYLEREFS="Style_8" WC="1" CC="0"/>
						<SP ID="SP_1.6.17.6" HPOS="3508" VPOS="4844" WIDTH="60"/>
						<String CONTENT="166074;" ID="St_1.6.17.7" HPOS="3592" VPOS="4844" HEIGHT="96" WIDTH="344" STYLEREFS="Style_8" WC="1" CC="0000000"/>
						<SP ID="SP_1.6.17.8" HPOS="3920" VPOS="4852" WIDTH="36"/>
						<String CONTENT="Macmillan" ID="St_1.6.17.9" HPOS="3984" VPOS="4844" HEIGHT="80" WIDTH="500" STYLEREFS="Style_8" WC="1" CC="000000000"/>
						<SP ID="SP_1.6.17.10" HPOS="4456" VPOS="4852" WIDTH="48"/>
						<String CONTENT="co.," ID="St_1.6.17.11" HPOS="4528" VPOS="4864" HEIGHT="72" WIDTH="168" STYLEREFS="Style_8" WC="1" CC="0000"/>
						<SP ID="SP_1.6.17.12" HPOS="4680" VPOS="4868" WIDTH="36"/>
						<String CONTENT="New" ID="St_1.6.17.13" HPOS="4740" VPOS="4848" HEIGHT="72" WIDTH="196" STYLEREFS="Style_8" WC="1" CC="000"/>
						<SP ID="SP_1.6.17.14" HPOS="4896" VPOS="4852" WIDTH="56"/>
						<String CONTENT="York." ID="St_1.6.17.15" HPOS="4976" VPOS="4844" HEIGHT="80" WIDTH="264" STYLEREFS="Style_8" WC="0.988888888888889" CC="00004"/>
					</TextLine>
					<TextLine ID="TL_1.6.18" HPOS="5204" VPOS="4952" HEIGHT="72" WIDTH="200">
						<String CONTENT="552" ID="St_1.6.18.1" HPOS="5204" VPOS="4952" HEIGHT="72" WIDTH="148" STYLEREFS="Style_8" WC="1" CC="000"/>
						<String CONTENT="3" ID="St_1.6.18.2" HPOS="5360" VPOS="4952" HEIGHT="72" WIDTH="44" STYLEREFS="Style_8" WC="0.888888888888889" CC="4"/>
					</TextLine>
					<TextLine ID="TL_1.6.19" HPOS="2916" VPOS="5172" HEIGHT="92" WIDTH="2496">
						<String CONTENT="Arizona." ID="St_1.6.19.1" HPOS="2916" VPOS="5172" HEIGHT="76" WIDTH="408" STYLEREFS="Style_8" WC="1" CC="00000000"/>
						<SP ID="SP_1.6.19.2" HPOS="3312" VPOS="5196" WIDTH="52"/>
						<String CONTENT="Supreme" ID="St_1.6.19.3" HPOS="3408" VPOS="5172" HEIGHT="84" WIDTH="408" STYLEREFS="Style_9" WC="0.972222222222222" CC="0040000"/>
						<SP ID="SP_1.6.19.4" HPOS="3788" VPOS="5180" WIDTH="56"/>
						<String CONTENT="court." ID="St_1.6.19.5" HPOS="3872" VPOS="5172" HEIGHT="80" WIDTH="280" STYLEREFS="Style_9" WC="0.98" CC="000000"/>
						<SP ID="SP_1.6.19.6" HPOS="4136" VPOS="5196" WIDTH="56"/>
						<String CONTENT="Report" ID="St_1.6.19.7" HPOS="4236" VPOS="5172" HEIGHT="92" WIDTH="324" STYLEREFS="Style_9" WC="0.984444444444444" CC="000000"/>
						<SP ID="SP_1.6.19.8" HPOS="4536" VPOS="5172" WIDTH="52"/>
						<String CONTENT="of" ID="St_1.6.19.9" HPOS="4620" VPOS="5172" HEIGHT="76" WIDTH="84" STYLEREFS="Style_9" WC="0.985555555555556" CC="00"/>
						<SP ID="SP_1.6.19.10" HPOS="4680" VPOS="5172" WIDTH="48"/>
						<String CONTENT="ca" ID="St_1.6.19.11" HPOS="4760" VPOS="5192" HEIGHT="52" WIDTH="100" STYLEREFS="Style_9" WC="0.986666666666667" CC="00"/>
						<String CONTENT="s" ID="St_1.6.19.12" HPOS="4864" VPOS="5188" HEIGHT="56" WIDTH="48" STYLEREFS="Style_9" WC="0.975555555555556" CC="4"/>
						<String CONTENT="es" ID="St_1.6.19.13" HPOS="4924" VPOS="5188" HEIGHT="56" WIDTH="96" STYLEREFS="Style_9" WC="0.976666666666667" CC="00"/>
						<SP ID="SP_1.6.19.14" HPOS="4992" VPOS="5180" WIDTH="56"/>
						<String CONTENT="argued" ID="St_1.6.19.15" HPOS="5084" VPOS="5172" HEIGHT="92" WIDTH="328" STYLEREFS="Style_9" WC="0.98" CC="000000"/>
					</TextLine>
					<TextLine ID="TL_1.6.20" HPOS="3068" VPOS="5276" HEIGHT="100" WIDTH="2340">
						<String CONTENT="and" ID="St_1.6.20.1" HPOS="3068" VPOS="5284" HEIGHT="72" WIDTH="160" STYLEREFS="Style_9" WC="1" CC="000"/>
						<SP ID="SP_1.6.20.2" HPOS="3196" VPOS="5280" WIDTH="64"/>
						<String CONTENT="determined." ID="St_1.6.20.3" HPOS="3300" VPOS="5280" HEIGHT="80" WIDTH="572" STYLEREFS="Style_9" WC="1" CC="00000000000"/>
						<SP ID="SP_1.6.20.4" HPOS="3856" VPOS="5308" WIDTH="72"/>
						<String CONTENT="v." ID="St_1.6.20.5" HPOS="3984" VPOS="5304" HEIGHT="56" WIDTH="84" STYLEREFS="Style_9" WC="1" CC="00"/>
						<SP ID="SP_1.6.20.6" HPOS="4052" VPOS="5308" WIDTH="44"/>
						<String CONTENT="57." ID="St_1.6.20.7" HPOS="4132" VPOS="5280" HEIGHT="80" WIDTH="136" STYLEREFS="Style_9" WC="1" CC="000"/>
						<SP ID="SP_1.6.20.8" HPOS="4252" VPOS="5308" WIDTH="72"/>
						<String CONTENT="&#169;" ID="St_1.6.20.9" HPOS="4388" VPOS="5276" HEIGHT="72" WIDTH="72" STYLEREFS="Style_9" WC="0.976666666666667" CC="5"/>
						<SP ID="SP_1.6.20.10" HPOS="4420" VPOS="5276" WIDTH="80"/>
						<String CONTENT="July" ID="St_1.6.20.11" HPOS="4540" VPOS="5280" HEIGHT="96" WIDTH="180" STYLEREFS="Style_9" WC="0.98" CC="0000"/>
						<SP ID="SP_1.6.20.12" HPOS="4692" VPOS="5292" WIDTH="68"/>
						<String CONTENT="15," ID="St_1.6.20.13" HPOS="4804" VPOS="5280" HEIGHT="96" WIDTH="128" STYLEREFS="Style_9" WC="0.982222222222222" CC="000"/>
						<SP ID="SP_1.6.20.14" HPOS="4916" VPOS="5308" WIDTH="56"/>
						<String CONTENT="1942;" ID="St_1.6.20.15" HPOS="5020" VPOS="5280" HEIGHT="96" WIDTH="240" STYLEREFS="Style_9" WC="0.985555555555556" CC="00000"/>
						<SP ID="SP_1.6.20.16" HPOS="5244" VPOS="5292" WIDTH="52"/>
						<String CONTENT="A" ID="St_1.6.20.17" HPOS="5340" VPOS="5280" HEIGHT="72" WIDTH="68" STYLEREFS="Style_9" WC="0.985555555555556" CC="0"/>
					</TextLine>
					<TextLine ID="TL_1.6.21" HPOS="3072" VPOS="5388" HEIGHT="100" WIDTH="2336">
						<String CONTENT="165" ID="St_1.6.21.1" HPOS="3072" VPOS="5392" HEIGHT="72" WIDTH="148" STYLEREFS="Style_9" WC="1" CC="000"/>
						<String CONTENT="8" ID="St_1.6.21.2" HPOS="3232" VPOS="5392" HEIGHT="72" WIDTH="44" STYLEREFS="Style_9" WC="0.888888888888889" CC="4"/>
						<String CONTENT="95;" ID="St_1.6.21.3" HPOS="3284" VPOS="5392" HEIGHT="96" WIDTH="132" STYLEREFS="Style_9" WC="0.935555555555556" CC="000"/>
						<SP ID="SP_1.6.21.4" HPOS="3400" VPOS="5400" WIDTH="44"/>
						<String CONTENT="Loretta" ID="St_1.6.21.5" HPOS="3480" VPOS="5396" HEIGHT="72" WIDTH="360" STYLEREFS="Style_9" WC="0.97" CC="0000000"/>
						<SP ID="SP_1.6.21.6" HPOS="3808" VPOS="5400" WIDTH="44"/>
						<String CONTENT="C." ID="St_1.6.21.7" HPOS="3876" VPOS="5392" HEIGHT="80" WIDTH="100" STYLEREFS="Style_9" WC="0.974444444444444" CC="00"/>
						<SP ID="SP_1.6.21.8" HPOS="3960" VPOS="5420" WIDTH="36"/>
						<String CONTENT="Savage," ID="St_1.6.21.9" HPOS="4024" VPOS="5392" HEIGHT="92" WIDTH="348" STYLEREFS="Style_9" WC="0.982222222222222" CC="0000000"/>
						<SP ID="SP_1.6.21.10" HPOS="4360" VPOS="5420" WIDTH="32"/>
						<String CONTENT="for" ID="St_1.6.21.11" HPOS="4416" VPOS="5392" HEIGHT="72" WIDTH="144" STYLEREFS="Style_9" WC="0.984444444444444" CC="000"/>
						<SP ID="SP_1.6.21.12" HPOS="4528" VPOS="5400" WIDTH="44"/>
						<String CONTENT="the" ID="St_1.6.21.13" HPOS="4596" VPOS="5396" HEIGHT="68" WIDTH="148" STYLEREFS="Style_9" WC="0.986666666666667" CC="000"/>
						<SP ID="SP_1.6.21.14" HPOS="4716" VPOS="5400" WIDTH="40"/>
						<String CONTENT="benefit" ID="St_1.6.21.15" HPOS="4776" VPOS="5388" HEIGHT="76" WIDTH="328" STYLEREFS="Style_9" WC="0.988888888888889" CC="0000000"/>
						<SP ID="SP_1.6.21.16" HPOS="5080" VPOS="5392" WIDTH="40"/>
						<String CONTENT="of" ID="St_1.6.21.17" HPOS="5144" VPOS="5388" HEIGHT="76" WIDTH="84" STYLEREFS="Style_9" WC="0.99" CC="00"/>
						<SP ID="SP_1.6.21.18" HPOS="5204" VPOS="5388" WIDTH="36"/>
						<String CONTENT="the" ID="St_1.6.21.19" HPOS="5264" VPOS="5396" HEIGHT="68" WIDTH="144" STYLEREFS="Style_9" WC="0.99" CC="000"/>
					</TextLine>
					<TextLine ID="TL_1.6.22" HPOS="3072" VPOS="5496" HEIGHT="100" WIDTH="2336">
						<String CONTENT="state" ID="St_1.6.22.1" HPOS="3072" VPOS="5500" HEIGHT="72" WIDTH="228" STYLEREFS="Style_9" WC="1" CC="00000"/>
						<SP ID="SP_1.6.22.2" HPOS="3272" VPOS="5512" WIDTH="44"/>
						<String CONTENT="of" ID="St_1.6.22.3" HPOS="3340" VPOS="5500" HEIGHT="76" WIDTH="84" STYLEREFS="Style_9" WC="1" CC="00"/>
						<SP ID="SP_1.6.22.4" HPOS="3400" VPOS="5500" WIDTH="40"/>
						<String CONTENT="Arizona," ID="St_1.6.22.5" HPOS="3460" VPOS="5504" HEIGHT="92" WIDTH="404" STYLEREFS="Style_9" WC="1" CC="00000000"/>
						<SP ID="SP_1.6.22.6" HPOS="3848" VPOS="5528" WIDTH="36"/>
						<String CONTENT="Phoenix," ID="St_1.6.22.7" HPOS="3912" VPOS="5500" HEIGHT="96" WIDTH="412" STYLEREFS="Style_9" WC="1" CC="00000000"/>
						<SP ID="SP_1.6.22.8" HPOS="4308" VPOS="5528" WIDTH="32"/>
						<String CONTENT="Ari" ID="St_1.6.22.9" HPOS="4364" VPOS="5500" HEIGHT="72" WIDTH="160" STYLEREFS="Style_9" WC="1" CC="000"/>
						<String CONTENT="z" ID="St_1.6.22.10" HPOS="4532" VPOS="5520" HEIGHT="52" WIDTH="44" STYLEREFS="Style_9" WC="0.985555555555556" CC="4"/>
						<String CONTENT="." ID="St_1.6.22.11" HPOS="4584" VPOS="5556" HEIGHT="24" WIDTH="24" STYLEREFS="Style_9" WC="0.985555555555556" CC="0"/>
						<SP ID="SP_1.6.22.12" HPOS="4592" VPOS="5500" WIDTH="608"/>
						<String CONTENT="5524" ID="St_1.6.22.13" HPOS="5200" VPOS="5496" HEIGHT="76" WIDTH="208" STYLEREFS="Style_9" WC="0.945555555555556" CC="0000"/>
					</TextLine>
					<TextLine ID="TL_1.6.23" HPOS="2920" VPOS="5712" HEIGHT="112" WIDTH="2492">
						<String CONTENT="[Army" ID="St_1.6.23.1" HPOS="2920" VPOS="5712" HEIGHT="108" WIDTH="304" STYLEREFS="Style_9" WC="1" CC="00000"/>
						<SP ID="SP_1.6.23.2" HPOS="3196" VPOS="5724" WIDTH="56"/>
						<String CONTENT="and" ID="St_1.6.23.3" HPOS="3284" VPOS="5720" HEIGHT="76" WIDTH="160" STYLEREFS="Style_9" WC="1" CC="000"/>
						<SP ID="SP_1.6.23.4" HPOS="3412" VPOS="5716" WIDTH="56"/>
						<String CONTENT="navy" ID="St_1.6.23.5" HPOS="3500" VPOS="5740" HEIGHT="72" WIDTH="212" STYLEREFS="Style_9" WC="1" CC="0000"/>
						<SP ID="SP_1.6.23.6" HPOS="3684" VPOS="5724" WIDTH="52"/>
						<String CONTENT="publishing" ID="St_1.6.23.7" HPOS="3764" VPOS="5720" HEIGHT="92" WIDTH="492" STYLEREFS="Style_9" WC="1" CC="0000000000"/>
						<SP ID="SP_1.6.23.8" HPOS="4224" VPOS="5724" WIDTH="60"/>
						<String CONTENT="company," ID="St_1.6.23.9" HPOS="4316" VPOS="5740" HEIGHT="72" WIDTH="436" STYLEREFS="Style_9" WC="1" CC="00000000"/>
						<SP ID="SP_1.6.23.10" HPOS="4736" VPOS="5744" WIDTH="36"/>
						<String CONTENT="i" ID="St_1.6.23.11" HPOS="4800" VPOS="5724" HEIGHT="72" WIDTH="28" STYLEREFS="Style_9" WC="1" CC="0"/>
						<String CONTENT="n" ID="St_1.6.23.12" HPOS="4832" VPOS="5740" HEIGHT="52" WIDTH="52" STYLEREFS="Style_9" WC="1" CC="0"/>
						<String CONTENT="c" ID="St_1.6.23.13" HPOS="4888" VPOS="5736" HEIGHT="56" WIDTH="48" STYLEREFS="Style_9" WC="1" CC="0"/>
						<String CONTENT="." ID="St_1.6.23.14" HPOS="4944" VPOS="5772" HEIGHT="28" WIDTH="24" STYLEREFS="Style_9" WC="0.987777777777778" CC="4"/>
						<String CONTENT="]*" ID="St_1.6.23.15" HPOS="4988" VPOS="5712" HEIGHT="112" WIDTH="112" STYLEREFS="Style_9" WC="0.977777777777778" CC="40"/>
						<SP ID="SP_1.6.23.16" HPOS="5020" VPOS="5716" WIDTH="80"/>
						<String CONTENT="Baton" ID="St_1.6.23.17" HPOS="5144" VPOS="5720" HEIGHT="76" WIDTH="268" STYLEREFS="Style_9" WC="0.98" CC="00000"/>
					</TextLine>
					<TextLine ID="TL_1.6.24" HPOS="3064" VPOS="5828" HEIGHT="100" WIDTH="2344">
						<String CONTENT="Rouge," ID="St_1.6.24.1" HPOS="3064" VPOS="5832" HEIGHT="96" WIDTH="316" STYLEREFS="Style_9" WC="1" CC="000000"/>
						<SP ID="SP_1.6.24.2" HPOS="3368" VPOS="5860" WIDTH="32"/>
						<String CONTENT="La." ID="St_1.6.24.3" HPOS="3428" VPOS="5836" HEIGHT="72" WIDTH="152" STYLEREFS="Style_9" WC="1" CC="000"/>
						<SP ID="SP_1.6.24.4" HPOS="3564" VPOS="5856" WIDTH="56"/>
						<String CONTENT="Historical" ID="St_1.6.24.5" HPOS="3664" VPOS="5832" HEIGHT="72" WIDTH="484" STYLEREFS="Style_9" WC="1" CC="0000000000"/>
						<SP ID="SP_1.6.24.6" HPOS="4140" VPOS="5828" WIDTH="20"/>
						<String CONTENT="and" ID="St_1.6.24.7" HPOS="4168" VPOS="5832" HEIGHT="72" WIDTH="160" STYLEREFS="Style_9" WC="0.982222222222222" CC="000"/>
						<SP ID="SP_1.6.24.8" HPOS="4328" VPOS="5832" WIDTH="52"/>
						<String CONTENT="pictorial" ID="St_1.6.24.9" HPOS="4344" VPOS="5832" HEIGHT="92" WIDTH="416" STYLEREFS="Style_9" WC="0.986666666666667" CC="000000000"/>
						<SP ID="SP_1.6.24.10" HPOS="4740" VPOS="5832" WIDTH="40"/>
						<String CONTENT="review," ID="St_1.6.24.11" HPOS="4804" VPOS="5832" HEIGHT="88" WIDTH="348" STYLEREFS="Style_9" WC="0.988888888888889" CC="0000000"/>
						<SP ID="SP_1.6.24.12" HPOS="5184" VPOS="5832" WIDTH="52"/>
						<String CONTENT="212th" ID="St_1.6.24.13" HPOS="5164" VPOS="5828" HEIGHT="76" WIDTH="244" STYLEREFS="Style_9" WC="0.99" CC="00000"/>
					</TextLine>
					<TextLine ID="TL_1.6.25" HPOS="3072" VPOS="5932" HEIGHT="112" WIDTH="2336">
						<String CONTENT="coast" ID="St_1.6.25.1" HPOS="3072" VPOS="5944" HEIGHT="72" WIDTH="244" STYLEREFS="Style_9" WC="1" CC="00000"/>
						<SP ID="SP_1.6.25.2" HPOS="3292" VPOS="5944" WIDTH="52"/>
						<String CONTENT="artillery" ID="St_1.6.25.3" HPOS="3376" VPOS="5940" HEIGHT="92" WIDTH="412" STYLEREFS="Style_9" WC="1" CC="000000000"/>
						<SP ID="SP_1.6.25.4" HPOS="3756" VPOS="5952" WIDTH="60"/>
						<String CONTENT="(AA)" ID="St_1.6.25.5" HPOS="3848" VPOS="5936" HEIGHT="96" WIDTH="208" STYLEREFS="Style_9" WC="1" CC="0000"/>
						<SP ID="SP_1.6.25.6" HPOS="4036" VPOS="5940" WIDTH="48"/>
						<String CONTENT="Camp" ID="St_1.6.25.7" HPOS="4112" VPOS="5940" HEIGHT="92" WIDTH="272" STYLEREFS="Style_9" WC="1" CC="0000"/>
						<SP ID="SP_1.6.25.8" HPOS="4352" VPOS="5952" WIDTH="56"/>
						<String CONTENT="Stewart" ID="St_1.6.25.9" HPOS="4440" VPOS="5944" HEIGHT="72" WIDTH="352" STYLEREFS="Style_9" WC="1" CC="0000000"/>
						<SP ID="SP_1.6.25.10" HPOS="4772" VPOS="5944" WIDTH="56"/>
						<String CONTENT="[Ga.]" ID="St_1.6.25.11" HPOS="4872" VPOS="5932" HEIGHT="112" WIDTH="236" STYLEREFS="Style_9" WC="1" CC="00000"/>
						<SP ID="SP_1.6.25.12" HPOS="5088" VPOS="5940" WIDTH="48"/>
						<String CONTENT="1941." ID="St_1.6.25.13" HPOS="5168" VPOS="5940" HEIGHT="80" WIDTH="240" STYLEREFS="Style_9" WC="1" CC="00000"/>
					</TextLine>
					<TextLine ID="TL_1.6.26" HPOS="3076" VPOS="6044" HEIGHT="104" WIDTH="2332">
						<String CONTENT="&#169;" ID="St_1.6.26.1" HPOS="3076" VPOS="6048" HEIGHT="72" WIDTH="68" STYLEREFS="Style_9" WC="0.555555555555556" CC="4"/>
						<SP ID="SP_1.6.26.2" HPOS="3108" VPOS="6048" WIDTH="56"/>
						<String CONTENT="Oct." ID="St_1.6.26.3" HPOS="3192" VPOS="6052" HEIGHT="76" WIDTH="192" STYLEREFS="Style_9" WC="0.925555555555556" CC="0000"/>
						<SP ID="SP_1.6.26.4" HPOS="3368" VPOS="6080" WIDTH="40"/>
						<String CONTENT="10," ID="St_1.6.26.5" HPOS="3436" VPOS="6052" HEIGHT="92" WIDTH="124" STYLEREFS="Style_9" WC="0.955555555555556" CC="000"/>
						<SP ID="SP_1.6.26.6" HPOS="3544" VPOS="6080" WIDTH="40"/>
						<String CONTENT="1941;" ID="St_1.6.26.7" HPOS="3612" VPOS="6048" HEIGHT="100" WIDTH="240" STYLEREFS="Style_9" WC="0.972222222222222" CC="00000"/>
						<SP ID="SP_1.6.26.8" HPOS="3832" VPOS="6064" WIDTH="36"/>
						<String CONTENT="A" ID="St_1.6.26.9" HPOS="3896" VPOS="6052" HEIGHT="72" WIDTH="68" STYLEREFS="Style_9" WC="0.974444444444444" CC="0"/>
						<SP ID="SP_1.6.26.10" HPOS="3924" VPOS="6052" WIDTH="56"/>
						<String CONTENT="166498." ID="St_1.6.26.11" HPOS="4008" VPOS="6048" HEIGHT="80" WIDTH="348" STYLEREFS="Style_9" WC="0.965555555555556" CC="0040000"/>
						<SP ID="SP_1.6.26.12" HPOS="4340" VPOS="6048" WIDTH="860"/>
						<String CONTENT="5525" ID="St_1.6.26.13" HPOS="5200" VPOS="6044" HEIGHT="76" WIDTH="208" STYLEREFS="Style_9" WC="0.868888888888889" CC="0000"/>
					</TextLine>
					<TextLine ID="TL_1.6.27" HPOS="2916" VPOS="6252" HEIGHT="112" WIDTH="2488">
						<String CONTENT="Ashkouti" ID="St_1.6.27.1" HPOS="2916" VPOS="6272" HEIGHT="72" WIDTH="416" STYLEREFS="Style_9" WC="1" CC="00000000"/>
						<SP ID="SP_1.6.27.2" HPOS="3312" VPOS="6268" WIDTH="64"/>
						<String CONTENT="(Joseph" ID="St_1.6.27.3" HPOS="3432" VPOS="6264" HEIGHT="100" WIDTH="328" STYLEREFS="Style_9" WC="1" CC="0000000"/>
						<SP ID="SP_1.6.27.4" HPOS="3732" VPOS="6268" WIDTH="56"/>
						<String CONTENT="A.)" ID="St_1.6.27.5" HPOS="3820" VPOS="6260" HEIGHT="100" WIDTH="140" STYLEREFS="Style_9" WC="1" CC="000"/>
						<SP ID="SP_1.6.27.6" HPOS="3940" VPOS="6260" WIDTH="56"/>
						<String CONTENT="Aircra" ID="St_1.6.27.7" HPOS="4040" VPOS="6272" HEIGHT="68" WIDTH="320" STYLEREFS="Style_9" WC="1" CC="000000"/>
						<String CONTENT="f" ID="St_1.6.27.8" HPOS="4360" VPOS="6268" HEIGHT="72" WIDTH="36" STYLEREFS="Style_9" WC="0.983333333333333" CC="4"/>
						<String CONTENT="t" ID="St_1.6.27.9" HPOS="4396" VPOS="6272" HEIGHT="68" WIDTH="36" STYLEREFS="Style_9" WC="0.984444444444444" CC="0"/>
						<SP ID="SP_1.6.27.10" HPOS="4408" VPOS="6268" WIDTH="60"/>
						<String CONTENT="mechanic&apos;s" ID="St_1.6.27.11" HPOS="4512" VPOS="6252" HEIGHT="88" WIDTH="532" STYLEREFS="Style_9" WC="0.988888888888889" CC="0000000000"/>
						<SP ID="SP_1.6.27.12" HPOS="5016" VPOS="6272" WIDTH="52"/>
						<String CONTENT="pocket" ID="St_1.6.27.13" HPOS="5100" VPOS="6268" HEIGHT="92" WIDTH="304" STYLEREFS="Style_9" WC="0.99" CC="000000"/>
					</TextLine>
					<TextLine ID="TL_1.6.28" HPOS="3064" VPOS="6372" HEIGHT="100" WIDTH="2340">
						<String CONTENT="manual." ID="St_1.6.28.1" HPOS="3064" VPOS="6380" HEIGHT="80" WIDTH="372" STYLEREFS="Style_9" WC="1" CC="0000000"/>
						<SP ID="SP_1.6.28.2" HPOS="3420" VPOS="6404" WIDTH="56"/>
						<String CONTENT="&#169;" ID="St_1.6.28.3" HPOS="3520" VPOS="6372" HEIGHT="72" WIDTH="72" STYLEREFS="Style_9" WC="0.937777777777778" CC="5"/>
						<SP ID="SP_1.6.28.4" HPOS="3556" VPOS="6372" WIDTH="56"/>
						<String CONTENT="Aug." ID="St_1.6.28.5" HPOS="3640" VPOS="6380" HEIGHT="92" WIDTH="208" STYLEREFS="Style_9" WC="0.96" CC="0000"/>
						<SP ID="SP_1.6.28.6" HPOS="3832" VPOS="6404" WIDTH="40"/>
						<String CONTENT="7," ID="St_1.6.28.7" HPOS="3900" VPOS="6376" HEIGHT="96" WIDTH="76" STYLEREFS="Style_9" WC="0.966666666666667" CC="00"/>
						<SP ID="SP_1.6.28.8" HPOS="3960" VPOS="6404" WIDTH="40"/>
						<String CONTENT="1942;" ID="St_1.6.28.9" HPOS="4028" VPOS="6376" HEIGHT="96" WIDTH="240" STYLEREFS="Style_9" WC="0.955555555555556" CC="00000"/>
						<SP ID="SP_1.6.28.10" HPOS="4252" VPOS="6384" WIDTH="44"/>
						<String CONTENT="A" ID="St_1.6.28.11" HPOS="4324" VPOS="6376" HEIGHT="72" WIDTH="72" STYLEREFS="Style_9" WC="0.96" CC="0"/>
						<SP ID="SP_1.6.28.12" HPOS="4356" VPOS="6372" WIDTH="60"/>
						<String CONTENT="166213;" ID="St_1.6.28.13" HPOS="4440" VPOS="6376" HEIGHT="96" WIDTH="348" STYLEREFS="Style_9" WC="0.955555555555556" CC="0000040"/>
						<SP ID="SP_1.6.28.14" HPOS="4772" VPOS="6384" WIDTH="36"/>
						<String CONTENT="Pitman" ID="St_1.6.28.15" HPOS="4836" VPOS="6376" HEIGHT="72" WIDTH="340" STYLEREFS="Style_9" WC="0.963333333333333" CC="000000"/>
						<SP ID="SP_1.6.28.16" HPOS="5144" VPOS="6384" WIDTH="44"/>
						<String CONTENT="pub." ID="St_1.6.28.17" HPOS="5212" VPOS="6376" HEIGHT="88" WIDTH="192" STYLEREFS="Style_9" WC="0.967777777777778" CC="0000"/>
					</TextLine>
					<TextLine ID="TL_1.6.29" HPOS="3068" VPOS="6484" HEIGHT="96" WIDTH="2340">
						<String CONTENT="corp.," ID="St_1.6.29.1" HPOS="3068" VPOS="6504" HEIGHT="76" WIDTH="276" STYLEREFS="Style_9" WC="1" CC="000000"/>
						<SP ID="SP_1.6.29.2" HPOS="3332" VPOS="6516" WIDTH="32"/>
						<String CONTENT="New" ID="St_1.6.29.3" HPOS="3388" VPOS="6492" HEIGHT="72" WIDTH="200" STYLEREFS="Style_9" WC="1" CC="000"/>
						<SP ID="SP_1.6.29.4" HPOS="3548" VPOS="6496" WIDTH="56"/>
						<String CONTENT="York." ID="St_1.6.29.5" HPOS="3624" VPOS="6488" HEIGHT="80" WIDTH="260" STYLEREFS="Style_9" WC="1" CC="00000"/>
						<SP ID="SP_1.6.29.6" HPOS="3868" VPOS="6488" WIDTH="1332"/>
						<String CONTENT="5526" ID="St_1.6.29.7" HPOS="5200" VPOS="6484" HEIGHT="72" WIDTH="208" STYLEREFS="Style_9" WC="0.782222222222222" CC="0000"/>
					</TextLine>
					<TextLine ID="TL_1.6.30" HPOS="2920" VPOS="6700" HEIGHT="96" WIDTH="2484">
						<String CONTENT="Association" ID="St_1.6.30.1" HPOS="2920" VPOS="6708" HEIGHT="72" WIDTH="564" STYLEREFS="Style_9" WC="1" CC="00000000000"/>
						<SP ID="SP_1.6.30.2" HPOS="3452" VPOS="6712" WIDTH="56"/>
						<String CONTENT="for" ID="St_1.6.30.3" HPOS="3536" VPOS="6704" HEIGHT="76" WIDTH="140" STYLEREFS="Style_9" WC="1" CC="000"/>
						<SP ID="SP_1.6.30.4" HPOS="3648" VPOS="6712" WIDTH="56"/>
						<String CONTENT="research" ID="St_1.6.30.5" HPOS="3736" VPOS="6708" HEIGHT="72" WIDTH="424" STYLEREFS="Style_9" WC="1" CC="00000000"/>
						<SP ID="SP_1.6.30.6" HPOS="4132" VPOS="6704" WIDTH="44"/>
						<String CONTENT="and" ID="St_1.6.30.7" HPOS="4200" VPOS="6704" HEIGHT="76" WIDTH="168" STYLEREFS="Style_9" WC="1" CC="000"/>
						<SP ID="SP_1.6.30.8" HPOS="4336" VPOS="6700" WIDTH="64"/>
						<String CONTENT="enlightenment," ID="St_1.6.30.9" HPOS="4440" VPOS="6704" HEIGHT="92" WIDTH="692" STYLEREFS="Style_9" WC="1" CC="00000000000000"/>
						<SP ID="SP_1.6.30.10" HPOS="5116" VPOS="6728" WIDTH="64"/>
						<String CONTENT="inc." ID="St_1.6.30.11" HPOS="5236" VPOS="6708" HEIGHT="72" WIDTH="168" STYLEREFS="Style_9" WC="1" CC="0000"/>
					</TextLine>
					<TextLine ID="TL_1.6.31" HPOS="3072" VPOS="6808" HEIGHT="100" WIDTH="2332">
						<String CONTENT="Study" ID="St_1.6.31.1" HPOS="3072" VPOS="6816" HEIGHT="92" WIDTH="244" STYLEREFS="Style_9" WC="1" CC="00000"/>
						<SP ID="SP_1.6.31.2" HPOS="3288" VPOS="6820" WIDTH="44"/>
						<String CONTENT="groups," ID="St_1.6.31.3" HPOS="3356" VPOS="6836" HEIGHT="72" WIDTH="352" STYLEREFS="Style_9" WC="1" CC="0000000"/>
						<SP ID="SP_1.6.31.4" HPOS="3692" VPOS="6840" WIDTH="28"/>
						<String CONTENT="com" ID="St_1.6.31.5" HPOS="3736" VPOS="6836" HEIGHT="56" WIDTH="196" STYLEREFS="Style_9" WC="1" CC="000"/>
						<String CONTENT="p" ID="St_1.6.31.6" HPOS="3932" VPOS="6836" HEIGHT="56" WIDTH="52" STYLEREFS="Style_10" WC="0.974444444444444" CC="4"/>
						<String CONTENT="." ID="St_1.6.31.7" HPOS="3992" VPOS="6872" HEIGHT="24" WIDTH="20" STYLEREFS="Style_10" WC="0.975555555555556" CC="0"/>
						<SP ID="SP_1.6.31.8" HPOS="3996" VPOS="6840" WIDTH="44"/>
						<String CONTENT="Search" ID="St_1.6.31.9" HPOS="4076" VPOS="6816" HEIGHT="72" WIDTH="320" STYLEREFS="Style_10" WC="0.982222222222222" CC="000000"/>
						<SP ID="SP_1.6.31.10" HPOS="4368" VPOS="6812" WIDTH="48"/>
						<String CONTENT="for" ID="St_1.6.31.11" HPOS="4440" VPOS="6812" HEIGHT="76" WIDTH="144" STYLEREFS="Style_10" WC="0.984444444444444" CC="000"/>
						<SP ID="SP_1.6.31.12" HPOS="4552" VPOS="6820" WIDTH="44"/>
						<String CONTENT="God." ID="St_1.6.31.13" HPOS="4620" VPOS="6812" HEIGHT="80" WIDTH="208" STYLEREFS="Style_10" WC="0.986666666666667" CC="0000"/>
						<SP ID="SP_1.6.31.14" HPOS="4812" VPOS="6840" WIDTH="56"/>
						<String CONTENT="&#169;" ID="St_1.6.31.15" HPOS="4912" VPOS="6808" HEIGHT="72" WIDTH="72" STYLEREFS="Style_10" WC="0.975555555555556" CC="4"/>
						<SP ID="SP_1.6.31.16" HPOS="4944" VPOS="6808" WIDTH="60"/>
						<String CONTENT="June" ID="St_1.6.31.17" HPOS="5028" VPOS="6816" HEIGHT="92" WIDTH="200" STYLEREFS="Style_10" WC="0.977777777777778" CC="0000"/>
						<SP ID="SP_1.6.31.18" HPOS="5200" VPOS="6820" WIDTH="48"/>
						<String CONTENT="10," ID="St_1.6.31.19" HPOS="5276" VPOS="6812" HEIGHT="96" WIDTH="128" STYLEREFS="Style_10" WC="0.98" CC="000"/>
					</TextLine>
					<TextLine ID="TL_1.6.32" HPOS="3076" VPOS="6920" HEIGHT="100" WIDTH="2348">
						<String CONTENT="1942;" ID="St_1.6.32.1" HPOS="3076" VPOS="6924" HEIGHT="96" WIDTH="236" STYLEREFS="Style_10" WC="1" CC="00000"/>
						<SP ID="SP_1.6.32.2" HPOS="3296" VPOS="6932" WIDTH="52"/>
						<String CONTENT="A" ID="St_1.6.32.3" HPOS="3392" VPOS="6928" HEIGHT="68" WIDTH="68" STYLEREFS="Style_10" WC="1" CC="0"/>
						<SP ID="SP_1.6.32.4" HPOS="3420" VPOS="6920" WIDTH="80"/>
						<String CONTENT="165896;" ID="St_1.6.32.5" HPOS="3544" VPOS="6924" HEIGHT="96" WIDTH="344" STYLEREFS="Style_10" WC="1" CC="0000000"/>
						<SP ID="SP_1.6.32.6" HPOS="3872" VPOS="6932" WIDTH="60"/>
						<String CONTENT="Association" ID="St_1.6.32.7" HPOS="3984" VPOS="6924" HEIGHT="76" WIDTH="564" STYLEREFS="Style_10" WC="1" CC="00000000000"/>
						<SP ID="SP_1.6.32.8" HPOS="4516" VPOS="6928" WIDTH="64"/>
						<String CONTENT="for" ID="St_1.6.32.9" HPOS="4620" VPOS="6920" HEIGHT="76" WIDTH="144" STYLEREFS="Style_10" WC="1" CC="000"/>
						<SP ID="SP_1.6.32.10" HPOS="4736" VPOS="6928" WIDTH="64"/>
						<String CONTENT="research" ID="St_1.6.32.11" HPOS="4840" VPOS="6924" HEIGHT="72" WIDTH="424" STYLEREFS="Style_10" WC="1" CC="00000000"/>
						<SP ID="SP_1.6.32.12" HPOS="5232" VPOS="6920" WIDTH="76"/>
						<String CONTENT="&amp;" ID="St_1.6.32.13" HPOS="5360" VPOS="6920" HEIGHT="72" WIDTH="64" STYLEREFS="Style_10" WC="1" CC="0"/>
					</TextLine>
					<TextLine ID="TL_1.6.33" HPOS="3072" VPOS="7028" HEIGHT="100" WIDTH="2340">
						<String CONTENT="enlightenment," ID="St_1.6.33.1" HPOS="3072" VPOS="7036" HEIGHT="92" WIDTH="688" STYLEREFS="Style_10" WC="1" CC="00000000000000"/>
						<SP ID="SP_1.6.33.2" HPOS="3744" VPOS="7056" WIDTH="40"/>
						<String CONTENT="inc.," ID="St_1.6.33.3" HPOS="3812" VPOS="7028" HEIGHT="100" WIDTH="200" STYLEREFS="Style_10" WC="0.977777777777778" CC="40000"/>
						<SP ID="SP_1.6.33.4" HPOS="3996" VPOS="7056" WIDTH="32"/>
						<String CONTENT="Virginia" ID="St_1.6.33.5" HPOS="4056" VPOS="7036" HEIGHT="88" WIDTH="400" STYLEREFS="Style_10" WC="0.984444444444444" CC="00000000"/>
						<SP ID="SP_1.6.33.6" HPOS="4404" VPOS="7052" WIDTH="52"/>
						<String CONTENT="Beach," ID="St_1.6.33.7" HPOS="4476" VPOS="7036" HEIGHT="92" WIDTH="316" STYLEREFS="Style_10" WC="0.972222222222222" CC="000000"/>
						<SP ID="SP_1.6.33.8" HPOS="4768" VPOS="7088" WIDTH="24"/>
						<String CONTENT="V" ID="St_1.6.33.9" HPOS="4816" VPOS="7036" HEIGHT="72" WIDTH="68" STYLEREFS="Style_10" WC="0.961111111111111" CC="1"/>
						<String CONTENT="a." ID="St_1.6.33.10" HPOS="4888" VPOS="7048" HEIGHT="60" WIDTH="84" STYLEREFS="Style_10" WC="0.955555555555556" CC="30"/>
						<SP ID="SP_1.6.33.11" HPOS="4956" VPOS="7056" WIDTH="48"/>
						<String CONTENT="5527" ID="St_1.6.33.12" HPOS="5200" VPOS="7028" HEIGHT="76" WIDTH="212" STYLEREFS="Style_10" WC="0.96" CC="0000"/>
					</TextLine>
					<TextLine ID="TL_1.6.34" HPOS="2920" VPOS="7248" HEIGHT="96" WIDTH="2484">
						<String CONTENT="Atwater" ID="St_1.6.34.1" HPOS="2920" VPOS="7252" HEIGHT="72" WIDTH="376" STYLEREFS="Style_10" WC="1" CC="0000000"/>
						<SP ID="SP_1.6.34.2" HPOS="3268" VPOS="7260" WIDTH="60"/>
						<String CONTENT="(Elton)" ID="St_1.6.34.3" HPOS="3364" VPOS="7248" HEIGHT="96" WIDTH="312" STYLEREFS="Style_10" WC="1" CC="0000000"/>
						<SP ID="SP_1.6.34.4" HPOS="3660" VPOS="7248" WIDTH="48"/>
						<String CONTENT="American" ID="St_1.6.34.5" HPOS="3748" VPOS="7252" HEIGHT="72" WIDTH="472" STYLEREFS="Style_10" WC="1" CC="00000000"/>
						<SP ID="SP_1.6.34.6" HPOS="4188" VPOS="7260" WIDTH="60"/>
						<String CONTENT="regulation" ID="St_1.6.34.7" HPOS="4280" VPOS="7252" HEIGHT="92" WIDTH="476" STYLEREFS="Style_10" WC="1" CC="0000000000"/>
						<SP ID="SP_1.6.34.8" HPOS="4728" VPOS="7260" WIDTH="56"/>
						<String CONTENT="of" ID="St_1.6.34.9" HPOS="4816" VPOS="7248" HEIGHT="76" WIDTH="84" STYLEREFS="Style_10" WC="1" CC="00"/>
						<SP ID="SP_1.6.34.10" HPOS="4876" VPOS="7248" WIDTH="52"/>
						<String CONTENT="arms" ID="St_1.6.34.11" HPOS="4960" VPOS="7264" HEIGHT="60" WIDTH="252" STYLEREFS="Style_10" WC="1" CC="0000"/>
						<SP ID="SP_1.6.34.12" HPOS="5180" VPOS="7256" WIDTH="48"/>
						<String CONTENT="ex-" ID="St_1.6.34.13" HPOS="5252" VPOS="7268" HEIGHT="56" WIDTH="152" STYLEREFS="Style_10" WC="1" CC="000"/>
					</TextLine>
					<TextLine ID="TL_1.6.35" HPOS="3068" VPOS="7356" HEIGHT="100" WIDTH="2340">
						<String CONTENT="ports." ID="St_1.6.35.1" HPOS="3068" VPOS="7368" HEIGHT="84" WIDTH="280" STYLEREFS="Style_10" WC="1" CC="000000"/>
						<SP ID="SP_1.6.35.2" HPOS="3332" VPOS="7392" WIDTH="64"/>
						<String CONTENT="&#169;" ID="St_1.6.35.3" HPOS="3452" VPOS="7360" HEIGHT="72" WIDTH="72" STYLEREFS="Style_10" WC="0.944444444444444" CC="4"/>
						<SP ID="SP_1.6.35.4" HPOS="3484" VPOS="7360" WIDTH="72"/>
						<String CONTENT="Dec." ID="St_1.6.35.5" HPOS="3588" VPOS="7368" HEIGHT="72" WIDTH="212" STYLEREFS="Style_10" WC="0.965555555555556" CC="0000"/>
						<SP ID="SP_1.6.35.6" HPOS="3784" VPOS="7388" WIDTH="48"/>
						<String CONTENT="17," ID="St_1.6.35.7" HPOS="3872" VPOS="7360" HEIGHT="96" WIDTH="124" STYLEREFS="Style_10" WC="0.973333333333333" CC="000"/>
						<SP ID="SP_1.6.35.8" HPOS="3984" VPOS="7392" WIDTH="44"/>
						<String CONTENT="1941;" ID="St_1.6.35.9" HPOS="4068" VPOS="7360" HEIGHT="96" WIDTH="236" STYLEREFS="Style_10" WC="0.98" CC="00000"/>
						<SP ID="SP_1.6.35.10" HPOS="4284" VPOS="7372" WIDTH="60"/>
						<String CONTENT="A" ID="St_1.6.35.11" HPOS="4396" VPOS="7364" HEIGHT="72" WIDTH="72" STYLEREFS="Style_10" WC="0.982222222222222" CC="0"/>
						<SP ID="SP_1.6.35.12" HPOS="4428" VPOS="7364" WIDTH="68"/>
						<String CONTENT="166480;" ID="St_1.6.35.13" HPOS="4536" VPOS="7356" HEIGHT="100" WIDTH="348" STYLEREFS="Style_10" WC="0.985555555555556" CC="0000000"/>
						<SP ID="SP_1.6.35.14" HPOS="4868" VPOS="7372" WIDTH="60"/>
						<String CONTENT="Carnegie" ID="St_1.6.35.15" HPOS="4980" VPOS="7360" HEIGHT="92" WIDTH="428" STYLEREFS="Style_10" WC="0.977777777777778" CC="00000031"/>
					</TextLine>
					<TextLine ID="TL_1.6.36" HPOS="3072" VPOS="7468" HEIGHT="96" WIDTH="2132">
						<String CONTENT="endowment" ID="St_1.6.36.1" HPOS="3072" VPOS="7472" HEIGHT="72" WIDTH="516" STYLEREFS="Style_10" WC="1" CC="000000000"/>
						<SP ID="SP_1.6.36.2" HPOS="3568" VPOS="7468" WIDTH="32"/>
						<String CONTENT="for" ID="St_1.6.36.3" HPOS="3620" VPOS="7468" HEIGHT="76" WIDTH="148" STYLEREFS="Style_10" WC="1" CC="000"/>
						<SP ID="SP_1.6.36.4" HPOS="3740" VPOS="7476" WIDTH="44"/>
						<String CONTENT="internat" ID="St_1.6.36.5" HPOS="3808" VPOS="7468" HEIGHT="76" WIDTH="376" STYLEREFS="Style_10" WC="0.974444444444444" CC="50000000"/>
						<String CONTENT="l" ID="St_1.6.36.6" HPOS="4188" VPOS="7472" HEIGHT="72" WIDTH="32" STYLEREFS="Style_10" WC="0.951111111111111" CC="5"/>
						<String CONTENT="." ID="St_1.6.36.7" HPOS="4228" VPOS="7528" HEIGHT="20" WIDTH="24" STYLEREFS="Style_10" WC="0.953333333333333" CC="0"/>
						<SP ID="SP_1.6.36.8" HPOS="4232" VPOS="7496" WIDTH="36"/>
						<String CONTENT="peace," ID="St_1.6.36.9" HPOS="4296" VPOS="7488" HEIGHT="76" WIDTH="292" STYLEREFS="Style_10" WC="0.948888888888889" CC="040000"/>
						<SP ID="SP_1.6.36.10" HPOS="4572" VPOS="7496" WIDTH="32"/>
						<String CONTENT="Washington." ID="St_1.6.36.11" HPOS="4632" VPOS="7468" HEIGHT="88" WIDTH="572" STYLEREFS="Style_10" WC="0.963333333333333" CC="00000000000"/>
					</TextLine>
					<TextLine ID="TL_1.6.37" HPOS="5200" VPOS="7572" HEIGHT="76" WIDTH="208">
						<String CONTENT="5528" ID="St_1.6.37.1" HPOS="5200" VPOS="7572" HEIGHT="76" WIDTH="208" STYLEREFS="Style_10" WC="1" CC="0000"/>
					</TextLine>
					<TextLine ID="TL_1.6.38" HPOS="2920" VPOS="7804" HEIGHT="108" WIDTH="2492">
						<String CONTENT="Austin" ID="St_1.6.38.1" HPOS="2920" VPOS="7816" HEIGHT="76" WIDTH="308" STYLEREFS="Style_10" WC="1" CC="000000"/>
						<SP ID="SP_1.6.38.2" HPOS="3196" VPOS="7824" WIDTH="60"/>
						<String CONTENT="(Margot)" ID="St_1.6.38.3" HPOS="3288" VPOS="7808" HEIGHT="96" WIDTH="400" STYLEREFS="Style_10" WC="1" CC="00000000"/>
						<SP ID="SP_1.6.38.4" HPOS="3672" VPOS="7808" WIDTH="60"/>
						<String CONTENT="Gabriel" ID="St_1.6.38.5" HPOS="3784" VPOS="7816" HEIGHT="72" WIDTH="356" STYLEREFS="Style_10" WC="1" CC="0000000"/>
						<SP ID="SP_1.6.38.6" HPOS="4120" VPOS="7812" WIDTH="56"/>
						<String CONTENT="Churchkitten." ID="St_1.6.38.7" HPOS="4220" VPOS="7812" HEIGHT="76" WIDTH="640" STYLEREFS="Style_10" WC="1" CC="0000000000000"/>
						<SP ID="SP_1.6.38.8" HPOS="4844" VPOS="7836" WIDTH="68"/>
						<String CONTENT="[1st" ID="St_1.6.38.9" HPOS="4976" VPOS="7804" HEIGHT="108" WIDTH="176" STYLEREFS="Style_10" WC="1" CC="0000"/>
						<SP ID="SP_1.6.38.10" HPOS="5128" VPOS="7808" WIDTH="60"/>
						<String CONTENT="ed.]" ID="St_1.6.38.11" HPOS="5232" VPOS="7804" HEIGHT="108" WIDTH="180" STYLEREFS="Style_10" WC="0.99" CC="4000"/>
					</TextLine>
					<TextLine ID="TL_1.6.39" HPOS="3076" VPOS="7912" HEIGHT="100" WIDTH="2328">
						<String CONTENT="&#169;" ID="St_1.6.39.1" HPOS="3076" VPOS="7916" HEIGHT="64" WIDTH="60" STYLEREFS="Style_10" WC="0.222222222222222" CC="7"/>
						<SP ID="SP_1.6.39.2" HPOS="3104" VPOS="7916" WIDTH="72"/>
						<String CONTENT="Aug." ID="St_1.6.39.3" HPOS="3208" VPOS="7924" HEIGHT="88" WIDTH="212" STYLEREFS="Style_10" WC="0.87" CC="0000"/>
						<SP ID="SP_1.6.39.4" HPOS="3404" VPOS="7944" WIDTH="44"/>
						<String CONTENT="3," ID="St_1.6.39.5" HPOS="3484" VPOS="7920" HEIGHT="92" WIDTH="76" STYLEREFS="Style_10" WC="0.913333333333333" CC="00"/>
						<SP ID="SP_1.6.39.6" HPOS="3548" VPOS="7944" WIDTH="44"/>
						<String CONTENT="1942;" ID="St_1.6.39.7" HPOS="3632" VPOS="7920" HEIGHT="92" WIDTH="236" STYLEREFS="Style_10" WC="0.947777777777778" CC="00000"/>
						<SP ID="SP_1.6.39.8" HPOS="3852" VPOS="7928" WIDTH="44"/>
						<String CONTENT="A" ID="St_1.6.39.9" HPOS="3932" VPOS="7924" HEIGHT="72" WIDTH="68" STYLEREFS="Style_10" WC="0.953333333333333" CC="0"/>
						<SP ID="SP_1.6.39.10" HPOS="3960" VPOS="7920" WIDTH="68"/>
						<String CONTENT="166014;" ID="St_1.6.39.11" HPOS="4064" VPOS="7916" HEIGHT="96" WIDTH="344" STYLEREFS="Style_10" WC="0.968888888888889" CC="0000000"/>
						<SP ID="SP_1.6.39.12" HPOS="4388" VPOS="7928" WIDTH="48"/>
						<String CONTENT="E." ID="St_1.6.39.13" HPOS="4476" VPOS="7920" HEIGHT="76" WIDTH="96" STYLEREFS="Style_10" WC="0.955555555555556" CC="40"/>
						<SP ID="SP_1.6.39.14" HPOS="4556" VPOS="7944" WIDTH="36"/>
						<String CONTENT="P." ID="St_1.6.39.15" HPOS="4620" VPOS="7924" HEIGHT="72" WIDTH="96" STYLEREFS="Style_10" WC="0.96" CC="00"/>
						<SP ID="SP_1.6.39.16" HPOS="4696" VPOS="7944" WIDTH="32"/>
						<String CONTENT="Dutton" ID="St_1.6.39.17" HPOS="4756" VPOS="7920" HEIGHT="72" WIDTH="312" STYLEREFS="Style_10" WC="0.967777777777778" CC="000000"/>
						<SP ID="SP_1.6.39.18" HPOS="5036" VPOS="7924" WIDTH="52"/>
						<String CONTENT="&amp;" ID="St_1.6.39.19" HPOS="5120" VPOS="7912" HEIGHT="76" WIDTH="68" STYLEREFS="Style_10" WC="0.968888888888889" CC="0"/>
						<SP ID="SP_1.6.39.20" HPOS="5148" VPOS="7912" WIDTH="60"/>
						<String CONTENT="co.," ID="St_1.6.39.21" HPOS="5236" VPOS="7936" HEIGHT="72" WIDTH="168" STYLEREFS="Style_10" WC="0.972222222222222" CC="0000"/>
					</TextLine>
					<TextLine ID="TL_1.6.40" HPOS="3076" VPOS="8024" HEIGHT="100" WIDTH="2332">
						<String CONTENT="inc.," ID="St_1.6.40.1" HPOS="3076" VPOS="8032" HEIGHT="92" WIDTH="196" STYLEREFS="Style_10" WC="1" CC="00000"/>
						<SP ID="SP_1.6.40.2" HPOS="3260" VPOS="8060" WIDTH="32"/>
						<String CONTENT="New" ID="St_1.6.40.3" HPOS="3320" VPOS="8036" HEIGHT="68" WIDTH="196" STYLEREFS="Style_10" WC="1" CC="000"/>
						<SP ID="SP_1.6.40.4" HPOS="3476" VPOS="8040" WIDTH="56"/>
						<String CONTENT="York." ID="St_1.6.40.5" HPOS="3556" VPOS="8032" HEIGHT="72" WIDTH="252" STYLEREFS="Style_10" WC="0.97" CC="00004"/>
						<SP ID="SP_1.6.40.6" HPOS="3800" VPOS="8032" WIDTH="1400"/>
						<String CONTENT="5529" ID="St_1.6.40.7" HPOS="5200" VPOS="8024" HEIGHT="76" WIDTH="208" STYLEREFS="Style_10" WC="0.761111111111111" CC="0000"/>
					</TextLine>
					<TextLine ID="TL_1.6.41" HPOS="2920" VPOS="8204" HEIGHT="96" WIDTH="2484">
						<String CONTENT="Babbitt" ID="St_1.6.41.1" HPOS="2920" VPOS="8216" HEIGHT="72" WIDTH="340" STYLEREFS="Style_10" WC="1" CC="0000000"/>
						<SP ID="SP_1.6.41.2" HPOS="3240" VPOS="8212" WIDTH="48"/>
						<String CONTENT="(Arthur" ID="St_1.6.41.3" HPOS="3328" VPOS="8204" HEIGHT="96" WIDTH="352" STYLEREFS="Style_10" WC="1" CC="0000000"/>
						<SP ID="SP_1.6.41.4" HPOS="3652" VPOS="8216" WIDTH="40"/>
						<String CONTENT="B.)" ID="St_1.6.41.5" HPOS="3716" VPOS="8204" HEIGHT="96" WIDTH="140" STYLEREFS="Style_10" WC="1" CC="000"/>
						<SP ID="SP_1.6.41.6" HPOS="3836" VPOS="8204" WIDTH="64"/>
						<String CONTENT="Mechanical" ID="St_1.6.41.7" HPOS="3952" VPOS="8208" HEIGHT="76" WIDTH="536" STYLEREFS="Style_10" WC="1" CC="0000000000"/>
						<SP ID="SP_1.6.41.8" HPOS="4464" VPOS="8208" WIDTH="52"/>
						<String CONTENT="drawing," ID="St_1.6.41.9" HPOS="4552" VPOS="8208" HEIGHT="92" WIDTH="396" STYLEREFS="Style_10" WC="1" CC="00000000"/>
						<SP ID="SP_1.6.41.10" HPOS="4932" VPOS="8236" WIDTH="40"/>
						<String CONTENT="by" ID="St_1.6.41.11" HPOS="5008" VPOS="8208" HEIGHT="92" WIDTH="108" STYLEREFS="Style_10" WC="1" CC="00"/>
						<SP ID="SP_1.6.41.12" HPOS="5084" VPOS="8216" WIDTH="48"/>
						<String CONTENT="A." ID="St_1.6.41.13" HPOS="5156" VPOS="8208" HEIGHT="76" WIDTH="104" STYLEREFS="Style_10" WC="1" CC="00"/>
						<SP ID="SP_1.6.41.14" HPOS="5244" VPOS="8236" WIDTH="36"/>
						<String CONTENT="B." ID="St_1.6.41.15" HPOS="5308" VPOS="8208" HEIGHT="72" WIDTH="96" STYLEREFS="Style_10" WC="1" CC="00"/>
					</TextLine>
					<TextLine ID="TL_1.6.42" HPOS="3076" VPOS="8312" HEIGHT="100" WIDTH="2332">
						<String CONTENT="Babbitt" ID="St_1.6.42.1" HPOS="3076" VPOS="8320" HEIGHT="76" WIDTH="336" STYLEREFS="Style_10" WC="1" CC="0000000"/>
						<SP ID="SP_1.6.42.2" HPOS="3388" VPOS="8320" WIDTH="52"/>
						<String CONTENT="and" ID="St_1.6.42.3" HPOS="3472" VPOS="8320" HEIGHT="72" WIDTH="156" STYLEREFS="Style_10" WC="1" CC="000"/>
						<SP ID="SP_1.6.42.4" HPOS="3596" VPOS="8320" WIDTH="56"/>
						<String CONTENT="David" ID="St_1.6.42.5" HPOS="3680" VPOS="8316" HEIGHT="76" WIDTH="268" STYLEREFS="Style_10" WC="1" CC="00000"/>
						<SP ID="SP_1.6.42.6" HPOS="3916" VPOS="8316" WIDTH="56"/>
						<String CONTENT="J" ID="St_1.6.42.7" HPOS="4004" VPOS="8320" HEIGHT="92" WIDTH="40" STYLEREFS="Style_10" WC="1" CC="0"/>
						<String CONTENT="." ID="St_1.6.42.8" HPOS="4048" VPOS="8372" HEIGHT="24" WIDTH="24" STYLEREFS="Style_10" WC="1" CC="0"/>
						<SP ID="SP_1.6.42.9" HPOS="4052" VPOS="8340" WIDTH="48"/>
						<String CONTENT="Swart" ID="St_1.6.42.10" HPOS="4136" VPOS="8316" HEIGHT="72" WIDTH="268" STYLEREFS="Style_10" WC="1" CC="00000"/>
						<String CONTENT="z" ID="St_1.6.42.11" HPOS="4408" VPOS="8336" HEIGHT="52" WIDTH="48" STYLEREFS="Style_10" WC="0.983333333333333" CC="4"/>
						<String CONTENT="." ID="St_1.6.42.12" HPOS="4464" VPOS="8372" HEIGHT="24" WIDTH="24" STYLEREFS="Style_10" WC="0.98" CC="1"/>
						<SP ID="SP_1.6.42.13" HPOS="4468" VPOS="8344" WIDTH="76"/>
						<String CONTENT="&#169;" ID="St_1.6.42.14" HPOS="4604" VPOS="8316" HEIGHT="68" WIDTH="72" STYLEREFS="Style_10" WC="0.951111111111111" CC="7"/>
						<SP ID="SP_1.6.42.15" HPOS="4640" VPOS="8316" WIDTH="72"/>
						<String CONTENT="Aug." ID="St_1.6.42.16" HPOS="4744" VPOS="8316" HEIGHT="92" WIDTH="208" STYLEREFS="Style_10" WC="0.957777777777778" CC="0000"/>
						<SP ID="SP_1.6.42.17" HPOS="4936" VPOS="8344" WIDTH="48"/>
						<String CONTENT="7," ID="St_1.6.42.18" HPOS="5028" VPOS="8312" HEIGHT="96" WIDTH="72" STYLEREFS="Style_10" WC="0.961111111111111" CC="00"/>
						<SP ID="SP_1.6.42.19" HPOS="5084" VPOS="8344" WIDTH="44"/>
						<String CONTENT="1942;" ID="St_1.6.42.20" HPOS="5168" VPOS="8312" HEIGHT="96" WIDTH="240" STYLEREFS="Style_10" WC="0.966666666666667" CC="00000"/>
					</TextLine>
					<TextLine ID="TL_1.6.43" HPOS="3072" VPOS="8424" HEIGHT="68" WIDTH="2132">
						<String CONTENT="A" ID="St_1.6.43.1" HPOS="3072" VPOS="8432" HEIGHT="56" WIDTH="68" STYLEREFS="Style_10" WC="1" CC="0"/>
						<SP ID="SP_1.6.43.2" HPOS="3100" VPOS="8424" WIDTH="60"/>
						<String CONTENT="166397;" ID="St_1.6.43.3" HPOS="3184" VPOS="8424" HEIGHT="64" WIDTH="344" STYLEREFS="Style_10" WC="1" CC="0000000"/>
						<SP ID="SP_1.6.43.4" HPOS="3512" VPOS="8432" WIDTH="32"/>
						<String CONTENT="Henry" ID="St_1.6.43.5" HPOS="3572" VPOS="8432" HEIGHT="56" WIDTH="288" STYLEREFS="Style_10" WC="1" CC="00000"/>
						<SP ID="SP_1.6.43.6" HPOS="3828" VPOS="8432" WIDTH="48"/>
						<String CONTENT="H" ID="St_1.6.43.7" HPOS="3900" VPOS="8432" HEIGHT="16" WIDTH="68" STYLEREFS="Style_10" WC="0.98" CC="3"/>
						<String CONTENT="ol" ID="St_1.6.43.8" HPOS="3976" VPOS="8428" HEIGHT="60" WIDTH="84" STYLEREFS="Style_10" WC="0.97" CC="11"/>
						<String CONTENT="t" ID="St_1.6.43.9" HPOS="4060" VPOS="8428" HEIGHT="16" WIDTH="32" STYLEREFS="Style_10" WC="0.955555555555556" CC="3"/>
						<SP ID="SP_1.6.43.10" HPOS="4068" VPOS="8424" WIDTH="48"/>
						<String CONTENT="&amp;" ID="St_1.6.43.11" HPOS="4148" VPOS="8424" HEIGHT="64" WIDTH="64" STYLEREFS="Style_10" WC="0.958888888888889" CC="0"/>
						<SP ID="SP_1.6.43.12" HPOS="4176" VPOS="8424" WIDTH="48"/>
						<String CONTENT="co.," ID="St_1.6.43.13" HPOS="4244" VPOS="8444" HEIGHT="44" WIDTH="168" STYLEREFS="Style_10" WC="0.966666666666667" CC="0000"/>
						<SP ID="SP_1.6.43.14" HPOS="4396" VPOS="8452" WIDTH="36"/>
						<String CONTENT="inc.," ID="St_1.6.43.15" HPOS="4464" VPOS="8424" HEIGHT="68" WIDTH="200" STYLEREFS="Style_10" WC="0.958888888888889" CC="40000"/>
						<SP ID="SP_1.6.43.16" HPOS="4648" VPOS="8452" WIDTH="32"/>
						<String CONTENT="New" ID="St_1.6.43.17" HPOS="4708" VPOS="8428" HEIGHT="60" WIDTH="196" STYLEREFS="Style_10" WC="0.963333333333333" CC="000"/>
						<SP ID="SP_1.6.43.18" HPOS="4864" VPOS="8432" WIDTH="56"/>
						<String CONTENT="York." ID="St_1.6.43.19" HPOS="4944" VPOS="8424" HEIGHT="64" WIDTH="260" STYLEREFS="Style_10" WC="0.968888888888889" CC="00000"/>
					</TextLine>
					<TextLine ID="TL_1.6.44" HPOS="5196" VPOS="8528" HEIGHT="68" WIDTH="204">
						<String CONTENT="5530" ID="St_1.6.44.1" HPOS="5196" VPOS="8528" HEIGHT="68" WIDTH="204" STYLEREFS="Style_10" WC="1" CC="0000"/>
					</TextLine>
					<TextLine ID="TL_1.6.45" HPOS="2928" VPOS="8700" HEIGHT="96" WIDTH="2480">
						<String CONTENT="Bacon" ID="St_1.6.45.1" HPOS="2928" VPOS="8708" HEIGHT="72" WIDTH="280" STYLEREFS="Style_10" WC="1" CC="00000"/>
						<SP ID="SP_1.6.45.2" HPOS="3176" VPOS="8716" WIDTH="72"/>
						<String CONTENT="(Harold" ID="St_1.6.45.3" HPOS="3292" VPOS="8700" HEIGHT="96" WIDTH="352" STYLEREFS="Style_10" WC="1" CC="0000000"/>
						<SP ID="SP_1.6.45.4" HPOS="3612" VPOS="8704" WIDTH="64"/>
						<String CONTENT="Ma" ID="St_1.6.45.5" HPOS="3720" VPOS="8708" HEIGHT="68" WIDTH="140" STYLEREFS="Style_10" WC="1" CC="00"/>
						<String CONTENT="il" ID="St_1.6.45.6" HPOS="3864" VPOS="8704" HEIGHT="72" WIDTH="68" STYLEREFS="Style_10" WC="0.962222222222222" CC="33"/>
						<String CONTENT="e)" ID="St_1.6.45.7" HPOS="3936" VPOS="8700" HEIGHT="96" WIDTH="84" STYLEREFS="Style_10" WC="0.966666666666667" CC="00"/>
						<SP ID="SP_1.6.45.8" HPOS="4000" VPOS="8700" WIDTH="72"/>
						<String CONTENT="Differential" ID="St_1.6.45.9" HPOS="4128" VPOS="8700" HEIGHT="76" WIDTH="556" STYLEREFS="Style_10" WC="0.978888888888889" CC="000000000000"/>
						<SP ID="SP_1.6.45.10" HPOS="4664" VPOS="8704" WIDTH="68"/>
						<String CONTENT="and" ID="St_1.6.45.11" HPOS="4784" VPOS="8700" HEIGHT="76" WIDTH="156" STYLEREFS="Style_10" WC="0.981111111111111" CC="000"/>
						<SP ID="SP_1.6.45.12" HPOS="4908" VPOS="8700" WIDTH="76"/>
						<String CONTENT="integral" ID="St_1.6.45.13" HPOS="5040" VPOS="8700" HEIGHT="92" WIDTH="368" STYLEREFS="Style_10" WC="0.975555555555556" CC="40000000"/>
					</TextLine>
					<TextLine ID="TL_1.6.46" HPOS="3076" VPOS="8808" HEIGHT="100" WIDTH="2332">
						<String CONTENT="calculus." ID="St_1.6.46.1" HPOS="3076" VPOS="8820" HEIGHT="72" WIDTH="412" STYLEREFS="Style_10" WC="0.95" CC="000000004"/>
						<SP ID="SP_1.6.46.2" HPOS="3480" VPOS="8840" WIDTH="64"/>
						<String CONTENT="1" ID="St_1.6.46.3" HPOS="3600" VPOS="8816" HEIGHT="72" WIDTH="40" STYLEREFS="Style_10" WC="0.908888888888889" CC="4"/>
						<String CONTENT="st" ID="St_1.6.46.4" HPOS="3652" VPOS="8820" HEIGHT="68" WIDTH="84" STYLEREFS="Style_10" WC="0.896666666666667" CC="30"/>
						<SP ID="SP_1.6.46.5" HPOS="3712" VPOS="8816" WIDTH="48"/>
						<String CONTENT="ed." ID="St_1.6.46.6" HPOS="3792" VPOS="8816" HEIGHT="76" WIDTH="132" STYLEREFS="Style_10" WC="0.921111111111111" CC="000"/>
						<SP ID="SP_1.6.46.7" HPOS="3908" VPOS="8840" WIDTH="64"/>
						<String CONTENT="&#169;" ID="St_1.6.46.8" HPOS="4028" VPOS="8808" HEIGHT="72" WIDTH="72" STYLEREFS="Style_10" WC="0.905555555555556" CC="4"/>
						<SP ID="SP_1.6.46.9" HPOS="4060" VPOS="8808" WIDTH="72"/>
						<String CONTENT="July" ID="St_1.6.46.10" HPOS="4164" VPOS="8812" HEIGHT="96" WIDTH="184" STYLEREFS="Style_10" WC="0.925555555555556" CC="0000"/>
						<SP ID="SP_1.6.46.11" HPOS="4316" VPOS="8824" WIDTH="56"/>
						<String CONTENT="24," ID="St_1.6.46.12" HPOS="4408" VPOS="8812" HEIGHT="96" WIDTH="132" STYLEREFS="Style_10" WC="0.935555555555556" CC="000"/>
						<SP ID="SP_1.6.46.13" HPOS="4524" VPOS="8840" WIDTH="48"/>
						<String CONTENT="1942;" ID="St_1.6.46.14" HPOS="4612" VPOS="8812" HEIGHT="96" WIDTH="232" STYLEREFS="Style_10" WC="0.946666666666667" CC="00000"/>
						<SP ID="SP_1.6.46.15" HPOS="4828" VPOS="8824" WIDTH="40"/>
						<String CONTENT="A" ID="St_1.6.46.16" HPOS="4904" VPOS="8812" HEIGHT="72" WIDTH="68" STYLEREFS="Style_10" WC="0.95" CC="0"/>
						<SP ID="SP_1.6.46.17" HPOS="4932" VPOS="8812" WIDTH="80"/>
						<String CONTENT="165861;" ID="St_1.6.46.18" HPOS="5060" VPOS="8808" HEIGHT="96" WIDTH="348" STYLEREFS="Style_10" WC="0.958888888888889" CC="0000000"/>
					</TextLine>
					<TextLine ID="TL_1.6.47" HPOS="3076" VPOS="8912" HEIGHT="100" WIDTH="2332">
						<String CONTENT="McGraw-Hill" ID="St_1.6.47.1" HPOS="3076" VPOS="8920" HEIGHT="72" WIDTH="624" STYLEREFS="Style_10" WC="1" CC="00000000000"/>
						<SP ID="SP_1.6.47.2" HPOS="3676" VPOS="8916" WIDTH="36"/>
						<String CONTENT="book" ID="St_1.6.47.3" HPOS="3736" VPOS="8920" HEIGHT="72" WIDTH="220" STYLEREFS="Style_10" WC="0.972222222222222" CC="4000"/>
						<SP ID="SP_1.6.47.4" HPOS="3924" VPOS="8916" WIDTH="48"/>
						<String CONTENT="co.," ID="St_1.6.47.5" HPOS="3996" VPOS="8936" HEIGHT="76" WIDTH="168" STYLEREFS="Style_10" WC="0.977777777777778" CC="0000"/>
						<SP ID="SP_1.6.47.6" HPOS="4148" VPOS="8944" WIDTH="40"/>
						<String CONTENT="inc.," ID="St_1.6.47.7" HPOS="4216" VPOS="8916" HEIGHT="96" WIDTH="200" STYLEREFS="Style_10" WC="0.962222222222222" CC="50000"/>
						<SP ID="SP_1.6.47.8" HPOS="4400" VPOS="8944" WIDTH="32"/>
						<String CONTENT="New" ID="St_1.6.47.9" HPOS="4456" VPOS="8920" HEIGHT="72" WIDTH="200" STYLEREFS="Style_10" WC="0.966666666666667" CC="000"/>
						<SP ID="SP_1.6.47.10" HPOS="4616" VPOS="8924" WIDTH="52"/>
						<String CONTENT="York." ID="St_1.6.47.11" HPOS="4692" VPOS="8916" HEIGHT="76" WIDTH="264" STYLEREFS="Style_10" WC="0.972222222222222" CC="00000"/>
						<SP ID="SP_1.6.47.12" HPOS="4940" VPOS="8920" WIDTH="152"/>
						<String CONTENT="5531" ID="St_1.6.47.13" HPOS="5204" VPOS="8912" HEIGHT="76" WIDTH="204" STYLEREFS="Style_10" WC="0.965555555555556" CC="0000"/>
					</TextLine>
				</TextBlock>
			</PrintSpace>
		</Page>
	</Layout>
</alto>
