2582 4377
1327 4024 100 50 104

352 387 252 66 Harrell,
641 388 216 55 Costen
891 387 53 56 J.

425 466 75 52 In
538 465 96 53 the
675 464 192 54 school
907 463 64 53 of
1011 481 236 50 prayer;
1291 480 33 35 a
1363 461 148 53 book
1550 461 64 54 of
1655 461 226 69 private
1922 462 295 53 devotions
2259 461 94 53 for

353 538 2000 75 young people, by Costen J. Harrell … Nashville, Tenn.,
357 620 330 68 Cokesbury
716 636 173 51 press,
921 620 150 50 1929.

424 702 458 49 ix, 132 p. 19½ ᶜᵐ .
428 758 319 41 “Devotional
782 757 149 40 books
966 755 51 41 of
1051 756 193 48 highest
1279 755 201 40 merit”:
1515 766 43 37 p.
1591 755 217 41 131-132.

361 811 1813 53 © Jan. 1, 1929; 2c. and aff. Jan. 25; A 3945; Lamar & Whitmore,
427 812 1910 100 Nashville.
621 870 251 49 (29-2927)

359 952 277 54 Harvard
668 953 254 53 business
956 956 240 63 reports,
1229 950 282 68 compiled
1543 950 75 69 by
1652 951 113 53 and
1797 950 302 69 published
2134 950 94 54 for
2259 951 96 53 the

428 1030 294 55 Graduate
745 1029 189 53 school
958 1028 64 53 of
1043 1029 254 52 business
1322 1027 483 67 administration,
1830 1027 224 70 George
2077 1029 63 51 F.
2169 1028 189 53 Baker

430 1104 1929 70 foundation, Harvard university, v. 6 … Chicago & New
429 1186 179 67 York,
636 1186 71 52 A.
737 1185 89 55 W.
861 1183 172 56 Shaw
1061 1201 297 51 company,
1392 1186 149 50 1928.

426 1267 479 49 xiii, 554 p. 24 ᶜᵐ .
361 1321 1997 52 © Dec. 10, 1928; 2c. Jan. 16, 1929; aff. Dec. 15, 1928; A 3776; A. W.
433 1380 145 41 Shaw
604 1391 69 30 co.

359 1460 234 63 Hawes,
623 1459 203 53 James
854 1458 332 64 Anderson,
1219 1458 172 54 1872-

430 1537 241 67 Twenty
707 1553 163 52 years
908 1553 208 51 among
1152 1535 96 52 the
1282 1539 218 64 twenty
1534 1553 137 51 year
1705 1535 152 67 olds;
1898 1553 31 33 a
1967 1537 158 65 story
2161 1534 64 53 of
2259 1552 104 34 our

360 1612 2004 72 colleges of today, by James Anderson Hawes … New York,
362 1691 975 68 E. P. Dutton & co., inc. [ᶜ192 9]
431 1776 64 48 ix,
525 1775 87 41 259
641 1786 43 38 p.
743 1774 164 48 front.,
938 1775 173 48 plates.
1169 1774 148 41 21½ᶜᵐ.

365 1829 1997 52 © Jan. 18, 1929; 2c. Jan. 21; aff. Jan. 24; A 4026; E. P. Dutton & co.,
431 1889 91 40 inc.
591 1888 251 50 (29-2925)

364 1967 236 65 Herold,
629 1967 182 54 Jacob
838 1966 246 65 Brooks,
1115 1971 171 50 1888-

433 2046 482 68 Interpretations
942 2044 65 53 of
1031 2045 96 52 the
1156 2044 153 55 Civil
1337 2044 135 53 code
1499 2044 64 53 of
1589 2045 326 53 Louisiana.
1979 2045 99 54 4th
2106 2046 103 67 ed.,

363 2064 1978 129 containing
623 2124 96 52 the
753 2123 470 68 interpretations
1259 2122 186 53 which
1478 2123 97 52 the
1613 2121 275 70 Supreme
1925 2128 164 48 court
2121 2124 114 53 and
2269 2125 97 51 the

366 2200 207 57 Courts
599 2201 65 53 of
690 2201 205 69 appeal
923 2200 64 53 of
1011 2200 311 53 Louisiana
1348 2200 144 53 have
1519 2200 170 70 given
1716 2205 57 48 to
1801 2202 96 52 the
1925 2201 227 54 articles
2179 2201 65 53 of
2270 2202 96 53 the

366 2280 154 55 Civil
552 2281 135 53 code
719 2279 65 54 of
815 2280 126 52 that
975 2285 145 47 state
1153 2280 213 68 during
1397 2279 96 53 the
1527 2280 201 67 period
1764 2278 152 54 from
1952 2282 136 51 1924
2119 2285 58 48 to
2216 2283 151 66 1928,

366 2359 292 67 inclusive,
689 2358 113 52 and
830 2364 58 46 to
918 2358 68 52 be
1017 2357 183 53 found
1231 2357 59 52 in
1321 2357 95 53 the
1448 2363 222 62 reports
1702 2356 154 54 from
1887 2358 99 53 the
2016 2361 99 50 156
366 2358 1977 131 Louisiana

501 2442 57 47 to
585 2437 96 52 the
710 2439 98 50 165
835 2435 328 68 Louisiana,
1191 2434 292 68 inclusive,
1512 2435 114 53 and
1653 2435 96 53 the
1776 2435 126 53 first
1930 2436 159 69 eight
2116 2437 253 53 volumes

366 2514 65 54 of
452 2515 96 52 the
569 2514 311 52 Louisiana
906 2512 207 55 Courts
1137 2512 65 53 of
1225 2513 206 67 appeal
1456 2519 240 62 reports,
1721 2514 113 52 and
1857 2513 96 53 the
1979 2514 389 53 amendments

368 2593 186 52 which
584 2592 97 53 the
710 2591 330 69 legislature
1072 2590 64 53 of
1165 2591 128 52 that
1324 2597 145 47 state
1500 2591 102 53 has
1633 2591 164 53 made
1829 2597 58 47 to
1919 2591 95 53 the
2047 2593 226 52 articles
2304 2591 66 54 of

367 2671 95 53 the
491 2670 154 54 Civil
673 2670 136 52 code
837 2669 214 68 during
1078 2669 96 52 the
1202 2669 239 52 sessions
1470 2668 64 53 of
1566 2672 133 49 1926
1730 2669 113 53 and
1875 2673 150 50 1928.
2093 2671 91 68 By
2212 2671 56 53 J.
2300 2672 67 51 B.

367 2746 1903 70 Herold … [New Orleans, Hauser printing company] 1929.
438 2841 43 38 p.
522 2829 247 51 [704]-950.
833 2829 147 40 26½ᶜᵐ.
1072 2829 127 40 (With
1236 2829 75 39 his
1348 2829 413 47 Interpretations
1797 2829 52 41 of
1886 2829 81 41 the
2005 2829 126 41 Civil
2167 2831 118 41 code
2320 2831 52 40 of

367 2885 849 50 Louisiana since 1898 … 1924]
371 2941 1542 52 © Jan. 14, 1929; 2c. Jan. 28; aff. Jan. 21; A 5038; J. B.
1942 2945 198 48 Herold,
439 2944 1913 105 Shreveport,
593 3001 83 40 La.
744 2999 251 50 (29-3018)

365 3080 240 54 Illinois.
680 3081 278 67 Supreme
993 3087 174 47 court.

369 3157 1979 132 Reports of cases at law and in chancery argued and determined …
714 3255 51 33 v.
793 3238 118 64 331,
938 3236 334 68 containing
1297 3254 151 34 cases
1475 3235 62 52 in
1562 3235 186 53 which
1775 3236 265 68 opinions
2067 3254 145 35 were
2240 3235 132 54 filed

370 3315 61 51 in
459 3314 153 54 June
641 3314 113 52 and
785 3313 263 67 October,
1079 3316 151 65 1928,
1261 3313 114 52 and
1405 3331 150 35 cases
1585 3313 249 53 wherein
1866 3314 330 69 rehearings
2228 3332 144 35 were

372 3393 203 52 denied
607 3396 60 48 at
695 3392 97 52 the
823 3391 247 55 October
1098 3397 163 61 term,
1296 3394 149 51 1928.
1517 3390 229 55 Samuel
1778 3391 248 70 Pashley
2059 3392 198 68 Irwin,
371 3410 1981 127 reporter

597 3469 64 53 of
691 3470 293 52 decisions.
1053 3469 429 68 Bloomington,
1513 3469 114 68 Ill.,
1662 3472 150 49 1929.

477 3552 504 50 x, [11]-708 p. 22 ᶜᵐ .
377 3605 51 52 ©
457 3610 109 39 Jan.
595 3609 68 47 17,
691 3608 142 47 1929;
862 3609 68 39 2c.
959 3610 95 38 and
1081 3608 82 41 aff.
1192 3608 110 40 Jan.
1329 3608 83 48 21;
1443 3608 41 39 A
1511 3607 141 47 3821;
1687 3608 195 41 Samuel
1911 3609 51 40 P.

1992 3608 164 49 Irwin,
444 3609 1912 104 Bloomington,
657 3665 77 40 Ill.

376 3744 197 64 Irwin,
606 3744 210 54 Clarke
848 3745 255 63 Huston,
1137 3751 169 49 1858-
1522 3747 85 53 ed.

443 3825 122 51 The
602 3822 409 55 international
1050 3825 167 53 Bible
1253 3832 404 62 commentary,
1695 3825 140 53 with
1876 3845 70 33 an
1986 3825 390 55 introduction

374 3908 58 47 to
465 3903 133 52 each
633 3900 148 55 book
813 3902 65 52 of
909 3903 95 52 the
1039 3903 166 52 Bible
1239 3904 112 52 and
1383 3905 189 65 25,000
1606 3910 120 46 text
1761 3903 314 53 references
2110 3903 140 54 with
2284 3922 91 34 ex-
