2561 4405
1165 4072 66 49 39

276 525 378 50 v, 105 p. 22 ᶜᵐ .
247 582 146 41 “This
421 582 125 40 book
571 582 90 39 has
689 581 118 39 been
836 580 238 48 prepared
1103 581 50 38 to
1181 580 127 39 meet
1334 579 82 40 the
1444 579 147 39 needs
1619 577 52 41 of
1700 578 184 40 officers
1913 578 96 39 and

173 588 1991 92 members
318 639 52 40 of
404 638 253 41 chambers
693 637 51 40 of
778 646 265 31 commerce
1077 636 95 39 and
1208 634 191 41 similar
1434 633 378 50 organizations,
1849 635 96 39 and
1979 634 82 39 for
2096 644 86 30 use

174 707 54 30 as
264 707 29 29 a
329 695 232 40 textbook
596 694 52 39 in
683 694 181 47 college
897 703 196 30 courses
1128 692 80 40 for
1242 692 84 39 the
1360 690 219 49 training
1612 689 52 42 of
1697 689 299 42 association
174 700 1991 93 secretaries.”—Pref.

179 805 51 52 ©
259 810 110 39 Jan.
398 809 39 46 7,
466 807 114 40 1929
598 817 9 38 ;
637 807 68 40 2c.
734 807 110 39 Jan.
872 806 83 46 11;
986 803 82 42 aff.
1097 806 111 39 Jan.
1236 804 54 47 9;
1321 804 40 39 A
1389 803 142 47 3651;
1564 803 192 40 Ronald
1785 813 137 38 press
1952 813 68 30 co.

256 864 251 50 (29-1576)

174 946 277 62 Howard,
486 943 229 65 Daniel,
753 947 172 52 1864-

247 1025 123 52 The
396 1024 220 54 United
647 1021 217 68 States;
894 1022 74 53 its
995 1022 241 68 history,
1263 1026 374 64 government
1665 1020 114 53 and
1805 1019 379 68 institutions,

177 1098 2006 74 by Daniel Howard … and Samuel J. Brown … New York,
174 1180 1111 69 D. Appleton and company [ ᶜ192 9 ]
243 1260 1606 51 xiv, 344 p. incl. front., illus.. forms, double map. 19½ ᶜᵐ .
246 1320 189 40 “Books
465 1320 80 39 for
576 1320 198 39 further
806 1318 259 48 reading”:
1100 1328 43 38 p.
1176 1317 218 47 175-176,
1427 1317 220 41 339-340.

180 1373 51 52 ©
261 1378 110 39 Jan.
400 1377 69 47 11,
498 1375 142 48 1929;
670 1376 68 40 2c.
767 1376 95 39 and
891 1374 83 41 aff.
1004 1376 111 40 Jan.
1144 1376 82 45 17;
1258 1375 42 38 A
1326 1373 142 48 2863;
1502 1373 57 42 D.
1588 1373 243 49 Appleton
1860 1373 38 41 &
1925 1384 68 31 co.

257 1432 251 49 (29-1841)

175 1513 268 64 Hughes,
478 1513 256 53 Edward
765 1511 342 56 Wakefield.

247 1590 261 70 Hughes’
555 1589 310 53 American
913 1589 457 69 parliamentary
1417 1589 173 69 guide
1650 1588 165 69 (Rev.
1866 1589 104 67 ed.,
180 1588 2013 149 1927-1928)
379 1668 321 54 mechanics

728 1667 64 54 of
818 1668 369 69 lawmaking,
1214 1668 77 69 by
1318 1668 256 53 Edward
1600 1667 322 55 Wakefield
1947 1667 244 70 Hughes

241 1745 1887 70 … Printed under authority of House resolution no. 37 …
181 1825 327 68 Columbus,
537 1824 86 69 O.,
652 1824 123 54 The
803 1824 65 53 F.
898 1824 56 54 J.
983 1824 157 53 Heer
1167 1823 267 70 printing
1462 1843 98 50 co.,
1590 1827 151 50 1928.

247 1907 896 50 995 p. incl. front. (port.) 22½ ᶜᵐ .
251 1966 249 48 “Adopted
530 1965 389 48 parliamentary
947 1965 256 47 authority
1233 1964 51 41 of
1316 1965 80 40 the
1425 1964 123 41 Ohio
1579 1964 209 41 General
1816 1964 288 49 assembly.”

182 2019 51 52 ©
260 2024 112 39 Dec.
428 2054 8 16 1,
462 2022 141 47 1928;
630 2022 68 40 2c.
724 2022 110 40 Jan.
859 2021 40 48 2,
925 2021 115 40 1929
1058 2031 9 36 ;
1096 2020 82 41 aff.
1204 2022 110 39 Jan.
1340 2021 83 46 14;
1451 2021 42 39 A
1517 2020 142 46 3726;
1689 2022 254 47 Margaret
1967 2020 225 49 Virginia

250 2080 215 48 Hughes,
499 2079 275 47 Columbus,
808 2078 52 40 O.
932 2076 252 50 (29-1654)

181 2161 122 52 The
330 2159 333 54 Humorist,
738 2180 52 33 v.
822 2163 82 66 13,
930 2179 91 34 no.
1052 2159 120 69 337,
1200 2161 133 54 Jan.
1367 2162 81 65 19,
1479 2162 151 51 1929.

183 2238 2008 53 © 1c. Jan. 23, 1929; A ad int. 12256; pubd. Jan. 12; George Newnes,
250 2300 101 48 ltd.,
379 2299 214 42 London.

181 2379 285 65 Huntley,
495 2381 140 55 Mrs.
665 2380 280 55 Florence
987 2381 291 64 (Chance)
1318 2382 53 52 d.
1405 2384 151 50 1912.

254 2458 348 55 Harmonics
646 2458 64 54 of
755 2459 319 68 evolution;
1121 2459 97 54 the
1261 2461 259 69 struggle
1566 2459 95 54 for
1704 2460 330 69 happiness,
2078 2461 113 53 and

185 2537 327 54 individual
557 2538 347 68 completion
948 2539 252 69 through
1247 2538 97 54 the
1389 2538 287 69 principle
1720 2538 65 55 of
1828 2539 257 70 polarity
2128 2559 64 34 or

186 2615 1691 72 affinity … By Florence Huntley. Revised by J. E.
184 2618 1983 146 Richardson … [Hollywood, Calif.] The Great school
179 2695 1987 147 of natural science [ᶜ192 8]
252 2856 1330 50 380 p. diagrs. 21 ᶜᵐ . (Harmonic series, vol. I)
187 2910 51 52 ©
266 2914 103 42 Oct.
393 2915 70 47 15,
489 2914 141 48 1928;
657 2915 68 40 2c.
752 2916 111 39 Jan.
888 2914 40 50 9,
954 2914 142 48 1929;
1125 2914 84 42 aff.
1235 2915 111 41 Jan.
1373 2916 83 47 14;
1483 2916 42 39 A
1550 2915 143 48 3684;
1723 2917 131 40 John

1881 2918 53 40 E.
254 2917 1924 103 Richardson,
389 2972 303 48 Hollywood,
768 2971 106 42 Calif.
947 2971 252 50 (29-1601)

183 3051 244 65 Irmina,
466 3052 185 53 Sister
685 3053 215 68 M[ary]
946 3058 172 51 1893-

317 3129 1875 74 … The relative merits of the methods of subtraction [by]
188 3206 1535 73 Sister M. Irmina … Washington, D. C., The
185 3210 1987 144 Catholic education press [ ᶜ192 8]
254 3368 1430 52 29 p. 23 ᶜᵐ . (On cover: The Catholic university of
1711 3373 241 41 America.
186 3375 1992 90 Educational
376 3426 226 40 research
637 3426 247 48 bulletins,
920 3428 72 39 ed.
1029 3428 61 46 by
1125 3428 83 39 the
1242 3428 323 48 Department
1600 3429 52 41 of
1686 3430 273 47 education,
1993 3432 93 39 vol.
2187 3462 9 17 III,

185 3493 75 30 no.
289 3482 51 47 9)

260 3538 160 41 Series
448 3539 110 40 title
584 3539 51 40 in
662 3542 112 45 part
800 3541 53 38 at
880 3540 126 40 head
1033 3540 52 41 of
1111 3543 99 45 t.-p.

258 3595 377 49 Bibliography:
671 3607 43 37 p.
744 3596 160 40 28-29.

191 3647 51 53 ©
269 3652 110 41 Jan.
404 3653 39 47 7,
468 3652 142 48 1929;
637 3652 68 42 2c.
731 3652 111 42 Jan.
868 3652 52 49 8;
948 3652 83 42 aff.
1057 3653 111 42 Jan.
1193 3652 54 49 9;
1274 3654 43 39 A
1340 3652 142 49 3607;
1512 3653 222 43 Catholic
1759 3655 261 42 education
2046 3668 151 37 press.

269 3708 252 52 (29-1752)

188 3789 275 64 Jackson,
498 3790 239 64 Joseph.

321 3867 1872 73 … Essay on Poe by Joseph Jackson [in the book entitled]
189 3944 122 54 The
360 3946 348 69 philosophy
758 3947 65 53 of
872 3948 215 52 animal
1136 3949 361 69 magnetism,
1547 3949 77 69 by
1675 3968 32 34 a
1758 3952 328 68 gentleman
2136 3951 66 53 of
