2533 4342
1315 3991 136 54 1702

467 419 890 47 4 p. l.. iv, 139 p. col. front. 19 ᶜᵐ.
406 471 51 52 ©
489 476 102 40 Oct.
681 507 10 17 18,
720 475 141 47 1929;
894 475 68 40 2c.
996 475 102 41 Oct.
1129 475 81 47 21;
1246 475 82 41 aff.
1361 475 103 42 Oct.
1493 477 83 46 24;
1609 477 41 38 A
1683 477 144 40 15266;
1889 477 251 41 Stratford
2170 489 85 31 co..
472 479 1910 93 publishers.

727 531 282 49 (29-22343)

397 613 268 61 Scanlon,
694 611 257 55 William
980 613 65 54 T.

472 689 128 55 God
639 689 146 53 have
820 708 192 50 mercy
1049 708 72 36 on
1159 690 96 53 us!
1333 690 57 52 A
1427 697 159 61 story
1623 689 70 54 of·
1729 695 151 63 1918,
1919 692 76 69 by
2032 691 262 56 William
2334 695 65 52 T.

404 765 262 56 Scanlon.
733 767 216 53 Boston
982 768 113 52 and
1128 767 139 53 New
1300 767 180 68 York,
1511 768 322 69 Houghton
1864 769 206 53 Mifflin
2102 787 300 53 company,

402 847 150 49 1929.

467 925 631 50 3 p. l., 3-337, [1] p. 19½ᶜᵐ.
402 977 52 52 ©
484 982 103 40 Oct.
613 982 70 47 25,
712 982 114 40 1929;
882 983 67 41 2c.
979 983 102 40 Oct.
1111 983 57 40 28;
1224 982 83 42 aff.
1337 983 104 41 Oct.
1467 983 56 40 26;
1581 984 41 38 A
1649 983 146 41 15336;
1852 985 73 39 W.
1954 985 53 40 T.
2040 984 220 47 Scanlon,
468 984 1912 103 Chicago.
669 1038 281 49 (29-22418)

391 1120 287 63 Schmalz,
709 1121 134 54 Carl
872 1120 242 55 Nelson.

390 1196 1982 132 … Standard departmental stock-sales ratios for department stores:
826 1274 1569 70 fall season, by Carl N. Schmalz … and O. W.
391 1352 2005 72 Blackett … Ann Arbor, University of Michigan, School of
389 1430 254 54 business
674 1430 486 69 administration,
1190 1432 229 52 Bureau
1452 1430 65 55 of
1546 1432 256 53 business
1834 1432 276 67 research,
2143 1436 151 50 1929.

460 1512 1937 51 iv p., 1 l. , 87 p. incl. tables, diagrs. 23 ᶜᵐ. ([Michigan. University.
391 1569 170 41 School
586 1569 53 40 of
660 1568 222 41 business
906 1568 415 41 administration.
1382 1570 197 39 Bureau
1606 1570 53 40 of
1682 1569 224 42 business
1932 1571 240 48 research]
388 1570 1992 103 Michigan
509 1625 222 41 business

757 1625 201 45 studies,
985 1627 94 39 vol.
1150 1656 9 15 II,
1187 1636 76 29 no.
1291 1624 53 48 4)

459 1681 1937 49 A continuation of “Michigan business studies, vol. I , no. 4” by C. N.
393 1738 235 48 Schmalz,
674 1738 205 41 entitled
897 1749 10 29 :
957 1738 247 41 Standard
1252 1739 359 47 departmental
1660 1738 286 40 stock-sales
1994 1737 154 42 ratios
2193 1739 80 40 for
389 1740 1991 104 department
679 1798 157 37 stores;

911 1795 100 40 this
1056 1794 219 41 includes
1320 1795 287 40 stock-sales
1653 1794 154 41 ratios
1850 1794 80 40 for
1974 1795 83 40 the
2103 1794 76 41 six
2228 1794 168 49 spring

388 1853 208 40 months,
656 1852 63 49 cf.
745 1851 229 42 Authors’
1002 1854 126 38 note.

396 1906 51 53 ©
476 1912 117 47 July
619 1910 69 47 31,
716 1910 143 47 1929;
888 1910 68 39 2c.
984 1910 98 39 and
1109 1908 82 41 aff.
1222 1909 103 40 Oct.
1352 1907 83 48 10;
1466 1908 42 39 A
1534 1907 171 48 12939;
1738 1908 284 48 University
2051 1909 52 40 of
2132 1908 262 45 Michigan.

472 1966 283 49 (29-21570)

388 2046 288 64 Schmidt,
704 2046 119 53 Leo
849 2046 223 54 Anton.

458 2124 327 53 Mechanics
831 2124 65 52 of
944 2123 369 69 accounting;
1367 2141 31 34 a
1447 2123 124 52 first
1620 2141 194 34 course
1860 2122 271 53 textbook
2177 2123 76 69 by
2298 2123 97 52 the

386 2199 2007 145 problem method, by Leo A. Schmidt … New York, Prentice-Hall,
572 2280 127 67 inc.,
727 2283 150 51 1929.

456 2362 116 47 xvii,
602 2362 86 41 230
715 2373 43 37 p.
818 2362 147 41 23½ᶜᵐ.

390 2416 2000 109 © Sept. 2, 1929; 1c. Oct. 7; 1c. Oct. 15; aff. Oct. 5; A 15055; Prentice-Hall,
621 2476 92 41 inc.
780 2476 281 49 (29-22231)

383 2556 419 65 Schumacher,
836 2556 247 55 Charles
1114 2556 333 65 Augustus,
1481 2560 172 50 1868-

437 2632 1953 149 John Buskin, by Charles A. Schumacher. [Oneonta, N. Y., ᶜ1 929]
452 2795 247 49 22 p. 18 ᶜᵐ.
390 2846 52 54 ©
483 2853 129 48 Sept.
649 2852 69 48 16,
757 2851 141 43 1929;
939 2852 70 39 2c.
1047 2852 99 39 and
1182 2850 83 41 aff.
1305 2851 103 40 Oct.
1445 2850 84 46 21;
1569 2850 42 39 A
1647 2849 174 47 14294;
1863 2848 49 42 C.
1951 2849 56 40 A.
2047 2847 342 49 Schumacher,

457 2909 233 45 Oneonta,
720 2909 56 39 N.
806 2908 55 40 Y.
928 2905 283 49 (29-22372)

378 2974 265 63 Schwob,
673 2974 162 52 René
866 2972 184 65 Félix,
1085 2978 170 49 1895-

518 3049 1476 70 … Moi, juif, livre posthume. Paris, Plon [1928]
453 3129 1933 53 3 p. l., xvii, 367 p., 3 l. 20 ᶜᵐ. (Le roseau d’or; œuvres et chroniques.
387 3188 308 51 [4 ᵉ sér.] 1)
452 3245 65 42 At
546 3244 126 42 head
705 3244 53 42 of
790 3244 108 42 title
917 3257 9 28 :
962 3243 135 42 René
1131 3244 216 42 Schwob.

455 3303 205 40 Journal
692 3303 52 40 of
773 3302 83 40 the
885 3301 221 41 author’s
1136 3301 283 41 conversion
1450 3301 127 40 from
1612 3301 226 39 Judaism
1870 3303 50 37 to
1952 3300 188 40 Roman
383 3298 1983 101 Catholicism.

380 3406 2004 112 © Nov. 10, 1928; 1c. July 12, 1929; A—Foreign 3704; Librairie Plon. (29-22556)
376 3533 337 65 Sherwood,
742 3534 206 63 Henry
975 3533 206 62 Noble,
1213 3538 170 50 1882-

378 3608 1979 148 Civics and citizenship, by Henry Noble Sherwood … Indianapolis, New
865 3687 1371 68 York, The Bobbs-Merrill company [ᶜ19 29]
447 3769 83 48 vii,
557 3769 88 40 424
674 3780 43 37 p.
777 3769 131 41 illus.
967 3769 146 41 19½ᶜᵐ.

452 3825 125 41 “For
601 3824 198 42 further
826 3825 177 48 study”
1030 3828 52 38 at
1110 3826 90 39 end
1229 3825 52 41 of
1308 3825 119 40 each
1455 3825 216 47 chapter.

385 3878 51 53 ©
472 3883 103 41 Oct.
608 3882 69 47 10,
711 3882 114 41 1929;
887 3883 67 41 2c.
990 3883 104 41 Oct.
1128 3884 57 39 17;
1247 3881 83 41 aff.
1366 3882 102 41 Oct.
1503 3882 82 45 23;
1622 3881 43 39 A
1698 3881 172 47 14314;
1907 3880 364 40 Bobbs-Merrill
2311 3889 68 30 co.
464 3938 281 50 (29-22524)
