2542 4389
1050 4044 135 51 1229

115 394 296 67 Defretin,
443 396 72 55 A.

183 474 181 57 Cours
418 471 363 56 d’électricité
836 471 361 56 industrielle
1252 473 31 51 à
1337 472 213 70 l’usage
1604 473 96 52 des
109 466 1983 158 élèves-ingénieurs;

368 552 188 64 leçons
592 549 317 71 professées
947 551 31 51 à
1015 550 286 55 l’Institut
1336 548 305 57 industriel
1679 551 78 52 du
1793 549 181 68 Nord,
2010 567 107 51 par

113 621 2006 81 A. Defretin … préface de M. P. Janet … t. 1 ᵉʳ . L’électricité
115 704 1932 75 dans la science de l’ingénieur. Paris, Hermann et c ⁱᵉ , 1929.
184 784 1516 60 3 p. l., [ix]-xi, 582 p., 1 l. illus., plates, diagrs. 25 ½ᶜᵐ .
117 853 1999 61 © Mar. 13, 1929; 1c. Apr. 26; A— Foreign 2967; Librairie scientifique
184 919 253 40 Hermann
462 918 36 40 &
523 917 84 40 cie.
672 915 283 50 (29-17019)

115 1012 120 52 Des
260 1012 234 64 Garets,
518 1010 188 54 Marie
741 1011 99 66 (de
867 1011 343 65 Larminat)
1244 1013 71 52 de
1342 1011 269 65 Garnier,
1637 1017 286 65 comtesse,
1950 1015 171 51 1848-
187 1094 63 49 19
254 1090 83 54 27.

108 1162 1986 156 … Souvenirs d’une demoiselle d’honneur: L’impératrice Eugénie en
408 1241 1710 76 exil, publié par Marie-Louyse des Garets … Paris,
110 1320 484 71 Calmann-Lévy,
627 1323 149 52 1929.

178 1401 1734 57 2 p. l., iii, 280 p., 1 l. 19 ½ᶜᵐ . (Nouvelle collection historique)
178 1474 64 40 At
274 1474 125 41 head
432 1474 52 41 of
516 1474 108 41 title:
687 1474 248 43 Comtesse
967 1476 84 40 des
1085 1476 190 47 Garets,
1308 1476 88 41 née
1427 1476 157 41 Marie
1616 1478 58 39 de
1705 1477 270 41 Larminat.

114 1541 1999 57 © Nov. 28, 1928; 1c. Apr. 15, 1929; A— Foreign 2629; Calmann-Lévy.
192 1601 282 52 (29-17057)

114 1698 223 64 Doney,
368 1697 135 55 Carl
536 1698 216 65 Gregg,
787 1700 172 54 1867-

179 1775 153 53 Half
357 1794 129 50 way
507 1782 60 46 to
593 1793 170 51 noon,
789 1777 115 52 and
929 1777 165 54 other
1120 1778 203 68 chapel
1347 1777 172 70 talks,
1543 1779 77 69 by
1648 1779 139 55 Carl
1813 1779 72 57 G.
1913 1782 204 69 Doney

171 1851 1940 77 … New York, Cincinnati [etc.] The Abingdon press [ ᶜ1929 ]
180 1934 86 42 198
298 1945 44 39 p.
402 1934 117 42 19ᶜᵐ.

185 2005 1935 55 “These short addresses were delivered in the chapel services … of
110 2062 300 43 Willamette
443 2062 656 52 university.”—Foreword.

115 2130 52 52 ©
193 2135 122 49 Aug.
340 2135 69 48 13,
435 2135 114 40 1929;
603 2135 70 41 2c.
699 2137 95 39 and
820 2135 84 42 aff.
929 2136 122 48 Aug.
1076 2136 58 40 20;
1189 2137 42 39 A
1256 2137 148 41 10860;
1460 2136 50 44 C.
1537 2139 54 40 G.
1618 2139 183 49 Doney,
1830 2139 175 49 Salem,
2034 2141 80 41 Or.

196 2190 282 52 (29-17243)

116 2286 219 65 Dupre,
365 2286 206 54 James
596 2287 253 57 Arthur.

180 2363 104 71 My
321 2363 121 54 best
481 2364 281 68 teachers;
806 2384 82 49 or,
926 2366 290 55 Practical
1253 2369 214 53 lessons
1505 2369 61 53 in
1606 2371 353 71 psychology
2003 2375 114 52 and

109 2441 378 71 philosophy;
531 2461 30 35 a
602 2443 173 69 study
817 2444 64 52 of
921 2445 96 52 the
1059 2444 267 55 faculties
1368 2447 115 54 and
1524 2448 266 69 qualities
1833 2449 64 55 of
1937 2451 180 70 mind,

108 2518 2010 80 prepared by James Arthur Dupre … Boston, Mass., Meador
109 2597 338 70 publishing
476 2616 282 52 company
794 2633 12 34 [
835 2603 133 50 ᶜ1929
974 2633 13 35 ]

181 2678 87 41 324
299 2691 44 38 p.
402 2679 118 42 21ᶜᵐ.

183 2750 103 40 The
322 2750 199 41 various
559 2752 233 40 elements
832 2752 52 40 of
922 2754 184 40 mental
1144 2753 232 43 faculties
1418 2757 95 40 and
1552 2757 230 49 qualities
1823 2770 85 32 are
1948 2761 171 49 briefly

111 2805 250 43 described;
421 2807 118 40 each
568 2806 296 50 description
895 2809 43 41 is
968 2809 229 42 followed
1229 2812 60 47 by
1320 2812 246 49 pertinent
1597 2816 281 47 quotations
1909 2819 210 41 selected

109 2862 129 41 from
273 2863 82 41 the
389 2864 193 41 world’s
617 2864 134 43 “best
785 2865 268 41 teachers”,
1114 2869 61 47 cf.
1212 2869 413 43 Announcement.

117 2931 54 52 ©
193 2935 122 50 Aug.
337 2935 71 49 16,
432 2935 117 41 1929;
599 2937 69 41 2c.
691 2938 123 47 Aug.
838 2939 55 39 17;
949 2938 82 42 aff.
1054 2938 123 49 Aug.
1202 2939 57 40 20;
1311 2940 41 39 A
1376 2940 145 42 11724;
1577 2943 211 41 Edward
1813 2944 60 42 K.
1899 2947 216 49 Meador,

185 2993 199 41 Boston.
449 2993 281 52 (29-17173)

117 3087 229 66 Eberle,
379 3088 202 56 Edith.

181 3164 208 55 Jewels
410 3166 95 52 the
527 3166 164 70 giant
714 3167 261 69 dropped;
1031 3187 32 34 a
1087 3188 194 36 course
1305 3190 73 34 on
1402 3173 96 53 the
1522 3174 339 71 Philippine
1887 3178 230 56 Islands

112 3242 94 53 for
243 3242 195 69 junior
477 3243 138 69 boys
654 3244 114 53 and
807 3246 172 68 girls;
1022 3247 96 54 the
1158 3249 202 53 stories
1399 3250 75 70 by
1516 3251 182 54 Edith
1741 3254 235 71 Eberle;
2021 3258 96 54 the

109 3338 195 37 course
332 3321 76 69 by
440 3321 182 55 Grace
648 3322 92 55 W.
770 3323 353 56 McGavran.
1189 3327 141 52 New
1360 3327 185 70 York,
1573 3330 353 72 Friendship
1959 3353 159 51 press

117 3431 13 34 [
158 3401 133 51 ᶜ1929
297 3432 13 34 ]

182 3479 887 52 4 p. l., [3]-138 p. diagr. 19½ᶜᵐ.
185 3549 378 50 Bibliography:
596 3563 44 39 p.
677 3553 249 50 [135]-138.

120 3603 52 53 ©
208 3608 116 49 July
357 3609 68 48 18,
461 3609 140 48 1929;
636 3610 69 41 2c.
738 3613 97 38 and
868 3611 82 43 aff.
985 3613 120 49 Aug.
1138 3613 83 48 15;
1258 3614 43 39 A
1333 3615 171 49 11657;
1544 3617 53 43 G.
1633 3619 51 48 Q.
1720 3621 241 47 LeSourd,
1998 3625 118 42 New

186 3665 145 41 York.
395 3665 280 50 (29-17244)

121 3759 227 66 Elliott,
381 3761 200 53 Frank
614 3763 89 55 W.

187 3838 184 53 Three
404 3857 153 35 score
590 3858 181 52 years,
803 3842 223 70 history
1060 3842 64 54 of
1154 3846 330 70 Monhagen
1516 3850 133 59 hose
1681 3871 311 55 company;
117 3853 1977 136 being
253 3934 31 35 a
317 3916 284 54 chronicle

635 3917 64 54 of
734 3920 96 53 the
865 3920 260 54 eventful
1160 3921 199 56 affairs
1394 3925 65 54 of
1492 3929 96 53 the
1623 3931 328 58 Monhagen
1986 3937 133 52 hose
