2547 4384
1287 4051 103 56 786

402 494 208 40 2 v. 26 ᶜᵐ.
680 574 106 28 CONTENTS.—v.
815 562 39 42 7.
883 564 262 46 Covenant,
1174 563 173 40 Action
1375 563 321 41 of-Criminal
1722 565 109 39 law.
1886 564 207 39 617.—v.
2120 561 42 41 8.
338 562 1984 98 Criminal

460 622 108 39 law.
629 620 248 40 618-1003.

336 687 52 51 ©
415 692 115 46 May
553 692 69 46 17,
649 690 118 41 1929;
819 691 67 40 2c.
914 692 118 38 each
1059 692 126 38 June
1212 690 51 47 8;
1292 691 83 41 aff.
1403 692 127 38 June
1556 691 82 47 10;
1668 691 41 39 A
1734 691 127 47 8607,
1890 690 139 47 8608;
2060 691 135 39 West
2222 691 109 47 pub.

403 758 67 30 co.

334 872 148 63 Moe,
512 871 279 53 Jeanette
821 872 242 55 Jordan.

400 961 360 70 Laboratory
796 964 234 51 manual
1068 962 94 53 for
1199 963 237 52 modern
1471 963 309 67 European
1817 962 240 69 history,
2092 962 76 68 by
330 962 1982 130 Jeanette

514 1039 1825 70 Jordan Moe … and Margaret Stum Thorpe … Boston,
330 1118 1685 69 New York [etc.] D. C. Heath and company [ ᶜ1 929]
438 1246 8 15 x,
475 1215 83 39 141
587 1226 43 37 p.
659 1214 112 41 incl.
799 1226 151 37 maps,
976 1215 170 40 forms.
1206 1215 57 39 25½ᶜᵐ.

402 1285 234 40 Contains
670 1284 394 49 bibliographies.

335 1352 51 53 ©
412 1358 115 46 May
551 1358 68 45 13,
644 1356 142 47 1929;
812 1357 67 40 2c.
906 1358 95 38 and
1026 1356 82 41 aff.
1134 1358 114 46 May
1274 1356 81 47 16;
1383 1357 41 38 A
1447 1356 141 47 9119;
1615 1357 57 40 D.
1700 1356 49 40 C.
1776 1356 165 39 Heath
1965 1356 36 40 &
2025 1366 66 30 co.

413 1413 280 50 (29-11737)

333 1533 316 64 Monteith,
681 1533 249 55 Charles
958 1534 251 64 Norton,
1243 1538 171 50 1893-

402 1623 220 69 Simple
654 1625 431 68 aerodynamics
1116 1625 114 52 and
1260 1624 97 53 the
1387 1624 278 68 airplane,
1695 1625 75 68 by
1803 1624 238 55 Charles
2072 1624 69 52 N.
329 1623 1985 132 Monteith

329 1702 1985 145 … with supplementary chapters on materials and construction,
653 1780 346 68 equipment,
1025 1780 357 69 navigation,
1410 1780 113 53 and
1549 1780 97 52 the
1671 1780 260 68 military
1958 1780 278 67 airplane,
2264 1779 74 68 by

332 1856 251 70 Captain
627 1858 67 52 E.
746 1858 67 53 E.
860 1858 215 53 Aldrin
1123 1858 114 52 and
1283 1857 282 53 technical
1611 1857 317 68 specialists
1976 1857 64 53 of
2084 1858 97 52 the
2228 1857 111 52 Air

330 1934 2009 70 corps, U. S. army. 3d ed., rev. by C. C. Carter … New York,
330 2014 1121 69 The Ronald press company [ ᶜ1 929]
399 2109 1939 50 xiii, 418 p. front., illus., diagrs. 22 ᶜᵐ. [Ronald aeronautic series,
331 2167 49 42 C.
412 2169 58 38 de
502 2167 51 40 F.
585 2166 481 49 Chandler—editor]

402 2237 192 40 Earlier
631 2236 225 48 editions,
895 2236 256 49 published
1186 2236 239 48 officially,
1465 2247 83 29 are
1584 2239 199 38 entered
1820 2238 154 39 under
2010 2238 82 39 the
2129 2237 211 49 heading

333 2295 54 40 U.
418 2294 45 40 S.
520 2294 143 40 Office
690 2293 53 40 of
770 2293 130 40 chief
928 2292 51 41 of
1006 2292 87 39 Air
1120 2304 138 37 corps
1298 2293 139 48 (War
1466 2293 153 48 dept.)

402 2350 378 49 Bibliography:
812 2360 44 39 p.
884 2349 219 40 407-409.

335 2419 52 51 ©
417 2423 113 48 Apr.
560 2423 69 45 23,
661 2421 115 41 1929;
836 2423 68 39 2c.
934 2422 113 47 Apr.
1078 2421 58 40 26;
1194 2421 82 40 aff.
1308 2423 117 46 May
1454 2422 55 41 18;
1569 2421 43 40 A
1639 2421 117 41 9156;
1815 2423 49 40 C.
1898 2422 49 41 C.
1980 2423 185 46 Carter,
2199 2423 135 39 West

403 2480 157 47 Point,
585 2480 55 39 N.
667 2480 53 40 Y.
783 2478 281 49 (29-11637)

332 2606 219 62 Moore,
583 2604 248 64 George,
866 2607 171 51 1852-

332 2694 1979 149 … The brook Kerith; a Syrian story, with twelve engravings
491 2774 75 68 by
601 2773 254 68 Stephen
888 2772 251 54 Gooden.
1210 2772 260 68 London,
1501 2772 89 54 W.
1626 2772 364 53 Heinemann
2024 2773 123 66 ltd.,
2184 2776 147 50 1929.

400 2868 824 51 4 p. l. , 361, [1] p. plates. 26½ ᶜᵐ.
404 2939 1929 49 “This edition … printed on hand-made paper from hand-set type, is
332 2996 189 40 limited
547 2998 49 37 to
620 2996 86 40 375
732 2995 173 48 copies.
959 2995 118 40 This
1104 2995 41 40 is
1171 2996 202 39 number
1399 2994 129 42 339.”
1583 2995 348 48 Autographed
1958 2997 62 47 by
2046 2996 83 40 the
2154 2997 180 39 author

331 3053 97 39 and
463 3052 83 40 the
581 3051 294 43 illustrator.

335 3118 1997 52 © 1c. May 22, 1929; A ad int. 12738; pubd. Mar. 28; Macmillan co., New
403 3179 144 40 York.
618 3177 283 49 (29-12704)

337 3301 147 52 New
523 3302 96 53 aid
657 3303 60 51 in
756 3303 234 68 biology
1031 3302 94 52 for
1164 3303 234 53 reviews
1438 3303 113 53 and
1591 3308 152 49 tests.
1820 3303 139 53 New
1999 3303 164 53 York
2203 3303 133 70 city,

405 3380 1114 69 Regents publishing co., inc. [ ᶜ1 929]
404 3461 1623 49 4 p. l. , 52, [32] p. 17 ᶜᵐ. (On cover: A Regents gray book)
337 3529 52 51 ©
416 3534 120 38 Mar.
563 3533 70 46 27,
658 3532 115 40 1929;
828 3533 66 39 2c.
921 3533 114 47 Apr.
1060 3532 28 40 8;
1140 3532 82 40 aff.
1248 3533 114 47 Apr.
1390 3532 28 41 9;
1469 3534 41 38 A
1535 3533 115 40 6419;
1705 3533 211 48 Regents
1942 3535 110 47 pub.
2080 3544 81 36 co.,
2189 3533 92 41 inc.

415 3589 280 50 (29-11704)

337 3713 147 51 New
515 3714 95 52 aid
641 3715 62 51 in
734 3713 309 69 chemistry
1074 3713 93 52 for
1199 3713 232 53 reviews
1463 3714 111 52 and
1606 3719 155 48 tests.
1836 3713 139 53 New
2007 3713 163 54 York
2201 3714 132 70 city,

407 3791 1099 69 Regents publishing co., inc. [ ᶜ1 929]
406 3871 1837 49 4 p. l. , 50, [34] p. illus. 17 ᶜᵐ. (On cover: A Regents gray book)
339 3938 51 54 ©
417 3945 122 38 Mar.
563 3943 70 47 29,
658 3942 118 40 1929;
828 3943 66 40 2c.
921 3943 113 48 Apr.
1062 3943 28 40 8;
1142 3943 81 40 aff.
1250 3944 114 48 Apr.
1388 3943 26 40 9;
1471 3944 41 38 A
1537 3943 117 40 6418;
1707 3944 210 48 Regents
1943 3944 109 48 pub.
2079 3954 80 36 co.,
2189 3943 91 41 inc.

417 4000 280 49 (29-11703)
