2547 4384
1363 4022 101 51 886

470 454 1249 51 Thesis (PH. D .)—Ohio state university, 1929.
472 513 378 48 Bibliography:
886 522 44 38 p.
963 511 218 42 121-122.

403 566 52 52 ©
483 571 114 46 May
624 570 40 46 1,
691 567 142 49 1929;
863 568 68 40 2c.
959 569 96 38 and
1083 567 82 41 aff.
1194 567 128 40 June
1349 568 82 46 13;
1462 567 41 39 A
1530 567 142 47 8676;
1702 567 56 40 R.
1787 567 54 40 G.
1868 567 183 40 Adams
2077 566 38 40 &
2142 577 70 30 co.

481 624 281 51 (29-13015)

405 720 174 64 Cook,
622 719 125 65 (T.)
788 721 148 69 firm,
966 721 342 69 publishers,
1340 720 258 54 London.

486 798 849 71 (1929. Thos. Cook & son)
471 877 121 52 The
638 895 260 49 supreme
944 878 183 51 travel
1175 876 342 53 adventure:
1564 876 221 53 around
1832 876 96 53 the
1974 875 182 53 world
2204 874 61 54 in
2309 875 97 53 the

437 954 359 53 “Franconia”
831 956 161 64 1930;
1028 954 212 69 sailing
1272 953 154 53 from
1457 954 140 52 New
1630 952 181 69 York,
1842 953 265 68 January
2141 952 151 68 11th,
402 973 1979 127 returning

675 1031 140 69 May
851 1032 163 67 29th;
1052 1031 280 53 direction
1367 1031 65 52 of
1468 1031 235 54 Cunard
1739 1030 118 53 line
1890 1030 113 53 and
2038 1030 171 53 Thos.
2249 1029 157 54 Cook

402 1108 835 68 & son. [New York, ᶜ1 929]
472 1191 70 48 99,
574 1192 55 48 [1]
660 1202 42 37 p.
733 1191 111 41 incl.
872 1190 165 49 front.,
1065 1192 172 47 plates,
1267 1200 153 39 maps.
1585 1220 10 11 23ᶜᵐ.

475 1248 140 47 Maps
642 1258 61 29 on
732 1246 366 49 lining-papers.

407 1299 52 52 ©
485 1304 127 39 June
635 1303 39 47 5,
700 1302 142 47 1929;
869 1303 68 40 2c.
963 1303 97 40 and
1086 1302 83 41 aff.
1194 1302 129 40 June
1346 1304 53 46 7;
1427 1303 41 38 A
1494 1302 141 46 9548;
1663 1302 213 40 Thomas
1902 1301 131 41 Cook
2059 1301 36 40 &
2120 1311 102 30 son.

482 1358 282 51 (29-13018)

408 1454 437 65 Cunningham,
877 1455 250 52 Auburn
1158 1455 57 56 S.

480 1534 364 69 Everything
882 1552 112 50 you
1036 1540 155 47 Avant
1229 1540 58 47 to
1327 1533 167 53 know
1536 1534 172 52 about
1747 1534 95 52 the
1885 1534 339 67 presidents,
2261 1531 151 54 their

410 1612 232 69 parties,
671 1612 150 53 their
853 1612 247 69 politics,
1129 1612 154 53 from
1310 1612 387 69 Washington
1727 1619 58 47 to
1814 1611 262 67 Hoover;
2108 1612 99 53 the
409 1611 1978 146 presidents;
636 1691 98 54 the
767 1690 497 69 vice-presidents;
1298 1691 97 52 the
1429 1691 278 64 cabinets;
1744 1690 96 54 the
1875 1690 242 69 parties;
2154 1691 97 52 the
408 1707 1978 130 conventions;
734 1769 95 53 the
863 1769 294 65 elections;
1195 1770 95 51 the
1325 1770 264 51 electoral
1624 1769 238 68 college;
1900 1769 94 52 the
2028 1768 156 54 chief
408 1786 1976 129 executive;
597 1867 72 33 an
709 1848 218 53 outline
967 1848 173 68 study
1178 1847 66 53 of
1283 1847 374 68 presidential
1699 1846 249 70 history;
1994 1853 112 48 two
2147 1846 260 53 hundred

407 1924 2004 71 interesting questions and the answers; the states … adaptable
410 2003 2002 70 and useful for library, school and home use … 3d ed., rev.
409 2080 1559 70 and enl. [Cleveland, A. S. Cunningham] ᶜ1 929.
477 2163 287 48 cover-title,
795 2162 58 41 30
882 2173 44 38 p.
986 2162 118 42 28ᶜᵐ.

410 2216 52 52 ©
490 2220 126 40 June
641 2220 69 47 13,
738 2218 141 48 1929;
907 2219 68 41 2c.
1002 2219 96 40 and
1124 2218 83 41 aff.
1235 2218 125 40 June
1388 2219 83 47 14;
1499 2219 42 39 A
1566 2218 143 47 9688;
1736 2218 56 42 A.
1822 2219 45 41 S.
1894 2218 357 49 Cunningham.

488 2275 281 50 (29-13041)

409 2371 265 65 Dimock,
707 2370 227 65 Hedley
967 2370 231 56 Seldon.

479 2448 290 70 Camping
810 2449 114 53 and
965 2449 321 66 character;
1334 2467 31 34 a
1408 2467 164 50 camp
1616 2448 356 68 experiment
2013 2450 61 52 in
2118 2451 293 52 character

407 2525 2003 72 education [by] Hedley S. Dimock … [and] Charles E. Hendry
469 2604 1942 69 … with a foreword by William H. Kilpatrick … New York,
406 2682 364 54 Association
799 2701 176 49 press,
1006 2685 151 50 1929.

478 2764 1577 49 XV p., 5 l., 364 p. incl. front., illus., diagrs., forms. 22½ᶜᵐ.
480 2821 311 48 Description
817 2821 52 40 of
894 2821 136 40 work
1055 2824 52 37 at
1135 2820 152 49 Camp
1311 2821 203 41 Ahmek.
1571 2822 61 48 cf.
1661 2821 131 41 Pref.

480 2876 249 41 “Selected
762 2875 367 49 bibliography”
1149 2887 9 29 :
1195 2886 43 38 p.
1270 2875 219 41 347-352.

411 2930 52 52 ©
488 2934 127 40 June
638 2934 38 48 8,
703 2933 142 48 1929;
872 2933 67 41 2c.
967 2934 126 40 June
1118 2934 82 46 12;
1228 2933 83 42 aff.
1338 2933 127 41 June
1489 2935 83 45 11;
1600 2934 41 39 A
1667 2933 141 47 8648;
1838 2934 208 40 General
2071 2934 153 41 board
2251 2935 51 40 of
2327 2935 82 41 the

477 2991 173 48 Young
675 2989 150 42 men’s
855 2990 250 41 Christian
1134 3001 143 37 assn.,
1306 2991 119 39 New
1452 2991 145 40 York.
1664 2990 281 49 (29-13082)

412 3085 227 64 Duruy,
671 3084 223 65 Victor,
929 3089 325 50 1811-1894.

478 3162 1933 72 A history of France, by Victor Duruy … translated by M.
409 3242 154 67 Cary
614 3241 32 70 [!]
679 3241 141 53 with
849 3259 73 34 an
951 3241 392 53 introduction
1373 3242 113 52 and
1515 3241 394 54 continuation
1938 3242 75 68 by
2043 3243 55 54 J.
2128 3242 281 54 Franklin

407 3318 2004 70 Jameson, PH. D. 4th ed., rev. and continued to 1929, by Mabell
411 3395 1927 71 S. C. Smith … New York, T. Y. Crowed company [ ᶜ1 929]
479 3478 61 46 vi,
575 3478 47 40 vi
642 3479 109 39 a-vi
770 3479 41 46 b,
847 3478 233 48 vii-xxvi,
1114 3478 84 41 809
1234 3489 42 38 p.
1351 3489 138 37 maps
1516 3478 137 49 (part
1686 3478 143 48 fold.)
2006 3511 9 9 21ᶜᵐ.

481 3535 366 48 “Twenty-fifth
878 3535 260 48 printing.”

414 3589 52 52 ©
493 3594 127 39 June
645 3593 38 47 8,
710 3592 142 48 1929;
880 3593 66 40 2c.
974 3594 95 39 and
1096 3592 80 40 aff.
1206 3593 127 41 June
1358 3593 82 47 12;
1469 3593 42 39 A
1536 3593 141 47 7667;
1707 3594 211 40 Thomas
1945 3595 54 39 Y.
2028 3593 205 41 Crowell
2290 3603 40 30 co.

492 3649 280 50 (29-13003)

416 3743 164 65 Ellis,
611 3744 155 53 John
798 3744 456 64 Breckenridge,
1289 3746 171 52 1870-

480 3823 121 51 The
631 3822 339 68 mysterious
1003 3824 102 51 Dr.
1139 3822 216 54 Oliver,
1386 3840 32 34 a
1447 3826 254 66 mystery
1730 3827 174 63 story,
1935 3822 76 68 by
2042 3824 54 53 J.
411 3822 1978 146 Breckenridge

610 3900 1696 69 Ellis … New York, The Macaulay company, 1929.
