2533 4342
1388 3993 134 50 1390

449 331 215 65 Smith,
698 332 254 53 Edward
983 333 225 63 Henry,
1244 334 327 54 1881-1927.

525 412 1935 71 You can escape, by Edward H. Smith … with a preface by
454 490 255 53 Edward
755 490 151 52 Hale
956 490 312 52 Bierstadt.
1345 490 139 52 New
1532 491 183 67 York,
1761 492 120 52 The
1929 492 336 53 Macmillan
454 511 1983 126 company,
659 571 150 50 1929.

515 648 661 48 xiv p., 1 l. , 364 p. 20ᶜᵐ.
519 704 183 40 Stories
732 704 51 40 of
809 713 200 39 escapes
1035 704 128 40 from
1193 705 259 39 American
1481 705 207 47 prisons.

516 761 378 48 Bibliography:
926 771 43 37 p.
999 761 218 40 363-364.

454 813 52 53 ©
540 818 128 47 Sept.
700 817 68 48 10,
799 816 117 41 1929;
973 818 68 40 2c.
1074 819 95 38 and
1201 818 82 40 aff.
1319 817 128 49 Sept.
1480 818 48 38 11;
1596 818 41 39 A
1669 819 171 47 13253;
1876 820 283 40 Macmillan
2191 833 66 29 co.
530 873 281 49 (29-19014)

451 971 306 64 Soupault,
787 971 243 64 Robert,
1064 976 172 50 1892-

582 1051 1876 70 … Techniques de médecine opératoire, préface du D r B.
451 1130 1107 62 Cunéo. Paris, Masson et c ⁱᵉ , 1929.
514 1210 776 49 2 p. l., 190 p., 1 l. illus. 22 ½ ᶜᵐ.
452 1264 1775 110 © Mar. 23, 1929; 1c. June 7; A— Foreign 3470; Masson & cie. (29-18403)
446 1421 277 64 Starkey,
754 1421 244 54 Robert.

519 1499 318 53 Bummer’s
866 1499 199 63 circus,
1093 1499 76 67 by
1196 1500 214 52 Robert
1444 1499 264 65 Starkey,
1737 1500 324 54 illustrated
2090 1501 76 67 by
2193 1502 267 68 Dorothy

449 1578 194 53 Owen.
719 1578 139 53 New
885 1578 180 53 York.
1092 1578 243 53 Duffield
1365 1580 45 50 &
1435 1597 301 49 company,
1764 1582 150 49 1929.

513 1661 1393 49 4 p. l., 119, [1] p. col. front., illus., col. plates. 26 ᶜᵐ.
516 1720 137 39 Illusi
666 1719 139 40 rated
826 1718 367 49 lining-papers.

452 1771 51 52 ©
541 1775 130 48 Sept.
706 1776 68 42 12,
809 1775 114 40 1929;
986 1776 68 40 2c.
1093 1776 129 47 Sept.
1258 1776 54 39 17;
1378 1776 82 39 aff.
1499 1776 128 48 Sept.
1665 1777 59 37 16;
1786 1776 39 39 A
1866 1777 166 41 12388;
2072 1778 203 38 Duffield
2317 1779 34 39 &
2416 1791 38 26 co.

529 1832 280 48 (29-19193)

450 1928 303 60 Stoddart,
784 1928 358 54 Alexander.

520 2007 178 55 Great
740 2007 252 54 markets
1036 2008 64 52 of
1142 2007 295 60 America;
1483 2029 26 31 a
1554 1996 178 81 Study
1774 2009 63 51 of
1881 2007 297 69 fifty-four
2222 2008 237 69 trading

451 2104 158 36 areas
655 2086 58 52 in
759 2085 302 68 thirty-six
1107 2091 175 48 states
1327 2091 119 48 east
1493 2086 63 52 of
1601 2087 95 52 the
1743 2086 199 70 Rocky
1986 2087 353 66 Mountains,
2383 2086 77 70 by

447 2164 331 52 Alexander
818 2164 297 55 Stoddart.
1198 2164 156 67 [New
1394 2164 179 67 York]
1618 2164 242 54 General
1902 2166 242 53 outdoor
451 2164 1983 147 advertising
580 2261 99 50 co.,

708 2244 340 65 inc. [ ᶜ1 929]
512 2323 964 48 400 p. incl. illus., maps, tables. 30 ᶜᵐ.
514 2380 147 39 “This
688 2380 183 40 edition
900 2380 42 38 is
968 2379 191 40 limited
1189 2381 48 38 to
1264 2378 116 40 2000
1407 2379 160 48 copies
1593 2379 51 40 of
1674 2380 155 39 which
1860 2380 99 40 this
1986 2380 42 39 is
2057 2392 73 27 no.
2159 2381 127 40 143.”

513 2437 160 40 Blank
699 2446 147 39 pages
873 2436 80 39 for
983 2434 168 42 “Sales
1181 2435 272 45 manager’s
1482 2435 167 40 notes”
1681 2436 344 48 interspersed.

515 2493 235 40 “Sources
780 2492 52 41 of
860 2492 351 41 information”
1231 2503 9 29 :
1272 2504 44 36 p.
1346 2492 40 41 6.

453 2546 51 52 ©
535 2551 129 47 Sept.
692 2550 39 46 6,
760 2549 142 46 1929;
932 2549 68 41 2c.
1030 2550 96 39 and
1154 2548 83 41 aff.
1269 2549 128 47 Sept.
1426 2549 54 39 13;
1540 2549 40 38 A
1610 2548 172 42 13349;
1816 2549 207 40 General
2054 2552 204 38 outdoor
520 2553 1919 100 advertising
698 2618 81 34 co.,
809 2606 90 40 inc.

967 2605 282 47 (29-19012)

449 2687 265 62 Straton,
744 2686 156 53 John
931 2686 220 62 Roach,
1185 2687 173 53 1875-

521 2766 286 68 Fighting
838 2766 95 52 the
967 2764 153 55 devil
1152 2766 59 51 in
1246 2765 235 52 modern
1514 2765 282 68 Babylon,
1829 2766 75 68 by
1936 2766 103 53 Dr.
2073 2766 156 53 John
2261 2766 193 52 Roach

454 2842 1667 70 Straton … Boston, The Stratford company [ ᶜ1 929]
513 2923 877 50 1 p. l., xiii, 287 p. front. 20 ᶜᵐ .
793 2980 101 39 CONTENTS.—A
929 2980 200 39 modern
1164 2979 400 46 Babylon.—The
1598 2978 122 49 fight
1754 2991 59 28 on
1848 2980 82 39 the
1963 2980 151 39 dance
2148 2980 52 40 of
2233 2982 218 39 death.—

444 3038 101 39 The
582 3037 121 47 fight
743 3048 59 28 on
843 3036 82 40 the
964 3035 183 40 movies
1187 3035 96 40 and
1323 3036 83 39 the
1443 3036 198 38 modern
1683 3036 398 40 theaters.—Our
2122 3038 189 46 relapse
2352 3038 102 40 into

443 3092 253 49 paganism
727 3092 212 47 through
971 3092 83 39 the
1085 3091 132 48 prize
1246 3091 301 45 fight.—The
1577 3091 122 47 fight
1731 3103 60 28 on
1823 3092 231 47 religious
2085 3093 370 39 modernism.—

443 3150 101 39 The
571 3150 155 39 battle
754 3159 114 29 over
897 3148 211 40 atheism
1137 3148 95 39 and
1264 3148 231 46 anarchy.

453 3202 1982 108 © Sept. 5, 1929; 2c. Sept. 7 ; aff. Sept. 11; A 12291; Stratford co., publishers. (29-18910)
447 3343 277 63 Thomas,
756 3343 275 63 Dorothy
1061 3342 250 55 Swaine.

524 3422 165 55 Some
718 3441 123 34 new
867 3422 329 66 techniques
1226 3421 94 53 for
1347 3421 277 68 studying
1651 3421 173 53 social
1852 3422 291 59 behavior,
2169 3422 76 67 by
448 3421 1982 149 Dorothy

450 3497 1977 135 Swaine Thomas … and associates. New York city Teachers
570 3579 229 69 college,
832 3578 297 55 Columbia
1167 3578 337 66 university,
1539 3580 150 51 1929.

443 3656 1991 107 x, 203 p. illus.. diagrs. 24 ᶜᵐ. (Half-title: Child development monographs. Monograph no. 1)
515 3771 245 47 Prepared
792 3771 61 46 by
886 3769 227 41 research
1147 3770 214 39 workers
1396 3773 51 35 at
1481 3771 81 38 the
1596 3769 144 41 Child
1773 3770 334 47 development
2140 3769 228 40 institute
2402 3770 51 39 of
444 3826 241 40 Teachers
715 3827 193 44 college,

940 3825 252 41 Columbia
1225 3825 287 46 university,
1571 3826 60 44 cf.
1665 3825 274 41 Foreword.

454 3878 51 52 ©
536 3883 120 45 Aug.
687 3883 69 40 14,
786 3882 118 40 1929;
961 3883 68 39 2c.
1064 3882 128 48 Sept.
1224 3882 25 40 5;
1311 3880 82 42 aff.
1429 3882 127 47 Sept..
1587 3882 56 39 10;
1706 3882 40 38 A
1778 3882 143 40 13280;
1984 3883 240 38 Teachers
2257 3882 192 46 college,

521 3938 252 41 Columbia
799 3939 131 41 univ.
996 3939 279 48 (29-19073)
