2547 4384
1400 3970 135 52 1300

446 320 215 64 Dakin,
691 319 208 54 Edwin
931 320 292 54 Franden.

519 399 139 53 Mrs.
702 399 192 68 Eddy,
934 399 96 52 the
1071 399 325 69 biography
1438 399 63 53 of
1542 417 31 34 a
1616 398 252 69 virginal
1908 397 179 68 mind,
2125 397 77 69 by
2244 395 210 54 Edwin

449 473 2007 71 Franden Dakin … New York, London, C. Scribner’s sons,
451 559 150 51 1929.

550 634 999 50 x p., 2 l., 3-553 p. front. (port.) 24 ᶜᵐ.
451 689 53 52 ©
529 694 120 46 Aug.
677 693 69 46 16,
774 690 141 49 1929;
944 692 67 40 2c.
1043 692 128 48 Sept.
1199 692 81 42 13;
1311 692 83 40 aff.
1426 691 128 48 Sept.
1582 691 82 47 11;
1695 691 41 39 A
1762 691 171 46 13298;
1965 692 53 38 E.
2048 691 51 40 F.
2129 689 177 46 Dakin,
2337 691 117 38 New

518 749 146 41 York.

449 843 205 64 Dame,
684 843 236 53 Arthur
951 844 178 60 Kent,
1197 848 138 49 1860-
1552 845 83 54 ed.

522 924 53 50 A
606 924 186 67 digest
824 922 64 54 of
915 924 95 52 the
1042 923 279 53 decisions
1351 924 63 51 of
1443 924 95 51 the
1572 922 275 68 Supreme
1879 929 161 46 court
2069 922 66 53 of
2162 920 296 56 Nebraska

453 1001 152 52 from
638 1005 134 48 1855
804 1007 58 46 to
893 1001 143 70 July
1071 1004 81 64 10,
1186 1003 152 67 1928,
1368 1002 266 66 reported
1665 1003 60 51 in
1758 1000 294 53 Nebraska
2084 1004 224 64 reports
451 998 1983 133 volumes

633 1082 188 64 1-116,
848 1099 31 33 a
903 1085 134 62 part
1062 1080 63 52 of
1151 1079 99 54 117
1276 1082 113 51 and
1415 1076 370 54 “Unofficial”
1811 1082 224 65 reports
2061 1077 253 54 volumes
2342 1082 118 65 1-5,

452 1159 113 51 and
596 1158 59 51 in
686 1158 97 52 the
811 1158 432 52 Northwestern
1276 1163 258 62 reporter
1564 1157 252 53 volumes
1850 1159 185 50 1-220.
2112 1158 92 67 By
2234 1155 226 53 Arthur

452 1233 1984 134 K. Dame … and Ralph S. Moseley … v. 4. Licenses to Railroad
633 1314 441 53 commissioner.
1154 1312 81 57 St.
1277 1312 194 70 Louis,
1508 1313 136 66 Mo.,
1685 1314 250 53 Thomas
1975 1314 111 52 law
2125 1311 150 55 book
452 1329 1984 133 company,
657 1395 149 50 1929.

522 1472 655 49 1 p. l., 3017-4002 p. 26 ᶜᵐ.
454 1525 55 52 ©
538 1529 128 48 Sept.
696 1528 42 48 9,
765 1528 142 47 1929;
938 1530 67 39 2c.
1036 1528 129 49 Sept.
1195 1529 81 47 12;
1308 1528 83 41 aff.
1423 1529 129 48 Sept.
1582 1529 83 47 13;
1696 1529 41 39 A
1764 1528 145 41 13426;
1967 1528 211 41 Thomas
2209 1528 97 40 law
2335 1528 122 40 book

521 1596 69 30 co.

454 1665 86 53 De
568 1666 85 52 La
680 1665 218 64 Roche,
926 1667 188 63 Mazo,
1145 1671 172 50 1885-

522 1745 339 54 Whiteoaks
898 1745 63 54 of
996 1745 193 68 Jalna,
1220 1747 76 67 by
1331 1746 168 53 Mazo
1534 1746 87 52 De
1655 1746 83 53 La
1775 1745 207 52 Roche.
2057 1744 250 53 Limited
453 1745 1984 132 edition.

669 1825 236 67 Boston,
933 1822 197 71 Little,
1156 1825 232 68 Brown,
1416 1826 113 51 and
1556 1842 300 51 company,
1888 1827 149 50 1929.

524 1905 927 49 6 p. l. , [3]-423 p geneal. tab. 22 ᶜᵐ.
525 1962 186 39 “Three
735 1961 222 40 hundred
982 1962 96 39 and
1104 1961 246 48 sixty-five
1375 1961 159 48 copies
1562 1962 50 40 of
1639 1961 98 41 this
1763 1961 190 41 limited
1980 1961 183 42 edition
2190 1962 126 40 have
2340 1962 121 41 been

452 2018 194 47 printed
677 2018 97 39 and
805 2027 83 30 are
918 2018 248 40 inscribed
1192 2018 62 48 by
1285 2017 81 41 the
1396 2018 179 40 author
1664 2017 23 17 …”

457 2069 52 52 ©
540 2074 128 48 Sept.
695 2074 41 47 6,
763 2073 117 40 1929;
932 2074 68 41 2c.
1028 2075 95 39 and
1152 2074 82 41 aff.
1265 2074 128 49 Sept.
1420 2074 55 41 13;
1533 2075 42 38 A
1601 2074 142 41 13311;
1802 2074 165 48 Little,
1997 2075 193 47 Brown,
2218 2074 38 41 &
2283 2084 69 31 co.

455 2183 290 64 Drucker,
776 2182 153 55 Carl.

527 2262 345 68 Messungen
926 2262 593 53 elektromotorischer
1572 2261 194 54 kräfte
1820 2261 400 71 galvanischer
2271 2262 194 53 ketten

454 2340 108 55 mit
599 2341 343 69 wässerigen
978 2339 393 71 elektrotyten.
1448 2343 46 52 2.
1536 2340 504 71 ergänzungsheft.
2116 2340 350 56 Gesammelt

455 2421 119 51 und
601 2420 314 53 bearbeitet
943 2419 80 53 im
1053 2419 270 69 auftrage
1351 2421 101 52 der
1478 2420 325 53 Deutschen
1836 2419 630 70 Bunsen-gesellschaft

457 2516 111 34 von
598 2497 136 55 Carl
761 2497 277 53 Drucker.
1115 2497 218 58 Berlin,
1359 2497 217 70 Verlag
1604 2497 249 70 Chemie,
1880 2517 52 50 g.
1960 2518 72 34 m.
2058 2500 52 52 b.
2138 2499 76 69 h.,
2243 2501 150 50 1929.

457 2578 1983 97 viii, 234 p. pl. 24 ½ ᶜᵐ. (Abhandlungen der Deutschen Bunsengeselischaft
648 2634 87 40 für
764 2636 321 46 angewandte
1113 2635 364 48 physikalische
1535 2635 171 41 chemie,
1764 2647 72 30 nr.
1869 2635 80 49 10)

459 2687 2002 54 © May 13, 1929; 1c. July 3; A —Foreign 3940; Verlag Chemie, g. m.
527 2747 44 41 b.
596 2747 47 41 h.

459 2828 322 64 Edington,
811 2828 185 53 Helen
1026 2829 250 55 Marion.

532 2906 127 56 Call
692 2908 103 52 her
829 2907 240 70 Fannie,
1101 2909 75 69 by
1207 2909 138 68 May
1381 2908 315 70 Edington.
1779 2909 364 67 [Instalment
2179 2914 47 63 1]

562 2989 61 38 (In
650 2985 212 43 Woman
894 2985 95 44 and
1021 2985 144 44 home
1198 2986 278 52 magazine,
1507 2986 147 53 Aug.,
1688 2987 145 50 1929)

461 3040 2001 55 © 1c. Sept. 16, 1929; A ad int. 13044; pubd. July 20; Helen Marion
530 3100 246 48 Edington
805 3101 158 48 Baily,
992 3102 29 39 i.
1052 3112 37 30 e.
1119 3102 117 40 Mrs.
1266 3101 52 41 F.
1348 3103 52 39 E.
1431 3102 158 49 Baily,
1620 3103 213 41 London.

463 3179 164 65 Ellis,
655 3183 140 53 Mrs.
826 3181 190 64 Anne,
1049 3182 172 54 1875-

532 3259 122 54 The
683 3260 107 53 life
820 3260 64 54 of
913 3280 73 34 an
1017 3261 276 70 ordinary
1325 3280 239 45 woman,
1593 3264 76 67 by
1699 3263 166 53 Anne
1897 3263 176 65 Ellis;
2106 3263 141 53 with
2279 3280 72 34 an
461 3264 1982 127 introduction

830 3339 76 67 by
945 3339 160 70 Lucy
1143 3339 168 53 Fitch
1355 3340 260 53 Perkins.
1692 3343 214 51 Boston
1949 3343 110 52 and
2104 3341 140 52 New
2288 3339 180 69 York,

461 3414 321 70 Houghton
811 3414 205 55 Mifflin
1046 3436 300 50 company,
1379 3421 148 51 1929.

527 3495 83 47 xii,
642 3497 72 48 [1].
741 3495 100 45 300,
872 3497 55 49 [1]
956 3507 44 37 p.
1052 3497 165 47 front.,
1245 3499 173 46 plates,
1446 3499 150 48 ports.
1650 3498 57 41 21½ᶜᵐ.

463 3547 53 52 ©
543 3551 121 49 Aug.
692 3553 71 46 23,
792 3552 141 48 1929;
964 3554 67 39 2c.
1061 3554 96 39 and
1186 3553 81 41 aff.
1296 3554 120 48 Aug.
1446 3554 83 47 26;
1560 3555 41 39 A
1630 3555 170 47 12001;
1832 3556 57 40 A.
1918 3555 137 49 Ellis,
2086 3557 246 46 Bonanza,
2363 3556 99 41 Col.

541 3607 282 50 (29-18110)

465 3685 198 65 Elson,
690 3687 209 64 Henry
923 3688 276 66 William,
1228 3692 173 54 1857-

526 3762 1876 76 United States, its past and present, by Henry W. Elson …
457 3840 1984 80 New York, Cincinnati [etc.] American book company [ ᶜ1 929]
