2533 4342
1320 3960 135 50 1690

373 315 263 64 Bartley,
664 317 138 54 Mrs.
830 315 224 53 Nalbro
1080 315 304 63 Isadorah,
1416 319 169 49 1888-

444 392 123 52 The
605 391 329 69 godfather,
975 391 75 69 by
1089 392 215 52 Nalbro
1349 392 251 67 Bartley.
1680 392 137 51 New
1862 391 177 63 York,
2081 392 214 50 Farrar
2336 393 46 49 &

377 469 942 68 Rinehart incorporated [ ᶜ1 929]
443 552 599 48 4 p. l., 3-386 p. 20 ᶜᵐ .
384 619 51 51 ©
464 623 102 41 Oct.
653 656 8 10 28,
687 623 114 41 1929;
855 625 68 39 2c.
950 624 104 40 Oct.
1079 623 55 40 31;
1191 622 82 42 aff.
1301 622 104 41 Oct.
1431 622 57 40 29;
1541 623 41 39 A
1608 623 144 39 15377;
1809 623 182 39 Nalbro
2018 623 216 46 Bartley.

448 623 1916 97 Buffalo.
633 679 282 51 (29-22691)

375 774 176 62 Beck,
578 777 139 53 Mrs.
744 773 132 65 Lily
910 773 339 64 (Moresby)
1285 774 244 53 Adams.

451 852 123 52 The
597 852 218 69 garden
841 850 64 53 of
929 851 205 67 vision,
1160 869 31 34 a
1218 856 157 62 story
1401 850 65 53 of
1491 850 224 70 growth
1749 849 110 71 [by]
1891 851 64 53 L.
1984 851 218 53 Adams
2230 850 154 54 Beck

392 928 95 68 (E.
520 928 383 70 Barrington)
979 928 140 52 New
1149 927 181 67 York,
1361 926 429 70 Cosmopolitan
1821 927 149 54 book
2000 928 385 68 corporation,

385 1009 149 50 1929.

450 1086 628 51 v p., 1 l., 421 p. 19½ᶜᵐ.
452 1159 163 40 “First
645 1157 226 42 edition.”

386 1226 51 51 ©
467 1230 102 40 Oct.
596 1229 55 40 26,
752 1228 55 40 1929;
864 1229 67 40 2c.
960 1229 96 39 and
1085 1228 83 40 aff.
1197 1228 103 40 Oct.
1327 1227 58 39 28;
1442 1228 41 39 A
1510 1227 171 48 14455;
1714 1226 362 49 Cosmopolitan
2104 1228 123 40 book
2256 1239 128 37 corp.

463 1284 281 48 (29-22425)

379 1378 319 64 Bercovici,
726 1380 261 63 Konrad,
1020 1384 164 50 1882-

449 1458 121 52 The
611 1459 281 54 crusades,
934 1458 75 68 by
1055 1458 241 52 Konrad
1340 1457 313 54 Bercovici.
1746 1458 139 52 New
1932 1457 178 56 York.

379 1458 1982 144 Cosmopolitan
627 1535 149 53 book
803 1535 385 68 corporation,
1220 1538 151 51 1929.

449 1615 1126 50 6 p. l., 3-314. [2] p. front., plates. 25 ᶜᵐ .
450 1688 288 39 Illustrated
768 1687 364 48 lining-papers.

451 1745 128 39 “The
608 1743 317 48 frontispiece
957 1744 96 39 and
1083 1743 140 40 other
1252 1743 330 40 illustrations
1613 1754 84 29 are
1726 1744 127 39 from
1885 1744 82 40 the
1997 1744 202 47 Bayeux
380 1746 1988 102 tapestry.”

449 1857 350 48 Bibliography
817 1867 10 29 :
858 1857 55 49 [1]
945 1867 42 37 p.
1019 1857 53 40 at
1097 1856 108 40 end.

387 1924 52 53 ©
469 1928 100 41 Oct.
598 1928 69 47 26,
695 1927 142 47 1929;
864 1926 69 42 2c.
961 1928 98 39 and
1087 1926 82 41 aff.
1199 1927 103 40 Oct.
1328 1926 84 46 28;
1440 1926 44 39 A
1511 1926 172 46 14459;
1712 1926 60 40 K.
1801 1927 264 48 Bercovici,
2094 1928 118 40 New
2240 1927 148 40 York.

464 1984 281 50 (29-22811)

381 2078 317 63 Berkman,
727 2077 357 54 Alexander.

450 2156 145 51 Now
636 2156 111 52 and
791 2154 182 64 after;
1018 2155 95 53 the
1156 2154 54 52 A
1253 2156 49 51 B
1347 2153 47 56 C
1436 2153 64 54 of
1541 2154 341 54 communist
1926 2156 341 56 anarchism,
2308 2156 79 70 by

379 2234 330 53 Alexander
747 2233 308 52 Berkman.
1129 2231 140 54 New
1308 2232 180 67 York,
1527 2233 123 53 The
1689 2233 320 69 Vanguard
2049 2252 176 50 press,
2264 2235 123 53 The

379 2311 218 54 Jewish
626 2311 291 53 anarchist
948 2310 325 53 federation
1329 2313 152 64 [1929]

453 2391 848 50 1 p. l., v-xx. 300 p., 1 l. 19½ ᶜᵐ .
454 2462 263 41 Published
753 2464 104 39 also
891 2462 49 40 in
975 2461 116 42 1929
1126 2462 155 40 under
1314 2461 136 42 title:
1486 2462 150 41 What
1672 2462 43 41 is
1750 2462 292 41 communist
2078 2462 312 43 anarchism?

454 2519 172 42 “Some
652 2520 161 40 works
842 2531 59 29 on
931 2518 309 41 anarchism”
1259 2529 10 30 :
1300 2529 42 38 p.
1373 2517 220 43 299-300.

390 2588 1998 53 © Sept. 10, 1929; 2c. Oct. 19; aff. Oct. 18; A 15127; Vanguard press,
457 2648 91 41 inc.
617 2647 281 50 (29-22523)

382 2742 336 65 Bernstein,
746 2744 142 55 Eve.

456 2820 152 55 Gold
656 2821 231 69 diggers
934 2820 66 54 of
1045 2822 344 69 Broadway,
1436 2822 293 53 novelized
1776 2821 77 70 by
1898 2822 122 53 Eve
2067 2821 322 64 Bernstein,

386 2897 171 54 based
585 2917 72 34 on
685 2898 193 53 David
908 2898 284 54 Belasco’s
1220 2900 137 67 play
1383 2899 78 68 by
1487 2899 200 68 Avery
1711 2899 324 68 Hopwood,
2063 2898 325 53 illustrated

388 2975 140 52 with
562 2993 187 35 scenes
784 2975 153 53 from
971 2976 98 53 the
1103 2976 319 69 photoplay
1455 2976 90 53 “A
1577 2976 247 55 Warner
1857 2975 167 54 bros.’
2059 2973 332 70 Vitaphone

389 3052 1699 69 picture” … New York, Efrus & Bennett, inc. [ ᶜ1 929]
456 3133 886 51 5 p. l., 205, [1] p. plates. 19½ ᶜᵐ .
391 3198 51 51 ©
472 3203 102 40 Oct.
602 3204 38 46 5,
667 3203 114 41 1929;
837 3204 67 42 2c.
933 3205 103 40 Oct.
1063 3204 56 40 25;
1177 3204 82 42 aff.
1288 3205 103 40 Oct.
1417 3205 58 40 19;
1531 3206 40 38 A
1598 3203 148 41 14400;
1801 3204 151 40 Efrus
1979 3204 37 40 &
2045 3204 223 43 Bennett,
2298 3203 91 39 inc.

467 3259 281 50 (29-22417)

382 3353 232 64 Brown,
642 3356 140 52 Mrs.
812 3354 247 53 Harriet
1095 3355 294 64 (Connor)
1425 3358 172 52 1872-

458 3429 429 55 Grandmother
926 3432 259 54 Brown’s
1225 3433 264 53 hundred
1529 3451 183 50 years,
1754 3432 329 66 1827-1927,
2122 3430 75 70 by
389 3430 1976 130 Harriet

530 3505 1861 72 Connor Brown … Boston, Little, Brown, and company,
391 3586 147 51 1929.

527 3697 8 16 xx,
564 3666 87 40 369
677 3677 43 36 p.
775 3666 165 48 front.,
968 3667 145 48 illus.,
1143 3669 150 47 ports.
1349 3668 118 40 23ᶜᵐ.

459 3735 101 39 “An
592 3735 103 47 epic
725 3735 52 40 of
806 3737 258 40 American
1095 3737 90 41 life
1212 3737 50 41 in
1295 3737 81 41 the
1406 3738 137 46 early
1574 3738 98 39 and
1703 3739 128 38 later
1861 3738 120 46 days
2014 3735 52 41 of
2096 3734 81 42 the
2209 3734 182 41 middle

392 3790 508 42 West.”—Foreword.

391 3842 51 52 ©
474 3847 102 41 Oct.
606 3847 67 40 28,
705 3847 114 40 1929;
878 3849 66 39 2c.
976 3850 96 39 and
1102 3849 82 42 aff.
1216 3850 101 40 Oct.
1348 3849 57 39 30;
1463 3850 40 38 A
1532 3849 144 41 14501;
1739 3849 62 44 H,
1833 3849 49 42 C.
1914 3849 191 45 Brown,
458 3845 1916 98 Washington.
628 3903 280 53 (29-22546)
