2542 4389
1100 4026 135 51 1039

217 449 541 50 85, [1] p. illus. 23 ᶜᵐ.
219 507 264 40 Published
514 506 114 41 1926
662 507 153 39 under
847 506 109 40 title:
1019 505 182 40 Hiett’s
1232 505 199 39 manual
1463 515 61 29 on
1557 503 171 41 stencil
1761 513 166 30 screen
1960 513 193 38 process

149 565 147 40 work.

221 622 215 39 “Fourth
469 622 94 38 and
596 620 189 40 revised
818 619 227 41 edition.”

154 675 51 52 ©
236 680 127 41 June
389 678 68 48 10,
487 678 140 47 1929;
657 678 68 40 2c.
755 679 95 38 and
880 677 82 41 aff.
992 678 128 39 June
1145 675 84 48 27;
1261 676 41 39 A
1331 675 141 47 8968;
1505 676 61 40 H.
1595 676 50 40 L.
1675 675 155 47 Hiett,
1862 674 202 43 Canton,
2097 674 52 40 O.

232 734 282 52 (29-14646)

151 816 199 63 Howe,
384 815 245 64 George,
667 816 171 53 1876-

217 894 55 51 A
307 892 307 53 handbook
650 891 68 53 of
751 892 257 52 classical
1045 891 355 69 mythology,
1438 890 75 70 by
1553 889 222 70 George
1814 890 183 53 Howe
2039 890 111 52 and

148 967 1739 69 G. A. Harrer … New York, F. S. Crofts & co., 1929.
216 1052 81 47 vii,
331 1052 86 40 301
453 1063 43 37 p.
556 1051 56 40 19½ᶜᵐ.

218 1107 235 42 Contains
487 1107 352 41 “Literature”.

155 1162 51 52 ©
237 1167 127 39 June
391 1165 69 47 26,
490 1164 139 42 1929;
662 1165 66 40 2c.
758 1165 116 47 July
902 1165 26 38 2;
988 1164 82 40 aff.
1100 1165 129 39 June
1256 1164 82 42 29;
1372 1163 39 39 A
1441 1163 171 43 10046;
1645 1164 51 41 F.
1730 1163 44 41 S.
1807 1162 167 42 Crofts
2002 1163 37 40 &
2068 1174 83 37 co.,

222 1222 94 44 inc.
381 1221 282 51 (29-14609)

155 1288 200 53 Idaho.
429 1290 278 66 Supreme
740 1295 174 48 court.

226 1366 1931 69 Reports of cases argued and determined … By Clay
155 1444 207 54 Koelsch
442 1443 298 71 (ex-officio
767 1445 286 68 reporter)
1128 1464 50 34 v.
1207 1448 82 50 46.
1356 1442 117 57 San
1500 1445 323 68 Francisco,
1851 1443 306 55 Bancroft-

153 1523 277 69 Whitney
459 1541 297 51 company,
790 1526 149 49 1929.

220 1603 379 49 xl, 898 p. 23 ᶜᵐ.
159 1656 51 52 ©
244 1661 116 47 July
388 1661 70 48 24,
490 1660 116 40 1929;
662 1661 69 40 2c.
762 1661 116 47 July
909 1661 82 46 31;
1026 1660 82 41 aff.
1141 1661 117 47 July
1287 1660 82 48 29;
1404 1661 42 39 A
1476 1660 170 48 10464;
1684 1661 119 48 Clay
1836 1661 210 41 Koelsch
2078 1662 79 41 for

228 1717 82 41 the
334 1716 176 41 benefit
536 1717 51 40 of
613 1717 82 41 the
720 1720 130 38 state
875 1717 51 41 of
951 1717 168 48 Idaho,
1147 1717 157 49 Boise,
1334 1719 71 39 Id.

154 1782 224 64 Johow,
412 1783 185 53 Hans.

151 1861 1985 132 … Hilfsbuch für den schiffbau. 5. aufl. neu bearb. in gemeinschaft
543 1940 106 53 mit
697 1941 565 52 obermarinebaurat
1310 1942 69 53 A.
1433 1941 444 68 Blechschmidt,
1929 1943 231 69 dr.-ing.

154 2018 2005 70 C. Commentz [u. a.] … von dr.-ing. E. Foerster … mit 688
153 2096 2005 71 textabbildungen und 56 tafeln … Berlin, J. Springer, 1928.
225 2178 26 39 2
285 2190 42 29 v.
389 2178 142 47 illus.,
564 2179 119 40 fold,
720 2180 172 47 plates,
928 2179 118 41 fold,
1083 2179 154 48 plans,
1274 2178 180 49 diagrs.
1483 2178 136 50 (part
1653 2179 144 48 fold.)
1842 2180 155 40 tables
2027 2180 136 49 (part

153 2235 266 49 fold.) 21 ᶜᵐ.
225 2294 63 40 At
314 2294 123 39 head
463 2293 54 41 of
543 2293 108 41 title:
707 2293 435 41 Johow-Foerster.

227 2351 329 41 “Gesetzliche
589 2350 387 49 bestimmungen
1010 2352 99 39 und
1143 2352 181 40 andere
1357 2350 360 42 Vorschriften”:
1780 2362 44 31 v.
1859 2351 41 49 1,
1935 2363 43 38 p.
2016 2351 149 51 [941]-

154 2407 98 42 963.

227 2465 262 41 “Auswahl
525 2465 253 46 wichtiger
838 2465 479 41 schiffbauliteratur”;
1385 2477 41 30 v.
1464 2466 39 48 1,
1541 2476 43 38 p.
1623 2466 248 50 [964]-978.

161 2520 1997 52 © Dec. 7, 1928; 1c. each Mar. 13, 1929; A— Foreign 2358; Julius
232 2579 243 50 Springer.
541 2579 279 50 (29-14514)

159 2646 232 64 Kaiser,
426 2646 207 52 Edwin
670 2646 66 55 G.

228 2724 124 56 Our
383 2724 271 68 spiritual
684 2724 212 54 service
925 2730 58 47 to
1015 2726 96 52 the
1141 2724 120 54 sick
1292 2726 112 52 and
1436 2725 207 69 dying;
1679 2744 31 34 a
1743 2725 172 71 guide
1947 2733 58 46 to
158 2745 1980 125 prepare

331 2804 96 51 the
466 2802 119 54 sick
624 2803 113 53 and
776 2803 182 70 dying
997 2801 93 54 for
1129 2805 95 51 the
1264 2803 289 68 reception
1592 2804 63 52 of
1694 2806 96 51 the
1829 2805 111 52 last
157 2823 1979 123 sacraments,

394 2880 333 71 containing
765 2883 97 51 the
898 2881 340 53 ceremonies
1275 2881 65 54 of
1376 2882 96 52 the
1512 2883 211 51 church
1760 2882 308 69 according
2104 2887 59 48 to

157 2961 96 51 the
295 2959 265 53 “Rituale
601 2960 358 52 Romanum”
1014 2960 122 68 (the
1176 2959 149 53 book
1364 2960 138 52 used
1545 2960 76 70 by
1661 2961 97 51 the
1800 2959 235 70 priest),
157 2964 1981 142 together

159 3037 1978 148 with other useful blessings and prayers. By Rev. Edwin G. Kaiser … with pictures and diagrams
1754 3116 154 52 after
1952 3116 212 67 special

159 3193 290 70 drawings
482 3193 60 53 in
573 3194 341 53 accordance
949 3194 141 52 with
1121 3193 96 54 the
1250 3193 339 53 ceremonial
1622 3195 112 52 and
1766 3212 173 50 usage
1971 3193 65 53 of
2067 3195 97 51 the

159 3271 2005 70 church … New York, Cincinnati, etc., Benziger brothers,
162 3354 149 50 1929.

231 3432 88 41 128
345 3444 43 37 p.
418 3432 110 41 incl.
557 3431 164 48 front.,
753 3431 129 41 illus.
942 3431 57 41 12½ᶜᵐ.

233 3490 72 39 An
332 3489 287 49 adaptation
647 3489 52 40 of
728 3488 78 42 Sei
833 3490 137 46 engel
997 3499 78 29 am
1102 3488 340 47 krankenbett,
1470 3489 62 47 by
1559 3488 126 40 Emil
1712 3488 181 41 Kofler,
1954 3488 61 49 cf.
2034 3487 131 43 Pref.

169 3544 51 52 ©
249 3547 114 48 Apr.
392 3547 39 46 9,
462 3546 113 40 1929;
631 3547 68 41 2c.
730 3547 111 47 Apr.
872 3547 56 39 27;
987 3546 82 40 aff.
1100 3547 116 46 July
1245 3547 24 38 1;
1332 3546 40 39 A
1401 3546 117 40 9996;
1576 3545 235 48 Benziger
1841 3546 125 40 bros.

246 3603 282 51 (29-14653)

167 3669 249 64 Kantor,
450 3669 153 53 John
636 3669 288 63 Leonard,
960 3675 170 49 1890-

239 3749 122 53 The
406 3754 306 48 treatment
759 3748 65 54 of
869 3749 96 53 the
1015 3767 255 34 common
1321 3749 288 53 disorders
1655 3749 66 53 of
1768 3747 314 70 digestion;
2134 3767 33 34 a

168 3825 1937 71 handbook for physicians and students, by John L. Kantor …
171 3905 1704 70 2d ed. … St. Louis, The C. Y. Mosby company, 1929.
