<alto xmlns="http://www.loc.gov/standards/alto/ns-v3#" xmlns:xlink="http://www.w3.org/1999/xlink" xmlns:xsi="http://www.w3.org/2001/XMLSchema-instance" xsi:schemaLocation="http://www.loc.gov/standards/alto/ns-v3# http://www.loc.gov/alto/v3/alto-3-0.xsd"><Description>
<MeasurementUnit>pixel</MeasurementUnit>
<sourceImageInformation>
<fileName>1929_v26_part001.pdf</fileName>
</sourceImageInformation>
<OCRProcessing ID="IdOcr">
<ocrProcessingStep>
<processingDateTime>2019-04-18</processingDateTime>
<processingSoftware>
<softwareCreator>ABBYY</softwareCreator>
<softwareName>ABBYY Recognition Server</softwareName>
<softwareVersion>4.0</softwareVersion>
</processingSoftware>
</ocrProcessingStep>
</OCRProcessing>
</Description>
<Styles>
<ParagraphStyle ID="StyleId-FFFFFFFF-FFFF-FFFF-FFFF-FFFFFFFFFFFF-" ALIGN="Left" LEFT="0." RIGHT="0." FIRSTLINE="0."/>
<ParagraphStyle ID="StyleId-11A520CB-49B0-4D42-A675-089886D5B704-" ALIGN="Center" LEFT="0." RIGHT="0." FIRSTLINE="0." LINESPACE="7.699999809"/>
<ParagraphStyle ID="StyleId-2AEC4724-E584-48A1-8E6D-86B1AA154223-" ALIGN="Left" LEFT="0." RIGHT="0." FIRSTLINE="0." LINESPACE="12.19999981"/>
<ParagraphStyle ID="StyleId-5ADCDE1D-F34B-405C-A765-E9B51F6229BD-" ALIGN="Left" LEFT="0." RIGHT="0." FIRSTLINE="-13." LINESPACE="8.050000191"/>
<ParagraphStyle ID="StyleId-D0AEFB96-F81D-4367-8545-C0AC945FA34C-" ALIGN="Block" LEFT="0." RIGHT="0." FIRSTLINE="-13." LINESPACE="8.899999619"/>
<ParagraphStyle ID="StyleId-9A3BB592-4BA4-4F85-B157-B9A7F1FC9680-" ALIGN="Left" LEFT="0." RIGHT="0." FIRSTLINE="0."/>
<ParagraphStyle ID="StyleId-E9D6144A-CFDC-4919-911D-02B0461DB967-" ALIGN="Left" LEFT="0." RIGHT="0." FIRSTLINE="-13." LINESPACE="23.43000031"/>
<ParagraphStyle ID="StyleId-EEECFC68-AAC5-42B1-B3BF-987799B5B74A-" ALIGN="Block" LEFT="0." RIGHT="0." FIRSTLINE="0." LINESPACE="23.43000031"/>
<ParagraphStyle ID="StyleId-98D20B11-A9BB-4FAB-8DC8-DC8C43F3755E-" ALIGN="Left" LEFT="0." RIGHT="0." FIRSTLINE="0." LINESPACE="10.5"/>
<ParagraphStyle ID="StyleId-C279DBAD-2656-4352-93E6-C942618B09B1-" ALIGN="Block" LEFT="0." RIGHT="0." FIRSTLINE="-13." LINESPACE="8.770000458"/>
<ParagraphStyle ID="StyleId-A539B2D0-654F-45BA-9385-D7E681D9BD87-" ALIGN="Block" LEFT="0." RIGHT="0." FIRSTLINE="0." LINESPACE="8.18999958"/>
<ParagraphStyle ID="StyleId-CFE66565-54F2-45CF-9511-65151219B0BC-" ALIGN="Left" LEFT="0." RIGHT="0." FIRSTLINE="-12." LINESPACE="12.19999981"/>
<ParagraphStyle ID="StyleId-37B60A95-D7B9-4720-9D46-F2E763AAD699-" ALIGN="Block" LEFT="0." RIGHT="0." FIRSTLINE="0." LINESPACE="12.19999981"/>
<ParagraphStyle ID="StyleId-255154CA-71AA-47B9-A5EB-ED90642010CE-" ALIGN="Block" LEFT="0." RIGHT="0." FIRSTLINE="13." LINESPACE="7.900000095"/>
<ParagraphStyle ID="StyleId-4618FB06-20CA-4F95-9CA2-829603EE887D-" ALIGN="Block" LEFT="0." RIGHT="0." FIRSTLINE="0." LINESPACE="10."/>
<ParagraphStyle ID="StyleId-61F9B98E-BA82-4DCF-809A-0C5481162321-" ALIGN="Left" LEFT="0." RIGHT="0." FIRSTLINE="-13." LINESPACE="8.479999542"/>
<ParagraphStyle ID="StyleId-16A4FB0C-4CB7-44C8-846E-AF89DD76FC73-" ALIGN="Left" LEFT="0." RIGHT="0." FIRSTLINE="0." LINESPACE="11.10000038"/>
<ParagraphStyle ID="StyleId-8CC01B24-9D1D-45D5-B954-83ECA9EA3425-" ALIGN="Left" LEFT="0." RIGHT="0." FIRSTLINE="-13." LINESPACE="8.050000191"/>
<ParagraphStyle ID="StyleId-3DB8CD3F-AD17-4DD7-8361-787A6A426C72-" ALIGN="Block" LEFT="0." RIGHT="0." FIRSTLINE="13." LINESPACE="7.900000095"/>
</Styles>
<Layout>
<Page ID="Page1391" PHYSICAL_IMG_NR="1391" HEIGHT="4389" WIDTH="2542">
<TopMargin HEIGHT="347" WIDTH="2542" VPOS="0" HPOS="0">
</TopMargin>
<LeftMargin HEIGHT="3750" WIDTH="59" VPOS="347" HPOS="0">
</LeftMargin>
<RightMargin HEIGHT="3750" WIDTH="439" VPOS="347" HPOS="2103">
</RightMargin>
<BottomMargin HEIGHT="292" WIDTH="2542" VPOS="4097" HPOS="0">
</BottomMargin>
<PrintSpace HEIGHT="3750" WIDTH="2044" VPOS="347" HPOS="59">
<TextBlock ID="Page1391_Block1" HEIGHT="70" WIDTH="157" VPOS="4027" HPOS="1010" LANG="en-US" STYLEREFS="StyleId-A691934A-626B-4F25-BC30-A3042746FD2F-">
<Shape>
<Polygon POINTS="1011,4027 1166,4027 1166,4028 1167,4028 1167,4077 1166,4077 1166,4097 1010,4097 1010,4073 1011,4073 1011,4027"/>
</Shape>
<TextLine HEIGHT="49" WIDTH="135" VPOS="4037" HPOS="1020">
<String CONTENT="1391" HEIGHT="49" WIDTH="135" VPOS="4037" HPOS="1020"/>
</TextLine>
</TextBlock>
<TextBlock ID="Page1391_Block2" HEIGHT="3684" WIDTH="2044" VPOS="347" HPOS="59" LANG="en-US" CS="1" STYLEREFS="StyleId-71631151-00AB-425D-91FB-9C6CA80D23C4-">
<Shape>
<Polygon POINTS="66,347 199,347 199,348 736,348 736,349 1273,349 1273,350 1810,350 1810,351 2103,351 2103,854 2102,854 2102,1391 2101,1391 2101,1928 2100,1928 2100,2465 2099,2465 2099,3002 2098,3002 2098,3540 2097,3540 2097,4031 1806,4031 1806,4030 1269,4030 1269,4029 732,4029 732,4028 195,4028 195,4027 59,4027 59,3535 60,3535 60,2998 61,2998 61,2461 62,2461 62,1924 63,1924 63,1387 64,1387 64,849 65,849 65,348 66,348 66,347"/>
</Shape>
<TextLine HEIGHT="68" WIDTH="1235" VPOS="358" HPOS="77" STYLEREFS="StyleId-F15DF40A-F58E-47BE-B175-36930BFB430E-" LANG="fr" CS="1">
<String CS="1" CONTENT="Twitchell," HEIGHT="65" WIDTH="322" VPOS="359" HPOS="77"/>
<SP HEIGHT="63" WIDTH="28" VPOS="361" HPOS="400"/>
<String CONTENT="Ralph" HEIGHT="64" WIDTH="190" VPOS="359" HPOS="429"/>
<SP HEIGHT="52" WIDTH="28" VPOS="360" HPOS="620"/>
<String CONTENT="Emerson," HEIGHT="61" WIDTH="306" VPOS="361" HPOS="649"/>
<SP HEIGHT="55" WIDTH="30" VPOS="367" HPOS="956"/>
<String CONTENT="1859-1925." HEIGHT="51" WIDTH="325" VPOS="364" HPOS="987"/>
</TextLine>
<TextLine HEIGHT="138" WIDTH="1971" VPOS="436" HPOS="78" CS="1">
<String CONTENT="Genealogy" HEIGHT="68" WIDTH="330" VPOS="439" HPOS="148"/>
<SP HEIGHT="48" WIDTH="32" VPOS="459" HPOS="479"/>
<String CONTENT="of" HEIGHT="52" WIDTH="63" VPOS="440" HPOS="512"/>
<SP HEIGHT="52" WIDTH="31" VPOS="440" HPOS="576"/>
<String CONTENT="the" HEIGHT="52" WIDTH="94" VPOS="440" HPOS="608"/>
<SP HEIGHT="53" WIDTH="35" VPOS="440" HPOS="703"/>
<String CONTENT="Twitehell" HEIGHT="53" WIDTH="301" VPOS="439" HPOS="739"/>
<SP HEIGHT="52" WIDTH="34" VPOS="439" HPOS="1041"/>
<String CONTENT="family;" HEIGHT="70" WIDTH="236" VPOS="438" HPOS="1076"/>
<SP HEIGHT="46" WIDTH="36" VPOS="458" HPOS="1313"/>
<String CONTENT="record" HEIGHT="51" WIDTH="198" VPOS="440" HPOS="1350"/>
<SP HEIGHT="52" WIDTH="32" VPOS="440" HPOS="1549"/>
<String CONTENT="of" HEIGHT="53" WIDTH="64" VPOS="439" HPOS="1582"/>
<SP HEIGHT="52" WIDTH="31" VPOS="439" HPOS="1647"/>
<String CONTENT="the" HEIGHT="51" WIDTH="97" VPOS="440" HPOS="1679"/>
<SP HEIGHT="53" WIDTH="33" VPOS="439" HPOS="1777"/>
<String CONTENT="descendants" HEIGHT="138" WIDTH="1971" VPOS="436" HPOS="78"/>
<SP HEIGHT="35" WIDTH="40" VPOS="536" HPOS="205"/>
<String CONTENT="of" HEIGHT="54" WIDTH="65" VPOS="517" HPOS="246"/>
</TextLine>
<TextLine HEIGHT="152" WIDTH="1972" VPOS="513" HPOS="76" CS="1">
<String CONTENT="the" HEIGHT="52" WIDTH="94" VPOS="518" HPOS="350"/>
<SP HEIGHT="52" WIDTH="41" VPOS="518" HPOS="445"/>
<String CONTENT="Puritan&#8212;Benjamin" HEIGHT="68" WIDTH="626" VPOS="516" HPOS="487"/>
<SP HEIGHT="51" WIDTH="44" VPOS="518" HPOS="1114"/>
<String CONTENT="Twitehell." HEIGHT="54" WIDTH="320" VPOS="516" HPOS="1159"/>
<SP HEIGHT="53" WIDTH="42" VPOS="517" HPOS="1480"/>
<String CONTENT="Dorchester." HEIGHT="53" WIDTH="359" VPOS="517" HPOS="1523"/>
<SP HEIGHT="53" WIDTH="41" VPOS="517" HPOS="1883"/>
<String CONTENT="Lancaster," HEIGHT="152" WIDTH="1972" VPOS="513" HPOS="76"/>
<SP HEIGHT="67" WIDTH="24" VPOS="595" HPOS="274"/>
<String CONTENT="Medfield" HEIGHT="54" WIDTH="271" VPOS="594" HPOS="299"/>
</TextLine>
<TextLine HEIGHT="154" WIDTH="1974" VPOS="591" HPOS="78" CS="1">
<String CONTENT="and" HEIGHT="52" WIDTH="112" VPOS="596" HPOS="599"/>
<SP HEIGHT="56" WIDTH="31" VPOS="594" HPOS="712"/>
<String CONTENT="Sherborn," HEIGHT="58" WIDTH="307" VPOS="595" HPOS="744"/>
<SP HEIGHT="58" WIDTH="24" VPOS="595" HPOS="1052"/>
<String CONTENT="Massachusetts." HEIGHT="56" WIDTH="464" VPOS="594" HPOS="1077"/>
<SP HEIGHT="50" WIDTH="29" VPOS="600" HPOS="1542"/>
<String CONTENT="1632-1927." HEIGHT="56" WIDTH="328" VPOS="594" HPOS="1572"/>
<SP HEIGHT="35" WIDTH="27" VPOS="615" HPOS="1901"/>
<String CONTENT="compiled" HEIGHT="137" WIDTH="1974" VPOS="608" HPOS="78"/>
<SP HEIGHT="52" WIDTH="27" VPOS="675" HPOS="234"/>
<String CONTENT="and" HEIGHT="52" WIDTH="112" VPOS="674" HPOS="262"/>
<SP HEIGHT="52" WIDTH="27" VPOS="674" HPOS="375"/>
<String CONTENT="edited" HEIGHT="53" WIDTH="188" VPOS="673" HPOS="403"/>
<SP HEIGHT="52" WIDTH="24" VPOS="674" HPOS="592"/>
<String CONTENT="by" HEIGHT="68" WIDTH="78" VPOS="674" HPOS="617"/>
</TextLine>
<TextLine HEIGHT="71" WIDTH="1355" VPOS="670" HPOS="721" CS="1">
<String CONTENT="Ralph" HEIGHT="67" WIDTH="192" VPOS="672" HPOS="721"/>
<SP HEIGHT="52" WIDTH="32" VPOS="673" HPOS="914"/>
<String CONTENT="Emerson" HEIGHT="53" WIDTH="277" VPOS="673" HPOS="947"/>
<SP HEIGHT="53" WIDTH="26" VPOS="673" HPOS="1225"/>
<String CONTENT="Twitehell" HEIGHT="52" WIDTH="303" VPOS="673" HPOS="1252"/>
<SP HEIGHT="51" WIDTH="32" VPOS="675" HPOS="1556"/>
<String CS="1" CONTENT="&#8230;"/>
<SP HEIGHT="52" WIDTH="77" VPOS="672" HPOS="1645"/>
<String CONTENT="New" HEIGHT="54" WIDTH="140" VPOS="672" HPOS="1723"/>
<SP HEIGHT="51" WIDTH="28" VPOS="674" HPOS="1864"/>
<String CONTENT="York," HEIGHT="67" WIDTH="183" VPOS="673" HPOS="1893"/>
</TextLine>
<TextLine HEIGHT="73" WIDTH="1464" VPOS="747" HPOS="79">
<String LANG="fr" CONTENT="N." HEIGHT="53" WIDTH="69" VPOS="752" HPOS="79"/>
<SP HEIGHT="54" WIDTH="30" VPOS="751" HPOS="149"/>
<String CONTENT="Y.," HEIGHT="56" WIDTH="90" VPOS="751" HPOS="180"/>
<SP HEIGHT="55" WIDTH="29" VPOS="752" HPOS="271"/>
<String CONTENT="Priv." HEIGHT="52" WIDTH="159" VPOS="752" HPOS="301"/>
<SP HEIGHT="48" WIDTH="29" VPOS="770" HPOS="461"/>
<String CONTENT="print," HEIGHT="67" WIDTH="175" VPOS="751" HPOS="491"/>
<SP HEIGHT="54" WIDTH="32" VPOS="750" HPOS="667"/>
<String CONTENT="for" HEIGHT="53" WIDTH="94" VPOS="750" HPOS="700"/>
<SP HEIGHT="52" WIDTH="28" VPOS="751" HPOS="795"/>
<String LANG="fr" CONTENT="H." HEIGHT="53" WIDTH="76" VPOS="751" HPOS="824"/>
<SP HEIGHT="53" WIDTH="30" VPOS="751" HPOS="901"/>
<String CONTENT="K." HEIGHT="53" WIDTH="73" VPOS="751" HPOS="932"/>
<SP HEIGHT="52" WIDTH="30" VPOS="752" HPOS="1006"/>
<String CONTENT="Twitehell." HEIGHT="55" WIDTH="321" VPOS="749" HPOS="1037"/>
<SP HEIGHT="49" WIDTH="32" VPOS="755" HPOS="1359"/>
<String CONTENT="1929." HEIGHT="51" WIDTH="151" VPOS="753" HPOS="1392"/>
</TextLine>
<TextLine HEIGHT="53" WIDTH="1199" VPOS="829" HPOS="140" STYLEREFS="StyleId-2EEEBE0E-FDCB-45F8-85BF-9507B5905BD7-" CS="1">
<String CONTENT="5" HEIGHT="40" WIDTH="27" VPOS="832" HPOS="140"/>
<SP/>
<String CS="1" CONTENT="p."/>
<SP/>
<String CS="1" CONTENT="l.," HEIGHT="14" WIDTH="9" VPOS="863" HPOS="295"/>
<SP HEIGHT="29" WIDTH="28" VPOS="851" HPOS="305"/>
<String CONTENT="[ix]-lxi," HEIGHT="48" WIDTH="200" VPOS="832" HPOS="334"/>
<SP HEIGHT="43" WIDTH="24" VPOS="833" HPOS="534"/>
<String CONTENT="707" HEIGHT="40" WIDTH="87" VPOS="831" HPOS="558"/>
<SP HEIGHT="45" WIDTH="26" VPOS="833" HPOS="645"/>
<String CONTENT="p." HEIGHT="36" WIDTH="44" VPOS="842" HPOS="671"/>
<SP HEIGHT="41" WIDTH="59" VPOS="831" HPOS="715"/>
<String CONTENT="front.," HEIGHT="42" WIDTH="165" VPOS="832" HPOS="774"/>
<SP HEIGHT="36" WIDTH="27" VPOS="842" HPOS="939"/>
<String CS="1" CONTENT="pl.," HEIGHT="9" WIDTH="9" VPOS="863" HPOS="1034"/>
<SP HEIGHT="36" WIDTH="28" VPOS="843" HPOS="1044"/>
<String CONTENT="ports." HEIGHT="45" WIDTH="151" VPOS="834" HPOS="1072"/>
<SP HEIGHT="41" WIDTH="58" VPOS="832" HPOS="1223"/>
<String CS="1" CONTENT="26&#189;&#7580;&#7504;." HEIGHT="40" WIDTH="58" VPOS="832" HPOS="1281"/>
</TextLine>
<TextLine HEIGHT="68" WIDTH="1994" VPOS="887" HPOS="79" STYLEREFS="StyleId-2EEEBE0E-FDCB-45F8-85BF-9507B5905BD7-" CS="1">
<String CONTENT="&#169;" HEIGHT="53" WIDTH="52" VPOS="898" HPOS="79"/>
<SP HEIGHT="53" WIDTH="24" VPOS="898" HPOS="132"/>
<String CONTENT="Aug." HEIGHT="48" WIDTH="120" VPOS="903" HPOS="157"/>
<SP HEIGHT="40" WIDTH="23" VPOS="903" HPOS="278"/>
<String CONTENT="23." HEIGHT="41" WIDTH="70" VPOS="903" HPOS="302"/>
<SP HEIGHT="41" WIDTH="25" VPOS="903" HPOS="373"/>
<String CS="1" CONTENT="1929;" HEIGHT="39" WIDTH="118" VPOS="903" HPOS="399"/>
<SP HEIGHT="39" WIDTH="24" VPOS="903" HPOS="542"/>
<String CONTENT="2c." HEIGHT="40" WIDTH="68" VPOS="903" HPOS="567"/>
<SP HEIGHT="41" WIDTH="28" VPOS="902" HPOS="636"/>
<String CONTENT="Sept." HEIGHT="49" WIDTH="130" VPOS="902" HPOS="665"/>
<SP HEIGHT="40" WIDTH="23" VPOS="904" HPOS="796"/>
<String CS="1" CONTENT="3;" HEIGHT="40" WIDTH="27" VPOS="904" HPOS="820"/>
<SP HEIGHT="31" WIDTH="26" VPOS="915" HPOS="876"/>
<String LANG="fr" CONTENT="aff." HEIGHT="40" WIDTH="81" VPOS="903" HPOS="904"/>
<SP HEIGHT="40" WIDTH="29" VPOS="904" HPOS="986"/>
<String CONTENT="Sept." HEIGHT="47" WIDTH="128" VPOS="904" HPOS="1016"/>
<SP HEIGHT="41" WIDTH="26" VPOS="903" HPOS="1145"/>
<String CS="1" CONTENT="13;" HEIGHT="40" WIDTH="55" VPOS="903" HPOS="1172"/>
<SP HEIGHT="42" WIDTH="28" VPOS="903" HPOS="1255"/>
<!-- cceid A3EF51DD-6CFA-1014-9C3C-CEA95E7AA542 --><String CONTENT="A" HEIGHT="38" WIDTH="40" VPOS="904" HPOS="1284"/>
<SP HEIGHT="39" WIDTH="25" VPOS="904" HPOS="1325"/>
<String CS="1" CONTENT="13317;" HEIGHT="54" WIDTH="149" VPOS="890" HPOS="1351"/>
<SP HEIGHT="39" WIDTH="29" VPOS="905" HPOS="1523"/>
<String CONTENT="Mary" HEIGHT="45" WIDTH="142" VPOS="905" HPOS="1553"/>
<SP HEIGHT="46" WIDTH="25" VPOS="904" HPOS="1696"/>
<String CONTENT="E." HEIGHT="40" WIDTH="53" VPOS="904" HPOS="1722"/>
<SP HEIGHT="40" WIDTH="26" VPOS="904" HPOS="1776"/>
<String CONTENT="Twitehell," HEIGHT="44" WIDTH="270" VPOS="903" HPOS="1803"/>
</TextLine>
<TextLine HEIGHT="53" WIDTH="1136" VPOS="957" HPOS="149" STYLEREFS="StyleId-2EEEBE0E-FDCB-45F8-85BF-9507B5905BD7-">
<String CONTENT="Setauket." HEIGHT="43" WIDTH="247" VPOS="958" HPOS="149"/>
<SP HEIGHT="41" WIDTH="28" VPOS="960" HPOS="397"/>
<String CONTENT="Long" HEIGHT="48" WIDTH="134" VPOS="960" HPOS="426"/>
<SP HEIGHT="47" WIDTH="24" VPOS="961" HPOS="561"/>
<String CONTENT="Island." HEIGHT="40" WIDTH="182" VPOS="961" HPOS="586"/>
<SP HEIGHT="40" WIDTH="27" VPOS="961" HPOS="769"/>
<String LANG="fr" CONTENT="N." HEIGHT="39" WIDTH="56" VPOS="961" HPOS="797"/>
<SP HEIGHT="39" WIDTH="27" VPOS="961" HPOS="854"/>
<String CONTENT="Y." HEIGHT="38" WIDTH="53" VPOS="961" HPOS="882"/>
<SP HEIGHT="47" WIDTH="66" VPOS="961" HPOS="936"/>
<String CONTENT="(29-19077)" HEIGHT="50" WIDTH="282" VPOS="959" HPOS="1003"/>
</TextLine>
<TextLine HEIGHT="67" WIDTH="1266" VPOS="1053" HPOS="76" STYLEREFS="StyleId-F15DF40A-F58E-47BE-B175-36930BFB430E-">
<String LANG="en-US" CONTENT="Van" HEIGHT="55" WIDTH="128" VPOS="1053" HPOS="76"/>
<SP HEIGHT="52" WIDTH="31" VPOS="1055" HPOS="205"/>
<String LANG="de" CONTENT="Deusen," HEIGHT="63" WIDTH="255" VPOS="1055" HPOS="237"/>
<SP HEIGHT="61" WIDTH="28" VPOS="1057" HPOS="493"/>
<String LANG="en-US" CONTENT="Mrs." HEIGHT="52" WIDTH="137" VPOS="1057" HPOS="522"/>
<SP HEIGHT="52" WIDTH="32" VPOS="1055" HPOS="660"/>
<String LANG="en-US" CONTENT="Elizabeth" HEIGHT="54" WIDTH="310" VPOS="1054" HPOS="693"/>
<SP HEIGHT="51" WIDTH="31" VPOS="1056" HPOS="1004"/>
<String LANG="en-US" CONTENT="Kneipple." HEIGHT="64" WIDTH="306" VPOS="1056" HPOS="1036"/>
</TextLine>
<TextLine HEIGHT="138" WIDTH="1982" VPOS="1131" HPOS="75" CS="1">
<String CONTENT="Tropical" HEIGHT="68" WIDTH="270" VPOS="1132" HPOS="144"/>
<SP HEIGHT="51" WIDTH="19" VPOS="1134" HPOS="415"/>
<String CONTENT="tales" HEIGHT="52" WIDTH="141" VPOS="1134" HPOS="435"/>
<SP HEIGHT="67" WIDTH="31" VPOS="1133" HPOS="577"/>
<String CONTENT="(Porto" HEIGHT="68" WIDTH="205" VPOS="1133" HPOS="609"/>
<SP HEIGHT="52" WIDTH="21" VPOS="1134" HPOS="815"/>
<String CONTENT="Rico)" HEIGHT="68" WIDTH="169" VPOS="1133" HPOS="837"/>
<SP HEIGHT="68" WIDTH="31" VPOS="1133" HPOS="1007"/>
<String CONTENT="by" HEIGHT="67" WIDTH="77" VPOS="1134" HPOS="1039"/>
<SP HEIGHT="66" WIDTH="20" VPOS="1135" HPOS="1117"/>
<String CONTENT="Elizabeth" HEIGHT="54" WIDTH="303" VPOS="1133" HPOS="1138"/>
<SP HEIGHT="53" WIDTH="21" VPOS="1134" HPOS="1442"/>
<String CONTENT="Kneipple" HEIGHT="68" WIDTH="290" VPOS="1134" HPOS="1464"/>
<SP HEIGHT="53" WIDTH="21" VPOS="1134" HPOS="1755"/>
<String CONTENT="Van" HEIGHT="54" WIDTH="131" VPOS="1134" HPOS="1777"/>
<SP HEIGHT="52" WIDTH="20" VPOS="1135" HPOS="1909"/>
<String LANG="de" CONTENT="Deusen" HEIGHT="138" WIDTH="1982" VPOS="1131" HPOS="75"/>
</TextLine>
<TextLine HEIGHT="72" WIDTH="1821" VPOS="1210" HPOS="260" CS="1">
<String CS="1" CONTENT="&#8230;"/>
<SP HEIGHT="52" WIDTH="79" VPOS="1212" HPOS="260"/>
<String CONTENT="New" HEIGHT="52" WIDTH="139" VPOS="1212" HPOS="340"/>
<SP HEIGHT="52" WIDTH="27" VPOS="1212" HPOS="480"/>
<String CONTENT="York," HEIGHT="67" WIDTH="179" VPOS="1212" HPOS="508"/>
<SP HEIGHT="66" WIDTH="27" VPOS="1213" HPOS="688"/>
<String CONTENT="Boston" HEIGHT="53" WIDTH="217" VPOS="1213" HPOS="716"/>
<SP HEIGHT="49" WIDTH="34" VPOS="1231" HPOS="934"/>
<String CONTENT="[etc.]" HEIGHT="61" WIDTH="137" VPOS="1219" HPOS="969"/>
<SP HEIGHT="68" WIDTH="37" VPOS="1211" HPOS="1107"/>
<String CONTENT="Silver." HEIGHT="57" WIDTH="205" VPOS="1211" HPOS="1145"/>
<SP HEIGHT="52" WIDTH="27" VPOS="1214" HPOS="1351"/>
<String CONTENT="Burdett" HEIGHT="53" WIDTH="250" VPOS="1213" HPOS="1379"/>
<SP HEIGHT="48" WIDTH="25" VPOS="1218" HPOS="1630"/>
<String CONTENT="and" HEIGHT="54" WIDTH="113" VPOS="1212" HPOS="1656"/>
<SP HEIGHT="54" WIDTH="28" VPOS="1212" HPOS="1770"/>
<String CONTENT="company" HEIGHT="52" WIDTH="282" VPOS="1230" HPOS="1799"/>
</TextLine>
<TextLine HEIGHT="52" WIDTH="101" VPOS="1293" HPOS="150" CS="1">
<String CS="1" CONTENT="["/>
<String STYLE="superscript" CS="1" CONTENT="&#7580;1"/>
<String CS="1" CONTENT="929]" HEIGHT="52" WIDTH="101" VPOS="1293" HPOS="150"/>
</TextLine>
<TextLine HEIGHT="52" WIDTH="1037" VPOS="1372" HPOS="144" STYLEREFS="StyleId-2EEEBE0E-FDCB-45F8-85BF-9507B5905BD7-" CS="1">
<String CONTENT="vii," HEIGHT="47" WIDTH="82" VPOS="1373" HPOS="144"/>
<SP/>
<String CONTENT="240" HEIGHT="41" WIDTH="89" VPOS="1373" HPOS="251"/>
<SP HEIGHT="49" WIDTH="22" VPOS="1373" HPOS="340"/>
<String CONTENT="p." HEIGHT="37" WIDTH="44" VPOS="1385" HPOS="362"/>
<SP HEIGHT="41" WIDTH="24" VPOS="1374" HPOS="406"/>
<String CONTENT="incl." HEIGHT="41" WIDTH="113" VPOS="1374" HPOS="430"/>
<SP HEIGHT="40" WIDTH="23" VPOS="1375" HPOS="543"/>
<String CS="1" CONTENT="front."/>
<SP HEIGHT="49" WIDTH="28" VPOS="1374" HPOS="717"/>
<String CONTENT="(map)" HEIGHT="49" WIDTH="162" VPOS="1375" HPOS="745"/>
<SP HEIGHT="46" WIDTH="27" VPOS="1375" HPOS="907"/>
<String CONTENT="illus." HEIGHT="40" WIDTH="130" VPOS="1375" HPOS="934"/>
<SP HEIGHT="39" WIDTH="59" VPOS="1376" HPOS="1064"/>
<String CONTENT="19" HEIGHT="41" WIDTH="58" VPOS="1375" HPOS="1123"/>
<String STYLE="superscript" CS="1" CONTENT="&#7580;&#7504;."/>
</TextLine>
<TextLine HEIGHT="57" WIDTH="1998" VPOS="1441" HPOS="78" STYLEREFS="StyleId-2EEEBE0E-FDCB-45F8-85BF-9507B5905BD7-" CS="1">
<String CONTENT="&#169;" HEIGHT="53" WIDTH="53" VPOS="1441" HPOS="78"/>
<SP HEIGHT="53" WIDTH="32" VPOS="1441" HPOS="132"/>
<String CONTENT="Sept." HEIGHT="50" WIDTH="128" VPOS="1445" HPOS="165"/>
<SP HEIGHT="40" WIDTH="29" VPOS="1447" HPOS="294"/>
<String CONTENT="12," HEIGHT="47" WIDTH="69" VPOS="1446" HPOS="324"/>
<SP HEIGHT="46" WIDTH="30" VPOS="1447" HPOS="394"/>
<String CS="1" CONTENT="1929;" HEIGHT="40" WIDTH="113" VPOS="1446" HPOS="425"/>
<SP HEIGHT="39" WIDTH="29" VPOS="1447" HPOS="565"/>
<String CONTENT="2c." HEIGHT="39" WIDTH="69" VPOS="1447" HPOS="595"/>
<SP HEIGHT="30" WIDTH="29" VPOS="1456" HPOS="665"/>
<String CONTENT="and" HEIGHT="40" WIDTH="96" VPOS="1447" HPOS="695"/>
<SP HEIGHT="39" WIDTH="28" VPOS="1448" HPOS="792"/>
<String CS="1" CONTENT="aff."/>
<SP HEIGHT="40" WIDTH="33" VPOS="1447" HPOS="905"/>
<String CONTENT="Sept." HEIGHT="48" WIDTH="130" VPOS="1447" HPOS="939"/>
<SP HEIGHT="39" WIDTH="30" VPOS="1447" HPOS="1070"/>
<String CS="1" CONTENT="17;" HEIGHT="40" WIDTH="55" VPOS="1447" HPOS="1101"/>
<SP HEIGHT="40" WIDTH="31" VPOS="1447" HPOS="1184"/>
<!-- cceid A3EFBB3C-6CFA-1014-9C3C-CEA95E7AA542 --><String CONTENT="A" HEIGHT="39" WIDTH="40" VPOS="1447" HPOS="1216"/>
<SP HEIGHT="40" WIDTH="28" VPOS="1447" HPOS="1257"/>
<String CS="1" CONTENT="12381;" HEIGHT="40" WIDTH="137" VPOS="1447" HPOS="1286"/>
<SP HEIGHT="43" WIDTH="36" VPOS="1446" HPOS="1459"/>
<String CONTENT="Silver." HEIGHT="42" WIDTH="170" VPOS="1446" HPOS="1496"/>
<SP HEIGHT="40" WIDTH="30" VPOS="1448" HPOS="1667"/>
<String CONTENT="Burdett" HEIGHT="40" WIDTH="212" VPOS="1448" HPOS="1698"/>
<SP HEIGHT="40" WIDTH="29" VPOS="1448" HPOS="1911"/>
<String CONTENT="&amp;" HEIGHT="40" WIDTH="36" VPOS="1448" HPOS="1941"/>
<SP HEIGHT="40" WIDTH="30" VPOS="1448" HPOS="1978"/>
<String CONTENT="co." HEIGHT="29" WIDTH="67" VPOS="1459" HPOS="2009"/>
</TextLine>
<TextLine HEIGHT="49" WIDTH="280" VPOS="1502" HPOS="157" STYLEREFS="StyleId-2EEEBE0E-FDCB-45F8-85BF-9507B5905BD7-">
<String CONTENT="(29-19183)" HEIGHT="49" WIDTH="280" VPOS="1502" HPOS="157"/>
</TextLine>
<TextLine HEIGHT="66" WIDTH="722" VPOS="1596" HPOS="77" STYLEREFS="StyleId-F15DF40A-F58E-47BE-B175-36930BFB430E-">
<String CONTENT="Vestal," HEIGHT="60" WIDTH="225" VPOS="1596" HPOS="77"/>
<SP HEIGHT="58" WIDTH="27" VPOS="1598" HPOS="303"/>
<String CONTENT="Stanley," HEIGHT="63" WIDTH="263" VPOS="1598" HPOS="331"/>
<SP HEIGHT="57" WIDTH="32" VPOS="1604" HPOS="595"/>
<String CONTENT="1887-" HEIGHT="53" WIDTH="171" VPOS="1601" HPOS="628"/>
</TextLine>
<TextLine HEIGHT="74" WIDTH="1931" VPOS="1675" HPOS="151" CS="1">
<String CONTENT="&#8217;Dobe" HEIGHT="55" WIDTH="177" VPOS="1675" HPOS="151"/>
<SP HEIGHT="33" WIDTH="31" VPOS="1697" HPOS="329"/>
<String CONTENT="Avails," HEIGHT="66" WIDTH="179" VPOS="1678" HPOS="361"/>
<SP HEIGHT="46" WIDTH="31" VPOS="1698" HPOS="541"/>
<String CONTENT="a" HEIGHT="33" WIDTH="24" VPOS="1698" HPOS="573"/>
<SP HEIGHT="35" WIDTH="39" VPOS="1696" HPOS="598"/>
<String CONTENT="story" HEIGHT="64" WIDTH="159" VPOS="1682" HPOS="638"/>
<SP HEIGHT="48" WIDTH="31" VPOS="1698" HPOS="798"/>
<String CONTENT="of" HEIGHT="53" WIDTH="64" VPOS="1678" HPOS="830"/>
<SP HEIGHT="53" WIDTH="33" VPOS="1678" HPOS="895"/>
<String CONTENT="Kit" HEIGHT="53" WIDTH="108" VPOS="1677" HPOS="929"/>
<SP HEIGHT="53" WIDTH="34" VPOS="1679" HPOS="1038"/>
<String CS="1" CONTENT="Carson&#8217;s" HEIGHT="36" WIDTH="213" VPOS="1696" HPOS="1125"/>
<SP HEIGHT="31" WIDTH="32" VPOS="1700" HPOS="1339"/>
<String CONTENT="southwest," HEIGHT="54" WIDTH="325" VPOS="1680" HPOS="1372"/>
<SP HEIGHT="53" WIDTH="32" VPOS="1681" HPOS="1698"/>
<String CONTENT="by" HEIGHT="67" WIDTH="75" VPOS="1681" HPOS="1731"/>
<SP HEIGHT="71" WIDTH="37" VPOS="1678" HPOS="1807"/>
<String CONTENT="Stanley" HEIGHT="70" WIDTH="237" VPOS="1679" HPOS="1845"/>
</TextLine>
<TextLine HEIGHT="74" WIDTH="2005" VPOS="1753" HPOS="78" CS="1">
<String CONTENT="Vestal" HEIGHT="55" WIDTH="197" VPOS="1754" HPOS="78"/>
<SP HEIGHT="50" WIDTH="33" VPOS="1757" HPOS="276"/>
<String CS="1" CONTENT="&#8230;"/>
<SP HEIGHT="51" WIDTH="79" VPOS="1756" HPOS="366"/>
<String CONTENT="Boston" HEIGHT="52" WIDTH="213" VPOS="1756" HPOS="446"/>
<SP HEIGHT="34" WIDTH="29" VPOS="1775" HPOS="660"/>
<String CONTENT="and" HEIGHT="53" WIDTH="108" VPOS="1757" HPOS="690"/>
<SP HEIGHT="54" WIDTH="32" VPOS="1756" HPOS="799"/>
<String CONTENT="New" HEIGHT="52" WIDTH="138" VPOS="1756" HPOS="832"/>
<SP HEIGHT="50" WIDTH="25" VPOS="1757" HPOS="971"/>
<String CONTENT="York," HEIGHT="60" WIDTH="182" VPOS="1755" HPOS="997"/>
<SP HEIGHT="58" WIDTH="24" VPOS="1757" HPOS="1180"/>
<String CONTENT="Houghton" HEIGHT="66" WIDTH="320" VPOS="1757" HPOS="1205"/>
<SP HEIGHT="51" WIDTH="25" VPOS="1758" HPOS="1526"/>
<String CONTENT="Mifflin" HEIGHT="53" WIDTH="201" VPOS="1756" HPOS="1552"/>
<SP HEIGHT="31" WIDTH="29" VPOS="1777" HPOS="1754"/>
<String CONTENT="company," HEIGHT="52" WIDTH="299" VPOS="1775" HPOS="1784"/>
</TextLine>
<TextLine HEIGHT="51" WIDTH="150" VPOS="1836" HPOS="81">
<String CONTENT="1929." HEIGHT="51" WIDTH="150" VPOS="1836" HPOS="81"/>
</TextLine>
<TextLine HEIGHT="52" WIDTH="567" VPOS="1912" HPOS="141" STYLEREFS="StyleId-2EEEBE0E-FDCB-45F8-85BF-9507B5905BD7-" CS="1">
<String CONTENT="5" HEIGHT="40" WIDTH="28" VPOS="1913" HPOS="141"/>
<SP/>
<String CS="1" CONTENT="p."/>
<SP/>
<String CS="1" CONTENT="l.," HEIGHT="17" WIDTH="9" VPOS="1945" HPOS="303"/>
<SP HEIGHT="31" WIDTH="31" VPOS="1933" HPOS="313"/>
<String CS="1" CONTENT="[3]-314" HEIGHT="50" WIDTH="178" VPOS="1914" HPOS="345"/>
<SP HEIGHT="47" WIDTH="27" VPOS="1915" HPOS="523"/>
<String CONTENT="p." HEIGHT="37" WIDTH="42" VPOS="1925" HPOS="550"/>
<SP HEIGHT="40" WIDTH="58" VPOS="1914" HPOS="593"/>
<String CS="1" CONTENT="19&#189;" HEIGHT="42" WIDTH="57" VPOS="1913" HPOS="651"/>
<String STYLE="superscript" CS="1" CONTENT="&#7580;&#7504;."/>
</TextLine>
<TextLine HEIGHT="51" WIDTH="626" VPOS="1983" HPOS="143" STYLEREFS="StyleId-2EEEBE0E-FDCB-45F8-85BF-9507B5905BD7-">
<String CONTENT="Maps" HEIGHT="49" WIDTH="140" VPOS="1984" HPOS="143"/>
<SP HEIGHT="29" WIDTH="29" VPOS="1995" HPOS="284"/>
<String CONTENT="on" HEIGHT="28" WIDTH="59" VPOS="1996" HPOS="314"/>
<SP HEIGHT="38" WIDTH="29" VPOS="1985" HPOS="374"/>
<String CONTENT="lining-papers." HEIGHT="50" WIDTH="365" VPOS="1984" HPOS="404"/>
</TextLine>
<TextLine HEIGHT="112" WIDTH="1982" VPOS="2049" HPOS="79" STYLEREFS="StyleId-2EEEBE0E-FDCB-45F8-85BF-9507B5905BD7-" CS="1">
<String CONTENT="&#169;" HEIGHT="53" WIDTH="52" VPOS="2049" HPOS="79"/>
<SP HEIGHT="53" WIDTH="30" VPOS="2049" HPOS="132"/>
<String CONTENT="Sept." HEIGHT="49" WIDTH="127" VPOS="2054" HPOS="163"/>
<SP HEIGHT="39" WIDTH="27" VPOS="2056" HPOS="291"/>
<String CONTENT="13," HEIGHT="41" WIDTH="68" VPOS="2056" HPOS="319"/>
<SP HEIGHT="41" WIDTH="25" VPOS="2056" HPOS="388"/>
<String CS="1" CONTENT="1929;" HEIGHT="39" WIDTH="116" VPOS="2056" HPOS="414"/>
<SP HEIGHT="41" WIDTH="28" VPOS="2057" HPOS="555"/>
<String CONTENT="2c." HEIGHT="39" WIDTH="68" VPOS="2057" HPOS="584"/>
<SP HEIGHT="30" WIDTH="27" VPOS="2066" HPOS="653"/>
<String CONTENT="and" HEIGHT="40" WIDTH="96" VPOS="2057" HPOS="681"/>
<SP HEIGHT="39" WIDTH="26" VPOS="2058" HPOS="778"/>
<String CONTENT="aff." HEIGHT="40" WIDTH="82" VPOS="2057" HPOS="805"/>
<SP HEIGHT="41" WIDTH="29" VPOS="2056" HPOS="888"/>
<String CONTENT="Sept." HEIGHT="48" WIDTH="129" VPOS="2056" HPOS="918"/>
<SP HEIGHT="39" WIDTH="27" VPOS="2058" HPOS="1048"/>
<String CS="1" CONTENT="10;" HEIGHT="39" WIDTH="55" VPOS="2057" HPOS="1076"/>
<SP HEIGHT="41" WIDTH="30" VPOS="2057" HPOS="1158"/>
<!-- cceid A3F029A6-6CFA-1014-9C3C-CEA95E7AA542 --><String CONTENT="A" HEIGHT="38" WIDTH="40" VPOS="2057" HPOS="1189"/>
<SP HEIGHT="39" WIDTH="27" VPOS="2057" HPOS="1230"/>
<String CS="1" CONTENT="12367;" HEIGHT="41" WIDTH="144" VPOS="2058" HPOS="1258"/>
<SP HEIGHT="39" WIDTH="30" VPOS="2060" HPOS="1430"/>
<String CONTENT="Walter" HEIGHT="40" WIDTH="186" VPOS="2060" HPOS="1461"/>
<SP HEIGHT="40" WIDTH="30" VPOS="2059" HPOS="1648"/>
<String CONTENT="Stanley" HEIGHT="42" WIDTH="201" VPOS="2059" HPOS="1679"/>
<SP HEIGHT="38" WIDTH="28" VPOS="2061" HPOS="1881"/>
<String CS="1" CONTENT="Campbell," HEIGHT="93" WIDTH="1911" VPOS="2068" HPOS="150"/>
<SP HEIGHT="45" WIDTH="25" VPOS="2113" HPOS="258"/>
<String CONTENT="Norman." HEIGHT="41" WIDTH="230" VPOS="2113" HPOS="284"/>
<SP HEIGHT="41" WIDTH="29" VPOS="2113" HPOS="515"/>
<String CONTENT="Okl." HEIGHT="41" WIDTH="104" VPOS="2113" HPOS="545"/>
</TextLine>
<TextLine HEIGHT="48" WIDTH="282" VPOS="2112" HPOS="716" STYLEREFS="StyleId-2EEEBE0E-FDCB-45F8-85BF-9507B5905BD7-">
<String CONTENT="(29-19021)" HEIGHT="48" WIDTH="282" VPOS="2112" HPOS="716"/>
</TextLine>
<TextLine HEIGHT="65" WIDTH="478" VPOS="2206" HPOS="79" STYLEREFS="StyleId-F15DF40A-F58E-47BE-B175-36930BFB430E-">
<String LANG="fr" CONTENT="Vignes," HEIGHT="64" WIDTH="243" VPOS="2207" HPOS="79"/>
<SP HEIGHT="62" WIDTH="28" VPOS="2207" HPOS="323"/>
<String LANG="en-US" CONTENT="Henri." HEIGHT="54" WIDTH="205" VPOS="2207" HPOS="352"/>
</TextLine>
<TextLine HEIGHT="72" WIDTH="1872" VPOS="2286" HPOS="211" LANG="fr" CS="1">
<String LANG="en-US" CS="1" CONTENT="&#8230;"/>
<SP HEIGHT="51" WIDTH="65" VPOS="2287" HPOS="211"/>
<String CONTENT="Physiologie" HEIGHT="69" WIDTH="370" VPOS="2286" HPOS="277"/>
<SP HEIGHT="49" WIDTH="58" VPOS="2306" HPOS="648"/>
<String CONTENT="gyn&#233;cologique" HEIGHT="70" WIDTH="445" VPOS="2286" HPOS="707"/>
<SP HEIGHT="33" WIDTH="59" VPOS="2309" HPOS="1153"/>
<String CONTENT="et" HEIGHT="47" WIDTH="54" VPOS="2296" HPOS="1213"/>
<SP HEIGHT="48" WIDTH="59" VPOS="2296" HPOS="1268"/>
<String CONTENT="m&#233;decine" HEIGHT="54" WIDTH="286" VPOS="2290" HPOS="1328"/>
<SP HEIGHT="52" WIDTH="57" VPOS="2292" HPOS="1615"/>
<String CONTENT="des" HEIGHT="52" WIDTH="96" VPOS="2292" HPOS="1673"/>
<SP HEIGHT="54" WIDTH="60" VPOS="2290" HPOS="1770"/>
<String CONTENT="femmes." HEIGHT="53" WIDTH="252" VPOS="2291" HPOS="1831"/>
</TextLine>
<TextLine HEIGHT="62" WIDTH="818" VPOS="2364" HPOS="80" LANG="fr" CS="1">
<String CONTENT="Paris," HEIGHT="61" WIDTH="186" VPOS="2364" HPOS="80"/>
<SP HEIGHT="60" WIDTH="24" VPOS="2365" HPOS="267"/>
<String CONTENT="Masson" HEIGHT="54" WIDTH="232" VPOS="2365" HPOS="292"/>
<SP HEIGHT="35" WIDTH="25" VPOS="2384" HPOS="525"/>
<String CONTENT="et" HEIGHT="47" WIDTH="55" VPOS="2372" HPOS="551"/>
<SP HEIGHT="47" WIDTH="26" VPOS="2372" HPOS="607"/>
<String CONTENT="c" HEIGHT="33" WIDTH="28" VPOS="2386" HPOS="634"/>
<String LANG="en-US" CS="1" CONTENT="&#8305;&#7497;"/>
<String CONTENT="," HEIGHT="15" WIDTH="12" VPOS="2408" HPOS="703"/>
<SP HEIGHT="54" WIDTH="30" VPOS="2370" HPOS="716"/>
<String CONTENT="1929." HEIGHT="51" WIDTH="151" VPOS="2369" HPOS="747"/>
</TextLine>
<TextLine HEIGHT="52" WIDTH="1002" VPOS="2443" HPOS="143" STYLEREFS="StyleId-2EEEBE0E-FDCB-45F8-85BF-9507B5905BD7-" LANG="fr" CS="1">
<String CONTENT="2" HEIGHT="38" WIDTH="28" VPOS="2444" HPOS="143"/>
<SP/>
<String CS="1" CONTENT="p."/>
<SP/>
<String CS="1" CONTENT="l.," HEIGHT="15" WIDTH="7" VPOS="2476" HPOS="300"/>
<SP HEIGHT="47" WIDTH="27" VPOS="2444" HPOS="308"/>
<String CONTENT="565" HEIGHT="41" WIDTH="86" VPOS="2444" HPOS="335"/>
<SP HEIGHT="49" WIDTH="24" VPOS="2444" HPOS="421"/>
<String CS="1" CONTENT="p.,"/>
<SP/>
<String CS="1" CONTENT="1"/>
<SP/>
<String CS="1" CONTENT="l."/>
<SP HEIGHT="41" WIDTH="58" VPOS="2445" HPOS="614"/>
<String CONTENT="illus.," HEIGHT="48" WIDTH="146" VPOS="2445" HPOS="672"/>
<SP HEIGHT="45" WIDTH="26" VPOS="2448" HPOS="818"/>
<String CONTENT="diagrs." HEIGHT="49" WIDTH="183" VPOS="2446" HPOS="844"/>
<SP HEIGHT="40" WIDTH="59" VPOS="2448" HPOS="1027"/>
<String CONTENT="25" HEIGHT="40" WIDTH="59" VPOS="2448" HPOS="1086"/>
<String STYLE="superscript" CS="1" CONTENT="&#7580;&#7504;."/>
</TextLine>
<TextLine HEIGHT="51" WIDTH="730" VPOS="2514" HPOS="143" STYLEREFS="StyleId-2EEEBE0E-FDCB-45F8-85BF-9507B5905BD7-">
<String CONTENT="Bibliographical" HEIGHT="50" WIDTH="415" VPOS="2514" HPOS="143"/>
<SP HEIGHT="39" WIDTH="33" VPOS="2517" HPOS="559"/>
<String CONTENT="foot-notes." HEIGHT="42" WIDTH="280" VPOS="2517" HPOS="593"/>
</TextLine>
<TextLine HEIGHT="114" WIDTH="1746" VPOS="2582" HPOS="83" STYLEREFS="StyleId-2EEEBE0E-FDCB-45F8-85BF-9507B5905BD7-" CS="1">
<String LANG="fr" CONTENT="&#169;" HEIGHT="53" WIDTH="51" VPOS="2582" HPOS="83"/>
<SP HEIGHT="53" WIDTH="30" VPOS="2582" HPOS="135"/>
<String LANG="en-US" CONTENT="Apr." HEIGHT="50" WIDTH="114" VPOS="2587" HPOS="166"/>
<SP HEIGHT="39" WIDTH="26" VPOS="2589" HPOS="281"/>
<String LANG="fr" CONTENT="20," HEIGHT="43" WIDTH="71" VPOS="2588" HPOS="308"/>
<SP HEIGHT="41" WIDTH="29" VPOS="2590" HPOS="380"/>
<String LANG="fr" CONTENT="1929;" HEIGHT="45" WIDTH="141" VPOS="2589" HPOS="410"/>
<SP/>
<String LANG="fr" CS="1" CONTENT="1c."/>
<SP/>
<String LANG="en-US" CS="1" CONTENT="June"/>
<SP HEIGHT="39" WIDTH="28" VPOS="2592" HPOS="812"/>
<String LANG="fr" CS="1" CONTENT="7;" HEIGHT="39" WIDTH="26" VPOS="2592" HPOS="841"/>
<SP HEIGHT="40" WIDTH="32" VPOS="2592" HPOS="895"/>
<!-- cceid A3F0A59C-6CFA-1014-9C3C-CEA95E7AA542 --><String LANG="fr" CONTENT="A&#8212;" HEIGHT="38" WIDTH="102" VPOS="2592" HPOS="928"/>
<String LANG="en-US" CONTENT="Foreign" HEIGHT="44" WIDTH="207" VPOS="2591" HPOS="1032"/>
<SP HEIGHT="39" WIDTH="30" VPOS="2593" HPOS="1240"/>
<String LANG="fr" CS="1" CONTENT="3480;" HEIGHT="39" WIDTH="116" VPOS="2593" HPOS="1271"/>
<SP HEIGHT="39" WIDTH="33" VPOS="2594" HPOS="1414"/>
<String LANG="fr" CONTENT="Masson" HEIGHT="39" WIDTH="195" VPOS="2594" HPOS="1448"/>
<SP HEIGHT="40" WIDTH="32" VPOS="2594" HPOS="1644"/>
<String LANG="fr" CONTENT="&amp;" HEIGHT="40" WIDTH="36" VPOS="2594" HPOS="1677"/>
<SP HEIGHT="40" WIDTH="28" VPOS="2594" HPOS="1714"/>
<String LANG="la" CONTENT="cie." HEIGHT="42" WIDTH="86" VPOS="2594" HPOS="1743"/>
<SP/>
<String LANG="fr" CONTENT="(29-18402)" HEIGHT="49" WIDTH="281" VPOS="2644" HPOS="159"/>
</TextLine>
<TextLine HEIGHT="69" WIDTH="1411" VPOS="2740" HPOS="79" STYLEREFS="StyleId-F15DF40A-F58E-47BE-B175-36930BFB430E-">
<String CONTENT="Waring," HEIGHT="64" WIDTH="264" VPOS="2740" HPOS="79"/>
<SP HEIGHT="60" WIDTH="28" VPOS="2743" HPOS="344"/>
<String CONTENT="Mrs." HEIGHT="52" WIDTH="139" VPOS="2743" HPOS="373"/>
<SP HEIGHT="52" WIDTH="31" VPOS="2743" HPOS="513"/>
<String CONTENT="Ethel" HEIGHT="53" WIDTH="176" VPOS="2742" HPOS="545"/>
<SP HEIGHT="53" WIDTH="28" VPOS="2742" HPOS="722"/>
<String CONTENT="May" HEIGHT="62" WIDTH="144" VPOS="2744" HPOS="751"/>
<SP HEIGHT="63" WIDTH="35" VPOS="2745" HPOS="896"/>
<String CONTENT="(Bushnell)" HEIGHT="65" WIDTH="345" VPOS="2744" HPOS="932"/>
<SP HEIGHT="62" WIDTH="40" VPOS="2746" HPOS="1278"/>
<String CONTENT="1887-" HEIGHT="54" WIDTH="171" VPOS="2747" HPOS="1319"/>
</TextLine>
<TextLine HEIGHT="74" WIDTH="1931" VPOS="2819" HPOS="150">
<String CONTENT="The" HEIGHT="54" WIDTH="120" VPOS="2819" HPOS="150"/>
<SP HEIGHT="52" WIDTH="35" VPOS="2821" HPOS="271"/>
<String CONTENT="behavior" HEIGHT="53" WIDTH="273" VPOS="2821" HPOS="307"/>
<SP HEIGHT="34" WIDTH="34" VPOS="2841" HPOS="581"/>
<String CONTENT="of" HEIGHT="53" WIDTH="65" VPOS="2822" HPOS="616"/>
<SP HEIGHT="68" WIDTH="32" VPOS="2822" HPOS="682"/>
<String CONTENT="young" HEIGHT="51" WIDTH="194" VPOS="2840" HPOS="715"/>
<SP HEIGHT="47" WIDTH="35" VPOS="2842" HPOS="910"/>
<String CONTENT="children," HEIGHT="55" WIDTH="276" VPOS="2823" HPOS="946"/>
<SP HEIGHT="53" WIDTH="34" VPOS="2825" HPOS="1223"/>
<String CONTENT="by" HEIGHT="66" WIDTH="77" VPOS="2825" HPOS="1258"/>
<SP HEIGHT="66" WIDTH="36" VPOS="2825" HPOS="1336"/>
<String CONTENT="Ethel" HEIGHT="53" WIDTH="172" VPOS="2825" HPOS="1373"/>
<SP HEIGHT="51" WIDTH="37" VPOS="2827" HPOS="1546"/>
<String CONTENT="B." HEIGHT="50" WIDTH="65" VPOS="2828" HPOS="1584"/>
<SP HEIGHT="53" WIDTH="35" VPOS="2825" HPOS="1650"/>
<String CONTENT="Waring" HEIGHT="64" WIDTH="247" VPOS="2825" HPOS="1686"/>
<SP HEIGHT="44" WIDTH="36" VPOS="2845" HPOS="1934"/>
<String CONTENT="and" HEIGHT="52" WIDTH="110" VPOS="2828" HPOS="1971"/>
</TextLine>
<TextLine HEIGHT="78" WIDTH="2002" VPOS="2897" HPOS="81" CS="1">
<String CONTENT="Marguerite" HEIGHT="71" WIDTH="355" VPOS="2897" HPOS="81"/>
<SP HEIGHT="53" WIDTH="34" VPOS="2899" HPOS="437"/>
<String CONTENT="Wilker" HEIGHT="54" WIDTH="225" VPOS="2898" HPOS="472"/>
<SP HEIGHT="34" WIDTH="39" VPOS="2919" HPOS="698"/>
<String CS="1" CONTENT="&#8230;"/>
<SP HEIGHT="32" WIDTH="41" VPOS="2920" HPOS="796"/>
<String CONTENT="with" HEIGHT="52" WIDTH="137" VPOS="2901" HPOS="838"/>
<SP HEIGHT="52" WIDTH="43" VPOS="2902" HPOS="976"/>
<String CONTENT="an" HEIGHT="33" WIDTH="70" VPOS="2921" HPOS="1020"/>
<SP HEIGHT="53" WIDTH="37" VPOS="2901" HPOS="1091"/>
<String CONTENT="introduction" HEIGHT="55" WIDTH="393" VPOS="2901" HPOS="1129"/>
<SP HEIGHT="52" WIDTH="37" VPOS="2905" HPOS="1523"/>
<String CONTENT="by" HEIGHT="69" WIDTH="77" VPOS="2905" HPOS="1561"/>
<SP HEIGHT="68" WIDTH="35" VPOS="2906" HPOS="1639"/>
<String CONTENT="Patty" HEIGHT="67" WIDTH="178" VPOS="2906" HPOS="1675"/>
<SP HEIGHT="68" WIDTH="40" VPOS="2905" HPOS="1854"/>
<String CONTENT="Smith" HEIGHT="53" WIDTH="188" VPOS="2905" HPOS="1895"/>
</TextLine>
<TextLine HEIGHT="74" WIDTH="1885" VPOS="2974" HPOS="78" CS="1">
<String CONTENT="Hill" HEIGHT="54" WIDTH="127" VPOS="2974" HPOS="78"/>
<SP HEIGHT="49" WIDTH="39" VPOS="2977" HPOS="205"/>
<String CS="1" CONTENT="&#8230;"/>
<SP HEIGHT="52" WIDTH="79" VPOS="2976" HPOS="299"/>
<String CONTENT="New" HEIGHT="52" WIDTH="141" VPOS="2976" HPOS="378"/>
<SP HEIGHT="52" WIDTH="27" VPOS="2976" HPOS="519"/>
<String CONTENT="York," HEIGHT="56" WIDTH="182" VPOS="2976" HPOS="546"/>
<SP HEIGHT="57" WIDTH="28" VPOS="2976" HPOS="728"/>
<String CONTENT="Boston" HEIGHT="53" WIDTH="219" VPOS="2977" HPOS="756"/>
<SP HEIGHT="47" WIDTH="35" VPOS="2998" HPOS="975"/>
<String CS="1" CONTENT="[etc.]" HEIGHT="61" WIDTH="119" VPOS="2984" HPOS="1010"/>
<SP HEIGHT="67" WIDTH="36" VPOS="2978" HPOS="1149"/>
<String CONTENT="C." HEIGHT="53" WIDTH="62" VPOS="2978" HPOS="1185"/>
<SP HEIGHT="54" WIDTH="34" VPOS="2979" HPOS="1247"/>
<String CONTENT="Scribner&#8217;s" HEIGHT="54" WIDTH="314" VPOS="2980" HPOS="1281"/>
<SP HEIGHT="34" WIDTH="28" VPOS="3000" HPOS="1595"/>
<String CONTENT="sons" HEIGHT="34" WIDTH="129" VPOS="3000" HPOS="1623"/>
<SP HEIGHT="45" WIDTH="34" VPOS="3002" HPOS="1752"/>
<String CS="1" CONTENT="["/>
<String STYLE="superscript" CS="1" CONTENT="&#7580;1"/>
<String CS="1" CONTENT="929]" HEIGHT="49" WIDTH="102" VPOS="2986" HPOS="1861"/>
</TextLine>
<TextLine HEIGHT="106" WIDTH="1968" VPOS="3056" HPOS="82" CS="1">
<String CONTENT="1" HEIGHT="39" WIDTH="25" VPOS="3057" HPOS="150"/>
<SP HEIGHT="40" WIDTH="28" VPOS="3057" HPOS="176"/>
<String CS="1" CONTENT="v." HEIGHT="8" WIDTH="7" VPOS="3091" HPOS="241"/>
<SP HEIGHT="41" WIDTH="57" VPOS="3058" HPOS="249"/>
<String CS="1" CONTENT="19&#189;&#7580;&#7504;." HEIGHT="41" WIDTH="147" VPOS="3057" HPOS="307"/>
<SP/>
<String CONTENT="(Half-title:" HEIGHT="50" WIDTH="300" VPOS="3058" HPOS="523"/>
<SP HEIGHT="40" WIDTH="30" VPOS="3061" HPOS="824"/>
<String CONTENT="Series" HEIGHT="40" WIDTH="161" VPOS="3061" HPOS="855"/>
<SP HEIGHT="29" WIDTH="29" VPOS="3072" HPOS="1017"/>
<String CONTENT="on" HEIGHT="28" WIDTH="59" VPOS="3073" HPOS="1047"/>
<SP HEIGHT="29" WIDTH="31" VPOS="3073" HPOS="1107"/>
<String CONTENT="childhood" HEIGHT="42" WIDTH="258" VPOS="3061" HPOS="1139"/>
<SP HEIGHT="38" WIDTH="31" VPOS="3064" HPOS="1398"/>
<String CONTENT="education," HEIGHT="43" WIDTH="272" VPOS="3063" HPOS="1430"/>
<SP HEIGHT="32" WIDTH="30" VPOS="3074" HPOS="1703"/>
<String CONTENT="ed." HEIGHT="40" WIDTH="73" VPOS="3065" HPOS="1734"/>
<SP HEIGHT="38" WIDTH="31" VPOS="3066" HPOS="1808"/>
<String CS="1" CONTENT="by" HEIGHT="38" WIDTH="28" VPOS="3066" HPOS="1840"/>
<SP HEIGHT="39" WIDTH="30" VPOS="3066" HPOS="1903"/>
<String CS="1" CONTENT="Patty" HEIGHT="40" WIDTH="116" VPOS="3066" HPOS="1934"/>
<SP/>
<String CONTENT="S." HEIGHT="41" WIDTH="44" VPOS="3113" HPOS="82"/>
<SP HEIGHT="40" WIDTH="33" VPOS="3114" HPOS="127"/>
<String CONTENT="Hill)" HEIGHT="47" WIDTH="129" VPOS="3112" HPOS="161"/>
</TextLine>
<TextLine HEIGHT="53" WIDTH="935" VPOS="3183" HPOS="148" STYLEREFS="StyleId-2EEEBE0E-FDCB-45F8-85BF-9507B5905BD7-">
<String CONTENT="Bibliography" HEIGHT="49" WIDTH="351" VPOS="3183" HPOS="148"/>
<SP HEIGHT="36" WIDTH="26" VPOS="3196" HPOS="500"/>
<String CONTENT="at" HEIGHT="39" WIDTH="52" VPOS="3187" HPOS="527"/>
<SP HEIGHT="39" WIDTH="26" VPOS="3187" HPOS="580"/>
<String CONTENT="end" HEIGHT="39" WIDTH="91" VPOS="3186" HPOS="607"/>
<SP HEIGHT="39" WIDTH="28" VPOS="3186" HPOS="699"/>
<String CONTENT="of" HEIGHT="41" WIDTH="51" VPOS="3185" HPOS="728"/>
<SP HEIGHT="40" WIDTH="26" VPOS="3186" HPOS="780"/>
<String CONTENT="each" HEIGHT="39" WIDTH="119" VPOS="3188" HPOS="807"/>
<SP HEIGHT="48" WIDTH="28" VPOS="3188" HPOS="927"/>
<String CONTENT="part." HEIGHT="46" WIDTH="127" VPOS="3190" HPOS="956"/>
</TextLine>
<TextLine HEIGHT="115" WIDTH="1998" VPOS="3249" HPOS="86" STYLEREFS="StyleId-2EEEBE0E-FDCB-45F8-85BF-9507B5905BD7-" CS="1">
<String CONTENT="&#169;" HEIGHT="53" WIDTH="52" VPOS="3249" HPOS="86"/>
<SP HEIGHT="53" WIDTH="26" VPOS="3249" HPOS="139"/>
<String CONTENT="July" HEIGHT="48" WIDTH="115" VPOS="3254" HPOS="166"/>
<SP HEIGHT="46" WIDTH="24" VPOS="3256" HPOS="282"/>
<String CONTENT="15," HEIGHT="47" WIDTH="68" VPOS="3256" HPOS="307"/>
<SP HEIGHT="46" WIDTH="25" VPOS="3257" HPOS="376"/>
<String CS="1" CONTENT="1929;" HEIGHT="40" WIDTH="114" VPOS="3255" HPOS="402"/>
<SP HEIGHT="40" WIDTH="25" VPOS="3257" HPOS="544"/>
<String CONTENT="2c." HEIGHT="39" WIDTH="67" VPOS="3257" HPOS="570"/>
<SP HEIGHT="39" WIDTH="29" VPOS="3257" HPOS="638"/>
<String CONTENT="Sept." HEIGHT="49" WIDTH="128" VPOS="3257" HPOS="668"/>
<SP HEIGHT="39" WIDTH="25" VPOS="3259" HPOS="797"/>
<String CS="1" CONTENT="13;" HEIGHT="39" WIDTH="55" VPOS="3259" HPOS="823"/>
<SP HEIGHT="30" WIDTH="27" VPOS="3269" HPOS="907"/>
<String CONTENT="aff." HEIGHT="40" WIDTH="83" VPOS="3259" HPOS="935"/>
<SP HEIGHT="41" WIDTH="28" VPOS="3259" HPOS="1019"/>
<String CONTENT="Sept." HEIGHT="48" WIDTH="129" VPOS="3259" HPOS="1048"/>
<SP HEIGHT="38" WIDTH="25" VPOS="3261" HPOS="1178"/>
<String CS="1" CONTENT="11;" HEIGHT="39" WIDTH="53" VPOS="3260" HPOS="1204"/>
<SP HEIGHT="40" WIDTH="29" VPOS="3261" HPOS="1287"/>
<!-- cceid A3F114D8-6CFA-1014-9C3C-CEA95E7AA542 --><String CONTENT="A" HEIGHT="38" WIDTH="39" VPOS="3261" HPOS="1317"/>
<SP HEIGHT="38" WIDTH="24" VPOS="3261" HPOS="1357"/>
<String CS="1" CONTENT="13294;" HEIGHT="39" WIDTH="144" VPOS="3261" HPOS="1382"/>
<SP HEIGHT="41" WIDTH="30" VPOS="3261" HPOS="1554"/>
<String CONTENT="Charles" HEIGHT="41" WIDTH="201" VPOS="3261" HPOS="1585"/>
<SP HEIGHT="40" WIDTH="30" VPOS="3264" HPOS="1787"/>
<String CONTENT="Scribner&#8217;s" HEIGHT="40" WIDTH="266" VPOS="3264" HPOS="1818"/>
<SP/>
<String CONTENT="sons." HEIGHT="30" WIDTH="125" VPOS="3322" HPOS="153"/>
<SP HEIGHT="47" WIDTH="64" VPOS="3312" HPOS="279"/>
<String CONTENT="(29-19010)" HEIGHT="49" WIDTH="281" VPOS="3312" HPOS="344"/>
</TextLine>
<TextLine HEIGHT="64" WIDTH="468" VPOS="3406" HPOS="80" STYLEREFS="StyleId-F15DF40A-F58E-47BE-B175-36930BFB430E-">
<String CONTENT="White," HEIGHT="64" WIDTH="218" VPOS="3406" HPOS="80"/>
<SP HEIGHT="62" WIDTH="31" VPOS="3408" HPOS="299"/>
<String CONTENT="Frank." HEIGHT="55" WIDTH="217" VPOS="3408" HPOS="331"/>
</TextLine>
<TextLine HEIGHT="75" WIDTH="1872" VPOS="3485" HPOS="214" CS="1">
<String CS="1" CONTENT="&#8230;"/>
<SP HEIGHT="52" WIDTH="27" VPOS="3485" HPOS="214"/>
<String CONTENT="White" HEIGHT="53" WIDTH="196" VPOS="3485" HPOS="241"/>
<SP HEIGHT="34" WIDTH="24" VPOS="3504" HPOS="437"/>
<String CONTENT="on" HEIGHT="34" WIDTH="73" VPOS="3504" HPOS="461"/>
<SP HEIGHT="34" WIDTH="24" VPOS="3505" HPOS="534"/>
<String CONTENT="corporations," HEIGHT="68" WIDTH="413" VPOS="3487" HPOS="558"/>
<SP HEIGHT="32" WIDTH="24" VPOS="3509" HPOS="971"/>
<String CONTENT="state" HEIGHT="47" WIDTH="146" VPOS="3495" HPOS="995"/>
<SP HEIGHT="33" WIDTH="24" VPOS="3509" HPOS="1141"/>
<String CONTENT="of" HEIGHT="52" WIDTH="66" VPOS="3489" HPOS="1165"/>
<SP HEIGHT="53" WIDTH="26" VPOS="3489" HPOS="1231"/>
<String CONTENT="New" HEIGHT="52" WIDTH="140" VPOS="3491" HPOS="1257"/>
<SP HEIGHT="50" WIDTH="24" VPOS="3493" HPOS="1397"/>
<String CONTENT="York," HEIGHT="55" WIDTH="181" VPOS="3492" HPOS="1421"/>
<SP HEIGHT="35" WIDTH="27" VPOS="3512" HPOS="1602"/>
<String CONTENT="containing" HEIGHT="66" WIDTH="336" VPOS="3494" HPOS="1629"/>
<SP HEIGHT="59" WIDTH="22" VPOS="3501" HPOS="1965"/>
<String CONTENT="the" HEIGHT="52" WIDTH="99" VPOS="3496" HPOS="1987"/>
</TextLine>
<TextLine HEIGHT="77" WIDTH="2002" VPOS="3562" HPOS="82">
<String CONTENT="laws" HEIGHT="52" WIDTH="139" VPOS="3562" HPOS="82"/>
<SP HEIGHT="34" WIDTH="30" VPOS="3581" HPOS="222"/>
<String CONTENT="as" HEIGHT="34" WIDTH="61" VPOS="3581" HPOS="253"/>
<SP HEIGHT="33" WIDTH="30" VPOS="3582" HPOS="315"/>
<String CONTENT="amended" HEIGHT="52" WIDTH="274" VPOS="3565" HPOS="346"/>
<SP HEIGHT="52" WIDTH="31" VPOS="3565" HPOS="621"/>
<String CONTENT="to" HEIGHT="46" WIDTH="60" VPOS="3571" HPOS="653"/>
<SP HEIGHT="52" WIDTH="31" VPOS="3566" HPOS="714"/>
<String CONTENT="January" HEIGHT="68" WIDTH="266" VPOS="3567" HPOS="746"/>
<SP HEIGHT="64" WIDTH="33" VPOS="3571" HPOS="1013"/>
<String CONTENT="1," HEIGHT="52" WIDTH="47" VPOS="3571" HPOS="1047"/>
<SP HEIGHT="52" WIDTH="35" VPOS="3571" HPOS="1095"/>
<String CONTENT="1930," HEIGHT="55" WIDTH="152" VPOS="3570" HPOS="1131"/>
<SP HEIGHT="48" WIDTH="32" VPOS="3577" HPOS="1284"/>
<String CONTENT="together" HEIGHT="68" WIDTH="262" VPOS="3570" HPOS="1317"/>
<SP HEIGHT="33" WIDTH="31" VPOS="3590" HPOS="1580"/>
<String CONTENT="with" HEIGHT="52" WIDTH="139" VPOS="3572" HPOS="1612"/>
<SP HEIGHT="53" WIDTH="34" VPOS="3572" HPOS="1752"/>
<String CONTENT="decisions," HEIGHT="57" WIDTH="297" VPOS="3572" HPOS="1787"/>
</TextLine>
<TextLine HEIGHT="74" WIDTH="2000" VPOS="3641" HPOS="84" CS="1">
<String CONTENT="commentaries," HEIGHT="58" WIDTH="446" VPOS="3641" HPOS="84"/>
<SP HEIGHT="57" WIDTH="36" VPOS="3642" HPOS="531"/>
<String CONTENT="forms" HEIGHT="54" WIDTH="181" VPOS="3642" HPOS="568"/>
<SP HEIGHT="33" WIDTH="37" VPOS="3663" HPOS="750"/>
<String CONTENT="and" HEIGHT="52" WIDTH="112" VPOS="3645" HPOS="788"/>
<SP HEIGHT="68" WIDTH="37" VPOS="3645" HPOS="901"/>
<String CONTENT="precedents," HEIGHT="68" WIDTH="351" VPOS="3646" HPOS="939"/>
<SP HEIGHT="55" WIDTH="33" VPOS="3646" HPOS="1291"/>
<String CS="1" CONTENT="by" HEIGHT="52" WIDTH="36" VPOS="3646" HPOS="1325"/>
<SP HEIGHT="54" WIDTH="35" VPOS="3647" HPOS="1404"/>
<String CONTENT="Hon." HEIGHT="53" WIDTH="155" VPOS="3647" HPOS="1440"/>
<SP HEIGHT="51" WIDTH="37" VPOS="3649" HPOS="1596"/>
<String CONTENT="Frank" HEIGHT="54" WIDTH="200" VPOS="3649" HPOS="1634"/>
<SP HEIGHT="55" WIDTH="34" VPOS="3649" HPOS="1835"/>
<String CONTENT="White," HEIGHT="58" WIDTH="214" VPOS="3649" HPOS="1870"/>
</TextLine>
<TextLine HEIGHT="80" WIDTH="1944" VPOS="3718" HPOS="140" CS="1">
<String CS="1" CONTENT="M." HEIGHT="9" WIDTH="9" VPOS="3760" HPOS="140"/>
<SP HEIGHT="34" WIDTH="31" VPOS="3735" HPOS="150"/>
<String CS="1" CONTENT="A." HEIGHT="10" WIDTH="8" VPOS="3761" HPOS="223"/>
<SP HEIGHT="52" WIDTH="68" VPOS="3719" HPOS="232"/>
<String CONTENT="Bender" HEIGHT="53" WIDTH="228" VPOS="3719" HPOS="301"/>
<SP HEIGHT="33" WIDTH="28" VPOS="3739" HPOS="530"/>
<String CONTENT="ed." HEIGHT="52" WIDTH="83" VPOS="3721" HPOS="559"/>
<SP HEIGHT="52" WIDTH="31" VPOS="3721" HPOS="643"/>
<String CONTENT="by" HEIGHT="68" WIDTH="76" VPOS="3721" HPOS="675"/>
<SP HEIGHT="67" WIDTH="28" VPOS="3722" HPOS="752"/>
<String CONTENT="Alden" HEIGHT="53" WIDTH="192" VPOS="3722" HPOS="781"/>
<SP HEIGHT="52" WIDTH="28" VPOS="3723" HPOS="974"/>
<String CONTENT="I." HEIGHT="51" WIDTH="48" VPOS="3723" HPOS="1003"/>
<SP HEIGHT="51" WIDTH="33" VPOS="3724" HPOS="1052"/>
<String CONTENT="Rosbrook" HEIGHT="54" WIDTH="298" VPOS="3723" HPOS="1086"/>
<SP HEIGHT="52" WIDTH="36" VPOS="3724" HPOS="1385"/>
<String CS="1" CONTENT="&#8230;"/>
<SP HEIGHT="32" WIDTH="36" VPOS="3745" HPOS="1477"/>
<String CONTENT="with" HEIGHT="52" WIDTH="139" VPOS="3726" HPOS="1514"/>
<SP HEIGHT="52" WIDTH="34" VPOS="3726" HPOS="1654"/>
<String CONTENT="foreword" HEIGHT="55" WIDTH="282" VPOS="3726" HPOS="1689"/>
<SP HEIGHT="55" WIDTH="36" VPOS="3726" HPOS="1972"/>
<String CONTENT="by" HEIGHT="72" WIDTH="75" VPOS="3726" HPOS="2009"/>
</TextLine>
<TextLine HEIGHT="147" WIDTH="1976" VPOS="3794" HPOS="84" CS="1">
<String CONTENT="Louis" HEIGHT="54" WIDTH="175" VPOS="3794" HPOS="84"/>
<SP HEIGHT="53" WIDTH="21" VPOS="3795" HPOS="260"/>
<String CONTENT="Marshall;" HEIGHT="58" WIDTH="311" VPOS="3795" HPOS="282"/>
<SP HEIGHT="37" WIDTH="27" VPOS="3816" HPOS="594"/>
<String CONTENT="with" HEIGHT="53" WIDTH="140" VPOS="3798" HPOS="622"/>
<SP HEIGHT="52" WIDTH="26" VPOS="3799" HPOS="763"/>
<String CONTENT="introduction" HEIGHT="53" WIDTH="391" VPOS="3799" HPOS="790"/>
<SP HEIGHT="53" WIDTH="25" VPOS="3800" HPOS="1182"/>
<String CONTENT="by" HEIGHT="69" WIDTH="76" VPOS="3800" HPOS="1208"/>
<SP HEIGHT="67" WIDTH="23" VPOS="3802" HPOS="1285"/>
<String CONTENT="Frank" HEIGHT="52" WIDTH="200" VPOS="3802" HPOS="1309"/>
<SP HEIGHT="55" WIDTH="26" VPOS="3803" HPOS="1510"/>
<String CONTENT="S." HEIGHT="55" WIDTH="55" VPOS="3803" HPOS="1537"/>
<SP HEIGHT="56" WIDTH="30" VPOS="3803" HPOS="1593"/>
<String CONTENT="Sharp" HEIGHT="71" WIDTH="189" VPOS="3803" HPOS="1624"/>
<SP HEIGHT="49" WIDTH="32" VPOS="3825" HPOS="1814"/>
<String CS="1" CONTENT="&#8230;"/>
<SP HEIGHT="54" WIDTH="79" VPOS="3806" HPOS="1903"/>
<String CONTENT="Albany," HEIGHT="139" WIDTH="1976" VPOS="3802" HPOS="84"/>
</TextLine>
<TextLine HEIGHT="149" WIDTH="1975" VPOS="3872" HPOS="84" CS="1">
<String CONTENT="N." HEIGHT="52" WIDTH="70" VPOS="3873" HPOS="286"/>
<SP HEIGHT="50" WIDTH="33" VPOS="3875" HPOS="357"/>
<String CS="1" CONTENT="Y.," HEIGHT="50" WIDTH="57" VPOS="3875" HPOS="391"/>
<SP HEIGHT="35" WIDTH="33" VPOS="3893" HPOS="483"/>
<String CONTENT="and" HEIGHT="51" WIDTH="107" VPOS="3876" HPOS="517"/>
<SP HEIGHT="51" WIDTH="36" VPOS="3876" HPOS="625"/>
<String CONTENT="New" HEIGHT="52" WIDTH="140" VPOS="3876" HPOS="662"/>
<SP HEIGHT="52" WIDTH="33" VPOS="3877" HPOS="803"/>
<String CONTENT="York." HEIGHT="52" WIDTH="179" VPOS="3877" HPOS="837"/>
<SP HEIGHT="51" WIDTH="33" VPOS="3878" HPOS="1017"/>
<String CONTENT="N." HEIGHT="52" WIDTH="69" VPOS="3878" HPOS="1051"/>
<SP HEIGHT="53" WIDTH="36" VPOS="3877" HPOS="1121"/>
<String CS="1" CONTENT="Y.," HEIGHT="52" WIDTH="56" VPOS="3877" HPOS="1158"/>
<SP HEIGHT="55" WIDTH="32" VPOS="3878" HPOS="1249"/>
<String CONTENT="Matthew" HEIGHT="54" WIDTH="279" VPOS="3879" HPOS="1282"/>
<SP HEIGHT="51" WIDTH="33" VPOS="3883" HPOS="1562"/>
<String CONTENT="Bender" HEIGHT="54" WIDTH="228" VPOS="3882" HPOS="1596"/>
<SP HEIGHT="50" WIDTH="31" VPOS="3886" HPOS="1825"/>
<String CONTENT="&amp;" HEIGHT="50" WIDTH="45" VPOS="3886" HPOS="1857"/>
<SP HEIGHT="50" WIDTH="33" VPOS="3886" HPOS="1903"/>
<String CONTENT="company." HEIGHT="122" WIDTH="1975" VPOS="3899" HPOS="84"/>
<SP HEIGHT="52" WIDTH="36" VPOS="3951" HPOS="256"/>
<String CS="1" CONTENT="inc.," HEIGHT="54" WIDTH="127" VPOS="3951" HPOS="293"/>
<SP HEIGHT="49" WIDTH="38" VPOS="3956" HPOS="421"/>
<String CONTENT="1929." HEIGHT="48" WIDTH="148" VPOS="3956" HPOS="460"/>
</TextLine>
</TextBlock>
</PrintSpace>
</Page>
</Layout>
</alto>