2533 4342
1313 3996 134 49 1518

449 399 1281 51 ix, 255, xxxvii p. incl. front., illus., diagrs. 20 ᶜᵐ.
450 457 349 47 Bibliography:
858 469 43 36 p.
929 456 219 42 251-255.

388 511 52 51 ©
469 515 129 48 Sept.
626 515 68 47 13,
722 515 114 39 1929;
891 516 68 40 2c.
989 516 130 47 Sept.
1147 515 81 47 24;
1262 515 128 48 Sept.
1416 516 82 47 20;
1531 517 40 38 A
1598 517 171 47 13594;
1800 518 172 40 Alfred
2000 519 55 40 A.
2084 519 179 47 Knopf,
2292 519 92 41 inc.

464 571 281 49 (29-20261)

388 665 229 65 Reclus,
648 667 281 65 Maurice,
965 673 172 49 1883-

513 745 1246 70 … Monsieur Thiers. Paris, Plon [1929]
385 827 1986 104 5 p. l., 341 p., 1 l. 19 ᶜᵐ. ( Half-title : Le roman des grandes existences. 26)
388 937 52 52 ©
472 943 114 46 May
616 942 39 47 6,
686 941 118 40 1929;
919 975 8 7 1c.
959 943 128 39 June
1117 943 53 38 21;
1232 943 102 39 A—
1336 943 207 48 Foreign
1575 945 142 45 3541;
1753 945 242 40 Librairie
2026 946 134 40 Plon.

464 998 280 49 (29-20601)

384 1095 277 64 Recouly,
689 1096 330 64 Raymond,
1051 1098 171 53 1876-

457 1176 184 65 Foch;
693 1195 97 49 my
838 1176 425 53 conversations
1312 1176 141 53 with
1501 1177 94 51 the
1644 1177 270 55 marshal,
1961 1178 75 69 by
2085 1177 302 69 Raymond

388 1253 1998 70 Recouly; translated by Joyce Davis, B . A . New York, D.
384 1331 297 69 Appleton
706 1333 113 52 and
847 1350 300 51 company,
1177 1335 150 50 1929.

451 1412 1162 50 xiii, 319, [1] p. front. (port.) facsim. 21½ᶜᵐ.
454 1470 147 39 “This
641 1471 190 39 volume
870 1469 225 41 contains
1134 1481 130 29 some
1305 1471 52 39 of
1397 1472 82 38 the
1520 1471 261 48 absorbing
1820 1471 366 40 conversations
2229 1474 20 37 I
2291 1473 94 39 had

384 1527 114 40 with
531 1528 80 39 the
641 1528 213 38 marshal
886 1528 179 46 during
1092 1528 81 39 the
1203 1529 77 38 ten
1310 1538 142 36 years
1479 1528 126 38 from
1638 1528 115 39 1919
1782 1530 48 38 to
1862 1530 81 39 the
1972 1530 89 38 end
2091 1529 52 39 of
2170 1529 217 40 1928.”—

380 1584 128 40 Pref.

386 1638 52 51 ©
475 1642 127 48 Sept.
634 1642 56 39 27,
738 1641 141 46 1929;
915 1641 68 42 2c.
1020 1642 128 48 Sept.
1181 1642 58 41 30;
1301 1642 80 40 aff.
1420 1642 129 49 Sept.
1582 1643 25 38 28;
1704 1643 37 39 A
1776 1643 169 46 12641;
1983 1645 57 39 D.
2075 1644 239 47 Appleton
2349 1644 37 39 &

453 1710 67 29 co.
586 1699 281 48 (29-20232)

386 1793 279 64 Robbins,
694 1794 256 54 William
978 1795 201 62 Jacob,
1211 1800 167 49 1890-

447 1871 359 68 Laboratory
845 1871 371 53 instructions
1255 1872 93 51 for
1386 1873 229 63 general
1653 1873 230 65 botany,
1920 1873 74 68 by
2031 1873 260 54 William
2330 1874 55 54 J.

378 1947 2007 64 Robbins … and Harold W. Rickett … New York, D. Van
378 2026 291 53 Nostrand
705 2044 300 51 company.
1040 2026 127 64 inc.,
1206 2030 149 49 1929.

445 2110 562 49 2 p. l. , [3]-101 p. 23½ᶜᵐ.
449 2167 129 40 “The
606 2168 143 39 order
776 2166 51 40 of
855 2167 82 39 the
963 2166 256 42 exercises,
1250 2166 128 40 their
1407 2169 209 39 content,
1647 2168 93 38 and
1774 2168 127 39 their
1934 2167 316 49 terminology
378 2180 1988 82 conform

532 2226 49 37 to
608 2224 81 38 the
717 2225 105 38 text
848 2223 124 40 book
1001 2222 52 40 of
1079 2223 181 47 botany
1287 2223 59 44 by
1374 2224 81 38 the
1482 2233 132 29 same
1643 2223 444 42 authors.”—Pref.

387 2276 52 52 ©
469 2281 128 40 June
624 2280 69 48 15,
725 2278 116 41 1929;
896 2280 68 40 2c.
994 2280 120 48 Aug.
1145 2280 49 38 21;
1261 2279 81 41 aff.
1375 2281 116 47 July
1520 2280 83 47 24;
1636 2280 41 39 A
1706 2280 171 47 10399;
1912 2282 58 40 D.
2001 2282 106 39 Van
2136 2282 249 40 Nostrand

454 2348 81 36 co.,
566 2337 91 40 inc.
726 2336 282 49 (29-20289)

381 2432 185 63 Rolla,
594 2431 194 65 Luigi,
818 2438 171 49 1882-

509 2510 1444 69 … Le terre rare. Bologna, N. Zanichelli, 1929.
446 2590 1110 51 4 p. l. , [3]-279 p. incl. tables, diagrs. 24 ᶜᵐ.
448 2648 1472 48 At head of title: Luigi Rolla … Lorenzo Fernandes …
448 2705 415 48 Bibliographical
893 2705 280 41 foot-notes.

376 2760 1990 107 CONTENTS. — pt. 1. I metodi fisici. — pt. 2. Dei metodi di frazionamento.—pt.
714 2818 42 41 3.
787 2817 251 42 Caratteri
1065 2817 209 42 chimici.

383 2873 52 52 ©
467 2877 116 46 July
616 2877 40 47 1,
689 2876 141 46 1929;
895 2887 37 30 1c.
966 2877 118 48 July
1116 2877 81 46 27;
1233 2876 312 43 A—Foreign
1577 2876 144 45 3863;
1758 2876 124 40 Casa
1946 2876 172 40 editrice
2152 2876 56 38 N.
452 2874 1912 99 Zanichelli.
677 2932 280 49 (29-20575)

382 3013 223 65 Sadler,
634 3014 256 54 William
920 3014 258 65 Samuel,
1211 3015 169 54 1875-

453 3094 122 52 The
604 3094 161 52 mind
797 3098 59 47 at
887 3093 295 66 mischief;
1215 3093 178 54 tricks
1425 3095 111 52 and
1571 3095 327 66 deceptions
1929 3094 64 51 of
2025 3094 96 52 the
384 3093 1976 132 subconscious

605 3170 1719 71 and how to cope with them, by William S. Sadler …
383 3248 1939 71 introductions by Robert H. Gault … and Meyer Solomon …
385 3329 138 53 New
553 3328 163 52 York
744 3329 114 52 and
887 3329 260 68 London,
1175 3328 171 52 Funk
1372 3330 46 49 &
1444 3329 302 67 Wagnalls
1775 3346 298 50 company,
2104 3331 149 49 1929.

514 3438 9 17 xv,
551 3407 89 41 400
667 3418 42 37 p.
770 3407 56 41 23½ᶜᵐ.

384 3460 52 52 ©
473 3464 128 49 Sept.
633 3465 70 48 20,
738 3465 142 46 1929;
917 3465 67 41 2c.
1020 3467 96 39 and
1151 3464 81 42 aff.
1269 3465 102 40 Oct.
1404 3465 53 47 2;
1494 3465 41 39 A
1569 3465 144 40 12792;
1778 3465 141 39 Funk
1954 3465 36 39 &
2024 3465 251 47 Wagnalls
2310 3475 69 29 co.

462 3521 279 48 (29-20311)

384 3602 229 64 Schott,
643 3603 135 54 Carl
804 3603 197 63 Peter,
1032 3608 170 49 1886-

452 3681 270 67 Physical
761 3682 303 53 education
1100 3683 60 51 in
1195 3683 95 52 the
1327 3682 239 68 colleges
1601 3681 65 53 of
1701 3682 95 53 the
1832 3680 218 55 United
2086 3680 296 52 Lutheran

378 3758 210 53 church
634 3759 60 51 in
739 3758 297 67 America;
1084 3777 30 33 a
1162 3776 206 50 survey
1413 3759 113 51 and
1573 3776 290 50 program,
1909 3758 76 67 by
2031 3756 136 55 Carl
2212 3758 171 51 Peter

385 3835 1972 150 Schott … New York city, Teachers college, Columbia university, 1929.
