<alto xmlns="http://www.loc.gov/standards/alto/ns-v3#" xmlns:xlink="http://www.w3.org/1999/xlink" xmlns:xsi="http://www.w3.org/2001/XMLSchema-instance" xsi:schemaLocation="http://www.loc.gov/standards/alto/ns-v3# http://www.loc.gov/alto/v3/alto-3-0.xsd"><Description>
<MeasurementUnit>pixel</MeasurementUnit>
<sourceImageInformation>
<fileName>1929_v26_part001.pdf</fileName>
</sourceImageInformation>
<OCRProcessing ID="IdOcr">
<ocrProcessingStep>
<processingDateTime>2019-04-18</processingDateTime>
<processingSoftware>
<softwareCreator>ABBYY</softwareCreator>
<softwareName>ABBYY Recognition Server</softwareName>
<softwareVersion>4.0</softwareVersion>
</processingSoftware>
</ocrProcessingStep>
</OCRProcessing>
</Description>
<Styles>
<ParagraphStyle ID="StyleId-FFFFFFFF-FFFF-FFFF-FFFF-FFFFFFFFFFFF-" ALIGN="Left" LEFT="0." RIGHT="0." FIRSTLINE="0."/>
<ParagraphStyle ID="StyleId-11A520CB-49B0-4D42-A675-089886D5B704-" ALIGN="Center" LEFT="0." RIGHT="0." FIRSTLINE="0." LINESPACE="7.699999809"/>
<ParagraphStyle ID="StyleId-2AEC4724-E584-48A1-8E6D-86B1AA154223-" ALIGN="Left" LEFT="0." RIGHT="0." FIRSTLINE="0." LINESPACE="12.19999981"/>
<ParagraphStyle ID="StyleId-5ADCDE1D-F34B-405C-A765-E9B51F6229BD-" ALIGN="Left" LEFT="0." RIGHT="0." FIRSTLINE="-13." LINESPACE="8.050000191"/>
<ParagraphStyle ID="StyleId-D0AEFB96-F81D-4367-8545-C0AC945FA34C-" ALIGN="Block" LEFT="0." RIGHT="0." FIRSTLINE="-13." LINESPACE="8.899999619"/>
<ParagraphStyle ID="StyleId-9A3BB592-4BA4-4F85-B157-B9A7F1FC9680-" ALIGN="Left" LEFT="0." RIGHT="0." FIRSTLINE="0."/>
<ParagraphStyle ID="StyleId-E9D6144A-CFDC-4919-911D-02B0461DB967-" ALIGN="Left" LEFT="0." RIGHT="0." FIRSTLINE="-13." LINESPACE="23.43000031"/>
<ParagraphStyle ID="StyleId-EEECFC68-AAC5-42B1-B3BF-987799B5B74A-" ALIGN="Block" LEFT="0." RIGHT="0." FIRSTLINE="0." LINESPACE="23.43000031"/>
<ParagraphStyle ID="StyleId-98D20B11-A9BB-4FAB-8DC8-DC8C43F3755E-" ALIGN="Left" LEFT="0." RIGHT="0." FIRSTLINE="0." LINESPACE="10.5"/>
<ParagraphStyle ID="StyleId-C279DBAD-2656-4352-93E6-C942618B09B1-" ALIGN="Block" LEFT="0." RIGHT="0." FIRSTLINE="-13." LINESPACE="8.770000458"/>
<ParagraphStyle ID="StyleId-A539B2D0-654F-45BA-9385-D7E681D9BD87-" ALIGN="Block" LEFT="0." RIGHT="0." FIRSTLINE="0." LINESPACE="8.18999958"/>
<ParagraphStyle ID="StyleId-CFE66565-54F2-45CF-9511-65151219B0BC-" ALIGN="Left" LEFT="0." RIGHT="0." FIRSTLINE="-12." LINESPACE="12.19999981"/>
<ParagraphStyle ID="StyleId-37B60A95-D7B9-4720-9D46-F2E763AAD699-" ALIGN="Block" LEFT="0." RIGHT="0." FIRSTLINE="0." LINESPACE="12.19999981"/>
<ParagraphStyle ID="StyleId-255154CA-71AA-47B9-A5EB-ED90642010CE-" ALIGN="Block" LEFT="0." RIGHT="0." FIRSTLINE="13." LINESPACE="7.900000095"/>
<ParagraphStyle ID="StyleId-4618FB06-20CA-4F95-9CA2-829603EE887D-" ALIGN="Block" LEFT="0." RIGHT="0." FIRSTLINE="0." LINESPACE="10."/>
<ParagraphStyle ID="StyleId-61F9B98E-BA82-4DCF-809A-0C5481162321-" ALIGN="Left" LEFT="0." RIGHT="0." FIRSTLINE="-13." LINESPACE="8.479999542"/>
<ParagraphStyle ID="StyleId-16A4FB0C-4CB7-44C8-846E-AF89DD76FC73-" ALIGN="Left" LEFT="0." RIGHT="0." FIRSTLINE="0." LINESPACE="11.10000038"/>
<ParagraphStyle ID="StyleId-8CC01B24-9D1D-45D5-B954-83ECA9EA3425-" ALIGN="Left" LEFT="0." RIGHT="0." FIRSTLINE="-13." LINESPACE="8.050000191"/>
<ParagraphStyle ID="StyleId-3DB8CD3F-AD17-4DD7-8361-787A6A426C72-" ALIGN="Block" LEFT="0." RIGHT="0." FIRSTLINE="13." LINESPACE="7.900000095"/>
</Styles>
<Layout>
<Page ID="Page964" PHYSICAL_IMG_NR="964" HEIGHT="4384" WIDTH="2547">
<TopMargin HEIGHT="354" WIDTH="2547" VPOS="0" HPOS="0">
</TopMargin>
<LeftMargin HEIGHT="3628" WIDTH="366" VPOS="354" HPOS="0">
</LeftMargin>
<RightMargin HEIGHT="3628" WIDTH="137" VPOS="354" HPOS="2410">
</RightMargin>
<BottomMargin HEIGHT="402" WIDTH="2547" VPOS="3982" HPOS="0">
<TextBlock ID="Page964_Block1" HEIGHT="72" WIDTH="124" VPOS="4014" HPOS="1316" LANG="en-US" STYLEREFS="StyleId-79B5F017-DD12-4127-97BC-5F129C904861-">
<TextLine HEIGHT="52" WIDTH="103" VPOS="4024" HPOS="1327">
<String CONTENT="964" HEIGHT="52" WIDTH="103" VPOS="4024" HPOS="1327"/>
</TextLine>
</TextBlock>
</BottomMargin>
<PrintSpace HEIGHT="3628" WIDTH="2044" VPOS="354" HPOS="366">
<TextBlock ID="Page964_Block2" HEIGHT="3628" WIDTH="2044" VPOS="354" HPOS="366" LANG="en-US" CS="1" STYLEREFS="StyleId-B48E8AB1-0C76-47B2-AF9E-8310C163482A-">
<TextLine HEIGHT="42" WIDTH="475" VPOS="524" HPOS="457">
<String CONTENT="&#8220;Second" HEIGHT="42" WIDTH="214" VPOS="524" HPOS="457"/>
<SP HEIGHT="40" WIDTH="29" VPOS="525" HPOS="672"/>
<String CONTENT="edition.&#8221;" HEIGHT="42" WIDTH="230" VPOS="524" HPOS="702"/>
</TextLine>
<TextLine HEIGHT="50" WIDTH="1938" VPOS="581" HPOS="458">
<String CONTENT="&#8220;Books" HEIGHT="39" WIDTH="189" VPOS="583" HPOS="458"/>
<SP HEIGHT="39" WIDTH="45" VPOS="583" HPOS="648"/>
<String CONTENT="dealing" HEIGHT="48" WIDTH="196" VPOS="582" HPOS="694"/>
<SP HEIGHT="38" WIDTH="43" VPOS="592" HPOS="891"/>
<String CONTENT="with" HEIGHT="41" WIDTH="119" VPOS="581" HPOS="935"/>
<SP HEIGHT="39" WIDTH="46" VPOS="583" HPOS="1055"/>
<String CONTENT="the" HEIGHT="39" WIDTH="82" VPOS="583" HPOS="1102"/>
<SP HEIGHT="39" WIDTH="42" VPOS="583" HPOS="1185"/>
<String CONTENT="development" HEIGHT="47" WIDTH="337" VPOS="583" HPOS="1228"/>
<SP HEIGHT="37" WIDTH="45" VPOS="586" HPOS="1566"/>
<String CONTENT="and" HEIGHT="39" WIDTH="96" VPOS="584" HPOS="1612"/>
<SP HEIGHT="39" WIDTH="47" VPOS="584" HPOS="1709"/>
<String CONTENT="training" HEIGHT="48" WIDTH="218" VPOS="583" HPOS="1757"/>
<SP HEIGHT="37" WIDTH="45" VPOS="594" HPOS="1976"/>
<String CONTENT="of" HEIGHT="40" WIDTH="52" VPOS="583" HPOS="2022"/>
<SP HEIGHT="41" WIDTH="42" VPOS="583" HPOS="2075"/>
<String CONTENT="children&#8221;:" HEIGHT="40" WIDTH="278" VPOS="584" HPOS="2118"/>
</TextLine>
<TextLine HEIGHT="50" WIDTH="1727" VPOS="639" HPOS="387">
<String CONTENT="p." HEIGHT="36" WIDTH="41" VPOS="650" HPOS="387"/>
<SP HEIGHT="40" WIDTH="31" VPOS="639" HPOS="429"/>
<String CONTENT="251-265;" HEIGHT="46" WIDTH="231" VPOS="639" HPOS="461"/>
<SP HEIGHT="46" WIDTH="39" VPOS="639" HPOS="693"/>
<String CONTENT="Selected" HEIGHT="41" WIDTH="215" VPOS="639" HPOS="733"/>
<SP HEIGHT="40" WIDTH="35" VPOS="639" HPOS="949"/>
<String CONTENT="list" HEIGHT="40" WIDTH="83" VPOS="639" HPOS="985"/>
<SP HEIGHT="37" WIDTH="32" VPOS="642" HPOS="1069"/>
<String CONTENT="of" HEIGHT="40" WIDTH="51" VPOS="639" HPOS="1102"/>
<SP HEIGHT="39" WIDTH="32" VPOS="639" HPOS="1154"/>
<String CONTENT="reading" HEIGHT="46" WIDTH="201" VPOS="639" HPOS="1187"/>
<SP HEIGHT="46" WIDTH="30" VPOS="639" HPOS="1389"/>
<String CONTENT="for" HEIGHT="40" WIDTH="79" VPOS="639" HPOS="1420"/>
<SP HEIGHT="31" WIDTH="33" VPOS="651" HPOS="1500"/>
<String CONTENT="children:" HEIGHT="43" WIDTH="247" VPOS="639" HPOS="1534"/>
<SP HEIGHT="37" WIDTH="37" VPOS="652" HPOS="1782"/>
<String CONTENT="p." HEIGHT="37" WIDTH="40" VPOS="652" HPOS="1820"/>
<SP HEIGHT="40" WIDTH="33" VPOS="641" HPOS="1861"/>
<String CONTENT="223-231." HEIGHT="41" WIDTH="219" VPOS="641" HPOS="1895"/>
</TextLine>
<TextLine HEIGHT="110" WIDTH="1988" VPOS="693" HPOS="389" CS="1">
<String CONTENT="&#169;" HEIGHT="52" WIDTH="52" VPOS="693" HPOS="389"/>
<SP HEIGHT="52" WIDTH="29" VPOS="693" HPOS="442"/>
<String CONTENT="June" HEIGHT="40" WIDTH="128" VPOS="697" HPOS="472"/>
<SP HEIGHT="39" WIDTH="26" VPOS="698" HPOS="601"/>
<String CONTENT="7," HEIGHT="47" WIDTH="39" VPOS="698" HPOS="628"/>
<SP HEIGHT="48" WIDTH="29" VPOS="697" HPOS="668"/>
<String CONTENT="1929;" HEIGHT="46" WIDTH="142" VPOS="696" HPOS="698"/>
<SP HEIGHT="45" WIDTH="30" VPOS="697" HPOS="841"/>
<String CONTENT="2c." HEIGHT="39" WIDTH="68" VPOS="697" HPOS="872"/>
<SP HEIGHT="39" WIDTH="29" VPOS="697" HPOS="941"/>
<String CONTENT="June" HEIGHT="39" WIDTH="127" VPOS="697" HPOS="971"/>
<SP HEIGHT="40" WIDTH="28" VPOS="696" HPOS="1099"/>
<String CONTENT="25;" HEIGHT="48" WIDTH="83" VPOS="696" HPOS="1128"/>
<SP HEIGHT="37" WIDTH="29" VPOS="707" HPOS="1212"/>
<String CONTENT="aff." HEIGHT="40" WIDTH="83" VPOS="696" HPOS="1242"/>
<SP HEIGHT="40" WIDTH="29" VPOS="697" HPOS="1326"/>
<String CONTENT="June" HEIGHT="40" WIDTH="127" VPOS="697" HPOS="1356"/>
<SP HEIGHT="39" WIDTH="27" VPOS="698" HPOS="1484"/>
<String CONTENT="24;" HEIGHT="46" WIDTH="83" VPOS="698" HPOS="1512"/>
<SP HEIGHT="46" WIDTH="32" VPOS="698" HPOS="1596"/>
<!-- cceid 9D59D395-6CFA-1014-9C3C-CEA95E7AA542 --><String CONTENT="A" HEIGHT="39" WIDTH="41" VPOS="698" HPOS="1629"/>
<SP HEIGHT="40" WIDTH="26" VPOS="697" HPOS="1671"/>
<String CONTENT="9908;" HEIGHT="48" WIDTH="143" VPOS="697" HPOS="1698"/>
<SP HEIGHT="46" WIDTH="33" VPOS="699" HPOS="1842"/>
<String CONTENT="University" HEIGHT="49" WIDTH="284" VPOS="697" HPOS="1876"/>
<SP HEIGHT="37" WIDTH="31" VPOS="709" HPOS="2161"/>
<String CONTENT="of" HEIGHT="40" WIDTH="52" VPOS="698" HPOS="2193"/>
<SP HEIGHT="39" WIDTH="29" VPOS="698" HPOS="2246"/>
<String CONTENT="Minnesota." HEIGHT="97" WIDTH="1920" VPOS="697" HPOS="457"/>
<SP HEIGHT="49" WIDTH="65" VPOS="754" HPOS="644"/>
<String CONTENT="(29-13721)" HEIGHT="51" WIDTH="283" VPOS="752" HPOS="710"/>
</TextLine>
<TextLine HEIGHT="71" WIDTH="1941" VPOS="837" HPOS="456" STYLEREFS="StyleId-3B1C3620-4313-4EA3-873C-4BB5C0C5553D-">
<String CONTENT="Nursing" HEIGHT="69" WIDTH="259" VPOS="838" HPOS="456"/>
<SP HEIGHT="51" WIDTH="36" VPOS="856" HPOS="716"/>
<String CONTENT="procedures;" HEIGHT="66" WIDTH="368" VPOS="840" HPOS="753"/>
<SP HEIGHT="47" WIDTH="39" VPOS="857" HPOS="1122"/>
<String CONTENT="a" HEIGHT="33" WIDTH="32" VPOS="857" HPOS="1162"/>
<SP HEIGHT="34" WIDTH="33" VPOS="856" HPOS="1195"/>
<String CONTENT="manual" HEIGHT="50" WIDTH="232" VPOS="840" HPOS="1229"/>
<SP HEIGHT="50" WIDTH="35" VPOS="840" HPOS="1462"/>
<String CONTENT="used" HEIGHT="52" WIDTH="136" VPOS="839" HPOS="1498"/>
<SP HEIGHT="53" WIDTH="35" VPOS="838" HPOS="1635"/>
<String CONTENT="in" HEIGHT="52" WIDTH="58" VPOS="838" HPOS="1671"/>
<SP HEIGHT="46" WIDTH="34" VPOS="845" HPOS="1730"/>
<String CONTENT="the" HEIGHT="52" WIDTH="96" VPOS="839" HPOS="1765"/>
<SP HEIGHT="46" WIDTH="33" VPOS="845" HPOS="1862"/>
<String CONTENT="teaching" HEIGHT="70" WIDTH="269" VPOS="838" HPOS="1896"/>
<SP HEIGHT="52" WIDTH="33" VPOS="856" HPOS="2166"/>
<String CONTENT="of" HEIGHT="54" WIDTH="65" VPOS="837" HPOS="2200"/>
<SP HEIGHT="53" WIDTH="34" VPOS="837" HPOS="2266"/>
<String CONTENT="the" HEIGHT="52" WIDTH="96" VPOS="838" HPOS="2301"/>
</TextLine>
<TextLine HEIGHT="68" WIDTH="2010" VPOS="917" HPOS="388" STYLEREFS="StyleId-3B1C3620-4313-4EA3-873C-4BB5C0C5553D-">
<String CONTENT="principles" HEIGHT="68" WIDTH="311" VPOS="917" HPOS="388"/>
<SP HEIGHT="33" WIDTH="35" VPOS="936" HPOS="700"/>
<String CONTENT="and" HEIGHT="51" WIDTH="113" VPOS="918" HPOS="736"/>
<SP HEIGHT="66" WIDTH="35" VPOS="918" HPOS="850"/>
<String CONTENT="practice" HEIGHT="67" WIDTH="249" VPOS="917" HPOS="886"/>
<SP HEIGHT="34" WIDTH="33" VPOS="936" HPOS="1136"/>
<String CONTENT="of" HEIGHT="53" WIDTH="64" VPOS="917" HPOS="1170"/>
<SP HEIGHT="52" WIDTH="31" VPOS="917" HPOS="1235"/>
<String CONTENT="nursing" HEIGHT="68" WIDTH="243" VPOS="917" HPOS="1267"/>
<SP HEIGHT="67" WIDTH="32" VPOS="918" HPOS="1511"/>
<String CONTENT="in" HEIGHT="51" WIDTH="59" VPOS="918" HPOS="1544"/>
<SP HEIGHT="47" WIDTH="32" VPOS="923" HPOS="1604"/>
<String CONTENT="the" HEIGHT="53" WIDTH="95" VPOS="917" HPOS="1637"/>
<SP HEIGHT="33" WIDTH="34" VPOS="936" HPOS="1733"/>
<String CONTENT="associated" HEIGHT="53" WIDTH="313" VPOS="917" HPOS="1768"/>
<SP HEIGHT="53" WIDTH="32" VPOS="917" HPOS="2082"/>
<String CONTENT="hospitals" HEIGHT="67" WIDTH="283" VPOS="917" HPOS="2115"/>
</TextLine>
<TextLine HEIGHT="71" WIDTH="2008" VPOS="994" HPOS="390" STYLEREFS="StyleId-3B1C3620-4313-4EA3-873C-4BB5C0C5553D-">
<String CONTENT="in" HEIGHT="51" WIDTH="58" VPOS="996" HPOS="390"/>
<SP HEIGHT="46" WIDTH="32" VPOS="1001" HPOS="449"/>
<String CONTENT="the" HEIGHT="52" WIDTH="93" VPOS="996" HPOS="482"/>
<SP HEIGHT="53" WIDTH="34" VPOS="995" HPOS="576"/>
<String CONTENT="University" HEIGHT="69" WIDTH="341" VPOS="995" HPOS="611"/>
<SP HEIGHT="50" WIDTH="29" VPOS="1014" HPOS="953"/>
<String CONTENT="of" HEIGHT="53" WIDTH="65" VPOS="995" HPOS="983"/>
<SP HEIGHT="51" WIDTH="30" VPOS="995" HPOS="1049"/>
<String CONTENT="Minnesota" HEIGHT="54" WIDTH="326" VPOS="994" HPOS="1080"/>
<SP HEIGHT="34" WIDTH="32" VPOS="1014" HPOS="1407"/>
<String CONTENT="school" HEIGHT="53" WIDTH="191" VPOS="995" HPOS="1440"/>
<SP HEIGHT="52" WIDTH="35" VPOS="996" HPOS="1632"/>
<String CONTENT="of" HEIGHT="53" WIDTH="63" VPOS="995" HPOS="1668"/>
<SP HEIGHT="52" WIDTH="33" VPOS="995" HPOS="1732"/>
<String CONTENT="nursing," HEIGHT="68" WIDTH="259" VPOS="996" HPOS="1766"/>
<SP HEIGHT="67" WIDTH="32" VPOS="996" HPOS="2026"/>
<String CONTENT="by" HEIGHT="69" WIDTH="76" VPOS="996" HPOS="2059"/>
<SP HEIGHT="70" WIDTH="31" VPOS="995" HPOS="2136"/>
<String CONTENT="Marion" HEIGHT="52" WIDTH="230" VPOS="995" HPOS="2168"/>
</TextLine>
<TextLine HEIGHT="69" WIDTH="2011" VPOS="1072" HPOS="386" STYLEREFS="StyleId-3B1C3620-4313-4EA3-873C-4BB5C0C5553D-" CS="1">
<String CONTENT="L." HEIGHT="53" WIDTH="63" VPOS="1074" HPOS="386"/>
<SP HEIGHT="53" WIDTH="42" VPOS="1074" HPOS="450"/>
<String CONTENT="Vannier" HEIGHT="52" WIDTH="258" VPOS="1074" HPOS="493"/>
<SP HEIGHT="32" WIDTH="44" VPOS="1093" HPOS="752"/>
<String CS="1" CONTENT="&#8230;"/>
<SP HEIGHT="34" WIDTH="45" VPOS="1092" HPOS="854"/>
<String CONTENT="and" HEIGHT="52" WIDTH="113" VPOS="1074" HPOS="900"/>
<SP HEIGHT="52" WIDTH="40" VPOS="1074" HPOS="1014"/>
<String CONTENT="Barbara" HEIGHT="54" WIDTH="261" VPOS="1073" HPOS="1055"/>
<SP HEIGHT="54" WIDTH="39" VPOS="1073" HPOS="1317"/>
<String CONTENT="A." HEIGHT="54" WIDTH="71" VPOS="1073" HPOS="1357"/>
<SP HEIGHT="53" WIDTH="41" VPOS="1074" HPOS="1429"/>
<String CONTENT="Thompson" HEIGHT="67" WIDTH="331" VPOS="1074" HPOS="1471"/>
<SP HEIGHT="33" WIDTH="48" VPOS="1093" HPOS="1803"/>
<String CS="1" CONTENT="&#8230;"/>
<SP HEIGHT="51" WIDTH="81" VPOS="1074" HPOS="1909"/>
<String CONTENT="Minneapolis," HEIGHT="69" WIDTH="406" VPOS="1072" HPOS="1991"/>
</TextLine>
<TextLine HEIGHT="70" WIDTH="1366" VPOS="1151" HPOS="387" STYLEREFS="StyleId-3B1C3620-4313-4EA3-873C-4BB5C0C5553D-" CS="1">
<String CONTENT="The" HEIGHT="53" WIDTH="122" VPOS="1152" HPOS="387"/>
<SP HEIGHT="54" WIDTH="28" VPOS="1151" HPOS="510"/>
<String CONTENT="University" HEIGHT="70" WIDTH="341" VPOS="1151" HPOS="539"/>
<SP HEIGHT="49" WIDTH="30" VPOS="1172" HPOS="881"/>
<String CONTENT="of" HEIGHT="54" WIDTH="64" VPOS="1151" HPOS="912"/>
<SP HEIGHT="52" WIDTH="27" VPOS="1151" HPOS="977"/>
<String CONTENT="Minnesota" HEIGHT="54" WIDTH="327" VPOS="1151" HPOS="1005"/>
<SP HEIGHT="49" WIDTH="31" VPOS="1170" HPOS="1333"/>
<String CONTENT="press" HEIGHT="49" WIDTH="157" VPOS="1170" HPOS="1365"/>
<SP HEIGHT="46" WIDTH="36" VPOS="1172" HPOS="1523"/>
<String STYLE="subscript" CONTENT="[" HEIGHT="33" WIDTH="12" VPOS="1185" HPOS="1560"/>
<String STYLE="superscript" CS="1" CONTENT="&#7580;1"/>
<String CONTENT="929" HEIGHT="49" WIDTH="100" VPOS="1154" HPOS="1635"/>
<String STYLE="subscript" CONTENT="]" HEIGHT="34" WIDTH="11" VPOS="1185" HPOS="1742"/>
</TextLine>
<TextLine HEIGHT="49" WIDTH="760" VPOS="1232" HPOS="453" CS="1">
<String CONTENT="5" HEIGHT="39" WIDTH="25" VPOS="1233" HPOS="453"/>
<SP HEIGHT="48" WIDTH="29" VPOS="1233" HPOS="479"/>
<String CONTENT="p." HEIGHT="37" WIDTH="42" VPOS="1244" HPOS="509"/>
<SP HEIGHT="39" WIDTH="28" VPOS="1234" HPOS="552"/>
<String CS="1" CONTENT="l.,"/>
<SP HEIGHT="48" WIDTH="29" VPOS="1232" HPOS="625"/>
<String CONTENT="245" HEIGHT="40" WIDTH="87" VPOS="1232" HPOS="655"/>
<SP HEIGHT="49" WIDTH="27" VPOS="1232" HPOS="743"/>
<String CONTENT="p." HEIGHT="38" WIDTH="45" VPOS="1243" HPOS="771"/>
<SP HEIGHT="41" WIDTH="58" VPOS="1233" HPOS="817"/>
<String CONTENT="illus." HEIGHT="41" WIDTH="130" VPOS="1233" HPOS="876"/>
<SP HEIGHT="42" WIDTH="57" VPOS="1232" HPOS="1007"/>
<String CS="1" CONTENT="23&#189;&#7580;&#7504;." HEIGHT="41" WIDTH="148" VPOS="1232" HPOS="1065"/>
</TextLine>
<TextLine HEIGHT="50" WIDTH="1944" VPOS="1290" HPOS="453">
<String CONTENT="A" HEIGHT="38" WIDTH="39" VPOS="1291" HPOS="453"/>
<SP HEIGHT="39" WIDTH="33" VPOS="1291" HPOS="493"/>
<String CONTENT="new" HEIGHT="29" WIDTH="107" VPOS="1301" HPOS="527"/>
<SP HEIGHT="31" WIDTH="31" VPOS="1300" HPOS="635"/>
<String CONTENT="edition" HEIGHT="42" WIDTH="185" VPOS="1290" HPOS="667"/>
<SP HEIGHT="31" WIDTH="36" VPOS="1301" HPOS="853"/>
<String CONTENT="of" HEIGHT="40" WIDTH="51" VPOS="1290" HPOS="890"/>
<SP HEIGHT="39" WIDTH="32" VPOS="1290" HPOS="942"/>
<String CONTENT="Procedures" HEIGHT="40" WIDTH="301" VPOS="1290" HPOS="975"/>
<SP HEIGHT="29" WIDTH="33" VPOS="1301" HPOS="1277"/>
<String CONTENT="used" HEIGHT="39" WIDTH="119" VPOS="1291" HPOS="1311"/>
<SP HEIGHT="39" WIDTH="32" VPOS="1290" HPOS="1431"/>
<String CONTENT="in" HEIGHT="39" WIDTH="50" VPOS="1290" HPOS="1464"/>
<SP HEIGHT="38" WIDTH="35" VPOS="1292" HPOS="1515"/>
<String CONTENT="the" HEIGHT="40" WIDTH="82" VPOS="1291" HPOS="1551"/>
<SP HEIGHT="39" WIDTH="32" VPOS="1292" HPOS="1634"/>
<String CONTENT="teaching" HEIGHT="48" WIDTH="229" VPOS="1290" HPOS="1667"/>
<SP HEIGHT="37" WIDTH="31" VPOS="1301" HPOS="1897"/>
<String CONTENT="of" HEIGHT="40" WIDTH="52" VPOS="1291" HPOS="1929"/>
<SP HEIGHT="40" WIDTH="35" VPOS="1291" HPOS="1982"/>
<String CONTENT="the" HEIGHT="39" WIDTH="81" VPOS="1292" HPOS="2018"/>
<SP HEIGHT="37" WIDTH="34" VPOS="1302" HPOS="2100"/>
<String CONTENT="principles" HEIGHT="49" WIDTH="262" VPOS="1291" HPOS="2135"/>
</TextLine>
<TextLine HEIGHT="51" WIDTH="2014" VPOS="1346" HPOS="383">
<String CONTENT="and" HEIGHT="39" WIDTH="94" VPOS="1349" HPOS="383"/>
<SP HEIGHT="46" WIDTH="38" VPOS="1349" HPOS="478"/>
<String CONTENT="practice" HEIGHT="48" WIDTH="215" VPOS="1347" HPOS="517"/>
<SP HEIGHT="29" WIDTH="37" VPOS="1358" HPOS="733"/>
<String CONTENT="of" HEIGHT="39" WIDTH="51" VPOS="1348" HPOS="771"/>
<SP HEIGHT="39" WIDTH="34" VPOS="1348" HPOS="823"/>
<String CONTENT="nursing" HEIGHT="45" WIDTH="205" VPOS="1347" HPOS="858"/>
<SP HEIGHT="34" WIDTH="34" VPOS="1358" HPOS="1064"/>
<String CONTENT="at" HEIGHT="38" WIDTH="50" VPOS="1350" HPOS="1099"/>
<SP HEIGHT="39" WIDTH="38" VPOS="1349" HPOS="1150"/>
<String CONTENT="the" HEIGHT="38" WIDTH="82" VPOS="1349" HPOS="1189"/>
<SP HEIGHT="29" WIDTH="37" VPOS="1358" HPOS="1272"/>
<String CONTENT="associated" HEIGHT="42" WIDTH="276" VPOS="1346" HPOS="1310"/>
<SP HEIGHT="39" WIDTH="35" VPOS="1348" HPOS="1587"/>
<String CONTENT="hospitals" HEIGHT="49" WIDTH="241" VPOS="1347" HPOS="1623"/>
<SP HEIGHT="29" WIDTH="36" VPOS="1359" HPOS="1865"/>
<String CONTENT="of" HEIGHT="40" WIDTH="52" VPOS="1348" HPOS="1902"/>
<SP HEIGHT="41" WIDTH="35" VPOS="1348" HPOS="1955"/>
<String CONTENT="the" HEIGHT="40" WIDTH="83" VPOS="1349" HPOS="1991"/>
<SP HEIGHT="40" WIDTH="38" VPOS="1349" HPOS="2075"/>
<String CONTENT="University" HEIGHT="49" WIDTH="283" VPOS="1348" HPOS="2114"/>
</TextLine>
<TextLine HEIGHT="49" WIDTH="1965" VPOS="1404" HPOS="382" CS="1">
<String CONTENT="of" HEIGHT="39" WIDTH="51" VPOS="1406" HPOS="382"/>
<SP HEIGHT="39" WIDTH="40" VPOS="1406" HPOS="434"/>
<String CONTENT="Minnesota" HEIGHT="39" WIDTH="275" VPOS="1406" HPOS="475"/>
<SP HEIGHT="30" WIDTH="40" VPOS="1415" HPOS="751"/>
<String CONTENT="school" HEIGHT="39" WIDTH="162" VPOS="1406" HPOS="792"/>
<SP HEIGHT="38" WIDTH="41" VPOS="1406" HPOS="955"/>
<String CONTENT="of" HEIGHT="40" WIDTH="50" VPOS="1404" HPOS="997"/>
<SP HEIGHT="39" WIDTH="39" VPOS="1404" HPOS="1048"/>
<String CONTENT="nursing" HEIGHT="49" WIDTH="205" VPOS="1404" HPOS="1088"/>
<SP HEIGHT="38" WIDTH="38" VPOS="1415" HPOS="1294"/>
<String CONTENT="revised" HEIGHT="40" WIDTH="187" VPOS="1404" HPOS="1333"/>
<SP HEIGHT="39" WIDTH="44" VPOS="1405" HPOS="1521"/>
<String CONTENT="by" HEIGHT="47" WIDTH="60" VPOS="1405" HPOS="1566"/>
<SP HEIGHT="46" WIDTH="39" VPOS="1406" HPOS="1627"/>
<String CONTENT="Barbara" HEIGHT="40" WIDTH="220" VPOS="1405" HPOS="1667"/>
<SP HEIGHT="39" WIDTH="43" VPOS="1406" HPOS="1888"/>
<String CONTENT="A." HEIGHT="40" WIDTH="54" VPOS="1406" HPOS="1932"/>
<SP HEIGHT="40" WIDTH="39" VPOS="1406" HPOS="1987"/>
<String CONTENT="Thompson" HEIGHT="47" WIDTH="277" VPOS="1406" HPOS="2027"/>
<SP HEIGHT="29" WIDTH="42" VPOS="1417" HPOS="2305"/>
<String CS="1" CONTENT="&#8230;"/>
</TextLine>
<TextLine HEIGHT="49" WIDTH="2014" VPOS="1462" HPOS="382" CS="1">
<String CONTENT="Lana" HEIGHT="39" WIDTH="133" VPOS="1463" HPOS="382"/>
<SP HEIGHT="38" WIDTH="34" VPOS="1464" HPOS="516"/>
<String CONTENT="Babcock" HEIGHT="40" WIDTH="225" VPOS="1463" HPOS="551"/>
<SP HEIGHT="39" WIDTH="36" VPOS="1463" HPOS="777"/>
<String CS="1" CONTENT="&#8230;"/>
<SP HEIGHT="29" WIDTH="40" VPOS="1482" HPOS="863"/>
<String CS="1" CONTENT="[and" HEIGHT="39" WIDTH="96" VPOS="1463" HPOS="918"/>
<SP HEIGHT="39" WIDTH="35" VPOS="1463" HPOS="1015"/>
<String CONTENT="others]" HEIGHT="48" WIDTH="180" VPOS="1463" HPOS="1051"/>
<SP HEIGHT="38" WIDTH="36" VPOS="1473" HPOS="1232"/>
<String CONTENT="published" HEIGHT="48" WIDTH="258" VPOS="1462" HPOS="1269"/>
<SP HEIGHT="40" WIDTH="35" VPOS="1462" HPOS="1528"/>
<String CONTENT="in" HEIGHT="39" WIDTH="50" VPOS="1462" HPOS="1564"/>
<SP HEIGHT="27" WIDTH="34" VPOS="1474" HPOS="1615"/>
<String CONTENT="mimeograph" HEIGHT="49" WIDTH="332" VPOS="1462" HPOS="1650"/>
<SP HEIGHT="41" WIDTH="33" VPOS="1463" HPOS="1983"/>
<String CONTENT="form" HEIGHT="40" WIDTH="127" VPOS="1463" HPOS="2017"/>
<SP HEIGHT="38" WIDTH="37" VPOS="1464" HPOS="2145"/>
<String CONTENT="in" HEIGHT="38" WIDTH="47" VPOS="1464" HPOS="2183"/>
<SP HEIGHT="38" WIDTH="36" VPOS="1465" HPOS="2231"/>
<String CONTENT="1928." HEIGHT="41" WIDTH="128" VPOS="1462" HPOS="2268"/>
</TextLine>
<TextLine HEIGHT="48" WIDTH="662" VPOS="1519" HPOS="451">
<String CONTENT="Contains" HEIGHT="41" WIDTH="235" VPOS="1520" HPOS="451"/>
<SP HEIGHT="40" WIDTH="30" VPOS="1520" HPOS="687"/>
<String CONTENT="bibliographies." HEIGHT="48" WIDTH="395" VPOS="1519" HPOS="718"/>
</TextLine>
<TextLine HEIGHT="109" WIDTH="1991" VPOS="1574" HPOS="385" CS="1">
<String CONTENT="&#169;" HEIGHT="52" WIDTH="52" VPOS="1574" HPOS="385"/>
<SP HEIGHT="52" WIDTH="30" VPOS="1574" HPOS="438"/>
<String CONTENT="June" HEIGHT="39" WIDTH="127" VPOS="1579" HPOS="469"/>
<SP HEIGHT="39" WIDTH="27" VPOS="1579" HPOS="597"/>
<String CONTENT="1," HEIGHT="44" WIDTH="39" VPOS="1579" HPOS="625"/>
<SP HEIGHT="44" WIDTH="28" VPOS="1579" HPOS="665"/>
<String CONTENT="1929;" HEIGHT="47" WIDTH="142" VPOS="1577" HPOS="694"/>
<SP HEIGHT="47" WIDTH="31" VPOS="1577" HPOS="837"/>
<String CONTENT="2c." HEIGHT="40" WIDTH="67" VPOS="1577" HPOS="869"/>
<SP HEIGHT="41" WIDTH="30" VPOS="1576" HPOS="937"/>
<String CONTENT="June" HEIGHT="40" WIDTH="128" VPOS="1576" HPOS="968"/>
<SP HEIGHT="39" WIDTH="26" VPOS="1577" HPOS="1097"/>
<String CONTENT="22;" HEIGHT="48" WIDTH="82" VPOS="1576" HPOS="1124"/>
<SP HEIGHT="36" WIDTH="31" VPOS="1588" HPOS="1207"/>
<String CONTENT="aff." HEIGHT="41" WIDTH="83" VPOS="1576" HPOS="1239"/>
<SP HEIGHT="41" WIDTH="29" VPOS="1576" HPOS="1323"/>
<String CONTENT="June" HEIGHT="41" WIDTH="128" VPOS="1576" HPOS="1353"/>
<SP HEIGHT="41" WIDTH="27" VPOS="1576" HPOS="1482"/>
<String CONTENT="21;" HEIGHT="48" WIDTH="82" VPOS="1576" HPOS="1510"/>
<SP HEIGHT="47" WIDTH="34" VPOS="1577" HPOS="1593"/>
<!-- cceid 9D5A9173-6CFA-1014-9C3C-CEA95E7AA542 --><String CONTENT="A" HEIGHT="39" WIDTH="39" VPOS="1577" HPOS="1628"/>
<SP HEIGHT="40" WIDTH="28" VPOS="1577" HPOS="1668"/>
<String CONTENT="9846;" HEIGHT="47" WIDTH="142" VPOS="1577" HPOS="1697"/>
<SP HEIGHT="46" WIDTH="32" VPOS="1578" HPOS="1840"/>
<String CONTENT="University" HEIGHT="48" WIDTH="285" VPOS="1577" HPOS="1873"/>
<SP HEIGHT="37" WIDTH="31" VPOS="1588" HPOS="2159"/>
<String CONTENT="of" HEIGHT="39" WIDTH="51" VPOS="1578" HPOS="2191"/>
<SP HEIGHT="39" WIDTH="29" VPOS="1578" HPOS="2243"/>
<String CONTENT="Minnesota." HEIGHT="99" WIDTH="1922" VPOS="1577" HPOS="454"/>
<SP HEIGHT="48" WIDTH="62" VPOS="1635" HPOS="640"/>
<String CONTENT="(29-13730)" HEIGHT="50" WIDTH="282" VPOS="1633" HPOS="703"/>
</TextLine>
<TextLine HEIGHT="147" WIDTH="2012" VPOS="1729" HPOS="383" STYLEREFS="StyleId-3B1C3620-4313-4EA3-873C-4BB5C0C5553D-" CS="1">
<String CONTENT="Mississippi" HEIGHT="64" WIDTH="364" VPOS="1729" HPOS="383"/>
<SP HEIGHT="54" WIDTH="27" VPOS="1730" HPOS="748"/>
<String CONTENT="and" HEIGHT="52" WIDTH="112" VPOS="1732" HPOS="776"/>
<SP HEIGHT="55" WIDTH="32" VPOS="1730" HPOS="889"/>
<String CONTENT="Southern" HEIGHT="55" WIDTH="286" VPOS="1730" HPOS="922"/>
<SP HEIGHT="33" WIDTH="28" VPOS="1749" HPOS="1209"/>
<String CONTENT="reporter" HEIGHT="63" WIDTH="258" VPOS="1735" HPOS="1238"/>
<SP HEIGHT="51" WIDTH="25" VPOS="1731" HPOS="1497"/>
<String CONTENT="digest" HEIGHT="67" WIDTH="187" VPOS="1731" HPOS="1523"/>
<SP HEIGHT="47" WIDTH="30" VPOS="1735" HPOS="1711"/>
<String CS="1" CONTENT="&#8230;"/>
<SP HEIGHT="55" WIDTH="79" VPOS="1729" HPOS="1799"/>
<String CONTENT="Cumulative" HEIGHT="55" WIDTH="365" VPOS="1729" HPOS="1879"/>
<SP HEIGHT="33" WIDTH="29" VPOS="1750" HPOS="2245"/>
<String CONTENT="current" HEIGHT="113" WIDTH="1918" VPOS="1748" HPOS="455"/>
<SP HEIGHT="63" WIDTH="46" VPOS="1813" HPOS="584"/>
<String CONTENT="pamphlet" HEIGHT="68" WIDTH="297" VPOS="1808" HPOS="631"/>
<SP HEIGHT="47" WIDTH="51" VPOS="1813" HPOS="929"/>
<String CONTENT="service," HEIGHT="67" WIDTH="230" VPOS="1807" HPOS="981"/>
<SP HEIGHT="68" WIDTH="48" VPOS="1806" HPOS="1212"/>
<String CONTENT="June," HEIGHT="68" WIDTH="170" VPOS="1806" HPOS="1261"/>
<SP HEIGHT="64" WIDTH="52" VPOS="1810" HPOS="1432"/>
<String CONTENT="1929." HEIGHT="50" WIDTH="151" VPOS="1809" HPOS="1485"/>
<SP HEIGHT="34" WIDTH="85" VPOS="1825" HPOS="1637"/>
<String CONTENT="no." HEIGHT="34" WIDTH="89" VPOS="1825" HPOS="1723"/>
<SP HEIGHT="49" WIDTH="51" VPOS="1810" HPOS="1813"/>
<String CONTENT="2" HEIGHT="48" WIDTH="31" VPOS="1810" HPOS="1865"/>
<SP HEIGHT="49" WIDTH="56" VPOS="1810" HPOS="1897"/>
<String CS="1" CONTENT="&#8230;"/>
<SP HEIGHT="55" WIDTH="81" VPOS="1806" HPOS="2010"/>
<String CONTENT="St." HEIGHT="55" WIDTH="83" VPOS="1806" HPOS="2092"/>
<SP HEIGHT="53" WIDTH="51" VPOS="1807" HPOS="2176"/>
<String CONTENT="Paul," HEIGHT="67" WIDTH="167" VPOS="1807" HPOS="2228"/>
</TextLine>
<TextLine HEIGHT="69" WIDTH="1095" VPOS="1886" HPOS="456" STYLEREFS="StyleId-3B1C3620-4313-4EA3-873C-4BB5C0C5553D-" CS="1">
<String CONTENT="Minn.," HEIGHT="55" WIDTH="202" VPOS="1889" HPOS="456"/>
<SP HEIGHT="56" WIDTH="26" VPOS="1888" HPOS="659"/>
<String CONTENT="West" HEIGHT="53" WIDTH="163" VPOS="1888" HPOS="686"/>
<SP HEIGHT="59" WIDTH="28" VPOS="1895" HPOS="850"/>
<String CONTENT="publishing" HEIGHT="69" WIDTH="336" VPOS="1886" HPOS="879"/>
<SP HEIGHT="50" WIDTH="26" VPOS="1905" HPOS="1216"/>
<String CONTENT="co." HEIGHT="35" WIDTH="79" VPOS="1905" HPOS="1243"/>
<SP HEIGHT="34" WIDTH="35" VPOS="1919" HPOS="1323"/>
<String CONTENT="[" HEIGHT="34" WIDTH="11" VPOS="1919" HPOS="1359"/>
<String STYLE="superscript" CS="1" CONTENT="&#7580;1"/>
<String CONTENT="929]" HEIGHT="65" WIDTH="118" VPOS="1888" HPOS="1433"/>
</TextLine>
<TextLine HEIGHT="48" WIDTH="445" VPOS="1969" HPOS="451" STYLEREFS="StyleId-3B1C3620-4313-4EA3-873C-4BB5C0C5553D-" CS="1">
<String CONTENT="iii," HEIGHT="48" WIDTH="67" VPOS="1969" HPOS="451"/>
<SP HEIGHT="47" WIDTH="33" VPOS="1970" HPOS="519"/>
<String CONTENT="312" HEIGHT="41" WIDTH="84" VPOS="1969" HPOS="553"/>
<SP HEIGHT="48" WIDTH="33" VPOS="1969" HPOS="638"/>
<String CONTENT="p." HEIGHT="38" WIDTH="43" VPOS="1979" HPOS="672"/>
<SP HEIGHT="39" WIDTH="60" VPOS="1969" HPOS="716"/>
<String CS="1" CONTENT="24&#7580;&#7504;." HEIGHT="9" WIDTH="9" VPOS="2000" HPOS="887"/>
</TextLine>
<TextLine HEIGHT="52" WIDTH="1677" VPOS="2022" HPOS="384">
<String CONTENT="&#169;" HEIGHT="52" WIDTH="52" VPOS="2022" HPOS="384"/>
<SP HEIGHT="52" WIDTH="24" VPOS="2022" HPOS="437"/>
<String CONTENT="June" HEIGHT="39" WIDTH="128" VPOS="2027" HPOS="462"/>
<SP HEIGHT="39" WIDTH="22" VPOS="2027" HPOS="591"/>
<String CONTENT="10," HEIGHT="49" WIDTH="68" VPOS="2024" HPOS="614"/>
<SP HEIGHT="47" WIDTH="25" VPOS="2026" HPOS="683"/>
<String CONTENT="1929;" HEIGHT="46" WIDTH="142" VPOS="2025" HPOS="709"/>
<SP HEIGHT="46" WIDTH="26" VPOS="2025" HPOS="852"/>
<String CONTENT="2c." HEIGHT="40" WIDTH="69" VPOS="2025" HPOS="879"/>
<SP HEIGHT="30" WIDTH="23" VPOS="2035" HPOS="949"/>
<String CONTENT="and" HEIGHT="38" WIDTH="96" VPOS="2026" HPOS="973"/>
<SP HEIGHT="38" WIDTH="25" VPOS="2026" HPOS="1070"/>
<String CONTENT="aff." HEIGHT="40" WIDTH="83" VPOS="2024" HPOS="1096"/>
<SP HEIGHT="40" WIDTH="25" VPOS="2024" HPOS="1180"/>
<String CONTENT="July" HEIGHT="48" WIDTH="116" VPOS="2024" HPOS="1206"/>
<SP HEIGHT="48" WIDTH="24" VPOS="2024" HPOS="1323"/>
<String CONTENT="8;" HEIGHT="47" WIDTH="52" VPOS="2024" HPOS="1348"/>
<SP HEIGHT="47" WIDTH="26" VPOS="2024" HPOS="1401"/>
<!-- cceid 9D5B3B50-6CFA-1014-9C3C-CEA95E7AA542 --><String CONTENT="A" HEIGHT="39" WIDTH="43" VPOS="2024" HPOS="1428"/>
<SP HEIGHT="39" WIDTH="21" VPOS="2024" HPOS="1472"/>
<String CONTENT="11119;" HEIGHT="47" WIDTH="171" VPOS="2024" HPOS="1494"/>
<SP HEIGHT="46" WIDTH="27" VPOS="2025" HPOS="1666"/>
<String CONTENT="West" HEIGHT="40" WIDTH="135" VPOS="2025" HPOS="1694"/>
<SP HEIGHT="46" WIDTH="25" VPOS="2026" HPOS="1830"/>
<String CONTENT="pub." HEIGHT="48" WIDTH="110" VPOS="2024" HPOS="1856"/>
<SP HEIGHT="29" WIDTH="24" VPOS="2036" HPOS="1967"/>
<String CONTENT="co." HEIGHT="31" WIDTH="69" VPOS="2034" HPOS="1992"/>
</TextLine>
<TextLine HEIGHT="69" WIDTH="849" VPOS="2106" HPOS="391" STYLEREFS="StyleId-E98A2CF5-6E40-4E84-9700-085DBAE14AF1-">
<String CONTENT="[Naismith," HEIGHT="68" WIDTH="344" VPOS="2107" HPOS="391"/>
<SP HEIGHT="62" WIDTH="29" VPOS="2108" HPOS="736"/>
<String CONTENT="Charles]" HEIGHT="67" WIDTH="264" VPOS="2106" HPOS="766"/>
<SP HEIGHT="60" WIDTH="35" VPOS="2113" HPOS="1031"/>
<String CONTENT="1877-" HEIGHT="54" WIDTH="173" VPOS="2107" HPOS="1067"/>
</TextLine>
<TextLine HEIGHT="69" WIDTH="1944" VPOS="2184" HPOS="449" STYLEREFS="StyleId-3B1C3620-4313-4EA3-873C-4BB5C0C5553D-">
<String CONTENT="Jesus" HEIGHT="55" WIDTH="168" VPOS="2185" HPOS="449"/>
<SP HEIGHT="36" WIDTH="31" VPOS="2203" HPOS="618"/>
<String CONTENT="and" HEIGHT="52" WIDTH="114" VPOS="2186" HPOS="650"/>
<SP HEIGHT="53" WIDTH="30" VPOS="2185" HPOS="765"/>
<String CONTENT="Aimee;" HEIGHT="65" WIDTH="229" VPOS="2185" HPOS="796"/>
<SP HEIGHT="48" WIDTH="34" VPOS="2202" HPOS="1026"/>
<String CONTENT="a" HEIGHT="34" WIDTH="32" VPOS="2202" HPOS="1061"/>
<SP HEIGHT="35" WIDTH="30" VPOS="2202" HPOS="1094"/>
<String CONTENT="startling" HEIGHT="68" WIDTH="274" VPOS="2185" HPOS="1125"/>
<SP HEIGHT="63" WIDTH="29" VPOS="2190" HPOS="1400"/>
<String CONTENT="truth" HEIGHT="53" WIDTH="162" VPOS="2184" HPOS="1430"/>
<SP HEIGHT="52" WIDTH="31" VPOS="2184" HPOS="1593"/>
<String CONTENT="in" HEIGHT="52" WIDTH="59" VPOS="2184" HPOS="1625"/>
<SP HEIGHT="50" WIDTH="33" VPOS="2202" HPOS="1685"/>
<String CONTENT="prose" HEIGHT="50" WIDTH="164" VPOS="2202" HPOS="1719"/>
<SP HEIGHT="34" WIDTH="33" VPOS="2203" HPOS="1884"/>
<String CONTENT="and" HEIGHT="53" WIDTH="112" VPOS="2184" HPOS="1918"/>
<SP HEIGHT="69" WIDTH="34" VPOS="2184" HPOS="2031"/>
<String CONTENT="poetry," HEIGHT="62" WIDTH="221" VPOS="2191" HPOS="2066"/>
<SP HEIGHT="65" WIDTH="32" VPOS="2184" HPOS="2288"/>
<String CONTENT="by" HEIGHT="68" WIDTH="72" VPOS="2184" HPOS="2321"/>
</TextLine>
<TextLine HEIGHT="68" WIDTH="1462" VPOS="2263" HPOS="377" STYLEREFS="StyleId-3B1C3620-4313-4EA3-873C-4BB5C0C5553D-" CS="1">
<String CONTENT="Arthur" HEIGHT="52" WIDTH="226" VPOS="2264" HPOS="377"/>
<SP HEIGHT="52" WIDTH="21" VPOS="2264" HPOS="604"/>
<String CONTENT="Reid" HEIGHT="53" WIDTH="148" VPOS="2263" HPOS="626"/>
<SP HEIGHT="66" WIDTH="30" VPOS="2264" HPOS="775"/>
<String CS="1" CONTENT="[pseud.]" HEIGHT="68" WIDTH="212" VPOS="2263" HPOS="826"/>
<SP HEIGHT="33" WIDTH="33" VPOS="2296" HPOS="1039"/>
<String CS="1" CONTENT="&#8230;"/>
<SP HEIGHT="33" WIDTH="84" VPOS="2296" HPOS="1130"/>
<String CS="1" CONTENT="[Los" HEIGHT="53" WIDTH="113" VPOS="2263" HPOS="1232"/>
<SP HEIGHT="53" WIDTH="19" VPOS="2263" HPOS="1346"/>
<String CONTENT="Angeles]" HEIGHT="68" WIDTH="268" VPOS="2263" HPOS="1366"/>
<SP HEIGHT="60" WIDTH="28" VPOS="2269" HPOS="1635"/>
<String STYLE="superscript" CS="1" CONTENT="&#7580;1"/>
<String CONTENT="929." HEIGHT="50" WIDTH="117" VPOS="2265" HPOS="1722"/>
</TextLine>
<TextLine HEIGHT="50" WIDTH="565" VPOS="2346" HPOS="450" CS="1">
<String CONTENT="1" HEIGHT="38" WIDTH="22" VPOS="2348" HPOS="450"/>
<SP/>
<String CONTENT="p." HEIGHT="39" WIDTH="43" VPOS="2357" HPOS="496"/>
<SP HEIGHT="39" WIDTH="19" VPOS="2348" HPOS="540"/>
<String CS="1" CONTENT="l.,"/>
<SP HEIGHT="48" WIDTH="21" VPOS="2346" HPOS="605"/>
<String CONTENT="5-60" HEIGHT="40" WIDTH="118" VPOS="2346" HPOS="627"/>
<SP HEIGHT="49" WIDTH="18" VPOS="2346" HPOS="746"/>
<String CONTENT="p." HEIGHT="39" WIDTH="43" VPOS="2356" HPOS="765"/>
<SP HEIGHT="39" WIDTH="59" VPOS="2347" HPOS="809"/>
<String CS="1" CONTENT="17&#189;&#7580;&#7504;." HEIGHT="41" WIDTH="146" VPOS="2346" HPOS="869"/>
</TextLine>
<TextLine HEIGHT="52" WIDTH="2006" VPOS="2400" HPOS="383" CS="1">
<String CONTENT="&#169;" HEIGHT="52" WIDTH="52" VPOS="2400" HPOS="383"/>
<SP HEIGHT="52" WIDTH="39" VPOS="2400" HPOS="436"/>
<String CONTENT="May" HEIGHT="46" WIDTH="114" VPOS="2406" HPOS="476"/>
<SP HEIGHT="48" WIDTH="37" VPOS="2404" HPOS="591"/>
<String CONTENT="8," HEIGHT="48" WIDTH="39" VPOS="2404" HPOS="629"/>
<SP HEIGHT="47" WIDTH="37" VPOS="2405" HPOS="669"/>
<String CONTENT="1929;" HEIGHT="47" WIDTH="142" VPOS="2402" HPOS="707"/>
<SP/>
<String CS="1" CONTENT="1c."/>
<SP HEIGHT="39" WIDTH="39" VPOS="2405" HPOS="959"/>
<String CONTENT="May" HEIGHT="46" WIDTH="114" VPOS="2405" HPOS="999"/>
<SP HEIGHT="47" WIDTH="37" VPOS="2404" HPOS="1114"/>
<String CONTENT="28;" HEIGHT="47" WIDTH="84" VPOS="2403" HPOS="1152"/>
<SP/>
<String CS="1" CONTENT="1c."/>
<SP HEIGHT="40" WIDTH="40" VPOS="2404" HPOS="1346"/>
<String CONTENT="May" HEIGHT="47" WIDTH="114" VPOS="2404" HPOS="1387"/>
<SP HEIGHT="47" WIDTH="38" VPOS="2404" HPOS="1502"/>
<String CONTENT="14;" HEIGHT="47" WIDTH="82" VPOS="2404" HPOS="1541"/>
<SP HEIGHT="37" WIDTH="42" VPOS="2414" HPOS="1624"/>
<String CONTENT="aff." HEIGHT="42" WIDTH="83" VPOS="2402" HPOS="1667"/>
<SP HEIGHT="40" WIDTH="39" VPOS="2404" HPOS="1751"/>
<String CONTENT="May" HEIGHT="47" WIDTH="114" VPOS="2404" HPOS="1791"/>
<SP HEIGHT="47" WIDTH="39" VPOS="2404" HPOS="1906"/>
<String CONTENT="13;" HEIGHT="47" WIDTH="82" VPOS="2403" HPOS="1946"/>
<SP HEIGHT="47" WIDTH="41" VPOS="2403" HPOS="2029"/>
<!-- cceid 9D5BF761-6CFA-1014-9C3C-CEA95E7AA542 --><String CONTENT="A" HEIGHT="39" WIDTH="40" VPOS="2403" HPOS="2071"/>
<SP HEIGHT="40" WIDTH="39" VPOS="2403" HPOS="2112"/>
<String CONTENT="9346;" HEIGHT="47" WIDTH="143" VPOS="2403" HPOS="2152"/>
<SP HEIGHT="47" WIDTH="43" VPOS="2403" HPOS="2296"/>
<String CONTENT="C." HEIGHT="42" WIDTH="49" VPOS="2403" HPOS="2340"/>
</TextLine>
<TextLine HEIGHT="49" WIDTH="988" VPOS="2459" HPOS="449">
<String CONTENT="Naismith," HEIGHT="48" WIDTH="261" VPOS="2460" HPOS="449"/>
<SP HEIGHT="47" WIDTH="31" VPOS="2461" HPOS="711"/>
<String CONTENT="Los" HEIGHT="39" WIDTH="93" VPOS="2461" HPOS="743"/>
<SP HEIGHT="40" WIDTH="26" VPOS="2460" HPOS="837"/>
<String CONTENT="Angeles." HEIGHT="48" WIDTH="222" VPOS="2460" HPOS="864"/>
<SP HEIGHT="48" WIDTH="67" VPOS="2460" HPOS="1087"/>
<String CONTENT="(29-13706)" HEIGHT="49" WIDTH="282" VPOS="2459" HPOS="1155"/>
</TextLine>
<TextLine HEIGHT="65" WIDTH="591" VPOS="2540" HPOS="381" STYLEREFS="StyleId-E98A2CF5-6E40-4E84-9700-085DBAE14AF1-">
<String CONTENT="Newell," HEIGHT="64" WIDTH="240" VPOS="2541" HPOS="381"/>
<SP HEIGHT="64" WIDTH="38" VPOS="2541" HPOS="622"/>
<String CONTENT="David" HEIGHT="53" WIDTH="191" VPOS="2540" HPOS="661"/>
<SP HEIGHT="51" WIDTH="39" VPOS="2542" HPOS="853"/>
<String CONTENT="M." HEIGHT="53" WIDTH="79" VPOS="2542" HPOS="893"/>
</TextLine>
<TextLine HEIGHT="68" WIDTH="1940" VPOS="2618" HPOS="448" STYLEREFS="StyleId-3B1C3620-4313-4EA3-873C-4BB5C0C5553D-">
<String CONTENT="American" HEIGHT="53" WIDTH="308" VPOS="2618" HPOS="448"/>
<SP HEIGHT="34" WIDTH="26" VPOS="2636" HPOS="757"/>
<String CONTENT="animals," HEIGHT="66" WIDTH="260" VPOS="2618" HPOS="784"/>
<SP HEIGHT="47" WIDTH="26" VPOS="2637" HPOS="1045"/>
<String CONTENT="written" HEIGHT="52" WIDTH="229" VPOS="2618" HPOS="1072"/>
<SP HEIGHT="33" WIDTH="28" VPOS="2637" HPOS="1302"/>
<String CONTENT="and" HEIGHT="53" WIDTH="112" VPOS="2618" HPOS="1331"/>
<SP HEIGHT="53" WIDTH="28" VPOS="2618" HPOS="1444"/>
<String CONTENT="illustrated" HEIGHT="53" WIDTH="327" VPOS="2618" HPOS="1473"/>
<SP HEIGHT="52" WIDTH="27" VPOS="2618" HPOS="1801"/>
<String CONTENT="by" HEIGHT="68" WIDTH="76" VPOS="2618" HPOS="1829"/>
<SP HEIGHT="67" WIDTH="25" VPOS="2619" HPOS="1906"/>
<String CONTENT="David" HEIGHT="53" WIDTH="194" VPOS="2618" HPOS="1932"/>
<SP HEIGHT="53" WIDTH="26" VPOS="2618" HPOS="2127"/>
<String CONTENT="Newell." HEIGHT="53" WIDTH="234" VPOS="2618" HPOS="2154"/>
</TextLine>
<TextLine HEIGHT="68" WIDTH="1778" VPOS="2697" HPOS="377" STYLEREFS="StyleId-3B1C3620-4313-4EA3-873C-4BB5C0C5553D-" CS="1">
<String CONTENT="Joliet," HEIGHT="66" WIDTH="197" VPOS="2697" HPOS="377"/>
<SP HEIGHT="66" WIDTH="25" VPOS="2697" HPOS="575"/>
<String CONTENT="Boston" HEIGHT="52" WIDTH="219" VPOS="2697" HPOS="601"/>
<SP HEIGHT="48" WIDTH="32" VPOS="2715" HPOS="821"/>
<String CS="1" CONTENT="[etc.]" HEIGHT="61" WIDTH="120" VPOS="2702" HPOS="872"/>
<SP HEIGHT="66" WIDTH="32" VPOS="2697" HPOS="993"/>
<String CONTENT="The" HEIGHT="52" WIDTH="122" VPOS="2697" HPOS="1026"/>
<SP HEIGHT="52" WIDTH="25" VPOS="2697" HPOS="1149"/>
<String LANG="la" CONTENT="P." HEIGHT="54" WIDTH="65" VPOS="2697" HPOS="1175"/>
<SP HEIGHT="54" WIDTH="28" VPOS="2697" HPOS="1241"/>
<String CONTENT="F." HEIGHT="51" WIDTH="65" VPOS="2697" HPOS="1270"/>
<SP HEIGHT="53" WIDTH="26" VPOS="2697" HPOS="1336"/>
<String CONTENT="Volland" HEIGHT="53" WIDTH="255" VPOS="2697" HPOS="1363"/>
<SP HEIGHT="52" WIDTH="26" VPOS="2697" HPOS="1619"/>
<String CONTENT="company" HEIGHT="52" WIDTH="283" VPOS="2713" HPOS="1646"/>
<SP HEIGHT="49" WIDTH="31" VPOS="2716" HPOS="1930"/>
<String CS="1" CONTENT="["/>
<String STYLE="superscript" CS="1" CONTENT="&#7580;1"/>
<String CONTENT="929]" HEIGHT="65" WIDTH="118" VPOS="2698" HPOS="2037"/>
</TextLine>
<TextLine HEIGHT="51" WIDTH="1941" VPOS="2776" HPOS="449" CS="1">
<String CONTENT="79," HEIGHT="48" WIDTH="69" VPOS="2777" HPOS="449"/>
<SP HEIGHT="30" WIDTH="39" VPOS="2797" HPOS="519"/>
<String CONTENT="[1]" HEIGHT="48" WIDTH="55" VPOS="2779" HPOS="559"/>
<SP HEIGHT="37" WIDTH="39" VPOS="2789" HPOS="615"/>
<String CONTENT="p." HEIGHT="37" WIDTH="43" VPOS="2789" HPOS="655"/>
<SP HEIGHT="29" WIDTH="59" VPOS="2789" HPOS="699"/>
<String CONTENT="col." HEIGHT="39" WIDTH="87" VPOS="2779" HPOS="759"/>
<SP HEIGHT="40" WIDTH="36" VPOS="2778" HPOS="847"/>
<String CONTENT="front.," HEIGHT="46" WIDTH="165" VPOS="2778" HPOS="884"/>
<SP HEIGHT="46" WIDTH="38" VPOS="2778" HPOS="1050"/>
<String CONTENT="illus.," HEIGHT="45" WIDTH="144" VPOS="2778" HPOS="1089"/>
<SP HEIGHT="34" WIDTH="38" VPOS="2789" HPOS="1234"/>
<String CONTENT="col." HEIGHT="40" WIDTH="87" VPOS="2778" HPOS="1273"/>
<SP HEIGHT="38" WIDTH="36" VPOS="2788" HPOS="1361"/>
<String CONTENT="plates." HEIGHT="48" WIDTH="173" VPOS="2778" HPOS="1398"/>
<SP HEIGHT="41" WIDTH="58" VPOS="2776" HPOS="1572"/>
<String CS="1" CONTENT="21&#7580;&#7504;." HEIGHT="8" WIDTH="9" VPOS="2810" HPOS="1740"/>
<SP HEIGHT="46" WIDTH="69" VPOS="2778" HPOS="1750"/>
<String CONTENT="(The" HEIGHT="47" WIDTH="126" VPOS="2777" HPOS="1820"/>
<SP HEIGHT="39" WIDTH="37" VPOS="2778" HPOS="1947"/>
<String CONTENT="Volland" HEIGHT="40" WIDTH="208" VPOS="2778" HPOS="1985"/>
<SP HEIGHT="38" WIDTH="43" VPOS="2779" HPOS="2194"/>
<String CONTENT="Ingle-" HEIGHT="47" WIDTH="152" VPOS="2779" HPOS="2238"/>
</TextLine>
<TextLine HEIGHT="47" WIDTH="330" VPOS="2834" HPOS="377">
<String CONTENT="nook" HEIGHT="39" WIDTH="125" VPOS="2835" HPOS="377"/>
<SP HEIGHT="39" WIDTH="27" VPOS="2835" HPOS="503"/>
<String CONTENT="series)" HEIGHT="47" WIDTH="176" VPOS="2834" HPOS="531"/>
</TextLine>
<TextLine HEIGHT="49" WIDTH="943" VPOS="2890" HPOS="450">
<String CONTENT="Illustrated" HEIGHT="40" WIDTH="290" VPOS="2892" HPOS="450"/>
<SP HEIGHT="39" WIDTH="29" VPOS="2892" HPOS="741"/>
<String CONTENT="t.-p." HEIGHT="45" WIDTH="98" VPOS="2894" HPOS="771"/>
<SP HEIGHT="30" WIDTH="29" VPOS="2901" HPOS="870"/>
<String CONTENT="and" HEIGHT="38" WIDTH="94" VPOS="2892" HPOS="900"/>
<SP HEIGHT="38" WIDTH="31" VPOS="2892" HPOS="995"/>
<String CONTENT="lining-papers." HEIGHT="48" WIDTH="366" VPOS="2890" HPOS="1027"/>
</TextLine>
<TextLine HEIGHT="55" WIDTH="2004" VPOS="2942" HPOS="382" CS="1">
<String CONTENT="&#169;" HEIGHT="52" WIDTH="52" VPOS="2945" HPOS="382"/>
<SP HEIGHT="52" WIDTH="36" VPOS="2945" HPOS="435"/>
<String CONTENT="June" HEIGHT="41" WIDTH="127" VPOS="2949" HPOS="472"/>
<SP HEIGHT="39" WIDTH="35" VPOS="2950" HPOS="600"/>
<String CONTENT="15," HEIGHT="47" WIDTH="69" VPOS="2949" HPOS="636"/>
<SP HEIGHT="46" WIDTH="37" VPOS="2950" HPOS="706"/>
<String CS="1" CONTENT="1929;" HEIGHT="40" WIDTH="115" VPOS="2949" HPOS="744"/>
<SP HEIGHT="47" WIDTH="38" VPOS="2948" HPOS="886"/>
<String CONTENT="2c." HEIGHT="41" WIDTH="68" VPOS="2948" HPOS="925"/>
<SP HEIGHT="40" WIDTH="37" VPOS="2949" HPOS="994"/>
<String CONTENT="June" HEIGHT="39" WIDTH="126" VPOS="2949" HPOS="1032"/>
<SP HEIGHT="39" WIDTH="35" VPOS="2949" HPOS="1159"/>
<String CONTENT="21;" HEIGHT="45" WIDTH="83" VPOS="2949" HPOS="1195"/>
<SP HEIGHT="35" WIDTH="39" VPOS="2959" HPOS="1279"/>
<String CONTENT="aff." HEIGHT="41" WIDTH="83" VPOS="2948" HPOS="1319"/>
<SP HEIGHT="41" WIDTH="37" VPOS="2948" HPOS="1403"/>
<String CONTENT="June" HEIGHT="41" WIDTH="128" VPOS="2948" HPOS="1441"/>
<SP HEIGHT="41" WIDTH="33" VPOS="2948" HPOS="1570"/>
<String CONTENT="22;" HEIGHT="46" WIDTH="84" VPOS="2948" HPOS="1604"/>
<SP HEIGHT="52" WIDTH="38" VPOS="2942" HPOS="1689"/>
<!-- cceid 9D5C9DFE-6CFA-1014-9C3C-CEA95E7AA542 --><String CONTENT="A" HEIGHT="45" WIDTH="41" VPOS="2942" HPOS="1728"/>
<SP HEIGHT="46" WIDTH="37" VPOS="2942" HPOS="1770"/>
<String CS="1" CONTENT="8846;" HEIGHT="47" WIDTH="114" VPOS="2948" HPOS="1835"/>
<SP HEIGHT="46" WIDTH="38" VPOS="2949" HPOS="1950"/>
<String CONTENT="D." HEIGHT="39" WIDTH="58" VPOS="2949" HPOS="1989"/>
<SP HEIGHT="38" WIDTH="37" VPOS="2950" HPOS="2048"/>
<String CONTENT="M." HEIGHT="38" WIDTH="63" VPOS="2950" HPOS="2086"/>
<SP HEIGHT="39" WIDTH="37" VPOS="2949" HPOS="2150"/>
<String CONTENT="Newell," HEIGHT="46" WIDTH="198" VPOS="2949" HPOS="2188"/>
</TextLine>
<TextLine HEIGHT="49" WIDTH="914" VPOS="3004" HPOS="452">
<String CONTENT="Fruitland" HEIGHT="39" WIDTH="261" VPOS="3007" HPOS="452"/>
<SP HEIGHT="39" WIDTH="27" VPOS="3007" HPOS="714"/>
<String CONTENT="Park," HEIGHT="46" WIDTH="143" VPOS="3006" HPOS="742"/>
<SP HEIGHT="47" WIDTH="28" VPOS="3005" HPOS="886"/>
<String CONTENT="Fla." HEIGHT="40" WIDTH="103" VPOS="3005" HPOS="915"/>
<SP HEIGHT="48" WIDTH="65" VPOS="3005" HPOS="1019"/>
<String CONTENT="(29-13758)" HEIGHT="49" WIDTH="281" VPOS="3004" HPOS="1085"/>
</TextLine>
<TextLine HEIGHT="72" WIDTH="2007" VPOS="3070" HPOS="380" STYLEREFS="StyleId-3B1C3620-4313-4EA3-873C-4BB5C0C5553D-">
<String CONTENT="The" HEIGHT="51" WIDTH="121" VPOS="3075" HPOS="380"/>
<SP HEIGHT="54" WIDTH="34" VPOS="3072" HPOS="502"/>
<String CONTENT="Ohio" HEIGHT="54" WIDTH="149" VPOS="3072" HPOS="537"/>
<SP HEIGHT="50" WIDTH="36" VPOS="3075" HPOS="687"/>
<String CONTENT="law" HEIGHT="51" WIDTH="111" VPOS="3075" HPOS="724"/>
<SP HEIGHT="33" WIDTH="36" VPOS="3093" HPOS="836"/>
<String CONTENT="reporter," HEIGHT="62" WIDTH="273" VPOS="3080" HPOS="873"/>
<SP HEIGHT="33" WIDTH="75" VPOS="3092" HPOS="1147"/>
<String CONTENT="v." HEIGHT="35" WIDTH="50" VPOS="3092" HPOS="1223"/>
<SP HEIGHT="50" WIDTH="37" VPOS="3077" HPOS="1274"/>
<String CONTENT="28." HEIGHT="48" WIDTH="83" VPOS="3077" HPOS="1312"/>
<SP HEIGHT="61" WIDTH="69" VPOS="3073" HPOS="1396"/>
<String CONTENT="A" HEIGHT="61" WIDTH="60" VPOS="3073" HPOS="1466"/>
<SP HEIGHT="61" WIDTH="36" VPOS="3073" HPOS="1527"/>
<String CONTENT="weekly" HEIGHT="59" WIDTH="216" VPOS="3073" HPOS="1564"/>
<SP HEIGHT="68" WIDTH="35" VPOS="3072" HPOS="1781"/>
<String CONTENT="journal" HEIGHT="68" WIDTH="229" VPOS="3072" HPOS="1817"/>
<SP HEIGHT="68" WIDTH="36" VPOS="3074" HPOS="2047"/>
<String CONTENT="published" HEIGHT="72" WIDTH="303" VPOS="3070" HPOS="2084"/>
</TextLine>
<TextLine HEIGHT="70" WIDTH="1936" VPOS="3149" HPOS="451" STYLEREFS="StyleId-3B1C3620-4313-4EA3-873C-4BB5C0C5553D-">
<String CONTENT="in" HEIGHT="51" WIDTH="60" VPOS="3151" HPOS="451"/>
<SP HEIGHT="47" WIDTH="32" VPOS="3156" HPOS="512"/>
<String CONTENT="the" HEIGHT="52" WIDTH="95" VPOS="3151" HPOS="545"/>
<SP HEIGHT="52" WIDTH="33" VPOS="3151" HPOS="641"/>
<String CONTENT="interest" HEIGHT="52" WIDTH="235" VPOS="3151" HPOS="675"/>
<SP HEIGHT="47" WIDTH="32" VPOS="3156" HPOS="911"/>
<String CONTENT="of" HEIGHT="53" WIDTH="64" VPOS="3150" HPOS="944"/>
<SP HEIGHT="52" WIDTH="31" VPOS="3150" HPOS="1009"/>
<String CONTENT="the" HEIGHT="51" WIDTH="95" VPOS="3151" HPOS="1041"/>
<SP HEIGHT="51" WIDTH="32" VPOS="3151" HPOS="1137"/>
<String CONTENT="legal" HEIGHT="68" WIDTH="150" VPOS="3151" HPOS="1170"/>
<SP HEIGHT="67" WIDTH="33" VPOS="3151" HPOS="1321"/>
<String CONTENT="profession" HEIGHT="69" WIDTH="323" VPOS="3149" HPOS="1355"/>
<SP HEIGHT="51" WIDTH="33" VPOS="3150" HPOS="1679"/>
<String CONTENT="in" HEIGHT="51" WIDTH="59" VPOS="3150" HPOS="1713"/>
<SP HEIGHT="46" WIDTH="32" VPOS="3156" HPOS="1773"/>
<String CONTENT="the" HEIGHT="52" WIDTH="99" VPOS="3150" HPOS="1806"/>
<SP HEIGHT="34" WIDTH="30" VPOS="3169" HPOS="1906"/>
<String CONTENT="state" HEIGHT="48" WIDTH="146" VPOS="3155" HPOS="1937"/>
<SP HEIGHT="35" WIDTH="31" VPOS="3168" HPOS="2084"/>
<String CONTENT="of" HEIGHT="53" WIDTH="67" VPOS="3149" HPOS="2116"/>
<SP HEIGHT="55" WIDTH="33" VPOS="3149" HPOS="2184"/>
<String CONTENT="Ohio." HEIGHT="55" WIDTH="169" VPOS="3149" HPOS="2218"/>
</TextLine>
<TextLine HEIGHT="148" WIDTH="1911" VPOS="3226" HPOS="451" STYLEREFS="StyleId-3B1C3620-4313-4EA3-873C-4BB5C0C5553D-" CS="1">
<String CONTENT="Vinton." HEIGHT="54" WIDTH="235" VPOS="3229" HPOS="451"/>
<SP HEIGHT="54" WIDTH="20" VPOS="3229" HPOS="687"/>
<String CONTENT="R." HEIGHT="53" WIDTH="69" VPOS="3229" HPOS="708"/>
<SP HEIGHT="56" WIDTH="40" VPOS="3227" HPOS="778"/>
<String CONTENT="Shepard," HEIGHT="70" WIDTH="282" VPOS="3227" HPOS="819"/>
<SP HEIGHT="48" WIDTH="36" VPOS="3248" HPOS="1102"/>
<String CONTENT="editor." HEIGHT="52" WIDTH="200" VPOS="3229" HPOS="1139"/>
<SP HEIGHT="55" WIDTH="74" VPOS="3226" HPOS="1340"/>
<String CONTENT="Cincinnati," HEIGHT="69" WIDTH="350" VPOS="3226" HPOS="1415"/>
<SP HEIGHT="67" WIDTH="37" VPOS="3228" HPOS="1766"/>
<String CONTENT="The" HEIGHT="52" WIDTH="122" VPOS="3228" HPOS="1804"/>
<SP HEIGHT="55" WIDTH="36" VPOS="3227" HPOS="1927"/>
<String CONTENT="Ohio" HEIGHT="55" WIDTH="151" VPOS="3227" HPOS="1964"/>
<SP HEIGHT="52" WIDTH="37" VPOS="3228" HPOS="2116"/>
<String CONTENT="law" HEIGHT="51" WIDTH="111" VPOS="3228" HPOS="2154"/>
<SP HEIGHT="33" WIDTH="36" VPOS="3246" HPOS="2266"/>
<String CONTENT="reporter" HEIGHT="129" WIDTH="1911" VPOS="3245" HPOS="451"/>
<SP HEIGHT="33" WIDTH="30" VPOS="3326" HPOS="647"/>
<String CONTENT="company," HEIGHT="49" WIDTH="300" VPOS="3325" HPOS="678"/>
<SP HEIGHT="63" WIDTH="34" VPOS="3311" HPOS="979"/>
<String CONTENT="1929." HEIGHT="49" WIDTH="150" VPOS="3309" HPOS="1014"/>
</TextLine>
<TextLine HEIGHT="48" WIDTH="408" VPOS="3389" HPOS="515" CS="1">
<String CS="1" CONTENT="xv," HEIGHT="16" WIDTH="7" VPOS="3421" HPOS="515"/>
<SP HEIGHT="46" WIDTH="31" VPOS="3391" HPOS="523"/>
<String CONTENT="704" HEIGHT="41" WIDTH="87" VPOS="3389" HPOS="555"/>
<SP HEIGHT="47" WIDTH="28" VPOS="3390" HPOS="643"/>
<String CONTENT="p." HEIGHT="37" WIDTH="43" VPOS="3400" HPOS="672"/>
<SP HEIGHT="40" WIDTH="58" VPOS="3389" HPOS="716"/>
<String CS="1" CONTENT="23&#189;&#7580;&#7504;." HEIGHT="41" WIDTH="148" VPOS="3389" HPOS="775"/>
</TextLine>
<TextLine HEIGHT="52" WIDTH="2001" VPOS="3442" HPOS="383">
<String CONTENT="&#169;" HEIGHT="52" WIDTH="52" VPOS="3442" HPOS="383"/>
<SP HEIGHT="52" WIDTH="34" VPOS="3442" HPOS="436"/>
<String CONTENT="July" HEIGHT="47" WIDTH="117" VPOS="3447" HPOS="471"/>
<SP HEIGHT="49" WIDTH="30" VPOS="3445" HPOS="589"/>
<String CONTENT="2," HEIGHT="48" WIDTH="42" VPOS="3445" HPOS="620"/>
<SP HEIGHT="47" WIDTH="34" VPOS="3446" HPOS="663"/>
<String CONTENT="1929;" HEIGHT="47" WIDTH="142" VPOS="3445" HPOS="698"/>
<SP HEIGHT="46" WIDTH="35" VPOS="3446" HPOS="841"/>
<String CONTENT="2c." HEIGHT="40" WIDTH="68" VPOS="3446" HPOS="877"/>
<SP HEIGHT="29" WIDTH="35" VPOS="3456" HPOS="946"/>
<String CONTENT="and" HEIGHT="39" WIDTH="96" VPOS="3447" HPOS="982"/>
<SP HEIGHT="39" WIDTH="35" VPOS="3447" HPOS="1079"/>
<String CONTENT="aff." HEIGHT="41" WIDTH="82" VPOS="3445" HPOS="1115"/>
<SP HEIGHT="41" WIDTH="35" VPOS="3445" HPOS="1198"/>
<String CONTENT="July" HEIGHT="48" WIDTH="115" VPOS="3445" HPOS="1234"/>
<SP HEIGHT="48" WIDTH="36" VPOS="3445" HPOS="1350"/>
<String CONTENT="5;" HEIGHT="46" WIDTH="52" VPOS="3445" HPOS="1387"/>
<SP HEIGHT="46" WIDTH="37" VPOS="3445" HPOS="1440"/>
<!-- cceid 9D5D45D1-6CFA-1014-9C3C-CEA95E7AA542 --><String CONTENT="A" HEIGHT="39" WIDTH="41" VPOS="3445" HPOS="1478"/>
<SP HEIGHT="39" WIDTH="35" VPOS="3445" HPOS="1520"/>
<String CONTENT="11086;" HEIGHT="48" WIDTH="172" VPOS="3444" HPOS="1556"/>
<SP HEIGHT="48" WIDTH="37" VPOS="3444" HPOS="1729"/>
<String CONTENT="Ohio" HEIGHT="41" WIDTH="125" VPOS="3444" HPOS="1767"/>
<SP HEIGHT="38" WIDTH="32" VPOS="3445" HPOS="1893"/>
<String CONTENT="law" HEIGHT="38" WIDTH="96" VPOS="3445" HPOS="1926"/>
<SP HEIGHT="28" WIDTH="34" VPOS="3455" HPOS="2023"/>
<String CONTENT="reporter" HEIGHT="46" WIDTH="220" VPOS="3444" HPOS="2058"/>
<SP HEIGHT="30" WIDTH="35" VPOS="3453" HPOS="2279"/>
<String CONTENT="co." HEIGHT="30" WIDTH="69" VPOS="3453" HPOS="2315"/>
</TextLine>
<TextLine HEIGHT="70" WIDTH="1022" VPOS="3511" HPOS="383">
<String CONTENT="Oklahoma." HEIGHT="54" WIDTH="348" VPOS="3511" HPOS="383"/>
<SP HEIGHT="52" WIDTH="67" VPOS="3513" HPOS="732"/>
<String CONTENT="Laws," HEIGHT="68" WIDTH="183" VPOS="3513" HPOS="800"/>
<SP HEIGHT="48" WIDTH="31" VPOS="3533" HPOS="984"/>
<String CONTENT="statutes," HEIGHT="61" WIDTH="258" VPOS="3519" HPOS="1016"/>
<SP HEIGHT="48" WIDTH="30" VPOS="3532" HPOS="1275"/>
<String CONTENT="etc." HEIGHT="47" WIDTH="99" VPOS="3519" HPOS="1306"/>
</TextLine>
<TextLine HEIGHT="304" WIDTH="2002" VPOS="3589" HPOS="380" STYLEREFS="StyleId-3B1C3620-4313-4EA3-873C-4BB5C0C5553D-" CS="1">
<String CONTENT="Harlow&#8217;s" HEIGHT="54" WIDTH="287" VPOS="3590" HPOS="453"/>
<SP HEIGHT="34" WIDTH="35" VPOS="3610" HPOS="741"/>
<String CONTENT="session" HEIGHT="52" WIDTH="208" VPOS="3592" HPOS="777"/>
<SP HEIGHT="50" WIDTH="41" VPOS="3592" HPOS="986"/>
<String CONTENT="laws" HEIGHT="51" WIDTH="135" VPOS="3592" HPOS="1028"/>
<SP HEIGHT="33" WIDTH="35" VPOS="3610" HPOS="1164"/>
<String CONTENT="of" HEIGHT="53" WIDTH="64" VPOS="3590" HPOS="1200"/>
<SP HEIGHT="52" WIDTH="38" VPOS="3590" HPOS="1265"/>
<String CONTENT="1929," HEIGHT="65" WIDTH="152" VPOS="3593" HPOS="1304"/>
<SP HEIGHT="48" WIDTH="35" VPOS="3610" HPOS="1457"/>
<String CONTENT="enacted" HEIGHT="52" WIDTH="233" VPOS="3591" HPOS="1493"/>
<SP HEIGHT="53" WIDTH="36" VPOS="3590" HPOS="1727"/>
<String CONTENT="by" HEIGHT="68" WIDTH="76" VPOS="3590" HPOS="1764"/>
<SP HEIGHT="62" WIDTH="35" VPOS="3596" HPOS="1841"/>
<String CONTENT="the" HEIGHT="52" WIDTH="96" VPOS="3590" HPOS="1877"/>
<SP HEIGHT="34" WIDTH="36" VPOS="3608" HPOS="1974"/>
<String CONTENT="regular" HEIGHT="68" WIDTH="231" VPOS="3589" HPOS="2011"/>
<SP HEIGHT="34" WIDTH="33" VPOS="3606" HPOS="2243"/>
<String CONTENT="session" HEIGHT="117" WIDTH="1981" VPOS="3604" HPOS="380"/>
<SP HEIGHT="35" WIDTH="21" VPOS="3687" HPOS="505"/>
<String CONTENT="of" HEIGHT="54" WIDTH="64" VPOS="3668" HPOS="527"/>
<SP HEIGHT="53" WIDTH="21" VPOS="3668" HPOS="592"/>
<String CONTENT="the" HEIGHT="53" WIDTH="94" VPOS="3669" HPOS="614"/>
<SP HEIGHT="47" WIDTH="24" VPOS="3675" HPOS="709"/>
<String CONTENT="twelfth" HEIGHT="53" WIDTH="228" VPOS="3668" HPOS="734"/>
<SP HEIGHT="51" WIDTH="24" VPOS="3669" HPOS="963"/>
<String CONTENT="Legislature" HEIGHT="68" WIDTH="358" VPOS="3669" HPOS="988"/>
<SP HEIGHT="34" WIDTH="22" VPOS="3688" HPOS="1347"/>
<String CONTENT="of" HEIGHT="54" WIDTH="63" VPOS="3668" HPOS="1370"/>
<SP HEIGHT="54" WIDTH="21" VPOS="3668" HPOS="1434"/>
<String CONTENT="the" HEIGHT="53" WIDTH="97" VPOS="3669" HPOS="1456"/>
<SP HEIGHT="34" WIDTH="21" VPOS="3687" HPOS="1554"/>
<String CONTENT="state" HEIGHT="47" WIDTH="144" VPOS="3674" HPOS="1576"/>
<SP HEIGHT="33" WIDTH="23" VPOS="3687" HPOS="1721"/>
<String CONTENT="of" HEIGHT="52" WIDTH="64" VPOS="3668" HPOS="1745"/>
<SP HEIGHT="55" WIDTH="22" VPOS="3665" HPOS="1810"/>
<String CONTENT="Oklahoma." HEIGHT="55" WIDTH="340" VPOS="3665" HPOS="1833"/>
<SP HEIGHT="55" WIDTH="62" VPOS="3665" HPOS="2174"/>
<String CONTENT="Convened" HEIGHT="134" WIDTH="1976" VPOS="3665" HPOS="383"/>
<SP HEIGHT="54" WIDTH="39" VPOS="3746" HPOS="557"/>
<String CONTENT="January" HEIGHT="70" WIDTH="265" VPOS="3746" HPOS="597"/>
<SP HEIGHT="69" WIDTH="34" VPOS="3747" HPOS="863"/>
<String CONTENT="7," HEIGHT="59" WIDTH="49" VPOS="3747" HPOS="898"/>
<SP HEIGHT="55" WIDTH="38" VPOS="3751" HPOS="948"/>
<String CONTENT="1929," HEIGHT="64" WIDTH="151" VPOS="3749" HPOS="987"/>
<SP HEIGHT="47" WIDTH="38" VPOS="3766" HPOS="1139"/>
<String CONTENT="adjourned" HEIGHT="68" WIDTH="318" VPOS="3746" HPOS="1178"/>
<SP HEIGHT="54" WIDTH="37" VPOS="3745" HPOS="1497"/>
<String CONTENT="March" HEIGHT="53" WIDTH="204" VPOS="3745" HPOS="1535"/>
<SP HEIGHT="51" WIDTH="37" VPOS="3746" HPOS="1740"/>
<String CONTENT="30," HEIGHT="65" WIDTH="82" VPOS="3748" HPOS="1778"/>
<SP HEIGHT="65" WIDTH="40" VPOS="3748" HPOS="1861"/>
<String CONTENT="1929" HEIGHT="50" WIDTH="133" VPOS="3747" HPOS="1902"/>
<SP HEIGHT="49" WIDTH="42" VPOS="3748" HPOS="2036"/>
<String CS="1" CONTENT="&#8230;"/>
<SP HEIGHT="55" WIDTH="80" VPOS="3742" HPOS="2136"/>
<String CONTENT="Compiled" HEIGHT="150" WIDTH="1975" VPOS="3742" HPOS="383"/>
<SP HEIGHT="51" WIDTH="32" VPOS="3825" HPOS="539"/>
<String CONTENT="by" HEIGHT="68" WIDTH="74" VPOS="3825" HPOS="572"/>
<SP HEIGHT="69" WIDTH="34" VPOS="3824" HPOS="647"/>
<String CONTENT="Frank" HEIGHT="52" WIDTH="199" VPOS="3824" HPOS="682"/>
<SP HEIGHT="54" WIDTH="33" VPOS="3824" HPOS="882"/>
<String CONTENT="O." HEIGHT="54" WIDTH="67" VPOS="3824" HPOS="916"/>
<SP HEIGHT="54" WIDTH="36" VPOS="3824" HPOS="984"/>
<String CONTENT="Eagin" HEIGHT="68" WIDTH="189" VPOS="3824" HPOS="1021"/>
<SP HEIGHT="33" WIDTH="35" VPOS="3843" HPOS="1211"/>
<String CONTENT="and" HEIGHT="52" WIDTH="111" VPOS="3825" HPOS="1247"/>
<SP HEIGHT="55" WIDTH="35" VPOS="3823" HPOS="1359"/>
<String CONTENT="C." HEIGHT="55" WIDTH="64" VPOS="3823" HPOS="1395"/>
<SP HEIGHT="54" WIDTH="30" VPOS="3824" HPOS="1460"/>
<String CONTENT="W." HEIGHT="53" WIDTH="89" VPOS="3824" HPOS="1491"/>
<SP HEIGHT="53" WIDTH="36" VPOS="3823" HPOS="1581"/>
<String CONTENT="Van" HEIGHT="53" WIDTH="128" VPOS="3823" HPOS="1618"/>
<SP HEIGHT="53" WIDTH="34" VPOS="3823" HPOS="1747"/>
<String CONTENT="Eaton." HEIGHT="53" WIDTH="205" VPOS="3823" HPOS="1782"/>
<SP HEIGHT="56" WIDTH="70" VPOS="3820" HPOS="1988"/>
<String CONTENT="Oklahoma" HEIGHT="55" WIDTH="323" VPOS="3820" HPOS="2059"/>
</TextLine>
<TextLine HEIGHT="71" WIDTH="1527" VPOS="3900" HPOS="384" STYLEREFS="StyleId-3B1C3620-4313-4EA3-873C-4BB5C0C5553D-">
<String CONTENT="City," HEIGHT="71" WIDTH="151" VPOS="3900" HPOS="384"/>
<SP HEIGHT="69" WIDTH="31" VPOS="3901" HPOS="536"/>
<String CONTENT="Okla.," HEIGHT="70" WIDTH="187" VPOS="3901" HPOS="568"/>
<SP HEIGHT="68" WIDTH="29" VPOS="3903" HPOS="756"/>
<String CONTENT="Harlow" HEIGHT="51" WIDTH="241" VPOS="3903" HPOS="786"/>
<SP HEIGHT="49" WIDTH="31" VPOS="3920" HPOS="1028"/>
<String CONTENT="publishing" HEIGHT="69" WIDTH="335" VPOS="3901" HPOS="1060"/>
<SP HEIGHT="50" WIDTH="30" VPOS="3920" HPOS="1396"/>
<String CONTENT="company," HEIGHT="50" WIDTH="298" VPOS="3920" HPOS="1427"/>
<SP HEIGHT="62" WIDTH="33" VPOS="3906" HPOS="1726"/>
<String CONTENT="1929." HEIGHT="50" WIDTH="151" VPOS="3904" HPOS="1760"/>
</TextLine>
</TextBlock>
</PrintSpace>
</Page>
</Layout>
</alto>