<alto xmlns="http://www.loc.gov/standards/alto/ns-v3#" xmlns:xlink="http://www.w3.org/1999/xlink" xmlns:xsi="http://www.w3.org/2001/XMLSchema-instance" xsi:schemaLocation="http://www.loc.gov/standards/alto/ns-v3# http://www.loc.gov/alto/v3/alto-3-0.xsd"><Description>
<MeasurementUnit>pixel</MeasurementUnit>
<sourceImageInformation>
<fileName>1929_v26_part001.pdf</fileName>
</sourceImageInformation>
<OCRProcessing ID="IdOcr">
<ocrProcessingStep>
<processingDateTime>2019-04-18</processingDateTime>
<processingSoftware>
<softwareCreator>ABBYY</softwareCreator>
<softwareName>ABBYY Recognition Server</softwareName>
<softwareVersion>4.0</softwareVersion>
</processingSoftware>
</ocrProcessingStep>
</OCRProcessing>
</Description>
<Styles>
<ParagraphStyle ID="StyleId-FFFFFFFF-FFFF-FFFF-FFFF-FFFFFFFFFFFF-" ALIGN="Left" LEFT="0." RIGHT="0." FIRSTLINE="0."/>
<ParagraphStyle ID="StyleId-11A520CB-49B0-4D42-A675-089886D5B704-" ALIGN="Center" LEFT="0." RIGHT="0." FIRSTLINE="0." LINESPACE="7.699999809"/>
<ParagraphStyle ID="StyleId-2AEC4724-E584-48A1-8E6D-86B1AA154223-" ALIGN="Left" LEFT="0." RIGHT="0." FIRSTLINE="0." LINESPACE="12.19999981"/>
<ParagraphStyle ID="StyleId-5ADCDE1D-F34B-405C-A765-E9B51F6229BD-" ALIGN="Left" LEFT="0." RIGHT="0." FIRSTLINE="-13." LINESPACE="8.050000191"/>
<ParagraphStyle ID="StyleId-D0AEFB96-F81D-4367-8545-C0AC945FA34C-" ALIGN="Block" LEFT="0." RIGHT="0." FIRSTLINE="-13." LINESPACE="8.899999619"/>
<ParagraphStyle ID="StyleId-9A3BB592-4BA4-4F85-B157-B9A7F1FC9680-" ALIGN="Left" LEFT="0." RIGHT="0." FIRSTLINE="0."/>
<ParagraphStyle ID="StyleId-E9D6144A-CFDC-4919-911D-02B0461DB967-" ALIGN="Left" LEFT="0." RIGHT="0." FIRSTLINE="-13." LINESPACE="23.43000031"/>
<ParagraphStyle ID="StyleId-EEECFC68-AAC5-42B1-B3BF-987799B5B74A-" ALIGN="Block" LEFT="0." RIGHT="0." FIRSTLINE="0." LINESPACE="23.43000031"/>
<ParagraphStyle ID="StyleId-98D20B11-A9BB-4FAB-8DC8-DC8C43F3755E-" ALIGN="Left" LEFT="0." RIGHT="0." FIRSTLINE="0." LINESPACE="10.5"/>
<ParagraphStyle ID="StyleId-C279DBAD-2656-4352-93E6-C942618B09B1-" ALIGN="Block" LEFT="0." RIGHT="0." FIRSTLINE="-13." LINESPACE="8.770000458"/>
<ParagraphStyle ID="StyleId-A539B2D0-654F-45BA-9385-D7E681D9BD87-" ALIGN="Block" LEFT="0." RIGHT="0." FIRSTLINE="0." LINESPACE="8.18999958"/>
<ParagraphStyle ID="StyleId-CFE66565-54F2-45CF-9511-65151219B0BC-" ALIGN="Left" LEFT="0." RIGHT="0." FIRSTLINE="-12." LINESPACE="12.19999981"/>
<ParagraphStyle ID="StyleId-37B60A95-D7B9-4720-9D46-F2E763AAD699-" ALIGN="Block" LEFT="0." RIGHT="0." FIRSTLINE="0." LINESPACE="12.19999981"/>
<ParagraphStyle ID="StyleId-255154CA-71AA-47B9-A5EB-ED90642010CE-" ALIGN="Block" LEFT="0." RIGHT="0." FIRSTLINE="13." LINESPACE="7.900000095"/>
<ParagraphStyle ID="StyleId-4618FB06-20CA-4F95-9CA2-829603EE887D-" ALIGN="Block" LEFT="0." RIGHT="0." FIRSTLINE="0." LINESPACE="10."/>
<ParagraphStyle ID="StyleId-61F9B98E-BA82-4DCF-809A-0C5481162321-" ALIGN="Left" LEFT="0." RIGHT="0." FIRSTLINE="-13." LINESPACE="8.479999542"/>
<ParagraphStyle ID="StyleId-16A4FB0C-4CB7-44C8-846E-AF89DD76FC73-" ALIGN="Left" LEFT="0." RIGHT="0." FIRSTLINE="0." LINESPACE="11.10000038"/>
<ParagraphStyle ID="StyleId-8CC01B24-9D1D-45D5-B954-83ECA9EA3425-" ALIGN="Left" LEFT="0." RIGHT="0." FIRSTLINE="-13." LINESPACE="8.050000191"/>
<ParagraphStyle ID="StyleId-3DB8CD3F-AD17-4DD7-8361-787A6A426C72-" ALIGN="Block" LEFT="0." RIGHT="0." FIRSTLINE="13." LINESPACE="7.900000095"/>
</Styles>
<Layout>
<Page ID="Page11" PHYSICAL_IMG_NR="11" HEIGHT="4405" WIDTH="2561">
<TopMargin HEIGHT="396" WIDTH="2561" VPOS="0" HPOS="0">
</TopMargin>
<LeftMargin HEIGHT="3670" WIDTH="172" VPOS="396" HPOS="0">
</LeftMargin>
<RightMargin HEIGHT="3670" WIDTH="325" VPOS="396" HPOS="2236">
</RightMargin>
<BottomMargin HEIGHT="339" WIDTH="2561" VPOS="4066" HPOS="0">
<TextBlock ID="Page11_Block1" HEIGHT="70" WIDTH="84" VPOS="4066" HPOS="1178" LANG="en-US" STYLEREFS="StyleId-DBF1591A-0BFA-4172-AB60-AB6225247AB2-">
<TextLine HEIGHT="49" WIDTH="63" VPOS="4077" HPOS="1189">
<String CONTENT="11" HEIGHT="49" WIDTH="63" VPOS="4077" HPOS="1189"/>
</TextLine>
</TextBlock>
</BottomMargin>
<PrintSpace HEIGHT="3670" WIDTH="2064" VPOS="396" HPOS="172">
<TextBlock ID="Page11_Block2" HEIGHT="3670" WIDTH="2064" VPOS="396" HPOS="172" LANG="en-US" CS="1" STYLEREFS="StyleId-3BA02378-778D-462F-BD1D-CB4638A05970-">
<TextLine HEIGHT="56" WIDTH="1877" VPOS="484" HPOS="258" CS="1">
<String CONTENT="3" HEIGHT="39" WIDTH="26" VPOS="493" HPOS="258"/>
<SP/>
<String CONTENT="p." HEIGHT="37" WIDTH="42" VPOS="502" HPOS="311"/>
<SP HEIGHT="39" WIDTH="26" VPOS="493" HPOS="354"/>
<String CS="1" CONTENT="l.,"/>
<SP HEIGHT="29" WIDTH="30" VPOS="511" HPOS="426"/>
<String CS="1" CONTENT="[v]-x," HEIGHT="38" WIDTH="138" VPOS="502" HPOS="457"/>
<SP HEIGHT="47" WIDTH="24" VPOS="491" HPOS="596"/>
<String CONTENT="477" HEIGHT="39" WIDTH="86" VPOS="491" HPOS="621"/>
<SP HEIGHT="47" WIDTH="25" VPOS="491" HPOS="708"/>
<String CONTENT="p." HEIGHT="37" WIDTH="43" VPOS="501" HPOS="734"/>
<SP HEIGHT="41" WIDTH="26" VPOS="489" HPOS="778"/>
<String CONTENT="incl." HEIGHT="40" WIDTH="111" VPOS="489" HPOS="805"/>
<SP HEIGHT="41" WIDTH="25" VPOS="488" HPOS="917"/>
<String CONTENT="illus.," HEIGHT="48" WIDTH="144" VPOS="488" HPOS="943"/>
<SP HEIGHT="47" WIDTH="26" VPOS="489" HPOS="1088"/>
<String CONTENT="diagrs.," HEIGHT="48" WIDTH="194" VPOS="487" HPOS="1115"/>
<SP HEIGHT="47" WIDTH="26" VPOS="487" HPOS="1310"/>
<String CS="1" CONTENT="forms."/>
<SP HEIGHT="38" WIDTH="57" VPOS="487" HPOS="1507"/>
<String CONTENT="double" HEIGHT="39" WIDTH="174" VPOS="486" HPOS="1565"/>
<SP HEIGHT="40" WIDTH="26" VPOS="485" HPOS="1740"/>
<String CONTENT="front.," HEIGHT="47" WIDTH="166" VPOS="485" HPOS="1767"/>
<SP/>
<String CS="1" CONTENT="pl."/>
<SP/>
<String CONTENT="21" HEIGHT="39" WIDTH="54" VPOS="484" HPOS="2081"/>
<String STYLE="superscript" CS="1" CONTENT="&#7580;&#7504;."/>
</TextLine>
<TextLine HEIGHT="56" WIDTH="1929" VPOS="541" HPOS="191">
<String CONTENT="&#169;" HEIGHT="52" WIDTH="51" VPOS="545" HPOS="191"/>
<SP HEIGHT="52" WIDTH="28" VPOS="545" HPOS="243"/>
<String CONTENT="Jan." HEIGHT="39" WIDTH="109" VPOS="549" HPOS="272"/>
<SP HEIGHT="40" WIDTH="24" VPOS="548" HPOS="382"/>
<String CONTENT="4," HEIGHT="47" WIDTH="41" VPOS="548" HPOS="407"/>
<SP HEIGHT="47" WIDTH="26" VPOS="548" HPOS="449"/>
<String CONTENT="1929;" HEIGHT="48" WIDTH="141" VPOS="545" HPOS="476"/>
<SP HEIGHT="46" WIDTH="26" VPOS="547" HPOS="618"/>
<String CONTENT="2c." HEIGHT="39" WIDTH="67" VPOS="547" HPOS="645"/>
<SP HEIGHT="30" WIDTH="28" VPOS="556" HPOS="713"/>
<String CONTENT="and" HEIGHT="38" WIDTH="96" VPOS="547" HPOS="742"/>
<SP HEIGHT="38" WIDTH="25" VPOS="547" HPOS="839"/>
<String CONTENT="aff." HEIGHT="41" WIDTH="83" VPOS="545" HPOS="865"/>
<SP HEIGHT="40" WIDTH="26" VPOS="546" HPOS="949"/>
<String CONTENT="Jan." HEIGHT="39" WIDTH="110" VPOS="546" HPOS="976"/>
<SP HEIGHT="39" WIDTH="26" VPOS="546" HPOS="1087"/>
<String CONTENT="7;" HEIGHT="45" WIDTH="53" VPOS="546" HPOS="1114"/>
<SP HEIGHT="47" WIDTH="27" VPOS="544" HPOS="1168"/>
<!-- cceid 866E38F1-6CFA-1014-9C3C-CEA95E7AA542 --><String CONTENT="A" HEIGHT="38" WIDTH="43" VPOS="544" HPOS="1196"/>
<SP HEIGHT="39" WIDTH="22" VPOS="544" HPOS="1240"/>
<String CONTENT="3569;" HEIGHT="47" WIDTH="142" VPOS="543" HPOS="1263"/>
<SP HEIGHT="47" WIDTH="31" VPOS="543" HPOS="1406"/>
<String CONTENT="R." HEIGHT="39" WIDTH="56" VPOS="543" HPOS="1438"/>
<SP HEIGHT="39" WIDTH="25" VPOS="543" HPOS="1495"/>
<String CONTENT="A." HEIGHT="40" WIDTH="55" VPOS="543" HPOS="1521"/>
<SP HEIGHT="40" WIDTH="28" VPOS="543" HPOS="1577"/>
<String CONTENT="Moss," HEIGHT="46" WIDTH="146" VPOS="543" HPOS="1606"/>
<SP HEIGHT="46" WIDTH="27" VPOS="543" HPOS="1753"/>
<String CONTENT="Washington." HEIGHT="48" WIDTH="339" VPOS="541" HPOS="1781"/>
</TextLine>
<TextLine HEIGHT="49" WIDTH="253" VPOS="604" HPOS="269">
<String CONTENT="(29-1037)" HEIGHT="49" WIDTH="253" VPOS="604" HPOS="269"/>
</TextLine>
<TextLine HEIGHT="64" WIDTH="414" VPOS="669" HPOS="182" STYLEREFS="StyleId-F15AF104-5C6C-4686-9AD8-AFB5C69A627C-">
<String CONTENT="Neller," HEIGHT="64" WIDTH="218" VPOS="669" HPOS="182"/>
<SP HEIGHT="64" WIDTH="33" VPOS="669" HPOS="401"/>
<String CONTENT="Earl." HEIGHT="54" WIDTH="161" VPOS="669" HPOS="435"/>
</TextLine>
<TextLine HEIGHT="73" WIDTH="1943" VPOS="741" HPOS="260" STYLEREFS="StyleId-F13D2427-9BDF-4F95-A769-83FE4110865D-" CS="1">
<String CONTENT="&#8220;You" HEIGHT="53" WIDTH="166" VPOS="745" HPOS="260"/>
<SP HEIGHT="51" WIDTH="34" VPOS="747" HPOS="427"/>
<String CONTENT="Brutus&#8221;" HEIGHT="53" WIDTH="253" VPOS="745" HPOS="462"/>
<SP HEIGHT="53" WIDTH="33" VPOS="745" HPOS="716"/>
<String CONTENT="if" HEIGHT="54" WIDTH="53" VPOS="744" HPOS="750"/>
<SP HEIGHT="70" WIDTH="30" VPOS="744" HPOS="804"/>
<String CONTENT="you" HEIGHT="51" WIDTH="112" VPOS="763" HPOS="835"/>
<SP HEIGHT="50" WIDTH="35" VPOS="763" HPOS="948"/>
<String CONTENT="please," HEIGHT="67" WIDTH="207" VPOS="746" HPOS="984"/>
<SP HEIGHT="68" WIDTH="33" VPOS="744" HPOS="1192"/>
<String CONTENT="by" HEIGHT="68" WIDTH="76" VPOS="744" HPOS="1226"/>
<SP HEIGHT="68" WIDTH="32" VPOS="744" HPOS="1303"/>
<String CONTENT="Earl" HEIGHT="52" WIDTH="143" VPOS="743" HPOS="1336"/>
<SP HEIGHT="53" WIDTH="34" VPOS="743" HPOS="1480"/>
<String CONTENT="Neller" HEIGHT="53" WIDTH="195" VPOS="743" HPOS="1515"/>
<SP HEIGHT="33" WIDTH="39" VPOS="762" HPOS="1711"/>
<String CS="1" CONTENT="&#8230;"/>
<SP HEIGHT="56" WIDTH="78" VPOS="741" HPOS="1808"/>
<String CONTENT="St." HEIGHT="56" WIDTH="85" VPOS="741" HPOS="1887"/>
<SP HEIGHT="54" WIDTH="35" VPOS="741" HPOS="1973"/>
<String CONTENT="Louis," HEIGHT="68" WIDTH="194" VPOS="741" HPOS="2009"/>
</TextLine>
<TextLine HEIGHT="70" WIDTH="1110" VPOS="822" HPOS="189" STYLEREFS="StyleId-F13D2427-9BDF-4F95-A769-83FE4110865D-" CS="1">
<String CONTENT="Mo.," HEIGHT="67" WIDTH="134" VPOS="825" HPOS="189"/>
<SP HEIGHT="68" WIDTH="28" VPOS="824" HPOS="324"/>
<String CONTENT="Mound" HEIGHT="52" WIDTH="221" VPOS="824" HPOS="353"/>
<SP HEIGHT="52" WIDTH="29" VPOS="824" HPOS="575"/>
<String CONTENT="city" HEIGHT="68" WIDTH="118" VPOS="823" HPOS="605"/>
<SP HEIGHT="50" WIDTH="28" VPOS="841" HPOS="724"/>
<String CONTENT="press," HEIGHT="50" WIDTH="175" VPOS="841" HPOS="753"/>
<SP HEIGHT="68" WIDTH="28" VPOS="822" HPOS="929"/>
<String CONTENT="inc." HEIGHT="53" WIDTH="109" VPOS="822" HPOS="958"/>
<SP/>
<String CS="1" CONTENT="[&#7580;1929]" HEIGHT="64" WIDTH="85" VPOS="824" HPOS="1214"/>
</TextLine>
<TextLine HEIGHT="50" WIDTH="474" VPOS="904" HPOS="259" CS="1">
<String CONTENT="1" HEIGHT="38" WIDTH="23" VPOS="908" HPOS="259"/>
<SP/>
<String CONTENT="p." HEIGHT="37" WIDTH="43" VPOS="917" HPOS="313"/>
<SP HEIGHT="39" WIDTH="26" VPOS="908" HPOS="357"/>
<String CS="1" CONTENT="l.,"/>
<SP HEIGHT="46" WIDTH="26" VPOS="907" HPOS="430"/>
<String CONTENT="238" HEIGHT="40" WIDTH="87" VPOS="906" HPOS="457"/>
<SP HEIGHT="47" WIDTH="27" VPOS="906" HPOS="545"/>
<String CONTENT="p." HEIGHT="37" WIDTH="44" VPOS="916" HPOS="573"/>
<SP HEIGHT="40" WIDTH="58" VPOS="906" HPOS="618"/>
<String CS="1" CONTENT="19&#189;&#7580;&#7504;." HEIGHT="41" WIDTH="56" VPOS="904" HPOS="677"/>
</TextLine>
<TextLine HEIGHT="51" WIDTH="1946" VPOS="960" HPOS="262">
<String CONTENT="&#8220;One" HEIGHT="41" WIDTH="130" VPOS="964" HPOS="262"/>
<SP HEIGHT="30" WIDTH="28" VPOS="974" HPOS="393"/>
<String CONTENT="example" HEIGHT="46" WIDTH="222" VPOS="964" HPOS="422"/>
<SP HEIGHT="30" WIDTH="27" VPOS="973" HPOS="645"/>
<String CONTENT="of" HEIGHT="41" WIDTH="51" VPOS="962" HPOS="673"/>
<SP HEIGHT="41" WIDTH="30" VPOS="962" HPOS="725"/>
<String CONTENT="what" HEIGHT="41" WIDTH="134" VPOS="962" HPOS="756"/>
<SP HEIGHT="40" WIDTH="28" VPOS="962" HPOS="891"/>
<String CONTENT="happens" HEIGHT="49" WIDTH="218" VPOS="962" HPOS="920"/>
<SP HEIGHT="40" WIDTH="27" VPOS="961" HPOS="1139"/>
<String CONTENT="frequently" HEIGHT="50" WIDTH="283" VPOS="960" HPOS="1167"/>
<SP HEIGHT="49" WIDTH="29" VPOS="960" HPOS="1451"/>
<String CONTENT="in" HEIGHT="41" WIDTH="51" VPOS="960" HPOS="1481"/>
<SP HEIGHT="38" WIDTH="27" VPOS="964" HPOS="1533"/>
<String CONTENT="the" HEIGHT="41" WIDTH="82" VPOS="961" HPOS="1561"/>
<SP HEIGHT="42" WIDTH="34" VPOS="960" HPOS="1644"/>
<String CONTENT="Salvation" HEIGHT="42" WIDTH="256" VPOS="960" HPOS="1679"/>
<SP HEIGHT="31" WIDTH="26" VPOS="970" HPOS="1936"/>
<String CONTENT="army.&#8221;&#8212;" HEIGHT="49" WIDTH="245" VPOS="960" HPOS="1963"/>
</TextLine>
<TextLine HEIGHT="41" WIDTH="274" VPOS="1021" HPOS="192">
<String CONTENT="Foreword." HEIGHT="41" WIDTH="274" VPOS="1021" HPOS="192"/>
</TextLine>
<TextLine HEIGHT="53" WIDTH="1957" VPOS="1073" HPOS="193" CS="1">
<String CONTENT="&#169;" HEIGHT="51" WIDTH="52" VPOS="1075" HPOS="193"/>
<SP HEIGHT="51" WIDTH="27" VPOS="1075" HPOS="246"/>
<String CONTENT="Jan." HEIGHT="40" WIDTH="110" VPOS="1079" HPOS="274"/>
<SP HEIGHT="40" WIDTH="26" VPOS="1079" HPOS="385"/>
<String CONTENT="3," HEIGHT="46" WIDTH="40" VPOS="1079" HPOS="412"/>
<SP HEIGHT="46" WIDTH="26" VPOS="1079" HPOS="453"/>
<String CONTENT="1929;" HEIGHT="47" WIDTH="141" VPOS="1077" HPOS="480"/>
<SP HEIGHT="47" WIDTH="28" VPOS="1077" HPOS="622"/>
<String CONTENT="2c." HEIGHT="40" WIDTH="68" VPOS="1077" HPOS="651"/>
<SP HEIGHT="29" WIDTH="26" VPOS="1088" HPOS="720"/>
<String CONTENT="and" HEIGHT="38" WIDTH="95" VPOS="1078" HPOS="747"/>
<SP HEIGHT="38" WIDTH="28" VPOS="1078" HPOS="843"/>
<String LANG="de" CONTENT="aff." HEIGHT="43" WIDTH="82" VPOS="1073" HPOS="872"/>
<SP HEIGHT="39" WIDTH="28" VPOS="1077" HPOS="955"/>
<String CONTENT="Jan." HEIGHT="39" WIDTH="110" VPOS="1077" HPOS="984"/>
<SP HEIGHT="39" WIDTH="28" VPOS="1077" HPOS="1095"/>
<String CS="1" CONTENT="7;" HEIGHT="39" WIDTH="26" VPOS="1077" HPOS="1124"/>
<SP HEIGHT="47" WIDTH="29" VPOS="1076" HPOS="1178"/>
<!-- cceid 8670E403-6CFA-1014-9C3C-CEA95E7AA542 --><String CONTENT="A" HEIGHT="39" WIDTH="41" VPOS="1076" HPOS="1208"/>
<SP HEIGHT="39" WIDTH="25" VPOS="1076" HPOS="1250"/>
<String CONTENT="3570;" HEIGHT="47" WIDTH="143" VPOS="1075" HPOS="1276"/>
<SP HEIGHT="45" WIDTH="31" VPOS="1077" HPOS="1420"/>
<String CONTENT="E." HEIGHT="39" WIDTH="52" VPOS="1077" HPOS="1452"/>
<SP HEIGHT="40" WIDTH="29" VPOS="1076" HPOS="1505"/>
<String CONTENT="Neller," HEIGHT="47" WIDTH="178" VPOS="1076" HPOS="1535"/>
<SP HEIGHT="47" WIDTH="29" VPOS="1076" HPOS="1714"/>
<String CONTENT="Kirkwood," HEIGHT="49" WIDTH="281" VPOS="1075" HPOS="1744"/>
<SP HEIGHT="46" WIDTH="30" VPOS="1078" HPOS="2026"/>
<String CONTENT="Mo." HEIGHT="39" WIDTH="93" VPOS="1078" HPOS="2057"/>
</TextLine>
<TextLine HEIGHT="49" WIDTH="252" VPOS="1134" HPOS="273">
<String CONTENT="(29-1096)" HEIGHT="49" WIDTH="252" VPOS="1134" HPOS="273"/>
</TextLine>
<TextLine HEIGHT="64" WIDTH="803" VPOS="1199" HPOS="193" STYLEREFS="StyleId-F15AF104-5C6C-4686-9AD8-AFB5C69A627C-">
<String CONTENT="Nutting," HEIGHT="64" WIDTH="282" VPOS="1199" HPOS="193"/>
<SP HEIGHT="63" WIDTH="36" VPOS="1200" HPOS="476"/>
<String CONTENT="Wallace," HEIGHT="64" WIDTH="273" VPOS="1199" HPOS="513"/>
<SP HEIGHT="58" WIDTH="37" VPOS="1205" HPOS="787"/>
<String CONTENT="1861-" HEIGHT="49" WIDTH="171" VPOS="1204" HPOS="825"/>
</TextLine>
<TextLine HEIGHT="73" WIDTH="1625" VPOS="1275" HPOS="261" STYLEREFS="StyleId-F13D2427-9BDF-4F95-A769-83FE4110865D-" CS="1">
<String CONTENT="Furniture" HEIGHT="53" WIDTH="314" VPOS="1279" HPOS="261"/>
<SP HEIGHT="47" WIDTH="38" VPOS="1283" HPOS="576"/>
<String CONTENT="treasury" HEIGHT="64" WIDTH="261" VPOS="1283" HPOS="615"/>
<SP HEIGHT="69" WIDTH="50" VPOS="1279" HPOS="877"/>
<String CONTENT="(mostly" HEIGHT="69" WIDTH="239" VPOS="1279" HPOS="928"/>
<SP HEIGHT="50" WIDTH="42" VPOS="1298" HPOS="1168"/>
<String CONTENT="of" HEIGHT="53" WIDTH="63" VPOS="1279" HPOS="1211"/>
<SP HEIGHT="52" WIDTH="39" VPOS="1278" HPOS="1275"/>
<String CONTENT="American" HEIGHT="57" WIDTH="309" VPOS="1275" HPOS="1315"/>
<SP HEIGHT="34" WIDTH="40" VPOS="1298" HPOS="1625"/>
<String CONTENT="origin)" HEIGHT="70" WIDTH="220" VPOS="1278" HPOS="1666"/>
</TextLine>
<TextLine HEIGHT="147" WIDTH="2019" VPOS="1279" HPOS="190" STYLEREFS="StyleId-F13D2427-9BDF-4F95-A769-83FE4110865D-" CS="1">
<String CONTENT="All" HEIGHT="53" WIDTH="101" VPOS="1279" HPOS="1971"/>
<SP HEIGHT="66" WIDTH="41" VPOS="1282" HPOS="2073"/>
<String CONTENT="periods" HEIGHT="112" WIDTH="1996" VPOS="1298" HPOS="190"/>
<SP HEIGHT="33" WIDTH="37" VPOS="1377" HPOS="347"/>
<String CONTENT="of" HEIGHT="53" WIDTH="64" VPOS="1357" HPOS="385"/>
<SP HEIGHT="52" WIDTH="37" VPOS="1357" HPOS="450"/>
<String CONTENT="American" HEIGHT="52" WIDTH="310" VPOS="1357" HPOS="488"/>
<SP HEIGHT="52" WIDTH="41" VPOS="1357" HPOS="799"/>
<String CONTENT="furniture" HEIGHT="53" WIDTH="293" VPOS="1357" HPOS="841"/>
<SP HEIGHT="34" WIDTH="39" VPOS="1376" HPOS="1135"/>
<String CONTENT="with" HEIGHT="52" WIDTH="142" VPOS="1357" HPOS="1175"/>
<SP HEIGHT="52" WIDTH="39" VPOS="1358" HPOS="1318"/>
<String CONTENT="some" HEIGHT="35" WIDTH="153" VPOS="1375" HPOS="1358"/>
<SP HEIGHT="52" WIDTH="37" VPOS="1358" HPOS="1512"/>
<String CONTENT="foreign" HEIGHT="69" WIDTH="230" VPOS="1357" HPOS="1550"/>
<SP HEIGHT="36" WIDTH="38" VPOS="1374" HPOS="1781"/>
<String CONTENT="examples" HEIGHT="67" WIDTH="289" VPOS="1359" HPOS="1820"/>
<SP HEIGHT="52" WIDTH="38" VPOS="1360" HPOS="2110"/>
<String CONTENT="in" HEIGHT="52" WIDTH="60" VPOS="1360" HPOS="2149"/>
</TextLine>
<TextLine HEIGHT="71" WIDTH="2021" VPOS="1435" HPOS="190" STYLEREFS="StyleId-F13D2427-9BDF-4F95-A769-83FE4110865D-">
<String CONTENT="America," HEIGHT="68" WIDTH="285" VPOS="1436" HPOS="190"/>
<SP HEIGHT="51" WIDTH="36" VPOS="1453" HPOS="476"/>
<String CONTENT="also" HEIGHT="52" WIDTH="120" VPOS="1437" HPOS="513"/>
<SP HEIGHT="53" WIDTH="30" VPOS="1436" HPOS="634"/>
<String CONTENT="American" HEIGHT="53" WIDTH="309" VPOS="1435" HPOS="665"/>
<SP HEIGHT="52" WIDTH="33" VPOS="1436" HPOS="975"/>
<String CONTENT="hardware" HEIGHT="52" WIDTH="302" VPOS="1435" HPOS="1009"/>
<SP HEIGHT="35" WIDTH="33" VPOS="1453" HPOS="1312"/>
<String CONTENT="and" HEIGHT="52" WIDTH="114" VPOS="1437" HPOS="1346"/>
<SP HEIGHT="52" WIDTH="33" VPOS="1437" HPOS="1461"/>
<String CONTENT="household" HEIGHT="54" WIDTH="316" VPOS="1436" HPOS="1495"/>
<SP HEIGHT="53" WIDTH="31" VPOS="1437" HPOS="1812"/>
<String CONTENT="utensils," HEIGHT="69" WIDTH="256" VPOS="1437" HPOS="1844"/>
<SP HEIGHT="69" WIDTH="34" VPOS="1437" HPOS="2101"/>
<String CONTENT="by" HEIGHT="69" WIDTH="75" VPOS="1437" HPOS="2136"/>
</TextLine>
<TextLine HEIGHT="71" WIDTH="2021" VPOS="1513" HPOS="190" STYLEREFS="StyleId-F13D2427-9BDF-4F95-A769-83FE4110865D-">
<String CONTENT="Wallace" HEIGHT="55" WIDTH="254" VPOS="1514" HPOS="190"/>
<SP HEIGHT="53" WIDTH="28" VPOS="1514" HPOS="445"/>
<String CONTENT="Nutting;" HEIGHT="68" WIDTH="279" VPOS="1514" HPOS="474"/>
<SP HEIGHT="68" WIDTH="32" VPOS="1513" HPOS="754"/>
<String CONTENT="five" HEIGHT="53" WIDTH="107" VPOS="1513" HPOS="787"/>
<SP HEIGHT="45" WIDTH="29" VPOS="1521" HPOS="895"/>
<String CONTENT="thousand" HEIGHT="53" WIDTH="286" VPOS="1514" HPOS="925"/>
<SP HEIGHT="53" WIDTH="29" VPOS="1514" HPOS="1212"/>
<String CONTENT="illustrations" HEIGHT="54" WIDTH="385" VPOS="1514" HPOS="1242"/>
<SP HEIGHT="35" WIDTH="29" VPOS="1533" HPOS="1628"/>
<String CONTENT="with" HEIGHT="53" WIDTH="142" VPOS="1515" HPOS="1658"/>
<SP HEIGHT="52" WIDTH="29" VPOS="1516" HPOS="1801"/>
<String CONTENT="descriptions" HEIGHT="71" WIDTH="380" VPOS="1513" HPOS="1831"/>
</TextLine>
<TextLine HEIGHT="149" WIDTH="2000" VPOS="1591" HPOS="188" STYLEREFS="StyleId-F13D2427-9BDF-4F95-A769-83FE4110865D-" CS="1">
<String CONTENT="on" HEIGHT="34" WIDTH="72" VPOS="1611" HPOS="192"/>
<SP HEIGHT="47" WIDTH="28" VPOS="1599" HPOS="265"/>
<String CONTENT="the" HEIGHT="53" WIDTH="98" VPOS="1593" HPOS="294"/>
<SP HEIGHT="34" WIDTH="27" VPOS="1611" HPOS="393"/>
<String CONTENT="same" HEIGHT="35" WIDTH="154" VPOS="1610" HPOS="421"/>
<SP HEIGHT="50" WIDTH="27" VPOS="1610" HPOS="576"/>
<String CONTENT="page" HEIGHT="50" WIDTH="146" VPOS="1610" HPOS="604"/>
<SP HEIGHT="33" WIDTH="35" VPOS="1611" HPOS="751"/>
<String CS="1" CONTENT="&#8230;"/>
<SP HEIGHT="51" WIDTH="80" VPOS="1593" HPOS="843"/>
<String CONTENT="Framingham," HEIGHT="68" WIDTH="438" VPOS="1592" HPOS="924"/>
<SP HEIGHT="65" WIDTH="27" VPOS="1593" HPOS="1363"/>
<String CONTENT="Mass.," HEIGHT="68" WIDTH="193" VPOS="1593" HPOS="1391"/>
<SP HEIGHT="70" WIDTH="30" VPOS="1591" HPOS="1585"/>
<String CONTENT="Old" HEIGHT="56" WIDTH="116" VPOS="1591" HPOS="1616"/>
<SP HEIGHT="53" WIDTH="29" VPOS="1594" HPOS="1733"/>
<String CONTENT="America" HEIGHT="53" WIDTH="267" VPOS="1594" HPOS="1763"/>
<SP HEIGHT="34" WIDTH="34" VPOS="1613" HPOS="2031"/>
<String CONTENT="company" HEIGHT="127" WIDTH="2000" VPOS="1613" HPOS="188"/>
</TextLine>
<TextLine HEIGHT="64" WIDTH="85" VPOS="1674" HPOS="489" STYLEREFS="StyleId-F13D2427-9BDF-4F95-A769-83FE4110865D-" CS="1">
<String CS="1" CONTENT="[&#7580;1928]" HEIGHT="64" WIDTH="85" VPOS="1674" HPOS="489"/>
</TextLine>
<TextLine HEIGHT="49" WIDTH="802" VPOS="1751" HPOS="362" CS="1">
<String CS="1" CONTENT="2"/>
<SP/>
<String CS="1" CONTENT="v."/>
<SP HEIGHT="29" WIDTH="29" VPOS="1765" HPOS="362"/>
<String CONTENT="of" HEIGHT="40" WIDTH="51" VPOS="1753" HPOS="392"/>
<SP HEIGHT="39" WIDTH="26" VPOS="1753" HPOS="444"/>
<String CONTENT="illus." HEIGHT="40" WIDTH="131" VPOS="1753" HPOS="471"/>
<SP HEIGHT="49" WIDTH="26" VPOS="1751" HPOS="603"/>
<String CONTENT="(incl." HEIGHT="49" WIDTH="135" VPOS="1751" HPOS="630"/>
<SP HEIGHT="41" WIDTH="28" VPOS="1752" HPOS="766"/>
<String CONTENT="facsims.)" HEIGHT="46" WIDTH="243" VPOS="1752" HPOS="795"/>
<SP HEIGHT="46" WIDTH="66" VPOS="1752" HPOS="1039"/>
<String CONTENT="28" HEIGHT="41" WIDTH="58" VPOS="1752" HPOS="1106"/>
<String STYLE="superscript" CS="1" CONTENT="&#7580;&#7504;."/>
</TextLine>
<TextLine HEIGHT="109" WIDTH="1997" VPOS="1806" HPOS="198" CS="1">
<String CONTENT="&#169;" HEIGHT="52" WIDTH="51" VPOS="1806" HPOS="198"/>
<SP HEIGHT="52" WIDTH="29" VPOS="1806" HPOS="250"/>
<String CONTENT="Nov." HEIGHT="40" WIDTH="120" VPOS="1810" HPOS="280"/>
<SP HEIGHT="41" WIDTH="27" VPOS="1809" HPOS="401"/>
<String CONTENT="5," HEIGHT="48" WIDTH="39" VPOS="1809" HPOS="429"/>
<SP HEIGHT="47" WIDTH="30" VPOS="1810" HPOS="469"/>
<String CS="1" CONTENT="1928;" HEIGHT="40" WIDTH="115" VPOS="1809" HPOS="500"/>
<SP HEIGHT="47" WIDTH="31" VPOS="1809" HPOS="643"/>
<String CONTENT="2c." HEIGHT="41" WIDTH="66" VPOS="1809" HPOS="675"/>
<SP HEIGHT="40" WIDTH="28" VPOS="1810" HPOS="742"/>
<String CONTENT="Nov." HEIGHT="40" WIDTH="119" VPOS="1810" HPOS="771"/>
<SP HEIGHT="40" WIDTH="30" VPOS="1810" HPOS="891"/>
<String CS="1" CONTENT="7;" HEIGHT="39" WIDTH="24" VPOS="1810" HPOS="922"/>
<SP HEIGHT="36" WIDTH="31" VPOS="1820" HPOS="974"/>
<String CONTENT="aff." HEIGHT="41" WIDTH="83" VPOS="1809" HPOS="1006"/>
<SP HEIGHT="40" WIDTH="31" VPOS="1810" HPOS="1090"/>
<String CONTENT="Dec." HEIGHT="41" WIDTH="111" VPOS="1810" HPOS="1122"/>
<SP HEIGHT="40" WIDTH="31" VPOS="1811" HPOS="1234"/>
<String CS="1" CONTENT="8;" HEIGHT="39" WIDTH="26" VPOS="1811" HPOS="1266"/>
<SP HEIGHT="45" WIDTH="32" VPOS="1811" HPOS="1319"/>
<!-- cceid 86721404-6CFA-1014-9C3C-CEA95E7AA542 --><String CONTENT="A" HEIGHT="38" WIDTH="40" VPOS="1811" HPOS="1352"/>
<SP HEIGHT="39" WIDTH="29" VPOS="1811" HPOS="1393"/>
<String CS="1" CONTENT="3524;" HEIGHT="41" WIDTH="116" VPOS="1810" HPOS="1423"/>
<SP HEIGHT="45" WIDTH="33" VPOS="1812" HPOS="1567"/>
<String CONTENT="W." HEIGHT="40" WIDTH="71" VPOS="1812" HPOS="1601"/>
<SP HEIGHT="40" WIDTH="31" VPOS="1812" HPOS="1673"/>
<String CONTENT="Nutting," HEIGHT="49" WIDTH="223" VPOS="1812" HPOS="1705"/>
<SP HEIGHT="48" WIDTH="31" VPOS="1813" HPOS="1929"/>
<String CONTENT="Framingham," HEIGHT="101" WIDTH="1929" VPOS="1813" HPOS="266"/>
<SP HEIGHT="47" WIDTH="27" VPOS="1867" HPOS="394"/>
<String CONTENT="Mass." HEIGHT="39" WIDTH="148" VPOS="1867" HPOS="422"/>
<SP HEIGHT="49" WIDTH="65" VPOS="1866" HPOS="571"/>
<String CONTENT="(29-560)" HEIGHT="50" WIDTH="223" VPOS="1865" HPOS="637"/>
</TextLine>
<TextLine HEIGHT="65" WIDTH="876" VPOS="1919" HPOS="190" STYLEREFS="StyleId-F15AF104-5C6C-4686-9AD8-AFB5C69A627C-">
<String LANG="en-US" CONTENT="Nyberg," HEIGHT="64" WIDTH="265" VPOS="1920" HPOS="190"/>
<SP HEIGHT="64" WIDTH="32" VPOS="1920" HPOS="456"/>
<String LANG="en-US" CONTENT="Joseph" HEIGHT="63" WIDTH="222" VPOS="1919" HPOS="489"/>
<SP HEIGHT="52" WIDTH="34" VPOS="1919" HPOS="712"/>
<String LANG="de" CONTENT="Antonius." HEIGHT="54" WIDTH="319" VPOS="1919" HPOS="747"/>
</TextLine>
<TextLine HEIGHT="149" WIDTH="1993" VPOS="1997" HPOS="195" STYLEREFS="StyleId-F13D2427-9BDF-4F95-A769-83FE4110865D-" CS="1">
<String CONTENT="Plane" HEIGHT="53" WIDTH="183" VPOS="1998" HPOS="266"/>
<SP HEIGHT="50" WIDTH="26" VPOS="2016" HPOS="450"/>
<String CONTENT="geometry," HEIGHT="63" WIDTH="311" VPOS="2003" HPOS="477"/>
<SP HEIGHT="67" WIDTH="28" VPOS="1997" HPOS="789"/>
<String CONTENT="by" HEIGHT="69" WIDTH="77" VPOS="1997" HPOS="818"/>
<SP HEIGHT="68" WIDTH="29" VPOS="1998" HPOS="896"/>
<String CONTENT="Joseph" HEIGHT="67" WIDTH="218" VPOS="1998" HPOS="926"/>
<SP HEIGHT="52" WIDTH="30" VPOS="1998" HPOS="1145"/>
<String CONTENT="A." HEIGHT="53" WIDTH="73" VPOS="1998" HPOS="1176"/>
<SP HEIGHT="52" WIDTH="32" VPOS="1999" HPOS="1250"/>
<String CONTENT="Nyberg" HEIGHT="71" WIDTH="236" VPOS="1998" HPOS="1283"/>
<SP HEIGHT="50" WIDTH="36" VPOS="2019" HPOS="1520"/>
<String CS="1" CONTENT="&#8230;"/>
<SP HEIGHT="53" WIDTH="70" VPOS="2000" HPOS="1615"/>
<String CONTENT="New" HEIGHT="54" WIDTH="141" VPOS="2000" HPOS="1686"/>
<SP HEIGHT="53" WIDTH="32" VPOS="2001" HPOS="1828"/>
<String CONTENT="York," HEIGHT="69" WIDTH="181" VPOS="2000" HPOS="1861"/>
<SP HEIGHT="69" WIDTH="35" VPOS="2000" HPOS="2043"/>
<String CONTENT="Cincinnati" HEIGHT="129" WIDTH="1993" VPOS="2000" HPOS="195"/>
<SP HEIGHT="67" WIDTH="36" VPOS="2076" HPOS="414"/>
<String CONTENT="[etc.]" HEIGHT="63" WIDTH="139" VPOS="2080" HPOS="451"/>
<SP HEIGHT="67" WIDTH="35" VPOS="2075" HPOS="591"/>
<String CONTENT="American" HEIGHT="53" WIDTH="309" VPOS="2075" HPOS="627"/>
<SP HEIGHT="54" WIDTH="30" VPOS="2075" HPOS="937"/>
<String CONTENT="book" HEIGHT="54" WIDTH="149" VPOS="2075" HPOS="968"/>
<SP HEIGHT="53" WIDTH="30" VPOS="2076" HPOS="1118"/>
<String CONTENT="company" HEIGHT="52" WIDTH="284" VPOS="2094" HPOS="1149"/>
<SP/>
<String CS="1" CONTENT="[&#7580;1929]" HEIGHT="64" WIDTH="86" VPOS="2081" HPOS="1580"/>
</TextLine>
<TextLine HEIGHT="49" WIDTH="1142" VPOS="2158" HPOS="267" STYLEREFS="StyleId-F13D2427-9BDF-4F95-A769-83FE4110865D-" CS="1">
<String CONTENT="viii," HEIGHT="48" WIDTH="101" VPOS="2158" HPOS="267"/>
<SP HEIGHT="47" WIDTH="28" VPOS="2159" HPOS="369"/>
<String CONTENT="292" HEIGHT="40" WIDTH="86" VPOS="2158" HPOS="398"/>
<SP HEIGHT="46" WIDTH="29" VPOS="2159" HPOS="485"/>
<String CONTENT="p." HEIGHT="37" WIDTH="43" VPOS="2168" HPOS="515"/>
<SP HEIGHT="29" WIDTH="59" VPOS="2169" HPOS="559"/>
<String CONTENT="col." HEIGHT="40" WIDTH="88" VPOS="2159" HPOS="619"/>
<SP HEIGHT="41" WIDTH="28" VPOS="2158" HPOS="708"/>
<String CONTENT="front.," HEIGHT="48" WIDTH="165" VPOS="2158" HPOS="737"/>
<SP HEIGHT="48" WIDTH="29" VPOS="2158" HPOS="903"/>
<String CONTENT="illus.," HEIGHT="48" WIDTH="145" VPOS="2158" HPOS="933"/>
<SP HEIGHT="46" WIDTH="30" VPOS="2160" HPOS="1079"/>
<String CONTENT="diagrs." HEIGHT="48" WIDTH="182" VPOS="2159" HPOS="1110"/>
<SP HEIGHT="38" WIDTH="60" VPOS="2161" HPOS="1293"/>
<String CONTENT="19" HEIGHT="41" WIDTH="55" VPOS="2159" HPOS="1354"/>
<String STYLE="superscript" CS="1" CONTENT="&#7580;&#7504;."/>
</TextLine>
<TextLine HEIGHT="52" WIDTH="1677" VPOS="2211" HPOS="201" CS="1">
<String CONTENT="&#169;" HEIGHT="52" WIDTH="51" VPOS="2211" HPOS="201"/>
<SP HEIGHT="52" WIDTH="28" VPOS="2211" HPOS="253"/>
<String CONTENT="Jan." HEIGHT="39" WIDTH="109" VPOS="2216" HPOS="282"/>
<SP HEIGHT="40" WIDTH="27" VPOS="2215" HPOS="392"/>
<String CONTENT="2," HEIGHT="47" WIDTH="40" VPOS="2215" HPOS="420"/>
<SP HEIGHT="47" WIDTH="28" VPOS="2215" HPOS="461"/>
<String CS="1" CONTENT="1929;"/>
<SP HEIGHT="40" WIDTH="30" VPOS="2215" HPOS="631"/>
<String CONTENT="2c." HEIGHT="39" WIDTH="68" VPOS="2215" HPOS="662"/>
<SP HEIGHT="29" WIDTH="27" VPOS="2225" HPOS="731"/>
<String CONTENT="and" HEIGHT="38" WIDTH="95" VPOS="2216" HPOS="759"/>
<SP HEIGHT="39" WIDTH="29" VPOS="2216" HPOS="855"/>
<String CONTENT="aff." HEIGHT="42" WIDTH="82" VPOS="2214" HPOS="885"/>
<SP HEIGHT="40" WIDTH="30" VPOS="2216" HPOS="968"/>
<String CONTENT="Jan." HEIGHT="40" WIDTH="110" VPOS="2216" HPOS="999"/>
<SP HEIGHT="40" WIDTH="28" VPOS="2216" HPOS="1110"/>
<String CONTENT="5;" HEIGHT="46" WIDTH="52" VPOS="2216" HPOS="1139"/>
<SP HEIGHT="46" WIDTH="30" VPOS="2216" HPOS="1192"/>
<!-- cceid 86731EC1-6CFA-1014-9C3C-CEA95E7AA542 --><String CONTENT="A" HEIGHT="38" WIDTH="39" VPOS="2216" HPOS="1223"/>
<SP HEIGHT="38" WIDTH="26" VPOS="2216" HPOS="1263"/>
<String CS="1" CONTENT="2603;" HEIGHT="41" WIDTH="116" VPOS="2215" HPOS="1290"/>
<SP HEIGHT="41" WIDTH="30" VPOS="2217" HPOS="1435"/>
<String LANG="fr" CONTENT="Amer," HEIGHT="41" WIDTH="160" VPOS="2217" HPOS="1466"/>
<SP HEIGHT="40" WIDTH="30" VPOS="2218" HPOS="1627"/>
<String CONTENT="book" HEIGHT="40" WIDTH="124" VPOS="2218" HPOS="1658"/>
<SP HEIGHT="41" WIDTH="26" VPOS="2218" HPOS="1783"/>
<String CONTENT="co." HEIGHT="30" WIDTH="68" VPOS="2230" HPOS="1810"/>
</TextLine>
<TextLine HEIGHT="48" WIDTH="252" VPOS="2271" HPOS="279">
<String CONTENT="(29-1111)" HEIGHT="48" WIDTH="252" VPOS="2271" HPOS="279"/>
</TextLine>
<TextLine HEIGHT="66" WIDTH="412" VPOS="2324" HPOS="193" STYLEREFS="StyleId-F15AF104-5C6C-4686-9AD8-AFB5C69A627C-">
<String CONTENT="Oakes," HEIGHT="65" WIDTH="214" VPOS="2325" HPOS="193"/>
<SP HEIGHT="66" WIDTH="38" VPOS="2324" HPOS="408"/>
<String CONTENT="Lois." HEIGHT="56" WIDTH="158" VPOS="2324" HPOS="447"/>
</TextLine>
<TextLine HEIGHT="132" WIDTH="1993" VPOS="2402" HPOS="200" STYLEREFS="StyleId-F13D2427-9BDF-4F95-A769-83FE4110865D-" CS="1">
<String CONTENT="Essentials" HEIGHT="54" WIDTH="316" VPOS="2402" HPOS="271"/>
<SP HEIGHT="35" WIDTH="27" VPOS="2421" HPOS="588"/>
<String CONTENT="of" HEIGHT="53" WIDTH="65" VPOS="2402" HPOS="616"/>
<SP HEIGHT="70" WIDTH="27" VPOS="2402" HPOS="682"/>
<String CS="1" CONTENT="gyn&#230;cology" HEIGHT="69" WIDTH="372" VPOS="2403" HPOS="710"/>
<SP HEIGHT="68" WIDTH="29" VPOS="2404" HPOS="1083"/>
<String CONTENT="for" HEIGHT="52" WIDTH="95" VPOS="2404" HPOS="1113"/>
<SP HEIGHT="33" WIDTH="27" VPOS="2423" HPOS="1209"/>
<String CONTENT="nurses;" HEIGHT="50" WIDTH="226" VPOS="2422" HPOS="1237"/>
<SP HEIGHT="48" WIDTH="32" VPOS="2424" HPOS="1464"/>
<String CONTENT="a" HEIGHT="33" WIDTH="32" VPOS="2425" HPOS="1497"/>
<SP HEIGHT="52" WIDTH="26" VPOS="2406" HPOS="1530"/>
<String CONTENT="brief" HEIGHT="53" WIDTH="156" VPOS="2406" HPOS="1557"/>
<SP HEIGHT="54" WIDTH="26" VPOS="2406" HPOS="1714"/>
<String CONTENT="course" HEIGHT="35" WIDTH="196" VPOS="2425" HPOS="1741"/>
<SP HEIGHT="34" WIDTH="26" VPOS="2426" HPOS="1938"/>
<String CONTENT="of" HEIGHT="53" WIDTH="65" VPOS="2407" HPOS="1965"/>
<SP HEIGHT="70" WIDTH="26" VPOS="2407" HPOS="2031"/>
<String CONTENT="questions" HEIGHT="107" WIDTH="1993" VPOS="2427" HPOS="200"/>
</TextLine>
<TextLine HEIGHT="74" WIDTH="1834" VPOS="2481" HPOS="384" STYLEREFS="StyleId-F13D2427-9BDF-4F95-A769-83FE4110865D-">
<String CONTENT="and" HEIGHT="53" WIDTH="113" VPOS="2481" HPOS="384"/>
<SP HEIGHT="53" WIDTH="33" VPOS="2481" HPOS="498"/>
<String CONTENT="answers" HEIGHT="35" WIDTH="246" VPOS="2499" HPOS="532"/>
<SP HEIGHT="53" WIDTH="34" VPOS="2481" HPOS="779"/>
<String CONTENT="for" HEIGHT="52" WIDTH="95" VPOS="2481" HPOS="814"/>
<SP HEIGHT="34" WIDTH="30" VPOS="2500" HPOS="910"/>
<String CONTENT="examination" HEIGHT="53" WIDTH="391" VPOS="2482" HPOS="941"/>
<SP HEIGHT="34" WIDTH="32" VPOS="2502" HPOS="1333"/>
<String CONTENT="candidates," HEIGHT="69" WIDTH="352" VPOS="2483" HPOS="1366"/>
<SP HEIGHT="67" WIDTH="30" VPOS="2485" HPOS="1719"/>
<String CONTENT="by" HEIGHT="70" WIDTH="76" VPOS="2485" HPOS="1750"/>
<SP HEIGHT="68" WIDTH="31" VPOS="2487" HPOS="1827"/>
<String CONTENT="Lois" HEIGHT="54" WIDTH="136" VPOS="2486" HPOS="1859"/>
<SP HEIGHT="56" WIDTH="34" VPOS="2486" HPOS="1996"/>
<String CONTENT="Oakes" HEIGHT="56" WIDTH="187" VPOS="2486" HPOS="2031"/>
</TextLine>
<TextLine HEIGHT="70" WIDTH="1956" VPOS="2559" HPOS="262" STYLEREFS="StyleId-F13D2427-9BDF-4F95-A769-83FE4110865D-" CS="1">
<String CS="1" CONTENT="&#8230;"/>
<SP HEIGHT="33" WIDTH="36" VPOS="2578" HPOS="262"/>
<String CONTENT="with" HEIGHT="53" WIDTH="141" VPOS="2559" HPOS="299"/>
<SP HEIGHT="53" WIDTH="32" VPOS="2559" HPOS="441"/>
<String CONTENT="an" HEIGHT="35" WIDTH="72" VPOS="2577" HPOS="474"/>
<SP HEIGHT="53" WIDTH="31" VPOS="2559" HPOS="547"/>
<String CONTENT="introduction" HEIGHT="53" WIDTH="393" VPOS="2559" HPOS="579"/>
<SP HEIGHT="53" WIDTH="31" VPOS="2559" HPOS="973"/>
<String CONTENT="by" HEIGHT="70" WIDTH="76" VPOS="2559" HPOS="1005"/>
<SP HEIGHT="69" WIDTH="27" VPOS="2560" HPOS="1082"/>
<String CONTENT="A." HEIGHT="53" WIDTH="72" VPOS="2560" HPOS="1110"/>
<SP HEIGHT="52" WIDTH="32" VPOS="2561" HPOS="1183"/>
<String CONTENT="Leyland" HEIGHT="68" WIDTH="262" VPOS="2561" HPOS="1216"/>
<SP HEIGHT="53" WIDTH="31" VPOS="2562" HPOS="1479"/>
<String CONTENT="Robinson" HEIGHT="54" WIDTH="295" VPOS="2562" HPOS="1511"/>
<SP HEIGHT="33" WIDTH="39" VPOS="2583" HPOS="1807"/>
<String CS="1" CONTENT="&#8230;"/>
<SP HEIGHT="51" WIDTH="72" VPOS="2566" HPOS="1903"/>
<String CONTENT="London" HEIGHT="53" WIDTH="242" VPOS="2566" HPOS="1976"/>
</TextLine>
<TextLine HEIGHT="71" WIDTH="1306" VPOS="2636" HPOS="200" STYLEREFS="StyleId-F13D2427-9BDF-4F95-A769-83FE4110865D-" CS="1">
<String CONTENT="&amp;" HEIGHT="50" WIDTH="46" VPOS="2639" HPOS="200"/>
<SP HEIGHT="52" WIDTH="24" VPOS="2638" HPOS="247"/>
<String CONTENT="New" HEIGHT="52" WIDTH="139" VPOS="2638" HPOS="272"/>
<SP HEIGHT="52" WIDTH="26" VPOS="2637" HPOS="412"/>
<String CONTENT="York," HEIGHT="69" WIDTH="180" VPOS="2636" HPOS="439"/>
<SP HEIGHT="69" WIDTH="27" VPOS="2636" HPOS="620"/>
<String LANG="fr" CONTENT="G." HEIGHT="55" WIDTH="70" VPOS="2636" HPOS="648"/>
<SP HEIGHT="52" WIDTH="25" VPOS="2638" HPOS="719"/>
<String CONTENT="P." HEIGHT="53" WIDTH="66" VPOS="2638" HPOS="745"/>
<SP HEIGHT="53" WIDTH="27" VPOS="2638" HPOS="812"/>
<String CONTENT="Putnam&#8217;s" HEIGHT="54" WIDTH="299" VPOS="2637" HPOS="840"/>
<SP HEIGHT="34" WIDTH="27" VPOS="2657" HPOS="1140"/>
<String CONTENT="sons" HEIGHT="35" WIDTH="129" VPOS="2657" HPOS="1168"/>
<SP/>
<String CS="1" CONTENT="[1928]" HEIGHT="65" WIDTH="85" VPOS="2642" HPOS="1421"/>
</TextLine>
<TextLine HEIGHT="50" WIDTH="688" VPOS="2720" HPOS="270" CS="1">
<String CONTENT="2" HEIGHT="39" WIDTH="28" VPOS="2721" HPOS="270"/>
<SP HEIGHT="47" WIDTH="25" VPOS="2721" HPOS="299"/>
<String LANG="fr" CONTENT="p." HEIGHT="36" WIDTH="42" VPOS="2732" HPOS="325"/>
<SP HEIGHT="42" WIDTH="27" VPOS="2720" HPOS="368"/>
<String CS="1" CONTENT="l.,"/>
<SP HEIGHT="37" WIDTH="28" VPOS="2732" HPOS="441"/>
<String CONTENT="vii-xii," HEIGHT="48" WIDTH="185" VPOS="2720" HPOS="470"/>
<SP HEIGHT="47" WIDTH="25" VPOS="2721" HPOS="656"/>
<String CONTENT="215" HEIGHT="40" WIDTH="87" VPOS="2721" HPOS="682"/>
<SP HEIGHT="49" WIDTH="26" VPOS="2721" HPOS="770"/>
<String CONTENT="p." HEIGHT="38" WIDTH="42" VPOS="2732" HPOS="797"/>
<SP HEIGHT="39" WIDTH="61" VPOS="2722" HPOS="840"/>
<String CONTENT="19" HEIGHT="40" WIDTH="56" VPOS="2721" HPOS="902"/>
<String STYLE="superscript" CS="1" CONTENT="&#7580;&#7504;."/>
</TextLine>
<TextLine HEIGHT="56" WIDTH="2012" VPOS="2773" HPOS="205" CS="1">
<String CONTENT="&#169;" HEIGHT="52" WIDTH="51" VPOS="2773" HPOS="205"/>
<SP/>
<String CS="1" CONTENT="1c."/>
<SP/>
<String CONTENT="Jan." HEIGHT="40" WIDTH="111" VPOS="2778" HPOS="379"/>
<SP HEIGHT="40" WIDTH="26" VPOS="2778" HPOS="491"/>
<String CONTENT="5," HEIGHT="47" WIDTH="39" VPOS="2778" HPOS="518"/>
<SP HEIGHT="47" WIDTH="27" VPOS="2778" HPOS="558"/>
<String CONTENT="1929;" HEIGHT="47" WIDTH="140" VPOS="2777" HPOS="586"/>
<SP HEIGHT="47" WIDTH="27" VPOS="2777" HPOS="727"/>
<!-- cceid 86742506-6CFA-1014-9C3C-CEA95E7AA542 --><String CONTENT="A" HEIGHT="39" WIDTH="41" VPOS="2777" HPOS="755"/>
<SP HEIGHT="40" WIDTH="25" VPOS="2777" HPOS="797"/>
<String CONTENT="ad" HEIGHT="38" WIDTH="60" VPOS="2779" HPOS="823"/>
<SP HEIGHT="39" WIDTH="29" VPOS="2778" HPOS="884"/>
<String CONTENT="int." HEIGHT="40" WIDTH="86" VPOS="2778" HPOS="914"/>
<SP HEIGHT="39" WIDTH="28" VPOS="2779" HPOS="1001"/>
<String CONTENT="12194;" HEIGHT="47" WIDTH="171" VPOS="2778" HPOS="1030"/>
<SP HEIGHT="37" WIDTH="29" VPOS="2789" HPOS="1202"/>
<String CONTENT="pubd." HEIGHT="47" WIDTH="144" VPOS="2779" HPOS="1232"/>
<SP HEIGHT="39" WIDTH="27" VPOS="2780" HPOS="1377"/>
<String CONTENT="Nov." HEIGHT="40" WIDTH="119" VPOS="2780" HPOS="1405"/>
<SP HEIGHT="40" WIDTH="29" VPOS="2780" HPOS="1525"/>
<String CONTENT="9," HEIGHT="49" WIDTH="39" VPOS="2780" HPOS="1555"/>
<SP HEIGHT="46" WIDTH="28" VPOS="2783" HPOS="1595"/>
<String CS="1" CONTENT="1928;"/>
<SP HEIGHT="42" WIDTH="31" VPOS="2782" HPOS="1767"/>
<String LANG="fr" CONTENT="G." HEIGHT="42" WIDTH="53" VPOS="2782" HPOS="1799"/>
<SP HEIGHT="40" WIDTH="29" VPOS="2784" HPOS="1853"/>
<String CONTENT="P." HEIGHT="40" WIDTH="50" VPOS="2784" HPOS="1883"/>
<SP HEIGHT="39" WIDTH="29" VPOS="2785" HPOS="1934"/>
<String CONTENT="Putnam's" HEIGHT="39" WIDTH="253" VPOS="2785" HPOS="1964"/>
</TextLine>
<TextLine HEIGHT="50" WIDTH="446" VPOS="2833" HPOS="273">
<String CONTENT="sons." HEIGHT="30" WIDTH="126" VPOS="2844" HPOS="273"/>
<SP HEIGHT="48" WIDTH="65" VPOS="2834" HPOS="400"/>
<String CONTENT="(29-1817)" HEIGHT="50" WIDTH="253" VPOS="2833" HPOS="466"/>
</TextLine>
<TextLine HEIGHT="64" WIDTH="1038" VPOS="2887" HPOS="202" STYLEREFS="StyleId-F15AF104-5C6C-4686-9AD8-AFB5C69A627C-">
<String CONTENT="Osgood," HEIGHT="64" WIDTH="254" VPOS="2887" HPOS="202"/>
<SP HEIGHT="64" WIDTH="26" VPOS="2887" HPOS="457"/>
<String CONTENT="Herman" HEIGHT="52" WIDTH="267" VPOS="2887" HPOS="484"/>
<SP HEIGHT="52" WIDTH="26" VPOS="2887" HPOS="752"/>
<String CONTENT="Ashton," HEIGHT="64" WIDTH="256" VPOS="2887" HPOS="779"/>
<SP HEIGHT="57" WIDTH="31" VPOS="2894" HPOS="1036"/>
<String CONTENT="1890-" HEIGHT="49" WIDTH="172" VPOS="2893" HPOS="1068"/>
</TextLine>
<TextLine HEIGHT="132" WIDTH="1994" VPOS="2965" HPOS="201" STYLEREFS="StyleId-F13D2427-9BDF-4F95-A769-83FE4110865D-" CS="1">
<String CS="1" CONTENT="&#8230;"/>
<SP HEIGHT="52" WIDTH="36" VPOS="2966" HPOS="334"/>
<String CONTENT="Teeth" HEIGHT="53" WIDTH="179" VPOS="2965" HPOS="371"/>
<SP HEIGHT="53" WIDTH="32" VPOS="2965" HPOS="551"/>
<String CONTENT="&amp;" HEIGHT="51" WIDTH="44" VPOS="2967" HPOS="584"/>
<SP HEIGHT="69" WIDTH="30" VPOS="2965" HPOS="629"/>
<String CONTENT="jaws" HEIGHT="69" WIDTH="143" VPOS="2965" HPOS="660"/>
<SP HEIGHT="52" WIDTH="31" VPOS="2966" HPOS="804"/>
<String CS="1" CONTENT="Roentgenologically" HEIGHT="71" WIDTH="548" VPOS="2966" HPOS="836"/>
<SP HEIGHT="68" WIDTH="32" VPOS="2969" HPOS="1449"/>
<String CONTENT="considered;" HEIGHT="61" WIDTH="360" VPOS="2970" HPOS="1482"/>
<SP HEIGHT="53" WIDTH="38" VPOS="2978" HPOS="1843"/>
<String CONTENT="three" HEIGHT="55" WIDTH="158" VPOS="2972" HPOS="1882"/>
<SP HEIGHT="56" WIDTH="35" VPOS="2972" HPOS="2041"/>
<String CONTENT="hundred" HEIGHT="125" WIDTH="1994" VPOS="2972" HPOS="201"/>
</TextLine>
<TextLine HEIGHT="77" WIDTH="1827" VPOS="3043" HPOS="391" STYLEREFS="StyleId-F13D2427-9BDF-4F95-A769-83FE4110865D-">
<String CONTENT="and" HEIGHT="53" WIDTH="113" VPOS="3044" HPOS="391"/>
<SP HEIGHT="53" WIDTH="47" VPOS="3044" HPOS="505"/>
<String CONTENT="fifty-eight" HEIGHT="71" WIDTH="324" VPOS="3043" HPOS="553"/>
<SP HEIGHT="52" WIDTH="47" VPOS="3045" HPOS="878"/>
<String CONTENT="Roentgen-ray" HEIGHT="70" WIDTH="433" VPOS="3045" HPOS="926"/>
<SP HEIGHT="49" WIDTH="47" VPOS="3066" HPOS="1360"/>
<String CONTENT="studies" HEIGHT="53" WIDTH="217" VPOS="3049" HPOS="1408"/>
<SP HEIGHT="34" WIDTH="46" VPOS="3068" HPOS="1626"/>
<String CONTENT="on" HEIGHT="34" WIDTH="74" VPOS="3068" HPOS="1673"/>
<SP HEIGHT="34" WIDTH="48" VPOS="3069" HPOS="1748"/>
<String CONTENT="seventy-three" HEIGHT="68" WIDTH="421" VPOS="3052" HPOS="1797"/>
</TextLine>
<TextLine HEIGHT="132" WIDTH="1991" VPOS="3121" HPOS="204" STYLEREFS="StyleId-F13D2427-9BDF-4F95-A769-83FE4110865D-" CS="1">
<String CONTENT="full-page" HEIGHT="70" WIDTH="288" VPOS="3121" HPOS="205"/>
<SP HEIGHT="50" WIDTH="41" VPOS="3141" HPOS="494"/>
<String CONTENT="plates" HEIGHT="67" WIDTH="184" VPOS="3124" HPOS="536"/>
<SP HEIGHT="33" WIDTH="43" VPOS="3142" HPOS="721"/>
<String CONTENT="and" HEIGHT="52" WIDTH="112" VPOS="3124" HPOS="765"/>
<SP HEIGHT="52" WIDTH="44" VPOS="3124" HPOS="878"/>
<String CONTENT="sixty" HEIGHT="68" WIDTH="154" VPOS="3124" HPOS="923"/>
<SP HEIGHT="67" WIDTH="43" VPOS="3125" HPOS="1078"/>
<String CONTENT="diagrammatic" HEIGHT="68" WIDTH="441" VPOS="3125" HPOS="1122"/>
<SP HEIGHT="50" WIDTH="42" VPOS="3129" HPOS="1564"/>
<String CONTENT="line" HEIGHT="53" WIDTH="115" VPOS="3128" HPOS="1607"/>
<SP HEIGHT="33" WIDTH="43" VPOS="3148" HPOS="1723"/>
<String CONTENT="cuts," HEIGHT="61" WIDTH="141" VPOS="3136" HPOS="1767"/>
<SP HEIGHT="68" WIDTH="42" VPOS="3129" HPOS="1909"/>
<String CONTENT="by" HEIGHT="70" WIDTH="76" VPOS="3129" HPOS="1952"/>
<SP HEIGHT="69" WIDTH="41" VPOS="3130" HPOS="2029"/>
<String CONTENT="Herman" HEIGHT="123" WIDTH="1991" VPOS="3130" HPOS="204"/>
</TextLine>
<TextLine HEIGHT="77" WIDTH="1857" VPOS="3200" HPOS="363" STYLEREFS="StyleId-F13D2427-9BDF-4F95-A769-83FE4110865D-" CS="1">
<String CONTENT="A." HEIGHT="52" WIDTH="71" VPOS="3201" HPOS="363"/>
<SP HEIGHT="55" WIDTH="27" VPOS="3200" HPOS="435"/>
<String CONTENT="Osgood" HEIGHT="70" WIDTH="232" VPOS="3200" HPOS="463"/>
<SP HEIGHT="52" WIDTH="32" VPOS="3202" HPOS="696"/>
<String CS="1" CONTENT="&#8230;"/>
<SP HEIGHT="48" WIDTH="67" VPOS="3205" HPOS="784"/>
<String CONTENT="2d" HEIGHT="51" WIDTH="71" VPOS="3203" HPOS="852"/>
<SP HEIGHT="51" WIDTH="28" VPOS="3203" HPOS="924"/>
<String CONTENT="ed." HEIGHT="51" WIDTH="84" VPOS="3203" HPOS="953"/>
<SP HEIGHT="32" WIDTH="28" VPOS="3222" HPOS="1038"/>
<String CONTENT="rev." HEIGHT="33" WIDTH="113" VPOS="3222" HPOS="1067"/>
<SP HEIGHT="52" WIDTH="64" VPOS="3204" HPOS="1181"/>
<String CONTENT="New" HEIGHT="52" WIDTH="140" VPOS="3204" HPOS="1246"/>
<SP HEIGHT="51" WIDTH="28" VPOS="3205" HPOS="1387"/>
<String CONTENT="York," HEIGHT="59" WIDTH="180" VPOS="3205" HPOS="1416"/>
<SP HEIGHT="57" WIDTH="26" VPOS="3207" HPOS="1597"/>
<String LANG="fr" CONTENT="P." HEIGHT="52" WIDTH="66" VPOS="3207" HPOS="1624"/>
<SP HEIGHT="50" WIDTH="28" VPOS="3209" HPOS="1691"/>
<String CONTENT="B." HEIGHT="50" WIDTH="67" VPOS="3209" HPOS="1720"/>
<SP HEIGHT="52" WIDTH="28" VPOS="3208" HPOS="1788"/>
<String CONTENT="Hoeber," HEIGHT="70" WIDTH="247" VPOS="3207" HPOS="1817"/>
<SP HEIGHT="66" WIDTH="27" VPOS="3211" HPOS="2065"/>
<String CONTENT="inc.," HEIGHT="58" WIDTH="127" VPOS="3211" HPOS="2093"/>
</TextLine>
<TextLine HEIGHT="50" WIDTH="150" VPOS="3281" HPOS="206" STYLEREFS="StyleId-F13D2427-9BDF-4F95-A769-83FE4110865D-">
<String CONTENT="1929." HEIGHT="50" WIDTH="150" VPOS="3281" HPOS="206"/>
</TextLine>
<TextLine HEIGHT="57" WIDTH="1874" VPOS="3361" HPOS="348" CS="1">
<String CS="1" CONTENT="xx," HEIGHT="16" WIDTH="8" VPOS="3393" HPOS="348"/>
<SP HEIGHT="47" WIDTH="30" VPOS="3362" HPOS="357"/>
<String CONTENT="135," HEIGHT="48" WIDTH="98" VPOS="3361" HPOS="388"/>
<SP HEIGHT="30" WIDTH="35" VPOS="3381" HPOS="487"/>
<String CONTENT="[1]" HEIGHT="49" WIDTH="53" VPOS="3362" HPOS="523"/>
<SP HEIGHT="38" WIDTH="33" VPOS="3372" HPOS="577"/>
<String CONTENT="p." HEIGHT="38" WIDTH="43" VPOS="3372" HPOS="611"/>
<SP HEIGHT="40" WIDTH="58" VPOS="3362" HPOS="655"/>
<String CONTENT="illus.," HEIGHT="48" WIDTH="144" VPOS="3362" HPOS="714"/>
<SP HEIGHT="36" WIDTH="30" VPOS="3374" HPOS="859"/>
<String CS="1" CONTENT="LXXIII"/>
<SP HEIGHT="38" WIDTH="28" VPOS="3374" HPOS="1054"/>
<String CS="1" CONTENT="pl.,"/>
<SP HEIGHT="48" WIDTH="31" VPOS="3364" HPOS="1161"/>
<String CONTENT="diagrs." HEIGHT="49" WIDTH="181" VPOS="3364" HPOS="1193"/>
<SP HEIGHT="38" WIDTH="59" VPOS="3367" HPOS="1375"/>
<String CS="1" CONTENT="27&#189;&#7580;&#7504;." HEIGHT="39" WIDTH="56" VPOS="3367" HPOS="1435"/>
<SP/>
<String CONTENT="(Added" HEIGHT="49" WIDTH="196" VPOS="3368" HPOS="1653"/>
<SP HEIGHT="38" WIDTH="31" VPOS="3370" HPOS="1850"/>
<String CONTENT="t.-p.:" HEIGHT="46" WIDTH="121" VPOS="3372" HPOS="1882"/>
<SP HEIGHT="39" WIDTH="29" VPOS="3371" HPOS="2004"/>
<String CONTENT="Annals" HEIGHT="41" WIDTH="188" VPOS="3371" HPOS="2034"/>
</TextLine>
<TextLine HEIGHT="52" WIDTH="1313" VPOS="3418" HPOS="206" CS="1">
<String CONTENT="of" HEIGHT="40" WIDTH="51" VPOS="3418" HPOS="206"/>
<SP HEIGHT="39" WIDTH="26" VPOS="3418" HPOS="258"/>
<String CONTENT="Roentgenology" HEIGHT="49" WIDTH="394" VPOS="3418" HPOS="285"/>
<SP HEIGHT="36" WIDTH="31" VPOS="3430" HPOS="680"/>
<String CS="1" CONTENT="&#8230;"/>
<SP HEIGHT="29" WIDTH="29" VPOS="3430" HPOS="757"/>
<String CONTENT="ed." HEIGHT="38" WIDTH="73" VPOS="3421" HPOS="787"/>
<SP HEIGHT="38" WIDTH="27" VPOS="3421" HPOS="861"/>
<String CONTENT="by" HEIGHT="47" WIDTH="61" VPOS="3421" HPOS="889"/>
<SP HEIGHT="47" WIDTH="27" VPOS="3421" HPOS="951"/>
<String LANG="fr" CONTENT="J." HEIGHT="40" WIDTH="43" VPOS="3421" HPOS="979"/>
<SP HEIGHT="40" WIDTH="27" VPOS="3421" HPOS="1023"/>
<String CONTENT="T." HEIGHT="40" WIDTH="53" VPOS="3421" HPOS="1051"/>
<SP HEIGHT="42" WIDTH="29" VPOS="3420" HPOS="1105"/>
<String CONTENT="Case" HEIGHT="42" WIDTH="122" VPOS="3420" HPOS="1135"/>
<SP HEIGHT="29" WIDTH="31" VPOS="3433" HPOS="1258"/>
<String CS="1" CONTENT="&#8230;"/>
<SP HEIGHT="29" WIDTH="59" VPOS="3434" HPOS="1336"/>
<String CONTENT="v." HEIGHT="29" WIDTH="42" VPOS="3434" HPOS="1396"/>
<SP HEIGHT="40" WIDTH="30" VPOS="3423" HPOS="1439"/>
<String CONTENT="5)" HEIGHT="47" WIDTH="49" VPOS="3423" HPOS="1470"/>
</TextLine>
<TextLine HEIGHT="57" WIDTH="1832" VPOS="3475" HPOS="278">
<String CONTENT="Letterpress" HEIGHT="48" WIDTH="306" VPOS="3475" HPOS="278"/>
<SP HEIGHT="38" WIDTH="28" VPOS="3477" HPOS="585"/>
<String CONTENT="descriptive" HEIGHT="49" WIDTH="294" VPOS="3476" HPOS="614"/>
<SP HEIGHT="29" WIDTH="28" VPOS="3488" HPOS="909"/>
<String CONTENT="of" HEIGHT="40" WIDTH="51" VPOS="3477" HPOS="938"/>
<SP HEIGHT="41" WIDTH="27" VPOS="3477" HPOS="990"/>
<String CONTENT="each" HEIGHT="39" WIDTH="118" VPOS="3479" HPOS="1018"/>
<SP HEIGHT="47" WIDTH="30" VPOS="3479" HPOS="1137"/>
<String CONTENT="plate" HEIGHT="46" WIDTH="134" VPOS="3480" HPOS="1168"/>
<SP HEIGHT="30" WIDTH="27" VPOS="3489" HPOS="1303"/>
<String CONTENT="on" HEIGHT="29" WIDTH="61" VPOS="3490" HPOS="1331"/>
<SP HEIGHT="30" WIDTH="28" VPOS="3490" HPOS="1393"/>
<String CONTENT="verso" HEIGHT="30" WIDTH="141" VPOS="3491" HPOS="1422"/>
<SP HEIGHT="29" WIDTH="30" VPOS="3493" HPOS="1564"/>
<String CONTENT="of" HEIGHT="40" WIDTH="51" VPOS="3482" HPOS="1595"/>
<SP HEIGHT="48" WIDTH="27" VPOS="3482" HPOS="1647"/>
<String CONTENT="preceding" HEIGHT="48" WIDTH="260" VPOS="3484" HPOS="1675"/>
<SP HEIGHT="37" WIDTH="28" VPOS="3495" HPOS="1936"/>
<String CONTENT="plate." HEIGHT="46" WIDTH="145" VPOS="3486" HPOS="1965"/>
</TextLine>
<TextLine HEIGHT="52" WIDTH="912" VPOS="3531" HPOS="277">
<String CONTENT="Brief" HEIGHT="40" WIDTH="140" VPOS="3531" HPOS="277"/>
<SP HEIGHT="40" WIDTH="29" VPOS="3531" HPOS="418"/>
<String CONTENT="series" HEIGHT="39" WIDTH="150" VPOS="3532" HPOS="448"/>
<SP HEIGHT="38" WIDTH="29" VPOS="3534" HPOS="599"/>
<String CONTENT="title" HEIGHT="41" WIDTH="109" VPOS="3532" HPOS="629"/>
<SP HEIGHT="29" WIDTH="29" VPOS="3544" HPOS="739"/>
<String CONTENT="at" HEIGHT="38" WIDTH="52" VPOS="3535" HPOS="769"/>
<SP HEIGHT="39" WIDTH="28" VPOS="3534" HPOS="822"/>
<String CONTENT="head" HEIGHT="40" WIDTH="126" VPOS="3534" HPOS="851"/>
<SP HEIGHT="39" WIDTH="30" VPOS="3535" HPOS="978"/>
<String CONTENT="of" HEIGHT="40" WIDTH="51" VPOS="3534" HPOS="1009"/>
<SP HEIGHT="41" WIDTH="29" VPOS="3534" HPOS="1061"/>
<String CONTENT="t.-p." HEIGHT="46" WIDTH="98" VPOS="3537" HPOS="1091"/>
</TextLine>
<TextLine HEIGHT="50" WIDTH="709" VPOS="3587" HPOS="277" CS="1">
<String CS="1" CONTENT="Bibliography:" HEIGHT="49" WIDTH="352" VPOS="3587" HPOS="277"/>
<SP HEIGHT="37" WIDTH="32" VPOS="3600" HPOS="657"/>
<String CONTENT="p." HEIGHT="37" WIDTH="44" VPOS="3600" HPOS="690"/>
<SP HEIGHT="39" WIDTH="32" VPOS="3590" HPOS="735"/>
<String CONTENT="131-135." HEIGHT="41" WIDTH="218" VPOS="3590" HPOS="768"/>
</TextLine>
<TextLine HEIGHT="64" WIDTH="1900" VPOS="3639" HPOS="211" CS="1">
<String CONTENT="&#169;" HEIGHT="53" WIDTH="51" VPOS="3639" HPOS="211"/>
<SP HEIGHT="53" WIDTH="26" VPOS="3639" HPOS="263"/>
<String CONTENT="Jan." HEIGHT="42" WIDTH="110" VPOS="3644" HPOS="290"/>
<SP HEIGHT="41" WIDTH="23" VPOS="3645" HPOS="401"/>
<String CONTENT="2," HEIGHT="48" WIDTH="41" VPOS="3645" HPOS="425"/>
<SP HEIGHT="48" WIDTH="26" VPOS="3645" HPOS="467"/>
<String CS="1" CONTENT="1929;" HEIGHT="42" WIDTH="114" VPOS="3644" HPOS="494"/>
<SP HEIGHT="46" WIDTH="26" VPOS="3646" HPOS="636"/>
<String CONTENT="2c." HEIGHT="41" WIDTH="67" VPOS="3646" HPOS="663"/>
<SP HEIGHT="41" WIDTH="25" VPOS="3646" HPOS="731"/>
<String CONTENT="Jan." HEIGHT="42" WIDTH="110" VPOS="3646" HPOS="757"/>
<SP HEIGHT="41" WIDTH="25" VPOS="3647" HPOS="868"/>
<String CS="1" CONTENT="3;" HEIGHT="40" WIDTH="25" VPOS="3647" HPOS="894"/>
<SP HEIGHT="35" WIDTH="29" VPOS="3659" HPOS="947"/>
<String CONTENT="aff." HEIGHT="43" WIDTH="83" VPOS="3647" HPOS="977"/>
<SP HEIGHT="42" WIDTH="26" VPOS="3648" HPOS="1061"/>
<String CONTENT="Jan." HEIGHT="43" WIDTH="110" VPOS="3648" HPOS="1088"/>
<SP HEIGHT="42" WIDTH="27" VPOS="3649" HPOS="1199"/>
<String CS="1" CONTENT="5:" HEIGHT="40" WIDTH="24" VPOS="3649" HPOS="1227"/>
<SP HEIGHT="41" WIDTH="30" VPOS="3650" HPOS="1280"/>
<!-- cceid 86753322-6CFA-1014-9C3C-CEA95E7AA542 --><String CONTENT="A" HEIGHT="39" WIDTH="39" VPOS="3650" HPOS="1311"/>
<SP HEIGHT="40" WIDTH="25" VPOS="3650" HPOS="1351"/>
<String CS="1" CONTENT="2635;" HEIGHT="41" WIDTH="115" VPOS="3650" HPOS="1377"/>
<SP HEIGHT="47" WIDTH="28" VPOS="3652" HPOS="1521"/>
<String CONTENT="Paul" HEIGHT="41" WIDTH="123" VPOS="3652" HPOS="1550"/>
<SP HEIGHT="38" WIDTH="27" VPOS="3654" HPOS="1674"/>
<String CONTENT="B." HEIGHT="40" WIDTH="53" VPOS="3654" HPOS="1702"/>
<SP HEIGHT="40" WIDTH="28" VPOS="3654" HPOS="1756"/>
<String CONTENT="Hoeber," HEIGHT="49" WIDTH="207" VPOS="3654" HPOS="1785"/>
<SP HEIGHT="48" WIDTH="27" VPOS="3655" HPOS="1993"/>
<String CONTENT="inc." HEIGHT="41" WIDTH="90" VPOS="3655" HPOS="2021"/>
</TextLine>
<TextLine HEIGHT="49" WIDTH="253" VPOS="3700" HPOS="289">
<String CONTENT="(29-1006)" HEIGHT="49" WIDTH="253" VPOS="3700" HPOS="289"/>
</TextLine>
<TextLine HEIGHT="69" WIDTH="757" VPOS="3752" HPOS="208" STYLEREFS="StyleId-F15AF104-5C6C-4686-9AD8-AFB5C69A627C-">
<String CONTENT="Osmond," HEIGHT="67" WIDTH="281" VPOS="3752" HPOS="208"/>
<SP HEIGHT="63" WIDTH="33" VPOS="3756" HPOS="490"/>
<String CONTENT="Alfred," HEIGHT="66" WIDTH="232" VPOS="3755" HPOS="524"/>
<SP HEIGHT="59" WIDTH="36" VPOS="3762" HPOS="757"/>
<String CONTENT="1861-" HEIGHT="50" WIDTH="171" VPOS="3762" HPOS="794"/>
</TextLine>
<TextLine HEIGHT="81" WIDTH="1946" VPOS="3833" HPOS="278" STYLEREFS="StyleId-F13D2427-9BDF-4F95-A769-83FE4110865D-">
<String CONTENT="Married" HEIGHT="55" WIDTH="257" VPOS="3833" HPOS="278"/>
<SP HEIGHT="53" WIDTH="36" VPOS="3835" HPOS="536"/>
<String CONTENT="sweethearts," HEIGHT="68" WIDTH="381" VPOS="3836" HPOS="573"/>
<SP HEIGHT="46" WIDTH="38" VPOS="3858" HPOS="955"/>
<String CONTENT="a" HEIGHT="34" WIDTH="32" VPOS="3858" HPOS="994"/>
<SP HEIGHT="34" WIDTH="36" VPOS="3858" HPOS="1027"/>
<String CONTENT="romance" HEIGHT="37" WIDTH="263" VPOS="3856" HPOS="1064"/>
<SP HEIGHT="34" WIDTH="36" VPOS="3859" HPOS="1328"/>
<String CONTENT="of" HEIGHT="52" WIDTH="64" VPOS="3841" HPOS="1365"/>
<SP HEIGHT="52" WIDTH="33" VPOS="3841" HPOS="1430"/>
<String CONTENT="the" HEIGHT="53" WIDTH="98" VPOS="3842" HPOS="1464"/>
<SP HEIGHT="53" WIDTH="34" VPOS="3842" HPOS="1563"/>
<String CONTENT="Rockies," HEIGHT="70" WIDTH="260" VPOS="3842" HPOS="1598"/>
<SP HEIGHT="68" WIDTH="37" VPOS="3844" HPOS="1859"/>
<String CONTENT="by" HEIGHT="70" WIDTH="76" VPOS="3844" HPOS="1897"/>
<SP HEIGHT="69" WIDTH="34" VPOS="3845" HPOS="1974"/>
<String CONTENT="Alfred" HEIGHT="56" WIDTH="215" VPOS="3845" HPOS="2009"/>
</TextLine>
<TextLine HEIGHT="84" WIDTH="2015" VPOS="3908" HPOS="210" STYLEREFS="StyleId-F13D2427-9BDF-4F95-A769-83FE4110865D-" CS="1">
<String CONTENT="Osmond" HEIGHT="58" WIDTH="255" VPOS="3908" HPOS="210"/>
<SP HEIGHT="53" WIDTH="32" VPOS="3913" HPOS="466"/>
<String CS="1" CONTENT="&#8230;"/>
<SP HEIGHT="49" WIDTH="81" VPOS="3917" HPOS="555"/>
<String CONTENT="1st" HEIGHT="50" WIDTH="83" VPOS="3917" HPOS="637"/>
<SP HEIGHT="47" WIDTH="28" VPOS="3920" HPOS="721"/>
<String CONTENT="ed." HEIGHT="53" WIDTH="83" VPOS="3915" HPOS="750"/>
<SP HEIGHT="33" WIDTH="81" VPOS="3949" HPOS="834"/>
<String CONTENT="[Salt" HEIGHT="67" WIDTH="146" VPOS="3915" HPOS="916"/>
<SP HEIGHT="51" WIDTH="26" VPOS="3918" HPOS="1063"/>
<String CONTENT="Lake" HEIGHT="54" WIDTH="157" VPOS="3917" HPOS="1090"/>
<SP HEIGHT="55" WIDTH="27" VPOS="3918" HPOS="1248"/>
<String CONTENT="Citv," HEIGHT="67" WIDTH="154" VPOS="3918" HPOS="1276"/>
<SP HEIGHT="64" WIDTH="26" VPOS="3921" HPOS="1431"/>
<String CONTENT="The" HEIGHT="53" WIDTH="121" VPOS="3921" HPOS="1458"/>
<SP HEIGHT="53" WIDTH="26" VPOS="3921" HPOS="1580"/>
<String CONTENT="Deseret" HEIGHT="54" WIDTH="238" VPOS="3921" HPOS="1607"/>
<SP HEIGHT="49" WIDTH="23" VPOS="3927" HPOS="1846"/>
<String CONTENT="news" HEIGHT="36" WIDTH="153" VPOS="3941" HPOS="1870"/>
<SP HEIGHT="50" WIDTH="24" VPOS="3942" HPOS="2024"/>
<String CONTENT="press," HEIGHT="50" WIDTH="176" VPOS="3942" HPOS="2049"/>
</TextLine>
<TextLine HEIGHT="65" WIDTH="84" VPOS="3991" HPOS="298" STYLEREFS="StyleId-F13D2427-9BDF-4F95-A769-83FE4110865D-" CS="1">
<String STYLE="superscript" CS="1" CONTENT="&#7580;19"/>
<String CONTENT="28]" HEIGHT="65" WIDTH="84" VPOS="3991" HPOS="298"/>
</TextLine>
</TextBlock>
</PrintSpace>
</Page>
</Layout>
</alto>