2533 4342
1380 4067 132 49 1398

414 476 348 65 Primerose;
806 474 249 53 comédie
1095 493 66 33 en
1202 474 141 53 trois
1382 479 149 47 actes
1570 492 106 48 par
1716 471 68 55 G.
1822 472 71 52 A.
1934 473 66 51 de
2043 471 285 55 Caillavet
2367 477 55 46 et

414 547 2008 73 Robert de Fiers … Boston, New York [etc.] D. C. Heath and
413 633 507 66 company [ ᶜ1 929 ]
488 708 1113 51 2 p. l., iii-xiv, 192 p. front. (port.) 16 ½ ᶜᵐ .
422 764 51 52 ©
506 769 111 39 Jan.
648 768 69 47 15,
750 766 140 48 1929;
925 767 67 39 2c.
1026 766 110 41 Jan.
1169 766 81 47 18;
1286 766 83 41 aff.
1401 766 110 40 Jan.
1544 766 82 45 17;
1660 766 42 38 A
1732 765 142 47 2904;
1911 765 57 40 D.
2003 765 48 41 C.
2085 764 164 40 Heath
2283 764 37 40 &
2352 775 68 29 co.

422 878 217 63 Gregg,
671 875 152 56 Cecil
854 877 311 53 Freeman.

492 957 120 51 The
663 956 157 52 three
870 956 263 67 daggers,
1182 974 32 32 a
1264 953 278 54 detective
1591 958 175 64 story,
1815 954 75 68 by
1943 952 154 55 Cecil
2146 953 277 51 Freeman

421 1033 212 71 Gregg.
709 1033 139 53 New
886 1031 182 71 York,
1103 1033 65 50 L.
1205 1031 355 70 MacVeagh,
1597 1032 123 52 The
1754 1031 138 52 Dial
1931 1049 184 51 press;
2154 1031 273 67 Toronto,

419 1113 346 68 Longmans,
794 1110 186 56 Green
1012 1112 112 52 and
1153 1129 97 51 co.,
1280 1113 150 51 1929.

485 1191 663 51 viii p., 1 l. , 11-308 p. 19½ ᶜᵐ.
424 1246 51 53 ©
509 1250 128 48 Sept.
670 1250 69 48 10,
770 1250 140 39 1929;
946 1248 67 41 2c.
1048 1248 128 49 Sept.
1208 1249 82 46 23;
1327 1248 81 41 aff.
1445 1248 128 49 Sept.
1606 1249 82 46 19;
1723 1249 41 38 A
1794 1248 171 47 13545;
2001 1248 113 39 Dial
2148 1258 149 38 press,
2333 1248 90 39 inc.

500 1306 282 50 (29-19251)

422 1388 175 64 Grey,
627 1388 236 53 Römer.

486 1465 121 52 The
633 1465 182 52 cruise
842 1464 64 53 of
931 1465 97 52 the
1056 1463 441 68 “Fisherman”;
1528 1464 342 53 adventures
1899 1464 60 52 in
1987 1464 270 53 southern
2288 1482 138 48 seas,

415 1543 75 69 by
515 1543 210 53 Römer
750 1542 173 69 Grey,
948 1542 327 53 illustrated
1302 1540 153 54 from
1481 1542 415 69 photographs.
1957 1542 139 53 New
2122 1542 164 53 York
2314 1543 111 51 and

415 1621 261 67 London,
704 1621 234 68 Harper
967 1622 47 51 &
1038 1620 280 68 brothers,
1349 1622 150 50 1929.

492 1701 1357 50 viii p., 1 l. , 268 p., 1 l. front., 1 illus., plates. 19½ᶜᵐ.
426 1757 52 52 ©
512 1760 130 49 Sept.
670 1761 42 40 4.
741 1760 142 46 1929;
915 1760 70 41 2c.
1019 1760 129 48 Sept.
1179 1760 52 47 5;
1266 1759 82 40 aff.
1383 1759 129 48 Sept.
1544 1760 27 39 6;
1631 1760 41 38 A
1703 1758 171 49 13011;
1908 1759 55 40 R.
1998 1759 140 48 Grey,
2169 1759 258 46 Altadena,

493 1818 145 41 Calif.
710 1816 282 49 (29-19220)

425 1898 153 63 Hall,
607 1898 170 53 Josef
805 1896 417 65 Washington,
1256 1902 171 49 1894-

494 1975 271 52 Eminent
806 1974 241 67 Asians;
1090 1974 87 53 six
1218 1981 163 62 great
1423 1974 398 68 personalities
1864 1974 65 54 of
1967 1976 96 52 the
2103 1993 124 35 new
2270 1976 160 52 East,

420 2053 75 68 by
527 2051 168 55 Josef
726 2052 387 69 Washington
1148 2052 145 53 Hall
1339 2051 263 70 (“Upton
1640 2051 229 70 Close”)
1951 2053 262 53 Portrait
422 2054 1984 146 drawings
589 2131 73 69 by

701 2130 147 55 Orré
885 2130 228 53 Nobles.
1188 2130 139 53 New
1367 2130 163 53 York
1568 2131 114 52 and
1721 2130 261 68 London,
2022 2131 70 54 D.
2133 2131 293 68 Appleton

422 2210 113 51 and
561 2226 300 50 company,
890 2210 152 51 1929.

495 2289 1143 50 6 p. l., 3-510, [1] p. incl. ports, front. 22½ ᶜᵐ.
496 2349 140 46 Maps
664 2357 59 30 on
750 2346 368 49 lining-papers.

776 2403 163 41 CONTENTS.—Sun
979 2403 564 48 Yat-Sen.—Yamagata
1584 2404 96 39 and
1724 2404 152 39 Ito.—
1878 2404 263 47 Mustapha
2185 2404 248 40 Kemai.—

426 2460 140 41 Josef
596 2460 492 41 Stalin.—Mahatma
1118 2459 208 41 Gandhi.

435 2514 52 53 ©
520 2520 129 47 Sept.
677 2519 68 46 13,
776 2518 141 45 1929;
947 2519 67 40 2c.
1045 2519 96 38 and
1170 2516 84 43 aff.
1285 2516 129 48 Sept.
1445 2517 80 47 16;
1557 2518 41 38 A
1627 2517 171 47 13373;
1832 2517 57 42 D.
1919 2519 239 47 Appleton
2188 2518 37 40 &
2256 2527 65 30 co.
512 2575 281 49 (29-19316)

434 2656 250 64 Hersch,
714 2656 293 63 Virginia.

506 2736 144 52 Bird
681 2735 64 53 of
775 2734 147 69 God,
950 2735 96 52 the
1074 2752 262 35 romance
1365 2735 64 51 of
1460 2734 73 51 El
1563 2734 201 68 Greco,
1793 2736 74 68 by
1897 2734 270 69 Virginia
2198 2734 239 52 Hersch.

434 2813 138 52 New
601 2813 164 52 York
792 2815 111 51 and
932 2813 259 68 London,
1221 2813 233 66 Harper
1482 2814 43 49 &
1552 2814 281 67 brothers,
1864 2815 148 51 1929.

501 2892 1565 50 viii p., 3 l., 332 p. front. (port.) 1 illus., plates, ports. 20 ᶜᵐ.
502 2951 162 40 “First
686 2950 227 41 edition.”

503 3008 349 48 Bibliography
870 3019 10 28 :
913 3018 45 37 p.
977 3007 220 42 325-328.

440 3060 51 52 ©
527 3065 128 48 Sept.
686 3064 69 48 18,
788 3064 113 39 1929;
962 3064 67 41 2c.
1065 3064 127 49 Sept.
1227 3064 81 47 18;
1343 3063 82 41 aff.
1461 3065 126 46 Sept.
1621 3065 84 41 20;
1741 3064 37 39 A
1813 3064 144 40 13470;
2019 3066 194 46 Harper
2244 3065 37 39 &
2312 3065 126 39 bros.
516 3120 281 49 (29-19242)

434 3203 245 64 Holden,
709 3202 155 53 John
892 3202 194 64 Allan,
1117 3221 178 51 comp.

505 3283 236 51 Private
780 3282 148 52 book
968 3282 294 53 collectors
1305 3283 58 51 in
1403 3283 96 51 the
1540 3282 215 53 United
1802 3283 188 54 States
2032 3284 112 51 and
2189 3280 254 68 Canada,

434 3361 140 51 with
605 3360 250 52 mention
890 3360 64 52 of
983 3360 151 52 their
1165 3361 250 66 hobbies,
1447 3377 179 50 comp,
1659 3362 75 66 by
1765 3361 56 53 J.
1853 3361 71 53 A.
1956 3361 248 51 Holden.
2278 3359 165 54 With

436 3457 71 34 an
541 3457 159 50 essay
733 3457 71 33 on
837 3437 147 53 book
1018 3437 303 68 collecting
1352 3439 76 67 by
1460 3438 157 53 John
1651 3439 65 53 T.
1750 3439 338 52 Winterich.
2165 3439 136 51 Rev.
2340 3439 104 66 ed.,

436 3519 149 51 1928.
662 3516 139 52 New
832 3515 183 67 York,
1046 3515 68 53 R.
1146 3515 68 52 R.
1247 3515 244 52 Bowker
1522 3534 299 50 company,
1856 3519 149 50 1928.

508 3597 26 39 1
598 3628 9 9 v.

443 3647 51 52 ©
524 3653 112 39 Dec.
665 3652 69 47 15,
763 3651 140 44 1928;
934 3652 68 39 2c.
1032 3651 112 41 Dec.
1173 3652 82 41 17;
1289 3651 82 41 aff.
1401 3652 110 40 Jan.
1541 3652 68 48 16,
1640 3652 142 47 1929;
1815 3653 41 38 A
1884 3653 141 46 3754;
2059 3654 55 39 R.
2146 3654 53 40 R.
2232 3654 207 38 Bowker
509 3719 68 31 co.

442 3787 272 64 Hulbert,
741 3788 205 53 James
971 3789 173 62 Root,
1176 3794 171 48 1884-

511 3865 1932 71 Effective English, by J. R. and V. B. Hulbert … Chicago,
439 3943 1381 70 Ill., The University of Chicago press [ ᶜ1 929]
