2533 4342
1358 3964 133 51 1404

424 311 286 65 Regional
737 310 136 65 plan
901 311 64 53 of
990 311 148 52 New
1163 311 163 52 York
1351 311 116 52 and
1495 311 81 52 its
1603 311 298 55 environs.

419 387 2008 148 The graphic regional plan; atlas and description … prepared by the staff of the Regional plan. New York, Regional
418 545 137 67 plan
583 542 65 54 of
674 543 138 53 New
840 542 165 53 York
1032 543 113 53 and
1173 545 75 51 its
1275 543 284 67 environs,
1588 546 152 49 1929.

490 624 87 40 416
609 636 43 37 p.
714 625 175 39 double
922 625 88 39 col.
1070 625 139 46 front.,
1243 624 144 48 illus.,
1421 634 139 38 maps
1587 624 138 48 (part
1757 624 134 48 fold.,
1927 624 111 41 incl.
2074 623 26 41 5
2136 624 49 40 in
2221 626 198 48 pocket)

419 681 181 47 diagrs.
655 680 148 41 28½ᶜᵐ.
867 680 262 48 (Regional
1156 681 129 47 plan,
1312 691 44 29 v.
1384 680 51 48 1)

491 738 51 40 F.
578 737 56 41 A.
671 738 202 47 Delano,
908 736 255 41 chairman;
1229 737 213 40 Thomas
1477 737 197 47 Adams,
1712 738 197 47 general
1948 736 213 41 director
2197 737 53 40 of
2287 738 141 48 plans

420 795 95 39 and
542 803 217 38 surveys.

492 850 165 40 “Land
687 861 112 29 uses
828 850 96 39 and
955 849 436 41 communications
1422 849 52 40 of
1503 850 68 39 all
1601 851 130 38 sorts
1760 859 84 31 are
1876 850 83 40 the
1989 849 216 48 subjects
2236 850 191 40 treated

420 905 749 49 in this … volume.”—p. 7-8.
425 960 52 52 ©
504 966 121 46 Aug.
652 966 69 45 23,
750 963 117 41 1929;
922 964 68 39 2c.
1019 965 95 38 and
1143 963 82 42 aff.
1257 963 129 47 Sept.
1415 963 55 38 12;
1529 963 40 38 A
1597 963 145 40 12379;
1803 963 286 41 Committee
2119 975 61 28 on
2208 962 219 48 regional

493 1023 113 46 plan
635 1021 52 40 of
712 1021 119 39 New
858 1021 132 39 York
1019 1021 95 39 and
1143 1020 65 40 its
1235 1020 242 40 environs.
1544 1019 283 50 (29-19225)

423 1115 314 64 Reynolds,
789 1114 296 55 Gertrude
1133 1116 59 52 M
1487 1114 286 64 (Robins)
1828 1116 173 53 “Mrs.
2049 1115 66 55 L.
2162 1115 67 54 B.
493 1115 1912 133 Reynolds.”

423 1270 2008 150 The affair at the chateau, by Mrs. Baillie Reynolds … Garden City, N. Y., Pub. for The Crime club, inc., by Doubleday,
422 1430 199 53 Doran
648 1431 46 50 &
719 1446 301 51 company,
1047 1429 127 67 inc.,
1203 1429 150 53 1929.

488 1508 640 51 vi p., 1 l., 322 p. 19½ᶜᵐ.
428 1563 52 52 ©
514 1568 129 47 Sept.
674 1566 70 48 10,
776 1566 115 40 1929;
951 1566 69 40 2c.
1053 1567 96 38 and
1181 1566 83 40 aff.
1299 1565 129 48 Sept.
1460 1566 56 39 23;
1578 1566 40 39 A
1651 1566 145 40 13514;
1859 1566 299 48 Doubleday,
2194 1567 168 39 Doran
2395 1567 37 40 &

493 1635 81 35 со.,
602 1623 90 41 inc.
759 1622 283 49 (29-19248)

428 1703 292 68 [Roberts,
749 1703 194 63 Philip
974 1704 141 52 Ilott]
1172 1704 172 53 1872-

491 1782 64 52 F.
591 1783 66 52 B.
689 1782 216 68 Meyer,
939 1781 291 67 preacher,
1261 1780 245 69 teacher,
1537 1798 133 35 man
1704 1780 64 52 of
1799 1781 148 67 God,
1980 1781 75 68 by
2087 1783 71 52 A.
2195 1782 238 55 Chester

419 1857 2013 70 Mann [pseud.] introduction by F. A. Robinson … New York,
422 1936 253 71 Chicago
716 1943 137 62 [etc.]
893 1937 268 69 Fleming
1193 1939 75 51 H.
1305 1936 199 54 Revell
1536 1955 283 50 company
1898 1939 151 66 [ᶜ1929]

489 2020 85 39 221
602 2030 43 37 p.
706 2020 26 38 2
759 2022 124 45 port.
911 2018 136 47 (incl.
1074 2018 177 48 front.)
1319 2019 118 40 21ᶜᵐ.

493 2077 189 40 “Books
709 2077 61 47 by
796 2076 50 40 F.
876 2077 54 39 B.
957 2076 194 47 Meyer”:
1208 2086 43 37 p.
1276 2074 219 42 214-215.

427 2129 51 53 ©
508 2135 121 47 Aug.
658 2133 70 48 30,
758 2132 140 43 1929;
930 2134 68 39 2c.
1029 2134 94 39 and
1154 2133 83 41 aff.
1270 2133 129 48 Sept.
1428 2133 83 47 12;
1543 2133 41 39 A
1613 2133 172 47 12269;
1820 2133 221 48 Fleming
2070 2134 60 40 H.
2162 2134 165 38 Revell
2362 2143 68 30 со.

504 2190 282 50 (29-19203)

422 2269 351 65 Rodríguez,
808 2270 241 65 Alonso,
1086 2274 328 51 1526-1616.

489 2348 260 53 Practice
784 2346 64 55 of
881 2347 321 69 perfection
1237 2349 113 52 and
1387 2348 297 56 Christian
1718 2348 236 70 virtues,
1986 2349 75 67 by
2096 2348 335 69 Alphonsus

420 2425 2011 71 Rodriguez … newly translated from the original Spanish by
428 2504 2003 69 Joseph Rickaby … Authorized American ed. Chicago, Ill.,
471 2584 165 68 Loyola
664 2583 321 68 university
1016 2601 176 50 press,
1225 2586 149 51 1929.

491 2666 26 39 3
544 2676 42 29 v.
646 2665 176 40 fronts.
883 2664 118 42 23ᶜᵐ.

425 2718 52 52 ©
507 2722 114 48 Apr.
649 2723 40 47 3,
719 2722 114 40 1929;
892 2722 67 40 2c.
989 2722 119 39 each
1138 2723 97 39 and
1265 2722 81 41 aff.
1380 2722 129 47 Sept.
1540 2724 25 38 7;
1624 2722 43 39 A
1696 2721 146 41 13160;
1901 2722 178 47 Loyola
2113 2720 131 40 univ.
2275 2731 152 38 press.

501 2778 282 49 (29-19210)

417 2859 311 64 Sheridan,
760 2859 269 53 Bernard
1060 2861 78 53 M.

550 2936 1880 71 … Speaking and writing English, by Bernard M. Sheridan
480 3015 1952 69 … Clare Kleiser … and Anna I. Mathews … bk. 5. Chicago,
419 3096 139 51 New
586 3096 163 51 York
797 3099 119 62 [etc.]
949 3094 165 68 Benj.
1143 3094 77 53 H.
1249 3094 261 55 Sanborn
1537 3096 46 49 &
1609 3112 100 49 со.,
1737 3096 151 51 1929.

424 3174 1986 106 xiii p., 1 l., 302 p. front., illus., form. 20ᶜᵐ. (Sheridan language series)
428 3285 51 53 ©
515 3289 129 48 Sept.
675 3290 70 47 20,
778 3288 115 40 1929;
954 3289 69 39 2c.
1055 3289 96 39 and
1185 3288 82 41 aff.
1303 3288 128 48 Sept.
1465 3289 54 39 23;
1582 3288 41 39 A
1656 3288 144 40 13505;
1865 3288 138 47 Benj.
2038 3288 62 40 H.
2136 3287 221 41 Sanborn
2391 3288 36 39 &

495 3356 69 31 со.

423 3426 216 65 Smith,
666 3426 193 52 Lewis
886 3425 246 65 Wilbur,
1164 3427 170 54 1877-

488 3503 296 69 Planning
815 3522 31 33 a
880 3521 219 49 career;
1135 3522 31 33 a
1200 3503 324 53 vocational
1557 3503 191 67 civics,
1778 3503 77 69 by
1887 3503 186 53 Lewis
2105 3503 90 55 W.
2233 3502 189 55 Smith

418 3579 1980 148 … and Gideon L. Blough … New York, Boston [etc.] American book company [ᶜ1929]
528 3771 9 16 x,
564 3739 88 41 470
676 3751 44 37 p.
747 3739 110 41 incl.
884 3739 165 48 front.,
1077 3739 144 48 illus.,
1250 3739 180 48 diagrs.
1490 3739 118 42 19ᶜᵐ.

491 3796 352 48 Bibliography:
899 3807 44 37 p.
968 3795 221 41 453-460.

427 3850 52 52 ©
509 3855 121 47 Aug.
657 3852 70 48 29,
758 3853 140 46 1929;
931 3854 69 39 2c.
1030 3854 96 39 and
1156 3853 81 41 aff.
1271 3853 128 48 Sept.
1429 3853 51 47 5;
1513 3853 43 39 A
1583 3852 172 47 12194;
1788 3852 160 42 Amer,
1978 3852 124 40 book
2132 3862 66 30 со.

504 3908 280 51 (29-19303)
