2542 4389
1031 3979 136 56 1707

185 401 409 49 xvi, 564 p. 16 ᶜᵐ.
183 457 168 40 Added
381 459 97 45 t.-p.
507 456 47 40 in
586 456 230 42 Russian.

119 509 1977 109 © Jan. 8, 1929; 1c. Mar. 20; A—Foreign 2495; Langenscheidtsche v erlagsbuchhandlung
716 569 157 48 (Prof.
907 568 53 41 G.
995 568 415 49 Langenscheidt)
1452 578 41 38 g.
1527 578 63 30 m.
1622 566 43 41 b.
1697 568 47 40 h.
196 626 279 48 (29-22711)

109 717 330 65 Boccaccio,
471 719 308 63 Giovanni,
813 719 327 54 1313-1375.

179 796 121 52 The
339 796 315 52 Filostrato
695 794 65 54 of
798 795 291 55 Giovanni
1132 794 335 67 Boccaccio;
1511 813 32 34 a
1583 793 345 53 translation
1971 792 142 53 with

110 871 240 69 parallel
386 877 120 48 text
541 874 76 68 by
650 873 310 53 Nathaniel
997 873 257 53 Edward
1289 872 204 55 Griffin
1528 871 113 53 and
1676 871 227 52 Arthur
110 869 1983 134 Beckwith

273 950 257 68 Myrick;
557 951 140 52 with
724 969 73 34 an
821 951 388 52 introduction
1236 951 77 68 by
1336 949 311 54 Nathaniel
1671 949 256 53 Edward
107 948 1986 133 Griffin.
268 1029 427 67 Philadelphia,

724 1029 340 68 University
1092 1028 65 53 of
1182 1028 429 69 Pennsylvania
1638 1046 159 50 press;
1856 1027 262 67 London,

107 1107 75 53 H.
218 1106 267 68 Milford,
519 1106 231 56 Oxford
784 1107 320 68 university
1138 1125 175 50 press,
1350 1109 151 50 1929.

174 1190 367 49 ix, 505 p. 25 ᶜᵐ.
178 1246 443 49 “Bibliographical
653 1245 141 42 note”
812 1257 10 30 :
857 1257 43 38 p.
933 1246 218 41 109-111.

175 1303 182 41 Italian
387 1304 96 39 and
513 1303 203 48 English
744 1314 60 30 on
832 1303 221 48 opposite
1081 1313 161 39 pages.

177 1359 1840 48 “The Italian text … is that of Ignazio Moutier, published as vol. XIII
105 1417 52 40 of
178 1417 77 40 his
279 1416 185 41 edition
485 1416 53 41 of
559 1417 82 40 the
665 1416 155 48 Opere
843 1417 186 48 volgari
1056 1416 50 40 di
1131 1416 243 41 Giovanni
1396 1416 275 48 Boccaccio,
1697 1416 246 41 Florence.
103 1417 2013 97 1827-34.”—Pref.

111 1526 52 52 ©
193 1530 128 49 Sept.
345 1530 70 48 20,
442 1528 114 42 1929;
610 1531 68 40 2c.
706 1530 101 41 Oct.
833 1530 59 40 25;
946 1529 84 41 aff.
1057 1529 103 42 Oct.
1187 1530 56 39 24;
1298 1530 41 39 A
1365 1529 146 42 15286;
1568 1529 285 49 University
1880 1530 52 40 of
179 1531 1914 103 Pennsylvania
436 1597 150 38 press.
659 1585 282 50 (29-22938)

102 1681 294 64 Bottome,
426 1681 246 65 Phyllis.

236 1757 1877 71 … Windlestraws. Boston and New York, Houghton Mifflin
102 1854 297 51 company,
431 1839 150 50 1929.

170 1921 29 39 4
225 1931 43 37 p.
317 1952 10 8 l.,
374 1918 175 52 [3]-336
577 1931 43 37 p.
680 1919 147 41 19½ᶜᵐ.

107 1972 52 52 ©
188 1977 102 41 Oct.
319 1977 69 48 18,
417 1976 118 41 1929;
589 1977 68 40 2c.
686 1977 119 41 Nov.
834 1976 25 40 1;
919 1976 82 42 aff.
1032 1976 103 41 Oct.
1164 1976 56 40 19;
1278 1977 41 39 A
1349 1975 144 42 15445;
1553 1976 191 48 Phyllis
1771 1977 181 40 Forbes
175 1977 1914 105 Dennis,

293 2033 291 49 Tennerhof,
612 2033 276 48 Kitzbahel,
917 2033 148 48 Tirol,
1094 2033 218 41 Austria.
1379 2032 282 50 (29-22920)

99 2129 238 52 Bureau
369 2128 64 53 of
463 2127 222 55 Jewish
718 2128 178 53 social
928 2128 298 64 research,
1259 2130 139 52 New
1434 2130 178 52 York.

169 2207 218 54 Jewish
421 2209 320 51 communal
772 2227 207 49 survey
1012 2207 65 54 of
1107 2213 226 63 greater
1365 2207 140 53 New
1539 2207 179 53 York.
1794 2208 222 68 Report
2047 2208 65 54 of

99 2284 289 55 executive
452 2285 337 57 committee,
855 2284 263 55 October.
1186 2289 151 49 1929.
1437 2285 139 53 [New
1639 2286 182 68 York,
1883 2286 70 53 N.
2019 2286 93 71 Y.,

97 2364 896 69 Herald-Nathan press, ᶜ1 929]
171 2444 930 51 80, [1] p. fold. maps. tables. 23 ᶜᵐ.
105 2498 52 52 ©
185 2502 118 40 Nov.
331 2501 38 47 8,
398 2501 118 41 1929;
568 2501 68 41 2c.
665 2503 96 39 and
788 2501 82 41 aff.
900 2502 120 40 Nov.
1046 2501 83 47 15;
1160 2502 41 39 A
1229 2501 147 41 14828;
1432 2503 198 38 Bureau
1659 2501 52 41 of
1740 2501 185 41 Jewish
1954 2502 151 40 social

174 2558 240 48 research,
444 2558 105 45 inc.,
583 2559 119 39 New
730 2558 147 41 York.

99 2652 173 64 Burr,
299 2652 245 61 Walter,
574 2654 173 54 1877-

170 2728 182 56 Small
396 2735 199 61 towns,
642 2748 69 34 an
759 2730 260 54 estimate
1065 2729 65 54 of
1172 2730 153 53 their
1369 2730 167 54 trade
1582 2730 114 53 and
1743 2730 239 65 culture,
2027 2729 77 70 by

102 2807 1999 70 Walter Burr … New York, The Macmillan company, 1929.
201 2888 515 50 x p., 1 l. , 267 p. 19½ ᶜᵐ.
103 2943 52 52 ©
189 2947 104 41 Oct.
322 2947 60 39 22,
427 2946 115 41 1929;
602 2947 68 41 2c.
704 2948 96 39 and
834 2947 83 40 aff.
952 2946 104 41 Oct.
1089 2947 56 40 23;
1207 2947 41 39 A
1280 2945 146 42 14306;
1489 2946 283 41 Macmillan
1805 2957 68 31 co.
179 3002 281 50 (29-22969)

95 3083 289 64 Carnegie
420 3085 372 52 endowment
827 3085 97 52 for
960 3084 427 53 international
1422 3101 193 47 peace.

229 3163 1878 70 … Year book, 1929. no. 18. Washington, Published by
95 3241 120 53 The
246 3241 397 58 Endowment,
673 3244 150 51 1929.

166 3321 1046 49 xix, 317 p. front. (port.) plates. 25½ᶜᵐ.
101 3374 52 52 ©
180 3379 120 40 Nov.
326 3379 24 39 1,
393 3378 115 40 1929;
563 3378 67 41 2c.
658 3380 96 39 and
781 3378 82 41 aff.
891 3380 118 39 Nov.
1038 3379 58 40 15;
1152 3380 41 38 A
1221 3379 146 41 14860;
1425 3378 236 48 Carnegie
1689 3378 305 41 endowment
2022 3379 79 39 for

169 3435 250 41 internati,
446 3445 158 39 peace,
631 3435 338 49 Washington.

94 3516 345 62 Carpenter,
469 3516 210 61 Bruce,
711 3536 179 50 comp.

165 3593 53 52 A
257 3592 149 54 book
448 3593 65 53 of
554 3594 246 52 dramas,
844 3613 72 33 an
960 3593 316 71 anthology
1316 3592 65 54 of
1421 3593 258 53 nineteen
1726 3593 183 68 plays,
94 3611 1982 126 compiled
279 3670 37 54 by

95 3670 2006 132 Bruce Carpenter … New York, Prentice-Hall, inc., 1929.
198 3861 9 9 x.
238 3830 112 39 1111
379 3841 43 37 p.
482 3829 58 41 19½ᶜᵐ.

165 3885 371 49 “Biographical
566 3886 169 41 notes”
754 3898 8 28 :
795 3897 43 37 p.
868 3885 278 42 1105-1111.
