<alto xmlns="http://www.loc.gov/standards/alto/ns-v3#" xmlns:xlink="http://www.w3.org/1999/xlink" xmlns:xsi="http://www.w3.org/2001/XMLSchema-instance" xsi:schemaLocation="http://www.loc.gov/standards/alto/ns-v3# http://www.loc.gov/alto/v3/alto-3-0.xsd"><Description>
<MeasurementUnit>pixel</MeasurementUnit>
<sourceImageInformation>
<fileName>1929_v26_part001.pdf</fileName>
</sourceImageInformation>
<OCRProcessing ID="IdOcr">
<ocrProcessingStep>
<processingDateTime>2019-04-18</processingDateTime>
<processingSoftware>
<softwareCreator>ABBYY</softwareCreator>
<softwareName>ABBYY Recognition Server</softwareName>
<softwareVersion>4.0</softwareVersion>
</processingSoftware>
</ocrProcessingStep>
</OCRProcessing>
</Description>
<Styles>
<ParagraphStyle ID="StyleId-FFFFFFFF-FFFF-FFFF-FFFF-FFFFFFFFFFFF-" ALIGN="Left" LEFT="0." RIGHT="0." FIRSTLINE="0."/>
<ParagraphStyle ID="StyleId-11A520CB-49B0-4D42-A675-089886D5B704-" ALIGN="Center" LEFT="0." RIGHT="0." FIRSTLINE="0." LINESPACE="7.699999809"/>
<ParagraphStyle ID="StyleId-2AEC4724-E584-48A1-8E6D-86B1AA154223-" ALIGN="Left" LEFT="0." RIGHT="0." FIRSTLINE="0." LINESPACE="12.19999981"/>
<ParagraphStyle ID="StyleId-5ADCDE1D-F34B-405C-A765-E9B51F6229BD-" ALIGN="Left" LEFT="0." RIGHT="0." FIRSTLINE="-13." LINESPACE="8.050000191"/>
<ParagraphStyle ID="StyleId-D0AEFB96-F81D-4367-8545-C0AC945FA34C-" ALIGN="Block" LEFT="0." RIGHT="0." FIRSTLINE="-13." LINESPACE="8.899999619"/>
<ParagraphStyle ID="StyleId-9A3BB592-4BA4-4F85-B157-B9A7F1FC9680-" ALIGN="Left" LEFT="0." RIGHT="0." FIRSTLINE="0."/>
<ParagraphStyle ID="StyleId-E9D6144A-CFDC-4919-911D-02B0461DB967-" ALIGN="Left" LEFT="0." RIGHT="0." FIRSTLINE="-13." LINESPACE="23.43000031"/>
<ParagraphStyle ID="StyleId-EEECFC68-AAC5-42B1-B3BF-987799B5B74A-" ALIGN="Block" LEFT="0." RIGHT="0." FIRSTLINE="0." LINESPACE="23.43000031"/>
<ParagraphStyle ID="StyleId-98D20B11-A9BB-4FAB-8DC8-DC8C43F3755E-" ALIGN="Left" LEFT="0." RIGHT="0." FIRSTLINE="0." LINESPACE="10.5"/>
<ParagraphStyle ID="StyleId-C279DBAD-2656-4352-93E6-C942618B09B1-" ALIGN="Block" LEFT="0." RIGHT="0." FIRSTLINE="-13." LINESPACE="8.770000458"/>
<ParagraphStyle ID="StyleId-A539B2D0-654F-45BA-9385-D7E681D9BD87-" ALIGN="Block" LEFT="0." RIGHT="0." FIRSTLINE="0." LINESPACE="8.18999958"/>
<ParagraphStyle ID="StyleId-CFE66565-54F2-45CF-9511-65151219B0BC-" ALIGN="Left" LEFT="0." RIGHT="0." FIRSTLINE="-12." LINESPACE="12.19999981"/>
<ParagraphStyle ID="StyleId-37B60A95-D7B9-4720-9D46-F2E763AAD699-" ALIGN="Block" LEFT="0." RIGHT="0." FIRSTLINE="0." LINESPACE="12.19999981"/>
<ParagraphStyle ID="StyleId-255154CA-71AA-47B9-A5EB-ED90642010CE-" ALIGN="Block" LEFT="0." RIGHT="0." FIRSTLINE="13." LINESPACE="7.900000095"/>
<ParagraphStyle ID="StyleId-4618FB06-20CA-4F95-9CA2-829603EE887D-" ALIGN="Block" LEFT="0." RIGHT="0." FIRSTLINE="0." LINESPACE="10."/>
<ParagraphStyle ID="StyleId-61F9B98E-BA82-4DCF-809A-0C5481162321-" ALIGN="Left" LEFT="0." RIGHT="0." FIRSTLINE="-13." LINESPACE="8.479999542"/>
<ParagraphStyle ID="StyleId-16A4FB0C-4CB7-44C8-846E-AF89DD76FC73-" ALIGN="Left" LEFT="0." RIGHT="0." FIRSTLINE="0." LINESPACE="11.10000038"/>
<ParagraphStyle ID="StyleId-8CC01B24-9D1D-45D5-B954-83ECA9EA3425-" ALIGN="Left" LEFT="0." RIGHT="0." FIRSTLINE="-13." LINESPACE="8.050000191"/>
<ParagraphStyle ID="StyleId-3DB8CD3F-AD17-4DD7-8361-787A6A426C72-" ALIGN="Block" LEFT="0." RIGHT="0." FIRSTLINE="13." LINESPACE="7.900000095"/>
</Styles>
<Layout>
<Page ID="Page253" PHYSICAL_IMG_NR="253" HEIGHT="4384" WIDTH="2533">
<TopMargin HEIGHT="390" WIDTH="2533" VPOS="0" HPOS="0">
</TopMargin>
<LeftMargin HEIGHT="3714" WIDTH="72" VPOS="390" HPOS="0">
</LeftMargin>
<RightMargin HEIGHT="3714" WIDTH="427" VPOS="390" HPOS="2106">
</RightMargin>
<BottomMargin HEIGHT="280" WIDTH="2533" VPOS="4104" HPOS="0">
</BottomMargin>
<PrintSpace HEIGHT="3714" WIDTH="2034" VPOS="390" HPOS="72">
<TextBlock ID="Page253_Block1" HEIGHT="72" WIDTH="124" VPOS="4032" HPOS="1032" LANG="en-US" STYLEREFS="StyleId-B528D036-8BA7-4CAA-820A-5EB39B708D76-">
<TextLine HEIGHT="50" WIDTH="103" VPOS="4043" HPOS="1042">
<String CONTENT="253" HEIGHT="50" WIDTH="103" VPOS="4043" HPOS="1042"/>
</TextLine>
</TextBlock>
<TextBlock ID="Page253_Block2" HEIGHT="3650" WIDTH="2034" VPOS="390" HPOS="72" LANG="en-US" CS="1" STYLEREFS="StyleId-4BD991C9-E81F-4F48-8AA8-27C9DB83445E-">
<TextLine HEIGHT="67" WIDTH="708" VPOS="399" HPOS="89" STYLEREFS="StyleId-AE5F2ADD-8499-4821-9BCD-63A7DF66577C-">
<String CONTENT="Dry" HEIGHT="62" WIDTH="126" VPOS="404" HPOS="89"/>
<SP HEIGHT="47" WIDTH="24" VPOS="419" HPOS="216"/>
<String CONTENT="goods" HEIGHT="65" WIDTH="186" VPOS="401" HPOS="241"/>
<SP HEIGHT="37" WIDTH="25" VPOS="416" HPOS="428"/>
<String CONTENT="economist." HEIGHT="54" WIDTH="343" VPOS="399" HPOS="454"/>
</TextLine>
<TextLine HEIGHT="71" WIDTH="1935" VPOS="472" HPOS="156" STYLEREFS="StyleId-D5A3B104-B87D-45F1-A688-3B2F71863564-" CS="1">
<String CONTENT="Tell" HEIGHT="52" WIDTH="128" VPOS="479" HPOS="156"/>
<SP HEIGHT="51" WIDTH="34" VPOS="479" HPOS="285"/>
<String CONTENT="and" HEIGHT="52" WIDTH="112" VPOS="479" HPOS="320"/>
<SP HEIGHT="52" WIDTH="33" VPOS="479" HPOS="433"/>
<String CONTENT="sell" HEIGHT="53" WIDTH="103" VPOS="478" HPOS="467"/>
<SP HEIGHT="52" WIDTH="34" VPOS="478" HPOS="571"/>
<String CONTENT="the" HEIGHT="52" WIDTH="96" VPOS="478" HPOS="606"/>
<SP HEIGHT="35" WIDTH="33" VPOS="495" HPOS="703"/>
<String CONTENT="merchant." HEIGHT="52" WIDTH="311" VPOS="477" HPOS="737"/>
<SP HEIGHT="52" WIDTH="74" VPOS="475" HPOS="1049"/>
<String CONTENT="New" HEIGHT="52" WIDTH="140" VPOS="475" HPOS="1124"/>
<SP HEIGHT="52" WIDTH="34" VPOS="474" HPOS="1265"/>
<String CONTENT="York," HEIGHT="68" WIDTH="183" VPOS="472" HPOS="1300"/>
<SP HEIGHT="65" WIDTH="35" VPOS="475" HPOS="1484"/>
<String CONTENT="Boston" HEIGHT="51" WIDTH="217" VPOS="475" HPOS="1520"/>
<SP HEIGHT="48" WIDTH="43" VPOS="492" HPOS="1738"/>
<String CS="1" CONTENT="[etc.]" HEIGHT="62" WIDTH="121" VPOS="478" HPOS="1800"/>
<SP HEIGHT="65" WIDTH="42" VPOS="475" HPOS="1922"/>
<String CONTENT="Dry" HEIGHT="68" WIDTH="126" VPOS="475" HPOS="1965"/>
</TextLine>
<TextLine HEIGHT="71" WIDTH="754" VPOS="555" HPOS="83" STYLEREFS="StyleId-D5A3B104-B87D-45F1-A688-3B2F71863564-" CS="1">
<String CONTENT="goods" HEIGHT="69" WIDTH="177" VPOS="557" HPOS="83"/>
<SP HEIGHT="33" WIDTH="33" VPOS="575" HPOS="261"/>
<String CONTENT="economist" HEIGHT="53" WIDTH="307" VPOS="555" HPOS="295"/>
<SP HEIGHT="61" WIDTH="39" VPOS="560" HPOS="603"/>
<String STYLE="subscript" CONTENT="[" HEIGHT="34" WIDTH="13" VPOS="587" HPOS="643"/>
<String STYLE="superscript" CS="1" CONTENT="&#7580;19"/>
<String CONTENT="29" HEIGHT="49" WIDTH="68" VPOS="557" HPOS="750"/>
<String STYLE="subscript" CONTENT="]" HEIGHT="35" WIDTH="13" VPOS="586" HPOS="824"/>
</TextLine>
<TextLine HEIGHT="54" WIDTH="1181" VPOS="632" HPOS="155" CS="1">
<String CONTENT="59," HEIGHT="48" WIDTH="69" VPOS="637" HPOS="155"/>
<SP HEIGHT="29" WIDTH="34" VPOS="657" HPOS="225"/>
<String CONTENT="[1]" HEIGHT="47" WIDTH="54" VPOS="639" HPOS="260"/>
<SP HEIGHT="39" WIDTH="30" VPOS="647" HPOS="315"/>
<String CONTENT="p." HEIGHT="37" WIDTH="44" VPOS="647" HPOS="346"/>
<SP HEIGHT="39" WIDTH="59" VPOS="637" HPOS="391"/>
<String CONTENT="illus." HEIGHT="41" WIDTH="128" VPOS="637" HPOS="451"/>
<SP HEIGHT="48" WIDTH="27" VPOS="635" HPOS="580"/>
<String CONTENT="(incl." HEIGHT="48" WIDTH="134" VPOS="635" HPOS="608"/>
<SP HEIGHT="30" WIDTH="28" VPOS="646" HPOS="743"/>
<String CONTENT="maps)" HEIGHT="50" WIDTH="165" VPOS="633" HPOS="772"/>
<SP HEIGHT="48" WIDTH="39" VPOS="633" HPOS="938"/>
<String CONTENT="diagrs." HEIGHT="48" WIDTH="180" VPOS="633" HPOS="978"/>
<SP HEIGHT="40" WIDTH="57" VPOS="633" HPOS="1159"/>
<String CONTENT="30" HEIGHT="40" WIDTH="57" VPOS="632" HPOS="1217"/>
<String STYLE="superscript" CS="1" CONTENT="&#7580;&#7504;"/>
<String CONTENT="." HEIGHT="8" WIDTH="8" VPOS="664" HPOS="1328"/>
</TextLine>
<TextLine HEIGHT="52" WIDTH="1795" VPOS="702" HPOS="157">
<String CONTENT="Descriptive" HEIGHT="47" WIDTH="306" VPOS="707" HPOS="157"/>
<SP HEIGHT="29" WIDTH="27" VPOS="717" HPOS="464"/>
<String CONTENT="of" HEIGHT="40" WIDTH="51" VPOS="705" HPOS="492"/>
<SP HEIGHT="41" WIDTH="28" VPOS="705" HPOS="544"/>
<String CONTENT="the" HEIGHT="40" WIDTH="81" VPOS="706" HPOS="573"/>
<SP HEIGHT="29" WIDTH="27" VPOS="716" HPOS="655"/>
<String CONTENT="service" HEIGHT="40" WIDTH="185" VPOS="705" HPOS="683"/>
<SP HEIGHT="29" WIDTH="27" VPOS="715" HPOS="869"/>
<String CONTENT="rendered" HEIGHT="40" WIDTH="235" VPOS="704" HPOS="897"/>
<SP HEIGHT="39" WIDTH="26" VPOS="703" HPOS="1133"/>
<String CONTENT="by" HEIGHT="47" WIDTH="60" VPOS="703" HPOS="1160"/>
<SP HEIGHT="45" WIDTH="28" VPOS="705" HPOS="1221"/>
<String CONTENT="the" HEIGHT="39" WIDTH="82" VPOS="703" HPOS="1250"/>
<SP HEIGHT="39" WIDTH="28" VPOS="703" HPOS="1333"/>
<String CONTENT="Dry" HEIGHT="46" WIDTH="104" VPOS="703" HPOS="1362"/>
<SP HEIGHT="37" WIDTH="27" VPOS="713" HPOS="1467"/>
<String CONTENT="goods" HEIGHT="47" WIDTH="148" VPOS="703" HPOS="1495"/>
<SP HEIGHT="29" WIDTH="29" VPOS="713" HPOS="1644"/>
<String CONTENT="economist." HEIGHT="41" WIDTH="278" VPOS="702" HPOS="1674"/>
</TextLine>
<TextLine HEIGHT="54" WIDTH="1724" VPOS="773" HPOS="93" CS="1">
<String CONTENT="&#169;" HEIGHT="53" WIDTH="51" VPOS="774" HPOS="93"/>
<SP HEIGHT="53" WIDTH="27" VPOS="774" HPOS="145"/>
<String CONTENT="Feb." HEIGHT="40" WIDTH="112" VPOS="779" HPOS="173"/>
<SP HEIGHT="41" WIDTH="24" VPOS="778" HPOS="286"/>
<String CONTENT="25," HEIGHT="48" WIDTH="72" VPOS="778" HPOS="311"/>
<SP HEIGHT="47" WIDTH="26" VPOS="779" HPOS="384"/>
<String CS="1" CONTENT="1929;" HEIGHT="40" WIDTH="115" VPOS="777" HPOS="411"/>
<SP/>
<String CONTENT="2c." HEIGHT="41" WIDTH="69" VPOS="777" HPOS="580"/>
<SP HEIGHT="31" WIDTH="26" VPOS="787" HPOS="650"/>
<String CONTENT="and" HEIGHT="40" WIDTH="95" VPOS="777" HPOS="677"/>
<SP HEIGHT="40" WIDTH="29" VPOS="777" HPOS="773"/>
<String CONTENT="aff." HEIGHT="42" WIDTH="82" VPOS="775" HPOS="803"/>
<SP HEIGHT="41" WIDTH="28" VPOS="776" HPOS="886"/>
<String CONTENT="Mar." HEIGHT="40" WIDTH="122" VPOS="776" HPOS="915"/>
<SP HEIGHT="42" WIDTH="27" VPOS="774" HPOS="1038"/>
<String CONTENT="2;" HEIGHT="45" WIDTH="53" VPOS="774" HPOS="1066"/>
<SP HEIGHT="45" WIDTH="27" VPOS="774" HPOS="1120"/>
<!-- cceid 8D86B240-6CFA-1014-9C3C-CEA95E7AA542 --><String CONTENT="A" HEIGHT="39" WIDTH="41" VPOS="774" HPOS="1148"/>
<SP HEIGHT="41" WIDTH="26" VPOS="774" HPOS="1190"/>
<String CONTENT="5589;" HEIGHT="47" WIDTH="142" VPOS="773" HPOS="1217"/>
<SP HEIGHT="47" WIDTH="29" VPOS="773" HPOS="1360"/>
<String CONTENT="Textile" HEIGHT="41" WIDTH="191" VPOS="773" HPOS="1390"/>
<SP HEIGHT="38" WIDTH="27" VPOS="784" HPOS="1582"/>
<String CONTENT="pub." HEIGHT="49" WIDTH="110" VPOS="773" HPOS="1610"/>
<SP HEIGHT="30" WIDTH="28" VPOS="784" HPOS="1721"/>
<String CONTENT="co." HEIGHT="31" WIDTH="67" VPOS="783" HPOS="1750"/>
</TextLine>
<TextLine HEIGHT="49" WIDTH="252" VPOS="834" HPOS="169">
<String CONTENT="(29-6118)" HEIGHT="49" WIDTH="252" VPOS="834" HPOS="169"/>
</TextLine>
<TextLine HEIGHT="64" WIDTH="732" VPOS="942" HPOS="84" STYLEREFS="StyleId-AE5F2ADD-8499-4821-9BCD-63A7DF66577C-">
<String CONTENT="Dupre," HEIGHT="61" WIDTH="219" VPOS="945" HPOS="84"/>
<SP HEIGHT="63" WIDTH="26" VPOS="943" HPOS="304"/>
<String CONTENT="James" HEIGHT="52" WIDTH="204" VPOS="943" HPOS="331"/>
<SP HEIGHT="52" WIDTH="26" VPOS="943" HPOS="536"/>
<String CONTENT="Arthur." HEIGHT="54" WIDTH="253" VPOS="942" HPOS="563"/>
</TextLine>
<TextLine HEIGHT="71" WIDTH="1940" VPOS="1017" HPOS="155" STYLEREFS="StyleId-D5A3B104-B87D-45F1-A688-3B2F71863564-">
<String CONTENT="Lessons" HEIGHT="52" WIDTH="240" VPOS="1023" HPOS="155"/>
<SP HEIGHT="52" WIDTH="42" VPOS="1023" HPOS="396"/>
<String CONTENT="in" HEIGHT="51" WIDTH="61" VPOS="1023" HPOS="439"/>
<SP HEIGHT="55" WIDTH="41" VPOS="1019" HPOS="501"/>
<String CONTENT="finance;" HEIGHT="69" WIDTH="245" VPOS="1019" HPOS="543"/>
<SP HEIGHT="49" WIDTH="47" VPOS="1039" HPOS="789"/>
<String CONTENT="an" HEIGHT="33" WIDTH="71" VPOS="1039" HPOS="837"/>
<SP HEIGHT="34" WIDTH="44" VPOS="1038" HPOS="909"/>
<String CONTENT="attempt" HEIGHT="61" WIDTH="245" VPOS="1025" HPOS="954"/>
<SP HEIGHT="49" WIDTH="40" VPOS="1023" HPOS="1200"/>
<String CONTENT="to" HEIGHT="49" WIDTH="60" VPOS="1023" HPOS="1241"/>
<SP HEIGHT="48" WIDTH="44" VPOS="1038" HPOS="1302"/>
<String CONTENT="popularize" HEIGHT="69" WIDTH="333" VPOS="1017" HPOS="1347"/>
<SP HEIGHT="33" WIDTH="42" VPOS="1038" HPOS="1681"/>
<String CONTENT="economy" HEIGHT="50" WIDTH="269" VPOS="1038" HPOS="1724"/>
<SP HEIGHT="61" WIDTH="41" VPOS="1027" HPOS="1994"/>
<String CONTENT="to" HEIGHT="46" WIDTH="59" VPOS="1027" HPOS="2036"/>
</TextLine>
<TextLine HEIGHT="70" WIDTH="2012" VPOS="1097" HPOS="83" STYLEREFS="StyleId-D5A3B104-B87D-45F1-A688-3B2F71863564-">
<String CONTENT="blow" HEIGHT="53" WIDTH="149" VPOS="1100" HPOS="83"/>
<SP HEIGHT="33" WIDTH="41" VPOS="1119" HPOS="233"/>
<String CONTENT="out" HEIGHT="47" WIDTH="98" VPOS="1106" HPOS="275"/>
<SP HEIGHT="61" WIDTH="40" VPOS="1106" HPOS="374"/>
<String CONTENT="poverty," HEIGHT="63" WIDTH="259" VPOS="1104" HPOS="415"/>
<SP HEIGHT="67" WIDTH="38" VPOS="1099" HPOS="675"/>
<String CONTENT="by" HEIGHT="68" WIDTH="76" VPOS="1099" HPOS="714"/>
<SP HEIGHT="69" WIDTH="40" VPOS="1098" HPOS="791"/>
<String CONTENT="James" HEIGHT="53" WIDTH="194" VPOS="1098" HPOS="832"/>
<SP HEIGHT="54" WIDTH="39" VPOS="1097" HPOS="1027"/>
<String CONTENT="Arthur" HEIGHT="52" WIDTH="225" VPOS="1097" HPOS="1067"/>
<SP HEIGHT="51" WIDTH="40" VPOS="1097" HPOS="1293"/>
<String CONTENT="Dupre." HEIGHT="66" WIDTH="216" VPOS="1097" HPOS="1334"/>
<SP HEIGHT="50" WIDTH="76" VPOS="1098" HPOS="1551"/>
<String CONTENT="Boston," HEIGHT="68" WIDTH="236" VPOS="1098" HPOS="1628"/>
<SP HEIGHT="69" WIDTH="37" VPOS="1097" HPOS="1865"/>
<String CONTENT="Mass.," HEIGHT="68" WIDTH="192" VPOS="1097" HPOS="1903"/>
</TextLine>
<TextLine HEIGHT="69" WIDTH="1139" VPOS="1177" HPOS="82" STYLEREFS="StyleId-D5A3B104-B87D-45F1-A688-3B2F71863564-" CS="1">
<String CONTENT="Meador" HEIGHT="52" WIDTH="240" VPOS="1179" HPOS="82"/>
<SP HEIGHT="50" WIDTH="26" VPOS="1196" HPOS="323"/>
<String CONTENT="publishing" HEIGHT="69" WIDTH="337" VPOS="1177" HPOS="350"/>
<SP HEIGHT="50" WIDTH="24" VPOS="1194" HPOS="688"/>
<String CONTENT="company" HEIGHT="51" WIDTH="284" VPOS="1194" HPOS="713"/>
<SP HEIGHT="50" WIDTH="30" VPOS="1195" HPOS="998"/>
<String STYLE="subscript" CONTENT="[" HEIGHT="33" WIDTH="11" VPOS="1209" HPOS="1029"/>
<String STYLE="superscript" CS="1" CONTENT="&#7580;19"/>
<String CONTENT="29" HEIGHT="49" WIDTH="65" VPOS="1177" HPOS="1137"/>
<String STYLE="subscript" CONTENT="]" HEIGHT="34" WIDTH="13" VPOS="1207" HPOS="1208"/>
</TextLine>
<TextLine HEIGHT="49" WIDTH="336" VPOS="1258" HPOS="154" CS="1">
<String CONTENT="128" HEIGHT="41" WIDTH="86" VPOS="1259" HPOS="154"/>
<SP HEIGHT="47" WIDTH="26" VPOS="1260" HPOS="241"/>
<String CONTENT="p." HEIGHT="37" WIDTH="44" VPOS="1270" HPOS="268"/>
<SP HEIGHT="43" WIDTH="58" VPOS="1258" HPOS="313"/>
<String CS="1" CONTENT="2&#189;&#7580;&#7504;." HEIGHT="41" WIDTH="118" VPOS="1258" HPOS="372"/>
</TextLine>
<TextLine HEIGHT="52" WIDTH="2000" VPOS="1325" HPOS="91" CS="1">
<String CONTENT="&#169;" HEIGHT="52" WIDTH="52" VPOS="1325" HPOS="91"/>
<SP HEIGHT="52" WIDTH="27" VPOS="1325" HPOS="144"/>
<String CONTENT="Feb." HEIGHT="41" WIDTH="113" VPOS="1329" HPOS="172"/>
<SP HEIGHT="40" WIDTH="25" VPOS="1330" HPOS="286"/>
<String CONTENT="15," HEIGHT="46" WIDTH="69" VPOS="1330" HPOS="312"/>
<SP HEIGHT="46" WIDTH="27" VPOS="1330" HPOS="382"/>
<String CS="1" CONTENT="1929;" HEIGHT="40" WIDTH="115" VPOS="1328" HPOS="410"/>
<SP/>
<String CONTENT="2c." HEIGHT="40" WIDTH="68" VPOS="1328" HPOS="580"/>
<SP HEIGHT="41" WIDTH="28" VPOS="1327" HPOS="649"/>
<String CONTENT="Feb." HEIGHT="41" WIDTH="112" VPOS="1327" HPOS="678"/>
<SP HEIGHT="40" WIDTH="26" VPOS="1328" HPOS="791"/>
<String CS="1" CONTENT="19;" HEIGHT="40" WIDTH="55" VPOS="1326" HPOS="818"/>
<SP/>
<String CONTENT="aff." HEIGHT="41" WIDTH="82" VPOS="1326" HPOS="932"/>
<SP HEIGHT="40" WIDTH="28" VPOS="1327" HPOS="1015"/>
<String CONTENT="Feb." HEIGHT="40" WIDTH="113" VPOS="1327" HPOS="1044"/>
<SP HEIGHT="39" WIDTH="26" VPOS="1326" HPOS="1158"/>
<String CS="1" CONTENT="21;" HEIGHT="39" WIDTH="56" VPOS="1326" HPOS="1185"/>
<SP/>
<!-- cceid 8D87CF10-6CFA-1014-9C3C-CEA95E7AA542 --><String CONTENT="A" HEIGHT="39" WIDTH="42" VPOS="1326" HPOS="1299"/>
<SP HEIGHT="39" WIDTH="25" VPOS="1326" HPOS="1342"/>
<String CS="1" CONTENT="4567;" HEIGHT="40" WIDTH="115" VPOS="1326" HPOS="1368"/>
<SP/>
<String CONTENT="Edward" HEIGHT="40" WIDTH="211" VPOS="1326" HPOS="1543"/>
<SP HEIGHT="40" WIDTH="29" VPOS="1326" HPOS="1755"/>
<String CONTENT="K." HEIGHT="40" WIDTH="61" VPOS="1326" HPOS="1785"/>
<SP HEIGHT="39" WIDTH="29" VPOS="1327" HPOS="1847"/>
<String CONTENT="Meador," HEIGHT="45" WIDTH="214" VPOS="1327" HPOS="1877"/>
</TextLine>
<TextLine HEIGHT="50" WIDTH="519" VPOS="1383" HPOS="158">
<String CONTENT="Boston." HEIGHT="41" WIDTH="199" VPOS="1386" HPOS="158"/>
<SP HEIGHT="48" WIDTH="67" VPOS="1385" HPOS="358"/>
<String CONTENT="(29-6030)" HEIGHT="50" WIDTH="251" VPOS="1383" HPOS="426"/>
</TextLine>
<TextLine HEIGHT="64" WIDTH="1286" VPOS="1493" HPOS="89" STYLEREFS="StyleId-AE5F2ADD-8499-4821-9BCD-63A7DF66577C-">
<String CONTENT="Durant," HEIGHT="62" WIDTH="254" VPOS="1494" HPOS="89"/>
<SP HEIGHT="62" WIDTH="26" VPOS="1494" HPOS="344"/>
<String CONTENT="William" HEIGHT="54" WIDTH="257" VPOS="1493" HPOS="371"/>
<SP HEIGHT="53" WIDTH="28" VPOS="1494" HPOS="629"/>
<String CONTENT="Crapo," HEIGHT="63" WIDTH="209" VPOS="1494" HPOS="658"/>
<SP HEIGHT="58" WIDTH="30" VPOS="1499" HPOS="868"/>
<String CONTENT="1861-" HEIGHT="49" WIDTH="171" VPOS="1498" HPOS="899"/>
<SP HEIGHT="34" WIDTH="218" VPOS="1512" HPOS="1071"/>
<String CONTENT="ed." HEIGHT="52" WIDTH="85" VPOS="1494" HPOS="1290"/>
</TextLine>
<TextLine HEIGHT="68" WIDTH="1880" VPOS="1571" HPOS="216" STYLEREFS="StyleId-D5A3B104-B87D-45F1-A688-3B2F71863564-" CS="1">
<String CS="1" CONTENT="&#8230;"/>
<SP HEIGHT="52" WIDTH="35" VPOS="1573" HPOS="216"/>
<String CONTENT="Law" HEIGHT="51" WIDTH="140" VPOS="1573" HPOS="252"/>
<SP HEIGHT="33" WIDTH="33" VPOS="1591" HPOS="393"/>
<String CONTENT="observance." HEIGHT="53" WIDTH="353" VPOS="1572" HPOS="427"/>
<SP HEIGHT="55" WIDTH="78" VPOS="1571" HPOS="781"/>
<String CONTENT="Shall" HEIGHT="55" WIDTH="164" VPOS="1571" HPOS="860"/>
<SP HEIGHT="51" WIDTH="32" VPOS="1573" HPOS="1025"/>
<String CONTENT="the" HEIGHT="52" WIDTH="96" VPOS="1572" HPOS="1058"/>
<SP HEIGHT="49" WIDTH="33" VPOS="1590" HPOS="1155"/>
<String CONTENT="people" HEIGHT="67" WIDTH="202" VPOS="1572" HPOS="1189"/>
<SP HEIGHT="34" WIDTH="32" VPOS="1591" HPOS="1392"/>
<String CONTENT="of" HEIGHT="54" WIDTH="64" VPOS="1571" HPOS="1425"/>
<SP HEIGHT="53" WIDTH="30" VPOS="1571" HPOS="1490"/>
<String CONTENT="the" HEIGHT="52" WIDTH="95" VPOS="1573" HPOS="1521"/>
<SP HEIGHT="53" WIDTH="33" VPOS="1572" HPOS="1617"/>
<String CONTENT="United" HEIGHT="54" WIDTH="219" VPOS="1571" HPOS="1651"/>
<SP HEIGHT="55" WIDTH="35" VPOS="1571" HPOS="1871"/>
<String CONTENT="States" HEIGHT="55" WIDTH="189" VPOS="1571" HPOS="1907"/>
</TextLine>
<TextLine HEIGHT="71" WIDTH="2013" VPOS="1648" HPOS="83" STYLEREFS="StyleId-D5A3B104-B87D-45F1-A688-3B2F71863564-">
<String CONTENT="uphold" HEIGHT="67" WIDTH="220" VPOS="1652" HPOS="83"/>
<SP HEIGHT="52" WIDTH="41" VPOS="1652" HPOS="304"/>
<String CONTENT="the" HEIGHT="51" WIDTH="95" VPOS="1652" HPOS="346"/>
<SP HEIGHT="54" WIDTH="40" VPOS="1650" HPOS="442"/>
<String CONTENT="Constitution?" HEIGHT="56" WIDTH="427" VPOS="1648" HPOS="483"/>
<SP HEIGHT="53" WIDTH="96" VPOS="1648" HPOS="911"/>
<String CONTENT="Edited" HEIGHT="55" WIDTH="210" VPOS="1648" HPOS="1008"/>
<SP HEIGHT="53" WIDTH="42" VPOS="1650" HPOS="1219"/>
<String CONTENT="by" HEIGHT="69" WIDTH="76" VPOS="1650" HPOS="1262"/>
<SP HEIGHT="69" WIDTH="37" VPOS="1650" HPOS="1339"/>
<String CONTENT="W." HEIGHT="53" WIDTH="90" VPOS="1650" HPOS="1377"/>
<SP HEIGHT="56" WIDTH="43" VPOS="1649" HPOS="1468"/>
<String CONTENT="C." HEIGHT="56" WIDTH="61" VPOS="1649" HPOS="1512"/>
<SP HEIGHT="52" WIDTH="41" VPOS="1650" HPOS="1574"/>
<String CONTENT="Durant." HEIGHT="52" WIDTH="248" VPOS="1650" HPOS="1616"/>
<SP HEIGHT="53" WIDTH="90" VPOS="1649" HPOS="1865"/>
<String CONTENT="New" HEIGHT="53" WIDTH="140" VPOS="1649" HPOS="1956"/>
</TextLine>
<TextLine HEIGHT="72" WIDTH="1283" VPOS="1726" HPOS="85" STYLEREFS="StyleId-D5A3B104-B87D-45F1-A688-3B2F71863564-" CS="1">
<String CONTENT="York," HEIGHT="68" WIDTH="179" VPOS="1730" HPOS="85"/>
<SP HEIGHT="69" WIDTH="26" VPOS="1729" HPOS="265"/>
<String LANG="fr" CONTENT="N." HEIGHT="52" WIDTH="68" VPOS="1729" HPOS="292"/>
<SP HEIGHT="52" WIDTH="28" VPOS="1729" HPOS="361"/>
<String CONTENT="Y.," HEIGHT="67" WIDTH="89" VPOS="1729" HPOS="390"/>
<SP HEIGHT="67" WIDTH="25" VPOS="1729" HPOS="480"/>
<String CONTENT="Durant" HEIGHT="52" WIDTH="229" VPOS="1729" HPOS="506"/>
<SP HEIGHT="46" WIDTH="27" VPOS="1735" HPOS="736"/>
<String CONTENT="award" HEIGHT="52" WIDTH="194" VPOS="1729" HPOS="764"/>
<SP HEIGHT="52" WIDTH="30" VPOS="1729" HPOS="959"/>
<String CONTENT="office" HEIGHT="55" WIDTH="148" VPOS="1726" HPOS="990"/>
<SP HEIGHT="47" WIDTH="34" VPOS="1748" HPOS="1139"/>
<String STYLE="subscript" CONTENT="[" HEIGHT="34" WIDTH="13" VPOS="1761" HPOS="1174"/>
<String STYLE="superscript" CS="1" CONTENT="&#7580;19"/>
<String CONTENT="29" HEIGHT="50" WIDTH="66" VPOS="1729" HPOS="1283"/>
<String STYLE="subscript" CONTENT="]" HEIGHT="33" WIDTH="12" VPOS="1761" HPOS="1356"/>
</TextLine>
<TextLine HEIGHT="50" WIDTH="864" VPOS="1808" HPOS="155" CS="1">
<String CONTENT="573" HEIGHT="41" WIDTH="83" VPOS="1810" HPOS="155"/>
<SP HEIGHT="48" WIDTH="29" VPOS="1810" HPOS="239"/>
<String CONTENT="p." HEIGHT="37" WIDTH="42" VPOS="1821" HPOS="269"/>
<SP HEIGHT="40" WIDTH="29" VPOS="1810" HPOS="312"/>
<String CONTENT="incl." HEIGHT="41" WIDTH="110" VPOS="1810" HPOS="342"/>
<SP HEIGHT="41" WIDTH="26" VPOS="1809" HPOS="453"/>
<String CS="1" CONTENT="front."/>
<SP HEIGHT="37" WIDTH="59" VPOS="1820" HPOS="632"/>
<String CONTENT="ports." HEIGHT="46" WIDTH="149" VPOS="1811" HPOS="692"/>
<SP HEIGHT="41" WIDTH="58" VPOS="1808" HPOS="842"/>
<String CONTENT="24" HEIGHT="40" WIDTH="57" VPOS="1808" HPOS="901"/>
<String STYLE="superscript" CS="1" CONTENT="&#7580;&#7504;"/>
<String CONTENT="." HEIGHT="8" WIDTH="8" VPOS="1841" HPOS="1011"/>
</TextLine>
<TextLine HEIGHT="48" WIDTH="1941" VPOS="1879" HPOS="154" CS="1">
<String CONTENT="At" HEIGHT="39" WIDTH="64" VPOS="1881" HPOS="154"/>
<SP HEIGHT="39" WIDTH="34" VPOS="1881" HPOS="219"/>
<String CONTENT="head" HEIGHT="39" WIDTH="125" VPOS="1881" HPOS="254"/>
<SP HEIGHT="38" WIDTH="33" VPOS="1882" HPOS="380"/>
<String CONTENT="of" HEIGHT="39" WIDTH="51" VPOS="1880" HPOS="414"/>
<SP HEIGHT="40" WIDTH="34" VPOS="1880" HPOS="466"/>
<String CS="1" CONTENT="title:" HEIGHT="40" WIDTH="108" VPOS="1880" HPOS="501"/>
<SP/>
<String CONTENT="&#8220;For" HEIGHT="39" WIDTH="125" VPOS="1880" HPOS="675"/>
<SP HEIGHT="38" WIDTH="32" VPOS="1882" HPOS="801"/>
<String CONTENT="the" HEIGHT="40" WIDTH="83" VPOS="1880" HPOS="834"/>
<SP HEIGHT="40" WIDTH="32" VPOS="1880" HPOS="918"/>
<String CONTENT="best" HEIGHT="39" WIDTH="107" VPOS="1880" HPOS="951"/>
<SP HEIGHT="38" WIDTH="33" VPOS="1880" HPOS="1059"/>
<String CONTENT="and" HEIGHT="39" WIDTH="96" VPOS="1880" HPOS="1093"/>
<SP HEIGHT="39" WIDTH="34" VPOS="1880" HPOS="1190"/>
<String CONTENT="most" HEIGHT="39" WIDTH="127" VPOS="1880" HPOS="1225"/>
<SP HEIGHT="47" WIDTH="33" VPOS="1880" HPOS="1353"/>
<String CONTENT="practicable" HEIGHT="48" WIDTH="296" VPOS="1879" HPOS="1387"/>
<SP HEIGHT="37" WIDTH="34" VPOS="1890" HPOS="1684"/>
<String CONTENT="plan" HEIGHT="47" WIDTH="114" VPOS="1880" HPOS="1719"/>
<SP HEIGHT="37" WIDTH="36" VPOS="1881" HPOS="1834"/>
<String CONTENT="to" HEIGHT="38" WIDTH="47" VPOS="1881" HPOS="1871"/>
<SP HEIGHT="29" WIDTH="35" VPOS="1890" HPOS="1919"/>
<String CONTENT="make" HEIGHT="39" WIDTH="140" VPOS="1880" HPOS="1955"/>
</TextLine>
<TextLine HEIGHT="43" WIDTH="852" VPOS="1935" HPOS="85">
<String CONTENT="the" HEIGHT="39" WIDTH="81" VPOS="1938" HPOS="85"/>
<SP HEIGHT="38" WIDTH="25" VPOS="1939" HPOS="167"/>
<String CONTENT="18th" HEIGHT="40" WIDTH="114" VPOS="1938" HPOS="193"/>
<SP HEIGHT="39" WIDTH="24" VPOS="1938" HPOS="308"/>
<String CONTENT="amendment" HEIGHT="39" WIDTH="310" VPOS="1938" HPOS="333"/>
<SP HEIGHT="38" WIDTH="26" VPOS="1939" HPOS="644"/>
<String CONTENT="effective.&#8221;" HEIGHT="42" WIDTH="266" VPOS="1935" HPOS="671"/>
</TextLine>
<TextLine HEIGHT="49" WIDTH="1938" VPOS="1992" HPOS="157">
<String CONTENT="&#8220;Presents" HEIGHT="40" WIDTH="259" VPOS="1995" HPOS="157"/>
<SP HEIGHT="30" WIDTH="34" VPOS="2004" HPOS="417"/>
<String CONTENT="some" HEIGHT="30" WIDTH="130" VPOS="2004" HPOS="452"/>
<SP HEIGHT="30" WIDTH="34" VPOS="2004" HPOS="583"/>
<String CONTENT="of" HEIGHT="40" WIDTH="51" VPOS="1993" HPOS="618"/>
<SP HEIGHT="40" WIDTH="33" VPOS="1993" HPOS="670"/>
<String CONTENT="the" HEIGHT="39" WIDTH="80" VPOS="1994" HPOS="704"/>
<SP HEIGHT="40" WIDTH="35" VPOS="1993" HPOS="785"/>
<String CONTENT="fruits" HEIGHT="41" WIDTH="152" VPOS="1992" HPOS="821"/>
<SP HEIGHT="29" WIDTH="34" VPOS="2004" HPOS="974"/>
<String CONTENT="of" HEIGHT="40" WIDTH="51" VPOS="1993" HPOS="1009"/>
<SP HEIGHT="40" WIDTH="33" VPOS="1993" HPOS="1061"/>
<String CONTENT="the" HEIGHT="39" WIDTH="82" VPOS="1994" HPOS="1095"/>
<SP HEIGHT="39" WIDTH="35" VPOS="1994" HPOS="1178"/>
<String CONTENT="Durant" HEIGHT="39" WIDTH="196" VPOS="1994" HPOS="1214"/>
<SP HEIGHT="46" WIDTH="33" VPOS="1995" HPOS="1411"/>
<String CONTENT="prize" HEIGHT="47" WIDTH="132" VPOS="1994" HPOS="1445"/>
<SP HEIGHT="29" WIDTH="33" VPOS="2004" HPOS="1578"/>
<String CONTENT="contest.&#8221;&#8212;Introd." HEIGHT="41" WIDTH="483" VPOS="1993" HPOS="1612"/>
</TextLine>
<TextLine HEIGHT="51" WIDTH="2002" VPOS="2062" HPOS="90" CS="1">
<String CONTENT="&#169;" HEIGHT="51" WIDTH="52" VPOS="2062" HPOS="90"/>
<SP HEIGHT="51" WIDTH="26" VPOS="2062" HPOS="143"/>
<String CONTENT="Feb." HEIGHT="40" WIDTH="112" VPOS="2066" HPOS="170"/>
<SP HEIGHT="41" WIDTH="24" VPOS="2065" HPOS="283"/>
<String CONTENT="25," HEIGHT="47" WIDTH="71" VPOS="2065" HPOS="308"/>
<SP HEIGHT="45" WIDTH="26" VPOS="2067" HPOS="380"/>
<String CS="1" CONTENT="1929;" HEIGHT="41" WIDTH="117" VPOS="2064" HPOS="407"/>
<SP/>
<String CONTENT="2c." HEIGHT="41" WIDTH="67" VPOS="2064" HPOS="577"/>
<SP HEIGHT="30" WIDTH="26" VPOS="2075" HPOS="645"/>
<String CONTENT="and" HEIGHT="39" WIDTH="96" VPOS="2065" HPOS="672"/>
<SP HEIGHT="39" WIDTH="25" VPOS="2065" HPOS="769"/>
<String CONTENT="aff." HEIGHT="40" WIDTH="84" VPOS="2064" HPOS="795"/>
<SP HEIGHT="39" WIDTH="26" VPOS="2065" HPOS="880"/>
<String CONTENT="Mar." HEIGHT="40" WIDTH="123" VPOS="2065" HPOS="907"/>
<SP HEIGHT="41" WIDTH="25" VPOS="2064" HPOS="1031"/>
<String CS="1" CONTENT="2;" HEIGHT="38" WIDTH="29" VPOS="2064" HPOS="1057"/>
<SP/>
<!-- cceid 8D88DD00-6CFA-1014-9C3C-CEA95E7AA542 --><String CONTENT="A" HEIGHT="38" WIDTH="40" VPOS="2064" HPOS="1141"/>
<SP HEIGHT="39" WIDTH="25" VPOS="2064" HPOS="1182"/>
<String CS="1" CONTENT="5571;" HEIGHT="39" WIDTH="115" VPOS="2064" HPOS="1208"/>
<SP/>
<String CONTENT="W." HEIGHT="41" WIDTH="72" VPOS="2064" HPOS="1382"/>
<SP HEIGHT="41" WIDTH="27" VPOS="2064" HPOS="1455"/>
<String CONTENT="C." HEIGHT="40" WIDTH="49" VPOS="2064" HPOS="1483"/>
<SP HEIGHT="40" WIDTH="28" VPOS="2064" HPOS="1533"/>
<String CONTENT="Durant," HEIGHT="48" WIDTH="208" VPOS="2064" HPOS="1562"/>
<SP HEIGHT="48" WIDTH="28" VPOS="2064" HPOS="1771"/>
<String CONTENT="New" HEIGHT="39" WIDTH="118" VPOS="2064" HPOS="1800"/>
<SP HEIGHT="39" WIDTH="26" VPOS="2064" HPOS="1919"/>
<String CONTENT="York." HEIGHT="40" WIDTH="146" VPOS="2064" HPOS="1946"/>
</TextLine>
<TextLine HEIGHT="50" WIDTH="251" VPOS="2120" HPOS="170">
<String CONTENT="(29-6031)" HEIGHT="50" WIDTH="251" VPOS="2120" HPOS="170"/>
</TextLine>
<TextLine HEIGHT="64" WIDTH="1508" VPOS="2215" HPOS="90" STYLEREFS="StyleId-AE5F2ADD-8499-4821-9BCD-63A7DF66577C-">
<String CONTENT="Farmers&#8217;" HEIGHT="53" WIDTH="297" VPOS="2215" HPOS="90"/>
<SP HEIGHT="51" WIDTH="27" VPOS="2215" HPOS="388"/>
<String CONTENT="loan" HEIGHT="52" WIDTH="132" VPOS="2215" HPOS="416"/>
<SP HEIGHT="36" WIDTH="26" VPOS="2231" HPOS="549"/>
<String CONTENT="and" HEIGHT="52" WIDTH="115" VPOS="2215" HPOS="576"/>
<SP HEIGHT="52" WIDTH="29" VPOS="2215" HPOS="692"/>
<String CONTENT="trust" HEIGHT="49" WIDTH="162" VPOS="2218" HPOS="722"/>
<SP HEIGHT="49" WIDTH="27" VPOS="2218" HPOS="885"/>
<String CONTENT="company," HEIGHT="49" WIDTH="307" VPOS="2230" HPOS="913"/>
<SP HEIGHT="63" WIDTH="27" VPOS="2216" HPOS="1221"/>
<String CONTENT="New" HEIGHT="51" WIDTH="140" VPOS="2216" HPOS="1249"/>
<SP HEIGHT="51" WIDTH="30" VPOS="2216" HPOS="1390"/>
<String CONTENT="York." HEIGHT="52" WIDTH="177" VPOS="2216" HPOS="1421"/>
</TextLine>
<TextLine HEIGHT="68" WIDTH="1943" VPOS="2292" HPOS="153" STYLEREFS="StyleId-D5A3B104-B87D-45F1-A688-3B2F71863564-">
<String CONTENT="The" HEIGHT="52" WIDTH="124" VPOS="2293" HPOS="153"/>
<SP HEIGHT="34" WIDTH="25" VPOS="2311" HPOS="278"/>
<String CONTENT="custodian" HEIGHT="53" WIDTH="299" VPOS="2292" HPOS="304"/>
<SP HEIGHT="35" WIDTH="29" VPOS="2310" HPOS="604"/>
<String CONTENT="account;" HEIGHT="61" WIDTH="266" VPOS="2298" HPOS="634"/>
<SP HEIGHT="47" WIDTH="34" VPOS="2312" HPOS="901"/>
<String CONTENT="a" HEIGHT="33" WIDTH="31" VPOS="2312" HPOS="936"/>
<SP HEIGHT="34" WIDTH="27" VPOS="2311" HPOS="968"/>
<String CONTENT="modern" HEIGHT="53" WIDTH="238" VPOS="2292" HPOS="996"/>
<SP HEIGHT="35" WIDTH="29" VPOS="2310" HPOS="1235"/>
<String CONTENT="stewardship." HEIGHT="68" WIDTH="399" VPOS="2292" HPOS="1265"/>
<SP HEIGHT="52" WIDTH="74" VPOS="2292" HPOS="1665"/>
<String CONTENT="New" HEIGHT="53" WIDTH="140" VPOS="2292" HPOS="1740"/>
<SP HEIGHT="51" WIDTH="32" VPOS="2293" HPOS="1881"/>
<String CONTENT="York," HEIGHT="68" WIDTH="182" VPOS="2292" HPOS="1914"/>
</TextLine>
<TextLine HEIGHT="69" WIDTH="1416" VPOS="2371" HPOS="83" STYLEREFS="StyleId-D5A3B104-B87D-45F1-A688-3B2F71863564-">
<String CONTENT="The" HEIGHT="53" WIDTH="122" VPOS="2371" HPOS="83"/>
<SP HEIGHT="53" WIDTH="23" VPOS="2371" HPOS="206"/>
<String CONTENT="Farmers&#8217;" HEIGHT="53" WIDTH="286" VPOS="2371" HPOS="230"/>
<SP HEIGHT="51" WIDTH="24" VPOS="2371" HPOS="517"/>
<String CONTENT="loan" HEIGHT="52" WIDTH="130" VPOS="2371" HPOS="542"/>
<SP HEIGHT="34" WIDTH="28" VPOS="2389" HPOS="673"/>
<String CONTENT="and" HEIGHT="53" WIDTH="113" VPOS="2371" HPOS="702"/>
<SP HEIGHT="53" WIDTH="25" VPOS="2371" HPOS="816"/>
<String CONTENT="trust" HEIGHT="49" WIDTH="149" VPOS="2375" HPOS="842"/>
<SP HEIGHT="49" WIDTH="26" VPOS="2375" HPOS="992"/>
<String CONTENT="company," HEIGHT="52" WIDTH="301" VPOS="2388" HPOS="1019"/>
<SP HEIGHT="65" WIDTH="27" VPOS="2374" HPOS="1321"/>
<String CONTENT="1929." HEIGHT="52" WIDTH="150" VPOS="2372" HPOS="1349"/>
</TextLine>
<TextLine HEIGHT="48" WIDTH="568" VPOS="2453" HPOS="152" CS="1">
<String CONTENT="4" HEIGHT="37" WIDTH="28" VPOS="2455" HPOS="152"/>
<SP/>
<String LANG="fr" CONTENT="p." HEIGHT="37" WIDTH="42" VPOS="2464" HPOS="208"/>
<SP HEIGHT="39" WIDTH="27" VPOS="2454" HPOS="251"/>
<String CS="1" CONTENT="l.," HEIGHT="16" WIDTH="9" VPOS="2485" HPOS="316"/>
<SP HEIGHT="48" WIDTH="29" VPOS="2453" HPOS="326"/>
<String CONTENT="5-42" HEIGHT="39" WIDTH="113" VPOS="2453" HPOS="356"/>
<SP HEIGHT="48" WIDTH="29" VPOS="2453" HPOS="470"/>
<String CONTENT="p." HEIGHT="38" WIDTH="43" VPOS="2463" HPOS="500"/>
<SP HEIGHT="40" WIDTH="57" VPOS="2454" HPOS="544"/>
<String CONTENT="19" HEIGHT="40" WIDTH="57" VPOS="2453" HPOS="602"/>
<String STYLE="superscript" CS="1" CONTENT="&#7580;&#7504;"/>
<String CONTENT="." HEIGHT="9" WIDTH="9" VPOS="2485" HPOS="711"/>
</TextLine>
<TextLine HEIGHT="52" WIDTH="2002" VPOS="2519" HPOS="90" CS="1">
<String CONTENT="&#169;" HEIGHT="52" WIDTH="52" VPOS="2519" HPOS="90"/>
<SP HEIGHT="52" WIDTH="25" VPOS="2519" HPOS="143"/>
<String CONTENT="Feb." HEIGHT="40" WIDTH="113" VPOS="2524" HPOS="169"/>
<SP HEIGHT="40" WIDTH="23" VPOS="2524" HPOS="283"/>
<String CONTENT="20," HEIGHT="47" WIDTH="69" VPOS="2524" HPOS="307"/>
<SP HEIGHT="46" WIDTH="26" VPOS="2525" HPOS="377"/>
<String CONTENT="1929;" HEIGHT="47" WIDTH="141" VPOS="2524" HPOS="404"/>
<SP HEIGHT="47" WIDTH="25" VPOS="2524" HPOS="546"/>
<String CONTENT="2c." HEIGHT="40" WIDTH="68" VPOS="2524" HPOS="572"/>
<SP HEIGHT="29" WIDTH="24" VPOS="2535" HPOS="641"/>
<String CONTENT="and" HEIGHT="39" WIDTH="94" VPOS="2525" HPOS="666"/>
<SP HEIGHT="39" WIDTH="28" VPOS="2525" HPOS="761"/>
<String CONTENT="aff." HEIGHT="41" WIDTH="82" VPOS="2523" HPOS="790"/>
<SP HEIGHT="40" WIDTH="26" VPOS="2524" HPOS="873"/>
<String CONTENT="Feb." HEIGHT="41" WIDTH="111" VPOS="2524" HPOS="900"/>
<SP HEIGHT="41" WIDTH="25" VPOS="2524" HPOS="1012"/>
<String CS="1" CONTENT="28;" HEIGHT="41" WIDTH="57" VPOS="2524" HPOS="1038"/>
<SP/>
<!-- cceid 8D89FEA8-6CFA-1014-9C3C-CEA95E7AA542 --><String CONTENT="A" HEIGHT="39" WIDTH="41" VPOS="2524" HPOS="1151"/>
<SP HEIGHT="39" WIDTH="22" VPOS="2524" HPOS="1193"/>
<String CONTENT="5520;" HEIGHT="48" WIDTH="143" VPOS="2523" HPOS="1216"/>
<SP HEIGHT="47" WIDTH="30" VPOS="2524" HPOS="1360"/>
<String CONTENT="Farmers&#8217;" HEIGHT="40" WIDTH="241" VPOS="2524" HPOS="1391"/>
<SP HEIGHT="40" WIDTH="27" VPOS="2524" HPOS="1633"/>
<String CONTENT="loan" HEIGHT="38" WIDTH="113" VPOS="2526" HPOS="1661"/>
<SP HEIGHT="40" WIDTH="26" VPOS="2524" HPOS="1775"/>
<String CONTENT="&amp;" HEIGHT="40" WIDTH="37" VPOS="2524" HPOS="1802"/>
<SP HEIGHT="41" WIDTH="25" VPOS="2524" HPOS="1840"/>
<String CONTENT="trust" HEIGHT="38" WIDTH="129" VPOS="2527" HPOS="1866"/>
<SP HEIGHT="37" WIDTH="26" VPOS="2528" HPOS="1996"/>
<String CONTENT="co." HEIGHT="31" WIDTH="69" VPOS="2535" HPOS="2023"/>
</TextLine>
<TextLine HEIGHT="50" WIDTH="252" VPOS="2579" HPOS="167">
<String CONTENT="(29-6117)" HEIGHT="50" WIDTH="252" VPOS="2579" HPOS="167"/>
</TextLine>
<TextLine HEIGHT="67" WIDTH="744" VPOS="2675" HPOS="112" STYLEREFS="StyleId-AE5F2ADD-8499-4821-9BCD-63A7DF66577C-" CS="1">
<String STYLE="subscript" CS="1" CONTENT="["/>
<String CONTENT="Fetzer," HEIGHT="63" WIDTH="228" VPOS="2675" HPOS="112"/>
<SP HEIGHT="63" WIDTH="27" VPOS="2675" HPOS="341"/>
<String CONTENT="Herman]" HEIGHT="67" WIDTH="284" VPOS="2675" HPOS="369"/>
<SP HEIGHT="61" WIDTH="33" VPOS="2681" HPOS="654"/>
<String CONTENT="1899-" HEIGHT="50" WIDTH="168" VPOS="2680" HPOS="688"/>
</TextLine>
<TextLine HEIGHT="72" WIDTH="1935" VPOS="2753" HPOS="156" STYLEREFS="StyleId-D5A3B104-B87D-45F1-A688-3B2F71863564-" CS="1">
<String LANG="en-US" CONTENT="Reini" HEIGHT="53" WIDTH="168" VPOS="2753" HPOS="156"/>
<SP HEIGHT="51" WIDTH="38" VPOS="2754" HPOS="325"/>
<String LANG="de" CONTENT="Kugel:" HEIGHT="68" WIDTH="219" VPOS="2754" HPOS="364"/>
<SP HEIGHT="51" WIDTH="35" VPOS="2755" HPOS="584"/>
<String LANG="en-US" CONTENT="lover" HEIGHT="52" WIDTH="157" VPOS="2755" HPOS="620"/>
<SP HEIGHT="34" WIDTH="33" VPOS="2774" HPOS="778"/>
<String LANG="en-US" CONTENT="of" HEIGHT="53" WIDTH="64" VPOS="2755" HPOS="812"/>
<SP HEIGHT="53" WIDTH="33" VPOS="2755" HPOS="877"/>
<String LANG="en-US" CONTENT="this" HEIGHT="53" WIDTH="115" VPOS="2756" HPOS="911"/>
<SP HEIGHT="34" WIDTH="33" VPOS="2775" HPOS="1027"/>
<String LANG="en-US" CONTENT="earth," HEIGHT="67" WIDTH="180" VPOS="2756" HPOS="1061"/>
<SP HEIGHT="67" WIDTH="31" VPOS="2756" HPOS="1242"/>
<String LANG="en-US" CONTENT="by" HEIGHT="69" WIDTH="77" VPOS="2756" HPOS="1274"/>
<SP HEIGHT="70" WIDTH="32" VPOS="2755" HPOS="1352"/>
<String LANG="en-US" CONTENT="Jake" HEIGHT="55" WIDTH="150" VPOS="2755" HPOS="1385"/>
<SP HEIGHT="53" WIDTH="34" VPOS="2755" HPOS="1536"/>
<String LANG="de" CONTENT="Falstaff" HEIGHT="55" WIDTH="246" VPOS="2754" HPOS="1571"/>
<SP HEIGHT="68" WIDTH="40" VPOS="2754" HPOS="1818"/>
<String LANG="de" CS="1" CONTENT="["/>
<String LANG="en-US" CONTENT="pseud.]" HEIGHT="66" WIDTH="210" VPOS="2758" HPOS="1881"/>
</TextLine>
<TextLine HEIGHT="72" WIDTH="1948" VPOS="2831" HPOS="145" STYLEREFS="StyleId-D5A3B104-B87D-45F1-A688-3B2F71863564-" CS="1">
<String CS="1" CONTENT="&#8230;"/>
<SP HEIGHT="54" WIDTH="79" VPOS="2831" HPOS="145"/>
<String CONTENT="Garden" HEIGHT="54" WIDTH="234" VPOS="2831" HPOS="225"/>
<SP HEIGHT="55" WIDTH="26" VPOS="2831" HPOS="460"/>
<String CONTENT="City," HEIGHT="69" WIDTH="152" VPOS="2831" HPOS="487"/>
<SP HEIGHT="58" WIDTH="27" VPOS="2833" HPOS="640"/>
<String LANG="fr" CONTENT="N." HEIGHT="53" WIDTH="67" VPOS="2833" HPOS="668"/>
<SP HEIGHT="53" WIDTH="30" VPOS="2833" HPOS="736"/>
<String CONTENT="Y.," HEIGHT="62" WIDTH="91" VPOS="2833" HPOS="767"/>
<SP HEIGHT="62" WIDTH="26" VPOS="2833" HPOS="859"/>
<String CONTENT="Doubleday," HEIGHT="69" WIDTH="357" VPOS="2833" HPOS="886"/>
<SP HEIGHT="68" WIDTH="25" VPOS="2833" HPOS="1244"/>
<String CONTENT="Doran" HEIGHT="53" WIDTH="201" VPOS="2833" HPOS="1270"/>
<SP HEIGHT="34" WIDTH="27" VPOS="2852" HPOS="1472"/>
<String CONTENT="and" HEIGHT="52" WIDTH="112" VPOS="2835" HPOS="1500"/>
<SP HEIGHT="52" WIDTH="28" VPOS="2835" HPOS="1613"/>
<String CONTENT="company," HEIGHT="52" WIDTH="299" VPOS="2851" HPOS="1642"/>
<SP HEIGHT="66" WIDTH="28" VPOS="2835" HPOS="1942"/>
<String CONTENT="inc.," HEIGHT="53" WIDTH="122" VPOS="2835" HPOS="1971"/>
</TextLine>
<TextLine HEIGHT="50" WIDTH="147" VPOS="2912" HPOS="88" STYLEREFS="StyleId-D5A3B104-B87D-45F1-A688-3B2F71863564-">
<String CONTENT="1929." HEIGHT="50" WIDTH="147" VPOS="2912" HPOS="88"/>
</TextLine>
<TextLine HEIGHT="49" WIDTH="562" VPOS="2990" HPOS="155" CS="1">
<String CONTENT="5" HEIGHT="39" WIDTH="25" VPOS="2990" HPOS="155"/>
<SP/>
<String LANG="fr" CONTENT="p." HEIGHT="38" WIDTH="43" VPOS="3001" HPOS="209"/>
<SP HEIGHT="39" WIDTH="26" VPOS="2992" HPOS="253"/>
<String CS="1" CONTENT="l.," HEIGHT="16" WIDTH="9" VPOS="3023" HPOS="316"/>
<SP HEIGHT="48" WIDTH="26" VPOS="2991" HPOS="326"/>
<String CONTENT="283" HEIGHT="41" WIDTH="85" VPOS="2991" HPOS="353"/>
<SP HEIGHT="48" WIDTH="28" VPOS="2991" HPOS="439"/>
<String CONTENT="p." HEIGHT="37" WIDTH="42" VPOS="3002" HPOS="468"/>
<SP HEIGHT="41" WIDTH="58" VPOS="2991" HPOS="511"/>
<String CS="1" CONTENT="21&#189;&#7580;&#7504;." HEIGHT="41" WIDTH="147" VPOS="2991" HPOS="570"/>
</TextLine>
<TextLine HEIGHT="48" WIDTH="676" VPOS="3061" HPOS="156">
<String CONTENT="&#8220;Design" HEIGHT="48" WIDTH="210" VPOS="3061" HPOS="156"/>
<SP HEIGHT="39" WIDTH="27" VPOS="3062" HPOS="367"/>
<String CONTENT="by" HEIGHT="47" WIDTH="61" VPOS="3062" HPOS="395"/>
<SP HEIGHT="47" WIDTH="29" VPOS="3062" HPOS="457"/>
<String CONTENT="Bern" HEIGHT="39" WIDTH="129" VPOS="3062" HPOS="487"/>
<SP HEIGHT="39" WIDTH="30" VPOS="3062" HPOS="617"/>
<String CONTENT="Hard.&#8221;" HEIGHT="42" WIDTH="184" VPOS="3061" HPOS="648"/>
</TextLine>
<TextLine HEIGHT="55" WIDTH="2001" VPOS="3127" HPOS="93" CS="1">
<String CONTENT="&#169;" HEIGHT="52" WIDTH="52" VPOS="3127" HPOS="93"/>
<SP HEIGHT="52" WIDTH="30" VPOS="3127" HPOS="146"/>
<String CONTENT="Feb." HEIGHT="40" WIDTH="112" VPOS="3132" HPOS="177"/>
<SP HEIGHT="40" WIDTH="26" VPOS="3132" HPOS="290"/>
<String CONTENT="21," HEIGHT="47" WIDTH="70" VPOS="3132" HPOS="317"/>
<SP HEIGHT="45" WIDTH="29" VPOS="3134" HPOS="388"/>
<String CS="1" CONTENT="1929;" HEIGHT="40" WIDTH="115" VPOS="3132" HPOS="418"/>
<SP/>
<String CONTENT="2c." HEIGHT="40" WIDTH="67" VPOS="3133" HPOS="590"/>
<SP HEIGHT="30" WIDTH="29" VPOS="3143" HPOS="658"/>
<String CONTENT="and" HEIGHT="39" WIDTH="94" VPOS="3133" HPOS="688"/>
<SP HEIGHT="40" WIDTH="31" VPOS="3133" HPOS="783"/>
<String CONTENT="aff." HEIGHT="40" WIDTH="82" VPOS="3133" HPOS="815"/>
<SP HEIGHT="39" WIDTH="30" VPOS="3134" HPOS="898"/>
<String CONTENT="Mar." HEIGHT="39" WIDTH="122" VPOS="3134" HPOS="929"/>
<SP HEIGHT="39" WIDTH="30" VPOS="3134" HPOS="1052"/>
<String CONTENT="5;" HEIGHT="46" WIDTH="52" VPOS="3134" HPOS="1083"/>
<SP HEIGHT="46" WIDTH="30" VPOS="3134" HPOS="1136"/>
<!-- cceid 8D8B2E59-6CFA-1014-9C3C-CEA95E7AA542 --><String CONTENT="A" HEIGHT="38" WIDTH="40" VPOS="3134" HPOS="1167"/>
<SP HEIGHT="40" WIDTH="28" VPOS="3133" HPOS="1208"/>
<String CONTENT="5620;" HEIGHT="47" WIDTH="142" VPOS="3133" HPOS="1237"/>
<SP HEIGHT="47" WIDTH="32" VPOS="3133" HPOS="1380"/>
<String CS="1" CONTENT="Doubleday," HEIGHT="49" WIDTH="301" VPOS="3133" HPOS="1413"/>
<SP HEIGHT="47" WIDTH="29" VPOS="3135" HPOS="1715"/>
<String CONTENT="Doran" HEIGHT="39" WIDTH="169" VPOS="3135" HPOS="1745"/>
<SP HEIGHT="40" WIDTH="29" VPOS="3134" HPOS="1915"/>
<String CONTENT="&amp;" HEIGHT="40" WIDTH="36" VPOS="3134" HPOS="1945"/>
<SP HEIGHT="40" WIDTH="28" VPOS="3134" HPOS="1982"/>
<String CONTENT="co.," HEIGHT="36" WIDTH="83" VPOS="3145" HPOS="2011"/>
</TextLine>
<TextLine HEIGHT="50" WIDTH="409" VPOS="3188" HPOS="157">
<String CONTENT="inc." HEIGHT="40" WIDTH="91" VPOS="3188" HPOS="157"/>
<SP HEIGHT="48" WIDTH="65" VPOS="3189" HPOS="249"/>
<String CONTENT="(29-5960)" HEIGHT="50" WIDTH="251" VPOS="3188" HPOS="315"/>
</TextLine>
<TextLine HEIGHT="73" WIDTH="962" VPOS="3281" HPOS="84" STYLEREFS="StyleId-CB2AEF36-1844-4BD5-8D06-F28777BD6C1C-" CS="1">
<String CONTENT="Florida." HEIGHT="53" WIDTH="252" VPOS="3281" HPOS="84"/>
<SP HEIGHT="50" WIDTH="75" VPOS="3284" HPOS="337"/>
<String LANG="la" CS="1" CONTENT="Laws" HEIGHT="52" WIDTH="166" VPOS="3284" HPOS="413"/>
<String CONTENT="," HEIGHT="21" WIDTH="11" VPOS="3327" HPOS="586"/>
<SP HEIGHT="45" WIDTH="32" VPOS="3303" HPOS="598"/>
<String CONTENT="statutes," HEIGHT="63" WIDTH="259" VPOS="3291" HPOS="631"/>
<SP HEIGHT="50" WIDTH="32" VPOS="3304" HPOS="891"/>
<String CONTENT="etc.." HEIGHT="46" WIDTH="122" VPOS="3292" HPOS="924"/>
</TextLine>
<TextLine HEIGHT="75" WIDTH="1933" VPOS="3357" HPOS="157" STYLEREFS="StyleId-D5A3B104-B87D-45F1-A688-3B2F71863564-">
<String CONTENT="The" HEIGHT="52" WIDTH="121" VPOS="3358" HPOS="157"/>
<SP HEIGHT="55" WIDTH="30" VPOS="3357" HPOS="279"/>
<String CONTENT="Compiled" HEIGHT="69" WIDTH="301" VPOS="3357" HPOS="310"/>
<SP HEIGHT="69" WIDTH="26" VPOS="3360" HPOS="612"/>
<String CONTENT="general" HEIGHT="67" WIDTH="231" VPOS="3362" HPOS="639"/>
<SP HEIGHT="50" WIDTH="29" VPOS="3362" HPOS="871"/>
<String CONTENT="laws" HEIGHT="52" WIDTH="137" VPOS="3362" HPOS="901"/>
<SP HEIGHT="33" WIDTH="28" VPOS="3381" HPOS="1039"/>
<String CONTENT="of" HEIGHT="53" WIDTH="64" VPOS="3361" HPOS="1068"/>
<SP HEIGHT="53" WIDTH="29" VPOS="3361" HPOS="1133"/>
<String CONTENT="Florida," HEIGHT="67" WIDTH="259" VPOS="3362" HPOS="1163"/>
<SP HEIGHT="64" WIDTH="30" VPOS="3365" HPOS="1423"/>
<String CONTENT="1927," HEIGHT="65" WIDTH="153" VPOS="3362" HPOS="1454"/>
<SP HEIGHT="45" WIDTH="30" VPOS="3382" HPOS="1608"/>
<String CONTENT="embracing" HEIGHT="69" WIDTH="330" VPOS="3363" HPOS="1639"/>
<SP HEIGHT="64" WIDTH="27" VPOS="3368" HPOS="1970"/>
<String CONTENT="the" HEIGHT="51" WIDTH="92" VPOS="3364" HPOS="1998"/>
</TextLine>
<TextLine HEIGHT="130" WIDTH="1980" VPOS="3435" HPOS="87" STYLEREFS="StyleId-D5A3B104-B87D-45F1-A688-3B2F71863564-" CS="1">
<String CONTENT="subsisting" HEIGHT="69" WIDTH="313" VPOS="3435" HPOS="87"/>
<SP HEIGHT="49" WIDTH="34" VPOS="3455" HPOS="401"/>
<String CONTENT="provisions" HEIGHT="66" WIDTH="322" VPOS="3437" HPOS="436"/>
<SP HEIGHT="33" WIDTH="35" VPOS="3457" HPOS="759"/>
<String CONTENT="of" HEIGHT="53" WIDTH="64" VPOS="3437" HPOS="795"/>
<SP HEIGHT="53" WIDTH="33" VPOS="3437" HPOS="860"/>
<String CONTENT="the" HEIGHT="52" WIDTH="94" VPOS="3439" HPOS="894"/>
<SP HEIGHT="35" WIDTH="34" VPOS="3457" HPOS="989"/>
<String CONTENT="constitution" HEIGHT="52" WIDTH="374" VPOS="3440" HPOS="1024"/>
<SP HEIGHT="35" WIDTH="37" VPOS="3458" HPOS="1399"/>
<String CONTENT="and" HEIGHT="53" WIDTH="113" VPOS="3440" HPOS="1437"/>
<SP HEIGHT="54" WIDTH="36" VPOS="3440" HPOS="1551"/>
<String CONTENT="statutes" HEIGHT="49" WIDTH="240" VPOS="3445" HPOS="1588"/>
<SP HEIGHT="34" WIDTH="37" VPOS="3460" HPOS="1829"/>
<String CONTENT="as" HEIGHT="34" WIDTH="60" VPOS="3460" HPOS="1867"/>
<SP HEIGHT="35" WIDTH="37" VPOS="3459" HPOS="1928"/>
<String CONTENT="contained" HEIGHT="106" WIDTH="1980" VPOS="3459" HPOS="87"/>
</TextLine>
<TextLine HEIGHT="74" WIDTH="1771" VPOS="3514" HPOS="319" STYLEREFS="StyleId-D5A3B104-B87D-45F1-A688-3B2F71863564-">
<String CONTENT="in" HEIGHT="51" WIDTH="56" VPOS="3514" HPOS="319"/>
<SP HEIGHT="46" WIDTH="34" VPOS="3520" HPOS="376"/>
<String CONTENT="the" HEIGHT="52" WIDTH="95" VPOS="3515" HPOS="411"/>
<SP HEIGHT="52" WIDTH="33" VPOS="3515" HPOS="507"/>
<String CONTENT="Revised" HEIGHT="53" WIDTH="244" VPOS="3515" HPOS="541"/>
<SP HEIGHT="67" WIDTH="36" VPOS="3517" HPOS="786"/>
<String CONTENT="general" HEIGHT="67" WIDTH="230" VPOS="3517" HPOS="823"/>
<SP HEIGHT="52" WIDTH="34" VPOS="3517" HPOS="1054"/>
<String CONTENT="statutes" HEIGHT="48" WIDTH="241" VPOS="3522" HPOS="1089"/>
<SP HEIGHT="35" WIDTH="35" VPOS="3535" HPOS="1331"/>
<String CONTENT="of" HEIGHT="54" WIDTH="64" VPOS="3516" HPOS="1367"/>
<SP HEIGHT="53" WIDTH="36" VPOS="3516" HPOS="1432"/>
<String CONTENT="1920," HEIGHT="64" WIDTH="152" VPOS="3521" HPOS="1469"/>
<SP HEIGHT="67" WIDTH="35" VPOS="3518" HPOS="1622"/>
<String CONTENT="incorporating" HEIGHT="70" WIDTH="432" VPOS="3518" HPOS="1658"/>
</TextLine>
<TextLine HEIGHT="129" WIDTH="1984" VPOS="3590" HPOS="85" STYLEREFS="StyleId-D5A3B104-B87D-45F1-A688-3B2F71863564-" CS="1">
<String CONTENT="the" HEIGHT="52" WIDTH="94" VPOS="3590" HPOS="85"/>
<SP HEIGHT="34" WIDTH="31" VPOS="3608" HPOS="180"/>
<String CONTENT="constitutional" HEIGHT="53" WIDTH="433" VPOS="3591" HPOS="212"/>
<SP HEIGHT="51" WIDTH="31" VPOS="3593" HPOS="646"/>
<String CONTENT="amendments" HEIGHT="54" WIDTH="391" VPOS="3594" HPOS="678"/>
<SP HEIGHT="35" WIDTH="33" VPOS="3613" HPOS="1070"/>
<String CONTENT="adopted" HEIGHT="67" WIDTH="251" VPOS="3595" HPOS="1104"/>
<SP HEIGHT="53" WIDTH="32" VPOS="3595" HPOS="1356"/>
<String CONTENT="subsequent" HEIGHT="69" WIDTH="338" VPOS="3595" HPOS="1389"/>
<SP HEIGHT="47" WIDTH="32" VPOS="3601" HPOS="1728"/>
<String CONTENT="to" HEIGHT="47" WIDTH="59" VPOS="3602" HPOS="1761"/>
<SP HEIGHT="47" WIDTH="34" VPOS="3602" HPOS="1821"/>
<String CONTENT="the" HEIGHT="53" WIDTH="95" VPOS="3597" HPOS="1856"/>
<SP HEIGHT="53" WIDTH="32" VPOS="3597" HPOS="1952"/>
<String CONTENT="Revised" HEIGHT="122" WIDTH="1981" VPOS="3597" HPOS="88"/>
</TextLine>
<TextLine HEIGHT="73" WIDTH="1823" VPOS="3670" HPOS="271" STYLEREFS="StyleId-D5A3B104-B87D-45F1-A688-3B2F71863564-">
<String CONTENT="general" HEIGHT="66" WIDTH="229" VPOS="3670" HPOS="271"/>
<SP HEIGHT="52" WIDTH="26" VPOS="3670" HPOS="501"/>
<String CONTENT="statutes" HEIGHT="48" WIDTH="240" VPOS="3675" HPOS="528"/>
<SP HEIGHT="33" WIDTH="25" VPOS="3690" HPOS="769"/>
<String CONTENT="of" HEIGHT="53" WIDTH="64" VPOS="3670" HPOS="795"/>
<SP HEIGHT="53" WIDTH="26" VPOS="3670" HPOS="860"/>
<String CONTENT="1920" HEIGHT="50" WIDTH="135" VPOS="3674" HPOS="887"/>
<SP HEIGHT="49" WIDTH="27" VPOS="3675" HPOS="1023"/>
<String CONTENT="and" HEIGHT="51" WIDTH="112" VPOS="3673" HPOS="1051"/>
<SP HEIGHT="51" WIDTH="27" VPOS="3673" HPOS="1164"/>
<String CONTENT="the" HEIGHT="52" WIDTH="95" VPOS="3672" HPOS="1192"/>
<SP HEIGHT="51" WIDTH="25" VPOS="3673" HPOS="1288"/>
<String CONTENT="laws" HEIGHT="53" WIDTH="138" VPOS="3673" HPOS="1314"/>
<SP HEIGHT="34" WIDTH="25" VPOS="3692" HPOS="1453"/>
<String CONTENT="of" HEIGHT="53" WIDTH="65" VPOS="3672" HPOS="1479"/>
<SP HEIGHT="54" WIDTH="25" VPOS="3672" HPOS="1545"/>
<String CONTENT="a" HEIGHT="33" WIDTH="31" VPOS="3693" HPOS="1571"/>
<SP HEIGHT="50" WIDTH="26" VPOS="3693" HPOS="1603"/>
<String CONTENT="general" HEIGHT="68" WIDTH="233" VPOS="3675" HPOS="1630"/>
<SP HEIGHT="52" WIDTH="25" VPOS="3675" HPOS="1864"/>
<String CONTENT="nature" HEIGHT="48" WIDTH="204" VPOS="3680" HPOS="1890"/>
</TextLine>
<TextLine HEIGHT="74" WIDTH="2005" VPOS="3746" HPOS="89" STYLEREFS="StyleId-D5A3B104-B87D-45F1-A688-3B2F71863564-" CS="1">
<String CONTENT="enacted" HEIGHT="51" WIDTH="227" VPOS="3746" HPOS="89"/>
<SP HEIGHT="51" WIDTH="46" VPOS="3746" HPOS="317"/>
<String CONTENT="at" HEIGHT="47" WIDTH="57" VPOS="3751" HPOS="364"/>
<SP HEIGHT="47" WIDTH="38" VPOS="3751" HPOS="422"/>
<String CONTENT="the" HEIGHT="52" WIDTH="94" VPOS="3747" HPOS="461"/>
<SP HEIGHT="51" WIDTH="41" VPOS="3748" HPOS="556"/>
<String CONTENT="legislative" HEIGHT="68" WIDTH="321" VPOS="3747" HPOS="598"/>
<SP HEIGHT="33" WIDTH="38" VPOS="3769" HPOS="920"/>
<String CONTENT="sessions" HEIGHT="53" WIDTH="240" VPOS="3749" HPOS="959"/>
<SP HEIGHT="33" WIDTH="41" VPOS="3769" HPOS="1200"/>
<String CONTENT="of" HEIGHT="53" WIDTH="65" VPOS="3749" HPOS="1242"/>
<SP HEIGHT="53" WIDTH="41" VPOS="3749" HPOS="1308"/>
<String CONTENT="1919," HEIGHT="66" WIDTH="151" VPOS="3752" HPOS="1350"/>
<SP HEIGHT="63" WIDTH="44" VPOS="3755" HPOS="1502"/>
<String CONTENT="1921," HEIGHT="66" WIDTH="152" VPOS="3753" HPOS="1547"/>
<SP HEIGHT="63" WIDTH="41" VPOS="3756" HPOS="1700"/>
<String CONTENT="1923," HEIGHT="65" WIDTH="155" VPOS="3755" HPOS="1742"/>
<SP HEIGHT="63" WIDTH="43" VPOS="3757" HPOS="1898"/>
<String CONTENT="1925," HEIGHT="65" WIDTH="152" VPOS="3755" HPOS="1942"/>
</TextLine>
<TextLine HEIGHT="144" WIDTH="1983" VPOS="3822" HPOS="86" STYLEREFS="StyleId-D5A3B104-B87D-45F1-A688-3B2F71863564-" CS="1">
<String CONTENT="1927." HEIGHT="52" WIDTH="148" VPOS="3822" HPOS="90"/>
<SP/>
<String CONTENT="Compiled" HEIGHT="68" WIDTH="299" VPOS="3822" HPOS="318"/>
<SP HEIGHT="51" WIDTH="35" VPOS="3825" HPOS="618"/>
<String CONTENT="and" HEIGHT="52" WIDTH="113" VPOS="3826" HPOS="654"/>
<SP HEIGHT="52" WIDTH="36" VPOS="3826" HPOS="768"/>
<String CONTENT="annotated" HEIGHT="53" WIDTH="311" VPOS="3827" HPOS="805"/>
<SP HEIGHT="52" WIDTH="33" VPOS="3827" HPOS="1117"/>
<String CONTENT="by" HEIGHT="68" WIDTH="76" VPOS="3827" HPOS="1151"/>
<SP HEIGHT="68" WIDTH="33" VPOS="3827" HPOS="1228"/>
<String CONTENT="Harry" HEIGHT="70" WIDTH="203" VPOS="3827" HPOS="1262"/>
<SP HEIGHT="67" WIDTH="34" VPOS="3830" HPOS="1466"/>
<String CONTENT="B." HEIGHT="52" WIDTH="67" VPOS="3830" HPOS="1501"/>
<SP HEIGHT="56" WIDTH="38" VPOS="3828" HPOS="1569"/>
<String CONTENT="Skillman." HEIGHT="56" WIDTH="304" VPOS="3828" HPOS="1608"/>
<SP HEIGHT="51" WIDTH="73" VPOS="3831" HPOS="1913"/>
<String CONTENT="Atlanta," HEIGHT="135" WIDTH="1983" VPOS="3831" HPOS="86"/>
</TextLine>
<TextLine HEIGHT="72" WIDTH="946" VPOS="3901" HPOS="292" STYLEREFS="StyleId-D5A3B104-B87D-45F1-A688-3B2F71863564-">
<String CONTENT="The" HEIGHT="52" WIDTH="120" VPOS="3901" HPOS="292"/>
<SP HEIGHT="52" WIDTH="27" VPOS="3901" HPOS="413"/>
<String CONTENT="Harrison" HEIGHT="53" WIDTH="284" VPOS="3901" HPOS="441"/>
<SP HEIGHT="34" WIDTH="29" VPOS="3921" HPOS="726"/>
<String CONTENT="company," HEIGHT="51" WIDTH="301" VPOS="3922" HPOS="756"/>
<SP HEIGHT="64" WIDTH="29" VPOS="3908" HPOS="1058"/>
<String CONTENT="1929." HEIGHT="50" WIDTH="150" VPOS="3907" HPOS="1088"/>
</TextLine>
<TextLine HEIGHT="52" WIDTH="707" VPOS="3980" HPOS="157" STYLEREFS="StyleId-D5A3B104-B87D-45F1-A688-3B2F71863564-" CS="1">
<String CONTENT="lxx," HEIGHT="49" WIDTH="98" VPOS="3980" HPOS="157"/>
<SP HEIGHT="49" WIDTH="29" VPOS="3980" HPOS="256"/>
<String CONTENT="2965" HEIGHT="42" WIDTH="115" VPOS="3980" HPOS="286"/>
<SP HEIGHT="49" WIDTH="27" VPOS="3981" HPOS="402"/>
<String CONTENT="p." HEIGHT="37" WIDTH="42" VPOS="3993" HPOS="430"/>
<SP HEIGHT="42" WIDTH="59" VPOS="3983" HPOS="473"/>
<String CONTENT="diagr." HEIGHT="50" WIDTH="154" VPOS="3982" HPOS="533"/>
<SP HEIGHT="40" WIDTH="57" VPOS="3984" HPOS="688"/>
<String CONTENT="29" HEIGHT="41" WIDTH="58" VPOS="3984" HPOS="746"/>
<String STYLE="superscript" CS="1" CONTENT="&#7580;&#7504;"/>
<String CONTENT="." HEIGHT="8" WIDTH="8" VPOS="4018" HPOS="856"/>
</TextLine>
</TextBlock>
</PrintSpace>
</Page>
</Layout>
</alto>