2542 4389
1082 4066 99 54 781

134 403 384 65 Fitzpatrick,
548 403 253 54 Vincent
830 404 70 52 de
928 402 165 56 Paul.

198 494 136 53 Life
360 494 64 53 of
450 494 365 68 Archbishop
845 494 229 68 Curley,
1102 493 304 67 champion
1433 493 64 53 of
1525 493 262 54 Catholic
1814 495 318 67 education,

131 572 72 69 by
238 572 247 54 Vincent
519 571 66 53 de
619 572 147 52 Paul
801 571 390 68 Fitzpatrick;
1231 574 326 65 1904-1929,
1593 571 303 68 published
1930 590 71 34 on
2035 573 96 51 the

128 650 258 52 occasion
414 648 64 53 of
505 649 95 52 the
628 649 173 53 silver
828 649 317 53 sacerdotal
1172 648 212 69 jubilee
1412 648 63 53 of
1504 649 112 52 His
1644 648 182 55 Grace
1855 650 97 52 the
1980 650 153 52 Most

129 728 297 52 Reverend
462 727 248 52 Michael
749 727 218 67 Joseph
1005 726 228 68 Curley,
1310 770 9 9 D.
1396 770 30 24 D.,
1464 727 343 68 archbishop
1846 727 64 52 of
127 728 1979 129 Baltimore.

372 804 1614 68 [Baltimore, The Baltimore Catholic review, ᶜ1 929]
199 868 1726 68 3 p. l., 5-124, [7] p. illus. (incl. ports., col. coat of arms) 31½ ᶜᵐ.
133 954 1993 52 © May 1, 1929; 2c. May 20; aff. May 25; A 9306; V . de P. Fitzpatrick,
202 1015 282 40 Baltimore.
554 1014 282 49 (21-11729)

133 1123 317 64 Fleischer,
483 1122 324 53 Nathaniel
841 1123 58 54 S.

127 1215 1980 149 … Jack Dempsey, the idol of fistiana; an intimate narrative,
295 1292 1836 73 with numerous illustrations, by Nat Fleischer … [New
130 1371 1417 73 York, The Ring publishing company, ᶜ1 929]
197 1454 97 48 xiv,
329 1454 86 41 309
444 1465 43 37 p.
547 1453 130 41 illus.
704 1453 134 48 (incl.
871 1453 175 49 ports.)
1116 1453 56 41 23½ᶜᵐ.
1332 1453 125 47 (The
1490 1455 129 47 Ring
1650 1454 202 41 athletic
1888 1454 245 49 library—

128 1512 122 40 book
280 1523 76 29 no.
389 1511 50 47 5)

132 1579 52 53 ©
214 1585 116 40 May
355 1584 69 47 21,
454 1582 114 41 1929;
624 1583 68 40 2c.
722 1584 116 45 May
861 1582 60 39 22;
975 1582 83 40 aff.
1088 1584 113 46 May
1228 1583 56 39 23;
1341 1583 40 39 A
1408 1583 114 39 9241;
1581 1584 56 38 N.
1666 1583 261 47 Fleischer,
1958 1583 170 40 Mount

198 1641 208 46 Vernon,
429 1641 57 39 N.
511 1641 53 38 Y.
629 1639 281 49 (29-11721)

131 1735 246 64 George,
407 1735 154 53 John
591 1735 35 53 J
915 1737 171 52 1897-

199 1827 194 53 Motor
427 1827 211 52 carrier
674 1826 323 69 regulation
1036 1827 57 50 in
1131 1827 95 51 the
1263 1827 218 53 United
1522 1825 206 69 States,
1763 1827 77 69 by
1877 1827 156 55 John
2072 1827 55 54 J.

133 1903 1701 71 George … Spartanburg, S. C., Band & White, 1929.
199 1985 723 50 1 p. l. , xix, 266, viii p. 20½ᶜᵐ.
201 2057 264 41 “Sources”:
524 2068 42 37 p.
597 2057 97 39 i-iv
725 2059 52 38 at
808 2057 106 40 end.

131 2125 52 52 ©
217 2131 114 46 May
364 2130 68 46 11,
465 2129 115 40 1929;
640 2129 67 40 2c.
741 2130 96 38 and
870 2128 81 40 aff.
987 2129 115 47 May
1133 2129 55 38 14;
1251 2129 40 39 A
1324 2128 116 41 9084;
1505 2129 42 40 J.
1582 2129 45 40 J.
1663 2129 196 48 George,
198 2130 1912 104 Spartanburg,

359 2186 45 40 S.
429 2187 49 39 C.
542 2185 280 49 (29-11659)

131 2280 261 65 Godwin,
425 2280 226 64 George
680 2279 263 65 Stanley,
978 2285 171 49 1889-

199 2371 121 52 The
352 2372 215 51 eternal
601 2370 178 54 forest
812 2372 182 51 under
1029 2377 234 46 western
1299 2371 165 67 skies,
1497 2371 75 69 by
1606 2370 222 71 George
1864 2371 262 55 Godwin.

128 2449 140 52 New
296 2449 180 67 York,
504 2449 69 52 D.
603 2449 294 68 Appleton
928 2451 44 50 &
1000 2467 298 51 company,
1330 2452 150 49 1929.

198 2529 583 50 3 p. l. , 318, [1] p. 19½ᶜᵐ.
131 2598 52 52 ©
207 2603 114 48 Apr.
345 2602 70 47 30,
443 2602 138 47 1929;
608 2603 69 39 2c.
702 2603 97 39 and
825 2602 82 40 aff.
935 2604 112 46 May
1071 2603 26 38 2;
1153 2603 39 39 A
1218 2603 112 40 6891;
1436 2635 7 8 D.
1469 2603 239 48 Appleton
1734 2603 36 40 &
1795 2614 68 30 co.

209 2659 280 49 (29-11749)

135 2752 353 68 [Gompertz,
518 2751 223 55 Martin
772 2752 181 54 Louis
981 2753 172 68 Alan]
1191 2759 170 49 1886-

199 2845 243 69 Daïnra,
464 2846 75 69 by
563 2844 304 69 “Ganpat”
914 2846 215 67 [pseud.]
1194 2847 259 68 London,
1476 2847 241 53 Hodder
1741 2849 113 51 and
126 2846 1977 131 Stoughton

253 2924 224 53 limited
513 2927 169 64 [1929]

197 3005 685 49 317 p. front. (map) 19½ᶜᵐ.
131 3070 1993 56 © 1c. June 7, 1929; A ad int. 12743; pubd. Apr. 11; M. L. A. Gompertz,
198 3133 282 46 Wadhurst,
509 3131 193 48 Sussex,
728 3134 237 46 England.
1028 3132 280 49 (29-13031)

132 3226 298 64 Grunsky,
462 3227 133 53 Carl
625 3227 221 65 Ewald,
879 3233 171 49 1855-

198 3317 177 69 Ways
402 3322 58 48 to
486 3318 259 52 national
772 3319 328 68 prosperity
1127 3320 109 52 and
1268 3319 162 53 other
1458 3338 204 50 essays,
1691 3322 292 54 addresses
2013 3324 110 52 and

130 3395 1934 75 reports on economics and related subjects, by C. E. Grunsky …
130 3473 138 53 New
297 3472 179 68 York,
501 3474 89 53 W.
618 3473 192 67 Neale,
838 3477 149 49 1929.

200 3554 696 49 165 p. front. (port.) 20 ᶜᵐ.
133 3619 52 53 ©
209 3626 114 46 May
349 3624 69 47 20,
445 3625 140 46 1929;
614 3625 67 41 2c.
708 3627 94 38 and
829 3625 83 42 aff.
938 3627 113 47 May
1076 3627 83 47 24;
1187 3628 41 38 A
1253 3627 140 47 8285;
1422 3628 50 40 C.
1499 3629 53 39 E.
1581 3629 240 48 Grunsky,
1851 3631 97 40 San
199 3631 1907 90 Francisco.
409 3681 280 49 (29-11763)

134 3774 304 64 Haggard,
469 3777 98 52 Sir
593 3776 206 63 Henry
826 3777 196 64 Rider,
1057 3783 324 50 1856-1925.

198 3866 228 54 Marion
464 3868 131 64 Isle,
634 3870 77 68 by
747 3870 76 52 H.
865 3869 179 53 Rider
1082 3871 301 68 Haggard.
1460 3871 230 55 Garden
1732 3873 152 71 City,
1925 3875 69 52 N.
2036 3874 90 68 Y.,

129 3944 357 70 Doubleday,
518 3947 197 53 Doran
750 3950 45 49 &
829 3965 298 53 company,
1161 3948 126 70 inc.,
1322 3952 149 51 1929.
