2561 4405
1090 4049 65 51 81

134 380 243 62 Adams,
410 379 258 52 Eustace
697 377 66 55 L.

206 452 1929 73 The runaway airship, by Eustace L. Adams … New York,
131 534 807 68 Grosset & Dunlap [ ᶜ19 29]
207 614 583 49 iv, 220 p. front. 19½ ᶜᵐ.
209 672 73 41 On
308 682 142 29 cover:
506 670 74 40 An
609 671 142 47 Andy
778 671 132 39 Lane
939 671 149 46 story.

134 725 1896 52 © Jan. 28, 1929; 2c. and aff. Jan. 30; A 5019; Grosset & Dunlap, inc.
210 784 251 49 (29-2818)

134 878 316 55 American
488 880 365 68 bankruptcy
890 884 239 63 reports.
1205 879 140 53 New
1382 880 188 68 series,
1606 878 149 55 cited
1791 879 131 54 Am.
1963 881 66 51 B.
2067 880 69 53 R.

213 960 95 68 (N.
345 958 87 69 S.)
473 958 300 70 reporting
801 958 95 54 the
927 958 364 71 bankruptcy
1323 958 279 54 decisions
1633 959 114 53 and
1778 959 265 67 opinions
2074 959 60 54 in

202 1039 95 52 the
341 1039 217 53 United
606 1037 189 55 States
837 1037 65 53 of
943 1037 98 53 the
1085 1037 221 53 federal
1348 1043 207 61 courts,
1599 1042 146 48 state
1788 1043 190 49 courts
2021 1039 114 53 and

202 1117 243 53 referees
479 1116 61 52 in
573 1116 379 68 bankruptcy.
1028 1115 107 53 Ed.
1171 1115 77 69 by
1282 1115 152 53 Fred
1472 1115 67 53 E.
1578 1115 311 54 Rosbrook.
1963 1135 52 35 v.
2053 1120 81 50 12.

197 1193 250 65 Albany,
475 1193 71 53 N.
574 1192 92 66 Y.,
693 1192 281 53 Matthew
1001 1192 229 53 Bender
1257 1195 45 49 &
1331 1210 299 48 company,
1661 1196 152 50 1929.

193 1275 418 49 xiv, 780 p. 24 ᶜᵐ.
129 1330 2007 52 © Jan. 11, 1929; 2c. Jan. 14; aff. Jan. 12; A 2834; Matthew Bender &
196 1400 82 38 co.,
307 1389 92 41 inc.

129 1484 317 53 American
479 1484 222 52 bureau
738 1483 64 53 of
834 1483 299 64 shipping,
1164 1485 139 52 New
1339 1485 178 53 York.

256 1561 1878 70 … Record of American and foreign shipping [19 29] … [New
124 1642 180 69 York,
332 1643 86 55 De
449 1640 575 56 Vinne-Hallenbeck
1051 1659 98 37 co.,
1180 1641 270 68 printers,
1483 1643 152 66 1929]

193 1724 326 49 1299 p. 27½ ᶜᵐ.
192 1782 107 47 Key
328 1782 50 39 to
409 1780 365 41 abbreviations
805 1780 231 40 attached
1068 1781 49 40 to
1147 1780 124 41 back
1301 1790 156 31 cover.

126 1834 1989 109 © Jan. 8, 1929; 2c. Jan. 9; aff. Jan. 10; A 2774; Amer, bureau of shipping,
351 1895 118 39 New
500 1894 146 41 York.

123 1989 224 64 Bailey,
380 1988 208 65 Henry
619 1987 411 65 Christopher,
1066 1989 173 54 1878-

190 2067 1942 71 The young lovers, by H. C. Bailey … New York, E. P.
117 2147 786 67 Dutton & co., inc. [ ᶜ19 29]
189 2229 62 48 vi,
281 2229 86 40 312
396 2240 43 37 p.
499 2228 55 40 19½ᶜᵐ.

124 2282 2007 57 © Jan. 18, 1929; 2c. Jan. 21; aff. Jan. 24; A 4028; E. P. Dutton & co.,
191 2344 90 41 inc.
348 2343 252 50 (29-2468)

123 2439 247 63 Barnes,
400 2438 202 63 Harry
632 2437 218 65 Elmer,
885 2443 173 49 1889-

191 2516 73 53 In
308 2520 161 65 quest
513 2514 65 54 of
620 2516 161 52 truth
830 2517 112 51 and
989 2515 233 70 justice;
1271 2515 358 71 de-bunking
1674 2518 97 52 the
1816 2536 119 34 war
1981 2518 151 70 guilt

117 2594 1988 149 myth, by Harry Elmer Barnes … Chicago, National historical society, 1928.
187 2754 1107 51 2 p. l., iii-xiv, 423 p. front. (port.) 23½ ᶜᵐ.
189 2812 1938 54 “The essential facts in regard to the causes of the world war … [and]
120 2870 81 41 the
235 2869 197 48 leading
463 2869 355 41 controversies
852 2869 52 40 in
939 2869 160 41 which
1133 2869 84 42 the
1251 2870 169 40 writer
1455 2870 90 41 has
1582 2874 214 46 engaged
1833 2873 120 40 with
117 2885 1995 83 exponents
289 2927 52 40 of
369 2927 82 40 the
483 2925 344 41 ‘bitter-ender’
859 2927 95 39 and

987 2926 449 49 ‘straw-clutching’
1467 2928 390 50 positions.”—p.
1889 2931 99 40 141.

191 2983 393 49 “Bibliographic
614 2983 335 49 suggestions”
981 2986 51 39 at
1063 2985 91 40 end
1185 2983 52 42 of
1267 2984 119 41 each
1416 2985 203 50 chapter
1650 2986 52 41 of
1731 2989 113 46 part
1897 3020 8 9 I.

121 3037 2007 53 © Sept. 15, 1928; 2c. and a ff. Jan. 28, 1929; A 3970; Natl. historical soc.
198 3098 283 50 (28-26934)

139 3191 240 66 [Begbie,
412 3191 244 69 Harold]
698 3192 172 55 1871-

191 3272 121 52 The
353 3271 222 54 Laslett
617 3269 188 61 affair,
845 3270 77 71 by
965 3270 56 52 A
1063 3271 326 69 gentleman
1432 3273 140 53 with
1618 3293 31 34 a
1694 3276 212 53 duster.
1984 3277 140 54 New

119 3349 1219 69 York, The Macaulay company [ ᶜ19 29]
184 3432 87 41 384
298 3443 44 37 p.
402 3431 53 39 21½ᶜᵐ.

120 3485 1789 57 © Jan. 25, 1929; 2c. Jan. 30; aff. Jan. 29; A 4142; Macaulay co.
198 3546 252 49 (29-2738)

116 3640 279 65 Bennett,
431 3638 245 65 Arnold,
715 3640 174 56 1867-

117 3716 1986 151 … Accident. Garden City, N. Y., Doubleday, Doran & company, inc., 1928.
185 3879 371 50 vi, 315 p. 20 ᶜᵐ.
120 3933 2005 59 © Jan. 11, 1929; 2c. and aff. Jan. 19; A 2928; Enoch Arnold Bennett,
186 3994 215 41 London.
471 3993 253 49 (29-1802)
