2542 4389
1070 4032 140 55 2019

149 388 215 65 Capek,
394 388 198 65 Karel,
622 393 171 49 1890-

218 463 210 68 Money
462 463 112 52 and
607 463 162 52 other
801 462 218 66 stories,
1051 462 76 67 by
1158 461 180 52 Karel
1374 459 213 69 Capek,
1621 459 140 52 with
1796 478 31 33 a
1862 458 288 54 foreword

149 541 72 69 by
255 541 156 53 John
447 539 384 68 Galsworthy.
902 539 139 52 New
1076 538 181 67 York,
1294 538 357 66 Brentano’s,
1689 539 151 50 1930.

220 620 525 50 5 p. l. , 3-279 p. 19½ ᶜᵐ.
221 693 126 39 Date
374 691 53 40 of
452 691 200 48 imprint
680 690 248 41 corrected
955 691 48 38 in
1030 689 305 48 manuscript
1360 691 49 38 to
1438 688 128 41 1929.

223 749 181 39 “These
441 748 175 40 stories
652 748 124 39 have
812 747 119 39 been
968 747 275 39 translated
1278 746 128 40 from
1447 745 81 40 the
1567 745 154 41 Czech
1756 745 61 47 by
1855 744 205 41 Francis
2100 745 52 40 P.

152 805 271 47 Marchant,
449 805 131 39 Dora
607 804 187 46 Round,
823 803 51 40 F.
902 803 50 40 P.
981 803 155 47 Casey
1163 803 96 39 and
1287 802 51 41 O.
1366 801 258 41 Vocadlo.”

497 872 915 48 CONTENTS.—Money.—Helena.—Three.—The
1452 871 331 42 shirts.—The
1822 871 331 41 insult.—The

151 931 393 41 tribunal.—The
571 930 325 48 bully.—Two
925 929 334 41 fathers.—At
1290 930 82 40 the
1402 930 166 40 castle.

152 999 53 53 ©
237 1003 112 41 Dec.
383 1003 39 47 3,
457 1002 140 47 1929;
632 1002 68 40 2c.
734 1002 96 40 and
863 1001 83 40 aff.
980 1001 112 41 Dec.
1129 1001 52 46 6;
1217 1001 43 39 A
1293 999 172 49 16302;
1501 1000 293 41 Brentano’s
1825 1000 93 41 inc.

228 1058 282 50 (29-29102)

146 1155 224 61 Cestre,
403 1152 263 64 Charles,
697 1155 84 52 ed.

225 1231 211 67 [Notes,
469 1231 288 66 exercises,
792 1230 347 68 vocabulary
1174 1230 113 52 and
1323 1230 226 68 editing
1581 1228 65 54 of
1679 1230 182 52 entire
1894 1234 140 62 text]
2076 1228 72 69 by

147 1306 1976 133 Charles Cestre … [in the book entitled] Le petit chose, histoire
148 1383 1975 149 d’un enfant, par Alphonse Daudet … Chicago, Philadelphia
436 1461 1402 69 [etc.] The John C. Winston company [ ᶜ1 929]
147 1543 1981 105 308 p. incl. front., illus. 16 ᶜᵐ. (The Winston modern language series)
149 1652 53 53 ©
235 1657 123 39 Mar.
390 1656 69 48 12,
492 1655 113 41 1929;
667 1656 67 40 2c.
767 1656 119 40 Nov.
918 1655 48 39 21;
1037 1654 82 40 aff.
1155 1655 113 40 Dec.
1302 1655 53 47 2;
1391 1655 40 39 A
1464 1655 170 47 17184;
1672 1655 128 40 John
1836 1655 50 42 C.
1920 1655 227 42 Winston

215 1723 69 32 co.

142 1805 194 65 Clark,
366 1806 185 53 Evert
578 1805 317 65 Mordecai,
928 1807 171 54 1879-
1312 1806 86 55 ed.

210 1883 246 70 English
484 1883 297 53 literature:
838 1885 98 51 the
963 1884 363 52 seventeenth
1356 1889 255 63 century,
1641 1884 191 54 edited
1860 1885 78 69 by
1966 1887 181 52 Evert

139 1960 2007 70 Mordecai Clark … New York, Chicago [etc.] C. Scribner’s
138 2042 357 65 sons [ ᶜ1 929]
210 2118 1936 51 xlix p., 3 l., 5-543 p. 17 ᶜᵐ. (Added t.-p.: English literature … series
141 2176 2005 49 of anthologies … under the general editorship of J. D. McCallum.
143 2253 57 30 [v.
231 2233 71 50 3])

211 2291 140 47 Maps
377 2300 61 30 on
464 2288 366 50 lining-papers.

213 2347 128 40 “The
371 2346 123 41 book
523 2345 41 41 is
595 2345 227 48 designed
858 2348 48 37 to
940 2349 251 44 represent
1224 2345 293 48 adequately
1548 2347 110 47 only
1691 2347 81 40 the
1803 2347 260 41 literature
2094 2348 53 40 of

142 2404 136 40 those
317 2402 193 50 periods
548 2402 49 39 in
637 2401 158 41 which
834 2401 209 40 Puritan
1080 2402 97 39 and
1216 2401 297 41 restoration
1551 2402 265 42 influences
1854 2404 294 48 prevail.”—

141 2459 128 42 Pref.

148 2513 53 53 ©
238 2517 112 40 Dec.
384 2516 41 48 2,
461 2515 117 41 1929;
640 2515 68 41 2c.
745 2515 112 41 Dec.
894 2513 29 41 6;
985 2513 83 41 aff.
1106 2514 113 40 Dec.
1256 2514 26 40 5;
1347 2514 42 40 A
1424 2514 145 41 16194;
1635 2515 206 42 Charles
1879 2516 267 42 Scribner’s

212 2583 126 31 sons.
409 2570 281 51 (29-29131)

141 2663 257 66 Coulter,
426 2663 155 56 John
612 2663 277 65 Gaylord,
921 2665 172 54 1876-

214 2742 116 56 Old
356 2743 246 66 France;
633 2762 30 33 a
690 2747 120 49 sort
834 2741 66 54 of
923 2742 240 69 history.
1227 2743 250 69 Enough
1504 2743 244 71 anyhow
1776 2744 173 54 about
1975 2745 170 70 kings

145 2822 113 52 and
288 2826 198 47 counts
517 2826 60 47 to
608 2820 231 68 explain
871 2821 97 52 the
1000 2821 200 53 castles
1234 2822 114 52 and
1382 2821 324 54 illuminate
1737 2840 149 50 your
1916 2822 229 56 travels.

145 2896 2001 71 A guide to the guide books … The stories of France and of
146 2975 270 69 England
450 2993 95 35 are
577 2975 222 69 largely
832 2975 123 53 told
990 2993 60 35 as
1084 2993 121 50 one,
1240 2975 187 53 which
1460 2977 137 68 they
1631 2994 59 36 so
1725 2977 224 69 largely
1982 2995 162 36 were.

146 3051 1528 71 By John G. Coulter. Paris, The author [ ᶜ1 929]
212 3134 882 49 597 p., 1 l. illus., fold. map. 17½ᶜᵐ.
214 3190 238 40 “Limited
480 3189 335 49 edition.”—p.
843 3189 69 42 16.

146 3241 1996 55 © 1c. Oct. 18, 1929; A ad int. 13157; pubd. Aug. 20; J. G. Coulter,
212 3302 156 40 Paris.
439 3301 192 49 (30-25)

138 3393 389 65 Darbyshire,
553 3394 235 64 Taylor.

210 3473 121 53 The
370 3473 168 53 Duke
573 3474 65 52 of
676 3474 191 64 York;
910 3494 72 34 an
1020 3474 264 54 intimate
1321 3477 46 50 &
1404 3474 412 58 authoritative
1854 3477 294 71 life-story

140 3551 64 52 of
235 3552 97 52 the
363 3552 203 53 second
600 3569 101 36 son
735 3552 64 52 of
832 3553 177 52 Their
1038 3551 297 68 Majesties
1366 3554 97 53 the
1493 3552 164 72 King
1691 3557 112 52 and
1840 3553 196 64 Queen
2069 3557 77 69 by

140 3646 103 36 one
274 3627 126 56 who
428 3630 103 53 has
560 3630 114 53 had
706 3629 212 68 special
949 3630 290 68 facilities,
1269 3632 113 52 and
1413 3631 304 68 published
1747 3633 140 53 with
1918 3635 96 53 the
138 3651 1982 121 approval

137 3704 1985 145 of His Royal Highness, by Taylor Darbyshire … London,
292 3782 366 54 Hutchinson
685 3786 45 49 &
754 3801 78 35 co.
861 3785 103 52 ltd.
1019 3787 152 64 [1929]

206 3864 992 51 287 p. incl. front. plates, ports. 22½ᶜᵐ.
147 3915 1994 62 © 1c. Dec. 12, 1929; A ad int. 13368; pubd. Oct. 15; T. Darbyshire,
213 3975 210 41 London.
495 3976 281 50 (29-30699)
