2542 4389
1104 4073 138 50 2159

182 398 183 65 Fairy
416 404 141 52 tales
612 404 113 52 and
777 403 162 52 other
992 402 218 68 stories,
1263 401 327 53 illustrated
1641 401 77 69 by
1771 399 277 54 National
2101 403 91 48 art

251 480 230 52 studies.
558 480 329 69 Cleveland,
922 481 120 52 The
1073 480 206 53 World
1311 479 294 69 syndicate
1639 479 130 68 pub.
1806 497 98 51 со.,
1940 481 151 50 1929.

250 561 25 39 1
312 571 43 31 v.

184 612 52 53 ©
266 617 121 48 Aug.
418 617 69 48 19,
521 617 113 40 1929;
694 618 67 39 2c.
796 618 92 38 and
923 617 81 39 aff.
1037 618 121 48 Aug.
1189 617 83 46 24;
1307 617 41 39 A
1380 616 171 48 11854;
1586 617 168 40 World
1788 616 253 47 syndicate
2074 616 109 47 pub.

250 684 68 31 со.

181 766 249 64 French,
463 767 152 52 Fred
647 767 64 52 F.

251 846 121 52 The
403 845 224 53 French
660 846 154 67 plan,
846 847 75 67 by
952 845 151 53 Fred
1138 846 65 50 F.
1236 846 239 52 French.
1554 846 137 51 New
1725 845 180 69 York,
1937 845 153 52 Fred
2124 845 64 51 F.

179 924 223 53 French
431 921 291 70 investing
749 941 300 51 company,
1079 925 106 52 inc.
1223 957 13 33 [
1265 925 132 50 ᶜ1929
1404 957 12 33 ]

250 1005 67 47 73,
355 1006 56 48 [1]
448 1015 43 37 p.
553 1004 143 48 illus.,
733 1004 172 40 tables.
968 1004 117 40 19ᶜᵐ.

252 1061 267 40 “Eleventh
553 1060 226 41 edition.”

183 1113 2001 53 © Sept. 16, 1929 ; 2c. and aff. Sept. 19; A 13443; F. F. French investing
249 1184 83 38 со.,
361 1173 91 42 inc.

176 1267 325 65 Freudien,
531 1268 195 64 Peter,
761 1273 166 49 1886-

304 1344 1881 68 … Die flucht ins weisse land, ein Eskimo-roman. Berlin,
174 1422 425 70 Safari-verlag
676 1425 153 65 [ᶜ1929]

240 1505 675 50 4 p. l., 344, [1] p. 19½ᶜᵐ.
243 1563 68 41 “1.
343 1561 234 50 auflage.”

244 1619 112 40 “Ins
385 1619 232 40 deutsche
644 1618 294 48 übertragen
968 1629 90 29 von
1089 1618 166 39 Erwin
1284 1618 250 48 Magnus.”

244 1675 173 48 Sequel
447 1678 49 37 to
524 1675 99 40 Der
651 1674 215 42 Eskimo.

180 1728 2001 52 © July 30, 1929; 1c. Oct. 2 ; A—Foreign 4867; Safari-verlag, g. m. b. h.
257 1787 252 49 (30-3322)

178 1883 214 53 García
420 1881 290 65 Naranjo,
741 1881 298 55 Nemesio.

248 1961 218 62 Quinto
510 1961 313 69 evangelio,
866 1962 76 68 by
986 1961 262 52 Nemesio
1294 1960 208 54 García
1551 1962 277 69 Naranjo.
1907 1962 116 56 San
175 1964 1989 144 Antonio,
379 2041 155 66 Tex.,

563 2040 146 54 Casa
737 2039 263 53 editorial
1033 2039 247 69 Lozano,
1311 2043 150 49 1929.

244 2121 27 41 1
339 2154 10 10 v.

179 2173 51 53 ©
257 2179 120 47 Aug.
404 2178 68 47 15,
499 2177 116 40 1929;
668 2178 68 39 2c.
763 2178 94 37 and
886 2177 81 41 aff.
995 2178 120 45 Aug.
1143 2177 54 39 27;
1255 2177 41 38 A
1321 2177 145 40 11867;
1523 2178 58 40 N.
1610 2177 177 41 García
1815 2179 236 47 Naranjo.
2083 2181 95 39 San

245 2234 224 48 Antonio,
500 2234 115 40 Tex.

173 2326 266 65 Gautier,
470 2326 339 65 Théophile,
845 2329 327 53 1811-1872.

243 2408 426 52 Mademoiselle
709 2408 68 52 de
817 2407 263 67 Maupin,
1119 2408 75 67 by
1234 2407 318 69 Théophile
1590 2407 260 69 Gautier,
1889 2411 163 53 wood

171 2428 1988 126 engravings
480 2486 73 68 by
585 2485 261 53 Howard
884 2483 213 57 Simon.
1176 2485 138 52 New
1350 2485 181 70 York,
1566 2486 49 54 I.
1646 2487 349 71 Washburn,
2031 2491 150 51 1929.

239 2565 1089 50 4 p. l., 373, [1] p. front., plates. 24½ᶜᵐ.
243 2621 1936 51 “Of this edition … one hundred sixty numbered copies … have been
172 2680 191 48 printed
392 2691 61 28 on
481 2680 66 39 all
575 2689 87 38 rag
688 2679 168 40 deckle
883 2679 119 47 edge
1032 2689 163 37 paper.
1256 2678 102 41 The
1385 2679 332 42 illustrations
1744 2681 81 41 for
1852 2683 139 39 these
2019 2682 161 49 copies

172 2738 123 39 have
338 2737 118 48 fyeen
501 2736 179 48 proved
724 2736 96 38 and
866 2735 168 47 signed
1079 2735 61 47 by
1186 2735 83 40 the
1313 2735 161 41 artist.
1536 2737 156 40 There
1739 2738 125 40 have
1911 2740 104 39 also
2059 2739 120 40 been

173 2793 191 48 printed
400 2803 61 30 on
495 2791 376 41 water-marked
905 2801 88 38 rag
1026 2801 164 39 paper,
1226 2794 95 38 two
1357 2793 245 40 thousand
1637 2793 172 49 copies,
1844 2795 85 40 the
170 2795 1991 95 illustrations
329 2849 79 41 for

439 2848 156 41 which
627 2849 126 39 have
782 2848 119 40 been
930 2847 196 48 printed
1156 2847 128 39 from
1317 2849 82 39 the
1431 2848 209 49 original
1675 2851 136 39 wood
1841 2851 337 48 engravings.”

178 2903 51 52 ©
263 2907 118 40 Nov.
414 2907 20 38 1,
488 2905 116 41 1929;
664 2905 66 40 2c.
767 2905 110 40 Dec.
912 2905 83 46 23;
1033 2904 82 41 aff.
1150 2904 110 41 Jan.
1295 2904 69 48 10,
1400 2905 141 48 1930;
1579 2907 41 39 A
1654 2907 171 47 16732;
1864 2909 109 39 Ives
244 2909 1916 101 Washburn,
410 2963 91 40 inc.
561 2957 67 55 [©
657 2961 346 49 illustrations]
1073 2960 251 49 (30-1404)

171 3055 292 65 Ghadiali,
491 3055 273 52 Dinshah
791 3054 276 64 Pestanji
1096 3055 250 63 Framji,
1375 3058 172 52 1873-

243 3133 1875 70 American sex problems, by Colonel Dinshah P. Ghadiali …
171 3215 252 67 Malaga,
453 3214 69 54 N.
552 3213 74 68 J.,
658 3212 494 69 Spectro-chrome
1184 3213 277 70 institute,
1496 3216 149 50 1929.

239 3292 1314 52 4 p. l., 242 p. pl., 2 port. (incl. front.) 21½ᶜᵐ.
241 3352 38 39 A
313 3351 135 48 reply
480 3353 48 38 to
560 3349 273 41 Katherine
864 3349 185 48 Mayo’s
1084 3349 194 39 Mother
1309 3350 158 40 India,
1528 3352 62 47 cf.
1623 3351 131 41 Pref.

178 3405 51 52 ©
266 3409 118 41 Nov.
418 3409 70 42 28,
524 3406 112 40 1929;
700 3408 69 39 2c.
804 3407 113 39 Dec.
953 3407 54 38 27;
1074 3405 81 40 aff.
1193 3405 112 42 Dec.
1342 3406 82 48 28;
1461 3407 42 39 A
1538 3407 171 48 17601;
1748 3408 57 41 D.
1842 3410 51 38 P.
1932 3409 244 43 Ghadiali.

246 3466 211 46 Malaga,
486 3465 55 39 N.
572 3464 42 40 J.
684 3463 251 47 (30-1417)

173 3558 240 63 Gibson,
444 3558 174 63 John,
655 3563 171 49 1849-
1041 3575 180 50 comp.

241 3638 96 53 An
361 3637 313 69 anthology
722 3635 94 70 [by]
846 3637 155 53 John
1028 3635 234 55 Gibson.
1338 3635 139 53 New
1504 3636 179 69 York,
1709 3638 122 54 The
1858 3639 317 55 Yorktown

172 3733 173 51 press,
375 3717 151 51 1929.

243 3792 957 51 6 p. l., 268 p. front, (port.) 26ᶜᵐ.
243 3854 74 37 An
343 3851 184 41 edition
552 3851 52 39 of
627 3852 138 39 three
790 3850 223 40 hundred
1041 3850 94 39 and
1163 3848 133 48 sixty
1321 3848 177 48 copies.

245 3909 169 39 Poems
443 3908 96 39 and
566 3917 142 38 prose
735 3905 272 42 selections.

179 3962 51 52 ©
266 3966 112 40 Dec.
413 3966 39 43 3,
489 3964 138 41 1929;
665 3965 66 39 2c.
768 3965 94 38 and
900 3963 82 40 aff.
1018 3963 113 39 Dec.
1166 3962 83 46 27;
1286 3962 42 39 A
1363 3962 171 47 16796;
1575 3963 123 43 Jane
1736 3965 180 41 Gibson
1953 3966 221 49 Phillips,

247 4021 324 39 Bartlesville.
606 4020 105 40 Okl.
782 4019 252 41 (30-1524)
