2542 4389
1003 4046 134 49 1609

133 561 103 39 The
264 560 201 39 nucleus
497 558 50 40 of
578 558 99 40 this
707 567 219 30 museum
958 556 42 40 is
1031 558 82 38 the
1143 554 256 42 collection
1432 554 51 40 of
1513 554 206 40 musical
1748 554 323 41 instruments

65 617 52 40 of
154 618 82 39 the
273 617 101 39 late
413 615 225 40 Wilhelm
674 616 107 45 Hey
786 625 52 28 er
877 613 52 40 of
966 613 223 47 Cologne,
1227 611 159 40 which
1422 621 102 30 was
1562 611 272 48 purchased
1872 611 80 40 for
1989 614 83 38 the

63 673 283 47 University
373 673 49 38 in
449 671 130 41 1926.
639 673 62 46 cf.
728 671 239 39 Vorwort.

69 724 1914 54 © June 17, 1929; 1c. July 6; A—Foreign 3710; Breitkopf & Härtel.
148 785 282 50 (29-22097)

57 862 81 53 Le
168 861 207 64 Maire,
408 860 260 55 Eveline.

199 933 1875 71 … Jeunes filles à marier, roman inédit … Paris, A. Fayard
62 1018 340 65 & c ⁱᵉ [1929]
137 1092 1525 54 255, [1] p. 18 ½ᶜᵐ . (“Jeunes femmes et jeunes filles”)
72 1150 52 52 ©
153 1155 115 47 May
294 1153 70 48 29,
392 1153 114 39 1929;
593 1165 37 27 1c.
658 1153 84 38 July
804 1151 58 39 32;
917 1152 103 38 A—
1022 1151 211 47 Foreign
1259 1150 119 41 3686;
1433 1150 231 41 Arthème
1695 1150 198 48 Fayard
1922 1150 37 40 &
1988 1149 86 40 cie.

148 1209 282 50 (29-21946)

68 1276 228 70 [Locke,
324 1274 256 55 William
608 1275 221 67 James]
867 1279 171 49 1868-
1198 1292 180 51 comp.

135 1355 121 53 The
284 1356 141 52 road
453 1356 138 51 laws
618 1355 65 53 of
713 1353 346 69 California,
1090 1355 153 64 1929,
1271 1352 330 70 embracing
1628 1354 96 52 the
1752 1351 326 71 provisions

66 1435 65 53 of
161 1435 96 51 the
289 1432 391 68 constitution,
710 1433 95 51 the
836 1432 182 67 codes,
1051 1431 113 53 and
1196 1431 213 68 special
1440 1437 287 65 statutory
1759 1438 118 47 acts
66 1430 1988 151 relating

202 1518 58 47 to
297 1512 318 68 highways,
651 1510 231 68 bridges
921 1511 113 51 and
1071 1509 96 53 the
1204 1508 439 54 condemnation
1678 1510 64 53 of
1777 1509 169 54 lands
1983 1509 95 53 for

67 1591 194 69 public
290 1609 112 34 use.
470 1588 116 56 San
615 1589 326 67 Francisco,
966 1588 72 52 A.
1068 1586 243 55 Carlisle
1338 1589 46 50 &
1411 1606 99 51 co.,
1538 1590 149 50 1929.

140 1668 743 51 2 p. l., liii, [3]-679 p. 16 ᶜᵐ .
143 1728 273 46 “Enlarged
444 1727 96 39 and
566 1725 190 40 revised
783 1724 184 41 edition
996 1724 53 40 of
1073 1724 82 40 the
1184 1724 163 41 Street
1375 1724 351 48 improvement
1756 1727 105 38 acts
1889 1725 52 40 of
72 1724 1982 106 California,

298 1780 1556 50 compiled by Wm. J. Locke … and H. A. Postlethwaite.”
75 1835 52 52 ©
160 1839 102 41 Oct.
293 1840 40 45 1,
364 1839 114 39 1929;
539 1839 66 39 2c.
638 1839 96 38 and
765 1837 83 40 aff.
882 1837 102 41 Oct.
1018 1837 54 38 22;
1136 1838 40 38 A
1207 1837 146 40 15214;
1413 1840 56 38 A.
1501 1837 210 41 Carlisle
1742 1837 35 40 &
1809 1847 66 31 co.

149 1895 282 49 (29-22210)

66 1960 1992 135 … Street improvement acts of California (including amendments of
67 2039 1987 135 1929) compiled by Wm. J. Locke … and H. A. Postlethwaite.
389 2117 1258 70 San Francisco, A. Carlisle & co. [ ᶜ1 929]
142 2198 966 51 2 p. l., xiv, [3]-890 p. front. 21 ᶜᵐ .
141 2257 65 39 At
234 2257 125 39 head
389 2256 52 40 of
469 2256 107 40 title
594 2267 9 28 :
635 2256 245 47 Enlarged
910 2255 96 40 and
1037 2254 190 41 revised
1256 2255 200 41 edition.

142 2312 315 48 Advertising
487 2313 181 39 matter
685 2322 10 29 :
728 2322 44 38 p.
803 2311 220 42 386-390.

76 2364 51 53 ©
159 2370 102 40 Oct.
291 2369 25 39 1,
361 2369 115 39 1929;
534 2369 64 39 2c.
631 2369 96 39 and
758 2368 83 41 aff.
873 2367 102 41 Oct.
1005 2367 57 40 22;
1120 2368 42 39 A
1192 2368 144 40 13215;
1395 2372 54 35 A.
1484 2367 206 41 Carlisle
1720 2367 37 41 &
1785 2378 68 30 co.

150 2424 282 49 (29-22209)

65 2491 413 63 McLaughlin,
510 2491 203 53 James
740 2491 158 52 Bede
928 2490 303 65 Benedict,
1265 2495 172 51 1866-

137 2571 360 67 Purgatory;
531 2587 81 52 or,
642 2569 121 54 The
793 2571 213 52 church
1036 2568 298 70 suffering,
1361 2571 77 69 by
1468 2571 97 52 the
1593 2571 298 52 Reverend
1923 2569 57 53 J.
2011 2569 67 51 B.

70 2647 1988 135 McLaughlin, O. S. B.; introduction by Rt. Rev. Patrick J. McCormick …
513 2727 138 52 New
686 2727 182 68 York,
899 2727 122 51 The
1052 2725 339 54 Macmillan
1424 2745 300 50 company,
1760 2729 152 50 1929.

141 2805 1935 50 vii p., 1 l., 87 p. 17 ᶜᵐ . (Half-title: The treasury of the faith series :
68 2862 84 49 32)

75 2917 52 52 ©
156 2921 102 40 Oct.
283 2921 71 47 22,
381 2920 114 40 1929;
551 2921 66 40 2c.
645 2922 97 38 and
770 2920 81 41 aff.
882 2920 102 40 Oct.
1011 2920 56 40 23;
1125 2921 38 37 A
1193 2919 143 41 34303;
1395 2920 284 40 Macmillan
1706 2931 67 31 co.

151 2977 281 49 (29-22403)

68 3043 226 65 Mailer,
323 3042 195 55 Julius
545 3044 286 63 Bernard,
862 3048 170 50 1901-

142 3121 386 69 Cooperation
581 3123 113 53 and
749 3121 400 69 competition;
1205 3142 74 33 an
1331 3121 413 69 experimental
1797 3121 173 69 study
2020 3120 59 52 in

70 3199 2012 72 motivation, by Julius Bernard Mailer … New York city,
67 3280 279 53 Teachers
374 3279 228 68 college.
633 3277 301 55 Columbia
962 3277 338 70 university,
1332 3280 150 50 1929.

173 3357 1903 51 x, 176 p. diagrs. 23½ ᶜᵐ . (Teachers college, Columbia university.
68 3415 369 42 Contributions
469 3418 47 37 to
547 3414 274 45 education,
849 3425 77 31 no.
955 3415 112 47 384)

138 3471 264 40 Published
435 3472 103 38 also
568 3481 56 29 as
656 3470 154 41 thesis
854 3471 14 48 (PH.
1047 3475 14 43 D.)
1103 3471 252 41 Columbia
1390 3471 288 48 university.

138 3527 378 47 Bibliography:
550 3538 44 36 p.
627 3527 217 40 165-172.

75 3579 51 53 ©
159 3583 129 49 Sept.
315 3583 69 49 10,
413 3583 115 40 1929;
582 3583 69 41 2c.
682 3583 129 48 Sept.
838 3583 58 41 30;
953 3583 83 41 aff.
1067 3583 129 49 Sept.
1225 3584 56 39 27;
1337 3584 43 38 A
1408 3583 146 40 13766;
1609 3584 242 41 Teachers
1880 3585 193 48 college,

143 3639 251 41 Columbia
424 3640 130 40 univ.
620 3639 281 49 (29-22392)

65 3692 251 64 Mavity,
347 3693 210 63 Nancy
587 3693 171 55 Barr.

143 3769 1932 71 The body on the floor, by Nancy Barr Mavity … Garden
75 3844 153 71 City,
269 3847 71 53 N.
383 3847 91 67 Y.,
515 3846 143 53 Pub.
703 3846 94 54 for
839 3847 122 53 The
1005 3846 191 56 Crime
1240 3846 147 68 club,
1429 3847 128 68 inc.,
1597 3847 76 69 by
1713 3847 361 69 Doubleday,

71 3923 200 53 Doran
300 3926 45 50 &
373 3942 298 50 company,
700 3924 128 67 inc.,
859 3927 151 50 1929.
