2542 4361
1112 4001 99 54 671

163 341 447 63 Thrap-Meyer,
643 340 320 64 Johannes,
999 345 170 49 1898-

290 417 1870 73 … Anakreons d ø d; roman. Oslo, Gyldendal, Norsk forlag,
161 498 150 50 1928.

229 577 624 49 3 p. l., [5]-214 p. 20 ᶜᵐ .
233 645 1708 49 On verso of half-title: … 2. oplag ; on verso of t.-p. : 7. tusen.
163 721 1993 52 © Oct. 23, 1928; 1c. Jan. 19, 1929; A— Foreign 1472; Gyltlentlal, Norsk
228 788 176 48 forlag.
474 787 279 49 (29-10628)

161 881 302 64 Trattner,
496 882 217 51 Ernest
742 881 242 64 Robert,
1017 886 172 49 1898-

234 960 383 68 Unravelling
647 961 94 51 the
773 960 163 51 Book
966 960 64 53 of
1060 959 202 66 books;
1294 960 171 67 being
1495 960 95 52 the
1621 965 155 64 story
1810 959 64 54 of
1904 960 125 51 how
2065 961 94 52 the

165 1039 227 66 puzzles
418 1038 64 53 of
508 1038 91 52 the
628 1038 167 53 Bible
821 1056 144 34 were
992 1038 192 52 solved
1212 1039 112 52 and
1353 1038 74 53 its
1454 1038 329 53 documents
1809 1040 352 67 unravelled,

164 1116 75 69 by
275 1117 207 52 Ernest
515 1116 66 52 R.
618 1117 288 51 Trattner.
983 1116 138 51 New
1160 1116 177 67 York,
1375 1115 60 54 C.
1477 1115 311 54 Scribner’s
1824 1135 148 49 sons,
2009 1120 148 49 1929.

229 1196 95 49 xvi,
355 1196 87 41 325
470 1208 43 37 p.
571 1198 172 47 plates,
773 1196 215 41 facsims.
1048 1196 147 41 20½ᶜᵐ.

229 1266 348 49 Bibliography
595 1278 9 29 :
639 1278 42 37 p.
712 1266 218 42 315-320.

163 1341 51 52 ©
245 1346 113 47 Apr.
389 1347 69 46 12,
491 1347 139 46 1929;
663 1347 67 39 2c.
761 1346 114 48 Apr.
909 1347 81 45 26;
1025 1358 82 29 aff.
1140 1346 113 48 Apr.
1285 1346 83 46 25;
1405 1346 38 39 A
1476 1346 114 41 7724;
1653 1347 202 41 Charles
1891 1347 265 41 Scribner’s

231 1420 126 29 sons.
425 1409 278 48 (29-10663)

162 1502 278 65 Venable,
470 1503 289 52 Matthew
787 1501 253 64 Walton,
1073 1503 171 54 1847-

230 1582 216 68 Eighty
479 1600 162 51 years
673 1582 179 63 after;
888 1602 79 47 or,
999 1582 325 68 Grandpa’s
1354 1588 157 63 story
1566 1581 90 68 [by]
1694 1583 277 54 Matthew
157 1586 1979 127 Walton

292 1660 266 53 Venable.
638 1660 357 68 Charleston,
1031 1661 89 52 W.
1160 1661 125 67 Va.,
1321 1662 167 50 Press
1526 1661 63 53 of
159 1661 2000 145 Hood-Hiserman-Brodhag
460 1757 78 34 co.
573 1772 12 33 [
614 1741 133 49 ᶜ1929
753 1771 12 34 ]

228 1820 86 40 108
340 1831 42 36 p.
443 1820 147 47 ports.
650 1819 147 41 22½ᶜᵐ.

228 1876 411 48 Autobiography.

162 1937 1978 115 © Apr. 8, 1929 ; 2c. May 2 ; aff. Apr. 20 ; A 6876 ; M. W. Venable, Charleston,
356 2006 70 40 W.
458 2006 85 39 Va.
609 2004 281 49 (29-10558)

162 2098 243 64 Vesper,
434 2097 149 64 Will,
616 2103 171 49 1882-

227 2176 402 54 Tiermärchen
678 2196 99 35 aus
824 2177 140 53 aller
1011 2177 146 63 welt,
1201 2177 330 54 neuerzählt
1581 2196 109 35 von
1735 2178 144 54 Will
1924 2180 233 68 Vesper.

157 2253 337 71 Oldenburg
521 2256 33 51 i.
584 2254 86 69 O.,
699 2254 68 56 G.
798 2254 254 70 Stalling
1084 2289 12 33 [
1125 2258 132 50 ᶜ1928]

228 2336 993 48 106 p. col. front., col. plates. 21 ᶜᵐ .
162 2396 51 52 ©
248 2402 117 39 Nov.
401 2401 38 47 1,
475 2401 116 40 1928;
682 2414 25 28 1c.
756 2402 111 40 Feb.
903 2401 38 43 5,
979 2402 113 39 1929;
1158 2401 313 47 A—Foreign
1506 2405 113 39 1888;
1686 2403 220 40 Gerhard
1947 2404 209 43 Stalling

228 2476 42 28 a.
299 2474 41 38 g.
407 2464 278 48 (29-10782)

161 2557 246 64 Vesper,
443 2558 165 52 Edna
643 2557 181 54 Field.

230 2636 218 67 Report
479 2654 72 33 on
581 2636 95 52 the
710 2635 95 54 Sir
835 2635 155 54 John
1022 2636 287 68 Vaughan
1341 2654 208 50 papers
1583 2637 56 51 in
1671 2637 98 53 the
1800 2637 256 54 William
2093 2638 62 52 L.

161 2713 2017 70 Clements library, by Edna Vosper … Ann Arbor, Mich., The.
157 2791 257 53 William
447 2792 64 50 L.
545 2790 285 53 Clements
859 2791 238 67 library,
1129 2795 151 48 1929.

158 2872 1979 104 37 p. incl. port., map, facsim. 25½ ᶜᵐ . ([Michigan. University. William L. Clements library
867 2929 50 40 of
946 2930 255 40 American
1231 2930 188 47 history]
1496 2931 214 39 Bulletin
1741 2942 74 29 no.
1944 2932 14 45 XIX)

230 2986 1926 49 “The extent of the Vaughan papers is … from November, 1779. to
158 3043 183 45 March,
371 3042 264 49 1781.”—p.
665 3043 40 40 8.

161 3102 1991 55 © Apr. 9, 1929 ; 2c. Apr. 13; aff. Apr. 26; A 7883 ; Wm. L. Clements
230 3170 199 47 library,
466 3169 139 42 Univ.
642 3170 52 40 of
729 3170 157 48 Mich.,
922 3172 107 38 Aun
1066 3173 169 39 Arbor.
1311 3173 280 47 (29-10593)

161 3263 274 62 Wagner,
467 3262 244 54 Charles
741 3263 325 62 Abraham,
1102 3271 169 48 1899-

227 3338 214 53 Ncarer
474 3339 95 52 the
600 3338 160 67 bone,
791 3339 77 69 by
900 3340 236 55 Charles
1169 3341 69 53 A.
1273 3343 280 66 Wagner;
1592 3343 137 51 with
1765 3362 69 33 an
156 3344 1976 123 introduction

302 3415 75 68 by
400 3416 155 54 John
582 3416 261 54 Erskine.
904 3419 139 52 New
1070 3419 179 66 York,
1277 3418 243 54 Coward
1547 3420 279 67 McCann,
1851 3422 126 56 inc.,
2009 3425 144 48 1929.

231 3498 1583 52 109 p. 20 ᶜᵐ . (Lettered on cover: Songs of today series)
161 3571 51 52 ©
247 3575 114 48 Apr.
396 3576 69 46 25,
501 3577 139 46 1929;
679 3577 67 41 2c.
781 3578 113 48 Apr.
930 3579 82 47 29;
1051 3579 81 41 aff.
1169 3580 113 48 Apr.
1318 3580 55 40 27;
1440 3582 38 38 A
1514 3582 140 43 6858;
1694 3582 456 41 Coward-McCann.

230 3630 91 42 inc.
390 3630 278 49 (29-10634)

160 3724 222 63 Wallis,
419 3724 214 55 Keene.

228 3801 1865 74 Bands and rebels, seven stories in verse by Keene Wallis …
158 3877 137 51 New
327 3878 178 55 York,
536 3879 238 53 Coward
804 3881 279 66 McCann,
1116 3882 123 66 inc.,
1272 3886 146 48 1929.
