2547 4384
1378 4016 101 56 870

556 457 1864 50 xx p., 1 l., 430 p. incl. tables, diagrs. 24 ᶜᵐ . (Publications of the
419 517 197 39 Bureau
644 516 51 39 of
725 514 152 41 social
908 514 230 48 hygiene)

488 585 379 48 Bibliography:
902 596 43 37 p.
976 585 220 41 416-418.

421 653 52 53 ©
498 659 114 46 May
635 658 69 48 27,
730 657 142 48 1929;
897 657 69 42 2c.
991 658 114 47 May
1127 658 84 47 28;
1238 657 83 42 aff.
1347 658 114 48 May
1484 657 83 48 29;
1594 657 43 39 A
1660 657 141 47 8384;
1829 658 196 48 Harper
2048 661 38 40 &
2110 657 127 39 bros.

497 713 283 51 (29-12840)

421 811 202 63 Davis,
653 811 258 53 William
942 811 219 65 Heath,
1195 815 326 51 1822-1909.

488 886 385 71 Seventy-five
899 906 164 50 years
1090 888 60 52 in
1179 887 355 68 California;
1564 907 31 33 a
1623 888 222 69 history
1870 887 64 52 of
1961 893 191 47 events
2179 887 114 52 and
2320 886 104 53 life

417 967 56 51 in
504 965 327 55 California:
887 967 283 67 personal,
1196 966 261 68 political
1484 967 112 52 and
1622 966 287 69 military;
1938 966 182 52 under
2144 965 97 52 the
417 964 1984 133 Mexican

573 1044 242 69 regime;
849 1044 214 69 during
1091 1044 95 53 the
1216 1044 450 69 quasi-military
1697 1048 371 65 government
2097 1043 65 53 of
2191 1044 96 51 the
417 1049 1984 143 territory

638 1122 76 69 by
754 1122 96 54 the
886 1122 220 55 United
1147 1122 208 68 States,
1395 1123 114 52 and
1549 1122 152 53 after
1741 1123 97 52 the
1878 1121 311 54 admission
2228 1121 65 52 of
2331 1121 95 52 the

417 1206 144 47 state
600 1205 59 48 to
698 1200 96 53 the
834 1200 207 53 union:
1077 1200 173 70 being
1290 1219 29 34 a
1362 1200 373 69 compilation
1773 1201 76 68 by
1887 1219 31 34 a
1958 1200 229 53 witness
2227 1199 64 52 of
2330 1200 96 51 the

417 1283 191 49 events
641 1278 321 68 described;
998 1298 31 33 a
1062 1278 209 55 reissue
1305 1280 113 52 and
1451 1279 266 68 enlarged
1754 1279 326 52 illustrated
2113 1277 218 54 edition
2363 1278 62 51 of

418 1355 206 71 “Sixty
666 1375 164 51 years
873 1357 61 52 in
976 1355 380 71 California”,
1398 1363 58 46 to
1499 1357 184 52 which
1727 1357 168 52 much
1937 1374 124 35 new
2103 1360 208 48 matter
2352 1356 74 67 by

418 1435 73 53 its
527 1435 207 52 author
769 1436 103 53 has
907 1435 139 52 been
1083 1436 186 52 added
1305 1435 185 53 which
1527 1435 70 53 he
1633 1435 421 67 contemplated
2092 1434 336 69 publishing

418 1513 181 53 under
638 1513 95 53 the
773 1518 230 63 present
1039 1514 127 53 title
1205 1519 59 46 at
1302 1514 95 52 the
1436 1514 137 51 time
1612 1512 64 53 of
1713 1512 90 54 his
1842 1512 199 66 death;
2083 1512 191 53 edited
2315 1513 109 52 and

419 1591 139 52 with
584 1610 72 33 an
679 1591 298 53 historical
1005 1591 285 53 foreword
1315 1592 114 53 and
1455 1592 170 52 index
1651 1592 73 67 by
1748 1592 259 67 Douglas
2035 1589 56 56 S.
2116 1591 313 53 Watson—

417 1670 75 69 by
522 1669 264 55 William
819 1670 196 52 Heath
1049 1669 198 54 Davis.
1326 1668 117 56 San
1477 1669 325 67 Francisco,
1833 1669 55 54 J.
1924 1668 246 68 Howell,
2206 1672 150 49 1929.

489 1753 153 47 xxxii,
684 1753 87 40 422
813 1764 57 37 p.,
913 1754 24 38 1
1001 1785 7 8 l.
1071 1754 87 39 col.
1199 1754 164 46 front.,
1407 1753 143 46 illus.,
1594 1754 171 46 plates,
1810 1755 163 45 ports.,
2017 1762 150 38 maps,
2211 1751 216 42 facsims.

429 1810 48 48 (1
509 1809 145 48 fold.)
721 1810 119 40 26ᶜᵐ.

491 1880 100 39 The
627 1879 270 40 facsimiles
933 1879 51 39 of
1020 1879 171 40 letters
1228 1879 96 40 and
1361 1879 301 48 autographs
1698 1889 84 29 are
1818 1879 343 47 accompanied
2199 1879 61 47 by
419 1881 1991 102 typographical
702 1935 309 48 transcripts.

492 1992 202 40 Colored
734 1991 124 40 view
895 1991 52 40 of
986 1990 97 41 San
1123 1990 260 41 Francisco
1423 1991 49 39 in
1511 1990 187 42 1846-7.
1738 1991 61 47 by
1836 1990 137 49 Capt.
2012 1992 70 39 W.
2122 1991 52 40 F.
2217 1991 210 48 Swasey,

421 2049 228 39 mounted
681 2058 61 29 on
772 2047 158 40 inside
960 2047 137 40 front
1127 2058 142 29 cover
1298 2048 97 39 and
1426 2048 153 47 guard
1612 2048 114 44 leaf,
1757 2047 120 40 with
1912 2047 107 40 Seal
2054 2047 51 40 of
2136 2048 83 39 the
2249 2048 98 47 city
2379 2048 48 39 in

421 2103 1991 98 right hand margin.—Map: “Californias: antigua y nueva … Diego. Trancoso
563 2171 62 29 sc.
659 2162 126 38 Mex.ᶜᵒ
862 2170 28 30 aᵒ
946 2160 143 41 1787”
1121 2162 228 38 mounted
1385 2171 59 30 on
1477 2160 158 40 inside
1670 2160 120 40 back
1822 2171 141 30 cover
1996 2161 95 39 and
2124 2163 154 46 guard
2314 2162 114 40 loaf.

422 2218 55 39 68
508 2216 209 49 original
750 2217 223 40 sketches
1004 2217 61 47 by
1097 2217 217 48 Douglas
1348 2217 190 48 Rodger
1570 2227 54 30 as
1655 2218 203 47 chapter
1889 2217 318 48 head-pieces.

492 2274 131 47 Copy
651 2284 59 29 on
742 2272 278 41 “Dresden”
1048 2283 163 38 paper.
1268 2272 130 48 2,250
1426 2273 160 48 copies
1614 2273 193 48 printed
1836 2275 96 38 and
1962 2275 111 47 type
2103 2274 294 41 distributed:

421 2330 207 47 Library
657 2329 185 40 edition
873 2340 61 29 on
966 2328 277 41 “Dresden”
1276 2339 162 38 paper,
1470 2329 131 47 2,000
1631 2330 186 47 copies;
1853 2331 82 39 the
1967 2330 273 49 remaining
2270 2331 160 48 copies

421 2399 61 28 on
525 2385 271 50 “Utopian”
838 2397 176 38 paper:
1058 2386 254 48 Argonaut
1352 2386 197 48 edition,
1592 2386 159 48 copies
1791 2388 263 40 numbered
2097 2388 83 40 151
2225 2389 48 40 to
2314 2388 112 42 250:

422 2443 230 40 Author's
690 2443 185 40 section
913 2443 52 39 of
1003 2443 252 48 Argonaut
1293 2443 199 46 edition,
1531 2443 160 49 copies
1730 2443 82 40 101
1854 2446 47 38 to
1941 2444 112 47 150;
2093 2446 82 39 the
2214 2446 85 38 “El
423 2446 1989 94 Dorado”
597 2500 263 39 numbered
886 2500 57 39 46
970 2502 47 38 to
1044 2499 111 43 100:
1185 2501 81 38 the
1295 2499 259 40 “Pioneer”
1583 2500 160 48 copies
1768 2500 55 40 26
1848 2503 49 37 to
1923 2501 84 46 45;
2038 2501 274 41 California
424 2502 1985 94 collectors’
656 2556 161 48 copies
856 2556 28 39 4
926 2558 48 38 to
1014 2556 83 46 25;
1138 2556 49 38 in
1230 2555 221 40 addition
1495 2566 62 30 an
1600 2556 242 40 Editorial
1884 2567 131 38 copy,
2060 2568 27 30 a
2130 2558 300 41 Publisher's

422 2623 119 37 copy
572 2613 95 39 and
700 2613 83 39 the
815 2612 327 40 Presidential
1174 2623 119 37 copy
1326 2612 221 40 destined
1579 2612 80 41 for
1691 2613 212 41 Herbert
1937 2614 208 41 Hoover.

493 2668 377 48 Bibliography:
904 2679 43 37 p.
977 2669 101 40 413.

426 2734 51 52 ©
502 2739 114 47 Apr.
642 2738 69 49 18,
738 2738 141 48 1929;
906 2739 67 41 2c.
1001 2740 115 46 May
1141 2740 52 46 7;
1222 2738 82 40 aff.
1331 2740 115 46 May
1471 2739 82 47 11;
1582 2739 43 39 A
1649 2738 141 49 9475;
1821 2740 129 41 John
1976 2741 204 41 Howell.

503 2795 283 50 (29-12612)

427 2889 278 63 Dorland,
739 2890 228 64 George
997 2866 280 87 William]
1307 2891 172 54 1877-

494 2967 101 68 My
622 2968 213 52 science
858 2967 166 67 book,
1048 2967 98 54 7th
1172 2986 104 50 yr.,
1303 2972 101 61 1st,
1429 2971 32 48 2d
1526 2968 147 67 half,
1697 2969 34 52 by
1799 2969 224 69 George
2047 2969 89 55 W.
2163 2971 264 53 Dorland

485 3046 1940 70 … and Edward Woticky … illustrated by B. F. Williamson.
426 3124 1927 74 New York, Chicago [etc.] Rand, McNally & company [ ᶜ1 929 ]
493 3206 28 39 2
543 3217 43 29 V.
645 3205 192 50 fronts.,
861 3206 143 49 illus.,
1029 3206 179 48 diagrs.
1268 3206 147 41 19½ᶜᵐ.

497 3263 67 39 “A
591 3263 152 39 series
771 3263 51 40 of
849 3263 185 40 science
1062 3264 256 39 textbooks
1348 3264 145 39 based
1520 3275 61 29 on
1608 3265 82 39 the
1717 3275 169 29 course
1912 3265 51 39 of
1988 3266 147 47 study
2162 3267 96 38 and
427 3268 1979 90 syllabus
539 3319 50 38 in
614 3319 187 40 science
826 3319 81 40 for
934 3320 81 39 the
1042 3319 161 48 public
1229 3321 188 39 schools
1445 3321 51 39 of
1523 3321 81 39 the
1632 3321 97 47 city
1757 3322 51 39 of
1835 3322 117 39 New
1979 3321 370 41 York.”—Pref.

497 3376 321 39 “References
847 3376 79 39 for
957 3376 272 40 additional
1260 3376 229 47 reading”
1519 3379 51 37 at
1599 3378 90 39 end
1720 3378 52 39 of
1801 3379 117 38 each
1948 3379 204 40 volume.

430 3427 51 52 ©
509 3433 114 46 May
648 3431 69 48 29,
746 3431 141 48 1929;
916 3433 68 40 2c.
1011 3433 95 39 and
1133 3432 82 41 aff.
1242 3433 127 40 June
1396 3433 52 46 3;
1478 3433 41 39 A
1546 3433 127 48 8451,
1702 3434 140 47 8452;
1874 3435 140 40 Rand
2042 3436 227 40 McNally
2297 3437 35 39 &
2359 3448 67 29 co.

506 3487 283 51 (29-12867)

429 3581 281 65 Douglas,
745 3583 223 53 Robert
1003 3584 167 64 Dick,
1201 3586 71 68 jr.

501 3663 182 52 Three
713 3663 111 67 boy
853 3669 186 47 scouts
1069 3665 59 51 in
1158 3663 226 70 Africa,
1414 3684 71 34 on
1518 3665 180 53 safari
1729 3666 140 52 with
1898 3666 221 53 Martin
2149 3667 280 65 Johnson,

431 3739 74 68 by
533 3740 214 53 Robert
773 3741 151 53 Dick
952 3741 276 68 Douglas,
1255 3741 91 69 jr.,
1374 3743 193 53 David
1597 3743 68 53 R.
1693 3744 239 69 Martin,
1959 3743 90 70 jr.,
2076 3745 259 68 Douglas
2361 3746 64 51 L.

432 3816 214 55 Oliver.
725 3817 204 55 School
963 3819 102 53 ed..
1099 3820 187 52 edited
1319 3821 113 52 and
1464 3821 141 52 with
1635 3821 391 54 introduction
2054 3824 77 68 by
2162 3822 168 56 Clare
2360 3823 66 51 B.

431 3895 1926 75 Bocquin … New York, London, G. P. Putnam’s sons, 1929.
