2547 4384
1376 4029 99 50 828

431 366 407 64 Rheinstrom,
877 365 244 56 Carroll.

498 443 297 70 Psyching
819 444 97 52 the
942 444 131 67 ads;
1103 445 96 51 the
1227 462 122 35 case
1375 444 150 52 book
1550 443 65 53 of
1643 443 384 69 advertising;
2058 444 97 52 the
2183 445 260 53 methods

428 523 113 52 and
592 521 206 54 results
848 521 64 53 of
963 525 101 49 180
1113 522 488 68 advertisements,
1650 521 75 70 by
1778 521 227 55 Carroll
2054 521 385 54 Rheinstrom.

428 600 140 52 New
599 599 182 69 York,
813 599 217 69 Covici,
1060 599 226 69 Friede,
1320 602 150 50 1929.

499 682 795 49 6 p. l., v-x, 362 p. illus. 24½ ᶜᵐ.
501 753 128 39 “The
657 755 128 38 most
813 752 322 50 outstanding
1159 753 249 48 examples
1434 752 129 41 from
1591 753 168 48 Keyed
1787 764 120 39 copy
1933 754 124 40 have
2086 754 121 40 been
2234 755 208 40 selected

428 820 54 29 as
512 820 25 29 a
569 810 202 40 nucleus
798 810 80 40 for
906 810 100 40 this
1035 809 418 42 book.”—Introd.

430 875 52 52 ©
511 881 114 46 May
651 880 70 47 24,
751 879 115 40 1929;
921 881 70 39 2c.
1018 880 97 40 and
1143 879 83 41 aff.
1256 881 115 47 May
1397 880 55 40 31;
1512 880 40 39 A
1580 880 115 41 9423;
1756 880 177 49 Covici,
1964 881 188 48 Friede,
2184 882 92 41 inc.

507 936 284 51 (29-12203)

428 1032 270 65 Roemer,
730 1033 242 65 Joseph,
1009 1038 173 50 1884-

497 1111 294 70 Readings
833 1112 60 51 in
934 1112 508 53 extra-curricular
1484 1112 302 68 activities,
1825 1113 78 69 by
1942 1114 219 67 Joseph
2202 1115 242 52 Roemer

487 1191 1949 69 … and Charles Forrest Allen … Richmond, New York [etc.]
423 1268 1173 70 Johnson publishing company [ ᶜ1 929]
495 1351 1949 50 xvi p., 1 l. , 844 p. incl. diagr., forms. 21 ᶜᵐ. (Half-title: Johnson’s
425 1409 259 40 education
714 1407 178 49 series)

496 1480 101 40 The
629 1480 219 40 authors’
884 1480 227 47 Syllabus
1143 1480 52 40 of
1225 1490 26 30 a
1284 1490 170 30 course
1486 1479 49 40 in
1566 1479 439 41 extra-curricular
2035 1479 263 49 activities,
425 1480 1999 97 published
610 1536 130 49 1929,

770 1538 234 47 parallels
1032 1537 51 39 in
1111 1537 185 40 outline
1326 1538 82 40 the
1440 1538 130 39 table
1598 1537 54 40 of
1679 1539 224 39 contents
1933 1537 51 40 of
2012 1538 137 40 these
2179 1536 262 49 Readings.

424 1595 62 48 cf.
517 1594 213 41 Editors’
762 1594 179 41 introd.

496 1652 236 41 Contains
759 1651 397 49 bibliographies.

427 1719 52 52 ©
505 1724 114 47 May
644 1723 69 48 31,
741 1723 115 40 1929;
911 1723 68 42 2c.
1005 1724 97 39 and
1129 1722 83 41 aff.
1239 1723 126 40 June
1391 1723 26 40 3;
1472 1723 43 39 A
1540 1722 116 41 9430;
1712 1722 221 41 Johnson
1957 1723 111 48 pub.
2095 1732 69 31 co.
505 1779 284 50 (29-12370)

427 1875 186 64 Ruch,
650 1875 160 54 Giles
843 1875 241 65 Murrel,
1123 1880 171 51 1892-

495 1955 121 52 The
652 1953 281 69 objective
967 1972 64 34 or
1066 1959 290 64 new-type
1389 1953 419 68 examination;
1847 1972 73 34 an
1955 1952 394 54 introduction
2381 1957 59 49 to

423 2032 2015 70 educational measurement, by G. M. Ruch … Chicago, New
425 2110 1621 69 York [etc.] Scott, Foresman and company [ ᶜ1 929]
530 2192 1255 50 x, 478 p. illus. (incl. map, music) diagrs. 19½ ᶜᵐ.
493 2250 239 41 “General
762 2250 369 49 bibliography”
1150 2262 10 29 :
1189 2262 44 37 p.
1260 2250 221 41 447-471.

430 2319 52 52 ©
509 2324 114 47 May
647 2323 70 46 31,
745 2322 142 47 1929;
916 2322 68 40 2c.
1011 2322 95 40 and
1134 2321 83 42 aff.
1244 2322 127 39 June
1397 2322 54 47 3;
1482 2321 41 39 A
1549 2321 142 46 9435;
1724 2321 148 48 Scott,
1902 2321 264 39 Foresman
2198 2320 36 40 &
2260 2330 68 30 co.

503 2380 282 50 (29-12371)

423 2475 393 63 Rutherford,
848 2477 133 52 Mac
1010 2476 49 51 B
1349 2476 171 54 1877-

498 2553 92 54 On
622 2554 96 52 the
750 2553 138 53 trail
920 2552 65 54 of
1015 2553 96 53 the
1145 2553 151 53 little
1328 2553 174 53 white
1535 2553 149 67 imp;
1723 2571 31 34 a
1787 2571 253 50 message
2074 2558 59 47 to
2166 2553 98 51 the
2295 2551 140 69 boys

425 2629 2011 71 and girls of America, by M. B. “Doc” Rutherford … [Long
426 2707 1276 72 Beach, Calif., Royal printing co., ᶜ1 929]
494 2790 55 40 56
581 2801 43 37 p.
656 2790 111 40 incl.
802 2792 124 47 port.
986 2791 147 41 21½ᶜᵐ.
1250 2789 132 50 $1.00

495 2847 312 41 Illustration
838 2858 60 29 on
927 2858 156 30 cover.

425 2901 52 52 ©
504 2905 115 48 Apr.
646 2906 69 47 12,
744 2905 142 47 1929;
915 2906 68 39 2c.
1011 2905 115 48 Apr.
1154 2906 82 45 22;
1268 2904 83 41 aff.
1380 2906 114 47 May
1520 2905 55 46 4;
1607 2904 40 39 A
1674 2903 114 41 6907;
1849 2903 113 41 Carl
1992 2905 53 39 E.
2073 2903 167 47 Lloyd.

502 2962 282 50 (29-11761)

428 3057 182 65 Saiki,
652 3058 194 63 Mary.

560 3134 1874 72 … Golden legends of old Japan, by Mary Saiki. Boston,
426 3214 990 70 The Stratford company [ ᶜ1 929]
492 3296 56 38 22
576 3307 44 37 p.
679 3295 119 41 25ᶜᵐ.
868 3295 125 45 (The
1026 3295 251 41 Stratford
1308 3292 163 52 poets)

427 3349 53 52 ©
507 3353 114 47 May
645 3354 40 47 7,
714 3352 142 47 1929;
885 3353 68 41 2c.
980 3354 95 38 and
1103 3352 83 42 aff.
1215 3354 114 46 May
1356 3352 82 48 10;
1469 3353 40 38 A
1565 3351 85 41 8041;
1712 3351 251 41 Stratford
1992 3363 82 37 co.,
2104 3352 164 48 pubrs.

503 3409 283 49 (29-12302)

421 3503 355 64 Schreiner,.
794 3502 184 65 Olive,
1020 3507 326 51 1855-1920.

495 3581 250 66 Undine,
776 3581 76 69 by
887 3580 168 55 Olive
1092 3580 319 69 Schreiner,
1446 3580 142 53 with
1622 3599 73 34 an
1729 3580 392 53 introduction
2155 3580 78 69 by
2269 3579 56 55 S.
2363 3578 63 56 C.

427 3657 720 69 Cronwright-Schreiner.
1236 3658 140 53 New
1424 3658 165 53 York
1634 3659 113 52 and
1792 3658 261 67 London,
2100 3658 236 68 Harper
2382 3659 46 51 &

424 3735 276 67 brothers,
737 3738 150 50 1928.

560 3815 1037 49 xv p., 1 l. , 374 p. front. (port.) pl. 20 ᶜᵐ.
425 3868 52 52 ©
505 3873 119 40 Nov.
651 3873 70 48 22,
752 3873 118 41 1928;
923 3874 69 40 2c.
1020 3874 119 40 Nov.
1167 3874 82 47 22;
1282 3873 83 41 aff.
1394 3874 112 40 Dec.
1536 3873 82 47 10;
1650 3874 40 39 A
1718 3874 115 40 3563;
1894 3874 195 40 Samuel
2120 3873 127 41 Cron
491 3873 1914 105 Cronwright,

712 3929 195 49 Strand,
936 3929 130 49 Cape
1090 3931 163 47 Town,
1280 3930 186 41 Africa.
1531 3931 223 50 (29-694)
