2535 4403
1069 4066 101 55 527

189 492 533 50 viii, 274 p., 1 l. 19 ᶜᵐ.
122 561 53 51 ©
236 575 37 29 1c.
306 563 114 49 Apr.
451 563 69 47 10,
554 562 142 47 1929;
731 562 42 39 A
805 563 62 39 ad
901 562 86 40 int.
1019 561 170 46 12582;
1225 561 143 48 pubd.
1402 561 111 40 Feb.
1549 561 81 46 14;
1668 561 43 40 J.
1747 561 53 40 G.
1835 562 60 39 H.
1974 562 136 48 Vahey,

188 619 378 48 Bournemouth,
601 620 237 47 England.
910 618 249 49 (29-9999)

175 712 202 65 Vossler,
414 711 161 64 Karl,
615 714 172 52 1872-

186 790 302 53 Mediæval
524 790 247 67 culture;
811 808 71 34 an
918 790 390 53 introduction
1343 795 58 47 to
1436 790 190 52 Dante
1663 790 112 52 and
1811 790 89 52 his
1934 790 182 56 times,

117 867 1938 69 by Karl Vossler; translated by William Cranston Lawton …
117 946 1550 68 New York, Harcourt, Brace and company [ ᶜ1 929]
186 1030 28 39 2
275 1061 10 9 v.
339 1028 57 40 22½ᶜᵐ.

189 1100 443 48 “Bibliographical
660 1104 124 43 note,
814 1100 60 47 by
902 1100 41 40 J.
974 1102 52 38 E.
1056 1099 270 49 Spingarn”:
1384 1110 43 30 v.
1455 1100 39 47 2,
1523 1111 43 37 p.
1612 1099 235 49 [387]-429.

466 1182 106 29 CONTENTS.—v.
603 1169 41 41 1.
672 1172 103 39 The
802 1170 245 49 religious,
1076 1170 317 49 philosophic,
1425 1172 95 39 and
1549 1170 399 48 ethico-political
117 1171 1982 106 background

331 1228 52 40 of
409 1229 81 38 the
521 1227 205 40 “Divine
753 1227 347 47 comedy”.—v.
1133 1226 40 40 2.
1203 1228 101 40 The
1332 1228 207 46 literary
1567 1228 311 46 background
1909 1228 96 39 and
2035 1228 83 40 the

116 1287 170 47 poetry
311 1286 52 40 of
386 1286 83 40 the
495 1284 204 41 “Divine
725 1284 242 48 comedy”.

121 1353 51 52 ©
207 1358 123 39 Mar.
363 1357 69 48 28,
465 1356 142 47 1929;
642 1356 69 41 2c.
743 1356 118 40 each
896 1357 94 38 and
1025 1354 108 41 affs.
1168 1355 115 48 Apr.
1316 1355 82 47 12;
1435 1355 40 39 A
1509 1355 128 48 7396,
1674 1355 115 40 7397;
1852 1356 262 46 Harcourt,

187 1414 155 41 Brace
370 1414 36 40 &
433 1424 81 37 co.,
543 1413 92 41 inc.
701 1412 251 50 (29-9059)

129 1507 410 64 Waddington,
567 1507 221 64 Joseph
817 1508 253 52 Edward
1101 1506 246 65 George,
1381 1512 171 49 1865-

187 1585 288 53 Practical
525 1585 172 53 index
746 1589 59 48 to
855 1585 205 52 electro
1110 1586 110 51 and
1274 1585 177 67 photo
1501 1585 264 68 therapy,
1816 1584 301 70 including

121 1682 70 33 an
230 1663 173 52 index
442 1662 64 53 of
545 1662 242 54 diseases
828 1662 142 53 with
1009 1662 344 68 descriptive
1392 1662 346 68 techniques,
1778 1663 77 69 by
1898 1663 217 68 Joseph

122 1740 1993 69 E. G. Waddington … 3d ed., rewritten and enl. One hundred
119 1820 111 52 and
269 1818 154 69 sixty
462 1816 398 55 illustrations.
934 1818 247 67 Detroit,
1220 1819 194 67 Mich.,
1456 1818 70 54 A.
1567 1819 80 53 M.
1689 1819 273 70 Margraf
2003 1821 112 52 and

118 1916 97 48 co.,
249 1899 150 50 1929.

186 1975 1114 52 4 p. l. , [11]-411, 13 p. illus., diagrs. 19½ᶜᵐ.
191 2048 133 39 First
358 2047 198 46 edition,
594 2047 128 47 1925,
760 2049 89 38 has
887 2047 133 40 title:
1061 2047 243 40 Practical
1344 2048 146 39 index
1528 2050 46 38 to
120 2049 1979 103 electro-physiotherapy:

272 2103 59 40 2d
360 2103 199 48 edition,
590 2103 127 45 1926,
750 2105 89 39 has
870 2103 135 40 title:
1038 2103 244 41 Practical
1313 2103 147 41 index
1489 2106 49 38 to
1571 2104 403 49 electrotherapy.

189 2160 377 49 Bibliography:
598 2171 45 37 p.
678 2159 248 50 [402]-411.

121 2214 51 52 ©
205 2220 122 38 Mar.
357 2217 69 48 30,
457 2217 141 47 1929;
630 2219 68 40 2c.
728 2218 113 47 Apr.
874 2217 82 43 11;
990 2217 81 41 aff.
1102 2218 114 48 Apr.
1248 2219 82 46 12;
1363 2218 40 39 A
1433 2219 141 46 7426;
1609 2220 43 39 J.
1686 2220 52 39 E.
1771 2219 53 41 G.
189 2220 1910 102 Waddington,

319 2275 208 40 Detroit.
598 2274 252 49 (29-9265)

123 2368 268 65 Wallace,
431 2369 218 64 Edgar,
691 2370 169 54 1875-

190 2448 230 67 People,
455 2448 76 69 by
569 2448 200 67 Edgar
802 2447 271 55 Wallace.
1145 2448 233 54 Garden
1417 2449 153 68 City,
1606 2450 69 53 N.
1713 2450 92 67 Y.,
1841 2450 144 53 Pub.
2025 2451 94 52 for

121 2526 121 53 The
278 2526 190 54 Crime
503 2527 146 68 club,
684 2527 126 68 inc.,
844 2528 77 54 by
954 2528 356 56 Doubleday,
1342 2527 201 53 Doran
1578 2530 46 50 &
1657 2547 299 49 company,
1990 2529 128 67 inc.,

120 2607 150 50 1929.

189 2685 86 40 xix
305 2696 57 38 p.,
392 2685 26 40 1
470 2717 24 17 l.,
521 2685 87 42 234
639 2697 43 37 p.
742 2686 56 41 19½ᶜᵐ.

187 2741 414 49 Autobiography.

120 2794 51 52 ©
201 2799 122 40 Mar.
349 2798 70 47 22,
447 2798 113 40 1929;
617 2799 67 41 2c.
713 2800 94 38 and
835 2799 82 40 aff.
947 2801 121 39 Mar.
1097 2800 82 41 30;
1211 2800 38 39 A
1278 2800 141 42 6356;
1452 2802 51 39 E.
1534 2802 228 40 Wallace.
1793 2803 213 40 London.

193 2850 67 54 [©
290 2855 330 41 introduction;
679 2857 165 45 Edgar
870 2857 276 40 Wallace—
1150 2857 82 40 the
1258 2859 183 46 legend,
1474 2859 24 37 by
1560 2858 53 40 A.
1642 2859 51 40 P.
1723 2858 64 50 C.]

198 2910 251 50 (20-8849)

117 3006 120 53 The
291 3005 315 64 Waverley
658 3006 309 55 children’s
1016 3009 341 69 dictionary,
1412 3010 95 52 the
1617 3012 177 51 wonder
1847 3011 147 53 book
2049 3012 63 52 of

188 3083 203 64 words,
426 3084 188 53 edited
647 3085 76 67 by
756 3085 228 53 Harold
1017 3086 265 53 Wheeler.
1369 3106 50 33 v.
1457 3090 47 49 6.
1540 3086 355 71 Pole-Snag.
187 3089 1903 128 London,

348 3161 121 53 The
500 3162 293 69 Fleetway
823 3163 172 53 house
1053 3167 152 63 [1929]

187 3243 1496 51 2 p. l., 3321-3992 p. col. front., illus., col. plates. 25ᶜᵐ.
122 3294 51 52 ©
237 3310 37 29 1c.
310 3300 114 47 May
454 3300 40 47 4,
530 3299 114 41 1929;
707 3301 38 39 A
782 3303 59 38 ad
878 3302 88 40 int.
1000 3302 171 43 12641;
1208 3304 141 47 pubd.
1386 3305 122 40 Mar.
1544 3304 81 40 15:
1665 3304 153 40 Adam
1856 3306 258 46 Dingwall,

189 3356 117 39 New
335 3356 145 41 York.

121 3447 216 63 White,
365 3448 256 54 William
650 3449 199 66 Braid,
881 3452 171 55 1878-

191 3526 243 54 Modern
480 3528 173 67 piano
698 3530 209 68 tuning
951 3532 109 51 and
1110 3532 171 53 allied
1330 3537 135 61 arts,
1508 3534 76 68 by
1627 3533 261 54 William
1935 3536 181 53 Braid

130 3600 1987 81 White … 2d ed.—rev. With drawings, diagrams, tables,
121 3687 158 49 notes
315 3684 113 52 and
462 3703 72 33 an
569 3685 187 53 index.
829 3686 139 53 New
1004 3687 180 69 York,
1219 3688 317 54 Federated
1572 3690 254 56 business
120 3693 1971 134 publications,

320 3761 193 66 incor.,
550 3765 150 52 1929.

188 3840 63 41 vi.
277 3840 89 41 290
391 3852 45 37 p.
494 3842 131 42 illus.
653 3842 135 48 (incl.
817 3844 177 44 music)
1032 3846 181 48 diagrs.
1272 3846 57 41 19ᶜᵐ.

191 3895 442 51 “Bibliographical
663 3900 140 41 note”:
862 3912 44 37 p.
934 3902 217 41 283-284.

125 3946 50 53 ©
206 3953 121 41 Mar.
358 3954 26 39 6,
427 3954 118 40 1929;
599 3956 67 39 2c.
696 3957 95 39 and
823 3956 82 42 aff.
935 3958 113 47 Apr.
1078 3958 53 46 6;
1163 3958 40 39 A
1234 3958 114 41 6383;
1408 3960 270 43 Federated
1710 3963 222 41 business
190 3966 1905 90 publications,
420 4010 92 41 inc.
578 4012 250 48 (29-9341)
