2542 4389
1057 3973 135 49 1299

171 419 1930 51 80 p. illus. (incl. plans) 8 pl., fold. map. 17 ½ ᶜᵐ. (Les guides bleus
100 477 243 48 illustrés)

104 545 1882 53 © Mar. 13, 1929; 1c. June 7; A— Foreign 3422; Librairie Hachette.
185 605 280 49 (29-17835)

106 700 242 63 Choate,
385 699 296 55 Florence.

175 779 173 69 Abby
386 779 61 51 in
483 779 97 52 the
618 777 178 66 Gobi;
839 800 62 33 or,
958 780 123 52 The
1118 781 111 52 last
1266 779 64 53 of
1366 779 95 52 the
1501 777 335 65 Dinosaurs,
1875 775 225 53 written

107 852 1937 73 and illustrated by Florence Choate and Elizabeth Curtis …
106 935 140 53 New
273 934 182 69 York,
483 935 67 53 R.
578 935 80 53 M.
688 935 275 53 McBride
993 937 45 50 &
1064 953 282 51 company
1380 936 192 66 [ᶜ1929]

169 1014 1126 50 3 p. l. , 3-63 p. illus. (part col.) 22 x 28ᶜᵐ.
170 1085 291 41 Illustrated
491 1086 96 47 t.-p.
617 1087 97 39 and
743 1085 351 49 lining-papers
1123 1086 49 40 in
1202 1088 169 39 colors.

107 1151 52 53 ©
186 1156 121 48 Aug.
334 1155 40 49 2,
402 1155 142 47 1929;
569 1155 72 42 2c.
668 1156 120 48 Aug.
816 1155 82 48 30;
930 1156 81 40 aff.
1040 1158 120 46 Aug.
1189 1156 26 40 28;
1302 1158 41 38 A
1371 1155 171 41 12066:
1573 1156 183 40 Robert
1782 1157 63 39 M.
1874 1154 229 41 McBride

175 1212 36 40 &
234 1223 67 29 co.
366 1211 281 50 (29-18023)

105 1309 121 51 The
258 1306 217 64 college
507 1307 292 56 Standard
831 1309 324 69 dictionary
1186 1309 65 53 of
1279 1310 96 52 the
1405 1307 246 70 English
1682 1310 302 66 language,
175 1307 1907 148 designed

400 1391 59 49 to
485 1387 128 69 give
637 1387 95 52 the
757 1387 415 69 orthography,
1200 1387 458 68 pronunciation,
1683 1385 286 70 meaning,
1995 1385 110 54 and

177 1465 327 69 etymology
537 1465 64 53 of
632 1483 132 35 over
800 1468 221 63 140,000
1054 1466 187 52 words
1275 1467 114 51 and
1421 1464 233 69 phrases
1689 1465 60 53 in
1778 1465 97 53 the
1906 1463 200 69 speech

178 1544 112 52 and
326 1543 296 53 literature
659 1542 65 54 of
758 1544 95 52 the
891 1543 555 69 English-speaking
1483 1543 245 68 peoples,
1766 1542 140 52 with
176 1561 1907 128 synonyms.

399 1626 319 51 antonyms,
759 1623 112 51 and
911 1620 384 69 prepositions;
1367 1621 334 68 containing
1741 1620 118 54 also
1899 1637 73 34 an
178 1639 1905 129 appendix

430 1698 65 54 of
533 1699 229 68 foreign
797 1699 235 68 phrases
1067 1701 137 51 used
1243 1700 59 52 in
1341 1699 243 69 English
1626 1699 201 69 speech
1865 1701 112 51 and
178 1699 1907 147 literature,

472 1779 155 65 2,500
682 1776 268 69 pictorial
1004 1777 382 52 illustrations:
1474 1777 276 69 abridged
1807 1776 152 54 from
2013 1778 98 52 the

178 1856 171 52 Funk
380 1857 51 50 &
463 1855 302 69 Wagnalls
796 1874 123 34 new
954 1854 292 56 Standard
1280 1855 324 70 dictionary
1637 1855 65 55 of
1733 1856 98 53 the
1862 1854 247 67 English

179 1932 1906 134 language by Frank H. Vizetelly … New York and London,
337 2012 171 53 Funk
534 2014 43 49 &
605 2011 302 67 Wagnalls
936 2029 298 50 company,
1265 2013 149 51 1929.

177 2092 616 50 xvi. 1309 p. illus. 24 ᶜᵐ.
178 2163 266 41 Published
473 2163 129 41 1928.

112 2231 52 52 ©
192 2235 116 48 July
336 2234 69 48 15,
434 2233 141 47 1929;
604 2234 68 39 2c.
702 2234 96 39 and
827 2232 82 42 aff.
937 2233 122 48 Aug.
1088 2233 53 46 2;
1172 2233 41 39 A
1241 2233 171 46 11492;
1445 2233 141 39 Funk
1614 2233 35 40 &
1677 2234 251 48 Wagnalls
1959 2247 67 27 co.

182 2286 70 54 [©
282 2291 194 48 general
509 2290 226 49 revision]
807 2288 282 49 (28-23941)

113 2385 328 65 Crawford,
470 2384 192 54 Leslie
689 2384 261 64 Ingram,
982 2385 172 53 1897-

178 2462 94 56 On
303 2463 96 53 the
431 2463 157 53 anvil
644 2463 93 69 [by]
773 2465 65 51 L.
872 2464 48 53 I.
955 2461 324 58 Crawford.
1355 2463 139 52 New
1526 2462 179 68 York,
1735 2464 90 54 W.
1860 2463 252 54 Morrow

107 2544 45 51 &
179 2559 297 51 company,
506 2545 150 50 1929.

180 2623 476 50 4 p. l. , 367 p. 19 ½ᶜᵐ.
115 2677 52 53 ©
198 2681 129 49 Sept.
352 2682 39 46 5,
419 2681 115 41 1929;
588 2682 69 40 2c.
686 2681 128 48 Sept.
842 2681 53 47 9;
926 2681 82 42 aff.
1038 2681 128 48 Sept.
1195 2682 25 39 7;
1277 2682 42 38 A
1346 2680 170 48 12226;
1547 2681 50 40 L.
1627 2683 36 39 I.
1694 2680 269 43 Crawford.
183 2681 1909 105 Santiago,

357 2737 150 41 Chile.
572 2737 281 49 (29-18148)

116 2833 185 64 Crew,
331 2831 187 53 Helen
551 2832 191 56 Coale.

181 2910 249 68 Alanna,
468 2909 77 70 by
582 2911 187 53 Helen
811 2911 173 55 Coale
1026 2911 181 64 Crew,
1248 2910 141 53 with
1428 2909 381 55 illustrations
1849 2911 75 69 by
1963 2911 152 55 Joan

112 2988 190 54 Esley.
377 2989 139 52 New
547 2990 164 52 York
743 2989 113 53 and
887 2989 260 67 London,
1177 2990 234 67 Harper
1442 2993 43 49 &
1516 2990 277 65 brothers,
1830 2993 150 50 1929.

185 3069 1065 50 5 p. l. , 233, [1] p. col. front., illus. 22 ᶜᵐ.
185 3128 291 40 Illustrated
507 3127 364 49 lining-papers.

120 3179 52 53 ©
202 3185 128 48 Sept.
354 3185 42 48 4,
422 3184 118 40 1929;
591 3185 67 40 2c.
689 3185 128 48 Sept.
845 3185 29 41 5;
926 3185 83 41 aff.
1041 3185 128 48 Sept.
1197 3185 27 39 6:
1278 3186 40 38 A
1345 3185 145 41 13016:
1546 3186 193 47 Harper
1766 3185 36 40 &
1829 3185 126 41 bros.

197 3240 282 49 (29-18155)

120 3333 272 65 Crocker,
422 3334 279 54 Florence
731 3335 189 62 Allen,
952 3339 83 52 ed.

195 3412 276 67 [Preface,
511 3414 408 55 introduction,
960 3421 418 61 arrangement,
1417 3415 379 53 illustrations
1837 3416 112 52 and
121 3432 1974 129 supplementary

521 3491 1601 70 material] by Florence Allen Crocker … [in the
118 3569 149 53 book
298 3570 256 66 entitled]
591 3569 273 55 Arnold’s
899 3570 221 55 Sohrab
1154 3572 112 51 and
1298 3570 264 56 Rustum.
1593 3573 111 52 and
1736 3572 161 54 other
1929 3590 192 50 poems

183 3647 1940 71 … Decorations by Alice M. Beyer … Boston, New York
127 3722 1272 70 [ etc.] D. C. Heath and company [ ᶜ1 929]
190 3804 1309 50 xvii, 78 p. front. (port.) illus. (incl. map) 17 ᶜᵐ.
125 3855 52 53 ©
209 3860 119 49 Aug.
360 3861 56 40 15,
461 3861 113 40 1929;
634 3862 68 41 2c.
735 3863 96 40 and
861 3861 83 41 aff.
979 3861 129 49 Sept.
1139 3861 53 47 3;
1227 3862 40 39 A
1299 3861 170 48 12098;
1503 3864 58 40 D.
1593 3863 50 42 C.
1675 3865 165 41 Heath
1874 3864 36 42 &
1939 3874 69 29 co.
