2533 4342
1333 4001 136 51 1842

465 432 754 48 1 p. l., 107 p. illus. 19½ ᶜᵐ .
401 485 53 53 ©
483 490 120 40 Nov.
633 490 40 47 1,
702 489 119 40 1929;
877 488 68 41 2c.
976 489 99 39 and
1104 488 83 41 aff.
1218 489 120 40 Nov.
1369 489 54 38 11;
1484 487 42 39 A
1556 486 146 42 15802;
1761 488 62 40 H.
1855 488 64 40 M.
1950 487 185 40 Lamon
2166 488 97 39 and
2293 487 101 40 Jos.

468 546 122 40 Wm.
620 545 298 49 Kinghorne,
950 544 337 49 Washington,
1320 545 58 40 D.
1411 543 49 42 C.
1531 543 281 50 (29-24895)

388 610 334 66 Lawrence,
754 610 211 65 David,
1000 615 171 51 1888-

465 688 121 53 The
615 688 255 53 business
898 706 136 34 man
1065 688 114 52 and
1207 688 89 53 his
1326 692 392 64 government,
1748 688 76 68 by
1853 687 195 53 David
2077 688 324 66 Lawrence,

393 765 327 54 illustrated
744 765 77 69 by
846 766 193 52 charts
1066 765 294 68 approved
1386 765 77 69 by
1487 765 176 53 heads
1690 763 65 55 of
1780 765 97 53 the
1902 764 231 54 various
391 783 1984 113 government

590 843 408 68 departments.
1078 842 405 70 Washington,
1526 842 73 52 D.
1648 841 83 68 C.,
1776 842 121 52 The
1942 842 221 54 United
2210 840 190 56 States

393 920 160 69 daily
583 919 339 70 publishing
950 919 369 69 corporation
1376 922 152 64 [1929]

469 1000 785 50 [43] p. illus., diagrs. 17½ ᶜᵐ .
402 1053 52 54 ©
483 1059 119 42 Nov.
631 1059 40 49 7,
701 1058 141 48 1929;
872 1058 69 41 2c.
970 1059 99 40 and
1096 1057 84 42 aff.
1208 1058 120 42 Nov.
1356 1058 53 48 8;
1440 1058 43 40 A
1511 1057 172 49 14681;
1716 1057 182 42 United
1930 1058 165 42 States
2124 1057 133 50 daily
2287 1057 111 50 pub.

469 1126 128 38 corp.
663 1115 282 50 (29-24608)

387 1181 134 65 Lee,
548 1181 213 54 Porter
788 1180 330 65 Raymond,
1149 1182 171 54 1879-

463 1259 222 52 Mental
732 1258 243 69 hygiene
1027 1259 114 52 and
1192 1258 174 53 social
1416 1258 159 52 work
1623 1258 77 69 by
1749 1260 207 51 Porter
2006 1259 69 52 R.
2125 1260 111 52 Lee
2286 1259 115 53 and

392 1336 231 53 Marion
654 1336 67 52 E.
752 1335 379 70 Kenworthy,
1217 1378 10 10 M.
1297 1378 10 10 D.;
1371 1336 142 52 with
1544 1337 94 51 the
1671 1336 413 53 collaboration
2116 1335 65 54 of
2215 1335 187 56 Sarah

394 1414 181 67 Ivins,
629 1414 251 52 Eleanor
930 1414 397 67 Neustaedter,
1378 1413 264 54 Jeanette
1695 1413 388 70 Honsberger,
2136 1414 267 55 Jeanette

392 1490 390 70 Regensburg.
851 1491 142 53 New
1028 1490 181 69 York,
1242 1491 122 53 The
1402 1490 490 55 Commonwealth
1930 1490 167 69 fund,
2132 1491 269 54 Division

392 1567 65 54 of
484 1568 403 69 publications,
920 1570 152 52 1929.

463 1648 758 50 xi, 309 p. incl. forms. 24 ᶜᵐ .
466 1706 131 40 “The
628 1706 136 40 work
794 1706 97 40 and
924 1707 182 39 results
1139 1706 52 40 of
1223 1707 82 40 the
1336 1707 255 48 operation
1623 1706 53 41 of
1709 1706 83 41 the
1825 1707 199 40 Bureau
2058 1706 52 41 of
2141 1706 262 42 children’s

395 1761 239 49 guidance
672 1763 96 40 and
809 1762 82 41 the
931 1763 325 47 Department
1296 1762 52 40 of
1387 1763 185 40 mental
1612 1761 208 49 hygiene
1860 1764 53 39 at
1953 1763 83 41 the
2081 1764 132 49 [New
2253 1762 147 51 York]

398 1819 173 41 School
611 1819 53 40 of
703 1818 151 41 social
897 1819 137 40 work
1074 1818 178 49 during
1294 1819 84 40 the
1419 1818 168 49 period
1629 1818 54 41 of
1723 1818 95 41 five
1858 1820 97 39 and
1997 1819 218 40 one-half
2258 1828 145 39 years

394 1875 203 40 covered
626 1875 60 48 by
715 1876 82 39 the
826 1875 416 41 Commonwealth
1268 1874 126 41 fund
1421 1874 468 49 program.”—Pref.

400 1928 53 53 ©
490 1932 102 41 Oct.
627 1933 70 48 30,
734 1932 118 40 1929;
914 1932 69 41 2c.
1019 1934 99 39 and
1153 1932 83 41 aff.
1269 1933 120 40 Nov.
1424 1932 55 47 2;
1517 1932 44 39 A
1595 1931 172 49 14750;
1808 1931 414 42 Commonwealth
2257 1931 139 49 fund,

468 1988 225 41 Division
721 1988 53 42 of
800 1988 342 49 publications.
1209 1987 282 51 (29-24604)

392 2054 245 66 Legras,
665 2054 184 65 Jules,
882 2059 172 50 1866-

525 2131 1872 73 … La littérature en Russie, par Jules Legras … Paris, A.
393 2210 187 71 Colin,
610 2214 150 51 1929.

463 2291 1939 51 2 p. l., 219, [1] p. 17½ ᶜᵐ . (Collection Armand Colin (Section de
393 2348 202 48 langues
626 2350 49 39 et
703 2348 335 48 littératures)
1107 2350 55 38 n°
1192 2348 110 48 114)

466 2404 394 48 “Bibliographie
891 2404 289 40 sommaire”
1199 2416 9 29 :
1241 2415 44 38 p.
1318 2404 250 49 [216]-217.

400 2456 1996 54 © June 1, 1929; 1c. July 19; A— Foreign 4008; Max Leclerc & cie.,
470 2516 156 41 Paris.
692 2517 282 49 (29-25502)

391 2583 122 54 The
551 2579 242 56 Lincoln
835 2583 222 71 library
1096 2585 65 53 of
1200 2584 266 54 essential
1506 2583 409 70 information;
1959 2603 73 35 an
2073 2587 326 66 up-to-date

463 2661 233 53 manual
744 2659 96 54 for
886 2660 161 71 daily
1096 2659 305 68 reference,
1450 2660 95 53 for
1591 2660 501 71 self-instruction,
2143 2662 114 53 and
2306 2661 94 54 for

463 2738 1914 148 general culture … Buffalo, N. Y., The Frontier press company, 1929.
466 2897 1936 50 1 p. l., 7-2174 p. illus. (incl. maps) plates (part col.) ports., diagrs.
393 2952 119 43 25 ᶜᵐ .
402 3006 53 53 ©
482 3012 120 40 Nov.
630 3011 70 48 12,
729 3010 117 40 1929;
900 3010 68 41 2c.
996 3010 120 41 Nov.
1144 3010 55 40 15;
1258 3009 83 42 aff.
1369 3010 120 41 Nov.
1518 3010 56 40 13;
1631 3010 46 40 A
1703 3010 144 41 14833;
1907 3010 230 41 Frontier
2163 3021 137 38 press
2330 3020 68 31 co.

474 3062 68 55 [©
568 3078 108 30 new
702 3068 96 39 and
824 3067 192 40 revised
1043 3067 182 39 matter
1251 3065 313 50 throughout,
1591 3066 228 49 bringing
1844 3067 41 40 it
1912 3068 141 39 down
2080 3069 48 38 to
2159 3068 127 47 date]

480 3122 282 50 (29-24871)

393 3188 148 64 Lull,
569 3186 261 55 Richard
859 3188 236 65 Swann,
1126 3192 172 51 1867-

472 3266 1928 70 Organic evolution, by Richard Swann Lull … Rev. ed.
401 3344 140 53 New
573 3344 180 66 York,
784 3345 121 52 The
936 3344 338 52 Macmillan
1305 3362 299 51 company,
1639 3347 153 50 1929.

468 3425 1392 49 xix, 743 p. illus., xxxi pl. on 24 l., diagrs. 22 ᶜᵐ .
472 3481 349 41 “References”
855 3483 53 39 at
940 3482 93 40 end
1067 3481 52 41 of
1151 3481 119 41 each
1304 3481 216 49 chapter.

404 3533 52 52 ©
482 3538 120 40 Nov.
628 3537 69 47 12,
724 3537 115 40 1929;
894 3537 69 41 2c.
989 3539 98 39 and
1114 3537 82 42 aff.
1222 3539 120 39 Nov.
1368 3538 82 46 13;
1480 3538 42 40 A
1547 3537 172 48 14789;
1750 3537 284 41 Macmillan
2061 3547 68 31 co.

481 3593 281 49 (29-24909)

392 3645 185 65 Lyon,
610 3645 283 53 Leverett
926 3646 256 64 Samuel,
1218 3652 173 49 1885-

467 3721 491 54 Hand-to-mouth
995 3721 247 70 buying;
1283 3741 32 34 a
1351 3723 172 68 study
1557 3723 62 52 in
1654 3722 97 54 the
1788 3721 413 70 organization,
396 3721 1983 147 planning,

585 3800 114 52 and
730 3799 390 53 stabilization
1150 3799 65 53 of
1243 3800 181 70 trade,
1453 3799 76 69 by
1557 3801 269 52 Leverett
1857 3799 57 55 S.
1944 3799 181 69 Lyon.
398 3798 1980 148 Washington,

645 3877 73 53 D.
751 3876 81 69 C.,
861 3877 120 53 The
1014 3877 326 69 Brookings
1369 3877 348 69 institution,
1748 3880 151 52 1929.
