2542 4389
1054 4048 135 52 1889

97 388 263 64 Landau,
389 387 168 54 Rom.

172 464 297 54 Pilsudski
495 465 112 52 and
633 464 245 67 Poland,
902 463 75 69 by
1003 463 150 53 Rom
1176 462 243 52 Landau;
1476 459 319 55 translated
1821 457 79 73 by
105 458 1973 154 Geoffrey

259 542 253 68 Dunlop.
574 541 140 53 New
743 541 181 67 York,
950 541 65 52 L.
1044 538 356 70 MacVeagh,
1426 537 123 54 The
1576 537 138 53 Dial
1742 555 176 51 press,
1949 540 152 51 1929.

173 621 1247 51 vi p., 3 l., 3-305 p. front., pl., ports. 24½ᶜᵐ.
105 676 54 53 ©
185 680 119 40 Nov.
330 680 69 47 11,
429 678 115 42 1929;
599 679 69 41 2c.
695 679 119 41 Nov.
842 678 58 40 16;
956 678 83 40 aff.
1068 679 120 40 Nov.
1216 677 55 40 15;
1330 677 41 39 A
1398 676 146 41 14862;
1601 675 114 41 Dial
1744 685 151 39 press,
1925 675 94 42 inc.

183 735 281 50 (29-25940)

104 829 208 64 Leger,
341 828 180 53 Louis
546 828 148 53 Paul
722 827 207 66 Marie,
960 832 327 51 1843-1923.

232 904 1875 72 … Austria-Hungary, based on the work of Paul Louis Leger
195 982 1913 73 …by William E. Lingelbach … [Memorial ed.] New York,
102 1063 1137 67 P. F. Collier & son company [ ᶜ19 28]
173 1143 1938 51 xix, [1], 506 p. col. front., illus. (maps) plates. 23 ᶜᵐ. (The history
104 1200 1486 50 of nations, H. C. Lodge … editor-in-chief, vol. XVII)
174 1259 334 48 Frontispiece
534 1258 344 48 accompanied
905 1259 62 47 by
992 1259 157 46 guard
1175 1259 137 40 sheet
1339 1258 122 41 with
1486 1258 296 49 descriptive
1808 1258 302 49 letterpress.

172 1316 378 48 Bibliography:
578 1325 44 39 p.
652 1313 251 51 [501]-506.

109 1370 52 52 ©
186 1374 118 41 Nov.
330 1373 40 49 6,
396 1373 118 41 1928;
564 1373 68 40 2c.
659 1372 130 48 Sept.
814 1371 69 49 30,
912 1371 117 41 1929;
1082 1372 84 41 aff.
1194 1371 103 42 Oct.
1323 1372 58 40 30;
1436 1373 42 39 A
1502 1373 144 41 13887;
1704 1374 52 40 P.
1784 1374 52 40 F.
1864 1373 180 41 Collier
2070 1374 37 40 &

176 1441 88 29 son
293 1441 68 29 co.
431 1429 281 49 (29-21133)

103 1512 227 63 Lieder,
360 1510 317 54 Frederick
705 1509 258 55 William
993 1509 266 64 Charles,
1290 1513 86 52 ed.

236 1588 1876 71 … German poems and songs, edited with musical settings,
106 1672 173 63 notes,
314 1666 362 68 vocabulary,
711 1666 152 52 table
898 1665 66 53 of
998 1666 236 53 authors
1269 1667 114 52 and
1418 1684 338 51 composers,
1791 1668 113 52 and
1939 1667 174 54 index

105 1743 2008 70 of titles and of first lines, by Frederick W. C. Lieder … New
106 1823 164 53 York
307 1827 137 64 [etc.]
483 1821 231 57 Oxford
748 1822 320 68 university
1100 1841 177 49 press,
1309 1826 152 51 1929.

176 1903 1207 50 xii, 300 p. 18½ ᶜᵐ. (Oxford German series)
112 1959 52 52 ©
190 1963 117 47 July
332 1962 70 48 25,
430 1961 115 41 1929;
599 1961 69 41 2c.
697 1961 102 41 Oct.
826 1961 57 41 17;
939 1961 84 41 aff.
1049 1962 120 40 Nov.
1197 1962 55 40 23;
1309 1962 42 39 A
1377 1961 147 41 15059;
1582 1962 188 41 Oxford
1799 1962 131 41 univ.
1959 1973 151 39 press,

178 2019 119 41 New
327 2019 146 48 York,
506 2018 90 41 inc.
667 2017 282 49 (29-21797)

106 2099 222 66 Littell,
354 2099 227 55 Walter
606 2100 69 54 R.

186 2178 205 69 [Pages
432 2180 99 51 106
570 2182 58 48 to
668 2180 120 64 259]
834 2177 76 68 by
950 2178 223 54 Walter
1213 2178 68 52 R.
1323 2178 205 53 Littell
1575 2178 80 67 [in
1694 2178 98 54 the
1831 2178 149 55 book
110 2199 1980 124 entitled]

327 2255 57 53 A
405 2255 223 68 history
653 2254 66 54 of
745 2254 427 69 Cooperstown,
1198 2255 303 70 including
1526 2255 156 54 “The
1709 2255 315 55 chronicles
2050 2256 66 55 of

112 2332 443 70 Cooperstown”
593 2332 76 69 by
708 2332 196 54 James
944 2332 304 53 Fenimore
1291 2331 251 70 Cooper;
1587 2332 157 55 “The
1785 2332 224 71 history
2049 2334 67 53 of

113 2409 442 70 Cooperstown”
593 2412 329 65 1839-1886,
956 2409 75 69 by
1070 2409 232 55 Samuel
1337 2410 80 53 M.
1458 2410 201 68 Shaw;
1698 2411 159 53 “The
1891 2409 224 71 history

112 2487 66 54 of
211 2486 443 69 Cooperstown”
689 2490 329 65 1886-1929,
1051 2487 75 69 by
1160 2488 224 54 Walter
1417 2489 70 52 R.
1523 2488 218 54 Littell.
111 2488 1980 146 [Cooperstown,

310 2566 71 53 N.
411 2565 92 68 Y.,
529 2564 120 54 The
676 2564 327 54 Freeman’s
1031 2564 231 70 journal
1290 2583 301 51 company]
1628 2568 152 51 1929.

182 2646 594 50 5 p. l., 3-259 p. 26½ᶜᵐ.
118 2699 52 53 ©
205 2703 103 41 Oct.
341 2704 39 47 7,
413 2703 141 47 1929;
588 2703 70 41 2c.
691 2703 104 41 Oct.
828 2703 83 48 17;
948 2702 83 42 aff.
1065 2703 104 41 Oct.
1201 2703 85 47 24;
1321 2703 43 39 A
1396 2703 171 48 15321;
1605 2703 279 41 Freeman’s
1918 2703 198 48 journal

185 2770 68 31 co.

110 2841 217 65 Lodge,
358 2841 208 63 Henry
594 2839 206 65 Cabot,
831 2842 84 53 ed.

185 2919 123 53 The
343 2918 221 69 history
601 2916 65 55 of
701 2919 243 52 nations.
1019 2919 304 51 Memorial
1361 2920 86 52 ed.
1527 2919 157 67 [New
1724 2917 181 70 York,
1943 2920 66 53 P.
2048 2919 66 54 F.

117 2995 214 55 Collier
358 2998 47 50 &
432 3013 102 35 son
562 3013 300 51 company,
893 2997 153 65 1928]

187 3078 56 40 25
309 3110 9 8 v.
377 3077 162 41 fronts.
582 3079 137 47 (part
748 3076 113 49 col.)
903 3077 144 49 illus.,
1080 3078 158 48 plates
1267 3077 136 49 (part
1436 3079 114 48 col.)
1592 3079 148 47 ports,
1775 3087 151 40 maps,
1961 3078 155 48 plans.

114 3134 119 41 23½ᶜᵐ.

120 3186 52 53 ©
205 3191 119 40 Nov.
357 3190 40 48 6,
432 3189 116 41 1928;
607 3190 68 40 2c.
711 3190 119 40 each
866 3189 129 49 Sept.
1028 3189 70 49 30,
1134 3189 142 48 1929;
1314 3189 83 42 aff.
1433 3189 103 41 Oct.
1570 3189 83 48 30;
1690 3189 42 40 A
1765 3189 171 47 13887;
1974 3191 53 40 P.
2063 3191 52 41 F.

189 3245 179 42 Collier
395 3250 37 41 &
459 3257 86 30 son
573 3257 68 30 co.
701 3242 69 54 [©
800 3245 273 41 additional
1104 3248 105 39 text
1238 3247 196 49 matter]

113 3327 314 64 Mahoney,
457 3327 251 53 Michael
737 3327 241 64 Joseph.

191 3403 325 55 California
556 3404 298 68 sunshine;
898 3423 32 34 a
970 3405 148 53 book
1158 3404 66 54 of
1262 3423 176 49 verse,
1477 3404 76 69 by
1592 3404 79 53 M.
1712 3405 56 54 J.
1811 3405 303 68 Mahoney.

121 3481 120 55 San
268 3482 152 67 Jose,
453 3480 195 69 Calif.,
681 3484 151 51 1929.

187 3563 383 51 Ill, [3] p. 20½ ᶜᵐ.
124 3615 52 53 ©
203 3620 116 48 July
344 3620 69 47 31,
439 3618 113 42 1929;
606 3619 70 41 2c.
702 3620 122 48 Aug.
848 3621 26 39 3;
931 3620 83 41 aff.
1041 3620 122 48 Aug.
1189 3619 59 40 26;
1302 3620 41 38 A
1369 3618 143 40 12022;
1571 3621 63 39 M.
1663 3620 43 40 J.
1735 3619 255 47 Mahoney,
2021 3620 97 40 San

191 3675 126 49 Jose,
351 3675 144 42 Calif,
565 3676 15 49 (CA
665 3675 174 42 29-493
871 3675 237 48 Unrev’d)

117 3756 200 64 Mann,
346 3755 276 67 Thomas,
655 3758 172 54 1875-

250 3834 1868 71 … Three essays, translated from the German by H. T.
117 3913 416 52 Lowe-Porter.
608 3912 139 54 New
774 3912 181 69 York,
981 3913 71 53 A.
1081 3913 71 53 A.
1180 3911 227 70 Knopf,
1435 3915 150 52 1929.

187 3992 707 52 4 p. l., 3-261, [1] p. 21ᶜᵐ.
