2547 4384
1268 3974 99 52 686

382 429 138 46 xxiii,
546 428 113 40 1032
684 439 41 37 p.
754 429 108 39 incl.
888 429 171 46 plates,
1083 427 128 41 illus.
1241 427 135 48 (part
1401 428 112 48 col.)
1541 427 194 48 diagrs.,
1759 427 170 41 forms.
2094 459 10 9 24ᶜᵐ.

315 496 51 51 ©
397 501 79 39 May
537 501 40 39 1.
604 499 142 42 1929;
776 499 69 40 2c.
873 499 114 46 May
1012 498 54 46 3;
1098 497 82 41 aff.
1210 499 113 46 May
1350 499 53 40 7:
1434 498 41 38 A
1502 497 141 45 6979;
1675 498 52 41 F.
1755 498 56 40 A.
1840 497 156 41 Davis
2023 507 69 31 co.

393 555 280 48 (29-10731)

310 650 130 51 Mac
446 648 286 63 Ausland,
763 647 256 54 William
1048 647 252 63 Russell,
1334 652 171 49 1882-

380 726 122 52 The
545 724 393 53 mobilization
983 724 65 52 of
1092 724 310 69 ankylosed
1446 724 177 68 joints
1666 725 76 68 by
1787 724 411 68 arthroplasty,
2241 723 74 69 by

312 802 1942 55 W. Russell MacAusland … and Andrew R. MacAusland …
311 881 323 53 illustrated
662 880 140 52 with
834 883 101 49 154
961 880 362 69 engravings.
1385 880 429 68 Philadelphia,
1839 880 115 52 Lea
1981 882 46 50 &
2053 880 263 69 Febiger,

313 962 149 49 1929.

381 1041 80 48 vii,
497 1040 204 50 [17]-252
734 1052 44 37 p.
837 1040 130 41 illus.
1026 1040 148 41 24½ᶜᵐ.

382 1110 234 42 Contains
651 1110 395 49 bibliographies.

313 1178 52 51 ©
396 1183 114 41 May
538 1182 39 47 2,
607 1180 115 40 1929;
778 1181 69 40 2c.
876 1181 114 47 May
1016 1181 55 46 4;
1101 1179 83 42 aff.
1214 1180 113 48 May
1357 1180 53 42 8:
1441 1180 41 39 A
1510 1179 141 48 8000;
1684 1181 94 40 Lea
1809 1181 37 40 &
1875 1180 218 49 Febiger.

390 1237 281 49 (29-10876)

311 1333 307 62 McLaren,
650 1332 268 51 Norman
951 1331 222 63 Loyall.

381 1408 1873 69 California tax laws of 1929, by Norman Loyall McLaren …
309 1485 2008 70 and Vincent K. Butler, jr. … San Francisco, Calif., Walker’s
310 1564 912 68 manual, incorporated [ ᶜ1 929 ]
378 1647 86 42 376
495 1658 43 37 p.
569 1647 110 41 incl.
710 1647 170 40 forms.
939 1646 57 41 23
999 1647 45 22 cm
1049 1678 9 9 .

312 1713 51 52 ©
402 1718 113 47 May
548 1718 40 46 1,
623 1717 142 42 1929;
802 1717 68 40 2c.
906 1717 114 47 May
1055 1716 52 41 8;
1146 1715 83 42 aff.
1265 1716 113 47 May
1413 1715 52 46 6;
1503 1716 41 39 A
1579 1715 141 48 9003;
1758 1716 55 42 N.
1852 1716 51 41 L.
1941 1717 237 39 McLaren
2217 1718 95 39 and

380 1774 54 40 V.
465 1774 58 40 K.
555 1774 187 46 Butler,
774 1773 76 48 jr.,
885 1772 98 41 San
1016 1772 276 40 Francisco.
1362 1771 257 50 (29-10873
1630 1773 13 48 )

311 1867 189 63 Meek,
531 1866 254 64 Georgia
814 1868 141 62 May
981 1866 47 52 L
1314 1866 70 57 V.

384 1946 201 53 Voices
610 1947 63 52 of
698 1946 95 56 the
822 1952 146 62 past,
995 1945 139 53 with
1162 1944 214 69 partial
1402 1945 224 70 history
1652 1947 111 52 and
1792 1947 313 68 genealogy
2131 1947 66 52 of
2219 1947 97 53 the

313 2025 167 52 Meek
520 2026 112 52 and
676 2024 301 69 Galloway
1019 2023 269 70 families,
1325 2024 76 69 by
1443 2022 250 71 Georgia
1732 2024 140 70 May
1913 2024 65 54 L.
2019 2024 70 54 V.
2130 2025 183 53 Meek.

315 2102 393 69 [Springfield,
741 2102 134 68 Mo.,
911 2105 151 64 1929]

380 2184 56 40 69
463 2194 44 37 p.
536 2184 111 40 incl.
675 2184 144 46 illus.,
849 2185 150 46 ports.
1059 2183 147 41 23½ᶜᵐ.

315 2250 52 51 ©
395 2255 123 40 Mar.
545 2254 68 46 25,
641 2253 141 46 1929;
811 2254 68 40 2c.
907 2254 96 39 and
1031 2252 83 41 aff.
1139 2254 115 47 Apr.
1279 2254 54 46 4;
1363 2253 40 39 A
1431 2252 140 48 7927;
1602 2253 54 41 G.
1684 2256 63 39 M.
1775 2254 52 40 L.
1854 2255 54 40 V.
1937 2255 152 46 Meek,
2122 2254 193 49 Spring-

379 2310 125 42 field.
536 2311 94 40 Mo.
698 2309 281 49 (29-10727)

314 2405 211 63 Mylar,
558 2406 167 52 Isaac
756 2405 64 54 L.

380 2485 181 67 Early
597 2485 141 67 days
777 2490 59 47 at
868 2484 96 53 the
999 2483 234 53 mission
1271 2483 116 55 San
1426 2483 156 54 Juan
1619 2483 284 69 Bautista,
1938 2484 77 70 by
2050 2484 166 54 Isaac
2250 2486 65 51 L.

307 2562 220 68 Mylar;
561 2581 31 35 a
621 2563 291 52 narrative
943 2562 64 53 of
1035 2561 282 54 incidents
1347 2564 304 52 connected
1681 2562 141 53 with
1853 2563 99 52 the
1980 2564 140 68 days
2151 2564 163 53 when

306 2638 1984 148 California was young. Watsonville, Calif., Evening pajaronian [ ᶜ1 929]
377 2799 85 41 195
494 2810 43 38 p.
596 2799 130 42 illus.
756 2798 134 50 (incl.
918 2798 176 50 ports.)
1163 2798 117 43 23ᶜᵐ.

380 2871 273 48 Originally
685 2871 243 48 appeared
959 2869 48 41 in
1043 2870 79 40 the
1154 2869 219 48 Evening
1402 2868 307 50 pajaronian,
1744 2869 333 47 Watsonville,
311 2869 1987 106 California,
442 2939 54 29 as
532 2938 24 29 a
595 2927 147 40 serial
778 2927 253 40 narrative
1066 2927 53 40 of
1155 2928 89 40 Mr.
1282 2925 201 50 Mylar’s
1518 2926 385 41 reminiscences.
1963 2926 38 40 A
2039 2928 139 41 small
311 2926 1985 99 edition
451 2985 53 40 of
539 2984 88 41 300
663 2984 337 48 autographed
1039 2983 161 49 copies
1239 2982 191 45 issued;
1470 2982 100 42 this
1606 2993 120 38 copy
1765 2994 77 30 no.
1878 2983 71 41 22.
2024 2984 63 48 cf.
2124 2983 70 40 To
2233 2984 83 40 the

311 3043 170 39 reader
518 3041 120 49 (slip
665 3042 230 40 mounted
923 3051 60 29 on
1012 3040 350 49 lining-paper)

380 3100 212 41 Written
617 3099 129 39 from
776 3099 81 39 the
884 3097 220 41 author’s
1132 3096 251 42 narrative
1410 3100 62 45 by
1499 3097 166 40 James
1695 3097 52 41 G.
1777 3096 246 49 Piratsky.
2082 3097 62 49 cf.
309 3097 1987 101 Foreword.

315 3223 51 52 ©
403 3229 123 39 Mar.
560 3227 68 46 16,
663 3226 142 43 1929;
841 3226 69 41 2c.
944 3227 124 39 Mar.
1101 3225 83 46 25;
1221 3224 82 42 aff.
1340 3226 114 46 May
1489 3224 53 47 6;
1578 3225 40 38 A
1654 3224 141 42 6954:
1835 3226 102 41 Jas.
1975 3225 54 41 G.
2064 3224 245 47 Piratsky,

382 3283 334 47 Watsonville,
750 3282 144 41 Calif.
962 3280 281 50 (29-10700)

311 3379 298 61 Perowne,
651 3377 213 63 Barry.

382 3455 261 68 Nothing
674 3455 109 52 else
812 3454 103 52 but
944 3487 84 19 —.

414 3537 60 39 (In
502 3533 207 51 Twenty
741 3536 140 48 story
914 3531 277 53 magazine,
1222 3532 134 52 May,
1389 3531 144 50 1929)

316 3587 1994 52 © 1c. June 6, 1929; A ad int. 12741; pubd. Apr. 10; Philip Atkey, Mul-
383 3648 188 45 barton,
604 3647 240 47 Norwich,
877 3647 237 47 England.

313 3740 140 53 Pick
459 3740 88 59 ell,
577 3740 204 53 James
808 3740 210 63 Ralph,
1052 3746 169 48 1881-

312 3815 1976 146 How to speculate and profit [by] J. Ralph Pickell … [Forest Park, Ill., ᶜ1 929]
