2512 4377
1267 4034 102 52 490

321 395 248 65 Lueger,
601 396 160 64 Otto,
795 401 326 59 1843-1911,
1153 398 84 52 ed.

388 473 250 69 Luegers
663 474 230 51 lexikon
919 474 100 52 der
1045 479 288 63 gesamten
1358 473 233 55 technik
1615 474 119 52 und
1760 473 157 53 ihrer

319 473 1970 131 hilfswissenschaften.
662 554 66 65 3.,
754 551 353 70 vollständig
1133 569 108 35 neu
1267 550 188 54 bearb.
1486 550 129 54 aufl.
1679 551 92 52 Im
1800 551 192 53 verein

2019 551 107 53 mit
318 549 1971 149 fachgenossen
625 629 152 68 hrsg.
815 647 111 34 von
963 629 678 69 oberregierungsbaurat
1677 648 47 33 a.
1764 630 52 52 d.
1855 629 67 52 E.
1961 630 166 68 Frey.
2201 629 117 54 Mit

319 707 358 52 zahlreichen
713 707 402 69 abbildungen.
1189 712 45 48 5.
1269 707 93 53 bd.
1398 707 190 53 Masse
1618 707 87 53 bis
1743 705 313 56 Schiffbau.
317 706 1973 147 Stuttgart

487 790 138 61 [etc.]
664 785 287 52 Deutsche
983 785 483 68 verlags-anstalt,
1503 787 150 50 1928.

388 866 1131 49 2 p. l., 859 p. illus., tables, diagrs. 27 ᶜᵐ .
322 933 1974 102 © Nov. 7, 1928; 1c. Feb. 5, 1929; A —Foreign 1836; Deutsche verlagsanstalt.
319 1086 338 65 Lundborg,
696 1087 202 65 Einar,
938 1092 171 50 1896-

385 1167 121 52 The
539 1166 197 53 Arctic
770 1185 217 49 rescue;
1024 1168 127 51 how
1185 1166 205 54 Nobile
1425 1185 114 34 was
1573 1169 189 67 saved,
1795 1168 75 68 by
1906 1167 182 53 Einar

318 1168 1999 147 Lundborg … translated by Alma Luise Olson. New York, The
318 1323 217 68 Viking
563 1341 174 53 press,
767 1325 149 50 1929.

388 1403 1428 50 221 p. incl. front., illus. (incl. facsims.) ports. 25 ᶜᵐ .
387 1476 139 47 Maps
555 1486 61 29 on
643 1474 365 49 lining-papers.

387 1530 146 42 “This
571 1532 43 39 is
652 1532 83 39 the
775 1534 99 37 tale
913 1531 53 40 of
1006 1532 82 39 the
1127 1533 189 46 gallant
1358 1531 219 41 Swedish
1617 1530 279 49 expedition
1938 1534 49 37 to
2027 1542 166 29 rescue
2235 1531 83 40 the

316 1590 183 39 officers
527 1590 96 39 and
653 1599 125 30 crew
807 1588 51 41 of
885 1591 83 38 the
997 1588 555 41 Italia.”—Publishers’
1583 1592 126 38 note.

320 1656 51 51 ©
398 1660 123 40 Mar.
544 1659 70 48 29,
641 1658 116 41 1929;
809 1660 69 40 2c.
902 1659 116 48 Apr.
1044 1660 24 38 1;
1125 1658 83 41 aff.
1235 1660 123 39 Mar.
1383 1658 59 41 30;
1495 1659 44 39 A
1562 1658 114 41 6265;
1734 1659 180 48 Viking
1936 1668 150 39 press,
2113 1658 92 40 inc.

399 1716 250 49 (29-8943)

319 1812 169 63 Lust,
519 1812 258 52 Herbert
810 1811 278 55 Canfield.

386 1889 302 69 Abridged
729 1895 222 62 reports
994 1890 113 52 and
1148 1890 294 68 quarterly
1484 1889 186 69 digest
1710 1888 66 53 of
1816 1889 278 53 decisions
2135 1888 181 52 under

317 1967 97 52 the
448 1968 312 52 Interstate
794 1985 308 35 commerce
1136 1973 105 46 act.
1315 1985 50 34 v.
1406 1969 81 65 10,
1523 1985 88 34 no.
1649 1971 50 62 2,
1735 1967 281 67 January,
2054 1969 153 64 1929,
2241 1964 75 70 by

317 2043 1976 149 Herbert C. Lust … Fowler, Ind., H. C. Lust publishing company [ ᶜ1 929]
383 2205 556 49 2 p. l., 133 p. 22½ ᶜᵐ .
319 2271 51 51 ©
401 2275 111 41 Feb.
538 2275 69 48 10,
634 2275 113 40 1929;
800 2275 71 41 2c.
898 2276 114 47 Apr.
1039 2275 55 40 13;
1151 2274 83 42 aff.
1261 2275 115 47 Apr.
1403 2275 54 38 11;
1514 2274 42 39 A
1583 2273 117 41 6526;
1755 2275 61 39 H.
1845 2273 50 41 C.
1924 2274 134 48 Lust,
2088 2272 224 49 Chicago.

317 2384 358 64 Mackenzie,
713 2385 307 64 Compton,
1059 2389 169 49 1882-

383 2465 121 51 The
540 2466 156 51 three
734 2464 265 68 couriers,
1035 2464 34 52 by
1148 2464 287 66 Compton
1470 2462 343 53 Mackenzie.
1889 2464 242 52 London
2192 2469 119 61 [etc.]

315 2542 213 54 Cassell
556 2544 46 50 &
626 2561 297 50 company,
950 2543 103 53 ltd.
1088 2545 170 63 [1929]

382 2622 460 49 vi, 314 p. 19½ ᶜᵐ .
318 2690 1994 52 © 1c. Apr. 18, 1929; A ad int. 12566; pubd. Feb. 21; Doubleday, Doran
388 2751 36 39 &
455 2760 82 38 co.,
570 2751 104 47 inc.,
709 2750 195 40 Garden
938 2749 123 49 City,
1093 2749 57 41 N.
1181 2750 55 40 Y.
1306 2747 252 51 (29-9649)

318 2845 243 64 Martin,
595 2845 246 55 Charles
873 2844 307 65 Emanuel,
1214 2849 168 50 1892-
1597 2846 84 54 ed.

386 2923 296 53 Problems
713 2924 61 51 in
805 2923 412 52 international
1248 2922 475 69 understanding,
1754 2923 76 68 by
1861 2922 79 53 H.
1971 2922 78 53 H.
2082 2921 234 69 Gowen,

318 3001 68 52 R.
435 3001 72 52 D.
556 3001 316 52 McKenzie
919 3001 114 52 and
1081 3002 219 65 others;
1353 3000 206 68 edited,
1610 3000 141 53 with
1801 3018 32 35 a
1884 2998 304 69 foreword,
2238 2999 76 69 by

320 3078 236 54 Charles
594 3079 67 52 E.
698 3077 221 53 Martin
956 3079 113 52 and
1106 3078 183 53 Edith
1327 3078 200 53 Dobie.
1604 3077 234 69 Seattle,
1873 3077 340 70 University
2250 3076 65 55 of

315 3156 386 69 Washington
729 3155 148 53 book
904 3162 168 62 store,
1103 3158 150 53 1928.

388 3236 1925 49 4 p. l., iv p., 2 l., 199 p. 22 ᶜᵐ . (Half-title: Publications of the Faculty
318 3294 52 39 of
395 3294 152 40 social
574 3294 199 47 science,
805 3293 283 48 University
1115 3293 53 40 of
1195 3292 348 50 Washington)

657 3365 142 48 CONTENTS.—pt.
855 3394 11 10 I.
898 3364 249 41 Problems
1181 3364 52 39 of
1266 3364 85 40 the
1382 3362 179 41 Pacific
1594 3364 266 49 area.—pt.
1936 3394 11 10 II.
1982 3364 247 39 Problems
2263 3362 53 41 of

319 3420 83 40 the
431 3420 352 41 international
815 3421 282 48 mind.—pt.
1192 3451 11 10 III.
1236 3420 249 40 Problems
1517 3420 51 39 in
1600 3419 352 41 international
1985 3419 270 48 technique.

320 3488 51 51 ©
405 3492 115 48 July
551 3492 68 48 16,
653 3492 140 46 1928;
826 3492 68 41 2c.
926 3493 95 39 and
1053 3491 84 41 aff.
1169 3492 122 39 Mar.
1323 3491 69 48 25,
1426 3491 141 47 1929;
1602 3491 40 39 A
1673 3490 141 48 7083;
1849 3491 143 41 Chas.
2026 3492 53 38 E.
2113 3489 197 48 Martin,

390 3548 198 41 Seattle.
660 3548 251 50 (29-8932)

318 3642 341 64 Matthews,
700 3642 220 64 Joseph
962 3644 232 54 Brown.

393 3722 197 52 Youth
635 3721 159 54 looks
840 3728 60 46 at
944 3722 181 53 world
1171 3740 195 49 peace;
1416 3740 31 34 a
1491 3727 85 47 story
1693 3722 64 52 of
1800 3723 97 52 the
1941 3720 125 53 first
2107 3720 205 54 World

320 3801 178 66 youth
524 3817 167 49 peace
717 3817 262 51 congress
1016 3799 305 69 (Holland,
1350 3800 160 67 1928)
1546 3800 77 69 by
1648 3800 218 67 Joseph
1893 3800 68 52 B.
1989 3799 323 52 Matthews.

322 3877 138 53 New
502 3878 180 67 York,
721 3878 69 52 N.
834 3878 90 67 Y.,
962 3877 308 53 American
1309 3876 335 67 committee,
1681 3876 205 54 World
1926 3877 178 69 youth
2146 3894 167 50 peace

314 3958 498 65 congress [ ᶜ1 929]
