2533 4384
1038 4029 102 56 377

82 381 243 63 Adams,
355 381 138 53 Mrs.
525 379 246 53 Adeline
802 378 314 54 Valentine
1155 377 224 66 (Pond)
1423 382 168 50 1859-

154 472 123 52 The
302 471 171 68 spirit
502 469 65 55 of
592 470 308 53 American
930 470 307 68 sculpture,
1265 470 77 68 by
1369 469 245 53 Adeline
1644 469 222 53 Adams;
84 469 1974 133 written

208 549 94 53 for
330 549 97 54 the
454 549 275 53 National
759 549 292 67 sculpture
1079 547 228 68 society.
1374 548 140 52 New
1546 546 181 68 York,
1761 549 151 51 1929.

152 630 1193 48 3 p. l. , v-xix, 196 p., 1 l. front., plates. 17½ᶜᵐ.
154 702 162 40 “First
344 701 230 49 printing,
604 701 142 46 1923;
778 701 206 48 revised,
1014 699 158 41 1929.”

81 769 51 52 ©
158 773 123 40 Mar.
306 773 69 47 14,
399 771 117 42 1929;
567 772 69 41 2c.
661 774 96 40 and
782 769 84 44 aff.
892 772 123 40 Mar.
1042 770 57 41 19;
1153 771 41 40 A
1220 770 117 42 6008;
1389 771 117 40 Natl.
1548 771 249 49 sculpture
1824 781 110 37 soc.,
1962 771 117 41 New

148 830 145 40 York.
359 829 251 49 (29-7413)
1866 826 119 43 2531

79 938 282 64 Addison,
398 937 239 65 Joseph,
676 938 326 53 1672-1719.

150 1030 211 69 Essays
402 1028 294 70 (selected)
735 1028 77 70 by
840 1029 217 68 Joseph
1087 1028 294 67 Addison;
1415 1029 140 52 with
1587 1047 72 34 an
1689 1029 392 53 introduction

78 1106 1979 148 by Theodore O. Wedel … New York, The Macmillan company, 1929.
146 1268 117 47 xvii,
292 1268 86 40 409
407 1278 43 38 p.
480 1268 110 41 incl.
618 1268 151 41 front.
828 1267 56 41 18½ᶜᵐ.
1043 1268 127 47 (The
1198 1269 200 39 modern
1429 1268 212 40 readers’
1673 1267 177 47 series)

81 1334 51 52 ©
160 1339 121 40 Mar.
308 1338 70 49 19,
403 1338 142 47 1929;
571 1339 68 39 2c.
666 1339 94 39 and
788 1338 82 41 aff.
899 1338 123 41 Mar.
1046 1338 84 47 20;
1158 1338 41 39 A
1226 1338 141 47 5958;
1398 1338 282 41 Macmillan
1707 1349 68 30 co.
1835 1334 69 54 [©
149 1339 1913 106 introduction]
432 1394 252 50 (29-7622)

73 1504 263 65 Aldrich,
368 1504 298 65 Darragh.

145 1598 172 52 Peter
351 1596 164 55 Good
552 1597 93 53 for
679 1597 279 70 Nothing,
993 1617 31 34 a
1062 1603 158 64 story
1254 1598 66 54 of
1355 1599 95 52 the
1484 1597 326 55 Minnesota
1846 1598 240 71 logging

76 1694 209 46 camps,
313 1676 75 64 by
414 1676 271 64 Darragh
713 1676 262 53 Aldrich.
1052 1676 137 53 New
1218 1676 182 64 York,
1426 1676 121 53 The
1574 1676 337 54 Macmillan
75 1696 1987 127 company,
278 1757 149 50 1929.

145 1834 473 50 4 p. l. , 3510 p. 20ᶜᵐ.
81 1903 51 52 ©
162 1907 122 40 Mar.
313 1906 69 48 19,
411 1906 114 40 1929;
581 1906 69 41 2c.
678 1907 95 39 and
803 1906 83 41 aff.
916 1907 122 39 Mar.
1066 1906 84 47 20;
1181 1906 41 39 A
1251 1906 142 47 5962;
1426 1906 283 41 Macmillan
1736 1917 69 31 co.

160 1962 253 50 (29-7070)

82 2063 318 53 American
446 2065 187 69 digest
675 2066 156 51 main
875 2066 193 67 heads,
1113 2065 278 54 divisions
1437 2066 113 52 and
1594 2065 386 54 subdivisions
2023 2064 66 55 of

147 2139 399 55 classification
582 2141 219 53 scheme
837 2142 114 53 and
985 2159 166 51 scope
1185 2146 178 63 notes,
1397 2141 353 70 comprising
1784 2160 74 35 an
146 2142 1915 130 explanation

385 2218 64 53 of
484 2218 98 54 the
615 2220 238 67 scheme,
889 2219 95 54 the
1024 2219 187 69 digest
1247 2219 280 70 headings
1564 2219 142 53 with
1740 2219 152 54 their
1929 2220 157 53 main

148 2295 278 55 divisions
473 2297 114 53 and
634 2295 402 70 subdivisions,
1086 2298 113 52 and
1246 2302 370 63 scope-notes.
1692 2297 98 54 6th
1840 2298 84 54 ed.
2002 2297 84 56 St.

147 2375 166 69 Paul,
343 2375 160 56 West
535 2374 339 71 publishing
904 2394 98 50 co.,
1037 2377 150 52 1928.

145 2458 140 50 xxiii,
313 2459 174 41 25-131
514 2469 44 39 p.
616 2458 60 42 25ᶜᵐ.

81 2526 51 52 ©
160 2530 119 40 Nov.
305 2529 69 49 10,
400 2529 142 47 1928;
569 2529 68 42 2c.
663 2530 96 40 and
785 2529 84 41 aff.
896 2530 123 41 Mar.
1046 2529 68 48 18,
1141 2529 115 40 1929;
1313 2529 42 40 A
1382 2529 141 48 6029;
1554 2531 135 41 West
1716 2531 111 49 pub.
1855 2542 68 30 co.

161 2586 253 50 (29-7369)

82 2681 213 65 Ayres,
334 2682 174 63 Ruby
546 2682 270 54 Mildred.

149 2760 154 52 Love
335 2760 349 69 changes—I
717 2760 232 53 wonder
981 2759 165 70 why?
1225 2761 364 66 [Instalment
1622 2766 48 63 6]

162 2843 80 47 (In
272 2840 207 43 Modern
509 2839 143 43 home
682 2839 279 53 magazine,
990 2840 144 52 Mar.,
1164 2841 145 49 1929)

85 2908 2000 55 © 1c. Apr. 22, 1929; A ad int. 12587; pubd. Feb. 23; Doubleday, Doran
152 2969 36 40 &
218 2979 82 38 co.,
331 2969 106 48 inc.,
469 2969 195 41 Garden
695 2968 124 49 City,
850 2970 58 40 N.
939 2970 54 40 Y.
1881 2970 118 42 2535

82 3062 215 64 Bacon,
332 3062 145 54 Paul
511 3063 334 65 Valentine,
881 3064 173 54 1876-

148 3153 55 52 A
229 3172 124 34 new
381 3153 250 55 German
659 3172 293 51 grammar
981 3155 94 53 for
1101 3155 320 69 beginners.
1496 3155 138 54 Rev.
1665 3157 84 53 ed.
1817 3158 92 69 By
1938 3159 148 52 Paul

84 3231 1999 73 Valentine Bacon … Boston, New York [etc.] Allyn and
81 3309 417 67 Bacon [ ᶜ1 929]
222 3421 8 16 xx,
265 3390 99 48 397,
398 3389 56 41 92
487 3402 43 36 p.
590 3390 164 48 front.,
791 3392 143 42 illus.,
968 3393 174 39 double
1175 3403 127 37 map.
1362 3392 57 41 19½ᶜᵐ.

149 3460 156 41 Music:
371 3471 42 38 p.
448 3461 218 43 120-129.

86 3528 51 52 ©
170 3532 124 41 Mar.
325 3534 39 47 1,
396 3533 119 40 1929;
571 3533 68 40 2c.
672 3535 95 38 and
801 3533 83 42 aff.
919 3535 123 41 Mar.
1072 3534 83 47 20;
1190 3535 41 39 A
1263 3534 143 47 5995;
1442 3535 52 42 P.
1527 3536 55 41 V.
1614 3537 177 48 Bacon,
1827 3537 259 48 Wellesley

155 3589 145 48 Hills,
332 3590 149 40 Mass.
550 3589 253 51 (29-7419)

85 3683 244 65 Barker,
364 3683 288 65 Reginald
687 3685 62 54 C.

150 3774 122 53 The
303 3774 400 70 Hair-trigger
731 3775 204 67 brand,
966 3776 75 69 by
1072 3776 289 70 Reginald
1393 3775 62 57 C.
1489 3778 241 69 Barker,
1761 3779 323 56 illustrated

83 3850 73 68 by
186 3850 228 54 Harold
447 3851 133 55 Cue.
657 3853 236 67 Boston,
923 3853 65 53 L.
1023 3852 63 56 C.
1118 3854 158 68 Page
1307 3856 48 51 &
1386 3873 282 52 company
1725 3860 154 66 [1929]

153 3930 906 52 5 p. l. , 311 p. front., plates. 19½ᶜᵐ.
