2547 4384
1384 4018 102 53 944

400 390 240 61 Jordan,
673 387 192 54 David
897 387 191 62 Starr,
1124 389 173 52 1851-

469 456 1935 78 Your family tree, by David Starr Jordan … and Sarah
398 546 205 53 Louise
633 543 291 68 Kimball;
952 542 173 68 being
1156 560 29 33 a
1216 540 200 70 glance
1447 544 61 49 at
1536 537 274 56 scientific
1842 543 220 63 aspects
2092 536 64 54 of
401 537 1979 156 genealogy,

564 622 140 53 with
740 639 31 35 a
804 621 225 68 variety
1061 619 65 54 of
1159 618 349 55 illustrative
1542 616 288 69 examples
1866 616 152 53 from
2053 616 97 53 the
2186 615 219 69 lineage

400 701 64 55 of
503 699 253 55 families
796 699 328 69 prominent
1163 699 58 51 in
1263 697 267 54 America
1573 697 109 52 and
1727 694 180 56 Great
1948 694 250 54 Britain.
2274 693 135 55 New

403 779 163 55 York
593 780 112 53 and
736 777 260 69 London,
1024 778 72 53 D.
1127 775 296 70 Appleton
1455 776 110 53 and
1598 792 300 52 company,
1928 776 150 51 1929.

469 861 416 50 xi, 346 p. 21 ᶜᵐ .
502 929 337 44 “Authorities”
856 941 11 30 :
900 941 44 38 p.
964 930 220 42 327-328.

407 999 52 52 ©
486 1003 128 39 June
637 1003 70 45 21,
735 1000 140 49 1929;
903 1001 68 40 2c.
997 1000 128 39 June
1149 1001 83 47 24;
1261 998 83 42 aff.
1371 999 127 39 June
1524 999 83 46 22;
1637 998 41 39 A
1702 996 142 50 9809;
1923 1030 8 9 D.
1959 997 242 48 Appleton
2228 996 37 40 &
2318 1005 42 33 co.

487 1057 283 51 (29-13692)

406 1184 228 63 Kagey,
666 1181 250 56 Charles
948 1180 299 65 Claudius,
1282 1182 171 53 1870-

473 1260 230 53 Illinois
740 1260 110 53 law
885 1258 65 53 of
984 1258 119 53 real
1140 1263 296 64 property,
1471 1257 270 68 covering
1775 1256 95 54 the
1907 1255 281 54 decisions
2222 1255 64 52 of
2322 1254 95 52 the

406 1338 277 69 Supreme
715 1337 114 54 and
861 1337 313 68 Appellate
1206 1340 190 50 courts
1425 1335 65 53 of
1522 1334 231 54 Illinois
1786 1334 274 69 affecting
2092 1334 115 51 real
2242 1337 176 48 estate

405 1411 1838 74 law, by Charles Claudius Kagey … Kansas City, Mo.,
405 1412 1990 136 Vernon
547 1496 110 51 law
683 1493 151 54 book
861 1510 299 52 company,
1191 1493 152 53 1929.

478 1576 462 50 iv, 1089 p. 26 ᶜᵐ .
415 1647 52 52 ©
495 1651 114 46 May
633 1649 70 47 15,
729 1647 142 48 1929;
899 1648 67 39 2c.
994 1648 96 39 and
1116 1646 83 41 aff.
1227 1646 129 40 June
1380 1644 83 49 10;
1491 1645 41 40 A
1690 1655 10 38 8618;
1731 1645 48 42 C.
1808 1645 51 42 C.
1887 1645 184 48 Kagey,
2101 1641 317 49 Champaign,

484 1708 77 39 Ill.
631 1704 283 51 (29-13537)

412 1830 176 64 King,
626 1829 193 53 David
854 1829 291 53 Wooster.

480 1908 216 69 Living
712 1907 164 68 East,
895 1906 78 68 by
990 1905 195 53 David
1202 1905 265 54 Wooster
1484 1904 182 70 King;
1695 1904 398 70 photographs
2117 1904 77 69 by
2211 1902 212 55 Lowell

412 1987 266 52 Thomas.
755 1985 139 52 New
923 1983 182 69 York,
1134 1982 246 55 Duffield
1410 1984 46 51 &
1482 2001 301 52 company,
1813 1986 150 50 1929.

518 2065 1210 52 x p., 2 l., 3-265 p. front., plates, ports. 22 ᶜᵐ .
486 2141 139 47 Maps
646 2150 61 29 on
728 2137 366 51 lining-papers.

486 2197 41 39 A
550 2196 169 40 record
747 2195 52 39 of
824 2195 81 40 the
930 2193 219 41 author’s
1175 2194 295 41 adventures
1495 2194 50 39 in
1571 2194 143 40 India
1742 2195 96 40 and
1864 2193 348 48 Afghanistan.

420 2263 52 52 ©
498 2267 127 39 June
649 2266 68 46 15,
743 2264 116 41 1929;
913 2265 67 39 2c.
1006 2265 96 38 and
1128 2264 82 40 aff.
1238 2263 127 42 June
1390 2263 83 48 22;
1501 2264 41 39 A
1568 2264 115 40 8854;
1738 2263 207 42 Duffield
1974 2265 35 39 &
2061 2276 40 28 co.

499 2321 283 52 (29-13690)

420 2433 299 63 Klatzkin,
761 2432 209 55 Jakob.

418 2511 1853 121 … אוצר המונחים הפלוסופיים … ברלין [הוצאת
2116 2624 316 95 "אשכול"]
1794 2653 256 65 תרפ״ח

490 2766 492 51 2 pt. 23 ᶜᵐ . (v. 2
2088 2763 135 43 (אוצר
1857 2764 212 41 הכלונדדס
1559 2747 283 59 הפלוםופיים
1271 2748 262 57 ואנתולוגיה
1018 2748 227 57 פלופופית

490 2829 169 36 Added
692 2828 99 46 t.-p.
810 2836 9 28 :
856 2828 283 36 Thesaurus
1173 2827 364 46 philosophicus
1569 2827 197 45 linguae
1799 2826 258 41 hebraicae
2091 2828 48 37 et
2171 2827 182 38 veteris
2384 2827 48 38 et

425 2878 1947 55 recentioris, auctore Jac. Klatzkin … Berlin, Verlag “Eschkol”, 1928.
426 2946 1987 115 © June 1, 1928; 1c. each Feb. 5, 1929; A—Foreign 1926; Verlag “Eschkol” a. g. (29-13591)
430 3120 295 64 Kunerth,
759 3119 276 65 William,
1071 3123 172 52 1878-

497 3192 1934 77 A text-book of illumination, by William Kunerth … New
431 3274 181 69 York,
662 3275 56 53 J.
770 3275 193 68 Wiley
1013 3277 47 50 &
1109 3293 148 50 sons,
1308 3275 108 53 inc.;
1502 3276 261 68 London,
1816 3275 304 69 Chapman
2172 3279 48 49 &
2273 3276 160 69 Hall,

428 3353 243 68 limited,
700 3354 152 53 1929.

537 3431 1043 54 x, 269 p. illus., diagrs. 24 ᶜᵐ . $3.00
503 3501 352 43 “References”
883 3505 54 38 at
963 3504 93 39 end
1082 3503 54 40 of
1161 3504 129 41 most
1317 3504 54 40 of
1396 3505 85 39 the
1507 3505 244 48 chapters.

437 3569 52 52 ©
516 3574 127 40 June
668 3574 71 49 17,
764 3572 118 41 1929;
933 3574 68 41 2c.
1028 3574 127 40 June
1180 3575 83 48 21;
1291 3574 82 41 aff.
1402 3576 128 39 June
1556 3575 82 48 19;
1668 3576 41 39 A
1735 3574 142 50 9837;
1908 3577 72 41 W.
2007 3575 242 50 Kunerth,
2276 3575 159 49 Ames,

533 3640 42 32 Ia.
646 3628 281 51 (29-13524)

435 3736 229 65 Leiper,
696 3737 208 66 Henry
935 3738 215 66 Smith,
1185 3744 170 51 1891-

502 3813 179 54 Blind
713 3819 186 64 spots;
936 3820 381 63 experiments
1348 3817 60 52 in
1440 3817 96 53 the
1568 3817 271 55 self-cure
1870 3819 65 52 of
1966 3837 127 35 race
2126 3818 312 70 prejudice,

432 3886 2000 82 by Henry Smith Leiper. New York, Friendship press [ ᶜ 1929 ]
