2535 4403
1082 4027 99 48 503

118 385 301 64 Highway
445 383 277 53 research
751 382 201 54 board.

253 452 1866 78 … Report of investigation of Low cost improved roads, by
121 540 63 55 C.
210 541 69 52 N.
309 539 225 55 Conner.
612 543 79 63 pt,
719 541 48 49 2.
829 536 381 68 Proceedings
1238 534 63 53 of
1326 535 98 51 the
1446 533 234 53 seventh
1709 533 212 52 annual
120 537 1973 149 meeting

244 617 64 53 of
330 618 97 52 the
448 616 296 68 Highway
767 615 256 52 research
1046 613 198 67 board,
1266 612 134 52 held
1426 617 61 47 at
1507 611 405 68 Washington,
1936 611 72 51 D.
2037 608 82 68 C.,

118 686 2001 74 December 1-2, 1927. Ed. by Roy W. Crum … [Baltimore,
119 773 120 52 The
269 772 155 51 Lord
457 770 319 53 Baltimore
806 786 176 51 press,
1014 770 152 64 1928]

188 851 700 50 311 p. illus., diagrs. 25 ᶜᵐ.
189 925 65 38 At
292 924 124 39 head
456 922 53 40 of
547 922 136 40 title:
726 921 225 40 Division
991 920 52 40 of
1083 919 313 48 engineering
1434 922 94 38 and
1571 917 264 40 industrial
1878 916 240 48 research,

121 980 232 40 National
383 979 225 40 research
637 978 203 41 council.

123 1046 51 53 ©
201 1051 109 39 Jan.
336 1050 38 47 5,
400 1048 141 48 1929;
563 1049 73 40 2c.
662 1050 94 38 and
785 1047 82 41 aff.
895 1048 121 40 Mar.
1041 1047 56 39 22;
1152 1048 42 37 A
1218 1046 141 48 6363;
1391 1045 49 42 C.
1467 1046 55 41 N.
1550 1045 203 48 Conner,
1781 1044 337 48 Washington.

123 1172 269 64 Hubbell,
419 1174 138 51 Mrs.
587 1171 185 53 Grace
799 1172 133 51 Mae
967 1170 258 66 (Drake)
1262 1172 171 53 1871-
1648 1188 178 50 comp.

189 1245 1935 72 Recipes from foreign lands … copyrighted … by Grace
118 1324 2006 69 Drake Hubbell … [Cincinnati, O., The Jos. Berning printing
120 1407 311 65 co.] ᶜ1 928.
190 1484 556 52 29 p. 18 ᶜᵐ. $0.50
194 1557 292 40 “Published
517 1556 49 39 in
601 1557 81 39 the
712 1556 231 41 interests
975 1556 52 41 of
1057 1557 81 39 the
1170 1556 172 48 Young
1372 1554 208 50 people’s
1612 1556 322 48 department,
1967 1556 72 40 W.
2072 1556 52 41 F.

124 1615 61 40 M.
218 1613 59 48 S.,
310 1613 279 42 Cincinnati
618 1614 183 39 branch
834 1613 78 49 [M.
944 1614 53 39 E.
1028 1611 242 50 church].”

125 1680 52 52 ©
210 1684 101 41 Oct.
343 1685 40 46 4,
417 1684 116 41 1928;
590 1684 70 41 2c.
692 1684 123 40 Mar.
847 1683 69 47 21,
950 1682 140 48 1929;
1125 1682 81 42 aff.
1241 1684 123 39 Mar.
1397 1683 83 47 20;
1516 1684 42 38 A
1589 1683 142 48 7179;
1768 1684 153 40 Grace
1956 1684 165 39 Drake

191 1742 224 47 Hubbell,
448 1739 293 42 Cincinnati.
808 1738 250 51 (29-9010)

124 1835 272 63 Hulbert,
433 1834 230 53 Archer
697 1834 226 64 Butler,
963 1836 171 53 1873-

193 1912 316 68 Frontiers,
548 1912 96 53 the
685 1912 199 69 genius
925 1911 65 54 of
1027 1911 309 54 American
1377 1912 367 70 nationality,
1784 1913 76 69 by
1901 1913 224 53 Archer

123 1991 205 52 Butler
362 1990 267 53 Hulbert.
703 1990 236 67 Boston,
974 1990 197 67 Little,
1209 1990 232 67 Brown,
1479 1991 114 52 and
1631 2009 299 49 company,
1971 1994 151 50 1929.

223 2071 608 50 x p., 2 l., [3]-266 p. 22½ ᶜᵐ.
126 2139 1979 109 © Apr. 9, 1929; 2c. and aff. Apr. 11; A 6490; Little, Brown, and company. (29-9117)
128 2293 252 64 Huxley,
411 2293 225 53 Aldous
663 2294 288 64 Leonard,
984 2298 170 50 1894-

194 2372 219 54 Arabia
448 2371 226 70 infelix,
708 2374 112 52 and
856 2373 163 53 other
1054 2390 210 52 poems,
1294 2374 76 69 by
1405 2373 223 54 Aldous
1662 2374 252 54 Huxley.
1985 2375 139 52 New

126 2450 180 69 York,
333 2451 120 53 The
481 2451 291 53 Fountain
799 2469 185 50 press;
1011 2452 260 68 London,
1301 2451 211 55 Chatto
1541 2453 113 52 and
1679 2452 265 68 Windus,
1973 2455 150 50 1929.

192 2532 545 49 4 p. l ., 35, [1] p. 24½ ᶜᵐ.
197 2601 115 41 “Six
335 2602 223 39 hundred
583 2603 95 39 and
703 2602 285 48 ninety-two
1011 2603 160 48 copies
1195 2603 192 48 printed
1413 2607 52 37 at
1488 2605 82 39 the
1595 2605 195 39 Harbor
1816 2615 148 37 press,
1990 2606 138 39 three

124 2658 221 40 hundred
382 2658 160 48 copies
578 2658 81 40 for
691 2658 239 48 America,
968 2659 294 41 distributed
1300 2660 62 48 by
1398 2661 221 40 Random
1657 2662 164 48 house,
1858 2661 110 41 title
2007 2672 119 38 page

125 2714 280 40 decoration
441 2715 60 47 by
533 2714 217 40 William
784 2715 61 41 H.
879 2715 188 48 Cotton,
1102 2717 119 39 each
1255 2727 120 37 copy
1407 2717 168 48 signed
1609 2718 61 47 by
1705 2719 81 39 the
1820 2718 222 41 author.”

130 2780 52 52 ©
214 2786 121 39 Mar.
363 2785 70 46 25,
463 2785 141 47 1929;
635 2786 68 40 2c.
734 2787 93 38 and
860 2785 82 42 aff.
973 2787 112 47 Apr.
1116 2788 81 40 13;
1230 2787 39 39 A
1300 2787 141 41 6513:
1477 2789 244 39 Fountain
1753 2799 150 38 press.

207 2841 251 49 (29-9138)

125 2935 235 63 Imhoff,
395 2934 163 66 Karl,
596 2940 171 51 1876-

125 3011 1977 131 The arithmetic of sewage treatment works, by Karl Imhoff …
368 3089 333 54 authorized
727 3092 344 53 translation
1100 3092 151 54 from
1279 3094 98 53 the
1401 3094 252 54 German
1679 3095 76 69 by
1783 3095 236 55 Gordon
2046 3097 80 53 M.

125 3166 2002 76 Fair … New York, J. Wiley & sons, inc.; London, Chapman
125 3246 47 51 &
198 3244 163 69 Hall,
389 3245 241 69 limited,
661 3249 151 50 1929.

199 3328 1442 52 2 p. l ., iii-viii, 99 p. illus., diagrs. 18½ ᶜᵐ. $2.00
200 3397 160 39 Based
410 3398 188 47 largely
650 3409 61 28 on
762 3400 81 38 the
896 3400 218 40 author’s
1167 3401 210 40 German
1428 3403 136 39 work
1617 3404 378 41 “Taschenbuch
2043 3407 86 39 der

128 3452 550 50 Stadtentwässerung”,
710 3453 62 48 cf.
801 3454 231 42 Author’s
1061 3456 123 47 pref.

199 3508 377 49 Bibliography:
610 3520 44 38 p.
686 3510 70 41 91.

131 3574 52 52 ©
220 3580 122 39 Mar.
376 3580 69 47 27,
481 3580 141 47 1929;
660 3581 68 40 2c.
763 3581 115 48 Apr.
912 3582 53 44 1;
1002 3582 82 40 aff.
1123 3584 122 40 Mar.
1281 3583 82 43 29;
1402 3585 39 38 A
1479 3585 140 47 6289;
1661 3587 193 40 Gordon
1892 3590 62 40 M.
1993 3589 130 48 Fair,

200 3634 301 50 Cambridge,
534 3637 149 40 Mass.
752 3636 250 51 (29-9009)

132 3728 431 55 International
601 3732 191 53 travel
827 3731 226 66 league.

204 3808 120 53 The
367 3808 424 56 International
833 3814 183 51 travel
1058 3813 198 69 league
1299 3833 287 51 program.
1669 3816 328 71 Cleveland,
2042 3818 86 67 O.,

133 3885 1249 74 The International travel league [ ᶜ1 929]
201 3966 443 50 4 p. l ., 63 p. 29 ᶜᵐ.
