2533 4342
1330 3979 138 52 2052

380 334 325 65 Christian,
736 334 257 55 William
1026 335 146 65 Gay,
1208 340 170 50 1862-

448 414 56 52 A
527 413 271 52 textbook
823 412 65 53 of
912 413 345 70 physiology
1284 413 95 52 for
1406 431 212 51 nurses,
1643 413 77 68 by
1744 412 262 56 William
2033 413 128 69 Gay

380 412 2005 134 Christian … and Charles C. Haskell … 2d ed. St. Louis. The
381 568 61 54 C.
472 569 70 53 V.
567 567 206 69 Mosby
798 586 299 52 company,
1125 571 149 50 1929.

451 648 1195 49 153 p. incl. front., illus col. plates. 20½ ᶜᵐ .
390 715 1911 53 © Nov. 36, 1929; 2c. Dec. 2; aff. Nov. 29; A 13068; C. V. Mosby co.
467 775 281 49 (29-29690)

383 867 194 65 Clark,
606 868 200 53 Elmer
834 868 301 65 Talmage,
1169 874 169 50 1886-

455 947 121 54 The
625 948 213 53 church
890 949 114 53 and
1056 949 96 54 the
1204 949 180 53 world
1435 948 216 69 parish,
1702 948 77 70 by
1830 947 198 54 Elmer
2076 948 66 52 T.
2198 946 194 57 Clark.

382 1025 315 68 Nashville,
753 1027 196 68 Tenn.,
1006 1028 195 52 Board
1256 1026 64 54 of
1372 1025 283 72 missions,
1707 1026 318 54 Methodist
2078 1025 312 70 Episcopal

382 1106 229 68 church,
645 1105 200 69 South,
878 1108 151 50 1929.

456 1184 368 50 315 p. 18½ ᶜᵐ .
459 1255 351 41 “References”
838 1256 52 39 at
919 1256 83 40 the
1030 1256 92 41 end
1151 1255 54 41 of
1232 1255 119 42 each
1380 1256 216 48 chapter.

393 1323 52 52 ©
471 1328 119 39 Nov.
618 1327 68 48 11,
715 1328 140 44 1929;
884 1328 67 40 2c.
979 1328 118 40 Nov.
1125 1327 83 46 26;
1239 1327 83 40 aff.
1349 1328 119 40 Nov.
1495 1328 83 46 25;
1609 1327 40 39 A
1678 1327 170 47 16359;
1882 1328 51 38 B.
1964 1327 52 40 T.
2046 1326 161 48 Clark,

460 1326 1913 104 Nashville,
620 1384 149 40 Tenn.
840 1383 282 48 (29-29850)

413 1476 194 64 [Clark,
640 1479 138 52 Mrs.
811 1477 196 53 Mabel
1039 1478 308 63 Margaret
1389 1476 255 66 (Cowie)]

388 1552 1981 132 Small rain, by Lesley Storm [pseud.] … London [etc.] Cassell
520 1632 112 52 and
662 1649 298 52 company,
990 1632 104 53 ltd.
1152 1634 151 65 [1929]

463 1712 730 51 5 p. l. , 3-311, [1] p. 19½ ᶜᵐ .
396 1780 1995 53 © 1c. Dec. 19, 1929; A ad int. 13422; pubd. Oct. 31; M. M. C. Clark,
463 1840 211 41 London.
747 1840 221 49 (30-548)

389 1933 325 66 Cornelius,
744 1935 198 53 Asher
968 1936 191 64 Lynn,
1193 1937 168 54 1879-

459 2012 1877 74 Michigan law of land contracts, by Asher L. Cornelius …
389 2093 72 52 2d
496 2093 84 52 ed.
658 2092 270 69 Chicago,
965 2092 322 70 Callaghan
1325 2095 110 52 and
1470 2111 300 51 company,
1805 2095 149 51 1929.

462 2171 483 49 lxvi, 759 p. 24 ᶜᵐ .
464 2242 135 41 First
630 2242 184 41 edition
845 2243 258 48 published
1136 2241 114 42 1922
1285 2245 153 39 under
1470 2243 136 41 title:
1641 2244 102 40 The
1775 2244 96 40 law
1903 2243 54 40 of
1987 2244 116 39 land
2137 2244 260 39 contracts.

398 2309 52 52 ©
480 2313 113 41 Dec.
622 2313 40 49 6,
691 2313 141 48 1929;
863 2315 68 40 2c.
963 2316 96 39 and
1088 2314 83 41 aff.
1200 2315 113 40 Dec.
1344 2315 82 47 31;
1459 2315 41 39 A
1529 2314 172 47 16369;
1734 2314 275 49 Callaghan
2037 2314 36 40 &
2103 2324 67 30 co.

474 2368 281 49 (29-29701)

394 2462 159 67 [Cox,
583 2462 290 66 Anthony
900 2465 309 68 Berkeley]
1245 2470 172 50 1893-

459 2543 122 53 The
613 2543 272 68 poisoned
916 2545 316 54 chocolates
1262 2563 139 48 case,
1430 2545 76 70 by
1535 2544 280 70 Anthony
1846 2543 279 69 Berkeley
2184 2542 211 70 [pseud.]

457 2619 1945 73 … Garden City, N. Y., Pub. for The Crime club, inc., by
393 2699 356 70 Doubleday,
774 2700 201 54 Doran
1003 2703 46 50 &
1075 2719 299 52 company,
1399 2701 127 70 inc.,
1556 2703 151 53 1929.

460 2780 565 49 4 p. l. , 299 p. 19½ ᶜᵐ .
464 2837 68 39 “A
563 2837 160 47 Roger
756 2837 323 49 Sheringham
1113 2837 238 41 detective
1383 2837 178 48 story.”

464 2893 162 41 “First
657 2893 228 41 edition.”

400 2945 1999 54 © Nov. 18, 1929; 2c. and aff. Dec. 18; A 16590; Doubleday, Doran &
467 3017 82 37 co.,
579 3006 92 42 inc.
738 3005 283 50 (29-29976)

393 3098 287 65 D’Orsay,
713 3100 304 53 Laurence
1049 3101 69 55 R.

463 3176 271 71 Landing
763 3179 94 52 the
889 3179 231 53 editors’
1150 3180 225 66 checks;
1409 3180 237 69 writing
1676 3182 112 52 and
1819 3180 207 69 selling
2052 3199 146 51 your
2226 3184 176 65 story,

393 3254 75 70 by
498 3255 291 56 Laurence
820 3257 67 53 R.
921 3257 283 68 D’Orsay.
1278 3258 228 55 Kansas
1538 3258 153 70 City,
1722 3259 134 68 Mo.,

394 3258 1983 145 Burton publishing company [ ᶜ192 8]
464 3414 608 49 2 p. l. , 7-307 p. 20½ ᶜᵐ .
403 3466 52 52 ©
484 3471 113 41 Dec.
625 3471 69 47 28,
724 3471 142 47 1928;
897 3472 68 42 2c.
996 3473 118 39 Nov.
1144 3472 69 49 14,
1244 3472 141 48 1929;
1417 3472 83 42 aff.
1529 3473 119 41 Nov.
1680 3474 81 46 13;
1794 3473 42 39 A
1865 3473 171 47 16357;
2069 3474 190 39 Burton
2288 3473 111 47 pub.

469 3537 67 30 co.
607 3526 281 49 (29-29544)

396 3619 306 66 Edwards,
731 3620 155 54 John
917 3622 202 64 Hugh,
1152 3628 172 50 1854-

465 3695 195 54 David
718 3696 187 70 Lloyd
962 3698 252 70 George;
1274 3701 97 52 the
1428 3720 133 34 man
1620 3701 114 53 and
1790 3701 98 53 the
1945 3706 326 60 statesman,
2329 3699 76 69 by

397 3776 56 54 J.
485 3776 182 69 Hugh
697 3776 302 70 Edwards,
1085 3823 9 9 M.
1165 3822 28 20 P.,
1222 3781 138 52 with
1394 3801 71 33 an
1497 3781 389 53 introduction
1914 3782 77 68 by
2021 3781 195 55 James
2246 3779 155 55 John

396 3851 1897 75 Davis … New York, J. H. Sears & company, inc. [ᶜ192 9]
