2542 4389
1027 3988 133 50 1085

118 321 187 65 Rhys,
338 322 167 54 Jean.

184 399 263 68 Quartet,
497 418 31 33 a
576 400 185 67 novel,
809 399 76 68 by
935 399 143 54 Jean
1134 398 176 69 Rhys.
1398 398 140 53 New
1589 398 180 68 York,
1823 397 200 56 Simon
2074 401 46 50 &

114 475 288 69 Schuster,
431 477 126 70 inc.,
588 478 151 52 1929.

183 558 560 49 3 p. l., 228 p. 19½ ᶜᵐ .
185 628 200 40 London
410 628 185 41 edition
632 627 204 49 (Chatto
866 629 36 40 &
929 628 231 48 Windus)
1198 629 91 39 has
1316 628 137 40 title:
1486 629 245 40 Postures.

120 697 52 52 ©
203 701 111 40 Jan.
345 701 69 48 17,
446 701 115 40 1929;
619 701 69 40 2c.
719 702 96 39 and
848 700 83 42 aff.
965 702 110 40 Jan.
1106 701 57 39 21;
1223 701 43 39 A
1326 699 85 41 1929;
1478 699 163 42 Simon
1673 699 37 41 &
1745 699 246 46 Schuster,
2025 699 92 41 inc.

197 758 280 49 (29-14910)

120 853 406 69 [Richardson,
556 853 210 54 Albert
800 854 239 67 Ernest]
1078 859 173 49 1868-

181 934 151 52 How
367 938 59 47 to
460 933 167 53 know
663 933 155 67 God;
857 931 370 55 meditations
1265 951 72 33 on
1372 932 96 52 the
1504 937 178 47 secret
1716 931 65 53 of
1816 931 113 55 His
112 950 1984 131 presence,

290 1009 1825 70 by an unknown Christian … New York, Chicago [etc.]
111 1089 267 70 Fleming
403 1091 77 53 H.
509 1090 198 52 Revell
735 1107 283 51 company
1049 1091 193 66 [ᶜ1929]

181 1147 363 73 128 p. 19½ ᶜᵐ .
118 1240 52 52 ©
205 1244 126 40 June
364 1244 39 48 8,
436 1243 141 47 1929;
612 1244 68 40 2c.
715 1243 96 40 and
844 1242 83 40 aff.
962 1243 128 39 June
1121 1242 83 41 24;
1242 1241 40 39 A
1315 1241 141 47 9802;
1495 1241 221 48 Fleming
1748 1241 62 40 H.
1845 1240 168 39 Revell
2047 1250 67 30 co.

195 1301 282 49 (29-15064)

112 1397 307 64 Rinsland,
453 1397 206 63 Henry
692 1395 228 56 Daniel.

179 1475 122 52 The
345 1475 284 52 Rinsland
674 1473 250 69 spelling
967 1473 149 53 book
1163 1472 94 53 for
1301 1472 206 69 grades
1553 1477 112 48 two
1710 1476 60 49 to
1818 1471 177 70 eight,
2041 1472 77 69 by

107 1549 1947 72 Henry D. Rinsland … and Martha O’Daniel Rinsland …
110 1629 1443 68 Norman, Okl., Rinsland and Rinsland [ ᶜ1 929]
180 1711 526 50 3 p. l., 161 p. 19 ᶜᵐ .
181 1782 264 41 Published
471 1783 103 39 also
601 1781 49 41 in
678 1782 27 39 2
731 1784 120 40 vols.

181 1839 377 49 Bibliography:
587 1850 44 38 p.
659 1838 100 42 2-3.

115 1907 52 52 ©
201 1911 114 49 Apr.
349 1911 69 48 30,
455 1911 140 47 1929;
630 1911 69 41 2c.
734 1911 96 39 and
865 1910 82 42 aff.
983 1911 127 39 June
1144 1911 83 45 28;
1265 1910 40 38 A
1342 1909 142 40 10117;
1550 1909 62 41 H.
1646 1910 57 40 D.
1740 1909 239 39 Rinsland
2015 1909 98 39 and

182 1969 196 41 Martha
408 1967 233 43 O’Daniel
671 1968 254 46 Rinsland,
956 1967 230 49 Norman,
1218 1966 107 42 Okl.
1393 1965 281 50 (29-15014)

112 2065 215 64 Roger,
358 2064 261 64 Georges
650 2064 243 64 Eugène
927 2064 205 54 Henri.

243 2140 1364 55 … Nouveau traité de médecine. fasc. XVI.
1650 2139 343 70 Pathologie
2036 2139 76 53 du

115 2223 116 52 foie
261 2228 54 47 et
346 2223 96 53 des
475 2221 152 55 voies
656 2221 272 54 biliaires.
1004 2220 186 69 Paris,
1223 2221 231 52 Masson
1486 2227 54 47 et
1573 2220 116 63 cie.,
1725 2223 149 50 1928.

180 2300 1845 51 viii p., 2 l., 1048 p. illus., plates (part col.) tables, diagrs. 20 ᶜᵐ .
111 2356 1888 52 © Nov. 17, 1928; 1c. June 7, 1929; A— Foreign 3483; Masson & cie.
110 2470 302 64 Romains,
442 2470 182 65 Jules,
659 2475 172 50 1885-

181 2549 247 55 Théâtre
471 2552 68 52 de
582 2550 166 55 Jules
790 2549 291 54 Romains.
1181 2552 39 52 [t.
1267 2553 48 64 5]
1367 2549 279 69 Volpone,
1691 2569 67 33 en
110 2546 1980 135 collaboration

282 2648 133 34 avec
464 2627 206 56 Stefan
718 2628 191 70 Zweig
957 2628 224 68 d’après
1232 2630 118 51 Ben
1403 2628 236 53 Jonson.
1714 2627 81 54 Le
1844 2626 271 70 déjeuner

109 2707 1630 69 marocain. Paris, Nouvelle revue française [ ᶜ 1929]
200 2788 783 50 4 p. l., [11]-182 p., 4 l. 19 ᶜᵐ .
109 2841 1997 53 © Feb. 17, 1929; 1c. May 17; A— Foreign 3485; Librairie Gallimard,
176 2902 156 42 Paris.

103 2997 314 66 Romanes,
449 2998 169 54 Alva.

177 3078 121 52 The
339 3079 208 68 golden
587 3097 192 51 years;
823 3098 31 33 a
896 3079 146 68 lyric
1080 3084 160 62 story
1281 3078 63 54 of
1386 3080 143 68 love,
1569 3078 231 53 written
1839 3079 75 69 by
1953 3077 155 54 Alva

104 3155 300 70 Romanes,
436 3157 324 53 illustrated
790 3158 76 68 by
895 3157 260 53 Howard
1188 3156 216 56 Simon.
1484 3156 117 56 San
1630 3156 324 70 Francisco,
1985 3156 122 52 The

104 3234 163 54 Book
296 3253 174 50 press,
503 3237 150 52 1928.

170 3308 1419 57 5 p. l., 17-55, [1] p. incl. col. front., col. illus. 28 ᶜᵐ .
171 3373 184 41 Poems.

169 3429 146 40 “This
354 3429 186 41 edition
577 3429 43 40 is
658 3429 188 40 limited
887 3432 49 38 to
977 3432 95 38 two
1112 3430 222 40 hundred
1376 3430 37 40 &
1452 3429 113 48 fifty
1605 3430 160 48 copies
1806 3430 194 48 printed
2043 3442 60 29 on

101 3485 182 40 Italian
319 3486 273 39 handmade
628 3496 163 37 paper,
828 3486 52 40 of
914 3486 160 40 which
1110 3488 95 38 two
1242 3486 222 40 hundred
1500 3486 96 40 and
1634 3488 80 38 ten
1748 3486 160 48 copies
1942 3487 161 41 bound

96 3541 49 39 in
175 3541 109 40 half
310 3544 178 38 vellum
519 3543 93 39 and
641 3541 170 41 fifteen
839 3542 160 48 copies
1026 3543 159 39 bound
1214 3542 51 40 in
1292 3542 94 40 full
1414 3543 178 39 vellum
1622 3553 82 29 are
1733 3545 48 38 to
1810 3543 57 39 be
1894 3543 149 40 sold.”

103 3594 52 52 ©
184 3598 112 40 Dec.
325 3599 68 46 12,
422 3598 139 47 1928;
589 3599 68 40 2c.
687 3599 95 40 and
812 3599 82 41 aff.
924 3599 116 47 July
1069 3598 69 49 10,
1168 3598 140 47 1929;
1339 3599 41 39 A
1408 3599 171 47 10165;
1612 3599 128 40 John
1769 3599 198 49 Litster,
2001 3599 97 42 San

171 3655 275 41 Francisco.
512 3655 280 50 (29-14924)

100 3748 259 66 Schultz,
392 3750 153 53 Alan
577 3751 244 54 Brener.

224 3827 1873 71 … Private secretary, the story of Mary Linden. New York,
95 3903 199 55 Simon
322 3906 112 52 and
465 3905 288 70 Schuster,
783 3909 150 51 1929.
