2512 4377
1232 4022 100 49 646

345 458 217 40 2 v. 24 ᶜᵐ.
279 523 1994 108 © Nov. 20, 1928; 1c. each Mar. 2, 1929; A—Foreign 2033; Georg Bondi. (29-10501)
281 679 182 61 Heye,
501 678 207 60 Artur,
749 682 170 49 1885-

348 755 189 52 Meine
600 755 189 64 brüder,
856 754 293 51 bilderbuch
1176 754 153 51 einer
1357 754 207 66 langen
1595 751 161 52 fahrt
1785 752 178 52 durch
279 751 1973 132 befremdliche,

278 828 1976 148 lä nder und zeiten, von Artur Heye. Berlin, Safari-verlag [ ᶜ 1928]
349 990 577 51 263. [1] p. illus. 20 ᶜᵐ.
281 1059 1995 51 © Oet. 29, 1928; 1c. Jan. 11. 1929; A—Foreign 1264; Safari-verlag,
348 1128 42 36 g.
420 1129 60 29 m.
511 1118 41 40 b.
620 1150 7 7 h.
696 1117 282 49 (29-10403)

275 1212 231 62 Horler,
545 1212 255 62 Sydney,
844 1216 170 49 1888-

351 1289 1927 71 The worst man in the world, Paul Vi vanti again, by Sydney
280 1371 228 51 Horler.
584 1370 258 64 London,
874 1369 240 52 Hodder
1143 1370 109 51 and
1289 1368 320 68 Stoughton
1642 1369 222 52 limited
1902 1371 172 64 [1929]

345 1451 84 38 314
458 1461 41 37 p.
561 1449 144 41 19½ᶜᵐ.

350 1522 262 38 “Previous
657 1522 295 38 adventures
995 1521 49 38 of
1087 1522 83 39 Dr.
1214 1522 118 38 Paul
1423 1521 155 40 Vivanti
1623 1521 48 38 in
1716 1522 209 38 outlawry
2002 1522 121 38 have
2165 1522 116 38 been

278 1580 229 39 narrated
534 1579 48 38 in
671 1578 136 40 Vivanti
834 1579 94 39 and
957 1579 100 38 The
1083 1580 214 45 mystery
1324 1579 51 38 of
1400 1588 75 31 no.
1501 1578 70 40 1.”

281 1646 1978 108 © 1c. May 2, 1929; A ad int. 12617; pubd. Mar. 7; S. Horler. Bournemoutli, Hants, England. (29-11092)
282 1801 265 58 Hueffer,
583 1799 197 53 Oliver
814 1800 234 64 Madox,
1085 1800 170 54 1877-

347 1879 218 52 French
621 1880 234 56 France,
908 1880 71 67 by
1031 1878 199 54 Oliver
1280 1879 212 52 Madox
1545 1878 267 56 Hueffer;
1871 1879 283 53 foreword
2206 1880 67 66 by

279 1957 316 52 Katherine
643 1957 229 52 Woods.
949 1958 137 51 New
1137 1957 178 60 York,
1362 1957 70 53 D.
1482 1957 292 67 Appleton
1826 1959 110 51 and
1986 1975 298 51 company,

283 2039 144 49 1929.

348 2116 364 49 xi, 283 p. 22½ ᶜᵐ.
282 2184 51 51 ©
413 2200 22 26 May
498 2189 38 42 1,
564 2187 118 39 1929;
731 2188 67 40 2c.
824 2188 95 38 and
945 2187 82 40 aff.
1106 2197 61 37 May
1192 2187 25 38 2;
1273 2187 40 38 A
1339 2186 113 40 6895;
1509 2187 56 39 D.
1591 2187 239 47 Appleton
1857 2187 36 39 &
1918 2198 66 29 co.
360 2243 280 46 (29-10191)

282 2339 203 50 Huron
523 2337 308 52 Mountain
868 2337 148 54 club.

350 2416 119 51 The
505 2415 146 51 book
687 2415 64 51 of
787 2415 205 51 Huron
1031 2415 333 60 Mountain;
1405 2433 25 33 a
1473 2415 296 52 collection
1807 2414 64 53 of
1908 2432 206 50 papers
280 2433 1974 128 concerning

546 2493 94 51 the
676 2493 221 68 history
930 2492 63 51 of
1027 2493 94 51 the
1156 2492 204 52 Huron
1399 2493 303 51 Mountain
1739 2492 128 52 club
1904 2493 112 51 and
2051 2492 95 52 the
280 2510 1972 128 antiquities
574 2571 109 51 and

727 2571 92 51 the
859 2571 228 51 natural
1129 2571 220 67 history
1389 2569 64 52 of
1491 2570 95 52 the
1628 2571 216 66 region,
1883 2570 278 68 prepared
2205 2568 74 70 by

280 2649 96 51 the
419 2647 409 55 Conservation
876 2648 347 64 committee;
1270 2647 189 53 edited
1503 2648 74 68 by
1622 2648 235 67 Bayard
1902 2648 76 52 H.
2027 2647 250 69 Christy.

285 2727 221 66 [Huron
542 2726 324 65 Mountain,
897 2725 193 67 Mich.]
1129 2726 120 51 The
1284 2724 165 68 Club,
1485 2729 149 48 1929.

349 2807 1294 49 5 p. l., 216 p., 1 l. front., plates, fold. map. 20½ ᶜᵐ.
350 2878 234 43 Contains
614 2878 393 48 bibliographies.

283 2944 52 51 ©
362 2949 114 46 Apr.
502 2948 55 39 20,
598 2948 117 39 1929;
767 2949 67 40 2c.
863 2950 95 38 and
986 2948 80 40 aff.
1150 2960 60 36 May
1238 2950 23 37 1;
1319 2949 40 38 A
1388 2948 113 41 7844;
1559 2950 170 39 Huron
1761 2949 253 40 Mountain
2046 2950 121 39 club.
361 3004 279 48 (29-10450)

284 3099 238 58 Hutter,
555 3098 286 57 Theodor,
879 3104 170 49 1860-

407 3173 1871 71 … Gedichte, fünfzig ausgewählte lieder. Herausgegeben v.
278 3252 155 51 Theo
460 3251 175 52 Erich
662 3252 242 59 Hutter;
932 3252 418 52 buchschmuek
1376 3271 49 34 v.
1452 3254 272 51 Wilhelm
1750 3254 181 51 Koch.
1997 3258 131 47 1.-3.

277 3261 1971 138 tausend. Reichenberg i. B., Gebrüder Stiepel ges. m. b. h. ,[ ᶜ 1928]
351 3412 907 47 125 p., 1 l. incl. illus., plates. 19 ᶜᵐ.
283 3463 1989 54 © Oct. 12, 1928; 1c. Feb. 5, 1929; A—Foreign 1804; Gebrüder Stiepel,
351 3533 95 39 ges,.
474 3534 60 29 m.
561 3523 43 40 b.
633 3523 45 39 h.
745 3524 280 48 (29-10631)

283 3616 160 55 Inge,
476 3615 254 52 William
764 3617 209 62 Ralph,
1008 3622 168 48 1860-

347 3692 1924 72 Labels & libels, by William Ralph Inge … New York and
279 3770 257 63 London,
565 3769 233 68 Harper
826 3772 45 50 &
899 3771 277 66 brothers,
1209 3774 149 49 1929.

350 3852 595 49 viii p., 1 l., 262 p. 20 ᶜᵐ.
352 3908 195 39 London
574 3908 183 41 edition
794 3908 210 47 (Cassell
1032 3910 94 39 and
1154 3920 236 37 company
1412 3910 214 45 limited)
1661 3912 89 39 has
1777 3911 135 41 title:
1941 3913 333 41 Assessments

280 3964 95 39 and
404 3963 363 49 anticipations.
