2512 4377
1318 4055 101 49 530

355 398 474 64 Ashton-Wolfe,
860 399 219 61 Harry.

423 477 122 52 The
574 475 328 53 untamable
932 474 151 53 rebel
1114 474 65 53 of
1208 474 184 53 Paris.

433 560 83 48 (In
544 554 263 45 Pearson’s
839 552 276 55 magazine,
1146 554 134 52 May,
1313 552 143 52 1929)

357 613 52 52 ©
472 628 37 29 1c.
541 617 115 46 May
686 616 69 47 11,
788 615 118 40 1929;
964 615 41 39 A
1037 616 62 39 ad
1131 614 87 41 int.
1252 614 143 40 12661;
1459 615 142 47 pubd.
1636 614 113 47 May
1783 614 24 38 1;
1872 612 197 48 Christy
2103 612 37 40 &
2173 613 176 47 Moore,

422 674 101 47 ltd.,
553 673 213 40 London.

355 766 267 63 Aurand,
651 766 256 53 Ammon
939 766 260 63 Monroe,
1234 767 170 54 1870-

428 844 121 52 The
582 842 367 69 “pow-wow”
978 843 177 67 book;
1191 862 32 34 a
1256 843 232 53 treatise
1521 861 73 34 on
1628 844 95 51 the
1759 847 89 48 art
1883 839 65 56 of
1981 841 266 70 “healing
2278 841 77 69 by

357 921 244 69 prayer”
652 922 113 52 and
816 919 234 71 “laying
1099 940 72 34 on
1222 920 64 54 of
1334 920 239 68 hands”,
1624 925 121 63 etc.,
1794 919 290 69 practiced
2133 919 77 69 by
2258 919 96 53 the

357 998 737 69 Pennsylvania-Germans
1135 1000 113 52 and
1289 999 218 67 others;
1549 998 407 67 testimonials;
2001 997 355 54 remarkable

357 1077 338 67 recoveries;
738 1078 248 67 popular
1026 1077 429 68 superstitions;
1501 1082 120 62 etc.,
1663 1076 301 70 including
2004 1094 74 35 an
2120 1085 238 44 account

358 1155 64 53 of
448 1156 95 52 the
573 1154 226 54 famous
828 1154 242 53 “witch”
1098 1156 232 52 murder
1357 1155 156 68 trial,
1541 1160 57 47 at
1629 1154 182 69 York,
1837 1155 122 67 Pa.,
1986 1154 76 70 by
2090 1154 72 53 A.
360 1154 1971 132 Monroe

487 1231 1871 71 Aurand, jr. … containing also the complete collection of
359 1311 273 53 remedies
661 1312 114 51 and
804 1329 158 35 cures
991 1311 57 52 in
1081 1311 157 54 John
1270 1310 222 70 George
1522 1310 320 55 Hohman’s
1874 1310 388 68 “Pow-wows,
2294 1330 63 33 or

358 1389 166 70 Long
562 1390 111 52 lost
717 1388 257 68 friend”;
1020 1389 60 52 in
1123 1390 247 67 popular
1411 1407 96 36 use
1550 1389 150 54 since
1749 1392 149 50 1820.
1978 1388 381 71 Harrisburg,

360 1468 121 68 Pa.,
507 1467 158 53 Priv.
694 1466 176 69 print,
896 1467 76 69 by
997 1467 122 53 The
1145 1467 244 53 Aurand
1417 1486 176 50 press,
1621 1470 150 50 1929.

467 1548 1380 50 x, 85, [1], 31, [1], xi, 13-64 p. incl. front., illus. 24 ᶜᵐ.
360 1605 1981 98 “An account of the ‘witch’ murder trial” … and “John George Hohman’s
553 1664 282 39 Pow-wows;
904 1673 66 38 or,
1014 1662 132 49 Long
1184 1664 96 39 lost
1320 1662 192 41 friend”
1554 1663 124 40 have
1719 1662 181 49 special
1943 1663 276 48 title-pages
2263 1664 95 40 and

360 1719 300 50 pagination.

432 1777 311 41 “Pow-wows;
801 1788 55 29 or
883 1777 135 48 Long
1044 1778 96 40 lost
1169 1776 192 41 friend”
1395 1787 100 30 was
1525 1776 256 50 published
1811 1777 49 39 in
1892 1776 115 41 1819
2037 1778 154 40 under
2221 1777 109 41 title:

362 1836 99 40 Der
498 1836 142 46 lange
680 1835 294 47 verborgene
1013 1834 193 47 freund,
1246 1835 142 39 oder:
1433 1834 237 40 Getreuer
1709 1835 98 39 und
1848 1833 310 41 christlicher
363 1836 1981 96 unterricht
514 1892 84 39 für
626 1892 303 47 jedermann.

434 1948 147 39 “This
622 1948 186 40 edition
850 1948 52 40 of
944 1948 82 40 the
1072 1947 282 41 ‘Pow-wow’
1400 1948 123 39 book
1566 1947 43 41 is
1653 1946 190 41 limited
1888 1949 50 39 to
1982 1958 89 30 one
2116 1947 244 41 thousand

364 2005 159 48 copies;
588 2015 88 30 one
713 2005 220 40 hundred
972 2005 169 47 signed
1176 2005 62 47 by
1274 2004 82 41 the
1393 2004 192 41 author.
1645 2003 119 41 This
1802 2004 41 40 is
1881 2015 76 31 no.
1994 2002 129 42 241.”

432 2061 379 48 Bibliography:
843 2072 45 37 p.
916 2061 62 41 vi.

364 2115 52 53 ©
446 2120 113 47 Apr.
587 2120 40 46 1,
656 2119 141 42 1929:
828 2119 68 41 2c.
925 2120 95 39 and
1051 2118 81 41 aff.
1163 2119 113 47 Apr.
1307 2118 52 43 5;
1392 2118 39 40 A
1460 2118 141 47 7294;
1635 2118 52 40 A.
1718 2119 62 39 M.
1811 2118 216 47 Aurand,
2057 2118 75 48 jr.,
431 2117 1911 107 Harrisburg,
601 2177 84 39 Pa.
757 2175 251 50 (29-9468)

361 2270 212 64 Belloc,
610 2270 245 66 Hilaire,
894 2272 171 54 1870-

437 2350 264 68 Belinda,
743 2369 31 34 a
815 2351 114 52 tale
969 2349 64 55 of
1073 2349 265 55 affection
1383 2351 58 52 in
1482 2351 179 67 youth
1702 2351 113 52 and
1855 2369 121 50 age,
2014 2350 77 68 by
2130 2349 228 53 Hilaire

366 2428 1900 68 Belloc … New York and London, Harper & brothers, 1929.
431 2509 1563 49 5 p. l. , 188 p., 1 l. col. front., col. mounted plates. 20 ᶜᵐ.
365 2563 52 52 ©
449 2567 112 48 Apr.
592 2568 68 44 17,
692 2567 119 40 1929;
862 2567 70 41 2c.
962 2567 114 48 Apr.
1108 2568 82 44 17;
1222 2567 84 40 aff.
1335 2567 113 48 Apr.
1480 2567 82 46 19;
1596 2567 41 39 A
1667 2567 141 46 7593;
1843 2567 60 41 H.
1937 2567 176 47 Belloc,
2149 2566 210 47 Shipley,

433 2623 260 49 Horsham,
723 2624 236 47 England.
1027 2623 252 49 (29-9485)

366 2717 180 65 Boak,
577 2718 233 53 Arthur
841 2719 254 52 Edward
1126 2718 273 64 Romilly,
1432 2725 170 50 1888-

438 2797 1857 70 A history of Rome to 565 A. D., by Arthur E. R. Boak …
367 2874 136 58 Rev.
535 2877 83 53 ed.
686 2876 139 54 New
855 2876 182 70 York,
1065 2877 120 54 The
1214 2876 336 54 Macmillan
1580 2896 298 49 company,
1911 2879 150 51 1929.

505 2957 1380 49 xx, 476 p. plates, maps (3 double; incl. front.) 22½ ᶜᵐ.
436 3014 130 41 “The
593 3024 195 31 sources
814 3014 80 41 for
921 3016 82 39 the
1031 3015 147 47 study
1205 3014 52 41 of
1283 3015 137 47 early
1448 3015 187 41 Homan
1664 3014 218 49 history”:
1940 3026 44 38 p.
2011 3014 216 42 xvii-xx.

437 3070 312 41 “Additional
782 3070 254 48 readings”:
1100 3082 44 37 p.
1173 3071 220 41 445-450.

367 3124 52 52 ©
446 3128 113 48 Apr.
587 3128 69 46 16,
685 3128 119 40 1929:
855 3128 68 41 2c.
953 3129 95 39 and
1077 3128 82 40 aff.
1187 3128 114 49 Apr.
1330 3129 83 46 17;
1442 3128 42 39 A
1511 3128 141 47 7492;
1683 3129 283 40 Macmillan
1995 3140 67 30 co.

445 3184 252 49 (29-9518)

366 3262 184 67 Bond,
586 3263 176 56 John.

439 3343 1862 70 Mussolini, the wild man of Europe [by] John Bond …
368 3419 401 71 Washington,
794 3422 399 67 Independent
1220 3423 336 69 publishing
1579 3442 98 45 co.,
1705 3427 149 50 1929.

434 3501 90 41 206
551 3513 44 38 p.
653 3502 164 49 front.,
849 3503 129 40 illus.
1008 3502 160 49 (map)
1209 3504 171 47 plates,
1413 3506 149 46 ports.
1622 3504 58 41 20½ᶜᵐ.

369 3553 52 52 ©
450 3558 115 47 Apr.
594 3558 40 46 1,
663 3559 119 40 1929;
835 3559 67 40 2c.
933 3560 97 39 and
1060 3559 82 41 aff.
1173 3560 113 48 Apr.
1318 3560 54 40 13;
1434 3560 41 39 A
1505 3560 117 40 6529;
1680 3547 335 62 independent
2042 3561 107 48 pub.
2183 3572 66 29 co.

447 3614 251 48 (29-9355)

369 3692 358 67 Brueckner,
759 3695 119 58 Leo
909 3696 173 55 John.

438 3772 1923 69 The triangle arithmetics … by Leo J. Brueckner … C. J.
367 3833 1971 160 Anderson … G. O. Banting … Èlda L. Merton … Philadelphia,
558 3926 253 70 Chicago
869 3933 120 62 [etc.]
1029 3929 120 52 The
1183 3929 156 54 John
1374 3929 62 54 C.
1470 3930 270 54 Winston
1773 3949 281 52 company
2169 3935 98 50 [ᶜ1928]
