2542 4389
1105 4012 134 50 1215

210 446 464 52 viii, 215 p. 19 ᶜᵐ .
146 517 53 52 ©
226 521 117 47 July
367 520 70 47 27,
465 518 141 48 1929;
634 519 69 39 2c.
730 518 117 47 July
872 517 83 47 29;
987 516 82 40 aff.
1098 516 117 48 July
1241 515 83 47 31;
1353 514 42 39 A
1420 513 172 47 10493;
1622 514 54 39 B.
1704 513 192 40 Herder
1922 512 124 40 book
2075 522 67 30 co.

225 575 281 48 (29-16870)

146 685 310 64 Erlanger,
487 682 287 64 Philippe.

277 757 1865 83 … Le “Cygne rouge”, roman. Paris, Éditions Argo [1929]
211 848 747 52 3 p. l., [9]-218 p., 1 l. 19 ᶜᵐ .
147 916 1693 62 © Feb. 3, 1929; 1c. May 3; A—Foreign 3026; Éditions Argo.
230 983 281 52 (29-16817)

150 1078 332 65 Farquhar,
515 1078 229 54 Cosmo.

216 1153 1874 73 Farquhar ’s international bank(ers) and commercial code …
146 1232 2007 72 compiled by Cosmo Farquhar … New York city, Allied code
147 1311 1329 71 company of the United States, inc., ᶜ19 29.
217 1392 767 52 viii, 812 p. fold. tab. 28 ᶜᵐ .
154 1462 52 53 ©
238 1467 122 48 Aug.
392 1466 39 48 9,
464 1465 117 41 1929;
639 1465 69 41 2c.
741 1467 96 39 and
870 1464 82 41 aff.
988 1466 120 46 Aug.
1142 1464 56 40 10;
1261 1464 41 39 A
1333 1464 144 41 10699;
1540 1465 159 41 Allied
1733 1466 115 39 code
1881 1476 69 29 co.
1982 1465 53 39 of
2069 1465 82 39 the

223 1524 55 40 U.
309 1523 60 49 S.,
396 1523 106 48 inc.,
530 1523 118 40 New
674 1522 146 40 York.
888 1520 281 51 (29-16890)

147 1626 600 65 Farwell-Hinckson,
780 1627 262 54 Saretta.

222 1704 152 53 How
415 1703 35 55 I
492 1705 172 52 cured
704 1721 97 52 my
846 1721 199 35 cancer
1090 1703 245 53 without
1379 1722 73 34 an
1496 1704 314 68 operation.
1885 1704 273 67 Toronto,

153 1783 122 53 The
303 1782 407 54 Hunter-Rose
738 1800 98 51 co.,
869 1783 150 52 1928.

223 1863 27 41 1
313 1895 10 10 v.

156 1929 1996 55 © 1c. July 18, 1928; A ad int. 11538; pubd. July 5; S. Farwell-Hinckson,
225 1991 227 48 Toronto,
484 1990 217 49 Ontario,
734 1989 215 42 Canada.

158 2085 329 54 Federated
532 2084 224 55 council
801 2101 74 36 on
918 2087 97 50 art
1061 2085 332 54 education.
1472 2087 336 55 Committee
1853 2109 73 34 on
225 2092 1912 143 terminology.

289 2240 1870 75 … Report of the Committee on terminology, William G.
156 2321 322 68 Whitford,
515 2322 313 69 chairman,
863 2321 270 54 Lorando
1202 2321 30 67 [!]
1277 2322 162 69 Taft,
1475 2323 304 68 Raymond
1816 2325 65 52 P.
1920 2325 241 69 Ensign.

162 2401 255 68 [Boston,
443 2401 122 52 The
594 2399 281 70 Berkeley
904 2418 175 50 press]
1116 2403 150 51 1929.

223 2479 992 49 1 p. l., ix p., 1 l., 79 p. illus. 19½ ᶜᵐ .
224 2550 65 40 At
316 2550 127 40 head
472 2548 52 42 of
552 2549 110 41 title:
720 2550 103 40 The
852 2550 274 40 Federated
1155 2551 189 40 council
1374 2562 61 30 on
1467 2555 79 39 art
1579 2555 273 41 education.

227 2606 129 40 “The
393 2617 207 38 purpose
637 2605 55 42 of
726 2606 99 41 this
862 2607 349 48 investigation
1250 2607 42 41 is
1331 2611 48 38 to
1417 2611 198 47 present
1651 2613 50 39 to
1738 2613 217 41 workers
1992 2613 53 43 in
2079 2617 84 39 the

154 2664 114 41 field
301 2663 52 41 of
386 2665 79 39 art
498 2662 258 42 education
790 2664 329 41 constructive
1154 2665 308 48 suggestions
1496 2666 80 41 for
1609 2667 353 49 improvement
1994 2671 54 41 of
2079 2673 86 41 the

155 2722 80 39 art
260 2719 591 49 vocabulary.”—Introd.

227 2777 379 49 “Bibliography
634 2778 119 40 used
780 2778 51 39 in
858 2777 322 49 terminology
1208 2778 175 48 study”:
1442 2791 42 37 p.
1516 2781 156 41 74-79.

163 2844 52 53 ©
247 2850 116 46 July
393 2848 69 49 12,
494 2847 142 49 1929;
668 2850 69 39 2c.
769 2849 118 47 July
916 2849 84 47 26;
1034 2849 83 41 aff.
1149 2850 121 48 Aug.
1303 2850 52 47 5;
1389 2851 42 39 A
1462 2852 171 48 10594;
1668 2853 272 43 Federated
1973 2857 187 40 council

232 2899 1500 57 on art education, ℅ L. L. Winslow, secy., Baltimore.
243 2961 282 50 (29-16927)

166 3057 220 64 Ferris,
414 3056 204 54 James
648 3057 180 64 Cody.

227 3135 123 53 The
384 3135 61 51 X
464 3136 118 51 Bar
600 3134 61 52 X
695 3134 138 69 boys
869 3141 59 49 at
963 3134 237 71 Grizzly
1234 3137 160 67 Pass,
1428 3138 75 68 by
1538 3139 193 54 James
1770 3140 164 71 Cody
1969 3145 194 54 Ferris

220 3212 1945 76 … illustrated by Walter S. Rogers. New York, Grosset &
158 3290 465 68 Dunlap [ ᶜ19 29 ]
232 3370 1453 56 iv, 218 p. front. 19½ ᶜᵐ . (His X Bar X boys books)
169 3438 52 53 ©
248 3444 122 48 Aug.
398 3443 68 48 15,
496 3443 118 41 1929;
666 3444 69 40 2c.
764 3445 97 39 and
889 3444 82 41 aff.
1001 3445 121 48 Aug.
1152 3446 56 39 17;
1264 3446 41 39 A
1333 3447 144 40 11687;
1538 3449 199 43 Grosset
1767 3453 37 40 &
1832 3453 210 49 Dunlap,
2072 3457 79 40 inc.

249 3498 281 50 (29-16919)

171 3592 197 66 Féval,
399 3594 165 65 Paul,
599 3600 173 50 1860-

304 3671 1667 85 … Les vampires de la mer. Paris, L. Querelle [1929]
237 3753 734 51 3 p. l., [9]-330 p., 1 l. 19 ᶜᵐ .
238 3825 64 39 At
327 3825 125 39 head
477 3825 53 40 of
554 3825 110 41 title:
718 3827 123 39 Paul
869 3826 149 41 Féval
1045 3828 90 41 fils.

173 3890 1993 66 © Mar. 15, 1929; 1c. Apr. 26; A—Foreign 2973; Louis Querelle & Paul
242 3951 149 41 Féval
416 3952 91 43 fils.
569 3953 282 50 (29-16984)
