2582 4377
1391 4011 69 51 24

372 387 276 63 Herbert,
685 383 153 53 Alan
875 378 260 55 Patrick.

441 448 1485 84 Topsy, M . P . 10. Has words with the Whips.
448 546 83 49 (In
566 541 169 45 Punch
772 535 288 55 magazine)

376 585 1998 67 © 1c. Jan. 18, 1929; A ad int. 12238; pubd. Nov. 21, 1928; A. P. Herbert,
443 659 212 40 London.

373 740 181 63 Hoyt,
589 734 360 65 Rosamund,
989 734 326 53 1868-1925.

445 803 1935 80 Poems and prose [by ] Rosamund Hoyt. Philadelphia, Priv.
375 897 194 69 print.,
611 896 150 51 1928.

447 966 1340 58 xiii p., 2 l., 3-106, [5] p. front., pl., ports. 21 ᶜᵐ.
450 1034 129 40 “The
617 1031 184 44 edition
841 1029 208 42 consists
1088 1028 52 41 of
1179 1030 96 37 two
1313 1027 223 39 hundred
1576 1024 112 49 fifty
1730 1024 158 48 copies
1929 1023 79 41 for
2049 1021 335 50 presentation

377 1089 157 49 only.”

382 1133 2000 64 © Dec. 21, 1928; 2c. Dec. 28; aff. Dec. 27; A 2664; Daniel M. Hoyt,
451 1201 356 49 Philadelphia.
877 1198 253 50 (29-1555)

383 1284 168 51 Hunt
574 1280 156 55 clubs
753 1281 114 52 and
889 1284 242 64 country
1154 1277 157 54 clubs
1335 1277 61 53 in
1417 1275 285 54 America.
1762 1275 237 67 Boston,
2021 1272 161 53 Priv.
2206 1271 178 69 print.

461 1394 13 33 [
479 1361 71 51 D.
580 1360 66 51 B.
674 1357 253 70 Updike,
953 1357 122 53 The
1102 1355 402 68 Merrymount
1532 1370 175 52 press]
1745 1354 151 50 1928.

455 1440 138 48 xxiii,
631 1438 58 42 95
726 1451 44 37 p.
830 1439 172 47 plates.
1061 1438 58 38 22½ᶜᵐ.

736 1487 1656 55 CONTENTS. — Introduction, by F. H. Curtiss. — Fox-hunting in the
391 1555 178 41 United
607 1553 177 48 States,
821 1553 61 46 by
918 1551 49 41 C.
1004 1552 72 40 W.
1113 1547 570 51 Whitney.—Evolution
1721 1547 51 41 of
1808 1547 83 40 the
1927 1548 206 45 country
2171 1545 123 48 club,
2330 1545 63 47 by

392 1612 50 42 C.
477 1613 73 39 W.
586 1607 526 52 Whitney.—Country
1149 1607 134 41 clubs
1320 1606 97 40 and
1453 1605 125 40 hunt
1615 1604 135 41 clubs
1786 1603 51 41 in
1874 1602 240 50 America,
2153 1602 61 49 by
2251 1602 54 41 E.
2347 1601 46 42 S.

390 1668 199 41 Martin.

390 1722 54 53 ©
469 1726 115 40 Dec.
608 1725 72 49 20,
706 1723 144 48 1928;
877 1725 71 40 2c.
974 1723 98 41 and
1099 1721 83 42 aff.
1211 1720 113 43 Jan.
1352 1721 40 48 7,
1420 1719 144 48 1929;
1594 1720 42 39 A
1661 1719 145 47 3544;
1836 1718 231 42 Frederic
2096 1718 63 41 H.
2188 1715 208 48 Curtiss,

459 1784 198 39 Boston.
723 1778 252 52 (29-1494)

388 1847 284 62 Johnson,
705 1845 138 53 Mrs.
876 1844 255 65 Georgia
1171 1842 325 66 (Douglas)

460 1924 98 52 An
584 1929 240 47 autumn
850 1924 126 52 love
1005 1923 152 67 cycle
1192 1921 109 69 [by]
1336 1920 251 69 Georgia
1616 1919 260 70 Douglas
1905 1919 278 54 Johnson.
2258 1917 141 53 New

393 2002 181 68 York,
601 2003 78 52 H.
710 2001 196 67 Vinal,
933 1999 245 69 limited,
1210 2001 152 52 1928.

465 2080 810 52 xix, 70 p., 1 l. incl. front. 19½ ᶜᵐ.
465 2141 186 39 Poems.

398 2188 1954 59 © Dec. 21, 1928; 2c. and aff. Jan. 11, 1929; A 3645; Harold Vinal, ltd.
476 2252 251 52 (29-1478)

396 2319 227 64 Kiefer,
654 2319 209 64 Henry
896 2319 80 64 C.,
1056 2319 104 52 illus.

477 2397 430 68 [Illustrations]
956 2396 76 72 by
1075 2396 205 70 Henry
1326 2395 62 55 C.
1432 2394 207 55 Kiefer
1706 2396 62 52 [in
1809 2395 97 54 the
1947 2394 150 54 book
2139 2394 258 68 entitled]

401 2470 2003 78 The story of a bad boy [by ] Thomas Bailey Aldrich … New
402 2550 1327 75 York, J. H. Sears & company, inc. [ ᶜ19 28]
465 2635 1096 51 vi p., 1 l., 245 p. front., plates. 21½ᶜᵐ.
402 2683 2005 61 © Oct. 10, 1928; 2c. Jan. 14, 1929; aff. Jan. 11; A 3717; J. H. Sears &
473 2761 82 37 co.,
585 2750 91 41 inc.

402 2814 274 64 Kimball,
708 2813 288 65 Reginald
1027 2815 271 56 Stevens.

474 2892 470 58 Current-events
992 2893 373 70 instruction;
1417 2915 32 34 a
1497 2894 275 56 textbook
1819 2894 66 55 of
1934 2892 315 72 principles
2300 2895 112 53 and

402 2968 2011 79 plans, by Reginald Stevens Kimball … with chapters by Paul
404 3044 1987 139 Klapper … Daniel C. Knowlton … Roy W. Hatch … Leonard O.
406 3124 1988 154 Packard … Boston, New York [etc .] Houghton Mifflin company [ᶜ1929]
411 3282 1989 113 viii p., 1 l., 310 p. 19½ ᶜᵐ. (Half-title: Riverside textbooks in education, ed. by E. P. Cubberley)
483 3402 164 41 “More
679 3401 270 50 important
983 3403 97 40 and
1114 3402 164 41 useful
1312 3402 52 41 of
1398 3403 138 40 these
1569 3403 187 49 weekly
1790 3401 204 50 papers”:
2060 3413 44 37 p.
2140 3402 57 41 26;
2262 3402 159 41 “Most

413 3459 267 48 important
713 3459 150 40 books
896 3459 80 40 for
1010 3460 82 39 the
1127 3461 386 40 current-events
1550 3459 155 42 class”:
1771 3472 44 37 p.
1850 3459 144 43 52-53;
2059 3459 71 40 “A
414 3457 1989 107 bibliography
541 3516 51 40 of
624 3515 256 42 materials
910 3527 60 30 on
1002 3517 84 40 the
1118 3515 229 51 teaching
1377 3516 53 41 of
1462 3520 197 39 current
1691 3517 198 42 events”:
1950 3529 44 38 p.
2028 3515 253 52 [291]-301.

415 3570 53 52 ©
496 3575 110 39 Jan.
633 3574 40 48 9,
699 3573 114 41 1929;
869 3574 69 40 2c.
966 3575 95 39 and
1088 3573 82 41 aff.
1199 3574 110 42 Jan.
1337 3575 53 38 11;
1447 3575 44 39 A
1516 3573 117 43 3655;
1690 3575 56 41 R.
1778 3575 44 42 S.
1852 3574 231 50 Kimball,
2113 3573 302 49 Cambridge,

483 3631 148 39 Mass.
697 3629 251 49 (29-1435)

411 3694 183 64 Koch,
635 3695 200 54 Elmer
873 3694 54 56 J.

550 3765 1873 83 … The standard book on cost finding for printers, by Elmer
418 3842 2006 82 J. Koch … Chicago, Dept, of education, United typothetae
420 3925 65 52 of
513 3924 285 71 America,
831 3929 150 51 1928.
