2542 4389
1041 4049 135 49 1935

158 477 471 50 6 p. l., 303 p. 20½ ᶜᵐ.
160 547 349 41 “References”
536 551 51 37 at
612 548 91 40 end
730 547 54 41 of
808 548 118 39 each
953 556 170 30 course;
1181 545 237 41 “General
1444 541 303 43 references”
1766 552 10 30 :
1805 553 43 37 p.
1873 542 218 41 301-303.

94 601 52 52 ©
173 606 118 40 Nov.
317 605 41 48 4,
386 605 119 40 1929;
554 605 68 40 2c.
651 605 95 39 and
774 603 83 42 aff.
884 604 119 40 Nov.
1032 603 55 39 19;
1144 603 42 39 A
1212 601 143 41 15941;
1413 603 51 39 L.
1494 602 53 39 E.
1579 600 195 48 Spence,
1803 598 284 41 Baltimore.

176 660 280 49 (29-28694)

87 755 296 64 Stratton,
415 754 226 64 George
672 752 291 66 Malcolm,
997 758 172 50 1865-

162 831 190 56 Social
381 831 353 69 psychology
762 829 65 54 of
854 830 413 53 international
1296 830 261 66 conduct,
1587 828 76 69 by
1693 827 225 69 George
90 827 1979 135 Malcolm

90 905 1981 150 Stratton … New York, London, D. Appleton and company, 1929.
199 1067 309 49 x, 387 p. 21 ᶜᵐ.
166 1124 249 41 “Selected
444 1123 222 47 writings
696 1123 50 40 in
777 1122 204 48 English
1009 1122 80 40 for
1118 1121 197 41 further
1344 1120 176 49 study”
1539 1131 11 30 :
1581 1131 45 38 p.
1655 1119 220 42 363-366.

95 1178 52 52 ©
176 1183 119 40 Nov.
325 1181 70 48 22,
425 1181 140 46 1929;
598 1181 67 40 2c.
698 1182 95 39 and
824 1179 83 42 aff.
937 1180 119 40 Nov.
1087 1179 60 39 26;
1203 1179 43 39 A
1275 1179 171 46 16093;
1480 1179 58 39 D.
1572 1178 241 48 Appleton
1843 1178 37 40 &
1910 1187 68 31 co.

174 1237 280 50 (29-28516)

88 1329 358 66 Strickland,
478 1330 246 55 Charles
753 1330 267 63 Alberto,
1052 1335 171 50 1861-

161 1407 104 54 It’s
297 1407 175 54 about
500 1407 164 67 time;
701 1426 28 34 a
765 1406 377 70 diadelphian
1176 1412 244 62 attempt
1454 1411 60 48 to
1545 1424 225 35 remove
1804 1404 295 69 prejudice

92 1487 115 52 and
240 1485 185 54 instill
458 1485 250 69 serenity
741 1486 60 52 in
836 1486 96 52 the
966 1485 191 53 minds
1192 1484 65 53 of
1290 1503 129 34 men
1454 1485 76 68 by
1566 1484 163 68 plain
1763 1483 225 68 idioms,
2023 1482 77 70 by

93 1560 2008 70 C. A. Strickland … [Portland, Or., Multnomah printing
92 1642 502 67 company, ᶜ1 929]
165 1721 779 50 viii p., 2 l., 223 p. pl. 20ᶜᵐ.
167 1778 171 40 Poems
356 1788 10 30 :
395 1788 42 39 p.
471 1777 248 51 [125]-223.

99 1832 52 52 ©
184 1836 102 41 Oct.
319 1835 69 49 15,
420 1835 141 47 1929;
593 1836 68 40 2c.
695 1837 97 39 and
823 1835 83 42 aff.
937 1836 120 40 Nov.
1090 1835 53 46 6;
1176 1835 43 39 A
1250 1834 172 48 17014;
1457 1834 49 41 C.
1542 1835 53 39 A.
1632 1833 294 48 Strickland,
167 1834 1912 105 Portland,
329 1891 79 42 Or.
478 1891 282 50 (29-28515)

94 1987 121 53 The
263 1986 280 53 students
588 1987 177 69 speak
812 1985 130 56 out!
1021 1987 55 52 A
1122 1986 354 71 symposium
1525 1986 154 53 from
1727 1989 69 49 22
1844 1985 257 70 colleges.

163 2061 140 54 New
333 2061 180 70 York,
541 2062 140 54 New
709 2062 274 70 republic,
1012 2062 126 69 inc.,
1171 2065 150 51 1929.

165 2145 471 49 5 p. l., 269 p. 18½ᶜᵐ.
166 2203 129 39 “The
323 2212 168 38 essays
519 2203 114 39 here
662 2202 255 48 published
946 2213 56 29 as
1030 2213 27 29 a
1087 2201 299 49 symposium
1414 2213 128 29 were
1569 2202 210 40 selected
1805 2202 131 40 from
1962 2202 141 40 those

94 2258 266 40 submitted
394 2259 61 47 by
489 2259 81 39 the
604 2259 225 40 students
862 2259 96 39 and
992 2262 165 37 recent
1190 2259 267 48 graduates
1490 2260 110 39 who
1634 2259 269 48 responded
1935 2260 51 39 to
2020 2258 84 41 the

95 2315 117 40 New
246 2314 276 49 Republic’s
555 2315 265 41 invitation
853 2318 50 38 to
937 2315 142 41 write
1112 2326 62 30 on
1209 2315 206 49 ‘College
1450 2325 55 31 as
1539 2315 42 41 it
1613 2315 155 49 might
95 2314 1991 98 be’.”—Publisher’s
318 2375 127 38 note.

100 2424 52 52 ©
179 2429 120 40 Nov.
323 2428 70 48 18,
419 2428 118 40 1929;
588 2428 68 41 2c.
682 2429 96 39 and
806 2429 82 40 aff.
914 2429 120 41 Nov.
1061 2429 55 39 22;
1172 2429 42 39 A
1239 2428 147 40 14966;
1441 2429 119 40 New
1586 2429 229 48 republic,
1844 2429 91 40 inc.

183 2483 281 49 (29-28695)

96 2577 267 65 Studley,
392 2578 265 66 Barrett,
688 2584 173 50 1895-

98 2655 1983 147 How to fly; the pilot and his problems, by Lieutenant Barrett Studley …
675 2734 140 53 New
853 2734 180 69 York,
1074 2735 123 53 The
1234 2735 338 53 Macmillan
1612 2752 299 52 company,
1953 2737 151 50 1929.

167 2816 1073 49 xii p., 1 l. , 291 p. incl. front., illus. 22 ᶜᵐ.
168 2872 42 41 A
239 2873 335 48 development
603 2872 130 42 from
764 2874 83 40 the
878 2873 220 41 author’s
1129 2873 167 49 Flight
1326 2875 164 39 school
1521 2874 199 39 manual
1750 2874 54 40 of
1832 2875 83 39 the
1946 2874 159 41 Naval

98 2928 76 41 air
207 2929 185 41 station
427 2931 52 39 at
515 2928 280 50 Pensacola,
832 2929 118 48 Fla.,
987 2929 198 41 written
1220 2930 52 39 in
1307 2929 128 49 1926,
1470 2931 129 39 later
1634 2929 190 41 revised
1860 2931 97 39 and
98 2931 1990 95 published
282 2985 50 40 in
358 2985 117 41 1928

501 2987 153 39 under
682 2986 109 40 title
808 2997 10 30 :
849 2986 245 41 Practical
1123 2986 142 49 flight
1293 2986 231 49 training.

104 3038 52 52 ©
183 3043 119 39 Nov.
328 3042 68 48 26,
426 3041 114 41 1929;
595 3042 68 43 2c.
690 3043 119 40 Nov.
837 3043 57 40 27;
950 3042 83 42 aff.
1061 3044 119 40 Nov.
1207 3042 59 41 29;
1320 3043 42 39 A
1390 3043 147 40 16116;
1592 3045 53 38 B.
1679 3044 216 47 Studley,
174 3045 1907 101 Pensacola,

323 3099 104 40 Fla.
498 3098 280 48 (29-28492)

96 3190 273 66 Tornius,
397 3191 280 54 Valerian
706 3193 195 65 Hugo,
934 3198 171 50 1883-

172 3267 234 69 Salons;
443 3268 248 69 pictures
726 3270 65 52 of
823 3269 212 70 society
1069 3271 254 68 through
1358 3270 109 53 five
1500 3270 296 68 centuries,
1829 3272 77 68 by
101 3272 1984 126 Valerian

277 3345 276 67 Tornius;
604 3346 248 70 English
902 3347 226 54 version
1174 3348 76 68 by
1298 3349 196 67 Agnes
1541 3348 162 52 Platt
1753 3350 114 52 and
1915 3349 190 53 Lilian

99 3423 362 70 Wonderley.
527 3424 139 54 New
695 3424 181 69 York,
906 3424 433 69 Cosmopolitan
1367 3425 149 53 book
1544 3426 382 67 corporation,
1958 3430 149 50 1929.

171 3507 1068 49 viii p., 2 l., 3-318 p. front., ports. 25 ᶜᵐ.
171 3563 377 49 Bibliography:
583 3574 44 37 p.
658 3564 218 40 315-318.

108 3616 52 52 ©
191 3619 102 41 Oct.
323 3619 57 41 26,
424 3619 118 41 1929;
595 3620 67 40 2c.
694 3621 98 39 and
820 3620 83 41 aff.
934 3620 102 41 Oct.
1067 3620 56 40 28;
1182 3619 42 39 A
1253 3620 146 40 14458;
1459 3620 361 49 Cosmopolitan
1852 3624 123 39 book
179 3634 1908 90 corporation.
485 3675 280 50 (29-28657)

105 3768 247 66 Tucker,
379 3769 288 65 Beverley
694 3769 331 66 Randolph,
1057 3772 171 54 1874-

174 3845 123 54 The
344 3846 111 54 lost
503 3845 236 66 Lenore,
788 3866 31 33 a
868 3865 106 35 one
1023 3852 90 48 act
1163 3848 139 68 play
1349 3849 75 68 by
1475 3850 277 69 Beverley
1799 3851 310 69 Randolph

106 3923 1999 75 Tucker. Richmond, Va., Priv. print., The Liberty press [ᶜ19 29]
