2512 4377
1341 4122 105 50 264

379 407 329 64 Wickham,
740 409 256 63 Harvey.

457 485 122 53 The
602 486 374 67 impuritans;
1006 505 31 33 a
1062 487 243 69 glimpse
1330 486 65 53 of
1419 487 128 52 that
1569 505 123 35 new
1718 487 181 53 world
1926 488 186 53 whose
2138 488 249 69 Pilgrim

389 562 220 55 fathers
652 584 94 33 are
790 563 139 56 Otto
972 565 353 70 Weininger,
1368 565 297 53 Havelock
1710 565 166 68 Ellis,
1919 566 193 54 James
2157 567 228 54 Branch

389 642 215 57 Cabell,
644 643 214 52 Marcel
901 644 226 65 Proust,
1168 644 194 53 James
1400 644 195 68 Joyce,
1637 644 76 51 H.
1755 644 63 53 L.
1859 645 297 60 Mencken,
2196 645 72 52 D.
2309 646 77 52 H.

388 722 319 66 Lawrence,
743 720 308 55 Sherwood
1088 722 320 66 Anderson,
1441 727 55 47 et
1529 723 58 51 id
1622 741 176 50 genus
1831 741 180 46 omne,
2043 723 76 68 by
2150 723 238 68 Harvey

386 799 1978 146 Wickham … New York, L. MacVeagh, the Dial press; Toronto,
605 878 348 68 Longmans,
985 876 186 55 Green
1205 880 46 50 &
1285 897 299 50 company,
1619 881 149 50 1929.

457 960 1073 49 vii p., 1 l. , 11-296 p. front., plates. 21 ᶜᵐ.
388 1014 51 52 ©
469 1018 111 40 Feb.
607 1017 69 48 25,
704 1017 140 43 1929;
874 1018 67 40 2c.
970 1019 95 38 and
1093 1018 82 39 aff.
1205 1018 110 41 Feb.
1343 1018 82 45 27;
1456 1018 40 39 A
1523 1018 112 39 4611;
1697 1018 112 39 Dial
1839 1027 148 39 press,
2018 1019 90 39 inc.
466 1074 252 49 (29-5739)

384 1127 251 64 Wiener,
667 1127 237 54 Samuel
936 1127 201 54 Gross.

451 1207 282 53 Venetian
769 1208 201 52 houses
1008 1208 112 52 and
1158 1207 222 61 details,
1415 1206 77 69 by
1528 1206 193 55 Sam’l.
1760 1206 68 55 G.
1865 1206 249 71 Wiener,
2191 1251 10 9 A.
2268 1250 8 9 I.
2359 1250 29 26 A.,

383 1284 248 54 wherein
659 1285 46 54 is
734 1284 296 55 contained
1066 1283 291 71 drawings
1387 1288 111 51 and
1530 1286 396 67 photographs
1955 1287 64 52 of
2045 1287 201 53 houses
2276 1288 108 52 and

382 1364 228 53 smaller
647 1364 224 67 palaces
910 1365 56 51 in
1010 1366 112 51 and
1161 1383 137 34 near
1338 1362 228 62 Venice,
1603 1364 261 68 together
1902 1362 140 54 with
2083 1382 173 51 many
383 1366 1982 130 details
549 1442 65 53 of

648 1443 404 52 architectural
1089 1443 249 53 interest.
1415 1443 139 52 New
1592 1442 179 69 York,
1806 1443 121 53 The
1962 1442 426 55 Architectural

382 1520 820 69 book publishing co. [ ᶜ1 929]
452 1602 902 49 3 p. l., 168 p. of illus. front. 31 ᶜᵐ.
451 1659 129 40 Title
609 1659 175 40 within
817 1660 306 39 ornamental
1154 1659 188 41 border.

389 1712 51 53 ©
474 1717 110 40 Jan.
615 1716 41 47 4,
689 1716 117 41 1929;
865 1718 66 40 2c.
966 1718 94 40 and
1094 1716 82 42 aff.
1211 1717 109 42 Jan.
1356 1717 54 39 15;
1473 1717 38 40 A
1545 1717 141 42 2858;
1724 1717 361 42 Architectural
2120 1718 122 40 book
2278 1718 107 48 pub.
456 1785 81 32 co.,
568 1774 90 40 inc.
727 1774 251 49 (29-4690)

384 1827 204 64 Wilde,
617 1828 189 54 Irene.

456 1906 330 53 Driftwood
838 1905 147 60 fires,
1030 1907 75 67 by
1151 1906 166 52 Irene
1363 1906 209 53 Wilde.
1659 1905 114 54 San
1819 1906 325 68 Francisco,
2193 1905 195 59 Calif.,

382 1985 159 53 Harr
568 1986 255 66 Wagner
855 1984 335 68 publishing
1221 2003 298 50 company,
1554 1987 150 50 1928.

453 2065 762 49 viii p., 1 l. , 40 p, illus. 20 ᶜᵐ.
453 2123 186 41 Poems,

389 2176 51 52 ©
474 2179 102 41 Oct.
608 2180 55 40 18,
708 2179 141 46 1928;
881 2179 69 41 2c.
982 2180 95 39 and
1110 2179 82 40 aff.
1225 2180 111 39 Feb.
1370 2180 67 40 11.
1470 2178 141 43 1929;
1647 2179 41 39 A
1718 2179 111 40 5451;
1895 2181 37 39 I.
1965 2179 171 41 Wilde.
2170 2180 92 41 Los
457 2180 1911 104 Angeles.
673 2235 251 50 (29-5441)

384 2290 236 63 Wilder,
651 2290 155 52 Kate
835 2289 234 53 Elenor.

452 2370 186 66 Pussy
666 2370 212 65 letters,
906 2369 74 68 by
1010 2368 153 53 Kate
1191 2368 250 52 Eleanor
1470 2366 252 63 Wilder;
1754 2374 202 47 nature
1987 2368 202 53 stories
2219 2367 174 55 about

384 2447 259 63 animals,
680 2446 177 58 birds,
898 2447 220 65 insects,
1159 2447 209 65 plants,
1409 2446 184 65 foods,
1635 2446 244 66 textiles,
1920 2447 95 53 the
2058 2446 181 54 forest
2277 2448 112 53 and

382 2525 96 54 the
511 2545 119 39 sea;
667 2525 198 53 “how”
896 2528 111 50 and
1043 2523 200 69 “why”
1275 2525 201 53 stories
1508 2526 127 52 that
1669 2523 119 54 will
1822 2523 216 70 inspire
2072 2544 30 34 a
2137 2525 124 53 love
2297 2525 94 52 for

382 2610 204 47 nature
624 2605 108 52 and
776 2605 94 52 the
909 2610 162 60 great
1111 2603 404 53 out-of-doors,
1554 2622 104 34 one
1696 2604 262 52 hundred
1999 2604 112 52 and
382 2608 2008 128 twenty-nine

551 2683 380 53 illustrations
966 2682 77 69 by
1075 2683 94 52 the
1204 2683 224 56 author,
1462 2681 109 54 five
1604 2682 59 52 in
1700 2683 168 51 color.
1945 2681 273 69 Chicago,
2252 2682 139 52 New

384 2761 1301 67 York, M. A. Donohue & company [ ᶜ1 929]
454 2842 96 43 xiv,
577 2841 85 41 194
688 2853 43 38 p.
807 2843 87 39 col.
919 2841 165 44 front.,
1112 2841 144 44 illus.,
1283 2842 88 40 col.
1398 2843 172 46 plates.
1630 2841 118 41 24ᶜᵐ.

390 2896 51 52 ©
474 2901 110 39 Jan.
616 2900 68 47 15,
715 2900 119 40 1929;
890 2900 68 40 2c.
989 2900 110 41 Jan.
1131 2900 83 43 30;
1248 2899 82 42 aff.
1363 2900 110 40 Feb.
1507 2900 53 38 13;
1623 2900 40 39 A
1695 2900 141 46 5342;
1871 2900 59 40 K.
1963 2901 52 39 E.
2048 2900 199 45 Wilder,
457 2899 1911 106 Chicago.
654 2956 251 48 (29-4807)

390 3009 163 61 Wile,
582 3011 96 50 Ira
705 3009 292 60 Solomon,
1030 3010 169 53 1877-

459 3086 1930 69 Marriage in the modern manner, by Ira S. Wile … & Mary
390 3164 1817 66 Dav Winn. New York. London, The Century co. [ c 1929]
523 3245 922 50 xx p., 2 l., 3-285 p. 19½ ᶜᵐ. $2.00
456 3304 164 41 “First
657 3303 231 50 printing.”

391 3357 51 52 ©
472 3360 111 41 Feb.
610 3361 68 42 15,
707 3360 139 41 1929;
877 3361 67 39 2c.
973 3360 95 40 and
1095 3359 83 41 aff.
1206 3359 111 40 Feb.
1346 3359 54 39 18;
1459 3360 52 38 A.
1526 3359 140 41 5360;
1699 3359 214 47 Century
1941 3370 67 30 co.
469 3416 251 49 (29-5238)

387 3469 1142 62 Wilkins, Sir George Hubert, 1888-
456 3546 428 55 Undiscovered
917 3545 328 64 Australia;
1279 3545 173 69 being
1485 3564 72 34 an
1591 3551 237 48 account
1861 3545 65 53 of
1958 3563 73 34 an
2062 3544 327 69 expedition

388 3629 55 47 to
479 3623 245 68 tropical
762 3623 298 54 Australia
1097 3630 58 46 to
1192 3624 196 52 collect
1425 3623 312 68 specimens
1773 3623 65 53 of
1874 3624 95 52 the
2006 3641 157 34 rarer
2199 3622 193 53 native

389 3700 178 54 fauna
617 3701 94 53 for
757 3702 97 52 the
901 3701 223 54 British
1172 3720 273 46 museum,
1496 3704 327 63 1923-1925,
1869 3701 77 67 by
1995 3700 249 68 Captain
2297 3700 96 55 Sir

387 3778 68 55 G.
491 3779 77 52 H.
600 3779 271 60 Wilkins,
961 3822 10 9 M.
1044 3822 9 9 C.;
1122 3778 141 53 with
1297 3780 67 52 47
1397 3779 382 53 illustrations
1813 3780 112 52 and
1960 3798 32 33 a
2026 3796 151 50 map.
2252 3778 138 53 New

387 3856 180 62 York,
596 3856 260 67 London,
884 3856 68 54 G.
983 3858 65 50 P.
1079 3855 298 54 Putnam’s
1407 3875 146 46 sons,
1586 3859 150 50 1929.

456 3938 1512 49 xiii, 353 p. front., plates, ports., fold. map, diagr. 23½ ᶜᵐ.
392 3991 51 53 ©
474 3996 111 41 Feb.
614 3996 69 48 15,
712 3996 141 46 1929;
883 3996 67 41 2c.
981 3996 111 40 Feb.
1121 3996 56 40 16;
1235 3996 83 40 aff.
1349 3996 111 40 Feb.
1489 3996 83 48 26;
1603 3996 41 39 A
1673 3996 141 48 5522;
1848 3996 53 41 G.
1931 3997 61 40 H.
2023 3995 222 42 Wilkins,
459 3996 1911 104 Netfield,
623 4053 153 41 South

808 4053 270 42 Australia.
1149 4053 227 49 (29-5894)
