2533 4342
1295 3955 133 51 1502

367 296 286 66 Sprague,
683 297 169 53 Jesse
881 297 345 66 Rainsford,
1261 298 172 54 1872-

433 375 1933 72 An American banker, by Jesse Rainsford Sprague … New
365 452 180 68 York,
569 455 89 53 W.
685 454 252 52 Morrow
962 458 46 49 &
1034 472 297 51 company,
1359 458 150 50 1929.

435 534 650 49 vi p., 1 l., 242 p. 19½ᶜᵐ.
370 601 52 52 ©
459 605 129 48 Sept.
620 605 68 48 19,
722 605 140 48 1929;
898 607 68 40 2c.
1000 607 96 39 and
1129 605 82 41 aff.
1249 607 128 47 Sept.
1411 606 81 47 21;
1529 607 41 38 A
1602 607 172 47 13503;
1812 608 42 41 J.
1890 609 56 39 R.
1983 609 229 47 Sprague,
2247 609 118 40 New

438 661 144 40 York.
650 661 281 49 (29-19888)

368 757 198 63 Stone,
593 758 139 54 Mrs.
758 756 297 54 Kathleen
1084 757 63 54 P.

434 834 119 53 The
592 834 421 69 six-year-old’s
1049 835 349 69 story-book,
1433 836 78 70 by
1547 836 289 52 Kathleen
1873 839 65 51 P.
1981 837 190 68 Stone,
363 838 1980 128 illustrated

598 914 73 66 by
720 913 274 53 Florence
1040 913 126 52 Liley
1253 914 226 68 Young.
1557 916 235 65 Boston,
1839 915 279 69 Lothrop,
2164 917 111 51 Lee
2322 920 46 50 &

364 990 602 69 Shepard со. [ ᶜ1929]
434 1072 83 42 191
546 1084 42 38 p.
648 1074 87 40 col.
761 1073 165 48 front.,
954 1075 87 39 col.
1069 1075 172 47 plates.
1301 1074 115 40 20ᶜᵐ.

434 1146 290 39 Illustrated
753 1148 97 45 t.-p.
880 1146 96 39 and
1005 1145 365 48 lining-papers.

369 1213 51 52 ©
452 1217 129 48 Sept.
610 1217 69 48 16,
708 1217 115 40 1929;
881 1217 68 40 2c.
978 1218 95 38 and
1106 1216 82 42 aff.
1221 1217 128 48 Sept.
1379 1216 56 40 18;
1493 1217 40 39 A
1564 1217 171 46 12454;
1769 1218 228 48 Lothrop,
2029 1219 91 40 Lee
2151 1219 37 39 &
436 1219 1911 94 Shepard
555 1284 66 30 со.
691 1273 281 49 (29-19881)

366 1370 232 62 Stoner,
627 1368 254 64 Worthy
911 1369 68 53 E.

431 1446 98 54 An
564 1445 323 56 Oklahoma
923 1447 167 68 plan;
1131 1466 31 33 a
1199 1448 279 67 proposed
1516 1452 321 47 enactment
1872 1447 270 70 designed
2177 1453 58 48 to
2269 1448 97 54 aid

361 1524 59 52 in
451 1525 95 52 the
578 1529 209 48 matter
818 1524 65 53 of
913 1524 332 70 decreasing
1276 1524 171 53 crime
1478 1526 78 68 by
1588 1526 313 70 providing
1933 1545 31 33 a
1996 1526 150 69 legal
360 1527 1984 129 incentive

510 1608 57 47 to
598 1604 159 68 right
788 1603 185 70 living
1005 1603 213 69 during
1250 1604 97 51 the
1378 1622 103 46 age
1513 1603 65 52 of
1608 1604 374 67 adolescence,
2012 1605 76 68 by
2117 1605 251 69 Worthy

363 1682 67 52 E.
486 1682 221 55 Stoner.
803 1681 323 56 Oklahoma
1182 1682 153 66 City,
1390 1682 186 69 Okla.,
1629 1683 121 52 The
1803 1681 280 70 Albright
2134 1701 232 50 agency,

384 1764 149 53 ᶜ1929.

430 1842 54 40 31
513 1854 43 36 p.
616 1841 117 42 19ᶜᵐ.

368 1910 51 52 ©
449 1915 128 47 Sept.
605 1914 39 46 6,
673 1914 140 45 1929;
843 1914 68 39 2c.
939 1914 96 39 and
1063 1912 83 41 aff.
1178 1913 128 48 Sept.
1334 1914 52 45 9;
1417 1913 40 40 A
1485 1913 172 46 .13159;
1689 1914 57 40 W
1790 1915 52 39 E.
1876 1913 186 48 Stoner,
2092 1913 272 40 Oklahoma

435 1970 124 48 City,
590 1970 105 41 Okl.
762 1970 283 49 (29-19890)

365 2065 194 62 Stout,
590 2065 145 54 Rex.

491 2140 1873 69 … How like a god. New York, The Vanguard press, 1929.
427 2223 660 50 3 p. l., [3]-313 p. 19½ᶜᵐ.
430 2295 63 40 At
519 2294 125 40 head
671 2294 53 40 of
748 2294 109 40 title:
915 2294 73 47 By
1016 2294 104 40 Rex
1149 2294 156 40 Stout.

368 2361 51 52 ©
445 2365 121 48 Aug.
592 2364 69 47 29,
690 2364 115 41 1929;
860 2366 67 38 2c.
958 2364 103 41 Oct.
1088 2365 26 38 2;
1173 2363 82 42 aff.
1286 2364 128 47 Sept.
1443 2364 26 38 4;
1528 2364 40 38 A
1596 2363 143 41 13894;
1799 2363 264 48 Vanguard
2092 2374 149 37 press,
2271 2363 93 41 inc.

442 2420 280 50 (29-20113)

364 2518 286 62 Streeter,
680 2516 209 53 Daniel
916 2516 264 54 Willard.

364 2594 1979 134 An Arctic rodeo, by Daniel W. Streeter … with 46 illustrations
634 2675 114 52 and
773 2692 31 33 a
828 2692 150 49 map.
1056 2674 138 51 New
1220 2673 179 55 York,
1424 2674 260 67 London,
1707 2673 69 54 G.
1803 2674 65 53 P.
1894 2673 298 53 Putnam’s
2218 2691 147 49 sons,

365 2756 150 49 1929.

434 2832 83 49 xii,
547 2832 88 41 356
663 2844 44 37 p.
764 2833 165 46 front.,
960 2833 172 47 plates,
1163 2842 126 38 map.
1349 2833 146 40 22½ᶜᵐ.

434 2902 291 41 Illustrated
756 2901 366 49 lining-papers.

434 2958 74 39 An
536 2961 205 37 account
769 2958 53 40 of
849 2968 63 29 an
940 2957 280 48 expedition
1251 2960 48 37 to
1331 2956 288 47 Greenland,
1649 2968 60 29 on
1741 2968 27 29 a
1800 2957 219 40 hundred
2050 2958 105 40 foot
2183 2956 180 49 fishing

364 3014 246 41 schooner.

368 3079 50 52 ©
453 3085 128 47 Sept.
611 3084 69 43 20,
713 3083 117 40 1929;
887 3084 66 40 2c.
987 3084 95 39 and
1115 3083 82 40 aff.
1232 3083 128 47 Sept.
1391 3083 55 39 21;
1508 3083 41 39 A
1579 3082 146 41 13509;
1786 3083 57 40 D.
1875 3084 72 40 W.
1983 3084 228 40 Streeter.
432 3083 1913 98 Buffalo.
618 3139 281 50 (29-20035)

358 3236 228 63 Stuart,
616 3234 273 64 Dorothy
914 3235 327 63 Margaret.

427 3315 227 52 Horace
678 3315 281 67 Walpole.
1035 3314 259 68 London,
1318 3313 336 53 Macmillan
1681 3315 112 53 and
1821 3333 97 49 со.,
1942 3312 241 68 limited,
2212 3311 151 54 1927.

456 3396 77 39 1 v.
368 3461 1991 52 © 1c. Sept. 28, 1927; A ad int. 10058; pubd. Sept. 20; Macmillan & co„
432 3523 87 39 ltd.

365 3615 265 64 Suckow,
658 3615 183 55 Ruth.

428 3691 149 55 Cora
612 3691 109 70 [by]
755 3692 159 52 Ruth
946 3691 259 55 Suckow.
1270 3692 140 52 New
1438 3691 180 68 York,
1647 3692 72 52 A.
1749 3692 72 52 A.
1851 3691 226 69 Knopf,
2108 3694 151 50 1929.

428 3773 730 49 3 p. l., 3-334 p., 1 l. 199ᶜᵐ.
367 3841 51 52 ©
454 3845 127 47 Sept.
613 3845 69 47 27,
714 3844 117 40 1929;
888 3846 68 39 2c.
990 3844 103 42 Oct.
1125 3846 26 38 2;
1213 3844 82 41 aff.
1329 3844 128 48 Sept.
1489 3845 57 39 30;
1605 3844 41 40 A
1679 3844 146 41 13828;
1884 3844 172 40 Alfred
2089 3844 54 40 A.
2176 3841 181 49 Knopf,

433 3901 91 41 inc.
592 3901 280 45 (29-20015)
