2512 4335
1330 4050 100 50 150

386 403 240 63 Virkus,
659 402 317 53 Frederick
1007 403 91 64 A.,
1130 405 83 55 ed.

453 480 123 53 The
630 480 277 69 abridged
963 480 400 68 compendium
1419 479 65 54 of
1538 480 309 52 American
1903 482 331 68 genealogy,
2289 482 97 52 the

382 559 278 52 standard
707 558 387 68 genealogical
1143 557 401 69 encyclopedia
1594 558 64 52 of
1704 558 97 53 the
1848 557 126 55 first
2022 558 250 54 families
2321 558 64 54 of

382 634 2004 72 America, ed. by Frederick A. Virkus … v. 3, 1928. Chicago,
484 714 1069 69 Ill , F. A. Virkus & company [ ᶜ1 928]
452 796 660 50 815 p. illus., ports. 25½ ᶜᵐ.
385 849 52 52 ©
465 854 113 41 Dec.
602 853 70 48 22,
700 852 117 41 1928;
870 853 69 41 2c.
966 854 95 38 and
1088 852 84 41 aff.
1199 853 112 39 Dec.
1338 852 57 40 26;
1451 852 41 39 A
1518 852 119 41 3729;
1691 853 52 41 F.
1770 853 55 40 A.
1853 852 194 48 Virkus,
2079 852 223 49 Chicago.

383 990 123 52 The
564 987 314 64 Waverley
939 989 259 52 children
1261 989 343 68 dictionary,
1666 988 96 52 the
1823 990 231 52 wonder
2113 989 147 53 book
2323 989 64 52 of

451 1066 203 53 words.
752 1066 214 53 Edited
1007 1066 77 68 by
1125 1066 229 53 Harold
1396 1065 266 54 Wheeler.
1775 1084 51 35 v.
1873 1071 46 48 5.
1964 1066 422 53 Male-Polder.

450 1143 260 69 London,
740 1144 122 53 The
892 1144 293 68 Fleetway
1215 1144 175 52 house
1448 1146 151 64 [1928]

450 1226 1597 49 3 p. l. , 2649-3320 p. incl. col. front., illus., col. plates. 25 ᶜᵐ.
384 1279 1986 109 © 1c. Jan. 25, 1929; A ad int. 12262; pubd. Dec. 15, 1928; Adam Dingwall, New York.
379 1407 252 63 Weems,
661 1406 209 52 Mason
899 1404 211 65 Locke,
1144 1406 327 53 1759-1825.

449 1482 1937 71 Mason Locke Weems, his works and ways … edited by
379 1560 1637 71 Emily Ellsworth Ford Skeel … New York, 1929.
449 1644 27 39 3
506 1654 42 29 v.
608 1642 177 41 fronts.
813 1642 50 49 (2
893 1644 114 46 col.;
1039 1654 43 29 v.
1112 1644 52 38 1:
1199 1642 149 48 port.)
1386 1642 143 47 illus.,
1563 1642 171 48 plates,
1764 1641 218 41 facsims.
2011 1641 137 49 (part
2179 1643 198 48 double)

379 1699 56 40 25 ᶜᵐ.
451 1755 1875 48 Two hundred copies of vol. I and three hundred copies of vols, II -III
380 1813 123 40 have
531 1813 119 40 been
678 1813 195 48 printed
900 1814 60 46 by
991 1813 82 39 the
1102 1812 245 47 Plimpton
1376 1822 137 38 press
1542 1811 52 40 of
1623 1812 254 48 Norwood,
1909 1813 149 40 Mass.
2118 1812 119 41 This
2267 1823 120 39 copy

379 1871 85 38 not
491 1870 279 39 numbered.

452 1927 130 40 Most
605 1926 52 40 of
684 1926 82 39 the
792 1926 173 39 letters
991 1935 84 30 are
1103 1926 265 39 addressed
1398 1927 48 37 to
1475 1925 216 40 Mathew
1718 1924 171 48 Carey.

453 1981 1850 49 “Books … periodicals … newspapers consulted”: vol. I, p. 345-385.
729 2046 94 33 CONTENTS.—I.
854 2039 42 38 A
927 2038 338 47 bibliography
1296 2038 93 40 left
1420 2037 277 41 unfinished
1727 2039 60 46 by
1821 2039 50 40 P.
1905 2039 52 40 L.
1988 2039 206 40 Ford.—II
2238 2070 11 10 .
378 2039 1991 105 Letters,

524 2095 415 42 1784-1809.—III.
972 2095 206 47 Letters,
1211 2094 277 41 1810-1825.

381 2151 52 52 ©
457 2156 111 39 Jan.
591 2155 68 47 15,
685 2153 114 41 1929;
848 2153 71 41 2c.
943 2153 119 41 each
1087 2153 111 41 Feb.
1224 2155 25 37 1;
1303 2152 109 42 affs.
1437 2154 111 39 Jan.
1573 2154 55 40 31;
1683 2153 42 39 A
1746 2154 266 41 4172-4174;
2067 2155 160 47 Emily
2252 2156 52 39 E.
2331 2155 52 41 F.

451 2211 154 48 Skeel,
634 2209 240 41 Martha’s
901 2210 261 48 Vineyard,
1193 2211 147 40 Mass.
1407 2210 253 49 (29-3631)

372 2277 216 64 White,
625 2277 222 53 Robert
883 2277 74 53 H.

445 2353 1942 69 The nonpareil speller … by Robert H. White … Boston,
375 2430 1567 71 New York [etc.] D. C. Heath & company [ ᶜ1 929]
442 2516 217 41 3 v. 19 ᶜᵐ.
722 2572 133 46 CONTENTS.—pt.
887 2568 41 43 1.
959 2571 186 41 Grades
1173 2570 236 47 2-4.—pt.
1440 2569 43 41 2.
1513 2571 187 40 Grades
1729 2571 234 47 5-6.—pt.
1994 2570 42 42 3.
2067 2571 187 41 Grades
2283 2572 99 41 7-9.

381 2625 51 53 ©
470 2630 110 40 Jan.
618 2629 39 48 5,
694 2628 141 48 1929;
874 2628 69 41 2c.
980 2628 120 40 each
1136 2627 111 41 Jan.
1284 2627 83 46 14;
1407 2626 108 41 affs.
1554 2627 111 41 Jan.
1702 2628 84 46 11;
1825 2628 42 38 A
1903 2627 290 48 3696-3698;
2234 2629 58 39 D.
2332 2629 49 41 C.

448 2686 166 41 Heath
641 2686 36 40 &
702 2697 67 29 co.
836 2684 252 49 (29-2054)

379 2751 441 64 Whitechurch,
852 2750 206 53 Victor
1087 2750 280 64 Lorenzo,
1401 2755 173 49 1868-

444 2833 123 51 The
602 2832 243 68 robbery
882 2837 60 47 at
976 2829 283 54 Rudwick
1294 2830 191 68 house,
1521 2830 76 69 by
1632 2828 203 55 Victor
1870 2831 65 52 L.
1972 2829 413 55 Whitechurch

436 2907 1389 70 … New York, Duffield and company, 1929.
443 2989 533 50 3 p. l. , 3-342 p. 19½ᶜᵐ.
381 3044 52 52 ©
462 3049 112 39 Feb.
601 3048 40 48 9,
670 3047 142 47 1929;
842 3047 68 41 2c.
940 3047 97 39 and
1065 3045 82 41 aff.
1178 3046 111 41 Feb.
1319 3046 82 46 12;
1432 3046 43 39 A
1501 3046 143 46 4379;
1677 3046 209 41 Duffield
1915 3049 37 41 &
1981 3057 68 29 co.

457 3104 253 50 (29-3967)

373 3170 357 64 Wicksteed,
760 3170 357 54 Alexander.

444 3247 135 53 Life
621 3247 182 52 under
845 3246 97 53 the
983 3246 226 67 soviets,
1251 3246 77 68 by
1368 3245 330 53 Alexander
1739 3245 346 69 Wicksteed,
2125 3246 141 53 with
2309 3265 73 34 an

374 3325 392 53 introduction
794 3324 77 67 by
900 3324 263 52 Beatrice
1191 3323 198 54 Webb.
1464 3323 260 67 London,
1753 3323 157 55 John
1939 3324 159 52 Lane
2154 3327 152 64 [1928]

444 3405 721 52 xvii p., 1 l., 195, [1] p. 19½ᶜᵐ.
379 3460 1999 52 © 1c. Jan. 28, 1929; A ad int. 12270; pubd. Dec. 4, 1928; Dodd, Mead &
447 3532 81 39 co.,
556 3521 105 48 inc.,
689 3521 117 39 New
832 3520 145 40 York.
1043 3519 251 50 (29-3611)

373 3588 308 63 Williams,
716 3587 241 55 Becket.

445 3665 122 52 The
606 3664 167 69 High
816 3665 300 68 Pyrénées,
1159 3682 246 35 summer
1449 3665 113 52 and
1604 3664 222 68 winter,
1864 3664 76 69 by
1982 3664 213 53 Becket
374 3664 1980 132 Williams.

631 3742 259 67 London,
918 3742 263 54 Wishart
1207 3744 46 50 &
1282 3759 298 51 company,
1610 3744 151 51 1928.

443 3824 1262 50 5 p. l. , 7-214 p., 1 l. front., illus., plates. 19½ᶜᵐ.
444 3883 141 47 Maps
616 3892 60 30 on
705 3882 365 48 lining-papers.

379 3934 1993 52 © 1c. Feb. 1, 1929; A ad int. 12280; pubd. Dec. 6, 1928; B. Williams,
447 3995 213 41 London.
725 3995 251 49 (29-4483)
