2533 4384
1044 3998 101 49 411

108 330 431 64 Chamberlain,
577 331 272 51 Houston
889 329 278 63 Stewart,
1208 328 327 54 1855-1927.

105 404 1974 137 … Briefe, 1882-1924, und briefwechsel mit kaiser Wilhelm
333 482 1500 70 II . 2. bd. München, F. Bruckmann a.-g. [ ᶜ1 928]
172 566 1217 52 3 p. l., 288 p. front. (port.) facsims. 21½ᶜᵐ.
107 635 1994 54 © Aug. 30, 1928; 1c. Jan. 8, 1929; A—Foreign 1921; F. Bruckmann a. g.
105 749 191 63 Clark,
334 747 221 54 Harold
590 746 265 65 Willard,
895 751 172 51 1891-

170 825 158 54 Back
358 830 59 47 to
449 824 391 65 creationism;
875 842 31 34 a
940 823 231 54 defense
1204 824 64 52 of
1299 823 97 53 the
1428 822 274 54 scientific
1735 840 272 50 accuracy
2040 822 65 52 of

101 904 92 53 the
233 902 256 54 doctrine
530 901 65 53 of
632 902 212 67 special
886 901 269 68 creation,
1196 901 113 53 and
1353 920 31 33 a
1425 901 130 67 plea
1597 899 94 53 for
1732 919 31 33 a
1804 904 200 48 return
2044 906 59 46 to

101 981 149 53 faith
280 980 60 53 in
368 981 95 52 the
492 980 190 52 literal
711 978 444 69 interpretation
1184 978 64 53 of
1276 978 97 53 the
1403 977 234 56 Genesis
1666 978 199 53 record
1894 978 66 52 of
99 995 1980 116 creation

296 1076 59 35 as
396 1058 252 68 opposed
689 1062 58 48 to
789 1058 96 52 the
925 1058 205 66 theory
1170 1057 65 52 of
1276 1055 309 66 evolution,
1624 1056 77 69 by
1741 1055 227 53 Harold
2012 1056 89 53 W.

100 1133 1931 71 Clark … Angwin, Calif., Pacific union college press, 1929.
166 1218 665 50 139 p., 1 l., [2] p. 25½ᶜᵐ.
103 1286 50 52 ©
186 1291 121 39 Mar.
337 1289 40 47 1,
408 1288 142 47 1929;
582 1289 69 40 2c.
682 1288 124 40 Mar.
835 1288 83 46 18;
950 1286 82 41 aff.
1065 1288 123 40 Mar.
1218 1287 81 47 11;
1336 1287 39 39 A
1406 1287 142 46 5915;
1583 1288 60 40 H.
1676 1288 71 39 W.
1781 1286 162 46 Clark,
167 1287 1918 107 Angwin,

308 1345 145 42 Calif.
521 1344 251 50 (29-8130)

102 1441 192 63 Clark,
326 1440 277 53 Kenneth
637 1439 311 63 Sherman,
985 1444 171 49 1882-

163 1516 187 54 Music
383 1516 60 53 in
476 1516 286 69 industry,
795 1516 76 68 by
903 1516 267 53 Kenneth
1209 1515 57 56 S.
1305 1516 205 60 Clark;
1548 1535 32 33 a
1614 1516 390 68 presentation
2037 1516 66 53 of

99 1594 144 54 facts
272 1594 251 69 brought
553 1594 159 53 forth
741 1594 78 69 by
848 1614 31 33 a
909 1612 222 51 survey,
1160 1594 166 53 made
1353 1594 77 69 by
1456 1594 95 53 the
1582 1594 276 53 National
1887 1594 215 53 bureau

99 1672 90 53 for
230 1673 98 53 the
370 1672 409 53 advancement
821 1672 65 53 of
927 1672 196 67 music,
1167 1690 72 35 on
1282 1672 239 53 musical
1566 1671 284 54 activities
1894 1690 209 51 among

95 1750 306 54 industrial
430 1750 113 53 and
572 1749 358 54 commercial
960 1749 264 54 workers.
1300 1749 141 53 New
1470 1748 163 55 York
1662 1749 134 70 city,
1825 1750 275 54 National

95 1827 1426 68 bureau for the advancement of music [ ᶜ1 929 ]
163 1910 1083 50 vi p., 1 l., 383 p. front., plates. 23½ᶜᵐ.
99 1977 2000 52 © Mar. 11, 1929; 2c. Mar. 22; aff. Mar. 21; A 6102; Natl. bureau for
164 2038 80 40 the
275 2039 352 40 advancement
653 2037 52 41 of
731 2037 170 41 music.
968 2037 251 50 (29-8318)

101 2131 329 66 Cleveland,
462 2132 330 65 Elizabeth,
823 2135 53 52 d.
912 2138 150 50 1925.

160 2212 64 53 If
257 2217 232 64 parents
524 2213 135 68 only
691 2212 192 67 knew;
925 2232 31 33 a
991 2232 252 50 message
1279 2213 154 53 from
1465 2214 254 55 teachers
1755 2220 57 48 to
1850 2220 249 63 parents,

91 2291 204 69 telling
339 2292 154 51 what
536 2292 96 52 the
676 2292 237 52 modern
958 2292 190 52 school
1193 2292 48 52 is
1285 2292 179 69 doing
1508 2292 94 53 for
1643 2293 97 53 the
1784 2293 157 54 child
1985 2295 108 52 and

91 2368 2009 71 how the home can help, by Elizabeth Cleveland … New
92 2448 177 69 York,
304 2448 295 60 Children,
632 2449 96 53 the
762 2447 252 70 parents’
1048 2448 314 70 magazine,
1398 2449 113 53 and
1546 2449 91 54 W.
1670 2450 90 53 W.
1795 2450 225 54 Norton
2053 2453 47 51 &

92 2528 641 66 company, inc. [ ᶜ1 929]
159 2606 808 51 3 p. l., 153 p. 19½ᶜᵐ. $1.75
162 2679 103 40 “An
297 2677 336 50 appreciation
664 2678 54 41 of
751 2678 257 41 Elizabeth
1042 2679 277 47 Cleveland,
1353 2679 61 48 by
1448 2679 182 41 Doctor
1664 2679 157 41 Helen
1856 2680 54 40 T.
90 2681 1990 103 Woolley”:

252 2748 44 38 p.
325 2735 218 43 141-153.

96 2803 50 52 ©
177 2808 111 40 Feb.
319 2808 68 47 16,
417 2807 118 41 1929;
590 2809 69 39 2c.
689 2809 96 39 and
816 2806 84 42 aff.
930 2808 112 40 Feb.
1071 2808 83 46 27;
1184 2807 43 39 A
1257 2807 141 47 6172;
1431 2807 221 40 Parents’
1685 2807 110 49 pub.
1826 2818 145 33 assn.,
2003 2808 92 41 inc.

171 2863 251 51 (29-8231)

97 2958 229 62 Cordts,
364 2957 175 54 Anna
576 2958 322 55 Dorothea.

218 3037 1880 71 … The word method of teaching phonics; a teacher’s book
91 3112 2005 73 by Anna Dorothea Cordts … Boston, New York [etc.] Ginn
90 3195 647 68 and company [ ᶜ1 929]
159 3275 98 42 viii.
288 3275 85 41 328
402 3286 43 37 p.
613 3307 9 9 19ᶜᵐ.
691 3275 127 46 (The
845 3286 108 30 new
981 3276 120 48 path
1131 3277 48 39 to
1212 3275 227 49 reading)

95 3327 1996 53 © Feb. 27. 1929; 1c. Mar. 14; 1c. Mar. 22; aff. Mar. 13; A 7011; A. D.
162 3388 187 49 Cordts,
380 3390 176 47 Boone,
616 3400 43 30 Ia.
728 3389 252 49 (29-8234)

95 3482 237 54 Council
366 3483 64 53 of
466 3483 306 55 Christian
809 3484 410 54 associations.
1298 3484 381 54 Commission
1714 3504 72 34 on
1819 3485 274 53 relations

195 3567 212 48 between
430 3563 209 67 college
662 3581 130 35 men
816 3565 114 51 and
955 3581 234 36 women.

157 3640 121 53 The
311 3659 95 34 sex
440 3640 105 53 life
581 3639 64 56 of
678 3643 198 67 youth,
911 3642 77 66 by
1024 3641 182 55 Grace
1239 3640 224 54 Loucks
1500 3640 211 55 Elliott
1746 3642 114 52 and
1894 3641 201 69 Harry

90 3718 183 65 Bone;
310 3718 171 54 based
516 3737 73 35 on
620 3720 95 52 the
750 3720 159 52 work
943 3720 64 53 of
1039 3720 97 54 the
1173 3718 380 56 Commission
1588 3739 72 34 on
1694 3718 273 55 relations
89 3719 1979 129 between
311 3796 209 68 college
563 3815 125 34 men
734 3798 113 52 and
892 3815 215 35 women
1152 3797 65 54 of
1260 3797 95 53 the
1403 3796 240 55 Council
1686 3798 65 53 of
1796 3796 298 56 Christian

91 3873 380 55 associations.
535 3875 138 52 New
704 3875 180 56 York,
917 3874 362 55 Association
1309 3893 177 52 press,
1519 3877 150 53 1929.
