2547 4384
1389 4033 102 50 930

483 467 224 41 “Samuel
739 467 210 40 Farwell
976 467 51 41 of
1056 467 330 46 Marblehead,
1417 468 161 45 Mass.,
1608 465 276 41 1741-1927.
1915 465 118 40 with
2062 464 133 47 eight
412 473 1985 90 generations

572 523 53 41 of
654 524 78 39 his
764 524 349 40 descendants:
1147 522 236 49 compiled
1415 523 80 39 for
1526 522 299 48 publication
1859 522 61 47 by
1953 522 124 40 Jane
2110 521 186 39 Harter
411 520 1989 100 Abbott”

582 580 66 48 (v.
674 579 40 47 2,
744 590 43 37 p.
820 579 295 49 [711]-[801])
1153 579 89 41 has
1272 579 179 48 special
1483 580 98 46 t.-p.

415 631 51 53 ©
491 636 125 39 June
641 637 39 44 1,
706 635 114 41 1929;
873 635 67 41 2c.
963 636 119 40 each
1108 636 125 39 June
1258 635 82 46 18;
1367 636 41 38 A
1432 635 115 41 8794;
1603 634 263 40 Frederick
1891 635 169 46 Henry
2087 634 211 40 Farwell
2322 634 96 39 and

482 692 172 48 Fanny
679 693 189 40 Barber
892 693 224 48 Farwell,
1143 693 206 48 Orange,
1374 693 116 40 Tex.
1555 691 281 50 (29-13402)

415 773 2008 72 Florida and Southern reporter digest … Cumulative current
484 849 1939 72 pamphlet service, June, 1929, no. 2 … St. Paul, Minn., West
484 931 674 69 publishing co. [ ᶜ1 929 ]
481 1014 419 48 iii, 312 p. 24 ᶜᵐ .
417 1066 51 53 ©
493 1072 129 40 June
644 1071 68 48 10,
739 1071 114 41 1929;
905 1072 68 40 2c.
997 1073 97 39 and
1117 1072 84 41 aff.
1226 1072 117 48 July
1365 1072 27 41 8;
1444 1072 42 39 A
1509 1071 144 41 11123;
1707 1072 134 40 West
1865 1071 111 48 pub.
2000 1080 68 31 co.

418 1153 263 61 Forrest,
715 1153 246 58 Charles
995 1155 67 53 E.

483 1231 122 53 The
633 1230 318 54 defendant
980 1232 124 53 soul
1155 1231 93 69 [by]
1285 1230 239 55 Charles
1552 1232 251 52 Forrest.
1867 1230 262 67 London,
2159 1230 69 52 E.
2261 1231 164 52 Benn

415 1309 218 53 limited
675 1312 173 65 [1929]

484 1389 444 51 255, [1] p. 19 ᶜᵐ .
420 1444 1955 53 © 1c. July 5. 3929; A ad int. 12848; pubd. May 10; C. Forrest, London.
498 1506 283 49 (29-14304)

422 1588 214 62 Fuller,
670 1588 234 53 Arthur
937 1588 303 65 Franklin,
1276 1592 171 52 1880-

490 1667 367 68 Personality
885 1668 113 52 and
1024 1667 97 54 the
1147 1666 231 69 pursuit
1402 1666 64 53 of
1492 1667 330 68 happiness,
1848 1666 75 69 by
1950 1666 227 53 Arthur

421 1664 2004 149 F ranklin Fuller … 3d ed. Los Angeles, Calif., A. F. Fuller, 1929.
490 1826 730 49 82 p. front. (port.) 17 ᶜᵐ .
494 1883 129 40 “The
649 1884 176 40 second
852 1883 124 40 book
1002 1882 53 41 of
1079 1882 305 49 personality
1410 1881 317 50 essays.”—p.
1756 1882 42 41 3.

425 1934 52 53 ©
505 1940 114 47 May
643 1940 69 47 17,
738 1938 115 41 1929;
905 1939 69 41 2c.
1002 1940 94 39 and
1123 1939 83 41 aff.
1232 1939 116 48 May
1371 1940 56 39 25;
1483 1940 42 39 A
1549 1939 117 40 9324;
1717 1939 56 41 A.
1800 1939 50 40 F.
1879 1939 180 48 Fuller,
2087 1939 97 40 Los
2207 1939 223 48 Angeles.

503 1996 283 49 (29-13409)

428 2077 197 65 Gerig,
659 2078 156 53 John
849 2078 336 65 Lawrence,
1221 2080 172 54 1878-

494 2156 255 53 Antoine
773 2156 195 53 Arlier
994 2157 114 52 and
1132 2156 96 53 the
1253 2156 356 53 renaissance
1635 2162 59 47 at
1720 2156 214 68 Nimes,
1957 2156 77 69 by
2059 2157 55 53 J.
2141 2157 66 52 L.
2235 2155 194 71 Gerig.

423 2234 140 52 New
594 2234 181 66 York,
803 2234 276 53 Institute
1108 2233 66 54 of
1202 2234 223 53 French
1455 2234 235 68 studies,
1721 2237 151 50 1929.

494 2314 528 51 1 p. l., 57 p. 20½ ᶜᵐ .
427 2368 52 54 ©
504 2372 110 42 Jan.
637 2372 41 47 2,
702 2372 118 41 1929;
869 2372 68 42 2c.
961 2372 126 42 June
1112 2373 55 40 17;
1221 2371 83 42 aff.
1329 2372 126 42 June
1479 2372 57 41 14;
1588 2372 41 41 A
1654 2372 115 42 8783;
1824 2372 53 42 G.
1903 2372 51 41 L.
1980 2372 105 41 Van
2111 2372 320 51 Roosbroeck,

494 2431 118 39 New
636 2431 147 40 York.
847 2430 282 50 (29-13413)

435 2511 359 68 [Goodchild,
827 2512 246 68 George]
1112 2518 171 50 1888-

495 2591 168 69 Body
701 2592 114 52 and
854 2592 141 67 soul,
1032 2591 78 71 by
1149 2592 154 54 Alan
1342 2594 155 51 Dare
1559 2593 216 67 [pseud.]
1871 2594 261 67 London,
2169 2592 268 56 Jarrolds

423 2669 223 55 limited
700 2674 153 64 [1929]

495 2752 87 42 288
608 2763 44 38 p.
711 2752 149 42 19½ᶜᵐ.

430 2805 2004 54 © 1c. July 5, 1929; A ad int. 12846; pubd. May 10; G. Goodchild, Exeter,
498 2869 238 47 England.
807 2867 283 51 (20-14381)

432 2947 224 66 Griffin,
687 2949 225 53 Austin
941 2950 50 52 B
1282 2955 172 50 1880-

496 3025 55 53 A
579 3027 233 53 treatise
838 3046 73 34 on
938 3027 96 53 the
1060 3028 111 52 law
1199 3027 64 53 of
1287 3028 338 53 mechanics’
1651 3028 144 54 liens
1822 3027 64 54 of
1913 3028 97 52 the
2035 3031 144 50 state
2207 3026 66 54 of
2298 3027 141 53 New

428 3104 2011 71 York, with complete forms, by Austin B. Griffin … Albany,
428 3182 70 53 N.
528 3183 91 67 Y.,
644 3182 80 53 M.
756 3183 228 53 Bender
1009 3185 46 50 &
1082 3201 242 51 company
1409 3183 422 69 incorporated,
1859 3187 151 50 1929.

499 3265 97 48 xvi,
626 3264 83 42 661
740 3277 44 37 p.
843 3265 148 42 23½ᶜᵐ.

433 3317 51 53 ©
511 3322 125 40 June
660 3321 29 41 6,
725 3321 116 41 1929;
895 3322 68 40 2c.
989 3323 94 39 and
1110 3321 83 42 aff.
1219 3322 126 40 June
1371 3323 26 39 7;
1452 3322 41 39 A
1518 3321 115 41 9578;
1691 3323 238 40 Matthew
1954 3323 191 40 Bender
2172 3323 37 40 &
2234 3333 82 36 co.,
2344 3323 91 41 inc.

510 3379 282 49 (20-13545)

432 3467 356 65 Higginson,
818 3471 138 55 Mrs.
988 3471 174 63 Mary
1190 3471 210 52 Potter
1439 3470 331 65 (Thacher)
1811 3476 172 50 1844-

500 3545 319 69 Fugitives,
864 3546 76 68 by
987 3547 172 67 Mary
1209 3547 261 53 Thacher
1518 3546 349 70 Higginson.
1960 3547 304 67 Portland,
2312 3547 130 67 Me.,

429 3623 121 52 The
575 3623 233 53 Mosher
838 3643 176 49 press,
1042 3628 150 50 1929.

500 3704 683 50 vii, 73, [1] p., 1 l. 16½ ᶜᵐ .
506 3763 145 39 “Two
671 3763 223 40 hundred
918 3763 159 48 copies
1102 3763 52 41 of
1178 3763 98 41 this
1299 3764 125 40 book
1447 3763 244 49 privately
1714 3762 238 50 printed.”

501 3819 186 41 Poems.

438 3872 52 52 ©
526 3877 124 39 June
685 3879 38 44 7,
758 3877 140 46 1929;
935 3878 68 39 2c.
1037 3878 129 40 June
1198 3878 82 45 17;
1318 3877 82 41 aff.
1436 3878 125 40 June
1595 3879 82 45 14;
1714 3879 41 38 A
1788 3878 142 46 9724;
1968 3879 62 40 M.
2064 3878 52 40 T.
2150 3876 288 49 Higginson,

506 3933 301 49 Cambridge,
835 3935 149 40 Mass.
1048 3934 281 49 (29-13424)
