2533 4342
1325 3987 135 51 1686

467 430 304 49 19 p. 18 ᶜᵐ .
469 502 128 40 Title
623 501 129 40 from
779 511 157 32 cover.

469 559 162 39 Blank
662 569 147 38 pages
842 558 80 40 for
958 558 347 41 “Memoranda
1340 558 52 40 of
1424 557 218 49 repairs”
1690 558 193 49 (14-17)

402 625 52 53 ©
489 630 103 41 Oct.
623 630 41 48 4,
698 629 115 41 1929;
874 631 68 40 2c.
976 630 96 40 and
1107 628 83 42 aff.
1224 629 104 41 Oct.
1360 630 26 40 7;
1449 628 43 40 A
1523 628 146 42 13992;
1732 629 217 41 Wallace
1982 629 37 41 &
2052 630 220 46 Warner,
2306 628 94 42 inc.

478 685 282 49 (29-21065)

403 780 220 65 Walsh,
654 779 283 57 Maurice.

470 857 1933 71 The small dark man, a novel, by Maurice Walsh … New
406 936 174 68 York,
611 937 312 53 Frederick
952 936 72 54 A.
1060 935 202 57 Stokes
1291 954 299 52 company,
1622 939 151 49 1929.

463 1017 573 49 3 p. l., 314 p. 19½ ᶜᵐ .
401 1083 52 54 ©
482 1088 102 41 Oct.
611 1088 70 49 10,
709 1088 118 41 1929;
879 1088 69 41 2c.
976 1088 104 41 Oct.
1107 1088 58 40 16;
1221 1087 82 42 aff.
1332 1088 104 41 Oct.
1464 1086 57 41 15;
1577 1087 42 40 A
1645 1086 148 42 15037;
1849 1087 264 41 Frederick
2139 1087 56 41 A.
2227 1087 172 41 Stokes

467 1156 68 30 co.
606 1144 282 50 (29-21419)

393 1239 414 64 Washington,
839 1239 71 54 D.
946 1239 63 54 C.
1083 1238 283 53 National
1400 1237 269 56 Catholic
1702 1237 199 54 school
1933 1237 64 53 of
2030 1238 178 53 social
462 1254 1916 118 service.

527 1391 1878 57 … Studies in child welfare from the National Catholic
393 1472 191 53 school
608 1470 65 53 of
695 1470 174 54 social
893 1471 229 66 service,
1147 1470 76 70 by
1247 1470 355 69 Marguerite
1625 1471 173 68 Mary
1823 1471 368 67 Eisenmann,
2216 1471 189 53 Helen

392 1548 2012 69 Farrell, Catherine Mangan [and others] … Washington,
392 1625 1916 70 D. C., The National Catholic school of social service [ ᶜ1 929]
462 1708 1938 50 51 p. illus. (map) diagr. 23 ᶜᵐ . (Social science monographs. vol. I,
392 1777 73 30 no.
493 1765 54 49 2)

461 1835 352 48 Bibliography
841 1836 52 39 at
922 1836 92 39 end
1042 1834 53 42 of
1123 1835 119 41 each
1270 1834 188 42 article.

397 1888 52 53 ©
482 1892 103 41 Oct.
616 1892 40 46 1,
687 1891 118 41 1929;
860 1893 70 39 2c.
960 1893 96 39 and
1088 1891 83 41 aff.
1203 1891 103 41 Oct.
1338 1891 54 40 11;
1453 1891 42 40 A
1526 1891 146 40 14122;
1732 1892 132 41 Natl.
1897 1891 223 42 Catholic
2149 1892 163 42 school
2345 1891 53 42 of

467 1948 150 41 social
652 1948 198 48 service,
883 1948 339 48 Washington.
1295 1947 281 49 (29-21511)

394 2041 229 65 Weber,
654 2043 138 54 Mrs.
823 2040 232 54 Lenora
1086 2040 345 65 Mattingly.

460 2121 179 54 Wind
662 2139 73 35 on
758 2121 96 52 the
878 2121 234 68 prairie,
1134 2121 76 69 by
1234 2120 223 53 Lenora
1483 2120 321 70 Mattingly
1825 2120 224 70 Weber,
2074 2122 142 51 with

398 2121 1979 132 illustrations
667 2199 77 70 by
766 2198 158 54 Kurt
945 2198 206 53 Wiese.
1227 2198 235 66 Boston,
1485 2198 198 69 Little,
1709 2200 232 67 Brown,
1966 2200 113 53 and
2104 2215 300 52 company,

398 2280 152 51 1929.

460 2356 1497 50 5 p. l., [3]-276 p. incl. illus., plates, col. front. 20½ ᶜᵐ .
461 2414 289 39 Illustrated
781 2412 367 49 lining-papers.

396 2465 53 53 ©
481 2469 104 42 Oct.
614 2469 40 48 5,
684 2468 114 41 1929;
857 2470 69 39 2c.
956 2470 98 39 and
1086 2468 84 42 aff.
1200 2468 103 42 Oct.
1333 2468 55 39 11;
1448 2467 42 40 A
1519 2468 149 41 14086;
1726 2468 164 51 Little,
1924 2470 192 49 Brown,
2148 2470 37 40 &
2215 2481 68 30 co.

473 2525 282 49 (29-21204)

387 2619 198 65 Wells,
615 2619 260 53 Herbert
903 2619 248 64 George.

465 2698 123 52 The
624 2702 304 64 autocracy
966 2696 65 54 of
1065 2698 112 52 Mr.
1215 2698 271 52 Parham.
1560 2697 165 54 Book
1760 2698 99 53 the
1893 2697 144 70 first,
2073 2697 163 70 chap.
2278 2701 120 67 1-6,

394 2775 164 53 Book
591 2776 97 51 the
723 2775 222 67 second,
981 2776 165 68 chap.
1187 2779 46 48 1.

497 2857 62 40 (In
583 2852 322 45 Nash’s-Pall
932 2854 121 43 mall
1079 2854 277 52 magazine,
1386 2854 124 50 Oct.,
1538 2854 141 51 Nov.,
1710 2854 145 50 1929)

398 2908 1997 54 © 1c. each Nov. 16, 1929; A ad int. 13256; pubd. Sept. 17, Oct. 17; H. G.
464 2970 164 48 Wells,
657 2969 214 40 London.

392 3061 192 66 Wells,
613 3062 293 65 Webster,
938 3067 326 50 1851-1916.

459 3139 245 54 Modern
744 3140 261 69 algebra;
1046 3140 162 53 third
1247 3145 265 48 semester
1551 3158 211 51 course,
1800 3141 76 68 by
1915 3140 261 55 Webster
2217 3140 181 55 Wells

454 3217 1941 71 … and Walter W. Hart … Boston, New York [etc.] D. C.
390 3294 870 70 Heath and company [ ᶜ1 929]
460 3376 898 50 vii. 266 p. illus., diagrs. 19½ ᶜᵐ .
397 3429 52 53 ©
479 3434 103 41 Oct.
610 3435 41 47 4,
681 3434 114 41 1929;
854 3436 67 39 2c.
953 3435 103 41 Oct.
1084 3436 55 38 11;
1199 3435 83 42 aff.
1313 3435 103 41 Oct.
1446 3435 25 40 9;
1530 3435 45 43 A
1600 3434 148 41 14100;
1804 3435 162 48 Emily
1996 3435 56 40 R.
2082 3436 164 46 Wells,

464 3435 1912 103 Boston,
588 3491 96 39 and
709 3491 190 40 Walter
924 3492 73 40 W.
1024 3491 143 49 Hart,
1196 3491 238 49 Madison,
1461 3491 119 41 Wis.
1646 3491 282 50 (29-21582)

395 3582 262 65 Weston,
683 3582 243 57 Harold.

460 3661 121 53 The
614 3662 335 67 patchwork
978 3663 305 68 madonna,
1313 3663 76 68 by
1419 3662 228 54 Harold
1678 3664 253 68 Weston,
1961 3663 326 53 illustrated
2319 3661 76 70 by

394 3738 1829 71 Zhenya Gay. New York, W. Morrow & company [ ᶜ1 929]
457 3818 808 50 252 p., 1 l. incl. plates. 20 ᶜᵐ .
396 3869 52 53 ©
479 3874 103 42 Oct.
610 3874 69 48 10,
709 3874 141 47 1929;
881 3876 67 40 2c.
979 3877 96 39 and
1105 3874 97 50 aff.,
1233 3875 102 41 Oct.
1365 3876 83 47 12;
1477 3876 43 39 A
1548 3875 173 48 12996;
1753 3875 218 42 William
2001 3877 211 39 Morrow
2240 3881 39 39 &
2306 3887 84 37 co.,

463 3930 91 43 inc.
625 3930 280 51 (29-21208)
