2512 4377
1267 3973 106 52 434

317 350 189 65 Lunn,
537 351 224 53 Arnold
791 352 207 62 Henry
1025 352 218 64 Moore,
1277 356 171 50 1888-

387 442 1926 71 John Wesley, by Arnold Lunn … with a foreword by S.
321 520 1996 71 Parkes Cadman, D. D. New York, L. MacVeagh, The Dial
316 619 185 49 press;
543 600 271 67 Toronto,
850 600 348 67 Longmans,
1235 598 188 55 Green
1461 600 114 52 and
1611 618 99 50 co.,
1747 602 151 51 1929.

382 681 100 47 xix,
510 681 84 40 371
622 691 44 38 p.
725 679 151 42 front,
905 680 174 48 (port.)
1146 680 148 41 21½ᶜᵐ.

384 750 351 48 Bibliography
765 750 227 40 included
1020 749 51 40 in
1101 750 411 42 “Introduction”.

323 818 1978 110 © Feb. 11, 1929; 2c. Feb. 18; aff. Mar. 25; A 5344; A. H. M. Lunn, London. (29-4953)
318 985 369 65 Madariaga,
717 985 286 54 Salvador
1035 985 88 65 de,
1157 990 172 50 1886-

382 1076 447 68 Disarmament,
885 1076 76 69 by
1019 1075 285 56 Salvador
1362 1078 69 52 de
1488 1077 361 70 Madariaga.
1937 1078 141 54 New
2137 1079 180 69 York,

312 1153 556 69 Coward-McCann,
898 1154 128 69 inc.,
1059 1156 151 51 1929.

380 1235 104 48 xiii,
514 1235 85 41 379
629 1246 44 38 p.
732 1235 149 42 22½ᶜᵐ.

320 1303 55 53 ©
406 1309 123 40 Mar.
560 1308 70 46 21,
664 1307 117 40 1929;
840 1307 68 40 2c.
943 1308 122 39 Mar.
1098 1306 83 48 25;
1216 1306 83 41 aff.
1334 1308 123 40 Mar.
1489 1307 83 48 23;
1607 1308 42 38 A
1681 1308 141 47 6161;
1859 1308 457 50 Coward-McCann,

386 1364 91 41 inc.
547 1363 251 50 (29-8063)

318 1472 410 64 Maupassant,
755 1471 133 64 Guy
913 1472 87 64 de,
1029 1477 327 50 1850-1893.

381 1565 123 53 The
540 1565 277 68 complete
852 1565 196 52 novels
1085 1562 65 55 of
1185 1564 133 70 Guy
1356 1565 69 53 de
1461 1565 394 68 Maupassant.
1932 1565 125 56 One
2094 1565 225 54 volume

313 1642 1508 69 ed. New York, N. Y., W. J. Black, inc. [ ᶜ1 928]
382 1725 794 51 6 p. l., 756 p. front. 19½ᶜᵐ.
317 1793 52 53 ©
395 1797 102 41 Oct.
521 1797 69 47 15,
615 1797 141 47 1928;
782 1797 67 42 2c.
874 1797 111 40 Jan.
1009 1796 69 49 30,
1104 1795 141 49 1929;
1273 1796 82 41 aff.
1381 1797 112 40 Feb.
1517 1797 83 48 23;
1629 1798 40 38 A
1693 1797 142 48 4581;
1864 1798 189 40 Walter
2078 1798 43 41 J.
2148 1798 167 49 Black,

385 1854 92 40 inc.
542 1853 253 50 (29-5851)

315 1962 285 65 Mauriac,
637 1962 301 68 Francois,
976 1967 171 52 1885-

445 2053 1869 69 … Destinies, translated by Eric Sutton. New York, Co-
312 2130 131 70 vici,
472 2131 226 69 Friede,
733 2133 151 51 1929.

380 2214 533 49 3 p. l., 215 p. 20ᶜᵐ.
319 2281 52 53 ©
403 2286 123 40 Mar.
554 2285 71 48 25,
656 2285 141 47 1929;
827 2285 69 40 2c.
927 2285 123 40 Mar.
1080 2284 82 48 30;
1198 2284 82 41 aff.
1310 2285 115 47 Apr.
1456 2285 54 47 2;
1543 2285 42 39 A
1616 2284 141 48 6301;
1794 2285 177 49 Covici,
2005 2285 187 46 Friede,
2225 2285 92 41 inc.

395 2341 251 49 (29-8315)

314 2450 282 65 Mitchell,
629 2449 223 54 Harold
883 2451 265 64 Hanson,
1184 2455 172 49 1886-

381 2540 1872 70 The biochemistry of the amino acids, by Η. H. Mitchell …
311 2617 2004 74 and T. S. Hamilton … New York, The Chemical catalog
308 2715 299 51 company,
637 2697 128 68 inc.,
795 2699 152 51 1929.

381 2779 39 48 5,
477 2778 144 41 9-619
676 2789 44 38 p.
795 2778 143 48 illus.,
996 2777 181 49 diagrs.
1252 2777 146 41 23½ᶜᵐ.
1483 2778 282 48 (American
1826 2778 235 41 chemical
2120 2779 186 51 society.

309 2836 302 48 Monograph
639 2835 165 41 series.
881 2845 76 31 [no.
984 2835 100 49 48])

380 2907 235 41 Contains
646 2906 395 48 bibliographies.

317 2976 51 51 ©
402 2980 122 39 Mar.
555 2980 70 47 23,
658 2978 141 48 1929;
832 2979 69 41 2c.
934 2979 123 39 Mar.
1087 2977 84 49 26;
1206 2977 83 41 aff.
1322 2978 123 40 Mar.
1476 2978 84 47 25;
1594 2978 42 39 A
1666 2978 142 47 7105;
1845 2978 246 42 Chemical
2123 2979 195 47 catalog

384 3047 82 38 co.,
495 3036 91 41 inc.
652 3034 251 50 (29-8141)

312 3131 219 63 Moore,
566 3129 246 65 George,
850 3132 173 50 1852-

383 3222 224 52 Letters
654 3220 153 53 from
854 3219 223 70 George
1121 3220 198 53 Moore
1364 3225 59 48 to
1470 3220 110 53 Ed.
1626 3219 314 71 Dujardin,
1989 3222 327 52 1886-1922.

314 3300 140 53 New
481 3299 181 69 York,
692 3298 62 55 C.
785 3298 202 70 Gaige,
1018 3301 150 50 1929.

383 3381 87 41 116
498 3392 57 39 p.,
589 3383 25 38 1
667 3413 10 10 l.
735 3381 148 42 22½ᶜᵐ.

385 3452 231 43 “Printed
638 3452 63 48 by
724 3452 167 40 James
914 3451 342 42 Hendrickson
1280 3453 54 38 at
1358 3450 81 42 the
1464 3462 140 38 press
1627 3450 52 42 of
1703 3452 65 41 M.
1794 3452 45 41 J.
1864 3451 265 45 Widtman,
2156 3450 158 49 Utica,

313 3509 118 40 New
462 3509 146 40 York.
672 3509 86 40 Six
789 3509 223 40 hundred
1045 3511 97 38 and
1176 3508 132 48 sixty
1341 3507 134 49 eight
1508 3507 160 50 copies
1703 3508 52 41 of
1787 3508 160 41 which
1980 3508 78 40 six
2091 3508 223 40 hundred

313 3567 97 38 and
445 3568 184 45 twenty
665 3565 77 40 six
778 3575 85 30 are
897 3565 81 41 for
1013 3566 117 40 sale.
1194 3565 159 41 Three
1386 3564 224 41 hundred
1646 3564 161 49 copies
1843 3564 80 41 for
1960 3564 223 41 America
315 3564 1982 99 distributed
561 3622 61 47 by
653 3622 224 41 Random
903 3622 153 40 house
1084 3622 97 40 and
1212 3621 137 42 three
1380 3621 224 41 hundred
1635 3622 97 40 and
1763 3623 184 47 twenty
1979 3621 78 41 six
2089 3622 225 39 reserved

313 3678 80 41 for
422 3679 237 48 England.
719 3678 134 41 Each
883 3689 120 38 copy
1033 3678 169 49 signed
1232 3678 61 48 by
1323 3678 82 41 the
1436 3678 194 41 author.
1689 3678 122 41 This
1838 3678 43 41 is
1912 3678 204 40 number
2146 3679 88 40 out
2263 3676 53 42 of

313 3734 193 42 series.”

386 3792 293 41 Translated
706 3791 128 40 from
863 3791 82 42 the
974 3791 188 41 French
1190 3791 62 48 by
1280 3791 129 41 John
1436 3791 232 49 Eglinton
1713 3792 165 48 [pseud.]
1955 3791 62 49 cf.
2047 3791 187 40 Introd.

320 3858 51 51 ©
399 3862 112 40 Feb.
535 3861 70 49 28,
633 3861 114 40 1929;
801 3862 69 40 2c.
896 3863 123 39 Mar.
1046 3863 52 46 8;
1129 3861 83 42 aff.
1239 3862 123 40 Mar.
1389 3862 83 47 13;
1502 3862 42 39 A
1569 3861 143 48 7019;
1743 3861 247 41 Fountain
2017 3871 150 39 press,
2196 3861 119 40 New

386 3918 146 41 York.
600 3917 250 49 (29-7619)
