2512 4377
1267 4000 103 52 594

368 439 340 50 [55] p. 21 ᶜᵐ .
297 493 51 52 ©
376 497 115 48 Apr.
517 497 69 47 20,
615 496 141 47 1920;
786 497 68 39 2c.
883 497 96 39 and
1006 496 82 41 aff.
1115 497 115 47 Apr.
1258 496 55 40 23;
1373 496 40 39 A
1439 495 141 48 6726;
1613 497 53 39 E.
1695 497 64 39 M.
1788 495 192 48 Bissell,
2012 495 278 45 Rochester,

363 552 57 42 N.
451 553 54 41 Y.
573 552 281 50 (29-10052)

294 633 366 63 Blackmore,
690 633 260 53 Richard
982 633 358 64 Doddridge,
1374 637 326 50 1825-1900.

363 710 191 52 Lorna
589 710 215 67 Doone,
841 728 31 34 a
910 728 262 35 romance
1207 710 65 52 of
1309 710 269 66 Exmoor,
1614 709 76 68 by
1726 710 68 51 R.
1830 710 72 51 D.
1941 708 355 65 Blackmore,

294 787 206 68 edited,
531 787 140 52 with
703 806 73 33 an
805 787 409 68 introduction,
1243 790 176 65 notes,
1451 787 112 52 and
1594 787 172 68 study
1794 787 181 67 helps,
2004 786 75 69 by
2109 787 88 51 W.
2230 787 66 50 P.

294 862 2004 70 Trent and W. T. Brewster … Boston, New York [etc.] Ginn
294 943 657 68 and company [ ᶜ19 29]
366 1023 1933 52 xxxi, [1], 728 p. incl. front., illus., pl., map. 19 ᶜᵐ . (Standard English
295 1082 225 48 classics)

367 1140 150 40 Notes:
575 1148 45 38 p.
650 1137 218 42 713-719.

368 1196 233 46 Glossary:
660 1205 44 37 p.
733 1193 218 41 721-728.

300 1248 52 52 ©
384 1252 101 48 Apr
531 1252 69 46 17,
633 1250 142 48 1920;
808 1250 68 41 2c.
907 1251 96 39 and
1036 1249 83 42 aff.
1151 1250 113 47 Apr.
1296 1250 82 46 27;
1414 1249 40 39 A
1487 1249 140 47 6823;
1663 1250 73 40 W.
1769 1250 50 40 P.
1853 1250 164 47 Trent,
2052 1250 245 47 Norwalk,

369 1308 162 46 Conn.,
577 1308 96 39 and
697 1307 74 40 W.
794 1307 52 39 T.
872 1307 261 47 Brewster,
1158 1306 117 40 New
1301 1305 145 41 York.
1503 1301 69 54 [©
1599 1306 157 40 added
1782 1307 146 47 study
1954 1306 137 49 helps
2118 1307 50 38 in
2195 1316 105 31 new

355 1364 303 49 impression]
729 1361 251 51 (20-9993)

300 1445 245 64 Celarié,
579 1444 334 56 Henriette.

431 1521 1869 70 … L’épopée marocaine, préface de M. le maréchal Pétain.
322 1602 185 66 [Paris]
546 1600 287 54 Hachette
893 1603 152 64 [1928]

368 1682 1009 51 250 p., 1 l. illus. (incl. maps) 19ᶜᵐ.
638 1741 140 40 CONTENTS.—La
823 1740 198 42 défense
1066 1741 84 40 des
1194 1740 150 49 petits
1387 1741 401 48 postes.—Avant
1833 1741 47 39 la
1927 1750 265 38 campagne
2237 1741 64 39 du

304 1798 226 41 Rif.—La
561 1808 265 38 campagne
854 1798 63 40 du
947 1797 233 40 Rif.—La
1211 1795 252 43 réduction
1493 1798 59 41 de
1579 1799 46 39 la
1659 1797 188 41 “Tache
1876 1799 59 38 de
1963 1797 176 41 Taza”.

303 1852 1866 52 © Oct. 17, 1928; 1c. Nov. 30; A— Foreign 1001; Librairie Hachette.
381 1911 251 49 (29-9905)

432 1989 1875 68 … Monsieur de Voltaire, sa famille et ses amis; avec huit
301 2068 268 69 planches
597 2067 133 54 hors
757 2073 167 47 texte.
990 2067 185 69 Paris,
1202 2068 71 52 A.
1305 2067 187 67 Colin,
1524 2071 150 49 1928.

370 2150 1507 50 4 p. l., 231 p., 3 l. VIII pl. (incl. front., ports.) 19 ½ᶜᵐ .
373 2208 278 45 “Ouvrages
681 2206 274 41 consultés”;
1017 2207 24 39 1
1073 2207 102 40 leaf
1205 2209 51 38 at
1286 2208 106 40 end.

304 2261 2001 52 © Nov. 28, 1928; 1c. Jan. 25, 1929; A —Foreign 1782; Max Leclerc &
373 2320 98 48 cie.,
501 2320 156 40 Paris.
722 2319 252 49 (29-9922)

305 2400 195 64 Clark,
533 2399 205 53 Victor
770 2399 229 63 Seiden,
1034 2405 171 49 1868-

374 2476 1933 71 History o f manufactures in the United States, v. 1, 2, by
304 2556 203 54 Victor
553 2555 56 55 S.
659 2555 204 55 Clark;
915 2555 135 52 with
1103 2574 68 33 an
1222 2555 399 69 introductory
1667 2561 130 47 note
1844 2555 76 69 by
1965 2555 205 69 Henry
2215 2553 89 57 W.

306 2634 268 52 Farnam.
651 2636 133 49 1929
822 2634 83 52 ed.
980 2633 140 52 New
1159 2633 163 52 York
1384 2638 118 62 [etc.]
1546 2633 310 53 Published
1901 2633 96 53 for
2033 2633 96 53 the
304 2632 1979 147 Carnegie

512 2711 330 53 institution
887 2710 64 53 of
994 2711 386 68 Washington
1424 2711 74 68 by
1544 2711 99 53 the
1684 2709 432 55 McGraw-Hill
2161 2709 148 54 book

305 2807 299 50 company,
637 2788 126 68 inc.,
798 2791 150 50 1929.

375 2872 28 39 2
431 2881 43 32 v.
531 2872 173 48 plates,
734 2880 153 39 maps.
944 2870 149 42 26½ᶜᵐ.

377 2925 1931 50 “These volumes comprise a revision of … History of manufactures
307 2983 1999 49 in the United States 1607-1860, published … in 1916 … a continuation
307 3040 2001 49 of this history down to 1914 … and additional chapters reviewing the
307 3097 238 49 principal
580 3098 130 40 facts
744 3097 52 41 of
831 3108 90 30 our
955 3097 403 48 manufacturing
1393 3098 335 47 development
1764 3098 129 40 from
1930 3098 82 40 the
2048 3097 261 49 beginning

307 3154 52 41 of
385 3154 81 41 the
494 3156 152 39 world
674 3165 102 29 war
803 3157 48 38 to
881 3154 81 41 the
990 3156 196 47 present
1214 3154 356 41 time.”—Pref.

379 3211 148 40 “Part
565 3211 52 40 of
655 3222 28 29 a
722 3210 152 41 series
913 3211 53 41 of
1003 3211 369 41 Contributions
1413 3214 48 38 to
1502 3212 81 40 the
1622 3211 243 41 economic
1904 3211 189 48 history
2135 3212 51 40 of
2225 3212 83 41 the

308 3267 179 41 United
519 3268 176 48 States,
725 3268 157 47 begun
911 3269 153 40 under
1094 3268 84 40 the
1205 3268 323 48 Department
1558 3268 54 40 of
1639 3269 269 40 economics
1939 3270 95 39 and
2066 3268 242 48 sociology

307 3324 53 40 of
389 3324 82 41 the
501 3324 236 49 Carnegie
766 3325 284 40 institution
1081 3325 53 40 of
1163 3325 323 48 Washington
1518 3327 94 38 and
1645 3326 260 40 continued
1939 3327 59 46 by
2031 3326 82 40 the
2145 3326 162 39 Board

307 3379 51 41 of
401 3381 225 40 research
669 3381 268 41 associates
981 3382 50 39 in
1075 3381 256 41 American
1377 3383 243 40 economic
1663 3382 643 48 history.”—Introductory

307 3439 128 39 note.

379 3494 416 48 Bibliographical
824 3495 280 42 foot-notes.

313 3545 52 52 ©
393 3550 115 48 Apr.
537 3550 68 48 10,
636 3551 141 45 1929;
807 3552 69 40 2c.
905 3552 117 40 each
1051 3553 96 39 and
1177 3552 108 40 affs.
1315 3552 113 47 Apr.
1458 3552 83 47 24;
1573 3553 39 39 A
1643 3552 127 48 7678,
1801 3552 142 46 7679;
1971 3552 241 48 Carnegie
379 3553 1911 93 institution

639 3607 53 40 of
721 3607 338 48 Washington.
1128 3608 281 48 (29-10065)

314 3685 215 64 Couch,
563 3686 227 63 George
820 3687 221 55 James.

383 3761 1925 73 Cyclopedia of insurance law, by George J. Couch … v. 3.
309 3840 328 66 Rochester,
680 3841 69 52 N.
795 3842 91 55 Y.,
929 3842 123 53 The
1093 3843 269 68 Lawyers
1406 3844 386 67 co-operative
1832 3842 336 70 publishing
2212 3862 98 48 co.,

313 3920 151 49 1929.
