2533 4342
1334 4020 135 51 1634

389 360 149 65 Bull,
569 361 258 54 Edvard.

464 439 118 54 Det
608 439 204 53 norske
845 437 154 54 folks
1031 439 82 51 liv
1143 457 73 50 og
1246 438 237 52 historie
1516 437 268 69 gjennem
1816 438 210 68 tidene,
2056 457 72 33 av
2160 437 242 53 Edvard

398 518 152 65 Bull,
583 516 277 55 Wilhelm
894 516 272 67 Keilhau,
1200 516 251 52 Haakon
1489 516 277 69 Shetelig,
1805 515 206 55 Sverre
2048 515 186 55 Steen,
2306 512 94 56 bd.

508 637 9 9 VIII.
581 595 390 51 Tidsrummet
999 597 136 50 1814
1159 594 70 52 til
1256 594 269 69 omkring
1554 596 151 64 1840,
1733 612 72 34 av
1829 592 278 55 Wilhelm
2130 591 272 54 Keilhau.

397 671 157 67 Oslo,
578 672 77 51 H.
681 671 348 69 Aschehoug
1050 673 47 50 &
1122 690 77 34 co.
1238 671 116 69 (W.
1381 670 308 70 Nygaard)
1732 672 173 66 [1929]

464 752 1826 50 3 p. l ., 453 p. illus. (incl. ports.) col. plates, maps, faesims. 21ᶜᵐ.
398 819 2004 52 © Sept. 3, 1929; 1c. Sept. 25; A—Foreign 4430: H. Aschehoug & co.
397 933 346 63 Carpenter,
772 933 210 54 Bruce.

469 1012 122 54 The
636 1030 127 50 way
807 1012 64 53 of
914 1012 96 52 the
1055 1013 229 58 drama;
1334 1031 31 33 a
1408 1013 172 67 study
1626 1011 64 52 of
1736 1010 283 54 dramatic
2064 1010 182 52 forms
2291 1010 109 55 and

396 1088 2011 72 moods, by Bruce Carpenter … New York, Prentice-Hall, inc.,
400 1173 151 50 1929.

461 1247 674 51 xiii p., 1 l., 263 p. 19ᶜᵐ.
462 1319 300 50 Companion
798 1320 192 40 volume
1028 1322 48 38 to
1112 1320 82 40 the
1230 1319 220 41 author’s
1485 1320 40 39 A
1562 1320 123 39 book
1723 1319 51 40 of
1810 1320 213 39 dramas,
2088 1319 62 48 cf.
2190 1319 95 40 “To
2324 1321 82 38 the

391 1376 240 41 teacher.”

464 1433 238 40 “General
732 1431 398 50 bibliography”:
1163 1443 44 38 p.
1237 1432 220 41 233-251.

399 1500 51 52 ©
487 1504 130 48 Sept.
649 1504 70 48 26,
754 1504 115 40 1929;
932 1504 69 40 2c.
1037 1505 103 40 Oct.
1174 1505 52 45 7;
1265 1503 82 41 aff.
1384 1503 103 40 Oct.
1523 1504 52 45 5;
1614 1504 39 38 A
1690 1503 170 46 12809;
1898 1503 377 47 Prentice-Hall,
2312 1503 92 40 inc.

476 1560 281 48 (29-20832)

399 1655 209 65 Chase,
639 1655 340 64 Josephine.

469 1733 1876 72 The mark of the Bed Diamond, by Josephine Chase …
397 1813 1673 69 Philadelphia, The Penn publishing company [ ᶜ1 929]
462 1893 86 40 222
580 1905 44 37 p.
683 1893 150 40 front.
1004 1926 8 7 19ᶜᵐ.

400 1960 51 53 ©
489 1966 128 48 Sept.
651 1965 70 48 21,
754 1965 114 40 1929;
932 1965 68 40 2c.
1034 1966 93 39 and
1163 1964 83 42 aff.
1282 1965 104 40 Oct.
1419 1964 53 43 9;
1509 1964 41 40 A
1583 1964 172 47 14009;
1793 1965 134 40 Penn
1960 1965 110 48 pub.
2104 1976 69 29 co.

476 2020 282 49 (29-20973)

394 2116 321 65 Churchill,
744 2116 275 55 Winston
1051 2116 270 53 Leonard
1353 2117 274 63 Spencer.

468 2194 155 53 Lord
657 2193 305 70 Bosebery.

501 2278 61 39 (In
590 2272 184 45 Nash’s
803 2272 257 44 Pall-mall
1089 2274 278 52 magazine,
1398 2274 124 50 Oct.,
1554 2274 145 50 1929)

401 2339 2003 56 © 1c. Nov. 13, 1929; A ad int. 13222; pubd. Sept. 18; W. L. S. Churchill,
466 2403 213 41 London.

399 2498 404 63 Copenhaver,
835 2498 199 53 Laura
1065 2498 271 55 Scherer.

473 2577 177 55 Short
682 2583 276 63 pageants
995 2578 93 51 for
1118 2578 97 53 the
1252 2577 238 70 Sunday
1522 2578 210 67 school,
1762 2578 76 68 by
1869 2578 192 52 Laura
2095 2578 56 55 S.
401 2578 1982 130 Copenhaver.
670 2655 231 55 Garden
945 2656 155 70 City,
1141 2656 70 54 N.
1256 2656 90 69 Y.,
1385 2655 359 71 Doubleday,
1785 2656 201 53 Doran
2025 2658 46 50 &
2110 2675 300 51 company,

401 2734 126 64 inc.,
559 2738 150 49 1929.

464 2813 66 47 xi,
560 2813 86 40 152
675 2825 43 37 p.
779 2814 130 41 illus.
969 2813 148 42 19½ᶜᵐ.

465 2884 236 41 Contains
733 2885 167 41 music.

400 2951 53 52 ©
488 2956 129 48 Sept.
649 2957 70 47 13,
751 2956 114 41 1929;
927 2957 69 40 2c.
1027 2958 97 38 and
1157 2956 81 41 aff.
1274 2957 129 47 Sept.
1433 2956 84 46 28;
1551 2956 42 39 A
1624 2956 173 47 13732;
1832 2956 301 49 Doubleday,
2167 2957 168 40 Doran
2367 2961 39 41 &

468 3023 82 35 co.,
579 3012 92 41 inc.
739 3012 284 51 (29-20807)

401 3105 159 64 Cort,
589 3105 257 54 William
872 3106 246 64 Walter,
1150 3111 170 51 1887-

470 3183 230 55 Studies
743 3202 69 34 on
859 3185 348 53 hookworm.
1252 3187 232 52 Ascaris
1527 3186 114 52 and
1689 3186 298 53 Trichuris
2029 3186 61 53 in
2132 3187 276 64 Panama,

397 3261 346 70 embodying
783 3263 95 51 the
918 3264 206 53 results
1163 3265 65 51 of
1267 3266 96 51 the
1403 3266 319 52 researches
1762 3265 65 52 of
1864 3283 71 34 an
1976 3265 329 67 expedition
2347 3270 61 47 to

397 3340 95 51 the
526 3340 259 67 republic
821 3341 65 51 of
920 3342 276 58 Panama,
1231 3343 137 67 May
1406 3347 59 47 to
1502 3343 352 69 September,
1891 3347 152 61 1926,
2078 3344 74 67 by
2189 3344 91 53 W.
2316 3342 90 55 W.

398 3416 157 67 Cort,
587 3419 68 52 N.
692 3420 67 52 B.
794 3419 166 67 Stoll,
992 3421 89 52 W.
1117 3421 62 55 C.
1215 3421 201 67 Sweet,
1447 3422 89 54 W.
1569 3422 71 53 A.
1731 3421 112 69 Riley
1876 3421 112 52 and
2021 3420 176 53 Louis
398 3420 1984 142 Schapiro.

617 3496 335 68 Baltimore,
978 3499 141 65 Md.,
1151 3502 150 51 1929.

469 3575 80 47 vii,
581 3577 86 40 215
696 3588 43 38 p.
772 3578 109 41 incl.
915 3588 152 39 maps,
1101 3580 171 46 tables,
1305 3581 180 46 diagrs.
1544 3579 149 42 26½ᶜᵐ.
1762 3580 127 49 (The
1919 3579 260 40 American
2209 3579 199 48 journal

398 3633 1092 51 of hygiene … monographic series no. 9)
471 3690 1936 52 “An expedition … sent out from the Department of helminthology
398 3747 2010 106 of the School of hygiene and public health of the Johns Hopkins university … financed by a grant from the International health division
398 3860 51 39 of
478 3861 83 39 the
590 3861 309 40 Rockefeller
928 3862 678 45 foundation.”—Foreword.

469 3917 350 49 Bibliography
846 3922 51 36 at
926 3921 91 39 end
1044 3920 53 40 of
1121 3921 119 39 each
1267 3922 217 47 chapter.
