2542 4389
1155 4021 102 50 991

187 365 241 63 Wilson,
464 363 173 55 Sadie
670 362 139 55 Mai.

253 441 179 54 What
470 441 72 53 do
580 459 112 51 you
730 440 169 52 know
938 439 172 53 about
1152 437 222 55 China?
1453 437 56 51 A
1547 454 194 35 source
1779 436 148 53 book
1969 435 65 54 of

184 455 2006 133 materials, by Sadie Mai Wilson … Nashville, Tenn., Cokesbury
185 614 174 51 press,
392 599 151 50 1929.

254 674 1231 52 266 p. illus. (incl. music) plates, diagr. 19½ ᶜᵐ.
255 749 350 48 Bibliography:
666 759 45 38 p.
740 747 219 41 261-266.

192 817 51 52 ©
268 821 128 40 June
417 821 40 47 7,
482 820 113 40 1929;
648 820 69 40 2c.
741 820 96 40 and
862 819 83 40 aff.
969 819 128 40 June
1119 818 55 40 25;
1229 818 44 40 A
1295 817 141 47 8906;
1464 818 178 38 Lamar
1666 817 37 40 &
1726 817 286 47 Whitmore,
258 816 1916 109 Nashville,
414 878 148 40 Tenn.
630 876 280 49 (29-13787)

189 1015 335 64 Wolfsfeld,
558 1015 248 54 Charles
837 1013 356 65 Ferdinand,
1229 1018 171 50 1889-

258 1092 260 69 Heating
545 1091 186 53 don’ts;
790 1094 66 50 48
885 1110 156 50 ways
1070 1091 64 52 of
1162 1091 177 69 going
1367 1109 201 50 wrong
1596 1108 72 34 on
1698 1109 30 33 a
1757 1090 174 52 house
1959 1089 238 69 heating

188 1167 2009 72 system, by C. F. Wolfsfeld … Chicago, Domestic engineering
189 1266 297 50 company,
522 1249 151 51 1929.

259 1331 426 49 24 p. illus. 17 ᶜᵐ.
195 1397 51 53 ©
274 1403 123 39 Mar.
420 1401 70 48 20,
517 1401 115 40 1929;
684 1401 68 40 2c.
778 1402 97 39 and
902 1400 82 42 aff.
1012 1401 123 39 Mar.
1160 1400 56 40 27;
1272 1400 42 39 A
1340 1399 114 41 7423;
1512 1399 247 41 Domestic
1786 1399 315 49 engineering
2126 1409 68 33 co.

271 1458 281 50 (29-13876)

194 1583 323 63 Woodrow,
550 1582 211 63 Nancy
796 1583 181 51 Mann
1021 1580 304 65 (Waddel)
1367 1583 172 53 “Mrs.
1576 1580 222 55 Wilson
1834 1581 364 54 Woodrow.”

268 1660 1932 71 Come alone, by Mrs. Wilson Woodrow … New York, The
193 1741 305 68 Macaulay
529 1758 280 51 company
954 1741 85 65 [ᶜ1929]

261 1820 535 50 4 p. l., 7-307 p. 19½ᶜᵐ.
197 1889 2000 52 © June 3, 1929; 2c. June 18; aff. June 28; A 8985; N. M. W. Woodrow,
265 1951 119 39 New
411 1950 145 40 York.
624 1949 281 49 (29-13825)

198 2073 191 64 Wyss,
423 2074 235 53 Johann
691 2074 211 61 David,
940 2076 324 52 1743-1818.

264 2153 120 51 The
417 2152 174 57 Swiss
622 2151 207 71 family
860 2151 311 67 Robinson,
1199 2152 74 69 by
1305 2154 232 53 Johann
1569 2153 194 53 David
1794 2155 186 65 Wyss,
2013 2154 184 54 edited

194 2230 2008 70 with an introduction and notes by John Henry Groth … New
194 2310 179 60 York,
405 2310 122 53 The
557 2309 333 53 Macmillan
923 2327 299 50 company,
1257 2313 147 50 1929.

266 2391 1929 49 xviii p., 1 l., 372 p. incl. front. 18½ ᶜᵐ. (The modern readers’ series)
201 2458 51 52 ©
285 2463 129 39 June
441 2463 69 47 25,
541 2462 141 48 1929;
712 2463 71 40 2c.
815 2464 95 38 and
943 2463 82 40 aff.
1058 2463 129 41 June
1215 2463 83 47 26;
1332 2464 42 39 A
1406 2462 142 48 9923;
1584 2463 282 40 Macmillan
1899 2474 69 31 co.
2031 2459 69 53 [©
269 2463 1914 97 introduction
571 2522 95 39 and
692 2521 154 48 notes]
912 2520 283 49 (29-13777)

201 2642 345 65 Yankwich,
584 2643 158 53 Léon
781 2643 179 65 René,
1002 2649 168 51 1888-

277 2723 1930 71 Essays in the law of libel, by Leon R. Yankwich … Los
201 2801 266 69 Angeles,
494 2801 237 68 Parker,
761 2800 175 56 Stone
963 2804 46 50 &
1036 2803 182 53 Baird
1245 2822 99 49 co.,
1376 2805 150 50 1929.

267 2881 559 50 2 p. l., iii, 310 p. 23 ᶜᵐ.
271 2954 178 40 “Table
482 2954 50 40 of
567 2964 136 30 cases
736 2955 95 39 and
867 2954 295 42 authorities
1196 2954 154 41 cited”:
1417 2966 43 37 p.
1499 2954 248 50 [295]-310.

205 3021 51 52 ©
292 3025 127 40 June
453 3025 68 49 11,
555 3025 142 48 1929;
732 3026 68 40 2c.
834 3027 96 39 and
965 3026 83 41 aff.
1083 3027 243 46 June 17;
1362 3027 43 39 A
1437 3027 142 45 9716;
1614 3027 51 40 L.
1700 3027 56 39 R.
1791 3026 283 48 Yankwich,
2109 3027 94 40 Los

271 3082 221 49 Angeles.
557 3082 281 49 (29-13727)

205 3206 203 64 Yates,
440 3207 309 63 Raymond
781 3207 264 66 Francis,
1081 3213 172 50 1895-

277 3285 57 53 A
369 3287 49 52 B
458 3286 45 55 C
541 3287 63 53 of
639 3288 327 65 television;
1007 3307 81 49 or,
1126 3287 208 70 Seeing
1368 3289 76 69 by
1481 3289 191 65 radio;
1713 3308 31 34 a
1779 3289 278 68 complete
2093 3289 114 53 and

206 3366 460 68 comprehensive
706 3367 231 53 treatise
978 3367 233 67 dealing
1250 3367 140 53 with
1429 3369 96 51 the
1563 3368 219 68 theory,
1821 3366 385 54 construction

206 3444 113 52 and
352 3444 296 68 operation
680 3444 65 54 of
776 3445 536 69 telephotographic
1345 3447 113 52 and
1490 3445 294 55 television
1821 3445 388 54 transmitters

207 3522 113 52 and
375 3521 274 55 receivers;
735 3523 230 53 written
1018 3523 305 69 especially
1380 3523 95 53 for
1526 3525 165 52 home
1746 3522 463 69 experimenters,

208 3600 2000 71 radio fans and students … by Raymond Francis Yates … fully
207 3677 326 54 illustrated
568 3679 139 52 with
743 3679 115 53 line
892 3679 291 69 drawings
1218 3681 113 53 and
1366 3681 411 67 photographs.
1851 3681 140 53 New
2027 3679 181 64 York,

211 3756 120 52 The
358 3755 254 53 Norman
640 3756 90 54 W.
760 3755 226 72 Henley
1015 3757 337 69 publishing
1378 3777 97 47 co.,
1507 3761 150 52 1929.

276 3836 1231 51 viii, 210 p. front., illus., plates, diagrs. 22½ ᶜᵐ.
211 3901 1993 56 © June 25. 1929; 2c. and aff. June 27: A 8935; Norman W. Henley pub.
278 3973 68 30 co.
417 3962 279 49 (29-14118)
