2542 4389
1110 4010 137 55 1797

211 443 337 50 241 p. 22 ᶜᵐ .
146 510 53 54 ©
224 516 114 46 May
359 515 71 44 22,
455 513 117 40 1929;
622 513 67 40 1c.
715 512 117 47 July
854 511 56 39 22:
964 509 102 41 A—
1068 508 208 48 Foreign
1301 507 141 46 3792;
1471 505 361 49 Gyldenclalske
1857 502 287 50 boghandel,

214 571 215 41 Nordisk
453 569 177 48 forlag.
698 566 283 51 (29-24365)

139 682 210 52 Texas.
420 680 183 66 Laws,
635 683 240 49 statutes
882 721 11 25 ,
926 682 100 50 etc.

274 748 1816 63 … V ernon’s annotated constitution of the state of Texas …
150 840 154 64 [1929
345 834 344 55 cumulative
730 834 211 51 annual
983 831 202 69 pocket
1228 834 179 65 parts,
1446 835 58 48 to
1543 829 67 53 be
1647 828 252 53 inserted
1938 825 60 56 in
2040 830 112 64 pts.

147 920 46 64 1,
223 918 49 63 2]
345 913 226 53 Kansas
604 911 153 70 City,
787 911 135 56 Mo.,
1011 927 175 36 Vernon
1217 910 111 50 law
1357 906 149 54 book
1536 923 299 51 company,
1868 907 151 53 1929.

216 996 30 39 2
308 1028 7 8 v.
373 995 117 41 25ᶜᵐ.

153 1061 53 53 ©
237 1065 128 48 Sept.
392 1065 70 47 27,
491 1062 142 49 1929;
664 1063 68 40 2c.
761 1061 119 40 each
908 1061 120 40 Nov.
1057 1059 83 46 14;
1174 1058 108 40 affs.
1311 1058 121 40 Nov.
1460 1056 84 50 11;
1576 1057 41 39 A
1645 1055 159 48 15724,
1836 1054 170 49 15725;
220 1056 1915 106 Vernon
336 1123 98 37 law
456 1119 124 41 book
603 1130 67 30 co.

141 1228 336 64 Theesfeld,
506 1227 170 56 Nola.

146 1297 1986 140 Silver linings, by Nola Theesfeld. Rock Island, Ill. , Augustana
312 1381 642 68 book concern [ ᶜ1 929]
219 1465 59 41 96
311 1475 43 38 p.
414 1464 130 41 illus.
602 1463 119 41 18“.

155 1531 54 53 ©
237 1536 102 41 Oct.
364 1535 69 48 11,
459 1535 116 40 1929:
627 1534 69 40 2c.
723 1533 103 41 Oct.
852 1533 83 46 14;
964 1531 83 44 aff.
1075 1530 103 42 Oct.
1205 1531 82 47 16;
1317 1531 38 38 A
1384 1528 170 49 14179;
1585 1529 288 49 Augustana
1900 1528 125 43 book
224 1539 1914 94 concern.
417 1591 281 50 (29-23884)

146 1700 358 64 Thompson,
531 1698 245 57 Willett.

219 1779 119 55 Out
369 1779 64 54 of
464 1779 94 53 the
590 1778 207 69 valley,
831 1798 31 32 a
893 1777 184 69 novel,
1109 1778 75 68 by
1215 1775 228 54 Willett
1476 1775 349 68 Thompson.
1899 1773 261 69 London,

147 1860 71 50 A.
248 1859 79 53 H.
359 1856 322 70 Stockwell,
711 1856 102 54 ltd.
875 1858 150 65 [1929]

221 1940 86 39 224
341 1949 44 38 p.
445 1937 116 42 19ᶜᵐ.

161 2004 53 53 ©
237 2010 65 39 1c.
330 2009 127 48 Sept.
482 2008 40 48 6,
545 2007 142 44 1929;
716 2007 38 39 A
778 2008 62 39 ad
866 2007 85 40 int.
978 2006 170 46 13107;
1176 2006 144 48 pubd.
1348 2005 129 48 Sept.
1505 2005 49 46 7;
1585 2005 187 39 Arthur
1796 2005 61 39 H.
1887 2002 273 51 Stockwell,

228 2067 86 39 ltd.
381 2064 282 50 (29-24384)

151 2174 191 65 Titus,
376 2172 247 57 Charles
654 2172 313 55 Hickman.

227 2249 391 57 Government
661 2250 114 53 and
822 2248 241 72 society;
1114 2267 32 34 a
1193 2248 172 70 study
1409 2249 60 51 in
1517 2247 243 68 conflict,
1807 2246 75 69 by
1930 2246 238 56 Charles

155 2324 2014 75 Hickman Titus and Victor Hunt Harding … New York,
157 2408 66 52 F.
253 2407 57 57 S.
340 2407 202 55 Crofts
564 2408 49 51 &
636 2425 100 49 co.,
765 2409 151 49 1929.

227 2491 89 41 250
345 2502 44 38 p.
448 2490 118 42 21ᶜᵐ.

168 2556 54 54 ©
255 2562 102 41 Oct.
387 2562 71 47 25,
491 2560 114 42 1929:
667 2560 67 40 2c.
767 2561 119 41 Nov.
919 2561 53 45 7;
1008 2559 82 42 aff.
1124 2559 119 41 Nov.
1277 2559 52 46 6;
1365 2558 41 40 A
1439 2558 171 48 14664;
1647 2559 52 40 F.
1736 2558 44 42 S.
1816 2557 167 43 Crofts
2015 2558 38 41 &
2085 2569 82 37 co.,

234 2619 91 41 inc.
391 2616 281 51 (29-24175)

156 2727 243 63 Torrey,
429 2725 233 54 Marian
694 2724 313 56 Richards.

231 2803 102 69 My
374 2806 341 66 outrageous
754 2801 214 67 cousin,
1006 2800 76 71 by
1122 2801 231 53 Marian
1394 2800 286 55 Richards
1719 2802 235 67 Torrey.
2032 2801 139 53 New

164 2881 178 67 York,
377 2881 121 53 The
530 2878 337 56 Macmillan
902 2897 300 54 company,
1236 2882 152 50 1929.

233 2964 81 48 vii,
345 2964 87 41 364
464 2974 44 38 p.
566 2962 147 43 19½ᶜᵐ.

172 3030 52 52 ©
250 3035 117 40 Nov.
394 3034 69 40 12.
490 3032 114 42 1929;
660 3034 67 40 2c.
756 3035 95 39 and
878 3033 83 41 aff.
989 3032 119 43 Nov.
1136 3033 54 40 13;
1248 3033 41 39 A
1315 3033 171 48 14788;
1518 3033 283 40 Macmillan
1830 3044 65 30 co.

249 3090 282 50 (29-24078)

167 3198 190 68 [Ts‘ao
387 3197 374 70 Shang-ling]

241 3277 123 53 The
391 3277 113 53 lost
530 3276 153 68 flute,
714 3276 114 54 and
858 3276 164 53 other
1053 3274 243 56 Chinese
1326 3276 203 69 lyrics;
1562 3276 172 70 being
1764 3295 31 34 a
1827 3277 345 55 translation

174 3353 153 54 from
353 3354 96 53 the
476 3354 243 67 French,
743 3354 77 68 by
845 3352 290 57 Gertrude
1158 3354 293 69 Laughlin
1480 3354 307 69 Joerissen,
1815 3355 65 53 of
1905 3355 96 53 the
2029 3354 149 53 book

173 3430 65 54 of
278 3432 189 52 Franz
510 3431 307 54 Toussaint
859 3430 240 55 entitled
1143 3431 117 53 “La
1303 3431 137 53 flute
1484 3432 67 52 de
1594 3430 161 69 jade:
1800 3431 215 69 poesies
173 3431 1978 131 chinoise[s]”.

526 3508 137 54 New
698 3509 164 53 York
895 3509 134 68 city,
1063 3508 122 54 The
1220 3508 124 68 Elf,
1380 3511 151 51 1929.

240 3590 782 51 5 p. l., ix-xiv, 185 p. 23“.
246 3661 146 41 “This
423 3660 184 42 edition
640 3661 42 41 is
714 3661 190 41 limited
937 3663 49 39 to
1020 3660 118 43 1950
1168 3661 265 41 numbered
1468 3662 162 49 copies
1660 3661 80 42 for
1773 3661 318 42 distribution
2127 3662 49 40 in

175 3718 83 40 the
293 3717 180 42 United
512 3716 163 43 States
712 3719 97 39 and
847 3717 153 42 Great
1035 3717 212 50 Britain,
1283 3718 53 40 of
1372 3717 159 42 which
1570 3718 98 42 this
1705 3719 42 41 is
1784 3730 75 29 no.
1898 3718 158 42 1900.”

232 3774 249 41 “Selected
507 3774 96 42 and
628 3775 276 40 translated
930 3775 63 47 by
1017 3774 145 42 Ts‘ao
1191 3774 301 50 Shang-ling.
1547 3775 177 41 Edited
1751 3776 63 47 by
1841 3774 161 42 Franz
175 3774 1984 97 Toussaint.”

352 3831 186 40 —Note
569 3833 49 39 to
650 3831 83 41 the
764 3831 189 41 French
986 3831 87 44 ed.,
1106 3831 124 41 Brit.
1263 3832 124 40 Mus.
1420 3841 112 37 acc.,
1566 3832 139 46 Mar.,
1735 3831 129 42 1923.

180 3897 52 52 ©
259 3902 118 39 Nov.
405 3903 37 40 7.
471 3900 138 44 1929;
640 3902 66 40 2c.
735 3903 94 39 and
858 3902 81 40 aff.
967 3902 118 42 Nov.
1114 3903 51 39 9:
1197 3902 40 39 A
1265 3902 142 40 15642;
1467 3902 83 41 Elf
1578 3903 289 49 publishers,
1895 3902 91 42 inc.

259 3957 280 49 (29-24231)
