2533 4342
1303 3960 134 52 1756

342 408 74 69 by
449 409 260 53 William
746 407 235 55 Stearns
1016 406 198 53 Davis.
1285 407 138 51 New
1459 405 181 67 York,
1676 406 120 52 The
1833 406 333 52 Macmillan
343 424 1983 130 company,

547 489 149 49 1929.

451 565 406 50 x, 527 p. 19 ½ ᶜᵐ .
354 635 52 51 ©
440 640 101 38 Oct.
574 639 56 38 22,
736 638 55 38 1929;
854 640 66 37 2c.
955 638 93 38 and
1085 637 81 40 aff.
1203 636 101 40 Oct.
1339 637 54 39 23;
1456 637 40 37 A
1530 636 172 46 14305;
1739 636 282 39 Macmillan
2055 646 68 30 co.

429 693 279 49 (29-23882)

343 788 146 63 Doll,
521 787 274 54 William.

415 865 323 54 Wisconsin
781 865 110 52 law
934 883 71 34 on
1048 866 118 50 real
1209 870 175 47 estate
1425 865 331 67 brokerage,
1797 863 75 69 by
1915 864 260 55 William
2218 863 137 53 Doll

507 942 359 67 Milwaukee,
917 942 160 56 Wis..
1130 941 322 55 Wisconsin
1505 941 340 53 association
1896 940 64 54 of
2010 941 119 52 real
2181 945 176 49 estate

343 1021 453 68 brokers, ᶜ19 29.
417 1102 334 49 139 p. 19 ᶜᵐ .
356 1172 52 51 ©
445 1176 128 46 Sept.
606 1176 55 37 24,
769 1174 56 39 1929;
887 1175 66 40 2c.
989 1176 95 37 and
1120 1175 82 40 aff.
1238 1174 102 40 Oct.
1374 1175 48 37 23;
1496 1175 36 37 A
1569 1174 145 38 14267;
1777 1174 71 39 W.
1887 1173 124 42 Doll.
2049 1172 307 39 Milwaukee.

432 1230 281 49 (29-23800)

344 1324 246 64 Dumas,
619 1325 356 63 Alexandre,
1011 1327 325 52 1802-1870.

421 1401 92 55 On
551 1402 180 53 board
770 1402 96 53 the
907 1403 225 66 Emma,
1173 1403 341 52 adventures
1556 1402 139 52 with
1740 1401 351 55 Garibaldi’s
350 1401 1984 131 “Thousand”

571 1480 58 51 in
676 1478 199 71 Sicily,
918 1480 77 69 by
1037 1479 331 54 Alexandre
1412 1480 238 67 Dumas,
1694 1479 318 54 translated
2058 1479 109 53 and
2219 1478 141 53 with

351 1576 71 33 an
461 1557 392 53 introduction
890 1558 76 69 by
1007 1558 67 52 R.
1118 1557 55 55 S.
1215 1557 261 55 Garnett.
1553 1558 141 53 New
1732 1557 182 67 York,
1950 1557 74 52 D.
2063 1556 299 68 Appleton

351 1635 112 52 and
495 1653 300 51 company,
829 1638 150 50 1929.

424 1715 1623 51 xvi p., 2 l., 568 p. front., pl., ports., map, facsim. 22½ ᶜᵐ .
428 1786 288 41 “Facsimile
743 1797 146 38 pages
916 1787 130 40 from
1073 1798 88 29 ms.
1192 1787 53 40 of
1272 1787 152 41 book”
1453 1798 59 30 on
1542 1788 304 48 end-papers.

361 1854 1885 52 © Oct. 16, 1929; 2c. and aff. Oct. 18; A 14223; D. Appleton & co.
438 1914 279 48 (29-23710)

352 2007 264 63 Durand,
650 1999 253 62 William
936 2008 337 60 Frederick,
1307 2014 171 49 1859-

425 2083 212 54 Robert
676 2084 205 70 Henry
918 2086 320 65 Thurston;
1278 2104 30 34 a
1345 2085 344 70 biography,
1724 2086 96 52 the
1856 2085 198 53 record
2090 2084 65 53 of
2192 2104 27 32 a
2261 2082 106 54 life

355 2161 64 53 of
452 2162 387 53 achievement
869 2182 60 34 as
961 2164 283 68 engineer,
1277 2164 287 66 educator,
1595 2163 114 54 and
1742 2164 224 67 author,
1998 2162 75 69 by
2105 2163 262 53 William

356 2240 2013 69 Frederick Durand … New York, The American society of
356 2319 348 52 mechanical
739 2319 312 69 engineers,
1087 2323 148 49 1929.

427 2402 1340 50 xi p., 3 l., [3]-301 p. front., plates, ports. 23 ᶜᵐ .
429 2472 134 40 “List
594 2472 52 40 of
677 2473 134 40 titles
841 2473 53 40 of
924 2474 85 39 Dr.
1041 2474 290 40 Thurston’s
1363 2474 257 48 published
1653 2475 161 46 books,
1848 2484 175 38 papers
2055 2475 94 38 and
357 2474 1992 95 miscellaneous

591 2528 251 49 writings”:
906 2541 43 37 p.
1000 2530 235 49 [245]-281.

431 2584 340 41 “Discussions
806 2586 51 40 of
891 2586 241 41 technical
1164 2586 199 41 articles
1395 2588 61 46 by
1488 2588 140 40 other
1662 2587 233 40 authors”:
1960 2599 42 36 p.
2036 2588 203 40 281-287

367 2650 52 51 ©
454 2654 101 41 Oct.
588 2656 56 38 26,
750 2656 55 38 1929;
867 2657 66 39 2c.
968 2658 118 39 Nov.
1121 2658 51 39 1;
1210 2657 82 40 aff.
1327 2658 101 39 Oct.
1464 2659 54 38 31;
1583 2658 40 38 A
1660 2657 139 39 15421;
1866 2658 159 40 Amer.
2060 2668 93 30 soc.
2188 2658 52 38 of
435 2669 1915 82 mechanical

684 2713 267 45 engineers.
1020 2713 281 48 (29-23725)

354 2804 245 64 Dysart,
629 2805 260 54 Thomas
919 2807 185 64 Boyd.

430 2881 395 54 Foreclosures
860 2883 61 52 in
957 2884 314 56 Nebraska,
1309 2885 300 70 including
1644 2891 298 63 mortgage
1981 2886 392 65 foreclosures,

359 2959 335 54 mechanics’
716 2960 114 53 lien
856 2961 392 69 foreclosures,
1271 2964 132 51 land
1433 2969 257 48 contract
1716 2964 392 66 foreclosures,
2132 2969 99 47 tax
2257 2963 114 53 lien

362 3035 2011 76 foreclosures, strict foreclosures, by T. B. Dysart … St. Louis,
359 3114 113 53 Mo.,
528 3116 249 53 Thomas
810 3117 109 52 law
953 3117 149 53 book
1136 3137 299 50 company,
1470 3123 150 49 1929.

430 3198 339 49 280 p. 24 ᶜᵐ .
369 3265 52 51 ©
448 3270 118 39 Nov.
594 3270 38 43 5,
661 3271 141 47 1929;
831 3272 68 40 2c.
928 3273 118 40 Nov.
1077 3274 25 38 7;
1158 3272 81 41 aff.
1268 3274 118 39 Nov.
1416 3274 29 37 9;
1500 3274 40 38 A
1569 3273 145 40 15647;
1771 3276 52 38 T.
1854 3276 52 39 B.
1937 3275 198 40 Dysart.
2167 3274 201 47 Omaha,

436 3326 114 39 Neb.
622 3327 281 47 (29-23867)

364 3418 214 65 Edens,
610 3421 203 65 Ernst,
847 3424 172 54 1876-

432 3495 110 53 Die
571 3495 379 57 krankheiten
983 3501 97 52 des
1112 3502 233 54 herzens
1376 3503 118 53 und
1526 3504 100 52 der
1658 3502 241 71 gefässe,
1931 3521 110 35 von
2076 3503 83 52 dr.
2196 3503 180 53 Ernst

364 3572 2012 77 Edens … mit 239 zum teil farbigen abbildungen. Berlin,
362 3650 56 52 J.
450 3648 301 71 Springer,
781 3656 149 51 1929.

435 3730 1341 56 viii, 1057, [1] p. illus. (part col.) diagrs. 25 ½ ᶜᵐ .
438 3786 614 46 “Literaturverzeichnis”:
1117 3803 42 38 p.
1211 3793 236 50 [753]-998.

371 3840 52 51 ©
457 3845 110 40 Jan.
601 3845 56 39 29,
764 3848 54 38 1929;
941 3882 6 7 1c.
986 3850 112 47 Apr.
1136 3851 54 38 19;
1254 3852 101 38 A—
1359 3852 207 47 Foreign
1600 3852 116 42 2702;
1783 3853 165 39 Julius
1987 3852 243 47 Springer.

447 3900 278 49 (29-23383)
