2542 4389
1043 3980 135 52 1675

202 399 174 40 Thesis
403 397 15 49 (PH.
600 398 273 50 D.)—George
908 400 227 48 Peabody
1170 400 181 48 college
1385 400 80 40 for
1502 401 236 47 teachers,
1776 399 129 41 1928.

202 454 223 41 Without
457 455 152 41 thesis
642 458 126 38 note.

202 511 377 48 Bibliography:
611 522 42 37 p.
683 512 218 40 133-134.

137 564 52 52 ©
223 567 102 41 Oct.
355 569 40 48 7,
427 567 118 41 1929;
600 569 69 41 2c.
701 569 97 40 and
830 568 83 42 aff.
946 568 103 41 Oct.
1082 568 56 40 12;
1199 569 43 39 A
1272 568 146 40 15004;
1480 568 185 49 George
1695 569 228 47 Peabody
1955 570 181 48 college

204 624 80 40 for
309 624 237 41 teachers.
610 624 282 49 (29-21597)

135 718 248 65 Cahuet,
411 717 255 67 Albéric,
698 720 172 54 1877-

203 798 283 66 Moussia;
543 799 96 53 the
692 798 105 54 life
852 800 114 53 and
1022 800 172 52 death
1248 800 66 52 of
1366 799 186 54 Marie
1608 797 403 71 Bashkirtseff,
2064 800 76 68 by

131 876 235 54 Albéric
395 877 248 67 Cahuet;
673 879 319 52 translated
1019 879 77 68 by
1120 876 193 55 Keene
1340 877 224 54 Wallis.
1639 877 140 54 New
1806 877 182 69 York,
2017 878 123 53 The

130 954 307 70 Macaulay
465 974 299 50 company,
795 958 151 50 1929.

197 1035 1185 50 4 p. l., 7-300 p. front., plates, ports. 21 ᶜᵐ .
133 1090 52 52 ©
218 1093 102 41 Oct.
348 1094 41 47 4,
420 1092 141 49 1929;
594 1095 68 39 2c.
692 1094 97 40 and
818 1093 83 41 aff.
935 1094 103 41 Oct.
1069 1093 52 48 9;
1156 1094 41 39 A
1228 1094 171 47 12942;
1434 1095 261 48 Macaulay
1725 1105 70 31 co.

211 1149 281 49 (29-21382)

125 1244 246 64 Chapin,
401 1244 209 54 Albert
642 1244 304 56 Franklin.

195 1320 201 55 Credit
446 1322 112 52 and
609 1322 297 52 collection
958 1322 314 67 principles
1324 1322 113 53 and
1488 1322 266 68 practice,
1803 1322 78 69 by
1928 1322 209 54 Albert

123 1398 2013 69 F. Chapin … 1st ed. New York [etc.] McGraw-Hill book
121 1495 299 50 company,
450 1477 126 68 inc.,
610 1480 151 50 1929.

259 1559 1208 50 xv, 518 p. incl. forms., diagr. 23½ ᶜᵐ . $4.00
128 1613 52 52 ©
217 1617 101 41 Oct.
352 1618 39 47 7,
425 1617 119 41 1929;
600 1617 70 41 2c.
705 1619 97 39 and
837 1617 84 42 aff.
956 1617 103 41 Oct.
1094 1618 83 46 10;
1213 1618 41 40 A
1287 1617 174 48 12864;
1498 1617 353 42 McGraw-Hill
1887 1619 124 39 book
2046 1629 83 37 co.,

194 1673 92 42 inc.
351 1673 282 50 (29-21512)

121 1756 239 63 Cooper,
392 1755 303 64 Courtney
721 1754 207 65 Ryley,
961 1760 171 50 1886-

190 1830 1879 71 Go north, young man ! By Courtney Ryley Cooper …
119 1911 235 65 Boston,
381 1910 196 66 Little,
606 1911 232 66 Brown,
866 1911 113 52 and
1008 1928 299 51 company,
1337 1913 151 50 1929.

187 1993 1611 50 ix p., 2 l., 3-270, [1] p. front., illus. (map) plates. 21½ ᶜᵐ .
187 2051 102 39 The
321 2052 135 46 story
487 2050 52 40 of
570 2051 83 39 the
683 2051 336 47 development
1051 2050 52 41 of
1135 2051 236 40 northern
1405 2050 215 42 Canada.

124 2103 53 53 ©
220 2107 103 41 Oct.
365 2108 41 47 5,
448 2107 141 47 1929;
634 2107 68 41 2c.
745 2109 96 39 and
884 2107 83 41 aff.
1054 2110 60 38 Oct.
1158 2107 54 48 8;
1257 2108 41 39 A
1340 2107 172 48 12822;
1560 2107 49 42 C.
1653 2109 57 40 R.
1741 2107 199 50 Cooper,
1971 2109 154 41 Idaho

195 2162 215 50 Springs,
443 2163 99 42 Col.
611 2164 283 50 (29-21505)

118 2246 253 64 Crispin,
399 2246 276 54 Frederic
702 2247 59 54 S.

186 2322 1878 71 Dictionary of technical terms … [by] Frederic S. Crispin …
115 2402 361 60 Milwaukee,
515 2404 138 52 New
691 2403 167 53 York
918 2408 102 48 [etc.]
1083 2404 123 52 The
1244 2405 184 51 Bruce
1469 2402 336 70 publishing
1845 2421 282 53 company

121 2485 192 64 [ ᶜ1 929]
184 2563 821 50 4 p. l., 284, [3] p. illus. 18 ᶜᵐ .
121 2616 53 53 ©
207 2621 121 49 Aug.
361 2621 69 48 29,
465 2621 117 41 1929;
642 2623 69 40 2c.
746 2621 129 50 Sept.
910 2621 59 41 19;
1030 2621 83 42 aff.
1150 2621 130 50 Sept.
1314 2621 58 41 18;
1434 2622 41 40 A
1508 2621 145 42 13437;
1717 2622 158 40 Bruce
1909 2621 110 49 pub.
2055 2632 68 30 co.

197 2677 282 50 (29-21537)

119 2759 221 64 Curtis,
370 2762 138 53 Mrs.
537 2759 163 55 Alice
738 2760 291 65 (Turner)

188 2838 57 53 A
282 2839 249 53 frontier
564 2839 114 66 girl
715 2839 65 55 of
814 2839 291 69 Virginia,
1141 2841 77 66 by
1253 2839 165 54 Alice
1454 2840 225 52 Turner
1715 2838 214 66 Curtis,
118 2838 1982 133 illustrated

118 2916 1980 149 by R. Pallen Coleman. Philadelphia, The Penn publishing company [ ᶜ1 929 ]
179 3075 939 50 268 p. front., illus., plates. 20 ᶜᵐ .
117 3128 53 53 ©
200 3133 127 49 Sept.
416 3165 9 15 28,
453 3133 114 40 1929;
623 3133 68 41 2c.
720 3134 96 40 and
845 3132 83 43 aff.
958 3133 103 41 Oct.
1090 3133 26 41 9;
1172 3134 43 39 A
1241 3133 145 40 14011;
1445 3134 134 40 Penn
1607 3132 110 50 pub.
1746 3143 68 31 co.

191 3188 282 50 (29-21423)

185 3269 1872 72 A little maid of South Carolina, by Alice Turner Curtis …
114 3350 327 53 illustrated
490 3349 76 70 by
614 3349 206 54 Hattie
871 3349 342 69 Longstreet
1261 3349 185 53 Price.
1520 3347 431 70 Philadelphia,
1999 3348 123 53 The

116 3427 1062 70 Penn publishing company [ ᶜ1 929 ]
175 3507 797 49 223 p. front., plates. 19½ ᶜᵐ .
115 3560 52 52 ©
200 3564 129 48 Sept.
358 3564 59 41 28,
517 3564 55 41 1929;
630 3565 68 40 2c.
728 3565 97 40 and
854 3564 83 41 aff.
969 3565 101 41 Oct.
1103 3564 53 48 9;
1189 3564 42 40 A
1258 3563 173 48 14012;
1464 3565 136 39 Penn
1627 3564 110 48 pub.
1766 3574 70 31 co.

191 3620 282 50 (29-21425)

110 3700 219 63 Cutler,
358 3701 317 54 Frederick
700 3703 216 63 Morse,
948 3703 173 54 1874-

179 3775 377 71 Sociological
593 3779 138 52 laws;
800 3797 73 33 an
907 3778 218 53 outline
1161 3778 271 68 syllabus,
1466 3778 77 69 by
1578 3777 313 54 Frederick
1925 3777 191 56 Morse

109 3853 1188 70 Cutler, PH. D. Amherst, Mass., 1929.
