2542 4389
1059 4007 135 50 1693

131 354 195 66 Fiske,
357 354 263 65 Charles,
687 376 76 50 bp.,
793 359 173 52 1868-

202 431 250 69 Calvary
491 431 227 69 to-day;
760 432 97 53 the
895 432 187 53 words
1122 431 154 53 from
1313 431 97 53 the
1449 448 151 37 cross
1635 436 60 47 to
1733 432 238 53 modern
2008 449 130 35 men

130 510 113 53 and
281 526 217 37 women
557 509 93 69 [by]
691 510 96 52 the
824 508 185 70 Right
1045 508 297 55 Reverend
1381 508 238 56 Charles

131 500 1982 163 Fiske … Milwaukee, Wis., Morehouse publishing co. [ ᶜ1929 ]\
198 668 533 53 xi, 105, [1] p. 19 ᶜᵐ .
135 734 51 54 ©
219 739 102 41 Oct.
349 739 70 49 21,
449 739 141 47 1929;
621 739 68 41 2c.
720 739 102 41 Oct.
850 739 83 46 25;
966 738 83 40 aff.
1081 739 103 41 Oct.
1214 739 82 47 24;
1329 739 43 39 A
1398 738 172 48 15276;
1604 739 289 42 Morehouse
1923 740 111 49 pub.
2064 751 67 29 co.

210 794 282 52 (29-22694)

128 888 238 65 Forbes,
395 888 256 55 William
681 890 308 63 Cameron,
1020 889 172 56 1870-

198 961 1645 79 As to polo, by William Cameron Forbes. 6th ed. …
130 961 1982 158 [Boston, Priv. print., Geo. H. Ellis co. (inc.) ᶜ1 929]
197 1124 668 53 vi, 154 p. diagrs. 23 ᶜᵐ .
197 1195 172 48 Copies
401 1205 111 38 may
545 1195 55 41 be
631 1195 228 41 obtained
892 1196 129 39 from
1055 1197 44 40 J.
1132 1198 62 38 M.
1228 1196 181 41 Forbes
1443 1197 36 40 &
1511 1209 247 38 company,
1794 1201 198 40 Boston.

133 1260 55 54 ©
218 1265 105 41 Oct.
354 1266 40 48 7,
425 1265 142 47 1929;
599 1267 69 39 2c.
701 1265 104 42 Oct.
835 1267 83 46 36;
951 1267 85 40 aff.
1067 1266 105 41 Oct.
1203 1266 83 44 35;
1320 1268 42 38 A
1392 1268 173 48 14514;
1599 1270 73 40 W.
1705 1268 51 43 C.
1788 1270 197 44 Forbes,
200 1265 1915 106 Boston.
367 1321 280 52 (29-22824)

127 1415 139 65 Fox,
296 1416 260 53 Frances
583 1416 328 65 Margaret,
945 1417 172 55 1870-

194 1491 404 72 Washington,
637 1493 73 53 D.
757 1491 83 70 C.,
880 1494 97 52 the
1015 1493 249 55 nation’s
1308 1496 233 69 capital,
125 1493 1984 151 romance—adventure—achievement;

798 1589 31 35 a
883 1571 148 53 book
1085 1572 94 53 for
1231 1590 196 54 young
1477 1575 220 69 people,
1752 1576 75 70 by
1882 1577 250 56 Frances

126 1647 295 72 Margaret
470 1649 153 67 Fox;
675 1649 141 52 with
867 1649 384 55 illustrations
1301 1651 58 52 in
1413 1653 154 53 color
1617 1653 75 70 by
1743 1654 255 55 Andrew
2050 1658 81 52 M.

125 1725 265 69 Vincent,
418 1727 113 52 and
560 1725 294 71 drawings
881 1728 62 51 in
968 1726 170 55 black
1166 1729 114 52 and
1311 1730 174 53 white
1510 1731 78 69 by
1613 1731 145 55 Will
1787 1732 76 53 K.
1892 1734 239 70 Higgle.

125 1801 2000 80 New York, Chicago [etc.] Rand McNally & company [ ᶜ1 929 ]
195 1883 1392 59 xiii, [1], 370 p. col. front., illus., col. plates. 22 ᶜᵐ .
195 1955 293 41 Illustrated
514 1954 368 51 lining-papers.

133 2020 51 54 ©
219 2025 104 41 Oct.
356 2024 70 49 24,
462 2026 140 47 1929;
638 2026 69 41 2c.
742 2027 96 40 and
873 2027 83 41 aff.
994 2026 102 43 Oct.
1131 2028 84 47 28;
1252 2028 41 41 A
1328 2030 171 48 14413;
1538 2031 155 50 Rand,
1731 2034 226 50 McNally
1992 2036 37 40 &
2063 2048 68 29 co.

206 2080 283 51 (29-22529)

122 2175 219 66 Frank,
370 2177 332 65 Leonhard,
733 2182 175 52 1882-

255 2254 1875 80 … Karl and Anna, a drama in three acts by Leonhard
123 2332 224 69 Frank;
382 2334 317 53 translated
729 2334 77 69 by
835 2335 160 53 Ruth
1026 2336 285 70 Langner.
1388 2338 139 55 New
1560 2341 180 70 York,
1774 2344 358 68 Brentano’s,

122 2413 151 52 1929.

193 2491 609 51 5 p. l., 3-108 p. 19½ ᶜᵐ .
193 2562 65 40 At
282 2562 125 41 bead
431 2562 52 40 of
507 2563 109 40 title
633 2573 9 29 :
669 2562 43 40 A
737 2563 214 41 Theatre
974 2563 135 50 guild
1134 2567 128 45 play.

128 2613 55 54 ©
211 2619 105 41 Oct.
340 2619 72 48 21,
441 2619 118 41 1929;
612 2619 70 41 2c.
712 2619 104 41 Oct.
846 2620 83 47 25;
961 2620 83 42 aff.
1077 2621 103 41 Oct.
1207 2623 86 43 24;
1323 2624 44 38 A
1394 2623 173 50 15322;
1600 2627 212 42 Theatre
1841 2630 150 49 guild,
2023 2632 104 47 inc.,

196 2675 118 41 New
343 2675 146 41 York.
559 2674 282 52 (29-22699)

124 2767 322 66 Franklyn,
476 2768 178 55 Irwin
683 2771 70 54 R.

192 2845 222 70 Flight,
450 2864 75 34 an
557 2845 125 70 epic
717 2846 66 54 of
815 2847 98 54 the
948 2849 106 68 air,
1088 2849 76 69 by
1199 2850 184 54 Irwin
1418 2852 70 52 R.
1525 2854 319 71 Franklyn,
1881 2858 251 69 adapted

124 2921 152 54 from
304 2922 347 58 Columbia’s
678 2923 335 73 all-talking
1039 2925 222 69 picture
1287 2929 75 69 by
1387 2930 196 69 Ralph
1610 2932 234 70 Graves,
1873 2954 31 34 a
1933 2937 198 53 Frank

123 2999 68 54 R.
238 3000 192 70 Capra
474 3001 360 71 production,
880 3004 290 68 produced
1213 3005 76 71 by
1333 3007 200 71 Harry
1578 3009 181 70 Cohn,
1804 3013 327 57 illustrated

122 3076 1986 156 with scenes from the photoplay. New York, Grosset & Dunlap [ ᶜ1 929]
191 3237 993 54 3 p. l., 245 p. front., plates. 19½ ᶜᵐ .
128 3289 53 55 ©
211 3295 104 41 Oct.
342 3295 72 44 23,
444 3295 143 48 1929;
617 3297 69 40 2c.
717 3297 98 41 and
843 3297 85 41 aff.
959 3298 106 42 Oct.
1094 3299 60 41 28;
1212 3301 41 38 A
1282 3302 173 47 14435;
1490 3302 201 44 Grosset
1722 3311 39 41 &
1792 3309 199 50 Dunlap
2036 3313 77 40 inc

207 3350 282 51 (29-22689)

124 3443 419 67 Fundenburg,
574 3445 227 65 George
832 3447 172 65 Baer,
1039 3452 172 51 1893-
1424 3454 83 56 ed.

204 3522 278 70 [Preface,
515 3524 411 69 introduction,
960 3531 159 48 notes
1156 3529 114 53 and
1305 3530 348 73 vocabulary
1686 3534 78 71 by
1799 3537 224 73 George
2060 3544 66 52 B.

128 3598 394 72 Fundenburg
551 3601 113 54 and
695 3601 290 55 Harrison
1017 3602 62 57 C.
1116 3603 178 56 Coffin
1325 3607 62 52 in
1418 3608 98 54 the
1545 3609 148 55 book
1724 3615 257 71 entitled]
2021 3617 106 57 Les

127 3676 281 69 bouffons,
433 3679 156 68 pièce
611 3697 68 34 en
703 3684 200 64 quatre
928 3684 166 64 actes,
1120 3700 70 34 en
1212 3700 144 52 vers,
1381 3703 107 50 par
1514 3687 221 71 Miguel
1759 3692 293 59 Zamacois

130 3752 1843 86 Boston, New York [etc.] D. C. Heath and company [ ᶜ1 929]
196 3835 1196 56 2 p. l., iii-xvii, 246 p. front. (port.) 17 ᶜᵐ .
131 3888 53 54 ©
219 3893 128 41 June
378 3894 40 47 1,
453 3893 140 47 1929;
629 3894 68 40 2c.
734 3894 128 41 June
894 3894 52 48 8;
984 3894 82 42 aff.
1102 3897 127 41 June
1264 3900 53 46 7;
1353 3900 42 39 A
1428 3900 142 49 9559;
1606 3904 57 42 D.
1700 3906 49 42 C.
1785 3908 166 43 Heath
1987 3912 37 40 &
2058 3925 54 29 co.
