2533 4342
1365 3950 135 54 1752

531 394 374 51 x, 518 p. 23 ᶜᵐ .
431 448 52 52 ©
621 486 8 8 Nov.
655 455 40 46 1,
722 453 118 41 1929;
891 454 70 40 ,2c.
988 455 120 39 Nov.
1135 454 54 46 4;
1221 453 82 42 aff.
1332 455 119 40 Nov.
1479 454 54 46 2;
1563 454 40 39 A
1631 454 172 42 15497;
1838 454 48 41 C.
1916 455 61 40 H.
2007 455 105 39 Van
2143 455 146 43 Tyne,
2320 454 109 39 Ann

497 509 170 41 Arbor.
736 508 281 50 (29-23482)

423 602 306 66 Vizetelly,
760 603 249 54 Francis
1036 605 248 63 Horace,
1317 609 171 50 1864-

556 679 1877 70 … A desk-book of twenty-five thousand words frequently
423 758 494 67 mispronounced,
942 757 330 70 embracing
1296 758 247 69 English
1569 759 205 55 words,
1800 759 228 68 foreign
2052 764 191 61 terms,
2268 758 167 53 Bible

422 854 210 49 names,
660 836 265 67 personal
951 854 212 49 names,
1190 836 408 69 geographical
1626 855 211 49 names,
1863 837 113 52 and
2005 855 211 49 proper
2241 855 194 34 names

423 913 65 52 of
514 914 78 52 all
617 914 170 53 kinds
815 918 231 48 current
1071 914 60 52 in
1159 913 314 68 literature,
1501 914 231 67 science,
1759 914 113 53 and
1898 914 97 53 the
2023 919 135 62 arts,
2182 915 130 51 that
2341 933 96 34 are

423 991 64 53 of
537 991 238 53 difficult
825 992 461 67 pronunciation,
1338 991 282 68 carefully
1673 993 383 67 pronounced,
2109 993 326 67 annotated,

424 1070 113 53 and
581 1069 281 70 concisely
904 1068 224 55 defined
1173 1071 113 53 and
1327 1069 322 70 indicating
1693 1071 95 52 the
1833 1069 356 69 preferences
2232 1070 65 53 of
2339 1071 97 53 the

424 1149 232 69 leading
684 1148 368 53 dictionaries
1084 1148 153 53 from
1272 1150 132 51 1732
1434 1154 58 47 to
1525 1151 153 64 1929,
1707 1149 76 69 by
1814 1149 199 52 Frank
2042 1149 78 52 H.
2150 1150 285 68 Vizetelly

425 1226 1986 147 … 4th ed. New York and London, Funk & Wagnalls company
726 1307 85 64 [ ᶜ19 29]
494 1387 1375 48 xxxvi, 906 p. 17 ᶜᵐ . (Standard desk-book series)
496 1445 169 39 “Some
692 1443 295 41 authorities
1015 1444 253 40 consulted
1294 1443 49 39 in
1371 1443 261 48 preparing
1660 1444 98 40 this
1783 1444 151 41 book”:
1993 1455 42 38 p.
2200 1477 7 7 XXXV.

430 1497 52 52 ©
511 1501 129 48 Sept.
666 1501 70 47 28,
762 1500 142 41 1929;
934 1501 67 39 2c.
1029 1501 95 38 and
1152 1500 82 41 aff.
1262 1500 103 41 Oct.
1393 1500 82 46 29;
1505 1500 41 39 A
1571 1500 172 46 15342;
1773 1501 141 39 Funk
1943 1502 35 39 &
2005 1503 251 45 Wagnalls
2284 1514 66 28 co.

507 1557 283 48 (29-23343)

420 1651 268 63 Warren,
718 1649 224 54 Robert
970 1650 183 63 Penn,
1187 1656 172 49 1905-

493 1728 158 53 John
697 1728 241 64 Brown;
988 1726 96 54 the
1128 1726 240 70 making
1413 1726 64 54 of
1522 1747 31 33 a
1601 1733 240 64 martyr,
1886 1728 76 68 by
2009 1729 215 52 Robert
2272 1730 160 52 Penn

422 1805 261 54 Warren.
748 1804 140 53 New
917 1803 182 68 York,
1127 1805 230 69 Payson
1386 1807 47 50 &
1462 1803 209 56 Clarke
1699 1806 123 66 ltd.,
1852 1808 151 50 1929.

496 1885 1489 50 6 p. l., 9-474 p., 1 l. front. (port.) plates, map. 24 ᶜᵐ .
496 1944 140 47 Maps
664 1953 61 30 on
753 1941 367 49 lining-papers.

498 1998 445 49 “Bibliographical
970 1996 143 42 note”:
1171 2009 42 37 p.
1241 1997 221 41 441-462.

432 2109 52 52 ©
511 2114 119 39 Nov.
657 2113 39 42 2,
724 2112 142 47 1929;
896 2112 67 39 2c.
990 2113 120 39 Nov.
1139 2114 52 38 7;
1223 2111 82 39 aff.
1334 2112 118 39 Nov.
1481 2112 52 40 5;
1564 2111 38 38 A
1634 2111 145 39 15518;
1839 2113 188 45 Payson
2060 2114 36 39 &
2125 2113 192 49 Clarke,
2348 2114 84 40 ltd.

509 2168 283 49 (29-23481)

422 2263 229 64 Welles,
682 2262 316 55 Winifred.

494 2340 141 55 This
676 2340 240 54 delicate
956 2342 143 52 love,
1137 2340 75 64 by
1253 2339 297 55 Winifred
1588 2341 228 53 Welles.
1909 2342 139 51 New
2091 2341 179 67 York,
2312 2342 122 52 The

423 2418 222 70 Viking
670 2437 175 50 press,
872 2421 151 50 1929.

495 2499 556 50 5 p. l., 3-77 p. 21 ᶜᵐ .
496 2557 185 40 Poems.

432 2609 52 52 ©
513 2614 103 41 Oct.
643 2613 58 41 26,
801 2612 56 40 1929;
911 2613 70 39 2c.
1011 2613 97 38 and
1136 2611 81 40 aff.
1248 2611 102 41 Oct.
1379 2611 49 40 31;
1494 2611 38 39 A
1560 2610 172 48 15409;
1763 2611 176 49 Viking
1970 2622 150 38 press,
2149 2613 90 39 inc.

509 2670 282 48 (29-23332)

421 2762 197 62 Wells,
648 2761 259 54 Herbert
938 2761 248 64 George.

501 2840 124 52 The
658 2839 211 53 science
906 2838 64 54 of
1006 2837 106 54 life
1155 2839 109 67 [by]
1305 2839 78 52 H.
1421 2838 69 55 G.
1527 2839 198 57 Wells,
1761 2838 201 53 Julian
2000 2838 235 68 Huxley
2296 2839 132 66 [and]

430 2916 69 55 G.
527 2917 67 52 P.
620 2916 197 54 Wells.
886 2921 128 62 [pts.]
1070 2919 185 49 16-19.
1327 2916 277 67 [London,
1632 2915 123 53 The
1784 2915 444 69 Amalgamated
2257 2933 173 50 press,

428 2994 123 67 ltd.,
583 2996 152 64 1929]

497 3076 29 38 4
586 3108 8 7 v.
651 3076 87 40 col.
766 3075 191 40 fronts.,
986 3075 145 40 illus..
1159 3085 152 37 maps,
1343 3075 180 47 diagrs.
1581 3075 148 40 27½ᶜᵐ.

433 3127 1969 52 © 1c. each Nov. 29, 1929; A ad int. 13301; pubd. Oct 3, 17, 31, Nov. 14;
500 3188 61 39 H.
592 3187 53 40 G.
675 3188 163 40 Wells.
871 3187 169 39 Julian
1074 3186 44 41 S.
1149 3187 197 46 Huxley
1377 3187 96 39 and
1504 3186 185 47 George
1719 3185 162 48 Philip
1911 3185 164 48 Wells,
2106 3185 215 40 London.

422 3321 374 64 Whitehead,
825 3321 212 54 Alfred
1066 3321 216 65 North,
1314 3327 172 50 1861-

495 3400 235 52 Process
779 3400 113 52 and
938 3399 226 68 reality,
1211 3418 72 34 an
1329 3417 159 49 essay
1536 3399 56 52 in
1642 3398 353 69 cosmology;
2047 3397 225 57 Gifford
426 3398 1983 131 lectures

622 3477 283 53 delivered
953 3477 62 52 in
1058 3478 96 51 the
1197 3476 339 68 University
1580 3476 64 52 of
1689 3475 345 69 Edinburgh
2081 3475 212 66 during
2338 3475 97 52 the

424 3549 2008 73 session 1927-28, by Alfred North Whitehead … New York,
425 3632 121 52 The
578 3630 334 54 Macmillan
945 3649 239 48 company;
1293 3629 366 69 Cambridge,
1690 3631 167 67 Eng.,
1886 3628 338 68 University
2259 3647 174 49 press,

428 3712 150 50 1929.

497 3788 688 49 xii, 547 p. diagrs. 22 ᶜᵐ .
435 3841 52 52 ©
518 3845 101 41 Oct.
648 3846 58 39 22,
806 3845 82 47 1929;
918 3846 68 40 2c.
1017 3846 95 38 and
1142 3844 82 40 aff.
1255 3845 101 39 Oct.
1387 3844 84 46 23;
1502 3844 39 38 A
1570 3843 171 41 14308;
1774 3843 281 39 Macmillan
2085 3853 67 29 co.

513 3901 279 49 (29-23503)
