2561 4405
1202 4051 68 51 25

283 456 86 40 127
400 466 45 37 p.
518 454 146 48 illus.,
693 454 159 40 forms
878 453 138 49 (part
1046 453 148 48 fold.)
1274 453 59 42 28½
1365 456 44 21 cm
1414 484 9 8 ·
1508 453 331 50 (Typothetae
1883 457 343 45 management

215 509 176 49 series)

284 568 120 40 This
440 566 251 42 text-book
730 566 125 41 aims
893 570 49 38 to
982 569 197 46 present
1219 566 240 41 standard
1497 566 225 41 methods
1762 567 97 39 and
1896 565 241 51 practices
2175 566 52 41 in

214 624 296 42 accordance
549 623 122 41 with
711 624 82 39 the
831 621 265 51 principles
1135 623 53 40 of
1225 624 83 40 the
1349 622 181 41 United
1569 623 287 49 typothetae
1896 622 52 41 of
1985 622 242 42 America.

215 682 101 40 The
359 678 302 52 publication
704 680 43 40 is
790 679 246 50 approved
1081 680 59 47 by
1183 680 83 39 the
1311 679 290 41 Committee
1643 690 61 29 on
1746 679 261 41 education
2050 679 52 40 of
2143 680 85 39 the

217 737 179 43 United
423 736 285 50 typothetae
734 736 52 39 of
811 735 225 42 America
1063 746 55 29 as
1145 736 66 39 its
1235 734 290 42 authorized
1551 735 124 41 book
1703 746 60 29 on
1790 737 105 38 cost
1920 734 186 50 finding
2130 736 99 39 and

214 793 44 43 is
289 794 186 40 offered
507 803 57 30 as
594 803 29 31 a
656 792 215 41 revision
903 791 67 50 of,
1001 803 55 29 or
1087 794 51 38 to
1169 792 321 48 supplement,
1524 792 68 40 its
1626 790 251 43 Standard
1907 794 105 39 cost
2042 791 187 49 finding

215 852 181 39 system
423 850 81 40 for
533 849 228 49 printers,
791 849 109 40 first
927 847 259 50 published
1213 848 53 39 in
1293 847 131 41 1909.
1485 849 62 47 cf.
1577 847 132 41 Pref.
1740 849 97 39 and
1867 848 276 42 Foreword.

216 902 52 54 ©
297 907 112 40 Dec.
440 906 66 48 20,
535 905 141 48 1928;
706 907 69 40 2c.
804 907 111 39 Jan.
943 906 40 48 2,
1012 904 142 47 1929;
1185 904 84 40 aff.
1297 903 112 42 Jan.
1439 904 83 47 10;
1552 904 42 39 A
1621 903 143 48 2760;
1798 904 181 43 United
283 899 1928 110 typothetae
395 963 51 41 of
476 961 238 50 America,
749 962 225 50 Chicago.
1045 960 254 52 (29-1578)

215 1028 284 64 Latimer,
532 1027 264 55 Wendell
826 1026 285 67 Mitchell,
1147 1033 174 51 1893-

287 1104 312 55 Reference
629 1104 149 54 book
805 1104 65 53 of
897 1104 301 69 inorganic
1227 1104 330 71 chemistry,
1586 1106 77 69 by
1689 1106 266 55 Wendell
1986 1107 80 52 M.

216 1101 1993 234 Latimer … and Joel H. Hildebrand … New York, The Macmillan company, 1929.
286 1342 1039 54 viii p., 1 l., 442 p. illus., diagrs. 22½ᶜᵐ.
289 1401 251 40 “Periodic
572 1399 159 43 table”
764 1402 96 38 and
894 1400 219 41 “Atomic
1144 1401 207 49 weights
1382 1401 144 40 1928”
1561 1413 61 29 on
1652 1401 123 42 back
1806 1402 343 50 lining-paper.

217 1453 2016 111 “To complete the series begun with ‘Principles of chemistry’ by Hildebrand … and continued with the ‘Course in general chemistry’ by Bray
216 1571 97 40 and
347 1568 457 44 Latimer.”—Pref.

217 1622 1633 60 © Jan. 8, 1929; 2c. and aff. Jan. 9; A 3601; Macmillan co.
295 1684 254 50 (29-1446)

219 1749 69 52 Li
320 1749 96 53 Ah
448 1750 138 63 San,
619 1750 184 53 Edith
837 1752 141 62 May
1011 1751 241 53 Forbes.

291 1828 107 69 My
429 1828 108 53 life
570 1846 62 36 as
664 1830 99 52 the
796 1829 141 55 wife
971 1829 64 53 of
1067 1849 33 33 a
1135 1829 346 70 Chinaman,
1510 1832 78 69 by
1622 1831 185 54 Edith
1842 1832 141 71 May
2018 1834 216 54 Forbes

234 1905 167 70 (Mrs.
429 1907 183 54 Edith
639 1908 140 69 May
805 1908 68 53 Li
902 1907 94 53 Ah
1028 1907 146 70 San)
1253 1907 366 70 [Instalment
1644 1913 49 64 3]
1761 1910 242 56 Hidden
2030 1918 206 49 secrets

212 1984 65 55 of
313 1986 367 69 Limeliouse)

380 2063 750 56 (In Thomson’s weekly news)
222 2118 2015 61 © 1c. Jan. 18, 1929; A ad int. 12243; pubd. Nov. 24, 1928; American
287 2181 201 48 weekly,
513 2181 108 49 inc.,
647 2182 120 40 New
792 2182 147 42 York.

227 2244 337 69 [Louisville
599 2247 319 54 industrial
953 2250 375 65 foundation,
1363 2251 436 71 incorporated]

289 2325 1944 82 Center of American markets, Louisville. [Louisville, ᶜ19 28]
289 2407 1005 54 60 p. illus., fold, plates, diagrs. 30 ᶜᵐ.
290 2466 142 48 Maps
460 2477 59 29 on
546 2465 366 51 lining-papers.

290 2523 263 40 Foreword
585 2523 198 50 signed:
819 2525 269 42 Louisville
1121 2527 268 42 industrial
1422 2530 309 44 foundation,
1767 2533 358 50 incorporated.

221 2574 52 55 ©
299 2581 120 41 Nov.
445 2581 70 48 26,
542 2580 116 42 1928;
713 2583 68 40 2c.
809 2583 113 41 Dec.
950 2584 57 40 10;
1063 2584 83 42 aff.
1175 2585 113 42 Dec.
1315 2586 57 41 28;
1429 2587 42 40 A
1498 2588 116 41 3567;
1672 2590 268 42 Louisville
1967 2591 268 42 industrial

291 2637 308 49 foundation,
631 2639 92 41 inc.
793 2639 254 51 (29-1420)

222 2701 416 68 McKendrick,
674 2705 268 55 Norman
977 2707 196 57 Shaw.

223 2778 1992 154 An epitome of United States history, by Norman S. McKendrick … Exeter,
822 2862 71 53 N.
927 2863 98 68 H.,
1054 2865 124 53 The
1207 2865 365 56 News-letter
1605 2887 178 51 press,
1816 2874 152 51 1929.

292 2941 243 49 91 p. 22 ᶜᵐ.
226 2994 52 54 ©
304 3000 110 40 Jan.
439 3000 68 49 10,
534 3000 116 42 1929;
702 3003 69 40 2c.
796 3005 96 39 and
918 3003 84 42 aff.
1028 3006 111 41 Jan.
1165 3006 82 48 12;
1275 3007 43 40 A
1341 3007 143 48 2819;
1513 3009 56 41 N.
1598 3009 45 43 S.
1671 3012 344 49 McKendrick,
2044 3015 194 48 Exeter,

293 3053 57 43 N.
377 3054 62 44 H.
504 3057 253 51 (29-1587)

222 3109 292 65 Marryat,
547 3111 336 66 Frederick,
920 3115 327 56 1792-1848.

357 3187 1882 83 … Mr. Midshipman Easy [by ] Captain Marryat, illustrated
226 3263 76 69 by
331 3264 202 70 Harry
564 3266 78 54 H.
674 3267 72 53 A.
780 3270 211 54 Burne.
1068 3271 140 53 New
1240 3272 182 70 York,
1452 3275 58 54 J.
1543 3276 79 53 H.
1659 3276 168 56 Sears
1861 3281 46 51 &
1940 3297 301 55 company,

226 3341 338 70 inc. [ ᶜ19 28]
300 3423 1876 68 vii, [1], 376 p. front., plates. 21½ ᶜᵐ. (The father and son library)
226 3475 52 54 ©
310 3480 102 42 Oct.
442 3482 69 47 10,
542 3481 142 50 1928;
714 3484 68 42 2c.
815 3486 111 40 Jan.
957 3488 68 48 14,
1057 3488 142 48 1929;
1233 3489 84 42 aff.
1348 3492 111 41 Jan.
1489 3494 83 45 11;
1605 3495 41 39 A
1675 3496 144 47 3716;
1853 3499 43 39 J.
1928 3499 62 41 H.
2025 3499 146 42 Sears
2201 3502 36 40 &

292 3548 83 37 co.,
405 3537 91 42 inc.
556 3534 71 55 [©
655 3540 672 56 illustrations](29-1567)

226 3588 272 67 Melville,
531 3592 284 64 Herman,
853 3600 326 53 1819-1891.

362 3669 1877 89 … Moby Dick [by ] Herman Melville; illustrated by John D.
229 3745 1842 90 Whiting. New York, J. H. Sears & company, inc. [ ᶜ19 28]
301 3827 86 40 viii
405 3831 101 45 p., 1 l.,
590 3830 84 41 533
692 3843 43 37 p.
809 3833 165 44 front.,
994 3837 172 46 plates.
1241 3839 146 42 21½ᶜᵐ.
1472 3841 127 47 (The
1616 3843 168 42 father
1802 3849 97 39 and
1917 3858 86 31 son
2020 3850 213 47 library)

228 3878 2011 74 © Oct. 10, 1928; 2c. Jan. 14, 1929; aff. Jan. 11; A 3719; J. H. Sears &
295 3952 81 38 co.,
407 3942 90 42 inc.
558 3939 71 56 [©
659 3945 347 54 illustrations]
1077 3951 253 53 (29-1566)
