2533 4342
1366 4020 136 49 1324

497 467 135 40 “List
662 467 53 40 of
747 466 264 40 theatrical
1042 467 227 48 parodies
1301 478 61 29 on
1395 467 262 41 Voltaire’s
1689 467 217 41 works”:
1943 479 43 37 p.
2019 467 100 42 2-5.

436 536 1976 107 © Aug. 16, 1929; 2c. Aug. 24; aff. Aug. 21; A 11825; G. L. Van Roosbroeck,
715 595 120 39 New
861 595 148 40 York.
1075 593 282 50 (29-18124)

430 691 297 62 Patmore,
757 690 139 52 Mrs.
926 688 217 64 Brigit.

493 766 89 52 No
619 771 325 64 tomorrow,
983 765 77 69 by
1100 765 194 70 Brigit
1335 767 286 51 Patmore.
1700 766 140 53 New
1880 766 166 53 York
2085 768 46 51 &
2170 767 260 67 London,

422 843 761 69 The Century co. [ ᶜ1 929]
494 923 879 50 3 p. l., 3-290 p. 19½ᶜᵐ. $2.00
432 992 52 52 ©
515 997 128 47 Sept.
670 997 39 46 6,
737 995 142 48 1929;
910 996 67 41 2c.
1007 997 96 39 and
1130 995 82 41 aff.
1243 995 129 49 Sept.
1401 996 83 47 11;
1514 996 42 39 A
1583 995 171 48 13226;
1788 996 215 48 Century
2032 1007 68 30 co.

511 1051 281 51 (29-18259)

429 1147 178 64 Peak,
638 1148 258 53 Howard
926 1148 275 64 Wallace,
1235 1153 172 50 1856-

497 1226 56 53 A
578 1243 208 51 ranger
813 1226 64 51 of
904 1244 336 51 commerce;
1271 1245 81 49 or,
1381 1230 65 49 52
1472 1244 163 51 years
1664 1244 72 34 on
1763 1227 97 52 the
1886 1226 158 68 road,
2070 1226 77 69 by
2172 1227 261 53 Howard

424 1304 1900 70 W. Peak. San Antonio, Naylor printing company [ ᶜ1 929]
498 1386 1085 49 5 p. l., 262 p. front., pl., ports. 22½ᶜᵐ.
497 1456 134 41 With
660 1457 219 40 author’s
907 1458 291 48 autograph.

434 1510 1996 53 © Aug. 2, 1929; 2c. and aff. Aug. 26; A 12005; H. W. Peak, Fort Worth,
498 1570 114 41 Tex.
676 1570 282 51 (29-18139)

431 1665 205 65 Perry,
669 1668 139 53 Mrs.
840 1665 285 54 Adelaide
1166 1666 441 65 (Trowbridge)

502 1744 420 69 Compendium
966 1746 65 53 of
1074 1745 173 68 piano
1291 1745 293 67 material;
1632 1765 31 33 a
1707 1745 148 54 book
1899 1746 64 53 of
2007 1744 287 55 reference
2342 1744 93 53 for

429 1822 388 53 institutional
869 1824 392 67 departments
1311 1825 64 52 of
1424 1823 192 69 piano,
1665 1824 226 67 private
1940 1824 174 68 piano
2161 1821 273 68 teachers,

430 1900 193 69 public
651 1901 192 54 school
872 1901 254 53 teachers
1156 1902 64 53 of
1248 1903 191 68 piano,
1464 1902 181 53 music
1673 1902 224 69 history
1926 1903 219 67 classes,
429 1898 1979 135 appreciation

629 1980 220 68 classes,
894 1979 195 68 public
1132 1979 280 69 libraries,
1456 1980 179 52 music
1680 1985 195 64 stores,
1918 1979 180 54 music
2141 1979 175 66 clubs,
2359 1981 75 67 by

427 2056 2007 71 Adelaide Trowbridge Perry … Los Angeles, Calif., College
431 2136 64 53 of
536 2136 196 67 music,
778 2135 339 70 University
1161 2137 64 52 of
1273 2135 286 55 Southern
1607 2135 356 68 California;
2011 2136 113 55 Los
2168 2135 267 69 Angeles,

427 2213 1194 70 G. Schirmer music stores, inc. [ ᶜ1 929]
493 2294 85 40 127
610 2305 44 38 p.
714 2294 146 41 23½ᶜᵐ.

495 2351 159 39 Blank
685 2351 163 39 leaves
878 2350 80 46 for
990 2350 436 48 “Supplementary
1459 2350 256 39 material”
1749 2350 343 49 interspersed.

431 2403 1997 52 © July 6, 1929; 2c. July 20; aff. Aug. 14; A 10767; A. T. Perry, Los
497 2464 221 47 Angeles.
785 2462 282 50 (29-18104)

430 2558 206 63 Perry,
664 2559 140 53 Mrs.
833 2557 137 52 Ann
1000 2557 247 65 Evelyn,
1278 2562 171 50 1880-

494 2634 185 69 Songs
713 2633 65 54 of
809 2634 124 69 life,
967 2635 77 68 by
1076 2635 136 52 Ann
1250 2635 223 68 Evelyn
1509 2635 201 53 Perry.
1782 2635 111 53 Los
1930 2636 266 69 Angeles,
2233 2634 196 70 Calif.,

424 2715 150 50 1929.

493 2794 58 40 60
581 2806 43 37 p.
657 2793 110 42 incl.
799 2795 123 47 port.
1120 2826 8 8 18½ᶜᵐ.

493 2851 185 40 Poems.

433 2904 1997 52 © Aug. 22, 1929; 2c. Aug. 29; aff. Aug. 27; A 11937; A. E. Perry, Los
500 2965 221 48 Angeles.
785 2964 282 49 (29-18131)

427 3059 272 64 Pressey,
727 3060 140 53 Mrs.
896 3058 204 52 Luella
1128 3058 295 53 Winifred
1460 3057 197 66 (Cole)
1696 3064 171 49 1893-

495 3134 168 55 Some
704 3136 213 68 college
961 3135 259 53 students
1264 3136 113 52 and
1421 3136 151 52 their
1616 3136 286 67 problems
1954 3137 109 68 [by]
2115 3137 202 52 Luella
2365 3136 61 55 C.

422 3213 255 63 Pressey.
746 3212 329 64 Columbus,
1106 3213 121 53 The
1260 3212 151 56 Ohio
1441 3218 145 49 state
1616 3214 322 62 university
1969 3232 174 44 press,
2178 3217 151 51 1929.

492 3294 62 49 vi,
583 3295 56 41 97
665 3307 44 37 p.
769 3295 119 41 24ᶜᵐ.

494 3351 379 49 Bibliography:
903 3363 44 37 p.
976 3351 160 42 95-97.

432 3405 1992 53 © July 26, 1929; 2c. Aug. 2; aff. Aug. 9; A 10688; Ohio state univ.
500 3476 149 37 press.
716 3465 282 49 (29-18272)

429 3558 213 65 Pusey,
672 3559 256 54 William
960 3559 189 64 Allen,
1183 3564 171 50 1865-

493 3636 1934 70 The care of the skin and hair, by Wm. Allen Pusey … New
424 3713 163 53 York
615 3714 113 52 and
755 3714 259 66 London,
1041 3714 72 52 D.
1143 3714 295 68 Appleton
1469 3714 113 52 and
1612 3732 298 50 company,
1944 3717 151 50 1929.

494 3794 103 48 xiii,
625 3794 85 40 182
737 3805 44 37 p.
807 3794 110 41 incl.
946 3795 26 39 1
1001 3794 144 49 illus.,
1172 3795 172 48 plates.
1404 3794 147 42 19½ᶜᵐ.

495 3851 209 41 Revised
736 3851 197 41 edition.

433 3905 1828 52 © Aug. 30, 1929; 2c. and aff. Sept. 6; A 13032; D. Appleton & co.
510 3964 280 50 (29-18231)
