<alto xmlns="http://www.loc.gov/standards/alto/ns-v3#" xmlns:xlink="http://www.w3.org/1999/xlink" xmlns:xsi="http://www.w3.org/2001/XMLSchema-instance" xsi:schemaLocation="http://www.loc.gov/standards/alto/ns-v3# http://www.loc.gov/alto/v3/alto-3-0.xsd"><Description>
<MeasurementUnit>pixel</MeasurementUnit>
<sourceImageInformation>
<fileName>1929_v26_part001.pdf</fileName>
</sourceImageInformation>
<OCRProcessing ID="IdOcr">
<ocrProcessingStep>
<processingDateTime>2019-04-18</processingDateTime>
<processingSoftware>
<softwareCreator>ABBYY</softwareCreator>
<softwareName>ABBYY Recognition Server</softwareName>
<softwareVersion>4.0</softwareVersion>
</processingSoftware>
</ocrProcessingStep>
</OCRProcessing>
</Description>
<Styles>
<ParagraphStyle ID="StyleId-FFFFFFFF-FFFF-FFFF-FFFF-FFFFFFFFFFFF-" ALIGN="Left" LEFT="0." RIGHT="0." FIRSTLINE="0."/>
<ParagraphStyle ID="StyleId-11A520CB-49B0-4D42-A675-089886D5B704-" ALIGN="Center" LEFT="0." RIGHT="0." FIRSTLINE="0." LINESPACE="7.699999809"/>
<ParagraphStyle ID="StyleId-2AEC4724-E584-48A1-8E6D-86B1AA154223-" ALIGN="Left" LEFT="0." RIGHT="0." FIRSTLINE="0." LINESPACE="12.19999981"/>
<ParagraphStyle ID="StyleId-5ADCDE1D-F34B-405C-A765-E9B51F6229BD-" ALIGN="Left" LEFT="0." RIGHT="0." FIRSTLINE="-13." LINESPACE="8.050000191"/>
<ParagraphStyle ID="StyleId-D0AEFB96-F81D-4367-8545-C0AC945FA34C-" ALIGN="Block" LEFT="0." RIGHT="0." FIRSTLINE="-13." LINESPACE="8.899999619"/>
<ParagraphStyle ID="StyleId-9A3BB592-4BA4-4F85-B157-B9A7F1FC9680-" ALIGN="Left" LEFT="0." RIGHT="0." FIRSTLINE="0."/>
<ParagraphStyle ID="StyleId-E9D6144A-CFDC-4919-911D-02B0461DB967-" ALIGN="Left" LEFT="0." RIGHT="0." FIRSTLINE="-13." LINESPACE="23.43000031"/>
<ParagraphStyle ID="StyleId-EEECFC68-AAC5-42B1-B3BF-987799B5B74A-" ALIGN="Block" LEFT="0." RIGHT="0." FIRSTLINE="0." LINESPACE="23.43000031"/>
<ParagraphStyle ID="StyleId-98D20B11-A9BB-4FAB-8DC8-DC8C43F3755E-" ALIGN="Left" LEFT="0." RIGHT="0." FIRSTLINE="0." LINESPACE="10.5"/>
<ParagraphStyle ID="StyleId-C279DBAD-2656-4352-93E6-C942618B09B1-" ALIGN="Block" LEFT="0." RIGHT="0." FIRSTLINE="-13." LINESPACE="8.770000458"/>
<ParagraphStyle ID="StyleId-A539B2D0-654F-45BA-9385-D7E681D9BD87-" ALIGN="Block" LEFT="0." RIGHT="0." FIRSTLINE="0." LINESPACE="8.18999958"/>
<ParagraphStyle ID="StyleId-CFE66565-54F2-45CF-9511-65151219B0BC-" ALIGN="Left" LEFT="0." RIGHT="0." FIRSTLINE="-12." LINESPACE="12.19999981"/>
<ParagraphStyle ID="StyleId-37B60A95-D7B9-4720-9D46-F2E763AAD699-" ALIGN="Block" LEFT="0." RIGHT="0." FIRSTLINE="0." LINESPACE="12.19999981"/>
<ParagraphStyle ID="StyleId-255154CA-71AA-47B9-A5EB-ED90642010CE-" ALIGN="Block" LEFT="0." RIGHT="0." FIRSTLINE="13." LINESPACE="7.900000095"/>
<ParagraphStyle ID="StyleId-4618FB06-20CA-4F95-9CA2-829603EE887D-" ALIGN="Block" LEFT="0." RIGHT="0." FIRSTLINE="0." LINESPACE="10."/>
<ParagraphStyle ID="StyleId-61F9B98E-BA82-4DCF-809A-0C5481162321-" ALIGN="Left" LEFT="0." RIGHT="0." FIRSTLINE="-13." LINESPACE="8.479999542"/>
<ParagraphStyle ID="StyleId-16A4FB0C-4CB7-44C8-846E-AF89DD76FC73-" ALIGN="Left" LEFT="0." RIGHT="0." FIRSTLINE="0." LINESPACE="11.10000038"/>
<ParagraphStyle ID="StyleId-8CC01B24-9D1D-45D5-B954-83ECA9EA3425-" ALIGN="Left" LEFT="0." RIGHT="0." FIRSTLINE="-13." LINESPACE="8.050000191"/>
<ParagraphStyle ID="StyleId-3DB8CD3F-AD17-4DD7-8361-787A6A426C72-" ALIGN="Block" LEFT="0." RIGHT="0." FIRSTLINE="13." LINESPACE="7.900000095"/>
</Styles>
<Layout>
<Page ID="Page2072" PHYSICAL_IMG_NR="2072" HEIGHT="4342" WIDTH="2533">
<TopMargin HEIGHT="350" WIDTH="2533" VPOS="0" HPOS="0">
</TopMargin>
<LeftMargin HEIGHT="3744" WIDTH="388" VPOS="350" HPOS="0">
</LeftMargin>
<RightMargin HEIGHT="3744" WIDTH="111" VPOS="350" HPOS="2422">
</RightMargin>
<BottomMargin HEIGHT="248" WIDTH="2533" VPOS="4094" HPOS="0">
</BottomMargin>
<PrintSpace HEIGHT="3744" WIDTH="2034" VPOS="350" HPOS="388">
<TextBlock ID="Page2072_Block1" HEIGHT="122" WIDTH="299" VPOS="3972" HPOS="1287" LANG="en-US" STYLEREFS="StyleId-8964A07C-C347-49B2-994F-3B9EAE4A0E10-">
<TextLine HEIGHT="55" WIDTH="138" VPOS="3983" HPOS="1337">
<String CONTENT="2072" HEIGHT="55" WIDTH="138" VPOS="3983" HPOS="1337"/>
</TextLine>
</TextBlock>
<TextBlock ID="Page2072_Block2" HEIGHT="3597" WIDTH="2034" VPOS="350" HPOS="388" LANG="en-US" CS="1" STYLEREFS="StyleId-3AF6294F-E3F1-4AC5-B6CA-F893B3DA11AA-">
<TextLine HEIGHT="72" WIDTH="2005" VPOS="357" HPOS="401" STYLEREFS="StyleId-97CD5573-85AA-499D-AA8B-4CEA7DD9B873-">
<String CONTENT="Who&#8217;s" HEIGHT="55" WIDTH="205" VPOS="357" HPOS="401"/>
<SP HEIGHT="39" WIDTH="43" VPOS="373" HPOS="607"/>
<String CONTENT="who" HEIGHT="51" WIDTH="128" VPOS="361" HPOS="651"/>
<SP HEIGHT="52" WIDTH="43" VPOS="361" HPOS="780"/>
<String CONTENT="in" HEIGHT="52" WIDTH="59" VPOS="361" HPOS="824"/>
<SP HEIGHT="53" WIDTH="43" VPOS="360" HPOS="884"/>
<String CONTENT="Wichita;" HEIGHT="67" WIDTH="284" VPOS="359" HPOS="928"/>
<SP HEIGHT="65" WIDTH="46" VPOS="361" HPOS="1213"/>
<String CONTENT="biographical" HEIGHT="69" WIDTH="400" VPOS="360" HPOS="1260"/>
<SP HEIGHT="53" WIDTH="45" VPOS="362" HPOS="1661"/>
<String CONTENT="sketches" HEIGHT="55" WIDTH="254" VPOS="361" HPOS="1707"/>
<SP HEIGHT="37" WIDTH="44" VPOS="379" HPOS="1962"/>
<String CONTENT="of" HEIGHT="52" WIDTH="65" VPOS="362" HPOS="2007"/>
<SP HEIGHT="52" WIDTH="44" VPOS="362" HPOS="2073"/>
<String CONTENT="men" HEIGHT="35" WIDTH="128" VPOS="379" HPOS="2118"/>
<SP HEIGHT="36" WIDTH="44" VPOS="379" HPOS="2247"/>
<String CONTENT="and" HEIGHT="52" WIDTH="114" VPOS="363" HPOS="2292"/>
</TextLine>
<TextLine HEIGHT="71" WIDTH="1930" VPOS="435" HPOS="478" STYLEREFS="StyleId-97CD5573-85AA-499D-AA8B-4CEA7DD9B873-" CS="1">
<String CONTENT="women" HEIGHT="34" WIDTH="217" VPOS="455" HPOS="478"/>
<SP HEIGHT="34" WIDTH="31" VPOS="455" HPOS="696"/>
<String CONTENT="of" HEIGHT="54" WIDTH="65" VPOS="435" HPOS="728"/>
<SP HEIGHT="54" WIDTH="28" VPOS="435" HPOS="794"/>
<String CONTENT="achievement" HEIGHT="54" WIDTH="390" VPOS="436" HPOS="823"/>
<SP HEIGHT="48" WIDTH="32" VPOS="442" HPOS="1214"/>
<String CS="1" CONTENT="&#8230;"/>
<SP HEIGHT="50" WIDTH="81" VPOS="440" HPOS="1304"/>
<String CONTENT="1929." HEIGHT="51" WIDTH="151" VPOS="439" HPOS="1386"/>
<SP HEIGHT="54" WIDTH="66" VPOS="436" HPOS="1538"/>
<String CONTENT="Louisville," HEIGHT="70" WIDTH="333" VPOS="436" HPOS="1605"/>
<SP HEIGHT="69" WIDTH="31" VPOS="437" HPOS="1939"/>
<String CONTENT="Ky.," HEIGHT="69" WIDTH="133" VPOS="437" HPOS="1971"/>
<SP HEIGHT="70" WIDTH="29" VPOS="436" HPOS="2105"/>
<String CONTENT="Wichita." HEIGHT="56" WIDTH="273" VPOS="436" HPOS="2135"/>
</TextLine>
<TextLine HEIGHT="69" WIDTH="1593" VPOS="513" HPOS="480" STYLEREFS="StyleId-97CD5573-85AA-499D-AA8B-4CEA7DD9B873-" CS="1">
<String CONTENT="Kan." HEIGHT="52" WIDTH="150" VPOS="514" HPOS="480"/>
<SP HEIGHT="33" WIDTH="32" VPOS="547" HPOS="631"/>
<String CS="1" CONTENT="[ete.]" HEIGHT="61" WIDTH="119" VPOS="519" HPOS="682"/>
<SP HEIGHT="66" WIDTH="31" VPOS="514" HPOS="802"/>
<String CONTENT="Robert" HEIGHT="53" WIDTH="216" VPOS="513" HPOS="834"/>
<SP HEIGHT="52" WIDTH="23" VPOS="514" HPOS="1051"/>
<String CONTENT="M." HEIGHT="52" WIDTH="80" VPOS="514" HPOS="1075"/>
<SP HEIGHT="51" WIDTH="26" VPOS="515" HPOS="1156"/>
<String CONTENT="Baldwin" HEIGHT="53" WIDTH="270" VPOS="514" HPOS="1183"/>
<SP HEIGHT="35" WIDTH="25" VPOS="532" HPOS="1454"/>
<String CONTENT="corporation" HEIGHT="67" WIDTH="367" VPOS="515" HPOS="1480"/>
<SP HEIGHT="49" WIDTH="32" VPOS="532" HPOS="1848"/>
<String CS="1" CONTENT="[&#7580;1929]" HEIGHT="65" WIDTH="192" VPOS="517" HPOS="1881"/>
</TextLine>
<TextLine HEIGHT="49" WIDTH="1060" VPOS="595" HPOS="476" CS="1">
<String CONTENT="212," HEIGHT="48" WIDTH="99" VPOS="595" HPOS="476"/>
<SP HEIGHT="48" WIDTH="31" VPOS="595" HPOS="576"/>
<String CONTENT="iii," HEIGHT="49" WIDTH="68" VPOS="595" HPOS="608"/>
<SP HEIGHT="48" WIDTH="31" VPOS="596" HPOS="677"/>
<String CONTENT="4-17" HEIGHT="40" WIDTH="116" VPOS="596" HPOS="709"/>
<SP HEIGHT="48" WIDTH="29" VPOS="596" HPOS="826"/>
<String CONTENT="p." HEIGHT="38" WIDTH="44" VPOS="606" HPOS="856"/>
<SP HEIGHT="41" WIDTH="59" VPOS="595" HPOS="901"/>
<String CONTENT="illus." HEIGHT="41" WIDTH="131" VPOS="595" HPOS="961"/>
<SP HEIGHT="49" WIDTH="27" VPOS="595" HPOS="1093"/>
<String CONTENT="(ports.)" HEIGHT="49" WIDTH="197" VPOS="595" HPOS="1121"/>
<SP HEIGHT="48" WIDTH="68" VPOS="595" HPOS="1319"/>
<String LANG="ru" CONTENT="27" HEIGHT="41" WIDTH="59" VPOS="595" HPOS="1388"/>
<String CS="1" CONTENT="&#189;&#7580;&#7504;"/>
<String LANG="ru" CONTENT="." HEIGHT="8" WIDTH="9" VPOS="627" HPOS="1527"/>
</TextLine>
<TextLine HEIGHT="48" WIDTH="905" VPOS="664" HPOS="407">
<String CONTENT="Editor:" HEIGHT="41" WIDTH="200" VPOS="665" HPOS="407"/>
<SP HEIGHT="38" WIDTH="36" VPOS="666" HPOS="608"/>
<String CONTENT="1929," HEIGHT="48" WIDTH="128" VPOS="664" HPOS="645"/>
<SP HEIGHT="47" WIDTH="37" VPOS="665" HPOS="774"/>
<String CONTENT="Sara" HEIGHT="41" WIDTH="118" VPOS="665" HPOS="812"/>
<SP HEIGHT="40" WIDTH="39" VPOS="665" HPOS="931"/>
<String CONTENT="M." HEIGHT="41" WIDTH="64" VPOS="665" HPOS="971"/>
<SP HEIGHT="40" WIDTH="34" VPOS="666" HPOS="1036"/>
<String CONTENT="Baldwin." HEIGHT="42" WIDTH="241" VPOS="664" HPOS="1071"/>
</TextLine>
<TextLine HEIGHT="98" WIDTH="1980" VPOS="720" HPOS="408" CS="1">
<String CONTENT="Published" HEIGHT="40" WIDTH="264" VPOS="721" HPOS="480"/>
<SP HEIGHT="39" WIDTH="27" VPOS="722" HPOS="745"/>
<String CONTENT="1929," HEIGHT="48" WIDTH="129" VPOS="720" HPOS="773"/>
<SP HEIGHT="36" WIDTH="31" VPOS="732" HPOS="903"/>
<String CONTENT="under" HEIGHT="39" WIDTH="156" VPOS="722" HPOS="935"/>
<SP HEIGHT="37" WIDTH="29" VPOS="724" HPOS="1092"/>
<String CONTENT="the" HEIGHT="42" WIDTH="83" VPOS="720" HPOS="1122"/>
<SP HEIGHT="30" WIDTH="29" VPOS="732" HPOS="1206"/>
<String CONTENT="auspices" HEIGHT="47" WIDTH="223" VPOS="722" HPOS="1236"/>
<SP HEIGHT="29" WIDTH="31" VPOS="733" HPOS="1460"/>
<String CONTENT="of" HEIGHT="41" WIDTH="52" VPOS="721" HPOS="1492"/>
<SP HEIGHT="41" WIDTH="30" VPOS="721" HPOS="1545"/>
<String CONTENT="Over" HEIGHT="41" WIDTH="127" VPOS="721" HPOS="1576"/>
<SP HEIGHT="39" WIDTH="31" VPOS="723" HPOS="1704"/>
<String CONTENT="there" HEIGHT="41" WIDTH="138" VPOS="721" HPOS="1736"/>
<SP HEIGHT="38" WIDTH="29" VPOS="732" HPOS="1875"/>
<String CONTENT="post," HEIGHT="46" WIDTH="122" VPOS="724" HPOS="1905"/>
<SP HEIGHT="37" WIDTH="31" VPOS="732" HPOS="2028"/>
<String CONTENT="no." HEIGHT="30" WIDTH="75" VPOS="732" HPOS="2060"/>
<SP HEIGHT="40" WIDTH="31" VPOS="722" HPOS="2136"/>
<String CONTENT="112." HEIGHT="40" WIDTH="98" VPOS="722" HPOS="2168"/>
<SP HEIGHT="40" WIDTH="31" VPOS="722" HPOS="2267"/>
<String CONTENT="Veterans" HEIGHT="96" WIDTH="1980" VPOS="722" HPOS="408"/>
<SP HEIGHT="30" WIDTH="31" VPOS="788" HPOS="553"/>
<String CONTENT="of" HEIGHT="40" WIDTH="54" VPOS="778" HPOS="585"/>
</TextLine>
<TextLine HEIGHT="49" WIDTH="370" VPOS="777" HPOS="671">
<String CONTENT="foreign" HEIGHT="49" WIDTH="193" VPOS="777" HPOS="671"/>
<SP HEIGHT="30" WIDTH="30" VPOS="788" HPOS="865"/>
<String CONTENT="wars." HEIGHT="30" WIDTH="145" VPOS="788" HPOS="896"/>
</TextLine>
<TextLine HEIGHT="100" WIDTH="1978" VPOS="843" HPOS="412" CS="1">
<String CONTENT="&#169;" HEIGHT="52" WIDTH="52" VPOS="843" HPOS="412"/>
<SP HEIGHT="52" WIDTH="32" VPOS="843" HPOS="465"/>
<String CONTENT="Dec." HEIGHT="41" WIDTH="112" VPOS="847" HPOS="498"/>
<SP HEIGHT="38" WIDTH="31" VPOS="849" HPOS="611"/>
<String CONTENT="14," HEIGHT="46" WIDTH="68" VPOS="849" HPOS="643"/>
<SP HEIGHT="47" WIDTH="32" VPOS="848" HPOS="712"/>
<String CS="1" CONTENT="1929;" HEIGHT="40" WIDTH="117" VPOS="848" HPOS="745"/>
<SP HEIGHT="41" WIDTH="30" VPOS="848" HPOS="887"/>
<String CONTENT="2c." HEIGHT="40" WIDTH="71" VPOS="848" HPOS="918"/>
<SP HEIGHT="40" WIDTH="32" VPOS="848" HPOS="990"/>
<String CONTENT="Dee." HEIGHT="40" WIDTH="111" VPOS="848" HPOS="1023"/>
<SP HEIGHT="40" WIDTH="33" VPOS="848" HPOS="1135"/>
<String CONTENT="27;" HEIGHT="47" WIDTH="83" VPOS="848" HPOS="1169"/>
<SP HEIGHT="36" WIDTH="34" VPOS="859" HPOS="1253"/>
<String CONTENT="aff." HEIGHT="42" WIDTH="81" VPOS="847" HPOS="1288"/>
<SP HEIGHT="40" WIDTH="32" VPOS="849" HPOS="1370"/>
<String CONTENT="Dec." HEIGHT="39" WIDTH="113" VPOS="849" HPOS="1403"/>
<SP HEIGHT="40" WIDTH="31" VPOS="848" HPOS="1517"/>
<String CONTENT="26;" HEIGHT="46" WIDTH="83" VPOS="848" HPOS="1549"/>
<SP HEIGHT="46" WIDTH="36" VPOS="848" HPOS="1633"/>
<!-- cceid A8C579D4-6CFA-1014-9C3C-CEA95E7AA542 --><String CONTENT="A" HEIGHT="39" WIDTH="41" VPOS="848" HPOS="1670"/>
<SP HEIGHT="39" WIDTH="30" VPOS="848" HPOS="1712"/>
<String CONTENT="17569;" HEIGHT="48" WIDTH="170" VPOS="847" HPOS="1743"/>
<SP HEIGHT="47" WIDTH="35" VPOS="848" HPOS="1914"/>
<String CONTENT="Robert" HEIGHT="40" WIDTH="185" VPOS="848" HPOS="1950"/>
<SP HEIGHT="40" WIDTH="29" VPOS="848" HPOS="2136"/>
<String CONTENT="M." HEIGHT="39" WIDTH="63" VPOS="848" HPOS="2166"/>
<SP HEIGHT="39" WIDTH="33" VPOS="847" HPOS="2230"/>
<String CONTENT="Baldwin" HEIGHT="96" WIDTH="1912" VPOS="847" HPOS="478"/>
</TextLine>
<TextLine HEIGHT="50" WIDTH="615" VPOS="903" HPOS="603">
<String CONTENT="corporation." HEIGHT="48" WIDTH="324" VPOS="904" HPOS="603"/>
<SP HEIGHT="48" WIDTH="68" VPOS="905" HPOS="928"/>
<String CONTENT="(30-129)" HEIGHT="50" WIDTH="221" VPOS="903" HPOS="997"/>
</TextLine>
<TextLine HEIGHT="68" WIDTH="1507" VPOS="1012" HPOS="402" STYLEREFS="StyleId-97CD5573-85AA-499D-AA8B-4CEA7DD9B873-">
<String CONTENT="Wilson," HEIGHT="66" WIDTH="242" VPOS="1012" HPOS="402"/>
<SP HEIGHT="62" WIDTH="24" VPOS="1016" HPOS="645"/>
<String CONTENT="Mrs." HEIGHT="52" WIDTH="139" VPOS="1016" HPOS="670"/>
<SP HEIGHT="54" WIDTH="26" VPOS="1014" HPOS="810"/>
<String CONTENT="Lucy" HEIGHT="64" WIDTH="166" VPOS="1014" HPOS="837"/>
<SP HEIGHT="63" WIDTH="22" VPOS="1015" HPOS="1004"/>
<String CONTENT="Langdon" HEIGHT="63" WIDTH="286" VPOS="1015" HPOS="1027"/>
<SP HEIGHT="64" WIDTH="33" VPOS="1016" HPOS="1314"/>
<String CONTENT="(Williams)" HEIGHT="67" WIDTH="351" VPOS="1013" HPOS="1348"/>
<SP HEIGHT="63" WIDTH="36" VPOS="1013" HPOS="1700"/>
<String CONTENT="1864-" HEIGHT="50" WIDTH="172" VPOS="1019" HPOS="1737"/>
</TextLine>
<TextLine HEIGHT="71" WIDTH="1936" VPOS="1105" HPOS="472" STYLEREFS="StyleId-97CD5573-85AA-499D-AA8B-4CEA7DD9B873-">
<String CONTENT="History" HEIGHT="70" WIDTH="245" VPOS="1105" HPOS="472"/>
<SP HEIGHT="50" WIDTH="23" VPOS="1125" HPOS="718"/>
<String CONTENT="reader" HEIGHT="52" WIDTH="200" VPOS="1107" HPOS="742"/>
<SP HEIGHT="52" WIDTH="22" VPOS="1106" HPOS="943"/>
<String CONTENT="for" HEIGHT="53" WIDTH="94" VPOS="1106" HPOS="966"/>
<SP HEIGHT="33" WIDTH="24" VPOS="1126" HPOS="1061"/>
<String CONTENT="elementary" HEIGHT="69" WIDTH="345" VPOS="1107" HPOS="1086"/>
<SP HEIGHT="50" WIDTH="23" VPOS="1126" HPOS="1432"/>
<String CONTENT="schools," HEIGHT="68" WIDTH="238" VPOS="1107" HPOS="1456"/>
<SP HEIGHT="50" WIDTH="24" VPOS="1125" HPOS="1695"/>
<String CONTENT="arranged" HEIGHT="68" WIDTH="283" VPOS="1107" HPOS="1720"/>
<SP HEIGHT="52" WIDTH="24" VPOS="1107" HPOS="2004"/>
<String CONTENT="with" HEIGHT="52" WIDTH="140" VPOS="1106" HPOS="2029"/>
<SP HEIGHT="52" WIDTH="25" VPOS="1106" HPOS="2170"/>
<String CONTENT="special" HEIGHT="67" WIDTH="212" VPOS="1106" HPOS="2196"/>
</TextLine>
<TextLine HEIGHT="72" WIDTH="2005" VPOS="1182" HPOS="403" STYLEREFS="StyleId-97CD5573-85AA-499D-AA8B-4CEA7DD9B873-" CS="1">
<String CONTENT="reference" HEIGHT="55" WIDTH="286" VPOS="1182" HPOS="403"/>
<SP HEIGHT="48" WIDTH="39" VPOS="1189" HPOS="690"/>
<String CONTENT="to" HEIGHT="48" WIDTH="59" VPOS="1189" HPOS="730"/>
<SP HEIGHT="52" WIDTH="42" VPOS="1184" HPOS="790"/>
<String CONTENT="holidays," HEIGHT="70" WIDTH="283" VPOS="1184" HPOS="833"/>
<SP HEIGHT="69" WIDTH="39" VPOS="1185" HPOS="1117"/>
<String CONTENT="by" HEIGHT="68" WIDTH="77" VPOS="1185" HPOS="1157"/>
<SP HEIGHT="68" WIDTH="39" VPOS="1185" HPOS="1235"/>
<String CONTENT="Lucy" HEIGHT="68" WIDTH="161" VPOS="1185" HPOS="1275"/>
<SP HEIGHT="69" WIDTH="40" VPOS="1184" HPOS="1437"/>
<String CONTENT="L." HEIGHT="53" WIDTH="65" VPOS="1184" HPOS="1478"/>
<SP HEIGHT="55" WIDTH="41" VPOS="1184" HPOS="1544"/>
<String CONTENT="W." HEIGHT="55" WIDTH="92" VPOS="1184" HPOS="1586"/>
<SP HEIGHT="55" WIDTH="43" VPOS="1183" HPOS="1679"/>
<String CONTENT="Wilson" HEIGHT="55" WIDTH="225" VPOS="1183" HPOS="1723"/>
<SP HEIGHT="34" WIDTH="47" VPOS="1202" HPOS="1949"/>
<String CS="1" CONTENT="&#8230;"/>
<SP HEIGHT="52" WIDTH="83" VPOS="1184" HPOS="2053"/>
<String CONTENT="Rev." HEIGHT="53" WIDTH="139" VPOS="1184" HPOS="2137"/>
<SP HEIGHT="35" WIDTH="45" VPOS="1202" HPOS="2277"/>
<String CONTENT="ed." HEIGHT="53" WIDTH="85" VPOS="1184" HPOS="2323"/>
</TextLine>
<TextLine HEIGHT="69" WIDTH="1391" VPOS="1261" HPOS="402" STYLEREFS="StyleId-97CD5573-85AA-499D-AA8B-4CEA7DD9B873-">
<String CONTENT="New" HEIGHT="53" WIDTH="140" VPOS="1261" HPOS="402"/>
<SP HEIGHT="51" WIDTH="31" VPOS="1262" HPOS="543"/>
<String CONTENT="York," HEIGHT="67" WIDTH="179" VPOS="1261" HPOS="575"/>
<SP HEIGHT="65" WIDTH="30" VPOS="1263" HPOS="755"/>
<String CONTENT="The" HEIGHT="53" WIDTH="121" VPOS="1262" HPOS="786"/>
<SP HEIGHT="53" WIDTH="29" VPOS="1262" HPOS="908"/>
<String CONTENT="Macmillan" HEIGHT="54" WIDTH="337" VPOS="1261" HPOS="938"/>
<SP HEIGHT="35" WIDTH="31" VPOS="1280" HPOS="1276"/>
<String CONTENT="company," HEIGHT="50" WIDTH="300" VPOS="1280" HPOS="1308"/>
<SP HEIGHT="65" WIDTH="31" VPOS="1265" HPOS="1609"/>
<String CONTENT="1929." HEIGHT="51" WIDTH="152" VPOS="1264" HPOS="1641"/>
</TextLine>
<TextLine HEIGHT="50" WIDTH="985" VPOS="1342" HPOS="474" CS="1">
<String CONTENT="xii," HEIGHT="47" WIDTH="85" VPOS="1343" HPOS="474"/>
<SP HEIGHT="46" WIDTH="27" VPOS="1344" HPOS="560"/>
<String CONTENT="417" HEIGHT="40" WIDTH="87" VPOS="1343" HPOS="588"/>
<SP HEIGHT="48" WIDTH="30" VPOS="1344" HPOS="676"/>
<String CONTENT="p." HEIGHT="38" WIDTH="41" VPOS="1354" HPOS="707"/>
<SP HEIGHT="30" WIDTH="60" VPOS="1354" HPOS="749"/>
<String CONTENT="col." HEIGHT="39" WIDTH="86" VPOS="1345" HPOS="810"/>
<SP HEIGHT="40" WIDTH="28" VPOS="1343" HPOS="897"/>
<String CONTENT="front.," HEIGHT="49" WIDTH="166" VPOS="1343" HPOS="926"/>
<SP HEIGHT="48" WIDTH="28" VPOS="1344" HPOS="1093"/>
<String CONTENT="illus." HEIGHT="41" WIDTH="131" VPOS="1344" HPOS="1122"/>
<SP HEIGHT="43" WIDTH="56" VPOS="1342" HPOS="1254"/>
<String CS="1" CONTENT="20&#189;&#7580;&#7504;." HEIGHT="42" WIDTH="148" VPOS="1342" HPOS="1311"/>
</TextLine>
<TextLine HEIGHT="110" WIDTH="1769" VPOS="1409" HPOS="410" CS="1">
<String CONTENT="&#169;" HEIGHT="53" WIDTH="53" VPOS="1409" HPOS="410"/>
<SP HEIGHT="53" WIDTH="30" VPOS="1409" HPOS="464"/>
<String CONTENT="Dec." HEIGHT="40" WIDTH="113" VPOS="1415" HPOS="495"/>
<SP HEIGHT="40" WIDTH="27" VPOS="1415" HPOS="609"/>
<String CONTENT="24," HEIGHT="47" WIDTH="70" VPOS="1415" HPOS="637"/>
<SP HEIGHT="46" WIDTH="31" VPOS="1416" HPOS="708"/>
<String CS="1" CONTENT="1929;" HEIGHT="40" WIDTH="114" VPOS="1415" HPOS="740"/>
<SP HEIGHT="41" WIDTH="31" VPOS="1415" HPOS="882"/>
<String CONTENT="2c." HEIGHT="41" WIDTH="67" VPOS="1415" HPOS="914"/>
<SP HEIGHT="30" WIDTH="30" VPOS="1426" HPOS="982"/>
<String CONTENT="and" HEIGHT="39" WIDTH="97" VPOS="1416" HPOS="1013"/>
<SP HEIGHT="39" WIDTH="30" VPOS="1416" HPOS="1111"/>
<String CONTENT="aff." HEIGHT="42" WIDTH="82" VPOS="1414" HPOS="1142"/>
<SP HEIGHT="41" WIDTH="31" VPOS="1415" HPOS="1225"/>
<String CONTENT="Dec." HEIGHT="40" WIDTH="113" VPOS="1415" HPOS="1257"/>
<SP HEIGHT="40" WIDTH="29" VPOS="1415" HPOS="1371"/>
<String CONTENT="26;" HEIGHT="48" WIDTH="83" VPOS="1414" HPOS="1401"/>
<SP HEIGHT="47" WIDTH="32" VPOS="1415" HPOS="1485"/>
<!-- cceid A8C58553-6CFA-1014-9C3C-CEA95E7AA542 --><String CONTENT="A" HEIGHT="39" WIDTH="41" VPOS="1415" HPOS="1518"/>
<SP HEIGHT="40" WIDTH="30" VPOS="1414" HPOS="1560"/>
<String CONTENT="16760;" HEIGHT="48" WIDTH="171" VPOS="1413" HPOS="1591"/>
<SP HEIGHT="46" WIDTH="33" VPOS="1415" HPOS="1763"/>
<String CONTENT="Macmillan" HEIGHT="40" WIDTH="285" VPOS="1414" HPOS="1797"/>
<SP HEIGHT="30" WIDTH="28" VPOS="1424" HPOS="2083"/>
<String LANG="ru" CONTENT="&#1089;&#1086;." HEIGHT="31" WIDTH="67" VPOS="1424" HPOS="2112"/>
<SP/>
<String CONTENT="(30-290)" HEIGHT="49" WIDTH="222" VPOS="1470" HPOS="485"/>
</TextLine>
<TextLine HEIGHT="65" WIDTH="936" VPOS="1580" HPOS="403" STYLEREFS="StyleId-9ADDAC34-0631-47B9-8B14-5BB4EA37CD00-">
<String CONTENT="Winter," HEIGHT="65" WIDTH="247" VPOS="1580" HPOS="403"/>
<SP HEIGHT="64" WIDTH="28" VPOS="1581" HPOS="651"/>
<String CONTENT="Frank" HEIGHT="53" WIDTH="200" VPOS="1580" HPOS="680"/>
<SP HEIGHT="53" WIDTH="26" VPOS="1580" HPOS="881"/>
<String CONTENT="Henry," HEIGHT="64" WIDTH="227" VPOS="1581" HPOS="908"/>
<SP HEIGHT="58" WIDTH="31" VPOS="1587" HPOS="1136"/>
<String CONTENT="1866-" HEIGHT="50" WIDTH="171" VPOS="1585" HPOS="1168"/>
</TextLine>
<TextLine HEIGHT="71" WIDTH="1936" VPOS="1670" HPOS="475" STYLEREFS="StyleId-97CD5573-85AA-499D-AA8B-4CEA7DD9B873-" CS="1">
<String CONTENT="Educating" HEIGHT="69" WIDTH="330" VPOS="1672" HPOS="475"/>
<SP HEIGHT="71" WIDTH="38" VPOS="1670" HPOS="806"/>
<String CONTENT="for" HEIGHT="53" WIDTH="93" VPOS="1670" HPOS="845"/>
<SP HEIGHT="48" WIDTH="37" VPOS="1676" HPOS="939"/>
<String CONTENT="two" HEIGHT="48" WIDTH="115" VPOS="1676" HPOS="977"/>
<SP HEIGHT="34" WIDTH="38" VPOS="1690" HPOS="1093"/>
<String CONTENT="worlds," HEIGHT="67" WIDTH="228" VPOS="1671" HPOS="1132"/>
<SP HEIGHT="66" WIDTH="36" VPOS="1672" HPOS="1361"/>
<String CONTENT="by" HEIGHT="67" WIDTH="76" VPOS="1672" HPOS="1398"/>
<SP HEIGHT="67" WIDTH="36" VPOS="1672" HPOS="1475"/>
<String CONTENT="Frank" HEIGHT="51" WIDTH="200" VPOS="1672" HPOS="1512"/>
<SP HEIGHT="52" WIDTH="37" VPOS="1671" HPOS="1713"/>
<String CONTENT="H." HEIGHT="52" WIDTH="77" VPOS="1671" HPOS="1751"/>
<SP HEIGHT="54" WIDTH="39" VPOS="1671" HPOS="1829"/>
<String CONTENT="Winter" HEIGHT="54" WIDTH="229" VPOS="1671" HPOS="1869"/>
<SP HEIGHT="32" WIDTH="43" VPOS="1691" HPOS="2099"/>
<String CS="1" CONTENT="&#8230;"/>
<SP HEIGHT="56" WIDTH="81" VPOS="1670" HPOS="2199"/>
<String CONTENT="Oak" HEIGHT="56" WIDTH="130" VPOS="1670" HPOS="2281"/>
</TextLine>
<TextLine HEIGHT="70" WIDTH="1934" VPOS="1748" HPOS="404" STYLEREFS="StyleId-97CD5573-85AA-499D-AA8B-4CEA7DD9B873-" CS="1">
<String CONTENT="Park," HEIGHT="68" WIDTH="174" VPOS="1750" HPOS="404"/>
<SP HEIGHT="68" WIDTH="27" VPOS="1750" HPOS="579"/>
<String CONTENT="Ill.," HEIGHT="67" WIDTH="113" VPOS="1750" HPOS="607"/>
<SP HEIGHT="66" WIDTH="27" VPOS="1751" HPOS="721"/>
<String CONTENT="Printed" HEIGHT="52" WIDTH="244" VPOS="1750" HPOS="749"/>
<SP HEIGHT="54" WIDTH="29" VPOS="1748" HPOS="994"/>
<String CONTENT="for" HEIGHT="54" WIDTH="94" VPOS="1748" HPOS="1024"/>
<SP HEIGHT="46" WIDTH="28" VPOS="1755" HPOS="1119"/>
<String CONTENT="the" HEIGHT="52" WIDTH="95" VPOS="1750" HPOS="1148"/>
<SP HEIGHT="34" WIDTH="30" VPOS="1768" HPOS="1244"/>
<String CONTENT="author" HEIGHT="52" WIDTH="208" VPOS="1750" HPOS="1275"/>
<SP HEIGHT="52" WIDTH="25" VPOS="1750" HPOS="1484"/>
<String CONTENT="by" HEIGHT="68" WIDTH="75" VPOS="1750" HPOS="1510"/>
<SP HEIGHT="64" WIDTH="29" VPOS="1754" HPOS="1586"/>
<String CONTENT="the" HEIGHT="52" WIDTH="97" VPOS="1750" HPOS="1616"/>
<SP HEIGHT="52" WIDTH="29" VPOS="1750" HPOS="1714"/>
<String CONTENT="Regal" HEIGHT="69" WIDTH="181" VPOS="1749" HPOS="1744"/>
<SP HEIGHT="68" WIDTH="30" VPOS="1749" HPOS="1926"/>
<String CONTENT="press," HEIGHT="50" WIDTH="175" VPOS="1767" HPOS="1957"/>
<SP HEIGHT="61" WIDTH="29" VPOS="1755" HPOS="2133"/>
<String CS="1" CONTENT="&#7580;1929." HEIGHT="50" WIDTH="150" VPOS="1751" HPOS="2188"/>
</TextLine>
<TextLine HEIGHT="51" WIDTH="683" VPOS="1830" HPOS="475" STYLEREFS="StyleId-97CD5573-85AA-499D-AA8B-4CEA7DD9B873-" CS="1">
<String CONTENT="211," HEIGHT="49" WIDTH="97" VPOS="1831" HPOS="475"/>
<SP HEIGHT="30" WIDTH="34" VPOS="1851" HPOS="573"/>
<String CONTENT="[1]" HEIGHT="48" WIDTH="54" VPOS="1833" HPOS="608"/>
<SP HEIGHT="38" WIDTH="29" VPOS="1843" HPOS="663"/>
<String CONTENT="p." HEIGHT="37" WIDTH="43" VPOS="1843" HPOS="693"/>
<SP HEIGHT="41" WIDTH="58" VPOS="1831" HPOS="737"/>
<String CONTENT="diagr." HEIGHT="49" WIDTH="154" VPOS="1830" HPOS="796"/>
<SP HEIGHT="41" WIDTH="60" VPOS="1831" HPOS="951"/>
<String CS="1" CONTENT="22&#189;&#7580;&#7504;." HEIGHT="42" WIDTH="146" VPOS="1830" HPOS="1012"/>
</TextLine>
<TextLine HEIGHT="52" WIDTH="1982" VPOS="1900" HPOS="411" CS="1">
<String CONTENT="&#169;" HEIGHT="52" WIDTH="52" VPOS="1900" HPOS="411"/>
<SP HEIGHT="52" WIDTH="27" VPOS="1900" HPOS="464"/>
<String CONTENT="Nov." HEIGHT="40" WIDTH="119" VPOS="1904" HPOS="492"/>
<SP HEIGHT="40" WIDTH="24" VPOS="1904" HPOS="612"/>
<String CONTENT="26," HEIGHT="46" WIDTH="70" VPOS="1904" HPOS="637"/>
<SP HEIGHT="46" WIDTH="27" VPOS="1904" HPOS="708"/>
<String CS="1" CONTENT="1929;" HEIGHT="41" WIDTH="117" VPOS="1902" HPOS="736"/>
<SP HEIGHT="47" WIDTH="29" VPOS="1903" HPOS="878"/>
<String CONTENT="2c." HEIGHT="41" WIDTH="67" VPOS="1903" HPOS="908"/>
<SP HEIGHT="30" WIDTH="28" VPOS="1914" HPOS="976"/>
<String CONTENT="and" HEIGHT="39" WIDTH="95" VPOS="1904" HPOS="1005"/>
<SP HEIGHT="39" WIDTH="28" VPOS="1904" HPOS="1101"/>
<String CONTENT="aff." HEIGHT="40" WIDTH="81" VPOS="1902" HPOS="1130"/>
<SP HEIGHT="39" WIDTH="28" VPOS="1903" HPOS="1212"/>
<String CONTENT="Nov." HEIGHT="40" WIDTH="118" VPOS="1903" HPOS="1241"/>
<SP HEIGHT="40" WIDTH="27" VPOS="1903" HPOS="1360"/>
<String CS="1" CONTENT="29;" HEIGHT="40" WIDTH="56" VPOS="1902" HPOS="1388"/>
<SP HEIGHT="46" WIDTH="29" VPOS="1903" HPOS="1472"/>
<!-- cceid A8C591D0-6CFA-1014-9C3C-CEA95E7AA542 --><String CONTENT="A" HEIGHT="38" WIDTH="41" VPOS="1903" HPOS="1502"/>
<SP HEIGHT="38" WIDTH="27" VPOS="1903" HPOS="1544"/>
<String CS="1" CONTENT="10143;" HEIGHT="41" WIDTH="144" VPOS="1902" HPOS="1572"/>
<SP HEIGHT="47" WIDTH="30" VPOS="1902" HPOS="1745"/>
<String LANG="fr" CONTENT="F." HEIGHT="40" WIDTH="51" VPOS="1902" HPOS="1776"/>
<SP HEIGHT="40" WIDTH="30" VPOS="1902" HPOS="1828"/>
<String CONTENT="H." HEIGHT="40" WIDTH="60" VPOS="1902" HPOS="1859"/>
<SP HEIGHT="40" WIDTH="27" VPOS="1902" HPOS="1920"/>
<String CONTENT="Whiter," HEIGHT="49" WIDTH="203" VPOS="1901" HPOS="1948"/>
<SP HEIGHT="49" WIDTH="30" VPOS="1901" HPOS="2152"/>
<String CONTENT="Chicago" HEIGHT="49" WIDTH="210" VPOS="1900" HPOS="2183"/>
</TextLine>
<TextLine HEIGHT="48" WIDTH="280" VPOS="1960" HPOS="489">
<String CONTENT="(29-29385)" HEIGHT="48" WIDTH="280" VPOS="1960" HPOS="489"/>
</TextLine>
<TextLine HEIGHT="67" WIDTH="1524" VPOS="2066" HPOS="399" STYLEREFS="StyleId-9ADDAC34-0631-47B9-8B14-5BB4EA37CD00-">
<String CONTENT="Woodbridge," HEIGHT="66" WIDTH="410" VPOS="2067" HPOS="399"/>
<SP HEIGHT="65" WIDTH="36" VPOS="2068" HPOS="810"/>
<String CONTENT="Frederick" HEIGHT="54" WIDTH="317" VPOS="2066" HPOS="847"/>
<SP HEIGHT="54" WIDTH="34" VPOS="2067" HPOS="1165"/>
<String CONTENT="James" HEIGHT="53" WIDTH="204" VPOS="2068" HPOS="1200"/>
<SP HEIGHT="52" WIDTH="34" VPOS="2068" HPOS="1405"/>
<String CONTENT="Edward," HEIGHT="64" WIDTH="276" VPOS="2067" HPOS="1440"/>
<SP HEIGHT="59" WIDTH="34" VPOS="2072" HPOS="1717"/>
<String CONTENT="1867-" HEIGHT="55" WIDTH="171" VPOS="2067" HPOS="1752"/>
</TextLine>
<TextLine HEIGHT="70" WIDTH="1932" VPOS="2157" HPOS="475" STYLEREFS="StyleId-97CD5573-85AA-499D-AA8B-4CEA7DD9B873-">
<String CONTENT="The" HEIGHT="52" WIDTH="120" VPOS="2160" HPOS="475"/>
<SP HEIGHT="33" WIDTH="37" VPOS="2179" HPOS="596"/>
<String CONTENT="son" HEIGHT="34" WIDTH="101" VPOS="2178" HPOS="634"/>
<SP HEIGHT="33" WIDTH="41" VPOS="2178" HPOS="736"/>
<String CONTENT="of" HEIGHT="53" WIDTH="66" VPOS="2158" HPOS="778"/>
<SP HEIGHT="52" WIDTH="36" VPOS="2158" HPOS="845"/>
<String CONTENT="Apollo;" HEIGHT="69" WIDTH="244" VPOS="2158" HPOS="882"/>
<SP HEIGHT="62" WIDTH="44" VPOS="2164" HPOS="1127"/>
<String CONTENT="themes" HEIGHT="53" WIDTH="214" VPOS="2158" HPOS="1172"/>
<SP HEIGHT="35" WIDTH="39" VPOS="2176" HPOS="1387"/>
<String CONTENT="of" HEIGHT="54" WIDTH="65" VPOS="2157" HPOS="1427"/>
<SP HEIGHT="54" WIDTH="39" VPOS="2157" HPOS="1493"/>
<String CONTENT="Plato," HEIGHT="65" WIDTH="190" VPOS="2159" HPOS="1533"/>
<SP HEIGHT="65" WIDTH="41" VPOS="2159" HPOS="1724"/>
<String CONTENT="by" HEIGHT="68" WIDTH="75" VPOS="2159" HPOS="1766"/>
<SP HEIGHT="69" WIDTH="42" VPOS="2158" HPOS="1842"/>
<String CONTENT="Frederick" HEIGHT="54" WIDTH="311" VPOS="2157" HPOS="1885"/>
<SP HEIGHT="54" WIDTH="40" VPOS="2158" HPOS="2197"/>
<String LANG="fr" CONTENT="J." HEIGHT="54" WIDTH="54" VPOS="2158" HPOS="2238"/>
<SP HEIGHT="51" WIDTH="47" VPOS="2159" HPOS="2293"/>
<String CONTENT="E." HEIGHT="52" WIDTH="66" VPOS="2159" HPOS="2341"/>
</TextLine>
<TextLine HEIGHT="148" WIDTH="1984" VPOS="2235" HPOS="401" STYLEREFS="StyleId-97CD5573-85AA-499D-AA8B-4CEA7DD9B873-" CS="1">
<String CONTENT="Woodbridge." HEIGHT="69" WIDTH="408" VPOS="2236" HPOS="401"/>
<SP HEIGHT="50" WIDTH="68" VPOS="2238" HPOS="810"/>
<String CONTENT="Boston" HEIGHT="51" WIDTH="218" VPOS="2238" HPOS="879"/>
<SP HEIGHT="34" WIDTH="32" VPOS="2254" HPOS="1098"/>
<String CONTENT="and" HEIGHT="53" WIDTH="113" VPOS="2236" HPOS="1131"/>
<SP HEIGHT="53" WIDTH="33" VPOS="2236" HPOS="1245"/>
<String CONTENT="New" HEIGHT="52" WIDTH="138" VPOS="2236" HPOS="1279"/>
<SP HEIGHT="52" WIDTH="34" VPOS="2236" HPOS="1418"/>
<String CONTENT="York," HEIGHT="67" WIDTH="181" VPOS="2236" HPOS="1453"/>
<SP HEIGHT="67" WIDTH="31" VPOS="2236" HPOS="1635"/>
<String CONTENT="Houghton" HEIGHT="68" WIDTH="321" VPOS="2236" HPOS="1667"/>
<SP HEIGHT="51" WIDTH="33" VPOS="2236" HPOS="1989"/>
<String CONTENT="Mifflin" HEIGHT="53" WIDTH="204" VPOS="2235" HPOS="2023"/>
<SP HEIGHT="34" WIDTH="33" VPOS="2254" HPOS="2228"/>
<String CONTENT="company," HEIGHT="129" WIDTH="1983" VPOS="2254" HPOS="402"/>
<SP HEIGHT="64" WIDTH="30" VPOS="2318" HPOS="575"/>
<String CONTENT="1929." HEIGHT="50" WIDTH="151" VPOS="2317" HPOS="606"/>
</TextLine>
<TextLine HEIGHT="49" WIDTH="640" VPOS="2396" HPOS="478" CS="1">
<String LANG="en-US" CONTENT="ix" HEIGHT="39" WIDTH="50" VPOS="2398" HPOS="478"/>
<SP HEIGHT="37" WIDTH="29" VPOS="2408" HPOS="529"/>
<String LANG="fr" CONTENT="p.," HEIGHT="37" WIDTH="57" VPOS="2408" HPOS="559"/>
<SP HEIGHT="47" WIDTH="31" VPOS="2398" HPOS="617"/>
<String LANG="en-US" CONTENT="1" HEIGHT="38" WIDTH="24" VPOS="2398" HPOS="649"/>
<SP/>
<String LANG="en-US" CS="1" CONTENT="l.,"/>
<SP/>
<String LANG="en-US" CONTENT="272" HEIGHT="40" WIDTH="89" VPOS="2397" HPOS="780"/>
<SP HEIGHT="48" WIDTH="26" VPOS="2397" HPOS="870"/>
<String LANG="en-US" CONTENT="p." HEIGHT="37" WIDTH="44" VPOS="2408" HPOS="897"/>
<SP HEIGHT="41" WIDTH="58" VPOS="2396" HPOS="942"/>
<String LANG="ru" CONTENT="23" HEIGHT="41" WIDTH="56" VPOS="2396" HPOS="1001"/>
<String LANG="en-US" CS="1" CONTENT="&#7580;&#7504;"/>
<String LANG="ru" CONTENT="." HEIGHT="9" WIDTH="9" VPOS="2429" HPOS="1109"/>
</TextLine>
<TextLine HEIGHT="49" WIDTH="602" VPOS="2466" HPOS="478">
<String CONTENT="Head" HEIGHT="40" WIDTH="140" VPOS="2467" HPOS="478"/>
<SP HEIGHT="40" WIDTH="32" VPOS="2467" HPOS="619"/>
<String CONTENT="and" HEIGHT="39" WIDTH="97" VPOS="2468" HPOS="652"/>
<SP HEIGHT="39" WIDTH="33" VPOS="2468" HPOS="750"/>
<String CONTENT="tail" HEIGHT="41" WIDTH="91" VPOS="2466" HPOS="784"/>
<SP HEIGHT="48" WIDTH="30" VPOS="2467" HPOS="876"/>
<String CONTENT="pieces." HEIGHT="49" WIDTH="173" VPOS="2466" HPOS="907"/>
</TextLine>
<TextLine HEIGHT="53" WIDTH="1994" VPOS="2532" HPOS="412" CS="1">
<String CONTENT="&#169;" HEIGHT="53" WIDTH="51" VPOS="2532" HPOS="412"/>
<SP HEIGHT="53" WIDTH="27" VPOS="2532" HPOS="464"/>
<String CONTENT="Nov." HEIGHT="39" WIDTH="115" VPOS="2538" HPOS="492"/>
<SP HEIGHT="40" WIDTH="31" VPOS="2537" HPOS="608"/>
<String CONTENT="1," HEIGHT="48" WIDTH="39" VPOS="2537" HPOS="640"/>
<SP HEIGHT="47" WIDTH="27" VPOS="2538" HPOS="680"/>
<String CONTENT="1929;" HEIGHT="47" WIDTH="140" VPOS="2536" HPOS="708"/>
<SP HEIGHT="46" WIDTH="30" VPOS="2537" HPOS="849"/>
<String CONTENT="2c." HEIGHT="40" WIDTH="65" VPOS="2537" HPOS="880"/>
<SP HEIGHT="39" WIDTH="31" VPOS="2537" HPOS="946"/>
<String CONTENT="Nov." HEIGHT="40" WIDTH="119" VPOS="2537" HPOS="978"/>
<SP HEIGHT="40" WIDTH="25" VPOS="2537" HPOS="1098"/>
<String CONTENT="4;" HEIGHT="45" WIDTH="54" VPOS="2537" HPOS="1124"/>
<SP HEIGHT="35" WIDTH="30" VPOS="2547" HPOS="1179"/>
<String CONTENT="aff." HEIGHT="41" WIDTH="81" VPOS="2535" HPOS="1210"/>
<SP HEIGHT="39" WIDTH="29" VPOS="2537" HPOS="1292"/>
<String CONTENT="Nov." HEIGHT="40" WIDTH="118" VPOS="2537" HPOS="1322"/>
<SP HEIGHT="41" WIDTH="26" VPOS="2536" HPOS="1441"/>
<String CS="1" CONTENT="2;" HEIGHT="39" WIDTH="26" VPOS="2536" HPOS="1468"/>
<SP HEIGHT="47" WIDTH="31" VPOS="2536" HPOS="1522"/>
<!-- cceid A8C5A17C-6CFA-1014-9C3C-CEA95E7AA542 --><String CONTENT="A" HEIGHT="39" WIDTH="43" VPOS="2536" HPOS="1554"/>
<SP HEIGHT="39" WIDTH="25" VPOS="2536" HPOS="1598"/>
<String CONTENT="15498;" HEIGHT="47" WIDTH="171" VPOS="2535" HPOS="1624"/>
<SP HEIGHT="46" WIDTH="32" VPOS="2536" HPOS="1796"/>
<String LANG="fr" CONTENT="F." HEIGHT="40" WIDTH="51" VPOS="2536" HPOS="1829"/>
<SP HEIGHT="40" WIDTH="29" VPOS="2536" HPOS="1881"/>
<String LANG="fr" CONTENT="J." HEIGHT="40" WIDTH="44" VPOS="2536" HPOS="1911"/>
<SP HEIGHT="39" WIDTH="30" VPOS="2537" HPOS="1956"/>
<String CONTENT="E." HEIGHT="41" WIDTH="50" VPOS="2537" HPOS="1987"/>
<SP HEIGHT="42" WIDTH="31" VPOS="2536" HPOS="2038"/>
<String CONTENT="Woodbridge," HEIGHT="49" WIDTH="336" VPOS="2534" HPOS="2070"/>
</TextLine>
<TextLine HEIGHT="49" WIDTH="639" VPOS="2592" HPOS="478">
<String CONTENT="New" HEIGHT="40" WIDTH="118" VPOS="2594" HPOS="478"/>
<SP HEIGHT="39" WIDTH="25" VPOS="2594" HPOS="597"/>
<String CONTENT="York." HEIGHT="39" WIDTH="145" VPOS="2594" HPOS="623"/>
<SP HEIGHT="49" WIDTH="65" VPOS="2592" HPOS="769"/>
<String CONTENT="(29-24480)" HEIGHT="49" WIDTH="282" VPOS="2592" HPOS="835"/>
</TextLine>
<TextLine HEIGHT="66" WIDTH="1085" VPOS="2700" HPOS="402" STYLEREFS="StyleId-9ADDAC34-0631-47B9-8B14-5BB4EA37CD00-">
<String CONTENT="Woodbury," HEIGHT="64" WIDTH="357" VPOS="2702" HPOS="402"/>
<SP HEIGHT="64" WIDTH="28" VPOS="2702" HPOS="760"/>
<String CONTENT="Charles" HEIGHT="57" WIDTH="247" VPOS="2700" HPOS="789"/>
<SP HEIGHT="53" WIDTH="26" VPOS="2702" HPOS="1037"/>
<String CONTENT="Elmer," HEIGHT="66" WIDTH="218" VPOS="2700" HPOS="1064"/>
<SP HEIGHT="58" WIDTH="31" VPOS="2708" HPOS="1283"/>
<String CONTENT="1866-" HEIGHT="51" WIDTH="172" VPOS="2706" HPOS="1315"/>
</TextLine>
<TextLine HEIGHT="71" WIDTH="1936" VPOS="2792" HPOS="474" STYLEREFS="StyleId-97CD5573-85AA-499D-AA8B-4CEA7DD9B873-">
<String CONTENT="The" HEIGHT="52" WIDTH="121" VPOS="2794" HPOS="474"/>
<SP HEIGHT="33" WIDTH="30" VPOS="2813" HPOS="596"/>
<String CONTENT="making" HEIGHT="70" WIDTH="238" VPOS="2793" HPOS="627"/>
<SP HEIGHT="51" WIDTH="33" VPOS="2812" HPOS="866"/>
<String CONTENT="and" HEIGHT="53" WIDTH="114" VPOS="2794" HPOS="900"/>
<SP HEIGHT="53" WIDTH="32" VPOS="2794" HPOS="1015"/>
<String CONTENT="filling" HEIGHT="69" WIDTH="189" VPOS="2794" HPOS="1048"/>
<SP HEIGHT="50" WIDTH="33" VPOS="2813" HPOS="1238"/>
<String CONTENT="of" HEIGHT="53" WIDTH="64" VPOS="2793" HPOS="1272"/>
<SP HEIGHT="53" WIDTH="31" VPOS="2793" HPOS="1337"/>
<String CONTENT="cavities" HEIGHT="54" WIDTH="235" VPOS="2793" HPOS="1369"/>
<SP HEIGHT="53" WIDTH="33" VPOS="2793" HPOS="1605"/>
<String CONTENT="in" HEIGHT="53" WIDTH="61" VPOS="2793" HPOS="1639"/>
<SP HEIGHT="48" WIDTH="30" VPOS="2798" HPOS="1701"/>
<String CONTENT="the" HEIGHT="52" WIDTH="97" VPOS="2794" HPOS="1732"/>
<SP HEIGHT="50" WIDTH="31" VPOS="2812" HPOS="1830"/>
<String CONTENT="proximal" HEIGHT="69" WIDTH="285" VPOS="2793" HPOS="1862"/>
<SP HEIGHT="53" WIDTH="32" VPOS="2793" HPOS="2148"/>
<String CONTENT="surface" HEIGHT="54" WIDTH="229" VPOS="2792" HPOS="2181"/>
</TextLine>
<TextLine HEIGHT="70" WIDTH="1943" VPOS="2870" HPOS="404" STYLEREFS="StyleId-97CD5573-85AA-499D-AA8B-4CEA7DD9B873-" CS="1">
<String CONTENT="of" HEIGHT="52" WIDTH="65" VPOS="2871" HPOS="404"/>
<SP HEIGHT="52" WIDTH="28" VPOS="2871" HPOS="470"/>
<String CONTENT="the" HEIGHT="51" WIDTH="96" VPOS="2872" HPOS="499"/>
<SP HEIGHT="52" WIDTH="29" VPOS="2870" HPOS="596"/>
<String CONTENT="front" HEIGHT="53" WIDTH="161" VPOS="2870" HPOS="626"/>
<SP HEIGHT="48" WIDTH="27" VPOS="2875" HPOS="788"/>
<String CONTENT="teeth" HEIGHT="51" WIDTH="154" VPOS="2872" HPOS="816"/>
<SP HEIGHT="51" WIDTH="30" VPOS="2872" HPOS="971"/>
<String CONTENT="with" HEIGHT="52" WIDTH="141" VPOS="2871" HPOS="1002"/>
<SP HEIGHT="67" WIDTH="29" VPOS="2872" HPOS="1144"/>
<String CONTENT="gold" HEIGHT="68" WIDTH="134" VPOS="2871" HPOS="1174"/>
<SP HEIGHT="54" WIDTH="34" VPOS="2870" HPOS="1309"/>
<String CONTENT="foil," HEIGHT="69" WIDTH="125" VPOS="2870" HPOS="1344"/>
<SP HEIGHT="68" WIDTH="28" VPOS="2871" HPOS="1470"/>
<String CONTENT="by" HEIGHT="69" WIDTH="76" VPOS="2871" HPOS="1499"/>
<SP HEIGHT="69" WIDTH="30" VPOS="2871" HPOS="1576"/>
<String CONTENT="Charles" HEIGHT="55" WIDTH="238" VPOS="2871" HPOS="1607"/>
<SP HEIGHT="52" WIDTH="29" VPOS="2872" HPOS="1846"/>
<String CONTENT="E." HEIGHT="52" WIDTH="66" VPOS="2872" HPOS="1876"/>
<SP HEIGHT="54" WIDTH="31" VPOS="2872" HPOS="1943"/>
<String CONTENT="Woodbury" HEIGHT="70" WIDTH="335" VPOS="2870" HPOS="1975"/>
<SP HEIGHT="51" WIDTH="36" VPOS="2889" HPOS="2311"/>
<String CS="1" CONTENT="&#8230;"/>
</TextLine>
<TextLine HEIGHT="70" WIDTH="1293" VPOS="2947" HPOS="408" STYLEREFS="StyleId-97CD5573-85AA-499D-AA8B-4CEA7DD9B873-">
<String CONTENT="[Omaha," HEIGHT="70" WIDTH="260" VPOS="2947" HPOS="408"/>
<SP HEIGHT="66" WIDTH="25" VPOS="2951" HPOS="669"/>
<String CONTENT="The" HEIGHT="53" WIDTH="122" VPOS="2948" HPOS="695"/>
<SP HEIGHT="51" WIDTH="24" VPOS="2950" HPOS="818"/>
<String CONTENT="Douglas" HEIGHT="68" WIDTH="260" VPOS="2949" HPOS="843"/>
<SP HEIGHT="49" WIDTH="26" VPOS="2968" HPOS="1104"/>
<String CONTENT="printing" HEIGHT="69" WIDTH="264" VPOS="2948" HPOS="1131"/>
<SP HEIGHT="50" WIDTH="24" VPOS="2967" HPOS="1396"/>
<String LANG="ru" CONTENT="&#1089;&#1086;.," HEIGHT="49" WIDTH="98" VPOS="2967" HPOS="1421"/>
<SP HEIGHT="62" WIDTH="27" VPOS="2954" HPOS="1520"/>
<String CONTENT="1929]" HEIGHT="64" WIDTH="153" VPOS="2952" HPOS="1548"/>
</TextLine>
<TextLine HEIGHT="50" WIDTH="1242" VPOS="3028" HPOS="473" CS="1">
<String LANG="en-US" CONTENT="2" HEIGHT="39" WIDTH="28" VPOS="3031" HPOS="473"/>
<SP HEIGHT="47" WIDTH="22" VPOS="3031" HPOS="502"/>
<String LANG="fr" CONTENT="p." HEIGHT="38" WIDTH="43" VPOS="3040" HPOS="525"/>
<SP/>
<String LANG="fr" CS="1" CONTENT="l.,"/>
<SP/>
<String LANG="en-US" CONTENT="7-118" HEIGHT="41" WIDTH="145" VPOS="3030" HPOS="665"/>
<SP HEIGHT="47" WIDTH="23" VPOS="3030" HPOS="811"/>
<String LANG="fr" CONTENT="p.," HEIGHT="37" WIDTH="57" VPOS="3040" HPOS="835"/>
<SP HEIGHT="47" WIDTH="24" VPOS="3030" HPOS="893"/>
<String LANG="en-US" CONTENT="1" HEIGHT="38" WIDTH="25" VPOS="3030" HPOS="918"/>
<SP HEIGHT="38" WIDTH="24" VPOS="3030" HPOS="944"/>
<String LANG="en-US" CONTENT="1." HEIGHT="40" WIDTH="31" VPOS="3030" HPOS="969"/>
<SP HEIGHT="42" WIDTH="59" VPOS="3028" HPOS="1001"/>
<String LANG="en-US" CONTENT="illus.," HEIGHT="49" WIDTH="142" VPOS="3028" HPOS="1061"/>
<SP HEIGHT="38" WIDTH="27" VPOS="3039" HPOS="1204"/>
<String LANG="en-US" CONTENT="port." HEIGHT="46" WIDTH="124" VPOS="3031" HPOS="1232"/>
<SP HEIGHT="41" WIDTH="58" VPOS="3029" HPOS="1357"/>
<String LANG="en-US" CS="1" CONTENT="20&#189;" HEIGHT="40" WIDTH="57" VPOS="3029" HPOS="1416"/>
<SP HEIGHT="49" WIDTH="15" VPOS="3029" HPOS="1502"/>
<String LANG="en-US" CS="1" CONTENT="&#215;"/>
<SP HEIGHT="40" WIDTH="16" VPOS="3029" HPOS="1551"/>
<String LANG="en-US" CS="1" CONTENT="24&#189;&#7580;&#7504;." HEIGHT="42" WIDTH="147" VPOS="3029" HPOS="1568"/>
</TextLine>
<TextLine HEIGHT="52" WIDTH="1995" VPOS="3097" HPOS="412" CS="1">
<String CONTENT="&#169;" HEIGHT="52" WIDTH="52" VPOS="3097" HPOS="412"/>
<SP HEIGHT="52" WIDTH="32" VPOS="3097" HPOS="465"/>
<String CONTENT="Oct." HEIGHT="41" WIDTH="103" VPOS="3100" HPOS="498"/>
<SP HEIGHT="41" WIDTH="29" VPOS="3100" HPOS="602"/>
<String CONTENT="21," HEIGHT="48" WIDTH="70" VPOS="3100" HPOS="632"/>
<SP HEIGHT="48" WIDTH="31" VPOS="3100" HPOS="703"/>
<String CS="1" CONTENT="1929;" HEIGHT="41" WIDTH="113" VPOS="3098" HPOS="735"/>
<SP HEIGHT="46" WIDTH="34" VPOS="3100" HPOS="876"/>
<String CONTENT="2c." HEIGHT="40" WIDTH="67" VPOS="3100" HPOS="911"/>
<SP HEIGHT="30" WIDTH="31" VPOS="3110" HPOS="979"/>
<String CONTENT="and" HEIGHT="38" WIDTH="96" VPOS="3101" HPOS="1011"/>
<SP HEIGHT="38" WIDTH="31" VPOS="3101" HPOS="1108"/>
<String CONTENT="aff." HEIGHT="41" WIDTH="82" VPOS="3099" HPOS="1140"/>
<SP HEIGHT="42" WIDTH="33" VPOS="3098" HPOS="1223"/>
<String CONTENT="Oct." HEIGHT="43" WIDTH="102" VPOS="3098" HPOS="1257"/>
<SP HEIGHT="41" WIDTH="30" VPOS="3100" HPOS="1360"/>
<String CS="1" CONTENT="24;" HEIGHT="39" WIDTH="56" VPOS="3100" HPOS="1391"/>
<SP HEIGHT="48" WIDTH="35" VPOS="3099" HPOS="1474"/>
<!-- cceid A8C5B31F-6CFA-1014-9C3C-CEA95E7AA542 --><String CONTENT="A" HEIGHT="39" WIDTH="41" VPOS="3099" HPOS="1510"/>
<SP HEIGHT="39" WIDTH="31" VPOS="3099" HPOS="1552"/>
<String CS="1" CONTENT="15274;" HEIGHT="40" WIDTH="144" VPOS="3099" HPOS="1584"/>
<SP HEIGHT="47" WIDTH="35" VPOS="3099" HPOS="1755"/>
<String CONTENT="Charles" HEIGHT="41" WIDTH="203" VPOS="3099" HPOS="1791"/>
<SP HEIGHT="39" WIDTH="32" VPOS="3100" HPOS="1995"/>
<String CONTENT="E." HEIGHT="39" WIDTH="53" VPOS="3100" HPOS="2028"/>
<SP HEIGHT="40" WIDTH="32" VPOS="3099" HPOS="2082"/>
<String CONTENT="Woodbury," HEIGHT="48" WIDTH="292" VPOS="3097" HPOS="2115"/>
</TextLine>
<TextLine HEIGHT="50" WIDTH="852" VPOS="3154" HPOS="480" CS="1">
<String CONTENT="Council" HEIGHT="41" WIDTH="200" VPOS="3156" HPOS="480"/>
<SP HEIGHT="38" WIDTH="28" VPOS="3157" HPOS="681"/>
<String CONTENT="Bluffs," HEIGHT="48" WIDTH="173" VPOS="3156" HPOS="710"/>
<SP HEIGHT="47" WIDTH="29" VPOS="3157" HPOS="884"/>
<String CS="1" CONTENT="Ia." HEIGHT="29" WIDTH="41" VPOS="3166" HPOS="942"/>
<SP HEIGHT="48" WIDTH="67" VPOS="3155" HPOS="984"/>
<String CONTENT="(29-23069)" HEIGHT="49" WIDTH="280" VPOS="3154" HPOS="1052"/>
</TextLine>
<TextLine HEIGHT="67" WIDTH="1299" VPOS="3249" HPOS="402" STYLEREFS="StyleId-9ADDAC34-0631-47B9-8B14-5BB4EA37CD00-">
<String CONTENT="Woodhouse," HEIGHT="65" WIDTH="389" VPOS="3250" HPOS="402"/>
<SP HEIGHT="63" WIDTH="31" VPOS="3252" HPOS="792"/>
<String CONTENT="Mrs." HEIGHT="54" WIDTH="138" VPOS="3252" HPOS="824"/>
<SP HEIGHT="57" WIDTH="37" VPOS="3249" HPOS="963"/>
<String CONTENT="Chase" HEIGHT="56" WIDTH="191" VPOS="3249" HPOS="1001"/>
<SP HEIGHT="64" WIDTH="40" VPOS="3252" HPOS="1193"/>
<String CONTENT="(Going)" HEIGHT="66" WIDTH="252" VPOS="3250" HPOS="1234"/>
<SP HEIGHT="64" WIDTH="41" VPOS="3250" HPOS="1487"/>
<String CONTENT="1890-" HEIGHT="50" WIDTH="172" VPOS="3255" HPOS="1529"/>
</TextLine>
<TextLine HEIGHT="71" WIDTH="1876" VPOS="3340" HPOS="536" STYLEREFS="StyleId-97CD5573-85AA-499D-AA8B-4CEA7DD9B873-" CS="1">
<String CS="1" CONTENT="&#8230;"/>
<SP HEIGHT="56" WIDTH="32" VPOS="3341" HPOS="536"/>
<String CONTENT="Occupations" HEIGHT="69" WIDTH="386" VPOS="3341" HPOS="569"/>
<SP HEIGHT="54" WIDTH="29" VPOS="3341" HPOS="956"/>
<String CONTENT="for" HEIGHT="53" WIDTH="95" VPOS="3341" HPOS="986"/>
<SP HEIGHT="34" WIDTH="24" VPOS="3361" HPOS="1082"/>
<String CONTENT="college" HEIGHT="69" WIDTH="212" VPOS="3342" HPOS="1107"/>
<SP HEIGHT="34" WIDTH="26" VPOS="3361" HPOS="1320"/>
<String CONTENT="women," HEIGHT="48" WIDTH="234" VPOS="3361" HPOS="1347"/>
<SP HEIGHT="48" WIDTH="26" VPOS="3361" HPOS="1582"/>
<String CONTENT="a" HEIGHT="34" WIDTH="31" VPOS="3361" HPOS="1609"/>
<SP HEIGHT="52" WIDTH="27" VPOS="3343" HPOS="1641"/>
<String CONTENT="bibliography," HEIGHT="68" WIDTH="427" VPOS="3342" HPOS="1669"/>
<SP HEIGHT="68" WIDTH="25" VPOS="3341" HPOS="2097"/>
<String CONTENT="by" HEIGHT="69" WIDTH="74" VPOS="3341" HPOS="2123"/>
<SP HEIGHT="70" WIDTH="30" VPOS="3340" HPOS="2198"/>
<String CONTENT="Chase" HEIGHT="55" WIDTH="183" VPOS="3340" HPOS="2229"/>
</TextLine>
<TextLine HEIGHT="147" WIDTH="1984" VPOS="3418" HPOS="403" STYLEREFS="StyleId-97CD5573-85AA-499D-AA8B-4CEA7DD9B873-" CS="1">
<String CONTENT="Going" HEIGHT="70" WIDTH="192" VPOS="3419" HPOS="404"/>
<SP HEIGHT="70" WIDTH="39" VPOS="3419" HPOS="597"/>
<String CONTENT="Woodhouse" HEIGHT="55" WIDTH="364" VPOS="3419" HPOS="637"/>
<SP HEIGHT="34" WIDTH="41" VPOS="3438" HPOS="1002"/>
<String CONTENT="and" HEIGHT="53" WIDTH="114" VPOS="3420" HPOS="1044"/>
<SP HEIGHT="53" WIDTH="41" VPOS="3420" HPOS="1159"/>
<String CONTENT="Ruth" HEIGHT="52" WIDTH="159" VPOS="3420" HPOS="1201"/>
<SP HEIGHT="52" WIDTH="40" VPOS="3420" HPOS="1361"/>
<String CONTENT="Frances" HEIGHT="52" WIDTH="248" VPOS="3420" HPOS="1402"/>
<SP HEIGHT="52" WIDTH="42" VPOS="3420" HPOS="1651"/>
<String CONTENT="Yeomans" HEIGHT="52" WIDTH="287" VPOS="3420" HPOS="1694"/>
<SP HEIGHT="33" WIDTH="48" VPOS="3439" HPOS="1982"/>
<String CS="1" CONTENT="&#8230;"/>
<SP HEIGHT="55" WIDTH="82" VPOS="3418" HPOS="2088"/>
<String CONTENT="Greensboro," HEIGHT="147" WIDTH="1984" VPOS="3418" HPOS="403"/>
</TextLine>
<TextLine HEIGHT="70" WIDTH="1678" VPOS="3496" HPOS="589" STYLEREFS="StyleId-97CD5573-85AA-499D-AA8B-4CEA7DD9B873-">
<String CONTENT="N." HEIGHT="52" WIDTH="70" VPOS="3498" HPOS="589"/>
<SP HEIGHT="55" WIDTH="32" VPOS="3496" HPOS="660"/>
<String CONTENT="C.," HEIGHT="69" WIDTH="80" VPOS="3496" HPOS="693"/>
<SP HEIGHT="67" WIDTH="30" VPOS="3498" HPOS="774"/>
<String CONTENT="The" HEIGHT="53" WIDTH="121" VPOS="3497" HPOS="805"/>
<SP HEIGHT="53" WIDTH="28" VPOS="3497" HPOS="927"/>
<String CONTENT="North" HEIGHT="53" WIDTH="190" VPOS="3497" HPOS="956"/>
<SP HEIGHT="54" WIDTH="30" VPOS="3497" HPOS="1147"/>
<String CONTENT="Carolina" HEIGHT="54" WIDTH="272" VPOS="3497" HPOS="1178"/>
<SP HEIGHT="34" WIDTH="30" VPOS="3516" HPOS="1451"/>
<String CONTENT="college" HEIGHT="68" WIDTH="212" VPOS="3498" HPOS="1482"/>
<SP HEIGHT="53" WIDTH="29" VPOS="3497" HPOS="1695"/>
<String CONTENT="for" HEIGHT="53" WIDTH="94" VPOS="3497" HPOS="1725"/>
<SP HEIGHT="34" WIDTH="29" VPOS="3516" HPOS="1820"/>
<String CONTENT="women," HEIGHT="49" WIDTH="234" VPOS="3515" HPOS="1850"/>
<SP HEIGHT="65" WIDTH="32" VPOS="3499" HPOS="2085"/>
<String CONTENT="1929." HEIGHT="49" WIDTH="149" VPOS="3499" HPOS="2118"/>
</TextLine>
<TextLine HEIGHT="105" WIDTH="1988" VPOS="3579" HPOS="404" CS="1">
<String CONTENT="290" HEIGHT="40" WIDTH="87" VPOS="3581" HPOS="474"/>
<SP HEIGHT="47" WIDTH="23" VPOS="3581" HPOS="562"/>
<String CONTENT="p." HEIGHT="37" WIDTH="43" VPOS="3591" HPOS="586"/>
<SP HEIGHT="42" WIDTH="52" VPOS="3580" HPOS="630"/>
<String CS="1" CONTENT="22&#189;&#7580;&#7504;." HEIGHT="40" WIDTH="147" VPOS="3580" HPOS="683"/>
<SP HEIGHT="49" WIDTH="65" VPOS="3579" HPOS="831"/>
<String CONTENT="(Institute" HEIGHT="49" WIDTH="262" VPOS="3579" HPOS="897"/>
<SP HEIGHT="29" WIDTH="25" VPOS="3591" HPOS="1160"/>
<String CONTENT="of" HEIGHT="40" WIDTH="52" VPOS="3580" HPOS="1186"/>
<SP HEIGHT="39" WIDTH="23" VPOS="3580" HPOS="1239"/>
<String CONTENT="women&#8217;s" HEIGHT="41" WIDTH="227" VPOS="3579" HPOS="1263"/>
<SP HEIGHT="37" WIDTH="26" VPOS="3591" HPOS="1491"/>
<String CONTENT="professional" HEIGHT="48" WIDTH="326" VPOS="3580" HPOS="1518"/>
<SP HEIGHT="37" WIDTH="29" VPOS="3581" HPOS="1845"/>
<String CONTENT="relations" HEIGHT="41" WIDTH="235" VPOS="3579" HPOS="1875"/>
<SP HEIGHT="29" WIDTH="28" VPOS="3590" HPOS="2111"/>
<String CS="1" CONTENT="&#8230;"/>
<SP HEIGHT="38" WIDTH="58" VPOS="3580" HPOS="2190"/>
<String CONTENT="Bulletin" HEIGHT="98" WIDTH="1988" VPOS="3580" HPOS="404"/>
<SP HEIGHT="28" WIDTH="31" VPOS="3649" HPOS="477"/>
<String CONTENT="no." HEIGHT="30" WIDTH="74" VPOS="3648" HPOS="509"/>
<SP HEIGHT="41" WIDTH="31" VPOS="3637" HPOS="584"/>
<String CONTENT="1)" HEIGHT="47" WIDTH="50" VPOS="3637" HPOS="616"/>
</TextLine>
<TextLine HEIGHT="98" WIDTH="1987" VPOS="3706" HPOS="404" CS="1">
<String CONTENT="Arranged" HEIGHT="48" WIDTH="255" VPOS="3707" HPOS="474"/>
<SP HEIGHT="39" WIDTH="32" VPOS="3707" HPOS="730"/>
<String CONTENT="alphabetically" HEIGHT="47" WIDTH="381" VPOS="3707" HPOS="763"/>
<SP HEIGHT="47" WIDTH="32" VPOS="3707" HPOS="1145"/>
<String CONTENT="by" HEIGHT="47" WIDTH="60" VPOS="3707" HPOS="1178"/>
<SP HEIGHT="37" WIDTH="32" VPOS="3717" HPOS="1239"/>
<String CONTENT="authors" HEIGHT="39" WIDTH="203" VPOS="3708" HPOS="1272"/>
<SP HEIGHT="29" WIDTH="34" VPOS="3718" HPOS="1476"/>
<String CONTENT="under" HEIGHT="39" WIDTH="154" VPOS="3708" HPOS="1511"/>
<SP HEIGHT="30" WIDTH="31" VPOS="3717" HPOS="1666"/>
<String CONTENT="subjects," HEIGHT="48" WIDTH="229" VPOS="3707" HPOS="1698"/>
<SP HEIGHT="36" WIDTH="34" VPOS="3718" HPOS="1928"/>
<String CONTENT="with" HEIGHT="40" WIDTH="120" VPOS="3707" HPOS="1963"/>
<SP HEIGHT="40" WIDTH="31" VPOS="3707" HPOS="2084"/>
<String CONTENT="subject" HEIGHT="48" WIDTH="190" VPOS="3707" HPOS="2116"/>
<SP HEIGHT="41" WIDTH="33" VPOS="3706" HPOS="2307"/>
<String CONTENT="index." HEIGHT="98" WIDTH="1987" VPOS="3706" HPOS="404"/>
</TextLine>
<TextLine HEIGHT="53" WIDTH="1993" VPOS="3830" HPOS="414" CS="1">
<String CONTENT="&#169;" HEIGHT="52" WIDTH="52" VPOS="3830" HPOS="414"/>
<SP HEIGHT="52" WIDTH="30" VPOS="3830" HPOS="467"/>
<String CONTENT="Nov." HEIGHT="40" WIDTH="119" VPOS="3835" HPOS="498"/>
<SP HEIGHT="40" WIDTH="30" VPOS="3835" HPOS="618"/>
<String CONTENT="12," HEIGHT="49" WIDTH="69" VPOS="3834" HPOS="649"/>
<SP HEIGHT="48" WIDTH="32" VPOS="3835" HPOS="719"/>
<String CS="1" CONTENT="1929;" HEIGHT="41" WIDTH="117" VPOS="3833" HPOS="752"/>
<SP HEIGHT="46" WIDTH="33" VPOS="3835" HPOS="894"/>
<String CONTENT="2c." HEIGHT="39" WIDTH="67" VPOS="3835" HPOS="928"/>
<SP HEIGHT="29" WIDTH="33" VPOS="3845" HPOS="996"/>
<String CONTENT="and" HEIGHT="38" WIDTH="95" VPOS="3836" HPOS="1030"/>
<SP HEIGHT="38" WIDTH="32" VPOS="3836" HPOS="1126"/>
<String CONTENT="aff." HEIGHT="41" WIDTH="82" VPOS="3834" HPOS="1159"/>
<SP HEIGHT="41" WIDTH="32" VPOS="3834" HPOS="1242"/>
<String CONTENT="Nov." HEIGHT="41" WIDTH="118" VPOS="3834" HPOS="1275"/>
<SP HEIGHT="40" WIDTH="32" VPOS="3835" HPOS="1394"/>
<String CS="1" CONTENT="15;" HEIGHT="41" WIDTH="54" VPOS="3833" HPOS="1427"/>
<SP HEIGHT="45" WIDTH="34" VPOS="3835" HPOS="1509"/>
<!-- cceid A8C5C02D-6CFA-1014-9C3C-CEA95E7AA542 --><String CONTENT="A" HEIGHT="39" WIDTH="41" VPOS="3835" HPOS="1544"/>
<SP HEIGHT="39" WIDTH="32" VPOS="3835" HPOS="1586"/>
<String CS="1" CONTENT="14857;" HEIGHT="40" WIDTH="146" VPOS="3834" HPOS="1619"/>
<SP HEIGHT="46" WIDTH="35" VPOS="3835" HPOS="1790"/>
<String CONTENT="Institute" HEIGHT="41" WIDTH="238" VPOS="3834" HPOS="1826"/>
<SP HEIGHT="30" WIDTH="31" VPOS="3845" HPOS="2065"/>
<String CONTENT="of" HEIGHT="39" WIDTH="51" VPOS="3835" HPOS="2097"/>
<SP HEIGHT="39" WIDTH="30" VPOS="3835" HPOS="2149"/>
<String CONTENT="women&#8217;s" HEIGHT="41" WIDTH="227" VPOS="3833" HPOS="2180"/>
</TextLine>
<TextLine HEIGHT="51" WIDTH="1459" VPOS="3889" HPOS="480">
<String CONTENT="professional" HEIGHT="48" WIDTH="325" VPOS="3890" HPOS="480"/>
<SP HEIGHT="40" WIDTH="26" VPOS="3891" HPOS="806"/>
<String CONTENT="relations," HEIGHT="50" WIDTH="249" VPOS="3890" HPOS="833"/>
<SP HEIGHT="50" WIDTH="28" VPOS="3890" HPOS="1083"/>
<String CONTENT="Greensboro," HEIGHT="49" WIDTH="316" VPOS="3890" HPOS="1112"/>
<SP HEIGHT="48" WIDTH="27" VPOS="3891" HPOS="1429"/>
<String CONTENT="N." HEIGHT="41" WIDTH="55" VPOS="3891" HPOS="1457"/>
<SP HEIGHT="42" WIDTH="29" VPOS="3890" HPOS="1513"/>
<String CONTENT="C." HEIGHT="42" WIDTH="49" VPOS="3890" HPOS="1543"/>
<SP HEIGHT="48" WIDTH="65" VPOS="3891" HPOS="1593"/>
<String CONTENT="(29-27759)" HEIGHT="50" WIDTH="280" VPOS="3889" HPOS="1659"/>
</TextLine>
</TextBlock>
</PrintSpace>
</Page>
</Layout>
</alto>