2542 4389
1097 3994 99 50 931

162 340 271 67 [Hunter,
465 340 173 69 John]
681 346 170 50 1891-

221 418 215 52 Drums
478 418 64 52 of
581 419 189 66 death,
812 421 74 69 by
929 423 152 53 John
1126 422 382 54 Addiscombe
1572 426 211 65 [pseud.]
1869 427 274 65 [London,

151 495 186 53 Hurst
365 499 45 49 &
437 495 282 69 Blackett,
745 498 103 54 ltd.
905 504 149 63 [1929]

222 577 800 51 2 p. l., ix-x, 11-288 p. 19½ ᶜᵐ .
155 643 1972 110 © 1c. June 7, 1929; A ad int. 12754; pubd. Apr. 12; J. Hunter, Worthing,
344 705 194 48 Sussex,
563 707 237 47 England.
863 709 280 49 (29-14377)

155 800 154 53 John
340 801 354 63 Burroughs
721 803 216 62 school,
967 806 85 53 St.
1085 806 190 53 Louis.

218 879 56 53 J.
325 880 65 50 B.
443 877 55 57 S.
548 880 341 68 anthology;
940 881 86 52 six
1074 899 163 50 years
1284 882 64 52 of
1398 889 216 61 poetry,
1666 887 321 49 1921-1929.
2065 884 82 54 St.

147 956 1328 72 Louis, Mo., John Burroughs school [ ᶜ1 929]
217 1038 415 49 xii, 52 p. 21 ᶜᵐ .
219 1109 235 40 “Warren
485 1110 170 47 Flynn,
687 1110 209 47 Stephen
928 1113 255 46 Manhard,
1211 1112 198 42 editors.”

151 1176 1992 56 © June G, 1929; 2c. and aff. June 10; A 9618; Warren Flynn, St. Louis,
219 1239 94 40 Mo.
383 1237 280 51 (29-13430)

152 1332 267 64 Lofting,
451 1333 198 63 Hugh,
683 1339 171 49 1886-

219 1411 180 68 Noisy
436 1411 173 66 Nora,
646 1412 280 66 pictured,
960 1413 141 65 told,
1139 1413 111 52 and
1287 1413 231 67 printed
1554 1412 76 69 by
1665 1411 182 71 Hugh
1883 1412 260 69 Lofting.

150 1486 1093 70 New York, F. A. Stokes co. [ ᶜ1 929]
220 1569 1242 51 [53] p. incl. front., illus. (part col.) pl. 16 ᶜᵐ .
150 1623 1992 53 © June 20, 1929; 2c. and aff. June 22; A 8873; Frederick A. Stokes co.
228 1684 281 50 (29-13473)

150 1780 304 64 Marshall,
490 1781 209 54 Bruce.

277 1857 1805 71 … High brows, an extravaganza of manners—mostly bad …
145 1935 258 65 London,
430 1935 285 53 Jarrold’s
742 1935 224 53 limited
1000 1937 171 65 [1929]

215 2015 370 49 284 p. 19½ ᶜᵐ .
151 2069 1992 54 © 1c. July 5, 1929; A ad int. 12843; pubd. May 10; B. Marshall, Paris.
228 2130 280 50 (20-14305)

151 2227 173 62 Mary
353 2226 64 53 of
444 2226 101 52 the
573 2225 345 63 Visitation,
948 2228 201 68 Sister,
1179 2230 170 51 1877-

279 2304 1863 68 … Visual perception in reading and spelling: a statistical
148 2380 1994 71 analysis [by] Sister Mary of the Visitation … Washington,
147 2458 1376 68 D. C., The Catholic education press [ ᶜ1 929]
215 2539 1925 51 48 p. illus. 23 ᶜᵐ . (On cover: The Catholic university of America.
146 2597 325 44 Educational
513 2597 226 40 research
783 2596 244 48 bulletins,
1070 2597 74 41 ed.
1185 2597 61 47 by
1288 2596 81 40 the
1412 2596 321 48 Department
1775 2596 50 40 of
1868 2597 271 47 education,

145 2653 94 40 vol.
265 2661 61 41 IV,
354 2664 78 30 no.
458 2652 53 50 1)

219 2708 160 42 Series
407 2709 108 40 title
543 2708 50 40 in
621 2710 113 47 part
763 2711 52 38 at
842 2709 125 39 head
995 2708 54 40 of
1076 2710 98 46 t.-p.

217 2764 377 49 Bibliography:
625 2775 44 38 p.
697 2765 72 41 48.

151 2816 52 52 ©
237 2822 126 39 June
394 2820 29 40 6,
466 2820 117 40 1929;
641 2820 68 40 2c.
742 2821 126 39 June
900 2821 26 39 7;
988 2819 83 42 aff.
1105 2821 126 39 June
1263 2821 82 45 11;
1379 2819 43 39 A
1453 2819 140 47 8634;
1632 2819 220 41 Catholic
1883 2819 257 42 education

214 2887 151 39 press.
436 2877 280 49 (29-13405)

209 2982 1930 70 … Medinet Habu, 1924-28. I. The epigraphic survey of the
213 3063 162 64 great
404 3059 206 67 temple
639 3058 64 52 of
732 3059 257 52 Medinet
1016 3057 173 54 Habu
1231 3058 250 68 (seasons
1512 3059 235 51 1924-25
1777 3064 58 45 to
1867 3058 265 68 1927-28)

212 3138 76 67 by
323 3138 225 52 Harold
586 3139 76 52 H.
704 3138 226 52 Nelson,
1060 3182 8 8 II.
1108 3137 121 53 The
1265 3135 401 53 architectural
1703 3153 203 51 survey
1946 3135 65 53 of
2047 3137 94 51 the

213 3221 162 62 great
403 3215 210 68 temple
644 3216 113 52 and
789 3215 194 69 palace
1015 3214 64 52 of
1108 3214 257 53 Medinet
1394 3213 173 53 Habu
1611 3214 222 68 (season
1865 3213 266 68 1927-28)

211 3292 77 72 by
327 3295 129 53 Uvo
495 3293 328 53 Hoelscher.
902 3293 269 67 Chicago,
1212 3292 111 67 Ill.,
1364 3291 121 53 The
1524 3291 335 68 University
1901 3291 63 53 of
212 3290 1902 150 Chicago
383 3390 157 50 press
574 3375 171 64 [1929]

143 3449 1983 102 xv, 50 p. illus., double plates. plans (1 double) 24½ ᶜᵐ . (Oriental institute
347 3509 434 42 communications.
855 3520 74 30 no.
960 3508 51 46 5)

149 3564 52 52 ©
230 3570 78 39 May
370 3570 40 45 7,
438 3568 140 47 1929;
606 3568 67 39 2c.
701 3568 127 39 June
854 3567 53 47 6;
937 3566 82 40 aff.
1049 3567 125 39 June
1202 3565 53 47 5·;
1284 3565 41 38 A
1353 3565 140 41 8534;
1524 3564 282 48 University
1835 3564 51 41 of
1915 3563 223 46 Chicago.

228 3625 280 49 (29-13423)

149 3719 419 63 Moschzisker,
597 3719 223 52 Robert
850 3735 132 44 von,
1017 3719 168 53 1870-

217 3794 165 56 Stare
430 3795 217 63 decisis,
695 3796 111 52 Res
854 3795 256 68 judicata
1159 3794 111 51 and
1319 3793 162 51 other
1529 3793 236 52 selected
1815 3810 203 49 essays,
2065 3791 75 68 by

144 3869 1995 68 Robert von Moschzisker … Philadelphia, C. M. Dixon, 1929.
