2542 4389
1097 3993 134 50 1255

149 425 55 54 J.
230 423 193 69 Wiley
447 426 44 50 &
517 441 146 47 sons,
688 421 108 53 inc.;
855 423 259 67 London,
1142 423 302 67 Chapman
1472 426 45 49 &
1541 422 162 66 Hall,
1731 422 240 68 limited,
2003 427 149 48 1929.

221 502 1631 52 2 p. l., iii-viii, 596 p. front., illus., diagrs. 23 ½ ᶜᵐ . $6.00
220 575 119 41 This
374 575 123 39 book
531 575 89 39 has
654 575 262 47 developed
949 574 129 40 from
1114 576 83 39 the
1232 573 219 41 author’s
1488 574 176 39 “Notes
1700 584 60 29 on
1794 573 220 47 building

151 584 1986 95 construction”,
461 631 255 49 published
743 630 128 42 1926.
928 632 62 48 cf.
1016 632 130 40 Pref.

223 689 234 42 Contains
491 687 365 42 “References”.

157 757 51 52 ©
237 760 116 48 July
379 759 70 48 30,
477 758 140 47 1929;
648 759 67 39 2c.
742 758 121 48 Aug.
892 758 81 47 19;
1005 757 82 41 aff.
1114 759 121 48 Aug.
1263 759 82 46 14;
1375 758 42 39 A
1444 757 142 41 10832;
1645 758 74 40 W.
1749 756 48 42 C.
1827 755 325 49 Huntington,

225 816 213 48 Urbana,
467 817 77 38 Ill.
609 814 281 49 (29-17109)

154 924 253 64 Huxley,
435 923 227 53 Aldous
687 923 290 64 Leonard,
1008 929 171 49 1894-

281 998 1875 71 … Holy Face, and other essays; with drawings by Albert
149 1079 369 53 Rutherston.
581 1077 261 66 London,
872 1077 120 52 The
1022 1077 250 53 Fleuron
1301 1078 123 66 ltd.,
1453 1079 150 50 1929.

218 1159 808 51 4 p. l., 64 p. col. illus. 26 ᶜᵐ .
218 1232 63 39 At
310 1231 126 40 head
463 1230 51 40 of
541 1230 109 40 title
668 1240 8 28 :
707 1230 185 40 Aldous
921 1229 210 48 Huxley.

218 1288 129 39 Title
375 1286 172 40 within
576 1286 193 40 colored
800 1287 306 38 ornamental
1138 1286 186 40 border.

221 1343 146 41 “This
394 1343 183 40 edition
607 1341 42 41 is
680 1341 189 40 limited
899 1345 49 37 to
978 1342 138 39 three
1145 1342 221 39 hundred
1397 1342 202 48 copies.”

489 1442 7 7 CONTENTS.
514 1435 58 5 —
590 1412 336 39 Wordsworth
965 1411 50 39 in
1057 1412 83 39 the
1180 1412 256 48 tropics.—
1454 1412 227 40 Fever.—
1700 1413 309 39 Paradise.—
2028 1413 126 48 Holy

152 1468 442 42 Face.—Fashions
622 1467 50 39 in
703 1466 346 42 love.—Swift.

155 1535 1996 53 © 1c. Aug. 13, 1929; A ad int. 12957; pubd. June 17; A. L. Huxley,
224 1595 157 41 Paris.
449 1593 280 51 (29-17810)

156 1704 241 53 Illinois.
472 1703 310 70 Appellate
816 1709 203 49 courts.

156 1780 1975 148 Reports of cases determined … with a directory of the judiciary
347 1858 65 54 of
445 1858 96 53 the
574 1864 146 48 state
755 1859 287 51 corrected
1075 1864 59 46 to
1170 1858 153 54 June
1360 1863 46 63 1,
1444 1862 151 64 1929,
1630 1860 112 52 and
1779 1860 277 54 abstracts
2093 1861 64 53 of

156 1955 152 35 cases
344 1937 333 68 designated
713 1936 77 68 by
826 1935 96 53 the
960 1941 191 47 courts
1187 1954 60 34 as
1284 1943 99 45 not
1422 1943 59 46 to
1517 1937 68 52 be
1622 1938 265 67 reported
1925 1939 60 51 in
2026 1938 113 53 full.

196 2013 1959 72 v. 251, A. D . 1929 … Reported by Basil Jones. Chicago,
158 2091 323 71 Callaghan
510 2093 44 50 &
583 2109 299 51 company,
915 2093 150 50 1929.

223 2173 387 49 lxi, 649 p. 23 ᶜᵐ .
160 2239 52 53 ©
241 2244 121 48 Aug.
387 2243 71 49 26,
488 2243 113 40 1929;
659 2244 67 39 2c.
756 2243 98 39 and
883 2241 82 41 aff.
995 2242 121 48 Aug.
1143 2241 58 41 28;
1260 2242 41 39 A
1328 2241 146 41 12052;
1534 2242 269 49 Callaghan
1833 2244 35 40 &
1895 2255 68 31 co.

159 2366 241 54 Illinois.
474 2367 183 67 Laws,
690 2371 260 64 statutes,
981 2372 101 48 etc.

229 2445 244 54 Revised
506 2450 239 48 statutes
777 2444 65 54 of
874 2444 95 53 the
1001 2450 147 48 state
1179 2444 64 54 of
1277 2444 245 70 Illinois,
1555 2446 327 70 embracing
1915 2447 76 52 all
160 2466 1972 110 general

305 2524 139 53 laws
472 2523 65 53 of
563 2524 96 52 the
688 2528 145 48 state
863 2523 65 52 of
956 2523 228 53 Illinois
1215 2524 59 51 in
1306 2523 155 53 force
1491 2523 228 69 August
1753 2529 46 64 1,
1833 2528 150 66 1929,
159 2544 1976 127 compiled

344 2603 112 52 and
482 2602 189 53 edited
699 2601 76 70 by
800 2601 195 53 James
1025 2600 62 54 C.
1120 2600 207 54 Cahill.
1407 2604 131 50 1929
1567 2603 102 68 ed.,
1696 2604 74 68 by
1797 2603 161 53 Basil
1984 2605 175 55 Jones

223 2678 1358 64 … Chicago, Callaghan and company, 1929.
223 2759 482 49 xii, 2891 p. 27 ᶜᵐ .
225 2831 229 39 Lettered
486 2840 64 32 on
576 2839 143 31 cover
736 2840 9 29 :
780 2830 169 47 Keyed
982 2833 49 37 to
1062 2830 280 40 Annotated
1375 2833 226 46 statutes,
1634 2831 128 41 1929.

227 2887 169 41 “Fifth
429 2886 228 41 edition.”

162 2955 51 52 ©
242 2960 122 47 Aug.
392 2959 40 47 5,
461 2957 114 41 1929;
632 2958 67 40 2c.
729 2958 96 39 and
853 2956 83 41 aff.
965 2958 120 47 Aug.
1114 2957 54 39 12;
1228 2958 42 38 A
1297 2957 144 41 10733;
1502 2958 271 49 Callaghan
1802 2961 36 39 &
1867 2972 68 30 co.

238 3013 281 50 (29-17296)

159 3123 258 63 Immler,
448 3123 265 63 Werner,
746 3127 172 51 1882-

224 3199 1872 70 Leitfaden der flugzeugnavigation, von prof. W. Immler …
154 3279 106 52 mit
301 3279 65 52 57
405 3278 532 68 textabbildungen,
982 3282 63 48 15
1087 3278 392 53 rechentafeln
1522 3281 117 52 und
1684 3284 62 49 13
1791 3283 247 54 tabellen
2081 3286 79 52 im

157 3356 246 69 anhang.
464 3356 289 52 München
777 3357 118 52 und
921 3355 219 68 Berlin,
1165 3356 67 52 R.
1261 3355 390 71 Oldenbourg,
1680 3362 150 51 1928.

229 3438 62 48 vi,
325 3437 57 42 89
418 3448 43 38 p.
495 3437 110 41 incl.
642 3437 145 50 illus.,
824 3438 171 48 tables,
1032 3438 181 47 diagrs.
1272 3438 57 38 14
1364 3438 120 41 fold.
1522 3450 61 37 pl.
1613 3439 229 51 (diagrs.)
1887 3443 52 40 in
1976 3446 185 46 pocket.

158 3496 146 39 27½ ᶜᵐ .
166 3561 1898 54 © Oct. 18, 1928; 1c. Mar. 2, 1929; A—Foreign 2174; R. Oldenbourg.
244 3621 281 50 (29-17251)

163 3717 148 53 Jean
340 3717 70 52 de
440 3714 474 56 Saint-Thomas.

164 3793 1972 130 … Introduction à la Théologie de Saint Thomas; explication
317 3871 68 52 de
412 3871 210 52 l’ordre
649 3875 53 48 et
734 3870 68 52 de
830 3869 474 55 l’enchaînement
1334 3871 95 53 des
1460 3874 199 53 traités
1691 3881 56 47 et
1774 3878 288 67 questions
2093 3881 68 53 de
