<alto xmlns="http://www.loc.gov/standards/alto/ns-v3#" xmlns:xlink="http://www.w3.org/1999/xlink" xmlns:xsi="http://www.w3.org/2001/XMLSchema-instance" xsi:schemaLocation="http://www.loc.gov/standards/alto/ns-v3# http://www.loc.gov/alto/v3/alto-3-0.xsd"><Description>
<MeasurementUnit>pixel</MeasurementUnit>
<sourceImageInformation>
<fileName>1929_v26_part001.pdf</fileName>
</sourceImageInformation>
<OCRProcessing ID="IdOcr">
<ocrProcessingStep>
<processingDateTime>2019-04-18</processingDateTime>
<processingSoftware>
<softwareCreator>ABBYY</softwareCreator>
<softwareName>ABBYY Recognition Server</softwareName>
<softwareVersion>4.0</softwareVersion>
</processingSoftware>
</ocrProcessingStep>
</OCRProcessing>
</Description>
<Styles>
<ParagraphStyle ID="StyleId-FFFFFFFF-FFFF-FFFF-FFFF-FFFFFFFFFFFF-" ALIGN="Left" LEFT="0." RIGHT="0." FIRSTLINE="0."/>
<ParagraphStyle ID="StyleId-11A520CB-49B0-4D42-A675-089886D5B704-" ALIGN="Center" LEFT="0." RIGHT="0." FIRSTLINE="0." LINESPACE="7.699999809"/>
<ParagraphStyle ID="StyleId-2AEC4724-E584-48A1-8E6D-86B1AA154223-" ALIGN="Left" LEFT="0." RIGHT="0." FIRSTLINE="0." LINESPACE="12.19999981"/>
<ParagraphStyle ID="StyleId-5ADCDE1D-F34B-405C-A765-E9B51F6229BD-" ALIGN="Left" LEFT="0." RIGHT="0." FIRSTLINE="-13." LINESPACE="8.050000191"/>
<ParagraphStyle ID="StyleId-D0AEFB96-F81D-4367-8545-C0AC945FA34C-" ALIGN="Block" LEFT="0." RIGHT="0." FIRSTLINE="-13." LINESPACE="8.899999619"/>
<ParagraphStyle ID="StyleId-9A3BB592-4BA4-4F85-B157-B9A7F1FC9680-" ALIGN="Left" LEFT="0." RIGHT="0." FIRSTLINE="0."/>
<ParagraphStyle ID="StyleId-E9D6144A-CFDC-4919-911D-02B0461DB967-" ALIGN="Left" LEFT="0." RIGHT="0." FIRSTLINE="-13." LINESPACE="23.43000031"/>
<ParagraphStyle ID="StyleId-EEECFC68-AAC5-42B1-B3BF-987799B5B74A-" ALIGN="Block" LEFT="0." RIGHT="0." FIRSTLINE="0." LINESPACE="23.43000031"/>
<ParagraphStyle ID="StyleId-98D20B11-A9BB-4FAB-8DC8-DC8C43F3755E-" ALIGN="Left" LEFT="0." RIGHT="0." FIRSTLINE="0." LINESPACE="10.5"/>
<ParagraphStyle ID="StyleId-C279DBAD-2656-4352-93E6-C942618B09B1-" ALIGN="Block" LEFT="0." RIGHT="0." FIRSTLINE="-13." LINESPACE="8.770000458"/>
<ParagraphStyle ID="StyleId-A539B2D0-654F-45BA-9385-D7E681D9BD87-" ALIGN="Block" LEFT="0." RIGHT="0." FIRSTLINE="0." LINESPACE="8.18999958"/>
<ParagraphStyle ID="StyleId-CFE66565-54F2-45CF-9511-65151219B0BC-" ALIGN="Left" LEFT="0." RIGHT="0." FIRSTLINE="-12." LINESPACE="12.19999981"/>
<ParagraphStyle ID="StyleId-37B60A95-D7B9-4720-9D46-F2E763AAD699-" ALIGN="Block" LEFT="0." RIGHT="0." FIRSTLINE="0." LINESPACE="12.19999981"/>
<ParagraphStyle ID="StyleId-255154CA-71AA-47B9-A5EB-ED90642010CE-" ALIGN="Block" LEFT="0." RIGHT="0." FIRSTLINE="13." LINESPACE="7.900000095"/>
<ParagraphStyle ID="StyleId-4618FB06-20CA-4F95-9CA2-829603EE887D-" ALIGN="Block" LEFT="0." RIGHT="0." FIRSTLINE="0." LINESPACE="10."/>
<ParagraphStyle ID="StyleId-61F9B98E-BA82-4DCF-809A-0C5481162321-" ALIGN="Left" LEFT="0." RIGHT="0." FIRSTLINE="-13." LINESPACE="8.479999542"/>
<ParagraphStyle ID="StyleId-16A4FB0C-4CB7-44C8-846E-AF89DD76FC73-" ALIGN="Left" LEFT="0." RIGHT="0." FIRSTLINE="0." LINESPACE="11.10000038"/>
<ParagraphStyle ID="StyleId-8CC01B24-9D1D-45D5-B954-83ECA9EA3425-" ALIGN="Left" LEFT="0." RIGHT="0." FIRSTLINE="-13." LINESPACE="8.050000191"/>
<ParagraphStyle ID="StyleId-3DB8CD3F-AD17-4DD7-8361-787A6A426C72-" ALIGN="Block" LEFT="0." RIGHT="0." FIRSTLINE="13." LINESPACE="7.900000095"/>
</Styles>
<Layout>
<Page ID="Page1901" PHYSICAL_IMG_NR="1901" HEIGHT="4389" WIDTH="2542">
<TopMargin HEIGHT="382" WIDTH="2542" VPOS="0" HPOS="0">
</TopMargin>
<LeftMargin HEIGHT="3726" WIDTH="102" VPOS="382" HPOS="0">
</LeftMargin>
<RightMargin HEIGHT="3726" WIDTH="350" VPOS="382" HPOS="2192">
</RightMargin>
<BottomMargin HEIGHT="281" WIDTH="2542" VPOS="4108" HPOS="0">
</BottomMargin>
<PrintSpace HEIGHT="3726" WIDTH="2090" VPOS="382" HPOS="102">
<TextBlock ID="Page1901_Block1" HEIGHT="74" WIDTH="154" VPOS="4034" HPOS="1042" LANG="en-US" STYLEREFS="StyleId-FE2D0565-04BE-448E-949D-4423912522B9-">
<TextLine HEIGHT="53" WIDTH="134" VPOS="4045" HPOS="1052">
<String CONTENT="1901" HEIGHT="53" WIDTH="134" VPOS="4045" HPOS="1052"/>
</TextLine>
</TextBlock>
<TextBlock ID="Page1901_Block2" HEIGHT="3660" WIDTH="2090" VPOS="382" HPOS="102" LANG="en-US" CS="1" STYLEREFS="StyleId-A8BC136B-AE4B-4094-A77B-EB63DA7E5B74-">
<TextLine HEIGHT="51" WIDTH="1168" VPOS="475" HPOS="183" CS="1">
<String CONTENT="107" HEIGHT="41" WIDTH="87" VPOS="477" HPOS="183"/>
<SP HEIGHT="48" WIDTH="17" VPOS="478" HPOS="271"/>
<String CONTENT="p." HEIGHT="38" WIDTH="45" VPOS="488" HPOS="289"/>
<SP HEIGHT="41" WIDTH="57" VPOS="477" HPOS="335"/>
<String CONTENT="illus.," HEIGHT="48" WIDTH="143" VPOS="477" HPOS="393"/>
<SP HEIGHT="38" WIDTH="20" VPOS="488" HPOS="537"/>
<String CONTENT="plans" HEIGHT="47" WIDTH="141" VPOS="479" HPOS="558"/>
<SP HEIGHT="48" WIDTH="27" VPOS="478" HPOS="700"/>
<String CONTENT="(part" HEIGHT="48" WIDTH="135" VPOS="478" HPOS="728"/>
<SP HEIGHT="41" WIDTH="18" VPOS="477" HPOS="864"/>
<String CONTENT="fold.)" HEIGHT="48" WIDTH="145" VPOS="477" HPOS="883"/>
<SP HEIGHT="47" WIDTH="25" VPOS="478" HPOS="1029"/>
<String CONTENT="diagrs." HEIGHT="48" WIDTH="182" VPOS="477" HPOS="1055"/>
<SP HEIGHT="43" WIDTH="55" VPOS="475" HPOS="1238"/>
<String CONTENT="22" HEIGHT="40" WIDTH="57" VPOS="475" HPOS="1294"/>
<String STYLE="superscript" CS="1" CONTENT="&#7580;&#7504;."/>
</TextLine>
<TextLine HEIGHT="48" WIDTH="1327" VPOS="533" HPOS="185">
<String CONTENT="Part" HEIGHT="40" WIDTH="121" VPOS="535" HPOS="185"/>
<SP HEIGHT="37" WIDTH="21" VPOS="538" HPOS="307"/>
<String CONTENT="of" HEIGHT="39" WIDTH="52" VPOS="535" HPOS="329"/>
<SP HEIGHT="39" WIDTH="19" VPOS="535" HPOS="382"/>
<String CONTENT="the" HEIGHT="39" WIDTH="83" VPOS="535" HPOS="402"/>
<SP HEIGHT="39" WIDTH="22" VPOS="535" HPOS="486"/>
<String CONTENT="illustrations" HEIGHT="40" WIDTH="330" VPOS="535" HPOS="509"/>
<SP HEIGHT="29" WIDTH="23" VPOS="545" HPOS="840"/>
<String CONTENT="are" HEIGHT="29" WIDTH="84" VPOS="545" HPOS="864"/>
<SP HEIGHT="30" WIDTH="21" VPOS="544" HPOS="949"/>
<String CONTENT="numbered" HEIGHT="39" WIDTH="264" VPOS="534" HPOS="971"/>
<SP HEIGHT="39" WIDTH="23" VPOS="534" HPOS="1236"/>
<String CONTENT="as" HEIGHT="30" WIDTH="54" VPOS="543" HPOS="1260"/>
<SP HEIGHT="38" WIDTH="23" VPOS="543" HPOS="1315"/>
<String CONTENT="plates." HEIGHT="48" WIDTH="173" VPOS="533" HPOS="1339"/>
</TextLine>
<TextLine HEIGHT="53" WIDTH="1996" VPOS="586" HPOS="123" CS="1">
<String CONTENT="&#169;" HEIGHT="51" WIDTH="52" VPOS="587" HPOS="123"/>
<SP HEIGHT="51" WIDTH="31" VPOS="587" HPOS="176"/>
<String CONTENT="Aug." HEIGHT="47" WIDTH="121" VPOS="592" HPOS="208"/>
<SP HEIGHT="41" WIDTH="29" VPOS="591" HPOS="330"/>
<String CONTENT="14," HEIGHT="48" WIDTH="71" VPOS="591" HPOS="360"/>
<SP HEIGHT="47" WIDTH="31" VPOS="592" HPOS="432"/>
<String CS="1" CONTENT="1929;" HEIGHT="40" WIDTH="114" VPOS="591" HPOS="464"/>
<SP HEIGHT="47" WIDTH="33" VPOS="591" HPOS="606"/>
<String CONTENT="2c." HEIGHT="40" WIDTH="68" VPOS="591" HPOS="640"/>
<SP HEIGHT="40" WIDTH="31" VPOS="591" HPOS="709"/>
<String CONTENT="Aug." HEIGHT="48" WIDTH="121" VPOS="591" HPOS="741"/>
<SP HEIGHT="38" WIDTH="31" VPOS="592" HPOS="863"/>
<String CS="1" CONTENT="17;" HEIGHT="39" WIDTH="56" VPOS="592" HPOS="895"/>
<SP HEIGHT="37" WIDTH="34" VPOS="601" HPOS="979"/>
<String CONTENT="aff." HEIGHT="40" WIDTH="82" VPOS="591" HPOS="1014"/>
<SP HEIGHT="39" WIDTH="32" VPOS="592" HPOS="1097"/>
<String CONTENT="Aug." HEIGHT="46" WIDTH="121" VPOS="592" HPOS="1130"/>
<SP HEIGHT="40" WIDTH="31" VPOS="590" HPOS="1252"/>
<String CS="1" CONTENT="16;" HEIGHT="40" WIDTH="59" VPOS="589" HPOS="1284"/>
<SP HEIGHT="48" WIDTH="32" VPOS="589" HPOS="1368"/>
<!-- cceid A8208EC4-6CFA-1014-9C3C-CEA95E7AA542 --><String CONTENT="A" HEIGHT="39" WIDTH="43" VPOS="589" HPOS="1401"/>
<SP HEIGHT="39" WIDTH="28" VPOS="589" HPOS="1445"/>
<String CS="1" CONTENT="14888;" HEIGHT="42" WIDTH="148" VPOS="587" HPOS="1474"/>
<SP HEIGHT="48" WIDTH="33" VPOS="588" HPOS="1647"/>
<String LANG="fr" CONTENT="Amer," HEIGHT="40" WIDTH="161" VPOS="588" HPOS="1681"/>
<SP HEIGHT="38" WIDTH="34" VPOS="590" HPOS="1843"/>
<String CONTENT="technical" HEIGHT="41" WIDTH="241" VPOS="586" HPOS="1878"/>
</TextLine>
<TextLine HEIGHT="48" WIDTH="445" VPOS="646" HPOS="191">
<String CONTENT="soc." HEIGHT="30" WIDTH="93" VPOS="657" HPOS="191"/>
<SP HEIGHT="47" WIDTH="69" VPOS="647" HPOS="285"/>
<String CONTENT="(29-27908)" HEIGHT="48" WIDTH="281" VPOS="646" HPOS="355"/>
</TextLine>
<TextLine HEIGHT="67" WIDTH="887" VPOS="738" HPOS="117" STYLEREFS="StyleId-6CC2C2AD-24AE-4F5E-8318-F3ABC7490A28-">
<String CONTENT="Dobie," HEIGHT="66" WIDTH="202" VPOS="738" HPOS="117"/>
<SP HEIGHT="65" WIDTH="26" VPOS="739" HPOS="320"/>
<String CONTENT="James" HEIGHT="54" WIDTH="204" VPOS="739" HPOS="347"/>
<SP HEIGHT="52" WIDTH="27" VPOS="741" HPOS="552"/>
<String CONTENT="Frank," HEIGHT="64" WIDTH="220" VPOS="741" HPOS="580"/>
<SP HEIGHT="58" WIDTH="30" VPOS="747" HPOS="801"/>
<String CONTENT="1888-" HEIGHT="50" WIDTH="172" VPOS="746" HPOS="832"/>
</TextLine>
<TextLine HEIGHT="71" WIDTH="1937" VPOS="817" HPOS="183" STYLEREFS="StyleId-6CC2C2AD-24AE-4F5E-8318-F3ABC7490A28-" CS="1">
<String CONTENT="A" HEIGHT="52" WIDTH="58" VPOS="819" HPOS="183"/>
<SP HEIGHT="52" WIDTH="28" VPOS="819" HPOS="242"/>
<String CS="1" CONTENT="vaquero" HEIGHT="51" WIDTH="246" VPOS="835" HPOS="271"/>
<SP HEIGHT="34" WIDTH="30" VPOS="836" HPOS="518"/>
<String CONTENT="of" HEIGHT="52" WIDTH="64" VPOS="818" HPOS="549"/>
<SP HEIGHT="53" WIDTH="30" VPOS="818" HPOS="614"/>
<String CONTENT="the" HEIGHT="52" WIDTH="96" VPOS="819" HPOS="645"/>
<SP HEIGHT="52" WIDTH="27" VPOS="819" HPOS="742"/>
<String CONTENT="brush" HEIGHT="53" WIDTH="176" VPOS="819" HPOS="770"/>
<SP HEIGHT="53" WIDTH="31" VPOS="819" HPOS="947"/>
<String CONTENT="country," HEIGHT="63" WIDTH="258" VPOS="824" HPOS="979"/>
<SP HEIGHT="68" WIDTH="28" VPOS="819" HPOS="1238"/>
<String CONTENT="by" HEIGHT="69" WIDTH="76" VPOS="819" HPOS="1267"/>
<SP HEIGHT="69" WIDTH="29" VPOS="819" HPOS="1344"/>
<String CONTENT="J." HEIGHT="55" WIDTH="55" VPOS="819" HPOS="1374"/>
<SP HEIGHT="52" WIDTH="32" VPOS="820" HPOS="1430"/>
<String CONTENT="Frank" HEIGHT="54" WIDTH="199" VPOS="818" HPOS="1463"/>
<SP HEIGHT="54" WIDTH="27" VPOS="818" HPOS="1663"/>
<String CONTENT="Dobie," HEIGHT="70" WIDTH="202" VPOS="817" HPOS="1691"/>
<SP HEIGHT="51" WIDTH="29" VPOS="836" HPOS="1894"/>
<String CONTENT="partly" HEIGHT="70" WIDTH="196" VPOS="818" HPOS="1924"/>
</TextLine>
<TextLine HEIGHT="70" WIDTH="2003" VPOS="895" HPOS="116" STYLEREFS="StyleId-6CC2C2AD-24AE-4F5E-8318-F3ABC7490A28-">
<String CONTENT="from" HEIGHT="54" WIDTH="153" VPOS="895" HPOS="116"/>
<SP HEIGHT="48" WIDTH="29" VPOS="901" HPOS="270"/>
<String CONTENT="the" HEIGHT="53" WIDTH="97" VPOS="896" HPOS="300"/>
<SP HEIGHT="33" WIDTH="30" VPOS="915" HPOS="398"/>
<String CONTENT="reminiscences" HEIGHT="53" WIDTH="426" VPOS="896" HPOS="429"/>
<SP HEIGHT="35" WIDTH="32" VPOS="914" HPOS="856"/>
<String CONTENT="of" HEIGHT="52" WIDTH="64" VPOS="896" HPOS="889"/>
<SP HEIGHT="56" WIDTH="31" VPOS="896" HPOS="954"/>
<String CONTENT="John" HEIGHT="55" WIDTH="159" VPOS="897" HPOS="986"/>
<SP HEIGHT="52" WIDTH="32" VPOS="898" HPOS="1146"/>
<String CONTENT="Young;" HEIGHT="67" WIDTH="240" VPOS="898" HPOS="1179"/>
<SP HEIGHT="69" WIDTH="33" VPOS="896" HPOS="1420"/>
<String CONTENT="illustrated" HEIGHT="53" WIDTH="327" VPOS="895" HPOS="1454"/>
<SP HEIGHT="53" WIDTH="29" VPOS="895" HPOS="1782"/>
<String CONTENT="by" HEIGHT="70" WIDTH="77" VPOS="895" HPOS="1812"/>
<SP HEIGHT="69" WIDTH="29" VPOS="896" HPOS="1890"/>
<String CONTENT="Justin" HEIGHT="54" WIDTH="199" VPOS="896" HPOS="1920"/>
</TextLine>
<TextLine HEIGHT="71" WIDTH="1758" VPOS="973" HPOS="117" STYLEREFS="StyleId-6CC2C2AD-24AE-4F5E-8318-F3ABC7490A28-" CS="1">
<String CONTENT="C." HEIGHT="55" WIDTH="61" VPOS="973" HPOS="117"/>
<SP HEIGHT="56" WIDTH="34" VPOS="973" HPOS="179"/>
<String CONTENT="Gruelle." HEIGHT="56" WIDTH="250" VPOS="973" HPOS="214"/>
<SP HEIGHT="53" WIDTH="72" VPOS="974" HPOS="465"/>
<String CONTENT="Dallas," HEIGHT="69" WIDTH="219" VPOS="974" HPOS="538"/>
<SP HEIGHT="67" WIDTH="37" VPOS="976" HPOS="758"/>
<String LANG="fr" CS="1" CONTENT="Tex.," HEIGHT="67" WIDTH="154" VPOS="976" HPOS="796"/>
<SP HEIGHT="67" WIDTH="36" VPOS="976" HPOS="951"/>
<String CONTENT="The" HEIGHT="53" WIDTH="122" VPOS="974" HPOS="988"/>
<SP HEIGHT="55" WIDTH="36" VPOS="974" HPOS="1111"/>
<String CONTENT="Southwest" HEIGHT="55" WIDTH="326" VPOS="974" HPOS="1148"/>
<SP HEIGHT="64" WIDTH="33" VPOS="978" HPOS="1475"/>
<String CONTENT="press," HEIGHT="53" WIDTH="176" VPOS="991" HPOS="1509"/>
<SP HEIGHT="65" WIDTH="36" VPOS="979" HPOS="1686"/>
<String CONTENT="1929." HEIGHT="51" WIDTH="152" VPOS="976" HPOS="1723"/>
</TextLine>
<TextLine HEIGHT="49" WIDTH="1308" VPOS="1054" HPOS="255" CS="1">
<String CS="1" CONTENT="xv," HEIGHT="17" WIDTH="10" VPOS="1086" HPOS="255"/>
<SP HEIGHT="49" WIDTH="35" VPOS="1054" HPOS="266"/>
<String CONTENT="314" HEIGHT="41" WIDTH="87" VPOS="1054" HPOS="302"/>
<SP HEIGHT="48" WIDTH="34" VPOS="1055" HPOS="390"/>
<String CONTENT="p." HEIGHT="38" WIDTH="45" VPOS="1065" HPOS="425"/>
<SP HEIGHT="31" WIDTH="59" VPOS="1065" HPOS="471"/>
<String CONTENT="col." HEIGHT="38" WIDTH="86" VPOS="1057" HPOS="531"/>
<SP HEIGHT="40" WIDTH="35" VPOS="1055" HPOS="618"/>
<String CS="1" CONTENT="front."/>
<SP HEIGHT="48" WIDTH="40" VPOS="1054" HPOS="819"/>
<String CONTENT="illus.," HEIGHT="49" WIDTH="145" VPOS="1054" HPOS="860"/>
<SP HEIGHT="38" WIDTH="38" VPOS="1065" HPOS="1006"/>
<String CONTENT="plates," HEIGHT="48" WIDTH="172" VPOS="1055" HPOS="1045"/>
<SP HEIGHT="48" WIDTH="35" VPOS="1055" HPOS="1218"/>
<String CONTENT="facsim." HEIGHT="42" WIDTH="194" VPOS="1054" HPOS="1254"/>
<SP HEIGHT="41" WIDTH="56" VPOS="1055" HPOS="1449"/>
<String CS="1" CONTENT="24&#189;&#7580;&#7504;." HEIGHT="39" WIDTH="57" VPOS="1055" HPOS="1506"/>
</TextLine>
<TextLine HEIGHT="49" WIDTH="619" VPOS="1110" HPOS="185">
<String CONTENT="Maps" HEIGHT="48" WIDTH="140" VPOS="1111" HPOS="185"/>
<SP HEIGHT="30" WIDTH="24" VPOS="1121" HPOS="326"/>
<String CONTENT="on" HEIGHT="30" WIDTH="64" VPOS="1121" HPOS="351"/>
<SP HEIGHT="40" WIDTH="23" VPOS="1111" HPOS="416"/>
<String CONTENT="lining-papers." HEIGHT="49" WIDTH="364" VPOS="1110" HPOS="440"/>
</TextLine>
<TextLine HEIGHT="49" WIDTH="1900" VPOS="1167" HPOS="189" CS="1">
<String CONTENT="&#8220;Bibliography" HEIGHT="48" WIDTH="378" VPOS="1168" HPOS="189"/>
<SP HEIGHT="37" WIDTH="43" VPOS="1178" HPOS="568"/>
<String CONTENT="of" HEIGHT="41" WIDTH="52" VPOS="1167" HPOS="612"/>
<SP HEIGHT="40" WIDTH="41" VPOS="1167" HPOS="665"/>
<String CONTENT="sources" HEIGHT="30" WIDTH="196" VPOS="1177" HPOS="707"/>
<SP HEIGHT="29" WIDTH="43" VPOS="1178" HPOS="904"/>
<String CONTENT="used" HEIGHT="39" WIDTH="119" VPOS="1168" HPOS="948"/>
<SP HEIGHT="40" WIDTH="42" VPOS="1167" HPOS="1068"/>
<String CONTENT="in" HEIGHT="39" WIDTH="50" VPOS="1167" HPOS="1111"/>
<SP HEIGHT="37" WIDTH="43" VPOS="1170" HPOS="1162"/>
<String CONTENT="the" HEIGHT="40" WIDTH="82" VPOS="1167" HPOS="1206"/>
<SP HEIGHT="39" WIDTH="43" VPOS="1177" HPOS="1289"/>
<String CONTENT="preparation" HEIGHT="49" WIDTH="317" VPOS="1167" HPOS="1333"/>
<SP HEIGHT="30" WIDTH="43" VPOS="1178" HPOS="1651"/>
<String CONTENT="of" HEIGHT="40" WIDTH="52" VPOS="1168" HPOS="1695"/>
<SP HEIGHT="40" WIDTH="40" VPOS="1168" HPOS="1748"/>
<String CONTENT="chapter" HEIGHT="48" WIDTH="204" VPOS="1168" HPOS="1789"/>
<SP HEIGHT="32" WIDTH="41" VPOS="1176" HPOS="1994"/>
<String CS="1" CONTENT="v&#8221;:" HEIGHT="41" WIDTH="53" VPOS="1167" HPOS="2036"/>
</TextLine>
<TextLine HEIGHT="48" WIDTH="288" VPOS="1223" HPOS="116">
<String CONTENT="p." HEIGHT="37" WIDTH="41" VPOS="1234" HPOS="116"/>
<SP HEIGHT="38" WIDTH="26" VPOS="1226" HPOS="158"/>
<String CONTENT="299-301." HEIGHT="43" WIDTH="219" VPOS="1223" HPOS="185"/>
</TextLine>
<TextLine HEIGHT="52" WIDTH="1915" VPOS="1278" HPOS="123" CS="1">
<String CONTENT="&#169;" HEIGHT="52" WIDTH="51" VPOS="1278" HPOS="123"/>
<SP HEIGHT="52" WIDTH="26" VPOS="1278" HPOS="175"/>
<String CONTENT="Nov." HEIGHT="39" WIDTH="119" VPOS="1283" HPOS="202"/>
<SP HEIGHT="40" WIDTH="26" VPOS="1282" HPOS="322"/>
<String CONTENT="1," HEIGHT="48" WIDTH="41" VPOS="1282" HPOS="349"/>
<SP HEIGHT="48" WIDTH="25" VPOS="1282" HPOS="391"/>
<String CONTENT="1929;" HEIGHT="47" WIDTH="141" VPOS="1281" HPOS="417"/>
<SP HEIGHT="46" WIDTH="26" VPOS="1282" HPOS="559"/>
<String CONTENT="2c." HEIGHT="40" WIDTH="70" VPOS="1282" HPOS="586"/>
<SP HEIGHT="42" WIDTH="27" VPOS="1280" HPOS="657"/>
<String CONTENT="Oct." HEIGHT="41" WIDTH="103" VPOS="1280" HPOS="685"/>
<SP HEIGHT="40" WIDTH="26" VPOS="1281" HPOS="789"/>
<String CONTENT="16;" HEIGHT="48" WIDTH="83" VPOS="1280" HPOS="816"/>
<SP HEIGHT="37" WIDTH="29" VPOS="1291" HPOS="900"/>
<String CS="1" CONTENT="aff."/>
<SP HEIGHT="40" WIDTH="26" VPOS="1280" HPOS="1014"/>
<String CONTENT="Nov." HEIGHT="40" WIDTH="120" VPOS="1280" HPOS="1041"/>
<SP HEIGHT="39" WIDTH="25" VPOS="1281" HPOS="1162"/>
<String CONTENT="25;" HEIGHT="47" WIDTH="84" VPOS="1280" HPOS="1188"/>
<SP HEIGHT="47" WIDTH="29" VPOS="1280" HPOS="1273"/>
<!-- cceid A820BB0F-6CFA-1014-9C3C-CEA95E7AA542 --><String CONTENT="A" HEIGHT="39" WIDTH="42" VPOS="1280" HPOS="1303"/>
<SP HEIGHT="39" WIDTH="26" VPOS="1280" HPOS="1346"/>
<String CONTENT="17035;" HEIGHT="49" WIDTH="172" VPOS="1279" HPOS="1373"/>
<SP HEIGHT="47" WIDTH="33" VPOS="1281" HPOS="1546"/>
<String CONTENT="Southwest" HEIGHT="41" WIDTH="280" VPOS="1281" HPOS="1580"/>
<SP HEIGHT="46" WIDTH="23" VPOS="1283" HPOS="1861"/>
<String CONTENT="press." HEIGHT="38" WIDTH="153" VPOS="1291" HPOS="1885"/>
</TextLine>
<TextLine HEIGHT="50" WIDTH="282" VPOS="1337" HPOS="198">
<String CONTENT="(29-27914)" HEIGHT="50" WIDTH="282" VPOS="1337" HPOS="198"/>
</TextLine>
<TextLine HEIGHT="65" WIDTH="1104" VPOS="1431" HPOS="115" STYLEREFS="StyleId-6CC2C2AD-24AE-4F5E-8318-F3ABC7490A28-">
<String CONTENT="Drinkwater," HEIGHT="65" WIDTH="398" VPOS="1431" HPOS="115"/>
<SP HEIGHT="65" WIDTH="27" VPOS="1431" HPOS="514"/>
<String CONTENT="John," HEIGHT="65" WIDTH="174" VPOS="1431" HPOS="542"/>
<SP HEIGHT="59" WIDTH="32" VPOS="1437" HPOS="717"/>
<String CONTENT="1882-" HEIGHT="50" WIDTH="171" VPOS="1435" HPOS="750"/>
<SP HEIGHT="36" WIDTH="210" VPOS="1447" HPOS="922"/>
<String CONTENT="ed." HEIGHT="55" WIDTH="86" VPOS="1431" HPOS="1133"/>
</TextLine>
<TextLine HEIGHT="73" WIDTH="1941" VPOS="1509" HPOS="183" STYLEREFS="StyleId-6CC2C2AD-24AE-4F5E-8318-F3ABC7490A28-">
<String CONTENT="Twentieth-century" HEIGHT="71" WIDTH="589" VPOS="1509" HPOS="183"/>
<SP HEIGHT="52" WIDTH="61" VPOS="1528" HPOS="773"/>
<String CONTENT="poetry," HEIGHT="64" WIDTH="221" VPOS="1515" HPOS="835"/>
<SP HEIGHT="51" WIDTH="62" VPOS="1528" HPOS="1057"/>
<String CONTENT="edited" HEIGHT="53" WIDTH="191" VPOS="1511" HPOS="1120"/>
<SP HEIGHT="53" WIDTH="62" VPOS="1511" HPOS="1312"/>
<String CONTENT="by" HEIGHT="69" WIDTH="76" VPOS="1512" HPOS="1375"/>
<SP HEIGHT="71" WIDTH="59" VPOS="1510" HPOS="1452"/>
<String CONTENT="John" HEIGHT="55" WIDTH="159" VPOS="1510" HPOS="1512"/>
<SP HEIGHT="52" WIDTH="59" VPOS="1512" HPOS="1672"/>
<String CONTENT="Drinkwater," HEIGHT="71" WIDTH="392" VPOS="1511" HPOS="1732"/>
</TextLine>
<TextLine HEIGHT="72" WIDTH="2003" VPOS="1587" HPOS="113" STYLEREFS="StyleId-6CC2C2AD-24AE-4F5E-8318-F3ABC7490A28-" CS="1">
<String CONTENT="Henry" HEIGHT="70" WIDTH="203" VPOS="1588" HPOS="113"/>
<SP HEIGHT="70" WIDTH="58" VPOS="1588" HPOS="317"/>
<String CONTENT="Seidel" HEIGHT="55" WIDTH="190" VPOS="1588" HPOS="376"/>
<SP HEIGHT="56" WIDTH="58" VPOS="1587" HPOS="567"/>
<String CONTENT="Canby" HEIGHT="72" WIDTH="202" VPOS="1587" HPOS="626"/>
<SP HEIGHT="53" WIDTH="56" VPOS="1606" HPOS="829"/>
<String CONTENT="and" HEIGHT="52" WIDTH="113" VPOS="1590" HPOS="886"/>
<SP HEIGHT="54" WIDTH="55" VPOS="1589" HPOS="1000"/>
<String CONTENT="William" HEIGHT="56" WIDTH="264" VPOS="1587" HPOS="1056"/>
<SP HEIGHT="52" WIDTH="53" VPOS="1589" HPOS="1321"/>
<String CONTENT="Rose" HEIGHT="54" WIDTH="149" VPOS="1589" HPOS="1375"/>
<SP HEIGHT="53" WIDTH="57" VPOS="1590" HPOS="1525"/>
<String LANG="fr" CONTENT="Ben" HEIGHT="51" WIDTH="122" VPOS="1590" HPOS="1583"/>
<String CS="1" CONTENT="&#233;"/>
<String LANG="fr" CONTENT="t." HEIGHT="48" WIDTH="40" VPOS="1594" HPOS="1740"/>
<SP HEIGHT="34" WIDTH="79" VPOS="1623" HPOS="1781"/>
<String CONTENT="[Boston]" HEIGHT="69" WIDTH="255" VPOS="1590" HPOS="1861"/>
</TextLine>
<TextLine HEIGHT="71" WIDTH="1063" VPOS="1665" HPOS="113" STYLEREFS="StyleId-6CC2C2AD-24AE-4F5E-8318-F3ABC7490A28-">
<String CONTENT="Houghton" HEIGHT="71" WIDTH="321" VPOS="1665" HPOS="113"/>
<SP HEIGHT="53" WIDTH="25" VPOS="1667" HPOS="435"/>
<String CONTENT="Mifflin" HEIGHT="54" WIDTH="204" VPOS="1666" HPOS="461"/>
<SP HEIGHT="35" WIDTH="27" VPOS="1685" HPOS="666"/>
<String CONTENT="company," HEIGHT="52" WIDTH="299" VPOS="1684" HPOS="694"/>
<SP HEIGHT="64" WIDTH="29" VPOS="1672" HPOS="994"/>
<String CONTENT="1929." HEIGHT="53" WIDTH="152" VPOS="1669" HPOS="1024"/>
</TextLine>
<TextLine HEIGHT="49" WIDTH="439" VPOS="1747" HPOS="182" STYLEREFS="StyleId-6CC2C2AD-24AE-4F5E-8318-F3ABC7490A28-" CS="1">
<String CONTENT="xxix," HEIGHT="48" WIDTH="135" VPOS="1748" HPOS="182"/>
<SP HEIGHT="49" WIDTH="28" VPOS="1747" HPOS="318"/>
<String CONTENT="636" HEIGHT="42" WIDTH="87" VPOS="1747" HPOS="347"/>
<SP HEIGHT="49" WIDTH="27" VPOS="1747" HPOS="435"/>
<String CONTENT="p." HEIGHT="38" WIDTH="45" VPOS="1758" HPOS="463"/>
<SP HEIGHT="42" WIDTH="54" VPOS="1747" HPOS="509"/>
<String CS="1" CONTENT="21&#189;" HEIGHT="40" WIDTH="57" VPOS="1747" HPOS="564"/>
<String STYLE="superscript" CS="1" CONTENT="&#7580;&#7504;."/>
</TextLine>
<TextLine HEIGHT="51" WIDTH="1324" VPOS="1803" HPOS="185" CS="1">
<String CONTENT="&#8220;Suggestions" HEIGHT="48" WIDTH="344" VPOS="1804" HPOS="185"/>
<SP HEIGHT="40" WIDTH="25" VPOS="1804" HPOS="530"/>
<String CONTENT="for" HEIGHT="40" WIDTH="81" VPOS="1804" HPOS="556"/>
<SP HEIGHT="38" WIDTH="26" VPOS="1804" HPOS="638"/>
<String CONTENT="further" HEIGHT="40" WIDTH="197" VPOS="1804" HPOS="665"/>
<SP HEIGHT="27" WIDTH="28" VPOS="1815" HPOS="863"/>
<String CONTENT="reading&#8221;:" HEIGHT="49" WIDTH="259" VPOS="1803" HPOS="892"/>
<SP HEIGHT="38" WIDTH="30" VPOS="1815" HPOS="1152"/>
<String CONTENT="p." HEIGHT="38" WIDTH="43" VPOS="1815" HPOS="1183"/>
<SP HEIGHT="30" WIDTH="31" VPOS="1823" HPOS="1227"/>
<String CS="1" CONTENT="[615]-620." HEIGHT="50" WIDTH="235" VPOS="1804" HPOS="1274"/>
</TextLine>
<TextLine HEIGHT="53" WIDTH="1997" VPOS="1858" HPOS="121" CS="1">
<String CONTENT="&#169;" HEIGHT="52" WIDTH="51" VPOS="1858" HPOS="121"/>
<SP HEIGHT="52" WIDTH="29" VPOS="1858" HPOS="173"/>
<String CONTENT="Nov." HEIGHT="39" WIDTH="120" VPOS="1863" HPOS="203"/>
<SP HEIGHT="41" WIDTH="28" VPOS="1861" HPOS="324"/>
<String CONTENT="22," HEIGHT="49" WIDTH="70" VPOS="1861" HPOS="353"/>
<SP HEIGHT="48" WIDTH="29" VPOS="1862" HPOS="424"/>
<String CS="1" CONTENT="1929;" HEIGHT="40" WIDTH="117" VPOS="1861" HPOS="454"/>
<SP HEIGHT="46" WIDTH="30" VPOS="1862" HPOS="596"/>
<String CONTENT="2c." HEIGHT="40" WIDTH="69" VPOS="1862" HPOS="627"/>
<SP HEIGHT="40" WIDTH="28" VPOS="1862" HPOS="697"/>
<String CONTENT="Nov." HEIGHT="40" WIDTH="120" VPOS="1862" HPOS="726"/>
<SP HEIGHT="41" WIDTH="26" VPOS="1861" HPOS="847"/>
<String CS="1" CONTENT="29;" HEIGHT="39" WIDTH="60" VPOS="1861" HPOS="874"/>
<SP HEIGHT="36" WIDTH="33" VPOS="1872" HPOS="960"/>
<String CS="1" CONTENT="aff." HEIGHT="42" WIDTH="82" VPOS="1860" HPOS="994"/>
<SP HEIGHT="41" WIDTH="30" VPOS="1861" HPOS="1077"/>
<String CONTENT="Nov." HEIGHT="41" WIDTH="119" VPOS="1861" HPOS="1108"/>
<SP HEIGHT="40" WIDTH="27" VPOS="1862" HPOS="1228"/>
<String CS="1" CONTENT="26;" HEIGHT="40" WIDTH="60" VPOS="1861" HPOS="1256"/>
<SP HEIGHT="47" WIDTH="32" VPOS="1862" HPOS="1341"/>
<!-- cceid A820E5CC-6CFA-1014-9C3C-CEA95E7AA542 --><String CONTENT="A" HEIGHT="39" WIDTH="42" VPOS="1862" HPOS="1374"/>
<SP HEIGHT="39" WIDTH="27" VPOS="1862" HPOS="1417"/>
<String CS="1" CONTENT="16134;" HEIGHT="41" WIDTH="145" VPOS="1861" HPOS="1445"/>
<SP HEIGHT="46" WIDTH="32" VPOS="1864" HPOS="1618"/>
<String CONTENT="Houghton" HEIGHT="48" WIDTH="268" VPOS="1863" HPOS="1651"/>
<SP HEIGHT="39" WIDTH="28" VPOS="1864" HPOS="1920"/>
<String CONTENT="Mifflin" HEIGHT="41" WIDTH="169" VPOS="1863" HPOS="1949"/>
</TextLine>
<TextLine HEIGHT="49" WIDTH="418" VPOS="1917" HPOS="191">
<String CONTENT="co." HEIGHT="29" WIDTH="67" VPOS="1929" HPOS="191"/>
<SP HEIGHT="48" WIDTH="69" VPOS="1918" HPOS="259"/>
<String CONTENT="(29-27945)" HEIGHT="49" WIDTH="280" VPOS="1917" HPOS="329"/>
</TextLine>
<TextLine HEIGHT="65" WIDTH="466" VPOS="2011" HPOS="113" STYLEREFS="StyleId-6CC2C2AD-24AE-4F5E-8318-F3ABC7490A28-">
<String CONTENT="Durand," HEIGHT="64" WIDTH="263" VPOS="2012" HPOS="113"/>
<SP HEIGHT="64" WIDTH="26" VPOS="2012" HPOS="377"/>
<String CONTENT="John." HEIGHT="56" WIDTH="175" VPOS="2011" HPOS="404"/>
</TextLine>
<TextLine HEIGHT="147" WIDTH="1982" VPOS="2087" HPOS="114" STYLEREFS="StyleId-6CC2C2AD-24AE-4F5E-8318-F3ABC7490A28-" CS="1">
<String CONTENT="How" HEIGHT="53" WIDTH="152" VPOS="2087" HPOS="184"/>
<SP HEIGHT="46" WIDTH="34" VPOS="2094" HPOS="337"/>
<String CONTENT="to" HEIGHT="47" WIDTH="59" VPOS="2094" HPOS="372"/>
<SP HEIGHT="34" WIDTH="34" VPOS="2107" HPOS="432"/>
<String CONTENT="secure" HEIGHT="35" WIDTH="189" VPOS="2107" HPOS="467"/>
<SP HEIGHT="35" WIDTH="35" VPOS="2107" HPOS="657"/>
<String CONTENT="continuous" HEIGHT="54" WIDTH="338" VPOS="2088" HPOS="693"/>
<SP HEIGHT="33" WIDTH="35" VPOS="2109" HPOS="1032"/>
<String CONTENT="security" HEIGHT="69" WIDTH="249" VPOS="2090" HPOS="1068"/>
<SP HEIGHT="50" WIDTH="36" VPOS="2109" HPOS="1318"/>
<String CONTENT="profits" HEIGHT="69" WIDTH="204" VPOS="2090" HPOS="1355"/>
<SP HEIGHT="52" WIDTH="36" VPOS="2092" HPOS="1560"/>
<String CONTENT="in" HEIGHT="52" WIDTH="60" VPOS="2092" HPOS="1597"/>
<SP HEIGHT="33" WIDTH="36" VPOS="2111" HPOS="1658"/>
<String CONTENT="modern" HEIGHT="53" WIDTH="238" VPOS="2093" HPOS="1695"/>
<SP HEIGHT="35" WIDTH="36" VPOS="2111" HPOS="1934"/>
<String CONTENT="markets," HEIGHT="122" WIDTH="1982" VPOS="2112" HPOS="114"/>
</TextLine>
<TextLine HEIGHT="73" WIDTH="1842" VPOS="2166" HPOS="278" STYLEREFS="StyleId-6CC2C2AD-24AE-4F5E-8318-F3ABC7490A28-">
<String CONTENT="by" HEIGHT="68" WIDTH="76" VPOS="2167" HPOS="278"/>
<SP HEIGHT="68" WIDTH="21" VPOS="2167" HPOS="355"/>
<String CONTENT="John" HEIGHT="54" WIDTH="158" VPOS="2167" HPOS="377"/>
<SP HEIGHT="53" WIDTH="21" VPOS="2166" HPOS="536"/>
<String CONTENT="Durand." HEIGHT="54" WIDTH="262" VPOS="2166" HPOS="558"/>
<SP HEIGHT="53" WIDTH="59" VPOS="2167" HPOS="821"/>
<String CONTENT="New" HEIGHT="53" WIDTH="140" VPOS="2167" HPOS="881"/>
<SP HEIGHT="52" WIDTH="26" VPOS="2168" HPOS="1022"/>
<String CONTENT="York" HEIGHT="52" WIDTH="163" VPOS="2168" HPOS="1049"/>
<SP HEIGHT="53" WIDTH="22" VPOS="2168" HPOS="1213"/>
<String CONTENT="city," HEIGHT="70" WIDTH="135" VPOS="2169" HPOS="1236"/>
<SP HEIGHT="70" WIDTH="25" VPOS="2169" HPOS="1372"/>
<String CONTENT="The" HEIGHT="53" WIDTH="122" VPOS="2169" HPOS="1398"/>
<SP HEIGHT="53" WIDTH="21" VPOS="2169" HPOS="1521"/>
<String CONTENT="Magazine" HEIGHT="70" WIDTH="305" VPOS="2169" HPOS="1543"/>
<SP HEIGHT="35" WIDTH="24" VPOS="2189" HPOS="1849"/>
<String CONTENT="of" HEIGHT="54" WIDTH="65" VPOS="2170" HPOS="1874"/>
<SP HEIGHT="56" WIDTH="22" VPOS="2170" HPOS="1940"/>
<String CONTENT="Wall" HEIGHT="55" WIDTH="157" VPOS="2171" HPOS="1963"/>
</TextLine>
<TextLine HEIGHT="64" WIDTH="401" VPOS="2247" HPOS="114" STYLEREFS="StyleId-6CC2C2AD-24AE-4F5E-8318-F3ABC7490A28-" CS="1">
<String CONTENT="street" HEIGHT="47" WIDTH="173" VPOS="2250" HPOS="114"/>
<SP HEIGHT="61" WIDTH="33" VPOS="2250" HPOS="288"/>
<String CONTENT="[" HEIGHT="34" WIDTH="13" VPOS="2277" HPOS="322"/>
<String STYLE="superscript" CS="1" CONTENT="&#7580;19"/>
<String CONTENT="29]" HEIGHT="64" WIDTH="85" VPOS="2247" HPOS="430"/>
</TextLine>
<TextLine HEIGHT="49" WIDTH="1100" VPOS="2325" HPOS="186" CS="1">
<String CONTENT="vi" HEIGHT="40" WIDTH="49" VPOS="2325" HPOS="186"/>
<SP HEIGHT="49" WIDTH="24" VPOS="2325" HPOS="236"/>
<String LANG="fr" CONTENT="p.," HEIGHT="38" WIDTH="57" VPOS="2336" HPOS="261"/>
<SP HEIGHT="48" WIDTH="25" VPOS="2326" HPOS="319"/>
<String CONTENT="1" HEIGHT="39" WIDTH="24" VPOS="2326" HPOS="345"/>
<SP HEIGHT="39" WIDTH="26" VPOS="2326" HPOS="370"/>
<String CS="1" CONTENT="l.,"/>
<SP HEIGHT="47" WIDTH="26" VPOS="2326" HPOS="443"/>
<String CONTENT="205" HEIGHT="41" WIDTH="86" VPOS="2325" HPOS="470"/>
<SP HEIGHT="48" WIDTH="25" VPOS="2326" HPOS="557"/>
<String CONTENT="p." HEIGHT="37" WIDTH="44" VPOS="2337" HPOS="583"/>
<SP HEIGHT="42" WIDTH="23" VPOS="2326" HPOS="628"/>
<String CONTENT="incl." HEIGHT="40" WIDTH="111" VPOS="2326" HPOS="652"/>
<SP HEIGHT="37" WIDTH="25" VPOS="2329" HPOS="764"/>
<String CONTENT="tables," HEIGHT="48" WIDTH="170" VPOS="2326" HPOS="790"/>
<SP HEIGHT="46" WIDTH="27" VPOS="2328" HPOS="961"/>
<String CONTENT="diagrs." HEIGHT="48" WIDTH="180" VPOS="2326" HPOS="989"/>
<SP HEIGHT="37" WIDTH="59" VPOS="2329" HPOS="1170"/>
<String CS="1" CONTENT="19&#189;" HEIGHT="40" WIDTH="56" VPOS="2327" HPOS="1230"/>
<String STYLE="superscript" CS="1" CONTENT="&#7580;&#7504;."/>
</TextLine>
<TextLine HEIGHT="57" WIDTH="1998" VPOS="2379" HPOS="121" CS="1">
<String CONTENT="&#169;" HEIGHT="52" WIDTH="51" VPOS="2379" HPOS="121"/>
<SP HEIGHT="52" WIDTH="26" VPOS="2379" HPOS="173"/>
<String CONTENT="Nov." HEIGHT="41" WIDTH="120" VPOS="2383" HPOS="200"/>
<SP HEIGHT="39" WIDTH="23" VPOS="2384" HPOS="321"/>
<String CONTENT="4," HEIGHT="47" WIDTH="41" VPOS="2384" HPOS="345"/>
<SP HEIGHT="47" WIDTH="26" VPOS="2384" HPOS="387"/>
<String CS="1" CONTENT="1929;" HEIGHT="41" WIDTH="114" VPOS="2383" HPOS="414"/>
<SP HEIGHT="48" WIDTH="26" VPOS="2383" HPOS="556"/>
<String CONTENT="2c." HEIGHT="41" WIDTH="69" VPOS="2383" HPOS="583"/>
<SP HEIGHT="31" WIDTH="25" VPOS="2393" HPOS="653"/>
<String CONTENT="and" HEIGHT="39" WIDTH="97" VPOS="2385" HPOS="679"/>
<SP HEIGHT="39" WIDTH="24" VPOS="2385" HPOS="777"/>
<String CONTENT="aff." HEIGHT="43" WIDTH="83" VPOS="2383" HPOS="802"/>
<SP HEIGHT="41" WIDTH="25" VPOS="2385" HPOS="886"/>
<String CONTENT="Nov." HEIGHT="40" WIDTH="120" VPOS="2385" HPOS="912"/>
<SP HEIGHT="39" WIDTH="26" VPOS="2386" HPOS="1033"/>
<String CS="1" CONTENT="7;" HEIGHT="38" WIDTH="24" VPOS="2386" HPOS="1060"/>
<SP HEIGHT="47" WIDTH="29" VPOS="2385" HPOS="1112"/>
<!-- cceid A8211B62-6CFA-1014-9C3C-CEA95E7AA542 --><String CONTENT="A" HEIGHT="39" WIDTH="41" VPOS="2385" HPOS="1142"/>
<SP HEIGHT="39" WIDTH="25" VPOS="2385" HPOS="1184"/>
<String CS="1" CONTENT="15531;" HEIGHT="41" WIDTH="143" VPOS="2385" HPOS="1210"/>
<SP HEIGHT="47" WIDTH="28" VPOS="2386" HPOS="1383"/>
<String CONTENT="Ticker" HEIGHT="40" WIDTH="176" VPOS="2386" HPOS="1412"/>
<SP HEIGHT="38" WIDTH="26" VPOS="2397" HPOS="1589"/>
<String CONTENT="pub." HEIGHT="48" WIDTH="110" VPOS="2387" HPOS="1616"/>
<SP HEIGHT="31" WIDTH="27" VPOS="2398" HPOS="1727"/>
<String CONTENT="co.," HEIGHT="39" WIDTH="83" VPOS="2397" HPOS="1755"/>
<SP HEIGHT="48" WIDTH="26" VPOS="2388" HPOS="1839"/>
<String CONTENT="inc.," HEIGHT="47" WIDTH="105" VPOS="2388" HPOS="1866"/>
<SP HEIGHT="47" WIDTH="28" VPOS="2388" HPOS="1972"/>
<String CONTENT="New" HEIGHT="40" WIDTH="118" VPOS="2388" HPOS="2001"/>
</TextLine>
<TextLine HEIGHT="50" WIDTH="497" VPOS="2439" HPOS="187">
<String CONTENT="York." HEIGHT="40" WIDTH="146" VPOS="2440" HPOS="187"/>
<SP HEIGHT="48" WIDTH="68" VPOS="2440" HPOS="334"/>
<String CONTENT="(29-27657)" HEIGHT="50" WIDTH="281" VPOS="2439" HPOS="403"/>
</TextLine>
<TextLine HEIGHT="65" WIDTH="959" VPOS="2533" HPOS="113" STYLEREFS="StyleId-6CC2C2AD-24AE-4F5E-8318-F3ABC7490A28-">
<String CONTENT="Dwyer," HEIGHT="63" WIDTH="234" VPOS="2534" HPOS="113"/>
<SP HEIGHT="64" WIDTH="25" VPOS="2533" HPOS="348"/>
<String CONTENT="James" HEIGHT="53" WIDTH="203" VPOS="2533" HPOS="374"/>
<SP HEIGHT="52" WIDTH="24" VPOS="2534" HPOS="578"/>
<String CONTENT="Francis," HEIGHT="65" WIDTH="266" VPOS="2533" HPOS="603"/>
<SP HEIGHT="56" WIDTH="30" VPOS="2542" HPOS="870"/>
<String CONTENT="1874-" HEIGHT="51" WIDTH="171" VPOS="2539" HPOS="901"/>
</TextLine>
<TextLine HEIGHT="73" WIDTH="1873" VPOS="2611" HPOS="247" STYLEREFS="StyleId-6CC2C2AD-24AE-4F5E-8318-F3ABC7490A28-" CS="1">
<String CS="1" CONTENT="&#8230;"/>
<SP HEIGHT="51" WIDTH="38" VPOS="2611" HPOS="247"/>
<String CONTENT="Evelyn," HEIGHT="67" WIDTH="242" VPOS="2611" HPOS="286"/>
<SP HEIGHT="48" WIDTH="31" VPOS="2630" HPOS="529"/>
<String CONTENT="something" HEIGHT="69" WIDTH="324" VPOS="2611" HPOS="561"/>
<SP HEIGHT="50" WIDTH="31" VPOS="2630" HPOS="886"/>
<String CONTENT="more" HEIGHT="35" WIDTH="156" VPOS="2629" HPOS="918"/>
<SP HEIGHT="44" WIDTH="32" VPOS="2620" HPOS="1075"/>
<String CONTENT="than" HEIGHT="51" WIDTH="140" VPOS="2613" HPOS="1108"/>
<SP HEIGHT="34" WIDTH="37" VPOS="2631" HPOS="1249"/>
<String CONTENT="a" HEIGHT="34" WIDTH="32" VPOS="2631" HPOS="1287"/>
<SP HEIGHT="35" WIDTH="32" VPOS="2631" HPOS="1320"/>
<String CONTENT="story." HEIGHT="64" WIDTH="177" VPOS="2619" HPOS="1353"/>
<SP HEIGHT="52" WIDTH="69" VPOS="2615" HPOS="1531"/>
<String CONTENT="New" HEIGHT="53" WIDTH="140" VPOS="2615" HPOS="1601"/>
<SP HEIGHT="52" WIDTH="36" VPOS="2616" HPOS="1742"/>
<String CONTENT="York," HEIGHT="68" WIDTH="181" VPOS="2616" HPOS="1779"/>
<SP HEIGHT="66" WIDTH="35" VPOS="2618" HPOS="1961"/>
<String CONTENT="The" HEIGHT="52" WIDTH="123" VPOS="2618" HPOS="1997"/>
</TextLine>
<TextLine HEIGHT="69" WIDTH="733" VPOS="2687" HPOS="119" STYLEREFS="StyleId-6CC2C2AD-24AE-4F5E-8318-F3ABC7490A28-" CS="1">
<String CONTENT="Vanguard" HEIGHT="69" WIDTH="314" VPOS="2687" HPOS="119"/>
<SP HEIGHT="69" WIDTH="29" VPOS="2687" HPOS="434"/>
<String CONTENT="press" HEIGHT="50" WIDTH="157" VPOS="2706" HPOS="464"/>
<SP/>
<String CS="1" CONTENT="[&#7580;1929]" HEIGHT="65" WIDTH="86" VPOS="2691" HPOS="766"/>
</TextLine>
<TextLine HEIGHT="51" WIDTH="638" VPOS="2768" HPOS="188" CS="1">
<String CONTENT="5" HEIGHT="40" WIDTH="26" VPOS="2768" HPOS="188"/>
<SP HEIGHT="49" WIDTH="27" VPOS="2768" HPOS="215"/>
<String LANG="fr" CONTENT="p." HEIGHT="37" WIDTH="42" VPOS="2780" HPOS="243"/>
<SP HEIGHT="39" WIDTH="27" VPOS="2770" HPOS="286"/>
<String CS="1" CONTENT="l.,"/>
<SP HEIGHT="48" WIDTH="28" VPOS="2769" HPOS="360"/>
<String CONTENT="3-214," HEIGHT="48" WIDTH="158" VPOS="2769" HPOS="389"/>
<SP HEIGHT="30" WIDTH="32" VPOS="2789" HPOS="548"/>
<String CONTENT="[1]" HEIGHT="49" WIDTH="56" VPOS="2770" HPOS="581"/>
<SP HEIGHT="39" WIDTH="27" VPOS="2780" HPOS="638"/>
<String CONTENT="p." HEIGHT="38" WIDTH="45" VPOS="2780" HPOS="666"/>
<SP HEIGHT="40" WIDTH="57" VPOS="2771" HPOS="712"/>
<String CS="1" CONTENT="19&#189;" HEIGHT="40" WIDTH="56" VPOS="2770" HPOS="770"/>
<String STYLE="superscript" CS="1" CONTENT="&#7580;&#7504;."/>
</TextLine>
<TextLine HEIGHT="59" WIDTH="1995" VPOS="2822" HPOS="122" CS="1">
<String CONTENT="&#169;" HEIGHT="52" WIDTH="51" VPOS="2822" HPOS="122"/>
<SP HEIGHT="52" WIDTH="31" VPOS="2822" HPOS="174"/>
<String CONTENT="Nov." HEIGHT="41" WIDTH="120" VPOS="2827" HPOS="206"/>
<SP HEIGHT="40" WIDTH="27" VPOS="2828" HPOS="327"/>
<String CONTENT="21," HEIGHT="49" WIDTH="71" VPOS="2827" HPOS="355"/>
<SP HEIGHT="47" WIDTH="31" VPOS="2829" HPOS="427"/>
<String CONTENT="1929;" HEIGHT="47" WIDTH="140" VPOS="2827" HPOS="459"/>
<SP HEIGHT="46" WIDTH="31" VPOS="2828" HPOS="600"/>
<String CONTENT="2c." HEIGHT="40" WIDTH="68" VPOS="2828" HPOS="632"/>
<SP HEIGHT="40" WIDTH="30" VPOS="2828" HPOS="701"/>
<String CONTENT="Nov." HEIGHT="41" WIDTH="120" VPOS="2828" HPOS="732"/>
<SP HEIGHT="41" WIDTH="29" VPOS="2828" HPOS="853"/>
<String CONTENT="26;" HEIGHT="47" WIDTH="84" VPOS="2828" HPOS="883"/>
<SP HEIGHT="36" WIDTH="34" VPOS="2839" HPOS="968"/>
<String CS="1" CONTENT="aff." HEIGHT="30" WIDTH="82" VPOS="2839" HPOS="1003"/>
<SP HEIGHT="40" WIDTH="31" VPOS="2829" HPOS="1086"/>
<String CONTENT="Nov." HEIGHT="41" WIDTH="119" VPOS="2829" HPOS="1118"/>
<SP HEIGHT="41" WIDTH="31" VPOS="2829" HPOS="1238"/>
<String CONTENT="27;" HEIGHT="48" WIDTH="83" VPOS="2829" HPOS="1270"/>
<SP HEIGHT="46" WIDTH="34" VPOS="2831" HPOS="1354"/>
<!-- cceid A8214E98-6CFA-1014-9C3C-CEA95E7AA542 --><String CONTENT="A" HEIGHT="39" WIDTH="41" VPOS="2831" HPOS="1389"/>
<SP HEIGHT="39" WIDTH="30" VPOS="2831" HPOS="1431"/>
<String CONTENT="17074;" HEIGHT="48" WIDTH="171" VPOS="2831" HPOS="1462"/>
<SP HEIGHT="46" WIDTH="34" VPOS="2833" HPOS="1634"/>
<String CONTENT="Vanguard" HEIGHT="48" WIDTH="266" VPOS="2833" HPOS="1669"/>
<SP HEIGHT="46" WIDTH="29" VPOS="2835" HPOS="1936"/>
<String CONTENT="press," HEIGHT="38" WIDTH="151" VPOS="2843" HPOS="1966"/>
</TextLine>
<TextLine HEIGHT="50" WIDTH="443" VPOS="2883" HPOS="188">
<String CONTENT="inc." HEIGHT="41" WIDTH="92" VPOS="2883" HPOS="188"/>
<SP HEIGHT="48" WIDTH="68" VPOS="2884" HPOS="281"/>
<String CONTENT="(29-27799)" HEIGHT="50" WIDTH="281" VPOS="2883" HPOS="350"/>
</TextLine>
<TextLine HEIGHT="66" WIDTH="597" VPOS="2976" HPOS="115" STYLEREFS="StyleId-6CC2C2AD-24AE-4F5E-8318-F3ABC7490A28-">
<String LANG="de" CONTENT="Eggebrecht," HEIGHT="66" WIDTH="397" VPOS="2976" HPOS="115"/>
<SP HEIGHT="64" WIDTH="29" VPOS="2978" HPOS="513"/>
<String LANG="en-US" CONTENT="Axel." HEIGHT="55" WIDTH="169" VPOS="2978" HPOS="543"/>
</TextLine>
<TextLine HEIGHT="132" WIDTH="1983" VPOS="3055" HPOS="112" STYLEREFS="StyleId-6CC2C2AD-24AE-4F5E-8318-F3ABC7490A28-" CS="1">
<String LANG="de" CONTENT="Leben" HEIGHT="54" WIDTH="189" VPOS="3055" HPOS="182"/>
<SP HEIGHT="34" WIDTH="30" VPOS="3075" HPOS="372"/>
<String LANG="de" CONTENT="einer" HEIGHT="52" WIDTH="154" VPOS="3057" HPOS="403"/>
<SP HEIGHT="51" WIDTH="29" VPOS="3075" HPOS="558"/>
<String LANG="en-US" CONTENT="prinzessin;" HEIGHT="70" WIDTH="345" VPOS="3056" HPOS="588"/>
<SP HEIGHT="49" WIDTH="35" VPOS="3077" HPOS="934"/>
<String LANG="en-US" CONTENT="amor" HEIGHT="35" WIDTH="158" VPOS="3077" HPOS="970"/>
<SP HEIGHT="33" WIDTH="30" VPOS="3079" HPOS="1129"/>
<String LANG="la" CONTENT="vacui," HEIGHT="68" WIDTH="183" VPOS="3061" HPOS="1160"/>
<SP HEIGHT="48" WIDTH="31" VPOS="3081" HPOS="1344"/>
<String LANG="en-US" CONTENT="roman" HEIGHT="36" WIDTH="200" VPOS="3078" HPOS="1376"/>
<SP HEIGHT="34" WIDTH="30" VPOS="3081" HPOS="1577"/>
<String LANG="en-US" CONTENT="von" HEIGHT="34" WIDTH="110" VPOS="3081" HPOS="1608"/>
<SP HEIGHT="53" WIDTH="28" VPOS="3062" HPOS="1719"/>
<String LANG="en-US" CONTENT="Axel" HEIGHT="53" WIDTH="152" VPOS="3062" HPOS="1748"/>
<SP HEIGHT="52" WIDTH="30" VPOS="3063" HPOS="1901"/>
<String LANG="en-US" CONTENT="Eggebrecht." HEIGHT="123" WIDTH="1983" VPOS="3064" HPOS="112"/>
</TextLine>
<TextLine HEIGHT="70" WIDTH="735" VPOS="3134" HPOS="399" STYLEREFS="StyleId-6CC2C2AD-24AE-4F5E-8318-F3ABC7490A28-" CS="1">
<String CONTENT="Leipzig," HEIGHT="69" WIDTH="256" VPOS="3135" HPOS="399"/>
<SP HEIGHT="67" WIDTH="28" VPOS="3136" HPOS="656"/>
<String CONTENT="P." HEIGHT="52" WIDTH="65" VPOS="3136" HPOS="685"/>
<SP HEIGHT="51" WIDTH="28" VPOS="3136" HPOS="751"/>
<String CONTENT="List" HEIGHT="55" WIDTH="129" VPOS="3134" HPOS="780"/>
<SP/>
<String CS="1" CONTENT="[&#7580;1929]" HEIGHT="65" WIDTH="85" VPOS="3139" HPOS="1049"/>
</TextLine>
<TextLine HEIGHT="49" WIDTH="275" VPOS="3214" HPOS="182" CS="1">
<String CONTENT="287" HEIGHT="41" WIDTH="88" VPOS="3215" HPOS="182"/>
<SP HEIGHT="47" WIDTH="23" VPOS="3216" HPOS="271"/>
<String CONTENT="p." HEIGHT="38" WIDTH="45" VPOS="3225" HPOS="295"/>
<SP HEIGHT="41" WIDTH="57" VPOS="3215" HPOS="341"/>
<String CS="1" CONTENT="19&#189;&#7580;&#7504;." HEIGHT="42" WIDTH="58" VPOS="3214" HPOS="399"/>
</TextLine>
<TextLine HEIGHT="60" WIDTH="1831" VPOS="3268" HPOS="123" CS="1">
<String CONTENT="&#169;" HEIGHT="52" WIDTH="51" VPOS="3268" HPOS="123"/>
<SP HEIGHT="52" WIDTH="27" VPOS="3268" HPOS="175"/>
<String CONTENT="Apr." HEIGHT="48" WIDTH="115" VPOS="3272" HPOS="203"/>
<SP HEIGHT="40" WIDTH="24" VPOS="3273" HPOS="319"/>
<String CONTENT="29," HEIGHT="50" WIDTH="72" VPOS="3271" HPOS="344"/>
<SP HEIGHT="48" WIDTH="24" VPOS="3273" HPOS="417"/>
<String CS="1" CONTENT="1929;" HEIGHT="40" WIDTH="117" VPOS="3272" HPOS="442"/>
<SP HEIGHT="46" WIDTH="29" VPOS="3274" HPOS="584"/>
<String CONTENT="1c." HEIGHT="39" WIDTH="68" VPOS="3274" HPOS="614"/>
<SP HEIGHT="39" WIDTH="25" VPOS="3274" HPOS="683"/>
<String CONTENT="Aug." HEIGHT="47" WIDTH="121" VPOS="3274" HPOS="709"/>
<SP HEIGHT="40" WIDTH="26" VPOS="3274" HPOS="831"/>
<String CS="1" CONTENT="14;" HEIGHT="39" WIDTH="55" VPOS="3273" HPOS="858"/>
<SP HEIGHT="46" WIDTH="29" VPOS="3274" HPOS="940"/>
<!-- cceid A821821A-6CFA-1014-9C3C-CEA95E7AA542 --><String CONTENT="A&#8212;Foreign" HEIGHT="49" WIDTH="314" VPOS="3274" HPOS="970"/>
<SP HEIGHT="38" WIDTH="25" VPOS="3277" HPOS="1285"/>
<String CS="1" CONTENT="4280;" HEIGHT="41" WIDTH="117" VPOS="3275" HPOS="1311"/>
<SP HEIGHT="46" WIDTH="31" VPOS="3277" HPOS="1454"/>
<String CONTENT="Paul" HEIGHT="40" WIDTH="124" VPOS="3277" HPOS="1486"/>
<SP HEIGHT="40" WIDTH="26" VPOS="3277" HPOS="1611"/>
<String CONTENT="List" HEIGHT="42" WIDTH="107" VPOS="3277" HPOS="1638"/>
<SP HEIGHT="39" WIDTH="26" VPOS="3280" HPOS="1746"/>
<String CONTENT="verlag." HEIGHT="49" WIDTH="181" VPOS="3279" HPOS="1773"/>
</TextLine>
<TextLine HEIGHT="50" WIDTH="281" VPOS="3328" HPOS="200">
<String CONTENT="(29-28081)" HEIGHT="50" WIDTH="281" VPOS="3328" HPOS="200"/>
</TextLine>
<TextLine HEIGHT="131" WIDTH="1982" VPOS="3410" HPOS="114" STYLEREFS="StyleId-6CC2C2AD-24AE-4F5E-8318-F3ABC7490A28-" CS="1">
<String CONTENT="The" HEIGHT="54" WIDTH="121" VPOS="3410" HPOS="114"/>
<SP HEIGHT="54" WIDTH="34" VPOS="3410" HPOS="236"/>
<String CONTENT="Federal" HEIGHT="52" WIDTH="245" VPOS="3410" HPOS="271"/>
<SP HEIGHT="54" WIDTH="33" VPOS="3410" HPOS="517"/>
<String CONTENT="reporter." HEIGHT="64" WIDTH="273" VPOS="3415" HPOS="551"/>
<SP HEIGHT="55" WIDTH="77" VPOS="3411" HPOS="825"/>
<String CONTENT="Second" HEIGHT="55" WIDTH="220" VPOS="3411" HPOS="903"/>
<SP HEIGHT="53" WIDTH="33" VPOS="3414" HPOS="1124"/>
<String CONTENT="series." HEIGHT="54" WIDTH="185" VPOS="3413" HPOS="1158"/>
<SP HEIGHT="55" WIDTH="76" VPOS="3413" HPOS="1344"/>
<String CONTENT="Cases" HEIGHT="55" WIDTH="169" VPOS="3413" HPOS="1421"/>
<SP HEIGHT="34" WIDTH="34" VPOS="3435" HPOS="1591"/>
<String CONTENT="argued" HEIGHT="67" WIDTH="216" VPOS="3419" HPOS="1626"/>
<SP HEIGHT="53" WIDTH="32" VPOS="3419" HPOS="1843"/>
<String CONTENT="and" HEIGHT="53" WIDTH="114" VPOS="3421" HPOS="1876"/>
<SP HEIGHT="53" WIDTH="35" VPOS="3421" HPOS="1991"/>
<String CONTENT="determined" HEIGHT="119" WIDTH="1905" VPOS="3422" HPOS="191"/>
</TextLine>
<TextLine HEIGHT="71" WIDTH="1623" VPOS="3487" HPOS="496" STYLEREFS="StyleId-6CC2C2AD-24AE-4F5E-8318-F3ABC7490A28-">
<String CONTENT="in" HEIGHT="53" WIDTH="60" VPOS="3488" HPOS="496"/>
<SP HEIGHT="47" WIDTH="21" VPOS="3494" HPOS="557"/>
<String CONTENT="the" HEIGHT="52" WIDTH="96" VPOS="3488" HPOS="579"/>
<SP HEIGHT="55" WIDTH="26" VPOS="3487" HPOS="676"/>
<String CONTENT="Circuit" HEIGHT="55" WIDTH="223" VPOS="3487" HPOS="703"/>
<SP HEIGHT="48" WIDTH="22" VPOS="3493" HPOS="927"/>
<String CONTENT="courts" HEIGHT="47" WIDTH="188" VPOS="3495" HPOS="950"/>
<SP HEIGHT="34" WIDTH="25" VPOS="3508" HPOS="1139"/>
<String CONTENT="of" HEIGHT="53" WIDTH="64" VPOS="3489" HPOS="1165"/>
<SP HEIGHT="53" WIDTH="25" VPOS="3489" HPOS="1230"/>
<String CONTENT="appeals" HEIGHT="66" WIDTH="235" VPOS="3492" HPOS="1256"/>
<SP HEIGHT="34" WIDTH="25" VPOS="3510" HPOS="1492"/>
<String CONTENT="and" HEIGHT="53" WIDTH="114" VPOS="3493" HPOS="1518"/>
<SP HEIGHT="53" WIDTH="22" VPOS="3493" HPOS="1633"/>
<String CONTENT="District" HEIGHT="55" WIDTH="249" VPOS="3493" HPOS="1656"/>
<SP HEIGHT="50" WIDTH="22" VPOS="3500" HPOS="1906"/>
<String CONTENT="courts" HEIGHT="49" WIDTH="190" VPOS="3502" HPOS="1929"/>
</TextLine>
<TextLine HEIGHT="149" WIDTH="1902" VPOS="3563" HPOS="192" STYLEREFS="StyleId-6CC2C2AD-24AE-4F5E-8318-F3ABC7490A28-" CS="1">
<String CONTENT="of" HEIGHT="55" WIDTH="64" VPOS="3563" HPOS="192"/>
<SP HEIGHT="55" WIDTH="30" VPOS="3563" HPOS="257"/>
<String CONTENT="the" HEIGHT="53" WIDTH="96" VPOS="3565" HPOS="288"/>
<SP HEIGHT="54" WIDTH="29" VPOS="3565" HPOS="385"/>
<String CONTENT="United" HEIGHT="54" WIDTH="221" VPOS="3565" HPOS="415"/>
<SP HEIGHT="56" WIDTH="34" VPOS="3564" HPOS="637"/>
<String CONTENT="States" HEIGHT="56" WIDTH="189" VPOS="3564" HPOS="672"/>
<SP HEIGHT="34" WIDTH="34" VPOS="3584" HPOS="862"/>
<String CONTENT="and" HEIGHT="51" WIDTH="113" VPOS="3567" HPOS="897"/>
<SP HEIGHT="51" WIDTH="32" VPOS="3567" HPOS="1011"/>
<String CONTENT="the" HEIGHT="52" WIDTH="97" VPOS="3567" HPOS="1044"/>
<SP HEIGHT="55" WIDTH="34" VPOS="3565" HPOS="1142"/>
<String CONTENT="Court" HEIGHT="55" WIDTH="180" VPOS="3565" HPOS="1177"/>
<SP HEIGHT="47" WIDTH="33" VPOS="3573" HPOS="1358"/>
<String CONTENT="of" HEIGHT="52" WIDTH="64" VPOS="3568" HPOS="1392"/>
<SP HEIGHT="53" WIDTH="32" VPOS="3568" HPOS="1457"/>
<String CONTENT="appeals" HEIGHT="67" WIDTH="234" VPOS="3571" HPOS="1490"/>
<SP HEIGHT="35" WIDTH="31" VPOS="3590" HPOS="1725"/>
<String CONTENT="of" HEIGHT="54" WIDTH="67" VPOS="3571" HPOS="1757"/>
<SP HEIGHT="55" WIDTH="30" VPOS="3571" HPOS="1825"/>
<String CONTENT="the" HEIGHT="53" WIDTH="97" VPOS="3573" HPOS="1856"/>
<SP HEIGHT="53" WIDTH="31" VPOS="3574" HPOS="1954"/>
<String CONTENT="District" HEIGHT="121" WIDTH="1902" VPOS="3574" HPOS="192"/>
<SP HEIGHT="49" WIDTH="22" VPOS="3646" HPOS="329"/>
<String CONTENT="of" HEIGHT="54" WIDTH="64" VPOS="3641" HPOS="352"/>
<SP HEIGHT="55" WIDTH="24" VPOS="3641" HPOS="417"/>
<String CONTENT="Columbia," HEIGHT="69" WIDTH="317" VPOS="3641" HPOS="442"/>
<SP HEIGHT="48" WIDTH="25" VPOS="3662" HPOS="760"/>
<String CONTENT="with" HEIGHT="52" WIDTH="140" VPOS="3643" HPOS="786"/>
<SP HEIGHT="53" WIDTH="23" VPOS="3642" HPOS="927"/>
<String CONTENT="key-number" HEIGHT="70" WIDTH="377" VPOS="3642" HPOS="951"/>
</TextLine>
<TextLine HEIGHT="74" WIDTH="755" VPOS="3647" HPOS="1352" STYLEREFS="StyleId-6CC2C2AD-24AE-4F5E-8318-F3ABC7490A28-">
<String CONTENT="annotations," HEIGHT="55" WIDTH="381" VPOS="3647" HPOS="1352"/>
<SP HEIGHT="33" WIDTH="61" VPOS="3669" HPOS="1734"/>
<String CONTENT="v." HEIGHT="33" WIDTH="51" VPOS="3669" HPOS="1796"/>
<SP HEIGHT="49" WIDTH="26" VPOS="3653" HPOS="1848"/>
<String CONTENT="33" HEIGHT="50" WIDTH="66" VPOS="3653" HPOS="1875"/>
<SP HEIGHT="70" WIDTH="37" VPOS="3651" HPOS="1942"/>
<String CONTENT="(2d)" HEIGHT="70" WIDTH="127" VPOS="3651" HPOS="1980"/>
</TextLine>
<TextLine HEIGHT="81" WIDTH="1929" VPOS="3717" HPOS="190" STYLEREFS="StyleId-6CC2C2AD-24AE-4F5E-8318-F3ABC7490A28-">
<String LANG="de" CONTENT="August-September," HEIGHT="71" WIDTH="620" VPOS="3717" HPOS="190"/>
<SP HEIGHT="63" WIDTH="45" VPOS="3724" HPOS="811"/>
<String LANG="en-US" CONTENT="1929." HEIGHT="49" WIDTH="151" VPOS="3723" HPOS="857"/>
<SP HEIGHT="55" WIDTH="83" VPOS="3719" HPOS="1009"/>
<String LANG="en-US" CONTENT="St." HEIGHT="55" WIDTH="83" VPOS="3719" HPOS="1093"/>
<SP HEIGHT="51" WIDTH="46" VPOS="3722" HPOS="1177"/>
<String LANG="en-US" CONTENT="Paul," HEIGHT="67" WIDTH="166" VPOS="3722" HPOS="1224"/>
<SP HEIGHT="67" WIDTH="41" VPOS="3722" HPOS="1391"/>
<String LANG="en-US" CONTENT="West" HEIGHT="55" WIDTH="163" VPOS="3722" HPOS="1433"/>
<SP HEIGHT="65" WIDTH="40" VPOS="3729" HPOS="1597"/>
<String LANG="en-US" CONTENT="publishing" HEIGHT="73" WIDTH="338" VPOS="3725" HPOS="1638"/>
<SP HEIGHT="51" WIDTH="42" VPOS="3747" HPOS="1977"/>
<String LANG="en-US" CONTENT="co.," HEIGHT="47" WIDTH="99" VPOS="3747" HPOS="2020"/>
</TextLine>
<TextLine HEIGHT="50" WIDTH="151" VPOS="3799" HPOS="194" STYLEREFS="StyleId-6CC2C2AD-24AE-4F5E-8318-F3ABC7490A28-">
<String CONTENT="1929." HEIGHT="50" WIDTH="151" VPOS="3799" HPOS="194"/>
</TextLine>
<TextLine HEIGHT="50" WIDTH="754" VPOS="3877" HPOS="294" CS="1">
<String CS="1" CONTENT="xxv," HEIGHT="17" WIDTH="9" VPOS="3910" HPOS="294"/>
<SP HEIGHT="48" WIDTH="29" VPOS="3879" HPOS="304"/>
<String CONTENT="1082" HEIGHT="42" WIDTH="114" VPOS="3877" HPOS="334"/>
<SP HEIGHT="46" WIDTH="30" VPOS="3880" HPOS="449"/>
<String CONTENT="p." HEIGHT="37" WIDTH="43" VPOS="3889" HPOS="480"/>
<SP HEIGHT="40" WIDTH="56" VPOS="3878" HPOS="524"/>
<String CS="1" CONTENT="front."/>
<SP HEIGHT="48" WIDTH="26" VPOS="3879" HPOS="733"/>
<String CONTENT="(map)" HEIGHT="49" WIDTH="159" VPOS="3878" HPOS="760"/>
<SP HEIGHT="48" WIDTH="66" VPOS="3878" HPOS="920"/>
<String CONTENT="26" HEIGHT="39" WIDTH="61" VPOS="3879" HPOS="987"/>
<String STYLE="superscript" CS="1" CONTENT="&#7580;&#7504;."/>
</TextLine>
<TextLine HEIGHT="59" WIDTH="1826" VPOS="3931" HPOS="126" CS="1">
<String CONTENT="&#169;" HEIGHT="52" WIDTH="51" VPOS="3931" HPOS="126"/>
<SP HEIGHT="52" WIDTH="27" VPOS="3931" HPOS="178"/>
<String CONTENT="Nov." HEIGHT="41" WIDTH="117" VPOS="3935" HPOS="206"/>
<SP HEIGHT="41" WIDTH="26" VPOS="3935" HPOS="324"/>
<String CONTENT="8," HEIGHT="47" WIDTH="39" VPOS="3935" HPOS="351"/>
<SP HEIGHT="48" WIDTH="28" VPOS="3934" HPOS="391"/>
<String CS="1" CONTENT="1929;" HEIGHT="41" WIDTH="113" VPOS="3933" HPOS="420"/>
<SP HEIGHT="46" WIDTH="27" VPOS="3936" HPOS="561"/>
<String CONTENT="2c." HEIGHT="40" WIDTH="69" VPOS="3936" HPOS="589"/>
<SP HEIGHT="41" WIDTH="26" VPOS="3935" HPOS="659"/>
<String CONTENT="Dec." HEIGHT="40" WIDTH="114" VPOS="3935" HPOS="686"/>
<SP HEIGHT="40" WIDTH="26" VPOS="3935" HPOS="801"/>
<String CS="1" CONTENT="16;" HEIGHT="39" WIDTH="57" VPOS="3935" HPOS="828"/>
<SP HEIGHT="36" WIDTH="30" VPOS="3945" HPOS="911"/>
<String LANG="de" CONTENT="aff." HEIGHT="41" WIDTH="82" VPOS="3934" HPOS="942"/>
<SP HEIGHT="41" WIDTH="28" VPOS="3934" HPOS="1025"/>
<String CONTENT="Dec." HEIGHT="41" WIDTH="113" VPOS="3934" HPOS="1054"/>
<SP HEIGHT="40" WIDTH="27" VPOS="3935" HPOS="1168"/>
<String CS="1" CONTENT="14;" HEIGHT="39" WIDTH="56" VPOS="3935" HPOS="1196"/>
<SP HEIGHT="45" WIDTH="28" VPOS="3937" HPOS="1280"/>
<!-- cceid A821B39B-6CFA-1014-9C3C-CEA95E7AA542 --><String CONTENT="A" HEIGHT="38" WIDTH="41" VPOS="3937" HPOS="1309"/>
<SP HEIGHT="39" WIDTH="27" VPOS="3937" HPOS="1351"/>
<String CS="1" CONTENT="16527;" HEIGHT="42" WIDTH="145" VPOS="3937" HPOS="1379"/>
<SP HEIGHT="45" WIDTH="29" VPOS="3941" HPOS="1551"/>
<String CONTENT="West" HEIGHT="41" WIDTH="136" VPOS="3941" HPOS="1581"/>
<SP HEIGHT="47" WIDTH="26" VPOS="3943" HPOS="1718"/>
<String CONTENT="pub." HEIGHT="48" WIDTH="110" VPOS="3942" HPOS="1745"/>
<SP HEIGHT="30" WIDTH="26" VPOS="3954" HPOS="1856"/>
<String CONTENT="co." HEIGHT="30" WIDTH="69" VPOS="3954" HPOS="1883"/>
</TextLine>
</TextBlock>
</PrintSpace>
</Page>
</Layout>
</alto>