2561 4405
1188 4039 68 51 21

196 377 252 64 Dunlap,
479 376 177 55 Orrin
687 376 219 64 Elmer,
940 380 172 50 1896-

262 452 1947 73 Advertising by radio, by Orrin E. Dunlap, jr. … foreword
192 532 2018 72 by Merlin Hall Aylesworth … New York, The Eonald press
192 630 282 51 company
618 614 84 64 [ᶜ1929]

266 693 367 49 ix, 186 p. 22 ᶜᵐ.
200 747 52 53 ©
279 753 112 39 Jan.
415 751 40 47 7,
482 750 115 40 1929;
652 750 69 40 2c.
748 750 111 39 Jan.
885 749 54 38 11;
997 747 83 42 aff.
1106 750 111 40 Jan.
1245 748 26 40 9;
1327 749 41 38 A
1394 747 143 48 3652;
1567 748 193 41 Ronald
1786 758 138 39 press
1953 758 68 30 co.

278 806 252 50 (29-1425)

200 897 261 63 Dunton,
498 896 203 54 James
738 895 234 54 Gerald.

266 972 58 54 A
348 972 157 54 maid
533 972 115 54 and
676 991 31 34 a
734 971 228 54 million
987 989 131 36 men;
1177 971 98 53 the
1303 971 211 54 candid
1543 969 353 56 confessions
1925 970 64 55 of
2018 970 192 54 Leona

198 1050 291 68 Canwick,
533 1051 267 52 censored
844 1050 369 68 indiscreetly
1255 1050 77 68 by
1376 1050 196 54 James
1617 1049 69 55 G.
1731 1050 257 52 Dunton.
2071 1049 140 54 New

198 1129 181 68 York,
407 1129 57 55 J.
493 1129 77 53 H.
603 1127 169 56 Sears
800 1129 46 51 &
873 1145 300 51 company,
1202 1128 108 52 inc.
1457 1130 85 65 [ᶜ1928]

267 1209 393 51 vii, 343 p. 20 ᶜᵐ.
269 1267 214 41 “Second
515 1267 233 48 printing,
781 1267 284 47 November,
1099 1265 158 42 1928.”

202 1321 52 53 ©
287 1325 103 41 Oct.
419 1325 70 48 10,
519 1324 116 40 1928;
693 1324 69 41 2c.
793 1325 110 40 Jan.
934 1324 69 46 14,
1034 1322 117 41 1929;
1210 1322 82 42 aff.
1324 1324 112 41 Jan.
1466 1324 54 37 11;
1582 1322 42 40 A
1652 1322 116 42 3722;
1829 1323 46 41 J.
1906 1324 62 40 H.
2002 1323 145 40 Sears
2178 1323 36 40 &

270 1393 82 37 co.,
384 1381 91 41 inc.
545 1380 252 50 (29-1201)

196 1461 257 65 Fendell,
492 1462 256 53 Stanton
788 1461 54 54 J.
882 1461 71 54 D.

275 1539 174 71 Stray
470 1541 204 66 leaves,
690 1539 77 59 by
787 1538 248 56 Stanton
1054 1539 56 54 J.
1130 1540 71 52 D.
1222 1539 256 53 Fendell.
1567 1539 139 53 New
1726 1539 182 68 York,
1925 1539 78 53 H.
2022 1540 196 66 Vinal,

200 1619 123 69 ltd.,
357 1621 151 51 1928.

272 1702 604 50 7 p. l., 81, [1] p. 20½ᶜᵐ.
270 1760 187 41 Poems.

205 1812 52 53 ©
287 1817 115 40 Dec.
431 1816 69 48 11,
530 1816 119 41 1928;
705 1816 70 41 2c.
806 1816 96 40 and
933 1815 84 42 aff.
1048 1817 111 40 Jan.
1190 1815 69 48 10,
1290 1815 116 41 1929;
1465 1816 43 39 A
1537 1815 116 41 2719;
1714 1816 191 40 Harold
1937 1815 159 49 Vinal,
2127 1817 89 41 ltd.

282 1873 254 49 (29-1463)

203 1952 199 64 Frain,
437 1952 279 54 Hummel
751 1952 86 54 La
871 1954 146 54 Rue.

272 2031 239 53 Factors
549 2030 352 70 influencing
936 2032 97 51 the
1073 2031 297 53 collection
1410 2030 65 54 of
1514 2049 160 51 wage
1711 2031 166 67 data;
1921 2049 74 34 an
201 2049 1994 113 examination

469 2108 64 53 of
578 2110 97 52 the
720 2110 245 52 relation
1010 2109 252 53 between
1307 2128 152 35 some
1505 2109 307 54 influences
1859 2110 257 53 relevant
2160 2114 60 48 to

201 2188 162 53 labor
389 2188 114 53 and
530 2187 96 53 the
653 2187 269 70 earnings
949 2186 65 54 of
1040 2187 250 54 workers
1318 2188 59 52 in
1406 2188 217 53 certain
1651 2188 279 53 standard
1958 2188 262 53 machine

202 2266 118 53 tool
363 2266 369 69 occupations
776 2285 60 34 as
879 2265 197 54 shown
1118 2265 76 71 by
1239 2266 135 52 data
1419 2266 270 69 supplied
1728 2266 77 70 by
1849 2284 32 34 a
1925 2284 186 52 group
2156 2266 65 54 of

203 2345 2012 70 plants in Philadelphia, by H. La Rue Frain … [Philadelphia]
294 2427 84 51 ᶜ19 28.
272 2506 767 50 45 p. incl. tables, diagr. 22½ ᶜᵐ.
278 2565 146 40 “This
457 2565 147 47 study
637 2564 43 40 is
714 2574 27 30 a
777 2563 322 49 preliminary
1131 2564 187 40 release
1351 2563 165 41 issued
1551 2567 53 38 at
1636 2565 83 40 the
1755 2566 194 46 request
1985 2565 52 40 of
2069 2567 149 39 metal

205 2621 403 47 manufacturing
635 2620 136 41 firms
800 2621 50 39 in
879 2621 82 39 the
991 2620 342 48 Philadelphia
1364 2621 240 41 district.”

209 2674 52 52 ©
293 2678 114 41 Dec.
436 2678 71 47 28,
538 2677 119 41 1928;
712 2677 70 41 2c.
814 2678 97 39 and
940 2676 84 41 aff.
1056 2678 111 39 Jan.
1198 2677 39 47 8,
1270 2676 116 41 1929;
1446 2677 42 39 A
1518 2677 119 41 2708;
1696 2678 62 40 H.
1790 2678 53 40 L.
1874 2677 167 49 Drain,
277 2678 1927 104 Lansdowne,

489 2735 84 41 Pa.
640 2733 253 50 (29-1234)

207 2800 189 65 Gaily,
432 2800 192 53 Isabel
657 2801 211 64 Tracy.

339 2879 1884 72 … Harp strings [by ] Isabel Tracy Gaily. New York, H.
204 2959 177 56 Vinal
410 2959 225 54 limited
782 2961 85 66 [ᶜ1928]

276 3040 1141 50 4 p. l., 56 p. 16 ᶜᵐ. (The friendly books)
274 3100 188 39 Poems.

212 3152 1932 54 © Nov. 10, 1928; 2c. and aff. Jan. 5, 1929; A 3551; Harold Vinal, ltd.
291 3212 253 50 (29-1543)

211 3280 160 64 Gale,
414 3280 232 53 Marion
689 3280 276 55 Perham.

282 3358 303 69 Vignettes
625 3359 58 52 in
724 3359 193 66 violet,
955 3359 76 68 by
1067 3359 232 53 Marion
1338 3360 252 52 Perham
1630 3360 160 55 Gale.
1866 3362 141 52 New
2047 3362 180 67 York,

211 3437 77 52 H.
321 3437 196 67 Vinal,
548 3436 125 67 ltd.,
706 3439 150 51 1928.

282 3519 415 49 7 p. l., 85 p. 21 ᶜᵐ.
282 3577 187 40 Poems.

215 3629 52 53 ©
299 3634 114 42 Dec.
443 3635 68 47 17,
543 3634 117 42 1928;
718 3634 68 43 2c.
816 3636 96 40 and
943 3634 83 43 aff.
1057 3636 112 41 Jan.
1199 3636 70 49 11,
1301 3635 115 41 1929;
1477 3635 42 41 A
1547 3635 116 43 3643;
1725 3636 190 42 Harold
1946 3636 160 49 Vinal,
2139 3636 88 42 ltd.

294 3690 252 49 (29-1471)

209 3755 257 66 Ganson,
504 3758 139 53 Mrs.
683 3758 143 55 Eve.

285 3834 205 53 Desert
521 3834 336 69 mavericks,
890 3838 214 68 caught
1136 3838 114 53 and
1283 3838 259 54 branded
1576 3839 76 69 by
1685 3839 122 53 Eve
1842 3839 264 68 Ganson;
2145 3858 82 49 or,

213 3911 197 54 Who’s
439 3912 127 54 who
596 3932 71 34 on
698 3914 95 53 the
822 3915 202 53 desert.
1103 3914 181 57 Santa
1316 3917 280 68 Barbara,
1625 3918 91 54 W.
1748 3917 293 70 Hebberd,
2074 3921 153 51 1928.
