2512 4377
1257 4002 101 52 600

368 428 659 49 5 p. l., 301, [1] p. 19½ᶜᵐ.
300 496 51 52 ©
383 500 113 48 Apr.
589 532 7 10 18,
629 498 140 47 1929;
801 500 67 40 2c.
899 500 95 39 and
1027 499 82 40 aff.
1140 500 113 48 Apr.
1284 499 59 39 29;
1400 498 40 40 A
1469 500 119 40 7790;
1656 501 118 39 John
1810 501 101 39 Van
1945 501 203 43 Druten,
369 501 1913 96 London.

545 555 251 50 (29-9989)

300 652 272 53 Western
607 649 343 64 publishing
980 650 203 63 house,
1217 652 268 67 Chicago.

371 729 187 52 Know
608 748 143 49 your
797 729 180 68 body;
1027 729 260 52 manikin
1338 731 112 51 and
1501 730 349 68 description
1898 731 64 51 of
2009 731 95 52 the
2153 731 150 69 body

301 809 259 66 showing
595 808 249 68 position
878 809 109 51 and
1025 810 228 50 natural
1287 809 152 51 color
1472 808 63 53 of
1569 827 209 48 organs
1810 809 112 52 and
1957 808 150 53 their
300 809 1979 131 functions;

534 887 168 53 blood
761 887 332 65 formation,
1147 885 365 69 purification
1568 887 114 52 and
1738 887 338 52 circulation
2132 888 171 67 plate.

299 965 136 53 And
471 967 155 66 plate
659 965 63 53 of
755 966 95 52 the
883 982 242 36 nervous
1157 972 226 62 system.
1465 965 405 67 (Reproduced
1905 967 56 50 in
1995 966 308 53 miniature

302 1044 151 52 from
479 1063 103 33 our
609 1043 358 70 Physicians’
995 1042 343 54 anatomical
1367 1042 123 67 aid)
1577 1042 272 69 Chicago,
1874 1043 262 54 Western
300 1044 1980 145 publishing

549 1123 396 65 house, ᶜ19 29.
367 1201 1027 50 cover-title, 8 p. col. pl., diagr. 25 ᶜᵐ .
367 1275 116 39 Two
509 1275 191 40 colored
727 1274 158 48 plates
921 1273 48 48 (1
999 1272 390 48 superimposed)
1425 1274 228 38 mounted
1682 1284 60 28 on
1770 1284 41 37 p.
1839 1274 25 38 2
1892 1274 93 39 and
2015 1274 25 39 3
2069 1274 51 40 of
2147 1283 153 32 cover.

301 1342 51 52 ©
382 1347 113 46 Apr.
526 1347 39 45 2,
595 1345 115 39 1929;
768 1345 67 40 2c.
865 1346 93 38 and
990 1344 82 40 aff.
1102 1344 114 48 Apr.
1246 1345 52 45 8;
1331 1344 40 39 A
1402 1343 141 47 7320;
1575 1345 225 40 Western
1831 1344 108 49 pub.
1971 1345 163 40 house.

377 1401 281 49 (29-10019)

300 1494 216 65 White,
547 1494 226 54 Walter
806 1494 265 62 Francis,
1107 1499 171 49 1893-

373 1575 159 67 Rope
574 1576 50 49 &
666 1574 233 66 faggot:
944 1594 25 31 a
1014 1574 325 68 biography
1378 1573 64 51 of
1482 1573 192 68 Judge
1720 1574 212 67 Lynch,
1972 1574 74 69 by
2086 1575 221 52 Walter

299 1653 212 54 White.
590 1653 137 51 New
759 1651 161 53 York
946 1654 40 49 &
1016 1652 260 58 London,
1309 1651 63 53 A.
1407 1651 65 53 A.
1502 1651 224 68 Knopf,
1763 1655 142 50 1929.

367 1734 1541 50 xiii p., 2 l., [3]-272, iv p., 1 l. incl. tables, front. 21½ ᶜᵐ .
368 1807 349 48 Bibliography:
776 1817 43 38 p.
848 1806 219 41 209-272.

301 1861 51 52 ©
389 1865 112 47 Apr.
536 1863 68 44 19,
640 1864 117 39 1929;
817 1865 67 39 2c.
919 1864 113 47 Apr.
1066 1864 55 38 23;
1186 1863 83 41 aff.
1304 1863 113 48 Apr.
1453 1864 81 44 22;
1571 1864 40 38 A
1676 1864 111 45 6718;
1825 1863 170 41 Alfred
2033 1864 53 40 A.
2124 1864 178 47 Knopf,

369 1902 439 66 inc. ( 29-10015)
298 2014 306 62 Williams,
636 2014 34 52 J
957 2012 242 63 Harold,
1236 2018 169 49 1888-

376 2091 1929 70 Elementary statistics, by J. Harold Williams … with a
299 2168 2000 71 preface by Lotus D. Coffman … New York, Boston [etc.]
297 2248 1075 68 D. C. Heath and company [ ᶜ19 29]
366 2332 97 45 xvi,
498 2331 88 41 220
619 2342 43 38 p.
725 2331 181 49 diagrs.
967 2330 148 41 20½ᶜᵐ.

367 2389 249 40 “Selected
665 2388 275 40 references
988 2398 58 30 on
1096 2386 265 41 statistical
1413 2385 278 42 methods”:
1743 2398 43 37 p.
1836 2387 191 40 xv-xvi.
327 2388 1957 98 “Refernces”

496 2448 43 37 at
575 2446 89 39 end
696 2444 51 41 of
777 2446 123 38 most
930 2444 50 40 of
1011 2444 80 40 the
1121 2444 242 48 chapters.

302 2499 51 52 ©
382 2503 112 47 Apr.
520 2502 70 41 22,
619 2501 117 40 1929;
787 2503 68 39 2c.
880 2502 114 47 Apr.
1021 2500 82 48 25;
1134 2501 81 41 aff.
1243 2501 113 48 Apr.
1384 2502 83 46 24;
1497 2501 41 39 A
1563 2501 142 47 7682;
1736 2502 57 39 D.
1822 2501 49 41 G.
1901 2502 165 40 Heath
2093 2502 37 40 &
2156 2513 67 30 co.

379 2558 282 43 (29-10007)

299 2654 241 61 Wilson,
580 2654 219 50 Ernest
838 2652 224 63 Henry,
1104 2653 171 53 1876-

371 2729 1933 70 China. mother of gardens, by Ernest H. Wilson … with map
298 2811 113 51 and
439 2809 287 53 sixty-one
755 2808 382 53 illustrations
1169 2808 151 52 from
1351 2807 397 69 photographs
1778 2807 171 54 taken
1978 2808 75 68 by
2083 2808 96 54 the
299 2827 1980 115 author.

509 2884 1462 72 Boston, Mass., The Stratford company [ ᶜ19 29]
368 2969 1799 50 4 p. l., iii-x p., 1 l., 408 p. front., LX pl., fold, map, diagr. 27 ᶜᵐ .
366 3028 133 40 With
530 3027 220 40 author’s
780 3026 290 49 autograph.

367 3085 129 40 Title
526 3083 172 42 within
730 3084 307 40 ornamental
1067 3083 188 40 border.

371 3140 1935 49 “The subject, matter … has been drawn from the author’s previous
301 3199 146 46 work,
482 3198 53 39 ‘A
566 3197 270 41 naturalist
868 3197 48 39 in
951 3199 207 38 western
1193 3196 184 48 China’,
1412 3196 262 49 originally
1707 3197 255 49 published
1997 3197 49 40 in
2082 3198 222 46 England

300 3255 49 39 in
374 3255 112 41 1913
511 3256 94 39 and
632 3266 108 28 now
763 3256 113 46 long
899 3256 86 39 out
1009 3254 51 41 of
1084 3254 146 49 print.
1285 3254 100 40 The
1410 3254 229 40 material
1665 3256 117 38 used
1809 3255 89 40 has
1925 3255 116 41 been
2070 3256 231 39 amended

298 3312 96 39 and
425 3312 292 47 thoroughly
749 3311 189 40 revised
969 3312 97 39 and
1096 3321 106 29 new
1232 3311 331 40 illustrations
1593 3310 201 41 added.”

303 3365 51 52 ©
382 3370 121 39 Mar.
530 3369 68 46 11,
625 3368 118 40 1929;
795 3368 67 41 2c.
887 3368 115 48 Apr.
1028 3369 82 46 24;
1140 3367 81 41 aff.
1249 3369 122 41 Mar.
1398 3369 81 42 16;
1509 3369 41 38 A
1576 3369 141 46 7743;
1751 3368 252 41 Stratford
2030 3381 82 36 co.,
2141 3378 162 39 pubrs.

380 3424 253 48 (29-9901)

300 3519 193 63 Wing,
527 3518 247 53 Francis
804 3519 250 63 Marion,
1089 3520 171 52 1873-

368 3597 176 53 Fore!
625 3598 363 67 Eighty-two
1021 3599 254 52 sketches
1307 3599 64 53 of
1403 3600 96 51 the
1531 3618 151 34 same
1715 3600 238 52 number
1987 3598 64 53 of
297 3600 1986 145 Minneapolis

527 3676 235 69 golfers,
808 3677 75 66 by
930 3677 200 52 Frank
1174 3676 194 68 Wing.
1469 3677 422 68 [Minneapolis]
1944 3677 243 55 Printed
2231 3676 75 71 by

295 3755 314 69 Augsburg
641 3755 336 68 publishing
1005 3756 189 68 house,
1229 3758 149 50 1929.

372 3837 83 49 [84]
488 3847 42 38 p.
592 3835 128 42 illus.
749 3836 199 48 (ports.)
1016 3836 147 41 31½ᶜᵐ.

302 3890 53 52 ©
391 3894 113 47 Apr.
540 3894 69 42 12,
645 3893 118 39 1929;
825 3893 65 40 2c.
929 3894 112 47 Apr.
1077 3892 82 48 20;
1198 3892 81 42 aff.
1315 3892 114 49 Apr.
1539 3903 8 36 18;
1587 3894 40 38 A
1662 3893 142 48 6681;
1844 3894 164 39 Frank
2046 3894 61 39 M.
2145 3892 155 49 Wing,

369 3950 338 44 Minneapolis.
779 3948 282 46 (29-10031)
