2542 4389
1043 4049 135 52 1895

99 401 217 65 Smith,
348 402 154 53 Fred
533 402 48 52 B
868 404 173 51 1864-

172 471 1933 74 Must we have war? [By] Fred B. Smith … with a foreword
102 557 74 68 by
203 555 178 56 Owen
405 555 72 53 D.
505 555 227 68 Young.
795 555 140 52 New
960 553 166 53 York
1151 553 113 52 and
1290 551 261 67 London,
1576 550 235 68 Harper
1838 552 46 51 &
101 549 1980 154 brothers,
238 636 152 50 1929.

166 713 1028 51 xxi p., 1 l., 318 p., 1 l. plates. 19½ᶜᵐ.
176 785 162 41 “First
368 783 229 42 edition.”

176 840 319 49 Recognition
532 839 42 41 is
611 839 143 49 given
792 840 83 40 the
911 838 254 42 executive
1204 837 120 42 staff
1361 837 53 41 of
1453 838 83 39 the
1574 837 167 40 World
1783 835 207 42 alliance
2030 836 81 41 for

106 896 352 43 international
485 895 278 49 friendship
790 895 51 40 in
871 894 188 49 editing
1085 895 84 40 the
1197 893 318 48 manuscript,
1577 893 62 50 cf.
1672 893 186 40 Introd.

171 955 204 41 “Edited
399 955 62 47 by
485 954 203 41 Charles
715 951 584 43 Stelzle.”—Publisher’s
1324 953 126 39 note.

110 1021 52 53 ©
189 1025 119 40 Nov.
332 1024 70 48 15,
427 1023 141 48 1929;
597 1023 67 41 2c.
690 1023 119 41 Nov.
837 1021 83 49 16;
949 1021 83 42 aff.
1059 1022 118 40 Nov.
1204 1020 83 47 19;
1316 1021 42 39 A
1384 1020 171 48 15920;
1586 1021 194 47 Harper
1807 1021 38 40 &
1872 1021 125 39 bros.

185 1080 281 50 (29-25927)

100 1173 315 65 Sylvanus,
441 1173 225 65 Paddy.

174 1252 122 52 Ten
336 1255 59 48 to
436 1268 104 36 one
580 1250 62 52 in
686 1248 259 71 Sweden,
985 1248 78 69 by
1105 1249 210 68 Paddy
1358 1247 303 70 Sylvanus.
1740 1248 141 52 New
1925 1246 183 69 York,

103 1329 71 51 D.
202 1327 298 69 Appleton
526 1327 113 53 and
667 1345 299 51 company,
997 1329 150 50 1929.

167 1410 622 50 4 p. l., 3-298, [1] p. 20 ᶜᵐ.
109 1477 53 53 ©
189 1482 120 48 Aug.
335 1481 72 49 30,
434 1481 117 41 1929;
603 1481 70 41 2c.
701 1482 95 39 and
826 1480 82 40 aff.
940 1480 129 48 Sept,
1098 1480 28 40 6;
1181 1479 42 40 A
1251 1479 144 41 13034;
1454 1480 57 41 D.
1539 1480 241 48 Appleton
1807 1479 37 40 &
1873 1491 68 29 co.

187 1537 281 50 (29-27525)

101 1632 264 64 Tappan,
392 1632 127 53 Eva
546 1631 228 65 March,
807 1637 172 50 1854-

269 1708 1841 70 … Diggers in the earth, by Eva March Tappan … Rev.
103 1785 2008 147 ed. … Boston, New York [etc.] Houghton Mifflin company [ᶜ1929 ]
173 1945 1928 51 iv p., 1 l., 110 p. illus. 19½ ᶜᵐ. (Her The industrial readers, book II)
109 2013 52 53 ©
191 2017 102 41 Oct.
321 2017 40 47 8,
390 2016 113 41 1929;
561 2017 68 40 2c.
660 2016 102 41 Oct.
791 2015 59 41 10;
906 2016 84 41 aff.
1021 2016 103 41 Oct.
1153 2015 59 41 30;
1266 2015 42 40 A
1337 2015 144 41 15021;
1541 2017 266 47 Houghton
1836 2017 171 40 Mifflin
2037 2028 68 30 co.

188 2073 281 50 (29-21680)

107 2166 234 66 Taylor,
370 2166 258 66 Bayard,
661 2167 327 55 1825-1878.

238 2245 1872 72 … Germany; revised and edited from the work of Bayard
106 2323 2006 70 Taylor by Sidney B. Fay … [Memorial ed.] New York,
105 2401 1139 70 P. F. Collier & son company [ ᶜ19 28]
246 2483 1867 50 xv, 532 p. front., illus. (maps) plates (1 col.) 2 port, on 1 pl. 23 ᶜᵐ .
117 2540 1902 50 (The history of nations, H. C. Lodge … editor-in-chief, vol. XVIII)
178 2612 333 48 Frontispiece
541 2614 95 39 and
664 2613 191 40 colored
885 2613 133 47 plate
1046 2611 344 49 accompanied
1418 2612 62 48 by
1507 2614 155 46 guard
1693 2613 163 40 sheets
1886 2613 121 40 with
106 2614 1990 103 descriptive
363 2670 299 48 letterpress.

176 2725 351 49 Bibliography:
585 2737 44 37 p.
664 2725 251 51 [525]-532.

112 2779 1997 54 © Nov. 6, 1928; 2c. Sept. 30, 1929; aff. Oct. 30; A 13887; P. F. Collier &
179 2851 87 30 son
295 2852 68 29 co.
434 2839 280 50 (29-21134)

103 2931 258 65 Thrush,
390 2932 291 54 Ambrose
713 2934 218 62 Watts,
964 2938 171 50 1865-

175 3010 250 54 Medical
464 3029 127 35 men
632 3010 66 53 of
736 3010 284 54 Franklin
1062 3011 247 69 County,
1352 3012 327 66 1750-1925,
1717 3010 77 70 by
1831 3010 281 55 Ambrose

105 3087 2008 71 Watts Thrush … 97 illustrations. [Chambersburg, Pa.] The
105 3166 249 54 Medical
380 3165 211 70 society
619 3166 65 54 of
711 3166 284 54 Franklin
1026 3167 247 69 County,
1302 3170 150 51 1928.

176 3247 88 41 428
289 3259 45 37 p.
393 3247 130 42 illus.
549 3247 134 49 (incl.
710 3247 177 49 ports.)
953 3248 119 42 24ᶜᵐ.

180 3304 146 42 Short
353 3304 339 50 bibliography
722 3305 227 41 included
980 3305 51 41 in
1060 3305 260 42 foreword.

113 3357 53 53 ©
194 3362 102 41 Oct.
325 3362 39 48 8,
393 3362 113 41 1929;
563 3363 66 41 2c.
660 3363 102 41 Oct.
791 3363 27 41 9;
876 3363 83 41 aff.
990 3363 103 41 Oct.
1122 3363 53 39 21:
1237 3363 42 39 A
1306 3362 146 41 14067;
1510 3362 55 42 A.
1594 3364 70 39 W.
1695 3362 209 45 Thrush,
180 3363 1910 103 Chambersburg,
458 3419 86 40 Pa.
611 3418 282 50 (29-21524)

105 3510 278 66 Tiltman,
412 3512 234 54 Hubert
673 3513 251 63 Hessell,
955 3518 172 51 1897-

181 3587 56 55 J.
268 3589 253 69 Ramsay
548 3589 365 55 MacDonald;
977 3590 207 54 labor’s
1215 3609 131 34 man
1380 3589 66 54 of
1475 3591 244 68 destiny,
1749 3591 76 70 by
1855 3592 77 53 H.
111 3590 1974 128 Hessell

249 3666 1799 72 Tiltman, with sixteen illustrations from photographs …
112 3742 141 54 New
287 3743 182 67 York,
503 3743 311 55 Frederick
849 3744 71 53 A.
962 3743 202 56 Stokes
1202 3762 299 51 company,
1540 3747 150 51 1929.

214 3824 909 50 x p.. 1 l., 456 p. front., ports. 24½ ᶜᵐ.
182 3880 376 49 Bibliography:
593 3893 44 37 p,
668 3881 218 42 445-446.

116 3932 1910 56 © Oct. 4, 1929; 2c. and aff. Oct. 8: A 15314; H. H. Tiltman, London.
194 3992 281 50 (29-22543)
