2547 4384
1360 4030 133 50 1282

401 357 268 66 Barbier,
701 357 263 65 Eugène.

398 433 1986 150 … Nadine; ou, Les leçons de la vie, roman. Paris, J. Tallandier [1929]
470 594 561 52 2 p. l., [7]-187 p. 19ᶜᵐ.
404 661 2001 56 © Apr. 11, 1929; 1c. May 17; A— Foreign 3220; Eugène Barbier, Nice,
473 725 200 39 France.
742 722 281 49 (29-17796)

403 820 223 63 Bayne,
655 819 263 63 Stephen
948 818 289 65 Fielding.

475 896 1876 72 The Bayne-Sylvester arithmetic; by Stephen F. Bayne …
406 972 2007 73 and Emma Sylvester … 3d grade—2d half. Boston, New
407 1055 1432 73 York [etc.] D. C. Heath and company [ ᶜ1 929]
473 1136 83 47 vii,
587 1136 98 44 135,
718 1136 59 39 12
805 1147 43 37 p.
909 1136 143 47 illus.,
1085 1136 170 47 tables,
1290 1136 179 48 diagrs.
1531 1135 57 40 19½ᶜᵐ.

407 1201 52 53 ©
494 1206 128 48 Sept.
654 1207 25 39 3,
726 1206 116 40 1929;
903 1207 68 41 2c.
1006 1206 129 48 Sept.
1166 1206 29 40 9;
1254 1206 82 41 aff.
1372 1206 128 48 Sept.
1532 1207 26 39 7;
1621 1207 40 38 A
1692 1205 145 41 13073;
1898 1205 58 40 D.
1991 1205 49 41 C.
2074 1204 166 40 Heath
2274 1204 36 39 &
2342 1213 66 31 co.

405 1315 242 65 Beistle,
679 1315 226 53 Martin
936 1315 247 56 Luther.

471 1392 56 53 A
571 1392 243 69 register
859 1391 65 54 of
969 1392 129 53 half
1143 1393 187 52 dollar
1376 1393 92 52 die
1514 1392 266 53 varieties
1828 1391 113 53 and
1987 1389 426 66 sub-varieties;

400 1470 172 69 being
603 1488 32 35 a
668 1469 352 69 description
1052 1470 65 53 of
1149 1471 134 52 each
1318 1469 91 54 die
1441 1469 223 70 variety
1695 1470 138 53 used
1864 1469 59 52 in
1955 1470 96 51 the
2084 1468 235 69 coinage
2351 1467 66 53 of

402 1549 218 54 United
653 1547 191 56 States
873 1547 130 53 half
1032 1548 215 53 dollars
1278 1566 59 35 as
1367 1548 96 52 far
1492 1566 60 35 as
1580 1548 97 53 the
1706 1547 176 54 issues
1912 1566 94 34 are
2033 1547 228 68 known,
403 1564 1990 131 covering

606 1627 96 52 the
742 1626 219 54 United
1004 1625 192 56 States
1235 1626 147 52 mint
1422 1632 58 47 at
1518 1625 429 69 Philadelphia,
1988 1625 113 53 and
2140 1625 278 52 branches

404 1709 58 48 at
490 1705 139 52 New
660 1703 262 68 Orleans,
954 1703 116 55 San
1100 1703 325 68 Francisco,
1457 1702 217 55 Carson
1706 1702 135 69 City
1870 1703 114 53 and
2012 1703 248 52 Denver.
2327 1703 90 67 By

403 1780 2017 71 M. L. Beistle … Shippensburg, Pa., The Beistle company,
406 1863 150 50 1929.

474 1940 1934 51 2 p. l. , xiii-xxxiii, 261 p. incl. illus., plates. 2 port. (incl. front.)
403 2000 56 41 23½ ᶜᵐ.
476 2055 353 48 Bibliography:
887 2065 43 38 p.
958 2054 100 41 261.

415 2108 51 52 ©
495 2113 117 47 July
639 2112 69 47 25,
739 2111 140 47 1929;
910 2111 68 41 2c.
1007 2112 119 47 Aug.
1155 2112 52 44 1;
1239 2110 83 41 aff.
1350 2111 117 47 July
1494 2111 82 42 31;
1608 2110 40 39 A
1678 2109 169 43 10506;
1880 2111 62 39 M.
1972 2110 50 41 L.
2051 2110 199 48 Beistle,
480 2109 1922 108 Shippensburg,

767 2169 82 40 Pa.
916 2166 282 48 (29-17849)

414 2262 1068 63 Bertin de V illiers, Mme. Berthe.
544 2350 1270 72 … Souffrir. Paris, Éditions Argo [1929]
478 2431 696 50 2 p. l., [7]-315 p., 1 l. 19 ᶜᵐ.
415 2491 52 53 ©
494 2495 112 42 Feb.
630 2495 69 49 15,
726 2494 115 41 1929;
926 2505 38 31 1c.
989 2496 116 47 May
1129 2495 26 40 3;
1211 2494 313 49 A—Foreign
1550 2494 117 42 3024;
1723 2484 225 52 Éditions
1974 2495 144 48 Argo.

493 2552 283 49 (29-17815)

415 2646 307 64 Beverley,
752 2646 354 65 Katharine,
1182 2649 101 52 illus.

492 2726 156 65 [New
687 2725 310 69 drawings]
1037 2726 77 68 by
1149 2725 327 54 Katharine
1513 2726 277 67 Beverley
1829 2727 113 52 and
1982 2723 303 53 Elizabeth
418 2722 1983 135 Eilender

647 2804 77 67 [in
754 2805 95 51 the
875 2804 149 52 book
1052 2804 257 66 entitled]
1344 2804 121 54 The
1495 2821 156 37 snow
1677 2821 178 50 queen
1906 2803 94 67 [by]
2034 2803 167 54 Hans
419 2801 1983 133 Christian

582 2880 1843 70 Andersen … New York city, E. P. Dutton & co., inc.
425 2963 193 65 [ᶜ1929]

485 3042 28 40 3
537 3051 43 39 p.
643 3073 7 15 l.,
677 3041 89 40 209
790 3052 43 37 p.
860 3041 77 40 incl.
997 3041 87 40 col.
1109 3041 165 46 front.,
1302 3042 85 39 col.
1417 3041 171 48 plates.
1644 3041 56 40 23½ᶜᵐ.

419 3093 52 53 ©
500 3098 128 40 June
653 3098 69 47 28,
752 3098 141 47 1929;
923 3097 68 41 2c.
1019 3098 117 47 July
1163 3098 83 46 27;
1276 3097 82 41 aff.
1387 3098 120 47 Aug.
1535 3098 52 47 6;
1618 3097 41 40 A
1687 3097 171 48 10820;
1891 3098 53 39 E.
1974 3098 51 40 P.
2054 3097 190 40 Dutton
2274 3097 37 40 &
2337 3107 83 34 co.,

483 3154 92 42 inc.

419 3248 184 54 Bible.
677 3251 72 53 N.
779 3251 63 51 T.
920 3250 264 66 English.

482 3326 121 53 The
645 3325 344 55 Christian’s
1032 3326 380 53 Bible—New
1452 3328 347 52 Testament.
1878 3328 122 52 The
2043 3326 140 54 New
411 3327 1988 128 Testament

597 3402 65 52 of
694 3402 124 56 Our
847 3404 157 52 Lord
1036 3405 113 52 and
1183 3403 247 55 Saviour
1461 3404 185 68 Jesus,
1678 3406 95 51 the
1808 3402 214 56 Christ.
2090 3403 56 53 A
412 3404 1987 129 translation

561 3480 153 53 from
740 3482 95 52 the
862 3480 204 58 Greek,
1094 3481 205 70 chiefly
1325 3482 64 53 of
1414 3483 97 52 the
1540 3481 194 55 Codex
1761 3481 298 54 sinaiticus
2087 3482 115 53 and
2230 3480 195 56 Codex

413 3558 326 59 vaticanus;
781 3559 156 53 these
970 3559 173 69 being
1179 3559 96 54 the
1312 3560 183 52 oldest
1535 3560 114 53 and
1687 3565 145 48 most
1874 3559 277 68 complete
2189 3578 130 34 mss.
2360 3556 65 56 of

413 3637 96 51 the
540 3636 139 52 New
711 3638 347 51 Testament.
1126 3637 60 52 It
1219 3637 47 53 is
1298 3642 101 48 not
1432 3637 213 68 simply
1678 3656 32 33 a
1742 3637 347 53 translation
2122 3635 66 55 of
2219 3637 206 66 words,

415 3713 100 52 but
549 3714 183 52 under
766 3715 97 52 the
898 3714 280 69 guidance
1214 3714 64 53 of
1312 3715 97 52 the
1444 3715 161 67 Holy
1641 3714 203 68 Ghost,
1881 3715 113 53 His
2030 3715 296 68 thoughts,
2364 3734 60 34 as

415 3791 268 52 recorded
713 3791 59 52 in
806 3791 187 55 Greek
1018 3793 77 63 by
1125 3793 112 52 His
1267 3791 275 69 specially
1572 3792 257 68 inspired
1860 3792 241 67 writers,
2132 3810 96 35 are
2260 3792 166 53 made

416 3868 206 52 known
646 3874 140 47 unto
811 3888 80 33 us.
967 3871 91 72 By
1082 3889 31 32 a
1140 3875 230 47 servant
1396 3869 64 53 of
1486 3869 212 54 Christ.
1778 3869 330 69 Strasburg,
2125 3870 122 66 Pa.,
2265 3868 70 56 G.
2353 3869 70 53 N.

415 3946 79 53 Le
521 3947 198 68 Fevre,
748 3950 132 50 1929.
