2533 4342
1291 3981 135 49 1532

364 343 394 63 Rosenbaum,
788 342 339 65 Benjamin.

433 422 188 54 Green
664 422 332 68 nakedness,
1041 423 74 68 by
1163 421 306 69 Benjamin
1514 423 378 53 Rosenbaum.
1967 424 115 53 Des
2126 421 240 68 Moines,

364 501 121 52 The
510 501 326 52 Maizeland
864 518 176 49 press,
1072 502 149 51 1929.

431 580 707 49 5 p. l., 3-67 p., 1 l. 24½ᶜᵐ.
430 651 185 40 Poems.

432 707 1932 41 “This first edition of Green nakedness … consists of two hundred
361 765 94 39 and
483 763 110 48 fifty
624 764 204 48 copies.”

364 831 1858 52 © Sept. 12, 1920; 2c. and aff. Sept. 23; A 13927; Maizeland press.
442 891 280 48 (29-20549)

364 985 250 64 Russell,
646 984 246 55 Charles
920 986 275 63 Edward,
1226 990 170 49 1860-

496 1064 1869 70 … An hour of American poetry, by Charles Edward Russell.
362 1144 407 67 Philadelphia
806 1144 113 51 and
952 1143 260 67 London,
1244 1143 55 54 J.
1336 1144 66 51 B.
1435 1143 342 67 Lippincott
1811 1159 299 52 company,
2145 1147 149 48 1929.

430 1222 1002 49 165 p. 19 ᶜᵐ . (The one hour series)
364 1276 1995 52 © .June 10, 1929; 2c. and aff. Oct. 3; A 12689; C . E. Russell. New York.
439 1337 281 47 (29-20550)

362 1432 308 63 Sampson,
700 1434 139 52 Mrs.
871 1432 213 52 Emma
1121 1431 248 64 (Speed)
1409 1436 171 49 1868-

431 1510 1872 69 Miss Minerva’s neighbors, by Emma Speed Sampson …
362 1589 327 52 illustrated
731 1590 73 67 by
846 1589 262 53 William
1150 1589 295 69 Donahey.
1524 1588 271 69 Chicago,
1839 1589 138 52 New
2026 1588 175 66 York,
2244 1588 122 52 The

361 1667 728 69 Reilly & Lee co. [ ᶜ19 29]
423 1746 618 49 3 p. l., 11-327 p. 19 ᶜᵐ .
362 1799 53 52 ©
447 1804 119 47 Aug.
596 1804 69 45 14,
697 1803 140 47 1929;
870 1803 67 40 2c.
971 1803 129 47 Sept.
1131 1802 82 43 30;
1248 1802 81 41 aff.
1362 1803 120 47 Aug.
1515 1803 81 46 19;
1632 1804 40 38 A
1703 1803 170 47 12722;
1909 1803 158 48 Reilly
2100 1804 37 39 &
2168 1804 92 40 Lee
2291 1814 70 30 co.

439 1860 281 47 (29-20445)

360 1954 277 64 Sanford,
668 1955 170 50 Anne
865 1954 46 51 P
1198 1956 84 53 ed.

431 2033 178 52 Little
642 2033 165 69 plays
842 2032 94 53 for
967 2032 152 53 little
1152 2033 219 67 people,
1403 2033 283 67 compiled
1719 2034 113 52 and
1864 2033 190 53 edited
2086 2034 75 68 by
2193 2034 70 52 A.
2298 2032 67 52 P.

363 2110 256 56 Sanford
656 2112 112 51 and
807 2111 217 52 Robert
1059 2111 208 52 Haven
1307 2108 333 69 Schauffler;
1684 2110 140 53 with
1864 2131 71 33 an
1973 2110 393 53 introduction

357 2190 75 69 by
467 2190 252 52 Edward
758 2188 270 55 Sheldon.
1105 2188 139 52 New
1279 2188 180 69 York,
1492 2188 190 68 Dodd,
1715 2188 172 54 Mead
1921 2190 112 53 and
2066 2206 300 51 company,

364 2271 148 49 1929.

427 2346 456 49 xi, 361 p. 19½ ᶜᵐ .
362 2401 51 52 ©
451 2405 128 47 Sept.
613 2405 69 42 27,
719 2404 113 39 1929;
894 2404 66 39 2c.
999 2405 94 38 and
1129 2403 82 41 aff.
1248 2404 102 41 Oct.
1385 2405 17 37 1;
1475 2404 38 39 A
1547 2404 171 43 12656;
1757 2405 135 39 Anne
1928 2406 51 40 P.
2016 2405 212 40 Sanford
2262 2408 94 38 and

431 2461 178 39 Robert
640 2461 172 39 Haven
843 2461 275 47 Schauffler,
1149 2461 117 39 New
1295 2461 143 39 York.
1506 2460 282 48 (29-20547)

360 2555 319 62 Saunders,
706 2557 138 50 Mrs.
874 2554 143 52 Alta
1051 2554 272 64 (Gwinn)
1362 2559 169 49 1886-

428 2633 268 52 Business
745 2637 238 63 reports,
1037 2631 403 69 investigation
1489 2634 113 51 and
1649 2633 408 68 presentation,
2101 2634 76 69 by
2222 2634 141 53 Alta

356 2709 2006 57 Gwinn Saunders … and Chester Reed Anderson … 1st ed.
356 2788 138 53 New
532 2788 163 52 York
754 2794 119 61 [etc.]
916 2787 433 55 McGraw-Hill
1386 2788 148 52 book
1570 2806 298 51 company,
1905 2789 127 67 inc.,
2071 2793 148 49 1929.

427 2868 1123 50 xi, 411 p. illus., diagrs. 23½ ᶜᵐ . $3.50
429 2927 376 48 Bibliography:
842 2938 42 36 p.
917 2926 232 41 391-396;
1215 2926 106 40 “List
1353 2927 51 38 of
1438 2929 189 45 reports
1662 2927 174 40 read”:
1870 2940 43 35 p.
1945 2926 217 41 397-401.

362 2980 51 52 ©
450 2986 128 47 Sept.
611 2984 69 45 30,
715 2984 140 43 1929;
891 2984 68 39 2c.
996 2984 102 41 Oct.
1131 2984 53 45 2;
1221 2983 82 41 aff.
1340 2983 102 41 Oct.
1477 2985 53 46 3;
1566 2984 41 39 A
1640 2984 170 47 12697;
1849 2984 352 40 McGraw-Hill
2236 2984 124 39 book

429 3051 81 36 co.,
540 3041 91 40 inc.
700 3039 281 50 (29-20587)

364 3134 252 69 [Scherr,
646 3133 206 68 Marie]

434 3211 1930 72 Up at the villa, by Marie Cher [pseud.] … New York,
359 3293 72 52 D.
461 3293 295 67 Appleton
786 3293 45 49 &
858 3310 299 50 company,
1191 3294 148 52 1929.

423 3372 631 48 3 p. l., 227, [1] p. 20 ᶜᵐ .
364 3424 51 52 ©
446 3428 128 48 Sept.
602 3429 39 46 6,
668 3428 115 40 1929;
839 3428 67 40 2c.
934 3429 97 39 and
1058 3427 82 41 aff.
1169 3428 127 47 Sept.
1325 3428 56 38 24;
1438 3428 42 38 A
1506 3428 142 40 13941;
1708 3429 57 40 D.
1794 3429 240 47 Appleton
2062 3428 37 40 &
2125 3439 67 30 co.

440 3483 279 49 (29-20439)

432 3577 307 63 Schlump;
782 3581 94 51 the
914 3587 159 61 story
1111 3579 65 52 of
1213 3599 31 33 a
1285 3578 249 55 German
1574 3579 212 53 soldier
1822 3581 122 51 told
1983 3581 74 67 by
2095 3578 262 66 himself;

361 3658 316 51 translated
741 3657 153 52 from
954 3657 97 53 the
1114 3655 251 55 German
1425 3657 76 69 by
1561 3657 258 53 Maurice
1884 3656 246 56 Samuel.
2222 3656 140 53 New

364 3734 178 66 York,
578 3734 311 70 Harcourt,
925 3735 183 52 Brace
1145 3736 113 52 and
1294 3753 281 50 company
1724 3737 85 63 [ᶜ1929]

424 3814 622 48 3 p. l., 3-299 p. 19½ ᶜᵐ .
364 3866 51 52 ©
451 3871 128 46 Sept.
609 3870 69 45 26,
712 3870 113 39 1929;
887 3871 66 39 2c.
989 3870 102 40 Oct.
1125 3872 52 45 1;
1214 3870 82 40 aff.
1331 3870 102 40 Oct.
1466 3871 53 45 2;
1555 3870 41 38 A
1628 3870 171 48 13819;
1835 3871 261 47 Harcourt,
2132 3871 156 41 Brace
2322 3873 35 41 &

431 3938 82 34 co.,
543 3926 90 40 inc.
701 3925 279 48 (29-20435)
