2535 4403
1050 4040 103 52 495

85 390 160 64 Sass,
279 388 258 53 Herbert
569 385 278 56 Ravenel.

156 466 91 55 On
287 465 99 53 the
423 464 183 69 wings
644 462 65 54 of
749 481 31 34 a
818 462 150 67 bird,
1006 461 76 68 by
1120 457 253 56 Herbert
1412 457 253 53 Ravenel
1710 453 161 68 Sass;
84 453 1965 144 illustrated

304 543 76 68 by
413 543 259 52 Herman
705 541 246 53 Palmer.
1024 538 232 55 Garden
1294 534 153 70 City,
1482 534 70 53 N.
1590 533 93 68 Y.,
1718 531 358 70 Doubleday,

83 622 196 53 Doran
310 623 52 50 &
393 638 297 49 company,
720 618 125 65 inc.,
880 620 149 50 1929.

155 694 1131 55 viii p., 2 l., 3-334 p. front., plates. 20 ᶜᵐ .
86 770 54 54 ©
166 774 122 40 Mar.
313 773 72 47 22,
410 771 143 47 1929;
579 772 69 40 2c.
674 771 95 41 and
797 769 84 41 aff.
907 770 122 39 Mar.
1056 768 55 41 30
1129 778 11 37 ;
1167 767 42 41 A
1234 766 142 48 6357;
1406 765 300 47 Doubleday,
1734 763 166 41 Doran
1929 766 37 40 &
1992 773 83 36 co.,

156 830 91 41 inc.
315 828 250 51 (29-8877)

91 925 203 69 [Scott,
330 923 294 54 Winifred
662 923 191 66 Mary]

156 1003 122 53 The
311 1002 347 67 conquering
690 1001 174 67 lover,
898 1000 76 69 by
1004 999 235 52 Pamela
1272 997 227 68 Wynne
1557 994 214 69 [pseud.]
1847 992 233 55 Garden

91 1080 152 72 City,
273 1081 69 53 N.
373 1081 91 67 Y.,
493 1078 357 70 Doubleday,
881 1078 197 51 Doran
1107 1079 46 49 &
1181 1092 298 52 company,
1508 1075 126 65 inc.,
1667 1076 151 50 1929.

155 1159 572 52 4 p. l., 311 p. 19½ ᶜᵐ .
157 1232 201 41 London
387 1230 185 43 edition
613 1230 75 49 (P.
719 1229 147 41 Allan
896 1229 36 40 &
964 1240 81 37 co.,
1077 1228 114 48 ltd.)
1230 1227 90 42 has
1354 1227 135 40 title:
1524 1226 165 41 Under
1723 1225 82 41 the
1839 1224 241 49 mosquito

86 1288 208 43 curtain.

91 1356 54 54 ©
174 1360 115 48 Apr.
321 1361 39 46 1,
392 1359 119 40 1929
525 1370 10 36 ;
564 1358 72 42 2c.
668 1358 98 41 and
796 1356 82 43 aff.
909 1356 116 49 Apr.
1055 1356 55 48 8;
1143 1356 41 39 A
1217 1355 141 49 6426;
1395 1355 301 47 Doubleday,
1727 1353 169 41 Doran
1928 1352 38 40 &
1998 1363 84 37 co.,

159 1415 91 42 inc.
317 1415 252 50 (29-8830)

90 1510 207 66 Silver,
331 1511 201 53 Aaron
568 1510 224 66 Henry,
830 1515 169 49 1891-

157 1588 179 54 What
382 1587 396 71 handwriting
827 1588 232 65 reveals,
1108 1587 128 52 how
1287 1585 47 53 it
1384 1584 339 54 determines
1774 1584 311 67 character,

90 1665 222 70 ability,
349 1665 341 68 disposition
728 1666 112 52 and
876 1665 195 52 health
1111 1665 112 52 and
1260 1665 129 52 how
1426 1669 57 47 to
1521 1681 96 35 use
1653 1662 116 54 this
89 1660 1970 137 information

249 1739 1837 73 for profit, by A. Henry Silver … New York, London,
89 1820 70 58 G.
189 1822 64 52 P.
284 1820 298 55 Putnam’s
610 1837 147 53 sons,
789 1824 150 50 1929.

161 1902 459 50 iv, 145 p. 19½ ᶜᵐ .
95 1972 52 53 ©
174 1976 122 39 Mar.
322 1975 69 47 26,
418 1973 118 42 1929
550 1985 9 36 ;
587 1974 69 42 2c.
682 1974 95 41 and
805 1973 81 41 aff.
914 1975 121 38 Mar.
1060 1974 84 47 27;
1172 1973 40 40 A
1239 1971 142 50 7106;
1410 1973 55 40 A.
1494 1973 59 40 H.
1585 1972 171 49 Silver,
1784 1972 302 48 Hollywood,

162 2031 145 41 Calif.
378 2029 251 50 (29-8810)

97 2125 247 65 Sohrab,
380 2125 256 54 Ahmad.

162 2197 1927 75 Abdul Baha in Egypt, by Mirza Ahmad Sohrab … New
94 2279 180 70 York,
308 2280 314 53 Published
659 2279 95 54 for
786 2279 138 54 New
958 2281 222 68 history
1218 2278 344 55 foundation
1596 2279 78 69 by
1710 2279 56 55 J.
1803 2278 78 54 H.
1922 2278 167 56 Sears

92 2357 732 70 & company, inc. [ ᶜ1 929 ]
162 2437 955 51 xxxiii, 390 p. front. (port.) 20 ᶜᵐ .
165 2508 43 41 A
232 2508 141 49 diary
396 2510 115 48 kept
537 2511 61 46 by
625 2508 186 43 Sohrab
837 2510 158 41 which
1022 2520 166 30 covers
1214 2521 24 29 a
1270 2509 165 48 period
1464 2509 52 41 of
1542 2511 136 39 three
1705 2510 386 42 months—from

96 2566 117 48 July
239 2566 75 41 1st
342 2568 48 38 to
422 2566 280 48 September
729 2566 127 45 30th,
886 2566 126 41 1913.
1074 2567 62 49 cf.
1166 2566 131 42 Pref.

168 2623 281 48 “Approved
480 2624 61 46 by
570 2623 82 40 the
684 2623 280 50 publishing
992 2623 274 42 committee
1297 2623 53 41 of
1380 2624 81 40 the
1493 2623 233 41 National

1757 2623 230 49 spiritual
98 2634 1977 94 assembly
309 2680 53 40 of
386 2680 81 40 the
497 2679 185 41 Bahais
710 2680 53 40 of
790 2680 84 40 the
901 2679 178 42 United
1112 2679 163 42 States
1304 2681 95 39 and
1432 2679 244 42 Canada.”

99 2742 1973 117 © Mar. 26, 1929 ; 2c. Apr. 3 ; aff. Mar. 28 ; A 7231 ; New history foundation, New York. (29-8817)
100 2901 270 66 Stevens,
407 2903 137 54 Mrs.
584 2901 163 54 Reba
783 2903 240 55 Mahan.

237 2981 104 53 What
362 2987 59 48 to
444 2983 73 52 do
540 2982 96 53 the
658 2982 181 54 whole
861 3001 137 50 year
1021 2982 252 67 through
1290 3002 11 45 ;
1329 2984 202 52 twelve
1554 2985 229 53 months
1806 2983 67 55 of
1897 2985 199 67 happy

96 3058 282 57 activities
420 3060 95 53 for
557 3060 275 60 children,
877 3061 75 69 by
995 3059 157 54 Reba
1195 3060 215 55 Mahan
1458 3060 265 68 Stevens;
1769 3060 326 56 illustrated

93 3136 76 69 by
204 3138 274 54 Florence
512 3138 166 70 Liley
713 3138 227 71 Young.
1015 3140 234 67 Boston,
1285 3139 278 69 Lothrop,
1600 3140 112 53 Lee
1748 3142 45 51 &
1832 3139 263 69 Shepard

95 3218 309 65 co. [ ᶜ1 929 ]
167 3296 811 50 183 p. col. front., illus. 20 ᶜᵐ .
168 3370 289 40 Illustrated
483 3368 365 50 lining-papers.

169 3424 234 42 Contains
430 3425 168 42 music.

104 3478 52 54 ©
180 3481 115 50 Apr.
320 3483 40 47 1,
385 3482 118 41 1929;
554 3483 68 40 2c.
647 3482 115 50 Apr.
789 3482 52 48 8;
869 3482 82 42 aff.
976 3483 114 48 Apr.
1117 3483 52 47 6;
1198 3483 41 40 A
1264 3482 142 48 6393;
1435 3484 229 47 Lothrop,
1691 3484 94 40 Lee
1812 3483 35 42 &
1876 3482 218 49 Shepard

169 3549 69 31 co.
308 3538 251 50 (29-8942)

106 3631 299 68 [Sullivan,
442 3632 171 69 Alan]
656 3637 169 53 1868-

173 3705 1862 78 The broken marriage, by Sinclair Murray [pseud.] …
105 3784 1402 76 New York, E. P. Dutton & co., inc. [ ᶜ1 929]
173 3867 363 49 319 p. 19½ ᶜᵐ .
107 3920 52 53 ©
184 3924 112 47 Apr.
322 3924 38 47 5,
387 3925 114 41 1929
519 3937 9 36 ;
555 3926 67 41 2c.
648 3924 113 52 Apr.
787 3928 29 40 8
831 3937 9 37 ;
867 3927 82 41 aff.
975 3928 112 47 Apr.
1114 3928 53 39 11
1187 3939 8 35 ;
1224 3927 41 40 A
1290 3927 142 48 6483;
1461 3930 53 38 E.
1541 3930 51 42 P.
1619 3929 187 43 Dutton
1834 3928 36 41 &
1897 3940 80 30 co,.
2006 3930 90 39 inc.

185 3981 251 50 (29-8990)
