2542 4389
1130 4007 141 56 2137

207 354 353 64 Alexander,
597 354 255 53 Edward
887 354 71 55 A.

276 432 325 69 Acquiring
639 433 229 68 private
908 436 278 64 property
1228 430 95 54 for
1363 430 197 69 public
1600 449 98 35 use
1737 431 184 53 under
1963 431 248 53 eminent

208 511 248 53 domain.
523 510 140 53 New
692 510 182 67 York,
903 509 265 53 Pandick
1196 528 175 50 press,
1401 509 128 67 inc.,
1561 511 152 50 1929.

329 592 261 49 11 p. 23 ᶜᵐ .
210 659 53 53 ©
293 663 129 49 Sept.
450 663 68 47 17,
547 663 142 46 1929;
719 663 68 41 2c.
817 664 96 40 and
941 661 82 42 aff.
1055 662 127 48 Sept.
1213 661 83 47 18;
1327 661 42 39 A
1397 660 171 48 13428;
1602 662 52 39 E.
1685 661 54 40 A.
1769 661 294 42 Alexander.
2093 663 120 40 New

275 720 145 40 York.

201 812 354 65 Alexander,
583 812 278 64 Thomas,
894 814 173 53 1887-

273 892 123 53 The
440 910 123 35 new
611 890 303 54 education
960 891 61 53 in
1067 891 97 53 the
1212 889 252 57 German
1513 890 276 68 republic,
1836 890 75 70 by
1959 891 249 54 Thomas

204 969 332 54 Alexander
558 969 114 53 and
698 969 177 68 Beryl
900 968 236 54 Parker.
1199 968 141 54 New
1365 967 183 68 York,
1574 968 121 54 The
1721 968 157 55 John

205 970 1980 146 Day company [ ᶜ192 9]
272 1127 876 51 xxviii, 387, [1] p. diagrs. 24 ᶜᵐ .
275 1200 249 41 “Selected
552 1197 370 50 bibliography”:
983 1209 43 38 p.
1060 1198 250 50 [381]-382.

206 1268 52 52 ©
296 1272 120 41 Nov.
452 1270 70 48 30,
559 1269 117 41 1929;
741 1270 67 41 2c.
847 1271 96 39 and
981 1269 82 41 aff.
1102 1270 113 40 Dec.
1253 1270 57 40 26;
1378 1270 39 39 A
1455 1270 143 40 16751:
1667 1271 52 40 T.
1759 1270 293 47 Alexander,
2091 1273 119 40 New

273 1329 145 45 York,
450 1328 97 40 and
576 1328 148 46 Beryl
754 1327 201 47 Parker,
986 1326 222 50 Norfolk,
1241 1327 86 40 Va.
1397 1326 253 49 (30-1555)

202 1421 318 55 American
548 1421 114 53 law
690 1423 240 62 reports
957 1422 347 54 annotated.

273 1501 70 53 A.
382 1500 65 53 L.
485 1501 68 52 R.
592 1499 346 54 cumulative
976 1499 391 70 index-digest
1406 1499 95 53 for
1539 1500 95 54 the
1673 1518 165 51 years
1880 1504 328 52 1919-1928.

205 1578 315 56 Combined
548 1577 234 53 indexes
808 1582 61 48 to
897 1595 151 35 cases
1078 1577 113 53 and
1221 1577 385 68 annotations,
1634 1579 139 52 vols.
1807 1577 151 55 1-57.
204 1579 1981 144 Rochester,

401 1657 69 52 N.
508 1656 92 66 Y.,
634 1655 121 53 The
790 1655 271 53 Lawyers
1098 1655 389 68 co-operative
1521 1655 339 71 publishing
1895 1673 311 53 company:

203 1735 342 67 Northport,
585 1734 63 52 L.
693 1734 68 67 I.,
804 1734 69 52 N.
918 1734 91 55 Y.,
1053 1733 256 53 Edward
1353 1733 333 68 Thompson
1730 1751 311 52 company:
2092 1732 117 57 San

203 1813 324 64 Francisco,
558 1810 195 68 Calif.,
782 1809 591 55 Bancroft-Whitney
1401 1829 282 51 company
1761 1813 152 65 [ᶜ1929]

267 1895 29 40 2
363 1927 9 8 v.

273 1961 1627 50 Contents.—v. 1. A to Intemperance.—v. 2. Intent to Zoo.
204 2031 52 53 ©
289 2036 121 48 Aug.
439 2035 70 49 22,
540 2035 115 40 1929;
714 2035 69 40 2c.
814 2034 118 40 each
965 2035 96 39 and
1093 2033 108 41 affs.
1233 2034 120 47 Aug.
1386 2035 57 39 27;
1504 2035 42 39 A
1577 2034 157 48 12062,
1769 2034 145 42 12063;
1976 2037 232 47 Lawyers

272 2092 324 49 co-operative
632 2092 108 48 pub.
778 2101 82 38 co.,
898 2092 213 39 Edward
1148 2091 277 48 Thompson
1461 2101 81 39 co.,
1583 2092 95 40 and
1716 2092 459 42 Bancroft-Whitney

271 2159 69 31 co.

200 2243 267 65 Aurand,
497 2242 255 54 Ammon
781 2244 260 62 Monroe,
1071 2244 71 68 jr.

271 2320 1932 70 Bundling prohibited ! … a supplement to Bundling; and
201 2397 1984 149 More about Bundling, by A. Monroe Aurand, jr. … Harrisburg,
399 2477 121 68 Pa.,
554 2476 302 68 Privately
889 2476 232 68 printed
1157 2476 76 68 by
1266 2476 122 53 The
1422 2476 245 54 Aurand
1704 2496 176 50 press,
1918 2480 151 52 1929.

268 2559 464 49 32 p. front. 24 ᶜᵐ.
203 2612 52 53 ©
286 2615 103 42 Oct.
417 2616 68 48 12,
515 2615 141 47 1929;
687 2616 67 40 2c.
785 2616 95 39 and
910 2614 83 43 aff.
1024 2615 103 41 Oct.
1157 2615 82 41 18;
1272 2615 41 39 A
1342 2614 172 49 15085;
1547 2616 53 40 A.

1633 2617 63 41 M.
1725 2616 218 50 Aurand,
1974 2617 74 47 jr.,
269 2618 1919 104 Harrisburg,
515 2673 83 40 Pa.

194 2764 226 66 Bailey,
450 2764 254 65 Carolyn
732 2765 290 65 Sherwin,
1054 2766 173 54 1875-

270 2842 252 69 Garden,
557 2844 245 53 orchard
838 2844 113 53 and
987 2844 257 53 meadow
1280 2845 221 64 stories,
1535 2845 77 69 by
1649 2843 255 71 Carolyn
1942 2844 261 56 Sherwin

199 2921 234 69 Bailey;
465 2921 326 54 illustrated
821 2921 77 69 by
926 2921 268 69 Dorothy
1224 2922 199 52 Dulin.
1494 2921 271 71 Chicago,
1797 2922 70 54 A.
1901 2924 300 69 Flanagan

198 3016 280 52 company
515 3001 193 65 [ᶜ1929]

266 3080 692 50 128 p. col. illus. 18 ½ᶜᵐ .
203 3133 1886 53 © Sept. 11, 1929; 2c. and aff. Sept. 13: A 13344; A. Flanagan co.
279 3193 253 50 (30-1955)

194 3288 245 64 Barton,
472 3288 227 63 George
729 3288 221 62 Aaron,
985 3293 172 50 1859-

263 3366 121 53 The
417 3366 162 69 royal
611 3364 372 69 inscriptions
1016 3365 65 53 of
1117 3364 204 57 Sumer
1354 3368 114 52 and
1504 3367 229 60 Akkad,

1764 3368 78 68 by
1875 3370 224 70 George
2130 3374 72 52 A.

194 3443 1885 58 Barton … New Haven, Pub. for the American oriental
193 3468 1986 120 society
372 3521 78 69 by
482 3521 95 52 the
612 3521 146 53 Yale
795 3520 320 69 university
1152 3539 185 49 press;
1375 3521 260 66 London,
1669 3523 77 53 H.
1782 3523 268 59 Milford.
193 3526 1985 125 Oxford
357 3597 321 69 university
707 3616 175 49 press,
914 3601 150 51 1929.

192 3677 1994 107 xxii, 406 p. 22 ᶜᵐ . (Half-title: Library of ancient Semitic inscriptions, vol. I)
267 3791 254 42 Sumerian
559 3792 94 39 and
689 3789 510 50 Assyro-Babylonian
1235 3790 372 42 transliterated
1642 3795 132 40 texts
1808 3795 120 41 with

1962 3797 84 41 the
191 3798 1995 91 English
314 3847 297 43 translation
638 3858 61 30 on
727 3846 220 49 opposite
974 3856 162 38 pages.

203 3901 1985 57 © Dec. 6. 1929; 2c. Dec. 20: aff. Dec. 18; A 17494; Yale univ. press
280 3960 252 50 (30-2784)
