2512 4377
1388 4069 103 50 206

486 509 96 47 xvi,
609 509 99 47 391,
740 509 55 49 [1]
823 520 44 36 p.
893 509 110 39 incl.
1030 509 163 47 front.,
1222 509 144 47 illus.,
1394 508 180 47 diagrs.
1635 507 116 43 20ᶜᵐ.

517 580 160 40 “Books
704 579 80 40 for
811 579 273 40 additional
1113 579 229 48 reading”:
1403 590 44 37 p.
1480 576 113 52 [392]

424 647 51 52 ©
507 651 121 48 Aug.
658 653 39 46 7,
730 651 142 47 1928;
905 650 67 41 2c.
1005 651 96 39 and
1133 650 82 41 aff.
1248 651 112 40 Feb.
1392 651 69 47 11,
1494 649 141 47 1929;
1670 651 44 38 A
1744 649 140 47 5452;
1920 652 63 40 M.
2018 651 44 40 J.
2095 650 193 40 Corwin
2321 651 95 39 and

491 708 214 48 Walling
735 707 205 48 Corwin,
972 707 331 48 Wilmington,
1336 706 145 41 Calif.
1550 706 251 49 (29-5286)

420 802 232 63 Cowan,
685 800 269 53 Leonard
987 800 322 65 Laurence,
1344 806 173 49 1891-

419 877 1988 148 … Manual of securities laws of the United States, by Leonard L. Cowan … containing the complete securities (Blue sky)
418 1036 138 51 laws
578 1034 64 53 of
665 1036 78 51 all
767 1034 64 53 of
853 1035 96 52 the
973 1039 190 62 states,
1188 1035 283 68 arranged
1496 1034 181 52 under
1700 1034 278 53 standard
2003 1034 276 68 headings
2306 1035 113 52 and

418 1130 211 50 proper
659 1113 437 68 sub-headings;
1131 1131 31 33 a
1195 1113 186 68 digest
1414 1112 63 53 of
1508 1113 78 51 all
1618 1112 96 53 the
1746 1112 267 68 reported
2047 1112 277 53 decisions
2358 1111 64 54 of

418 1190 95 53 the
546 1197 188 46 courts
767 1191 238 68 bearing
1037 1191 243 68 directly
1313 1208 62 35 or
1410 1191 307 68 indirectly
1751 1208 73 35 on
1857 1191 136 52 such
2028 1191 166 66 laws;
2232 1189 190 54 charts

418 1268 260 69 showing
715 1270 202 52 classes
952 1269 65 52 of
1052 1268 291 54 securities
1381 1268 294 53 embraced
1715 1268 204 53 within
1957 1268 137 53 such
2131 1269 139 52 laws
2309 1269 113 52 and

419 1346 158 53 those
611 1348 325 67 exempted;
975 1346 224 69 rulings
1232 1346 64 53 of
1331 1347 550 68 attorneys-general
1915 1346 115 53 and
2062 1346 99 53 the
2194 1346 229 53 various

420 1425 406 68 departments.
890 1424 347 53 Additional
1266 1424 205 53 inserts
1501 1424 120 53 will
1649 1424 67 53 be
1745 1424 268 68 supplied
2043 1443 60 34 as
2132 1442 123 36 new
2285 1425 138 53 laws

420 1501 2004 70 are enacted or other material becomes available … Chicago,
421 1580 1584 69 Ill., Corporation maintenance & service co., ᶜ1 929.
495 1665 25 38 1
588 1696 8 8 v.
658 1663 146 40 26½ᶜᵐ.

494 1735 288 40 Loose-leaf.

496 1791 113 40 1929
641 1791 198 41 edition.

430 1858 51 52 ©
512 1863 109 39 Jan.
648 1862 40 47 5,
717 1861 141 48 1929;
888 1862 68 40 2c.
986 1862 110 41 Feb.
1126 1863 51 45 1;
1210 1862 82 40 aff.
1321 1863 110 40 Jan.
1459 1862 83 47 31;
1573 1862 41 39 A
1642 1862 140 48 5269;
1814 1863 51 39 L.
1894 1863 51 40 L.
1977 1862 191 48 Cowan,
2201 1862 224 49 Chicago.

506 1917 252 50 (29-4448)

430 2011 285 65 Cutlirell,
748 2013 139 53 Mrs.
922 2012 178 52 Faith
1142 2011 326 66 (Baldwin)

557 2088 1869 71 … Garden oats. New York, Dodd, Mead & company, 1929.
492 2171 573 49 3 p. l., 282 p. 19½ cm .
494 2240 941 43 At head of title: Faith Baldwin …
431 2308 51 52 ©
514 2312 111 40 Feb.
655 2312 71 48 23,
755 2312 142 47 1929;
929 2313 69 40 2c.
1031 2312 110 40 Feb.
1173 2312 82 48 28;
1289 2313 83 41 aff.
1405 2313 111 42 Feb.
1547 2314 83 47 27;
1665 2315 41 38 A
1736 2314 141 48 4637;
1912 2315 154 48 Dodd,
2100 2315 143 40 Mead
2276 2314 36 40 &
2344 2324 81 38 co.,

499 2368 92 41 inc.
660 2368 252 50 (29-5411)

432 2462 173 65 Dahl,
634 2462 221 64 Joseph
888 2463 217 65 Oliver,
1138 2469 170 49 1893-

504 2541 223 69 Selling
766 2541 192 68 public
995 2543 370 68 hospitality;
1408 2563 31 33 a
1478 2544 305 52 handbook
1822 2544 64 54 of
1925 2544 357 69 advertising
2319 2545 113 53 and

431 2620 283 68 publicity
764 2620 93 52 for
907 2621 198 68 hotels,
1153 2626 351 49 restaurants
1554 2623 113 51 and
1716 2628 327 62 apartment
2089 2623 219 67 houses,
2356 2623 75 68 by

432 2697 2000 72 J. O. Dahl … New York and London, Harper & brothers,
429 2778 149 51 1929.

498 2858 1554 51 XXV p., 1 l., 357 p. illus. (incl. facsims.) plates. 24ᶜᵐ.
499 2928 378 49 Bibliography:
911 2940 44 38 p.
989 2929 115 51 [329]

435 2994 51 52 ©
518 2999 111 40 Feb.
659 2999 69 47 15,
757 2999 142 44 1929;
930 3000 68 41 2c.
1030 3000 110 41 Feb.
1171 3001 82 46 12;
1286 3000 82 42 aff.
1400 3001 112 41 Feb.
1543 3001 81 48 18;
1657 3002 41 39 A
1728 3002 141 48 5375;
1902 3004 194 48 Harper
2127 3004 36 40 &
2191 3004 126 40 bros.

513 3054 253 50 (29-5236)

434 3149 151 64 Dail,
614 3150 252 55 Hubert.

507 3228 121 53 The
658 3228 232 70 singing
921 3229 138 69 fool,
1089 3231 73 68 by
1193 3231 228 53 Hubert
1450 3230 156 69 Dail,
1635 3232 294 54 novelized
1961 3233 154 53 from
2142 3234 96 53 the
436 3234 1973 124 Warner

579 3306 147 55 bros.
770 3308 218 52 motion
1033 3308 239 68 picture,
1319 3328 31 33 a
1396 3309 187 69 Lloyd
1629 3311 194 52 Bacon
1869 3312 361 69 production,
437 3312 1970 125 illustrated

672 3384 140 53 with
857 3404 188 35 scenes
1091 3385 153 53 from
1289 3387 95 52 the
1431 3388 317 69 photoplay
1792 3390 255 68 starring
2090 3388 78 54 Al
2213 3390 218 55 Jolson.

432 3460 1173 72 New York, Grosset & Dunlap [ ᶜ1 929 ]
501 3543 986 50 3 p. l., 218 p. front., plates. 19½ᶜᵐ.
439 3594 51 52 ©
517 3599 111 40 Feb.
653 3599 69 48 20,
750 3599 140 47 1929;
917 3601 69 40 2c.
1013 3603 95 38 and
1135 3601 82 42 aff.
1245 3603 112 40 Feb.
1382 3603 55 40 23;
1495 3603 41 39 A
1562 3603 140 48 5453;
1735 3604 199 41 Grosset
1960 3605 36 40 &
2023 3606 209 48 Dunlap,
2261 3606 90 42 inc.

517 3655 253 50 (29-5227)

438 3748 275 66 Dawson,
745 3750 246 54 Francis
1022 3753 405 64 Warrington,
1461 3756 171 54 1878-

572 3828 1862 76 … Paul Clermont’s story and my own, followed by The gift
440 3905 65 52 of
532 3906 148 53 Paul
711 3906 309 55 Clermont.
1087 3908 271 70 Chicago,
1386 3910 94 53 Ill.,
1528 3912 122 51 The
1679 3912 263 53 Bernard
1973 3913 336 69 publishing
2337 3932 97 48 co.,

434 3986 150 50 1928.
