2535 4403
1063 4048 69 40 463

187 488 615 50 vi p., 1 l. , 9-288 p. 19½ᶜᵐ.
117 557 1993 54 © 1c. Mar. 12, 1929; A ad int. 12489; pubd. Jan. 18; C. A. Skinner,
185 619 301 47 Cambridge,
520 618 236 48 England.
828 616 250 49 (29-8991)

114 711 215 64 Smith,
364 712 42 54 C
697 710 240 64 Harold,
974 715 170 49 1860-

186 785 1927 72 The bridge of life, by C. Harold Smith … illustrated by
116 866 333 54 Ferdinand
478 867 67 51 E.
573 866 263 54 Warren.
911 866 139 53 New
1081 865 165 53 York
1276 865 113 52 and
1421 864 261 68 London,
1712 865 72 52 D.
1817 863 297 69 Appleton

116 946 111 52 and
259 962 298 51 company,
592 946 151 50 1929.

185 1024 1265 51 ix, 271, [1] p. front. (port.) illus., plates. 21 ᶜᵐ.
183 1097 76 40 An
292 1095 403 49 autobiography.

117 1163 51 53 ©
196 1169 123 39 Mar.
344 1168 69 46 22,
440 1167 116 40 1929;
609 1168 69 39 2c.
705 1167 97 40 and
828 1165 84 42 aff.
939 1168 122 38 Mar.
1088 1166 58 40 28;
1201 1166 41 39 A
1269 1164 116 42 6189;
1442 1165 58 41 D.
1526 1164 243 49 Appleton
1795 1165 38 40 &
1859 1175 68 30 co.
194 1223 252 50 (29-8714)

116 1317 233 65 Smyth,
387 1317 244 55 Walter.

186 1393 1928 73 The girl from Mason Creek, by Walter Smyth … London,
112 1475 160 54 Mills
305 1477 46 50 &
385 1476 180 66 Boon,
599 1474 223 54 limited
864 1476 170 65 [1929]

182 1556 278 49 254 p. 20 ᶜᵐ.
115 1623 1981 107 © 1c. Mar. 27, 1929; A ad int. 12509; pubd. Feb. 1; W. Smyth, Christchurch,
406 1683 117 40 New
553 1683 227 40 Zealand.
848 1682 251 49 (29-9092)

113 1777 221 64 Soltau,
368 1777 145 53 Karl
542 1776 304 57 Heinrich.

181 1855 111 52 Die
321 1855 451 69 geographische
801 1855 368 68 Verbreitung
1200 1855 114 52 and
1344 1854 329 70 bedeutung
1704 1855 95 53 des
1831 1854 190 55 nebels
2053 1855 62 53 in

114 1932 610 70 Schleswig-Holstein
746 1932 118 54 und
888 1932 348 53 Dänemark.
1295 1933 260 66 Breslau,
1580 1930 309 71 Germany,
110 1932 1980 130 Ferdinand

295 2010 163 67 Hirt,
488 2009 152 54 1927.

181 2093 54 39 72
266 2102 43 38 p.
369 2102 151 38 maps.
578 2092 58 40 25½ᶜᵐ.

114 2157 1998 53 © Dec. 31, 1927; 1c. Mar. 20, 1928; A—Foreign 37610; Ferdinand Hirt.
112 2271 285 63 Sprague,
433 2270 253 64 Curtiss,
719 2273 150 53 illus.

189 2349 428 67 [Illustrations,
643 2349 78 68 by
749 2348 223 55 Curtiss
1002 2348 280 68 Sprague,
1310 2350 58 51 in
1399 2349 99 53 the
1522 2349 149 53 book
1698 2349 258 68 entitled]
1992 2350 122 53 The

113 2426 292 53 innocents
435 2426 211 53 abroad;
710 2445 81 47 or,
821 2427 123 52 The
969 2445 124 34 new
1124 2427 283 68 pilgrim’s
1438 2445 263 51 progress;
1761 2427 173 69 being
1963 2445 150 36 some

112 2509 237 47 account
380 2503 65 52 of
474 2504 98 53 the
603 2504 311 68 steamship
949 2504 232 63 Quaker
1215 2504 180 69 City’s
1429 2506 260 68 pleasure
1724 2505 297 53 excursion
2053 2511 60 48 to

111 2581 235 69 Europe
392 2582 113 53 and
553 2582 97 53 the
695 2581 160 69 Holy
902 2582 184 67 Land,
1130 2582 76 69 by
1254 2583 174 53 Mark
1475 2583 204 53 Twain
1738 2582 262 69 (Samuel
2048 2584 65 52 L.

114 2659 285 68 Clemens)
434 2659 141 53 with
598 2678 73 34 an
693 2660 391 54 introduction
1105 2660 77 69 by
1203 2659 205 55 Albert
1434 2661 258 68 Bigelow
1716 2661 197 53 Paine.
1974 2662 140 53 New

113 2738 179 67 York,
321 2738 123 53 The
469 2737 337 53 Macmillan
835 2757 298 49 company,
1166 2741 150 50 1929.

110 2819 2000 107 xvi p., 2 l., 3-537 p . incl. front., plates. 18½ ᶜᵐ. (The modern readers’ series)
115 2941 51 53 ©
195 2946 113 49 Apr.
337 2947 40 47 2,
407 2946 117 41 1929;
579 2947 68 40 2c.
676 2947 97 40 and
800 2946 82 41 aff.
912 2947 114 48 Apr.
1054 2948 53 45 3;
1139 2947 39 39 A
1209 2947 115 41 7215;
1384 2948 282 40 Macmillan
1698 2959 67 30 co.

112 3040 232 54 Sundar
379 3040 206 65 Singh,
622 3046 170 50 1889-

181 3118 163 54 With
384 3119 112 53 and
535 3119 245 53 without
818 3119 224 67 Christ;
1081 3119 172 70 being
1290 3120 283 54 incidents
1611 3121 173 53 taken
1824 3121 153 53 from
2015 3122 97 53 the

111 3197 141 53 lives
283 3196 66 53 of
380 3196 324 55 Christians
737 3198 112 52 and
882 3196 65 54 of
976 3197 468 55 non-Christians
1477 3198 187 54 which
1697 3199 286 54 illustrate
2016 3200 96 53 the

113 3273 305 55 difference
454 3274 58 53 in
552 3275 141 53 lives
731 3275 154 54 lived
923 3275 142 53 with
1106 3275 198 55 Christ
1344 3278 113 52 and
1497 3276 245 54 without
1783 3277 216 68 Christ,
2035 3278 78 69 by

115 3351 197 55 Sadhu
366 3351 230 57 Sundar
649 3353 214 68 Singh;
919 3353 139 53 with
1112 3373 73 33 an
1236 3353 393 55 introduction
1679 3355 77 68 by
1806 3355 96 53 the
1953 3356 157 53 Lord

112 3429 221 68 Bishop
377 3430 65 52 of
482 3430 375 54 Winchester.
937 3431 138 53 New
1121 3431 164 53 York
1328 3432 114 52 and
1484 3431 261 69 London,
1788 3432 235 69 Harper
2066 3435 47 51 &

113 3505 277 70 brothers,
419 3510 151 51 1929.

246 3590 628 49 xv p., 1 l. , 152 p., 1 l. 19½ ᶜᵐ.
115 3655 52 52 ©
192 3659 114 48 Apr.
332 3660 40 47 3,
399 3660 117 40 1929;
568 3660 68 41 2c.
662 3660 115 48 Apr.
803 3661 27 40 3;
887 3660 83 42 aff.
995 3660 115 49 Apr.
1137 3661 27 40 5;
1220 3661 41 39 A
1287 3662 112 40 7251;
1458 3663 195 47 Harper
1680 3663 36 40 &
1742 3663 126 41 bros.

192 3715 251 50 (29-8706)

108 3808 275 65 Tanigro,
425 3810 191 55 Anna.

182 3886 178 54 Fiabe
390 3906 101 49 per
519 3888 255 53 bambini
805 3889 223 68 grandi.
1096 3890 291 66 Florence,
1417 3890 176 69 Italy,
1622 3892 69 52 R.
1725 3891 328 68 Bemporad
2083 3910 28 35 e

111 3963 178 70 figlio,
321 3968 150 49 1926.
