2561 4405
1161 4080 69 53 47

171 398 235 69 [Street,
436 394 154 55 Cecil
616 393 156 55 John
801 390 265 69 Charles]
1100 394 173 51 1884-

235 476 121 53 The
385 473 174 55 house
590 492 73 34 on
695 472 238 53 Tollard
966 470 182 69 ridge,
1176 468 79 70 by
1283 467 159 56 John
1471 465 203 56 Rhode
1711 465 214 69 [pseud.]
162 465 1982 156 London,

325 552 69 56 G.
429 553 133 52 Bles
601 553 173 65 [1929]

238 635 99 48 318,
371 635 55 49 [1]
457 644 44 38 p.
560 631 147 42 19½ᶜᵐ.

166 698 2005 59 © 1c. Jan. 22, 1929; A ad int. 12246; pubd. Jan. 15; Dodd, Mead & co.,
234 764 105 48 inc.,
370 763 118 41 New
516 761 145 41 York.
731 758 252 51 (29-2810)

168 856 621 65 Studdert-Kennedy,
833 854 281 63 Geoffrey
1155 852 298 64 Anketell,
1497 857 172 51 1883-

235 936 121 52 The
401 933 255 58 warrior,
701 933 96 53 the
841 949 223 36 woman
1107 932 115 53 and
1263 931 97 57 the
1406 929 226 60 Christ;
1679 949 31 34 a
1754 931 174 69 study
1972 929 65 54 of
2078 929 97 55 the

165 1007 2011 77 leadership of Christ, by G. A. Studdert Kennedy … London,
166 1094 242 54 Hodder
439 1093 113 52 and
586 1091 327 69 Stoughton
970 1092 152 65 [1928]

236 1175 464 52 317 p., 1 l. 19 ᶜᵐ .
237 1245 378 51 Bibliography:
647 1245 26 39 1
700 1243 104 41 leaf
832 1246 53 38 at
912 1244 107 41 end.

170 1310 2006 56 © 1c. Jan. 4, 1929; A ad int. 12199; pubd. Nov. 8, 1928; Doubleday,
238 1374 168 41 Doran
435 1373 37 41 &
500 1384 81 37 co.,
612 1372 105 48 inc.,
751 1371 195 41 Garden
977 1369 124 50 City,
1133 1371 56 40 N.
1219 1370 56 40 Y.
1345 1368 255 51 (29-2124)

168 1466 1148 71 Television, v. 1. no. 11, Jan., 1929.
173 1544 2007 56 © 1c. Jan. 26, 1929; A ad int. 12268; pubd. Dec. 28, 1928; Television
239 1619 150 39 press,
419 1608 102 47 ltd.,
552 1607 214 41 London.

169 1702 278 65 Thomas,
477 1703 221 64 Joseph
730 1703 234 63 Brown,
999 1702 172 55 1879-

239 1782 247 55 Hounds
513 1783 112 52 and
650 1782 252 69 hunting
925 1781 255 70 through
1203 1781 97 53 the
1326 1799 150 51 ages,
1496 1782 76 68 by
1592 1780 219 69 Joseph
1833 1782 68 51 B.
1917 1781 269 68 Thomas,

171 1857 2015 73 m. f. η. ; with an introduction by the Earl of Lonsdale … New
174 1941 179 65 York,
381 1940 122 53 The
530 1940 322 67 Derrydale
881 1956 175 53 press,
1087 1941 151 51 1928.

243 2024 27 40 5
306 2034 44 38 p.
424 2054 8 14 l.,
471 2022 206 41 ix-xviii
715 2034 58 37 p.,
811 2023 24 38 1
912 2054 8 16 l.,
958 2021 86 42 272
1082 2031 44 38 p.
1187 2022 87 40 col.
1312 2022 166 48 front.,
1517 2020 144 49 illus.,
1701 2022 159 48 plates
1888 2021 137 49 (part
2061 2021 114 49 col.)

171 2083 150 46 ports.
350 2080 47 46 (1
429 2080 113 46 col.)
579 2080 155 47 plans,
765 2079 154 48 diagr.
979 2078 148 43 32½ᶜᵐ.

246 2138 99 39 “De
374 2138 113 40 luxe
516 2137 186 40 edition
731 2136 56 41 50
816 2135 188 49 copies;
1034 2135 109 41 first
1173 2135 186 41 edition
1389 2135 85 41 750
1503 2134 203 51 copies.”

177 2205 51 52 ©
259 2209 112 40 Dec.
401 2207 69 45 18,
502 2208 142 42 1928:
675 2208 68 40 2c.
773 2208 96 39 and
899 2206 83 42 aff.
1013 2206 111 41 Jan.
1152 2207 42 48 4,
1225 2207 142 47 1929;
1400 2206 42 40 A
1470 2205 144 48 2813;
1648 2207 43 40 J.
1723 2207 55 40 B.
1809 2207 227 41 Thomas.
2066 2206 121 42 New

243 2266 144 40 York.
457 2264 253 50 (29-1722)

172 2361 312 65 Torrance,
519 2361 252 56 Arthur.

246 2439 294 70 Tracking
567 2440 168 52 down
764 2439 96 53 the
890 2439 241 54 enemies
1160 2438 64 54 of
1250 2458 162 47 man;
1442 2437 176 73 being
1643 2440 97 52 the
1768 2457 264 36 romance
2060 2439 66 53 of
2156 2458 31 34 a

177 2514 2013 74 doctor’s life in the jungles, by Arthur Torrance … with an
177 2596 395 69 appreciation
598 2597 75 65 by
735 2598 222 52 “Trader
982 2596 206 55 Horn”
1215 2598 113 52 and
1355 2616 72 34 an
1455 2596 394 56 introduction
1873 2597 79 69 by
1974 2597 215 56 Morris

178 2672 1936 77 Fishbein … New York, J. H. Sears & company, inc. [ ᶜ192 8]
247 2759 502 50 xiii, 300 p. 21½ ᶜᵐ .
182 2828 51 52 ©
266 2831 102 41 Oct.
398 2830 69 49 10,
498 2831 143 40 1928:
672 2831 68 41 2c.
771 2831 111 40 Jan.
912 2831 70 48 14,
1013 2830 142 47 1929;
1188 2830 83 41 aff.
1302 2831 111 40 Jan.
1445 2831 82 46 31;
1560 2830 40 41 A
1631 2831 143 47 3713;
1807 2832 45 41 J.
1884 2832 61 40 H.
1979 2831 146 41 Sears
2155 2835 37 42 &

249 2899 83 37 co.,
363 2886 91 43 inc.
523 2887 252 49 (29-1661)

179 2981 202 64 Truss,
424 2982 170 55 Seldon.

248 3064 122 53 The
409 3062 188 69 living
633 3063 158 56 alibi,
833 3084 27 33 a
902 3069 256 65 mystery
1196 3070 176 62 story,
1412 3064 76 70 by
1529 3063 213 57 Seldon
1783 3066 194 54 Truss.
2052 3065 141 56 New

180 3142 178 61 York,
393 3142 554 70 Coward-McCann,
978 3142 126 61 inc.,
1138 3145 151 51 1929.

251 3223 644 50 vi p., 1 l., 306 p. 19½ ᶜᵐ .
185 3277 51 52 ©
266 3281 110 42 Jan.
402 3281 17 39 3
432 3281 39 42 0.
499 3281 142 43 1929;
670 3282 67 40 2c.
766 3284 96 39 and
889 3281 82 41 aff.
1000 3281 110 42 Jan.
1139 3282 83 46 14;
1253 3282 41 39 A
1320 3282 143 42 3752:
1495 3281 206 43 Coward
1731 3282 231 49 McCann,
1992 3284 92 40 inc.

264 3335 251 50 (29-1679)

183 3431 291 63 Tussaud,
504 3432 155 54 John
691 3431 322 65 Theodore,
1048 3439 171 50 1859-

253 3512 121 53 The
410 3513 203 52 chosen
654 3513 151 54 four,
838 3514 77 67 by
950 3514 156 54 John
1145 3515 298 52 Theodore
1481 3514 279 55 Tussaud.
1834 3513 166 56 With
183 3513 1988 132 illustrations

460 3590 76 57 by
569 3592 96 52 the
700 3592 224 58 author,
960 3591 254 56 founded
1253 3612 72 34 on
1360 3593 96 53 the
1492 3592 249 63 original
1775 3594 326 56 memorials
2137 3595 61 54 in

185 3670 93 52 the
310 3671 314 54 possession
656 3671 65 52 of
750 3671 90 54 his
871 3670 223 59 family.
1169 3673 261 60 London,
1461 3673 55 54 J.
1550 3671 158 72 Cape
1764 3676 152 65 [1928]

255 3749 1197 54 224 p. front., ports., maps. facsims. 20 ᶜᵐ .
257 3809 41 39 A
335 3809 146 46 study
519 3809 53 39 of
606 3810 81 40 the
722 3809 115 40 four
870 3821 110 31 men
1016 3811 108 39 who
1161 3811 344 48 accompanied
1544 3812 83 41 the
1664 3812 108 41 first
1809 3813 251 44 Napoleon
2095 3814 104 41 into

187 3866 127 40 exile
348 3869 52 38 at
435 3867 67 39 St.
537 3867 216 40 Helena:
791 3867 298 43 Montholon,
1123 3869 261 44 Bertrand,
1422 3868 277 47 Gourgaud.
1734 3870 98 40 Las
1867 3871 163 41 Cases.

193 3915 2005 64 © 1c. Jan. 22, 1929: A ad int. 12247: pubd. Nov. 26. 1928; J. T. Tussaud,
261 3978 206 52 Croxley
498 3981 171 47 Green,
749 4015 7 7 R.
792 3981 44 43 S.
870 3982 66 48 O.,
969 3982 165 49 Herts,
1168 3984 238 48 England.
1476 3982 255 53 (29-3530)
