2542 4389
1034 4034 135 53 1607

151 472 162 40 “First
345 469 227 42 edition.”

87 526 51 52 ©
168 529 127 47 Sept.
322 527 68 48 18,
417 526 118 40 1929;
585 526 68 40 2c.
680 526 96 39 and
804 524 80 39 aff.
912 523 103 40 Oct.
1042 523 55 38 24;
1152 521 41 39 A
1218 519 146 41 14357;
1419 519 184 40 Aldous
1631 518 211 47 Huxley,
1870 517 214 39 London.

163 583 281 50 (29-22351)

78 666 214 53 Ibáñez
321 665 70 52 de
419 664 187 63 Ibero,
637 661 222 55 Carlos.

207 734 1880 86 … Le spectateur passionné. Paris, Éditions le Livre libre,
82 829 151 50 1929.

151 904 820 52 2 p. l., [13]-138 p., 1 l. 19 ½ ᶜᵐ .
152 965 64 39 At
242 965 125 39 head
395 963 52 40 of
474 963 108 39 title
600 974 9 27 :
640 962 50 40 C.
719 962 179 39 Ibáñez
925 961 58 38 de
1010 960 156 40 Ibero.

89 1013 1998 56 © Jan. 30, 1929; 1c. May 17; A—Foreign 3209; Carlos Ibáñez de Ibero,
156 1077 156 40 Paris.
377 1074 281 51 (29-21952)

84 1157 181 63 Irvin,
292 1157 158 51 Leon
476 1155 82 64 P.,
588 1157 82 53 ed.

164 1233 276 68 [Preface,
469 1232 409 66 introduction,
906 1236 177 62 notes,
1113 1230 289 66 exercises,
1432 1229 364 68 vocabulary]
1829 1229 77 68 by
1935 1228 158 52 Leon

88 1306 1839 72 P. Irvin … [in the book entitled] Le voyage de Monsieur
89 1306 1979 150 Perrichon; comédie en quatre actes, par Labiche et Martin …
88 1468 139 51 New
261 1467 179 66 York,
472 1465 454 67 Prentice-Hall,
957 1464 127 67 inc.,
1120 1465 151 50 1929.

159 1544 1148 52 vii, 148 p. incl. front. (port.) illus. 19 ᶜᵐ .
93 1601 51 52 ©
180 1605 102 41 Oct.
316 1605 39 48 3,
390 1603 140 48 1929;
564 1603 68 41 2c.
669 1603 102 41 Oct.
806 1603 82 47 18;
926 1601 82 41 aff.
1044 1601 103 41 Oct.
1183 1601 82 47 17;
1303 1601 41 38 A
1377 1599 171 47 15075;
1588 1600 376 46 Prentice-Hall,
2001 1599 90 39 inc.

83 1683 152 62 Ives,
261 1681 258 54 Howard
547 1679 250 66 Chapin,
827 1683 170 52 1878-

155 1757 1941 72 Highway curves, by Howard Chapin Ives … New York,
87 1839 56 55 J.
168 1839 192 68 Wiley
386 1840 45 49 &
457 1856 145 50 sons,
630 1837 107 53 inc.;
796 1837 260 69 London,
1085 1836 301 68 Chapman
1414 1838 46 50 &
1484 1836 161 70 Hall,
1672 1836 241 68 limited,
1944 1838 149 51 1929.

154 1919 95 47 xiv,
280 1918 86 41 247
397 1929 43 37 p.
472 1918 109 40 incl.
614 1918 170 40 tables,
817 1917 180 49 diagrs.
1058 1918 146 39 17½ᶜᵐ.
1322 1916 131 48 $3.50

94 1972 51 52 ©
175 1975 102 41 Oct.
306 1976 69 47 14,
404 1973 141 48 1929;
573 1975 68 39 2c.
670 1975 95 38 and
794 1973 82 41 aff.
908 1973 102 41 Oct.
1039 1975 55 39 17;
1151 1974 42 39 A
1221 1973 170 48 15065;
1422 1975 62 39 H.
1515 1974 49 41 C.
1596 1975 122 47 Ives,
1749 1975 93 39 Los
1871 1975 222 44 Angeles.

170 2030 281 50 (29-22386)

83 2111 191 64 Klein,
308 2112 205 63 Ernst,
547 2111 172 55 1876-

85 2187 1983 146 … Eva in seide, roman. 1.-4. tausend. Berlin, P. Langenscheidt [ ᶜ1 929]
155 2349 336 48 211 p. 20 ᶜᵐ .
160 2405 119 40 “Die
310 2407 130 38 erste
472 2405 191 47 auflage
693 2404 222 40 erschien
948 2406 143 38 unter
1124 2405 106 39 dem
1265 2404 107 40 titel
1407 2406 258 39 ‘Nuttchen’.”

94 2458 1831 52 © May 17, 1929; 1c. July 3; A—Foreign 3871; P. Langenscheidt.
170 2517 282 49 (29-21954)

86 2598 212 63 Krout,
328 2598 155 53 John
514 2598 189 63 Allen,
736 2603 170 49 1896-

226 2674 1871 71 … Annals of American sport, by John Allen Krout. New
94 2753 225 67 Haven,
348 2753 145 52 Yale
521 2753 321 68 university
871 2771 186 50 press;
1096 2760 139 61 [etc.,
1264 2759 120 62 etc.]
1423 2757 151 50 1929.

163 2834 1934 53 4 p. l., 360 p. col. front., illus. (incl. ports.) 26½ ᶜᵐ . (The pageant of
93 2890 223 41 America.
391 2892 106 48 [vol.
590 2891 39 49 XV])

166 2947 228 47 “Liberty
420 2947 93 40 bell
541 2947 227 41 edition.”

159 3005 130 39 “The
318 3003 198 47 Liberty
546 3004 92 39 bell
668 3003 185 40 edition
881 3004 53 40 of
963 3004 115 40 ‘The
1107 3007 212 45 pageant
1347 3005 53 40 of
1428 3006 253 48 America’,
1714 3008 81 39 the
1827 3007 111 41 first
1965 3012 48 36 to
2045 3009 55 39 be

96 3060 207 49 printed,
332 3060 41 40 is
401 3060 188 40 limited
615 3063 48 37 to
691 3060 130 48 1,500
849 3060 315 48 impressions
1193 3072 60 29 on
1280 3072 151 38 paper
1458 3063 252 48 expressly
1738 3065 142 39 made
1908 3065 78 40 for
2016 3065 81 40 the

97 3115 177 41 work.”
332 3116 119 40 This
480 3126 119 38 copy
627 3117 86 39 not
740 3116 278 42 numbered.

169 3172 236 40 “General
436 3171 366 49 bibliography”
821 3182 10 29 :
863 3183 42 37 p.
936 3172 219 41 338-347.

100 3224 52 52 ©
183 3228 102 41 Oct.
313 3228 40 48 1,
383 3227 140 48 1929;
554 3229 67 39 2c.
652 3229 97 39 and
778 3227 83 41 aff.
892 3227 101 42 Oct.
1023 3229 82 42 25;
1140 3230 39 38 A
1211 3230 169 46 14383;
1414 3230 118 40 Yale
1564 3232 129 40 univ.
1724 3243 151 37 press.

176 3284 280 48 (29-22307)

92 3364 455 64 Kuhnmuench,
578 3364 143 53 Otto
747 3364 35 53 J
1069 3368 83 52 ed.
1184 3370 115 52 and
1326 3374 69 49 tr.

165 3442 181 68 Early
389 3440 295 55 Christian
724 3441 173 53 Latin
938 3448 159 61 poets
1139 3443 152 52 from
1332 3444 96 53 the
1471 3445 200 53 fourth
1709 3451 60 48 to
1808 3448 97 53 the
1946 3449 156 53 sixth

93 3524 254 62 century,
390 3518 140 52 with
571 3537 73 34 an
686 3518 410 68 introduction,
1138 3521 362 67 translation,
1540 3530 404 62 commentary,
1988 3527 113 53 and

93 3595 2010 79 notes by Otto J. Kuhnmuench … Chicago, Loyola university
95 3692 175 50 press,
301 3677 150 49 1929.

165 3755 948 50 xiv, 472 p. front., illus., pl. 20 ᶜᵐ .
166 3813 120 40 Part
312 3813 52 39 of
391 3813 82 39 the
499 3811 322 41 translations
847 3822 84 30 are
958 3812 50 40 in
1034 3823 155 38 prose.

168 3868 376 49 Bibliography:
575 3879 45 37 p.
646 3867 219 42 435-439.

107 3922 51 52 ©
191 3925 128 48 Sept.
347 3925 55 39 21,
503 3923 57 41 1929;
616 3924 67 41 2c.
713 3927 95 39 and
838 3924 81 42 aff.
951 3925 128 48 Sept.
1110 3926 55 39 26;
1223 3926 42 38 A
1294 3927 144 40 12570;
1497 3928 180 42 Lovola
1710 3933 130 40 univ.
1870 3944 136 36 press.

184 3980 280 50 (29-22346)
