2542 4389
1056 4012 133 54 1571

110 360 344 55 California.
522 361 166 53 Laws
694 404 12 24 ,
732 365 240 49 statutes
978 402 13 25 ,
1020 366 100 47 etc.

178 437 121 52 The
348 434 154 56 Code
548 436 65 52 of
658 435 136 53 civil
842 435 312 68 procedure
1200 434 66 53 of
1312 434 97 53 the
1456 438 144 48 state
1649 432 65 54 of
1765 432 344 55 California.

107 514 272 68 Adopted
417 513 203 53 March
662 517 81 62 11,
787 512 150 54 1872.
1012 512 164 54 With
1217 511 392 53 amendments
1647 529 80 50 up
1768 516 59 47 to
1869 511 115 53 and
108 510 1978 150 including
386 591 160 53 those

591 590 66 53 of
700 591 95 52 the
844 589 326 69 forty-fifth
1217 589 212 53 session
1477 587 65 55 of
1588 588 97 53 the
1732 587 379 69 Legislature,

109 671 150 50 1923.
335 668 314 69 Including
688 686 72 34 an
803 667 292 69 appendix
1135 666 337 69 containing
1514 666 390 53 amendments
1945 665 167 54 made

107 747 74 68 by
215 747 94 52 the
345 745 360 69 forty-sixth,
741 744 422 69 forty-seventh
1199 745 113 53 and
1349 743 387 70 forty-eighth
1771 743 241 53 sessions
2048 743 65 53 of

107 820 1980 150 the Legislature, 1925, 1927, 1929. Edited by James H. Deering …
361 900 116 55 San
502 900 323 56 Francisco,
852 898 590 70 Bancroft-Whitney
1468 915 300 52 company,
1794 900 152 51 1924.

177 981 668 49 vi, 1511, V, 149 p. 21½ ᶜᵐ .
179 1052 265 42 Published
479 1052 127 42 1929.

117 1120 51 52 ©
200 1125 120 47 Aug.
351 1124 69 47 21,
451 1124 140 47 1929;
626 1124 67 39 2c.
726 1124 96 40 and
854 1122 84 41 aff.
970 1123 120 46 Aug.
1121 1122 84 48 29;
1239 1122 41 39 A
1313 1122 171 41 11926:
1520 1121 491 47 Bancroft-Whitney
2045 1132 68 30 co.

192 1180 281 50 (29-21821)

179 1288 120 53 The
327 1288 182 53 Penal
537 1288 134 53 code
699 1288 65 53 of
790 1288 97 53 the
915 1292 144 49 state
1090 1287 65 53 of
1184 1287 344 55 California.
1596 1287 272 69 Adopted
110 1287 1978 147 February

254 1369 80 65 14,
377 1365 149 54 1872.
600 1366 165 53 With
806 1366 391 52 amendments
1238 1384 78 50 up
1357 1371 59 47 to
1459 1366 113 52 and
1613 1365 301 69 including
1953 1366 160 53 those

109 1442 65 54 of
215 1443 95 53 the
354 1442 324 70 forty-fifth
721 1443 212 54 session
978 1443 65 53 of
1083 1443 97 53 the
1221 1443 379 69 Legislature,
1648 1445 150 50 1923.
109 1443 1981 147 Including
246 1539 72 34 an

352 1521 293 68 appendix
680 1521 336 69 containing
1052 1521 392 53 amendments
1480 1521 165 53 made
1679 1522 78 67 by
1792 1521 98 53 the
108 1520 2004 146 forty-sixth,

316 1598 421 69 forty-seventh
774 1599 113 53 and
925 1598 389 70 forty-eighth
1350 1598 240 54 sessions
1628 1598 64 54 of
1726 1598 97 54 the
108 1598 1982 146 Legislature,
286 1679 151 65 1925,

471 1675 1644 71 1927, 1929. Edited by James H. Deering … San
109 1755 324 67 Francisco,
466 1754 589 70 Bancroft-Whitney
1087 1772 300 50 company,
1421 1757 151 49 1924.

179 1836 777 48 lxxvi, 1071, V, 137 p. 21½ ᶜᵐ .
180 1905 264 41 Published
475 1905 129 42 1929.

118 1974 51 52 ©
201 1978 121 48 Aug.
353 1978 69 47 21,
455 1977 116 40 1929;
629 1978 68 40 2c.
730 1980 96 38 and
858 1977 83 42 aff.
973 1978 121 48 Aug.
1127 1976 58 41 29;
1244 1977 43 39 A
1318 1977 144 40 11927;
1524 1975 490 50 Bancroft-Whitney
2047 1988 66 30 co.

196 2033 280 49 (29-21820)

111 2143 260 65 Cannon,
401 2143 225 54 Walter
653 2145 319 64 Bradford,
1005 2146 170 54 1871-

184 2222 1873 71 Curso de fisiologia de laboratorio, por Walter B. Cannon …
110 2302 304 54 traducido
446 2303 68 52 de
545 2303 56 52 la
632 2307 158 49 sexta
822 2303 223 53 edicion
1077 2304 219 68 inglesa
1327 2322 38 50 y
1398 2304 246 52 anotado

112 2301 2008 148 por Jose Joaquin Izquierdo … 1. ed. española. Nueva York, Londres,
110 2458 71 52 D.
210 2457 297 69 Appleton
532 2477 36 50 y
597 2458 317 69 compañia,
945 2462 151 50 1929.

310 2537 1070 50 xxv p., 3-203 numb. l. illus., diagr. 27½ ᶜᵐ .
186 2593 202 42 Printed
413 2605 60 29 on
499 2605 88 30 one
612 2595 104 40 side
741 2595 53 40 of
818 2594 103 42 leaf
946 2596 128 47 only.

123 2647 1855 55 © Oct. 11, 1929; 2c. and aff. Oct. 16; A 14191; D. Appleton & co.
198 2708 281 49 (29-22034)

113 2815 177 64 Cobb,
321 2815 225 54 Walter
578 2817 219 65 Frank,
832 2823 171 50 1883-

185 2894 214 55 Values
441 2897 113 53 and
594 2897 260 54 methods
897 2899 60 52 in
997 2898 195 53 health
1234 2898 331 64 education;
1609 2916 31 34 a
1680 2897 308 54 handbook
2029 2899 95 52 for

115 2974 253 53 teachers
401 2976 113 51 and
546 2993 32 34 a
608 2974 273 54 textbook
912 2975 94 53 for
1037 2977 224 51 normal
1294 2976 237 67 schools,
1561 2978 76 68 by
1667 2976 224 54 Walter
1924 2975 201 54 Frank

118 3049 2006 75 Cobb … Evanston, Ill.. New York city [etc.] Row, Peterson
114 3131 647 69 and company [ ᶜ192 9]
187 3208 1100 51 2 p. l. , iii-v, 362, vii-xvi p. illus. 21 ᶜᵐ .
190 3264 323 42 “References
538 3266 78 40 for
641 3266 198 41 further
866 3267 231 48 reading”
1127 3270 52 38 at
1206 3270 92 38 end
1326 3268 52 40 of
1406 3268 118 40 each
1552 3269 216 47 chapter.

125 3318 1996 55 © Oct. 1, 1929; 2c. Oct. 16; aff. Oct. 14: A 15050: Row, Peterson & co.
202 3378 281 48 (29-22023)

120 3471 223 65 Coffey,
372 3472 224 54 Walter
627 3472 275 67 Costella,
935 3476 171 54 1877-

252 3551 1810 76 … Productive sheep husbandry, by Walter C. Coffey …
117 3628 2007 76 2d ed. Revised by William G. Kammlade … Philadelphia
119 3707 1409 73 & London, J. B. Lippincott company [ᶜ192 9]
188 3785 1935 57 xxxii, 479 p. col. front., illus. (incl. maps) 21½ ᶜᵐ . (Lippincott’s
119 3842 131 40 farm
279 3843 253 47 manuals)

129 3895 1882 61 © July 17. 1929; 2c. and aff. Oct. 9; A 14022; J. B. Lippincott co.
202 3955 280 50 (29-22017)
