2542 4389
1046 3967 133 51 1109

103 327 193 62 Pratt,
325 325 157 54 Julia
513 325 78 64 C.,
617 327 151 53 illus.

181 405 409 66 [Illustrations
616 405 76 68 by
718 403 161 53 Julia
909 403 61 55 C.
1000 404 170 51 Pratt
1198 403 58 51 in
1284 402 96 52 the
1405 401 147 53 book
1579 399 257 68 entitled]
1869 397 64 54 “I
1961 399 145 53 have

105 502 31 33 a
175 483 151 52 little
363 480 285 69 shadow”,
688 479 135 71 “My
861 479 268 55 shadow”
1170 481 112 52 and
1322 479 162 53 other
1522 479 295 53 selections
1859 478 152 52 from
2049 476 56 53 A

103 559 201 55 child’s
332 560 215 68 garden
574 559 64 53 of
662 578 202 38 verses,
889 560 75 53 bv
989 559 215 52 Robert
1231 558 174 53 Louis
1436 557 328 55 Stevenson.
1841 554 265 56 Newark,

105 639 69 54 N.
202 639 74 66 J.,
304 637 61 55 C.
396 638 66 52 E.
491 637 256 55 Graham
774 638 46 50 &
847 656 77 33 co.,
973 639 151 51 1929.

176 717 586 52 [34] p. col. illus. 32 ᶜᵐ.
174 789 288 40 Illustrated
489 790 98 46 t.-p.
616 789 95 39 and
738 787 351 49 lining-papers
1116 787 51 39 in
1195 787 170 40 colors.

105 855 52 52 ©
188 859 128 41 June
345 860 68 47 17,
445 858 140 48 1929;
615 859 69 40 2c.
715 860 96 39 and
842 858 82 40 aff.
956 858 117 48 July
1103 857 83 47 25;
1218 857 43 39 A
1290 856 171 47 11366;
1497 856 202 42 Charles
1732 857 53 39 E.
1819 856 216 40 Graham
2068 856 36 40 &

172 927 68 31 co.

101 1023 369 65 Ransmeier,
499 1023 155 54 John
688 1023 325 64 Christian,
1047 1024 172 54 1872-

172 1100 1872 72 A Spanish recognition grammar, by John C. Ransmeier …
106 1180 1683 71 Chicago, Ill., The University of Chicago press [ ᶜ19 29]
170 1261 1939 50 xxxviii, 249 p. front. 20½ ᶜᵐ. (Half-title: The University of Chicago
98 1320 167 48 junior
289 1321 179 47 college
494 1319 175 48 series)

107 1388 52 52 ©
189 1392 117 47 July
335 1391 69 48 16,
434 1391 116 39 1929;
605 1390 68 42 2c.
702 1392 98 38 and
829 1390 84 41 aff.
942 1391 117 47 July
1089 1391 83 45 24;
1205 1390 40 39 A
1275 1389 171 47 10359;
1482 1389 284 49 University
1798 1390 51 41 of
1880 1389 225 49 Chicago.

185 1447 280 50 (29-15316)

103 1557 329 64 Remmers,
463 1556 154 54 John
649 1556 224 63 Henry.

175 1633 1935 73 Is death the end? by John Henry Remmers … Dayton, O.,
105 1713 1168 71 Progressive publications, inc. [ ᶜ19 28]
170 1795 275 49 199 p. 19½ ᶜᵐ.
108 1862 52 52 ©
191 1867 118 39 Nov.
340 1866 69 48 10,
442 1865 140 46 1928;
616 1866 68 39 2c.
717 1866 96 38 and
844 1864 84 40 aff.
962 1865 113 47 May
1107 1865 69 47 23,
1209 1864 141 47 1929;
1386 1865 41 39 A
1461 1864 170 47 11246;
1666 1866 45 40 J.
1744 1866 61 39 H.
1841 1866 264 46 Remmers,

176 1923 76 48 jr.,
280 1923 208 48 Dayton,
518 1921 51 42 O.
635 1921 281 50 (29-15312)

108 2032 187 64 Renn,
330 2031 265 65 Ludwig.

169 2109 158 68 War,
349 2109 75 70 by
447 2108 248 70 Ludwig
717 2109 181 53 Renn.
957 2109 140 53 New
1121 2108 183 69 York,
1327 2109 193 70 Dodd,
1544 2108 171 54 Mead
1741 2111 45 51 &
1810 2125 301 54 company,

103 2190 150 50 1929.

173 2268 567 50 3 p. l., 342 p. 19½ᶜᵐ.
175 2341 290 40 Illustrated
495 2339 366 50 lining-papers.

110 2408 52 54 ©
191 2413 116 48 July
336 2412 68 47 19,
434 2412 140 48 1929;
605 2414 69 40 2c.
702 2413 96 39 and
828 2411 83 42 aff.
942 2413 115 48 July
1085 2413 83 46 26;
1201 2412 40 41 A
1272 2412 143 41 10407;
1478 2412 152 49 Dodd,
1661 2414 144 40 Mead
1835 2413 37 41 &
1902 2423 82 37 co.,
2016 2413 92 45 inc.

190 2469 280 50 (29-15288)

111 2564 299 55 Research
443 2564 59 54 in
535 2564 425 55 international
993 2564 131 57 law.

242 2644 1871 70 … Nationality; responsibility of states; territorial waters.
110 2723 210 55 Drafts
364 2724 64 54 of
471 2725 367 54 conventions
885 2725 282 68 prepared
1211 2724 61 54 in
1316 2723 382 71 anticipation
1740 2725 65 55 of
1848 2726 96 54 the
1988 2723 127 57 first

113 2803 351 55 Conference
520 2823 71 33 on
647 2804 96 53 the
798 2803 363 55 codification
1216 2804 66 53 of
1338 2804 412 53 international
1807 2804 130 70 law,
1991 2804 123 53 The

109 2882 225 69 Hague,
366 2885 149 49 1930.
591 2881 365 71 Cambridge,
984 2883 192 69 Mass.,
1204 2882 277 54 Harvard
1510 2885 110 51 law
1647 2881 211 71 school,
1890 2885 151 52 1929.

176 2962 82 48 vii,
287 2962 86 42 399
403 2973 42 38 p.
505 2963 146 40 26½ᶜᵐ.

177 3033 63 41 At
265 3033 126 41 head
416 3034 51 40 of
494 3033 134 41 title:
657 3034 244 40 Research
929 3033 49 41 in
1005 3033 353 41 international
1383 3035 111 39 law.
1550 3034 231 40 Harvard
1807 3035 96 39 law
1932 3033 179 42 school.

163 3090 102 40 The
305 3090 245 40 Research
592 3089 50 40 in
685 3090 354 41 international
1082 3092 96 39 law
1220 3091 89 39 has
1353 3091 118 39 been
1515 3090 274 48 organized,
1835 3091 153 40 under
2032 3092 83 40 the

108 3146 223 48 auspices
362 3147 51 39 of
444 3147 81 40 the
553 3147 192 47 faculty
774 3147 51 41 of
855 3149 81 39 the
968 3148 230 39 Harvard
1230 3148 96 39 law
1357 3148 177 46 school,
1566 3146 50 40 in
1647 3146 324 49 anticipation
2003 3148 52 39 of
2088 3158 24 29 a

109 3203 106 41 first
253 3203 295 41 Conference
584 3214 58 29 on
681 3205 82 39 the
799 3203 307 41 codification
1144 3204 52 40 of
1230 3203 354 41 international
1621 3204 108 47 law,
1767 3204 250 48 projected
2056 3205 56 47 by

112 3261 79 39 the
224 3260 168 48 eighth
425 3261 252 47 Assembly
710 3261 51 40 of
793 3261 82 40 the
908 3261 191 47 League
1134 3261 51 40 of
1217 3260 211 47 nations,
1464 3262 49 38 to
1547 3262 127 38 meet
1706 3262 50 39 at
1791 3260 102 41 The
1927 3261 188 48 Hague,

109 3316 129 42 1930.
299 3318 167 39 Funds
507 3317 80 40 for
630 3318 81 40 the
756 3317 245 41 Research
1046 3327 127 31 were
1216 3318 207 47 granted
1469 3318 60 46 by
1574 3318 82 40 the
1701 3317 414 41 Commonwealth

107 3375 124 40 fund
259 3376 96 39 and
384 3385 127 31 were
540 3375 365 48 supplemented
934 3375 61 48 by
1026 3385 27 29 a
1084 3377 143 46 grant
1257 3375 129 40 from
1418 3375 91 39 Mr.
1539 3375 127 39 John
1698 3375 57 41 D.
1787 3374 322 47 Rockefeller,

108 3430 63 47 jr.
231 3431 61 48 cf.
325 3431 208 41 General
564 3431 178 41 introd.

116 3498 52 52 ©
200 3503 112 47 May
341 3502 69 48 25,
440 3502 114 41 1929;
611 3503 68 40 2c.
710 3503 96 39 and
835 3502 83 40 aff.
949 3503 128 39 June
1105 3503 55 40 17;
1218 3502 43 39 A
1289 3502 116 40 9717;
1464 3502 231 40 Harvard
1724 3503 97 39 law
1849 3502 179 41 school.

195 3558 279 49 (29-15277)

113 3651 229 65 Riggle,
371 3654 259 53 Herbert
660 3652 337 66 McClellan,
1031 3654 172 55 1872-

181 3729 237 69 Beyond
448 3731 97 53 the
571 3731 156 53 tomb;
790 3750 81 48 or,
900 3731 159 67 Man,
1088 3731 89 53 his
1206 3737 205 46 nature
1442 3730 113 53 and
1587 3730 242 69 destiny,
1859 3731 77 69 by
108 3731 1983 128 Herbert

275 3806 1841 72 McClellan Riggle … Anderson, Ind., Gospel trumpet
108 3889 506 65 compare [ ᶜ19 29]
