2512 4377
1331 4032 102 51 200

441 460 711 49 xviii p., 1 l., 409 p. 21 ᶜᵐ .
446 531 247 41 “Selected
725 531 365 49 bibliography”
1109 542 10 30 :
1153 541 44 39 p.
1228 531 219 41 393-397.

382 599 51 52 ©
463 604 111 39 Feb.
602 604 68 45 15,
700 603 140 45 1929;
869 604 68 39 2c.
967 604 95 38 and
1091 603 82 40 aff.
1203 603 112 40 Feb.
1344 603 81 46 16;
1456 603 41 40 A
1525 604 142 45 4457;
1699 604 57 40 D.
1785 604 240 47 Appleton
2053 605 36 40 &
2117 616 67 29 co.

458 659 251 48 (29-4787)

379 755 266 63 Warner,
678 755 245 54 Charles
955 755 248 64 Dudley,
1237 760 324 50 1824-1900.

506 834 1684 71 … A-hunting of the deer, and other essays, by Charles
375 838 1979 142 Dudley
498 912 259 54 Warner.
834 912 139 53 New
1008 914 84 52 ed.
1169 913 231 67 Edited,
1435 912 140 55 with
1612 912 112 54 full
1759 915 172 68 study
1966 916 111 52 and
2113 915 267 70 teaching

374 991 1999 70 helps, by Arthur B. Perry … Boston, New York [etc.]
373 1068 320 70 Houghton
720 1068 204 54 Mifflin
953 1089 281 49 company
1310 1073 150 64 [ᶜ1929]

445 1151 1934 49 xvii, [3]-108, [2] p. front. (map) 17½ᶜᵐ. (The Riverside literature
375 1210 150 40 series.
603 1221 89 38 [no.
717 1208 100 51 37])

448 1282 210 48 “Essays
688 1282 79 39 for
798 1282 190 40 outside
1020 1282 229 48 reading”
1269 1293 9 29 :
1309 1293 43 37 p.
1386 1282 113 49 [109]

381 1352 51 51 ©
463 1356 110 39 Feb.
602 1356 38 46 1,
670 1355 140 46 1929;
840 1356 68 39 2c.
938 1355 111 40 Feb.
1078 1355 51 46 8;
1161 1354 82 41 aff.
1274 1355 110 40 Feb.
1413 1356 52 45 7;
1497 1355 39 39 A
1564 1355 142 46 4335;
1739 1355 263 46 Houghton
2033 1354 166 40 Mifflin
2230 1367 67 29 co.

458 1411 252 49 (29-4979)

381 1506 410 65 Washington,
821 1506 247 64 George,
1097 1526 146 49 pres.
1279 1508 67 52 U.
1378 1508 79 67 S.,
1488 1505 326 56 1732-1799.

449 1584 1870 70 George Washington, sportsman, from his own journals …
378 1664 365 70 Cambridge,
782 1664 193 67 Mass.,
1014 1664 157 52 Priv.
1216 1664 158 69 print.
1435 1663 94 54 for
1570 1664 156 53 John
1772 1662 62 56 C.
1876 1664 253 69 Phillips
2170 1665 75 69 by
2287 1665 95 53 the

378 1743 231 55 Cosmos
649 1762 176 50 press,
862 1744 128 67 inc.,
1030 1747 150 50 1928.

444 1827 298 48 47 p. 24 ᶜᵐ .
450 1899 128 41 ‘One
600 1900 221 39 hundred
843 1898 203 48 copies.”

381 1951 52 53 ©
465 1957 118 39 Nov.
615 1955 68 48 19,
716 1956 85 39 1928;
891 1956 69 40 2c.
992 1959 93 38 and
1119 1955 82 41 aff.
1235 1956 111 40 Jan.
1378 1956 69 46 26,
1483 1955 140 46 1929;
1659 1956 40 38 A
1731 1955 143 47 4256;
1911 1955 127 40 John
2074 1955 48 41 C.
2156 1955 220 48 Phillips,

449 2013 198 41 Boston.
714 2013 252 48 (29-4456)

377 2108 289 64 Watkins,
698 2109 269 52 Leonard
997 2109 64 54 L.

453 2187 275 54 Bankers’
770 2188 291 66 balances;
1108 2207 31 34 a
1183 2188 172 69 study
1399 2186 64 55 of
1506 2188 96 53 the
1645 2186 193 56 effects
1881 2186 65 55 of
1988 2187 97 53 the
2128 2187 244 54 Federal

378 2284 219 35 reserve
630 2271 210 63 system
872 2286 72 34 on
974 2266 257 70 banking
1264 2266 424 68 relationships,
1717 2267 76 69 by
1823 2266 264 54 Leonard
2119 2266 65 53 L.
380 2267 1974 132 Watkins

603 2345 1296 70 … Chicago, A. W. Shaw company, 1929.
445 2427 729 49 xvi, 429 p. diagrs. 21½ ᶜᵐ .
446 2501 227 39 Lettered
703 2511 61 29 on
791 2511 142 29 cover
950 2511 9 29 :
991 2500 210 48 Chicago
1230 2502 129 38 trust
1386 2511 235 37 company
1650 2500 232 42 triennial
1909 2500 131 48 prize
2069 2501 312 47 monograph.

447 2557 350 48 Bibliography
815 2568 9 30 :
858 2569 42 36 p.
930 2558 219 40 413-416.

381 2611 52 52 ©
462 2616 111 40 Dec.
600 2616 69 46 31,
698 2615 117 41 1928;
869 2616 67 41 2c.
965 2617 111 39 Jan.
1103 2616 69 46 10,
1202 2615 141 41 1929;
1375 2615 82 41 aff.
1487 2615 110 40 Jan.
1625 2616 53 46 9;
1709 2616 40 39 A
1777 2616 113 40 3621;
1950 2616 55 41 A.
2034 2617 71 39 W.
2137 2615 144 41 Shaw
2311 2627 67 29 co.

459 2672 251 48 (29-3927)

382 2767 263 62 Watson,
675 2767 226 62 Evelyn
929 2767 192 52 Mabel
1149 2766 252 64 Palmer,
1434 2772 167 50 1886-

445 2845 1937 71 A book of rainbows, by Evelyn M. Watson … Boston, The
377 2923 378 70 Christopher
783 2926 335 69 publishing
1145 2927 173 52 house
1393 2928 152 64 [ᶜ1929]

446 3006 85 40 120
558 3019 43 36 p.
661 3007 146 40 20½ᶜᵐ.

448 3066 184 39 Poems.

383 3120 51 52 ©
473 3124 112 41 Feb.
622 3124 39 48 9,
699 3124 140 46 1929;
879 3124 68 40 2c.
986 3125 112 40 Feb.
1135 3124 81 46 16;
1259 3123 81 40 aff.
1380 3123 111 40 Feb.
1530 3123 81 47 19;
1653 3123 39 39 A
1730 3122 142 47 4501;
1915 3122 318 49 Christopher
2269 3123 109 48 pub.

450 3181 165 40 house.
679 3180 252 49 (29-4976)

371 3274 242 65 Weigle,
642 3275 230 53 Luther
900 3276 192 64 Allan,
1126 3281 171 49 1880-

447 3355 121 52 The
609 3355 164 68 pupil
817 3356 111 52 and
970 3356 95 52 the
1106 3356 242 66 teacher,
1388 3374 31 33 a
1461 3354 323 67 leadership
1827 3353 259 69 training
2127 3358 138 63 text,
2307 3355 75 68 by

377 3431 1976 133 Luther A. Weigle … Philadelphia, Pa., The United Lutheran
610 3509 354 70 publication
993 3512 172 53 house
1244 3514 150 64 [ᶜ1929]

446 3591 363 49 240 p. 19½ ᶜᵐ .
447 3650 119 39 New
602 3650 305 47 suggestions
943 3650 79 39 for
1056 3649 350 48 investigation
1441 3651 95 38 and
1572 3649 273 41 discussion
1881 3650 93 39 and
2012 3649 138 40 fresh
378 3649 1986 105 bibliographies

609 3708 124 38 have
767 3707 119 39 been
919 3708 251 47 appended
1205 3709 49 38 to
1289 3708 118 39 each
1442 3707 52 40 of
1526 3709 82 38 the
1644 3708 241 46 chapters.
1945 3708 101 38 The
2081 3708 105 39 text
2221 3706 43 41 is
377 3717 1986 87 unrevised.
641 3764 62 48 cf.
738 3763 233 41 Author’s
1003 3766 127 39 note.

448 3821 351 47 Bibliography
825 3824 51 37 at
901 3823 92 38 end
1020 3821 51 40 of
1097 3822 118 39 each
1242 3822 215 47 chapter.

385 3873 51 52 ©
475 3879 111 39 Feb.
624 3878 39 47 6,
701 3878 115 40 1929;
883 3879 68 40 2c.
991 3879 111 40 Feb.
1142 3879 53 39 11;
1265 3878 83 41 aff.
1388 3879 111 40 Feb.
1539 3878 56 39 12;
1664 3879 41 39 A
1741 3879 115 40 4384;
1927 3879 156 40 Grant
2123 3878 254 48 Hultberg,

452 3934 356 49 Philadelphia.
870 3931 68 54 [©
971 3946 106 29 new
1107 3937 195 48 matter]
1375 3935 251 49 (29-4590)
