2535 4403
1050 4041 99 50 519

164 478 86 39 244
283 488 43 37 p.
385 478 149 38 front.
594 475 56 40 19½ᶜᵐ.
804 475 231 48 [Mystery
1071 473 95 39 and
1202 472 269 39 adventure
1507 470 151 40 series
1692 469 83 41 for
1807 471 117 47 boys]

94 545 52 52 ©
171 550 113 47 Apr.
311 548 68 47 13,
405 547 114 40 1929;
573 547 69 39 2c.
667 546 97 40 and
790 544 83 42 aff.
898 545 114 47 Apr.
1037 543 58 40 18;
1148 543 42 39 A
1215 542 115 40 6614;
1383 541 55 41 A.
1465 542 51 39 L.
1543 543 126 39 Burt
1694 552 67 31 co.

172 602 250 52 (29-9374)

93 698 272 63 Jeschke,
395 698 202 61 Harry
627 695 237 63 Jewett,
898 695 171 54 1873-

161 767 1865 75 Better English. [Grades 4-6] by Harry Jewett Jeschke …
90 845 1997 71 Milton C. Potter … and Harry O. Gillet … Boston, New
92 927 1197 69 York [etc.] Ginn and company ] ᶜ1 929]
159 1007 1048 51 3 v. col. fronts., illus., col. plates. 19 ᶜᵐ.
92 1083 150 47 grade
272 1083 42 45 4,
349 1076 55 52 ©
436 1081 122 39 Mar.
592 1080 70 47 14,
695 1078 142 47 1929;
873 1079 149 47 grade
1055 1078 39 47 5,
1132 1073 52 52 ©
1220 1079 122 39 Mar.
1376 1078 84 47 23;
1495 1078 150 48 grade
1680 1077 39 48 6,
1756 1072 52 52 ©
1845 1078 122 39 Mar.
2002 1077 83 44 28;

161 1138 68 39 2c.
266 1137 119 41 each
420 1137 114 47 Apr.
571 1136 51 46 6;
664 1135 107 40 affs.
809 1136 114 46 Apr.
959 1136 53 45 4;
1051 1135 42 38 A
1130 1134 288 46 7291-7293;
1458 1134 61 40 H.
1557 1134 44 40 J.
1640 1133 221 48 Jeschke,
1899 1134 190 39 Benton

163 1194 207 45 Harbor,
401 1192 142 41 Mich.
611 1191 251 49 (29-9146)

94 1287 226 62 Jillson,
354 1286 243 55 Willard
629 1287 214 63 Rouse,
879 1290 169 49 1890-

161 1365 270 55 Sketches
458 1367 60 50 in
547 1365 240 69 geology;
848 1384 31 33 a
906 1382 183 51 group
1119 1364 64 53 of
1210 1369 356 63 twenty-two
1597 1369 260 63 separate
1885 1381 207 51 papers

89 1440 1977 151 on American geology, by Willard Rouse Jillson … Louisville,
274 1522 113 69 Ky.,
443 1520 60 55 C.
538 1523 63 51 T.
635 1521 260 68 Dearing
927 1520 263 69 printing
1221 1539 98 47 co.,
1355 1523 150 50 1928.

161 1600 1364 51 6 p. l ., 150 p., 3 l. front., illus. (incl. maps) 23½ ᶜᵐ.
160 1674 267 48 Reprinted
455 1673 129 40 from
613 1673 199 40 various
840 1671 305 50 periodicals.

162 1745 234 41 Contains
426 1743 393 49 bibliographies.

439 1802 132 48 CONTENTS.—pt.
613 1799 40 42 1.
696 1801 231 41 Sketches
969 1800 49 39 in
1057 1800 410 49 Kentucky.—pt.
1506 1799 45 41 2.
1593 1800 231 41 Sketches
1865 1800 50 40 in
1954 1801 137 40 other

89 1860 152 41 fields.

97 1927 1993 52 © Dec. 24, 1928; 1c. and aff. Feb. 20, 1929; 1c. Feb. 28; A 7503; W. R.
164 1988 190 47 Jillson,
386 1987 284 47 Frankfort,
702 1987 93 47 Ky.
865 1984 281 50 (29-27057)

94 2080 235 64 Kelsey,
360 2080 240 63 Rayner
631 2079 429 64 Wickersham,
1094 2081 171 52 1879-

227 2157 1804 72 … F arm relief and its antecedents, by Rayner W. Kelsey …
96 2236 1630 70 Haverford, Pa., Pennsylvania history press [ ᶜ1 929]
165 2316 1927 50 1 p. l. , 36 p. 19ᶜᵐ. (Handbook of citizenship; topical supplements to
95 2375 255 39 textbooks
376 2375 52 39 of
453 2374 257 40 American
738 2374 189 47 history
955 2374 95 39 and
1077 2374 340 46 government)

164 2431 350 48 Bibliography:
573 2442 43 37 p.
646 2431 159 40 33-36.

97 2485 52 52 ©
176 2490 115 47 Apr.
317 2490 40 47 4,
386 2488 140 47 1929;
556 2489 69 40 2c.
654 2489 95 39 and
778 2487 82 42 aff.
888 2487 114 48 Apr.
1030 2487 82 47 10;
1142 2488 41 38 A
1211 2487 141 47 6508;
1385 2488 55 40 R.
1469 2488 71 41 W.
1570 2488 193 48 Kelsey,
1795 2489 294 44 Haverford,

165 2546 84 41 Pa.
317 2545 250 49 (29-9362)

97 2639 304 64 Kennedy,
431 2639 155 53 John
616 2638 343 64 Pendleton,
993 2641 325 53 1795-1870.

167 2715 267 55 Swallow
460 2716 171 66 barn;
663 2735 82 49 or,
771 2716 56 52 A
854 2716 234 69 sojourn
1115 2717 60 52 in
1203 2717 96 53 the
1329 2716 115 56 Old
1472 2716 334 70 Dominion,
1829 2717 77 71 by
1936 2718 157 55 John

94 2795 319 52 Pendleton
451 2795 310 68 Kennedy;
803 2795 189 52 edited
1031 2795 140 52 with
1212 2813 70 34 an
1323 2795 390 53 introduction
1753 2795 76 70 by
1868 2795 116 70 Jay
2025 2797 66 51 B.

95 2872 1992 70 Hubbell. New York, Harcourt, Brace and company [ ᶜ1 929]
165 2953 1929 50 xxxiv, 422 p. 17½ ᶜᵐ. [American authors series, general editor, S. T.
97 3010 255 49 Williams]

168 3067 134 40 With
328 3066 342 48 reproduction
696 3067 52 40 of
774 3069 98 46 t.-p.
898 3067 53 40 of
975 3067 112 41 1851
1116 3067 198 41 edition.

170 3123 127 41 “The
327 3126 106 38 text
457 3123 227 41 followed
712 3123 42 41 is
783 3125 111 39 that
923 3122 52 42 of
1002 3125 81 39 the
1112 3125 175 39 second
1317 3124 199 47 edition,
1548 3123 188 42 revised
1767 3125 60 48 by
1858 3125 235 48 Kennedy

147 3180 693 42 … in 1851.”—Note on text.
169 3237 247 40 “Selected
446 3237 202 47 reading
674 3237 113 40 list”:
846 3248 44 37 p.
918 3236 359 42 xxxiii-xxxiv.

100 3290 52 52 ©
184 3296 122 39 Mar.
335 3294 70 48 29,
438 3294 114 40 1929;
612 3295 67 40 2c.
710 3295 97 39 and
837 3293 83 42 aff.
950 3295 114 47 Apr.
1094 3295 55 38 12;
1210 3294 43 39 A
1282 3294 117 41 7394;
1458 3295 262 48 Harcourt,
1753 3296 154 39 Brace
1941 3295 37 40 &
2009 3305 82 38 co.,

165 3351 91 41 inc.
318 3346 70 54 [©
418 3351 346 47 introduction,
796 3352 153 47 notes,
983 3351 202 48 reading
1214 3351 125 49 lists]
1413 3351 252 49 (29-9094)

99 3444 304 63 Kennedy,
445 3444 250 54 Marion.

167 3523 313 68 Programs
530 3523 94 52 for
674 3524 210 67 special
937 3524 301 61 occasions,
1292 3524 93 52 for
1437 3525 258 69 primary
1747 3526 222 67 grades,
2019 3526 75 68 by

99 3600 1996 71 Marion Kennedy and Katharine Isabel Bemis … New York,
101 3679 70 54 A.
203 3679 56 54 S.
289 3680 218 53 Barnes
537 3681 111 52 and
676 3698 298 50 company,
1006 3682 150 53 1929.

168 3759 613 49 vi p., 1 l., 9-104 p. 23½ᶜᵐ.
171 3815 297 48 Companion
504 3817 189 39 volume
732 3819 49 37 to
817 3817 80 40 the
935 3817 217 40 authors’
1192 3816 220 49 “Special
1447 3818 93 48 day
1578 3820 236 46 pageants
1850 3818 80 41 for
1966 3819 128 41 little

98 3870 210 49 people”,
369 3870 63 48 cf.
462 3872 275 41 Foreword.

104 3923 52 52 ©
186 3928 122 40 Mar.
336 3928 69 46 21,
434 3928 117 40 1929;
605 3928 68 41 2c.
702 3930 123 40 Mar.
854 3929 55 40 27;
969 3928 81 41 aff.
1080 3929 114 48 Apr.
1223 3930 82 46 12;
1337 3930 40 38 A
1405 3930 142 47 7404;
1578 3932 55 41 A.
1666 3931 45 42 S.
1741 3933 188 40 Barnes
1959 3932 36 40 &
2025 3943 67 29 co.

182 3983 250 49 (29-9139)
