2542 4361
1092 4007 100 50 685

142 366 230 61 Howes,
403 365 139 53 Mrs.
575 362 175 52 Ethel
781 361 202 53 Dench
1023 360 264 66 (Puffer)
1329 363 171 52 1872-

206 443 229 55 Cooked
469 441 136 54 food
637 442 213 69 supply
882 440 381 69 experiments
1295 440 57 52 in
1389 458 73 34 an
1495 446 220 46 eastern
1747 440 211 69 college

135 459 1980 207 community, by Ethel P. Howes and Dorothea Beach … Northampton, Mass., Smith college, 1928.
204 679 59 41 40
294 692 42 37 p.
397 689 62 38 pl.
518 678 117 41 23ᶜᵐ.
704 677 302 48 (Half-title:
1036 675 236 41 Institute
1301 675 80 40 for
1414 676 83 39 the
1529 674 354 41 co-ordination
1918 674 51 39 of
136 686 1989 91 women’s

262 736 246 40 interests.
567 733 309 41 Publication
903 744 75 30 no.
1008 732 52 48 6)

141 802 52 52 ©
227 807 126 40 June
384 807 39 48 1,
455 806 113 39 1928;
629 806 68 40 2c.
729 805 111 40 Feb.
871 805 69 48 25,
974 804 141 48 1929;
1151 804 83 40 aff.
1267 805 123 39 Mar.
1422 803 83 47 20;
1539 804 42 39 A
1614 804 140 41 7632:
1791 803 238 40 Institute
2060 804 80 39 for

209 863 83 40 the
318 862 352 40 co-ordination
701 860 52 40 of
780 861 227 40 women’s
1036 861 244 43 interests,
1311 859 372 48 Northampton,
1716 861 148 40 Mass.

219 917 281 50 (29-10891)

210 1011 121 52 The
391 1028 265 51 progress
702 1009 65 53 of
827 1010 96 53 the
970 1010 277 53 Institute
1309 1008 94 53 for
1449 1009 95 52 the
1593 1009 422 53 co-ordination
2078 1009 63 52 of

138 1088 264 53 women’s
435 1089 292 65 interests;
764 1093 196 62 report
994 1094 59 45 at
1089 1088 263 52 alumnae
1387 1086 350 68 conference,
1775 1086 246 55 October
2059 1091 83 64 12,

142 1169 152 65 1928,
335 1167 75 68 by
454 1166 170 52 Ethel
668 1165 199 53 Puffer
911 1165 227 53 Howes.
1218 1165 447 68 Northampton,
1709 1165 193 67 Mass.,
1950 1164 191 56 Smith

139 1245 229 68 college,
400 1247 149 50 1928.

208 1324 1935 50 4 p. l., 7-23, [2] p. 23ᶜᵐ. (Half-title: Institute for the co-ordination
140 1382 50 40 of
220 1381 224 41 women’s
472 1383 244 39 interests.
778 1381 307 40 Publication
1115 1393 73 29 no.
1256 1383 14 45 8)

241 1438 424 41 “Demonstrations
696 1440 92 38 and
823 1438 327 48 publications
1181 1438 50 39 of
1263 1439 80 38 the
1376 1438 291 40 Institute”:
1705 1439 55 48 [2]
1795 1449 42 37 p.
1869 1441 50 37 at
1953 1439 106 40 end.

143 1492 51 53 ©
224 1497 110 41 Jan.
363 1497 38 48 1,
432 1496 116 40 1929:
601 1496 68 41 2c.
701 1496 110 41 Feb.
840 1497 84 45 25;
957 1495 83 42 aff.
1071 1498 122 39 Mar.
1222 1495 84 43 20;
1338 1497 41 38 A
1408 1496 141 42 7613:
1584 1496 234 40 Institute
1847 1496 79 40 for
1957 1497 80 39 the
210 1506 1912 87 coordination

520 1552 50 40 of
600 1552 227 40 women’s
858 1552 245 43 interests,
1136 1552 372 49 Northampton,
1543 1553 146 39 Mass.

219 1607 281 51 (29-10748)

139 1701 267 63 Jenkins,
440 1701 245 54 Charles
717 1700 265 63 Francis,
1017 1706 171 49 1869-

208 1777 418 71 Radiomovies,
668 1780 163 53 radio
838 1780 200 60 vision,
1079 1780 296 53 television
1440 1780 93 70 [by]
1583 1780 259 55 Jenkins.
136 1782 1984 146 [Washington,

385 1859 1303 68 D. C., National capital press, inc., ᶜ1 929]
209 1940 84 40 143
324 1951 44 37 p.
426 1939 164 48 front.,
623 1940 130 40 illus.
780 1939 136 48 (incl.
949 1949 151 38 maps,
1133 1939 243 46 facsims.)
1419 1942 149 46 ports.
1630 1940 145 41 23½ᶜᵐ.

143 1993 52 52 ©
222 1998 112 41 Feb.
357 1997 69 47 25,
451 1997 141 46 1929;
619 1998 66 39 2c.
712 1998 95 39 and
833 1996 81 41 aff.
942 1997 113 48 Apr.
1082 1997 52 42 5:
1164 1997 39 39 A
1230 1995 140 43 7780:
1401 1997 48 40 C.
1478 1998 51 41 F.
1556 1997 218 47 Jenkins,
1803 1997 337 41 Washington.

222 2053 281 50 (29-10890)

141 2147 241 64 Jordan,
419 2147 202 56 Israel.

206 2227 122 53 The
370 2225 216 71 thrifty
627 2228 286 54 dreamers
954 2229 111 52 and
1108 2229 163 52 other
1310 2246 210 49 poems,
1561 2229 76 69 by
1678 2229 181 53 Israel
1900 2230 242 54 Jordan.

137 2305 299 69 Portland,
463 2305 128 69 Me.,
621 2308 149 51 1929.

209 2386 727 48 vii p., 1 l., 66 p., 1 1. 20ᶜᵐ.
211 2443 92 41 “Of
334 2444 98 40 this
461 2444 122 40 book
612 2443 87 41 400
729 2444 160 48 copies
921 2445 124 39 have
1076 2444 118 40 been
1227 2444 193 49 printed
1452 2446 60 46 by
1545 2446 123 39 Fred
1703 2447 326 45 Anthoensen,
2063 2447 82 40 the

141 2501 313 41 Southworth
485 2511 149 38 press,
664 2501 250 44 Portland,
943 2501 206 41 Maine.”

143 2552 52 54 ©
222 2560 114 46 Apr.
362 2558 69 47 30,
459 2558 140 40 1929:
627 2559 68 41 2c.
721 2560 95 39 and
845 2558 81 41 aff.
955 2560 115 47 May
1096 2559 52 46 6;
1179 2560 40 38 A
1246 2559 140 47 7920;
1418 2561 37 39 I.
1484 2560 199 46 Jordan,
1711 2560 306 40 Woodfords.
2049 2561 90 39 Me.

220 2613 281 49 (29-10772)

149 2706 319 69 [Jouvenel,
499 2708 168 54 Mme.
704 2707 292 54 Gabrielle
1030 2708 282 54 Claudine
1353 2709 289 63 (Colette)
1681 2711 70 51 de]

275 2786 1864 69 … Le voyage égoïste suivi de Quatre saisons. Paris, J.
141 2863 269 53 Ferenczi
444 2866 46 50 &
520 2863 88 54 fils
646 2867 171 64 [1928]

210 2945 86 40 217
328 2956 57 37 p.,
418 2945 24 39 1
474 2946 30 40 l.
564 2945 116 42 19ᶜᵐ.

209 3001 232 40 Author’s
468 3002 179 48 pseud.,
677 3000 201 49 Colette,
907 3006 50 37 at
987 3002 123 41 head
1141 3003 52 40 of
1221 3002 122 42 title.

145 3051 1995 57 © Nov. 15, 1928: 1c. Feb. 15, 1929; A—Foreign 1981; J. Ferenczi & fils.
220 3113 281 48 (29-10920)

147 3206 367 69 [Lattimore,
542 3208 212 52 Porine
784 3209 288 52 Fournier
1100 3210 307 67 Schofield]

210 3284 121 53 The
359 3285 244 68 tragedy
631 3285 65 53 of
725 3287 161 67 dope.
953 3288 173 52 Billie
1159 3286 316 55 Carleton’s
1505 3289 282 53 dramatic
1817 3290 320 53 confession

138 3365 60 48 to
225 3380 102 34 me.
394 3362 91 68 By
511 3363 240 52 Dolores
805 3365 211 66 [pseud.]

241 3444 59 38 (In
330 3440 204 53 Weekly
565 3441 199 50 record)

143 3493 1992 60 © 1c. June 7, 1929; A ad int. 12751; pubd. Apr. 13; American weekly,
208 3554 105 49 inc.,
343 3556 119 40 New
489 3556 145 41 York.

141 3646 414 67 Loewenberg,
587 3650 234 53 Samuel
853 3651 220 63 Aaron,
1106 3658 171 49 1881-

209 3726 338 68 Diagnostic
590 3728 260 53 methods
894 3729 111 53 and
1051 3729 470 68 interpretations
1565 3731 60 53 in
1669 3732 249 53 internal
139 3733 1973 129 medicine,

303 3802 1833 75 by Samuel A. Loewenberg … with 547 illustrations, some
140 3881 59 51 in
226 3882 196 52 colors.
497 3882 427 69 Philadelphia,
951 3884 65 52 F.
1047 3885 71 52 A.
1147 3886 183 52 Davis
1360 3904 298 52 company,
1689 3891 151 49 1929.
