2542 4389
1074 4029 136 50 1663

126 435 2011 75 Pierre Arnoult, preface de Gabriel Hanotaux … Paris, Plon
133 525 173 65 [1928]

196 597 982 51 2 p. l. , V, 568 p. front. (port.) 23 ᶜᵐ.
134 665 1889 55 © Dec. 20, 1928; 1c. July 5. 1929; A—Foreign 3768; Librairie Plon.
210 727 281 50 (29-22414)

130 820 289 70 [Golding,
451 820 228 67 Albert]

197 901 122 52 The
354 901 237 52 modern
630 898 277 55 student’s
946 898 244 53 exercise
1228 898 149 53 book
1415 897 94 53 for
1546 896 342 53 homework.
125 895 1987 153 [Sydney,

279 979 120 52 The
432 976 291 56 Students’
752 976 307 54 note-book
1086 993 232 52 agency,
1349 978 153 64 1929]

205 1059 318 51 [153] p. 23 ᶜᵐ.
134 1111 1999 53 © 1c. Nov. 12, 1929; A ad int. 13239; pubd. Oct. 16; A. Golding, Sydney,
198 1172 269 41 Australia.

197 1268 121 52 The
361 1268 234 52 modern
641 1267 276 53 student’s
963 1267 179 51 tablet
1187 1265 95 52 for
1324 1265 293 53 solutions.
1699 1264 272 70 [Sydney,
2015 1264 123 53 The

128 1345 292 56 Students’
449 1345 305 53 note-book
783 1363 232 50 agency,
1045 1347 152 63 1929]

204 1426 312 50 [198] p. 25½ ᶜᵐ.
135 1476 2000 55 © 1c. Nov. 12, 1929; A ad int. 13242; pubd. Oct. 16; A. Golding, Sydney,
199 1540 270 40 Australia.

132 1633 253 64 Gordon,
416 1633 232 65 Taylor,
685 1638 172 50 1893-

202 1715 160 51 Born
407 1721 59 46 to
509 1714 83 66 be,
636 1713 76 70 by
756 1714 215 67 Taylor
1015 1711 267 68 Gordon;
1330 1711 141 53 with
1514 1731 73 35 an
1631 1711 393 54 introduction
2067 1712 78 70 by

129 1792 214 54 Muriel
368 1792 245 68 Draper,
643 1811 31 33 a
703 1791 288 54 foreword
1018 1792 76 69 by
1121 1789 139 56 Carl
1287 1790 131 52 Van
1503 1791 214 69 Vechten,
1747 1791 113 53 and
130 1790 1986 134 illustrations

313 1872 76 67 by
424 1869 400 56 Covarrubias.
900 1870 140 52 New
1075 1868 181 70 York,
1294 1868 451 71 Covici-Friede,
1780 1871 150 50 1929.

198 1948 1182 50 xvi p., 2 l., 3-236 p. col. front., plates. 21½ ᶜᵐ.
137 2003 51 53 ©
227 2007 102 41 Oct.
364 2009 41 46 4,
442 2007 140 47 1929;
620 2007 68 40 2c.
726 2008 102 39 Oct.
866 2007 62 47 9;·
959 2006 83 40 aff.
1080 2006 102 40 Oct.
1264 2017 8 31 8;
1312 2006 40 38 A
1389 2006 171 44 12853;
1602 2005 176 48 Covici,
1820 2007 186 47 Friede,
2045 2007 92 40 inc.

213 2063 281 50 (29-21297)

138 2157 338 64 Grinstead,
504 2158 311 63 Durward,
849 2162 171 50 1894-

205 2238 167 68 Elva,
410 2239 75 55 by
523 2237 290 53 Durward
854 2235 327 55 Grinstead.
1258 2237 140 52 New
1441 2236 179 70 York,
1661 2236 216 70 Covici,
1916 2237 226 68 Friede,

137 2319 148 50 1929.

199 2395 531 49 4 p. l. , 3-353 p. 20 ᶜᵐ.
137 2448 53 52 ©
219 2452 103 42 Oct.
349 2454 41 46 4,
419 2452 115 40 1929;
590 2453 67 40 2c.
688 2452 101 40 Oct.
819 2452 26 39 9;
904 2451 83 41 aff.
1017 2451 102 41 Oct.
1150 2453 29 38 8:
1235 2453 39 38 A
1302 2452 144 41 12852;
1507 2451 177 43 Covici.
1715 2452 189 49 Friede,
1935 2453 92 40 inc.

215 2508 281 50 (21-21209)

131 2602 240 65 Guérin,
403 2603 262 63 Georges
691 2603 263 53 Maurice
984 2604 88 63 de,
1106 2608 328 50 1810-1839.

265 2683 1879 69 … From centaur to cross; the unpublished correspondence
134 2762 50 50 &
218 2761 122 53 The
371 2766 251 64 centaur,
651 2761 318 53 translated
1000 2762 76 68 by
1106 2760 77 53 H.
1219 2759 467 57 Bedford-Jones;
1750 2761 393 53 introduction

135 2840 112 52 and
297 2844 159 48 notes
506 2840 75 56 by
631 2838 228 55 Gilbert
914 2838 274 55 Chinard.
1265 2839 140 53 New
1457 2840 179 69 York,
1692 2839 451 68 Covici-Friede,

136 2921 150 50 1929.

201 2995 623 51 4 p. l. , 3-213, [1] p. 23½ᶜᵐ.
203 3054 64 40 At
293 3053 125 40 head
445 3053 53 40 of
522 3052 109 42 title:
688 3053 218 41 Maurice
935 3054 58 40 de
1022 3052 198 43 Guérin.

203 3110 101 40 The
329 3111 409 47 correspondence
765 3109 42 41 is
833 3109 49 40 in
911 3109 188 41 French
1128 3111 96 39 and
1253 3110 217 48 English.

140 3163 51 53 ©
228 3168 128 47 Sept.
389 3167 70 48 20,
492 3167 117 40 1929;
668 3168 68 40 2c.
772 3166 128 49 Sept.
935 3168 55 38 21;
1054 3167 81 41 aff.
1174 3168 127 48 Sept.
1336 3168 83 47 25;
1454 3169 42 38 A
1529 3168 169 43 13652;
1737 3168 177 48 Covici,
1951 3170 186 48 Friede,

207 3224 90 40 inc.
369 3223 279 50 (29-21285)

140 3317 191 64 Gunn,
362 3317 191 53 Lewis
586 3318 321 65 Carstairs,
942 3323 328 51 1813-1892.

214 3397 251 54 Records
513 3397 63 53 of
625 3417 31 33 a
708 3397 328 55 California
1085 3399 236 67 family;
1372 3399 259 68 journals
1679 3401 114 53 and
1842 3402 195 52 letters
2083 3399 65 54 of

140 3475 184 53 Lewis
372 3474 62 55 C.
482 3474 173 55 Gunn
700 3477 113 51 and
860 3475 303 53 Elizabeth
1209 3477 78 52 Le
1334 3478 216 51 Breton
1596 3476 191 70 Gunn,
1833 3479 192 53 edited
2067 3479 76 70 by

140 3554 173 52 Anna
341 3554 110 52 Lee
476 3553 276 54 Marston.
820 3553 118 55 San
964 3554 204 70 Diego,
1198 3554 195 70 Calif.,
1423 3557 149 51 1928.

206 3632 1936 54 6 p. l. , 3-279, [2] p., 1 l. col. front., illus. (incl. map) pl., ports.,
135 3688 334 42 facsims. 23½ ᶜᵐ.
209 3746 183 40 “Three
422 3747 221 39 hundred
673 3746 160 48 copies
862 3747 53 39 of
945 3747 99 40 this
1074 3748 123 40 book
1227 3757 126 31 were
1385 3747 194 49 printed
1610 3748 81 41 for
1719 3749 141 41 Anna
1893 3750 94 40 Lee
138 3751 1991 91 Marston

275 3803 62 47 by
368 3803 190 40 Johnck
590 3804 96 39 and
719 3803 175 48 Seeger
926 3803 49 39 in
1010 3803 99 41 San
1141 3803 276 48 Francisco,
1450 3805 283 48 November,
1766 3806 228 40 nineteen
137 3807 1990 92 hundred
280 3860 95 39 and
403 3859 381 49 twenty-eight.”

143 3912 52 52 ©
222 3918 113 46 Apr.
360 3916 70 49 30,
457 3917 116 40 1929;
623 3917 70 40 2c.
724 3917 128 48 Sept.
878 3917 25 40 9;
960 3917 82 41 aff.
1073 3917 128 48 Sept.
1230 3917 56 41 10;
1341 3918 41 39 A
1409 3919 171 47 12242;
1611 3920 139 40 Anna
1780 3921 93 39 Lee
1902 3921 236 47 Marston,

214 3972 98 41 San
339 3973 167 49 Diego.
573 3972 281 51 (29-18689)
