2547 4384
1368 4089 100 50 816

551 486 976 49 xx, 516 p. illus., 6 col. pl., diagrs. 24 ½ ᶜᵐ.
414 539 2006 53 © Mar. 29, 1928; 1c. Jan. 8, 1929; A —Foreign 1439; Wissenschaftliche
483 601 496 48 verlagsgeselschaft
1004 612 61 29 m.
1093 602 42 40 b.
1163 602 46 40 h.

413 694 254 66 Waples,
697 695 284 65 Douglas,
1010 702 176 49 1893-

479 774 1940 71 The teaching unit, a type study, by Douglas Waples … and
410 853 2009 71 Charles A. Stone … New York, London, D. Appleton and
407 936 514 65 company [ ᶜ1 929]
515 1014 865 50 x, 205 p. incl. tables, diagrs. 19½ ᶜᵐ.
480 1072 105 40 “An
624 1074 209 47 attempt
875 1074 49 39 to
967 1072 156 41 define
1164 1074 83 39 the
1286 1084 132 29 more
1458 1073 206 40 efficient
1704 1074 223 40 methods
1969 1073 52 41 of
2058 1073 226 49 learning
2324 1074 95 41 and

409 1130 230 48 teaching
662 1140 27 30 a
712 1130 143 48 given
880 1129 108 41 unit
1010 1129 54 42 of
1085 1131 83 40 the
1190 1140 170 31 course
1384 1130 50 40 in
1457 1130 166 48 junior
1646 1130 301 48 high-school
1973 1130 449 42 mathematics.”—

408 1187 130 41 Pref.

481 1245 306 40 “Textbooks
826 1246 252 39 consulted
1115 1244 79 41 for
1234 1245 265 48 objectives
1540 1246 95 38 and
1676 1244 326 49 applications
2043 1245 51 40 of
2133 1246 82 40 the
2255 1244 134 42 unit”
2409 1256 10 29 :

408 1312 42 38 p.
489 1302 99 42 197.

414 1357 52 52 ©
492 1362 114 47 May
629 1361 69 46 24,
722 1360 143 47 1929;
892 1360 67 40 2c.
984 1361 96 40 and
1104 1360 83 41 aff.
1211 1362 116 46 May
1350 1359 56 40 28;
1460 1361 39 38 A
1522 1359 116 42 9337;
1690 1362 57 38 D.
1773 1361 240 48 Appleton
2037 1360 36 41 &
2095 1372 67 29 co.
492 1418 283 49 (29-12004)

410 1557 313 53 Whatcom
768 1577 185 38 verse;
1001 1577 71 33 an
1117 1558 315 68 anthology
1477 1557 63 52 of
1583 1558 231 52 student
1857 1575 158 35 verse
2060 1556 94 53 for
2198 1559 220 49 1928-9.

483 1636 108 52 Ed.
635 1635 76 68 by
756 1636 99 52 the
896 1636 361 66 department
1305 1634 64 53 of
1412 1635 263 67 English.
1758 1634 405 68 [Bellingham,
2207 1634 216 67 Wash.,

480 1715 235 52 Anstett
747 1714 265 69 printing
1040 1732 98 48 co.,
1170 1716 151 64 1929]

481 1796 418 50 2 p. l., 39 p. 20 ᶜᵐ.
483 1856 143 39 Pearl
649 1856 234 46 Fancolly
905 1856 204 46 Hallett,
1133 1855 173 40 editor.

415 1908 52 52 ©
494 1913 114 48 Apr.
634 1912 70 47 25,
730 1911 142 48 1929;
899 1913 67 39 2c.
994 1913 95 38 and
1116 1911 83 41 aff.
1224 1913 113 45 May
1365 1912 53 46 6;
1446 1912 37 38 A
1513 1911 139 45 7908;
1684 1910 285 40 Associated
1996 1911 199 39 student
2220 1910 124 46 body
2370 1909 52 40 of

483 1971 256 39 Whatcom
762 1970 118 46 high
903 1970 177 46 school,
1105 1969 322 47 Bellingham,
1454 1969 164 39 Wash.

414 2065 202 55 Who’s
657 2067 128 53 who
826 2067 60 52 in
927 2065 259 68 Oregon;
1229 2064 400 69 biographical
1670 2064 325 68 dictionary
2034 2063 65 54 of
2137 2081 126 34 men
2308 2063 110 53 and

482 2162 218 34 women
738 2144 126 52 who
902 2162 94 33 are
1032 2143 270 68 building
1337 2162 28 33 a
1406 2147 161 47 state,
1643 2160 50 34 v.
1735 2145 44 47 1.
1859 2143 254 64 1929/30.
2193 2139 230 69 Oregon
485 2223 153 69 City,

665 2221 1108 69 Or., Oregon City enterprise [ ᶜ1 929]
482 2306 266 49 241 p. 23½ ᶜᵐ.
416 2359 2003 53 © May 8, 1929; 2c. May 16; aff. May 15; A 9395; Oregon City enterprise.
493 2421 283 50 (29-11903)

415 2517 349 64 Wilkinson,
799 2516 138 54 Eric
971 2517 73 54 H.

482 2596 345 56 Crossroads
862 2595 64 53 of
961 2595 246 69 destiny,
1242 2595 77 68 by
1355 2594 136 54 Eric
1529 2595 77 52 H.
1643 2592 344 56 Wilkinson.
2062 2591 140 53 New
2240 2591 182 68 York,

409 2675 996 63 The Macaulay company [ ᶜ1 929]
479 2757 88 44 307
593 2769 44 38 p.
697 2759 58 40 19½ᶜᵐ.

416 2812 52 52 ©
495 2817 123 39 Mar.
643 2816 39 46 1,
709 2815 141 47 1929;
879 2815 65 40 2c.
972 2815 127 39 June
1122 2814 25 39 1;
1202 2813 82 41 aff.
1310 2814 126 39 June
1460 2813 28 39 4;
1543 2813 40 39 A
1608 2811 140 48 8462;
1778 2812 261 45 Macaulay
2062 2821 68 29 co.
495 2873 283 48 (29-12130)

417 2968 397 64 Willoughby,
844 2966 272 54 Malcolm
1147 2967 64 54 F.

487 3040 1871 77 Lighthouses of New England, by Malcolm F. Willoughby …
419 3126 235 68 Boston,
682 3125 193 68 Mass.,
903 3126 64 52 T.
999 3123 67 56 O.
1095 3123 246 53 Metcalf
1369 3141 298 49 company,
1699 3124 150 50 1929.

482 3203 1191 53 253 p. incl. front., illus. plates, maps. 22 ᶜᵐ.
484 3264 134 40 “List
652 3264 51 40 of
735 3262 240 50 principal
1009 3262 295 40 authorities
1336 3259 281 42 consulted”
1636 3271 9 29 :
1679 3271 43 37 p.
1756 3259 99 41 223.

419 3319 51 51 ©
500 3324 115 46 May
641 3322 39 47 6,
710 3321 118 41 1929;
882 3322 68 39 2c.
978 3322 96 38 and
1102 3319 83 41 aff.
1213 3321 114 45 May
1355 3320 55 39 17;
1468 3320 41 38 A
1536 3318 54 40 8188;
1708 3319 63 39 M.
1801 3318 52 39 F.
1880 3317 325 47 Willoughby,
487 3316 1916 111 Watertown,

654 3381 149 39 Mass.
873 3377 281 49 (29-12109)

417 3475 199 64 Work,
647 3474 212 54 Milton
892 3474 240 62 Cooper,
1168 3477 172 50 1864-

487 3543 1930 76 Contract bridge for all, by Milton C. Work … including the
415 3630 200 54 official
663 3631 140 51 laws
850 3629 113 52 and
1011 3633 170 47 count
1230 3625 65 54 of
1343 3630 256 48 contract
1646 3625 204 68 bridge
1899 3622 250 69 adopted
2197 3621 77 69 by
2321 3622 96 52 the

413 3700 2005 74 Whist club, New York … Philadelphia, Chicago [etc.] The
415 3783 1084 67 John C. Winston company [ ᶜ1 929]
486 3864 630 50 xii, 243 p. diagrs. 19 ᶜᵐ.
489 3923 128 40 “The
646 3924 123 38 laws
797 3923 96 38 and
921 3922 146 39 count
1094 3920 53 40 of
1173 3920 220 40 contract
1421 3917 169 43 bridge
1620 3919 53 38 at
1703 3928 23 28 a
1760 3916 196 46 glance”
1988 3927 59 28 on
2077 3915 338 48 lining-paper.

421 3973 1838 57 © Apr. 27, 1929; 2c. and aff. May 27 ; A 8358; John G. Winston co.
499 4038 281 50 (29-12173)
