2533 4342
1335 3984 138 52 2038

409 363 240 65 Nodier,
682 363 266 65 Charles,
982 363 328 55 1780-1844.

543 438 1872 72 … Francesco Colonna; a fanciful tale of the writing of the
410 517 591 69 Hypnerotomachia,
1063 518 317 52 translated
1444 518 75 68 by
1583 518 297 52 Theodore
1941 518 228 68 Wesley
2232 518 184 54 Koch.

412 594 271 69 Chicago,
710 594 159 53 Priv.
900 595 197 67 print.,
1128 597 151 50 1929.

482 675 1073 50 62, [2] p. front., plates, facsims. 24 ᶜᵐ .
483 743 163 41 “With
686 743 370 48 reproductions
1095 744 52 39 of
1187 745 80 39 the
1307 744 236 48 colophon
1583 743 52 41 of
1676 745 80 39 the
1799 744 175 40 Aldine
2014 743 185 41 edition
2242 744 51 40 of
2336 746 83 40 the

412 799 509 49 ‘Hypnerotomachia’
953 800 52 40 of
1035 800 114 40 1499
1183 801 95 39 and
1310 799 52 41 of
1395 799 81 41 the
1509 799 109 41 title
1651 810 121 38 page
1804 799 52 41 of
1888 800 83 40 the
2001 799 116 41 1545
2150 800 187 40 edition
2368 800 50 40 in

413 858 81 38 the
529 856 231 40 Harvard
797 856 274 48 university
1108 856 214 47 library;
1363 857 96 39 and
1497 856 53 40 of
1587 857 83 39 the
1707 855 214 41 frescoes
1960 856 60 47 by
2060 856 256 40 Tommaso
2355 857 59 40 da

412 913 205 40 Modena
646 912 51 39 in
724 913 83 39 the
835 913 203 47 chapter
1069 913 150 39 house
1249 912 52 40 of
1330 913 83 39 the
1443 911 318 41 Dominicans
1792 914 51 38 at
1874 911 215 48 Treviso,
2122 911 165 49 signed
2322 913 95 40 and

411 970 146 39 dated
583 967 266 50 1352.”—p.
893 969 43 49 [4]

483 1025 230 40 “Printed
744 1025 61 48 by
836 1025 55 40 R.
925 1025 55 40 R.
1015 1025 269 47 Donnelley
1315 1024 35 40 &
1381 1034 113 30 sons
1525 1034 237 38 company
1794 1026 53 38 at
1879 1025 82 39 the
1994 1024 239 40 Lakeside
2266 1034 150 38 press,

411 1081 225 50 Chicago.
699 1082 54 39 In
782 1092 63 30 an
873 1081 187 42 edition
1085 1080 52 42 of
1163 1080 115 42 four
1305 1080 222 41 hundred
1554 1079 204 50 copies.”

414 1149 52 52 ©
496 1154 113 41 Dec.
639 1154 40 47 7,
710 1153 141 47 1929;
882 1153 69 40 2c.
979 1154 101 38 and
1107 1152 83 41 aff.
1220 1153 114 39 Dec.
1365 1152 82 47 11;
1480 1152 43 39 A
1551 1152 172 48 16342;
1757 1152 254 41 Theodore
2037 1153 192 46 Wesley
2261 1152 152 47 Koch,

482 1211 265 47 Evanston,
779 1210 75 39 Ill.
925 1208 282 49 (29-29397)

408 1333 282 63 Norman,
722 1332 208 53 Edwin
961 1332 204 54 Gates.

474 1407 447 57 Massachusetts
953 1411 137 52 trial
1126 1410 281 69 evidence,
1441 1409 301 70 including
1776 1408 267 56 citations
2077 1409 155 54 from

406 1409 1987 134 Massachusetts
757 1494 242 62 reports,
1036 1488 253 54 volumes
1330 1491 185 50 1-258.
1590 1489 74 52 2d
1702 1488 85 53 ed.
1863 1489 90 69 By
1992 1487 211 54 Edwin
2242 1487 176 55 Gates

406 1564 2011 72 Norman and Arthur Stillman Houghton … New York,
406 1645 207 69 Baker,
641 1645 249 54 Voorhis
916 1646 46 51 &
990 1663 100 50 co.,
1119 1646 150 50 1929.

513 1724 405 49 x, 1174 p. 26 ᶜᵐ .
413 1793 52 52 ©
499 1796 103 41 Oct.
633 1796 69 48 15,
734 1796 114 39 1929;
909 1795 69 40 2c.
1014 1796 95 39 and
1142 1794 82 40 aff.
1258 1795 114 40 Dec.
1403 1794 53 48 9;
1489 1794 43 39 A
1563 1794 172 48 16283;
1771 1795 54 40 E.
1859 1794 53 41 G.
1946 1795 218 40 Norman
2197 1794 96 40 and

482 1793 1915 100 Arthur
628 1852 230 41 Stillman
885 1852 280 47 Houghton,
1195 1852 289 47 Worcester,
1515 1852 149 39 Mass.
1733 1850 282 49 (29-29411)

403 1974 264 65 Ogburn,
697 1974 257 55 William
985 1973 289 65 Fielding,
1308 1978 172 51 1886-

473 2052 123 53 The
626 2050 285 55 economic
940 2050 400 69 development
1368 2050 65 52 of
1463 2054 277 64 post-war
1768 2050 249 67 France;
2052 2069 31 33 a
2113 2068 208 49 survey
2352 2049 65 53 of

404 2127 1949 72 production, by William F. Ogburn … and William Jaffe …
403 2209 140 54 New
580 2207 182 69 York,
799 2206 302 55 Columbia
1139 2206 319 69 university
1494 2224 176 50 press,
1708 2208 150 51 1929.

402 2288 1994 101 xii, 613 p. illus. (maps) diagrs. 22½ ᶜᵐ . (Half-title: Social and economic
593 2348 188 40 studies
816 2347 52 40 of
901 2348 234 47 post-war
1169 2346 200 48 France,
1405 2346 239 48 prepared
1680 2346 153 40 under
1868 2347 82 39 the
1985 2345 222 49 auspices

2243 2346 52 41 of
402 2347 1992 99 Columbia
625 2403 287 48 university,
953 2402 201 42 Council
1192 2402 80 41 for
1311 2403 227 39 research
1577 2402 51 39 in
1664 2403 82 40 the
1785 2402 151 41 social
1975 2402 226 49 sciences,
2240 2403 74 40 ed.
2350 2403 64 48 by

402 2459 761 50 C. J. H. Hayes … vol. III)
473 2532 378 48 Bibliography:
887 2542 44 37 p.
966 2530 219 41 599-610.

411 2600 52 52 ©
500 2604 120 41 Nov.
656 2602 69 48 25,
764 2601 141 47 1929;
944 2602 69 39 2c.
1050 2601 118 39 Nov.
1207 2600 82 47 29;
1329 2599 82 42 aff.
1449 2600 113 40 Dec.
1600 2599 54 48 6;
1694 2600 42 39 A
1772 2600 172 48 16275;
1986 2600 253 41 Columbia
2278 2600 132 41 univ.

478 2670 151 38 press.
700 2657 282 50 (29-29370)

403 2767 250 64 Osborn,
679 2766 319 53 Frederick
1025 2765 253 65 Arthur,
1310 2766 172 54 1871-

474 2846 241 70 Physics
749 2846 64 53 of
847 2846 95 52 the
975 2847 194 65 home;
1207 2861 31 33 a
1271 2844 274 53 textbook
1579 2844 96 53 for
1706 2845 261 54 students
1998 2844 65 53 of
2096 2845 164 53 home

402 2863 2005 132 economics, by Frederick A. Osborn … 2d ed. New York [etc.]
402 3002 431 55 McGraw-Hill
862 3000 149 54 book
1040 3018 299 51 company,
1367 2999 127 71 inc.,
1526 3002 151 52 1929.

406 3078 1990 100 xiv, 397 p. illus., col. plates, diagrs. 21 ᶜᵐ . (Half-title: McGraw-Hill
537 3137 252 42 euthenics
817 3135 178 49 series)
1119 3134 131 50 $3.00

477 3207 234 42 Contains
741 3207 290 40 references.

410 3276 52 52 ©
492 3281 118 40 Nov.
642 3281 69 47 11,
741 3278 141 48 1929;
914 3278 68 40 2c.
1015 3278 119 42 Nov.
1164 3277 83 47 13;
1280 3277 83 41 aff.
1393 3278 113 40 Dec.
1536 3277 53 48 6;
1622 3277 43 39 A
1695 3276 171 48 16307;
1900 3277 352 41 McGraw-Hill
2285 3277 123 40 book

477 3346 82 38 co.,
590 3336 92 40 inc.
752 3333 283 52 (29-29404)

398 3446 278 62 Parsons,
706 3443 298 65 Geoffrey.

472 3518 1935 72 The stream of history, by Geoffrey Parsons … New York,
404 3600 61 55 C.
497 3599 312 56 Scribner’s
836 3617 148 50 sons,
1016 3602 150 50 1929.

473 3682 28 39 4
534 3693 43 27 V.
638 3681 87 40 col.
759 3680 189 47 fronts.,
984 3679 145 46 illus.,
1166 3680 158 47 plates
1351 3678 135 49 (part
1521 3678 112 48 col.)
1677 3680 151 46 ports.
1886 3678 148 41 24½ᶜᵐ.

473 3752 140 46 Maps
641 3761 63 29 on
728 3749 367 49 lining-papers.

409 3817 52 52 ©
491 3821 103 41 Oct.
621 3821 70 49 14,
719 3820 142 48 1929;
890 3821 67 41 2c.
987 3819 120 40 each
1134 3820 119 39 Nov.
1283 3819 52 47 2;
1367 3818 82 40 aff.
1479 3819 118 40 Nov.
1625 3818 84 48 25;
1741 3818 42 39 A
1810 3817 172 48 15569;
2014 3817 203 41 Charles
477 3815 1909 102 Scribner’s

643 3887 125 30 sons.
840 3872 70 54 [©
948 3876 211 48 preface,
1202 3875 190 41 revised
1431 3874 242 48 material,
1716 3874 97 40 and
1852 3872 344 49 illustrations]

487 3932 280 50 (29-24023)
