2533 4342
1337 4001 139 52 1854

401 447 296 40 adventures
728 447 52 40 of
813 446 212 47 Renard,
1058 446 82 39 the
1172 446 110 38 true
1314 444 566 40 Norman.—Provence:
1914 444 101 40 The
2045 444 231 40 fabulous
2308 444 101 39 tale

400 503 53 39 of
481 502 239 49 Geoffrey,
749 512 86 30 son
862 501 53 40 of
939 502 186 47 Dovon,
1151 500 174 49 knight
1351 500 53 41 of
1432 501 81 39 the
1539 501 174 39 Round
1741 501 144 39 table.

407 555 53 53 ©
494 559 103 41 Oct.
630 559 70 48 11,
733 558 115 40 1929;
911 557 67 41 2c.
1013 557 104 41 Oct.
1149 558 83 47 19;
1268 556 84 43 aff.
1387 556 103 42 Oct.
1524 557 83 47 16;
1643 557 43 39 A
1719 555 172 49 14467;
1925 557 173 40 Alfred
2132 556 56 41 A.
2223 555 182 49 Knopf,

474 615 93 41 inc.
634 613 282 51 (29-25021)

399 693 202 64 Doria,
627 692 290 65 Arnauld,
944 698 181 49 comte
1130 734 11 12 .

537 768 1873 69 … Louis Tocqué, par le comte Arnauld Doria; biographie
403 853 56 47 et
494 847 298 68 catalogue
829 845 299 69 critiques;
1168 845 231 53 l’œuvre
1437 846 247 68 complet
1722 846 71 53 de
1828 845 244 54 l’artiste
2110 846 301 68 reproduit

403 942 70 35 en
508 929 128 48 cent
670 921 448 71 quarante-neuf
1153 923 446 69 héliogravures.
1675 922 186 68 Paris,
1898 923 108 53 Les
2047 923 364 69 Beaux-arts,

404 1001 218 54 édition
650 1000 253 54 d’études
931 1006 55 48 et
1015 1001 69 53 de
1112 1001 330 53 documents
1497 1003 153 64 [1929]

476 1080 1935 52 viii, 271 p., 1 l. incl. plates, front. (port.) 33 ᶜᵐ. (L’art français;
405 1139 255 42 collection
688 1138 184 49 dirigée
901 1150 91 37 par
1021 1139 210 48 Georges
1260 1138 349 49 Wildenstein)

478 1194 424 50 “Bibliographie”:
963 1206 47 38 p.
1043 1194 250 51 [161]-166.

411 1248 2001 54 © July 12, 1929; 1c. Aug. 23; A— Foreign 4392; Les beaux arts, édition
477 1309 217 41 d’études
722 1311 49 39 et
797 1310 61 39 de
883 1310 299 39 documents.
1248 1307 282 51 (29-27655)

401 1388 219 66 Drake,
646 1388 211 64 Henry
881 1388 287 64 Burgess.

479 1464 1785 66 Shiniu, by H. B. Drake … London, John Lane [1929]
479 1549 28 40 5
573 1579 10 10 p.
647 1577 10 20 l.,
689 1547 86 42 347
841 1579 10 10 p.
909 1547 60 42 19ᶜᵐ.

410 1600 1999 54 © 1c. Nov. 18, 1929; A ad int. 13244; pubd. Sept. 20; H. B. Drake,
478 1660 160 50 Keijo,
667 1661 177 47 Korea,
873 1661 178 48 Japan.
1117 1659 283 52 (29-28060)

404 1738 284 66 Erdman,
719 1738 247 56 Charles
994 1740 372 65 Rosenburg,
1399 1745 174 51 1866-

473 1816 123 53 The
634 1815 221 56 Second
892 1816 205 69 epistle
1131 1816 65 53 of
1230 1817 149 53 Paul
1414 1822 59 48 to
1509 1817 98 55 the
1643 1818 402 56 Corinthians:
2085 1836 74 35 an
401 1818 1989 144 exposition,

401 1893 1991 148 by Charles R. Erdman … Philadelphia, The Westminster press, 1929.
473 2055 280 49 123 p. 17½ ᶜᵐ.
411 2107 53 53 ©
498 2112 120 41 Nov.
652 2112 71 48 18,
756 2112 138 40 1929;
933 2112 71 40 2c.
1039 2112 120 41 Nov.
1193 2112 85 48 20;
1315 2112 83 41 aff.
1434 2113 121 42 Nov.
1589 2114 84 47 19;
1710 2114 44 39 A
1786 2114 173 49 15932;
1998 2114 50 42 C.
2085 2115 58 41 R.
2178 2116 231 48 Erdman,

477 2167 358 49 Philadelphia.
899 2167 283 51 (29-25338)

406 2245 278 66 Farjeon,
709 2245 222 65 Joseph
959 2245 318 67 Jefferson,
1307 2253 172 50 1883-

474 2322 1941 74 The 5.18 mystery, by J. Jefferson Farjeon … New York,
402 2401 66 53 L.
515 2399 356 71 MacVeagh,
919 2401 125 54 The
1085 2401 140 53 Dial
1272 2420 187 51 press;
1509 2403 275 69 Toronto,
1830 2405 347 69 Longmans,
2226 2405 186 55 Green

402 2479 116 53 and
550 2495 98 52 co.,
683 2481 151 51 1929.

473 2561 629 49 vi p., 1 l., 9-308 p. 19½ ᶜᵐ.
412 2612 53 53 ©
495 2617 103 42 Oct.
626 2618 70 48 15,
724 2617 118 41 1929;
896 2619 70 41 2c.
995 2620 96 39 and
1121 2618 83 43 aff.
1233 2620 119 41 Nov.
1381 2620 55 39 21;
1495 2620 44 39 A
1566 2620 146 40 14944;
1772 2621 114 41 Dial
1916 2632 152 40 press,
2098 2623 92 41 inc.

486 2673 282 50 (29-25348)

402 2754 231 65 Foster,
661 2756 141 53 Mrs.
830 2754 322 65 Josephine
1192 2756 265 66 (Curtis)

473 2830 1940 73 Nursery school procedure, by Josephine C. Foster … and
402 2907 2011 76 Marion L. Mattson … New York, London, D. Appleton and
403 2988 514 66 company [ ᶜ1 929]
472 3069 99 48 xiv,
600 3068 89 41 220
716 3080 44 37 p.
820 3068 144 50 illus.,
996 3070 173 48 plates.
1227 3071 55 40 19½ᶜᵐ.
1444 3071 303 50 (Half-title:
1775 3064 241 59 Appleton
2046 3076 152 41 series
2228 3076 51 40 in
403 3088 1992 78 special

527 3126 238 47 methods,
793 3126 73 40 ed.
895 3126 62 47 by
986 3126 125 40 Paul
1141 3127 243 49 Klapper)

476 3181 1933 57 “Books … most popular with nursery school children”: p. 63-64;
403 3237 1990 98 “Books of songs … desirable for the nursery school”: p. 65-66; “Selected
587 3295 302 41 references”
916 3297 53 38 at
995 3297 93 39 end
1115 3296 52 40 of
1193 3299 126 38 most
1343 3298 53 39 of
1421 3299 83 39 the
1530 3300 243 48 chapters.

410 3347 55 53 ©
490 3352 119 41 Nov.
637 3351 40 49 8,
703 3352 115 40 1929;
873 3352 69 41 2c.
968 3353 120 41 Nov.
1115 3353 54 39 11;
1227 3353 83 41 aff.
1336 3354 120 41 Nov.
1483 3356 57 39 12;
1596 3356 42 40 A
1663 3356 146 42 15702;
1866 3359 58 41 D.
1952 3359 240 49 Appleton
2219 3365 39 41 &
2283 3371 68 30 co.

488 3407 281 50 (29-25179)

403 3485 244 66 Fowler,
679 3486 152 65 Guy.

473 3562 124 53 The
627 3560 122 71 Sky
778 3563 186 69 hawk,
993 3566 296 54 novelized
1317 3567 77 70 by
1423 3568 133 69 Guy
1585 3569 227 55 Fowler
1842 3571 154 53 from
2024 3572 97 54 the
2148 3573 264 56 William

403 3640 126 52 Fox
567 3641 78 51 all
680 3641 229 70 talking
944 3643 339 69 movietone,
1321 3646 251 68 adapted
1611 3647 156 54 from
1805 3648 201 70 “Chap
2045 3650 182 54 called
403 3653 1983 117 Bardell”

590 3718 77 68 by
702 3718 316 70 Llewellyn
1053 3720 261 70 Hughes,
1352 3722 327 56 illustrated
1717 3726 140 54 with
1896 3746 187 36 scenes
2123 3728 154 54 from
2312 3729 99 53 the

402 3793 336 72 photoplay,
788 3797 142 53 with
978 3798 190 54 Helen
1219 3799 291 55 Chandler
1561 3804 114 52 and
1725 3804 157 54 John
1932 3804 262 56 Garrick.
2270 3807 138 54 New

404 3871 1005 75 York, Grosset & Dunlap [ ᶜ1 929]
