2512 4335
1261 4047 102 51 144

307 460 261 54 Johnson
605 461 231 65 Michie,
873 461 237 53 assisted
1146 462 77 68 by
1261 462 208 52 Beirne
1510 459 274 56 Stedman
1824 462 112 52 and
1974 461 333 54 Armistead

309 538 235 53 Yellott.
614 558 49 33 V.
695 538 500 68 2—Supplement.
1267 537 483 69 Charlottesville,
1781 540 126 66 Va.,
1940 540 121 52 The
2093 539 213 53 Michie

308 635 297 50 company,
640 619 150 50 1929.

377 699 62 48 iv,
472 700 71 49 [1],
574 698 86 42 964
687 708 45 39 p.
787 698 57 41 24½ᶜᵐ.

311 752 52 52 ©
391 756 110 41 Jan.
526 756 70 48 23,
622 755 115 40 1929;
794 755 67 41 2c.
888 757 96 39 and
1011 755 82 42 aff.
1121 756 110 40 Jan.
1258 755 56 40 29;
1371 756 42 39 A
1437 756 114 40 4101;
1611 755 180 41 Michie
1816 766 67 30 co.

307 850 214 64 Morse,
556 849 156 54 John
746 850 235 63 Lovett,
1017 853 171 51 1865-

375 928 121 52 The
521 927 195 52 infant
742 927 114 52 and
881 944 193 51 young
1099 927 156 53 child;
1313 928 73 53 its
1414 946 125 34 care
1568 928 113 52 and
1709 926 235 70 feeding
1971 927 154 52 from
2150 926 157 54 birth

307 1006 146 52 until
482 1006 190 53 school
701 1024 120 49 age,
850 1024 32 33 a
910 1005 233 52 manual
1173 1004 94 53 for
1294 1006 269 66 mothers,
1591 1005 76 68 by
1696 1005 157 54 John
1882 1006 210 52 Lovett
2118 1004 189 54 Morse

366 1083 1940 68 … Edwin T. Wyman … and Lewis Webb Hill … 2d ed., rev.
305 1162 407 67 Philadelphia
744 1162 110 51 and
887 1162 260 66 London,
1177 1161 89 54 W.
1302 1163 65 50 B.
1403 1160 289 55 Saunders
1724 1179 298 50 company,
2057 1163 149 50 1929.

373 1243 961 49 1 p. l., 9-299 p. front., plates. 20½ ᶜᵐ.
310 1297 52 52 ©
390 1301 110 40 Jan.
529 1300 39 48 8,
596 1300 141 48 1929;
767 1300 68 41 2c.
865 1300 112 41 Feb.
1005 1300 52 47 5;
1089 1300 83 41 aff.
1201 1300 112 42 Feb.
1341 1300 52 46 6;
1424 1300 42 39 A
1493 1300 140 47 5140;
1666 1300 71 40 W.
1766 1301 55 39 B.
1852 1299 248 42 Saunders
2129 1310 67 30 co.

387 1356 251 50 (29-3667)

304 1453 270 63 Mowrer,
614 1453 219 52 Ernest
873 1450 253 56 Russell.

372 1530 291 53 Domestic
695 1530 257 66 discord;
988 1529 73 54 its
1097 1529 250 69 analysis
1381 1530 113 52 and
1529 1535 323 61 treatment,
1886 1529 76 69 by
1996 1530 212 53 Ernest
2239 1530 70 52 R.

306 1606 1942 54 Mowrer … with the collaboration of Harriet R. Mowrer …
306 1686 271 69 Chicago,
609 1686 113 67 Ill.,
755 1686 121 52 The
908 1685 342 69 University
1282 1684 65 54 of
1380 1685 253 70 Chicago
1666 1704 158 50 press
1863 1688 172 64 [1928]

373 1768 1938 51 5 p. l. , ix-xvii, 277 p. incl. tables, diagrs., form. 20 ᶜᵐ. (Half-title:
303 1826 100 41 The
433 1825 285 48 University
744 1825 52 40 of
823 1824 212 49 Chicago
1063 1824 308 50 sociological
1400 1825 176 47 series)

376 1883 147 40 “This
553 1883 148 48 study
730 1892 103 31 was
865 1883 141 39 made
1038 1881 211 49 possible
1282 1881 63 49 by
1377 1892 28 30 a
1439 1884 146 46 grant
1616 1882 79 40 from
1778 1883 84 40 the
1895 1882 243 41 Wieboldt
303 1884 1986 96 foundation

503 1940 154 40 under
689 1940 162 39 whose
883 1938 224 48 auspices
1137 1939 40 40 it
1207 1948 103 31 was
1342 1939 209 48 brought
1583 1940 49 39 to
1664 1938 333 49 completion.”

375 1996 380 49 “Bibliography
785 1996 52 40 of
867 1995 274 40 references
1171 1994 185 42 cited”:
1388 2006 44 37 p.
1460 1995 100 42 267.

311 2049 52 52 ©
394 2053 112 41 Dec.
539 2053 39 47 6,
610 2052 142 46 1928;
785 2053 68 40 2c.
885 2052 111 40 Jan.
1027 2052 71 48 21,
1131 2051 142 48 1929;
1309 2051 82 41 aff.
1426 2052 110 41 Jan.
1570 2052 82 46 14;
1687 2052 42 39 A
1760 2052 142 47 2988;
1938 2053 251 40 University
2255 2054 52 40 of

379 2109 225 50 Chicago.
671 2108 252 51 (29-3760)

308 2201 255 69 Mullins,
601 2204 240 55 Helene.

372 2284 400 66 Earthbound,
799 2286 45 50 &
870 2285 162 52 other
1061 2303 210 49 poems,
1297 2284 77 69 by
1400 2284 220 53 Helene
1646 2284 258 54 Mullins.
1980 2284 138 54 New
2148 2284 164 53 York

303 2365 112 52 and
441 2363 259 66 London,
726 2362 235 69 Harper
985 2365 46 49 &
1054 2363 278 68 brothers,
1363 2365 150 50 1929.

372 2443 312 49 xi, 92 p. 21½ ᶜᵐ.
311 2498 1829 52 © Jan. 1, 1929; 2c. Jan. 30; aff. Feb. 4; A 5113; Harper & bros.
387 2558 253 49 (29-3638)

309 2654 266 62 Murray,
605 2651 191 54 David
825 2651 211 63 Leslie,
1068 2656 170 50 1888-

379 2728 1931 72 The bride adorned, by D. L. Murray … London, Constable
301 2812 45 50 &
372 2829 78 34 co.
479 2809 103 53 ltd.
619 2811 172 65 [1929]

406 2923 9 14 v,
448 2891 88 40 316
568 2901 44 37 p.
675 2890 55 40 20ᶜᵐ.

311 2943 1996 53 © 1c. Feb. 7, 1929; A ad int. 12334; pubd. Jan. 31; Harcourt, Brace
380 3005 96 39 and
506 3015 82 37 co.,
617 3003 106 48 inc.,
754 3004 118 39 New
902 3004 146 40 York.
1116 3002 253 50 (29-5216)

306 3099 375 62 Nathanson,
714 3098 138 54 Rev.

385 3175 201 67 [Music
614 3180 159 48 notes
803 3174 94 54 for
924 3176 96 52 the
1049 3175 241 69 reading
1319 3174 64 54 of
1411 3175 95 53 the
1535 3174 211 68 Torah,
1774 3176 77 67 by
1880 3175 137 52 Rev.
308 3175 1976 132 Nathanson

448 3254 61 52 in
547 3254 96 52 the
680 3253 149 53 book
868 3253 238 53 entitled
1149 3252 275 55 Chamish
1464 3253 262 52 humeshi
1767 3252 211 66 Torah,
2018 3251 290 54 Haftarus

308 3329 2000 71 uchemish megalus] … New York, Hebrew publishing co.,
309 3413 150 49 1929.

378 3490 898 51 2 p. l. , 350, [3], 9, 183 p., 5 l. 20½ ᶜᵐ.
312 3544 52 53 ©
393 3549 110 41 Jan.
529 3548 70 48 21,
627 3547 141 48 1929;
798 3548 67 41 2c.
894 3548 110 41 Jan.
1031 3548 83 47 24;
1146 3547 83 42 aff.
1258 3547 110 41 Jan.
1395 3547 84 48 23;
1510 3546 42 40 A
1578 3546 115 41 4077;
1751 3545 209 41 Hebrew
1990 3545 109 49 pub.
2129 3555 68 31 co.

308 3657 283 54 National
620 3657 348 53 conference
998 3656 64 53 of
1091 3656 222 53 Jewish
1345 3656 180 53 social
1555 3655 244 53 service.

378 3735 382 68 Proceedings
807 3733 64 54 of
915 3733 96 54 the
1058 3734 276 53 National
1380 3733 331 54 conference
1758 3731 65 54 of
1869 3731 218 54 Jewish
2134 3731 174 53 social

309 3813 210 53 service
548 3817 58 48 at
633 3813 98 52 the
757 3812 212 53 annual
997 3812 212 53 session
1236 3812 134 52 held
1398 3812 60 52 in
1490 3809 348 66 Cincinnati,
1869 3808 87 68 O.,
1984 3809 140 68 May
2153 3811 154 64 9-13,

312 3885 1993 72 1928 … New York, The National conference of Jewish social
308 3968 228 67 service,
572 3971 150 51 1928.
