2533 4384
1103 3986 106 54 437

131 334 223 65 Riegel,
385 333 240 65 Robert,
660 338 171 50 1890-

201 411 1875 71 Insurance; principles and practices, by Robert Riegel …
133 491 2006 70 and H. J. Loman … Rev. ed. New York, Prentice-Hall, inc.,
133 574 150 50 1929.

202 651 118 49 xvii,
349 651 86 41 690
461 663 44 37 p.
534 650 111 42 incl.
673 650 169 48 forms,
872 651 181 48 diagrs.
1221 682 9 9 24ᶜᵐ.

204 707 305 49 “Readings”
534 709 95 39 and
656 707 308 41 “Problems”
988 709 53 39 at
1066 709 92 39 end
1184 706 52 41 of
1261 708 120 39 each
1405 708 217 46 chapter.

138 762 52 53 ©
217 766 112 43 Feb.
355 767 69 46 11,
451 765 142 48 1929;
618 764 69 43 2c.
712 766 124 40 Mar.
863 765 82 48 13;
974 764 82 43 aff.
1084 765 122 40 Mar.
1232 764 85 48 23;
1344 763 42 41 A
1412 764 142 48 7183;
1583 763 378 45 Prentice-Hall.
1989 763 91 42 inc.

218 823 80 49 (29
298 830 12 21 L
310 823 160 48 -8338)

137 917 320 64 Robinson,
487 917 209 53 Edwin
725 917 340 63 Arlington,
1097 922 171 49 1869-

201 996 262 56 Modred.
498 1017 30 33 a
565 997 310 69 fragment,
908 998 76 63 by
1021 997 210 53 Edwin
1266 995 316 67 Arlington
1620 996 310 55 Robinson.
2002 997 141 53 New

132 1076 182 59 York,
339 1076 140 53 New
502 1075 207 54 Haven
758 1081 121 61 [etc.]
910 1075 68 53 E.
1004 1077 67 52 B.
1099 1075 270 69 Hackett,
1400 1078 150 50 1929.

189 1156 124 41 xviii
342 1168 58 37 p.,
434 1156 26 40 1
514 1189 9 9 l.
585 1156 148 41 20½ᶜᵐ.

205 1212 1937 50 “This edition … is limited to two hundred and fifty copies printed
133 1271 130 41 from
289 1274 112 46 type
429 1271 159 41 which
617 1273 90 39 has
732 1271 121 41 been
882 1270 294 42 distributed
1262 1270 24 18 …”

208 1329 176 47 Signed
414 1329 62 47 by
505 1331 82 39 the
618 1331 194 40 author.

206 1387 148 41 “This
389 1388 188 40 deleted
614 1386 250 49 fragment
899 1386 52 41 of
988 1385 259 42 ‘Lancelot’
1284 1386 44 40 is
1362 1386 257 48 published
1655 1396 110 30 now
1801 1386 81 41 for
1918 1387 82 40 the
2036 1386 109 41 first

135 1445 117 40 time
289 1444 121 41 with
446 1445 82 40 the
563 1443 220 41 author’s
821 1442 303 50 permission,
1161 1443 96 40 and
1295 1443 122 40 with
1452 1443 77 41 his
1566 1443 342 41 corrections.”

141 1499 52 52 ©
230 1503 112 40 Feb.
377 1502 69 43 13.
482 1501 141 46 1929;
660 1503 69 39 2c.
764 1502 96 39 and
896 1500 84 42 aff.
1016 1501 113 40 Feb.
1163 1501 83 47 18;
1284 1500 43 40 A
1361 1500 141 48 5464;
1541 1502 53 39 E.
1631 1501 55 40 A.
1724 1500 262 42 Robinson.
2024 1502 119 40 New

207 1559 147 41 York.
424 1558 253 50 (29-8330)

137 1653 320 63 Robinson,
488 1652 257 55 William
774 1653 316 63 Josephus,
1124 1654 172 54 1867-

204 1733 123 54 The
361 1732 431 54 humanitarian
829 1732 267 53 calendar
1134 1734 111 52 and
1285 1732 119 54 daily
1481 1731 216 54 maxim
1730 1733 166 54 book,
1930 1733 78 69 by
2040 1734 104 53 Dr.

133 1810 1988 141 William J. Robinson … New York, Freethought press association, 1929.
204 1970 723 51 4 p. 1.. 3-216. [1] p. 19½ᶜᵐ.
142 2025 52 52 ©
225 2029 113 42 Feb.
367 2028 69 42 20.
497 2028 84 41 1929;
642 2029 68 41 2c.
740 2029 96 40 and
866 2028 82 41 aff.
980 2029 123 41 Mar.
1132 2029 26 38 2;
1219 2028 40 40 A
1289 2028 143 47 5600;
1466 2028 334 49 Freethought
1830 2039 138 39 press
2000 2039 144 33 assn.,

209 2085 93 42 inc.
370 2084 251 50 (29-6488)

207 2179 122 54 The
361 2178 227 54 world’s
621 2178 124 54 best
774 2179 205 55 books;
1018 2199 30 32 a
1083 2180 279 57 complete
1397 2180 280 53 classified
1712 2180 173 67 guide
1918 2185 59 47 to
2013 2180 134 53 self-

137 2257 2008 68 culture. by Dr. William J. Robinson … New York, Free-
137 2336 249 69 thought
418 2354 157 48 press
608 2335 357 60 association,
1001 2338 150 50 1929.

207 2419 785 49 2 p. l., 7-8. 11-164 p. 19½ᶜᵐ.
145 2472 55 53 ©
228 2477 113 41 Feb.
370 2476 58 41 20,
470 2476 142 42 1929;
643 2478 68 41 2c.
741 2478 96 39 and
870 2476 82 42 aff.
982 2478 123 40 Mar.
1135 2477 54 47 2;
1221 2477 42 40 A
1291 2477 143 47 5601;
1469 2477 334 49 Freethought
1835 2488 136 39 press
2003 2489 142 37 assn.,

212 2532 92 43 inc.
370 2533 253 50 (29-6308)

144 2628 182 59 Rodó,
357 2628 103 53 José
527 2628 282 63 Enrique,
844 2630 326 55 1872-1917.

213 2705 179 58 Ariel,
427 2706 76 63 by
539 2707 136 54 Jose
710 2707 257 56 Enrique
1004 2707 195 59 Rodó;
1238 2709 187 52 edited
1468 2709 137 52 with
1649 2728 68 33 an
1758 2710 393 53 introduction

141 2785 1986 130 and notes by William F. Rice … Chicago. Ill., The University
285 2861 750 69 of Chicago press [ ᶜ1 929]
210 2944 65 48 xi,
314 2944 86 41 127
436 2956 43 37 p.
538 2945 151 41 front,
718 2945 175 49 (port.)
1070 2979 8 9 20ᶜᵐ.
1149 2946 302 50 (Half-title:
1486 2949 102 40 The
1627 2948 286 50 University
1952 2950 51 41 of
139 2950 1995 98 Chicago
286 3002 166 46 junior
479 3004 181 46 college
685 3003 165 41 series.
915 3003 235 49 Spanish)

211 3059 380 49 Bibliography:
618 3071 45 38 p.
691 3061 100 40 127.

148 3112 51 53 ©
232 3118 123 40 Mar.
386 3118 68 47 12,
487 3116 142 46 1929;
661 3119 69 39 2c.
761 3119 96 39 and
888 3118 83 41 aff.
1002 3120 124 40 Mar.
1157 3119 83 43 29;
1275 3119 39 40 A
1346 3120 141 40 7132:
1522 3120 252 41 University
1841 3121 52 41 of
1925 3122 223 49 Chicago,

215 3173 225 50 Chicago.
511 3174 253 50 (29-8293)

145 3268 280 57 Rodrian,
457 3268 258 55 Richard
749 3270 165 52 Pauk
950 3276 172 49 1869-

215 3347 123 52 The
366 3347 283 52 salvation
679 3347 65 53 of
771 3348 279 53 mankind
1081 3348 155 54 from
1265 3350 393 67 catastrophes
1686 3351 137 53 such
1857 3370 60 34 as
144 3350 1982 126 abnormal

305 3425 132 52 heat
485 3425 113 53 and
646 3426 145 54 cold,
839 3426 297 62 droughts,
1183 3427 478 59 thunderstorms,
1706 3429 304 56 blizzards,
146 3448 1980 116 cyclones,

379 3503 321 55 tornadoes,
730 3503 350 56 hurricanes,
1111 3506 306 66 typhoons,
1449 3506 146 53 tidal
1628 3525 203 38 waves,
1864 3509 286 66 magnetic

146 3585 224 52 storms,
394 3581 393 58 earthquakes,
811 3582 256 53 volcanic
1093 3583 295 53 eruptions
1415 3585 110 51 and
1552 3586 165 52 other
1742 3584 407 69 catastrophes.

148 3658 1977 144 By Richard Rodrian. 1st ed. New York city, Solar publications [ ᶜ1 929 ]
217 3817 886 50 4 p. l., [7i-206 p. 1 illus. 17½ᶜᵐ.
153 3868 51 53 ©
229 3873 112 40 Feb.
364 3873 39 47 9,
427 3873 141 42 1929:
594 3875 67 40 2c.
686 3874 112 42 Feb.
823 3876 83 40 11:
932 3876 82 41 aff.
1039 3876 112 42 Feb.
1176 3877 83 41 18:
1285 3877 42 39 A
1350 3877 143 49 4506;
1521 3879 56 41 R.
1603 3879 233 49 Rodrian,
1863 3881 118 39 New
2006 3881 145 41 York.

229 3929 15 49 (CA
329 3929 176 41 29-164
534 3931 236 48 Unrev’d)
