2547 4384
1365 4031 100 50 812

489 453 803 49 xii, 255 p. illus., diagrs. 19 ᶜᵐ.
492 525 297 40 “Reference
817 524 178 41 books”
1014 535 10 29 :
1054 536 45 37 p.
1126 524 126 42 v-vi.

425 592 52 52 ©
505 597 115 47 May
643 597 69 46 25,
739 596 140 47 1929;
906 596 67 40 2c.
1001 598 96 38 and
1123 596 81 40 aff.
1231 597 116 47 May
1371 596 83 48 29;
1482 597 42 38 A
1549 596 140 47 8396;
1717 597 56 40 R.
1800 597 56 39 R.
1884 597 224 48 Ramsey.
504 653 282 49 (29-12091)

420 762 354 65 Remarque,
810 762 180 55 Erich
1023 763 211 57 Maria.

415 840 1989 132 … All quiet on the western front; translated from the German
579 920 75 68 by
684 920 72 53 A.
788 921 90 54 W.
911 920 235 55 Wheen.
1223 922 235 67 Boston,
1489 920 196 71 Little,
1719 924 230 65 Brown,
1984 921 113 53 and
2130 939 300 51 company,

418 1002 151 49 1929.

487 1080 535 49 4 p. l., 3-291 p. 20 ᶜᵐ.
423 1146 52 52 ©
500 1151 126 39 June
650 1152 39 45 1,
714 1150 142 42 1929;
884 1151 67 40 2c.
976 1152 96 39 and
1098 1151 81 40 aff.
1205 1152 127 39 June
1355 1152 26 39 3;
1435 1152 39 38 A
1499 1151 141 47 9426;
1670 1151 163 48 Little,
1852 1153 193 46 Brown,
2065 1152 95 39 and
2179 1161 251 38 company.

503 1206 282 51 (29-12059)

420 1317 293 66 Ricketts,
749 1317 249 55 Charles
1027 1318 59 55 S.

489 1395 186 54 When
711 1395 97 53 the
844 1395 101 69 big
981 1396 157 53 show
1176 1414 182 35 comes
1396 1401 59 48 to
1493 1401 172 63 town,
1704 1397 199 52 Proud
1942 1398 331 65 Tennessee,
2314 1397 112 52 and

417 1472 2011 73 other poems by Chas. S. Ricketts … Paducah, Ky., Young
416 1550 265 70 printing
715 1569 284 52 company
1090 1553 120 66 [1929]

486 1632 247 49 89 p. 21 ᶜᵐ.
421 1701 52 52 ©
499 1707 114 46 May
637 1708 39 45 1,
702 1705 143 47 1929;
872 1706 67 39 2c.
967 1707 114 46 May
1106 1706 54 39 21;
1216 1705 83 41 aff.
1325 1708 115 46 May
1464 1706 82 48 20;
1574 1707 41 38 A
1641 1706 141 48 8226;
1813 1707 50 41 C.
1893 1708 43 40 S.
1963 1707 237 48 Ricketts,
2229 1707 199 48 Clifton,

489 1764 148 40 Tenn.
709 1762 283 51 (29-12072)

417 1872 321 65 Robinson,
768 1873 205 53 James
1002 1873 262 64 Harvey,
1299 1878 172 49 1863-

481 1951 121 52 The
625 1951 400 68 development
1046 1950 64 54 of
1132 1952 237 52 modern
1389 1950 249 69 Europe.
1720 1984 87 34 [v.]
1835 1955 44 48 1.
1921 1952 123 52 The
2059 1952 373 70 background

417 2029 63 53 of
512 2048 104 34 our
649 2035 228 63 present
913 2030 370 52 civilization.
1361 2031 90 67 By
1485 2030 195 53 James
1714 2030 239 69 Harvey
1986 2030 296 54 Robinson
2316 2032 113 52 and

417 2108 238 54 Charles
680 2109 72 52 A.
780 2109 208 52 Beard.
1066 2109 359 69 Completely
1451 2128 114 33 rev.
1594 2110 114 52 and
1734 2110 107 52 enl.
1868 2110 84 52 ed.
2030 2110 236 67 Boston,
2291 2110 139 53 New

417 2186 1190 70 York [etc.] Ginn and company [ ᶜ1 929]
486 2270 1229 50 ix, 611, XXV p. illus., maps (part double) 21½ ᶜᵐ.
486 2342 348 48 “Suggestions
860 2342 80 40 for
968 2342 232 48 reading”
1219 2353 9 29 :
1260 2354 44 29 v.
1334 2342 40 47 1,
1405 2354 44 38 p.
1478 2341 132 42 i-vii.

419 2411 2006 51 © May 9, 1929; 2c. May 13; aff. May 11 ; A 9386; J. H. Robinson and
487 2472 203 40 Charles
717 2473 56 39 A.
802 2473 175 46 Beard,
1005 2473 118 38 New
1151 2473 146 39 York.
1336 2471 282 50 (29-12141)

415 2580 271 65 Roerich,
721 2580 217 53 Nikolaǐ
995 2579 564 66 Konstantinovich,
1597 2582 172 53 1874-

482 2659 582 70 Altai—Himalaya;
1097 2681 31 33 a
1154 2659 185 53 travel
1366 2660 185 70 diary,
1576 2661 77 69 by
1679 2659 273 54 Nicholas
1979 2658 274 70 Roerich;
2283 2659 141 54 with

413 2742 214 67 twenty
663 2735 436 71 reproductions
1137 2738 153 53 from
1327 2737 313 70 paintings.
1715 2737 141 54 New
1895 2738 181 70 York,
2112 2737 312 53 Frederick

412 2817 70 55 A.
513 2817 201 55 Stokes
743 2835 298 51 company,
1071 2819 149 51 1929.

483 2897 1244 50 xix p., 1 l. , 407 p. front. (port.) plates. 24½ ᶜᵐ.
483 2970 116 47 Map
624 2980 62 29 on
714 2969 279 48 end-paper.

483 3026 212 40 Written
738 3025 177 47 during
957 3026 82 40 the
1081 3025 211 41 Roerich
1332 3025 260 40 American
1632 3024 281 49 expedition
1955 3024 51 40 in
2047 3024 201 42 Central

2290 3022 132 49 Asia,
412 3083 217 41 1924-28.
690 3083 63 48 cf.
786 3082 298 41 Publisher’s
1117 3084 128 39 note.

483 3137 1940 49 “An extensive literature … dedicated to Nicholas Roerich”: p. v-vi.
418 3208 52 52 ©
498 3214 122 39 Mar.
646 3212 70 47 25,
745 3211 115 40 1929;
915 3211 67 40 2c.
1009 3212 96 38 and
1132 3210 82 40 aff.
1244 3212 122 38 Mar.
1393 3210 59 40 28;
1505 3211 43 39 A
1573 3210 114 40 7783;
1746 3210 189 41 Corona
1962 3209 182 47 mundi,
2170 3209 219 39 internatl.

485 3272 81 38 art
589 3272 178 44 center,
814 3279 85 36 inc.,
926 3269 118 39 New
1069 3268 145 40 York.
1280 3267 281 49 (29-11922)

413 3377 230 63 Rotary
673 3376 447 55 international.

487 3455 235 55 Outline
753 3456 65 54 of
846 3455 429 55 classifications
1312 3455 108 69 [by]
1457 3456 221 69 Rotary
1709 3454 427 54 international.
2214 3453 109 53 Ed.
2355 3452 64 55 of

415 3532 1940 70 March, 1927, with corrected pages dated February, 1929 …
421 3612 495 69 [Chicago, ᶜ1 929]
483 3692 273 49 199 p. 23 ᶜᵐ.
485 3763 302 48 “Originally
816 3764 238 47 prepared
1083 3764 155 39 under
1267 3763 82 40 the
1379 3762 239 41 direction
1648 3762 53 40 of
1729 3763 82 39 the
1843 3761 287 41 Committee
2160 3772 62 29 on
412 3760 1987 101 classifications
660 3822 51 38 in

736 3820 217 48 1923-24,
981 3821 96 39 and
1103 3819 191 41 revised
1319 3820 61 47 by
1406 3821 82 38 the
1516 3819 287 41 Committee
1831 3818 49 40 in
1907 3819 295 47 subsequent
2229 3816 187 50 years.”

485 3878 87 39 “In
607 3877 98 41 this
742 3877 185 40 outline
962 3879 67 39 all
1065 3887 263 29 commerce
1365 3877 95 39 and
1497 3875 227 48 industry
1762 3876 123 40 have
1923 3876 119 40 been
2079 3874 197 41 divided
2312 3874 103 40 into

412 3945 177 37 groups
616 3934 53 40 of
691 3935 188 39 related
906 3944 54 29 or
983 3933 148 41 allied
1154 3933 221 40 business
1402 3933 97 39 and
1523 3932 326 49 professional
1876 3931 540 42 activities.”—Introd.
