2533 4342
1331 4019 137 52 1966

411 395 432 53 International
878 395 167 53 Bible
1080 396 279 52 students
1393 395 379 57 association.

547 472 1863 69 … Year book … with daily texts and comments … [1930]
417 549 314 70 Brooklyn,
784 550 69 53 N.
911 550 92 67 Y.,
1057 550 425 52 International
1538 550 168 53 Bible
1760 552 259 52 students
2076 551 342 53 association

418 630 193 64 [ ᶜ192 9 ]
482 707 652 50 Various pagings. 19 ᶜᵐ .
416 774 52 52 ©
493 777 112 42 Dec.
630 778 69 48 13,
725 777 118 40 1929;
892 778 68 40 2c.
987 778 114 41 Dec.
1127 778 58 41 18;
1237 778 83 41 aff.
1347 779 112 39 Dec.
1485 778 58 40 19;
1595 778 43 39 A
1662 778 147 41 17446;
1864 779 259 40 Internatl.

2150 779 140 40 Bible
482 779 1915 95 students
640 843 130 31 assn.

405 926 227 66 Kessel,
661 927 241 66 Joseph,
936 933 173 50 1898-

476 1005 179 53 Reine
681 1011 54 47 et
763 1005 182 56 Serre.
1023 1006 151 55 Chez
1202 1007 79 53 les
1308 1007 91 53 fils
1425 1009 77 52 du
1530 1007 205 68 désert,
1761 1007 169 53 récits
1957 1008 358 53 d’aventures
2343 1025 72 36 au

404 1101 143 52 pays
581 1103 212 49 maure,
830 1084 288 68 présentés
1154 1103 107 50 par
1295 1084 56 56 J.
1388 1084 215 54 Kessel.
1679 1084 187 70 Paris,
1898 1087 109 52 Les
2042 1082 265 57 Éditions
2345 1087 70 52 de

403 1163 444 65 France, ᶜ192 9.
475 1242 1168 51 2 p. l., [7]-204 p., 1 l. illus. (ports.) 19 ᶜᵐ .
411 1312 2000 58 © July 7, 1929; 1c. Aug. 2; A— Foreign 4100; Marcel Reine & Édouard
483 1377 153 49 Serre,
666 1377 157 42 Paris.
891 1375 284 52 (29-29121)

401 1470 265 65 Kitchin,
700 1470 245 55 Clifford
976 1472 210 63 Henry
1216 1472 185 54 Benn.

472 1550 192 52 Death
699 1547 64 54 of
794 1567 96 50 my
926 1554 140 47 aunt
1123 1549 93 69 [by]
1257 1550 62 55 C.
1355 1550 78 53 H.
1470 1551 66 51 B.
1573 1548 262 53 Kitchin.
1902 1550 261 67 London,
2197 1550 65 53 L.
2298 1550 112 52 and

402 1626 270 69 Virginia
699 1625 217 69 Woolf,
946 1630 151 50 1929.

472 1706 596 51 vii, 9-247, [1] p. 19 ᶜᵐ .
411 1760 2001 52 © 1c. Nov. 22, 1929; A ad int. 13307; pubd. Sept. 26; Harcourt, Brace
478 1820 38 41 &
546 1831 82 38 co.,
661 1820 106 48 inc.,
801 1820 118 40 New
950 1820 146 41 York.
1169 1819 282 50 (29-29434)

399 1912 318 65 Kollontaĭ,
750 1912 376 54 Aleksandra
1160 1911 426 67 Mikhaĭlovna,
1622 1916 171 53 1872-

469 1990 57 53 A
565 1995 164 64 great
768 1990 127 53 love
958 1990 94 69 [by]
1096 1991 337 52 Alexandra
1473 1990 337 69 Kollontay.
1887 1991 140 53 New
2071 1990 180 68 York,
2292 1991 124 52 The

400 2068 736 70 Vanguard press [ᶜ192 9]
468 2151 630 49 5 p. l. , 3-243 p. 19½ᶜᵐ.
471 2209 322 40 “Translated
820 2208 128 40 from
978 2208 82 41 the
1089 2208 215 40 Russian
1332 2208 62 48 by
1420 2207 109 49 Lily
1555 2207 167 42 Lore.”

810 2265 41 39 CONTENTS.—A
888 2267 140 46 great
1067 2264 546 41 love.—Sisters.—The
1650 2266 135 39 loves
1821 2265 52 40 of
1910 2265 138 40 three
2084 2265 326 48 generations.

408 2318 52 52 ©
496 2323 122 47 Aug.
651 2322 71 47 22,
758 2322 141 42 1929;
938 2322 68 39 2c.
1045 2321 102 41 Oct.
1183 2322 82 46 18;
1285 2353 4 4 .
1305 2320 82 41 aff.
1424 2321 113 41 Dec.
1572 2322 55 47 4;
1667 2322 41 39 A
1744 2321 171 47 16310;
1953 2322 266 47 Vanguard
2256 2332 152 40 press.

485 2376 281 51 (29-28945)

409 2468 374 68 Lewinsohn,
813 2471 280 65 Richard,
1126 2477 170 50 1894-

469 2552 122 51 The
631 2555 256 66 mystery
928 2568 133 35 man
1105 2550 64 52 of
1214 2552 249 67 Europe,
1510 2551 95 56 Sir
1648 2551 163 53 Basil
1855 2549 286 69 Zaharoff,
2184 2550 75 69 by
2303 2551 103 52 Dr.

397 2626 2006 70 Richard Lewinsohn … with 8 illustrations. Philadelphia and
397 2705 260 68 London,
691 2706 56 55 J.
783 2707 65 52 B.
884 2704 342 69 Lippincott
1260 2722 299 52 company,
1596 2708 151 52 1929.

467 2786 845 49 241 p. front., ports., pl. 22 ᶜᵐ .
407 2839 52 52 ©
497 2843 127 48 Sept.
658 2843 70 48 25,
763 2843 118 40 1929:
940 2843 70 40 2c.
1044 2844 96 39 and
1175 2842 82 41 aff.
1292 2843 120 40 Nov.
1445 2842 83 48 22;
1566 2843 43 39 A
1640 2842 173 49 17092;
1852 2843 44 42 J.
1932 2844 54 39 B.
2022 2842 282 48 Lippincott
2337 2852 69 30 co.

483 2898 281 50 (29-29120)

399 2992 2010 71 Metropolitan museum studies, v. 2, pt. 1. [New York] The
472 3071 417 68 Metropolitan
921 3089 257 35 museum
1213 3070 65 54 of
1312 3075 108 63 art,
1457 3074 151 49 1929.

472 3152 1133 49 2 p. l. , 132 p. illus., pl., facsims. 31½ ᶜᵐ .
406 3204 51 54 ©
491 3209 111 40 Dec.
632 3208 73 50 21,
737 3208 116 40 1929;
912 3209 67 41 2c.
1014 3210 96 39 and
1142 3208 82 41 aff.
1257 3208 113 41 Dec.
1403 3208 58 40 26;
1520 3208 42 40 A
1592 3208 145 40 17563;
1801 3206 350 49 Metropolitan
2184 3216 221 29 museum

472 3265 55 41 of
553 3267 93 39 art.

397 3355 272 55 Michie’s
699 3360 187 67 digest
918 3361 65 51 of
1013 3360 272 68 Virginia
1317 3362 113 51 and
1463 3361 161 52 West

1655 3358 272 69 Virginia
1962 3362 241 64 reports,
2238 3357 169 67 being

475 3454 31 34 a
538 3436 278 67 complete
846 3436 403 68 encyclopedia
1283 3437 114 52 and
1430 3435 188 69 digest
1648 3434 67 54 of
1746 3436 78 52 all
1855 3435 100 53 the
1984 3433 273 70 Virginia
2290 3433 111 52 and

472 3513 160 53 West
667 3513 272 69 Virginia
976 3532 126 34 case
1136 3514 110 51 law
1283 3531 78 49 up
1396 3518 61 48 to
1494 3514 114 52 and
1645 3512 304 68 including
1982 3511 112 53 vol.
2135 3514 98 49 151
472 3509 1909 150 Virginia

657 3596 223 62 reports
905 3591 115 52 and
1044 3591 110 52 vol.
1183 3593 99 51 105
1305 3591 164 54 West
1489 3589 273 69 Virginia
1789 3593 240 63 reports.
2089 3587 143 53 Also
474 3586 1907 134 Federal

621 3686 151 34 cases
805 3668 237 52 decided
1074 3672 281 63 pursuant
1386 3672 60 48 to
1476 3667 97 53 the
1604 3667 112 52 law
1748 3665 65 54 of
1842 3665 273 68 Virginia
2148 3682 66 34 or
2244 3663 161 55 West

472 3745 271 68 Virginia
766 3763 79 49 up
868 3751 58 46 to
951 3746 114 52 and
1089 3744 300 70 including
1411 3744 111 52 vol.
1548 3747 68 49 22
1640 3744 67 52 F.
1744 3742 128 70 (2d)
1941 3742 203 55 Under

2166 3741 99 55 the
472 3739 1908 135 editorial
675 3822 360 67 supervision
1067 3821 63 53 of
1163 3821 70 53 A.
1266 3822 253 52 Hewson
1549 3820 233 67 Michie,
1816 3818 238 54 assisted
2084 3815 78 71 by
2193 3816 212 53 Beirne

474 3898 293 68 Stedman,
797 3899 71 52 A.
899 3899 68 52 R.
1002 3899 221 53 Yellott
1256 3899 114 53 and
1398 3899 202 68 Harry
1632 3896 239 69 Caspar]
1881 3914 89 34 an.
2038 3893 253 55 Indexed
2326 3891 72 70 by
