2547 4384
1331 4080 103 54 728

378 422 357 65 Thompson,
768 422 202 56 Ames.

447 502 121 54 The
604 503 313 53 adventure
952 504 139 69 boys
1127 505 113 52 and
1278 504 96 53 the
1408 503 202 55 Island
1646 504 65 54 of
1744 505 317 69 sapphires,
2098 505 75 69 by
2208 504 173 54 Ames

377 581 1999 73 Thompson … New York, Cupples & Leon company [ᶜ1929]
448 661 1340 49 2 p. l., 212 p. front. 19½ᶜᵐ. (His Jewel series)
381 715 51 52 ©
462 720 122 39 Mar.
611 719 70 48 30,
710 719 144 47 1929;
882 719 69 42 2c.
981 721 115 47 May
1122 719 83 48 20;
1238 719 82 41 aff.
1350 721 113 47 May
1491 720 83 48 18;
1605 721 42 39 A
1674 720 142 48 9185;
1850 721 207 48 Cupples
2087 721 36 40 &
2151 721 131 39 Leon
2312 731 67 30 co.

458 774 283 51 (29-11406)

380 869 260 65 Tippett,
670 870 205 53 James
906 870 280 65 Sterling.

451 949 1930 71 1 go a-traveling, by James S. Tippett … illustrated by
381 1028 2002 70 Elizabeth Tyler Wolcott … [New York] Harper and brothers
457 1110 118 64 [ᶜ1929]

448 1188 62 48 vi,
541 1188 72 49 [2],
640 1188 69 48 61,
741 1189 56 48 [1]
825 1198 43 38 p.
923 1187 130 42 illus.
1107 1188 147 41 14½ᶜᵐ.
1319 1188 126 49 (The
1471 1198 208 38 nursery
1706 1187 177 50 series)

448 1244 175 40 Verses
650 1244 82 40 for
759 1244 235 41 children.

382 1295 51 53 ©
460 1302 115 46 May
600 1299 69 49 15,
694 1300 143 47 1929;
864 1300 68 41 2c.
959 1301 115 47 May
1099 1300 83 47 15;
1211 1299 82 42 aff.
1321 1302 114 47 May
1460 1301 82 47 17;
1572 1301 42 39 A
1640 1300 140 43 8192;
1811 1301 194 48 Harper
2033 1301 36 40 &
2093 1302 127 39 bros.

459 1356 283 49 (29-11496)

378 1452 73 55 U.
487 1452 58 54 S.
619 1453 320 54 President.

445 1529 122 53 The
591 1528 309 69 inaugural
924 1528 292 54 addresses
1241 1528 65 53 of
1328 1528 96 53 the
1448 1528 346 69 presidents;
1822 1529 334 69 containing
2178 1529 97 53 the
376 1528 1981 148 inaugural
655 1606 234 53 address
925 1605 65 53 of
1026 1624 167 51 every
1230 1606 211 53 elected
1479 1606 292 68 president
1809 1606 153 53 from
1996 1606 385 70 Washington

374 1690 59 48 to
471 1685 252 66 Hoover,
762 1683 141 54 with
940 1683 401 70 biographical
1377 1683 254 54 sketches
1671 1684 114 53 and
1824 1703 32 34 a
1895 1684 302 70 prefatory
375 1703 1983 113 comment
574 1763 75 68 by
694 1762 97 53 the
836 1761 290 68 compiler.
1209 1760 302 70 Compiled
1557 1762 114 53 and
1716 1762 191 53 edited
1951 1763 76 68 by
2071 1763 192 52 Renzo
2310 1764 72 52 D.

375 1838 1795 71 Bowers … St. Louis, Mo., Thomas law book co., 1929.
445 1924 84 40 461
559 1934 45 39 p.
663 1924 149 41 23½ᶜᵐ.

380 1976 51 53 ©
462 1982 115 47 May
603 1980 69 48 10,
702 1979 119 40 1929;
875 1979 68 42 2c.
973 1980 96 39 and
1098 1978 82 42 aff.
1211 1980 115 46 May
1354 1979 82 46 13;
1468 1978 40 39 A
1538 1978 141 47 8114;
1711 1979 212 40 Thomas
1952 1981 97 39 law
2076 1981 124 40 book
2230 1992 67 30 co.

457 2036 283 50 (29-11464)

378 2116 196 64 Wells,
609 2116 260 53 Herbert
904 2116 245 63 George.

448 2194 124 53 The
605 2194 215 53 science
855 2193 65 53 of
952 2193 109 53 life
1118 2193 92 69 [by]
1252 2193 78 53 H.
1368 2192 69 55 G.
1474 2194 197 66 Wells,
1708 2193 202 54 Julian
1946 2194 234 70 Huxley
2243 2195 132 67 [and]

382 2273 68 55 G.
478 2275 65 52 P.
569 2273 196 54 Wells.
852 2278 101 63 [pt.]
984 2276 48 49 4.
1097 2272 219 69 Ruling
1343 2277 259 63 patterns
1629 2272 65 53 of
1719 2272 187 71 living
1932 2273 213 69 things.

377 2272 1981 147 [London,
539 2351 122 53 The
690 2349 447 71 Amalgamated
1169 2367 175 51 press,
1376 2349 124 69 ltd.,
1535 2352 151 65 1929]

445 2433 175 41 97-128
651 2444 44 38 p.
757 2433 86 41 col.
875 2433 165 48 front.,
1075 2433 130 40 illus.
1264 2432 118 42 28ᶜᵐ.

445 2489 298 43 Cover-title.

381 2542 1997 52 © 1c. June 15, 1929; A ad int. 12778; pubd. Apr. 18; H. G. Wells,
447 2602 171 41 Julian
651 2602 44 42 S.
730 2602 197 48 Huxley
960 2602 96 40 and
1090 2601 186 49 George
1306 2601 164 49 Philip
1502 2601 164 49 Wells,
1701 2601 212 41 London.

378 2682 288 65 Wheeler,
700 2682 180 55 Janet
916 2683 69 55 D.

445 2761 175 54 Billie
650 2762 254 69 Bradley
935 2765 59 51 at
1026 2760 124 57 Sun
1177 2760 139 55 Dial
1347 2762 196 69 lodge;
1578 2779 81 51 or,
1694 2761 207 57 School
1932 2762 196 55 chums
2156 2761 227 71 solving

375 2840 2009 71 a mystery, by Janet D. Wheeler … New York, Cupples &
372 2921 156 53 Leon
560 2938 284 51 company
919 2922 151 64 [ᶜ1929]

447 2999 1641 52 2 p. l., 206 p. front. 19½ᶜᵐ. (Her Billie Bradley series)
378 3055 51 52 ©
458 3060 123 39 Mar.
609 3058 69 48 30,
707 3057 142 47 1929;
880 3058 68 41 2c.
977 3058 115 47 May
1119 3057 83 47 20;
1234 3057 82 41 aff.
1346 3059 115 46 May
1490 3057 81 47 18;
1603 3057 42 39 A
1673 3057 140 48 9177;
1848 3057 208 49 Cupples
2084 3057 36 40 &
2149 3058 130 40 Leon
2309 3067 67 31 co.

458 3113 282 50 (29-11405)

378 3194 308 64 Williams,
719 3193 368 53 Frankwood
1121 3193 159 64 Earl,
1314 3197 172 50 1883-

380 3271 1977 150 … Mental hygiene, by Frankwood E. Williams, m. d. Chicago, American library association, 1929.
445 3433 57 40 43
531 3443 43 38 p.
744 3463 10 9 18ᶜᵐ.
823 3431 248 48 (Reading
1098 3430 121 41 with
1248 3441 29 30 a
1307 3440 222 38 purpose,
1557 3442 75 29 no.
1662 3431 81 47 16)

449 3489 188 40 “Books
667 3488 367 40 recommended
1062 3487 50 39 in
1142 3486 99 40 this
1271 3485 227 42 course”:
1528 3497 44 37 p.
1599 3487 73 41 42.

381 3541 51 52 ©
461 3545 114 48 Apr.
603 3545 69 46 22,
701 3543 143 48 1929;
873 3544 68 40 2c.
972 3544 113 46 May
1114 3543 82 47 16;
1228 3542 83 42 aff.
1342 3544 114 46 May
1484 3541 81 48 10;
1598 3543 41 38 A
1668 3542 140 47 8157;
1841 3543 159 40 Amer.
2030 3543 187 45 library
2248 3553 129 31 assn.

457 3599 284 50 (29-26476)

380 3681 239 62 Wilson,
647 3680 270 52 Barbara
953 3679 258 65 (Lister)
1248 3681 153 58 lady,
1430 3684 171 50 1880-

448 3758 122 53 The
604 3758 176 52 house
814 3756 65 54 of
912 3756 314 68 memories,
1262 3757 78 67 by
1376 3756 260 53 Barbara
1672 3756 242 54 Wilson.
1988 3756 260 68 London,
2284 3757 91 53 W.

376 3835 364 53 Heinemann
778 3835 123 67 ltd.,
943 3837 150 50 1929.

448 3915 871 49 viii p., 2 l., 3-202 p., 1 1. 19½ᶜᵐ.
380 3970 1992 53 © 1c. May 3, 1929; A ad int. 12613; pubd. Apr. 4; Dial press, inc., New
448 4030 145 41 York.
661 4029 282 50 (29-11619)
