2542 4389
1102 3935 135 51 1009

170 287 317 53 American
518 286 172 53 home
720 284 331 55 economics
1080 283 379 54 association.

236 365 187 52 Home
469 363 363 67 economists;
879 361 277 69 portraits
1201 361 113 52 and
1358 360 154 53 brief
1557 359 367 70 biographies
1968 359 65 53 of
2075 360 97 52 the

165 460 128 34 men
328 442 114 52 and
476 458 216 35 women
724 440 329 68 prominent
1087 439 60 52 in
1180 438 97 53 the
1309 438 165 52 home
1509 437 311 53 economics
1852 442 320 47 movement

166 520 61 52 in
261 520 96 52 the
392 519 217 54 United
647 517 206 68 States,
889 517 284 68 compiled
1205 515 77 70 by
1316 534 32 34 a
1385 515 319 53 committee
1740 514 64 53 of
1839 515 96 52 the
166 516 1982 134 American
330 597 164 52 home
533 595 310 54 economics

883 594 355 54 association.
1314 593 335 67 Baltimore,
1687 593 141 69 Md.,
1864 592 302 55 American

165 675 165 53 home
366 673 310 54 economics
712 672 358 68 association,
1109 674 150 50 1929.

237 756 461 50 60 p. ports. 26½ ᶜᵐ.
238 826 286 41 Loose-leaf.

237 882 255 41 Alternate
525 893 145 38 pages
704 882 164 41 blank.

171 950 1997 52 © June 26, 1929; 2c. and aff. July 2; A 10027; Amer, home economics
239 1021 128 30 assn.
431 1009 280 51 (29-14324)

170 1120 268 60 Atwood,
467 1119 254 55 Wallace
750 1117 244 65 Walter,
1027 1120 173 54 1872-

296 1195 1874 71 … The Americas, by Wallace W. Atwood and Helen Goss
164 1273 2006 73 Thomas … Boston, New York [etc.] Ginn and company
169 1357 193 64 [ ᶜ19 29 ]
234 1435 80 49 vii,
342 1435 86 41 316
452 1447 43 37 p.
521 1435 110 41 incl.
658 1434 143 50 illus.,
829 1444 153 39 maps.
1043 1434 88 41 col.
1155 1433 165 49 front.,
1349 1444 154 39 maps.
1562 1434 57 41 26½ᶜᵐ.
1779 1435 227 48 (Atwood
166 1446 1989 95 geography
348 1492 176 48 series)

234 1562 63 41 At
323 1563 125 40 head
473 1563 53 39 of
550 1561 110 41 title:
715 1562 102 40 The
842 1562 143 40 earth
1012 1562 96 39 and
1134 1560 65 42 its
1225 1561 181 49 people,
1434 1561 123 41 book
1585 1564 107 39 two.

236 1619 68 39 “A
330 1619 85 41 list
443 1619 52 40 of
522 1619 147 40 books
696 1619 80 39 for
803 1618 192 40 outside
1025 1617 231 49 reading”:
1316 1629 42 37 p.
1386 1617 98 41 306.

171 1686 1997 54 © May 15, 1929; 2c. June 24; aff. June 22; A 8898; W. W. Atwood,
237 1747 287 48 Worcester,
557 1748 161 47 Mass.,
750 1747 95 39 and
876 1746 158 41 Helen
1064 1745 124 41 Goss
1217 1746 225 47 Thomas,
1475 1745 303 50 Cambridge,
1812 1749 147 39 Mass.

247 1804 281 48 (29-14311)

168 1914 264 63 Barrett,
461 1913 223 53 Robert
715 1913 208 64 South,
959 1914 172 54 1877-

233 1993 121 52 The
381 2010 126 34 care
534 1992 64 52 of
623 1992 96 52 the
747 1990 331 54 unmarried
1106 1990 240 68 mother,
1376 1991 74 68 by
1478 1991 215 54 Robert
1724 1993 185 55 South
1938 1997 236 52 Barrett

225 2070 787 70 … Alexandria, Va., 1929.
233 2124 1090 78 4 p. l. , xiv, 224 p. incl. pl. port. 23½ᶜᵐ.
237 2225 134 40 “List
411 2224 52 41 of
503 2222 365 50 philanthropic
908 2221 266 49 maternity
1216 2223 166 40 homes
1423 2223 79 40 for
1542 2223 282 42 unmarried
1866 2226 215 40 mothers
2123 2225 50 41 in

166 2283 80 40 the
274 2282 180 41 United
487 2281 191 42 States”:
736 2291 45 39 p.
807 2280 220 42 201-213.

170 2350 1982 108 © June 1, 1929; 2c. June 15; aff. July 2; A 10024; R. S. Barrett, Alexandria, Va. (29-14336)
169 2505 252 65 Benson,
453 2505 253 53 Edward
740 2503 294 65 Frederic,
1067 2506 173 53 1867-

240 2586 122 52 The
392 2586 108 53 bed
529 2586 75 69 by
634 2585 96 53 the
761 2584 261 53 window.

331 2661 1202 53 (In Hutchinson’s story-magazine, July, 1929)
170 2734 1981 101 © 1c. Aug. 8, 1929; A ad int. 12939; pubd. June 12; E. F. Benson, London.
233 2888 231 70 Paying
491 2894 207 64 guests,
724 2889 76 70 by
829 2890 67 51 E.
926 2890 66 53 F.
1025 2891 243 50 Benson.
1345 2888 234 56 Garden
1609 2889 153 70 City,
1792 2891 71 53 N.
1896 2892 90 66 Y.,
163 2894 1983 136 Doubleday,
411 2969 200 52 Doran
635 2971 45 49 &
705 2984 299 46 company,
1028 2967 128 63 inc.,
1185 2969 150 51 1929.

234 3049 478 50 3 p. l., 329 p. 20 ᶜᵐ.
171 3117 1997 55 © June 18, 1929; 2c. and aff. July 10; A 11165; E. F. Benson, London.
236 3178 237 42 29-14379

171 3273 182 54 Bible.
427 3275 265 68 English.

239 3353 122 53 The
411 3372 125 34 new
588 3354 245 52 indexed
885 3354 185 68 Bible,
1122 3353 353 70 comprising
1527 3355 249 53 Biblical
1827 3355 344 69 biography,

172 3431 1975 132 geography, history, teaching … illustrated with a large number
297 3510 63 54 of
385 3509 396 69 photographs
809 3509 64 53 of
901 3511 187 66 places
1117 3510 64 53 of
1209 3509 249 55 Biblical
1485 3517 192 49 events
1706 3531 60 35 as
1792 3514 138 68 they
1956 3531 217 51 appear

173 3587 2000 71 today, making a sacred album for every home … Rev. and
173 3667 106 52 enl.
327 3665 153 53 from
524 3666 95 52 the
664 3665 251 69 original
959 3667 84 51 ed.
1126 3665 273 70 Chicago,
1441 3666 116 70 Ill.,
1599 3667 158 55 John
1800 3669 73 55 A.
1917 3669 257 56 Dickson

175 3744 875 68 publishing company [ ᶜ19 29 ]
235 3823 1935 58 4 p. l., ccxxxviii p., 2 l., 634 p., 3 l., 390 p., 2 l., 391-507 p. plates,
168 3879 678 49 maps, forms, diagrs. 25 ᶜᵐ.
