2582 4377
0 0 0 0 72
393 434 288 65 Hibbard,
717 432 278 57 Clarence
1029 431 285 65 Addison,
1351 431 173 55 1887-

465 514 213 53 Recent
722 517 204 65 poetry
971 510 153 54 from
1167 512 96 51 the
1311 509 202 70 South,
1554 510 77 68 by
1673 507 266 55 Addison
1982 508 298 69 Hibbard;
2326 529 74 34 an

395 592 217 53 outline
655 591 95 53 for
791 588 325 55 individual
1160 590 114 51 and
1315 605 185 52 group
1543 587 187 68 study.
1825 586 221 69 Chapel
2087 585 148 71 Hill,
2279 587 121 54 The

394 668 339 68 University
763 668 64 53 of
854 666 188 54 North
1072 665 271 56 Carolina
1374 684 175 50 press,
1579 667 151 52 1928.

396 745 1989 111 35 p. 23 ᶜᵐ. ([North Carolina. University. University extension division]
633 805 284 48 University
946 805 51 39 of
1023 805 158 39 North
1212 802 229 42 Carolina
1471 803 256 40 extension
1755 802 220 48 bulletin,
2003 804 94 41 vol.
2126 813 102 38 VIII,
2248 814 76 31 no.
2341 803 52 48 4)

469 879 68 38 “A
570 877 209 41 selected
809 876 85 40 list
926 876 52 40 of
1008 875 148 40 books
1188 873 190 48 helpful
1409 875 49 38 to
1489 874 83 39 the
1603 872 201 41 reader”:
1868 884 44 38 p.
1961 873 163 50 [25]-26;
2186 872 134 41 “List
2351 873 52 40 of

398 934 301 42 references”:
758 944 44 38 p.
833 932 190 51 [27]-29.

400 1004 52 53 ©
483 1008 113 41 Dec.
624 1007 70 47 21,
725 1006 141 46 1928;
899 1005 66 41 2c.
997 1005 111 40 Jan.
1138 1004 70 46 21,
1240 1002 141 48 1929;
1415 1002 82 42 aff.
1529 1003 112 41 Jan.
1671 1003 83 48 19;
1787 1004 42 38 A
1857 1003 143 48 2949;
2035 1003 284 48 University
2351 1003 52 41 of

464 1064 159 40 North
658 1062 229 42 Carolina
923 1072 151 38 press.
1148 1060 251 50 (29-2237)

392 1171 232 65 Horler,
663 1171 258 64 Sydney,
962 1174 173 50 1888-

470 1251 315 68 Chipstead
814 1249 64 54 of
904 1250 96 52 the
1028 1250 127 52 lone
1183 1249 174 68 hand,
1383 1249 76 69 by
1491 1247 233 71 Sydney
1750 1248 231 54 Horler.
2057 1249 139 52 New
2225 1248 180 68 York,

396 1330 78 53 H.
508 1329 146 53 Holt
687 1329 114 53 and
835 1345 281 51 company
1298 1329 49 64 [ᶜ1929]

470 1407 534 51 5 p. l., 3-286 p. 19½ᶜᵐ.
401 1477 52 53 ©
486 1481 110 41 Jan.
629 1481 68 47 18,
729 1479 116 41 1929;
906 1479 68 41 2c.
1008 1479 111 39 Jan.
1150 1478 84 47 23;
1269 1477 82 41 aff.
1385 1477 111 41 Jan.
1527 1477 84 48 24;
1646 1478 43 39 A
1719 1477 142 49 4051;
1898 1478 169 48 Henry
2100 1478 120 40 Holt
2254 1478 36 40 &
2321 1489 82 37 co.,

468 1538 93 41 inc.
628 1536 252 50 (29-2243)

401 1650 123 52 The
550 1646 331 54 Humorist,
999 1690 9 9 v.
1039 1649 84 66 13,
1147 1665 89 34 no.
1264 1648 119 67 338,
1408 1646 133 55 Jan.
1570 1648 84 66 26,
1684 1648 149 51 1929.

402 1726 2002 53 © 1c. Feb. 1, 1929; A ad int. 12285; pubd. Jan. 19; George Newnes, ltd.,
469 1787 214 40 London.

395 1894 372 65 Humphrey,
800 1892 277 65 Zephine,
1118 1893 172 55 1874-

470 1972 316 71 Chrysalis,
831 1972 76 69 by
955 1971 251 68 Zephine
1253 1971 348 69 Humphrey
1655 1995 56 28 .·..
1801 1971 139 54 New
1992 1971 181 68 York,
2222 1972 68 53 E.
2340 1972 66 63 p.

398 2050 1008 68 Dutton & company, inc. [ ᶜ19 29]
468 2132 541 51 4 p. l., 3-171 p. 20 ᶜᵐ.
473 2205 163 40 “First
666 2204 218 49 printing
913 2204 133 47 Nov.,
1078 2202 128 41 1928.
1269 2202 184 41 Second
1484 2202 221 49 printing
1734 2204 119 39 Nov.
1885 2202 157 42 1928.”

405 2271 52 53 ©
485 2276 111 40 Jan.
622 2275 69 48 11,
719 2274 142 47 1929;
890 2274 67 41 2c.
985 2275 95 39 and
1109 2273 84 41 aff.
1220 2273 110 41 Jan.
1359 2274 82 46 14;
1471 2273 43 39 A
1538 2274 142 46 3738;
1711 2275 53 39 E.
1793 2275 51 40 P.
1873 2274 189 41 Dutton
2090 2275 36 40 &
2152 2285 82 38 co.,
2264 2275 90 40 inc.

483 2332 252 49 (29-2252)

405 2440 434 55 International
882 2441 224 66 clinics;
1153 2460 31 32 a
1225 2441 294 68 quarterly
1560 2439 64 54 of
1663 2441 327 53 illustrated
2033 2441 227 53 clinical
470 2443 1914 129 lectures
665 2518 113 53 and

817 2517 1593 70 especially prepared original articles … Ed. by
472 2595 1936 70 Henry W. Cattell [and others] … v. 4. 38th series, 1928.
472 2675 410 68 Philadelphia
916 2675 113 52 and
1062 2675 260 66 London,
1355 2674 56 54 J.
1447 2675 67 51 B.
1548 2675 341 67 Lippincott
1923 2692 299 52 company,
2259 2678 150 51 1928.

473 2757 101 49 viii,
601 2758 88 40 312
713 2768 43 38 p.
813 2759 87 39 col.
927 2757 164 48 front.,
1120 2757 144 48 illus.,
1294 2758 171 47 plates,
1495 2757 170 48 tables,
1695 2757 182 48 diagrs.
1933 2757 56 40 23½ᶜᵐ.

407 2824 52 53 ©
489 2829 114 39 Dec.
630 2827 69 49 20,
729 2827 115 41 1928;
902 2828 68 41 2c.
1001 2829 95 38 and
1125 2827 83 41 aff.
1239 2827 110 41 Jan.
1379 2827 39 49 9,
1450 2826 115 41 1929;
1624 2826 43 40 A
1694 2827 115 40 2751;
1870 2828 45 41 J.
1946 2829 55 39 B.
2031 2828 279 49 Lippincott
2341 2839 68 30 co.

402 2938 199 65 Jones,
633 2938 257 53 Howard
921 2937 324 65 Mumford,
1282 2942 172 50 1892-

538 3017 1874 71 … Contemporary southern literature, by Howard Mumford
404 3095 204 68 Jones;
655 3115 72 34 an
769 3096 217 53 outline
1031 3096 96 52 for
1169 3094 326 55 individual
1540 3097 113 52 and
1697 3115 184 50 group
1927 3097 188 68 study.
2192 3096 220 69 Chapel

405 3174 148 69 Hill,
585 3175 122 52 The
740 3171 339 72 University
1112 3173 63 54 of
1209 3173 187 53 North
1433 3172 273 56 Carolina
1739 3191 177 53 press,
1950 3177 150 52 1928.

478 3254 55 41 56
567 3266 43 37 p.
684 3254 147 41 22½ᶜᵐ.
916 3255 199 49 ([North
1149 3254 244 41 Carolina.
1469 3254 298 48 University.
1843 3255 284 48 University
2159 3256 254 41 extension

407 3312 225 49 division]
710 3311 285 48 University
1039 3312 52 39 of
1134 3312 158 40 North
1337 3311 229 41 Carolina
1611 3311 255 42 extension
1908 3313 219 48 bulletin,
2173 3314 92 39 vol.
2403 3346 8 16 VIII,

405 3380 77 31 no.
507 3370 52 47 3)

480 3441 130 40 “The
654 3442 196 47 present
894 3440 147 47 study
1086 3450 170 30 course
1301 3438 43 42 is
1387 3440 230 47 designed
1662 3451 55 30 as
1762 3441 411 48 complementary
2218 3443 50 38 to
2312 3442 102 39 The

409 3498 153 41 South
593 3497 50 40 in
673 3499 371 45 contemporary
1076 3497 260 40 literature
1365 3497 62 49 by
1459 3497 216 42 Addison
1708 3498 235 50 Hibbard,
1976 3500 92 39 vol.
2098 3508 54 40 v.,
2184 3509 77 30 no.
2291 3498 39 50 8,
2362 3498 53 40 in

407 3557 83 39 the
521 3557 195 47 present
746 3555 444 41 series.”—Introd.

479 3612 234 42 Contains
741 3611 394 50 bibliographies.

411 3679 52 53 ©
492 3685 120 39 Nov.
640 3683 69 47 26,
740 3683 141 43 1928;
913 3684 67 40 2c.
1010 3683 110 41 Jan.
1151 3684 70 45 21,
1251 3683 142 42 1929;
1427 3683 82 41 aff.
1541 3684 111 41 Jan.
1683 3684 82 47 19;
1798 3684 40 39 A
1869 3684 141 46 2950;
2045 3684 283 47 University
2361 3684 51 40 of

479 3740 157 40 North
669 3739 229 41 Carolina
930 3750 152 38 press.
1153 3740 251 48 (29-2238)

408 3833 284 65 Karsner,
724 3833 211 65 David,
969 3839 171 49 1889-

479 3910 255 53 Andrew
780 3911 269 67 Jackson,
1095 3912 97 52 the
1239 3913 189 67 gentle
1476 3931 207 50 savage
1736 3913 108 68 [by]
1898 3912 193 53 David
2139 3913 273 51 Karsner.

409 3988 140 54 New
581 3988 181 69 York,
792 3989 357 68 Brentano’s,
1181 3992 151 51 1929.
