2582 4377
1362 4017 67 50 64

400 446 204 71 grades
636 444 64 53 of
730 446 347 67 elementary
1107 445 216 67 graded
1355 445 235 68 schools,
1623 443 194 69 junior
1847 443 142 71 high
2021 447 236 68 schools,
2290 446 113 53 and

398 511 1942 81 first years of four-year high schools, by Fred T. Ullrich …
400 601 140 52 New
574 600 179 69 York,
791 600 253 68 Chicago
1085 606 137 60 [etc.]
1262 601 345 67 Longmans,
1643 600 186 55 Green
1865 603 114 52 and
2015 620 97 50 co.,
2150 605 149 50 1929.

471 680 1931 51 xi p., 1 l., 603 p. incl. front., illus., diagrs. 20½ᶜᵐ. (Longmans’ school
399 739 187 40 science
615 737 175 48 series)

473 810 348 40 “References”
849 811 51 38 at
925 810 90 39 end
1042 809 53 40 of
1118 811 126 38 most
1269 808 52 41 of
1346 810 82 39 the
1453 809 242 48 chapters.

402 878 1999 53 © Jan. 10. 1929; 2c. Jan. 17; aff. Jan. 15; A 2882; Longmans, Green &
468 950 68 32 co.
607 938 251 51 (29-2043)

397 1048 274 65 Wallace,
702 1048 220 64 Edgar.

467 1127 122 52 The
617 1125 409 53 India-rubber
1054 1144 145 34 men.
1265 1126 134 52 Dec.
1434 1130 47 63 8,
1514 1128 151 50 1928.

477 1210 83 48 (In
588 1204 264 44 Pearson’s
883 1204 189 52 weekly
1104 1204 288 53 magazine)

400 1276 1982 102 © 1c. Feb. 5, 1929; A ad int. 12297; pubd. Dec. 8, 1928; E. Wallace. London.
395 1446 262 54 Welfare
685 1445 223 54 council
936 1445 64 53 of
1026 1446 146 52 New
1198 1445 162 53 York
1390 1445 141 64 city.

464 1524 210 53 Where
710 1529 58 47 to
806 1529 134 47 turn
982 1523 93 53 for
1113 1524 163 67 help;
1318 1542 30 34 a
1388 1524 172 68 study
1600 1523 64 53 of
1703 1523 239 53 services
1982 1522 94 54 for
2115 1523 286 69 directing

395 1621 233 50 persons
668 1602 59 53 in
766 1603 141 52 need
946 1607 58 48 to
1045 1601 173 55 social
1258 1602 274 69 agencies,
1572 1602 114 53 and
1727 1600 64 55 of
1830 1602 95 53 the
1967 1601 328 69 experience
2337 1601 64 54 of

397 1681 135 54 1766
570 1681 355 53 individuals
965 1681 59 52 in
1066 1682 194 52 search
1302 1680 65 53 of
1406 1681 322 66 assistance,
1767 1681 77 68 by
1884 1680 274 68 Kathryn
2199 1681 202 66 Farra,

394 1758 1981 147 under the direction of a sub-committee of the Welfare council’s executive committee, Dr. Thos. J. Riley, chairman …
394 1917 113 52 and
535 1936 31 33 a
593 1916 209 68 special
829 1916 319 53 committee
1175 1934 73 34 on
1274 1914 380 54 information
1682 1915 256 58 services,
1965 1916 111 52 Mr.
2106 1916 200 67 Harry
2333 1916 64 52 L.

393 1992 2008 71 Hopkins, chairman … [New York] The Welfare council of
393 2073 710 68 New York city [ ᶜ19 29]
496 2188 8 14 v,
535 2156 115 40 3-41
680 2166 43 37 p.
753 2155 110 42 incl.
896 2155 169 48 tables,
1098 2154 180 48 diagrs.
1337 2154 147 41 22½ᶜᵐ.

464 2225 1063 49 On cover; W. C. 4 … December, 1928.
395 2294 53 52 ©
481 2299 110 40 Jan.
621 2299 40 47 4,
694 2298 141 42 1929;
868 2300 68 39 2c.
969 2301 96 39 and
1098 2297 82 41 aff.
1213 2298 111 40 Jan.
1357 2299 82 45 17;
1474 2297 41 40 A
1546 2297 142 40 2894;
1726 2297 217 40 Welfare
1975 2297 188 40 council
2197 2297 50 40 of
2281 2299 116 39 New

463 2356 132 39 York
627 2356 112 47 city.
812 2355 252 49 (29-2062)

391 2448 199 64 Wood,
626 2448 286 65 Clement,
947 2455 170 49 1888-

526 2526 1869 69 … The white peacock [by] Clement Wood. New York,
389 2605 768 67 H. Vinal limited [ ᶜ19 28]
462 2688 1134 49 5 p. l., 54 p. 16 ᶜᵐ. (The friendly books)
462 2759 185 41 Poems.

394 2825 52 52 ©
476 2829 112 40 Dec.
616 2830 70 46 24,
715 2828 115 41 1928;
888 2829 67 41 2c.
987 2830 110 40 Jan.
1127 2830 69 46 14,
1227 2829 115 40 1929;
1402 2828 82 40 aff.
1515 2829 110 40 Jan.
1657 2829 55 39 15;
1772 2829 35 39 A
1841 2829 115 40 3734;
2018 2829 188 40 Harold
2236 2828 158 42 Vinal,

460 2886 87 41 ltd.
616 2885 252 50 (29-1850)

391 2980 326 65 Woodruff,
751 2980 270 54 Caroline
1051 2981 252 64 Salome,
1337 2986 171 49 1866-

461 3057 104 69 My
604 3062 166 63 trust,
813 3058 113 53 and
966 3059 164 52 other
1169 3077 175 49 verse,
1384 3058 77 69 by
1502 3058 268 54 Caroline
1811 3057 226 56 Salome
2075 3057 321 55 Woodruff,

392 3135 1344 70 Rutland, Vt., The Tuttle company [ ᶜ19 28]
459 3219 538 48 3 p. l., 5-126 p. 19½ ᶜᵐ.
394 3284 52 52 ©
476 3288 112 41 Dec.
616 3290 69 46 14,
714 3289 141 42 1928:
887 3290 66 40 2c.
984 3291 96 38 and
1109 3289 82 41 aff.
1221 3290 113 41 Dec.
1362 3290 56 40 26;
1477 3290 42 39 A
1546 3290 114 40 3756;
1719 3291 168 40 Tuttle
1915 3301 67 30 co.

471 3345 252 49 (29-2576)

391 3438 279 65 Zwemer,
701 3439 236 55 Samuel
966 3440 289 66 Marinus,
1287 3441 172 55 1867-

461 3514 208 56 Across
695 3517 96 53 the
817 3518 180 53 world
1024 3517 65 54 of
1113 3518 178 54 Islam;
1349 3519 215 54 studies
1591 3519 60 53 in
1679 3523 218 64 aspects
1925 3517 64 54 of
2014 3518 95 54 the
390 3517 1981 129 Mohammedan

624 3594 152 54 faith
805 3597 112 51 and
944 3596 60 52 in
1030 3597 97 53 the
1152 3602 227 62 present
1407 3597 339 69 awakening
1772 3597 65 53 of
1863 3597 96 53 the
1985 3597 241 52 Moslem
391 3596 1979 143 multitudes,
654 3672 76 69 by

765 3671 1624 72 Samuel M. Zwemer … New York, Chicago [etc.]
392 3749 267 70 Fleming
689 3750 76 53 H.
800 3750 198 53 Revell
1031 3770 278 50 company
1456 3755 84 64 [ᶜ1929]

460 3832 86 41 382
577 3843 44 37 p.
680 3833 164 47 front.,
875 3835 172 47 plates,
1081 3838 137 44 port.,
1251 3846 125 37 map,
1408 3835 217 41 facsims.
1684 3836 147 41 22½ᶜᵐ.

394 3898 1917 56 © Jan. 12, 1929; 2c. and aff. Jan. 19; A 2925; Fleming H. Revell co.
471 3958 251 50 (29-2374)
