2582 4377
1343 4038 65 50 22

422 484 25 40 5
474 495 43 37 p.
580 515 8 16 l.,
617 483 55 39 54
701 493 43 37 p.
773 481 110 39 incl.
912 479 164 46 front.,
1106 478 129 39 illus.
1295 475 56 40 22½ᶜᵐ.

351 544 2000 59 © Dec. 15, 1928; 2c. and aff. Dec. 26; A 3510; E. Ganson, Los Angeles.
423 608 69 53 [©
533 610 257 46 foreword,
831 608 62 47 by
935 605 218 42 William
1193 604 53 39 T.
1289 603 284 46 Hornaday,
1617 603 95 38 and
1755 601 222 40 addition
2019 601 51 40 of
2113 598 240 42 dramatis

419 675 250 41 personae]
741 664 251 49 (29-1337)

351 761 286 62 Gardner,
671 757 256 55 William
962 756 245 63 Amory,
1244 759 172 50 1863-

419 840 222 54 Groton
675 838 192 68 myths
905 837 112 52 and
1054 832 313 68 memories,
1405 835 74 68 by
1516 832 262 55 William
1815 832 221 67 Amory
2074 832 280 53 Gardner.

349 918 238 67 Groton,
615 916 190 68 Mass.,
837 916 149 50 1928.

421 993 1161 54 vi p., 1 l., 142 p. front., plates, ports. 20 ᶜᵐ.
421 1070 41 39 A
488 1069 189 46 history
704 1067 51 40 of
784 1067 183 40 Groton
995 1066 178 40 school.

356 1137 52 52 ©
434 1141 111 40 Dec.
570 1139 70 47 22,
666 1138 84 40 1928;
834 1139 68 39 2c.
928 1138 96 38 and
1051 1135 82 41 aff.
1160 1136 109 40 Jan.
1295 1134 69 49 10,
1390 1134 142 47 1929;
1562 1134 40 39 A
1627 1135 142 46 2714;
1862 1167 9 8 W.
1898 1133 54 41 A.
1980 1133 236 46 Gardner,
424 1134 1916 102 Boston.
587 1194 251 49 (29-1438)

353 1290 253 61 Gordon,
644 1288 133 52 Neil
815 1287 299 64 Elbridge,
1157 1292 172 50 1885-

485 1363 1874 71 … College chemistry, by Neil E. Gordon … Yonkers-on-
353 1441 2002 69 Hudson, N. Y. and Chicago, Ill., World book company [ ᶜ19 28]
425 1524 1934 52 ix p., 1 l., 516 p. illus., diagrs. 21 ᶜᵐ. (New-world science series, ed.
354 1585 61 49 by
443 1585 45 42 J.
517 1585 72 41 W.
619 1583 219 49 Ritchie)

423 1656 151 39 Table
607 1666 61 29 on
698 1654 339 49 lining-paper.

360 1708 52 51 ©
443 1712 128 47 Sept.
598 1713 69 45 27,
695 1711 142 47 1928;
867 1712 67 39 2c.
962 1710 114 41 Dec.
1102 1709 82 47 13;
1215 1708 82 40 aff.
1328 1708 103 40 Oct.
1459 1707 82 47 20;
1572 1707 39 39 A
1641 1706 114 41 2803;
1814 1707 168 40 World
2011 1707 122 40 book
2161 1718 68 29 co.

437 1768 250 48 (29-1447)

361 1861 247 69 [Goulet,
645 1861 241 68 Robert]
926 1862 56 67 fl.
1021 1865 150 50 1517.

431 1938 418 69 Compendium
891 1957 71 34 on
1004 1938 97 53 the
1138 1937 424 69 magnificence,
1604 1936 248 70 dignity,
1897 1937 113 53 and
2053 1937 310 53 excellence

359 2016 65 53 of
454 2017 95 52 the
580 2016 340 68 University
950 2015 65 54 of
1044 2016 169 53 Paris
1245 2016 59 51 in
1338 2016 99 52 the
1465 2034 137 50 year
1635 2014 64 54 of
1731 2034 167 51 grace
1932 2015 152 54 1517.
2158 2016 205 68 Lately

359 2095 146 52 done
535 2094 122 52 into
690 2093 247 69 English
965 2093 76 68 by
1073 2094 217 52 Robert
1322 2093 160 53 Belle
1516 2093 195 54 Burke
1745 2092 94 54 for
1871 2093 204 54 Josiah
2108 2094 257 53 Harmar

360 2170 2005 71 Penniman … Philadelphia, University of Pennsylvania
359 2268 186 50 press;
580 2249 259 67 London,
871 2248 231 56 Oxford
1134 2248 321 70 university
1486 2269 175 49 press,
1697 2252 151 52 1928.

487 2331 488 49 1 p. l., 7-115 p. 22 ᶜᵐ.
431 2388 135 40 With
595 2387 344 49 reproduction
969 2387 52 40 of
1049 2387 208 49 original
1290 2390 98 47 t.-p.

434 2445 146 39 “This
611 2444 185 40 edition
829 2444 52 40 of
913 2445 83 39 the
1029 2444 347 48 Compendium
1411 2445 353 41 Universitatis
1798 2445 310 50 Parisiensis,
2145 2448 82 39 the
2259 2447 109 41 first

363 2501 176 41 known
567 2501 203 47 English
797 2500 311 48 translation,
1137 2501 210 41 consists
1375 2502 53 39 of
1456 2501 116 41 1000
1599 2502 160 48 copies
1787 2502 195 48 printed
2011 2514 61 29 on
2102 2513 89 39 rag
2218 2515 151 37 paper

362 2558 264 40 numbered
652 2558 25 39 1
706 2560 49 38 to
784 2557 129 43 1000.
973 2557 119 41 This
1120 2557 42 41 is
1190 2568 118 38 copy
1337 2568 76 30 no.
1442 2557 129 41 926.”

434 2614 231 48 Running
692 2614 108 40 title:
858 2613 347 49 Compendium
1236 2614 352 41 Universitatis
1616 2614 311 42 Parisiensis.

435 2671 101 39 “An
571 2672 267 38 annotated
871 2671 298 39 translation
1200 2671 51 40 of
1285 2672 84 39 the
1403 2671 348 48 Compendium
1787 2671 52 41 of
1873 2672 183 42 Robert
2090 2673 280 41 Goulet.”—

364 2727 275 40 Foreword.

367 2782 52 51 ©
448 2785 112 40 Dec.
588 2785 70 41 28,
688 2784 114 40 1928;
860 2786 67 39 2c.
957 2786 95 38 and
1082 2784 83 40 aff.
1196 2785 110 40 Jan.
1335 2786 41 47 7,
1405 2785 114 40 1929;
1578 2785 41 39 A
1647 2786 115 40 3578;
1823 2786 284 49 University

2137 2787 52 41 of
435 2789 1918 100 Pennsylvania
691 2852 151 38 press.
913 2841 251 48 (29-1325)

364 2938 213 63 Grabo,
611 2937 135 54 Carl
776 2938 225 63 Henry,
1037 2942 170 50 1881-

441 3015 294 52 Exercises
777 3015 58 51 in
877 3015 94 52 the
1012 3016 173 67 study
1227 3016 113 52 and
1383 3016 250 67 practice
1675 3016 65 53 of
1780 3017 296 54 narrative
2115 3018 255 70 writing,

369 3091 2002 72 by Carl H. Grabo … New York, Chicago [etc.] C. Scribner’s
368 3172 356 64 sons [ ᶜ19 28]
439 3251 284 47 cover-title,
755 3252 58 39 47
845 3261 43 37 p.
949 3250 58 41 18½ᶜᵐ.

442 3308 184 39 “These
657 3307 242 40 exercises
930 3308 125 39 have
1088 3308 117 39 been
1237 3310 239 47 prepared
1511 3310 61 47 by
1605 3310 258 41 Professor
1897 3310 160 42 Grabo
2091 3311 79 41 for
2204 3324 86 29 use
2322 3312 51 41 in

372 3364 283 40 connection
688 3363 120 40 with
839 3363 77 40 his
949 3364 162 47 books,
1144 3365 103 39 The
1279 3366 257 47 technique
1570 3366 52 40 of
1656 3367 84 40 the
1770 3368 140 39 novel
1945 3369 96 39 and
2075 3369 103 40 The
2210 3372 79 38 art
2321 3370 52 40 of

370 3421 83 40 the
482 3421 137 39 short
648 3420 178 47 story.”

372 3474 52 51 ©
457 3478 112 39 Dec.
600 3478 39 46 5,
673 3477 141 47 1928;
848 3479 68 39 2c.
949 3479 94 38 and
1077 3477 83 42 aff.
1193 3478 111 41 Jan.
1335 3479 69 48 11,
1438 3479 141 48 1929;
1615 3481 41 38 A
1688 3480 142 48 3648;
1868 3481 203 42 Charles
2107 3483 266 41 Scribner’s

440 3544 126 32 sons.
635 3534 252 50 (29-1211)

367 3629 210 63 Green,
609 3629 158 53 Julia
799 3629 294 64 Boynton.

443 3708 141 51 This
611 3707 348 69 enchanting
988 3713 170 61 coast,
1185 3727 160 35 verse
1370 3728 71 34 on
1471 3709 327 55 California
1825 3711 214 54 themes
2074 3713 92 68 [by]
2215 3713 161 54 Julia

374 3786 268 67 Boynton
677 3785 202 54 Green.
955 3787 112 51 Los
1098 3786 267 69 Angeles,
1399 3789 120 52 The
1553 3789 428 53 Times-mirror
2016 3809 173 49 press,
2226 3794 148 49 1928.

443 3867 445 47 63 p. front. 18½ ᶜᵐ.
376 3920 52 51 ©
455 3925 112 39 Dec.
593 3925 69 42 24,
687 3925 115 40 1928;
857 3927 68 39 2c.
952 3926 110 39 Jan.
1088 3925 69 48 10,
1183 3926 115 39 1929;
1354 3926 82 41 aff.
1464 3927 110 41 Jan.
1601 3928 28 40 9;
1684 3929 42 39 A
1750 3928 116 41 3635;
1922 3929 44 40 J.
1994 3929 54 40 B.
2078 3928 168 48 Green,
2278 3928 97 41 San

444 3981 318 48 Bernardino,
797 3981 143 41 Calif.
1010 3982 252 49 (29-1472)
