2542 4361
1147 3990 99 54 567

193 337 305 64 Haggard,
527 338 256 52 Howard
812 338 243 65 Wilcox,
1089 343 171 50 1891-

257 416 217 69 Devils,
505 418 194 67 drugs,
730 419 112 52 and
875 419 251 63 doctors;
1160 419 95 52 the
1288 423 158 63 story
1478 418 63 52 of
1573 418 95 52 the
1700 418 213 54 science
1945 419 64 53 of

187 421 1979 143 healing, from medicine-man to doctor, by Howard W. Haggard …
187 574 141 51 with
352 591 172 49 many
550 573 381 53 illustrations
959 574 151 51 from
1136 572 249 69 original
1412 592 235 34 sources.
1724 573 139 52 New
1889 574 164 52 York
2079 576 109 51 and

188 652 256 66 London,
473 651 232 67 Harper
734 653 45 50 &
805 652 278 67 brothers,
1114 654 149 50 1929.

258 730 1849 50 xxii, 405, [1] p. front., illus. (incl. facsims.) plates, ports. 24½ ᶜᵐ .
193 798 51 52 ©
271 803 115 47 Apr.
409 802 41 47 3,
477 801 140 46 1929;
647 802 67 40 2c.
740 802 115 47 Apr.
880 802 54 47 2;
964 802 82 41 aff.
1073 802 114 48 Apr.
1216 802 52 47 5;
1298 802 38 38 A
1366 802 140 47 7253;
1537 802 196 48 Harper
1758 806 36 40 &
1822 803 125 40 bros.

272 857 251 49 (29-9803)

192 952 234 63 Handy,
463 950 228 56 Albert.

259 1027 364 53 Inheritance
657 1027 114 53 and
806 1028 165 51 other
1004 1028 114 53 like
1150 1034 186 61 taxes;
1374 1047 32 33 a
1439 1028 231 53 treatise
1704 1047 73 33 on
1811 1028 172 53 death
2016 1033 177 61 taxes,

189 1105 1933 69 by Albert Handy … New York, Prentice-Hall, inc., 1929.
258 1187 930 50 xxxviii, 492 p. incl. tables. 23½ ᶜᵐ .
261 1258 179 40 “Table
469 1257 51 40 of
548 1256 193 41 cases”:
773 1268 45 37 p.
847 1256 291 44 ix-xxxviii.

259 1313 377 49 Bibliography:
670 1323 45 39 p.
744 1312 221 43 473-474.

191 1379 52 52 ©
271 1384 114 48 Apr.
412 1384 40 47 8,
479 1383 141 48 1929;
646 1383 71 40 2c.
745 1384 96 38 and
869 1382 83 42 aff.
980 1383 115 48 Apr.
1123 1384 82 46 17;
1235 1383 41 39 A
1301 1381 141 49 7522;
1475 1383 375 49 Prentice-Hall,
1880 1385 91 40 inc.

271 1439 252 49 (29-9753)

193 1533 316 64 Holbrook,
541 1533 222 53 Harold
792 1533 250 63 Lyman.

320 1609 1871 70 … Our world of work, by Harold Lyman Holbrook … and
187 1685 2004 73 A. Laura McGregor … Boston, New York [etc.] Allyn and
189 1766 421 66 Bacon [ ᶜ192 9]
259 1846 1933 51 xi, 351, 11 p. front., illus. (incl. ports.) 19½ ᶜᵐ . (Guideposts for
189 1904 165 49 junior
380 1904 118 48 high
524 1904 163 40 school
714 1913 157 38 years,
898 1905 73 39 ed.
998 1904 63 48 by
1087 1904 44 41 J.
1160 1905 62 39 M.
1252 1903 168 49 Glass)

260 1960 328 49 “Interesting
618 1959 255 49 readings”
904 1961 53 39 at
985 1961 92 39 end
1107 1960 52 40 of
1186 1961 121 39 each
1335 1961 229 47 chapter;
1594 1960 377 50 Bibliography:
2003 1973 44 37 p.
2076 1963 117 40 342-

188 2018 100 41 347.

193 2070 52 52 ©
271 2074 114 47 Apr.
410 2073 68 44 10,
504 2073 141 47 1929;
672 2073 69 40 2c.
766 2074 96 40 and
887 2072 83 40 aff.
995 2072 116 48 Apr.
1136 2072 83 47 19;
1250 2073 39 39 A
1314 2073 141 47 7570;
1484 2073 147 48 Allyn
1655 2073 37 40 &
1717 2074 179 40 Bacon.

267 2129 228 50 (29-9745
505 2129 14 48 )

190 2224 193 63 Holst,
420 2223 244 65 Bertha,
701 2227 327 51 1881-1929.

319 2300 1872 62 … Vibe; fortælling for unge piger. København, Gyldendal,
188 2378 254 55 Nordisk
469 2377 210 70 forlag,
709 2380 151 51 1928.

257 2461 339 49 208 p. 20 ᶜᵐ .
190 2513 1983 108 © Nov. 7, 1928; 1c. Jan. 25, 1929; A—Foreign 1483; Gyldendalske boghandel,
480 2573 213 40 Nordisk
719 2573 177 48 forlag.
966 2572 253 49 (29-9668)

223 2667 403 52 International
670 2668 223 66 clinics;
940 2687 28 33 a
1012 2668 293 70 quarterly
1347 2667 64 52 of
1452 2668 323 53 illustrated
1818 2668 226 53 clinical

258 2671 1931 143 lectures and especially prepared original articles … Ed. by
260 2819 1508 71 Henry W. Cattell … [and others] v. 1. 39th
1807 2822 188 68 series,
2037 2826 150 49 1929.

260 2899 408 68 Philadelphia
702 2900 113 51 and
847 2899 260 67 London,
1141 2899 55 51 J.
1232 2900 67 50 B.
1332 2898 338 67 Lippincott
1703 2916 298 52 company,
2038 2902 150 50 1929.

259 2979 1679 50 viii, 303 p. col. front., illus., plates (part col.) diagrs. 23 ᶜᵐ .
259 3037 121 40 Part
409 3036 51 41 of
489 3038 157 46 plates
675 3047 83 31 are
788 3037 194 48 printed
1014 3048 60 29 on
1104 3036 116 40 both
1250 3036 143 40 sides.

192 3088 52 52 ©
275 3094 121 39 Mar.
424 3093 39 42 1,
492 3092 140 47 1929;
662 3092 68 41 2c.
759 3094 96 38 and
882 3092 83 41 aff.
993 3093 115 47 Apr.
1136 3092 82 46 27;
1249 3092 42 39 A
1320 3091 140 47 6816;
1492 3092 43 39 J.
1564 3092 54 39 B.
1647 3091 279 48 Lippincott
1955 3103 68 30 co.

193 3202 149 63 Ives,
380 3201 254 52 Howard
673 3201 247 65 Chapin,
960 3202 171 54 1878-

260 3279 179 55 Seven
471 3281 156 66 place
653 3283 230 50 natural
909 3280 490 68 trigonometrical
1427 3277 308 71 functions,
1761 3280 260 68 together
2050 3280 140 53 with

186 3377 172 49 many
394 3358 426 54 miscellaneous
855 3358 180 54 tables
1072 3358 112 53 and
1222 3356 341 69 appendices
1600 3376 71 33 on
1705 3357 98 53 the
1839 3356 352 69 adjustment

187 3436 64 52 of
285 3437 95 52 the
413 3436 310 67 engineer’s
755 3436 210 53 transit
999 3438 112 51 and
1147 3437 160 65 level,
1343 3453 130 34 area
1510 3434 409 68 computation,
1953 3435 237 54 vertical

187 3534 213 39 curves,
445 3514 201 68 simple
690 3533 212 35 curves,
950 3515 112 53 and
1107 3511 442 56 determination
1595 3512 63 54 of
1700 3512 262 72 latitude,
186 3512 1979 133 longitude

371 3594 111 52 and
532 3592 269 53 azimuth.
896 3593 90 67 By
1034 3592 259 52 Howard
1344 3589 229 68 Chapin
1619 3590 147 69 Ives,
1851 3633 9 9 C.
1948 3633 9 9 E.
2051 3590 139 53 New

188 3671 180 58 York,
403 3671 55 53 J.
494 3671 190 68 Wiley
719 3673 46 50 &
798 3689 146 49 sons,
981 3671 138 65 inc.;
1157 3670 258 56 London,
1453 3667 301 69 Chapman
1789 3670 46 50 &
1868 3668 160 68 Hall,
188 3667 1977 140 limited,
355 3752 147 49 1929.

260 3825 1423 52 2 p. l. , iii-v, 222 p. illus., diagrs. 17½ ᶜᵐ . $2.50
195 3882 52 50 ©
276 3887 113 45 Apr.
417 3887 69 43 12,
514 3887 116 38 1929;
686 3887 68 40 2c.
782 3887 114 45 Apr.
925 3887 81 39 17:
1038 3884 83 41 aff.
1151 3885 113 46 Apr.
1292 3884 82 41 15;
1405 3883 41 39 A
1474 3884 141 41 7550:
1647 3884 61 41 H.
1740 3883 48 42 G.
1819 3884 122 46 Ives,
1971 3884 94 39 Los
262 3883 1907 106 Angeles.
475 3941 251 49 (29-9866)
