2512 4377
1316 4041 102 54 278

382 469 140 49 gene
565 451 207 56 Smith,
812 451 260 54 William
1114 452 192 52 David
1349 453 187 51 Reeve
1576 452 112 52 and
1732 452 254 53 Edward
2029 452 164 70 Long
2198 453 183 52 worth

383 516 1923 83 Morsi Boston, New York [etc.] Ginn and company [ ᶜ1 929]
450 611 835 49 viii, 144 p. tables, diagrs. 21 ᶜᵐ.
384 664 51 52 ©
464 669 109 40 Feb.
600 668 69 42 14,
696 667 113 41 1029;
864 669 66 39 2c.
959 669 111 40 Feb.
1096 670 56 38 26;
1207 669 82 41 aff.
1317 670 111 39 Feb.
1455 670 56 38 25;
1568 670 38 38 A
1633 670 116 39 4607;
1807 670 126 40 Ginn
1961 669 36 41 &
2023 680 67 30 co.

373 763 247 64 Snyder,
655 765 275 54 Howard.

448 843 374 63 Earth-born,
861 864 31 32 a
929 846 165 50 novel
1132 844 63 52 of
1234 845 94 52 the
1366 843 343 68 plantation,
1745 842 76 70 by
1858 844 259 53 Howard
2159 843 225 69 Snyder

437 921 1526 69 … New York, London, The Century co. [ ᶜ1 929]
445 1001 807 50 3 p. l., 264 p. 19½ ᶜᵐ. $2.00
381 1056 51 52 ©
466 1062 121 38 Mar.
617 1061 40 42 8,
689 1060 140 46 1929;
863 1061 67 40 2c.
961 1062 97 38 and
1089 1060 70 39 aff
1204 1061 122 39 Mar.
1358 1060 82 46 12;
1474 1060 41 39 A
1545 1060 143 47 4818;
1724 1060 215 48 Century
1971 1072 68 29 co.
459 1117 251 48 (29-6350)

380 1213 188 54 South
602 1213 253 54 Dakota.
926 1214 277 67 Supreme
1237 1221 174 46 court.

449 1289 1931 69 Reports of cases decided … from the decisions of January
385 1368 146 56 1927,
573 1374 58 47 to
675 1370 112 51 and
830 1369 300 67 including
1172 1369 279 52 decisions
1493 1368 65 52 of
1601 1368 309 53 December
1957 1368 149 54 1927.

2188 1369 192 66 Notes,
380 1447 312 53 references
734 1448 108 51 and
892 1447 185 56 index.,
1117 1447 74 67 by
1233 1448 253 51 Howard
1534 1447 68 53 G.
1646 1447 214 53 Fuller,
1902 1452 158 47 court

2104 1452 274 63 reporter.
418 1570 8 8 v.
460 1531 79 46 51.
608 1526 212 52 Pierre.
853 1525 161 54 State
1044 1525 337 68 publishing
1410 1544 98 48 co.,
1541 1528 150 51 1928.

446 1607 475 49 16, vii, 674 p. 23½ ᶜᵐ.
379 1660 51 53 ©
495 1676 76 29 Jan.
600 1665 69 47 28,
701 1664 114 40 1929;
874 1665 68 40 2c.
973 1665 111 40 Feb.
1114 1664 55 39 12;
1229 1663 83 42 aff.
1344 1664 112 40 Feb.
1487 1664 55 39 15;
1603 1664 43 42 A
1674 1664 115 40 5587;
1851 1664 183 47 Gladys
2066 1664 130 47 Pyle,
447 1675 1913 95 secretary

588 1722 51 40 of
669 1722 81 40 the
781 1723 131 39 state
942 1721 51 40 of
1026 1721 152 42 South
1212 1721 208 48 Dakota,
1453 1721 180 49 Pierre,
1669 1721 44 41 S.
1747 1720 56 43 D.

371 1817 235 63 Sparre,
643 1817 325 63 Christian,
1006 1821 171 50 1859-

507 1895 1871 70 … Hun danset; fortelling. Oslo, H. Aschehoug & co., 1928.
439 1978 490 48 2 p. l.. 172 p. 18½ ᶜᵐ.
376 2030 1888 52 © Nov. 7. 1928; 1c. Dec. 20; A—Foreign 1177; H. Aschehoug & co.
452 2091 252 48 (29-6973)

370 2187 297 64 Speicher,
699 2188 139 52 Earl
870 2188 248 53 Edmon.

440 2264 94 53 An
570 2264 390 53 introduction
996 2269 58 48 to
1088 2264 96 54 the
1217 2263 268 70 teaching
1518 2264 65 53 of
1614 2264 167 54 Jesus
1838 2264 94 69 [by]
1973 2264 141 52 Earl
2150 2264 228 53 Edmon

372 2341 1376 71 Speicher … Boston, R. G. Badger [ ᶜ1 929 ]
439 2426 278 48 127 p. 20½ ᶜᵐ.
374 2479 51 53 ©
459 2483 112 41 Feb.
602 2485 39 44 1,
674 2483 117 40 1929;
848 2483 67 41 2c.
949 2484 121 39 Mar.
1105 2482 51 41 5;
1192 2482 82 40 aff.
1309 2484 121 38 Mar.
1463 2484 53 44 2;
1552 2482 40 39 A
1626 2482 112 40 5602;
1802 2483 51 39 E.
1890 2484 51 40 E.
1978 2482 241 48 Speicher.
440 2483 1914 103 Ashland,
602 2540 116 40 Wis.
788 2539 252 49 (29-6024)

367 2636 196 61 Stern,
598 2635 291 55 Günther.

439 2714 158 64 Über
625 2726 101 52 das
754 2725 202 58 haben,
986 2725 187 54 sieben
1202 2724 219 62 kapitel
1452 2744 100 34 zur
1581 2725 288 68 ontologie
1898 2726 98 53 der
2025 2724 349 60 erkenntnis,

368 2819 108 34 von
503 2799 264 55 Günther
797 2800 185 56 Stern.
1061 2802 184 63 Bonn,
1273 2801 63 53 F.
1367 2800 213 69 Cohen,
1609 2804 149 50 1928.

434 2881 568 50 4 p. l., 190 p. 24 ½ m .
370 2936 1828 53 © Aug. 31. 1928; 1c. Dec. 4; A —Foreign 1062: Friedrich Cohen.
448 2996 251 48 (29-6873)

367 3077 240 65 Strong,
640 3078 267 64 Eugénie
947 3077 277 65 (Sellers)
1262 3079 171 54 “Mrs.
1467 3078 57 55 S.
1555 3078 71 54 A.
1657 3077 277 65 Strong.”

497 3153 1875 72 … Art in ancient Rome, by Eugénie Strong … New York,
366 3232 61 55 C.
461 3232 313 56 Scribner’s
804 3252 146 49 sons,
983 3236 149 51 1928.

433 3316 1936 49 2 v. fronts., illus. (incl. plans) 18½ ᶜᵐ. (Ars una: species mille.
363 3373 205 41 General
604 3373 188 48 history
822 3374 52 39 of
904 3373 103 47 art)

433 3430 350 48 Bibliography
810 3432 51 37 at
888 3430 89 39 end
1005 3430 52 40 of
1083 3433 125 37 most
1234 3429 52 40 of
1312 3430 81 39 the
1420 3431 254 47 chapters:
1706 3430 234 40 “General
1972 3429 393 49 bibliography”:

397 3518 7 7 v.
463 3518 9 10 1.
501 3498 43 37 p.
573 3486 84 41 xii.

713 3550 92 31 CONTENTS.—I.
838 3543 142 38 From
1015 3544 81 39 the
1127 3543 200 39 earliest
1359 3542 142 41 times
1533 3546 48 37 to
1612 3544 81 37 the
1725 3542 272 48 principale
2028 3542 51 40 of
2110 3544 258 38 Nero.—II.

364 3600 139 39 From
538 3600 81 39 the
651 3599 205 40 Flavian
890 3600 212 46 dynasty
1134 3602 47 37 to
1213 3598 267 47 Justinian,
1513 3598 119 40 with
1665 3600 228 47 chapters
1925 3610 57 28 on
2017 3600 222 47 painting
2273 3600 91 38 and

363 3656 80 39 the
472 3656 156 38 minor
659 3658 104 37 arts
791 3656 50 38 in
872 3656 80 39 the
981 3655 107 40 first
1116 3657 218 43 century,
1401 3687 8 6 A.
1470 3688 7 7 D.

367 3708 51 52 ©
447 3713 119 40 Nov.
593 3712 69 48 30,
691 3712 116 40 1928;
861 3712 68 41 2c.
958 3712 118 40 each
1105 3713 96 38 and
1230 3711 107 40 affs.
1368 3712 123 40 Mar.
1520 3712 39 42 5,
1589 3711 141 47 1929;
1761 3712 39 39 A
1828 3712 129 43 4689,
1986 3712 119 40 4690;
2162 3712 202 40 Charles

437 3768 265 41 Scribner’s
733 3780 126 29 sons.
929 3768 190 48 (29-6319)

365 3848 329 53 Television.
781 3870 50 33 v.
863 3854 48 49 2.
940 3870 89 33 no.
1064 3855 80 52 13,
1172 3851 166 55 Mar.,
1370 3853 150 52 1929.

366 3926 1995 53 © 1c. Mar. 20, 1929; A ad int. 12451; pubd. Mar. 1; Television press,
432 3988 101 47 ltd.,
566 3988 213 41 London.
