2533 4342
1331 3997 134 49 1434

392 347 277 65 Boschot,
698 346 286 65 Adolphe,
1019 348 171 53 1871-

525 425 1301 69 … Le mystère musical. Paris, Plon [1929]
459 506 654 49 3 p. l. , vii, 248 p. 19 ᶜᵐ .
948 575 1442 49 CONTENTS.—XVIIIᵉ et xix e siècles. — Contemporains. — Interprètes et
393 633 437 41 ballets.—Petites
859 633 406 40 notes.—Autour
1294 632 58 40 de
1380 633 46 39 la
1459 632 236 48 musique.

394 699 1799 52 © May 15, 1929: 1c. June 21: A— Foreign 3542: Librairie Plon.
473 759 281 49 (29-19531)

394 852 225 64 Burtis,
654 853 317 54 Thomson.

466 932 1930 70 Rex Lee, night flyer, by Thomson Burtis … New York,
396 1009 795 69 Grosset & Dunlap [ᶜ192 ]
463 1091 1644 48 3 p. l., 239 p. front. 19 ½ ᶜᵐ . (H is Rex Lee flying stories)
396 1159 51 51 ©
482 1163 128 47 Sept.
640 1163 69 46 10,
740 1162 141 42 1929:
914 1163 66 40 2c.
1018 1162 128 48 Sept.
1177 1162 56 40 13;
1292 1162 83 40 aff.
1409 1162 129 48 Sept.
1570 1163 54 38 12;
1686 1163 42 38 A
1758 1162 144 39 12285;
1965 1162 198 41 Grosset
2197 1163 35 39 &
464 1163 1911 103 Dunlap,

586 1219 91 40 inc.
742 1218 282 49 (29-18705)

394 1312 249 64 Burton,
671 1312 279 64 Richard,
984 1318 173 49 1861-

457 1389 152 53 How
651 1395 60 47 to
753 1409 87 34 see
885 1408 31 34 a
960 1392 156 66 play,
1159 1390 76 69 by
1280 1391 256 52 Richard
1581 1392 242 51 Burton.
1905 1391 139 53 New
2089 1392 84 52 ed.
2256 1392 140 52 New

390 1468 1208 70 York, The Macmillan company, 1929.
459 1546 498 53 xiii, 247 p, 20½ ᶜᵐ .
397 1603 1775 54 © Sept. 10, 1929; 2c. and aff. Sept. 11: A 13251: Macmillan co.
475 1662 281 49 (29-18774)

399 1757 224 65 Calvin,
658 1758 165 55 Jack.

472 1836 464 70 Square-rigged,
962 1838 75 69 by
1063 1838 149 53 Jack
1237 1838 224 68 Calvin,
1488 1838 140 52 with
1656 1838 380 54 illustrations
2060 1840 77 68 by
2161 1838 240 52 Mahlon

399 1916 221 52 Blaine.
697 1917 234 67 Boston,
959 1916 197 68 Little,
1187 1917 229 68 Brown,
1445 1918 113 51 and
1587 1934 299 51 company,
1918 1919 149 49 1929.

466 1996 1651 49 viii p., 2 l., [3]-334 p. incl. illus., plates, col. front. 20 ½ ᶜᵐ .
467 2054 290 39 Illustrated
783 2053 363 48 lining-papers.

400 2106 52 52 ©
484 2110 127 48 Sept.
640 2110 40 42 6,
708 2110 141 41 1929:
881 2111 67 40 2c.
977 2112 96 39 and
1103 2110 81 41 aff.
1218 2111 127 48 Sept.
1376 2112 81 40 12:
1490 2111 39 39 A
1559 2111 172 40 12256:
1764 2111 162 48 Little,
1958 2113 191 46 Brown,
2181 2112 35 39 &
2246 2123 68 28 co.

479 2166 282 49 (29-18706)

397 2262 261 63 Cannon,
687 2261 271 55 Cornelia
984 2262 221 55 James.

462 2339 120 52 The
613 2339 205 68 pueblo
851 2339 132 69 girl,
1014 2339 96 53 the
1142 2344 159 64 story
1333 2339 64 53 of
1431 2340 302 54 Coronado
1768 2359 73 34 on
1873 2341 96 52 the
2002 2340 110 53 Rio
2147 2339 252 69 Grande,

390 2415 2008 72 by Cornelia James Cannon … with illustrations by Olive Rush.
391 2495 218 52 Boston
638 2495 113 52 and
779 2494 140 53 New
950 2494 181 68 York,
1159 2496 321 68 Houghton
1510 2495 205 53 Mifflin
1747 2514 298 51 company,
2078 2498 149 50 1929.

463 2576 1336 49 4 p. l. , 174, [1] p. col. front., illus., plates. 21 ᶜᵐ .
464 2634 140 47 Maps
634 2644 61 29 on
722 2633 366 49 lining-papers.

400 2686 52 52 ©
489 2691 126 48 Sept.
651 2692 68 41 13,
755 2690 140 41 1929:
931 2692 68 39 2c.
1034 2692 95 39 and
1164 2691 83 40 aff.
1284 2692 128 47 Sept.
1447 2691 82 46 16;
1565 2692 40 38 A
1639 2691 172 41 12368:
1848 2690 50 42 C.

1932 2691 43 41 J.
2012 2691 212 41 Cannon,
468 2691 1911 102 Cambridge,
678 2748 146 40 Mass.
892 2747 282 49 (29-18879)

400 2839 335 65 Cazamian,
763 2839 178 54 Louis
972 2840 302 65 François,
1305 2843 170 52 1877-

468 2917 1933 72 Criticism in the making, by Louis Cazamian … New York,
395 2997 993 69 The Macmillan company, 1929.
466 3078 715 49 xi p., 2 l., 3-196 p. 19 ½ᶜᵐ .
470 3136 129 39 “The
629 3135 108 41 first
766 3135 76 41 six
869 3137 212 40 lectures
1111 3147 84 29 are
1224 3136 249 49 reprinted
1504 3136 128 41 from
1664 3138 81 39 the
1776 3135 285 49 ‘Pamphlet’
2090 3135 53 41 of
2172 3136 82 40 the
2284 3134 118 42 Rice

398 3190 2005 50 institute, Houston, Texas … The last three addresses … are the
399 3249 216 40 William
655 3250 129 40 John
826 3250 278 40 Alexander
1145 3251 223 41 lectures,
1410 3250 244 40 delivered
1696 3250 166 41 before
1902 3251 82 40 the
2026 3248 284 50 University
2350 3248 53 42 of

397 3306 1149 48 Toronto … January … 1929.”—Foreword.
401 3359 1773 54 © Sept. 17, 1929; 2c. and aff. Sept. 18; A 12447: Macmillan co.
480 3418 281 50 (29-19319)

395 3511 372 65 Daugherty,
795 3513 221 62 James,
1045 3516 149 54 illus.

472 3591 428 68 [Illustrations]
949 3592 77 70 by
1067 3594 193 52 James
1304 3594 342 68 Daugherty
1711 3593 57 52 [in
1813 3593 93 53 the
1948 3592 150 52 book
2139 3590 257 66 entitled]

395 3669 1619 71 Three comedies, by William Shakespeare … New
2042 3669 180 68 York,
395 3668 1983 136 Harcourt,
601 3748 179 52 Brace
808 3749 45 50 &
880 3766 299 49 company,
1209 3751 150 49 1929.

467 3825 1285 51 vi, 409 p. incl. illus., plates, col. plates. 24 ᶜᵐ .
402 3877 51 52 ©
483 3882 127 47 Sept.
637 3883 68 45 12,
734 3883 140 40 1929:
902 3884 67 40 2c.
998 3885 95 38 and
1122 3884 82 40 aff.
1236 3885 128 47 Sept.
1391 3885 58 39 19;
1503 3886 43 38 A
1572 3884 149 40 12436;
1775 3884 261 47 Harcourt,
2065 3884 155 39 Brace
2250 3883 35 39 &
2314 3893 82 36 co.,

468 3937 78 41 inc.
