2542 4389
1040 4040 99 50 823

103 389 277 64 Klauder,
414 389 245 55 Charles
686 390 203 66 Zeller,
924 394 170 53 1872-

171 466 229 69 College
429 467 374 54 architecture
832 469 58 51 in
919 469 265 52 America
1213 469 113 52 and
1355 468 73 53 its
1458 474 131 62 part
1618 469 58 51 in
1705 470 94 52 the
99 470 1965 126 development

288 543 65 53 of
387 545 95 52 the
519 562 250 51 campus,
805 546 74 68 by
916 545 237 55 Charles
1193 547 55 51 Z.
1288 546 259 52 Klauder
1587 547 111 51 and
1736 547 249 53 Herbert
2027 548 61 54 C.
97 622 171 54 Wise.
334 622 140 52 New

507 622 180 68 York,
717 623 258 66 London,
1010 623 61 54 C.
1107 622 312 55 Scribner’s
1450 641 148 49 sons,
1631 626 149 49 1929.

166 702 1349 50 xix p., 1 l. , 301 p. front., illus. (incl. plans) 26 ᶜᵐ.
100 757 51 52 ©
184 762 113 46 May
328 761 68 47 17,
429 760 140 47 1929;
602 761 67 40 2c.
702 763 114 46 May
845 762 83 47 25;
963 762 82 40 aff.
1077 763 114 47 May
1221 762 82 47 21;
1338 762 41 39 A
1410 761 141 48 9304;
1587 761 201 41 Charles
1823 761 264 41 Scribner’s

167 828 125 30 sons.
363 816 280 50 (29-12101)

100 895 183 64 Koch,
315 895 301 54 Theodore
648 897 252 63 Wesley,
937 901 170 51 1871-
1320 899 83 53 ed.
1438 900 114 51 and
1586 905 66 46 tr.

166 975 166 52 Tales
368 975 95 51 for
495 975 393 67 bibliophiles;
926 976 316 54 translated
1278 976 151 53 from
1464 977 95 51 the
1595 977 222 52 French
1851 978 112 52 and
97 978 1969 127 edited
243 1052 75 69 by

348 1052 293 54 Theodore
671 1055 89 52 W.
793 1054 180 52 Koch.
1051 1054 270 68 Chicago,
1353 1055 120 52 The
1506 1055 221 55 Caxton
1763 1054 144 67 club,
1941 1058 148 50 1929.

166 1134 98 47 212,
297 1134 55 49 [2]
384 1144 42 38 p.
487 1133 143 41 20½ᶜᵐ.

168 1191 1920 49 “Of this edition … three hundred copies have been printed from
98 1247 169 48 Goudy
295 1249 78 39 old
401 1249 124 46 style
554 1250 113 46 type
695 1259 60 29 on
784 1249 182 39 Arches
996 1258 162 38 paper,
1188 1248 81 40 for
1296 1249 236 40 members
1560 1249 51 41 of
1640 1249 82 40 the
1751 1249 189 41 Caxton
1967 1250 123 46 club,

96 1307 51 38 at
176 1306 81 40 the
288 1305 160 41 Cuneo
478 1315 148 38 press,
657 1305 105 42 inc.,
792 1305 253 48 Chicago.”

94 1361 1978 107 CONTENTS. — The bibliomaniac, by C. Nodier. —The French pastrycook, by A.
424 1418 302 42 Dumas.—A
756 1429 118 38 copy
903 1419 51 40 of
981 1419 269 48 Hennepin,
1280 1420 61 47 by
1372 1419 49 42 C.
1449 1420 291 40 Basset.—A
1770 1420 320 48 bibliophile’s

96 1477 109 41 hell,
239 1477 61 47 by
334 1476 50 41 C.
417 1475 402 41 Asselineau.—A
854 1477 147 38 letter
1033 1486 60 29 on
1127 1476 320 48 bibliophiles,
1483 1477 63 47 by
1579 1477 54 41 G.
1666 1478 256 40 Duhamel.

99 1529 53 53 ©
177 1535 115 47 May
314 1534 70 47 28,
410 1532 140 48 1929;
578 1533 68 40 2c.
672 1534 96 39 and
794 1532 82 41 aff.
903 1533 127 39 June
1052 1534 55 45 4;
1135 1534 42 38 A
1202 1533 140 47 8508;
1373 1534 187 40 Caxton
1589 1535 120 40 club.
176 1590 280 49 (29-12375)

97 1669 260 63 Koehne,
392 1668 154 54 John
579 1669 193 64 Betts,
809 1674 172 49 1861-

169 1750 219 67 Bishop
430 1749 246 53 Butler’s
716 1749 293 66 challenge
1046 1755 58 46 to
1143 1749 372 62 modernism;
1557 1749 341 53 retribution
1938 1747 149 53 from

99 1826 1991 70 “The analogy”; an interpretation, by John B. Koehne … Fort
97 1904 1891 70 Wayne, Ind., The Glad tidings publishing company [ ᶜ1 929 ]
166 1985 273 49 137 p. 20 ᶜᵐ.
98 2038 53 53 ©
184 2045 114 46 May
329 2043 69 48 10,
431 2042 140 48 1929;
605 2044 67 39 2c.
706 2043 95 39 and
834 2042 81 40 aff.
951 2044 113 46 May
1097 2042 80 46 16;
1214 2042 40 39 A
1287 2042 139 46 9316;
1463 2043 42 39 J.
1541 2042 54 41 B.
1629 2043 211 46 Koehne,
165 2042 1903 106 Russellville,
319 2101 105 39 Ind.

494 2098 280 50 (29-12225)

94 2180 197 64 Laird,
321 2179 226 53 Donald
577 2180 331 62 Anderson,
944 2182 169 52 1897-

163 2257 1921 70 Psychology and profits, by Donald A. Laird … New York
93 2335 1473 70 city, B. C. Forbes publishing company [ ᶜ1 929]
162 2418 273 48 272 p. 21 ᶜᵐ.
98 2471 52 52 ©
176 2477 114 46 May
314 2475 68 47 16,
408 2475 140 48 1929;
574 2476 68 39 2c.
667 2476 95 38 and
788 2474 82 41 aff.
897 2475 126 39 June
1047 2475 20 38 1;
1129 2474 39 39 A
1194 2473 140 48 8439;
1362 2475 53 39 B.
1444 2475 48 40 C.
1520 2474 179 40 Forbes
1726 2485 61 37 pub.
1861 2485 67 29 co.
174 2531 282 51 (29-12351)

95 2613 268 63 McAfee,
403 2612 235 54 Cleland
675 2612 184 62 Boyd,
901 2615 171 51 1866-

164 2692 121 53 The
312 2691 295 55 Christian
632 2709 251 51 message
910 2691 112 52 and
1050 2708 289 51 program,
1360 2690 203 52 twelve
1587 2690 213 54 studies
1826 2690 94 52 for
1944 2688 141 55 class

97 2789 94 35 use
229 2790 64 33 or
327 2772 263 66 personal
627 2769 258 69 reading,
921 2770 75 68 by
1035 2768 239 54 Cleland
1313 2769 166 68 Boyd
1515 2767 260 54 McAfee.
1850 2769 56 51 A
95 2773 1967 128 textbook
268 2849 60 52 in

355 2849 97 53 the
482 2847 290 56 Standard
801 2847 323 67 leadership
1153 2845 257 69 training
1441 2846 362 69 curriculum,
1831 2846 254 54 outlined

99 2927 111 52 and
251 2927 291 68 approved
580 2927 77 68 by
693 2926 95 52 the
827 2925 422 52 International
1288 2923 219 54 council
1544 2924 65 53 of
1645 2925 271 67 religious
97 2925 1963 133 education.

376 3004 428 67 Philadelphia,
852 3002 242 53 Printed
1146 3002 93 52 for
1288 3002 95 53 the
1430 3001 350 66 Leadership
1829 3001 258 69 training

96 3083 334 67 publishing
463 3082 337 54 association
829 3082 76 68 by
938 3081 94 53 the
1063 3080 399 53 Westminster
1494 3098 174 50 press,
1703 3083 148 51 1929.

160 3162 271 50 272 p. 19½ ᶜᵐ.
164 3221 242 40 “Further
440 3220 255 48 suggested
731 3217 230 47 reading”
996 3220 51 37 at
1081 3218 91 40 end
1208 3217 51 40 of
1293 3218 119 39 each
1445 3217 214 48 chapter.

95 3274 51 52 ©
176 3279 114 47 May
317 3277 39 49 9,
385 3277 113 41 1929;
554 3278 68 39 2c.
651 3277 114 47 May
792 3277 49 38 11;
906 3275 82 41 aff.
1018 3276 114 46 May
1160 3273 81 47 10;
1273 3274 40 39 A
1371 3274 111 47 8044;
1517 3274 47 41 C.
1596 3276 53 39 B.
1679 3275 213 43 McAfee,
163 3276 1897 107 Philadelphia.

442 3333 279 49 (29-12296)

93 3401 278 63 Mahony,
405 3399 225 53 Bertha
664 3399 47 51 E
1001 3416 178 49 comp.

162 3478 229 52 Realms
423 3476 64 54 of
518 3477 134 69 gold
687 3475 59 53 in
780 3474 304 54 children’s
1115 3473 192 68 books,
1341 3473 282 68 compiled
1653 3475 76 69 by
1765 3476 215 52 Bertha
2015 3476 67 52 E.

95 3556 253 68 Mahony
389 3555 112 52 and
543 3554 204 52 Elinor
784 3553 293 67 Whitney.
1154 3551 121 53 The
1316 3550 137 53 fifth
1496 3551 214 53 edition
1753 3551 65 54 of
1860 3553 223 53 “Books

93 3633 94 53 for
232 3634 138 68 boys
419 3633 112 52 and
579 3632 247 69 girls—a
875 3629 322 70 suggestive
1247 3629 276 67 purchase
1573 3629 131 53 list”
1755 3631 326 70 previously

93 3710 301 68 published
425 3711 76 67 by
530 3709 95 53 the
657 3708 308 68 Bookshop
998 3707 94 53 for
1122 3707 139 67 boys
1294 3706 112 52 and
1441 3705 159 69 girls,
1631 3705 284 56 Women’s
93 3709 1959 131 educational

367 3788 113 52 and
508 3786 307 53 industrial
843 3785 193 67 union,
1064 3786 234 64 Boston,
1326 3782 456 55 Massachusetts.
1849 3784 229 56 Garden

95 3864 153 69 City,
275 3865 69 53 N.
375 3865 93 66 Y.,
494 3863 357 66 Doubleday,
878 3863 198 51 Doran
1106 3863 45 49 &
1180 3877 298 51 company,
1508 3860 126 66 inc.,
1673 3864 142 49 1929.

229 3940 1321 53 xv p., 1 l. , 796 p. col. front., illus., col. plates. 23½ ᶜᵐ.
