2533 4384
1107 3994 101 50 443

217 422 377 52 279, [1] p. 23 ᶜᵐ.
218 479 66 40 At
308 479 125 41 head
458 478 53 41 of
533 478 110 41 title
660 487 10 31 :
699 478 44 41 J.
771 478 50 41 C.
849 477 331 42 Christensen.

218 535 141 40 Head
388 534 97 40 and
513 534 91 41 tail
632 533 148 50 piece.

149 583 1984 118 © Dec. 8, 1928; 1c. Jan. 25, 1929; A—Foreign 1491; Gyldendalske boghandel,
441 646 213 41 Nordisk
682 645 176 49 forlag.
928 644 251 52 (29-8644)

149 742 177 64 Cobb,
359 741 160 54 Irvin
551 741 413 64 Shrewsbury.

223 820 346 68 [Foreword,
597 821 76 68 by
702 821 166 52 Irvin
902 820 57 55 S.
993 819 175 68 Cobb,
1199 821 61 51 in
1289 820 97 53 the
1416 820 148 53 book
1594 820 258 67 entitled]
1888 822 122 52 The
146 814 1982 159 Argonaut

399 898 358 69 manuscript
794 897 224 55 limited
1059 898 216 53 edition
1316 897 66 53 of
1420 896 199 55 Frank
1657 897 251 55 Norris’s
1948 896 202 56 works.

153 1010 69 33 [v.
249 981 49 62 1,
318 980 49 48 2.
390 976 121 53 The
534 981 252 63 octopus.
847 975 235 56 Garden
1108 975 153 69 City,
1285 976 70 52 N.
1382 976 93 67 Y.,
1499 975 359 70 Doubleday,
1882 977 201 52 Doran
2107 979 46 51 &

146 1071 299 52 company,
474 1054 126 67 inc.,
633 1056 152 64 1928]

212 1131 1079 56 2 v. front. (port.) illus. (map) 22½ᶜᵐ.
215 1192 255 42 Half-title;
528 1193 119 40 each
676 1194 191 39 volume
896 1192 90 41 has
1017 1195 104 38 also
1151 1193 182 49 special
1365 1195 98 46 t.-p.

150 1245 51 52 ©
230 1250 119 40 Nov.
378 1249 70 48 28,
478 1249 116 41 1928;
650 1249 68 42 2c.
748 1251 98 39 and
875 1249 82 41 aff.
988 1250 112 41 Feb.
1131 1250 69 49 15,
1231 1249 116 41 1929;
1406 1251 42 39 A
1475 1250 116 42 4543;
1651 1251 300 49 Doubleday,
1984 1252 167 41 Doran

217 1306 38 41 &
282 1317 82 38 co.,
393 1307 92 40 inc.

150 1400 259 66 Cowgill,
451 1400 228 65 George
716 1403 90 54 W.

222 1479 57 53 A
306 1480 173 68 study
507 1480 64 53 of
598 1481 95 53 the
722 1482 142 64 soul,
889 1481 77 70 by
995 1480 69 55 G.
1092 1482 90 52 W.
1215 1480 260 70 Cowgill.
1543 1482 236 69 Boston,
1809 1483 123 53 The
146 1476 1985 157 Christopher

380 1557 770 71 publishing house [ ᶜ1 929]
217 1637 405 51 123 p., 1 l. 20½ ᶜᵐ.
220 1694 297 42 “Reference
543 1693 177 44 books”
739 1705 10 30 :
778 1695 26 40 1
832 1696 31 41 1.
892 1697 52 40 at
971 1696 107 41 end.

150 1749 52 52 ©
240 1752 112 42 Feb.
390 1751 39 49 9,
468 1752 142 48 1929;
647 1751 70 43 2c.
756 1753 112 41 Feb.
905 1753 82 48 16;
1029 1753 83 42 aff.
1150 1754 111 40 Feb.
1300 1754 83 47 19;
1424 1755 39 39 A
1500 1754 143 49 4505;
1685 1756 319 49 Christopher
2042 1758 109 48 pub.

215 1809 165 41 house.
450 1809 252 50 (29-8636)

150 1903 195 64 Coyle,
390 1903 314 56 Kathleen.

214 1978 1941 78 Liv, by Kathleen Coyle … New York, E. P. Dutton & co.,
144 2058 340 69 inc. [ ᶜ1 929]
284 2140 317 50 xv, 200 p. 20 ᶜᵐ.
219 2197 181 41 “Third
430 2197 232 50 printing,
693 2198 267 48 February,
992 2198 157 42 1929.”

150 2250 52 52 ©
238 2255 124 40 Mar.
396 2254 39 48 1,
469 2254 118 40 1929;
646 2254 68 42 2c.
746 2256 117 48 Apr.
898 2255 28 40 5;
989 2255 82 42 aff.
1104 2256 115 49 Apr.
1252 2256 28 40 4;
1344 2257 41 40 A
1419 2258 114 40 7244;
1600 2261 53 38 E.
1689 2260 50 40 P.
1777 2260 187 42 Dutton
2000 2262 36 40 &
2070 2273 81 33 co.,

215 2310 94 41 inc.
377 2309 251 52 (29-8541)

149 2406 264 63 Denune,
447 2405 189 65 Perry
669 2406 248 66 Perdue,
956 2412 172 51 1891-

217 2483 121 52 The
373 2481 176 55 social
583 2483 112 54 and
731 2485 287 53 economic
1052 2486 275 54 relations
1362 2487 65 53 of
1461 2489 96 52 the
1596 2488 246 56 farmers
1880 2491 140 54 with
2058 2495 96 53 the

147 2559 1945 79 towns in Pickaway County, Ohio, by Perry P. Denune …
153 2636 348 69 [Columbus]
556 2639 121 53 The
727 2638 152 56 Ohio
927 2644 145 51 state
1119 2642 339 70 university,
1507 2646 229 53 Bureau
1786 2647 66 54 of
1899 2647 255 58 business

147 2715 259 54 research
444 2716 374 70 cooperating
858 2718 140 53 with
1039 2719 96 54 the
1174 2719 222 56 United
1438 2721 190 57 States
1666 2725 384 70 Department
2090 2728 65 53 of

148 2794 367 69 agriculture,
547 2793 149 56 1927.

150 2874 1988 111 vii, 72 p. incl. map, tables, forms. 25½ ᶜᵐ. (On cover: [Ohio state university,
378 2930 276 52 Columbus]
718 2933 197 41 Bureau
945 2934 52 41 of
1025 2936 222 41 business
1276 2939 228 40 research
1533 2941 340 50 monographs,
1932 2953 75 31 no.
2039 2944 51 49 9)

218 2987 124 42 Ohio
369 2989 129 41 state
527 2988 273 49 university
827 2990 201 42 studies.

152 3042 53 52 ©
237 3046 128 40 June
395 3046 71 47 23,
497 3046 115 41 1927;
671 3046 70 42 2c.
771 3049 100 39 and
900 3047 86 42 aff.
1017 3050 124 40 Mar.
1172 3051 70 46 21,
1275 3051 144 43 1929;
1453 3052 41 40 A
1524 3052 143 48 6094;
1703 3055 124 41 Ohio
1860 3058 131 41 state
2023 3058 131 42 univ.
229 3101 253 51 (29-8432)

150 3181 86 52 De
266 3180 176 66 Vitis,
472 3182 252 54 Michael
752 3184 247 66 Angelo,
1029 3189 83 53 ed.

224 3259 1869 79 [Introduction, notes and vocabulary, by M. A. De Vitis …
149 3337 2008 82 and Dorothy Torreyson, in the book entitled] … El cautivo,
147 3413 2006 153 by Miguel de Cervantes Saavedra … New York, Prentice-Hall, inc., 1929.
219 3573 1121 55 viii p., 1 l. , 120 p. incl. front. (port.) 19½ ᶜᵐ.
152 3624 54 52 ©
235 3629 113 42 Feb.
377 3631 71 47 21,
477 3631 117 41 1929;
651 3632 70 42 2c.
750 3635 125 39 Mar.
903 3635 84 47 13;
1018 3635 84 42 aff.
1134 3637 123 41 Mar.
1287 3639 84 45 23;
1405 3640 42 39 A
1476 3639 143 49 7182;
1653 3641 377 51 Prentice-Hall,
2062 3646 93 42 inc.

150 3708 204 65 Dobie,
391 3710 244 54 Charles
670 3712 292 56 Caldwell.

227 3786 439 70 [Introduction,
701 3789 78 69 by
816 3791 238 55 Charles
1093 3793 279 56 Caldwell
1409 3797 203 69 Dobie,
1648 3798 61 53 in
1745 3799 98 53 the
1878 3799 149 54 book
151 3812 1982 125 entitled]

389 3866 120 52 The
555 3865 306 72 Argonaut
907 3871 358 70 manuscript
1310 3873 225 55 limited
1582 3876 218 53 edition
1847 3877 65 52 of
1959 3878 199 54 Frank
