2547 4384
1371 4035 134 50 1292

434 375 310 65 Palgrave,
781 375 247 53 Francis
1064 375 248 64 Turner,
1349 375 328 64 1824-1897,
1716 393 179 52 comp.

504 456 122 52 The
656 456 211 68 golden
897 462 263 61 treasury;
1222 456 240 52 selected
1495 454 154 52 from
1678 455 96 53 the
1804 455 124 53 best
1956 473 171 51 songs
2159 455 115 53 and
435 453 1982 133 lyrical

551 532 1831 70 poems in the English language, by Francis T. Palgrave …
434 610 1985 133 with an introduction by William Tenney Brewster … Revised
639 690 114 52 and
801 689 300 69 enlarged;
1148 692 114 50 two
1309 688 253 55 volumes
1607 689 60 52 in
1712 706 122 36 one.
1908 689 140 53 New
2094 687 182 71 York,
2322 688 122 54 The

432 767 858 69 Macmillan company [ ᶜ1 929]
499 847 1935 51 xxxiv p., 3 l., 640 p. incl. front. 18½ ᶜᵐ. (The modern readers’ series)
501 920 128 39 “The
669 922 198 45 present
903 919 185 40 edition
1125 919 52 40 of
1216 920 80 39 the
1335 919 185 40 Golden
1556 922 228 45 treasury
1822 919 210 40 consists
2071 920 52 39 of
2161 919 282 48 Palgrave’s

428 977 150 40 latest
614 976 214 41 revision
863 976 53 40 of
951 977 82 39 the
1071 976 209 48 original
1317 976 137 47 book,
1492 976 86 40 but
1614 976 81 41 for
1729 977 82 40 the
1851 976 183 41 Second
2072 976 153 41 series
2260 977 40 40 it
429 978 1996 96 substitutes

667 1036 97 37 two
801 1034 223 39 hundred
1062 1034 97 39 and
1198 1044 89 29 one
1327 1043 164 38 poems
1530 1033 199 41 written
1766 1034 130 39 from
1933 1033 149 41 about
2118 1033 118 42 1850
2275 1037 46 38 to
2360 1035 83 40 the

429 1093 198 46 present
668 1091 96 47 day;
840 1092 351 45 twenty-seven
1234 1090 52 40 of
1328 1091 137 40 these
1508 1101 84 29 are
1635 1091 82 40 the
1760 1101 132 30 same
1936 1100 55 31 as
2034 1091 50 39 in
2128 1091 82 40 the
2259 1091 183 41 Second

428 1147 447 42 series.”—Introd.

500 1205 315 40 “Additional
843 1214 164 38 poems
1036 1208 48 37 to
1114 1204 282 48 Palgrave’s
1428 1205 185 40 Golden
1643 1205 256 48 treasury”
1939 1205 68 48 (p.
2039 1205 261 50 [373]-598)
2339 1207 104 40 also

428 1261 256 50 published
713 1262 295 47 separately.

432 1329 1989 110 © Aug. 23, 1929; 2c. and aff. Aug. 24; A 11817; Macmillan co. [© introduction] (29-17943)
428 1499 285 65 Pauchet,
747 1498 224 65 Victor,
1006 1504 173 50 1869-

491 1577 235 54 Ulcères
760 1577 69 52 de
860 1576 289 54 l’estomac
1180 1583 56 46 et
1269 1577 77 52 du
1380 1577 327 52 duodénum
1752 1576 195 70 (étude
421 1577 1993 146 anatomo-clinique

570 1661 55 47 et
669 1655 333 52 traitement
1046 1654 377 70 chirurgical)
1480 1673 108 50 par
1632 1655 204 54 Victor
1881 1655 274 68 Pauchet,
2203 1654 237 56 Gabriel

421 1733 243 68 Luquet,
692 1732 73 53 A.
794 1732 347 69 Hirchberg.
1205 1732 158 53 Avec
1393 1736 99 49 309
1525 1732 208 70 figures
1764 1734 141 52 dans
1936 1733 51 53 le
2015 1738 171 49 texte.
2254 1734 186 67 Paris,

423 1811 616 68 G. Doin & c ⁱ ᵉ , 1929.
495 1892 668 50 2 p. l., 350 p. illus. 27 ᶜᵐ.
433 1961 1891 53 © Feb. 7, 1929; 1c. May 24; A— Foreign 3274; Gaston Doin & cie.
509 2021 281 50 (29-17503)

429 2131 293 65 Pickerill,
756 2132 186 53 Grace
974 2131 247 55 Gilbert.

494 2209 200 53 Youth
740 2209 342 53 adventures
1131 2209 142 52 with
1319 2207 148 70 God,
1512 2209 77 69 by
1636 2208 185 56 Grace
1867 2208 229 56 Gilbert
2144 2209 294 54 Pickerill.

422 2288 423 67 Indianapolis,
872 2288 150 67 Ind.,
1049 2287 219 54 United
1298 2286 298 55 Christian
1621 2287 345 70 missionary
1993 2289 215 67 society
2315 2290 119 65 [ᶜ1929]

494 2368 619 51 xvi, 188 p. front. 19 ᶜᵐ.
496 2440 352 48 Bibliography:
912 2452 41 37 p.
986 2440 205 42 186-188;
1256 2440 329 49 “Interesting
1616 2441 149 40 books
1797 2441 80 40 for
1908 2441 200 40 further
2140 2441 299 41 adventure”

425 2501 52 37 at
503 2499 92 39 end
620 2498 53 40 of
697 2501 114 45 part
836 2498 52 40 of
912 2499 83 39 the
1021 2498 243 48 chapters.

431 2566 52 52 ©
517 2571 121 47 Aug.
670 2571 39 47 5,
744 2569 116 40 1929;
920 2570 68 40 2c.
1022 2570 96 39 and
1151 2569 83 41 aff.
1267 2570 121 47 Aug.
1422 2569 54 39 15;
1540 2569 41 39 A
1615 2568 145 42 10958;
1828 2569 176 41 United
2040 2568 251 42 Christian
499 2567 1919 107 missionary
729 2637 94 31 soc.
890 2625 283 51 (29-17875)

432 2735 193 65 Piper,
658 2736 309 64 Hartmut,
1002 2737 173 54 1878-

503 2816 110 52 Die
655 2820 219 64 gesetze
919 2817 100 51 der
1116 2815 431 69 weltgeschichte;
1595 2814 466 70 völkerbiologie,
2106 2832 110 34 von
432 2815 1987 131 Hartmut

430 2892 1987 148 Piper … 1. abt. Vergleichende völkerbiographie Europas.
625 2972 259 68 Leipzig,
916 2972 66 53 T.
1092 2971 203 69 Weicher,
1328 2974 150 51 1928.

499 3051 1036 50 5 pts. in 1 v. tables (part fold.) 25 ᶜᵐ.
500 3123 134 40 Each
661 3123 143 40 “teil”
831 3124 90 39 has
948 3123 114 41 both
1088 3124 196 47 general
1312 3124 96 39 and
1436 3122 181 49 special
1643 3126 99 45 t.-p.

500 3181 144 40 Erste
674 3181 112 47 abt.,
817 3181 113 41 1.-4.
963 3180 113 40 teil:
1107 3181 43 40 2.
1179 3179 359 41 unveränderte
1568 3181 114 40 aufl.

432 3246 2000 53 © Dec. 20, 1928; 1c. Mar. 20, 1929; A—Foreign 2531; Theodor Weicher.
509 3307 282 49 (29-17832)

432 3402 266 64 Poidras,
730 3402 206 55 Henri.

565 3480 1874 70 … Dictionnaire des luthiers anciens et modernes, critique
431 3566 55 46 et
518 3559 451 66 documentaire;
1005 3560 571 68 quatre-vingt-deux
1609 3560 270 68 planches
1911 3561 133 53 hors
2076 3565 172 62 texte,
433 3559 1980 132 illustrations

709 3639 69 51 de
806 3637 71 54 A.
912 3637 224 55 Chalat.
1212 3638 175 52 Tome
1418 3637 235 53 additif.
1728 3638 218 69 Rouen,
1974 3637 366 69 Imprimerie
2370 3638 70 53 de

434 3716 57 52 la
517 3715 278 68 Vicomté,
826 3718 150 50 1929.

502 3795 1787 50 xvi, 280 p., 3 l. plates (part printed on both sides) facsims. 24 ᶜᵐ.
505 3852 395 48 “Bibliographie
930 3853 83 39 des
1043 3863 238 37 ouvrages
1310 3852 147 41 utiles
1487 3853 30 40 à
1547 3852 274 41 consulter”:
1883 3864 43 37 p.
1974 3852 237 49 [237]-240.

435 3918 1997 53 © May 2, 1929; 1c. June 28; A— Foreign 3744; H. Poidras, Rouen,
505 3978 200 42 France.
