2582 4377
1356 4041 65 49 60

381 412 282 53 National
690 408 359 55 association
1075 408 64 53 of
1164 406 268 64 building
1459 422 233 36 owners
1715 405 114 53 and
1856 421 336 48 managers.

448 496 1870 75 The proceedings of the twenty-first annual convention …
377 583 134 52 held
539 587 59 47 at
624 580 177 53 Hotel
832 578 233 67 Statler,
1095 576 84 55 St.
1208 576 194 67 Louis,
1430 575 290 66 Missouri,
1749 574 151 54 June
1932 578 61 48 11
2024 579 59 48 to
2115 578 82 63 15,
2229 577 150 50 1928.

379 659 272 69 Chicago,
680 657 314 54 Published
1025 655 76 69 by
1131 655 96 52 the
1258 653 381 67 Association,
1673 656 151 50 1928.

447 742 28 39 4
502 753 44 37 p.
611 772 9 17 l.,
650 739 86 42 736
765 750 43 37 p.
867 739 129 39 illus.
1025 736 198 50 (ports.)
1292 736 147 41 23½ᶜᵐ.

383 808 51 52 ©
463 813 112 39 Dec.
603 812 69 46 17,
700 810 141 45 1928;
871 809 68 40 2c.
967 809 113 40 Dec.
1107 808 82 45 31;
1220 807 83 40 aff.
1332 808 113 39 Dec.
1473 806 83 47 28;
1586 806 42 39 A
1655 805 143 47 3453;
1828 806 132 39 Natl.
1990 815 114 30 assn.

2149 805 51 40 of
449 804 1914 112 building
560 877 188 31 owners
778 866 36 40 &
841 875 273 38 managers,
1147 863 224 49 Chicago.

385 978 281 67 [Nugent,
693 976 140 52 Mrs.
862 973 357 54 Michaelina
1247 973 405 63 Marfa-Moya
1692 969 417 69 (Namovich)]
2146 975 171 50 1900-

451 1067 289 53 Phantom
774 1066 61 52 in
869 1066 95 52 the
1000 1065 164 67 wine,
1198 1065 76 68 by
1309 1064 148 54 Jean
1495 1063 177 55 Stark
1737 1063 208 68 [pseud.]
2025 1062 140 53 New
2202 1061 181 67 York,

381 1144 200 55 Simon
612 1144 114 52 and
758 1143 289 67 Schuster,
1079 1143 126 66 inc.,
1239 1145 151 49 1929.

451 1223 620 51 5 p. l., 3-214 p. 19½ ᶜᵐ .
382 1292 52 52 ©
463 1297 111 40 Jan.
601 1296 41 47 3,
671 1295 141 47 1929;
841 1295 68 40 2c.
939 1295 96 39 and
1063 1294 83 41 aff.
1175 1295 111 39 Jan.
1315 1295 53 45 7;
1399 1294 41 38 A
1466 1292 142 48 2661;
1643 1293 165 41 Simon
1837 1293 37 40 &
1906 1293 245 47 Schuster,
2181 1293 91 41 inc.

459 1351 251 50 (29-1959)

379 1461 223 64 Ogden,
637 1460 189 64 Percy
861 1460 64 54 T.

450 1536 250 70 Ogden’s
729 1535 181 54 forms
938 1536 60 52 in
1025 1537 264 52 criminal
1318 1536 390 69 proceedings,
1734 1536 182 52 under
1947 1535 153 55 Code

2128 1535 65 53 of
379 1535 1983 134 criminal
545 1617 312 68 procedure
903 1614 65 53 of
1013 1615 329 67 Louisiana,
1387 1615 76 68 by

1510 1614 876 69 Percy T. Ogden … New
380 1694 261 68 Orleans,
670 1694 121 67 La.,
819 1693 664 69 Montgomery-Andree
1515 1693 265 70 printing
1810 1711 99 50 co.,
1939 1692 108 53 inc.
2083 1726 13 33 [
2157 1696 100 49 ᶜ1929
2262 1725 13 34 ]

447 1777 86 40 169
561 1789 45 37 p.
664 1778 147 40 23½ᶜᵐ.

383 1843 2002 52 © Jan. 9, 1929; 2c. and aff. Jan. 12; A 2822; P. T. Ogden, Crowley, La.
460 1903 252 50 (29-1943)

379 2013 167 54 Ohio.
622 2014 184 67 Laws,
843 2019 258 62 statutes,
1138 2020 101 46 etc.

450 2103 1939 70 Throckmorton’s 1929 annotated Code of Ohio … containing
379 2183 78 52 all
484 2184 138 52 laws
651 2182 64 53 of
741 2202 31 33 a
799 2183 232 68 general
1057 2187 202 48 nature
1288 2182 60 53 in
1378 2182 156 53 force
1562 2182 265 69 January
1857 2187 48 64 1,
1934 2186 163 64 1929;
2127 2182 262 70 together

380 2262 139 53 with
552 2262 293 68 appendix
875 2267 59 47 to
963 2261 96 53 the
1092 2261 245 55 General
1369 2262 136 52 code
1537 2261 250 70 “keyed”
1816 2267 59 47 to
1907 2261 191 54 Bates’
2130 2268 259 62 compact

379 2339 1985 148 digest, William Edward Baldwin, editor-in-chief … annotations by
693 2417 1633 55 Archibald H. Throckmorton … Clement Bates …
404 2497 112 53 [and
551 2496 207 67 others]
834 2495 222 69 George
1092 2494 62 55 C.
1189 2496 351 67 Trautwein,
1571 2497 317 69 managing
1920 2496 201 54 editor.

379 2496 1984 147 Cleveland, The Baldwin company [ ᶜ192 9]
451 2656 1878 51 1 p. l., lxxx, 3550 p., 2 l., 664 p., 1 l., 36 p. incl. tables, form. 26½ ᶜᵐ .
450 2728 133 40 Each
618 2729 113 47 part
766 2727 236 47 preceded
1038 2727 61 47 by
1133 2726 239 41 half-title
1407 2728 85 39 not
1526 2726 228 41 included
1789 2727 51 40 in
1876 2729 83 39 the
1994 2728 192 49 paging.

451 2785 237 41 “General
723 2783 175 40 index”
934 2784 90 39 has
1059 2783 181 47 special
1276 2785 99 46 t.-p.
1409 2784 97 38 and
1540 2785 228 46 separate
1802 2784 299 48 pagination.

379 2840 1990 100 Lettered on cover: Baldwins blue book … Baldwin’s Ohio code service.
383 2964 53 53 ©
463 2969 111 40 Jan.
600 2968 40 48 9,
668 2967 141 47 1929;
838 2968 68 40 2c.
933 2968 97 39 and
1057 2966 82 41 aff.
1168 2966 110 42 Jan.
1306 2967 82 46 11;
1416 2967 42 38 A
1484 2966 142 47 3661;
1658 2967 218 40 William
1905 2969 211 39 Edward
2146 2968 240 49 Baldwin,

453 3024 275 41 Cleveland.
795 3023 252 50 (29-1940)

384 3130 150 55 Ohio
581 3132 462 69 jurisprudence;
1098 3152 30 33 a
1177 3133 278 67 complete
1504 3138 304 48 statement
1856 3133 66 54 of
1967 3134 96 53 the
2111 3135 111 51 law
2272 3132 113 54 and

451 3209 1618 70 practice of the state of Ohio, with forms … v. 3.
452 3211 1911 130 [Appearance
619 3293 59 48 to
713 3288 291 69 Asylums]
1081 3288 327 68 Rochester,
1443 3289 140 52 New
1621 3289 182 68 York,
1838 3289 120 52 The

1994 3288 270 69 Lawyers
450 3306 1913 128 cooperative
774 3366 337 69 publishing
1143 3385 299 50 company,
1477 3369 151 51 1928.

449 3447 1146 50 2 p. l., v-ix, 843 p. front. (port.) 24½ ᶜᵐ .
385 3513 53 54 ©
473 3519 112 41 Dec.
619 3517 70 50 29,
724 3519 141 48 1928;
900 3520 68 41 2c.
1004 3520 114 40 Dec.
1151 3519 83 47 31;
1272 3519 83 41 aff.
1390 3520 111 40 Jan.
1536 3520 40 48 2,
1612 3519 143 49 1929;
1793 3520 41 40 A
1869 3520 141 47 3547;
2049 3519 230 48 Lawyers
453 3529 1915 95 cooperative

729 3577 110 47 pub.
869 3588 68 29 co.

384 3668 347 55 Oklahoma.
804 3671 282 53 Criminal
1117 3678 160 46 court
1309 3672 63 68 of
1402 3671 250 69 appeals.

452 3759 1872 70 Oklahoma criminal reports, v. 19. Cases determined …
382 3837 523 69 January-March,
934 3843 149 49 1925.
1146 3840 260 52 Howard
1433 3840 238 67 Parker,
1699 3845 144 48 state
1872 3844 274 64 reporter.

382 3839 1979 148 Oklahoma City, Harlow publishing co. [ᶜ192 8]
