2512 4377
1326 4037 97 49 158

342 410 317 63 Clements,
687 409 138 53 Mrs.
856 407 182 53 Edith
1069 405 294 54 Gertrude
1400 400 365 68 (Schwartz)

407 489 252 52 Flowers
688 485 64 54 of
781 491 154 48 coast
966 484 112 53 and
1108 484 197 66 sierra,
1334 481 140 53 with
1506 479 325 69 thirty-two
1863 479 182 68 plates
2078 477 60 52 in
2169 477 170 66 color,

341 556 1970 159 by Edith S. Clements … New York, The H. W. Wilson company, 1928.
410 719 1076 56 xii, 220 p. 32 col. pl. (incl. front.) 23 ᶜᵐ.
347 795 51 52 ©
431 799 111 40 Dec.
572 798 69 48 15,
671 797 114 39 1928;
844 796 67 39 2c.
944 795 110 39 Feb.
1085 794 38 46 0,
1156 793 141 46 1929;
1330 791 82 41 alf.
1444 791 111 41 Feb.
1587 790 52 46 5;
1672 791 37 38 A
1742 790 143 46 4232;
1921 791 52 39 E.
2007 789 44 41 S.
2083 788 257 44 Clements,

416 854 334 48 Washington.
816 850 253 51 (29-3933)

344 949 217 62 Cohen,
592 946 223 53 Isidore
849 945 208 63 David,
1092 949 171 50 1884-

479 1018 1865 75 … Principles and practices of vocational guidance, by I.
348 1097 1996 70 David Cohen … New York & London, The Century co.
423 1185 100 50 [ ᶜ1 929]
412 1257 1932 55 xxiii, 471 p. incl. diagrs., forms. 20½ ᶜᵐ. (The Century vocational
344 1321 165 48 series,
539 1321 72 39 ed.
644 1320 57 47 by
734 1318 48 42 C.
814 1318 52 41 A.
899 1317 226 47 Prosser)
1249 1315 131 50 $3.00

418 1389 234 42 Contains
684 1387 393 49 bibliographies.

351 1443 53 53 ©
433 1447 111 41 Feb.
569 1446 40 47 2,
637 1444 117 41 1929;
807 1445 67 40 2c.
904 1445 95 39 and
1027 1443 82 41 aff.
1139 1444 111 40 Feb.
1321 1453 9 36 6;
1361 1444 40 38 A
1429 1442 141 47 5167;
1602 1441 214 48 Century
1844 1453 69 30 co.

429 1502 253 50 (29-4084)

350 1596 324 63 Coleridge,
706 1595 236 54 Samuel
973 1593 233 64 Taylor,
1241 1594 326 54 1772-1834.

484 1671 1866 71 … The rime of the ancient mariner and other poems, by
355 1753 230 57 Samuel
629 1755 216 67 Taylor
889 1750 330 71 Coleridge;
1267 1752 191 53 edited
1501 1751 140 52 with
1686 1769 71 35 an
1803 1750 391 54 introduction
2238 1751 113 53 and

352 1828 1979 150 notes by Orton Lowe … New York, Chicago, Charles E. Merrill company [ ᶜ1 929]
419 1989 1504 52 103 p. front. (port.) 17 ᶜᵐ. (Merrill’s English texts)
356 2046 53 53 ©
438 2050 110 40 Jan.
577 2050 68 46 14,
676 2048 140 47 1929;
846 2049 68 40 2c.
944 2048 111 40 Feb.
1128 2059 9 33 8;
1168 2048 83 40 aff.
1283 2048 109 39 Feb.
1422 2049 53 45 7;
1507 2048 41 38 A
1576 2047 115 41 4289;
1752 2047 202 41 Charles
1984 2047 52 40 E.
2067 2046 187 41 Merrill
2286 2058 67 29 co.

427 2102 71 54 [©
526 2105 209 50 preface,
764 2104 358 47 introduction;
1153 2108 137 36 notes
1318 2105 96 39 and
1442 2106 291 46 comments;
1764 2104 236 49 glossary]

436 2161 251 50 (29-4089)

354 2257 227 64 Daniel,
616 2256 386 64 Hawthorne,
1041 2261 171 49 1890-

426 2337 149 51 Bare
600 2335 212 66 hands;
839 2334 173 69 being
1037 2334 95 52 the
1157 2340 157 61 story
1341 2333 64 53 of
1432 2334 96 52 the
1553 2333 440 69 extraordinary
2020 2339 178 48 steam
2225 2334 133 52 boat

356 2415 126 51 that
507 2432 114 34 was
643 2413 149 52 built
817 2431 70 34 on
915 2412 216 53 Devil’s
1158 2412 197 52 Island
1384 2411 80 52 off
1488 2412 95 52 the
1610 2419 154 46 coast
1789 2410 65 54 of
1879 2411 217 54 Alaska
2123 2412 75 68 by
2226 2411 133 54 four

355 2489 1981 133 shipwrecked men, by Hawthorne Daniel … illustrated by Arthur
518 2569 71 52 A.
620 2569 265 54 Jansson.
951 2569 139 52 New
1121 2567 179 68 York,
1332 2567 555 68 Coward-McCann,
1917 2568 126 67 inc.,
2078 2570 148 50 1929.

428 2649 1130 51 5 p. c, 244 p. incl. plates. col. front. 20 ᶜᵐ.
363 2704 53 53 ©
445 2709 110 40 Feb.
583 2708 40 48 8,
651 2707 141 46 1929;
822 2708 67 40 2c.
919 2707 111 41 Feb.
1060 2707 81 46 13;
1173 2707 82 40 aff.
1285 2707 111 40 Feb.
1426 2708 80 45 11;
1539 2707 39 39 A
1605 2705 144 48 4406;
1780 2706 458 43 Coward-McCann,
2270 2706 89 41 inc.

442 2764 251 49 (29-4209)

364 2860 291 63 Dearden,
699 2859 240 55 Harold.

434 2936 442 55 Chloroformed
908 2937 278 53 husband.

443 3020 83 48 (In
556 3016 202 44 London
788 3016 203 52 Sunday
1021 3016 255 52 dispatch)

367 3072 51 52 ©
476 3088 36 29 1c.
540 3077 122 40 Mar.
689 3076 39 44 2,
757 3076 140 44 1929;
926 3077 41 38 A
994 3078 60 38 ad
1083 3077 85 40 int.
1197 3076 143 39 12384;
1398 3076 142 48 pubd.
1569 3076 110 40 Jan.
1707 3076 52 47 6;
1789 3077 62 40 H.
1879 3076 241 48 Dearden,
2150 3076 212 41 London.

435 3185 121 52 The
586 3184 186 54 riddle
799 3184 66 53 of
895 3184 187 55 Stinie
1109 3185 304 52 Morrison.

447 3267 84 48 (In
561 3263 202 44 London
793 3263 202 52 Sunday
1027 3264 255 51 dispatch)

364 3319 60 53 ©
483 3334 36 29 1c.
550 3323 111 41 Feb.
690 3323 69 47 26,
787 3323 142 47 1929;
961 3324 39 38 A
1030 3324 60 39 ad
1121 3324 87 40 int.
1238 3323 143 40 12367;
1441 3324 142 48 pubd.
1614 3324 112 40 Dec.
1756 3323 69 43 30,
1858 3323 141 47 1928;
2033 3323 60 40 H.
2125 3323 239 46 Dearden,

439 3380 212 41 London.

368 3474 299 63 Eberling,
700 3474 219 53 Ernest
948 3474 200 64 Jacob,
1182 3479 170 50 1894-

439 3550 438 69 Congressional
913 3551 436 69 investigations;
1415 3570 31 35 a
1479 3552 171 69 study
1681 3552 65 53 of
1776 3552 97 52 the
1905 3551 191 69 origin
2130 3551 113 53 and
367 3551 1978 145 development

719 3628 64 52 of
811 3629 95 52 the
936 3646 190 50 power
1155 3629 64 52 of
1249 3628 281 70 Congress
1557 3635 58 47 to
1646 3630 341 68 investigate
2017 3630 113 52 and
2160 3629 207 68 punish

370 3705 2000 71 for contempt, by Ernest J. Eberling … New York, Columbia
372 3782 315 69 university
721 3801 184 50 press;
942 3784 258 67 London,
1234 3785 66 52 P.
1338 3784 56 55 S.
1430 3784 162 69 King
1624 3786 46 51 &
1700 3803 119 50 son,
1851 3786 123 66 ltd.,
2009 3787 151 51 1928.

440 3866 1930 51 452 p. 23 ᶜᵐ. (Half-title: Studies in history, economics and public
370 3924 108 44 law,
520 3924 72 40 ed.
635 3924 60 47 by
739 3924 80 39 the
863 3923 207 48 Faculty
1111 3924 52 40 of
1204 3924 217 48 political
1465 3924 185 40 science
1693 3925 52 40 of
1787 3924 251 42 Columbia
2084 3925 285 48 university,

369 3989 76 31 no.
471 3978 113 49 307)
