2533 4384
1071 4015 100 50 251

138 350 314 64 Campbell,
481 350 132 63 Lily
641 351 167 53 Bess.

205 431 179 51 These
409 447 95 34 are
526 447 97 50 my
647 428 209 69 jewels,
881 430 74 67 by
982 429 65 52 L.
1074 429 67 51 B.
1169 427 317 69 Campbell.
1561 429 137 51 New
1727 427 181 68 York,
1934 429 90 54 W.
2049 429 90 55 W.

136 507 962 68 Norton & company, inc. [ ᶜ19 29]
203 590 27 38 4
256 601 43 36 p.
360 619 8 16 l.,
398 587 143 41 7-183
567 598 43 38 p.
670 587 148 41 20½ᶜᵐ.

204 659 287 40 Illustrated
520 657 366 49 lining-papers.

140 727 51 51 ©
220 730 111 40 Feb.
360 729 68 47 15,
458 729 141 46 1929;
631 729 67 41 2c.
729 730 123 39 Mar.
883 729 52 47 5;
969 728 80 41 aff.
1081 730 123 38 Mar.
1233 728 54 47 2;
1320 728 42 38 A
1390 727 115 40 5609;
1628 759 9 9 W.
1667 729 71 39 W.
1770 728 188 40 Norton
1988 729 36 39 &
2054 739 82 36 co.,

207 787 89 41 inc.
365 785 250 50 (29-5961)

138 894 309 63 Carmody,
478 894 248 52 Francis
752 894 240 64 Xavier,
1026 894 327 54 1871-1928.

203 972 53 51 A
300 971 230 53 treatise
576 990 71 33 on
692 971 276 69 pleading
1014 971 113 52 and
1175 970 248 69 practice
1470 970 60 53 in
1578 970 140 53 New
1765 969 182 68 York,
1995 970 142 53 with

133 1047 2003 70 forms. 2d ed. … By Francis X. Carmody … in collaboration
133 1112 2004 94 with B. G. Bonomi … v. 1. New York, Clark Boardman co.,
131 1206 121 66 ltd.,
287 1208 149 50 1929.

198 1287 572 50 xxxviii, 646 p. 25 ᶜᵐ .
134 1355 52 52 ©
221 1359 112 40 Feb.
369 1358 68 48 19,
474 1358 113 41 1929;
652 1359 67 40 2c.
756 1361 97 39 and
888 1358 82 40 aff.
1007 1358 112 41 Feb.
1153 1357 84 48 26;
1275 1357 42 40 A
1352 1357 142 46 5487;
1534 1358 174 40 Estate
1744 1357 51 41 of
1833 1357 205 41 Francis
2073 1358 60 41 X.

200 1415 254 48 Carmody,
485 1416 117 39 New
632 1416 145 40 York.
848 1414 252 49 (29-6131)

131 1524 434 65 Chamberlain,
599 1524 218 55 Claude
848 1523 275 64 William,
1157 1529 174 50 1891-

196 1602 1878 71 The magic of uncommon sense, by C. W. Chamberlain …
125 1682 282 69 Holyoke.
435 1682 190 58 Mass.,
654 1684 121 51 The
808 1682 303 53 Elizabeth
1141 1683 210 52 Towne
1384 1701 97 43 co.,
1512 1683 136 65 inc.;
1680 1682 261 68 London,
1969 1683 65 53 L.
2064 1683 71 52 N.

124 1762 821 65 Fowler & co., 1924 [ ᶜ19 29]
281 1842 276 49 110 p. 18½ᶜᵐ.
195 1914 328 47 “Psychology
552 1913 192 48 applied
775 1915 50 38 to
855 1913 224 48 personal
1110 1911 284 49 problems.”

129 1982 2000 51 © Feb. 20, 1929; 2c. Mar. 1; aff. Feb. 26; A 5581; C. W . Chamberlain,
196 2042 306 40 Milwaukee.
572 2041 253 49 (29-6152)

123 2134 295 56 Chemical
449 2135 52 53 &
532 2135 435 64 metallurgical
1000 2134 406 65 engineering.

193 2212 198 53 Better
431 2212 342 68 production
814 2212 260 53 methods
1114 2212 60 52 in
1214 2212 275 53 chemical
1529 2211 372 70 engineering
121 2211 1987 146 industries;

332 2289 276 68 practical
649 2290 307 69 operating
997 2290 155 53 ideas
1195 2289 95 53 for
1331 2290 204 69 saving
1576 2289 137 54 time
1756 2289 114 54 and
1911 2307 220 52 money.

121 2368 176 53 From
331 2367 156 55 “The
522 2369 165 67 plant
719 2367 282 55 notebook”
1068 2367 66 54 of
1170 2367 290 56 Chemical
1497 2370 50 51 &
1583 2367 420 71 metallurgical
123 2386 1984 130 engineering.

503 2446 140 54 New
675 2446 181 68 York,
887 2447 70 53 N.
991 2447 91 68 Y.,
1114 2446 292 55 Chemical
1439 2446 113 54 and
1584 2445 422 71 metallurgical
120 2465 1989 129 engineering

471 2529 120 63 [etc.]
631 2526 152 52 1928.

188 2607 761 49 256 p. illus., diagrs. 21 ᶜᵐ .
192 2677 103 48 “By
325 2689 109 37 way
464 2678 54 40 of
545 2677 360 41 introduction”
939 2677 169 49 signed:
1172 2677 181 49 Sidney
1384 2678 56 40 D.
1473 2677 336 49 Kirkpatrick,
1844 2678 171 41 editor.

124 2744 52 52 ©
207 2749 110 39 Jan.
346 2749 39 41 2,
416 2747 141 48 1929;
588 2749 67 40 2c.
684 2749 96 39 and
810 2747 82 42 aff.
924 2748 109 41 Jan.
1064 2748 53 45 8;
1148 2748 40 39 A
1217 2748 117 40 4659;
1396 2748 352 41 McGraw-Hill
1780 2750 110 48 pub.
1921 2761 67 28 co.,
2035 2750 91 41 inc.

202 2805 252 48 (29-6146)

126 2899 277 64 Chicago.
476 2899 370 63 University.

189 2976 302 54 Abstracts
522 2976 65 54 of
616 2978 200 52 theses.
886 2977 369 53 Humanistic
1288 2977 186 54 series,
1545 2997 51 34 v.
1631 2983 45 48 5.
1711 2978 142 54 Arts
1887 2979 113 53 and
119 2979 1981 136 literature,

405 3055 268 68 divinity,
717 3074 307 34 commerce
1070 3056 113 52 and
1229 3055 485 54 administration.
1798 3055 328 57 Submitted

118 3138 59 48 to
210 3133 95 53 the
339 3133 281 69 graduate
654 3133 223 68 faculty
911 3134 65 53 of
1008 3135 95 51 the
1137 3134 341 68 University
1512 3133 65 53 of
1612 3133 254 70 Chicago
1902 3135 94 52 for
2029 3135 99 53 the

120 3212 201 68 degree
361 3211 64 52 of
462 3212 217 52 Doctor
716 3211 65 53 of
819 3212 367 69 philosophy,
1228 3211 334 67 September
1604 3213 327 53 1926-June
1974 3212 152 69 1927,

119 3289 138 53 with
304 3290 277 52 abstracts
624 3289 65 52 of
731 3309 151 33 some
924 3291 184 53 theses
1151 3290 311 53 submitted
1508 3295 59 47 at
1610 3309 72 34 an
1727 3291 205 53 earlier
1977 3292 147 52 date.

120 3367 1733 70 Chicago, Ill., The University of Chicago press [ ᶜ19 28]
186 3449 64 42 xi.
284 3450 87 40 600
398 3461 43 37 p.
501 3451 146 40 23½ᶜᵐ.

121 3516 52 52 ©
205 3520 104 40 Oct.
338 3520 56 40 10,
496 3521 82 41 1928;
609 3521 69 40 2c.
709 3522 112 40 Jan.
852 3520 69 49 21,
953 3521 115 39 1929;
1162 3520 52 40 aff.
1245 3521 111 39 Jan.
1389 3521 81 42 14;
1505 3521 41 39 A
1576 3521 142 47 2993;
1754 3521 286 47 University
2070 3522 52 40 of

189 3577 224 46 Chicago,
444 3577 224 49 Chicago.

120 3670 319 63 Churchill,
469 3670 272 55 Winston
774 3671 269 53 Leonard
1074 3671 275 63 Spencer.

187 3748 169 52 Boris
390 3746 310 56 Savinkov.

194 3830 85 47 (In
307 3826 185 44 Nash’s
524 3827 276 53 magazine,
835 3828 132 50 Feb.,
1000 3827 144 50 1929)

120 3894 2000 55 © 1c. Mar. 15, 1929; A ad int. 12438; pubd. Jan. 18; W. L. S. Churchill,
186 3956 213 43 London.
