2542 4389
1061 4031 102 50 969

87 388 246 63 Abbott,
367 388 239 63 Austin,
641 395 324 48 1831-1896.

158 479 1924 71 Abbott New York digest … Consolidated ed. Covering
89 560 95 52 the
217 561 266 66 reported
517 578 149 34 cases
701 559 152 52 from
885 561 95 51 the
1014 560 225 52 earliest
1271 559 156 67 time,
1460 558 139 52 with
1634 564 227 46 current
90 575 1967 115 cumulative

304 636 211 54 service
556 637 246 68 keeping
842 638 95 51 the
980 638 186 67 digest
1208 637 212 67 always
1460 642 59 46 to
1561 637 144 51 date.
1783 635 299 67 Compiled

91 716 112 51 and
240 715 191 51 edited
466 715 76 66 by
578 715 121 51 The
735 716 240 68 lawyers
1011 714 383 68 co-operative
1431 714 334 67 publishing
1804 731 278 50 company

91 790 1993 71 and West publishing company … [v. 7-9] St. Paul, Minn.,
90 870 160 53 West
298 869 336 69 publishing
682 887 309 51 company;
1042 869 138 53 New
1229 869 163 52 York
1440 869 133 69 city,
1621 869 69 53 N.
1739 869 91 67 Y.,
1878 868 206 68 Baker,

91 947 249 54 Voorhis
381 949 45 50 &
468 964 307 50 company;
821 948 308 52 Rochester
1170 949 113 51 and
1326 947 138 53 New
1505 947 161 52 York
1708 947 134 68 city,
1882 946 70 54 N.
1994 947 91 67 Y.,

91 1025 1780 71 The Lawyers co-operative publishing company [ ᶜ1 929 ]
156 1107 26 40 3
214 1117 43 30 v.
315 1105 117 42 26ᶜᵐ.

436 1187 114 30 CONTENTS.—v.
582 1176 40 41 7.
654 1177 225 41 Carriers
907 1181 49 37 to
986 1177 406 41 Constables.—v.
1423 1176 41 42 8.
1498 1176 381 42 Constitutional
1908 1179 97 39 law
2035 1177 51 40 to

91 1234 378 41 Contracts.—v.
499 1232 41 42 9.
569 1233 343 42 Contribution
940 1237 51 38 to
1018 1233 359 49 Corporations.

93 1301 52 52 ©
175 1306 116 47 July
321 1305 70 48 16,
421 1304 139 49 1929;
593 1305 67 41 2c.
691 1305 118 41 each
840 1306 116 47 July
986 1305 83 47 19;
1100 1305 109 41 affs.
1240 1307 117 46 July
1387 1305 81 48 18;
1502 1306 40 38 A
1573 1305 309 40 11309-11311;
1951 1306 134 40 West

145 1363 111 48 pub.
282 1373 95 36 co.;
408 1362 229 48 Lawyers
664 1363 324 48 co-operative
1014 1363 110 48 pub.
1151 1373 67 31 co.

93 1473 216 63 Abbot,
340 1471 248 55 Charles
616 1471 266 65 Greeley,
915 1474 172 53 1872-

159 1562 122 53 The
310 1580 106 35 sun
447 1562 113 52 and
589 1562 97 52 the
716 1562 235 53 welfare
982 1563 64 51 of
1075 1581 151 47 man,
1256 1562 74 68 by
1363 1562 236 54 Charles
1631 1561 237 70 Greeley
1897 1562 193 53 Abbot

236 1641 157 67 [New
425 1639 179 68 York,
637 1639 393 55 Smithsonian
1060 1639 330 54 institution
1420 1640 186 66 series,
1635 1640 126 66 inc.]
1800 1644 149 49 1929.

162 1722 1927 50 6 p. l., 322 p. col. front., illus. (incl. maps) 81 pl. on 51 1. (incl. ports.,
91 1779 216 47 facsim.)
348 1779 181 48 diagrs.
587 1780 57 39 24
647 1782 44 21 cra
697 1812 8 8 .
776 1779 361 49 (Smithsonian
1168 1779 236 40 scientific
1433 1779 165 48 series,
1627 1791 42 29 v.
1698 1779 52 48 2)

165 1850 333 48 Frontispiece
525 1851 94 39 and
646 1852 112 46 part
783 1849 52 41 of
859 1850 83 40 the
966 1851 158 47 plates
1150 1849 342 48 accompanied
1518 1850 62 47 by
1605 1851 152 47 guard
1785 1851 161 40 sheets
1972 1851 118 41 with

93 1907 292 49 descriptive
419 1908 300 48 letterpress.

163 1964 229 40 Lettered
421 1974 61 30 on
510 1973 167 31 cover:
710 1963 208 40 Patrons
946 1962 199 42 edition.

99 2031 52 52 ©
177 2035 127 39 June
329 2035 69 46 17,
424 2033 141 47 1929;
593 2034 67 40 2c.
687 2034 96 39 and
808 2033 82 40 aff.
918 2034 126 39 June
1070 2033 83 46 25;
1181 2033 40 39 A
1249 2033 169 46 10032;
1451 2033 331 41 Smithsonian
1810 2034 282 42 institution

152 2092 164 46 series,
341 2091 91 41 inc.
497 2091 280 49 (29-14172)

101 2201 303 63 Academy
433 2201 64 53 of
529 2199 257 65 political
817 2199 247 65 science,
1092 2201 139 53 New
1266 2201 176 54 York.

227 2292 1868 70 … Railroad consolidation; a series of addresses and papers
94 2371 301 68 presented
430 2377 59 46 at
523 2371 94 53 the
652 2370 379 54 semi-annual
1065 2369 250 70 meeting
1348 2369 64 53 of
1446 2371 95 52 the
1573 2370 291 70 Academy
1899 2371 64 52 of
97 2389 1973 113 political
307 2449 230 66 science,
564 2448 175 69 April
767 2451 85 64 24,
882 2450 151 64 1929,
1062 2448 189 52 edited
1279 2448 75 68 by
1382 2447 219 53 Parker
1630 2449 246 52 Thomas
1905 2449 191 53 Moon.

101 2527 159 67 [New
294 2526 180 68 York]
512 2526 121 54 The
666 2526 294 69 Academy
990 2525 64 53 of
1085 2525 259 68 political
1377 2526 228 68 science,
1640 2525 298 55 Columbia
98 2526 1973 148 university,
362 2607 151 51 1929.

169 2685 1928 52 xii, 125 p. diagrs. 22ᶜᵐ. (Its Proceedings … vol. XIII, no. 3, June,
99 2744 140 48 1929)

105 2812 52 52 ©
186 2817 128 39 June
340 2815 39 48 5,
407 2815 117 41 1929;
578 2816 68 40 2c.
674 2817 127 39 June
828 2816 52 45 7;
911 2814 83 41 aff.
1022 2815 127 39 June
1176 2813 83 48 20;
1289 2814 42 38 A
1358 2813 140 48 9912;
1530 2815 241 47 Academy
1800 2815 52 40 of
1879 2815 217 48 political

174 2873 199 48 science,
401 2873 118 40 New
545 2873 144 40 York.
755 2871 281 50 (29-13987)

103 2981 357 66 Alexander,
493 2982 254 64 Hartley
775 2983 174 64 Burr,
985 2983 172 55 1873-

177 3077 187 52 Truth
403 3077 114 52 and
553 3076 96 53 the
688 3076 171 67 faith,
898 3095 72 33 an
1009 3075 441 67 interpretation
1487 3076 63 52 of
1590 3075 401 70 Christianity,
2025 3075 76 67 by

106 3153 249 71 Hartley
392 3155 154 52 Burr
580 3154 346 54 Alexander.
999 3153 139 53 New
1174 3153 180 70 York,
1385 3152 77 53 H.
1498 3153 145 53 Holt
1677 3155 112 52 and
1823 3170 280 51 company

107 3236 193 64 [ ᶜ1 929]
170 3313 63 47 vi,
262 3313 86 40 313
378 3324 43 37 p.
482 3312 57 40 22½
570 3314 47 22 cm
620 3345 9 8 .

109 3381 52 52 ©
191 3386 126 39 June
346 3385 70 47 28,
446 3383 141 42 1929:
618 3385 68 39 2c.
716 3385 128 40 June
873 3384 82 47 29;
988 3382 82 42 aff.
1102 3384 116 48 July
1246 3383 53 46 2;
1332 3383 41 39 A
1403 3382 169 48 10018;
1607 3384 166 48 Henry
1803 3384 121 40 Holt
1954 3384 35 40 &
2019 3394 82 37 co.,

176 3441 92 42 inc.
335 3441 282 49 (29-14367)

109 3536 318 53 American
457 3536 142 54 Clan
630 3536 227 64 Gregor
887 3536 245 63 society.

181 3629 1929 70 Year book … containing the proceedings of the nineteenth
113 3706 1938 72 annual gathering … John Bowie Ferneyhough, editor …
119 3784 358 70 [Richmond,
506 3782 124 69 Va.,
662 3782 224 55 Curtiss
915 3783 267 69 printing
1209 3801 98 51 co.,
1336 3784 127 69 inc.,
1494 3789 150 65 1929]

180 3864 70 48 70,
289 3884 54 30 [1]
380 3875 44 37 p.
485 3864 164 47 front.,
684 3865 172 47 plates,
892 3866 167 45 ports.,
1094 3863 119 41 fold,
1248 3864 191 42 facsim.
1502 3867 146 41 22½ᶜᵐ.

113 3917 51 52 ©
200 3922 116 47 July
349 3921 70 47 10,
454 3920 140 47 1929;
631 3920 68 40 2c.
735 3920 95 40 and
865 3920 83 40 aff.
986 3920 117 47 July
1137 3920 82 46 12;
1256 3921 42 38 A
1332 3922 171 48 10190;
1541 3925 127 39 John
1708 3925 166 43 Bowie
177 3925 1919 101 Ferneyhough,
384 3977 283 41 Richmond.
