2533 4342
1268 3998 140 53 2166

329 353 222 64 Myers,
585 352 246 56 Charles
860 354 78 64 S.,
970 355 85 53 ed.

400 431 323 54 Industrial
764 431 367 70 psychology.
1208 432 138 51 New
1390 431 179 69 York,
1607 431 135 52 Henry
1851 431 147 53 Holt
2039 432 112 52 and
329 448 1986 131 company,
537 513 151 50 1929.

390 592 25 38 1
472 623 8 9 v.

337 657 53 52 ©
423 661 102 41 Oct.
557 660 69 48 10,
659 660 140 41 1920;
834 661 67 40 2c.
935 662 96 38 and
1065 660 82 40 aff.
1180 661 118 39 Nov.
1332 661 51 46 7;
1420 659 41 40 A
1493 660 172 47 15545;
1701 661 169 47 Henry
1904 661 122 39 Holt
2057 660 36 40 &
2125 670 82 31 со.,
2241 660 92 40 inc.

338 770 376 68 [Negligence
756 770 114 52 and
911 768 445 64 compensation
1397 785 165 36 cases
1601 769 346 68 annotated]

406 847 362 55 Cumulative
811 866 258 35 common
1114 867 155 35 sense
1314 848 188 57 index,
1545 849 336 68 containing
1923 865 72 35 an
2038 847 172 53 index
334 866 1984 129 according

600 931 58 47 to
687 927 97 52 the
813 927 149 52 facts
992 928 112 52 and
1133 928 152 67 legal
1315 926 328 68 principles,
1672 943 72 35 an
1773 927 174 53 index
1975 926 64 52 of
2068 927 182 53 forms
2278 926 65 54 of

332 1006 320 67 pleadings,
682 1023 72 34 an
782 1005 173 53 index
983 1004 66 54 of
1076 1012 176 47 notes,
1283 1006 112 52 and
1426 1021 28 33 a
1486 1005 152 52 table
1666 1005 65 52 of
1759 1022 166 35 cases,
2001 1003 138 53 vols.
2172 1006 170 50 19-28

334 1084 70 55 N.
436 1083 61 55 С.
531 1083 61 55 C.
623 1083 92 70 A.,
741 1083 78 70 by
847 1083 120 54 The
998 1082 352 55 Publishers’
1380 1083 266 54 editorial
1679 1081 150 56 staff.
1907 1082 272 71 Chicago,
331 1082 1985 149 Callaghan

575 1163 107 51 and
718 1180 301 51 company,
1050 1164 148 51 1929.

395 1244 27 38 2
448 1254 43 37 p.
517 1244 45 46 l.,
590 1243 84 40 631
700 1253 44 38 p.
804 1241 118 42 26ᶜᵐ.

328 1309 54 52 ©
406 1316 112 38 Dec.
543 1314 55 40 23,
637 1313 115 41 1929;
803 1314 66 39 2c.
895 1314 95 39 and
1017 1313 82 40 aff.
1124 1315 111 38 Dec.
1259 1314 57 39 26;
1367 1314 41 39 A
1432 1314 142 39 17551;
1629 1314 272 47 Callaghan
1926 1314 36 40 &
1985 1325 67 29 со.

334 1408 1982 69 The New international em^clopædia. Supplement, v. 1
409 1489 176 66 [A-L]
666 1488 138 52 New
834 1486 182 70 York,
1043 1488 191 56 Dodd,
1261 1488 166 53 Mead
1461 1489 111 51 and
1603 1506 299 50 company,
1932 1491 150 50 1930.

400 1568 1527 50 5 p. l., 964 p. illus., plates, ports., tables, diagrs. 26ᶜᵐ.
329 1636 54 52 ©
414 1642 111 38 Dec.
555 1640 70 45 26,
656 1639 141 47 1929;
828 1641 67 39 2c.
927 1641 114 39 Dec.
1071 1640 83 47 31;
1186 1639 82 40 aff.
1298 1641 112 38 Dec.
1442 1639 83 47 30;
1558 1640 41 38 A
1628 1640 17 38 16872
1833 1640 153 47 Dodd,
2021 1641 141 39 Mead
2194 1642 37 39 &
2259 1652 83 36 со.,

398 1698 91 39 inc.
552 1692 78 52 [©
657 1696 239 40 revisions
923 1697 96 39 and
1047 1696 271 46 additions]

329 1792 124 53 The
497 1791 147 52 New
688 1792 288 54 universal
1021 1792 307 53 handbook
1372 1793 64 52 of
1480 1810 297 52 necessary
1820 1790 383 55 information
2247 1792 94 54 for

398 1869 183 67 home,
608 1870 210 65 school,
845 1870 144 68 shop
1021 1871 113 52 and
1162 1869 168 70 office,
1359 1869 341 68 practically
1728 1871 283 67 arranged
2041 1869 93 53 for
2163 1870 178 69 ready

400 1945 305 69 reference,
744 1948 76 67 by
860 1947 144 54 Will
1044 1949 76 52 H.
1162 1947 306 67 Johnston,
1511 1947 239 53 assisted
1788 1947 78 69 by
1906 1966 30 33 a
1975 1947 160 69 large
2174 1966 165 50 corps

400 2024 64 53 of
494 2030 227 62 experts;
786 2024 302 70 including
1119 2043 28 34 a
1181 2044 123 33 new
1336 2024 474 69 dictionary—on
1842 2043 31 34 a
1904 2043 123 35 new
2059 2024 157 69 plan,
401 2025 1915 130 edited
552 2102 78 71 by

664 2101 1613 70 William Dodge Lewis … and Edgar A. Singer …
399 2179 428 69 Philadelphia.
858 2182 121 65 Pa.,
1009 2179 309 55 Universal
1345 2180 150 53 book
1523 2180 114 53 and
1668 2180 166 53 Bible
1861 2181 175 52 house
2071 2184 192 64 [ᶜ1928]

402 2260 1938 50 1 p. l., XX, 1170 p. col. front., illus., col. plates, ports., maps. 20ᶜᵐ.
333 2327 53 52 ©
418 2333 113 39 Dec.
564 2332 68 47 15,
665 2331 115 40 1928;
839 2331 67 40 2c.
939 2332 120 39 Nov.
1092 2332 69 46 21,
1193 2330 116 41 1929;
1369 2331 82 40 aff.
1485 2332 113 40 Dec.
1631 2331 53 47 2;
1719 2331 41 40 A
1791 2331 145 40 17186;
1998 2331 51 40 L.
2081 2332 53 39 T.
2167 2332 176 46 Myers,

401 2388 356 48 Philadelphia.
829 2388 252 48 (36-1312)

334 2483 364 64 Newcomer,
730 2483 306 64 Alphonso
1069 2483 233 54 Gerald.

407 2562 273 53 Advance
713 2561 266 70 printing
1010 2562 63 52 of
1106 2565 98 49 192
1237 2581 173 50 pages
1442 2563 64 52 of
1536 2563 123 51 The
1690 2562 221 53 revised
1942 2562 185 52 Three
336 2566 1987 129 centuries
476 2641 64 53 of

568 2640 309 53 American
907 2644 205 66 poetry
1142 2642 114 52 and
1287 2658 182 51 prose,
1497 2642 76 68 by
1603 2640 301 69 Alphonso
1935 2640 216 55 Gerald
337 2640 1986 148 Newcomer,

584 2718 166 53 Alice
795 2719 66 51 E.
910 2719 282 52 Andrews
1238 2720 111 52 and
1396 2718 261 53 Howard
1704 2718 225 54 Judson
1974 2718 158 52 Hall.
338 2716 1984 150 Chicago,
528 2796 177 58 Scott,

736 2796 313 53 Foresman
1081 2799 113 51 and
1225 2814 300 51 company,
1557 2798 151 50 1929.

398 2878 91 41 1 v .
334 2943 53 52 ©
417 2948 121 47 Aug.
570 2949 38 45 7,
639 2946 142 48 1929;
814 2948 95 39 2c.
940 2949 99 38 and
1068 2948 83 40 aff.
1183 2948 121 47 Aug.
1336 2946 81 48 10;
1451 2948 41 39 A
1523 2947 170 47 11610;
1733 2948 146 41 Scott.
1914 2948 264 39 Foresman
2210 2947 36 40 &
2276 2958 68 29 со.

410 3000 78 52 [©
516 3004 213 40 revision
754 3005 95 38 and
876 3015 106 28 new
1008 3004 252 47 material]

338 3099 265 64 Nyberg,
632 3098 222 65 Joseph
883 3099 71 53 A.

541 3177 1807 70 Key to plane and solid geometry. New York, American
338 3257 149 53 book
514 3275 99 51 со.,
643 3259 148 51 1929.

400 3338 90 39 l v .
335 3403 53 52 ©
411 3409 119 39 Nov.
549 3409 173 46 6,1929;
772 3409 67 40 2c.
864 3410 117 39 Nov.
1001 3409 52 47 9;
1079 3410 82 39 aff.
1185 3410 117 39 Nov.
1327 3409 25 40 8;
1405 3411 40 37 A
1467 3410 144 39 14714;
1664 3410 158 39 Amer,
1845 3410 124 39 book
1992 3421 67 28 со.

338 3501 236 65 Nyvall,
609 3502 211 56 David.

410 3581 114 52 Via
566 3580 195 55 vitalis
813 3581 229 68 (Vägen
1084 3601 120 34 som
1245 3585 64 49 är
1349 3582 108 68 liv)
1544 3582 91 52 En
1680 3581 382 70 fortsättning
2100 3580 93 53 till
2234 3580 114 54 Via

339 3658 299 69 Dolorosa,
688 3677 71 34 av
806 3659 70 53 D.
926 3660 231 69 Nyvall.
1240 3658 422 69 [Minneapolis,
1710 3660 203 58 Minn.,
1960 3657 388 69 Minneapolis

340 3735 312 54 veckoblad
681 3735 338 70 publishing
1046 3756 77 34 со.,
1195 3740 151 64 ᶜ1929]

403 3817 85 39 271
510 3828 42 37 p.
613 3817 59 39 22½ᶜᵐ.

338 3887 51 47 ©
419 3888 112 39 Dec.
560 3887 68 46 18,
658 3887 141 46 1929;
827 3888 68 40 2c.
924 3890 112 38 Dec.
1065 3889 82 46 23;
1179 3888 81 44 aff.
1288 3888 114 40 Dec.
1430 3888 82 47 26;
1545 3889 39 38 A
1613 3889 144 39 17556;
1814 3890 57 39 D.
1900 3889 190 47 Nyvall.
2120 3888 224 48 Chicago.
