2547 4384
1354 4025 102 55 722

379 385 218 65 Curtis,
633 385 180 54 Kent.

443 465 123 52 The
596 465 111 53 last
738 462 284 70 wanigan,
1051 465 78 68 by
1157 463 159 53 Kent
1346 462 213 70 Curtis,
1591 463 299 54 decorated
1920 464 77 69 by
2026 463 96 53 the
2154 463 224 53 author.

372 542 139 54 New
541 543 180 63 York,
753 541 553 68 Coward-McCann,
1336 541 127 70 inc.,
1495 543 150 51 1929.

443 621 1158 51 4 p. l., 3-202 p. front, (map) illus. 20ᶜᵐ.
379 677 52 52 ©
465 681 115 47 May
613 681 68 47 15,
716 680 142 47 1929;
895 680 67 40 2c.
996 681 96 39 and
1126 680 83 40 aff.
1244 681 116 46 May
1388 679 86 47 21;
1513 679 82 41 aff.
1630 680 114 47 May
1778 679 83 47 18;
1897 680 42 38 A
1972 678 140 48 8240;
2151 677 224 41 Coward-

446 736 230 48 McCann,
711 736 92 40 inc.
876 736 281 49 (29-11445)

379 819 161 64 Dow,
573 818 225 53 Robert
828 818 229 64 Piercy,
1093 824 172 49 1869-

448 896 123 53 The
609 895 150 53 book
800 894 64 55 of
905 896 176 66 Dow;
1127 895 388 70 genealogical
1557 894 266 54 memoirs
1868 893 64 54 of
1973 894 96 54 the
379 894 1978 133 descendants

547 973 64 54 of
649 973 207 69 Henry
893 974 146 52 Dow
1081 972 152 69 1637,
1274 974 250 52 Thomas
1564 974 147 51 Dow
1752 976 134 49 1639
1929 973 114 52 and
2085 973 192 53 others
2316 971 66 55 of

378 1053 97 52 the
506 1070 182 48 name,
722 1051 367 69 immigrants
1120 1057 60 48 to
1214 1051 269 53 America
1517 1051 214 69 during
1765 1050 244 54 colonial
2043 1050 186 68 times,
2264 1051 118 54 also

379 1130 95 53 the
501 1130 173 52 allied
701 1127 211 71 family
936 1128 65 54 of
1026 1129 194 70 Nudd,
1244 1129 249 68 written,
1519 1128 301 69 compiled,
1847 1128 189 54 edited
2063 1129 78 68 by
2166 1129 215 54 Robert

379 1206 2004 70 Piercy Dow … Claremont, N. H., R. P. Dow, J. W. Dow and
383 1285 187 56 Susan
595 1286 66 52 F.
689 1287 165 66 Dow,
883 1288 152 50 1929.

451 1367 115 41 1013
596 1378 43 37 p.
699 1366 120 42 27ᶜᵐ.

385 1421 52 52 ©
477 1426 122 39 Mar.
636 1424 69 47 12,
744 1424 141 47 1929;
925 1424 68 41 2c.
1031 1425 97 39 and
1165 1423 83 41 aff.
1286 1425 115 47 May
1438 1424 82 47 13;
1561 1425 42 38 A
1639 1424 141 47 8115;
1822 1424 55 41 R.
1917 1425 51 40 P.
2006 1425 134 48 Dow,
2179 1424 200 48 Laguna

452 1481 176 48 Beach,
661 1480 147 42 Calif.
878 1480 281 49 (29-17166)

385 1561 203 64 Doyle,
621 1562 100 52 Sir
752 1561 234 52 Arthur
1020 1561 218 54 Conan.

455 1639 123 53 The
603 1639 158 52 Lord
789 1639 65 52 of
879 1639 98 52 the
1003 1639 165 52 Dark
1195 1639 163 52 Face.
1423 1643 49 48 2.
1512 1638 124 53 The
1663 1638 177 55 crisis.

486 1722 59 39 (In
577 1718 187 44 Strand
795 1717 277 52 magazine,
1104 1717 134 52 May,
1273 1717 144 50 1929)

388 1773 1995 53 © 1c. June 21, 1929; A ad int. 12802; pubd. Apr. 25; Sir A. C. Doyle,
455 1832 373 49 Crowborough,
864 1832 194 48 Sussex,
1093 1834 237 47 England.

389 1897 359 65 Employing
776 1898 395 53 bookbinders
1200 1899 63 52 of
1291 1899 296 54 America.

387 1975 2005 147 … Proceedings of the ninth annual convention, held in Boston, Mass., Oct. 18th, 19th and 20th, 1928, at the Parker House
450 2130 1487 70 … [Norwood, Mass., The Plimpton press, 1929]
458 2214 61 46 iv,
549 2213 88 40 202
664 2224 44 37 p.
765 2213 165 48 front.,
959 2214 151 47 ports.
1167 2213 148 40 23½ᶜᵐ.

392 2265 52 52 ©
476 2270 115 47 May
620 2269 69 48 15,
720 2268 143 47 1920;
896 2268 67 41 2c.
995 2269 95 40 and
1122 2268 82 42 aff.
1237 2271 115 45 May
1382 2269 83 47 25;
1499 2269 42 40 A
1571 2269 141 48 9321;
1747 2269 290 49 Employing
2066 2269 324 41 bookbinders

460 2324 53 42 of
541 2325 238 48 America,
810 2325 119 40 New
957 2325 146 41 York.

392 2390 234 65 Farnol,
656 2390 249 65 Jeffery.

460 2470 56 52 A
543 2469 169 53 black
739 2469 169 68 sheep
938 2470 60 52 in
1026 2470 142 52 love.
1240 2470 364 67 [Instalment
1631 2474 49 64 4]

493 2552 61 39 (In
583 2548 265 44 Pearson’s
880 2548 276 52 magazine,
1189 2549 142 50 June,
1365 2549 145 51 1929)

395 2603 1997 55 © 1c. June 20, 1929; A ad int. 12796; pubd. June 1; J. Farnol, Preston
462 2663 144 48 Park,
637 2663 255 49 Brighton,
923 2664 237 47 England.

395 2727 286 64 Fielding,
713 2727 343 66 Archibald,
1092 2732 171 51 1900-

462 2804 121 54 The
629 2803 191 71 Cluny
866 2804 276 70 problem,
1186 2807 77 69 by
1309 2807 73 53 A.
1428 2807 288 70 Fielding.
1792 2809 140 53 New
1978 2808 180 69 York,
2205 2808 72 55 A.
2324 2809 71 55 A.

391 2881 226 70 Knopf,
648 2884 153 53 1929.

463 2966 768 50 3 p. l., [3]-321, [1] p. 19½ᶜᵐ.
397 3018 52 52 ©
480 3021 115 49 Apr.
626 3022 39 48 5,
697 3022 116 40 1929;
872 3023 68 41 2c.
971 3024 113 47 Apr.
1117 3023 52 47 6;
1204 3023 83 42 aff.
1316 3025 114 47 Apr.
1462 3024 52 48 8;
1548 3024 42 40 A
1619 3024 141 48 7405;
1794 3026 55 40 A.
1882 3026 236 49 Fielding,
2151 3027 242 49 Brussels,

465 3078 237 48 Belgium.
772 3078 251 50 (29-9000)

398 3143 190 65 Fiero,
616 3144 203 53 James
847 3145 271 65 Newton,
1151 3148 172 54 1847-

466 3220 331 54 Particular
830 3223 218 53 actions
1082 3224 112 52 and
1229 3225 389 69 proceedings,
1652 3230 148 49 state
1831 3226 66 53 of
1930 3227 140 53 New
2105 3226 183 70 York,
2321 3226 76 70 by

397 3298 1998 73 J. Newton Fiero … Equitable actions … Law, Practice and
400 3374 1997 76 forms, by Arthur F. Curtis … v. 5. Albany, N. Y., Matthew
399 3453 228 52 Bender
652 3456 47 49 &
728 3472 298 50 company,
1055 3455 420 69 incorporated,
1507 3459 151 51 1929.

467 3534 132 47 xxvi,
631 3535 87 40 852
749 3546 44 38 p.
851 3536 118 41 26ᶜᵐ.

402 3585 52 52 ©
486 3591 115 47 May
627 3591 70 48 27,
730 3591 141 48 1929;
902 3592 68 40 2c.
1002 3593 96 39 and
1130 3592 82 41 aff.
1244 3594 116 46 May
1388 3593 83 47 28;
1505 3595 42 38 A
1577 3594 140 47 9356;
1753 3595 238 40 Matthew
2022 3596 191 40 Bender
2247 3597 36 39 &
2314 3606 81 38 co.,

469 3645 92 42 inc.

403 3709 192 64 Garis,
623 3711 258 53 Howard
911 3713 214 64 Roger,
1158 3716 172 53 1873-

469 3789 214 69 Buddy
717 3792 114 52 and
866 3791 91 53 his
992 3791 203 54 winter
1230 3793 136 62 fun;
1404 3813 81 48 or,
1521 3794 55 52 A
1608 3793 114 71 boy
1755 3794 61 54 in
1850 3815 30 34 a
1918 3814 156 34 snow
2108 3815 183 51 camp,
2325 3797 76 70 by

398 3865 2003 81 Howard R. Garis … New York, Cupples & Leon company
445 3947 150 65 [ᶜ1929]
