2542 4389
1097 4006 138 55 1477

161 370 208 62 Diven,
399 367 222 54 Robert
651 365 241 65 Joseph.

294 441 1868 74 … Tim Towser, by Robert Joseph Diven … illustrated by
163 525 238 55 Charles
439 523 346 69 Livingston
824 523 154 51 Bull.
1053 521 138 52 New
1233 521 180 69 York,
1450 521 260 68 London,
1748 520 122 53 The
1908 520 253 68 Century

162 605 309 66 co. [ ᶜ19 29]
229 677 1134 54 ix, 268 p. front., plates. 19½ ᶜᵐ. $2.00
231 754 64 39 At
322 753 125 40 head
476 752 52 41 of
552 752 109 40 title:
719 751 101 40 The
848 753 135 45 story
1012 750 52 40 of
1091 760 28 30 a
1147 749 129 41 little
1305 750 94 48 dog
1426 751 95 39 and
1550 748 76 41 his
1655 749 204 42 friends.

163 819 1886 53 © Sept. 20, 1929; 2c. Sept. 23; aff. Sept. 24; A 12529; Century co.
239 879 281 50 (29-19797)

162 1002 365 64 Eldershaw,
555 1003 78 53 M.
663 1002 291 62 Barnard,
981 1002 198 68 pseud.

230 1079 1932 70 A house is built, by M. Barnard Eldershaw. London [etc.]
162 1159 68 55 G.
259 1159 68 55 G.
356 1159 237 68 Harrap
620 1161 46 49 &
693 1177 78 35 co.
800 1159 104 53 ltd.
938 1160 172 64 [1929]

224 1238 383 51 358, [1 ] p. 19½ᶜᵐ.
228 1309 297 49 “Reprinted
553 1309 127 40 June
708 1308 157 41 1929.”

163 1377 2001 53 © 1c. Aug. 17, 1929; A ad int. 12976; pubd. June 21; Harcourt, Brace
216 1438 37 40 &
293 1449 80 37 co.,
402 1437 106 48 inc.,
537 1438 118 38 New
682 1437 146 40 York.
895 1435 282 49 (29-20985)

154 1548 288 63 Farrand,
472 1548 158 53 Max.

229 1625 405 53 Introduction
675 1625 76 68 by
791 1625 139 51 Max
974 1624 267 53 Farrand
1306 1624 61 52 [in
1409 1624 97 52 the
1546 1623 148 53 book
1735 1624 259 66 entitled]
2043 1624 123 52 The

159 1704 139 52 laws
333 1703 114 53 and
478 1703 255 53 liberties
767 1701 64 54 of
864 1702 465 66 Massachusetts,
1366 1702 294 67 reprinted
1697 1700 154 54 from
1886 1702 100 52 the
2019 1719 145 51 copy

161 1778 1942 70 of the 1648 edition in the Henry E. Huntington library …
163 1858 365 69 Cambridge,
559 1857 277 53 Harvard
867 1857 322 68 university
1222 1876 176 49 press,
1434 1860 150 50 1929.

229 1939 819 50 ix p., 2 l., 59 p. facsims. 32½ ᶜᵐ.
163 2005 51 53 ©
243 2010 122 48 Aug.
395 2010 39 48 5,
465 2009 116 40 1929;
636 2010 69 40 2c.
733 2009 122 48 Aug.
885 2009 56 39 14;
1001 2008 82 40 aff.
1117 2008 129 48 Sept.
1275 2008 26 40 9;
1361 2009 42 38 A
1432 2008 143 40 13185;
1636 2009 169 47 Henry
1837 2010 53 38 E.
231 2008 1917 98 Huntington

343 2066 188 47 library
559 2066 96 39 and
685 2068 78 38 art
793 2066 200 47 gallery,
1027 2065 99 40 San
1153 2065 207 48 Marino,
1394 2064 145 41 Calif.

154 2179 122 51 The
313 2176 245 51 Federal
595 2181 272 63 reporter.
946 2175 220 55 Second
1203 2176 186 52 series.
1467 2175 169 55 Cases
1671 2177 217 67 argued
1925 2175 113 51 and

232 2175 1911 131 determined
539 2253 59 51 in
623 2253 95 51 the
746 2251 224 55 Circuit
994 2258 190 46 courts
1209 2251 65 53 of
1301 2252 236 68 appeals
1563 2253 113 52 and
1703 2253 249 53 District
1976 2258 190 48 courts

232 2330 65 53 of
319 2332 95 52 the
440 2331 215 55 United
683 2329 190 56 States
898 2330 113 52 and
1033 2330 99 52 the
1155 2328 184 55 Court
1360 2329 66 53 of
1449 2330 236 68 appeals
1708 2330 66 53 of
1797 2331 99 53 the
1918 2331 250 53 District

232 2408 65 54 of
346 2408 319 68 Columbia,
712 2408 142 52 with
903 2407 375 69 key-number
1327 2408 382 53 annotations,
1795 2427 52 33 v.
1897 2410 67 50 32
2027 2407 128 71 (2d)

232 2487 349 67 June-July,
610 2489 151 49 1929.
827 2484 83 55 St.
939 2486 166 67 Paul,
1131 2485 158 54 West
1318 2485 339 70 publishing
1682 2504 99 50 co.,
1812 2489 151 49 1929.

231 2567 891 50 xxvi, 1082 p. front. (map) 26 ᶜᵐ.
165 2636 52 52 ©
251 2642 129 45 Sept.
409 2640 70 47 27,
511 2638 113 40 1929;
682 2638 67 40 2c.
783 2638 103 40 Oct.
916 2638 84 47 10;
1034 2638 83 41 aff.
1149 2637 103 42 Oct.
1283 2640 25 38 7;
1369 2638 42 39 A
1442 2638 172 48 12876;
1646 2639 138 40 West
1813 2639 110 48 pub.
1954 2649 70 30 co.

1962 2693 120 43 9687

164 2761 258 65 Fleuret,
451 2759 372 66 Dominique,
855 2763 48 53 b.
935 2763 150 52 1787.

292 2839 1875 70 … Description des passages de Dominique Fleuret, publiée
159 2936 107 50 par
307 2936 101 34 son
453 2916 262 70 petit-fils
760 2918 270 52 Fernand
1077 2917 247 53 Fleuret.
1400 2918 186 69 Paris,
1632 2918 438 54 Firmin-Didot
2112 2924 57 48 et

157 3015 82 51 cⁱᵉ,
275 2999 149 50 1929.

231 3077 1936 50 4 p. l., 162 p., 1 l. front., illus., double col. plates, double col. ports.,
161 3133 1329 50 facsims. (1 fold.) 20 ᶜᵐ . (Histoires de France)
234 3206 387 40 Reminiscences
653 3205 53 40 of
738 3206 81 39 the
850 3206 295 39 Peninsular
1176 3216 102 29 war
1311 3207 95 39 and
1440 3206 52 41 of
1523 3208 82 38 the
1636 3208 153 39 battle
1821 3207 53 41 of
1904 3208 264 41 Waterloo.

167 3272 1887 53 © Apr. 27, 1929; 1c. June 7; A—Foreign 3446; Firmin-Didot & cie.
244 3332 281 50 (29-20058)

168 3441 253 64 Gordon,
450 3441 150 55 Neil.

237 3521 1932 72 The silent murders, by Neil Gordon … Garden City, N. Y.,
167 3599 143 52 Pub.
347 3598 95 53 for
476 3599 121 52 The
635 3598 192 55 Crime
861 3600 146 54 club,
1044 3619 126 50 me.,
1203 3601 75 68 by
1312 3600 356 69 Doubleday,
1705 3601 200 53 Doran
1940 3604 46 49 &
167 3620 1977 126 company,
367 3677 126 65 inc.,
523 3679 148 50 1930.

234 3757 484 49 3 p. l., 294 p. 19½ ᶜᵐ.
238 3827 162 41 “First
429 3826 226 42 edition.”

169 3893 53 51 ©
255 3896 129 48 Sept.
415 3897 69 48 18,
517 3897 139 46 1929;
690 3899 68 39 2c.
791 3900 93 37 and
918 3898 82 41 aff.
1037 3899 128 47 Sept.
1198 3898 82 44 30;
1316 3900 39 38 A
1388 3900 170 47 13729;
1595 3901 298 50 Doubleday,
1929 3902 166 40 Doran
2128 3906 38 39 &

237 3962 81 39 co.,
351 3953 91 40 inc.
512 3953 281 50 (29-19785)
