2533 4342
1283 4019 138 49 2126

338 377 770 66 F ø nhus, Mikkjel, 1894-
468 456 1869 69 … Die wildnis braust, herausgegeben von J. Sandmeier.
335 533 715 69 München, Beck [ᶜ192 8]
405 613 719 51 4 p. l. , 3-259, [1] p. 20½ ᶜᵐ .
407 684 63 40 At
497 685 125 39 head
647 684 52 40 of
724 684 110 40 title:
889 684 208 48 Mikkjel
1125 684 211 42 Fönhus.

410 740 196 41 “Erstes
635 739 75 41 bis
737 739 182 42 viertes
945 740 255 42 tausend.”

411 796 340 49 “Berechtigte
790 796 335 49 Übertragung
1162 807 90 30 aus
1289 798 110 39 dem
1437 797 365 48 norwegischen
1841 808 93 30 von
1975 798 44 41 J.
2061 798 285 40 Sandmeier

339 854 96 40 und
464 853 46 42 S.
536 851 356 50 Angermann.”

410 909 316 41 Translation
760 910 52 39 of
846 911 113 47 part
993 909 52 41 of
1080 909 127 40 “Der
1239 908 307 41 vildmarken
1580 909 182 43 suser”,
1795 910 53 40 of
1883 909 123 41 “Det
2039 910 193 40 skriker
2264 911 79 40 fra

339 965 418 49 Kverrvilljuvet”
786 966 96 40 and
910 966 53 40 of
993 965 211 46 “Sagnet
1233 975 76 31 om
1337 965 447 49 Elgevass-sætra”.

338 1034 2011 107 CONTENTS.— Die wildnis braust. — Es schreit aus der Kverrvill-schlucht.—Die sage
896 1104 94 29 von
1019 1094 85 39 der
1131 1093 319 42 Elchseealm.

346 1159 52 53 ©
428 1165 119 41 Nov.
579 1164 67 49 19,
679 1164 142 45 1928;
854 1164 66 40 1c.
952 1164 122 47 Aug.
1108 1164 67 47 14,
1207 1163 142 48 1929;
1383 1165 41 38 A
1425 1164 274 48 —Foreign
1727 1164 143 47 4220;
1908 1164 48 41 C.
1989 1165 62 40 H.
2084 1162 261 41 Beck’sche

414 1220 578 48 Verlagsbuchhandlung
1018 1219 185 49 (Oskar
1231 1220 155 50 Beck)
1462 1219 253 50 (30-1813)

341 1313 199 64 Galzy,
575 1313 244 55 Jeanne.

346 1389 1979 148 … Therese von Avila, der lebensroman einer heiligen, übertragen
576 1469 118 52 und
725 1468 326 69 eingeleitet
1081 1486 112 35 von
1223 1468 219 52 Helene
1473 1467 203 53 Adolf.
1745 1467 307 68 München,
2082 1468 55 52 J.
2172 1467 175 52 Kösel

345 1546 640 66 & F. Pustet [ ᶜ192 9]
414 1627 472 51 343, [1] p. 19½ ᶜᵐ .
350 1693 1999 52 © Sept. 6, 1929; 1c. Oct. 21; A —Foreign 4976; Josef Kösel & Friedrich
416 1754 186 40 Pustet.
671 1753 253 50 (30-2483)

341 1847 212 64 Goens,
584 1847 184 56 Fritz.

412 1926 118 53 Der
569 1927 142 53 sohn
750 1928 99 51 der
885 1926 161 69 hexe,
1084 1925 674 70 kulturgeschichtlicher
1798 1944 195 35 roman
2036 1944 111 34 von
2187 1923 162 54 Fritz

343 2002 204 55 Goens.
612 2004 294 67 Potsdam,
932 2004 408 69 Ernte-verlag
1366 2023 52 49 g.
1447 2023 71 34 m.
1546 2004 53 54 b.
1626 2005 58 52 h.
1715 2006 173 65 [1929]

413 2082 754 51 371, [1] p., 1 l. illus. 19 ᶜᵐ .
415 2152 559 41 “Literaturnachweis”;
1032 2153 25 39 1
1085 2152 103 41 leaf
1216 2155 52 38 at
1298 2153 106 41 end.

350 2206 1998 53 © Sept. 6, 1929; 1c. Oct. 21; A— Foreign 4961; Ernte-verlag, g. m. b. b.
427 2265 252 50 (30-2084)

343 2360 233 64 Gosset,
607 2360 178 55 Léon.

483 2437 1868 69 … Jardins et promenades de Paris, par Léon Gosset. Paris,
347 2515 528 67 Hachette [ᶜ192 9]
419 2596 1931 51 71, [1] p. xv pl. (incl. front.) on 8 l. 13½ × 11 ᶜᵐ . (Pour connaître
347 2652 156 41 Paris.
586 2652 72 50 [20]
671 2651 14 48 )

421 2708 422 49 “Bibliographie”:
906 2719 43 38 p.
986 2709 87 50 [72]

352 2760 1910 53 © July 12, 1929; 1c. Oct. 11; A— Foreign 4772; Librairie Hachette.
430 2820 252 49 (30-2475)

344 2914 229 63 Härtel,
607 2914 219 54 Alfons
856 2914 211 56 Maria.

420 2991 339 54 Triebfeuer
782 2992 97 53 des
901 2992 191 53 lebens;
1148 2992 561 69 lebenspsychologie
1734 2993 79 52 im
1834 2992 176 53 lichte
2028 2992 102 53 der

352 2990 1978 131 christlichen
572 3069 525 69 Weltanschauung,
1131 3087 111 35 von
1276 3068 213 55 Alfons
1523 3070 192 52 Maria
1750 3070 227 53 Härtel.
2046 3067 309 68 München,

350 3145 56 54 J.
440 3146 176 53 Kösel
651 3148 46 50 &
730 3146 68 53 F.
832 3147 204 53 Pustet
1074 3150 173 63 [1929]

421 3227 449 51 193, [1] p. 19 ᶜᵐ .
355 3280 1977 102 © June 30, 1929; 1c. Sept. 21; A —Foreign 4490; Josef Kösel & Friedrich Pustet.
809 3341 253 50 (30-2484)

346 3436 247 63 Hentze,
626 3429 205 71 Ernst,
866 3440 171 50 1892-

426 3510 252 69 Sintern,
708 3512 316 53 schmelzen
1054 3513 118 52 und
1203 3513 296 53 Verblasen
1531 3512 359 54 sulfidischer
1921 3530 125 36 erze
2072 3513 119 52 und
353 3512 1977 144 hüttenprodukte;

798 3589 90 53 die
916 3589 365 53 umittelbare
1311 3589 355 69 Verhüttung
1695 3589 358 54 sulfidischer
2081 3607 127 35 erze
2234 3588 120 53 und

351 3665 492 68 hüttenprodukte
876 3666 172 54 sowie
1081 3667 333 52 richtlinien
1448 3666 100 53 für
1580 3666 113 52 bau
1726 3666 119 53 und

1880 3665 216 53 betrieb
2133 3665 100 53 der
355 3683 1974 113 erforderlichen
802 3743 748 69 agglomerationsanlagen,
1608 3741 374 55 Schachtöfen
2039 3742 119 53 und
355 3741 1976 146 konvertoren,

352 3817 1978 148 von dr. phil. Ernst Hentze … mit 104 textabbildungen.
546 3897 218 67 Berlin,
795 3897 55 54 J.
886 3895 301 71 Springer,
1219 3899 154 52 1929.
