2582 4377
1371 4049 100 50 116

401 404 275 63 Chicago.
746 403 369 64 University.

469 481 300 53 Abstracts
801 480 65 53 of
897 482 197 51 theses.
1166 480 227 55 Science
1427 481 185 53 series,
1682 500 49 33 v.
1769 485 43 48 5.
1885 480 204 70 Ogden
2122 482 279 68 graduate

400 560 190 52 school
628 558 64 52 of
728 559 227 52 science.
1033 557 326 56 Submitted
1397 564 58 47 to
1492 560 96 51 the
1626 559 279 69 graduate
1945 558 222 69 faculty
2205 558 64 53 of
2305 560 96 52 the

399 637 338 67 University
767 636 64 52 of
860 634 253 70 Chicago
1144 636 93 53 for
1264 638 98 51 the
1391 637 203 68 degree
1620 635 66 54 of
1716 636 200 53 doctor
1941 636 67 53 of
2037 635 366 70 philosophy,

403 714 330 68 September
770 714 323 53 1926-June
1131 713 148 54 1927.
1358 713 271 69 Chicago,
1664 714 113 67 Ill.,
1811 715 124 52 The
1966 714 340 68 University
2339 713 65 53 of

401 792 674 69 Chicago press [ ᶜ192 8 ]
469 874 600 48 xi, 461 p., 2 l. 23½ ᶜᵐ .
404 940 52 54 ©
489 945 101 42 Oct.
622 944 68 50 10,
722 943 141 49 1928;
896 944 55 41 2c
995 945 110 41 Jan.
1136 944 69 49 21,
1238 943 142 48 1929;
1414 944 82 41 aff.
1528 944 110 41 Jan.
1672 945 81 46 14;
1789 944 40 40 A
1860 943 141 48 2992;
2037 943 283 48 University
2354 944 50 41 of

473 1000 223 50 Chicago,
729 1001 224 49 Chicago.

406 1095 292 64 Coolidge,
729 1096 139 54 Mrs.
899 1096 175 63 Mary
1103 1095 309 53 Elizabeth
1442 1095 353 64 Burroughs

1834 1095 316 64 (Roberts)
2187 1094 216 64 Smith,

473 1178 171 50 1860-

477 1250 122 53 The
631 1250 408 67 rain-makers;
1075 1251 243 53 Indians
1350 1250 64 54 of
1446 1251 255 52 Arizona
1736 1251 114 53 and
1883 1251 141 53 New
2057 1250 243 68 Mexico,
2332 1250 76 70 by

407 1327 2002 71 Mary Roberts Coolidge … Boston and New York, Houghton
407 1405 205 53 Mifflin
639 1423 299 51 company,
969 1409 151 50 1929.

478 1487 1106 49 xiii, 326 p. front., plates, ports. 22½ ᶜᵐ .
480 1559 140 47 Maps
649 1569 59 29 on
735 1557 366 49 lining-papers.

480 1615 377 49 Bibliography:
897 1627 43 37 p.
982 1615 247 50 [309]-313.

407 1682 52 53 ©
488 1687 110 39 Feb.
626 1687 39 43 1,
694 1686 114 40 1929;
865 1687 66 39 2c.
962 1687 110 40 Feb.
1101 1687 52 40 4:
1184 1686 82 41 aff.
1296 1687 111 40 Feb.
1436 1687 52 44 2;
1520 1687 38 38 A
1586 1686 115 39 4212;
1763 1688 138 46 Mary
1932 1688 206 39 Roberts
2167 1687 240 48 Coolidge,

476 1743 250 48 Berkeley,
764 1743 144 41 Calif.
979 1743 252 48 (29-3433)

411 1838 227 63 Corpus
679 1839 162 68 juris,
880 1840 172 68 being
1093 1859 27 32 a
1166 1840 277 67 complete
1483 1841 111 51 and
1637 1839 328 69 systematic
2005 1845 304 48 statement
2347 1838 65 55 of

477 1916 95 53 the
600 1916 181 52 whole
809 1916 153 69 body
989 1915 66 53 of
1083 1917 95 52 the
1206 1917 110 52 law
1345 1935 60 34 as
1435 1916 296 53 embodied
1762 1916 58 53 in
1851 1917 113 52 and
1997 1917 309 67 developed
2336 1916 76 69 by

478 1994 1934 68 all reported decisions. Ed. by William Mack … and Donald
478 2072 1931 68 J. Kiser … v. 46. New York, The American law book co.;
477 2151 258 55 London,
772 2152 394 51 Butterworth
1203 2153 46 50 &
1283 2169 98 37 co.,
1420 2154 150 51 1928.

475 2233 1249 50 3 p. l., v-xxix, 1388 p. front. (port.) 26ᶜᵐ.
409 2299 52 53 ©
498 2305 111 39 Dec.
644 2305 69 47 14,
749 2304 116 41 1928:
924 2304 69 40 2c.
1029 2306 96 38 and
1161 2304 82 42 aff.
1279 2305 110 39 Jan.
1425 2304 68 48 19,
1528 2303 142 47 1929;
1707 2304 40 39 A
1782 2303 142 44 2932;
1965 2304 158 41 Amer.
2159 2306 94 38 law
2289 2305 123 39 book

479 2371 82 37 co.,
595 2361 263 47 Brooklyn.

407 2454 291 63 Dearden,
731 2454 240 54 Harold.

480 2532 243 53 Hooded
762 2550 222 34 woman
1018 2531 66 53 of
1118 2533 96 53 the
1251 2532 309 69 cupboard.

489 2614 78 40 (In
606 2610 201 44 London
841 2611 203 53 Sunday
1079 2612 256 52 dispatch)

413 2679 2002 54 © 1c. Feb. 19, 1929; A ad int. 12351; pubd. Dec. 23, 1928; H. Dearden,
481 2742 211 40 London.

409 2833 235 66 Dewey,
685 2834 174 65 John,
901 2841 171 49 1859-

481 2913 381 68 Impressions
900 2913 65 53 of
1002 2914 181 53 soviet
1220 2914 208 54 Russia
1468 2916 113 52 and
1618 2914 96 53 the
1753 2914 430 70 revolutionary
2221 2914 198 67 world,

411 2989 812 72 Mexico—China—Turkey,
1262 2993 77 68 by
1379 2993 157 54 John
1575 2993 229 67 Dewey.
1880 2993 139 52 New
2061 2992 179 68 York,
2281 2992 139 54 New

414 3068 272 69 republic,
718 3069 125 68 inc.,
879 3072 150 51 1929.

483 3152 27 39 5
538 3163 43 37 p.
648 3184 8 16 l.,
687 3153 147 40 3-270
863 3164 43 37 p.
966 3153 117 40 19ᶜᵐ.

469 3209 140 40 Head
639 3210 96 38 and
766 3209 88 40 tail
885 3209 172 49 pieces.

856 3266 1565 49 CONTENTS. — Soviet Russia, 1928. — Mexico, 1926. — Turkey, 1924.—
414 3321 171 49 China,
616 3322 129 41 1920.

416 3373 52 53 ©
500 3379 110 40 Jan.
643 3379 68 46 25,
743 3378 142 48 1929;
919 3379 68 41 2c.
1021 3380 109 39 Jan.
1163 3379 83 42 29:
1282 3379 82 40 aff.
1399 3380 110 41 Jan.
1542 3380 83 40 28:
1660 3380 41 39 A
1733 3379 141 47 5003;
1910 3380 119 39 New
2061 3379 230 48 republic,
2327 3380 89 39 inc.

492 3432 251 52 (29-3252)

418 3530 249 64 Draper,
700 3531 137 53 Mrs.
873 3531 212 53 Muriel
1121 3530 240 54 Gurdon
1405 3531 321 64 (Sanders)
1769 3535 172 51 1886-

491 3608 1928 69 Music at midnight, by Muriel Draper … New York and
419 3685 259 59 London,
706 3685 235 68 Harper
968 3689 53 49 &
1049 3686 279 68 brothers,
1362 3689 149 50 1929.

493 3767 26 39 7
547 3777 43 37 p.
654 3797 8 11 l.,
692 3766 158 46 3-237,
885 3767 54 48 [1]
971 3777 43 37 p.
1074 3767 165 48 front.,
1269 3769 150 46 ports.
1479 3767 147 42 22½ᶜᵐ.

495 3822 418 40 “Reminiscences
947 3823 52 39 of
1032 3823 207 47 literary
1275 3824 95 39 and
1407 3824 205 40 musical
1648 3824 341 48 personalities
2026 3824 50 40 in

2113 3825 198 40 London
422 3826 1982 92 before
556 3878 519 41 1914.”—Publishers’
1104 3881 198 45 weekly,
1329 3881 92 40 vol.
1449 3891 103 37 cxv,
1582 3891 74 30 no.
1683 3881 41 44 3,
1751 3892 44 37 p.
1821 3880 101 41 329.

419 3932 53 52 ©
508 3937 111 40 Jan.
655 3937 69 46 17,
760 3936 118 40 1929;
938 3937 68 40 2c.
1043 3937 110 40 Jan.
1190 3937 81 47 16;
1312 3937 81 41 aff.
1431 3938 109 40 Jan.
1579 3938 82 47 19;
1700 3938 41 39 A
1776 3939 142 46 2915;
1959 3940 63 40 M.
2059 3939 204 48 Draper,
2302 3940 117 40 New

486 3993 144 39 York.
702 3992 250 49 (29-3436)
