2542 4389
1100 4024 135 51 1465

164 351 284 65 Alloway,
480 351 227 64 George
736 349 415 66 Washington,
1186 356 171 49 1855-

289 426 1872 71 … Horton genealogy and history; descendants of Richard
157 507 230 52 Horton
426 505 191 70 (1727)
656 507 113 52 and
798 506 303 52 Elizabeth
1126 506 308 68 Harrison,
1463 505 114 53 and
1604 505 152 53 their
1780 505 239 68 nephew
2048 506 113 53 and

156 584 171 68 niece,
350 585 229 51 Deacon
601 584 313 52 Nathaniel
938 584 232 52 Horton
1206 583 192 69 (1741)
1434 584 113 52 and
1572 583 250 53 Rebecca
1848 582 314 69 Robinson,

157 662 302 68 including
488 681 31 32 a
549 660 155 54 brief
735 662 228 68 tracing
995 660 64 54 of
1091 661 151 53 their
1276 661 282 53 ancestral
1590 661 115 53 line
1736 660 146 54 back
1913 666 60 48 to
2008 664 152 50 1310.

159 737 2002 71 Compiled by Prof. Geo. W. Alloway … [Saxton, Pa., The
159 816 296 56 Sheterom
486 817 266 69 printing
783 834 299 52 company]
1124 819 150 50 1929.

228 896 1360 51 3 p. l., 141 p. illus. (coat of arms) ports. 20½ᶜᵐ.
167 967 53 51 ©
254 970 128 49 Sept.
413 971 68 48 11,
513 970 139 45 1929;
683 969 69 41 2c.
786 971 96 39 and
914 968 82 42 aff.
1032 969 128 48 Sept.
1192 969 82 40 16:
1309 970 39 39 A
1381 969 170 48 13599;
1588 970 51 40 G.
1673 971 71 40 W.
1778 970 235 47 Alloway,
235 969 1913 106 Saxton,
361 1027 84 40 Pa.
513 1026 281 50 (29-19627)

164 1121 316 53 American
512 1120 279 54 institute
819 1121 66 52 of
910 1120 249 64 graphic
1186 1124 149 52 arts.

163 1199 1978 148 … Fifty prints exhibited by the Institute, 1927; an introduction by Rockwell
857 1278 1303 69 Kent. New York, W. E. Rudge [ ᶜ19 28]
231 1338 897 70 5 p. l., 50 pl. on 25 l., 1 l. 31½ᶜᵐ.
233 1429 1242 49 “Five hundred copies printed … June 1928.”
165 1496 52 52 ©
244 1501 127 40 June
398 1501 69 45 14,
494 1500 113 39 1929;
663 1499 68 41 2c.
758 1501 95 38 and
881 1500 82 40 aff.
993 1499 129 49 Sept.
1151 1500 46 37 11;
1264 1500 40 38 A
1332 1500 170 43 13608;
1533 1501 212 39 William
1778 1501 169 39 Edwin
1981 1502 180 48 Rudge.

244 1555 280 49 (29-19618)

160 1654 120 50 The
324 1650 316 53 American
686 1652 212 52 Jewish
947 1672 135 47 year
1125 1652 164 67 book,
1336 1657 151 55 5690,
1532 1652 245 55 October
1822 1656 49 67 5,
1923 1656 145 64 1929,
2110 1660 57 48 to

235 1728 332 68 September
592 1731 84 54 22,
705 1731 149 49 1930.
919 1748 49 31 v.
997 1732 82 49 31.
1145 1729 214 53 Edited
1385 1728 76 71 by
1487 1731 200 67 Harry
1716 1729 244 54 Schneid
1970 1749 196 34 erman

233 1806 93 53 for
374 1807 95 52 the
516 1806 308 53 American
871 1807 218 54 Jewish
1140 1807 336 53 committee.
1562 1806 430 70 Philadelphia,
2043 1808 122 52 The

232 1884 215 52 Jewish
479 1883 355 68 publication
865 1884 214 69 society
1108 1883 65 54 of
1202 1883 287 69 America,
1523 1887 151 50 1929.

235 1965 1256 49 vii p., 1 l., 502 p. front. (port.) tables. 19ᶜᵐ.
165 2032 52 52 ©
244 2036 102 41 Oct.
371 2037 40 47 3,
437 2036 140 48 1929;
604 2037 68 39 2c.
700 2036 102 42 Oct.
829 2035 82 47 10;
939 2035 83 41 aff.
1050 2036 101 40 Oct.
1180 2036 53 47 9;
1261 2036 40 39 A
1328 2036 172 48 14070;
1530 2037 182 40 Jewish
1740 2037 302 49 publication
2068 2049 95 29 soc.

233 2091 52 42 of
309 2092 238 42 America.

164 2187 294 65 Ashmun,
487 2188 308 64 Margaret
825 2186 183 56 Eliza.

234 2268 194 53 David
460 2268 111 52 and
603 2266 95 55 the
731 2268 151 52 Bear
912 2286 151 47 man,
1092 2268 76 67 by
1199 2267 298 69 Margaret
1528 2267 280 69 Ashmun,
1840 2269 326 54 illustrated

163 2347 77 69 by
281 2346 217 54 Robert
540 2345 312 55 Crowther.
929 2345 139 52 New
1109 2344 181 69 York,
1332 2346 122 53 The
1493 2346 336 53 Macmillan
1869 2366 299 51 company,

167 2428 148 50 1929.

233 2504 1026 51 5 p. l., 260 p. col. front., plates. 19½ ᶜᵐ.
167 2558 51 53 ©
258 2563 128 48 Sept.
421 2562 70 48 24,
528 2561 141 45 1929;
707 2562 68 41 2c.
812 2563 95 39 and
945 2561 82 41 aff.
1067 2561 128 49 Sept.
1232 2561 84 48 25;
1356 2562 41 40 A
1432 2562 171 47 13632;
1643 2564 250 47 Margaret
1932 2564 233 50 Ashmun,

233 2619 372 47 Northampton,
638 2619 148 40 Mass.
856 2617 282 50 (29-19798)

161 2712 477 64 Attenborough,
669 2712 65 54 G.
764 2713 99 63 M.,
890 2714 195 68 pseud.

235 2791 145 53 Rich
404 2809 194 49 young
620 2808 149 34 man.
831 2789 139 53 New
996 2789 181 56 York,
1202 2790 312 53 Frederick
1537 2790 70 53 A.
1639 2790 202 56 Stokes
1867 2811 300 53 company.

166 2871 149 50 1929.

232 2950 26 40 1
287 2961 43 30 v.

167 3003 52 52 ©
250 3008 114 45 May
393 3006 70 42 29.
493 3005 140 46 1929;
666 3005 67 41 2c.
764 3005 126 41 June
920 3005 52 40 1:
1006 3004 83 42 aff.
1121 3005 126 40 June
1278 3005 55 40 19;
1392 3005 42 39 A
1463 3005 141 42 6904:
1638 3006 182 48 Gladys
1852 3009 141 46 Mary
234 3010 1911 101 Linaker,
366 3062 200 48 Oxford,
598 3062 238 48 England.

165 3157 301 63 Barretto,
494 3156 212 63 Larry,
738 3160 173 51 1890-

235 3234 1933 73 Horses in the sky. by Larry Barretto … New York, The
165 3314 854 68 John Day company [ ᶜ19 29]
233 3392 704 52 4 p. l., [3]-338 p., 1 l. 19½ ᶜᵐ.
169 3447 51 53 ©
252 3452 128 48 Sept.
406 3450 70 48 12,
503 3449 114 41 1929;
672 3450 68 40 2c.
770 3450 129 48 Sept.
925 3448 56 41 25;
1039 3449 83 41 aff.
1153 3449 128 49 Sept.
1310 3450 83 46 24;
1423 3450 41 39 A
1491 3451 143 40 13662;
1736 3485 8 8 L.
1773 3454 247 44 Barretto.
2048 3457 117 40 New

236 3508 144 40 York.
449 3506 281 49 (29-19782)

168 3599 441 64 Blankenburg,
636 3601 138 51 Mrs.
804 3598 279 53 Lucretia
1112 3600 79 54 M.
1230 3598 407 67 (Longshore)
1676 3608 170 50 1845-

230 3677 121 53 The
375 3676 441 68 Blankenburgs
840 3674 65 54 of
928 3675 431 69 Philadelphia,
1382 3676 78 69 by
1484 3695 103 36 one
1611 3678 65 54 of
1698 3680 174 69 them,
1896 3683 269 56 Lucretia

160 3753 2005 73 L. Blankenburg … Philadelphia, Chicago [etc.] The John
162 3832 61 55 C.
250 3832 270 55 Winston
548 3849 283 51 company
973 3833 86 65 [ᶜ1929]

232 3912 1934 62 3 p. l., ix-xxix p., 1 l., 238 p. front., illus. (incl. facsims.) plates,
162 3969 265 49 ports. 21 ᶜᵐ.
