2533 4384
1116 4013 103 49 299

146 351 242 64 Pocock,
422 350 176 53 Doris
627 349 73 54 A.

221 429 120 52 The
376 432 253 63 mystery
665 426 64 53 of
764 426 97 52 the
897 424 212 67 marsh,
1144 423 75 69 by
1256 421 176 54 Doris
1469 420 239 54 Pocock.
1796 420 142 54 New
1977 420 181 68 York,

150 506 259 66 London,
436 505 71 53 D.
535 504 297 68 Appleton
862 504 45 50 &
935 519 299 50 company,
1264 503 151 49 1929.

219 587 26 40 3
276 596 43 38 p.
384 618 8 16 l.,
424 586 99 47 234,
560 585 55 49 [1]
646 595 43 37 p.
749 584 151 40 front.
960 582 56 41 19½ᶜᵐ

155 641 51 51 ©
234 645 123 39 Mar.
384 643 38 47 8,
450 641 140 48 1929;
620 642 68 40 2c.
716 643 96 38 and
839 640 82 41 aff.
949 641 123 40 Mar.
1099 640 82 46 13;
1210 638 42 40 A
1278 638 143 48 5775;
1451 638 57 40 D.
1537 638 242 48 Appleton
1804 637 38 40 &
1869 646 68 31 co.

234 699 253 50 (29-6455)

154 793 245 64 Proksa,
428 792 157 54 Vera
613 791 229 64 Kralik,
875 795 171 50 1906-

224 870 290 67 Cikanka;
553 888 82 49 or,
668 869 57 52 A
761 887 123 34 rose
921 868 65 53 of
1023 869 280 68 Romany,
1339 868 82 68 by
1452 869 153 52 Vera
1645 867 213 52 Kralik
1895 866 266 53 Prosksa.

149 947 1433 68 Philadelphia, Dorrance and company [ ᶜ1 929]
217 1029 88 41 270
335 1040 44 37 p.
439 1028 147 41 19½ᶜᵐ.

155 1083 52 52 ©
233 1087 112 40 Feb.
370 1086 69 48 20,
466 1086 140 47 1929;
634 1086 68 40 2c.
728 1086 96 39 and
850 1085 82 40 aff.
960 1086 123 38 Mar.
1109 1085 53 47 1;
1190 1084 40 39 A
1254 1083 144 48 4650;
1429 1084 249 41 Dorrance
1705 1083 36 40 &
1768 1093 82 35 co.,
1879 1083 91 40 inc.

234 1142 253 50 (29-6448)

146 1236 274 64 Roberts,
453 1236 182 52 Edith
667 1235 304 54 Adelaide.

218 1313 309 52 American
557 1313 194 68 plants
785 1311 93 54 for
909 1312 309 53 American
1248 1313 276 68 gardens;
1559 1312 167 68 plant
1758 1312 401 69 ecology—the

149 1391 173 68 study
353 1390 63 53 of
447 1390 193 69 plants
671 1390 59 52 in
761 1390 245 53 relation
1040 1395 58 48 to
1130 1390 152 53 their
1315 1390 415 67 environment,
1760 1389 76 70 by
1871 1390 183 53 Edith
2088 1391 71 52 A.

150 1467 2006 69 Roberts … and Elsa Rehmann … New York, The Macmillan
149 1565 300 50 company,
487 1549 151 50 1929.

219 1628 27 40 6
274 1639 43 37 p.
381 1660 9 16 l.,
420 1628 84 40 131
533 1639 43 37 p.
637 1628 173 48 plates.
871 1628 145 41 22½ᶜᵐ.

224 1686 68 38 “A
328 1684 151 41 series
515 1685 52 40 of
602 1685 200 40 articles
838 1685 159 40 which
1032 1685 243 47 appeared
1312 1684 50 40 in
1400 1685 166 40 House
1605 1684 246 41 beautiful
1888 1686 155 39 under
2081 1687 81 40 the

152 1742 108 39 title
290 1742 52 39 of
369 1742 147 40 Plant
541 1741 238 48 ecology.”

157 1794 51 53 ©
239 1800 124 41 Mar.
390 1800 39 47 5,
459 1798 139 49 1929;
630 1799 69 41 2c.
727 1802 97 39 and
852 1799 83 40 aff.
964 1800 123 40 Mar.
1117 1798 53 48 6;
1201 1799 40 39 A
1268 1799 145 47 4725;
1445 1799 285 40 Macmillan
1758 1810 67 31 co.

235 1855 253 50 (29-6549)

149 1949 353 64 Robertson,
536 1950 317 63 Reynolds.

222 2029 260 53 Practice
514 2030 112 52 and
658 2030 312 67 procedure
1003 2031 59 51 in
1093 2031 95 52 the
1222 2029 278 70 Supreme
1531 2038 162 46 court
1724 2031 63 52 of
1817 2032 97 53 the
1945 2032 219 53 United

155 2105 218 69 States;
410 2126 28 34 a
477 2108 423 68 chronological
935 2108 216 53 outline
1187 2109 63 52 of
1286 2107 374 70 proceedings
1696 2126 296 53 necessary
2026 2110 138 54 both

153 2185 58 53 in
245 2186 95 52 the
376 2184 277 69 Supreme
687 2193 162 46 court
884 2187 113 52 and
1030 2185 59 54 in
1123 2188 95 51 the
1254 2188 174 51 lower
1462 2191 188 49 courts
1684 2206 71 34 on
1789 2187 245 69 petition
2071 2188 94 53 for

154 2282 32 34 a
230 2264 132 53 writ
406 2263 63 53 of
513 2264 298 53 certiorari
856 2283 62 34 or
964 2266 225 67 appeal,
1234 2271 58 47 to
1337 2264 206 54 review
1589 2285 31 33 a
1668 2266 251 54 decision
1965 2267 58 51 in
2069 2268 94 51 the

156 2340 276 71 Supreme
470 2349 161 47 court
668 2343 64 53 of
768 2343 97 53 the
903 2342 217 55 United
1163 2342 217 69 States;
1422 2344 112 53 and
1574 2343 65 53 of
1678 2348 154 65 steps
1870 2361 296 54 necessary

154 2427 58 46 to
248 2422 67 52 be
352 2421 170 53 taken
560 2425 58 49 to
654 2421 91 53 file
783 2423 112 52 and
933 2423 260 67 conduct,
1229 2441 64 33 or
1332 2420 232 71 defend,
1600 2440 31 33 a
1668 2442 122 34 case
1827 2422 60 53 in
1926 2424 94 52 the
156 2423 1983 142 Supreme
384 2505 159 47 court
581 2518 153 49 upon
771 2500 95 52 the
904 2500 275 68 granting
1218 2499 64 54 of
1321 2520 31 33 a
1390 2500 131 54 writ
1557 2501 63 52 of
1657 2501 298 54 certiorari
1992 2521 63 34 or
2093 2521 73 34 an

155 2579 225 66 appeal,
415 2597 65 33 or
516 2596 153 49 upon
708 2577 254 54 certified
998 2578 305 68 questions,
1341 2579 263 67 together
1640 2578 140 54 with
1819 2580 98 52 the
1955 2597 212 51 proper

154 2658 312 66 procedure
493 2663 58 46 to
579 2657 65 52 be
675 2656 269 53 followed
974 2657 59 52 in
1063 2656 354 69 instituting,
1445 2658 363 68 conducting,
1836 2677 64 34 or
155 2658 1986 145 defending
285 2753 71 34 an
387 2733 248 70 original
664 2734 186 53 action
883 2734 59 52 in
974 2735 95 52 the
1102 2733 278 69 Supreme
1409 2741 162 47 court
1599 2736 59 51 in
1690 2735 212 69 equity,
155 2737 1986 134 mandamus,
336 2813 373 67 prohibition,
746 2831 65 34 or
847 2814 207 52 habeas
1090 2830 224 51 corpus,
1351 2813 140 52 with
1530 2814 182 53 forms
1748 2814 114 52 and
1900 2813 267 54 citations

156 2897 57 47 to
257 2892 95 52 the
396 2891 322 68 applicable
764 2894 258 64 statutes,
1067 2892 150 52 rules
1261 2891 65 53 of
1369 2895 179 61 court,
1592 2893 114 51 and
1751 2891 296 68 decisions,
2092 2890 75 71 by

155 2969 292 69 Reynolds
496 2969 334 53 Robertson.
925 2969 135 53 Rev.
1113 2970 84 51 ed.
1291 2969 139 52 New
1482 2969 180 69 York,
1713 2969 455 66 Prentice-Hall,

156 3048 125 67 inc.,
313 3049 149 51 1929.

226 3127 123 49 xliii,
379 3127 87 41 418
493 3139 44 37 p.
596 3127 146 42 23½ᶜᵐ.

229 3185 286 47 Previously
556 3184 255 49 published
851 3185 154 39 under
1043 3184 135 40 title:
1218 3185 257 48 Appellate
1515 3185 213 48 practice
1768 3186 96 39 and
1902 3186 265 48 procedure

158 3243 49 39 in
234 3243 82 39 the
344 3242 230 48 Supreme
600 3243 139 39 court
765 3241 53 40 of
843 3241 81 41 the
952 3240 180 42 United
1161 3241 178 41 States.

231 3299 177 41 “Table
454 3299 51 39 of
551 3299 213 39 statutes
809 3297 186 41 cited”:
1041 3308 43 38 p.
1130 3297 233 47 417-418;
1412 3297 181 42 “Other
1638 3299 296 41 authorities
1980 3299 185 41 cited”:

158 3366 42 37 p.
226 3355 101 42 418.

163 3408 51 53 ©
241 3413 113 41 Jan.
378 3413 41 47 2,
446 3412 113 40 1929;
614 3412 68 40 2c.
710 3413 123 38 Mar.
860 3412 82 45 13;
972 3411 83 41 aff.
1082 3412 123 40 Mar.
1232 3412 83 47 12;
1345 3412 41 39 A
1411 3411 142 49 4862;
1585 3412 377 49 Prentice-Hall,
1991 3414 91 40 inc.

242 3468 252 49 (29-6694)

165 3548 180 63 Rode,
383 3548 204 63 Helge.

205 3625 1936 144 … Der sjælelige gennembrud: udvalgte kritiker II. København,
368 3702 427 69 Gyldendalske
829 3705 342 66 boghandel,
1204 3704 255 54 Nordisk
1493 3704 212 70 forlag,
1741 3709 151 49 1928.

234 3784 469 49 179 p., 1 l. 20ᶜᵐ.
234 3841 66 39 At
324 3841 125 39 head
478 3842 51 38 of
557 3841 135 41 title:
723 3843 153 47 Helge
905 3842 148 41 Rode.

167 3891 1983 113 © Dec. 15. 1928; 1c. Jan. 25, 1929; A—Foreign 1486; Gyldendalske boghandel, Nordisk forlag.
