2547 4384
1342 4036 101 49 692

446 463 1188 49 3 p. l., 5-33 p., 1 l. front. (2 port.) 22½ cm .
449 520 146 40 “This
621 521 183 47 playlet
830 530 102 30 was
956 520 245 40 delivered
1229 531 55 29 as
1310 531 28 29 a
1366 521 186 39 lecture
1576 521 166 40 before
1771 521 83 40 the
1880 521 117 41 New
2024 522 131 39 York
2183 523 194 39 theatre

377 577 148 47 guild,
555 577 118 39 New
703 577 131 39 York
864 576 112 49 city,
1007 577 264 40 December
1301 577 126 47 12th,
1460 576 141 48 1928;
1634 578 96 39 and
1760 577 167 41 before
1960 578 81 40 the
2073 578 194 48 League
2297 578 80 40 for

377 632 1686 49 political education … New York city, December 17th, 1928.”
450 675 1928 64 “One thousand copies … were printed at the Georgian press, Westport
512 746 86 48 Ct.,
626 747 60 46 by
712 746 216 40 Richard
955 747 71 40 W.
1054 746 122 40 Ellis
1202 746 49 40 in
1279 746 153 48 April,
1459 757 246 30 mcmxxix
1793 745 24 17 …”

379 801 51 52 ©
463 806 115 47 May
607 806 40 47 2,
680 805 141 47 1929;
851 805 71 40 ,2c.
955 805 96 40 and
1082 805 61 40 aff
1143 805 10 16 .
1156 836 8 9 .
1198 806 114 47 May
1344 804 52 48 9;
1431 805 43 39 A
1505 803 141 49 6989;
1682 805 219 42 Mitchell
1935 806 290 46 Kennerley,
2260 805 117 39 New

447 861 145 41 York.
661 859 282 52 (29-10913)

377 942 359 63 Herrmann,
770 942 145 54 Eva.

447 1020 93 55 On
573 1022 242 67 parade;
850 1020 343 54 caricatures
1224 1019 75 72 by
1331 1019 126 54 Eva
1488 1020 351 70 Herrmann,
1871 1020 190 54 edited
2089 1022 78 68 by
2199 1020 178 54 Erich

375 1100 249 65 Posselt;
680 1098 420 54 contributions
1150 1099 78 69 by
1277 1098 328 69 prominent
1659 1099 251 53 authors.
2002 1099 140 52 New
2199 1098 178 69 York,

377 1176 554 70 Coward-McCann,
964 1180 150 53 1929.

483 1290 9 15 x,
523 1257 86 41 179
636 1268 43 39 p.
709 1257 111 41 incl.
850 1256 143 49 illus.,
1025 1257 172 48 plates.
1257 1256 117 42 25ᶜᵐ.

449 1316 133 39 Each
630 1314 332 41 contribution
1010 1314 96 39 and
1156 1313 275 41 caricature
1480 1313 343 49 accompanied
1872 1314 63 48 by
1984 1324 29 31 a
2062 1314 86 41 list
2199 1315 51 40 of
2298 1316 84 39 the

378 1371 219 42 author’s
626 1372 176 40 works.

381 1427 51 52 ©
462 1430 114 48 Apr.
606 1430 39 41 5.
676 1429 142 47 1929;
850 1429 68 40 2c.
947 1429 116 48 Apr.
1098 1428 77 47 11;
1208 1428 83 41 aff.
1321 1428 115 48 Apr.
1466 1428 53 48 9;
1550 1428 43 39 A
1622 1428 142 47 6994;
1799 1428 458 46 Coward-McCann,
2289 1428 91 41 inc.

457 1485 282 50 (29-11048)

380 1566 190 64 Huch,
599 1566 159 53 Frau
786 1564 255 53 Ricarda
1071 1563 266 64 Octavia,
1370 1568 171 50 1864-

378 1641 1979 134 … Garibaldi and the new Italy … [v. 2] Victory … [translated
571 1721 153 52 from
762 1720 97 53 the
896 1718 252 56 German
1184 1719 78 68 by
1300 1718 308 55 Catherine
1645 1719 206 54 Alison
1890 1720 271 69 Phillips]
2243 1720 139 54 New

379 1800 181 67 York,
588 1799 70 52 A.
689 1798 72 52 A.
791 1796 211 69 Knopf
1034 1830 13 34 [
1054 1800 152 63 1929]

448 1878 904 52 3 p. l., [3]—313, [1] p. map. 21ᶜᵐ.
382 1934 51 52 ©
465 1938 109 40 Jan.
603 1938 41 46 4,
675 1936 142 47 1929;
848 1935 68 42 2c.
946 1936 111 39 Jan.
1087 1934 83 48 10;
1202 1934 82 41 aff.
1316 1935 110 40 Jan.
1457 1935 51 47 8;
1542 1935 42 39 A
1612 1935 141 47 2729;
1787 1935 173 40 Alfred
1992 1935 52 40 A.
2078 1935 181 48 Knopf,
2291 1936 89 40 inc.

379 2019 188 64 Hurd,
595 2017 248 56 Charles
869 2015 244 66 Dewitt,
1143 2015 172 56 1897-

451 2096 122 52 The
620 2093 288 70 pyrolysis
958 2091 65 54 of
1071 2091 209 54 carbon
1331 2093 368 67 compounds,
1748 2091 76 70 by
1877 2091 237 56 Charles
2164 2092 219 54 Dewitt

381 2168 2003 73 Hurd … New York, The Chemical catalog company, inc.,
382 2254 152 51 1929.

451 2334 28 41 8
510 2344 58 37 p.,
601 2333 25 38 1
696 2363 9 17 l.,
739 2331 145 42 9-807
917 2342 42 37 p.
1020 2330 147 41 23½ᶜᵐ.
1239 2329 283 48 (American
1555 2329 235 41 chemical
1825 2329 198 49 society.
2083 2332 301 48 Monograph

381 2390 151 41 series.
610 2400 88 40 [no.
730 2386 96 52 50])

384 2445 51 52 ©
467 2450 114 46 May
610 2448 39 48 8,
678 2447 116 41 1929;
851 2447 67 40 2c.
950 2447 114 47 May
1091 2445 83 48 10;
1207 2444 82 42 aff.
1321 2446 115 47 May
1466 2444 52 48 9;
1551 2445 42 39 A
1623 2444 143 48 9026;
1800 2444 245 42 Chemical
2077 2447 195 47 catalog
2301 2456 67 30 co.,

452 2505 92 41 inc.
614 2502 281 51 (29-11027)

382 2584 241 53 Illinois.
697 2585 280 67 Supreme
1009 2591 175 47 court.

381 2660 2003 146 Reports of cases at law and in chancery argued and determined … V. 333, containing cases in which opinions were filed
383 2817 61 53 in
473 2816 327 67 December,
834 2819 151 64 1928,
1016 2816 113 52 and
1161 2815 315 69 February,
1509 2818 151 64 1929,
1691 2816 114 52 and
1837 2833 155 35 cases
2019 2813 253 55 wherein
382 2833 1980 130 rehearings
693 2912 147 34 were
882 2893 205 53 denied
1130 2897 60 49 at
1231 2893 99 53 the
1371 2892 300 68 February
1712 2897 163 63 term,
1922 2895 150 50 1929.
2156 2891 229 56 Samuel

384 2971 249 69 Pashley
659 2970 201 68 Irwin,
888 2975 259 63 reporter
1175 2969 64 53 of
1268 2969 294 53 decisions.
1629 2970 429 68 Bloomington,
2088 2970 114 68 Ill.,
2235 2972 150 50 1929.

453 3052 66 49 xi,
555 3051 207 51 [13]-700
793 3063 44 37 p.
898 3051 147 42 22½ᶜᵐ.

388 3104 51 52 ©
470 3110 114 46 May
613 3110 39 47 7,
681 3108 142 48 1929;
853 3108 68 42 2c.
951 3109 96 39 and
1075 3107 83 42 aff.
1187 3108 115 47 May
1330 3107 82 47 11;
1444 3107 42 39 A
1515 3107 141 47 9038;
1692 3107 196 41 Samuel
1919 3108 51 40 P.
2001 3107 164 48 Irwin,
455 3108 1914 105 Bloomington,
667 3165 78 41 Ill.

385 3229 433 53 International
848 3229 179 53 silver
1057 3246 306 48 company,
1392 3231 280 68 Meriden,
1705 3231 178 55 Conn.

458 3308 234 58 Correct
720 3310 153 52 table
904 3308 189 69 silver,
1126 3309 73 53 its
1231 3308 190 54 choice
1454 3310 113 52 and
1599 3327 113 35 use.
1793 3309 298 70 [Meriden,
385 3308 1977 132 International

595 3388 706 67 silver company, ᶜ1 929]
458 3467 1920 51 cover-title, 2 p. l., 7-37, [3] p. illus. (inch port.) 8 pl. (in pocket)
385 3524 147 40 31½ᶜᵐ.

391 3575 51 52 ©
469 3579 113 48 Apr.
609 3580 69 47 29,
707 3578 141 47 1929;
877 3579 68 41 2c.
974 3581 95 39 and
1096 3579 82 41 aff.
1207 3580 114 47 May
1348 3580 51 46 8;
1428 3579 42 39 A
1496 3580 141 47 7995;
1668 3581 257 40 Internati,
1956 3581 148 40 silver
2132 3591 82 37 co.,

457 3579 1912 102 Meriden,
595 3634 148 42 Conn.
806 3631 71 54 [©
906 3636 209 48 changes
1144 3636 51 38 in
1225 3635 331 42 illustrations
1587 3637 96 39 and
1715 3638 108 38 text
1851 3638 195 47 matter]

470 3690 281 50 (29-10946)

389 3755 432 53 International
850 3756 310 64 telephone
1188 3757 115 52 and
1333 3757 309 64 telegraph
1672 3758 392 63 corporation.

459 3835 166 53 Ibero
653 3834 285 70 América,
966 3836 190 52 album
1182 3836 274 54 dedicado
1485 3857 31 33 a
1541 3838 56 51 la
1624 3836 351 69 Exposición
392 3838 1968 127 ibero-americana

562 3913 68 52 de
663 3911 216 56 Sevilla
909 3933 38 49 y
978 3933 31 33 a
1040 3915 55 51 la
1126 3914 350 67 Exposición
1507 3915 413 53 internacional
1953 3916 68 52 de
2053 3916 333 68 Barcelona,
