2533 4342
1317 4018 137 53 2088

365 373 408 65 Hinzelmann,
803 375 168 52 Hans
998 372 206 67 Heinz,
1235 379 172 50 1889-

495 450 1877 71 … Achtung ! Der Otto Puppe kommt ! Roman. Leipzig,
364 532 186 70 Wien,
576 532 66 54 E.
669 533 66 51 P.
763 532 107 51 Tal
896 533 46 50 &
968 548 98 52 со.,
1094 533 151 52 1929.

432 611 436 51 238, [1] p. 19 ᶜᵐ .
434 682 63 40 At
523 683 125 39 head
676 681 52 41 of
752 681 110 41 title:
918 681 140 41 Hans
1084 681 61 41 H.
1173 680 340 42 Hinzelmann.

374 734 1979 109 © June 12, 1929; 1c. Sept. 21; A —Foreign 4453; E. P. Tal & со., Verlag. (30-1159)
369 889 159 64 Holt,
560 888 181 54 Basil.

441 967 233 54 Visions
722 968 154 52 from
922 968 96 52 the
1064 968 168 68 Vaal,
1277 984 251 37 sermons
1576 969 109 51 and
1738 967 310 69 addresses,
2093 967 76 69 by
2217 965 163 55 Basil

372 1044 2009 72 Holt … Cincinnati, O., The Standard publishing company,
395 1127 134 50 ᶜ 1929.
441 1205 346 50 204 p. 20 ᶜᵐ .
376 1271 52 52 ©
461 1275 121 48 Aug.
614 1275 40 48 5,
687 1274 118 40 1929;
862 1275 67 40 2c.
962 1275 122 48 Aug.
1116 1274 83 48 10;
1235 1274 82 40 aff.
1350 1274 122 48 Aug.
1506 1274 53 47 9;
1595 1274 43 42 A
1670 1273 144 42 10687;
1880 1274 246 41 Standard
2161 1274 109 47 pnb.
2306 1284 68 29 со.

370 1384 133 63 Hop
532 1382 51 53 o’
612 1399 105 47 my
745 1382 232 54 thumb.

445 1463 145 51 Tom
632 1462 245 69 Thumb,
919 1463 96 52 old
1059 1461 246 69 English
1348 1460 243 69 version,
1634 1460 247 55 Garnett
1926 1460 228 70 Cheney
374 1461 1985 148 drawings.,

596 1539 1095 69 Chicago, A. Whitman & со. [ ᶜ1929]
450 1621 83 50 [62]
570 1632 44 37 p.
650 1620 111 42 incl.
795 1622 86 39 col.
915 1620 167 47 front.,
1118 1620 128 40 illus.
1277 1620 137 48 (part
1447 1619 114 49 col.)
1586 1620 149 40 22½ᶜᵐ.

379 1687 52 52 ©
463 1690 102 41 Oct.
595 1690 69 48 21,
695 1689 118 41 1929;
868 1690 68 40 2c.
965 1690 120 40 Nov.
1115 1691 27 37 4;
1202 1688 82 41 aff.
1315 1690 119 41 Nov.
1465 1689 55 41 13;
1581 1690 42 39 A
1651 1689 149 41 14839;
1856 1690 173 41 Albert
2058 1690 254 40 Whitman
2343 1690 37 40 &

446 1757 67 30 со.
551 1743 71 53 [©
657 1746 347 47 introduction,
1039 1746 61 46 by
1136 1746 212 40 Eleanor
1382 1746 158 40 Gould
1576 1747 97 39 and
1708 1746 332 41 illustrations
2074 1747 62 47 by
2172 1746 208 40 Garnett

444 1803 208 49 Cheney]
722 1803 14 48 (CA
822 1802 176 40 29-717
1015 1801 238 48 Unrev’d)

371 1894 289 66 Hopkins,
690 1895 223 54 Robert
942 1895 324 65 Thurston,
1299 1900 173 50 1884-

440 1974 296 68 Kipling’s
772 1974 207 55 Sussex
1013 1974 289 69 revisited,
1332 1974 77 68 by
1441 1975 68 53 R.
1543 1976 293 51 Thurston
1869 1974 285 68 Hopkins.
369 1975 1986 144 London,

527 2053 77 53 H.
632 2051 244 56 Jenkins
901 2050 224 54 limited
1178 2054 152 64 [1929]

441 2132 86 41 255
552 2144 43 37 p.
623 2132 111 42 incl.
758 2132 166 48 front.,
950 2131 131 42 illus.
1141 2131 148 42 19½ᶜᵐ.

381 2200 1998 52 © 1c. Dec. 26, 1929; A ad int. 13426; pubd. Oct. 30; Herbert Jenkins,
446 2261 86 40 ltd.
604 2259 252 50 (30-1551)

375 2355 148 52 How
555 2360 58 49 to
644 2354 163 55 build
842 2356 113 52 and
987 2353 79 71 fly
1099 2354 231 69 gliders.
1405 2354 140 53 New
1580 2355 165 52 York
1777 2355 136 69 city,
1945 2356 259 67 Popular
2236 2354 150 53 book

448 2432 367 67 corporation
896 2434 154 64 [ᶜ1929]

447 2514 56 39 96
534 2525 42 37 p.
636 2513 145 47 illus.,
813 2513 153 48 diagr.
1026 2512 118 42 30ᶜᵐ.

384 2566 52 52 ©
465 2570 118 40 Nov.
612 2570 69 46 15,
711 2569 140 47 1929;
881 2570 67 39 2c.
979 2570 94 39 and
1106 2568 82 42 aff.
1218 2570 111 38 Dec.
1359 2569 83 47 21;
1475 2569 40 38 A
1543 2568 172 48 17499;
1748 2570 215 47 Popular
1990 2569 125 40 book
2144 2579 127 38 corp.

458 2625 223 50 (30-278)

375 2718 303 65 Hubbard,
715 2719 225 64 Elbert,
979 2724 326 49 1856-1915.

446 2796 380 69 Advertising
856 2797 113 52 and
1002 2796 488 68 advertisements,
1521 2796 75 69 by
1629 2797 204 52 Elbert
1864 2796 315 67 Hubbard;
2212 2797 174 68 being

378 2874 282 68 publicity
693 2874 397 67 preachments
1123 2873 155 52 from
1309 2874 95 52 the
1437 2891 111 50 pen
1581 2873 64 54 of
1676 2874 97 53 the
1806 2875 116 52 Fra
1956 2874 241 53 selected
2230 2874 155 53 from

377 2951 286 52 Roycroft
694 2950 385 69 publications
1111 2952 114 51 and
1257 2951 278 53 herewith
1569 2951 313 53 submitted
1914 2957 58 47 to
2004 2953 98 52 the
378 2952 1983 146 discerning

512 3028 93 53 for
638 3028 151 52 their
820 3028 349 68 inspiration
1204 3029 113 52 and
1350 3029 150 68 help.
1573 3029 144 53 East
1750 3029 248 67 Aurora,
2032 3029 69 53 N.
2138 3029 90 68 Y.,
2263 3030 122 52 The

380 3105 390 69 Roycrofters,
802 3108 150 50 1929.

451 3186 1420 50 2 p. l., 7-276, [8] p. incl. front. (port.) illus. 37ᶜᵐ.
452 3243 129 42 Title
605 3244 51 39 in
682 3244 84 40 red
791 3244 96 40 and
913 3243 143 41 black
1081 3243 177 41 within
1282 3245 306 39 ornamental
1614 3244 189 40 border.

453 3301 262 39 Foreword
743 3301 62 47 by
834 3301 170 39 Elbert
1032 3300 239 40 Hubbard
1344 3332 8 8 II.

455 3356 249 41 “Selected
733 3356 129 40 from
893 3357 82 39 the
1005 3356 96 40 Fra
1134 3357 95 39 and
1262 3357 82 39 the
1375 3355 413 49 Philistine.”—p.
1839 3356 40 48 [8]
1915 3359 51 38 at
1998 3357 105 40 end.

388 3409 1995 53 © Nov. 29, 1929; 2c. Dec. 2; aff. Jan. 9, 1930; A 16161; Roycrofters.
466 3469 281 50 (29-28801)

380 3562 237 64 Imhoff,
648 3563 255 53 Wallace
936 3563 347 54 Garretson.

449 3640 1934 69 Pickling of iron and steel, by Wallace G. Imhoff … 1st ed.
382 3717 329 69 Cleveland,
743 3717 87 69 O.,
860 3719 122 52 The
1012 3720 222 50 Penton
1268 3717 336 70 publishing
1633 3736 98 50 со.,
1764 3721 149 50 1929.

487 3829 10 15 x,
525 3797 85 40 195
637 3807 43 38 p.
740 3797 144 47 illus.,
911 3797 182 47 diagrs.
1152 3797 117 41 24ᶜᵐ.

453 3853 377 48 Bibliography:
861 3865 45 37 p.
935 3853 219 41 147-182.

392 3905 52 53 ©
472 3910 114 41 Dec.
612 3910 55 40 23,
710 3910 140 47 1929;
881 3910 67 40 2c.
978 3911 96 38 and
1103 3910 81 40 aff.
1214 3911 112 39 Dec.
1355 3910 82 47 26;
1470 3910 42 39 A
1539 3909 172 48 16866;
1742 3909 188 41 Penton
1958 3911 108 47 pub.
2096 3920 67 29 со.

469 3965 221 50 (30-792)
