2542 4389
1153 4035 134 50 1181

189 382 180 63 Rock,
407 380 247 54 Francis
690 379 176 54 John.

253 449 1875 76 J. Ross Browne: a biography … by Francis J. Rock …
183 535 403 70 Washington,
615 535 71 52 D.
721 533 81 69 C.,
832 533 122 54 The
986 530 264 56 Catholic
1278 527 321 71 university
1629 527 63 53 of
1720 527 286 67 America,
2039 530 150 51 1929.

291 652 9 16 x,
333 618 56 43 80
417 630 44 37 p.
520 619 56 40 23½ᶜᵐ.

269 689 173 42 Thesis
471 688 106 49 (PH.
649 685 330 50 D.)—Catholic
1014 685 277 47 university
1323 684 52 40 of
1410 682 237 49 America,
1684 681 130 41 1929.

256 744 377 51 Bibliography:
668 755 43 37 p.
744 743 158 42 73-78.

194 814 52 52 ©
276 816 129 43 June
433 817 69 47 10,
531 815 114 42 1929;
706 816 68 40 2c.
806 816 96 40 and
933 814 83 43 aff.
1047 815 127 40 June
1204 813 55 41 13;
1319 812 43 40 A
1389 811 116 41 9829;
1566 811 53 42 F.
1651 811 44 41 J.
1727 811 148 48 Rock,
1911 811 98 41 San
262 810 1911 107 Francisco.
469 872 280 49 (29-16408)

194 1002 246 63 Rogers,
469 999 180 53 Louis
676 998 278 66 William,
983 1003 171 51 1859-

264 1080 372 70 Elementary
665 1078 336 70 theosophy,
1029 1078 77 70 by
1135 1078 65 52 L.
1230 1078 90 55 W.
1351 1077 235 69 Rogers.
1663 1077 71 52 3d
1765 1077 84 53 ed.
1927 1074 272 71 Chicago,

194 1157 865 70 Theo book company [ ᶜ1 929 ]
259 1240 88 41 314
374 1249 44 40 p.
475 1237 57 43 19½ᶜᵐ.

198 1311 52 52 ©
293 1313 116 50 July
449 1313 38 48 6,
531 1312 115 41 1929;
713 1312 68 41 2c.
822 1312 121 48 Aug.
982 1311 54 47 3;
1081 1310 83 42 aff.
1206 1311 117 48 July
1362 1310 83 48 20;
1489 1310 42 41 A
1572 1309 171 49 10566;
1787 1310 51 41 L.
1881 1311 72 41 W.
1996 1309 199 51 Rogers,

265 1371 254 49 Wheaton,
549 1372 77 39 Ill.
694 1368 282 51 (29-16390)

196 1480 326 64 Ryckman,
553 1479 155 55 John
741 1481 71 52 W
1101 1483 329 62 1855-1929,
1462 1481 83 53 ed.

264 1557 176 72 Story
470 1557 66 54 of
567 1578 73 34 an
672 1558 236 68 epochal
943 1562 166 49 event
1141 1557 61 53 in
1234 1558 99 52 the
1361 1555 225 72 history
1619 1556 64 54 of
1714 1556 329 58 California
2062 1577 10 33 :
2105 1559 98 54 the

192 1632 2009 77 Pacific southwest exposition …. 1928, by John W. Ryckman.
198 1716 184 70 [Long
418 1716 208 67 Beach,
664 1714 196 70 Calif.]
902 1714 122 54 The
1058 1715 168 69 Long
1261 1715 192 52 Beach
1491 1713 265 55 chamber
1794 1714 65 53 of
1896 1732 307 37 commerce

197 1796 192 71 [ ᶜ1 929]
265 1874 973 52 292, ii, ii p. illus. (incl. ports.) 24 ᶜᵐ.
203 1945 52 52 ©
283 1948 117 49 July
423 1947 70 49 22,
520 1947 113 41 1929;
688 1948 68 40 2c.
783 1947 120 48 Aug.
931 1946 28 41 6;
1013 1947 82 40 aff.
1122 1947 121 48 Aug.
1270 1947 28 40 5;
1352 1946 43 40 A
1419 1946 145 41 11514;
1621 1946 135 49 Long
1782 1947 163 41 Beach
1974 1946 229 43 chamber

270 2006 53 41 of
347 2016 277 32 commerce.
688 2004 282 50 (29-16482)

204 2115 485 65 Schermerhorn,
718 2113 256 55 William
1007 2114 211 65 David,
1252 2116 172 54 1871-

266 2192 360 78 Beginnings
675 2192 67 54 of
788 2193 99 53 the
939 2191 299 57 Christian
1289 2193 230 66 church,
1569 2193 76 68 by
1692 2193 265 54 William
2011 2193 193 56 David

199 2267 2007 75 Schermerhorn … New York, Cincinnati [etc.] The Methodist
197 2349 639 69 book concern [ ᶜ1 929 ]
271 2428 1622 55 128 p. 19 ᶜᵐ. (Lettered on cover: Life and service series)
275 2502 284 50 “Approved
592 2503 62 47 by
686 2503 83 40 the
803 2501 290 43 Committee
1126 2514 59 29 on
1219 2501 299 42 curriculum
1553 2502 53 41 of
1638 2503 85 40 the
1755 2504 164 40 Board
1954 2503 52 41 of
203 2504 1988 98 education
331 2560 53 41 of
408 2561 82 40 the

517 2559 267 42 Methodist
809 2559 260 50 Episcopal
1095 2559 226 43 church.”

274 2616 351 51 Bibliography
654 2618 54 40 at
735 2618 93 40 end
857 2617 52 40 of
936 2617 119 41 each
1086 2617 217 49 chapter.

210 2685 52 53 ©
299 2689 119 50 Aug.
455 2691 39 45 1,
532 2689 117 41 1929;
711 2690 68 40 2c.
815 2690 96 39 and
948 2689 82 42 aff.
1066 2688 121 49 Aug.
1224 2688 26 41 5;
1316 2689 41 39 A
1393 2689 146 40 10590;
1605 2690 70 39 W.
1714 2689 58 41 D.
1813 2688 390 48 Schermerhorn,

278 2747 266 49 Evanston,
570 2748 77 40 Ill.
711 2746 283 50 (29-16511)

209 2857 454 66 Schortemeier,
694 2856 318 55 Frederick
1044 2858 275 62 Edward,
1355 2863 172 50 1889-
1738 2859 84 54 ed.

273 2934 247 56 Indiana
558 2936 231 69 general
825 2935 367 67 corporation
1226 2936 111 54 law
1373 2937 113 52 and
1522 2935 341 70 companion
1901 2942 133 61 acts,
2071 2936 141 56 with

204 3010 2010 73 explanatory notes by Frederick E. Schortemeier … and Paul
205 3089 2008 74 V. McNutt … together with citations of pertinent authorities
205 3171 75 67 by
321 3171 96 54 the
458 3171 338 69 publishers’
837 3171 267 54 editorial
1146 3171 149 55 staff.
1373 3170 420 72 Indianapolis,
1835 3173 122 52 The
205 3170 2008 133 Bobbs-Merrill

460 3254 506 65 company [ ᶜ1 929]
312 3332 976 51 x p., 1 l. , 171 numb. l., 173-257 p. 22½ ᶜᵐ.
280 3403 177 43 Versos
487 3403 53 41 of
565 3405 163 39 leaves
758 3404 144 41 1-170
932 3403 149 42 blank
1107 3403 81 41 for
1218 3404 177 40 “Notes
1426 3404 96 39 and
1554 3402 358 43 annotations”.

217 3467 1995 58 © July 3, 1929; 2c. July 15; aff. July 17; A 10253; Bobbs-Merrill co.
295 3531 280 51 (29-16468)

219 3640 267 64 Schram,
518 3643 121 53 Fru
671 3642 330 54 Constance
1033 3642 149 55 Wiel
1222 3642 349 62 (Nygaard)
1613 3646 171 51 1890-

283 3716 160 68 Olaf,
472 3717 249 55 Lofoten
751 3718 324 71 fisherman,
1103 3719 78 68 by
1213 3718 317 55 Constance
1558 3718 152 55 Wiel
1743 3719 258 68 Schram,
212 3724 1979 125 translated

412 3795 152 54 from
606 3797 97 53 the
746 3797 347 69 Norwegian
1136 3797 76 69 by
1260 3796 117 56 Siri
1423 3795 299 70 Andrews,
1768 3797 327 54 illustrated
2139 3796 79 71 by

212 3872 280 70 Marjorie
526 3875 194 53 Flack.
791 3875 260 67 London,
1085 3874 141 53 New
1261 3874 165 54 York
1483 3879 120 63 [etc.]
1642 3875 349 70 Longmans,
2028 3874 186 56 Green

215 3952 113 53 and
355 3969 99 50 co.,
483 3955 149 50 1929.
