2512 4377
1311 4014 103 53 218

336 383 188 56 Order
552 383 63 53 of
643 382 103 52 the
776 383 239 50 eastern
1045 380 149 51 star.

406 460 295 70 Adoptive
731 460 109 51 rite
872 457 207 67 ritual;
1112 475 32 33 a
1173 454 148 54 book
1352 451 65 55 of
1447 451 342 53 instruction
1818 448 63 53 in
1911 447 96 55 the
337 447 1972 162 organization,
510 540 371 68 government
915 535 113 53 and
1061 530 339 57 ceremonies
1431 528 65 55 of
1528 527 264 71 chapters
1823 526 66 55 of
1919 525 96 56 the
2051 525 188 56 Order
2271 524 64 53 of

340 604 1996 79 the eastern star, arranged by Robert Macoy … Rev. ed. New
339 695 180 67 York,
550 696 205 66 Macoy
787 689 336 71 publishing
1153 688 112 53 and
1296 685 251 55 masonic
1578 685 212 69 supply
1822 702 99 49 co.,
1953 685 150 51 1928.

404 766 1302 60 240 p., 1 l. incl. front. (port.) illus. pl. 14½ᶜᵐ.
407 832 235 43 Contains
672 840 142 38 songs
845 827 121 42 with
996 826 168 42 music.

344 886 53 52 ©
431 890 120 48 Aug.
585 888 70 47 30,
689 886 143 46 1928;
867 885 69 41 2c.
972 884 131 47 Sept.
1136 883 55 46 6;
1227 881 84 42 aff.
1349 882 131 47 Sept.
1514 880 83 46 15;
1634 878 43 40 A
1708 878 144 46 4371;
1889 878 173 48 Macoy
2098 887 109 38 pub.
2242 877 97 39 and

412 944 216 42 masonic
656 943 174 48 supply
857 951 68 32 co.
986 936 68 53 [©
1085 938 222 42 addenda
1337 939 97 39 and
1463 948 27 29 a
1520 937 97 40 few
1647 935 252 49 revisions]

422 999 253 52 (29-4789)

341 1094 191 65 Osias,
569 1093 240 55 Camilo.

413 1171 296 55 Teacher’s
742 1170 231 53 manual
1010 1168 93 53 for
1136 1167 177 70 grade
1346 1186 104 34 one
1483 1171 59 48 to
1577 1182 349 52 accompany
1961 1163 120 55 The
343 1163 1976 157 Philippine
503 1251 246 67 readers,
776 1249 76 68 by
881 1246 223 56 Camilo
1132 1245 185 56 Osias.
1382 1246 235 55 Boston,
1646 1244 140 53 New
1816 1243 164 52 York
2014 1275 13 34 t
2032 1246 120 63 etc.]
2186 1240 159 56 Ginn

345 1328 648 70 and company [ ᶜ1 929 ]
413 1411 104 49 xiii,
548 1411 88 41 602
664 1422 44 38 p.
730 1386 15 11 “
876 1442 9 9 19ᶜᵐ.

413 1468 235 42 Contains
679 1466 168 41 music.

348 1522 51 52 ©
432 1525 109 42 Jan.
573 1524 69 48 19,
673 1523 118 41 1929;
847 1523 67 42 2c.
947 1522 111 41 Feb.
1089 1521 82 47 18;
1205 1519 81 44 aff.
1319 1519 112 41 Feb.
1462 1519 82 48 16;
1577 1519 41 41 A
1647 1518 143 47 4485;
1827 1517 126 41 Ginn
1986 1516 36 42 &
2052 1527 68 30 co.

424 1580 253 51 (29-5010)

344 1674 356 66 Parkhurst,
736 1673 245 55 Charles
1013 1671 275 64 Bowden,
1323 1676 172 49 1849-

418 1753 121 54 The
568 1752 115 55 Old
711 1753 98 68 log
836 1751 210 54 church
1099 1751 94 67 [by]
1229 1749 137 54 Rev.
1399 1749 63 55 C.
1495 1751 67 51 B.
1593 1747 341 55 Parkhurst.
2015 1747 334 67 [Nashville,

349 1832 197 66 Tenn.,
587 1830 243 52 Printed
873 1828 75 71 by
991 1829 95 52 the
1129 1826 388 56 Cumberland
1562 1825 406 71 Presbyterian
2013 1825 337 69 publishing

347 1908 396 68 house, ᶜ1 928]
418 1985 1054 53 3 p. l., 2 p., 1 l., 151, 7 p. illus. 20ᶜᵐ.
419 2045 130 42 Title
574 2046 129 39 from
733 2054 154 31 cover.

420 2103 68 39 “A
520 2101 334 49 biographical
887 2101 169 40 sketch
1090 2100 49 39 in
1172 2101 135 46 story
1339 2099 52 41 of
1423 2110 131 30 some
1587 2098 52 41 of
1673 2099 82 41 the
1786 2110 146 37 many
1966 2098 240 43 incidents
2242 2099 108 41 that

353 2159 112 40 took
490 2159 135 48 place
653 2157 177 49 during
856 2157 82 42 the
964 2157 88 40 life
1080 2157 51 40 of
1157 2158 84 39 the
1269 2156 220 41 author.”

353 2212 53 52 ©
440 2216 113 43 Dec.
586 2216 69 48 15,
689 2215 142 47 1928;
866 2216 68 39 2c.
968 2215 111 40 Jan.
1113 2214 68 48 16,
1215 2213 142 47 1929;
1393 2213 82 41 aff.
1510 2214 110 41 Jan.
1655 2213 82 44 14;
1774 2215 42 38 A
1848 2214 142 43 3773;
2029 2212 49 42 C.
2113 2215 55 38 B.
420 2214 1914 107 Parkhurst,
605 2273 195 39 Kansas
830 2270 123 50 City.
986 2272 93 39 Mo.
1146 2269 253 52 (29-5102)

351 2366 320 64 Plymouth
704 2365 250 64 cordage
987 2380 306 49 company,
1322 2365 333 68 Plymouth,
1683 2366 171 53 Mass.

420 2437 1930 77 Rope for the boatman … North Plymouth, Mass. [etc.]
351 2518 1132 73 Plymouth cordage company, ᶜ1 929.
420 2603 72 48 29,
525 2604 55 50 [1]
613 2614 58 38 p.,
701 2604 25 39 1
775 2635 9 10 l.
845 2601 129 45 illus.
1142 2635 9 10 23ᶜᵐ.

422 2660 313 42 Illustration
765 2671 61 30 on
857 2662 98 47 t.-p.

356 2713 53 53 ©
436 2717 113 42 Feb.
575 2717 41 47 2,
643 2717 143 47 1929;
813 2718 70 40 2c.
909 2716 113 42 Feb.
1050 2718 54 45 7;
1133 2715 83 42 aff.
1244 2715 113 42 Feb.
1383 2716 54 47 5;
1466 2717 42 38 A
1533 2714 144 49 4340;
1708 2717 261 47 Plymouth
1997 2718 207 46 cordage
2232 2728 69 31 co.

435 2772 251 51 (29-5115)

356 2866 161 66 Post,
546 2866 254 54 Melville
829 2867 315 66 Davisson,
1175 2868 169 56 1871-

428 2945 121 55 The
573 2946 320 54 Bradmoor
917 2947 260 53 murder:
1202 2946 300 70 including
1526 2947 95 53 the
1644 2947 355 55 remarkable
2025 2949 333 53 deductions

359 3023 64 54 of
453 3023 95 56 Sir
574 3024 205 70 Henry
807 3024 260 69 Marquis
1096 3025 64 53 of
1191 3023 273 56 Scotland
1492 3025 164 69 yard,
1682 3026 76 68 by
1785 3024 258 56 Melville
2071 3026 285 55 Davisson

358 3098 1688 77 Post. New York, J. H. Sears & company, inc. [ ᶜ1 929]
422 3182 556 51 4 p. l., 297 p. 20ᶜᵐ.
359 3236 53 52 ©
448 3239 112 42 Feb.
593 3240 69 47 15,
697 3240 141 46 1929;
874 3240 68 42 2c.
977 3240 111 41 Feb.
1122 3241 82 47 23;
1242 3240 82 43 aff.
1361 3241 111 41 Feb.
1508 3241 81 47 19;
1626 3241 42 40 A
1702 3242 140 46 5437;
1882 3243 63 40 M.
1981 3241 57 41 D.
2074 3244 129 47 Post,
2240 3244 116 41 Lost

429 3296 165 50 Creek,
625 3298 72 40 W.
729 3297 86 40 Va.
884 3296 252 51 (29-5229)

357 3388 227 65 Potter,
624 3389 290 55 Beatrice.

428 3466 170 54 Peter
629 3465 261 56 Rabbit’s
921 3469 258 50 almanac
1212 3466 96 54 for
1340 3472 152 63 1929,
1524 3468 76 69 by
1629 3469 262 55 Beatrice
1922 3471 219 54 Potter.
358 3471 1975 127 London

499 3545 112 53 and
638 3544 139 53 New
804 3545 180 67 York,
1011 3544 311 55 Frederick
1346 3546 214 53 Warne
1587 3549 45 51 &
1658 3566 97 48 co.,
1783 3548 102 52 ltd.
1941 3551 151 65 [1928]

433 3625 84 51 [18]
549 3637 44 37 p.
651 3628 86 39 col.
767 3626 164 50 front.,
962 3628 87 40 col.
1081 3628 172 47 plates.
1311 3628 147 41 12½ᶜᵐ.

363 3673 1993 64 © 1c. May 4, 1928; A ad int. 11024; pubd. Mar. 15; Frederick Warne
430 3740 36 39 &
492 3750 82 38 co.,
601 3740 86 39 ltd.

347 3815 1255 75 Punch, v . 176, no. 4567, Jan. 16, 1929.
362 3889 1994 73 © 1c. Mar. 12, 1929; A ad int. 12422; pubd. Jan. 16; Herbert Heather,
430 3953 212 43 London.
