2533 4342
1268 4028 137 50 1596

337 560 194 68 public
570 561 197 52 health
806 560 291 68 relations,
1134 560 140 51 New
1313 559 165 52 York
1517 560 273 69 academy
1828 560 65 52 of
1931 559 305 67 medicine;
2278 563 69 49 21

335 638 412 65 contributors;
780 637 269 53 editorial
1081 637 350 53 committee:
1463 637 271 53 Frederic
1765 637 67 52 E.
1868 637 278 69 Sondern,
2177 637 170 54 Chas.

338 715 238 55 Gordon
612 715 191 68 Heyd,
843 715 67 54 E.
948 714 79 54 H.
1066 715 64 53 L.
1172 714 246 54 Corwin.
1495 714 140 53 New
1673 714 182 70 York,
1890 716 66 52 P.
1996 716 67 54 B.
2100 715 249 70 Hoeber,

336 794 126 69 inc.,
492 796 150 51 1929.

409 872 658 50 xvii, 398 p. diagrs. 19½ ᶜᵐ.
343 940 51 52 ©
426 944 121 49 Aug.
579 944 68 48 14,
680 942 114 41 1929;
854 943 69 41 2c.
954 943 121 47 Aug.
1106 943 59 40 30;
1224 942 83 42 aff.
1340 943 121 47 Aug.
1493 943 55 39 31;
1609 943 42 39 A
1685 943 144 41 11968;
1892 945 123 38 Paul
2048 945 54 40 B.
2136 944 207 42 Hoeber.

408 1000 92 40 inc.
566 999 282 49 (29-22217)

334 1094 240 65 Newell,
603 1095 230 63 Lyman
863 1094 323 65 Churchill,
1216 1097 172 52 1867-

410 1172 1935 68 Practical chemistry, by Lyman C. Newell … Rev. ed. Pt.
342 1250 1980 69 1. Boston, New York [etc.] D. C. Heath and company [ ᶜ1 929]
406 1331 911 50 viii, 543 p. illus., diagrs. 19 ½ᶜᵐ .
406 1403 150 40 Table
596 1414 62 29 on
697 1403 277 48 end-paper.

408 1459 217 40 “Books”
646 1470 8 28 :
687 1470 44 37 p.
760 1458 221 41 494-496.

340 1511 51 52 ©
420 1511 130 53 Sept.
575 1514 70 49 30,
671 1515 114 40 1929;
841 1515 67 40 2c.
937 1517 96 38 and
1060 1515 83 40 aff.
1171 1515 102 41 Oct.
1301 1515 59 39 16;
1413 1516 41 38 A
1479 1515 144 40 14199;
1681 1516 52 40 L.
1802 1548 9 8 C.
1838 1515 198 49 Newell,
2065 1516 278 39 Brookline.

408 1572 147 41 Mass.
619 1571 282 50 (29-22224)

333 1665 178 64 Oaks,
539 1664 194 54 Lewis
759 1666 265 63 Weston,
1057 1670 170 50 1892-

403 1744 251 53 Medical
694 1749 220 64 aspects
953 1744 65 54 of
1056 1745 96 52 the
1191 1745 342 69 Latter-day
1573 1744 153 55 saint
1765 1745 183 54 Word
1987 1744 65 54 of
2092 1744 258 69 wisdom,

329 1820 1994 150 by L. Weston Oaks, M. D. Provo, Utah, Brigham Young university [ ᶜ1 929]
399 1980 578 51 4 p. l., [7]-126 p. 20½ᶜᵐ.
400 2037 352 49 Bibliography
787 2040 52 37 at
872 2038 94 39 end
1001 2037 52 40 of
1085 2038 120 39 each
1236 2038 203 47 chapter
1473 2039 172 46 except
1680 2038 82 39 the
1796 2038 112 40 last.

340 2090 51 52 ©
424 2094 128 48 Sept.
580 2093 70 49 20,
681 2093 118 40 1929;
853 2094 68 39 2c.
951 2094 96 39 and
1077 2093 82 41 aff.
1193 2093 129 48 Sept.
1352 2093 84 48 25;
1468 2093 42 40 A
1538 2093 146 40 13647;
1744 2094 236 45 Brigham
2011 2095 172 47 Young
2212 2095 131 38 univ.

415 2150 281 49 (29-22242)

331 2243 281 64 Orthner,
641 2242 268 65 Ludwig,
942 2244 172 54 1897-

402 2320 696 71 Organisch-chemisches
1161 2322 353 68 praktikum,
1574 2341 113 34 von
1748 2324 84 51 dr.
1895 2324 142 67 phil.
2100 2322 248 69 Ludwig

336 2400 2009 69 Orthner … und dr. ing. Ludwig Reichel … mit 61 figuren.
332 2479 218 68 Berlin,
577 2478 216 68 Verlag
822 2478 251 69 Chemie,
1098 2497 53 49 g.
1179 2497 72 34 m.
1280 2479 51 53 b.
1359 2478 74 69 h.,
1463 2481 149 50 1929.

403 2558 810 49 xvi, 260 p. illus., diagrs. 23 ½ ᶜᵐ.
338 2600 2004 66 © May 15, 1929; 1c. July 3; A— Foreign 3919; Verlag Chemie, g. m.
405 2672 42 41 b.
477 2672 46 41 h.
590 2671 282 50 (29-21704)

325 2766 460 64 Pennsylvania.

404 2844 360 54 Workmen’s
790 2844 431 67 compensation
1247 2846 365 66 supplement
1637 2850 60 47 to
1727 2846 365 67 department
2121 2852 223 62 reports

336 2921 65 53 of
422 2922 446 68 Pennsylvania,
891 2921 336 69 containing
1251 2922 224 68 rulings
1500 2922 114 53 and
1637 2922 268 68 opinions
1928 2922 65 54 of
2015 2924 98 52 the
336 2922 1984 130 Workmen’s

547 3000 426 67 compensation
1011 2999 199 68 board,
1248 2999 266 68 opinions
1553 2998 64 54 of
1655 3001 98 51 the
1791 3005 265 63 attorney
2094 3002 249 67 general,

335 3078 97 51 the
460 3077 231 52 various
718 3082 191 47 courts
938 3076 66 53 of
1031 3077 429 67 Pennsylvania
1491 3078 114 52 and
1634 3078 99 52 the
1761 3078 220 53 United
2015 3077 190 56 States
335 3076 1984 146 Supreme

572 3160 161 47 court
778 3154 303 68 involving
1123 3154 96 52 the
1264 3153 338 54 workmen’s
1647 3156 429 67 compensation
2122 3156 111 51 law
2278 3154 68 53 of

336 3231 1982 147 Pennsylvania during the year 1928. Ed. by Karl E. Richards … Reprinted
993 3309 154 53 from
1175 3312 226 50 volume
1435 3314 66 48 14
1529 3309 65 53 of
1626 3311 368 68 department
2022 3315 224 65 reports
2277 3310 68 53 of

336 3388 442 68 Pennsylvania.
846 3387 399 69 [Harrisburg,
1269 3388 120 67 Pa.,
1415 3388 327 68 Telegraph
1769 3388 267 69 printing
2060 3405 98 51 co.,
2185 3391 153 63 1929]

405 3469 211 41 Various
649 3469 192 49 paging.
901 3468 57 41 23½ᶜᵐ.

339 3521 51 52 ©
416 3526 122 47 Aug.
563 3526 70 48 16,
660 3525 114 40 1929;
829 3525 68 40 2c.
925 3524 102 41 Oct.
1055 3526 24 38 1;
1137 3524 83 41 aff.
1249 3525 102 41 Oct.
1377 3525 58 39 24;
1491 3526 42 38 A
1557 3525 149 41 15326;
1760 3526 60 40 K.
1848 3527 54 39 E.
1930 3525 257 46 Richards,
406 3525 1917 105 Harrisburg,
639 3579 84 42 Pa.

326 3674 271 65 Persing,
628 3675 146 52 Ellis
803 3677 60 53 C.

407 3751 373 70 Elementary
811 3753 215 52 science
1054 3753 78 67 by
1162 3754 220 67 grades,
1451 3753 91 52 bk.
1577 3757 48 49 4.
1695 3753 58 52 A
1784 3758 204 48 nature
2020 3753 174 67 study
2226 3753 116 52 and

336 3828 1980 130 science reader. By Ellis C. Persing … and Edward E. Wildman
559 3907 1544 68 … New York, D. Appleton and company [ ᶜ1 929]
