2542 4389
1078 4046 99 50 841

119 379 212 63 Ladas,
370 379 260 63 Stephen
669 379 64 55 P.

191 458 120 52 The
347 457 408 53 international
794 458 320 68 protection
1149 458 66 53 of
1249 459 163 52 trade
1446 458 191 54 marks
1672 459 76 69 by
1782 460 96 52 the
120 458 1970 130 American

275 535 1839 71 republics, by Stephen P. Ladas … Cambridge, Harvard
118 614 319 68 university
467 631 173 51 press,
672 615 150 54 1929.

113 693 1985 98 viii, 136 p. 23 ᶜᵐ . (Half-title: Bureau of international research, Harvard
262 750 273 48 university
562 752 96 38 and
685 751 242 40 Radcliffe
957 753 192 46 college.
1211 751 231 40 Harvard
1470 751 186 41 studies
1683 751 51 40 in
1763 751 351 43 international

112 806 386 48 law … no. I)
117 862 1960 52 © Feb. 2, 1929; 2c. Apr. 25; a ff. May 13; A 9344; Bureau of internatl.
187 922 224 39 research
436 922 51 38 of
512 922 229 39 Harvard
768 922 81 38 univ.
923 923 93 38 and
1090 921 197 41 Radcliffe
1310 922 192 48 college,
1530 920 300 51 Cambridge,
1858 924 147 39 Mass.

197 977 281 51 (29-12440)

119 1073 301 63 Lambert,
451 1072 233 53 Arthur
715 1073 242 63 Wilson,
987 1073 70 69 jr.

186 1151 243 52 Modern
461 1151 265 68 archery;
761 1169 31 34 a
824 1157 121 48 text
975 1151 148 52 book
1154 1169 73 34 on
1258 1151 95 53 the
1385 1157 91 46 art
1506 1151 65 53 of
1602 1151 268 69 shooting
1900 1150 97 54 for
118 1171 1972 125 accuracy

348 1228 1705 69 with the bow and arrow, by Arthur W. Lambert, jr. …
116 1306 326 53 illustrated
490 1305 139 53 with
678 1305 397 69 photographs
1124 1306 113 52 and
1286 1306 290 68 drawings
1622 1305 76 70 by
1745 1307 99 52 the
1890 1305 223 54 author.

118 1384 137 53 New
285 1383 181 68 York,
494 1383 69 52 A.
597 1382 56 55 S.
684 1385 218 51 Barnes
930 1385 46 50 &
1004 1400 298 51 company,
1335 1386 150 49 1929.

185 1464 953 49 xiv, 306 p. incl. front., illus. 24 ᶜᵐ .
186 1522 122 39 Part
335 1521 52 39 of
417 1521 82 40 the
530 1521 330 39 illustrations
891 1521 265 39 numbered
1188 1531 54 30 as
1273 1521 172 48 plates.

186 1577 351 48 Bibliography:
598 1587 43 37 p.
679 1576 114 50 [296]

121 1628 51 52 ©
199 1633 128 40 June
350 1633 39 47 3,
417 1632 139 48 1929;
584 1633 67 40 2c.
680 1634 113 46 May
819 1632 25 40 3;
900 1631 83 42 aff.
1010 1633 129 39 June
1164 1633 25 39 5;
1244 1632 42 39 A
1312 1632 114 40 9462;
1481 1632 56 40 A.
1567 1632 44 41 S.
1639 1633 187 39 Barnes
1853 1632 37 41 &
1915 1643 66 29 co.

199 1688 280 50 (29-12579)

120 1784 288 63 Larrouy,
437 1784 281 64 Maurice,
750 1789 172 49 1882-

250 1872 1697 71 … Le trident … Paris, Les É ditions de France, 1929.
188 1949 735 49 2 p. l., iv, 248 p., 2 l. 19 ᶜᵐ .
121 2003 1807 53 © Jan. 23, 1929; 1c. Mar. 8; A—Foreign 2318; M. Larrouy, Paris.
199 2063 281 50 (29-12524)

125 2159 79 51 Le
238 2159 172 63 Sage,
444 2158 176 52 Alain
655 2158 179 64 René,
871 2160 326 52 1668-1747.

188 2233 98 56 Gil
312 2236 138 52 Blas
477 2235 68 53 de
573 2234 344 68 Santillana,
944 2235 249 68 adapted
1222 2235 152 53 from
1400 2237 190 51 Padre
1614 2235 165 53 Isla’s
1805 2235 225 53 version
2056 2235 65 52 of

117 2313 259 69 Lesage’s
403 2314 317 53 celebrated
748 2315 167 52 novel
945 2315 113 52 and
1087 2314 189 53 edited
1307 2314 139 52 with
1476 2320 176 61 notes,
1681 2313 439 53 direct-method

119 2391 1939 70 exercises and vocabulary, by J. P. Wickersham Crawford …
118 2470 140 52 New
287 2470 179 69 York,
495 2471 120 51 The
641 2470 336 54 Macmillan
1007 2489 298 50 company,
1336 2473 149 49 1929.

191 2553 1929 49 xii p., 1 l., 197 p. illus. 18 ᶜᵐ . (Lettered on cover: The Macmillan
122 2610 237 47 Hispanic
387 2609 175 48 series)

123 2662 51 52 ©
202 2668 114 46 May
340 2667 69 48 28,
436 2667 113 40 1929;
604 2667 68 41 2c.
699 2668 95 39 and
820 2667 82 41 aff.
930 2668 115 47 May
1069 2667 55 40 29;
1180 2666 41 40 A
1276 2666 85 41 8375;
1418 2666 283 40 Macmillan
1727 2677 67 30 co.

201 2722 281 49 (29-12463)

123 2817 210 64 Lewis,
363 2818 221 53 Harold
616 2819 314 64 MacLean,
965 2824 171 49 1889-

196 2896 1924 71 Physical conditions and public services … by Harold M.
124 2975 201 68 Lewis,
371 2976 139 52 with
556 2976 417 54 contributions
1017 2977 75 67 by
1136 2976 297 52 Theodore
1475 2976 65 52 T.
1585 2974 339 71 McCrosky,
126 2975 1969 131 Raymond

326 3052 1733 70 A. O’Hara … Hastings H. Hart … Henry C. Wright …
126 3132 299 69 including
472 3132 56 52 A
576 3132 206 53 review
832 3132 65 53 of
946 3131 204 53 earlier
1200 3130 282 70 planning
1532 3129 212 71 efforts,
1792 3132 77 69 by
1917 3131 203 67 Henry

126 3210 211 67 James,
385 3211 112 51 and
545 3209 165 55 Some
757 3209 343 68 concluding
1146 3209 388 53 observations
1581 3229 71 33 on
1697 3209 96 54 the
1839 3209 281 69 Regional

124 3304 222 50 survey,
370 3286 76 68 by
471 3287 248 53 Thomas
744 3287 236 52 Adams.
1043 3286 139 53 New
1210 3285 179 67 York,
1416 3285 279 69 Regional
1724 3286 138 68 plan
1890 3285 64 55 of
1981 3286 139 54 New

127 3363 162 53 York
316 3365 113 51 and
459 3364 74 53 its
562 3363 283 68 environs,
877 3367 150 49 1929.

194 3445 27 41 3
250 3456 43 37 p.
361 3477 8 15 l.,
403 3445 143 40 5-209
578 3456 43 37 p.
696 3445 163 41 front.,
893 3445 144 48 illus.,
1071 3455 138 37 maps
1236 3443 50 49 (2
1318 3443 143 49 fold.)
1503 3444 179 48 diagrs.
1742 3444 145 41 28½ᶜᵐ.
128 3445 1996 97 (Half-title:

285 3502 235 48 Regional
548 3512 177 38 survey
754 3502 51 41 of
835 3503 119 39 New
980 3502 132 40 York
1140 3502 95 39 and
1265 3501 65 40 its
1360 3501 239 48 environs,
1630 3502 90 40 vol.
1848 3501 16 49 VIII)

197 3559 246 41 “Selected
474 3559 365 48 bibliography”:
900 3570 43 37 p.
974 3558 217 41 199-201.

129 3612 51 52 ©
214 3619 114 46 May
358 3618 69 47 15,
458 3617 114 40 1929;
633 3617 68 41 2c.
734 3618 96 39 and
862 3617 82 40 aff.
977 3618 116 45 May
1123 3616 54 40 23;
1238 3615 42 39 A
1312 3615 113 40 9271;
1490 3615 286 42 Committee
1809 3626 58 29 on
1903 3616 215 47 regional

197 3674 114 48 plan
338 3674 50 40 of
412 3674 118 39 New
554 3674 133 40 York
711 3675 96 39 and
832 3673 66 41 its
924 3673 241 41 environs.
1230 3671 281 50 (29-12433)

130 3768 403 63 McDermoth,
569 3770 150 53 Cora
754 3769 71 55 A.

259 3843 1863 71 … Almost sleepy time, by Cora A. McDermoth. Boston,
127 3920 997 71 The Stratford company [ ᶜ19 29]
