2533 4384
1048 4016 101 54 317

87 463 150 37 man,
267 443 310 52 assistants,
645 459 49 33 v.
727 444 84 60 85,
841 442 80 51 86.
987 440 176 51 From
1192 438 152 54 June
1374 441 50 63 4,
1457 440 134 50 1926
1620 442 59 48 to
1710 437 264 69 January
2004 440 84 62 31,

91 525 146 49 1928.
318 518 418 68 Indianapolis,
778 518 150 54 Wm.
975 517 67 52 B.
1088 514 281 68 Burford,
1413 515 224 67 printer
1681 519 58 48 to
1785 515 95 52 the
1925 520 163 58 state,

90 599 148 53 1927,
270 601 149 49 1928.

154 681 29 39 2
215 691 42 28 v.
317 679 146 41 22½ᶜᵐ.

87 763 41 28 v.
160 750 68 48 85,
264 745 56 53 ©'
350 749 127 49 Sept.
511 750 39 46 7,
583 748 141 46 1927;
757 759 44 29 v.
834 747 69 49 86,
939 743 51 52 ©
1024 747 116 47 July
1172 747 70 47 13,
1275 746 142 46 1928;
1453 745 67 41 2c.
1553 746 119 40 each
1705 747 117 39 Nov.
1858 747 81 45 21;
1977 745 109 42 affs.

158 809 121 39 Mar.
309 807 39 47 5,
378 806 140 47 1929;
550 806 41 39 A
618 806 129 47 4123,
776 805 142 47 4124;
955 804 136 41 State
1122 804 52 41 of
1203 804 224 48 Indiana,
1460 803 351 48 Indianapolis.

90 973 303 54 Jahrbuch
435 974 97 52 für
570 973 440 69 photographic,
1048 971 536 69 kinematographie
1619 973 118 51 und
158 972 1910 131 reproduktionsverfahren

659 1050 100 52 für
795 1050 91 52 die
924 1050 165 69 jahre
1128 1048 311 54 1921-1927;
1508 1054 169 47 unter
1713 1048 379 69 mitwirkung

157 1129 489 68 hervorragender
674 1126 376 54 fachmänner
1076 1127 153 68 hrsg.
1259 1145 113 34 von
1400 1125 202 54 hofrat
1628 1126 152 68 prof.
1810 1127 85 52 dr.
1925 1126 167 54 Josef

157 1205 1933 67 Maria Eder … und Eduard Kuchinka … 30. bd., l. t.
156 1284 176 53 Halle
375 1283 253 68 (Saale),
659 1283 89 55 W.
781 1284 239 67 Knapp,
1055 1285 151 52 1928.

156 1366 1107 48 viii, 480 p. illus., tables, diagrs. 24 ½ᶜᵐ .
90 1432 1945 53 © Sept. 26, 1928; 1c. Jan. 8, 1929; A —Foreign 1329; Wilhelm Knapp.
88 1559 207 63 Janke,
331 1559 355 65 Alexander,
724 1560 173 55 1887-

157 1638 537 55 Arbeitsmethoden
725 1641 101 52 der
856 1638 465 71 mikrobiologie;
1356 1640 92 53 ein
1481 1639 334 69 praktikum
1849 1640 99 53 für
87 1646 1983 124 studierende

388 1737 72 33 an
495 1718 378 53 hochschulen
910 1719 118 52 und
1065 1736 128 34 zum
1256 1716 466 55 selbstunterricht
1757 1717 107 55 mit
87 1719 1985 129 besonderer

302 1794 545 70 berücksichtigung
903 1798 99 51 der
1058 1794 362 55 technischen
1475 1794 456 71 mikrobiologie,
1985 1815 112 34 von

87 1873 290 68 professor
426 1876 82 51 dr.
559 1875 330 52 Alexander
936 1874 188 54 Janke
1170 1876 117 52 und
1337 1874 293 68 professor
1679 1876 83 52 dr.
1813 1875 281 54 Heinrich

87 1953 181 56 Zikes,
304 1952 104 53 mit
449 1952 98 52 127
584 1952 236 69 figuren.
897 1953 258 52 Dresden
1192 1954 116 52 und
1347 1950 259 72 Leipzig,
1642 1954 65 52 T.
1750 1952 347 69 Steinkopff,

87 2034 148 50 1928.

157 2112 64 45 xi,
251 2112 84 40 183
367 2122 41 38 p.
470 2111 129 41 illus.
767 2143 9 9 22ᶜᵐ.

159 2182 360 46 “Erläuterung
556 2183 86 39 der
676 2180 329 50 biologischen
1041 2180 451 42 fachausdrücke”:
1533 2192 42 38 p.
1631 2181 235 50 [168]-170.

158 2240 413 47 Bibliographical
603 2239 279 40 foot-notes.

93 2307 1984 110 © Aug. 10, 1928; 1c. Jan. 11, 1929; A —Foreign 1263; Theodor Steinkopff. (29-7471)
85 2476 129 64 Job,
244 2477 277 54 Thomas.

165 2555 138 54 Cwn
346 2574 204 34 annwn
606 2556 148 65 (The
792 2556 224 56 hounds
1055 2555 65 55 of
1157 2557 144 59 hell)
1352 2557 75 69 by
1466 2557 250 53 Thomas
1754 2556 144 66 Job;
92 2556 1982 132 illustrated

320 2635 137 52 with
499 2635 248 68 original
788 2635 286 53 woodcuts
1111 2635 75 68 by
1225 2635 265 68 Dorothy
1528 2633 343 54 Kurtzman.
89 2635 1984 145 Minneapolis,

392 2713 811 67 The Triskele press [ ᶜ1 928]
155 2796 27 38 4
210 2805 42 38 p.
318 2825 9 14 l.,
355 2795 133 46 xxxi,
522 2795 54 48 [3]
608 2805 43 38 p.
682 2794 110 41 incl.
822 2795 165 46 front.,
1019 2795 171 47 plates.
1249 2794 117 40 30ᶜᵐ.

156 2864 128 41 Title
315 2864 49 40 in
397 2865 82 39 red
510 2865 94 39 and
636 2864 157 41 black.

168 2921 146 39 “This
342 2921 42 40 is
414 2921 81 41 the
525 2921 106 41 first
660 2925 37 40 &
724 2922 105 40 also
862 2922 79 39 the
972 2921 113 47 only
1114 2920 184 42 edition
1330 2922 52 40 of
1411 2921 115 42 Cwn
1558 2932 177 30 annwn
1768 2923 109 41 that
1909 2923 99 40 will
2040 2925 56 39 be

89 2978 162 40 issued
281 2978 50 39 in
359 2978 100 40 this
485 2978 198 40 format.
741 2979 47 39 It
817 2978 41 41 is
886 2978 188 40 limited
1107 2980 47 38 to
1186 2979 136 40 three
1351 2978 220 41 hundred
1604 2981 93 38 and
1730 2984 366 43 seventy-seven

87 3034 173 48 copies,
296 3035 64 39 all
399 3035 51 39 of
484 3035 155 40 which
676 3045 84 31 are
797 3035 194 47 printed
1026 3035 61 48 by
1121 3035 129 40 hand
1287 3046 60 29 on
1385 3037 267 47 dampened
1690 3037 176 46 sheets,
1904 3037 192 48 namely

89 3091 167 47 papier
288 3091 169 41 ancien
489 3091 126 41 from
652 3092 81 40 the
766 3091 130 41 mills
929 3092 52 40 of
1013 3091 191 41 Canson
1239 3094 47 39 et
1321 3092 320 47 Montgolfier.
1704 3093 101 41 The
1841 3096 138 45 types
2013 3104 83 30 are

89 3147 324 41 Barnhardt’s
446 3147 192 41 version
672 3148 52 40 of
756 3148 180 40 Morris
971 3148 233 48 Chaucer,
1241 3151 73 39 set
1349 3150 60 47 by
1445 3149 144 41 hand.
1652 3150 132 47 They
1821 3151 122 39 have
1979 3151 118 39 been

89 3204 309 42 distributed,
440 3206 95 38 and
577 3205 81 40 the
700 3206 137 39 wood
878 3205 166 41 blocks
1085 3205 123 42 have
1249 3207 121 39 been
1412 3208 272 46 destroyed.
1755 3208 102 41 The
1898 3208 198 43 format,

90 3261 316 48 typography,
442 3262 93 39 and
572 3261 219 48 printing
823 3273 84 29 are
940 3262 62 47 by
1036 3263 55 39 B.
1127 3263 120 40 Buel
1284 3263 222 48 Halleck,
1542 3264 71 41 W.
1649 3264 211 40 Kendall
1897 3263 199 48 Jeffrey.

90 3317 123 40 Fred
251 3318 54 40 T.
343 3318 189 48 Phelps,
570 3318 210 41 assisted
819 3320 53 38 at
907 3319 81 40 the
1024 3329 137 38 press
1197 3320 62 47 by
1296 3319 204 41 Francis
1538 3321 59 40 X.
1636 3320 286 42 Chenevert.
88 3321 1990 94 Finished

260 3374 101 40 this
397 3375 312 47 twenty-first
743 3376 96 47 day
873 3375 52 41 of
961 3376 277 46 December,
1277 3387 355 30 mdccccxxviii
1669 3377 75 41 ‘At
1784 3378 81 40 the
1903 3378 105 46 sign
2047 3378 50 40 of

96 3431 1127 49 the Triskelion’. This is copy number ‘N’ ”
158 3488 40 39 A
229 3489 202 47 tragedy
463 3488 47 39 in
541 3499 88 30 one
660 3491 93 39 act.

96 3552 51 52 ©
176 3558 112 40 Dec.
315 3557 69 47 21,
413 3557 140 48 1928;
583 3559 68 40 2c.
678 3559 96 39 and
803 3558 82 42 aff.
914 3559 113 41 Dec.
1055 3560 54 40 31;
1169 3560 40 39 A
1236 3560 142 47 3789;
1410 3561 52 40 T.
1491 3561 106 48 Job,
1626 3561 287 44 Northfield,
1946 3562 149 42 Minn.

173 3613 252 48 (29-6974)

88 3721 206 63 Johns,
329 3721 166 55 Jane.

162 3799 122 53 The
323 3800 143 68 girls
505 3819 127 34 men
673 3820 214 51 marry,
927 3801 75 70 by
1044 3802 147 54 Jane
1232 3803 203 54 Johns.
1512 3804 140 53 New
1694 3804 183 69 York,
1919 3805 67 52 E.
2030 3805 65 53 P.

92 3876 807 71 Dutton & co., inc. [ ᶜ1 929]
162 3959 84 40 144
292 3971 43 37 p.
396 3960 147 44 19½ᶜᵐ.
