2542 4389
1053 3998 134 52 1129

135 329 247 65 Abbott,
413 330 240 63 Austin,
688 334 327 50 1831-1896.

205 407 1934 71 Abbott New York digest … Consolidated ed. Covering the
135 488 268 67 reported
432 505 150 36 cases
613 487 152 52 from
794 488 97 52 the
921 486 228 54 earliest
1179 487 155 68 time,
1362 486 141 52 with
1534 491 228 48 current
1792 485 345 55 cumulative

135 565 211 52 service
377 565 246 68 keeping
656 565 95 53 the
783 565 187 68 digest
1005 566 213 67 always
1250 571 59 46 to
1343 566 146 51 date.
1568 563 301 69 Compiled
1903 565 113 53 and
2050 564 85 53 ed.

135 643 74 69 by
253 643 120 52 The
415 645 239 65 lawyers
696 642 384 68 co-operative
1122 642 338 69 publishing
1499 661 282 51 company
1823 644 115 52 and
1976 643 162 54 West

135 718 2002 72 publishing company … [v. 10-12] St. Paul, Minn., West
139 799 332 68 publishing
499 816 307 51 company;
840 798 139 52 New
1009 798 164 52 York
1200 799 133 68 city,
1362 798 71 54 N.
1462 799 90 67 Y.,
1581 798 207 68 Baker,
1815 798 248 53 Voorhis
2092 802 46 50 &

134 894 307 51 company;
477 877 308 51 Rochester
816 878 113 51 and
961 876 139 52 New
1134 876 163 51 York
1327 876 134 68 city,
1492 876 69 52 N.
1594 877 90 68 Y.,
1715 877 121 53 The
1866 877 270 68 Lawyers

133 955 383 67 co-operative
545 953 337 70 publishing
912 973 281 50 company
1228 957 171 63 [1929]

198 1034 225 42 3 v. 26 ᶜᵐ.
479 1117 105 29 CONTENTS.—v.
627 1105 70 41 10.
736 1107 140 41 Costs
918 1108 49 39 to
1008 1105 299 42 Courts.—v.
1351 1104 71 42 11.
1456 1106 263 48 Covenant,
1761 1107 174 41 Action
1975 1108 67 50 of,
2082 1110 49 40 to

133 1163 327 49 Curtesy.—v.
492 1162 69 41 12.
593 1163 226 42 Customs
848 1165 96 39 and
974 1174 175 38 usages
1178 1166 48 38 to
1258 1164 279 49 Discovery,
1569 1165 127 40 Title
1725 1165 75 48 by.

134 1229 51 55 ©
214 1235 120 49 Aug.
363 1235 69 49 16,
461 1235 113 41 1929;
632 1236 68 40 2c.
729 1235 119 40 each
877 1236 120 48 Aug.
1026 1235 83 47 21;
1141 1235 108 42 affs.
1280 1234 121 50 Aug.
1431 1236 81 47 20;
1544 1236 42 39 A
1616 1236 346 48 11769-11771;
1996 1238 135 41 West

200 1293 109 48 pub.
339 1304 67 30 co.
435 1293 96 40 and
560 1293 232 48 Lawyers
819 1293 324 48 co-operative
1173 1293 108 48 pub.
1312 1304 68 30 co.

129 1388 310 64 Arnheim,
472 1388 238 55 Rudolf.

255 1465 1878 71 … Stimme von der galerie, 25 kleine aufsätze zur kultur
124 1545 99 53 der
265 1545 127 67 zeit,
434 1544 109 54 mit
582 1544 181 54 einem
806 1547 251 50 Vorwort
1098 1563 111 34 von
1251 1545 167 53 Hans
1462 1545 282 53 Reimann
1786 1547 119 53 und
1948 1547 185 54 vielen

121 1623 227 54 bildern
391 1642 111 34 von
546 1623 148 53 Karl
737 1623 196 54 Holtz.
1014 1622 684 72 Berlin-Schlachtensee,
1741 1626 105 52 Dr.
1890 1625 90 56 W.
120 1627 1987 144 Benary,
314 1705 150 51 1928.

192 1782 769 51 4 p. l., 150, [2] p. illus. 19 ᶜᵐ.
131 1851 1997 54 © Oct. 9, 1928; 1c. Jan. 8, 1929; A —Foreign 1409; Wilhelm Benary.
208 1911 281 50 (29-16000)

128 2008 217 64 Baade,
375 2007 243 65 Walter,
652 2010 327 52 1881-1922.

127 2086 1980 148 … Allgemeine einführung in das gesamtgebiet der psychologie,
327 2164 1802 72 herausgegeben von Richard Strohal … Leipzig, J. A.
130 2243 203 69 Barth,
373 2245 150 51 1928.

190 2323 84 48 xii,
304 2322 87 42 168
417 2334 44 37 p.
517 2323 56 41 23½ᶜᵐ.

129 2390 1996 54 © Aug. 30, 1928; 1c. Mar. 2, 1929; A —Foreign 2143; Johann Ambrosius
196 2452 171 40 Barth.
438 2451 280 50 (29-16093)

123 2546 280 65 Beecher,
431 2546 226 55 Walter
685 2545 213 65 Julius,
932 2552 173 50 1855-
1323 2550 85 53 ed.

197 2627 122 53 The
344 2625 195 70 junior
564 2626 312 54 instructor
903 2627 94 53 for
1022 2627 95 54 the
1144 2628 243 69 teacher,
1414 2635 206 61 parent
1645 2631 114 53 and
1786 2630 185 69 child;
126 2649 1979 125 providing
382 2704 94 53 for
526 2704 326 54 diversified

904 2705 343 54 instruction
1300 2707 60 52 in
1411 2707 281 70 harmony
1743 2708 140 53 with
1937 2709 191 53 school

126 2783 279 69 methods,
443 2784 113 53 and
595 2782 218 70 having
849 2784 96 52 the
982 2802 247 50 purpose
1268 2784 65 54 of
1368 2785 275 70 bringing
1679 2787 96 53 the
1811 2787 165 55 home
2014 2790 111 52 and

125 2861 191 54 school
341 2862 121 53 into
488 2863 176 52 closer
691 2862 272 54 relations
989 2863 141 51 with
1157 2863 135 52 each
1320 2864 162 52 other;
1539 2865 334 70 containing
124 2885 1977 109 suggestions
306 2941 115 52 and
450 2940 259 53 methods
740 2941 284 67 prepared
1055 2940 305 71 especially
1394 2941 94 53 for
1518 2943 48 53 it
1593 2943 76 71 by
1699 2946 174 52 noted
1904 2945 222 54 writers

126 3018 2000 76 and specialists in their various departments … edited by
124 3096 222 55 Walter
382 3095 55 55 J.
477 3097 266 69 Beecher,
780 3095 183 56 Grace
1002 3097 66 54 B.
1108 3097 219 69 Faxon,
1364 3097 328 71 Hildegard
1731 3101 396 71 Blumenstiel,

124 3174 237 53 Miriam
402 3174 316 70 Brubaker,
760 3175 216 53 Bertha
1017 3175 80 54 M.
1136 3175 324 70 Hamilton,
1499 3176 191 59 Laura
1731 3179 395 73 Hassenstein,

123 3251 290 55 Kathleen
442 3252 175 56 Scott.
694 3252 271 70 Chicago,
992 3253 72 55 D.
1096 3254 63 54 C.
1185 3253 271 55 Kreidler
1483 3273 298 54 company,
1810 3261 149 52 1929.

190 3332 712 49 2 v. illus. (part col.) 31 ᶜᵐ.
191 3404 163 48 Paged
384 3403 354 49 continuously.

191 3459 236 43 Contains
454 3460 167 41 music.

127 3529 51 52 ©
209 3533 116 47 July
353 3533 69 47 22,
452 3531 113 41 1929;
623 3533 67 39 2c.
721 3532 96 39 and
846 3531 82 41 aff.
959 3532 117 47 July
1104 3532 57 39 26;
1220 3532 40 40 A
1289 3532 144 42 10384;
1494 3534 56 40 D.
1584 3534 49 42 C.
1662 3536 228 43 Kreidler
1919 3550 68 30 co.
2067 3537 52 52 [©

193 3601 107 29 new
324 3589 328 41 illustrations
680 3589 96 40 and
803 3590 118 48 text]
989 3588 281 50 (29-15753)

123 3685 277 63 Berman,
429 3683 180 54 Jacob
638 3683 193 65 Kohn,
864 3684 171 55 1897-

197 3762 1928 71 Nursing in emergencies, by Jacob K. Berman … with one
126 3842 263 53 hundred
419 3841 133 53 nine
582 3841 396 54 illustrations.
1058 3841 81 55 St.
1171 3842 192 69 Louis,
1395 3843 122 55 The
1548 3844 61 56 C.
1640 3845 72 55 V.
1742 3847 207 73 Mosby
127 3869 1975 120 company,
332 3922 152 51 1929.
