2533 4342
1332 3997 136 52 1784

395 351 120 52 The
574 349 110 53 sho
744 352 134 51 card
935 350 330 52 cartoonist.
1341 350 405 68 Minneapolis,
1809 351 145 51 Bart
2015 349 384 68 publications

464 428 193 64 [ ᶜ19 29 ]
459 507 465 50 114 p. illus. 19 ᶜᵐ.
458 577 129 41 Title
617 578 129 40 from
778 588 155 30 cover.

396 644 51 51 ©
482 648 112 47 July
622 648 39 47 5,
690 647 141 47 1929;
860 647 68 41 2c.
959 648 96 39 and
1086 647 82 41 aff.
1197 648 117 47 July
1343 647 82 41 19;
1456 649 41 37 A
1527 647 170 40 12180:
1732 649 121 38 Bart
1885 649 227 47 supplies,
464 649 1912 96 Minneapolis.
634 703 281 49 (29-18295)

389 797 251 69 [Slaney,
675 798 228 62 George
933 797 243 67 Wilson]
1215 802 172 50 1884-

459 875 142 52 This
639 893 125 49 way
802 879 57 47 to
898 874 251 68 fortune,
1187 892 31 34 a
1253 873 114 53 tale
1402 875 65 51 of
1501 893 33 33 a
1571 875 199 66 talent,
1806 875 76 53 by
1917 874 223 70 George
2175 876 219 53 Woden

415 951 1470 68 [pseud.] London, Hutchinson & co. ltd. [ 1929]
459 1035 86 41 288
577 1047 43 37 p.
681 1035 55 41 19½ᶜᵐ.

398 1104 2000 51 © 1c. Oct. 11, 1929; A ad int. 13168; pubd. Aug. 16; George Wilson
464 1163 191 48 Slaney.
688 1163 237 48 Glasgow.
997 1162 282 49 (29-24740)

385 1256 216 64 Smith,
633 1255 318 54 Frederick
981 1256 336 65 Augustus,
1348 1262 172 49 1856-

458 1333 229 69 Higher
717 1333 344 67 arithmetic,
1093 1333 272 70 designed
1396 1333 95 53 for
1520 1334 97 52 the
1646 1352 97 35 use
1773 1334 64 53 of
1865 1334 142 69 high

388 1335 2014 146 schools and colleges and for self instruction, by Frederick A. Smith …
393 1489 499 70 (Chicago, ᶜ19 29]
458 1573 1438 49 2 p. l., ii-iii. 137 p. incl. tables, diagrs. port. 19½ᶜᵐ.
397 1639 1999 56 © Oct. 10, 1929; 2c. and aff. Oct. 14; A 14138; Frederick A. Smith,
465 1701 225 46 Chicago.
760 1701 284 47 (29-23858)

382 1793 284 66 Smither,
696 1793 181 55 Ethel
902 1794 68 56 L.

389 1872 2008 147 … Jesus and the children, by Ethel L. Smither … illustrated by Alice Carsey. New York, T. Nelson and sons, 1929.
461 2030 1937 49 126 p. incl. col. front., illus. (part col.) 19½ ᶜᵐ (American standard
395 2102 137 38 Bible
566 2103 212 39 readers.
841 2102 119 39 New
992 2102 286 40 Testament
1310 2101 207 48 primer)

397 2154 52 51 ©
482 2158 102 41 Oct.
613 2159 69 38 12.
713 2158 114 40 1929;
886 2157 67 42 2c.
985 2159 96 39 and
1112 2158 83 40 aff.
1227 2158 102 40 Oct.
1360 2157 56 40 16;
1473 2158 42 39 A
1545 2157 145 40 14192;
1752 2158 211 40 Thomas
1993 2159 180 40 Nelson
2204 2158 36 40 &
2270 2169 127 30 sons.

474 2213 281 50 (29-23905)

387 2307 257 65 Stawell,
674 2306 279 55 Florence
982 2307 238 56 Melian.

459 2386 122 52 The
611 2386 225 69 growth
869 2386 64 51 of
963 2384 413 53 international
1409 2385 266 68 thought,
1707 2385 77 68 by
1815 2386 63 51 F.
1911 2384 216 54 Melian
2165 2386 235 55 Stawell

451 2461 1335 69 … London, T. Butterworth limited [1929]
390 2543 1992 106 251, [1] p. 17 ᶜᵐ. (Half-title: The Home university library of modern knowledge. [143])
461 2657 351 48 Bibliography:
873 2667 43 37 p.
946 2655 219 42 247-248.

399 2710 1999 53 © 1c. Sept. 27, 1929; A ad int. 13066; pubd. Aug. 8; Henry Holt and
465 2782 82 36 co.,
577 2771 104 45 inc.,
711 2771 119 38 New
855 2769 147 39 York.
1070 2767 281 49 (29-24067)

387 2865 197 62 Steen,
612 2862 388 65 Marguerite.

462 2937 1879 70 The reluctant madonna, a novel, by Marguerite Steen …
391 3018 240 52 London
688 3023 120 60 [etc.]
847 3015 217 55 Cassell
1097 3017 112 51 and
1242 3032 297 51 company,
1572 3016 103 52 ltd.
1715 3018 172 64 [1929]

460 3098 663 51 4 p. l., 367, [1] p. 19 ½ᶜᵐ .
399 3154 1999 51 © 1c. Nov. 2, 1929; A ad int. 13160; pubd. Sept. 5; Marguerite Elena
467 3214 115 47 May
615 3213 157 42 Steen,
806 3211 522 42 Grange-over-Sands,
1362 3210 312 50 Lancashire,
1710 3212 236 48 England.

478 3270 282 48 (29-24744)

398 3365 347 62 Stevenson,
774 3363 224 53 Robert
1028 3362 199 63 Louis,
1260 3366 325 50 1850-1894.

465 3443 278 51 Treasure
790 3441 200 53 Island
1062 3440 73 68 [by]
1210 3439 216 53 Robert
1470 3439 176 53 Louis
1696 3440 340 65 Stevenson;
2090 3439 186 53 edited
2327 3440 74 68 by

394 3519 211 53 Hiram
636 3518 204 53 Albert
872 3520 210 63 Vance,
1114 3517 219 53 revised
1363 3517 76 68 by
1469 3518 78 52 H.
1582 3518 72 52 Y.
1689 3515 247 68 Moffett,
1968 3515 324 55 illustrated
2326 3515 75 70 by

392 3593 2004 69 Warwick Goble. [New York] The Macmillan company [ ᶜ19 29]
466 3675 1936 51 xl, 356 p. incl. front., illus. (map) plates. 17 ᶜᵐ. (Half-title: New
397 3735 170 47 pocket
592 3733 224 48 classics)

465 3791 351 47 Bibliography:
875 3801 43 37 p.
948 3790 288 39 xxxviii-xl.

402 3840 1996 56 © Sept. 3. 1929; 2c. and aff. Sept. 4: A 13205: Macmillan co. [© new
470 3906 93 37 and
592 3905 189 38 revised
808 3902 347 50 introduction]
1223 3901 281 49 (29-20592)
