2547 4384
1310 4025 134 50 1108

373 386 179 65 Page,
583 387 206 53 Victor
819 388 270 64 Wilfred,
1124 393 171 50 1885-

438 463 245 53 Modern
730 464 256 53 aviation
1035 465 259 69 engines;
1345 462 1033 70 design—construction—operation

370 541 114 53 and
513 542 210 67 repair,
756 560 32 34 a
818 544 294 66 complete,
1143 541 275 69 practical
1451 541 232 53 treatise
1715 541 290 69 outlining
2038 541 213 67 clearly
2281 540 97 52 the

371 619 266 53 elements
668 619 66 53 of
762 619 248 53 internal
1043 619 352 53 combustion
1428 618 388 70 engineering,
1846 618 141 53 with
2020 618 209 68 special
371 617 1984 132 reference
591 702 58 47 to
677 697 97 53 the
802 697 219 69 design,
1047 697 405 66 construction,
1480 696 298 67 operation
1809 696 113 52 and
1952 695 194 69 repair
2173 696 65 52 of
369 695 1986 147 airplane
572 775 388 68 powerplants;
1026 775 117 54 also
1177 774 95 53 the
1306 773 289 70 auxiliary
1627 773 204 70 engine
1861 778 256 65 systems,
2150 773 135 54 such
2320 791 60 35 as

371 852 363 68 lubrication,
762 852 379 69 carburetion,
1169 852 249 69 ignition
1447 852 114 53 and
1590 852 255 69 cooling;
1875 852 47 52 it
1949 852 256 53 includes
369 869 1987 129 complete
549 930 373 54 instructions
952 930 94 52 for
1075 931 203 68 engine
1307 929 298 70 repairing
1633 930 114 53 and
1775 930 327 69 systematic
2131 929 250 53 location

370 1007 65 52 of
467 1009 270 66 troubles,
769 1009 117 51 tool
921 1007 328 69 equipment
1282 1008 114 52 and
1430 1026 96 34 use
1558 1007 65 52 of
1655 1008 163 67 tools,
1854 1008 118 52 also
2008 1008 246 52 outlines
2284 1008 97 52 the

371 1085 1947 69 latest mechanical processes … By Major Victor W. Pagé …
369 1162 298 54 Describes
700 1182 176 49 many
909 1163 219 68 typical
1162 1162 306 53 American
1506 1163 113 52 and
1655 1163 308 68 European
2000 1163 232 69 engines
2268 1164 114 52 and

370 1240 149 54 their
555 1241 375 54 installation.
1004 1240 276 55 Contains
1314 1241 263 52 valuable
1613 1241 372 52 instructions
2018 1244 95 50 for
2148 1242 80 51 all
371 1241 1979 130 aviation
570 1319 277 66 students,
892 1318 191 68 pilots,
1126 1318 437 67 mechanicians,
1608 1318 182 69 flying
1832 1318 134 53 field
2010 1319 372 69 engineering

370 1395 2009 147 officers and all interested in the design, construction and upkeep of airplane powerplants … New York, The Norman W.
371 1552 224 68 Henley
632 1550 339 70 publishing
1004 1569 300 52 company,
1343 1554 150 49 1929.

440 1634 848 48 2 v. fronts., illus., diagrs. 24½ ᶜᵐ.
442 1705 161 48 Paged
633 1704 357 48 continuously.

380 1770 51 53 ©
465 1776 126 39 June
622 1774 69 48 26,
726 1774 141 47 1929;
902 1774 68 41 2c.
1004 1774 118 41 each
1156 1774 115 48 July
1304 1774 54 47 1;
1393 1774 82 41 aff.
1510 1774 116 47 July
1659 1774 83 48 12;
1778 1775 39 39 A
1850 1774 171 48 10184;
2056 1776 215 39 Norman
2308 1777 72 41 W.

445 1833 188 46 Henley
663 1832 110 48 pub.
804 1842 66 30 co.
940 1830 282 50 (29-15258)

376 1927 190 64 Paris,
597 1927 175 64 John,
803 1929 195 67 pseud.

442 2003 1933 70 The island beyond Japan, by John Paris … London [etc.]
370 2082 89 53 W.
491 2080 219 55 Collins
740 2099 129 34 sons
899 2082 46 51 &
974 2098 79 35 co.
1084 2080 104 53 ltd.
1226 2082 173 66 [1929]

440 2163 542 49 3 p. l., 276 p. 19 ᶜᵐ .
380 2204 1982 135 © 1c. June 28, 1929; A ad int. 12904; pubd. May 2; Frank Ashton Cwatkin, London. [29-16167)
375 2385 294 66 Peabody,
699 2385 320 65 Josephine
1047 2385 272 65 Preston,
1350 2386 327 58 1874-1922.

502 2464 1879 72 … The piper, by Josephine Preston Peabody. New ed.,
371 2541 139 53 with
547 2542 412 67 introduction,
994 2548 159 47 notes
1191 2543 113 52 and
1342 2543 360 69 suggestions
1740 2543 95 53 for
1873 2545 172 69 study
2081 2544 76 70 by
2197 2544 184 55 Grace

372 2619 2007 73 Shoup … Boston, New York [etc.] Houghton Mifflin company
376 2701 193 64 [ ᶜ19 29]
442 2779 1621 50 xiii, [4], 4-232 p. 18 ᶜᵐ. (The Riverside literature series)
379 2846 51 52 ©
460 2851 117 46 July
604 2850 68 46 18,
702 2851 142 46 1929;
874 2851 70 40 2c.
971 2852 96 39 and
1097 2851 83 40 aff.
1209 2852 116 42 July
1354 2851 82 46 22;
1469 2851 82 41 aff.
1582 2852 116 48 July
1726 2852 82 47 20;
1841 2852 39 40 A
1911 2853 169 41 11323:
2113 2852 263 46 Houghton

450 2907 168 39 Mifflin
646 2918 68 30 co.
782 2906 282 51 (29-15241)

377 3001 306 64 Peterson,
710 3001 142 53 Purl
879 3003 237 64 Dewey,
1149 3008 172 50 1900-

449 3081 275 69 Through
758 3082 97 52 the
886 3083 182 51 Black
1098 3082 158 54 Hills
1289 3083 113 53 and
1435 3083 128 53 Bad
1593 3083 195 55 Lands
1819 3084 65 53 of
1916 3083 183 56 South
2132 3084 250 70 Dakota,

378 3160 75 68 by
485 3160 67 54 P.
585 3160 73 54 D.
691 3160 291 52 Peterson.
1056 3160 217 70 Pierre,
1310 3159 55 56 S.
1400 3161 92 68 D.,
1526 3161 56 54 J.
1619 3161 153 54 Fred
1808 3160 256 55 Olander
2099 3181 282 51 company

384 3240 192 64 [ ᶜ19 29]
444 3317 463 48 189 p. illus. 22 ᶜᵐ.
381 3383 51 52 ©
463 3388 116 47 July
607 3389 39 46 3,
675 3388 142 45 1929;
849 3390 69 39 2c.
946 3390 95 40 and
1073 3389 83 40 aff.
1185 3390 117 48 July
1332 3389 53 48 6;
1416 3390 40 39 A
1487 3390 170 48 11316;
1691 3391 51 40 P.
1774 3391 58 41 D.
1863 3392 246 47 Peterson,
2143 3391 234 49 Canning,

452 3444 44 40 S.
526 3445 56 39 D.
649 3444 281 48 (29-15225)

377 3539 224 63 Pound,
631 3538 204 54 James
864 3539 261 65 Presley,
1157 3544 84 53 ed.

445 3615 202 55 Voices
693 3616 65 52 of
799 3617 95 53 the
941 3636 121 51 age,
1105 3619 186 52 edited
1339 3620 76 68 by
1458 3621 56 54 J.
1561 3621 233 67 Presley
1838 3622 235 68 Pound;
2121 3622 141 52 with
2308 3640 72 34 an

375 3693 390 53 introduction
797 3695 75 67 by
905 3698 170 51 Peter
1106 3696 239 54 Ainslie.
1421 3697 140 54 New
1594 3699 165 52 York
1790 3698 113 53 and
1938 3699 259 68 London,
376 3700 1982 138 Harper
504 3775 46 49 &
576 3771 278 69 brothers,
886 3777 149 50 1929.

445 3853 529 48 xiv, 222 p., 1 l. 21 ᶜᵐ.
384 3905 51 52 ©
467 3910 116 48 July
611 3911 39 44 3,
680 3910 141 47 1929;
852 3911 68 41 2c.
950 3912 116 47 July
1094 3913 53 46 2;
1179 3912 83 42 aff.
1292 3914 115 46 July
1438 3913 51 46 6;
1523 3914 39 38 A
1592 3913 170 48 10094;
1795 3915 193 47 Harper
2019 3915 36 39 &
2082 3915 127 39 bros.

460 3965 281 51 (29-15355)
