2561 4405
1147 4048 98 49 105

173 475 2001 82 planations, edited by C. H. Irwin … with a foreword on The
173 554 2002 80 study of the Bible, by S. Parkes Cadman … Philadelphia,
174 634 1719 78 Chicago [etc.] The John C. Winston company [ᶜ192 8]
245 717 952 54 575 p. front., plates, maps. 22 ᶜᵐ .
178 776 52 53 ©
261 779 126 50 Sept.
417 779 69 48 19,
515 778 141 47 1928;
686 777 68 41 2c.
783 776 110 40 Jan.
921 776 69 46 24,
1020 774 141 45 1929;
1306 772 110 41 aff.Jan.
1443 772 84 40 29:
1561 773 41 38 A
1630 771 142 47 4111;
1805 770 128 40 John
1965 770 49 40 C.

246 768 1910 109 Winston
381 846 67 29 co.
508 830 67 54 [©
601 833 245 41 foreword
874 843 60 29 on
961 832 101 39 The
1089 831 146 46 study
1262 827 52 43 of
1341 830 84 39 the
1451 828 153 49 Bible]
1674 826 227 51 (29-3046
1911 826 14 48 )

176 914 365 64 Kaufmann,
575 912 258 65 Eduard,
870 916 171 49 1860-

246 991 326 70 Pathology
602 989 93 53 for
723 989 257 54 students
1009 987 113 54 and
1151 985 449 71 practitioner’s;
1633 983 333 56 authorized
175 989 1979 135 translation
395 1067 64 55 of

496 1069 98 52 the
630 1066 302 54 Lehrbuch
972 1067 100 52 der
1109 1064 473 70 pathologischen
1622 1063 300 68 anatomie,
1960 1062 76 70 by
2074 1062 104 53 Dr.

178 1139 1942 75 Edward Kaufmann … translated by Stanley P. Riemann …
178 1220 1442 73 Philadelphia, P. Blakiston’s son & co. [ ᶜ192 9]
246 1306 468 45 3 v. illus. 26 ᶜᵐ .
249 1365 161 49 Paged
441 1362 356 48 continuously.

250 1421 320 41 “References
600 1422 48 37 to
677 1420 81 38 the
787 1416 316 42 literature”:
1134 1427 43 29 v.
1206 1416 41 48 3,
1276 1427 44 38 p.
1348 1414 279 42 2225-2452.

182 1474 51 54 ©
261 1478 110 41 Jan.
396 1478 70 46 22,
493 1476 141 47 1929;
661 1476 68 41 2c.
757 1474 118 41 each
901 1474 96 39 and
1025 1473 82 41 aff.
1135 1473 111 39 Jan.
1271 1471 83 49 23;
1383 1472 42 38 A
1449 1470 143 48 4073;
1623 1471 51 41 P.
1702 1470 300 41 Blakiston’s
2031 1480 87 30 son
2146 1469 36 41 &

250 1544 67 32 co.
384 1532 251 51 (29-2932)

175 1613 574 66 Kingsford-Smith,
795 1610 246 56 Charles
1087 1611 66 55 E.

255 1693 123 54 The
402 1692 169 68 flight
596 1690 66 54 of
683 1690 97 54 the
808 1688 288 56 Southern
1123 1687 190 70 Cross,
1337 1688 76 69 by
1441 1686 64 56 C.
1534 1688 68 52 E.
1630 1685 552 71 Kingsford-Smith

189 1771 113 53 and
340 1770 63 55 C.
442 1771 65 51 T.
545 1770 65 53 P.
649 1768 156 68 Ulm,
843 1767 141 52 with
1023 1785 31 34 a
1095 1764 287 56 foreword
1419 1765 76 70 by
1533 1765 112 53 His
1686 1764 361 72 Excellency,
2086 1765 98 54 the

187 1841 1998 77 Right Honorable Lord Stonehaven … New York, National
187 1926 182 53 travel
397 1925 146 67 club,
574 1926 153 51 1929.

258 2000 1600 55 xii p., 2 l., 295 p. front., illus. (map) plates, ports. 21 ᶜᵐ .
256 2062 290 42 Australian
569 2061 185 40 edition
787 2059 232 50 (Sydney,
1044 2059 288 48 Penlington
1358 2059 36 41 &
1420 2059 309 49 Somerville)
1762 2059 90 42 has
1877 2060 137 41 title:
2044 2060 144 50 Story

187 2119 52 41 of
269 2119 273 42 “Southern
573 2117 172 41 Cross”
777 2116 339 42 trans-Pacific
1146 2115 154 49 flight,
1331 2116 129 41 1928.

185 2174 54 53 ©
264 2177 112 42 Jan.
399 2177 72 48 21,
495 2176 143 46 1929;
664 2176 70 40 2c.
758 2175 97 41 and
880 2173 85 42 aff.
991 2175 111 39 Jan.
1127 2174 58 39 25
1203 2185 9 36 ;
1241 2174 42 40 A
1307 2172 144 49 3944;
1480 2174 184 41 Robert
1690 2176 64 40 M.
1782 2175 231 40 McBride
2040 2176 36 39 &
2102 2186 85 38 co.,

253 2233 117 42 New
399 2233 144 40 York.
612 2230 253 51 (29-2900)

183 2299 306 67 Kingsley,
532 2297 263 67 Charles,
840 2297 327 57 1819-1875.

254 2378 292 69 Hypatia;
580 2397 81 48 or,
692 2377 138 53 New
862 2376 121 53 foes
1016 2376 140 52 with
1190 2395 72 34 an
1293 2376 96 53 old
1423 2375 142 69 face,
1595 2376 76 70 by
1704 2376 238 56 Charles
184 2377 1982 148 Kingsley,
330 2456 276 69 abridged

645 2452 1544 75 and edited by Mabel Goddard … New York,
185 2533 1013 70 The Macmillan company, 1929.
255 2613 1658 55 xxii, 475, [1] p. plates. 19 ᶜᵐ . (The modern readers’ series)
188 2666 1823 61 © Jan. 29, 1929; 2c. and aff. Jan. 30; A 5042; Macmillan co. [©
256 2673 1915 98 introduction
485 2731 95 39 and
610 2732 154 47 notes]
835 2728 252 50 (29-2968)

184 2797 67 51 Li
276 2795 95 54 Ah
399 2796 137 64 San,
563 2795 182 53 Edith
772 2796 141 64 May
940 2795 240 54 Forbes.

256 2873 102 70 My
391 2873 356 68 experiences
779 2890 60 36 as
870 2873 97 52 the
997 2872 139 53 wife
1166 2872 65 53 of
1261 2890 31 36 a
1327 2873 340 54 Chinaman.
1744 2873 365 68 [Instalment
2140 2874 47 68 7]

267 2955 79 51 (In
385 2952 292 47 Thomson’s
717 2951 189 55 weekly
942 2952 162 51 news)

191 3005 2002 60 © 1c. Feb. 15, 1929; A ad int. 12332; pubd. Dec. 22, 1928; American
260 3070 198 49 weekly,
487 3069 106 49 inc.,
623 3070 118 39 New
769 3070 145 41 York.

193 3130 1995 76 Literary leaves by tomorrow’s writers … the best material
259 3212 309 57 submitted
603 3215 76 68 by
713 3215 258 54 students
1006 3217 181 51 under
1223 3218 348 66 twenty-one
1605 3234 164 49 years
1806 3217 65 53 of
1907 3236 121 51 age,
2065 3216 61 54 in
2164 3237 32 34 a

258 3293 373 54 nation-wide
658 3298 215 50 contest
902 3294 313 53 conducted
1241 3293 75 69 by
1346 3295 95 52 the
1468 3294 216 69 weekly
1712 3296 312 69 magazine.
261 3297 1911 126 Current

413 3370 313 52 literature.
792 3373 82 50 1st
903 3372 103 66 ed.,
1037 3373 149 50 1928.
1254 3369 327 71 Columbus,
1611 3370 88 70 O.,
1725 3370 309 56 American

261 3372 1911 145 education press, inc., ᶜ192 8.
261 3531 29 40 2
316 3542 43 37 p.
425 3562 8 16 l.,
463 3531 146 40 7-126
636 3542 44 37 p.
737 3533 150 47 ports.
945 3530 147 42 19½ᶜᵐ.

263 3586 234 42 Contains
526 3587 136 40 short
691 3586 191 51 stories,
912 3597 138 31 verse
1080 3588 96 39 and
1206 3597 181 39 essays.

197 3635 1998 64 © Jan. 18, 1929; 2c. and a ff. Jan. 21; A 2963; Amer. education press,
264 3700 90 43 inc.
423 3701 252 49 (29-2936)

198 3766 566 66 Locker-Lampson,
796 3768 336 64 Frederick,
1167 3772 327 52 1821-1895.

268 3843 360 56 Patchwork.
718 3844 219 56 Second
986 3847 185 53 series.
1257 3846 85 71 By
1395 3847 313 53 Frederick
1755 3847 246 69 Locker;
2053 3848 143 53 with

198 3925 131 50 note
360 3923 75 69 by
469 3923 95 56 Rt.
599 3924 153 54 Hon.
788 3924 327 69 Augustine
1147 3924 232 71 Birrell,
1469 3970 10 9 M.
1554 3969 29 26 P.,
1619 3924 231 70 preface
1882 3928 77 68 by
1993 3927 202 69 Philip
