2512 4335
1244 4008 100 52 138

305 382 247 65 French,
593 384 150 53 Fred
784 384 63 54 F.

371 463 121 53 The
523 463 223 52 French
777 464 156 67 plan,
963 463 75 69 by
1069 463 152 53 Fred
1252 464 65 51 F.
1351 465 240 51 French.
1666 463 138 53 New
1837 465 179 67 York,
2047 467 152 53 Fred
2234 468 65 50 F.

301 540 1225 69 French investing company, inc. [ ᶜ19 28]
374 620 896 50 69, [1] p., 1 l. illus., diagrs. 19 ᶜᵐ.
373 693 185 40 “Tenth
588 692 196 47 edition,
815 691 274 49 December,
1120 691 157 42 1928.”

372 751 285 46 Previously
691 749 255 48 published
983 750 153 39 under
1170 750 109 39 title:
1342 750 101 39 The
1480 751 102 38 real
1616 751 157 39 estate
1807 751 292 41 investment
2134 752 52 39 of
2219 754 81 39 the

300 808 183 41 future.

309 874 52 52 ©
395 878 114 40 Dec.
541 878 70 47 31,
647 876 142 47 1928;
823 878 68 39 2c.
927 877 96 39 and
1058 876 82 41 aff.
1177 877 109 39 Jan.
1322 876 68 48 18,
1426 876 142 47 1929;
1604 877 42 39 A
1679 877 142 47 3792;
1859 878 125 40 Fred
2022 879 52 40 F.
2110 879 188 40 French

375 934 245 48 investing
645 944 81 36 co.,
753 933 91 41 inc.
920 929 52 52 [©
999 944 107 29 new
1132 935 106 38 text
1263 934 96 38 and
1387 933 344 49 illustrations]
1801 934 249 49 (29-3643)

306 1028 261 64 Garrett,
602 1027 200 53 Erwin
837 1027 305 64 Clarkson,
1177 1028 170 54 1879-

374 1107 67 53 Io
479 1106 291 68 triumphe
806 1106 114 53 and
956 1105 162 54 other
1153 1124 204 49 verses,
1392 1106 76 68 by
1505 1105 201 53 Erwin
1745 1105 280 55 Clarkson
2062 1106 236 55 Garrett

367 1182 1739 72 … Philadelphia, The John C. Winston company, 1928.
369 1265 697 50 333 p. front. (port.) 20 ᶜᵐ.
367 1335 316 49 Advertising
712 1337 208 38 matter:
952 1345 43 38 p.
1025 1334 220 41 331-333.

306 1402 52 52 ©
386 1406 119 48 Aug.
533 1406 70 47 27,
633 1405 114 40 1928;
805 1405 67 39 2c.
902 1404 110 41 Jan.
1041 1404 69 48 24,
1140 1403 113 40 1929;
1313 1403 82 42 aff.
1424 1404 110 41 Jan.
1562 1404 56 40 29;
1676 1404 42 39 A
1743 1404 117 41 4106;
1919 1406 53 39 E.
2003 1404 49 42 C.
2084 1405 212 49 Garrett,

372 1462 356 48 Philadelphia.
795 1460 254 50 (29-3500)

302 1556 303 64 Garrison,
638 1555 269 64 Fielding
937 1555 266 64 Hudson,
1238 1556 170 54 1870-

367 1634 96 53 An
503 1633 390 53 introduction
935 1639 58 46 to
1034 1633 96 52 the
1170 1633 223 68 history
1433 1632 65 53 of
1538 1633 295 67 medicine,
1875 1633 140 53 with
2058 1634 241 53 medical

298 1712 367 68 chronology,
699 1711 357 68 suggestions
1093 1710 94 53 for
1221 1711 172 68 study
1429 1711 114 52 and
1577 1711 425 68 bibliographic
2037 1712 153 68 data,
2224 1710 76 71 by

299 1788 2000 71 Fielding H. Garrison … 4th ed., rev. and enl. Philadelphia
298 1869 113 52 and
439 1868 259 67 London,
726 1867 90 55 W.
848 1869 67 50 B.
949 1866 290 55 Saunders
1269 1884 299 51 company,
1601 1869 149 50 1929.

366 1951 86 40 996
483 1962 43 37 p.
586 1950 129 40 illus.
744 1949 133 48 (incl.
911 1950 175 48 ports.)
1154 1950 56 38 24½ᶜᵐ.

366 2022 179 38 Errata
580 2020 94 48 slip
705 2020 215 40 inserted
952 2019 132 40 after
1117 2020 99 47 t.-p.

365 2076 413 49 Bibliographical
817 2076 263 40 foot-notes;
1149 2075 393 48 “Bibliographic
1579 2077 138 39 notes
1754 2076 80 40 for
1871 2076 255 40 collateral

295 2077 1985 106 reading”:
465 2146 44 37 p.
539 2133 218 42 884-922.

303 2200 52 52 ©
384 2205 110 41 Jan.
522 2205 39 48 9,
590 2204 114 40 1929;
761 2205 67 40 2c.
857 2204 111 40 Feb.
996 2205 53 46 5;
1078 2204 83 41 aff.
1190 2204 112 40 Feb.
1330 2203 51 48 6;
1413 2204 41 39 A
1482 2202 140 49 5141;
1655 2205 72 41 W.
1757 2204 54 41 B.
1843 2203 248 41 Saunders
2120 2214 67 30 co.

381 2260 253 51 (29-3665)

299 2355 251 64 Gilman,
583 2355 211 53 Albert
828 2355 304 65 Franklin,
1164 2356 72 68 jr.

369 2434 311 68 Inorganic
712 2434 308 66 reactions;
1057 2453 32 33 a
1122 2434 324 69 dictionary
1478 2433 64 53 of
1574 2433 274 54 chemical
1879 2434 312 68 equations,
2221 2433 75 70 by

297 2510 1996 71 Albert F. Gilman, jr. … Chicago, The Eclectic publishers,
297 2593 147 51 1929.

362 2672 283 49 269 p. 17 ᶜᵐ.
301 2725 52 52 ©
386 2729 110 40 Jan.
529 2729 68 48 10,
631 2728 140 47 1929;
805 2729 68 41 2c.
907 2732 95 39 and
1034 2728 82 42 aff.
1149 2729 110 40 Jan.
1292 2729 81 47 18;
1409 2729 40 39 A
1480 2729 143 48 4117;
1657 2730 55 41 A.
1747 2730 51 40 F.
1834 2729 207 48 Gilman,
2075 2730 76 48 jr.,
370 2729 1906 105 Chicago.
566 2785 252 50 (29-3541)

299 2879 248 65 Giudici,
576 2880 245 55 Davide.

368 2959 122 52 The
517 2959 244 69 tragedy
788 2958 64 54 of
879 2959 96 52 the
1005 2958 176 54 Italia;
1243 2959 141 53 with
1414 2959 96 53 the
1538 2978 249 35 rescuers
1815 2965 59 48 to
1901 2960 97 52 the
2024 2960 101 52 red
2154 2964 140 64 tent,

297 3035 1657 70 by Davide Giudici … London, E. Benn, ltd. [1928]
364 3117 1464 50 viii, 215, [1] p. front., plates, ports., fold. map. 22½ ᶜᵐ.
302 3169 1992 55 © 1c. Jan. 4, 1929; A ad int. 12293; pubd. Dec. 7, 1928; D. Appleton &
369 3241 81 37 co.,
478 3231 119 40 New
623 3231 146 41 York.
833 3230 252 50 (29-4696)

367 3325 121 52 The
517 3326 243 68 tragedy
788 3325 64 53 of
880 3326 96 52 the
1004 3325 206 67 Italia;
1240 3326 141 52 with
1411 3326 95 52 the
1534 3345 248 35 rescuers
1810 3331 59 49 to
1896 3326 97 53 the
2022 3327 100 52 red
2150 3331 140 63 tent,

296 3402 1994 72 by Davide Giudici … New York, D. Appleton and company,
295 3483 150 51 1929.

433 3595 8 16 xv,
478 3563 71 49 [1],
585 3562 98 49 207,
721 3563 54 49 [1]
809 3573 44 38 p.
928 3563 163 48 front.,
1126 3565 171 47 plates,
1331 3565 164 48 ports.,
1530 3566 174 40 double
1735 3576 126 37 map.
1921 3566 56 38 22½ᶜᵐ.

300 3616 52 52 ©
380 3620 111 41 Jan.
517 3621 69 46 11,
614 3621 142 47 1929;
783 3622 68 39 2c.
879 3622 110 40 Jan.
1015 3622 56 39 17;
1127 3621 82 42 aff.
1238 3622 111 41 Feb.
1376 3622 52 46 5;
1457 3622 42 39 A
1525 3622 142 48 2870;
1698 3623 57 40 D.
1782 3623 241 48 Appleton
2052 3623 35 40 &
2115 3633 67 30 co.

379 3676 252 50 (29-3210)

294 3770 161 64 Gold,
492 3770 271 56 Michael.

371 3850 100 50 120
509 3848 244 67 million,
793 3848 76 69 by
911 3848 249 53 Michael
1204 3849 168 54 Gold.
1462 3850 138 53 New
1646 3850 181 67 York,
1867 3850 424 53 International

297 3924 548 69 publishers [ ᶜ19 29]
