2542 4389
1089 4053 137 55 1967

213 483 250 54 Thomas
503 483 262 55 Johnson
802 482 231 53 Michie.
1110 500 51 34 v.
1205 484 47 49 3.
1301 477 734 71 [Corporations-Election
2076 476 66 54 of

214 560 290 67 remedies]
579 558 483 68 Charlottesville,
1093 559 127 66 Va.,
1252 558 122 52 The
1405 555 215 54 Michie
1652 572 300 51 company,
1988 557 152 50 1929.

211 640 586 51 2 p. l. , 1059 p. 26 ᶜᵐ .
147 694 52 52 ©
225 699 118 40 Nov.
367 697 71 42 30.
464 696 116 41 1929;
632 697 67 40 2c.
728 698 96 39 and
850 696 82 41 aff.
958 697 114 40 Dec.
1099 696 29 40 6;
1213 729 9 6 A.
1248 695 143 41 16202;
1448 694 179 40 Michie
1651 703 69 30 co.

138 762 321 64 Michigan.
529 765 277 67 Supreme
835 770 176 46 court.

215 835 1928 73 Michigan reports. Cases decided … from December 4. 1928,
145 923 58 47 to
242 918 205 52 March
487 920 85 65 28,
614 920 150 49 1929.
841 916 257 53 Richard
1137 917 91 53 W.
1274 914 239 70 Cooper,
1554 920 143 48 state
1738 919 260 63 reporter.
2091 929 52 36 v.

145 999 119 57 245,
296 999 86 49 1st
409 994 85 53 ed.
560 993 273 63 Chicago,
863 992 324 64 Callaghan
1218 993 113 53 and
1360 1010 298 46 company,
1691 994 151 50 1929.

350 1075 393 50 xxxv, 769 p. 23 ᶜᵐ .
149 1129 51 52 ©
230 1133 112 40 Dec.
371 1133 70 48 27,
470 1131 140 48 1929;
641 1131 69 41 2c.
739 1133 97 39 and
865 1131 83 41 aff.
979 1131 114 40 Dec.
1120 1131 83 47 30;
1237 1131 42 39 A
1306 1130 172 48 16838;
1512 1130 131 41 John
1673 1129 45 42 S.
1749 1130 268 47 Haggerty,
214 1139 1913 97 secretary
408 1189 53 40 of

487 1190 129 38 state
641 1188 82 40 for
750 1190 129 38 state
907 1188 53 41 of
988 1187 262 48 Michigan,
1277 1187 229 48 Lansing,
1538 1186 142 41 Mich.

138 1251 259 66 Molière,
432 1253 147 53 Jean
613 1251 275 65 Baptiste
920 1252 301 64 Poquelin,
1259 1253 327 55 1622-1673.

217 1331 249 52 Œuvres
500 1331 67 53 de
602 1330 240 54 Molière
878 1330 284 53 illustrées
1198 1330 69 53 de
1303 1348 277 52 gravures
1615 1330 302 53 anciennes
1952 1334 57 48 et

146 1346 1976 115 publiées
343 1403 223 73 d’après
590 1409 80 52 les
694 1412 181 48 textes
901 1407 325 70 originaux,
1254 1425 133 35 avec
1415 1407 99 53 des
1536 1412 160 49 notes
1723 1425 109 50 par
1857 1406 290 53 Bertrand

146 1484 1155 70 Guégan. t. 7. Paris, Payot [ ᶜ192 9]
214 1565 1933 53 3 p. l., [9]-415 p. front., illus. (incl. ports., facsims.) 19 ᶜᵐ . (On
146 1633 163 31 cover:
347 1623 265 41 Collection
651 1624 150 40 Prose
839 1625 49 39 et
925 1623 138 49 vers)

218 1679 234 41 Contains
482 1679 370 49 reproductions
883 1679 52 41 of
965 1679 211 49 original
1208 1679 289 49 title-pages.

149 1730 1538 54 © Sept. 21, 1929; 1c. Oct. 25; A— Foreign 4904; Payot.
140 1799 176 64 Muir,
348 1799 334 67 Augustus,
715 1802 173 54 1892-

211 1878 121 53 The
360 1877 172 54 silent
559 1884 254 58 partner,
842 1879 76 63 by
945 1880 299 62 Augustus
1271 1878 176 54 Muir.
1514 1878 256 64 London,
1799 1879 271 52 Methuen
2103 1883 46 50 &

140 1973 79 37 co.
246 1955 104 54 ltd.
385 1959 171 65 [1929]

212 2036 480 49 254 p., 1 l. 19½ ᶜᵐ .
150 2090 1996 53 © 1c. Dec. 2, 1929; A ad int. 13304; pubd. Oct. 3; A. Muir, Berden,
222 2149 244 49 Stansted,
498 2151 166 43 Essex,
697 2151 238 48 England.
1005 2150 283 49 (29-29438)

148 2216 120 53 The
305 2214 147 53 New
491 2216 263 56 Catholic
790 2218 353 70 dictionary;
1184 2238 30 34 a
1253 2218 277 68 complete
1568 2218 159 52 work
1763 2218 65 54 of
1862 2217 286 55 reference

216 2310 72 34 on
322 2311 169 52 every
524 2292 218 70 subject
775 2294 61 52 in
868 2294 96 54 the
998 2293 124 70 life,
1155 2293 195 69 belief,
1382 2294 299 69 tradition,
1716 2294 155 68 rites,
214 2293 1913 145 symbolism,

375 2371 313 69 devotions,
722 2372 242 70 history,
998 2372 345 70 biography,
1380 2373 156 66 laws,
1573 2371 263 68 dioceses,
1870 2371 283 68 missions,

216 2453 234 63 centers,
487 2449 377 69 institutions,
903 2450 446 70 organizations,
1389 2450 275 54 statistics
1702 2448 66 55 of
1805 2450 96 53 the
1940 2449 211 55 church

217 2525 113 53 and
355 2527 102 51 her
481 2533 132 62 part
638 2527 60 53 in
724 2528 333 70 promoting
1083 2528 233 68 science,
1341 2533 107 62 art,
1477 2527 318 68 education,
1822 2527 175 53 social
218 2527 1911 144 welfare,

397 2605 212 53 morals
646 2606 113 52 and
798 2605 372 54 civilization.
1246 2605 303 69 Compiled
1589 2605 113 53 and
1742 2605 191 53 edited
1971 2605 183 53 under

217 2681 1873 71 the direction of Conde B. Pallen … [and] John J. Wynne …
218 2759 238 54 assisted
491 2759 77 70 by
606 2759 240 56 Charles
883 2762 66 52 F.
986 2761 264 70 Wemyss
1289 2763 232 66 Brown,
1563 2760 254 54 Blanche
1855 2761 82 52 M.
1977 2760 177 70 Kelly

280 2837 1873 69 … [and] Andrew A. MacErlean … under the auspices of the
218 2914 214 54 editors
463 2914 67 54 of
555 2917 97 52 the
685 2915 263 55 Catholic
979 2917 420 69 encyclopedia.
1468 2917 141 52 New
1640 2915 182 69 York,

218 2915 1912 148 The Universal knowledge foundation [ ᶜ192 9]
222 3072 1934 52 iv p., 2 l., 1103 p. front. (port.) illus., plates, fold, maps, facsims.
151 3128 117 42 26ᶜᵐ.

222 3185 227 41 Lettered
478 3197 60 29 on
566 3198 142 29 cover:
762 3187 211 41 Vatican
1000 3187 198 41 edition.

223 3241 377 49 Bibliography:
630 3254 43 37 p.
702 3243 277 42 1039-1093.

155 3294 52 52 ©
233 3299 119 41 Nov.
380 3299 40 49 6,
447 3299 118 41 1929;
615 3301 69 40 2c.
712 3301 119 41 Nov.
859 3301 59 41 30;
973 3300 83 43 aff.
1085 3302 111 40 Dec.
1227 3301 26 40 5;
1310 3301 43 39 A
1380 3301 144 40 17205;
1582 3300 260 42 Universal
1870 3301 284 48 knowledge

221 3355 308 49 foundation,
556 3356 91 41 inc.
715 3357 283 49 (29-28970)

149 3419 167 54 Ohio.
388 3422 185 70 Laws,
603 3428 258 62 statutes,
893 3431 101 47 etc.

288 3498 1698 72 … Page’s Ohio code service, annotated, presenting the
157 3504 1977 123 statute
279 3576 111 52 law
418 3575 66 53 of
511 3575 151 56 Ohio
691 3583 59 47 to
782 3578 148 54 date,
961 3578 141 52 with
1133 3583 160 47 notes
1324 3575 66 55 of

1419 3577 277 53 decisions
1727 3577 67 53 of
1821 3579 96 52 the
1950 3583 206 63 courts,

157 3653 114 52 and
302 3653 264 67 opinions
597 3653 65 53 of
689 3655 99 52 the

157 3655 2001 146 attorney general which construe the statutes of Ohio … by Reed Metzler … [1929, no. 4] Cincinnati,
159 3805 1332 72 O., The W. H. Anderson company [ᶜ192 9]
226 3888 355 49 663 p. 26 ᶜᵐ .
159 3939 51 52 ©
238 3944 112 40 Dec.
379 3945 68 48 26,
476 3945 116 40 1929;
646 3947 67 40 2c.
741 3947 95 39 and
866 3947 81 40 aff.
977 3947 112 41 Dec.
1118 3946 56 40 27;
1230 3946 43 39 A
1300 3946 144 41 16803;
1502 3948 74 40 W.

1604 3947 60 40 H.
1694 3948 255 40 Anderson
1975 3957 68 31 co.
