2512 4377
1323 4050 102 52 404

447 470 499 49 1 p. l., 22 p. 19 ᶜᵐ .
383 537 52 54 ©
466 543 122 40 Mar.
617 542 69 49 16,
716 541 114 42 1929;
887 541 69 42 2c.
986 543 96 40 and
1111 541 83 44 aff.
1223 543 123 40 Mar.
1375 542 56 40 21;
1490 541 42 40 A
1560 541 114 42 6073;
1735 542 60 42 H.
1827 541 49 43 C.
1907 541 230 50 McNeile,
2167 542 213 41 London.

459 598 252 50 (29-7722)

444 692 56 52 A
526 692 261 69 question
814 691 65 54 of
904 693 157 68 mud,
1085 692 78 69 by
1188 693 77 52 H.
1298 692 62 55 C.
1389 692 278 53 McNeile.
1742 692 235 55 Garden
2006 691 155 71 City,
2189 693 71 54 N.
2290 693 92 68 Y.,

374 770 359 69 Doubleday,
761 770 200 53 Doran
988 772 46 51 &
1061 788 299 52 company,
1389 771 128 67 inc.,
1549 773 150 50 1929.

444 851 502 49 1 p. l., 21 p. 19 ᶜᵐ .
379 918 54 53 ©
461 923 124 40 Mar.
613 922 69 48 16,
711 922 115 41 1929;
882 922 70 42 2c.
981 924 96 39 and
1107 922 83 42 aff.
1219 924 123 39 Mar.
1372 922 54 39 21;
1485 922 42 39 A
1556 922 119 41 6072;
1730 923 62 41 H.
1823 922 49 41 C.
1904 922 230 49 McNeile,
2165 922 213 43 London.

456 978 253 51 (29-7723)

375 1073 343 64 Magruder,
752 1073 202 52 Frank
985 1073 248 65 Abbott,
1269 1077 171 52 1882-

442 1150 278 54 National
747 1155 401 65 governments
1178 1151 114 54 and
1320 1150 414 54 international
1762 1150 291 69 relations,
2079 1151 78 69 by
2183 1151 200 53 Frank

371 1227 1985 147 Abbott Magruder … Boston, New York [etc.] Allyn and Bacon [ ᶜ19 29]
443 1388 85 41 xiv
554 1399 57 38 p.,
638 1388 26 40 1
726 1420 8 17 l.,
762 1387 85 42 595
872 1399 57 38 p.,
957 1389 25 39 1
1044 1420 8 17 l.,
1080 1388 59 41 36
1162 1399 44 38 p.
1266 1388 131 41 illus.
1425 1388 135 48 (incl.
1588 1390 164 47 ports.,
1781 1387 165 49 maps)
2013 1387 148 43 19½ᶜᵐ.

445 1459 280 41 “Covenant
771 1459 52 40 of
868 1460 82 39 the
998 1459 192 48 League
1237 1459 53 41 of
1335 1459 211 48 nations,
1596 1459 121 41 with
1766 1460 336 39 amendments
2147 1458 53 41 in
2246 1459 136 41 force

372 1516 138 48 April
536 1517 39 47 1,
604 1515 144 42 1928”:
807 1527 43 38 p.
878 1516 116 41 1-18
1020 1518 52 39 at
1101 1517 106 40 end.

443 1573 352 48 Bibliography
821 1575 53 38 at
901 1574 92 39 end
1020 1573 52 40 of
1099 1574 120 39 each
1245 1573 216 48 chapter.

379 1641 52 52 ©
459 1646 123 40 Mar.
607 1647 40 45 7,
673 1644 119 41 1929;
842 1645 69 40 2c.
937 1646 97 39 and
1060 1644 84 41 aff.
1170 1646 124 40 Mar.
1319 1644 57 41 20;
1431 1645 42 39 A
1499 1644 118 41 5996;
1669 1645 149 48 Allyn
1842 1645 37 40 &
1905 1646 180 40 Bacon.

456 1701 252 51 (29-7835)

380 1798 122 53 The
542 1796 242 54 Manual
826 1797 64 54 of
929 1798 157 53 child
1126 1799 427 67 development;
1597 1817 33 33 a
1668 1797 308 54 handbook
2016 1797 96 53 for
2150 1802 234 64 parents

443 1873 1916 132 and teachers … prepared under the supervision of the Editorial
664 1951 180 54 board
893 1951 65 54 of
1004 1952 98 53 the
1149 1951 341 71 University
1538 1952 229 70 society.
1842 1952 141 54 New
2032 1951 181 69 York,
2262 1951 121 53 The

443 2029 340 70 University
814 2029 231 70 society,
1074 2029 405 69 incorporated
1624 2032 85 65 [ᶜ1928]

441 2113 26 39 2
502 2124 44 38 p.
615 2144 9 18 l.,
658 2112 206 49 iii-lxix,
899 2112 100 48 163,
1037 2113 55 49 [1]
1127 2123 57 38 p.,
1220 2113 25 39 1
1314 2144 9 16 l.,
1357 2113 70 48 14,
1466 2113 72 49 [2],
1571 2112 204 42 167-809
1808 2124 45 38 p.
1885 2112 112 42 incl.
2028 2113 145 48 illus.,
2207 2113 170 48 tables,

372 2168 1674 51 diagrs. col. front. 24 ᶜᵐ . (The Home university bookshelf)
443 2225 235 42 Contains
710 2225 170 42 music.

442 2282 334 49 Frontispiece
823 2281 345 49 accompanied
1214 2282 63 48 by
1323 2283 156 48 guard
1526 2282 138 41 sheet
1708 2281 123 41 with
1877 2281 293 49 descriptive
372 2283 2008 106 letter-press.

445 2396 223 41 “Graded
709 2397 96 39 and
844 2394 245 42 classified
1126 2393 148 41 index
1314 2396 48 39 to
1400 2395 82 40 the
1521 2395 224 40 contents
1784 2394 52 40 of
1874 2395 82 40 the
1996 2396 156 39 Home
372 2395 1991 105 university

499 2451 284 42 bookshelf”:
844 2463 45 37 p.
917 2451 219 42 742-775.

376 2504 52 52 ©
455 2509 112 41 Feb.
594 2508 69 49 18,
690 2508 142 47 1929;
858 2508 71 41 2c.
956 2510 123 38 Mar.
1105 2506 85 48 20;
1219 2507 83 41 aff.
1329 2507 124 41 Mar.
1481 2506 82 47 19;
1593 2507 42 39 A
1662 2505 141 49 6088;
1835 2507 284 49 University
2147 2518 109 37 soc.,
2285 2508 91 40 inc.

447 2561 68 55 [©
550 2565 135 48 trait,
721 2566 182 48 graded
939 2565 96 39 and
1070 2563 244 42 classified
1349 2564 147 39 index
1530 2565 50 39 to
1615 2563 102 43 The
1752 2564 140 40 home
1928 2563 274 49 university
444 2564 1917 107 bookshelf]
660 2621 253 50 (29-7603)

379 2717 265 68 [Mercer,
677 2715 154 55 Cecil
862 2714 277 68 William]
1179 2719 172 50 1885-

444 2791 264 57 Summer
758 2791 166 69 fruit,
974 2791 77 69 by
1101 2790 304 55 Dornford
1459 2791 177 54 Yates
1695 2792 213 68 [pseud.]
2008 2792 139 53 New
2201 2791 180 68 York,

371 2869 248 70 Minton,
650 2869 183 55 Balch
864 2871 47 52 &
940 2888 300 52 company,
1273 2871 151 52 1929.

438 2955 30 39 4
493 2965 45 38 p.
603 2985 9 16 l.,
640 2953 149 42 3-410
817 2965 44 38 p.
921 2953 148 42 19½ᶜᵐ.

376 3006 52 53 ©
453 3013 123 39 Mar.
600 3012 40 48 8,
665 3010 114 41 1929;
833 3011 68 40 2c.
927 3012 123 38 Mar.
1075 3011 55 38 11;
1185 3009 83 43 aff.
1295 3011 123 40 Mar.
1443 3010 57 40 27;
1553 3010 43 39 A
1620 3009 115 42 7120;
1791 3010 249 41 Dornford
2066 3011 165 47 Yates,
2257 3011 118 48 Pau,

442 3068 202 41 France.
715 3066 253 51 (29-7960)

373 3162 357 64 Moehlman,
761 3161 235 53 Arthur
1025 3160 288 65 Bernard,
1346 3166 172 49 1889-

506 3239 1872 70 … Public school plant program; a discussion of the general
374 3317 311 69 principles
717 3317 350 69 underlying
1098 3317 97 53 the
1228 3316 400 70 organization
1661 3317 115 53 and
1811 3317 468 54 administration
2314 3316 65 55 of

373 3396 96 53 the
499 3395 190 54 school
721 3396 166 68 plant
919 3413 274 51 program
1223 3395 62 52 in
1316 3394 194 69 public
1542 3394 303 54 education
1875 3394 262 70 together
2169 3394 142 54 with
2344 3414 31 34 a

374 3472 1978 133 practical technique, by Arthur B. Moehlman … with an introduction
648 3549 1723 71 by Jesse H. Newlon … New York, Chicago [etc.]
430 3629 1059 68 Rand, McNally & company [ ᶜ19 29]
443 3710 1930 50 xvi, 405 p. incl. maps, tables, diagrs., forms. 20 ᶜᵐ . (Public school
374 3768 400 41 administration
805 3768 166 41 series.
1030 3767 173 42 School
1232 3768 151 48 plant,
1415 3769 95 40 vol.
1570 3768 14 48 I)

446 3825 69 40 “A
548 3826 209 39 selected
790 3824 398 49 bibliography”:
1223 3835 44 38 p.
1300 3823 233 48 299-320;
1571 3823 296 50 “Suggested
1903 3822 256 50 readings”
2197 3826 52 39 at
2284 3823 92 42 end

373 3881 52 40 of
455 3892 130 29 some
617 3880 51 41 of
699 3880 82 43 the
812 3881 243 48 chapters.

375 3933 52 52 ©
454 3937 112 41 Feb.
589 3938 70 48 21,
686 3936 118 41 1929;
855 3938 70 40 2c,
951 3937 112 41 Feb.
1087 3936 57 41 25;
1201 3936 82 43 aff.
1310 3938 123 40 Mar.
1460 3936 29 41 9;
1542 3937 42 39 A
1609 3936 114 42 6077;
1780 3937 56 41 A.
1861 3938 55 39 B.
1944 3937 291 45 Moehlman,
2263 3936 108 40 Ann

443 3993 172 42 Arbor.
686 3993 252 52 (29-7749)
