2533 4384
1036 4028 103 50 228

101 372 354 62 Thompson,
482 369 246 63 Waddy,
761 369 168 54 1867-

102 445 1971 148 The first book in United States history, by Waddy Thompson … Rev. Boston, New York [etc.] D. C. Heath and
137 543 1936 132 company [ ᶜ1 929 ]
164 684 615 50 ix, 432 p. illus. 19 ᶜᵐ .
101 755 51 53 ©
180 759 112 40 Feb.
318 758 69 47 18,
414 756 139 42 1929:
582 757 68 39 2c.
677 755 113 41 Feb.
815 755 83 47 23;
928 754 82 41 aff.
1038 755 111 40 Feb.
1176 753 84 49 20;
1288 754 42 39 A
1357 754 142 48 5421;
1529 755 57 40 D.
1615 754 50 41 C.
1693 755 165 40 Heatb
1886 756 37 39 &
1950 766 68 30 co.

177 814 250 50 (29-5261)

172 925 52 51 A
264 925 221 68 history
525 924 64 52 of
627 925 96 51 the
763 924 203 67 people
1005 922 64 53 of
1109 923 96 52 the
1245 922 218 54 United
1508 922 207 69 States,
1753 923 75 69 by
1867 924 233 68 Waddy

100 1000 2002 71 Thompson … Rev. Boston, New York [etc.] D. C. Heath &
94 1084 285 63 co. [ ᶜ1 929]
164 1163 100 46 viii,
298 1162 98 47 540,
428 1163 83 38 lxv
542 1173 43 36 p.
659 1161 166 48 front.,
859 1160 144 46 illus.,
1037 1162 166 47 ports.,
1236 1171 140 37 maps
1403 1160 136 49 (part
1573 1160 199 48 double)
1950 1194 8 9 20ᶜᵐ.

165 1236 139 47 Maps
332 1245 60 29 on
422 1233 366 48 lining-papers.

165 1292 321 39 “References
516 1290 79 40 for
628 1291 223 39 teachers
882 1291 95 38 and
1010 1289 218 48 pupils”:
1262 1301 43 36 p.
1338 1289 284 41 xxxv-xlix.

98 1361 51 52 ©
177 1364 111 41 Feb.
314 1364 69 46 18,
410 1362 114 41 1929;
579 1363 68 40 2c.
674 1362 113 40 Feb.
813 1362 83 46 23;
925 1360 82 42 aff.
1036 1361 111 41 Feb.
1173 1361 84 46 20;
1285 1361 44 39 A
1355 1360 142 47 5420;
1526 1361 57 40 D.
1614 1362 48 41 O.
1691 1362 166 40 Heath
1886 1362 35 40 &
1949 1373 68 29 co.

174 1419 252 50 (29-5262)

98 1530 345 63 Townsend,
471 1528 153 53 Estil
652 1528 356 63 Alexander,
1040 1527 133 54 1872
1202 1547 65 35 or
1291 1531 69 48 3-
1489 1529 84 52 ed.

165 1608 182 55 Scroll
391 1627 192 49 poems
625 1608 76 68 by
743 1606 324 55 Oklahoma
1109 1611 177 64 poets,
1329 1606 151 54 Estil
1523 1607 332 54 Alexander
92 1610 1984 144 Townsend,
279 1687 199 52 editor.
555 1687 199 65 Howe,
788 1684 186 59 Okla.,
1007 1687 123 51 The
1164 1685 185 55 Scroll
1384 1704 157 49 press
1582 1689 172 64 [1928]

161 1766 903 51 3 p. l., [9]—97 p. incl. ports. 20ᶜᵐ.
162 1840 227 40 Lettered
422 1850 56 29 on
512 1849 167 30 cover:
716 1838 152 41 Scroll
898 1848 164 38 poems
1094 1838 62 47 by
1184 1836 255 42 Arkansas
1470 1839 150 46 poets.

163 1897 140 40 Brief
327 1896 267 48 biography
622 1907 60 29 on
707 1906 141 29 verso
874 1895 52 40 of
950 1895 119 40 each
1095 1894 227 49 portrait.

99 1964 53 52 ©
183 1968 103 41 Oct.
317 1968 40 47 1,
387 1966 142 47 1928;
560 1967 68 40 2c.
693 1977 76 30 Jan.
800 1967 41 46 4,
873 1965 141 47 1929;
1048 1965 82 40 aff.
1163 1966 109 39 Jan.
1304 1966 54 46 2;
1393 1966 40 38 A
1465 1965 142 47 5408;
1641 1967 53 39 E.
1726 1966 54 41 A.
1812 1966 286 48 Townsend,

164 2026 167 46 Howe,
364 2024 106 40 Okl.
539 2022 252 49 (29-5202)

91 2133 208 63 Tracy,
333 2133 152 52 John
523 2134 240 52 Evarts.

163 2212 314 67 Corporate
526 2212 390 67 foreclosures,
963 2210 427 69 receiverships,
1435 2213 113 52 and
1595 2211 507 69 reorganizations,

93 2289 2009 70 by John Evarts Tracy … Chicago, Callaghan and company,
90 2372 149 51 1929.

159 2451 133 47 xxiv,
320 2451 86 40 647
436 2462 44 37 p.
539 2450 57 41 26½
627 2452 45 23 cm
677 2482 10 10 .

97 2518 51 52 ©
178 2523 113 40 Feb.
319 2522 68 42 12.
416 2522 143 47 1929;
588 2524 69 39 2c.
687 2523 94 39 and
813 2521 83 41 aff.
926 2522 112 41 Feb.
1067 2522 83 46 15;
1181 2521 42 40 A
1251 2521 143 46 5311;
1426 2522 43 40 J.
1502 2523 52 39 E.
1585 2522 172 47 Tracy,
1789 2521 225 41 Chicago.

174 2578 252 49 (29-5086)

91 2687 302 63 Turnbull,
426 2687 185 53 Grace
643 2687 135 64 Hill,
814 2693 171 49 1880-

163 2765 265 69 Tongnes
465 2764 64 52 of
564 2765 129 66 fire;
732 2784 31 33 a
799 2764 152 54 bible
988 2764 65 54 of
1088 2766 194 52 sacred
1322 2765 311 68 scriptures
1670 2765 64 53 of
1770 2766 98 52 the
1906 2784 188 51 pagan

92 2842 2006 70 world, compiled by Grace H. Turnbull … New York, The
89 2919 333 53 Macmillan
458 2938 300 51 company,
792 2924 151 50 1929.

160 3001 133 47 xxvi,
318 3001 86 40 416
430 3013 43 37 p.
533 3002 146 41 22½ᶜᵐ.

161 3071 378 49 Bibliography:
572 3084 43 37 p.
644 3073 220 41 407-416.

93 3139 51 52 ©
173 3143 110 40 Jan.
312 3143 69 47 29,
410 3144 141 41 1929:
580 3145 68 40 2c.
676 3145 95 39 and
801 3144 83 41 aff.
913 3145 110 41 Jan.
1052 3144 83 45 30;
1165 3145 41 39 A
1235 3145 142 47 5047;
1410 3146 282 41 Macmillan
1722 3158 67 30 co.

171 3199 252 49 (29-5091)

94 3295 70 53 U.
200 3295 57 53 S.
328 3296 184 56 Laws,
547 3302 256 50 statutes,
839 3303 100 47 etc.

159 3372 216 54 United
408 3371 188 55 States
627 3372 155 55 Code
811 3375 326 51 annotated.
1204 3375 123 51 The
1355 3375 136 53 code
1519 3375 64 53 of
1611 3376 97 53 the
1735 3377 140 53 laws
1904 3376 66 54 of
1997 3378 97 53 the

88 3450 217 53 United
343 3449 188 55 States
564 3451 59 51 in
660 3450 155 54 force
850 3452 310 52 December
1194 3452 49 67 7,
1282 3456 153 64 1925,
1470 3472 59 34 as
1565 3455 233 52 enacted
1831 3455 78 68 by
87 3454 1981 142 Congress

88 3527 1980 131 June 28 and approved June 30, 1926 … Tables to December
331 3607 1756 72 3, 1928 … St. Paul, Minn., West publishing company;
87 3684 340 68 Northport,
459 3685 165 68 Long
656 3686 220 66 Island,
907 3686 70 53 N.
1013 3687 92 66 Y.,
1137 3687 256 52 Edward
1426 3687 332 68 Thompson
1792 3707 299 51 company,

90 3765 148 49 1929.

154 3844 82 48 vii,
269 3845 87 40 376
385 3855 43 38 p.
597 3877 9 9 24ᶜᵐ.

90 3908 51 52 ©
175 3913 110 40 Jan.
317 3914 70 46 22,
420 3913 141 44 3929;
594 3916 68 39 2c.
696 3916 112 40 Feb.
842 3915 53 48 9;
931 3915 82 41 aff.
1048 3916 111 40 Feb.
1194 3917 83 46 11;
1312 3917 42 39 A
1388 3917 141 47 5244;
1564 3919 135 39 West
1733 3919 111 48 pub.
1880 3929 81 37 co.,
157 3920 1913 91 Edward
319 3971 275 49 Thompson
621 3982 67 31 co.
