2582 4377
1419 4029 65 49 88

420 398 315 65 Haviland,
765 398 139 53 Mrs.
937 397 213 52 Emma
1187 392 321 67 (Hillmon)
1548 396 172 51 1863-

498 477 199 54 Under
737 476 96 52 the
877 474 287 55 Southern
1208 489 178 48 cross;
1434 488 83 49 or,
1559 469 57 52 A
1657 467 268 53 woman’s
1971 467 107 54 life
2121 466 160 53 work
2325 466 95 52 for

422 553 226 68 Africa,
684 554 76 68 by
795 553 206 51 Emma
1037 550 266 53 Hillmon
1340 547 317 53 Haviland.
1735 544 348 69 Cincinnati,
2120 544 89 68 O.,
2246 543 174 56 God’s

425 631 167 53 Bible
621 630 191 54 school
843 629 114 52 and
987 627 299 53 revivalist
1427 627 67 50 [ᶜ1928]

493 704 1147 56 461 p. incl. front., illus., plates, ports. 20 ᶜᵐ.
425 779 53 52 ©
506 783 128 47 Sept.
661 781 68 48 18,
754 780 141 42 1928;
923 780 68 39 2c.
1017 779 111 40 Jan.
1155 778 38 47 5,
1221 776 141 47 1929;
1392 775 82 41 aff.
1501 776 111 40 Jan.
1637 776 83 45 24;
1750 775 41 39 A
1816 774 143 48 4056;
1988 776 54 41 E.
2070 775 62 40 H.
2159 773 264 49 Haviland,

493 838 220 48 Yakima,
745 837 166 40 Wash.
981 834 250 50 (29-2622)

418 931 236 65 Havlin,
689 929 234 54 Arthur
957 930 61 54 C.

497 1010 122 52 The
658 1009 224 67 history
921 1006 65 53 of
1027 1005 300 69 Company
1367 1005 73 67 A,
1484 1005 140 52 102d
1664 1004 261 53 machine
1967 1022 117 51 gun
2125 1004 302 68 battalion,

427 1085 426 70 Twenty-sixth
893 1084 268 66 division,
1201 1083 71 52 A.
1316 1083 67 52 E.
1426 1083 85 67 F.,
1550 1082 77 69 by
1667 1081 226 53 Arthur
1938 1081 62 55 C.
2044 1082 240 52 Havlin.
2371 1082 58 52 A

427 1164 197 53 record
655 1162 65 54 of
750 1163 96 52 the
876 1162 229 66 service,
1138 1162 59 50 in
1229 1161 95 52 the
1357 1165 162 64 great
1552 1178 137 49 war,
1722 1159 64 53 of
1818 1160 194 68 Troop
2044 1160 73 67 A,
2153 1164 84 49 1st
427 1178 1976 116 separate
577 1241 288 68 squadron
893 1239 445 53 Massachusetts
1369 1239 251 67 cavalry,
1637 1237 97 54 the
1749 1237 341 70 bodyguard
2107 1242 59 49 to
2183 1238 113 54 His
428 1238 1978 148 Excellency,
725 1318 96 52 the
854 1335 282 51 governor
1169 1316 66 52 of
1267 1316 445 53 Massachusetts
1748 1335 59 34 as
1843 1315 302 70 Company
2179 1316 74 68 A,
2290 1317 139 52 102d

425 1396 262 53 machine
713 1413 117 51 gun
857 1395 302 66 battalion,
1186 1394 308 52 American
1523 1394 440 69 expeditionary
1992 1394 199 54 forces.
428 1395 1978 146 [Boston,

573 1473 159 53 Priv.
760 1473 177 67 print,
968 1472 93 52 for
1086 1472 77 51 H.
1196 1469 62 56 C.
1288 1471 170 53 Rodd
1486 1472 114 52 and
1628 1472 320 67 associates,
1977 1475 153 64 1928]

501 1555 25 40 9
550 1565 43 38 p.
650 1586 8 16 l.,
684 1554 86 39 224
791 1564 44 38 p.
896 1552 143 48 illus.,
1064 1554 158 47 plates
1255 1552 49 48 (1
1329 1551 144 49 fold.)
1507 1554 162 47 ports.,
1696 1563 153 39 maps.
1909 1552 56 40 25½ᶜᵐ.

431 1624 53 52 ©
514 1628 113 39 Dec.
658 1627 68 47 31,
758 1626 114 41 1928;
931 1627 69 39 2c.
1030 1626 110 39 Jan.
1170 1626 70 47 21,
1273 1624 113 41 1929;
1446 1625 83 41 aff.
1561 1626 111 41 Jan.
1703 1626 55 39 19;
1819 1626 41 39 A
1888 1626 118 40 2952;
2065 1626 55 42 A.
2152 1627 49 40 C.
2234 1627 197 48 Havlin,

484 1685 213 47 Weston,
727 1684 148 39 Mass.
941 1682 267 49 (29-2560)

430 1777 264 65 Hawley,
735 1776 194 65 Ralph
972 1776 310 65 Chipman,
1328 1781 171 50 1880-

499 1856 122 52 The
652 1855 250 68 practice
933 1853 65 54 of
1027 1853 374 68 silviculture,
1431 1854 141 52 with
1604 1854 317 68 particular
1954 1854 287 54 reference
2272 1861 58 47 to
2362 1855 74 54 its

430 1932 357 70 application
831 1933 60 52 in
935 1932 98 53 the
1075 1932 219 54 United
1342 1930 189 56 States
1575 1931 65 53 of
1682 1931 287 69 America,
2011 1932 77 70 by
2131 1934 194 67 Ralph
2373 1925 62 63 C.

430 2010 2009 71 Hawley … 2d ed., rewritten and reset. New York, J. Wiley
430 2092 47 50 &
509 2108 147 49 sons,
689 2090 137 66 inc.;
862 2087 260 68 London,
1157 2086 303 69 Chapman
1492 2090 46 50 &
1570 2088 162 67 Hall,
1765 2088 243 69 limited,
2044 2091 150 51 1929.

499 2170 1424 51 2 p. l., iii-xiii, 335 p. illus., cliagrs. 24 ᶜᵐ. $4.00
504 2228 349 42 “References”
883 2232 52 38 at
963 2229 92 40 end
1082 2228 52 41 of
1163 2228 118 40 each
1307 2228 215 48 chapter.

436 2298 53 52 ©
517 2302 111 40 Jan.
655 2300 69 48 10,
752 2299 142 48 1929;
923 2299 69 40 2c.
1022 2300 110 39 Jan.
1160 2299 83 46 24;
1275 2297 82 41 aff.
1386 2298 110 41 Jan.
1526 2299 82 46 14;
1640 2299 37 38 A
1707 2298 144 48 4046;
1884 2300 55 41 R.
1971 2301 49 40 C.
2051 2301 219 48 Hawley,
503 2302 1918 104 Cambridge,
713 2358 147 39 Mass.
926 2355 252 49 (29-2502)

430 2452 277 63 Herbert,
742 2451 151 52 Alan
929 2450 262 54 Patrick.

505 2526 1191 71 Topsy, M . P. 14. Solves everything.
597 2607 530 53 (In Punch magazine)
439 2679 2000 52 © 1c. Feb. 14, 1929; A ad int. 12330; pubd. Dec. 19, 1928; A. P. Herbert,
506 2739 213 41 London.

439 2834 205 63 Hiller,
679 2834 217 51 Ernest
929 2832 322 55 Theodore.

510 2910 1869 70 The strike; a study in collective action, by E. T. Hiller …
442 2987 1703 70 Chicago, Ill., The University of Chicago press [ ᶜ19 28]
511 3069 1928 52 xvi, 304 p. 20 ᶜᵐ. (Half-title: The University of Chicago sociological
441 3126 177 48 series)

514 3196 248 40 “Selected
791 3195 367 48 bibliography”:
1218 3206 44 37 p.
1293 3194 218 42 280-291.

445 3249 53 52 ©
527 3254 113 40 Dec.
669 3253 69 48 31,
770 3252 114 41 1928;
943 3253 68 40 2c.
1042 3252 110 42 Jan.
1181 3253 69 47 21,
1282 3252 115 40 1929;
1458 3252 83 42 aff.
1573 3254 110 40 Jan.
1715 3254 56 39 14;
1830 3255 41 38 A
1901 3254 116 41 2978;
2078 3255 284 49 University
2394 3256 51 41 of

513 3309 223 48 Chicago,
766 3309 224 48 Chicago.
1057 3309 252 49 (29-2549)

438 3404 219 63 House,
693 3403 183 64 Floyd
911 3403 238 55 Nelson.

511 3484 123 52 The
674 3501 177 51 range
889 3482 64 53 of
992 3484 174 53 social
1204 3486 230 68 theory;
1479 3504 31 33 a
1551 3503 207 52 survey
1797 3486 65 52 of
1899 3487 98 52 the
2035 3487 412 69 development,

440 3562 314 67 literature,
785 3563 323 53 tendencies
1143 3565 112 51 and
1291 3564 402 53 fundamental
1726 3565 285 67 problems
2046 3565 65 55 of
2143 3565 97 53 the
2274 3566 175 53 social

440 3640 2004 71 sciences, by Floyd N. House … New York, H. Holt and
441 3721 508 66 company [ ᶜ19 29]
551 3832 8 16 x,
589 3800 85 41 587
701 3811 43 37 p.
804 3799 57 40 22½ᶜᵐ.
1048 3801 275 47 (Half-title:
1349 3801 258 40 American
1636 3801 150 40 social
1816 3802 186 40 science
2031 3801 179 41 series:
2242 3802 204 41 General

445 3858 171 43 editor,
648 3858 60 40 H.
736 3858 72 40 W.
838 3857 181 47 Odum)

450 3910 53 52 ©
530 3915 110 39 Jan.
667 3915 39 46 3,
735 3914 115 40 1929;
906 3915 68 39 2c.
1003 3915 111 39 Jan.
1141 3914 53 47 9;
1225 3915 83 41 aff.
1338 3915 110 41 Jan.
1477 3915 82 47 10;
1591 3916 41 38 A
1658 3915 142 47 2750;
1832 3917 168 47 Henry
2031 3917 121 40 Holt
2178 3917 36 40 &
2243 3927 81 35 co.,
2356 3916 91 42 inc.

527 3970 251 49 (29-1421)
