2533 4342
1343 4037 134 50 1338

424 398 238 64 Kumm,
689 399 207 62 Henry
921 397 276 65 William,
1230 403 171 49 1901-

487 475 121 52 The
638 475 408 68 geographical
1077 475 372 53 distribution
1480 475 64 53 of
1575 476 96 52 the
1701 476 241 52 malaria
1975 476 270 70 carrying
416 495 1979 125 mosquitoes;

693 570 32 34 a
751 552 297 52 collection
1076 551 64 53 of
1166 553 264 52 recorded
1462 553 264 52 material
1754 553 60 52 in
1842 553 95 53 the
1963 553 314 68 literature,
2307 554 108 53 and

416 629 1942 70 in personal communications to the author, Henry W. Kumm …
416 707 333 67 Baltimore,
781 707 139 67 Md.,
956 710 151 49 1929.

487 801 68 49 iii,
590 802 85 40 178
709 813 42 36 p.
812 801 128 41 illus.
970 801 187 49 (maps)
1226 802 146 40 26½ᶜᵐ.
1443 803 126 45 (The
1604 802 259 41 American
1898 803 196 47 journal
2130 802 52 41 of
2217 803 207 48 hygiene

465 858 806 49 … Monographic series no. 10)
486 929 377 48 Bibliography:
892 939 43 38 p.
964 928 220 42 108-139.

423 997 53 52 ©
506 1001 121 47 Aug.
659 1000 40 48 9,
731 999 141 48 1929;
905 1001 67 39 2c.
1005 1000 121 48 Aug.
1158 1001 81 45 14;
1276 999 83 42 aff.
1391 1000 121 48 Aug.
1542 999 85 48 24;
1664 1000 41 39 A
1737 999 169 47 12010;
1942 1000 160 41 Amer.
2135 1000 198 48 journal
2367 999 51 40 of

490 1057 218 49 hygiene,
735 1057 284 42 Baltimore.
1083 1055 281 51 (29-17780)

420 1154 84 52 La
530 1153 210 64 Prade,
771 1153 239 53 Ernest.

484 1229 309 69 Marching
835 1235 176 61 notes,
1054 1229 77 68 by
1176 1228 210 54 Ernest
1432 1230 80 51 La
1559 1229 216 63 Prade;
1824 1230 300 52 decorated
2168 1229 75 68 by
2287 1230 132 67 Jay.

415 1306 233 55 Garden
680 1306 153 69 City,
864 1307 69 53 N.
967 1306 91 68 Y.,
1087 1307 356 67 Doubleday.
1477 1308 197 50 Doran
1706 1308 44 50 &
1780 1325 297 50 company,
2108 1306 126 67 inc.,
2270 1308 147 50 1929.

484 1403 800 49 5 p. l., 3-190 p. illus. 19½ᶜᵐ.
482 1476 128 39 Title
640 1486 61 29 on
728 1476 26 38 2
783 1476 177 39 leaves.

484 1532 226 40 Includes
742 1531 167 41 music.

420 1598 53 52 ©
503 1602 122 48 Aug.
659 1602 69 48 16,
760 1601 141 40 1929:
937 1602 69 39 2c.
1040 1602 95 39 and
1170 1600 82 41 aff.
1285 1602 122 47 Aug.
1440 1601 83 45 24;
1560 1601 40 38 A
1635 1600 171 48 10988;
1844 1602 299 48 Doubleday,
2180 1602 167 39 Doran
2381 1606 35 40 &

490 1669 81 38 co.,
596 1658 91 41 inc.
751 1657 281 50 (29-17661)

417 1752 309 65 Larguier,
756 1753 136 64 Leo,
924 1755 172 52 1878-

549 1831 1660 70 … Alphonse de Lamartine. [Paris] Hachette [ ᶜ1 929]
481 1927 1307 49 2 p. l., [7]-188 p., 1 l. 19ᶜᵐ. (Les romantiques)
418 1994 1885 52 © Mar. 13, 1929; 1c. June 7; A—Foreign 3417; Librairie Hachette.
494 2055 280 48 (29-17898)

415 2150 196 64 Leisy,
639 2149 220 52 Ernest
887 2150 85 63 E.,
1003 2152 82 51 ed.

492 2229 438 67 [Introduction,
964 2229 240 52 selected
1240 2228 240 68 reading
1513 2228 115 68 list,
1662 2234 160 47 notes
1855 2230 113 51 and
2000 2228 290 68 questions
2323 2228 94 53 for

415 2304 2001 69 study] by Ernest E. Leisy … [in the book entitled] The scarlet
416 2383 2002 70 letter; a romance by Nathaniel Hawthorne … New York,
416 2464 249 52 Thomas
693 2463 210 52 Nelson
930 2464 111 51 and
1071 2480 145 51 sons,
1247 2465 148 50 1929.

482 2557 139 47 xxiii,
652 2556 87 41 290
771 2568 43 37 p.
904 2556 117 41 16½ᶜᵐ.

416 2622 52 53 ©
497 2627 117 48 Aug.
645 2628 68 47 17,
741 2626 140 48 1929;
910 2627 67 41 2c.
1007 2627 94 39 and
1130 2626 83 42 aff.
1240 2627 120 47 Aug.
1388 2627 50 38 21;
1501 2626 39 39 A
1570 2625 170 48 10857;
1772 2627 211 40 Thomas
2011 2627 177 40 Nelson
2219 2627 36 40 &
2284 2636 126 30 sons.

414 2735 287 65 Leonard,
732 2735 323 64 Jonathan,
1090 2737 173 52 1875-

547 2813 1700 70 … The meddlers. New York, The Viking press, 1929.
474 2893 627 49 4 p. l., 3-416 p. 19½ᶜᵐ.
415 2962 53 52 ©
498 2967 120 47 Aug.
647 2966 69 46 24,
749 2966 139 41 1929;
921 2966 67 41 2c.
1024 2966 128 48 Sept.
1181 2967 53 44 3;
1269 2965 82 40 aff.
1382 2966 120 47 Aug.
1533 2965 83 47 30;
1651 2966 41 38 A
1722 2965 145 40 12090
1878 2970 14 15 ;
1928 2965 179 47 Viking
2136 2974 148 40 press,
2319 2966 90 41 inc.

491 3022 280 49 (29-17923)

413 3116 211 65 Lewis,
652 3116 204 64 Lloyd.

480 3193 1930 73 Chicago, the history of its reputation: part I by Lloyd
408 3273 2003 69 Lewis, introduction and part II by Henry Justin Smith. New
409 3352 1404 67 York, Harcourt, Brace and company [ ᶜ1 929]
478 3432 84 49 xii,
592 3432 85 41 508
706 3443 43 38 p.
809 3432 148 41 22½ᶜᵐ.

480 3502 262 42 “Sources”:
804 3515 43 37 p.
876 3502 222 42 495-497.

414 3568 1991 53 © Aug. 22, 1929; 1c. and aff. Aug. 27; 1c. Aug. 28; A 11908; Harcourt,
481 3630 155 39 Brace
667 3630 37 40 &
733 3641 81 35 co.,
847 3629 90 41 inc.
1009 3629 279 48 (29-17674)

411 3722 260 65 Lincoln,
697 3723 221 64 Joseph
949 3723 245 65 Crosby,
1225 3725 171 53 1870-

484 3801 209 54 Blair’s
730 3802 156 68 attic,
921 3803 77 69 by
1035 3802 216 68 Joseph
1290 3802 61 54 C.
1388 3802 242 53 Lincoln
1670 3803 113 52 and
1821 3803 277 50 Freeman
2136 3800 269 65 Lincoln;

413 3880 109 52 end
563 3897 206 50 papers
811 3880 76 68 by
927 3880 71 54 N.
1041 3880 63 54 C.
1146 3880 226 67 Wyeth.
1449 3880 139 52 New
1631 3879 181 65 York,
1855 3877 553 69 Coward-McCann,

412 3957 126 68 inc.,
569 3959 149 50 1929.
