2542 4389
1031 4056 100 52 807

87 390 250 53 Holland
376 390 247 52 furnace
662 406 306 47 company.

159 470 259 52 Holland
446 469 234 68 heating
709 471 292 66 engineers
1031 469 332 66 handbook;
1397 488 31 34 a
1456 469 275 67 practical
1759 469 229 54 treatise
2018 470 64 53 of

91 554 214 47 correct
344 547 241 68 planing
630 580 54 34 [!]
731 549 112 51 and
883 547 358 53 installation
1280 546 63 53 of
1381 548 94 52 the
1513 547 260 52 Holland
1811 548 271 66 vaporair

88 626 234 68 heating
352 631 224 63 system.
650 625 99 51 4th
781 644 113 34 rev.
925 626 104 67 ed.,
1063 628 169 56 1929..
1288 625 279 68 Holland,
1597 624 193 69 Mich.,
1820 625 260 53 Holland

89 704 769 68 furnace company [ ᶜ1 929]
154 783 988 50 358 p. incl. illus., tables, diagrs. 18 ᶜᵐ.
157 854 241 41 “Written
426 854 61 47 by
517 854 51 40 Y.
600 854 71 40 W.
704 853 263 41 Cherven.”

90 923 1942 51 © May 22, 1929; 2c. May 27; aff. May 25; A 9320; Holland furnace co.
168 982 280 49 (29-12093)

86 1076 326 64 Holzapfel,
444 1075 218 53 Rudolf
694 1075 209 64 Maria,
939 1077 171 53 1874-

216 1154 1865 71 … Welterlebnis; das religiöse leben und seine neugestaltung.
84 1237 48 49 2.
162 1238 40 47 t.
276 1233 166 66 Jena,
470 1233 67 50 E.
568 1232 355 67 Diederichs,
953 1235 150 49 1928.

155 1316 26 40 3
204 1327 43 37 p.
306 1347 9 16 l.,
339 1314 98 48 388,
465 1315 55 49 [2]
545 1325 43 37 p.
649 1314 56 39 24½ᶜᵐ.

89 1383 1992 52 © May 31, 1928; 1c. Mar. 13, 1929; A—Foreign 2718; Eugen Diederichs
158 1445 181 46 verlag.

86 1537 268 64 Hubbell,
386 1537 112 64 Jay
529 1537 287 64 Broadus,
851 1543 170 49 1885-

153 1615 1926 70 The enjoyment of literature, by Jay B. Hubbell … New
83 1694 179 68 York,
290 1695 122 53 The
440 1694 335 52 Macmillan
802 1710 298 52 company,
1131 1699 147 49 1929.

153 1777 89 39 xiii
272 1787 57 38 p.,
358 1777 26 39 1
447 1808 9 16 l.,
485 1775 85 42 289
596 1787 45 37 p.
700 1776 145 41 19½ᶜᵐ.

155 1847 205 41 “Notes”
378 1858 11 29 :
418 1857 42 39 p.
488 1847 218 41 271-281.

88 1916 51 51 ©
167 1920 114 46 May
306 1919 69 47 28,
402 1918 115 40 1929;
570 1919 69 39 2c.
664 1919 94 39 and
786 1918 83 40 aff.
898 1919 114 46 May
1037 1918 56 40 29;
1149 1919 41 39 A
1216 1919 114 39 8377;
1386 1919 279 40 Macmillan
1693 1930 67 30 co.
166 1975 280 51 (29-11995)

86 2071 188 63 Hyde,
304 2071 173 62 Mary
506 2069 265 56 Kendall.

152 2147 294 68 Children,
477 2154 145 47 meet
651 2149 96 51 the
780 2148 175 66 birds,
985 2148 76 70 by
1092 2150 170 66 Mary
1295 2148 252 52 Kendall
1581 2151 187 67 Hyde.
1845 2151 233 66 Boston,

79 2225 1198 69 Mass., The Stratford company [ ᶜ1 929 ]
151 2307 713 50 4 p. l., 118 p. plates. 19½ ᶜᵐ.
88 2376 51 51 ©
169 2380 115 46 May
308 2379 69 47 24,
406 2378 116 40 1929;
573 2380 68 39 2c.
669 2380 114 46 May
810 2378 55 41 27;
923 2379 83 39 aff.
1037 2380 111 46 May
1178 2379 55 38 29;
1288 2380 39 38 A
1356 2379 114 40 8404;
1530 2380 248 39 Stratford
1807 2391 81 35 co.,
1918 2382 160 46 pubrs.

168 2436 279 49 (29-12007)

84 2531 252 64 Jerome,
368 2531 177 53 Owen
577 2532 141 53 Fox.

153 2610 120 51 The
309 2609 128 69 golf
472 2609 127 54 club
635 2610 249 67 murder,
921 2609 74 69 by
1032 2609 175 55 Owen
1248 2611 123 51 Fox
1407 2611 242 53 Jerome.
1724 2611 139 52 New
1900 2612 179 53 York.

81 2687 732 68 E. J. Clode, inc. [ ᶜ1 929]
151 2769 81 47 vii,
263 2769 144 41 9-319
436 2780 41 37 p.
539 2768 146 42 19½ᶜᵐ.

89 2823 51 51 ©
168 2827 114 47 Apr.
310 2827 69 45 25,
408 2826 139 47 1929;
578 2827 67 40 2c.
673 2828 95 38 and
799 2826 83 40 aff.
912 2828 114 46 May
1053 2826 82 42 29;
1166 2828 39 37 A
1235 2827 113 39 8397;
1409 2827 208 40 Edward
1646 2828 43 40 J.
1719 2827 159 47 Clode,
1908 2828 90 41 inc.

166 2883 279 49 (29-12058)

84 2978 283 63 Johnson,
403 2979 201 52 James
642 2977 257 64 Sydney.

154 3056 121 51 The
327 3055 239 53 Persian
617 3056 236 68 garden,
904 3055 74 68 by
1030 3055 195 54 James
1280 3054 231 70 Sydney
1566 3056 276 53 Johnson.
1959 3057 113 56 [San

84 3133 322 67 Francisco]
444 3135 149 50 1929.

157 3213 516 50 [42] p. col. pl. 19½ ᶜᵐ.
160 3271 146 40 “This
341 3271 123 39 book
501 3282 99 28 was
638 3270 195 48 printed
870 3271 60 47 by
969 3271 82 39 the
1090 3271 178 39 author
1307 3273 52 37 at
1398 3271 82 39 the
1519 3271 226 41 Windsor
1785 3283 148 37 press,
1978 3275 94 40 San

85 3327 275 40 Francisco.
420 3326 337 41 Illumination
809 3327 41 39 is
902 3327 81 39 the
1034 3327 134 39 work
1218 3327 52 39 of
1319 3327 168 39 Julian
1538 3327 164 41 Links.
1761 3329 310 49 Twenty-five

85 3383 158 48 copies
273 3384 112 46 only
412 3384 125 39 have
565 3384 117 39 been
711 3383 184 40 made.”

155 3441 57 38 In
239 3451 152 29 verse.

88 3493 52 53 ©
170 3499 113 46 May
308 3497 68 45 22,
404 3497 140 46 1929;
573 3496 68 40 2c.
669 3498 95 38 and
792 3496 84 40 aff.
905 3498 113 46 May
1044 3497 56 39 27;
1158 3497 42 38 A
1254 3497 84 39 8365;
1395 3497 45 39 J.
1470 3497 43 41 S.
1543 3498 231 49 Johnson,
1805 3501 100 39 San
156 3502 1905 93 Francisco.
366 3552 278 50 (29-12075)

86 3649 239 62 Jordan,
359 3647 190 53 David
584 3648 191 63 Starr,
812 3653 171 49 1851-

154 3726 119 52 The
305 3725 167 53 trend
503 3724 63 53 of
593 3724 95 53 the
718 3724 308 52 American
1057 3724 333 68 university,
1419 3725 75 68 by
1525 3727 192 53 David
1749 3727 166 55 Starr
84 3731 1969 124 Jordan.

289 3801 280 56 Stanford
606 3802 354 68 University,
999 3801 194 67 Calif.,
1232 3801 281 55 Stanford
1550 3804 316 72 university
1902 3826 174 49 press,

85 3883 150 50 1929.

154 3961 1318 49 4 p. l., vii-ix, 126 p. mounted front. (port.) 23½ ᶜᵐ.
