2533 4384
1026 3954 104 56 407

84 360 292 63 Simpson,
406 357 186 54 Helen
619 358 87 53 De
737 358 251 63 Guerry,
1020 357 172 55 1897-

147 438 397 68 Mumbudget,
584 439 76 68 by
699 437 188 53 Helen
931 435 287 69 Simpson,
1258 436 328 53 illustrated
1626 436 76 68 by
1740 434 187 70 Molly
79 434 1983 136 McArthur.

393 516 259 66 London,
686 515 89 54 W.
811 515 365 53 Heinemann
1209 514 104 52 ltd.
1355 516 172 64 [1928]

148 597 65 49 xi,
245 596 100 49 199,
381 596 55 50 [1]
470 607 44 38 p.
588 597 86 40 col.
708 595 166 49 front.,
907 596 87 41 col.
1027 596 172 48 plates.
1258 593 149 43 20½ᶜᵐ.

85 662 1999 55 © 1c. Dec, 14, 1928; A ad int. 12077; pubd. Oct. 18; Helen Simpson
151 725 221 47 Browne,
404 725 213 40 London.
687 722 252 50 (29-8023)

82 820 214 63 Smith,
338 818 228 65 George
604 819 72 55 D.

148 896 176 53 Faith
352 896 114 53 and
491 896 261 53 revealed
777 896 181 66 truth,
983 896 78 67 by
1085 896 97 52 the
1208 895 300 53 Reverend
1537 892 222 71 George
1788 895 74 52 D.
1894 893 191 56 Smith

139 973 1613 68 … London, Burns, Oates & Washbourne, ltd. [1929]
184 1088 9 16 v,
223 1056 56 41 89
307 1066 43 38 p.
410 1056 147 40 16½ᶜᵐ.
628 1054 302 50 (Half-title:
957 1055 103 40 The
1090 1057 230 45 treasury
1350 1054 53 41 of
1431 1055 83 40 the
1544 1054 133 40 faith
1709 1053 151 41 series:
1950 1053 15 49 I)

85 1124 2000 52 © 1c. Mar. 20, 1929; A ad int. 12449; pubd. Jan. 29; Macmillan co.,
149 1185 120 40 New
298 1184 144 41 York.
513 1182 251 51 (29-8134)

80 1279 191 64 Snow,
299 1277 192 65 Ralph
520 1277 224 65 Waldo,
776 1280 84 54 ed.

145 1359 122 53 The
303 1358 372 55 Connecticut
711 1363 205 63 poetry
949 1357 331 70 anthology,
1316 1353 282 72 compiled
1637 1358 113 53 and
1786 1356 190 55 edited
2010 1355 77 69 by

76 1433 2012 72 Ralph Waldo Snow … New Haven, Conn., The Quinnipiack
75 1534 173 50 press,
276 1516 126 63 inc.,
431 1517 152 51 1928.

146 1596 87 41 128
259 1607 45 38 p.
363 1596 117 41 24ᶜᵐ.

81 1649 52 53 ©
168 1653 130 49 Sept.
329 1653 40 49 1,
400 1653 118 41 1928;
576 1653 70 40 2c.
677 1654 124 39 Mar.
832 1652 71 48 20,
934 1652 116 40 1929;
1111 1652 84 41 aff.
1228 1653 125 40 Mar.
1386 1652 55 40 19;
1503 1652 42 39 A
1576 1650 114 42 6053;
1756 1651 328 49 Quinnipiack

148 1721 152 38 press,
328 1710 93 41 inc.
487 1709 253 50 (29-7656)

79 1805 188 65 Spiro,
312 1805 247 64 George.

145 1882 169 54 Paris
340 1901 72 34 on
439 1883 95 52 the
557 1882 346 67 barricades,
929 1882 76 69 by
1032 1881 222 70 George
1284 1881 174 69 Spiro;
1518 1902 31 33 a
1578 1886 160 65 story
1766 1881 65 54 of
1856 1882 98 54 the
75 1882 1984 131 immortal

308 1960 259 69 struggle
590 1959 66 54 of
680 1960 95 53 the
802 1960 420 55 Communards
1248 1959 67 54 of
1343 1959 132 55 1871
1507 1958 93 55 for
1626 1959 96 54 the
1750 1959 125 54 first
76 1961 1986 131 workers

199 2043 391 64 government,
626 2038 316 69 heroically
978 2038 200 54 reared
1214 2038 76 69 by
1329 2038 97 53 the
1466 2037 264 66 working
1769 2038 161 68 class,
1971 2040 111 53 and

75 2116 241 54 crushed
346 2117 77 68 by
454 2116 97 53 the
582 2116 214 69 bloody
826 2116 157 53 hand
1017 2115 66 54 of
1113 2116 97 53 the
1242 2115 375 70 bourgeoisie.
1690 2116 167 53 With
1894 2136 71 33 an
75 2116 1985 131 introduction

440 2193 77 70 by
555 2194 288 68 Moissaye
880 2194 57 55 J.
980 2193 196 70 Olgin.
1250 2194 141 53 New
1431 2194 166 53 York
1636 2193 135 70 city,
1809 2194 276 55 Workers

73 2271 802 70 library publishers [ ᶜ19 29 ]
143 2353 57 42 64
227 2364 45 39 p.
332 2353 129 42 illus.
521 2352 147 44 19½ᶜᵐ.
784 2351 133 52 $0.50

147 2410 69 41 “A
241 2411 194 49 portion
461 2410 54 41 of
539 2422 28 30 a
593 2411 167 49 larger
785 2411 150 46 work,
967 2412 115 40 ‘The
1111 2411 373 42 road’.”—Pref.

82 2464 52 53 ©
167 2470 125 39 Mar.
326 2469 70 48 12,
428 2468 115 41 1929;
605 2469 69 41 2c.
708 2469 98 40 and
840 2468 83 42 aff.
957 2470 123 41 Mar.
1114 2469 60 41 16;
1234 2469 42 40 A
1309 2469 115 41 7065;
1489 2469 231 42 Workers
1754 2470 116 49 liby.
1906 2471 177 49 pubrs.,

148 2525 91 42 inc.
311 2524 252 50 (29-8009)

78 2620 327 64 Stacpoole,
436 2621 209 60 Henry
675 2621 87 53 De
795 2621 173 55 Vere.

147 2698 124 53 The
296 2698 166 68 rajah
489 2698 65 54 of
579 2697 162 57 Gool.
818 2698 149 69 (The
993 2700 142 52 tales
1163 2699 65 53 of
1253 2700 280 69 Mynheer
1560 2700 268 53 Amayat.
1893 2719 90 35 no.
2015 2700 57 63 1)

180 2781 62 39 (In
276 2776 186 45 Strand
498 2776 277 54 magazine,
812 2778 143 51 Mar.,
994 2778 145 51 1929)

80 2832 2003 57 © 1c. Apr. 23, 1929; A ad int. 12584; pubd. Feb. 25; H. De V. Stacpoole,
147 2894 304 48 Bonchurch,
483 2895 99 40 Isle
612 2894 53 41 of
692 2895 182 49 Wight,
905 2896 239 48 England.

80 2988 298 54 Standard
429 2992 403 68 encyclopedia
882 2991 65 53 of
994 2993 96 52 the
1139 2993 223 53 alcohol
1413 2993 272 68 problem.
151 2993 1932 143 Editor-in-chief,

350 3068 1737 71 Ernest Hurst Cherrington … managing editor, Albert
150 3146 1936 73 Porter … associate editors William E. (Pussyfoot) Johnson,
148 3221 1910 138 Cora Frances Stoddard … v. 4. Kansas-Newton. Westerville,
335 3301 151 55 Ohio
526 3303 138 67 [The
697 3303 309 53 American
1041 3304 145 54 issue
1220 3304 338 69 publishing
1590 3325 300 51 company]
1930 3311 150 51 1928.

148 3381 64 48 ix,
239 3382 277 49 1441-1939,
593 3404 10 29 [1]
633 3395 44 37 p.
733 3385 88 40 col.
847 3385 166 48 front.,
1040 3385 144 48 illus.,
1212 3387 152 47 ports.
1420 3387 117 41 26ᶜᵐ.

80 3433 52 53 ©
157 3440 123 40 Mar.
306 3439 69 49 15,
400 3439 142 49 1929;
569 3441 68 41 2c.
663 3442 124 40 Mar.
812 3442 82 47 18;
920 3441 84 41 aff.
1031 3443 123 41 Mar.
1180 3443 82 47 28;
1291 3443 43 39 A
1360 3443 141 48 6241;
1529 3444 149 41 Amer.
1716 3445 132 41 issue
1875 3447 109 47 pub.
2012 3457 67 31 co.

79 3547 277 62 Thomas,
394 3548 309 55 Elisabeth
743 3550 226 64 Finley.

74 3623 1980 147 Nevertheless the Duke, by Elisabeth Finley Thomas … Indianapolis,
446 3703 1139 74 The Bobbs-Merrill company [ ᶜ19 29]
143 3783 27 41 6
197 3794 44 37 p.
305 3815 9 16 l.,
343 3784 174 41 11-310
542 3796 44 38 p.
646 3785 148 43 19½ᶜᵐ.

82 3836 55 53 ©
171 3842 123 41 Mar.
330 3842 69 43 21,
436 3842 141 47 1929;
616 3843 68 42 2c.
721 3845 96 40 and
855 3844 82 42 aff.
974 3846 124 41 Mar.
1133 3846 83 42 28;
1255 3846 42 40 A
1334 3847 141 45 6231;
1516 3849 54 40 E.
1608 3849 52 41 F.
1698 3849 226 43 Thomas.
1963 3851 117 41 New

147 3898 147 40 York.
364 3899 251 45 (29-8006)
