2542 4389
1113 3946 135 50 1015

257 433 886 50 3 p. l. , 234, [4] p., 1 l. illus. 24 ᶜᵐ.
260 490 234 42 Contains
521 490 305 48 advertising
853 492 195 39 matter.

260 548 161 40 Blank
460 558 147 38 pages
645 547 80 41 for
768 548 177 40 “Notes
988 559 56 29 as
1085 551 49 37 to
1176 548 211 47 changes
1428 547 96 40 and
1565 546 342 41 memoranda”
1960 547 93 49 (71,
2096 547 98 48 140,

188 607 96 39 and
310 605 110 48 207)

258 663 204 41 Preface
487 662 169 48 signed:
711 663 123 39 Paul
865 661 44 42 S.
938 661 193 48 Collier,
1157 660 173 42 editor.

259 721 228 40 Lettered
537 731 60 28 on
646 729 142 31 cover:
866 719 275 40 Handbook
1188 719 80 39 for
1315 719 189 39 lumber
1553 719 95 39 and
1698 718 220 49 building
1967 718 228 41 material

0 0 0 0 dealers.
192 831 51 53 ©
281 836 126 39 June
442 835 68 46 13,
546 834 115 40 1929;
725 834 68 40 2c.
830 835 96 38 and
960 833 82 40 aff.
1081 834 126 39 June
1244 832 55 40 19;
1364 833 42 39 A
1442 833 144 40 10053;
1651 833 359 41 Northeastern
2046 833 145 40 retail

261 893 324 39 lumbermens
621 901 142 37 assn.,
800 891 92 40 inc.
965 890 283 49 (29-14339)

190 972 257 65 Nydahl,
483 973 160 65 Jens,
680 975 84 54 ed.

259 1049 1936 71 Das Berliner s chulwesen; herausgegeben von stadtschulrat
189 1132 139 54 Jens
358 1132 250 67 Nydahl,
636 1130 313 54 bearbeitet
976 1135 169 47 unter
1171 1130 379 68 mitwirkung
1581 1129 263 54 Berliner
190 1130 1980 133 schulmänner

321 1229 111 33 von
465 1211 83 52 dr.
583 1209 66 54 E.
682 1208 320 54 Kalischer.
1073 1209 218 67 Berlin,
1320 1208 314 69 Wiegandt
1664 1209 46 51 &
1741 1207 267 71 Grieben,
2042 1210 151 51 1928.

256 1288 1205 51 4 p. l., 607 p. illus., plans (part fold.) 25 ½ᶜᵐ.
191 1345 1984 102 © Dec. 31, 1928; 1c . Mar. 20, 1929; A— Foreign 2532; Wiegandt & Grieben.
432 1405 280 49 (29-14133)

188 1487 218 64 Orban,
442 1487 219 54 Balint.

254 1563 1942 70 Dental histology and embryology, by B. Orban … Chicago,
186 1642 111 67 Ill.,
329 1642 217 69 Rogers
577 1642 265 69 printing
874 1660 285 50 company
1211 1641 148 68 [pref.
1396 1643 152 65 1928]

255 1724 894 49 3 p. l., ix-xvii, 223 p. illus. 24 ᶜᵐ.
257 1781 350 48 Bibliography:
669 1792 42 37 p.
744 1781 219 40 222-223.

191 1833 51 53 ©
269 1838 116 41 July
409 1838 39 47 1,
474 1837 140 46 1928;
640 1837 69 41 2c,
736 1838 127 39 June
888 1839 70 45 24,
984 1837 118 40 1929;
1155 1836 82 41 aff.
1265 1837 126 40 June
1417 1837 47 39 21;
1528 1838 40 38 A
1595 1837 142 40 10062;
1796 1839 54 39 B.
1877 1837 178 44 Orban,
256 1839 1917 104 Chicago.

457 1894 281 49 (29-14322)

186 1960 252 65 Palmer,
468 1962 153 53 Rose
653 1962 250 54 Amelia.

254 2040 122 52 The
409 2041 186 52 North
629 2040 308 53 American
973 2040 268 58 Indians;
1281 2059 72 33 an
1387 2045 238 47 account
1658 2039 66 53 of
1756 2041 95 51 the
1887 2040 308 54 American

184 2117 241 54 Indians
457 2120 170 51 north
662 2117 65 54 of
759 2119 240 68 Mexico,
1034 2118 283 69 compiled
1355 2118 151 54 from
1542 2119 94 53 the
1671 2118 248 70 original
1954 2139 240 47 sources,

182 2196 2011 70 by Rose A. Palmer … [New York, Smithsonian institution
182 2275 186 69 series,
398 2275 126 69 inc.]
562 2279 150 51 1929.

255 2358 1937 49 6 p. l. , 309 p. col. front., illus. (incl. map) 85 pl. on 61 1. (part col.:
187 2415 1799 48 incl. ports., facsim.) 24 ᶜᵐ. (Smithsonian scientific series, v. 4)
257 2474 121 40 Part
406 2473 52 41 of
487 2474 82 40 the
597 2475 158 47 plates
784 2473 342 48 accompanied
1158 2474 60 47 by
1249 2474 156 45 guard
1435 2473 162 40 sheets
1630 2473 119 40 with
1780 2473 295 48 descriptive
185 2474 1987 104 letterpress.

254 2587 228 41 Lettered
517 2599 59 28 on
612 2598 141 30 cover:
819 2588 210 39 Patrons
1065 2587 200 41 edition.

258 2644 348 40 “References”
639 2647 54 37 at
722 2645 90 39 end
846 2643 51 41 of
928 2644 119 40 each
1077 2644 216 47 chapter.

189 2697 51 51 ©
267 2701 127 41 June
417 2702 69 46 17,
513 2701 112 40 1929;
679 2701 69 41 2c.
776 2703 94 38 and
898 2701 82 41 aff.
1009 2701 126 40 June
1161 2702 55 39 25;
1272 2701 41 39 A
1340 2700 144 41 10034:
1543 2701 334 40 Smithsonian
1904 2700 285 41 institution

255 2759 164 47 series,
447 2759 92 39 inc.
604 2758 282 49 (29-14349)

184 2823 237 63 Patten,
449 2824 257 64 Bradley
736 2824 243 65 Merrill,
1015 2830 172 52 1889-

251 2903 122 52 The
410 2903 157 68 early
602 2902 372 71 embryology
1009 2903 65 53 of
1108 2904 96 52 the
1240 2903 181 56 chick,
1457 2904 75 67 by
1571 2904 254 68 Bradley
1861 2905 79 52 M.
1978 2905 209 53 Patten

180 2981 1988 132 … 3d ed., with eighty-seven illustrations containing two hundred
361 3059 196 70 eighty
597 3059 226 70 figures.
898 3061 429 67 Philadelphia,
1366 3062 66 52 P.
1474 3060 350 54 Blakiston’s
1863 3079 101 35 son
2005 3065 46 49 &
2091 3079 98 48 co.,

180 3137 334 69 inc. [ ᶜ1 929]
250 3221 1222 49 xiii, 228 p. incl. col. front., illus., diagrs. 24 ᶜᵐ.
251 3278 349 48 Bibliography:
659 3290 43 36 p.
733 3278 218 41 204-219.

186 3331 1997 55 © July 5, 1929; 2c. and aff. July 6; A 10100; P. Blakiston’s son & co.,
252 3393 91 43 inc.
407 3393 280 50 (29-14388)

180 3459 209 64 Pettit,
425 3459 263 65 Charles,
725 3464 171 52 1875-

247 3539 122 52 The
409 3556 220 35 woman
671 3538 126 54 who
839 3539 373 53 commanded
1255 3540 346 65 500,000,000
1640 3556 146 46 men,
1825 3538 76 69 by
1945 3537 239 56 Charles

175 3616 200 66 Pettit,
408 3617 314 52 translated
761 3616 152 53 from
947 3617 94 53 the
1078 3616 223 54 French
1336 3616 76 70 by
1445 3617 151 66 Una,
1631 3617 136 68 lady
1803 3615 378 70 Troubridge.

175 3693 1018 71 New York, H. Liveright [ ᶜ1 929]
243 3775 278 48 319 p. 19½ ᶜᵐ.
182 3828 1996 53 © June 7, 1929; 2c. June 8; aff. June 11; A 8588; Horace Liveright,
247 3890 91 41 inc.
407 3890 278 48 (29-14296)
