2542 4389
1055 4075 136 49 2059

114 414 293 64 Nazarov,
437 412 336 54 Alexsandr
801 413 44 54 I.

185 493 255 68 Tolstoy,
468 493 94 52 the
589 492 324 53 inconstant
942 489 228 70 genius;
1200 509 30 34 a
1258 489 326 69 biography
1610 489 76 69 by
1713 486 332 54 Alexander
2070 485 50 56 I.

119 567 301 69 Nazaroff;
451 568 140 53 with
619 572 215 65 twenty
863 567 398 53 illustrations.
1326 565 208 55 Jacket
1561 564 114 53 and
1703 563 296 69 endpaper

114 563 1982 153 design
267 648 74 69 by
366 647 239 53 Mahlon
634 647 221 52 Blaine.
932 646 138 53 New
1098 645 182 69 York,
1305 643 312 54 Frederick
1641 643 71 54 A.
1744 641 203 57 Stokes
115 658 1984 136 company,
318 727 150 52 1929.

189 806 26 40 5
244 817 43 37 p.
351 837 10 17 l.,
389 805 86 41 332
505 817 42 37 p.
604 805 165 47 front.,
800 805 144 47 illus.,
975 806 172 47 plates,
1178 807 149 45 ports.
1387 803 117 41 24ᶜᵐ.

190 875 374 48 Bibliography:
608 885 44 38 p.
691 873 219 42 321-324.

123 941 1978 108 © Nov 29, 1929; 2c. Dec. 3; aff. Dec. 6; A 16222; Alexander 1. Nazaroff,
329 1002 119 38 New
478 1001 142 39 York.
691 999 282 50 (29-29734)

114 1093 262 65 Nichols,
409 1094 236 54 Samuel
680 1094 293 64 Edmund,
1010 1098 325 50 1842-1898.

186 1172 197 53 “Your
413 1173 208 53 soldier
650 1173 110 69 boy
793 1171 295 68 Samuel”;
1118 1173 134 53 civil
1283 1191 118 34 war
1428 1176 194 50 letters
1652 1173 64 52 of
1743 1170 186 56 Lieut.
115 1172 1986 132 Samuel

230 1251 272 53 Edmund
528 1251 254 68 Nichols,
805 1251 292 68 Amherst,
1123 1251 101 68 ’65,
1248 1249 65 55 of
1334 1250 94 52 the
1450 1251 134 52 37th
1606 1251 282 69 regiment
115 1250 1984 132 Massachusetts

409 1334 315 63 vounteers,
766 1330 284 67 arranged
1093 1329 75 69 by
1212 1327 239 56 Charles
1496 1327 257 71 Sterling
1795 1327 327 56 Underhill.

121 1406 268 68 [Buffalo]
423 1407 157 52 Priv.
611 1407 195 67 print.,
837 1409 149 52 1929.

190 1486 1196 49 133 p. front., plates, ports., facsims. 20 ᶜᵐ .
191 1544 139 46 Maps
360 1554 61 28 on
450 1543 362 48 lining-papers.

193 1599 146 40 “This
377 1600 189 39 volume
604 1599 41 40 is
684 1609 89 30 one
810 1599 52 39 of
898 1609 63 29 an
1001 1598 183 41 edition
1225 1598 53 41 of
1313 1599 115 41 four
1467 1599 222 41 hundred
1730 1599 161 49 copies
1929 1599 195 50 printed

120 1655 179 49 during
326 1656 82 39 the
438 1657 167 39 month
638 1655 52 40 of
720 1656 283 45 November,
1036 1655 226 40 nineteen
1294 1655 222 41 hundred
1548 1657 94 39 and
1676 1656 362 47 twenty-nine.”

123 1709 52 52 ©
208 1714 117 40 Nov.
359 1713 68 45 30,
462 1712 139 46 1929;
637 1714 67 39 2c.
739 1714 112 39 Dec.
886 1714 81 39 13:
1004 1713 83 40 aff.
1121 1713 112 40 Dec.
1267 1714 82 39 11:
1386 1714 41 38 A
1460 1713 171 41 16389:
1668 1713 203 41 Charles
1908 1713 215 43 Sterling

193 1770 268 45 Underhill,
498 1769 210 40 Buffalo.
784 1769 282 48 (29-29708)

116 1863 204 64 Noble,
352 1863 181 54 Louis
562 1865 68 53 E.

248 1942 1872 70 … Mechanical tightening, by L. E. Noble and J. A. Roenigk.
118 2023 84 49 1st
244 2019 83 53 ed.
410 2020 138 52 New
592 2021 163 51 York
820 2026 121 62 [etc.]
989 2019 433 55 McGraw-Hill
1464 2020 148 53 book
1653 2039 300 50 company,
1997 2021 127 67 inc.,

117 2101 147 49 1929.

188 2178 1813 50 vii, [1], 63 p. illus. 28 ᶜᵐ . (Instruction manuals for automobile
117 2191 1991 84 mechanics.
384 2234 341 41 Maintenance
752 2234 177 48 series)

189 2291 71 42 On
290 2302 168 30 cover:
488 2291 351 41 McGraw-Hill
865 2291 277 41 vocational
1170 2293 146 39 texts.

191 2348 146 40 “This
370 2349 197 39 manual
600 2347 43 41 is
676 2347 230 41 intended
942 2351 48 37 to
1025 2348 200 48 precede
1263 2347 301 42 Mechanical
1602 2348 329 48 adjustments
1967 2349 155 39 which

119 2405 40 40 is
187 2405 154 46 really
370 2415 26 29 a
427 2403 336 42 continuation
793 2405 95 38 and
917 2403 224 41 contains
1166 2403 199 41 further
1393 2404 325 48 applications
1746 2405 52 40 of
1826 2405 136 40 these
1992 2415 133 30 same

118 2460 498 50 principles.”—Pref.

190 2518 233 41 Contains
451 2515 365 43 “References”.

124 2571 52 52 ©
211 2576 111 39 Dec.
357 2575 38 43 6,
429 2573 140 48 1929;
606 2575 67 39 2c.
707 2574 111 42 Dec.
854 2575 52 45 7;
943 2573 82 41 aff.
1061 2573 112 41 Dec.
1209 2572 81 48 10;
1327 2574 40 38 A
1401 2573 172 42 17293:
1611 2573 349 41 McGraw-Hill
2000 2575 122 39 book

192 2643 82 34 co.,
306 2631 92 41 inc.
468 2630 279 49 (29-29682)

119 2724 268 65 O’Brien,
423 2725 198 52 Frank
654 2726 63 53 P.

201 2803 418 67 [Introduction
662 2802 78 69 by
782 2803 199 56 Frank
1024 2805 65 50 P.
1135 2802 251 56 O’Brien
1430 2804 63 51 in
1532 2803 100 53 the
1670 2803 149 53 book
1862 2802 259 66 entitled]

118 2881 312 55 Malaeska.
457 2883 93 51 the
576 2880 214 54 Indian
816 2881 136 53 wife
979 2882 64 52 of
1067 2883 95 52 the
1190 2882 172 52 white
1385 2883 226 55 hunter,
1634 2883 76 69 by
1736 2883 138 53 Mrs.
1908 2881 128 52 Ann
2069 2881 54 54 S.

123 2959 1766 70 Stephens. New York, The John Day company [ ᶜ192 9]
192 3040 1091 48 xvi. 254 p., 1 l. front. (facsim.) 20ᶜᵐ.
126 3092 1994 52 © Nov. l. 1929; 2c. Dec. 16; aff. Dec. 13: A 17394: John Day co., inc.
119 3203 223 64 Ogden,
372 3205 205 63 Henry
609 3204 354 64 Alexander,
998 3209 172 51 1856-

191 3283 1931 70 The boy’s book of famous regiments … by H. A. Ogden, with
119 3362 97 52 the
251 3360 408 54 collaboration
699 3362 64 53 of
797 3362 77 53 H.
912 3362 68 52 A.
1020 3362 349 54 Hitchcock:
1410 3361 383 56 illustrations
1827 3363 76 69 by
1939 3362 77 53 H.
2057 3363 67 52 A.

122 3437 218 68 Ogden.
419 3439 137 53 New
589 3439 180 57 York,
801 3440 68 52 R.
904 3440 78 53 M.
1017 3439 277 54 McBride
1327 3441 46 50 &
1405 3457 297 51 company,
1739 3442 149 52 1929.

191 3519 1093 49 7 p. l. . 287 p. front., illus., plates. 21 ᶜᵐ .
192 3577 286 39 Illustrated
508 3576 365 50 lining-papers.

208 3633 118 41 Nov.
355 3633 39 42 8.
422 3632 141 47 1929;
594 3633 66 40 2c.
688 3633 113 42 Dec.
830 3633 53 47 7;
914 3632 82 41 aff.
1027 3633 113 40 Dec.
1169 3633 54 47 6;
1252 3632 41 39 A
1321 3632 171 42 16233;
1525 3633 182 41 Robert
1735 3635 64 39 M.
1829 3634 228 40 McBride
2089 3635 35 40 &

197 3699 68 31 co.
328 3685 69 53 [©
427 3699 108 30 new
564 3689 201 48 chapter
798 3692 50 37 at
879 3689 93 40 end
1005 3690 95 38 and
1134 3699 130 31 some
1296 3699 107 29 new
1436 3689 344 50 illustrations]

205 3743 281 50 (29-29571)

123 3837 142 63 Oke,
293 3837 278 56 Richard.

194 3916 194 54 Frolic
430 3916 171 57 wind,
642 3919 35 52 by
757 3917 251 54 Richard
1057 3916 138 56 Oke.
1271 3918 260 55 London.
1573 3919 68 54 Y.
1687 3918 274 54 Gollancz
2005 3921 122 54 ltd..

126 3995 150 51 1929.
