<alto xmlns="http://www.loc.gov/standards/alto/ns-v3#" xmlns:xlink="http://www.w3.org/1999/xlink" xmlns:xsi="http://www.w3.org/2001/XMLSchema-instance" xsi:schemaLocation="http://www.loc.gov/standards/alto/ns-v3# http://www.loc.gov/alto/v3/alto-3-0.xsd"><Description>
<MeasurementUnit>pixel</MeasurementUnit>
<sourceImageInformation>
<fileName>1929_v26_part001.pdf</fileName>
</sourceImageInformation>
<OCRProcessing ID="IdOcr">
<ocrProcessingStep>
<processingDateTime>2019-04-18</processingDateTime>
<processingSoftware>
<softwareCreator>ABBYY</softwareCreator>
<softwareName>ABBYY Recognition Server</softwareName>
<softwareVersion>4.0</softwareVersion>
</processingSoftware>
</ocrProcessingStep>
</OCRProcessing>
</Description>
<Styles>
<ParagraphStyle ID="StyleId-FFFFFFFF-FFFF-FFFF-FFFF-FFFFFFFFFFFF-" ALIGN="Left" LEFT="0." RIGHT="0." FIRSTLINE="0."/>
<ParagraphStyle ID="StyleId-11A520CB-49B0-4D42-A675-089886D5B704-" ALIGN="Center" LEFT="0." RIGHT="0." FIRSTLINE="0." LINESPACE="7.699999809"/>
<ParagraphStyle ID="StyleId-2AEC4724-E584-48A1-8E6D-86B1AA154223-" ALIGN="Left" LEFT="0." RIGHT="0." FIRSTLINE="0." LINESPACE="12.19999981"/>
<ParagraphStyle ID="StyleId-5ADCDE1D-F34B-405C-A765-E9B51F6229BD-" ALIGN="Left" LEFT="0." RIGHT="0." FIRSTLINE="-13." LINESPACE="8.050000191"/>
<ParagraphStyle ID="StyleId-D0AEFB96-F81D-4367-8545-C0AC945FA34C-" ALIGN="Block" LEFT="0." RIGHT="0." FIRSTLINE="-13." LINESPACE="8.899999619"/>
<ParagraphStyle ID="StyleId-9A3BB592-4BA4-4F85-B157-B9A7F1FC9680-" ALIGN="Left" LEFT="0." RIGHT="0." FIRSTLINE="0."/>
<ParagraphStyle ID="StyleId-E9D6144A-CFDC-4919-911D-02B0461DB967-" ALIGN="Left" LEFT="0." RIGHT="0." FIRSTLINE="-13." LINESPACE="23.43000031"/>
<ParagraphStyle ID="StyleId-EEECFC68-AAC5-42B1-B3BF-987799B5B74A-" ALIGN="Block" LEFT="0." RIGHT="0." FIRSTLINE="0." LINESPACE="23.43000031"/>
<ParagraphStyle ID="StyleId-98D20B11-A9BB-4FAB-8DC8-DC8C43F3755E-" ALIGN="Left" LEFT="0." RIGHT="0." FIRSTLINE="0." LINESPACE="10.5"/>
<ParagraphStyle ID="StyleId-C279DBAD-2656-4352-93E6-C942618B09B1-" ALIGN="Block" LEFT="0." RIGHT="0." FIRSTLINE="-13." LINESPACE="8.770000458"/>
<ParagraphStyle ID="StyleId-A539B2D0-654F-45BA-9385-D7E681D9BD87-" ALIGN="Block" LEFT="0." RIGHT="0." FIRSTLINE="0." LINESPACE="8.18999958"/>
<ParagraphStyle ID="StyleId-CFE66565-54F2-45CF-9511-65151219B0BC-" ALIGN="Left" LEFT="0." RIGHT="0." FIRSTLINE="-12." LINESPACE="12.19999981"/>
<ParagraphStyle ID="StyleId-37B60A95-D7B9-4720-9D46-F2E763AAD699-" ALIGN="Block" LEFT="0." RIGHT="0." FIRSTLINE="0." LINESPACE="12.19999981"/>
<ParagraphStyle ID="StyleId-255154CA-71AA-47B9-A5EB-ED90642010CE-" ALIGN="Block" LEFT="0." RIGHT="0." FIRSTLINE="13." LINESPACE="7.900000095"/>
<ParagraphStyle ID="StyleId-4618FB06-20CA-4F95-9CA2-829603EE887D-" ALIGN="Block" LEFT="0." RIGHT="0." FIRSTLINE="0." LINESPACE="10."/>
<ParagraphStyle ID="StyleId-61F9B98E-BA82-4DCF-809A-0C5481162321-" ALIGN="Left" LEFT="0." RIGHT="0." FIRSTLINE="-13." LINESPACE="8.479999542"/>
<ParagraphStyle ID="StyleId-16A4FB0C-4CB7-44C8-846E-AF89DD76FC73-" ALIGN="Left" LEFT="0." RIGHT="0." FIRSTLINE="0." LINESPACE="11.10000038"/>
<ParagraphStyle ID="StyleId-8CC01B24-9D1D-45D5-B954-83ECA9EA3425-" ALIGN="Left" LEFT="0." RIGHT="0." FIRSTLINE="-13." LINESPACE="8.050000191"/>
<ParagraphStyle ID="StyleId-3DB8CD3F-AD17-4DD7-8361-787A6A426C72-" ALIGN="Block" LEFT="0." RIGHT="0." FIRSTLINE="13." LINESPACE="7.900000095"/>
</Styles>
<Layout>
<Page ID="Page1555" PHYSICAL_IMG_NR="1555" HEIGHT="4389" WIDTH="2542">
<TopMargin HEIGHT="333" WIDTH="2542" VPOS="0" HPOS="0">
</TopMargin>
<LeftMargin HEIGHT="3722" WIDTH="80" VPOS="333" HPOS="0">
</LeftMargin>
<RightMargin HEIGHT="3722" WIDTH="403" VPOS="333" HPOS="2139">
</RightMargin>
<BottomMargin HEIGHT="334" WIDTH="2542" VPOS="4055" HPOS="0">
</BottomMargin>
<PrintSpace HEIGHT="3722" WIDTH="2059" VPOS="333" HPOS="80">
<TextBlock ID="Page1555_Block1" HEIGHT="71" WIDTH="156" VPOS="3984" HPOS="1049" LANG="en-US" STYLEREFS="StyleId-B4CEC113-DCB4-4BD3-82C3-2E0137AE93B5-">
<Shape>
<Polygon POINTS="1103,3984 1205,3984 1205,4054 1105,4054 1105,4055 1049,4055 1049,3985 1103,3985 1103,3984"/>
</Shape>
<TextLine HEIGHT="51" WIDTH="135" VPOS="3994" HPOS="1059">
<String CONTENT="1555" HEIGHT="51" WIDTH="135" VPOS="3994" HPOS="1059"/>
</TextLine>
</TextBlock>
<TextBlock ID="Page1555_Block2" HEIGHT="3659" WIDTH="2059" VPOS="333" HPOS="80" CS="1" STYLEREFS="StyleId-03F4B0C8-C2D9-4173-9939-6FB932264914-">
<Shape>
<Polygon POINTS="2106,333 2128,333 2128,521 2129,521 2129,856 2130,856 2130,1190 2131,1190 2131,1524 2132,1524 2132,1859 2133,1859 2133,2193 2134,2193 2134,2528 2135,2528 2135,2862 2136,2862 2136,3196 2137,3196 2137,3531 2138,3531 2138,3865 2139,3865 2139,3985 2108,3985 2108,3986 1774,3986 1774,3987 1439,3987 1439,3988 1105,3988 1105,3989 771,3989 771,3990 436,3990 436,3991 102,3991 102,3992 91,3992 91,3868 90,3868 90,3533 89,3533 89,3199 88,3199 88,2865 87,2865 87,2530 86,2530 86,2196 85,2196 85,1861 84,1861 84,1527 83,1527 83,1193 82,1193 82,858 81,858 81,524 80,524 80,340 99,340 99,339 434,339 434,338 768,338 768,337 1103,337 1103,336 1437,336 1437,335 1771,335 1771,334 2106,334 2106,333"/>
</Shape>
<TextLine HEIGHT="69" WIDTH="815" VPOS="347" HPOS="93" STYLEREFS="StyleId-3F9BB0A7-51FE-4357-8194-6189A0D28513-" LANG="en-US">
<String CONTENT="Brill," HEIGHT="65" WIDTH="162" VPOS="351" HPOS="93"/>
<SP HEIGHT="64" WIDTH="29" VPOS="351" HPOS="256"/>
<String CONTENT="Ethel" HEIGHT="55" WIDTH="177" VPOS="348" HPOS="286"/>
<SP HEIGHT="55" WIDTH="29" VPOS="348" HPOS="464"/>
<String CONTENT="Claire," HEIGHT="64" WIDTH="209" VPOS="348" HPOS="494"/>
<SP HEIGHT="59" WIDTH="31" VPOS="353" HPOS="704"/>
<String CONTENT="1877-" HEIGHT="56" WIDTH="172" VPOS="347" HPOS="736"/>
</TextLine>
<TextLine HEIGHT="81" WIDTH="1929" VPOS="415" HPOS="168" STYLEREFS="StyleId-B4CEC113-DCB4-4BD3-82C3-2E0137AE93B5-" LANG="en-US" CS="1">
<String CONTENT="South" HEIGHT="55" WIDTH="181" VPOS="430" HPOS="168"/>
<SP HEIGHT="52" WIDTH="30" VPOS="429" HPOS="350"/>
<String CONTENT="from" HEIGHT="53" WIDTH="154" VPOS="428" HPOS="381"/>
<SP HEIGHT="52" WIDTH="23" VPOS="427" HPOS="536"/>
<String CONTENT="Hudson" HEIGHT="53" WIDTH="247" VPOS="426" HPOS="560"/>
<SP HEIGHT="52" WIDTH="28" VPOS="426" HPOS="808"/>
<String CONTENT="Bay," HEIGHT="68" WIDTH="144" VPOS="426" HPOS="837"/>
<SP HEIGHT="67" WIDTH="25" VPOS="425" HPOS="982"/>
<String CONTENT="by" HEIGHT="68" WIDTH="76" VPOS="425" HPOS="1008"/>
<SP HEIGHT="70" WIDTH="26" VPOS="423" HPOS="1085"/>
<String LANG="fr" CONTENT="E." HEIGHT="53" WIDTH="68" VPOS="423" HPOS="1112"/>
<SP HEIGHT="55" WIDTH="28" VPOS="422" HPOS="1181"/>
<String CONTENT="C." HEIGHT="55" WIDTH="63" VPOS="422" HPOS="1210"/>
<SP HEIGHT="52" WIDTH="30" VPOS="423" HPOS="1274"/>
<String CONTENT="Brill" HEIGHT="53" WIDTH="152" VPOS="420" HPOS="1305"/>
<SP HEIGHT="49" WIDTH="32" VPOS="422" HPOS="1458"/>
<String CS="1" CONTENT="&#8230;"/>
<SP HEIGHT="69" WIDTH="31" VPOS="418" HPOS="1548"/>
<String CONTENT="jacket" HEIGHT="71" WIDTH="190" VPOS="416" HPOS="1580"/>
<SP HEIGHT="52" WIDTH="21" VPOS="419" HPOS="1771"/>
<String CONTENT="by" HEIGHT="68" WIDTH="77" VPOS="419" HPOS="1793"/>
<SP HEIGHT="71" WIDTH="26" VPOS="416" HPOS="1871"/>
<String CONTENT="Frank" HEIGHT="54" WIDTH="199" VPOS="415" HPOS="1898"/>
</TextLine>
<TextLine HEIGHT="84" WIDTH="2005" VPOS="492" HPOS="93" STYLEREFS="StyleId-B4CEC113-DCB4-4BD3-82C3-2E0137AE93B5-" LANG="en-US">
<String CONTENT="E." HEIGHT="55" WIDTH="67" VPOS="509" HPOS="93"/>
<SP HEIGHT="56" WIDTH="37" VPOS="507" HPOS="160"/>
<String CONTENT="Schoonover," HEIGHT="69" WIDTH="378" VPOS="506" HPOS="197"/>
<SP HEIGHT="68" WIDTH="32" VPOS="506" HPOS="575"/>
<String CONTENT="illustrated" HEIGHT="53" WIDTH="326" VPOS="504" HPOS="607"/>
<SP HEIGHT="53" WIDTH="32" VPOS="503" HPOS="933"/>
<String CONTENT="by" HEIGHT="68" WIDTH="78" VPOS="503" HPOS="965"/>
<SP HEIGHT="70" WIDTH="28" VPOS="501" HPOS="1043"/>
<String CONTENT="Walter" HEIGHT="56" WIDTH="226" VPOS="499" HPOS="1071"/>
<SP HEIGHT="55" WIDTH="34" VPOS="497" HPOS="1297"/>
<String CONTENT="Stewart." HEIGHT="56" WIDTH="264" VPOS="496" HPOS="1331"/>
<SP HEIGHT="53" WIDTH="73" VPOS="495" HPOS="1595"/>
<String CONTENT="Philadelphia," HEIGHT="70" WIDTH="430" VPOS="492" HPOS="1668"/>
</TextLine>
<TextLine HEIGHT="74" WIDTH="999" VPOS="581" HPOS="93" STYLEREFS="StyleId-B4CEC113-DCB4-4BD3-82C3-2E0137AE93B5-" LANG="en-US" CS="1">
<String CONTENT="Macrae," HEIGHT="68" WIDTH="246" VPOS="587" HPOS="93"/>
<SP HEIGHT="70" WIDTH="27" VPOS="584" HPOS="340"/>
<String CONTENT="Smith" HEIGHT="56" WIDTH="188" VPOS="583" HPOS="368"/>
<SP HEIGHT="52" WIDTH="27" VPOS="584" HPOS="557"/>
<String CONTENT="company" HEIGHT="52" WIDTH="281" VPOS="599" HPOS="585"/>
<SP HEIGHT="50" WIDTH="31" VPOS="600" HPOS="867"/>
<String CS="1" CONTENT="["/>
<String STYLE="superscript" CS="1" CONTENT="&#7580;192"/>
<String CONTENT="9]" HEIGHT="64" WIDTH="48" VPOS="581" HPOS="1044"/>
</TextLine>
<TextLine HEIGHT="56" WIDTH="999" VPOS="657" HPOS="163" LANG="en-US" CS="1">
<String CONTENT="319" HEIGHT="42" WIDTH="88" VPOS="664" HPOS="163"/>
<SP HEIGHT="49" WIDTH="20" VPOS="664" HPOS="252"/>
<String CONTENT="p." HEIGHT="38" WIDTH="44" VPOS="675" HPOS="273"/>
<SP HEIGHT="41" WIDTH="21" VPOS="665" HPOS="318"/>
<String CONTENT="incl." HEIGHT="43" WIDTH="111" VPOS="663" HPOS="340"/>
<SP HEIGHT="31" WIDTH="23" VPOS="673" HPOS="452"/>
<String CONTENT="col." HEIGHT="41" WIDTH="86" VPOS="663" HPOS="476"/>
<SP HEIGHT="41" WIDTH="22" VPOS="662" HPOS="563"/>
<String CONTENT="front," HEIGHT="40" WIDTH="150" VPOS="662" HPOS="586"/>
<SP HEIGHT="39" WIDTH="51" VPOS="671" HPOS="737"/>
<String CONTENT="plates." HEIGHT="48" WIDTH="173" VPOS="661" HPOS="789"/>
<SP HEIGHT="42" WIDTH="50" VPOS="658" HPOS="963"/>
<String CS="1" CONTENT="19&#189;&#7580;&#7504;"/>
<String LANG="el" CONTENT="." HEIGHT="8" WIDTH="9" VPOS="690" HPOS="1153"/>
</TextLine>
<TextLine HEIGHT="62" WIDTH="1824" VPOS="724" HPOS="103" LANG="en-US">
<String CONTENT="&#169;" HEIGHT="52" WIDTH="51" VPOS="734" HPOS="103"/>
<SP HEIGHT="52" WIDTH="31" VPOS="734" HPOS="155"/>
<String CONTENT="Sept." HEIGHT="47" WIDTH="129" VPOS="737" HPOS="187"/>
<SP HEIGHT="40" WIDTH="26" VPOS="736" HPOS="317"/>
<String CONTENT="30," HEIGHT="48" WIDTH="70" VPOS="735" HPOS="344"/>
<SP HEIGHT="48" WIDTH="27" VPOS="735" HPOS="415"/>
<String CONTENT="1929;" HEIGHT="45" WIDTH="142" VPOS="734" HPOS="443"/>
<SP HEIGHT="45" WIDTH="28" VPOS="734" HPOS="586"/>
<String CONTENT="2c." HEIGHT="40" WIDTH="69" VPOS="734" HPOS="615"/>
<SP HEIGHT="31" WIDTH="29" VPOS="743" HPOS="685"/>
<String CONTENT="and" HEIGHT="39" WIDTH="95" VPOS="733" HPOS="715"/>
<SP HEIGHT="39" WIDTH="28" VPOS="733" HPOS="811"/>
<String CONTENT="aff." HEIGHT="42" WIDTH="83" VPOS="730" HPOS="840"/>
<SP HEIGHT="41" WIDTH="29" VPOS="730" HPOS="924"/>
<String CONTENT="Oct." HEIGHT="41" WIDTH="103" VPOS="730" HPOS="954"/>
<SP HEIGHT="41" WIDTH="29" VPOS="730" HPOS="1058"/>
<String CONTENT="5;" HEIGHT="49" WIDTH="52" VPOS="729" HPOS="1088"/>
<SP HEIGHT="47" WIDTH="32" VPOS="730" HPOS="1141"/>
<!-- cceid A5AFA108-6CFA-1014-9C3C-CEA95E7AA542 --><String CONTENT="A" HEIGHT="38" WIDTH="42" VPOS="730" HPOS="1174"/>
<SP HEIGHT="38" WIDTH="28" VPOS="730" HPOS="1217"/>
<String CONTENT="12760;" HEIGHT="47" WIDTH="171" VPOS="728" HPOS="1246"/>
<SP HEIGHT="47" WIDTH="33" VPOS="728" HPOS="1418"/>
<String CONTENT="Macrae-Smith" HEIGHT="43" WIDTH="377" VPOS="724" HPOS="1452"/>
<SP HEIGHT="39" WIDTH="28" VPOS="726" HPOS="1830"/>
<String CONTENT="co." HEIGHT="30" WIDTH="68" VPOS="735" HPOS="1859"/>
</TextLine>
<TextLine HEIGHT="51" WIDTH="280" VPOS="791" HPOS="179" LANG="en-US">
<String CONTENT="(29-21929)" HEIGHT="51" WIDTH="280" VPOS="791" HPOS="179"/>
</TextLine>
<TextLine HEIGHT="61" WIDTH="1138" VPOS="911" HPOS="92" STYLEREFS="StyleId-3F9BB0A7-51FE-4357-8194-6189A0D28513-" LANG="en-US">
<String CONTENT="Brockhaus&#8217;" HEIGHT="57" WIDTH="365" VPOS="915" HPOS="92"/>
<SP HEIGHT="52" WIDTH="31" VPOS="916" HPOS="458"/>
<String CONTENT="konversations-lexikon." HEIGHT="58" WIDTH="740" VPOS="911" HPOS="490"/>
</TextLine>
<TextLine HEIGHT="79" WIDTH="1938" VPOS="986" HPOS="162" STYLEREFS="StyleId-B4CEC113-DCB4-4BD3-82C3-2E0137AE93B5-">
<String LANG="de" CONTENT="Der" HEIGHT="53" WIDTH="119" VPOS="997" HPOS="162"/>
<SP HEIGHT="50" WIDTH="41" VPOS="1015" HPOS="282"/>
<String LANG="de" CONTENT="grosse" HEIGHT="51" WIDTH="192" VPOS="1014" HPOS="324"/>
<SP HEIGHT="52" WIDTH="41" VPOS="996" HPOS="517"/>
<String LANG="en-US" CONTENT="Brockhaus;" HEIGHT="65" WIDTH="363" VPOS="993" HPOS="559"/>
<SP HEIGHT="64" WIDTH="45" VPOS="993" HPOS="923"/>
<String LANG="en-US" CONTENT="handbuch" HEIGHT="53" WIDTH="306" VPOS="992" HPOS="969"/>
<SP HEIGHT="51" WIDTH="44" VPOS="993" HPOS="1276"/>
<String LANG="de" CONTENT="des" HEIGHT="51" WIDTH="96" VPOS="993" HPOS="1321"/>
<SP HEIGHT="35" WIDTH="43" VPOS="1009" HPOS="1418"/>
<String LANG="de" CONTENT="Wissens" HEIGHT="35" WIDTH="229" VPOS="1008" HPOS="1462"/>
<SP HEIGHT="53" WIDTH="44" VPOS="989" HPOS="1692"/>
<String LANG="en-US" CONTENT="in" HEIGHT="53" WIDTH="61" VPOS="988" HPOS="1737"/>
<SP HEIGHT="34" WIDTH="42" VPOS="1006" HPOS="1799"/>
<String LANG="de" CONTENT="zwanzig" HEIGHT="71" WIDTH="258" VPOS="986" HPOS="1842"/>
</TextLine>
<TextLine HEIGHT="144" WIDTH="1985" VPOS="1065" HPOS="92" STYLEREFS="StyleId-B4CEC113-DCB4-4BD3-82C3-2E0137AE93B5-" CS="1">
<String LANG="de" CONTENT="b&#228;nden." HEIGHT="54" WIDTH="241" VPOS="1075" HPOS="92"/>
<SP HEIGHT="49" WIDTH="76" VPOS="1077" HPOS="334"/>
<String LANG="en-US" CONTENT="15.," HEIGHT="67" WIDTH="100" VPOS="1076" HPOS="411"/>
<SP HEIGHT="50" WIDTH="43" VPOS="1092" HPOS="512"/>
<String LANG="de" CONTENT="v&#246;llig" HEIGHT="70" WIDTH="181" VPOS="1071" HPOS="556"/>
<SP HEIGHT="51" WIDTH="42" VPOS="1090" HPOS="738"/>
<String LANG="en-US" CONTENT="neubearb." HEIGHT="54" WIDTH="300" VPOS="1070" HPOS="781"/>
<SP HEIGHT="35" WIDTH="44" VPOS="1087" HPOS="1082"/>
<String LANG="de" CONTENT="aufl." HEIGHT="54" WIDTH="130" VPOS="1068" HPOS="1127"/>
<SP HEIGHT="34" WIDTH="45" VPOS="1088" HPOS="1258"/>
<String LANG="de" CONTENT="von" HEIGHT="34" WIDTH="111" VPOS="1087" HPOS="1304"/>
<SP HEIGHT="52" WIDTH="45" VPOS="1069" HPOS="1416"/>
<String LANG="fr" CONTENT="Brockhaus&#8217;" HEIGHT="55" WIDTH="352" VPOS="1065" HPOS="1462"/>
<SP HEIGHT="52" WIDTH="42" VPOS="1065" HPOS="1815"/>
<String LANG="fr" CONTENT="konversations-lexikon." HEIGHT="144" WIDTH="1985" VPOS="1065" HPOS="92"/>
</TextLine>
<TextLine HEIGHT="73" WIDTH="1446" VPOS="1144" HPOS="655" STYLEREFS="StyleId-B4CEC113-DCB4-4BD3-82C3-2E0137AE93B5-" LANG="fr" CS="1">
<String CONTENT="2." HEIGHT="49" WIDTH="49" VPOS="1154" HPOS="655"/>
<SP HEIGHT="52" WIDTH="38" VPOS="1151" HPOS="704"/>
<String CONTENT="bd." HEIGHT="54" WIDTH="94" VPOS="1150" HPOS="742"/>
<SP HEIGHT="54" WIDTH="36" VPOS="1149" HPOS="836"/>
<String CONTENT="Asu-Bla." HEIGHT="55" WIDTH="291" VPOS="1147" HPOS="872"/>
<SP HEIGHT="50" WIDTH="74" VPOS="1147" HPOS="1163"/>
<String CONTENT="Leipzig," HEIGHT="70" WIDTH="260" VPOS="1145" HPOS="1237"/>
<SP HEIGHT="68" WIDTH="35" VPOS="1146" HPOS="1497"/>
<String CONTENT="F." HEIGHT="52" WIDTH="68" VPOS="1146" HPOS="1532"/>
<SP HEIGHT="53" WIDTH="40" VPOS="1145" HPOS="1600"/>
<String CONTENT="A." HEIGHT="51" WIDTH="67" VPOS="1145" HPOS="1640"/>
<SP HEIGHT="52" WIDTH="38" VPOS="1146" HPOS="1707"/>
<String CONTENT="Brockhaus," HEIGHT="69" WIDTH="356" VPOS="1144" HPOS="1745"/>
</TextLine>
<TextLine HEIGHT="52" WIDTH="148" VPOS="1234" HPOS="97" STYLEREFS="StyleId-B4CEC113-DCB4-4BD3-82C3-2E0137AE93B5-" LANG="fr">
<String CONTENT="1929." HEIGHT="52" WIDTH="148" VPOS="1234" HPOS="97"/>
</TextLine>
<TextLine HEIGHT="58" WIDTH="1931" VPOS="1303" HPOS="169" CS="1">
<String LANG="fr" CONTENT="2" HEIGHT="39" WIDTH="31" VPOS="1313" HPOS="169"/>
<SP/>
<String LANG="fr" CONTENT="p." HEIGHT="38" WIDTH="43" VPOS="1323" HPOS="232"/>
<SP/>
<String LANG="fr" CS="1" CONTENT="l.," HEIGHT="16" WIDTH="9" VPOS="1343" HPOS="346"/>
<SP HEIGHT="46" WIDTH="34" VPOS="1313" HPOS="356"/>
<String LANG="fr" CONTENT="792," HEIGHT="49" WIDTH="99" VPOS="1311" HPOS="391"/>
<SP HEIGHT="30" WIDTH="39" VPOS="1330" HPOS="491"/>
<String LANG="fr" CS="1" CONTENT="[4]" HEIGHT="49" WIDTH="39" VPOS="1311" HPOS="531"/>
<SP HEIGHT="38" WIDTH="35" VPOS="1321" HPOS="586"/>
<String LANG="fr" CONTENT="p." HEIGHT="37" WIDTH="44" VPOS="1321" HPOS="622"/>
<SP HEIGHT="41" WIDTH="62" VPOS="1309" HPOS="667"/>
<String LANG="fr" CONTENT="illus." HEIGHT="41" WIDTH="130" VPOS="1308" HPOS="730"/>
<SP HEIGHT="49" WIDTH="26" VPOS="1307" HPOS="861"/>
<String LANG="fr" CONTENT="(part" HEIGHT="49" WIDTH="136" VPOS="1307" HPOS="888"/>
<SP HEIGHT="37" WIDTH="33" VPOS="1310" HPOS="1025"/>
<String LANG="fr" CONTENT="col." HEIGHT="41" WIDTH="87" VPOS="1307" HPOS="1059"/>
<SP HEIGHT="28" WIDTH="35" VPOS="1318" HPOS="1147"/>
<String LANG="en-US" CONTENT="mounted)" HEIGHT="48" WIDTH="255" VPOS="1304" HPOS="1183"/>
<SP HEIGHT="49" WIDTH="25" VPOS="1304" HPOS="1439"/>
<String LANG="fr" CONTENT="plates" HEIGHT="47" WIDTH="158" VPOS="1306" HPOS="1465"/>
<SP HEIGHT="49" WIDTH="25" VPOS="1304" HPOS="1624"/>
<String LANG="fr" CONTENT="(part" HEIGHT="50" WIDTH="138" VPOS="1303" HPOS="1650"/>
<SP HEIGHT="39" WIDTH="33" VPOS="1305" HPOS="1789"/>
<String LANG="fr" CONTENT="col.)" HEIGHT="47" WIDTH="113" VPOS="1303" HPOS="1823"/>
<SP HEIGHT="47" WIDTH="24" VPOS="1303" HPOS="1937"/>
<String LANG="en-US" CONTENT="maps" HEIGHT="37" WIDTH="138" VPOS="1314" HPOS="1962"/>
</TextLine>
<TextLine HEIGHT="54" WIDTH="789" VPOS="1365" HPOS="111" LANG="fr" CS="1">
<String CONTENT="(part" HEIGHT="49" WIDTH="137" VPOS="1370" HPOS="111"/>
<SP HEIGHT="39" WIDTH="32" VPOS="1371" HPOS="249"/>
<String CONTENT="double)" HEIGHT="49" WIDTH="199" VPOS="1367" HPOS="282"/>
<SP HEIGHT="48" WIDTH="25" VPOS="1367" HPOS="482"/>
<String CONTENT="diagrs." HEIGHT="48" WIDTH="179" VPOS="1367" HPOS="508"/>
<SP HEIGHT="41" WIDTH="63" VPOS="1366" HPOS="688"/>
<String CONTENT="25" HEIGHT="42" WIDTH="57" VPOS="1365" HPOS="752"/>
<String LANG="en-US" CS="1" CONTENT="&#189;&#7580;&#7504;"/>
<String CONTENT="." HEIGHT="9" WIDTH="9" VPOS="1398" HPOS="891"/>
</TextLine>
<TextLine HEIGHT="59" WIDTH="1881" VPOS="1430" HPOS="106" CS="1">
<String LANG="fr" CONTENT="&#169;" HEIGHT="54" WIDTH="51" VPOS="1435" HPOS="106"/>
<SP HEIGHT="54" WIDTH="32" VPOS="1435" HPOS="158"/>
<String LANG="fr" CONTENT="Mar." HEIGHT="38" WIDTH="122" VPOS="1442" HPOS="191"/>
<SP HEIGHT="40" WIDTH="29" VPOS="1439" HPOS="314"/>
<String LANG="fr" CONTENT="21," HEIGHT="48" WIDTH="70" VPOS="1439" HPOS="344"/>
<SP HEIGHT="48" WIDTH="30" VPOS="1439" HPOS="415"/>
<String LANG="fr" CONTENT="1929:" HEIGHT="41" WIDTH="140" VPOS="1438" HPOS="446"/>
<SP/>
<String LANG="fr" CS="1" CONTENT="1c."/>
<SP HEIGHT="40" WIDTH="29" VPOS="1438" HPOS="689"/>
<String LANG="en-US" CONTENT="June" HEIGHT="42" WIDTH="128" VPOS="1437" HPOS="719"/>
<SP HEIGHT="42" WIDTH="28" VPOS="1436" HPOS="848"/>
<String LANG="fr" CS="1" CONTENT="28;" HEIGHT="41" WIDTH="56" VPOS="1436" HPOS="877"/>
<SP HEIGHT="46" WIDTH="33" VPOS="1436" HPOS="960"/>
<!-- cceid A5B008D1-6CFA-1014-9C3C-CEA95E7AA542 --><String LANG="fr" CONTENT="A&#8212;" HEIGHT="38" WIDTH="103" VPOS="1436" HPOS="994"/>
<String LANG="en-US" CONTENT="Foreign" HEIGHT="49" WIDTH="208" VPOS="1434" HPOS="1098"/>
<SP HEIGHT="38" WIDTH="28" VPOS="1435" HPOS="1307"/>
<String LANG="fr" CONTENT="4281;" HEIGHT="47" WIDTH="143" VPOS="1433" HPOS="1336"/>
<SP HEIGHT="45" WIDTH="33" VPOS="1434" HPOS="1480"/>
<String LANG="fr" CONTENT="F." HEIGHT="40" WIDTH="52" VPOS="1434" HPOS="1514"/>
<SP HEIGHT="40" WIDTH="30" VPOS="1434" HPOS="1567"/>
<String LANG="fr" CONTENT="A." HEIGHT="40" WIDTH="54" VPOS="1434" HPOS="1598"/>
<SP HEIGHT="40" WIDTH="32" VPOS="1434" HPOS="1653"/>
<String LANG="fr" CONTENT="Brockhaus." HEIGHT="41" WIDTH="301" VPOS="1433" HPOS="1686"/>
</TextLine>
<TextLine HEIGHT="66" WIDTH="739" VPOS="1561" HPOS="100" STYLEREFS="StyleId-3F9BB0A7-51FE-4357-8194-6189A0D28513-">
<String LANG="en-US" CONTENT="Buck," HEIGHT="64" WIDTH="182" VPOS="1563" HPOS="100"/>
<SP HEIGHT="64" WIDTH="29" VPOS="1563" HPOS="283"/>
<String LANG="fr" CONTENT="Arthur" HEIGHT="54" WIDTH="234" VPOS="1562" HPOS="313"/>
<SP HEIGHT="51" WIDTH="27" VPOS="1563" HPOS="548"/>
<String LANG="en-US" CONTENT="Eugene." HEIGHT="63" WIDTH="263" VPOS="1562" HPOS="576"/>
</TextLine>
<TextLine HEIGHT="77" WIDTH="1935" VPOS="1634" HPOS="171" STYLEREFS="StyleId-B4CEC113-DCB4-4BD3-82C3-2E0137AE93B5-" CS="1">
<String LANG="fr" CONTENT="Public" HEIGHT="54" WIDTH="205" VPOS="1642" HPOS="171"/>
<SP HEIGHT="54" WIDTH="27" VPOS="1641" HPOS="377"/>
<String LANG="en-US" CS="1" CONTENT="budgeting;" HEIGHT="71" WIDTH="319" VPOS="1640" HPOS="405"/>
<SP HEIGHT="48" WIDTH="36" VPOS="1658" HPOS="751"/>
<String LANG="fr" CONTENT="a" HEIGHT="33" WIDTH="31" VPOS="1660" HPOS="788"/>
<SP HEIGHT="53" WIDTH="31" VPOS="1640" HPOS="820"/>
<String LANG="fr" CONTENT="discussion" HEIGHT="56" WIDTH="315" VPOS="1637" HPOS="852"/>
<SP HEIGHT="34" WIDTH="30" VPOS="1657" HPOS="1168"/>
<String LANG="en-US" CONTENT="of" HEIGHT="54" WIDTH="65" VPOS="1637" HPOS="1199"/>
<SP HEIGHT="53" WIDTH="24" VPOS="1637" HPOS="1265"/>
<String LANG="en-US" CONTENT="budgetary" HEIGHT="69" WIDTH="323" VPOS="1636" HPOS="1290"/>
<SP HEIGHT="49" WIDTH="27" VPOS="1655" HPOS="1614"/>
<String LANG="fr" CONTENT="practice" HEIGHT="69" WIDTH="248" VPOS="1635" HPOS="1642"/>
<SP HEIGHT="54" WIDTH="28" VPOS="1635" HPOS="1891"/>
<String LANG="en-US" CONTENT="in" HEIGHT="53" WIDTH="61" VPOS="1635" HPOS="1920"/>
<SP HEIGHT="49" WIDTH="27" VPOS="1639" HPOS="1982"/>
<String LANG="en-US" CONTENT="the" HEIGHT="53" WIDTH="96" VPOS="1634" HPOS="2010"/>
</TextLine>
<TextLine HEIGHT="77" WIDTH="2006" VPOS="1711" HPOS="103" STYLEREFS="StyleId-B4CEC113-DCB4-4BD3-82C3-2E0137AE93B5-">
<String LANG="fr" CONTENT="national," HEIGHT="67" WIDTH="276" VPOS="1721" HPOS="103"/>
<SP HEIGHT="48" WIDTH="27" VPOS="1740" HPOS="380"/>
<String LANG="en-US" CONTENT="state" HEIGHT="49" WIDTH="144" VPOS="1724" HPOS="408"/>
<SP HEIGHT="35" WIDTH="29" VPOS="1737" HPOS="553"/>
<String LANG="fr" CONTENT="and" HEIGHT="53" WIDTH="113" VPOS="1719" HPOS="583"/>
<SP HEIGHT="55" WIDTH="27" VPOS="1717" HPOS="697"/>
<String LANG="fr" CONTENT="local" HEIGHT="55" WIDTH="145" VPOS="1716" HPOS="725"/>
<SP HEIGHT="68" WIDTH="30" VPOS="1718" HPOS="871"/>
<String LANG="en-US" CONTENT="governments" HEIGHT="66" WIDTH="400" VPOS="1720" HPOS="902"/>
<SP HEIGHT="34" WIDTH="27" VPOS="1735" HPOS="1303"/>
<String LANG="en-US" CONTENT="of" HEIGHT="53" WIDTH="66" VPOS="1715" HPOS="1331"/>
<SP HEIGHT="51" WIDTH="25" VPOS="1715" HPOS="1398"/>
<String LANG="en-US" CONTENT="the" HEIGHT="53" WIDTH="95" VPOS="1715" HPOS="1424"/>
<SP HEIGHT="55" WIDTH="27" VPOS="1713" HPOS="1520"/>
<String LANG="fr" CONTENT="United" HEIGHT="55" WIDTH="217" VPOS="1713" HPOS="1548"/>
<SP HEIGHT="56" WIDTH="32" VPOS="1713" HPOS="1766"/>
<String LANG="fr" CONTENT="States," HEIGHT="69" WIDTH="207" VPOS="1713" HPOS="1799"/>
<SP HEIGHT="67" WIDTH="24" VPOS="1715" HPOS="2007"/>
<String LANG="en-US" CONTENT="by" HEIGHT="69" WIDTH="77" VPOS="1714" HPOS="2032"/>
</TextLine>
<TextLine HEIGHT="75" WIDTH="2007" VPOS="1790" HPOS="102" STYLEREFS="StyleId-B4CEC113-DCB4-4BD3-82C3-2E0137AE93B5-" CS="1">
<String LANG="fr" CONTENT="A." HEIGHT="53" WIDTH="72" VPOS="1799" HPOS="102"/>
<SP HEIGHT="51" WIDTH="35" VPOS="1799" HPOS="175"/>
<String LANG="fr" CONTENT="E." HEIGHT="53" WIDTH="67" VPOS="1799" HPOS="211"/>
<SP HEIGHT="53" WIDTH="37" VPOS="1799" HPOS="279"/>
<String LANG="en-US" CONTENT="Buck" HEIGHT="54" WIDTH="162" VPOS="1797" HPOS="317"/>
<SP HEIGHT="51" WIDTH="40" VPOS="1797" HPOS="480"/>
<String LANG="fr" CS="1" CONTENT="&#8230;"/>
<SP HEIGHT="53" WIDTH="77" VPOS="1795" HPOS="577"/>
<String LANG="en-US" CS="1" CONTENT="New"/>
<SP/>
<String LANG="fr" CONTENT="York" HEIGHT="53" WIDTH="164" VPOS="1794" HPOS="831"/>
<SP HEIGHT="53" WIDTH="36" VPOS="1794" HPOS="996"/>
<String LANG="fr" CONTENT="and" HEIGHT="53" WIDTH="113" VPOS="1795" HPOS="1033"/>
<SP HEIGHT="54" WIDTH="33" VPOS="1793" HPOS="1147"/>
<String LANG="fr" CONTENT="London," HEIGHT="68" WIDTH="261" VPOS="1792" HPOS="1181"/>
<SP HEIGHT="67" WIDTH="32" VPOS="1792" HPOS="1443"/>
<String LANG="fr" CONTENT="Harper" HEIGHT="68" WIDTH="235" VPOS="1792" HPOS="1476"/>
<SP HEIGHT="50" WIDTH="36" VPOS="1795" HPOS="1711"/>
<String LANG="fr" CONTENT="&amp;" HEIGHT="51" WIDTH="46" VPOS="1794" HPOS="1748"/>
<SP HEIGHT="54" WIDTH="32" VPOS="1791" HPOS="1795"/>
<String LANG="en-US" CONTENT="brothers," HEIGHT="70" WIDTH="281" VPOS="1790" HPOS="1828"/>
</TextLine>
<TextLine HEIGHT="50" WIDTH="149" VPOS="1880" HPOS="105" STYLEREFS="StyleId-B4CEC113-DCB4-4BD3-82C3-2E0137AE93B5-" LANG="fr">
<String CONTENT="1929." HEIGHT="50" WIDTH="149" VPOS="1880" HPOS="105"/>
</TextLine>
<TextLine HEIGHT="55" WIDTH="934" VPOS="1951" HPOS="211" CS="1">
<String LANG="fr" CS="1" CONTENT="x," HEIGHT="15" WIDTH="9" VPOS="1989" HPOS="211"/>
<SP HEIGHT="47" WIDTH="27" VPOS="1957" HPOS="221"/>
<String LANG="fr" CONTENT="612" HEIGHT="41" WIDTH="85" VPOS="1957" HPOS="249"/>
<SP HEIGHT="49" WIDTH="26" VPOS="1957" HPOS="335"/>
<String LANG="fr" CONTENT="p." HEIGHT="38" WIDTH="44" VPOS="1968" HPOS="362"/>
<SP HEIGHT="41" WIDTH="27" VPOS="1956" HPOS="407"/>
<String LANG="fr" CONTENT="incl." HEIGHT="41" WIDTH="110" VPOS="1955" HPOS="435"/>
<SP HEIGHT="40" WIDTH="28" VPOS="1956" HPOS="546"/>
<String LANG="fr" CONTENT="diagrs.," HEIGHT="50" WIDTH="195" VPOS="1953" HPOS="575"/>
<SP HEIGHT="49" WIDTH="25" VPOS="1953" HPOS="771"/>
<String LANG="en-US" CONTENT="forms." HEIGHT="41" WIDTH="170" VPOS="1953" HPOS="797"/>
<SP HEIGHT="42" WIDTH="57" VPOS="1952" HPOS="968"/>
<String LANG="en-US" CONTENT="24" HEIGHT="40" WIDTH="58" VPOS="1952" HPOS="1026"/>
<String STYLE="superscript" LANG="en-US" CS="1" CONTENT="&#7580;&#7504;"/>
<String LANG="en-US" CONTENT="." HEIGHT="8" WIDTH="10" VPOS="1985" HPOS="1135"/>
</TextLine>
<TextLine HEIGHT="44" WIDTH="419" VPOS="2025" HPOS="177">
<String LANG="fr" CONTENT="&#8220;First" HEIGHT="40" WIDTH="163" VPOS="2029" HPOS="177"/>
<SP HEIGHT="38" WIDTH="28" VPOS="2031" HPOS="341"/>
<String LANG="en-US" CONTENT="edition.&#8221;" HEIGHT="44" WIDTH="226" VPOS="2025" HPOS="370"/>
</TextLine>
<TextLine HEIGHT="53" WIDTH="1000" VPOS="2079" HPOS="178" LANG="en-US" CS="1">
<String CONTENT="&#8220;Selected" HEIGHT="41" WIDTH="249" VPOS="2086" HPOS="178"/>
<SP HEIGHT="41" WIDTH="27" VPOS="2084" HPOS="428"/>
<String CS="1" CONTENT="bibliography&#8221;:" HEIGHT="50" WIDTH="367" VPOS="2081" HPOS="456"/>
<SP HEIGHT="37" WIDTH="31" VPOS="2093" HPOS="852"/>
<String LANG="fr" CONTENT="p." HEIGHT="37" WIDTH="44" VPOS="2093" HPOS="884"/>
<SP HEIGHT="42" WIDTH="30" VPOS="2081" HPOS="929"/>
<String CONTENT="593-597." HEIGHT="45" WIDTH="218" VPOS="2079" HPOS="960"/>
</TextLine>
<TextLine HEIGHT="58" WIDTH="1886" VPOS="2147" HPOS="111" LANG="en-US">
<String CONTENT="&#169;" HEIGHT="53" WIDTH="53" VPOS="2152" HPOS="111"/>
<SP HEIGHT="53" WIDTH="30" VPOS="2152" HPOS="164"/>
<String CONTENT="Oct." HEIGHT="41" WIDTH="104" VPOS="2157" HPOS="194"/>
<SP HEIGHT="40" WIDTH="27" VPOS="2157" HPOS="298"/>
<String CONTENT="16," HEIGHT="47" WIDTH="70" VPOS="2156" HPOS="326"/>
<SP HEIGHT="47" WIDTH="29" VPOS="2156" HPOS="396"/>
<String CONTENT="1929;" HEIGHT="49" WIDTH="143" VPOS="2154" HPOS="425"/>
<SP HEIGHT="47" WIDTH="28" VPOS="2155" HPOS="568"/>
<String CONTENT="2c." HEIGHT="40" WIDTH="69" VPOS="2155" HPOS="596"/>
<SP HEIGHT="40" WIDTH="28" VPOS="2154" HPOS="666"/>
<String CONTENT="Oct." HEIGHT="42" WIDTH="105" VPOS="2153" HPOS="695"/>
<SP HEIGHT="41" WIDTH="26" VPOS="2153" HPOS="801"/>
<String CONTENT="16;" HEIGHT="47" WIDTH="85" VPOS="2153" HPOS="828"/>
<SP HEIGHT="37" WIDTH="31" VPOS="2163" HPOS="913"/>
<String CONTENT="aff." HEIGHT="40" WIDTH="83" VPOS="2152" HPOS="944"/>
<SP HEIGHT="42" WIDTH="27" VPOS="2152" HPOS="1028"/>
<String CONTENT="Oct." HEIGHT="43" WIDTH="104" VPOS="2151" HPOS="1056"/>
<SP HEIGHT="41" WIDTH="29" VPOS="2152" HPOS="1161"/>
<String CONTENT="18;" HEIGHT="46" WIDTH="83" VPOS="2152" HPOS="1191"/>
<SP HEIGHT="46" WIDTH="30" VPOS="2152" HPOS="1274"/>
<!-- cceid A5B067CD-6CFA-1014-9C3C-CEA95E7AA542 --><String CONTENT="A" HEIGHT="39" WIDTH="43" VPOS="2152" HPOS="1304"/>
<SP HEIGHT="39" WIDTH="27" VPOS="2152" HPOS="1348"/>
<String CONTENT="14238;" HEIGHT="48" WIDTH="172" VPOS="2151" HPOS="1376"/>
<SP HEIGHT="46" WIDTH="32" VPOS="2152" HPOS="1548"/>
<String CONTENT="Harper" HEIGHT="49" WIDTH="196" VPOS="2151" HPOS="1580"/>
<SP HEIGHT="40" WIDTH="27" VPOS="2152" HPOS="1776"/>
<String CONTENT="&amp;" HEIGHT="40" WIDTH="37" VPOS="2152" HPOS="1804"/>
<SP HEIGHT="40" WIDTH="26" VPOS="2152" HPOS="1842"/>
<String CONTENT="bros." HEIGHT="39" WIDTH="127" VPOS="2153" HPOS="1869"/>
</TextLine>
<TextLine HEIGHT="50" WIDTH="280" VPOS="2212" HPOS="189" LANG="en-US">
<String CONTENT="(29-21695)" HEIGHT="50" WIDTH="280" VPOS="2212" HPOS="189"/>
</TextLine>
<TextLine HEIGHT="65" WIDTH="447" VPOS="2322" HPOS="106" STYLEREFS="StyleId-3F9BB0A7-51FE-4357-8194-6189A0D28513-" LANG="en-US">
<String CONTENT="Budwin," HEIGHT="64" WIDTH="269" VPOS="2323" HPOS="106"/>
<SP HEIGHT="64" WIDTH="27" VPOS="2323" HPOS="376"/>
<String CONTENT="Ray." HEIGHT="65" WIDTH="149" VPOS="2322" HPOS="404"/>
</TextLine>
<TextLine HEIGHT="80" WIDTH="1935" VPOS="2392" HPOS="175" STYLEREFS="StyleId-B4CEC113-DCB4-4BD3-82C3-2E0137AE93B5-">
<String LANG="en-US" CONTENT="The" HEIGHT="53" WIDTH="122" VPOS="2400" HPOS="175"/>
<SP HEIGHT="34" WIDTH="30" VPOS="2419" HPOS="298"/>
<String LANG="en-US" CONTENT="return" HEIGHT="50" WIDTH="196" VPOS="2403" HPOS="329"/>
<SP HEIGHT="35" WIDTH="32" VPOS="2417" HPOS="526"/>
<String LANG="en-US" CONTENT="of" HEIGHT="55" WIDTH="65" VPOS="2397" HPOS="559"/>
<SP HEIGHT="53" WIDTH="30" VPOS="2397" HPOS="625"/>
<String LANG="la" CONTENT="Eurylochus," HEIGHT="71" WIDTH="380" VPOS="2398" HPOS="656"/>
<SP HEIGHT="47" WIDTH="33" VPOS="2417" HPOS="1037"/>
<String LANG="en-US" CONTENT="a" HEIGHT="34" WIDTH="31" VPOS="2417" HPOS="1071"/>
<SP HEIGHT="48" WIDTH="32" VPOS="2403" HPOS="1103"/>
<String LANG="en-US" CONTENT="tragedy" HEIGHT="69" WIDTH="244" VPOS="2397" HPOS="1136"/>
<SP HEIGHT="50" WIDTH="33" VPOS="2416" HPOS="1381"/>
<String LANG="en-US" CONTENT="of" HEIGHT="56" WIDTH="66" VPOS="2395" HPOS="1415"/>
<SP HEIGHT="55" WIDTH="30" VPOS="2395" HPOS="1482"/>
<String LANG="en-US" CONTENT="ancient" HEIGHT="54" WIDTH="226" VPOS="2396" HPOS="1513"/>
<SP HEIGHT="56" WIDTH="31" VPOS="2397" HPOS="1740"/>
<String LANG="en-US" CONTENT="Greece," HEIGHT="69" WIDTH="227" VPOS="2396" HPOS="1772"/>
<SP HEIGHT="66" WIDTH="32" VPOS="2398" HPOS="2000"/>
<String LANG="en-US" CONTENT="by" HEIGHT="70" WIDTH="77" VPOS="2397" HPOS="2033"/>
</TextLine>
<TextLine HEIGHT="69" WIDTH="1981" VPOS="2472" HPOS="106" STYLEREFS="StyleId-B4CEC113-DCB4-4BD3-82C3-2E0137AE93B5-" LANG="en-US" CS="1">
<String CONTENT="Ray" HEIGHT="62" WIDTH="129" VPOS="2479" HPOS="106"/>
<SP HEIGHT="62" WIDTH="30" VPOS="2479" HPOS="235"/>
<String CONTENT="Budwin." HEIGHT="54" WIDTH="265" VPOS="2477" HPOS="265"/>
<SP HEIGHT="51" WIDTH="69" VPOS="2478" HPOS="531"/>
<String CONTENT="Boston," HEIGHT="63" WIDTH="236" VPOS="2477" HPOS="601"/>
<SP HEIGHT="63" WIDTH="31" VPOS="2476" HPOS="837"/>
<String CONTENT="Mass.," HEIGHT="63" WIDTH="193" VPOS="2476" HPOS="868"/>
<SP HEIGHT="62" WIDTH="34" VPOS="2477" HPOS="1061"/>
<String CONTENT="The" HEIGHT="54" WIDTH="121" VPOS="2475" HPOS="1095"/>
<SP HEIGHT="56" WIDTH="36" VPOS="2474" HPOS="1217"/>
<String CONTENT="Stratford" HEIGHT="57" WIDTH="301" VPOS="2473" HPOS="1253"/>
<SP HEIGHT="52" WIDTH="35" VPOS="2476" HPOS="1554"/>
<String CONTENT="company" HEIGHT="45" WIDTH="282" VPOS="2492" HPOS="1589"/>
<SP HEIGHT="42" WIDTH="40" VPOS="2494" HPOS="1871"/>
<String CS="1" CONTENT="["/>
<String STYLE="superscript" CS="1" CONTENT="&#7580;192"/>
<String CS="1" CONTENT="9]" HEIGHT="50" WIDTH="31" VPOS="2479" HPOS="2056"/>
</TextLine>
<TextLine HEIGHT="51" WIDTH="540" VPOS="2559" HPOS="180" STYLEREFS="StyleId-B4CEC113-DCB4-4BD3-82C3-2E0137AE93B5-" CS="1">
<String LANG="en-US" CONTENT="8" HEIGHT="42" WIDTH="28" VPOS="2560" HPOS="180"/>
<SP HEIGHT="50" WIDTH="26" VPOS="2560" HPOS="209"/>
<String LANG="la" CONTENT="p." HEIGHT="38" WIDTH="44" VPOS="2572" HPOS="236"/>
<SP/>
<String LANG="la" CS="1" CONTENT="l."/>
<String LANG="en-US" CONTENT="," HEIGHT="16" WIDTH="12" VPOS="2592" HPOS="344"/>
<SP HEIGHT="48" WIDTH="26" VPOS="2560" HPOS="357"/>
<String LANG="en-US" CONTENT="44" HEIGHT="41" WIDTH="58" VPOS="2559" HPOS="384"/>
<SP HEIGHT="48" WIDTH="26" VPOS="2561" HPOS="443"/>
<String LANG="fr" CONTENT="p." HEIGHT="38" WIDTH="44" VPOS="2571" HPOS="470"/>
<SP HEIGHT="42" WIDTH="56" VPOS="2559" HPOS="515"/>
<String LANG="fr" CS="1" CONTENT="19"/>
<String LANG="en-US" CS="1" CONTENT="&#189;&#7580;&#7504;"/>
<String LANG="fr" CONTENT="." HEIGHT="10" WIDTH="10" VPOS="2591" HPOS="710"/>
</TextLine>
<TextLine HEIGHT="58" WIDTH="1735" VPOS="2623" HPOS="117" LANG="en-US" CS="1">
<String CONTENT="&#169;" HEIGHT="53" WIDTH="51" VPOS="2628" HPOS="117"/>
<SP HEIGHT="53" WIDTH="31" VPOS="2628" HPOS="169"/>
<String CONTENT="Oct." HEIGHT="42" WIDTH="103" VPOS="2632" HPOS="201"/>
<SP HEIGHT="41" WIDTH="28" VPOS="2632" HPOS="305"/>
<String CONTENT="10," HEIGHT="49" WIDTH="69" VPOS="2631" HPOS="334"/>
<SP HEIGHT="48" WIDTH="29" VPOS="2632" HPOS="404"/>
<String CS="1" CONTENT="1929;" HEIGHT="41" WIDTH="114" VPOS="2631" HPOS="434"/>
<SP HEIGHT="46" WIDTH="30" VPOS="2631" HPOS="576"/>
<String CONTENT="2c." HEIGHT="41" WIDTH="69" VPOS="2631" HPOS="607"/>
<SP HEIGHT="42" WIDTH="30" VPOS="2630" HPOS="677"/>
<String CONTENT="Oct." HEIGHT="43" WIDTH="103" VPOS="2629" HPOS="708"/>
<SP HEIGHT="41" WIDTH="28" VPOS="2630" HPOS="812"/>
<String CS="1" CONTENT="11;" HEIGHT="40" WIDTH="53" VPOS="2630" HPOS="841"/>
<SP HEIGHT="37" WIDTH="33" VPOS="2640" HPOS="924"/>
<String CONTENT="aff." HEIGHT="43" WIDTH="83" VPOS="2628" HPOS="958"/>
<SP HEIGHT="41" WIDTH="30" VPOS="2630" HPOS="1042"/>
<String CONTENT="Oct." HEIGHT="42" WIDTH="103" VPOS="2629" HPOS="1073"/>
<SP HEIGHT="40" WIDTH="30" VPOS="2630" HPOS="1177"/>
<String CS="1" CONTENT="17;" HEIGHT="39" WIDTH="56" VPOS="2630" HPOS="1208"/>
<SP HEIGHT="48" WIDTH="29" VPOS="2628" HPOS="1291"/>
<!-- cceid A5B0C3B1-6CFA-1014-9C3C-CEA95E7AA542 --><String CONTENT="A" HEIGHT="40" WIDTH="42" VPOS="2628" HPOS="1321"/>
<SP HEIGHT="40" WIDTH="30" VPOS="2628" HPOS="1364"/>
<String CS="1" CONTENT="15076;" HEIGHT="43" WIDTH="145" VPOS="2627" HPOS="1395"/>
<SP HEIGHT="47" WIDTH="34" VPOS="2629" HPOS="1566"/>
<String CONTENT="Stratford" HEIGHT="43" WIDTH="251" VPOS="2628" HPOS="1601"/>
</TextLine>
<TextLine HEIGHT="109" WIDTH="1911" VPOS="2629" HPOS="183" LANG="en-US" CS="1">
<String CONTENT="co.," HEIGHT="33" WIDTH="82" VPOS="2640" HPOS="1884"/>
<SP HEIGHT="38" WIDTH="31" VPOS="2640" HPOS="1967"/>
<String CONTENT="publishers." HEIGHT="101" WIDTH="1911" VPOS="2629" HPOS="183"/>
<SP HEIGHT="50" WIDTH="66" VPOS="2688" HPOS="376"/>
<String CONTENT="(29-21806)" HEIGHT="51" WIDTH="280" VPOS="2686" HPOS="443"/>
</TextLine>
<TextLine HEIGHT="66" WIDTH="943" VPOS="2796" HPOS="111" STYLEREFS="StyleId-3F9BB0A7-51FE-4357-8194-6189A0D28513-" LANG="en-US">
<String CONTENT="Cabell," HEIGHT="64" WIDTH="215" VPOS="2798" HPOS="111"/>
<SP HEIGHT="63" WIDTH="29" VPOS="2799" HPOS="327"/>
<String CONTENT="James" HEIGHT="54" WIDTH="205" VPOS="2798" HPOS="357"/>
<SP HEIGHT="52" WIDTH="26" VPOS="2799" HPOS="563"/>
<String CONTENT="Branch," HEIGHT="64" WIDTH="256" VPOS="2797" HPOS="590"/>
<SP HEIGHT="57" WIDTH="34" VPOS="2803" HPOS="847"/>
<String CONTENT="1879-" HEIGHT="54" WIDTH="172" VPOS="2798" HPOS="882"/>
</TextLine>
<TextLine HEIGHT="78" WIDTH="1935" VPOS="2870" HPOS="183" STYLEREFS="StyleId-B4CEC113-DCB4-4BD3-82C3-2E0137AE93B5-" LANG="en-US">
<String CONTENT="The" HEIGHT="52" WIDTH="122" VPOS="2877" HPOS="183"/>
<SP HEIGHT="34" WIDTH="37" VPOS="2894" HPOS="306"/>
<String CONTENT="eagle&#8217;s" HEIGHT="69" WIDTH="202" VPOS="2875" HPOS="344"/>
<SP HEIGHT="33" WIDTH="39" VPOS="2895" HPOS="547"/>
<String CONTENT="shadow;" HEIGHT="61" WIDTH="261" VPOS="2875" HPOS="587"/>
<SP HEIGHT="41" WIDTH="43" VPOS="2894" HPOS="849"/>
<String CONTENT="a" HEIGHT="33" WIDTH="31" VPOS="2894" HPOS="893"/>
<SP HEIGHT="33" WIDTH="38" VPOS="2894" HPOS="925"/>
<String CONTENT="comedy" HEIGHT="70" WIDTH="236" VPOS="2875" HPOS="964"/>
<SP HEIGHT="51" WIDTH="36" VPOS="2893" HPOS="1201"/>
<String CONTENT="of" HEIGHT="53" WIDTH="65" VPOS="2873" HPOS="1238"/>
<SP HEIGHT="70" WIDTH="39" VPOS="2873" HPOS="1304"/>
<String CONTENT="purse-strings," HEIGHT="70" WIDTH="428" VPOS="2875" HPOS="1344"/>
<SP HEIGHT="66" WIDTH="35" VPOS="2877" HPOS="1773"/>
<String CONTENT="by" HEIGHT="66" WIDTH="76" VPOS="2877" HPOS="1809"/>
<SP HEIGHT="65" WIDTH="35" VPOS="2878" HPOS="1886"/>
<String CONTENT="James" HEIGHT="55" WIDTH="196" VPOS="2877" HPOS="1922"/>
</TextLine>
<TextLine HEIGHT="79" WIDTH="2004" VPOS="2949" HPOS="114" STYLEREFS="StyleId-B4CEC113-DCB4-4BD3-82C3-2E0137AE93B5-" LANG="en-US" CS="1">
<String CONTENT="Branch" HEIGHT="53" WIDTH="231" VPOS="2955" HPOS="114"/>
<SP HEIGHT="55" WIDTH="31" VPOS="2955" HPOS="346"/>
<String CONTENT="Cabell." HEIGHT="56" WIDTH="211" VPOS="2954" HPOS="378"/>
<SP HEIGHT="52" WIDTH="74" VPOS="2955" HPOS="590"/>
<String CS="1" CONTENT="New"/>
<SP/>
<String CONTENT="York," HEIGHT="65" WIDTH="181" VPOS="2954" HPOS="834"/>
<SP HEIGHT="65" WIDTH="27" VPOS="2954" HPOS="1016"/>
<String LANG="la" CONTENT="R." HEIGHT="54" WIDTH="69" VPOS="2953" HPOS="1044"/>
<SP HEIGHT="52" WIDTH="27" VPOS="2954" HPOS="1114"/>
<String CONTENT="M." HEIGHT="52" WIDTH="80" VPOS="2954" HPOS="1142"/>
<SP HEIGHT="52" WIDTH="29" VPOS="2954" HPOS="1223"/>
<String CONTENT="McBride" HEIGHT="54" WIDTH="278" VPOS="2953" HPOS="1253"/>
<SP HEIGHT="50" WIDTH="28" VPOS="2957" HPOS="1532"/>
<String CONTENT="&amp;" HEIGHT="50" WIDTH="46" VPOS="2957" HPOS="1561"/>
<SP HEIGHT="50" WIDTH="27" VPOS="2957" HPOS="1608"/>
<String CONTENT="company," HEIGHT="54" WIDTH="298" VPOS="2970" HPOS="1636"/>
<SP HEIGHT="63" WIDTH="31" VPOS="2958" HPOS="1935"/>
<String CONTENT="1929." HEIGHT="53" WIDTH="151" VPOS="2956" HPOS="1967"/>
</TextLine>
<TextLine HEIGHT="56" WIDTH="1936" VPOS="3030" HPOS="185" LANG="en-US" CS="1">
<String CONTENT="xxiii," HEIGHT="49" WIDTH="138" VPOS="3036" HPOS="185"/>
<SP HEIGHT="48" WIDTH="35" VPOS="3037" HPOS="324"/>
<String CONTENT="283" HEIGHT="43" WIDTH="86" VPOS="3035" HPOS="360"/>
<SP HEIGHT="49" WIDTH="35" VPOS="3035" HPOS="447"/>
<String LANG="la" CONTENT="p.," HEIGHT="37" WIDTH="58" VPOS="3047" HPOS="483"/>
<SP HEIGHT="47" WIDTH="34" VPOS="3037" HPOS="542"/>
<String CONTENT="1" HEIGHT="38" WIDTH="25" VPOS="3037" HPOS="577"/>
<SP/>
<String CS="1" CONTENT="l."/>
<SP HEIGHT="41" WIDTH="57" VPOS="3035" HPOS="670"/>
<String CS="1" CONTENT="23&#189;&#7580;&#7504;." HEIGHT="43" WIDTH="147" VPOS="3034" HPOS="728"/>
<SP/>
<String CONTENT="(Lettered" HEIGHT="50" WIDTH="255" VPOS="3034" HPOS="946"/>
<SP HEIGHT="39" WIDTH="33" VPOS="3037" HPOS="1202"/>
<String CONTENT="on" HEIGHT="31" WIDTH="60" VPOS="3045" HPOS="1236"/>
<SP HEIGHT="30" WIDTH="34" VPOS="3046" HPOS="1297"/>
<String CONTENT="cover:" HEIGHT="32" WIDTH="165" VPOS="3045" HPOS="1332"/>
<SP HEIGHT="39" WIDTH="31" VPOS="3036" HPOS="1498"/>
<String CONTENT="The" HEIGHT="39" WIDTH="102" VPOS="3036" HPOS="1530"/>
<SP HEIGHT="29" WIDTH="32" VPOS="3046" HPOS="1633"/>
<String CONTENT="works" HEIGHT="43" WIDTH="162" VPOS="3034" HPOS="1666"/>
<SP HEIGHT="30" WIDTH="35" VPOS="3046" HPOS="1829"/>
<String CONTENT="of" HEIGHT="41" WIDTH="52" VPOS="3035" HPOS="1865"/>
<SP HEIGHT="41" WIDTH="34" VPOS="3035" HPOS="1918"/>
<String CONTENT="James" HEIGHT="43" WIDTH="168" VPOS="3035" HPOS="1953"/>
</TextLine>
<TextLine HEIGHT="50" WIDTH="552" VPOS="3092" HPOS="115" LANG="en-US">
<String CONTENT="Branch" HEIGHT="40" WIDTH="195" VPOS="3095" HPOS="115"/>
<SP HEIGHT="42" WIDTH="28" VPOS="3093" HPOS="311"/>
<String CONTENT="Cabell," HEIGHT="43" WIDTH="181" VPOS="3092" HPOS="340"/>
<SP HEIGHT="30" WIDTH="56" VPOS="3104" HPOS="522"/>
<String CONTENT="xv)" HEIGHT="49" WIDTH="88" VPOS="3092" HPOS="579"/>
</TextLine>
<TextLine HEIGHT="44" WIDTH="706" VPOS="3163" HPOS="186" LANG="en-US">
<String CONTENT="&#8220;Storisende" HEIGHT="42" WIDTH="314" VPOS="3164" HPOS="186"/>
<SP HEIGHT="29" WIDTH="26" VPOS="3176" HPOS="500"/>
<String CONTENT="edition," HEIGHT="42" WIDTH="201" VPOS="3164" HPOS="526"/>
<SP HEIGHT="32" WIDTH="57" VPOS="3174" HPOS="727"/>
<String CONTENT="xv.&#8221;" HEIGHT="40" WIDTH="108" VPOS="3165" HPOS="784"/>
</TextLine>
<TextLine HEIGHT="58" WIDTH="1933" VPOS="3216" HPOS="189" LANG="en-US" CS="1">
<String CONTENT="&#8220;Of" HEIGHT="42" WIDTH="94" VPOS="3222" HPOS="189"/>
<SP HEIGHT="39" WIDTH="31" VPOS="3223" HPOS="284"/>
<String CONTENT="this" HEIGHT="41" WIDTH="100" VPOS="3222" HPOS="316"/>
<SP HEIGHT="31" WIDTH="37" VPOS="3232" HPOS="417"/>
<String CS="1" CONTENT="&#8230;"/>
<SP HEIGHT="29" WIDTH="36" VPOS="3233" HPOS="502"/>
<String CONTENT="volume" HEIGHT="40" WIDTH="192" VPOS="3222" HPOS="539"/>
<SP HEIGHT="30" WIDTH="36" VPOS="3231" HPOS="732"/>
<String CS="1" CONTENT="&#8230;"/>
<SP HEIGHT="41" WIDTH="37" VPOS="3221" HPOS="816"/>
<String CONTENT="fifteen" HEIGHT="40" WIDTH="169" VPOS="3221" HPOS="854"/>
<SP HEIGHT="39" WIDTH="34" VPOS="3221" HPOS="1024"/>
<String CONTENT="hundred" HEIGHT="43" WIDTH="222" VPOS="3220" HPOS="1059"/>
<SP HEIGHT="40" WIDTH="33" VPOS="3222" HPOS="1282"/>
<String CONTENT="and" HEIGHT="39" WIDTH="97" VPOS="3223" HPOS="1316"/>
<SP HEIGHT="40" WIDTH="32" VPOS="3222" HPOS="1414"/>
<String CONTENT="ninety" HEIGHT="48" WIDTH="168" VPOS="3221" HPOS="1447"/>
<SP HEIGHT="36" WIDTH="33" VPOS="3233" HPOS="1616"/>
<String CONTENT="copies" HEIGHT="50" WIDTH="159" VPOS="3220" HPOS="1650"/>
<SP HEIGHT="39" WIDTH="33" VPOS="3223" HPOS="1810"/>
<String CONTENT="have" HEIGHT="39" WIDTH="125" VPOS="3223" HPOS="1844"/>
<SP HEIGHT="40" WIDTH="32" VPOS="3223" HPOS="1970"/>
<String CONTENT="been" HEIGHT="42" WIDTH="119" VPOS="3222" HPOS="2003"/>
</TextLine>
<TextLine HEIGHT="52" WIDTH="1078" VPOS="3276" HPOS="117" LANG="en-US" CS="1">
<String CONTENT="printed" HEIGHT="49" WIDTH="193" VPOS="3279" HPOS="117"/>
<SP HEIGHT="40" WIDTH="27" VPOS="3280" HPOS="311"/>
<String CS="1" CONTENT="&#8230;"/>
<SP HEIGHT="40" WIDTH="60" VPOS="3279" HPOS="387"/>
<String CONTENT="This" HEIGHT="41" WIDTH="118" VPOS="3278" HPOS="448"/>
<SP HEIGHT="29" WIDTH="24" VPOS="3290" HPOS="567"/>
<String CONTENT="copy" HEIGHT="37" WIDTH="119" VPOS="3289" HPOS="592"/>
<SP HEIGHT="48" WIDTH="26" VPOS="3278" HPOS="712"/>
<String CONTENT="is" HEIGHT="42" WIDTH="41" VPOS="3277" HPOS="739"/>
<SP HEIGHT="30" WIDTH="26" VPOS="3288" HPOS="781"/>
<String CONTENT="number" HEIGHT="41" WIDTH="203" VPOS="3278" HPOS="808"/>
<SP HEIGHT="39" WIDTH="24" VPOS="3279" HPOS="1012"/>
<String CONTENT="1590.&#8221;" HEIGHT="44" WIDTH="158" VPOS="3277" HPOS="1037"/>
</TextLine>
<TextLine HEIGHT="63" WIDTH="1824" VPOS="3341" HPOS="123" LANG="en-US" CS="1">
<String CONTENT="&#169;" HEIGHT="53" WIDTH="53" VPOS="3346" HPOS="123"/>
<SP HEIGHT="53" WIDTH="29" VPOS="3346" HPOS="177"/>
<String CONTENT="Sept." HEIGHT="49" WIDTH="129" VPOS="3350" HPOS="207"/>
<SP HEIGHT="41" WIDTH="26" VPOS="3351" HPOS="337"/>
<String CONTENT="15," HEIGHT="49" WIDTH="69" VPOS="3350" HPOS="364"/>
<SP HEIGHT="48" WIDTH="26" VPOS="3351" HPOS="434"/>
<String CS="1" CONTENT="1929;" HEIGHT="41" WIDTH="118" VPOS="3350" HPOS="461"/>
<SP HEIGHT="46" WIDTH="28" VPOS="3350" HPOS="603"/>
<String CONTENT="2c." HEIGHT="40" WIDTH="67" VPOS="3350" HPOS="632"/>
<SP HEIGHT="42" WIDTH="29" VPOS="3350" HPOS="700"/>
<String CONTENT="Oct." HEIGHT="43" WIDTH="102" VPOS="3349" HPOS="730"/>
<SP HEIGHT="40" WIDTH="27" VPOS="3350" HPOS="833"/>
<String CS="1" CONTENT="17;" HEIGHT="40" WIDTH="56" VPOS="3350" HPOS="861"/>
<SP HEIGHT="37" WIDTH="28" VPOS="3360" HPOS="945"/>
<String CONTENT="aff." HEIGHT="40" WIDTH="82" VPOS="3350" HPOS="974"/>
<SP HEIGHT="42" WIDTH="29" VPOS="3350" HPOS="1057"/>
<String CONTENT="Oct." HEIGHT="43" WIDTH="104" VPOS="3349" HPOS="1087"/>
<SP HEIGHT="40" WIDTH="26" VPOS="3351" HPOS="1192"/>
<String CS="1" CONTENT="16;" HEIGHT="40" WIDTH="56" VPOS="3350" HPOS="1219"/>
<SP HEIGHT="46" WIDTH="30" VPOS="3351" HPOS="1303"/>
<!-- cceid A5B11DCF-6CFA-1014-9C3C-CEA95E7AA542 --><String CONTENT="A" HEIGHT="38" WIDTH="41" VPOS="3351" HPOS="1334"/>
<SP HEIGHT="38" WIDTH="26" VPOS="3351" HPOS="1376"/>
<String CS="1" CONTENT="14203;" HEIGHT="42" WIDTH="144" VPOS="3349" HPOS="1403"/>
<SP HEIGHT="46" WIDTH="31" VPOS="3351" HPOS="1575"/>
<String LANG="fr" CONTENT="J." HEIGHT="41" WIDTH="44" VPOS="3351" HPOS="1607"/>
<SP HEIGHT="41" WIDTH="28" VPOS="3351" HPOS="1652"/>
<String CONTENT="B." HEIGHT="40" WIDTH="54" VPOS="3351" HPOS="1681"/>
<SP HEIGHT="42" WIDTH="29" VPOS="3351" HPOS="1736"/>
<String CONTENT="Cabell," HEIGHT="50" WIDTH="181" VPOS="3350" HPOS="1766"/>
</TextLine>
<TextLine HEIGHT="108" WIDTH="1911" VPOS="3351" HPOS="190" LANG="en-US" CS="1">
<String CONTENT="Richmond." HEIGHT="97" WIDTH="1911" VPOS="3351" HPOS="190"/>
<SP HEIGHT="30" WIDTH="64" VPOS="3427" HPOS="350"/>
<String CONTENT="[&#169;" HEIGHT="56" WIDTH="68" VPOS="3401" HPOS="415"/>
<SP HEIGHT="55" WIDTH="30" VPOS="3401" HPOS="484"/>
<String CONTENT="definitive" HEIGHT="41" WIDTH="249" VPOS="3407" HPOS="515"/>
<SP HEIGHT="31" WIDTH="30" VPOS="3417" HPOS="765"/>
<String CONTENT="ed." HEIGHT="40" WIDTH="72" VPOS="3407" HPOS="796"/>
<SP HEIGHT="29" WIDTH="31" VPOS="3418" HPOS="869"/>
<String CONTENT="with" HEIGHT="40" WIDTH="121" VPOS="3407" HPOS="901"/>
<SP HEIGHT="39" WIDTH="31" VPOS="3407" HPOS="1023"/>
<String CONTENT="revisions" HEIGHT="41" WIDTH="241" VPOS="3407" HPOS="1055"/>
<SP HEIGHT="38" WIDTH="31" VPOS="3410" HPOS="1297"/>
<String CONTENT="throughout" HEIGHT="49" WIDTH="301" VPOS="3407" HPOS="1329"/>
<SP HEIGHT="38" WIDTH="28" VPOS="3410" HPOS="1631"/>
<String CONTENT="and" HEIGHT="39" WIDTH="97" VPOS="3409" HPOS="1660"/>
</TextLine>
<TextLine HEIGHT="106" WIDTH="1911" VPOS="3408" HPOS="192" LANG="en-US" CS="1">
<String CONTENT="a" HEIGHT="30" WIDTH="27" VPOS="3418" HPOS="1792"/>
<SP HEIGHT="30" WIDTH="32" VPOS="3418" HPOS="1820"/>
<String CONTENT="new" HEIGHT="29" WIDTH="108" VPOS="3419" HPOS="1853"/>
<SP HEIGHT="38" WIDTH="30" VPOS="3418" HPOS="1962"/>
<String CONTENT="preface]" HEIGHT="105" WIDTH="1911" VPOS="3408" HPOS="192"/>
<SP HEIGHT="50" WIDTH="66" VPOS="3463" HPOS="292"/>
<String CONTENT="(29-21800)" HEIGHT="52" WIDTH="282" VPOS="3462" HPOS="359"/>
</TextLine>
<TextLine HEIGHT="76" WIDTH="1761" VPOS="3568" HPOS="190" STYLEREFS="StyleId-B4CEC113-DCB4-4BD3-82C3-2E0137AE93B5-" LANG="en-US" CS="1">
<String CONTENT="From" HEIGHT="53" WIDTH="177" VPOS="3573" HPOS="190"/>
<SP HEIGHT="48" WIDTH="21" VPOS="3578" HPOS="368"/>
<String CONTENT="the" HEIGHT="53" WIDTH="96" VPOS="3573" HPOS="390"/>
<SP HEIGHT="52" WIDTH="23" VPOS="3573" HPOS="487"/>
<String CONTENT="hidden" HEIGHT="55" WIDTH="214" VPOS="3572" HPOS="511"/>
<SP HEIGHT="34" WIDTH="22" VPOS="3592" HPOS="726"/>
<String CONTENT="way," HEIGHT="52" WIDTH="144" VPOS="3591" HPOS="749"/>
<SP HEIGHT="65" WIDTH="24" VPOS="3576" HPOS="894"/>
<String CONTENT="The" HEIGHT="54" WIDTH="122" VPOS="3573" HPOS="919"/>
<SP HEIGHT="69" WIDTH="22" VPOS="3573" HPOS="1042"/>
<String CONTENT="jewel" HEIGHT="70" WIDTH="163" VPOS="3572" HPOS="1065"/>
<SP HEIGHT="53" WIDTH="22" VPOS="3573" HPOS="1229"/>
<String CONTENT="merchants," HEIGHT="69" WIDTH="341" VPOS="3572" HPOS="1252"/>
<SP HEIGHT="66" WIDTH="24" VPOS="3574" HPOS="1594"/>
<String CONTENT="dizain" HEIGHT="56" WIDTH="192" VPOS="3571" HPOS="1619"/>
<SP HEIGHT="34" WIDTH="25" VPOS="3593" HPOS="1812"/>
<String CONTENT="and" HEIGHT="52" WIDTH="113" VPOS="3576" HPOS="1838"/>
</TextLine>
<TextLine HEIGHT="136" WIDTH="2002" VPOS="3590" HPOS="122" STYLEREFS="StyleId-B4CEC113-DCB4-4BD3-82C3-2E0137AE93B5-" LANG="en-US" CS="1">
<String CONTENT="comedy" HEIGHT="128" WIDTH="1979" VPOS="3591" HPOS="122"/>
<SP HEIGHT="50" WIDTH="35" VPOS="3669" HPOS="231"/>
<String CONTENT="of" HEIGHT="53" WIDTH="65" VPOS="3649" HPOS="267"/>
<SP HEIGHT="53" WIDTH="34" VPOS="3649" HPOS="333"/>
<String CONTENT="echoes," HEIGHT="70" WIDTH="212" VPOS="3649" HPOS="368"/>
<SP HEIGHT="66" WIDTH="36" VPOS="3652" HPOS="581"/>
<String CONTENT="by" HEIGHT="66" WIDTH="75" VPOS="3652" HPOS="618"/>
<SP HEIGHT="66" WIDTH="38" VPOS="3652" HPOS="694"/>
<String CONTENT="James" HEIGHT="54" WIDTH="194" VPOS="3651" HPOS="733"/>
<SP HEIGHT="51" WIDTH="41" VPOS="3653" HPOS="928"/>
<String CONTENT="Branch" HEIGHT="52" WIDTH="231" VPOS="3652" HPOS="970"/>
<SP HEIGHT="55" WIDTH="42" VPOS="3651" HPOS="1202"/>
<String CONTENT="Cabell." HEIGHT="57" WIDTH="213" VPOS="3649" HPOS="1245"/>
<SP HEIGHT="53" WIDTH="74" VPOS="3651" HPOS="1459"/>
<String CS="1" CONTENT="New"/>
<SP/>
<String CONTENT="York," HEIGHT="70" WIDTH="181" VPOS="3652" HPOS="1713"/>
<SP HEIGHT="68" WIDTH="38" VPOS="3653" HPOS="1895"/>
<String LANG="la" CONTENT="R." HEIGHT="53" WIDTH="69" VPOS="3653" HPOS="1934"/>
<SP HEIGHT="54" WIDTH="38" VPOS="3652" HPOS="2004"/>
<String CONTENT="M." HEIGHT="55" WIDTH="81" VPOS="3651" HPOS="2043"/>
</TextLine>
<TextLine HEIGHT="73" WIDTH="855" VPOS="3725" HPOS="121" STYLEREFS="StyleId-B4CEC113-DCB4-4BD3-82C3-2E0137AE93B5-" LANG="en-US">
<String CONTENT="McBride" HEIGHT="53" WIDTH="277" VPOS="3727" HPOS="121"/>
<SP HEIGHT="51" WIDTH="23" VPOS="3731" HPOS="399"/>
<String CONTENT="&amp;" HEIGHT="52" WIDTH="47" VPOS="3730" HPOS="423"/>
<SP HEIGHT="51" WIDTH="26" VPOS="3730" HPOS="471"/>
<String CONTENT="company," HEIGHT="51" WIDTH="298" VPOS="3746" HPOS="498"/>
<SP HEIGHT="63" WIDTH="28" VPOS="3733" HPOS="797"/>
<String CONTENT="1929." HEIGHT="51" WIDTH="150" VPOS="3731" HPOS="826"/>
</TextLine>
<TextLine HEIGHT="59" WIDTH="1934" VPOS="3802" HPOS="194" LANG="en-US" CS="1">
<String CONTENT="xxi," HEIGHT="48" WIDTH="99" VPOS="3808" HPOS="194"/>
<SP HEIGHT="47" WIDTH="38" VPOS="3809" HPOS="294"/>
<String CONTENT="282" HEIGHT="41" WIDTH="86" VPOS="3809" HPOS="333"/>
<SP HEIGHT="51" WIDTH="38" VPOS="3808" HPOS="420"/>
<String LANG="la" CONTENT="p.," HEIGHT="38" WIDTH="57" VPOS="3820" HPOS="459"/>
<SP HEIGHT="46" WIDTH="39" VPOS="3810" HPOS="517"/>
<String CONTENT="1" HEIGHT="39" WIDTH="25" VPOS="3810" HPOS="557"/>
<SP/>
<String CS="1" CONTENT="l."/>
<SP HEIGHT="40" WIDTH="58" VPOS="3810" HPOS="654"/>
<String CS="1" CONTENT="23&#189;c" HEIGHT="42" WIDTH="56" VPOS="3810" HPOS="713"/>
<String STYLE="superscript" CONTENT="m" HEIGHT="22" WIDTH="28" VPOS="3812" HPOS="818"/>
<String CONTENT="." HEIGHT="8" WIDTH="10" VPOS="3843" HPOS="851"/>
<SP/>
<String CONTENT="(Lettered" HEIGHT="50" WIDTH="254" VPOS="3809" HPOS="930"/>
<SP HEIGHT="39" WIDTH="36" VPOS="3812" HPOS="1185"/>
<String CONTENT="on" HEIGHT="30" WIDTH="63" VPOS="3821" HPOS="1222"/>
<SP HEIGHT="31" WIDTH="36" VPOS="3820" HPOS="1286"/>
<String CONTENT="cover:" HEIGHT="33" WIDTH="164" VPOS="3819" HPOS="1323"/>
<SP HEIGHT="40" WIDTH="36" VPOS="3811" HPOS="1488"/>
<String CONTENT="The" HEIGHT="40" WIDTH="103" VPOS="3811" HPOS="1525"/>
<SP HEIGHT="30" WIDTH="36" VPOS="3821" HPOS="1629"/>
<String CONTENT="works" HEIGHT="43" WIDTH="161" VPOS="3811" HPOS="1666"/>
<SP HEIGHT="32" WIDTH="37" VPOS="3821" HPOS="1828"/>
<String CONTENT="of" HEIGHT="40" WIDTH="54" VPOS="3811" HPOS="1866"/>
<SP HEIGHT="40" WIDTH="38" VPOS="3811" HPOS="1921"/>
<String CONTENT="James" HEIGHT="44" WIDTH="168" VPOS="3810" HPOS="1960"/>
</TextLine>
<TextLine HEIGHT="51" WIDTH="584" VPOS="3864" HPOS="125" LANG="en-US">
<String CONTENT="Branch" HEIGHT="41" WIDTH="197" VPOS="3865" HPOS="125"/>
<SP HEIGHT="42" WIDTH="26" VPOS="3865" HPOS="322"/>
<String CONTENT="Cabell," HEIGHT="44" WIDTH="180" VPOS="3864" HPOS="348"/>
<SP HEIGHT="30" WIDTH="57" VPOS="3877" HPOS="529"/>
<String CONTENT="xm)" HEIGHT="48" WIDTH="123" VPOS="3866" HPOS="586"/>
</TextLine>
<TextLine HEIGHT="47" WIDTH="738" VPOS="3933" HPOS="197" LANG="en-US">
<String CONTENT="&#8220;Storisende" HEIGHT="44" WIDTH="312" VPOS="3934" HPOS="197"/>
<SP HEIGHT="30" WIDTH="24" VPOS="3948" HPOS="510"/>
<String CONTENT="edition," HEIGHT="42" WIDTH="198" VPOS="3936" HPOS="535"/>
<SP HEIGHT="32" WIDTH="59" VPOS="3947" HPOS="734"/>
<String CONTENT="xiii.&#8221;" HEIGHT="41" WIDTH="141" VPOS="3937" HPOS="794"/>
</TextLine>
</TextBlock>
</PrintSpace>
</Page>
</Layout>
</alto>