2533 4342
1351 3996 138 52 1906

484 436 476 49 4 p. l., 285 p. 19½ᶜᵐ.
486 492 165 42 “First
679 492 227 42 edition.”

420 546 51 52 ©
503 551 119 41 Nov.
652 551 41 48 8,
723 550 115 40 1929;
897 549 69 41 2c.
999 551 97 39 and
1127 550 83 41 aff.
1242 550 119 40 Nov.
1392 549 60 40 29;
1510 550 42 39 A
1581 548 144 41 16101;
1788 551 53 40 E.
1874 550 64 41 M.
1970 549 182 49 Millen,
486 549 1912 106 Germantown,
660 606 84 42 Pa.
814 605 283 50 (29-27798)

409 700 232 65 Mirick,
671 700 235 54 Gordon
930 700 71 55 R.

416 776 1979 148 Plane geometry and its uses, by Gordon R. Mirick … Marquis
574 853 1848 70 J. Newell … George A. Harper … with the coöperation
416 931 1980 147 of George Walker Mullins … illustrations by Dorothy Handsaker,
645 1010 213 56 Nelson
902 1008 349 54 Handsaker
1299 1009 115 52 and
1461 1008 207 54 others.
1754 1009 317 67 Evanston,
2118 1008 115 67 Ill.,
2280 1007 140 54 New

418 1087 1527 69 York [etc.] Row, Peterson and company [ᶜ1929]
553 1168 920 51 xv, 288 p. front. illus., diagrs. 21 ᶜᵐ.
420 1222 55 53 ©
507 1227 128 48 Sept.
667 1226 40 48 6,
738 1225 117 41 1929;
912 1226 69 41 2c.
1013 1226 120 40 Nov.
1164 1225 54 40 12;
1282 1225 83 42 aff.
1397 1226 119 40 Nov.
1549 1225 55 40 11;
1668 1226 42 39 A
1742 1224 144 41 14767;
1949 1225 132 48 Row,
2116 1225 234 40 Peterson
2383 1225 37 39 &

486 1294 68 29 co.
624 1281 282 51 (29-24907)

412 1378 269 63 Morgan,
711 1374 250 66 Angela.

482 1453 1941 72 Creator man, by Angela Morgan … New York, Dodd,
410 1534 172 53 Mead
612 1534 114 52 and
755 1550 301 51 company,
1087 1535 151 50 1929.

479 1612 800 50 xi, 233 p. front. (port.) 19 ½ᶜᵐ.
480 1670 186 41 Poems.

418 1722 52 53 ©
499 1727 118 40 Nov.
644 1726 72 48 22,
744 1726 142 47 1929;
917 1726 68 40 2c.
1016 1727 96 39 and
1141 1725 82 40 aff.
1252 1726 120 41 Nov.
1401 1726 55 41 27;
1514 1726 42 39 A
1584 1725 171 48 17059;
1788 1726 155 48 Dodd,
1973 1727 145 40 Mead
2146 1726 38 41 &
2211 1737 83 37 co.,
2325 1726 92 43 inc.

498 1782 282 50 (29-27942)

410 1874 236 66 Morris,
672 1875 293 53 Harrison
995 1875 217 64 Smith,
1242 1880 171 50 1856-

480 1955 161 55 Walt
679 1956 331 66 Whitman;
1053 1974 31 35 a
1121 1955 155 54 brief
1315 1954 326 71 biography
1681 1955 141 54 with
1863 1956 446 71 reminiscences,
2345 1957 77 70 by

410 2033 288 54 Harrison
729 2032 56 56 S.
812 2033 232 54 Morris.
1125 2034 254 67 [Boston]
1411 2033 278 54 Harvard
1716 2032 321 73 university
2063 2052 175 51 press,
2269 2036 151 52 1929.

480 2114 101 47 viii,
612 2114 86 39 122
727 2124 44 37 p.
832 2113 115 40 19ᶜᵐ.

420 2167 51 52 ©
496 2172 119 40 Nov.
638 2171 70 48 14,
733 2170 118 41 1929;
900 2170 68 41 2c.
994 2171 120 40 Nov.
1139 2171 55 38 21;
1251 2170 83 40 aff.
1359 2170 119 41 Nov.
1503 2170 56 40 25;
1615 2170 43 39 A
1682 2170 145 42 17048;
1882 2171 258 41 President
2165 2172 37 40 &
2226 2171 192 42 fellows

486 2227 53 41 of
571 2228 234 39 Harvard
838 2228 194 47 college,
1069 2226 302 49 Cambridge,
1407 2227 149 40 Mass.
1627 2226 282 49 (29-27819)

411 2320 215 64 Moses,
654 2320 305 52 Montrose
987 2320 204 64 Jonas,
1220 2323 171 52 1878-

481 2400 122 52 The
635 2399 267 54 fabulous
935 2399 263 67 Forrest;
1233 2399 97 54 the
1361 2401 199 52 record
1593 2400 66 53 of
1691 2419 73 34 an
1795 2399 310 55 American
2138 2405 174 64 actor,
2346 2401 75 71 by

410 2476 2013 73 Montrose J. Moses … Boston, Little, Brown, and company,
413 2558 151 51 1929.

481 2635 1007 49 xxi, 369 p. front. plates, ports. 23 ᶜᵐ.
482 2692 375 48 Bibliography:
893 2703 43 37 p.
965 2690 218 42 345-355.

420 2746 51 52 ©
498 2750 118 40 Nov.
641 2750 70 46 18,
738 2748 113 41 1929;
906 2749 68 39 2c.
1002 2749 96 39 and
1125 2747 82 42 aff.
1233 2748 119 40 Nov.
1378 2747 56 40 21;
1490 2748 43 39 A
1556 2748 146 41 15999;
1758 2749 165 49 Little,
1951 2751 193 48 Brown,
2173 2752 96 39 and
2296 2762 69 30 co.

497 2805 281 50 (29-27822)

410 2885 267 64 Murray,
706 2883 257 56 William
996 2884 52 52 D
1336 2889 171 50 1858-

482 2961 85 54 As
590 2962 68 52 he
685 2961 345 69 journeyed;
1058 2960 96 54 the
1180 2960 462 71 autobiography
1670 2961 64 54 of
1758 2963 263 54 William
2045 2963 74 54 D.
2145 2964 272 69 Murray;

416 3038 287 54 foreword
737 3039 75 69 by
847 3039 267 52 Fletcher
1152 3037 56 56 S.
1247 3039 343 52 Brockman.
1663 3040 139 53 New
1840 3040 181 69 York,
2055 3041 365 54 Association

413 3135 176 50 press,
622 3118 152 51 1929.

486 3196 967 49 2 p. l., iii-ix, 412 p. front. pl. 22 ᶜᵐ.
420 3250 51 54 ©
507 3257 118 40 Nov.
660 3253 70 50 16,
763 3254 142 47 1929;
941 3253 70 43 2c.
1045 3255 118 41 Nov.
1200 3254 82 48 22;
1319 3254 83 42 aff.
1436 3255 119 42 Nov.
1589 3255 86 49 20;
1710 3257 44 39 A
1786 3257 172 48 16022;
1995 3259 72 40 W.
2104 3258 57 40 D.
2199 3259 217 48 Murray,

486 3312 121 41 New
632 3312 146 40 York.
848 3311 284 50 (29-27644)

413 3400 285 53 National
724 3399 129 54 rifle
879 3400 360 54 association
1268 3402 64 53 of
1359 3402 297 56 America.

485 3475 148 54 Rifle
694 3476 268 69 shooting
1024 3475 345 55 instruction
1430 3476 94 53 for
1583 3477 140 68 boys:
1815 3479 96 56 the
1974 3477 111 70 boy
2144 3477 276 70 problem,

415 3571 221 50 ranges,
683 3553 347 69 equipment,
1077 3571 127 34 care
1250 3555 114 52 and
1412 3553 282 70 cleaning,
1740 3554 361 69 instruction,
414 3556 1981 141 competition,

583 3631 1773 68 prepared by the National rifle association of America …
413 3707 402 69 Washington,
842 3709 72 51 D.
946 3708 63 55 C.
1153 3712 84 63 [ᶜ1929]

484 3787 632 49 1 p. l., 43 p. illus. 22½ ᶜᵐ.
424 3840 51 52 ©
503 3845 119 40 Nov.
649 3844 69 49 19,
746 3844 114 40 1929;
916 3844 68 42 2c.
1012 3844 119 42 Nov.
1157 3845 56 39 21;
1271 3844 83 41 aff.
1382 3845 119 41 Nov.
1527 3845 57 40 25;
1640 3845 44 39 A
1710 3845 146 41 17020;
1912 3846 117 40 Natl.
2072 3845 108 41 rifle
2207 3856 115 29 assn.
2365 3845 54 41 of

488 3900 239 48 America,
756 3900 339 49 Washington.
1165 3900 281 49 (29-27920)
