2542 4389
1102 3978 135 55 1673

155 321 351 64 Alexander,
538 320 276 63 Thomas,
849 319 169 55 1887-

221 400 122 52 The
405 397 590 56 Alexander-Sarratt
1059 395 370 54 arithmetics.
1522 394 411 54 Intermediate
1996 393 164 55 book.

153 472 1946 74 By Thomas Alexander … and Charles Madison Sarratt …
152 555 341 54 Richmond.
547 555 141 53 New
745 554 164 52 York
969 558 139 65 [etc.]
1169 553 261 55 Johnson
1487 550 338 70 publishing
1878 568 283 52 company

157 637 192 63 [ ᶜ1 929]
258 712 815 50 x, 411 p. illus., diagrs. 19½ᶜᵐ .
158 783 52 52 ©
245 786 103 41 Oct.
379 785 69 48 10,
482 785 115 40 1929;
658 786 68 39 2c.
760 787 96 39 and
890 783 83 41 aff.
1008 783 103 41 Oct.
1145 784 56 39 12;
1264 783 43 40 A
1339 783 144 41 12953;
1549 783 217 40 Johnson
1800 781 112 49 pub.
1945 791 69 30 co.

234 841 281 49 (29-21580)

155 950 231 66 Angell,
416 951 204 53 James
647 949 413 56 Waterhouse.

157 1025 1983 138 The recovery of Germany, by James W. Angell … Published for
489 1109 95 52 the
612 1106 241 56 Council
877 1126 71 35 on
977 1107 229 67 foreign
1235 1106 287 54 relations.
1599 1106 139 52 New
1763 1105 228 70 Haven,
2018 1105 149 53 Yale

158 1187 319 69 university
500 1205 156 50 press
674 1205 11 34 :
710 1185 260 68 London,
993 1185 78 53 H.
1095 1183 269 58 Milford,
1390 1183 232 55 Oxford
1645 1183 320 71 university
1989 1202 177 50 press,

162 1268 148 50 1929.

223 1342 1943 51 xix, 425 p. diagrs. 21 ᶜᵐ . (Half-title: Publications of the Council on
153 1402 192 49 foreign
379 1402 249 42 relations,
663 1401 49 42 C.
745 1402 50 40 P.
828 1401 258 45 Howland,
1119 1400 214 41 director
1365 1400 53 41 of
1448 1399 254 49 research)

224 1472 302 50 Appendices
553 1473 196 41 include
778 1471 280 43 “Sources”.

159 1542 52 52 ©
244 1546 103 41 Oct.
374 1546 42 48 4,
446 1545 117 41 1929;
618 1545 68 41 2c.
718 1545 103 41 Oct.
852 1543 58 41 10;
968 1543 83 42 aff.
1085 1544 102 41 Oct.
1218 1543 28 41 9;
1305 1544 41 39 A
1376 1543 144 41 14073;
1581 1544 119 40 Yale
1732 1543 132 42 univ.
1895 1553 153 39 press.

236 1602 281 49 (29-21386)

154 1711 328 53 Arkansas.
559 1711 407 55 Constitution.

223 1788 120 53 The
380 1786 372 54 constitution
789 1786 65 53 of
887 1787 297 53 Arkansas
1220 1786 65 53 of
1322 1787 137 53 1874
1494 1787 112 53 and
1640 1786 98 53 the
1774 1787 393 53 amendments

153 1864 2012 69 to the constitution of Arkansas of 1874 … compiled by H. W.
154 1942 2012 71 Applegate … St. Louis, Mo., Thomas law book company, 1929.
221 2027 336 49 272 p. 24 ᶜᵐ .
161 2094 52 52 ©
248 2099 103 41 Oct.
382 2098 69 47 11,
485 2097 114 41 1929;
661 2099 68 41 2c.
763 2097 103 42 Oct.
899 2098 55 39 14;
1019 2096 82 43 aff.
1137 2097 104 41 Oct.
1274 2097 59 40 16;
1393 2096 42 40 A
1468 2097 147 40 14175;
1676 2098 60 39 H.
1772 2098 73 40 W.
1880 2097 282 49 Applegate.

229 2155 150 41 Little
413 2156 146 40 Rock.
631 2154 282 50 (29-21517)

157 2249 472 61 Ashton-Wolfe,
660 2250 220 64 Harry,
916 2255 169 50 1881-

225 2327 122 53 The
387 2325 266 55 invisible
694 2327 148 63 web;
887 2332 231 62 strange
1158 2327 143 53 tales
1341 2326 65 54 of
1443 2327 98 53 the
1582 2327 225 53 French
1848 2328 203 52 sûreté,
2091 2328 77 69 by

155 2404 1988 132 H. Ashton-Wolfe … and Edmond Locard. New York. Frederick
337 2483 70 52 A.
442 2482 201 56 Stokes
673 2501 298 50 company,
1002 2486 150 50 1929.

225 2566 1106 48 xviii, 284 p. front., plates, ports. 21 ᶜᵐ .
163 2633 52 52 ©
255 2637 128 48 Sept.
419 2637 40 48 5,
496 2636 113 41 1929;
674 2637 67 40 2c.
781 2637 129 48 Sept.
946 2637 53 47 9;
1040 2636 82 41 aff.
1161 2637 103 41 Oct.
1302 2636 52 47 5;
1394 2637 40 38 A
1472 2637 170 46 14172;
1682 2639 61 40 H.
1780 2639 385 42 Ashton-Wolfe.

230 2694 215 40 London.
511 2692 282 50 (29-21513)

156 2785 257 65 Bandas,
441 2787 272 64 Rudolph
742 2787 67 55 G.

227 2866 383 56 Catechetical
663 2866 261 54 methods;
1007 2868 278 52 standard
1337 2868 261 54 methods
1650 2868 64 53 of
1764 2868 270 70 teaching
159 2888 1987 127 religion,

398 2945 94 53 for
531 2963 96 35 use
666 2944 60 52 in
766 2943 347 61 seminaries,
1151 2944 326 69 novitiates,
1515 2947 223 52 normal
1777 2946 237 70 schools,
2056 2947 115 53 and

159 3023 2014 70 by all teachers of religion, by Rudolph G. Bandas … New
166 3101 1702 70 York, J. F. Wagner, inc.; London, B. Herder [ ᶜ1 929 ]
300 3180 372 50 xx, 314 p. 21 ᶜᵐ .
229 3251 353 49 Bibliography;
640 3261 44 39 p.
714 3261 144 32 v-xx.

166 3320 52 52 ©
251 3324 117 47 July
398 3323 38 48 6,
469 3323 140 46 1929;
641 3324 69 39 2c.
741 3323 96 40 and
869 3321 83 41 aff.
985 3322 102 41 Oct.
1120 3323 83 46 12;
1237 3322 42 40 A
1310 3322 172 48 12998;
1518 3324 180 48 Joseph
1732 3325 51 41 F.
1817 3327 224 47 Wagner,
2075 3327 92 41 inc.

244 3379 280 50 (29-21488)

158 3476 256 62 Barney,
442 3473 192 64 Ralph
665 3473 54 53 A
1006 3492 180 51 comp.

229 3551 167 53 Laws
426 3550 249 67 relating
703 3553 59 50 to
793 3548 188 70 Osage
1009 3549 151 54 tribe
1184 3550 66 53 of
1277 3550 262 70 Indians,
1569 3551 154 53 from
1751 3553 142 69 May
1924 3559 82 63 18,
2037 3558 137 51 1824

161 3626 1987 144 to March 2, 1929, compiled by Ralph A. Barney … Pawhuska, Okla.,
604 3705 121 53 The
754 3704 190 70 Osage
970 3704 264 70 printery
1267 3709 193 63 [ᶜ1929]

231 3789 85 39 112
349 3800 43 37 p.
452 3789 56 40 23½ᶜᵐ.

234 3858 226 42 Includes
510 3858 147 40 blank
707 3867 148 39 pages
903 3858 80 40 for
1035 3856 314 42 “Additional
1400 3857 258 43 citations”
1709 3863 97 40 and
1860 3863 313 45 “Additional

162 3915 180 41 cases”.
