2542 4389
0 0 0 0 1823
155 429 1504 54 xiii, [1], 364, [1] Ρ· front., pl., ports., facsims. 21½ ᶜᵐ .
154 503 378 48 Bibliography:
559 513 43 38 p.
626 500 238 51 307-[319]

93 569 1993 53 © Nov. 8, 1929; 2c. Nov. 11; aff. Nov. 9; A 15673; E. Wagenknecht.
162 631 198 40 Seattle.
429 629 281 49 (29-24494)

84 724 272 64 Wallace,
386 725 219 63 Edgar.

157 803 120 53 The
304 821 167 51 green
500 803 203 52 ribbon.
795 803 162 67 chap.
989 805 81 51 13,
1101 806 79 48 14.

169 884 82 48 (In
289 881 203 43 London
530 881 149 43 News
720 881 55 43 of
811 880 87 43 the
937 879 180 51 world)

96 951 1979 101 © 1c. Dec. 11, 1929; A ad int. 13363; pubd. Oct. 13; E. Wallace, London.
84 1104 233 64 Waller,
346 1105 168 53 Jesse
543 1105 327 54 Crawford.

158 1182 225 52 Tenure
425 1182 112 52 and
577 1181 326 68 transiency
945 1180 64 52 of
1050 1181 255 53 teachers
1346 1181 56 51 in
1447 1180 326 69 Kentucky,
1816 1179 76 70 by
1936 1180 159 54 Jesse

90 1257 2002 70 Crawford Waller, PH. D. Nashville, Tenn., George Peabody
88 1337 211 69 college
331 1335 95 53 for
456 1337 271 54 teachers,
761 1339 149 50 1929.

160 1415 1940 51 3 p. l., ix-xii, 54 p. 23½ ᶜᵐ . (Half-title: Contributions to education
91 1473 52 40 of
170 1473 186 49 George
382 1473 225 47 Peabody
636 1474 180 47 college
844 1474 79 39 for
953 1474 236 46 teachers,
1219 1485 74 29 no.
1324 1473 80 48 60)

161 1542 173 42 Thesis
373 1544 14 48 (PH.
563 1543 273 49 D.)—George
866 1545 226 45 Peabody
1125 1545 180 45 college
1335 1544 79 39 for
1448 1544 235 41 teachers.
1717 1543 126 41 1928.

162 1599 350 49 Bibliography
531 1611 9 28 :
570 1611 44 38 p.
644 1600 159 40 52-54.

97 1667 51 51 ©
182 1672 102 40 Oct.
313 1672 69 46 31,
415 1671 139 47 1929;
586 1672 69 41 2c.
687 1673 92 39 and
814 1672 82 40 aff.
927 1673 120 40 Nov.
1077 1673 26 38 4;
1165 1672 40 38 A
1237 1671 170 46 14642;
1444 1672 184 47 George
1659 1671 226 47 Peabody
1917 1672 179 44 college

164 1728 79 39 for
269 1729 235 46 teachers,
530 1728 267 40 Nashville.
863 1728 282 48 (29-24479)

88 1820 265 66 Watson,
385 1823 220 53 Ernest
633 1824 71 53 W
993 1828 172 50 1884-

161 1900 299 54 Linoleum
497 1901 166 53 block
704 1902 289 68 printing;
1038 1901 279 69 practical
1354 1901 341 54 instruction
1739 1901 92 53 for
1867 1902 234 52 student

92 1979 111 52 and
244 1977 168 54 artist
450 1979 60 52 in
549 1979 95 52 the
681 1979 299 69 technique
1020 1978 64 53 of
1120 1978 167 54 block
1327 1978 265 72 printing
1629 1979 141 52 with
1809 1979 290 53 linoleum,

91 2055 75 69 by
207 2057 209 52 Ernest
457 2058 88 52 W.
588 2056 256 54 Watson.
942 2056 374 69 Springfield,
1360 2058 190 53 Mass.,
1591 2057 211 52 Milton
1847 2057 254 69 Bradley

90 2137 490 65 company [ ᶜ1 929]
163 2215 1232 50 ix, 75 p. incl. illus., plates (part col.) 28½ ᶜᵐ .
101 2281 51 52 ©
187 2286 102 40 Oct.
320 2286 70 47 30,
422 2286 115 40 1929;
596 2287 67 39 2c.
697 2288 95 37 and
825 2286 82 41 aff.
940 2287 118 39 Nov.
1092 2287 26 39 8;
1180 2287 39 38 A
1254 2287 169 47 14712;
1461 2286 174 41 Milton
1671 2287 210 46 Bradley
1917 2298 67 29 co.

178 2342 281 48 (29-24592)

91 2434 267 66 Weaver,
388 2435 210 55 Albert
626 2437 281 63 Burnley,
939 2442 170 50 1898-

164 2514 122 52 The
329 2532 124 34 new
497 2514 439 69 Philadelphia;
983 2515 194 53 blocks
1221 2520 95 47 cut
1361 2515 112 52 and
1523 2515 229 68 printed
1796 2515 74 69 by
1916 2516 70 52 A.
2035 2518 66 51 B.

94 2592 257 68 Weaver,
385 2591 70 69 jr.
534 2591 280 56 Chestnut
846 2593 149 58 Hill,
1029 2592 429 69 Philadelphia,
1491 2594 122 53 The
1647 2592 265 57 Gollifox
1946 2612 158 50 press

98 2674 192 64 [ ᶜ1 929 ]
163 2751 499 49 3 1. 25 pl. 28½ ᶜᵐ .
170 2823 94 41 “Of
306 2822 99 42 this
449 2824 122 40 book
614 2835 89 30 one
745 2825 220 40 hundred
1012 2835 126 30 were
1182 2825 141 41 made
1366 2825 60 48 by
1470 2826 83 40 the
1598 2824 217 42 Gollifox
1859 2835 137 38 press.
2055 2825 51 39 of

98 2880 157 40 which
287 2879 166 49 eighty
486 2891 83 29 are
600 2880 79 41 for
712 2881 162 47 public
908 2882 103 39 sale
1043 2882 62 47 by
1138 2883 83 38 the
1254 2881 216 42 Centaur
1502 2882 123 40 book
1658 2881 164 49 shop.”

105 2945 51 53 ©
185 2951 102 40 Oct.
315 2951 56 39 16,
468 2951 60 40 1929;
578 2951 66 41 2c.
673 2952 96 40 and
797 2951 82 40 aff.
909 2952 101 40 Oct.
1040 2952 55 40 23;
1152 2953 39 38 A
1218 2951 171 47 14508;
1421 2952 54 41 A.
1505 2953 53 39 B.
1587 2953 219 41 Weaver,
1836 2952 75 47 jr..
174 2951 1909 104 Philadelphia.
455 3007 280 49 (29-24591)

98 3100 191 64 Wells,
321 3100 272 65 Carolyn.

168 3179 200 68 Triple
405 3180 249 65 murder,
693 3179 75 68 by
809 3181 250 67 Carolyn
1098 3180 198 66 Wells,
1338 3199 30 33 a
1408 3179 267 71 Fleming
1716 3180 175 56 Stone
1928 3186 176 64 story,

99 3256 404 68 Philadelphia
541 3261 45 49 &
618 3257 260 53 London,
911 3259 54 52 J.
1004 3260 64 50 B.
1107 3257 340 68 Lippincott
1482 3276 298 50 company,
1816 3261 150 50 1929.

168 3336 87 42 309
282 3348 43 37 p.
385 3337 117 40 20ᶜᵐ.

107 3389 51 52 ©
193 3394 128 47 Sept.
351 3394 26 37 3,
482 3394 59 39 1929;
597 3396 67 38 2c.
697 3396 95 38 and
824 3395 82 40 aff.
939 3396 118 39 Nov.
1090 3395 55 38 16;
1207 3396 39 38 A
1278 3395 143 40 15827;
1484 3395 208 40 Carolyn
1726 3396 150 39 Wells
174 3395 1911 103 Houghton,

302 3451 119 39 New
447 3450 145 41 York.
660 3450 282 49 (29-24590)

112 3543 330 65 Woodring,
469 3543 195 54 Maxie
693 3545 187 64 Nave,
912 3550 170 50 1888-

171 3619 304 69 Directing
527 3622 171 68 study
751 3622 65 52 of
867 3622 143 69 high
1063 3623 192 53 school
1309 3622 212 68 pupils,
1572 3623 76 68 by
1701 3622 194 54 Maxie
1948 3623 160 53 Nave

100 3698 2010 72 Woodring … and Cecile White Flemming … New York city.
100 3775 279 53 Teachers
407 3777 227 67 college,
665 3776 300 54 Columbia
996 3777 334 69 university,
1360 3780 149 50 1929.

171 3859 26 38 3
227 3869 42 36 p.
320 3890 7 8 l.,
370 3858 83 40 133
482 3870 43 36 p.
553 3858 110 40 incl.
691 3859 168 40 forms.
921 3860 116 40 23ᶜᵐ.

175 3914 65 38 “A
273 3914 187 47 reprint
491 3914 51 39 of
571 3915 198 40 articles
800 3915 128 40 from
960 3916 82 39 the
1073 3917 242 39 Teachers
1347 3917 178 47 college
1559 3917 209 42 record.”
