<alto xmlns="http://www.loc.gov/standards/alto/ns-v3#" xmlns:xlink="http://www.w3.org/1999/xlink" xmlns:xsi="http://www.w3.org/2001/XMLSchema-instance" xsi:schemaLocation="http://www.loc.gov/standards/alto/ns-v3# http://www.loc.gov/alto/v3/alto-3-0.xsd"><Description>
<MeasurementUnit>pixel</MeasurementUnit>
<sourceImageInformation>
<fileName>1929_v26_part001.pdf</fileName>
</sourceImageInformation>
<OCRProcessing ID="IdOcr">
<ocrProcessingStep>
<processingDateTime>2019-04-18</processingDateTime>
<processingSoftware>
<softwareCreator>ABBYY</softwareCreator>
<softwareName>ABBYY Recognition Server</softwareName>
<softwareVersion>4.0</softwareVersion>
</processingSoftware>
</ocrProcessingStep>
</OCRProcessing>
</Description>
<Styles>
<ParagraphStyle ID="StyleId-FFFFFFFF-FFFF-FFFF-FFFF-FFFFFFFFFFFF-" ALIGN="Left" LEFT="0." RIGHT="0." FIRSTLINE="0."/>
<ParagraphStyle ID="StyleId-11A520CB-49B0-4D42-A675-089886D5B704-" ALIGN="Center" LEFT="0." RIGHT="0." FIRSTLINE="0." LINESPACE="7.699999809"/>
<ParagraphStyle ID="StyleId-2AEC4724-E584-48A1-8E6D-86B1AA154223-" ALIGN="Left" LEFT="0." RIGHT="0." FIRSTLINE="0." LINESPACE="12.19999981"/>
<ParagraphStyle ID="StyleId-5ADCDE1D-F34B-405C-A765-E9B51F6229BD-" ALIGN="Left" LEFT="0." RIGHT="0." FIRSTLINE="-13." LINESPACE="8.050000191"/>
<ParagraphStyle ID="StyleId-D0AEFB96-F81D-4367-8545-C0AC945FA34C-" ALIGN="Block" LEFT="0." RIGHT="0." FIRSTLINE="-13." LINESPACE="8.899999619"/>
<ParagraphStyle ID="StyleId-9A3BB592-4BA4-4F85-B157-B9A7F1FC9680-" ALIGN="Left" LEFT="0." RIGHT="0." FIRSTLINE="0."/>
<ParagraphStyle ID="StyleId-E9D6144A-CFDC-4919-911D-02B0461DB967-" ALIGN="Left" LEFT="0." RIGHT="0." FIRSTLINE="-13." LINESPACE="23.43000031"/>
<ParagraphStyle ID="StyleId-EEECFC68-AAC5-42B1-B3BF-987799B5B74A-" ALIGN="Block" LEFT="0." RIGHT="0." FIRSTLINE="0." LINESPACE="23.43000031"/>
<ParagraphStyle ID="StyleId-98D20B11-A9BB-4FAB-8DC8-DC8C43F3755E-" ALIGN="Left" LEFT="0." RIGHT="0." FIRSTLINE="0." LINESPACE="10.5"/>
<ParagraphStyle ID="StyleId-C279DBAD-2656-4352-93E6-C942618B09B1-" ALIGN="Block" LEFT="0." RIGHT="0." FIRSTLINE="-13." LINESPACE="8.770000458"/>
<ParagraphStyle ID="StyleId-A539B2D0-654F-45BA-9385-D7E681D9BD87-" ALIGN="Block" LEFT="0." RIGHT="0." FIRSTLINE="0." LINESPACE="8.18999958"/>
<ParagraphStyle ID="StyleId-CFE66565-54F2-45CF-9511-65151219B0BC-" ALIGN="Left" LEFT="0." RIGHT="0." FIRSTLINE="-12." LINESPACE="12.19999981"/>
<ParagraphStyle ID="StyleId-37B60A95-D7B9-4720-9D46-F2E763AAD699-" ALIGN="Block" LEFT="0." RIGHT="0." FIRSTLINE="0." LINESPACE="12.19999981"/>
<ParagraphStyle ID="StyleId-255154CA-71AA-47B9-A5EB-ED90642010CE-" ALIGN="Block" LEFT="0." RIGHT="0." FIRSTLINE="13." LINESPACE="7.900000095"/>
<ParagraphStyle ID="StyleId-4618FB06-20CA-4F95-9CA2-829603EE887D-" ALIGN="Block" LEFT="0." RIGHT="0." FIRSTLINE="0." LINESPACE="10."/>
<ParagraphStyle ID="StyleId-61F9B98E-BA82-4DCF-809A-0C5481162321-" ALIGN="Left" LEFT="0." RIGHT="0." FIRSTLINE="-13." LINESPACE="8.479999542"/>
<ParagraphStyle ID="StyleId-16A4FB0C-4CB7-44C8-846E-AF89DD76FC73-" ALIGN="Left" LEFT="0." RIGHT="0." FIRSTLINE="0." LINESPACE="11.10000038"/>
<ParagraphStyle ID="StyleId-8CC01B24-9D1D-45D5-B954-83ECA9EA3425-" ALIGN="Left" LEFT="0." RIGHT="0." FIRSTLINE="-13." LINESPACE="8.050000191"/>
<ParagraphStyle ID="StyleId-3DB8CD3F-AD17-4DD7-8361-787A6A426C72-" ALIGN="Block" LEFT="0." RIGHT="0." FIRSTLINE="13." LINESPACE="7.900000095"/>
</Styles>
<Layout>
<Page ID="Page1332" PHYSICAL_IMG_NR="1332" HEIGHT="4342" WIDTH="2533">
<TopMargin HEIGHT="397" WIDTH="2533" VPOS="0" HPOS="0">
</TopMargin>
<LeftMargin HEIGHT="3647" WIDTH="369" VPOS="397" HPOS="0">
</LeftMargin>
<RightMargin HEIGHT="3647" WIDTH="105" VPOS="397" HPOS="2428">
</RightMargin>
<BottomMargin HEIGHT="298" WIDTH="2533" VPOS="4044" HPOS="0">
</BottomMargin>
<PrintSpace HEIGHT="3647" WIDTH="2059" VPOS="397" HPOS="369">
<TextBlock ID="Page1332_Block1" HEIGHT="70" WIDTH="156" VPOS="3974" HPOS="1334" LANG="en-US" STYLEREFS="StyleId-6590E8DA-C8C9-4916-9E61-EFC48233B6BC-">
<TextLine HEIGHT="49" WIDTH="135" VPOS="3985" HPOS="1344">
<String CONTENT="1332" HEIGHT="49" WIDTH="135" VPOS="3985" HPOS="1344"/>
</TextLine>
</TextBlock>
<TextBlock ID="Page1332_Block2" HEIGHT="3585" WIDTH="2059" VPOS="397" HPOS="369" LANG="en-US" CS="1" STYLEREFS="StyleId-5E0D2047-498B-413F-9371-01DD90E8A4CE-">
<TextLine HEIGHT="49" WIDTH="1929" VPOS="407" HPOS="468">
<String CONTENT="With" HEIGHT="41" WIDTH="135" VPOS="408" HPOS="468"/>
<SP HEIGHT="39" WIDTH="35" VPOS="409" HPOS="604"/>
<String CONTENT="only" HEIGHT="46" WIDTH="112" VPOS="409" HPOS="640"/>
<SP HEIGHT="46" WIDTH="36" VPOS="409" HPOS="753"/>
<String CONTENT="two" HEIGHT="39" WIDTH="96" VPOS="409" HPOS="790"/>
<SP HEIGHT="29" WIDTH="36" VPOS="419" HPOS="887"/>
<String CONTENT="exceptions" HEIGHT="49" WIDTH="280" VPOS="407" HPOS="924"/>
<SP HEIGHT="41" WIDTH="38" VPOS="407" HPOS="1205"/>
<String CONTENT="&#8220;these" HEIGHT="41" WIDTH="164" VPOS="407" HPOS="1244"/>
<SP HEIGHT="29" WIDTH="36" VPOS="419" HPOS="1409"/>
<String CONTENT="stories" HEIGHT="41" WIDTH="174" VPOS="407" HPOS="1446"/>
<SP HEIGHT="40" WIDTH="40" VPOS="408" HPOS="1621"/>
<String CONTENT="have" HEIGHT="39" WIDTH="123" VPOS="408" HPOS="1662"/>
<SP HEIGHT="29" WIDTH="36" VPOS="418" HPOS="1786"/>
<String CONTENT="all" HEIGHT="39" WIDTH="66" VPOS="408" HPOS="1823"/>
<SP HEIGHT="40" WIDTH="35" VPOS="408" HPOS="1890"/>
<String CONTENT="been" HEIGHT="40" WIDTH="119" VPOS="408" HPOS="1926"/>
<SP HEIGHT="38" WIDTH="37" VPOS="410" HPOS="2046"/>
<String CONTENT="taken" HEIGHT="40" WIDTH="147" VPOS="408" HPOS="2084"/>
<SP HEIGHT="39" WIDTH="35" VPOS="408" HPOS="2232"/>
<String CONTENT="from" HEIGHT="40" WIDTH="129" VPOS="408" HPOS="2268"/>
</TextLine>
<TextLine HEIGHT="49" WIDTH="2000" VPOS="463" HPOS="398">
<String CONTENT="North" HEIGHT="39" WIDTH="156" VPOS="466" HPOS="398"/>
<SP HEIGHT="38" WIDTH="28" VPOS="466" HPOS="555"/>
<String CONTENT="Dakota" HEIGHT="39" WIDTH="195" VPOS="465" HPOS="584"/>
<SP HEIGHT="39" WIDTH="29" VPOS="465" HPOS="780"/>
<String CONTENT="Indian" HEIGHT="41" WIDTH="176" VPOS="463" HPOS="810"/>
<SP HEIGHT="39" WIDTH="30" VPOS="465" HPOS="987"/>
<String CONTENT="legends" HEIGHT="47" WIDTH="195" VPOS="465" HPOS="1018"/>
<SP HEIGHT="40" WIDTH="28" VPOS="464" HPOS="1214"/>
<String CONTENT="in" HEIGHT="40" WIDTH="50" VPOS="464" HPOS="1243"/>
<SP HEIGHT="37" WIDTH="29" VPOS="467" HPOS="1294"/>
<String CONTENT="the" HEIGHT="39" WIDTH="82" VPOS="465" HPOS="1324"/>
<SP HEIGHT="39" WIDTH="31" VPOS="465" HPOS="1407"/>
<String CONTENT="&#8216;Collections" HEIGHT="41" WIDTH="306" VPOS="464" HPOS="1439"/>
<SP HEIGHT="30" WIDTH="29" VPOS="475" HPOS="1746"/>
<String CONTENT="of" HEIGHT="40" WIDTH="51" VPOS="464" HPOS="1776"/>
<SP HEIGHT="40" WIDTH="31" VPOS="464" HPOS="1828"/>
<String CONTENT="the" HEIGHT="40" WIDTH="81" VPOS="465" HPOS="1860"/>
<SP HEIGHT="40" WIDTH="33" VPOS="465" HPOS="1942"/>
<String CONTENT="State" HEIGHT="40" WIDTH="137" VPOS="465" HPOS="1976"/>
<SP HEIGHT="37" WIDTH="29" VPOS="467" HPOS="2114"/>
<String CONTENT="historical" HEIGHT="40" WIDTH="254" VPOS="465" HPOS="2144"/>
</TextLine>
<TextLine HEIGHT="48" WIDTH="1164" VPOS="521" HPOS="398">
<String CONTENT="society" HEIGHT="47" WIDTH="182" VPOS="522" HPOS="398"/>
<SP HEIGHT="36" WIDTH="24" VPOS="533" HPOS="581"/>
<String CONTENT="of" HEIGHT="41" WIDTH="51" VPOS="521" HPOS="606"/>
<SP HEIGHT="39" WIDTH="24" VPOS="521" HPOS="658"/>
<String CONTENT="North" HEIGHT="39" WIDTH="158" VPOS="522" HPOS="683"/>
<SP HEIGHT="38" WIDTH="24" VPOS="522" HPOS="842"/>
<String CONTENT="Dakota&#8217;" HEIGHT="40" WIDTH="210" VPOS="521" HPOS="867"/>
<SP HEIGHT="40" WIDTH="117" VPOS="521" HPOS="1078"/>
<String CONTENT="cf." HEIGHT="47" WIDTH="62" VPOS="522" HPOS="1196"/>
<SP HEIGHT="41" WIDTH="29" VPOS="521" HPOS="1259"/>
<String CONTENT="Foreword." HEIGHT="40" WIDTH="273" VPOS="521" HPOS="1289"/>
</TextLine>
<TextLine HEIGHT="51" WIDTH="1992" VPOS="590" HPOS="404">
<String CONTENT="&#169;" HEIGHT="51" WIDTH="51" VPOS="590" HPOS="404"/>
<SP HEIGHT="51" WIDTH="27" VPOS="590" HPOS="456"/>
<String CONTENT="June" HEIGHT="39" WIDTH="126" VPOS="594" HPOS="484"/>
<SP HEIGHT="40" WIDTH="24" VPOS="593" HPOS="611"/>
<String CONTENT="3," HEIGHT="46" WIDTH="40" VPOS="593" HPOS="636"/>
<SP HEIGHT="46" WIDTH="26" VPOS="593" HPOS="677"/>
<String CONTENT="1929;" HEIGHT="47" WIDTH="141" VPOS="592" HPOS="704"/>
<SP HEIGHT="46" WIDTH="28" VPOS="593" HPOS="846"/>
<String CONTENT="2c." HEIGHT="39" WIDTH="68" VPOS="593" HPOS="875"/>
<SP HEIGHT="29" WIDTH="26" VPOS="603" HPOS="944"/>
<String CONTENT="and" HEIGHT="39" WIDTH="98" VPOS="593" HPOS="971"/>
<SP HEIGHT="39" WIDTH="24" VPOS="593" HPOS="1070"/>
<String CONTENT="aff." HEIGHT="40" WIDTH="82" VPOS="592" HPOS="1095"/>
<SP HEIGHT="40" WIDTH="27" VPOS="592" HPOS="1178"/>
<String CONTENT="Aug." HEIGHT="48" WIDTH="119" VPOS="592" HPOS="1206"/>
<SP HEIGHT="40" WIDTH="27" VPOS="592" HPOS="1326"/>
<String CONTENT="26;" HEIGHT="41" WIDTH="82" VPOS="592" HPOS="1354"/>
<SP HEIGHT="41" WIDTH="29" VPOS="592" HPOS="1437"/>
<!-- cceid A3257AE4-6CFA-1014-9C3C-CEA95E7AA542 --><String CONTENT="A" HEIGHT="39" WIDTH="41" VPOS="592" HPOS="1467"/>
<SP HEIGHT="39" WIDTH="25" VPOS="592" HPOS="1509"/>
<String CONTENT="12023;" HEIGHT="48" WIDTH="172" VPOS="590" HPOS="1535"/>
<SP HEIGHT="46" WIDTH="28" VPOS="592" HPOS="1708"/>
<String CONTENT="Kappa" HEIGHT="48" WIDTH="173" VPOS="592" HPOS="1737"/>
<SP HEIGHT="29" WIDTH="30" VPOS="603" HPOS="1911"/>
<String CONTENT="chapter" HEIGHT="48" WIDTH="202" VPOS="592" HPOS="1942"/>
<SP HEIGHT="30" WIDTH="24" VPOS="603" HPOS="2145"/>
<String CONTENT="of" HEIGHT="40" WIDTH="51" VPOS="593" HPOS="2170"/>
<SP HEIGHT="38" WIDTH="27" VPOS="593" HPOS="2222"/>
<String CONTENT="Delta" HEIGHT="39" WIDTH="146" VPOS="593" HPOS="2250"/>
</TextLine>
<TextLine HEIGHT="49" WIDTH="1182" VPOS="648" HPOS="471">
<String CONTENT="phi" HEIGHT="48" WIDTH="84" VPOS="649" HPOS="471"/>
<SP HEIGHT="40" WIDTH="26" VPOS="649" HPOS="556"/>
<String CONTENT="delta," HEIGHT="45" WIDTH="145" VPOS="650" HPOS="583"/>
<SP HEIGHT="46" WIDTH="32" VPOS="649" HPOS="729"/>
<String CONTENT="Grand" HEIGHT="40" WIDTH="165" VPOS="649" HPOS="762"/>
<SP HEIGHT="39" WIDTH="28" VPOS="649" HPOS="928"/>
<String CONTENT="Forks," HEIGHT="47" WIDTH="169" VPOS="649" HPOS="957"/>
<SP HEIGHT="48" WIDTH="29" VPOS="648" HPOS="1127"/>
<String CONTENT="N." HEIGHT="40" WIDTH="57" VPOS="648" HPOS="1157"/>
<SP HEIGHT="39" WIDTH="28" VPOS="649" HPOS="1215"/>
<String CONTENT="D." HEIGHT="40" WIDTH="58" VPOS="649" HPOS="1244"/>
<SP HEIGHT="48" WIDTH="67" VPOS="648" HPOS="1303"/>
<String CONTENT="(29-17881)" HEIGHT="48" WIDTH="282" VPOS="648" HPOS="1371"/>
</TextLine>
<TextLine HEIGHT="64" WIDTH="525" VPOS="742" HPOS="400" STYLEREFS="StyleId-B4FF23AA-86CE-483D-B93C-15F1A0132F5D-">
<String CONTENT="Detzer," HEIGHT="62" WIDTH="235" VPOS="744" HPOS="400"/>
<SP HEIGHT="64" WIDTH="28" VPOS="742" HPOS="636"/>
<String CONTENT="Karl" HEIGHT="53" WIDTH="146" VPOS="742" HPOS="665"/>
<SP HEIGHT="54" WIDTH="23" VPOS="742" HPOS="812"/>
<String CONTENT="W." HEIGHT="53" WIDTH="89" VPOS="744" HPOS="836"/>
</TextLine>
<TextLine HEIGHT="71" WIDTH="1923" VPOS="820" HPOS="476" STYLEREFS="StyleId-564CF5B5-E97B-4D70-AF39-2EA3CA3F62A6-">
<String CONTENT="The" HEIGHT="51" WIDTH="119" VPOS="823" HPOS="476"/>
<SP HEIGHT="52" WIDTH="31" VPOS="822" HPOS="596"/>
<String CONTENT="broken" HEIGHT="54" WIDTH="215" VPOS="821" HPOS="628"/>
<SP HEIGHT="50" WIDTH="33" VPOS="824" HPOS="844"/>
<String CONTENT="3," HEIGHT="62" WIDTH="48" VPOS="824" HPOS="878"/>
<SP HEIGHT="45" WIDTH="34" VPOS="841" HPOS="927"/>
<String CONTENT="a" HEIGHT="33" WIDTH="32" VPOS="841" HPOS="962"/>
<SP HEIGHT="33" WIDTH="34" VPOS="841" HPOS="995"/>
<String CONTENT="war" HEIGHT="34" WIDTH="119" VPOS="840" HPOS="1030"/>
<SP HEIGHT="33" WIDTH="30" VPOS="841" HPOS="1150"/>
<String CONTENT="mystery" HEIGHT="63" WIDTH="253" VPOS="827" HPOS="1181"/>
<SP HEIGHT="49" WIDTH="32" VPOS="841" HPOS="1435"/>
<String CONTENT="of" HEIGHT="52" WIDTH="64" VPOS="822" HPOS="1468"/>
<SP HEIGHT="51" WIDTH="31" VPOS="822" HPOS="1533"/>
<String CONTENT="the" HEIGHT="53" WIDTH="97" VPOS="821" HPOS="1565"/>
<SP HEIGHT="50" WIDTH="32" VPOS="824" HPOS="1663"/>
<String CONTENT="A." HEIGHT="51" WIDTH="70" VPOS="824" HPOS="1696"/>
<SP HEIGHT="55" WIDTH="34" VPOS="820" HPOS="1767"/>
<String LANG="la" CONTENT="E." HEIGHT="54" WIDTH="67" VPOS="820" HPOS="1802"/>
<SP HEIGHT="52" WIDTH="32" VPOS="822" HPOS="1870"/>
<String CONTENT="F.," HEIGHT="67" WIDTH="85" VPOS="822" HPOS="1903"/>
<SP HEIGHT="67" WIDTH="29" VPOS="822" HPOS="1989"/>
<String CONTENT="by" HEIGHT="69" WIDTH="76" VPOS="822" HPOS="2019"/>
<SP HEIGHT="71" WIDTH="31" VPOS="820" HPOS="2096"/>
<String CONTENT="Karl" HEIGHT="52" WIDTH="149" VPOS="820" HPOS="2128"/>
<SP HEIGHT="53" WIDTH="29" VPOS="821" HPOS="2278"/>
<String CONTENT="W." HEIGHT="54" WIDTH="91" VPOS="821" HPOS="2308"/>
</TextLine>
<TextLine HEIGHT="70" WIDTH="1978" VPOS="899" HPOS="401" STYLEREFS="StyleId-564CF5B5-E97B-4D70-AF39-2EA3CA3F62A6-" CS="1">
<String CONTENT="Detzer" HEIGHT="54" WIDTH="209" VPOS="900" HPOS="401"/>
<SP HEIGHT="33" WIDTH="39" VPOS="919" HPOS="611"/>
<String CS="1" CONTENT="&#8230;"/>
<SP HEIGHT="52" WIDTH="77" VPOS="899" HPOS="708"/>
<String CONTENT="Indianapolis," HEIGHT="69" WIDTH="420" VPOS="899" HPOS="786"/>
<SP HEIGHT="59" WIDTH="35" VPOS="900" HPOS="1207"/>
<String CONTENT="The" HEIGHT="53" WIDTH="120" VPOS="900" HPOS="1243"/>
<SP HEIGHT="52" WIDTH="36" VPOS="901" HPOS="1364"/>
<String CONTENT="Bobbs-Merrill" HEIGHT="53" WIDTH="446" VPOS="899" HPOS="1401"/>
<SP HEIGHT="51" WIDTH="33" VPOS="901" HPOS="1848"/>
<String CONTENT="company" HEIGHT="51" WIDTH="281" VPOS="918" HPOS="1882"/>
<SP HEIGHT="50" WIDTH="39" VPOS="919" HPOS="2164"/>
<String CS="1" CONTENT="["/>
<String STYLE="superscript" CS="1" CONTENT="&#7580;1"/>
<String CS="1" CONTENT="929]" HEIGHT="49" WIDTH="101" VPOS="901" HPOS="2278"/>
</TextLine>
<TextLine HEIGHT="50" WIDTH="649" VPOS="992" HPOS="469" STYLEREFS="StyleId-564CF5B5-E97B-4D70-AF39-2EA3CA3F62A6-" CS="1">
<String CONTENT="3" HEIGHT="42" WIDTH="27" VPOS="992" HPOS="469"/>
<SP HEIGHT="50" WIDTH="26" VPOS="992" HPOS="497"/>
<String CONTENT="p." HEIGHT="39" WIDTH="43" VPOS="1003" HPOS="524"/>
<SP HEIGHT="40" WIDTH="26" VPOS="994" HPOS="568"/>
<String CS="1" CONTENT="l.,"/>
<SP HEIGHT="47" WIDTH="25" VPOS="993" HPOS="641"/>
<String CONTENT="11-318" HEIGHT="41" WIDTH="176" VPOS="993" HPOS="667"/>
<SP HEIGHT="49" WIDTH="22" VPOS="993" HPOS="844"/>
<String CONTENT="p." HEIGHT="37" WIDTH="44" VPOS="1005" HPOS="867"/>
<SP HEIGHT="40" WIDTH="58" VPOS="994" HPOS="912"/>
<String CS="1" CONTENT="19&#189;&#7580;&#7504;." HEIGHT="42" WIDTH="147" VPOS="992" HPOS="971"/>
</TextLine>
<TextLine HEIGHT="55" WIDTH="1828" VPOS="1058" HPOS="403">
<String CONTENT="&#169;" HEIGHT="54" WIDTH="52" VPOS="1058" HPOS="403"/>
<SP HEIGHT="54" WIDTH="27" VPOS="1058" HPOS="456"/>
<String CONTENT="Aug." HEIGHT="50" WIDTH="120" VPOS="1063" HPOS="484"/>
<SP HEIGHT="40" WIDTH="27" VPOS="1063" HPOS="605"/>
<String CONTENT="26," HEIGHT="48" WIDTH="70" VPOS="1063" HPOS="633"/>
<SP HEIGHT="47" WIDTH="27" VPOS="1064" HPOS="704"/>
<String CONTENT="1929;" HEIGHT="48" WIDTH="142" VPOS="1063" HPOS="732"/>
<SP HEIGHT="48" WIDTH="28" VPOS="1063" HPOS="875"/>
<String CONTENT="2c." HEIGHT="42" WIDTH="68" VPOS="1063" HPOS="904"/>
<SP HEIGHT="31" WIDTH="30" VPOS="1074" HPOS="973"/>
<String CONTENT="and" HEIGHT="41" WIDTH="96" VPOS="1064" HPOS="1004"/>
<SP HEIGHT="41" WIDTH="27" VPOS="1064" HPOS="1101"/>
<String CONTENT="aff." HEIGHT="44" WIDTH="82" VPOS="1062" HPOS="1129"/>
<SP HEIGHT="43" WIDTH="30" VPOS="1063" HPOS="1212"/>
<String CONTENT="Sept." HEIGHT="50" WIDTH="129" VPOS="1063" HPOS="1243"/>
<SP HEIGHT="41" WIDTH="27" VPOS="1064" HPOS="1373"/>
<String CONTENT="3;" HEIGHT="47" WIDTH="53" VPOS="1064" HPOS="1401"/>
<SP HEIGHT="48" WIDTH="30" VPOS="1063" HPOS="1455"/>
<!-- cceid A3264669-6CFA-1014-9C3C-CEA95E7AA542 --><String CONTENT="A" HEIGHT="41" WIDTH="42" VPOS="1063" HPOS="1486"/>
<SP HEIGHT="41" WIDTH="26" VPOS="1063" HPOS="1529"/>
<String CONTENT="12118;" HEIGHT="49" WIDTH="173" VPOS="1063" HPOS="1556"/>
<SP HEIGHT="48" WIDTH="31" VPOS="1064" HPOS="1730"/>
<String CONTENT="Bobbs-Merrill" HEIGHT="42" WIDTH="370" VPOS="1063" HPOS="1762"/>
<SP HEIGHT="40" WIDTH="28" VPOS="1065" HPOS="2133"/>
<String CONTENT="co." HEIGHT="31" WIDTH="69" VPOS="1074" HPOS="2162"/>
</TextLine>
<TextLine HEIGHT="49" WIDTH="280" VPOS="1119" HPOS="479">
<String CONTENT="(20-17888)" HEIGHT="49" WIDTH="280" VPOS="1119" HPOS="479"/>
</TextLine>
<TextLine HEIGHT="72" WIDTH="1937" VPOS="1212" HPOS="465" STYLEREFS="StyleId-564CF5B5-E97B-4D70-AF39-2EA3CA3F62A6-">
<String CONTENT="Pirate" HEIGHT="53" WIDTH="196" VPOS="1213" HPOS="465"/>
<SP HEIGHT="33" WIDTH="43" VPOS="1233" HPOS="662"/>
<String CONTENT="of" HEIGHT="54" WIDTH="64" VPOS="1212" HPOS="706"/>
<SP HEIGHT="54" WIDTH="37" VPOS="1212" HPOS="771"/>
<String CONTENT="the" HEIGHT="53" WIDTH="96" VPOS="1214" HPOS="809"/>
<SP HEIGHT="49" WIDTH="40" VPOS="1232" HPOS="906"/>
<String CONTENT="pine" HEIGHT="67" WIDTH="134" VPOS="1214" HPOS="947"/>
<SP HEIGHT="53" WIDTH="40" VPOS="1214" HPOS="1082"/>
<String CONTENT="lands:" HEIGHT="53" WIDTH="195" VPOS="1214" HPOS="1123"/>
<SP HEIGHT="53" WIDTH="40" VPOS="1214" HPOS="1319"/>
<String CONTENT="being" HEIGHT="69" WIDTH="173" VPOS="1214" HPOS="1360"/>
<SP HEIGHT="63" WIDTH="40" VPOS="1220" HPOS="1534"/>
<String CONTENT="the" HEIGHT="52" WIDTH="95" VPOS="1215" HPOS="1575"/>
<SP HEIGHT="34" WIDTH="44" VPOS="1233" HPOS="1671"/>
<String CONTENT="adventures" HEIGHT="53" WIDTH="342" VPOS="1215" HPOS="1716"/>
<SP HEIGHT="35" WIDTH="41" VPOS="1233" HPOS="2059"/>
<String CONTENT="of" HEIGHT="53" WIDTH="65" VPOS="1215" HPOS="2101"/>
<SP HEIGHT="69" WIDTH="39" VPOS="1215" HPOS="2167"/>
<String CONTENT="young" HEIGHT="51" WIDTH="195" VPOS="1233" HPOS="2207"/>
</TextLine>
<TextLine HEIGHT="70" WIDTH="2005" VPOS="1291" HPOS="396" STYLEREFS="StyleId-564CF5B5-E97B-4D70-AF39-2EA3CA3F62A6-">
<String CONTENT="Tom" HEIGHT="52" WIDTH="142" VPOS="1291" HPOS="396"/>
<SP HEIGHT="52" WIDTH="35" VPOS="1291" HPOS="539"/>
<String CONTENT="Lansing" HEIGHT="69" WIDTH="259" VPOS="1291" HPOS="575"/>
<SP HEIGHT="50" WIDTH="34" VPOS="1310" HPOS="835"/>
<String CONTENT="afloat" HEIGHT="53" WIDTH="174" VPOS="1291" HPOS="870"/>
<SP HEIGHT="47" WIDTH="36" VPOS="1297" HPOS="1045"/>
<String CONTENT="and" HEIGHT="52" WIDTH="113" VPOS="1293" HPOS="1082"/>
<SP HEIGHT="52" WIDTH="38" VPOS="1293" HPOS="1196"/>
<String CONTENT="ashore" HEIGHT="53" WIDTH="198" VPOS="1292" HPOS="1235"/>
<SP HEIGHT="35" WIDTH="37" VPOS="1310" HPOS="1434"/>
<String CONTENT="on" HEIGHT="35" WIDTH="71" VPOS="1310" HPOS="1472"/>
<SP HEIGHT="46" WIDTH="35" VPOS="1298" HPOS="1544"/>
<String CONTENT="the" HEIGHT="53" WIDTH="97" VPOS="1292" HPOS="1580"/>
<SP HEIGHT="53" WIDTH="36" VPOS="1292" HPOS="1678"/>
<String CONTENT="Michigan" HEIGHT="69" WIDTH="299" VPOS="1292" HPOS="1715"/>
<SP HEIGHT="52" WIDTH="40" VPOS="1292" HPOS="2015"/>
<String CONTENT="frontier" HEIGHT="53" WIDTH="247" VPOS="1292" HPOS="2056"/>
<SP HEIGHT="53" WIDTH="37" VPOS="1292" HPOS="2304"/>
<String CONTENT="in" HEIGHT="53" WIDTH="59" VPOS="1292" HPOS="2342"/>
</TextLine>
<TextLine HEIGHT="70" WIDTH="2008" VPOS="1369" HPOS="395" STYLEREFS="StyleId-564CF5B5-E97B-4D70-AF39-2EA3CA3F62A6-">
<String CONTENT="the" HEIGHT="52" WIDTH="96" VPOS="1370" HPOS="395"/>
<SP HEIGHT="50" WIDTH="22" VPOS="1388" HPOS="492"/>
<String CONTENT="years" HEIGHT="50" WIDTH="164" VPOS="1388" HPOS="515"/>
<SP HEIGHT="49" WIDTH="25" VPOS="1373" HPOS="680"/>
<String CONTENT="1852" HEIGHT="50" WIDTH="135" VPOS="1372" HPOS="706"/>
<SP HEIGHT="50" WIDTH="24" VPOS="1372" HPOS="842"/>
<String CONTENT="to" HEIGHT="48" WIDTH="58" VPOS="1374" HPOS="867"/>
<SP HEIGHT="49" WIDTH="26" VPOS="1373" HPOS="926"/>
<String CONTENT="1854," HEIGHT="64" WIDTH="153" VPOS="1373" HPOS="953"/>
<SP HEIGHT="48" WIDTH="25" VPOS="1389" HPOS="1107"/>
<String CONTENT="and" HEIGHT="53" WIDTH="113" VPOS="1370" HPOS="1133"/>
<SP HEIGHT="68" WIDTH="25" VPOS="1370" HPOS="1247"/>
<String CONTENT="particularly" HEIGHT="70" WIDTH="382" VPOS="1369" HPOS="1273"/>
<SP HEIGHT="69" WIDTH="23" VPOS="1370" HPOS="1656"/>
<String CONTENT="his" HEIGHT="53" WIDTH="90" VPOS="1370" HPOS="1680"/>
<SP HEIGHT="50" WIDTH="24" VPOS="1388" HPOS="1771"/>
<String CONTENT="part" HEIGHT="63" WIDTH="133" VPOS="1375" HPOS="1796"/>
<SP HEIGHT="52" WIDTH="23" VPOS="1370" HPOS="1930"/>
<String CONTENT="in" HEIGHT="52" WIDTH="60" VPOS="1370" HPOS="1954"/>
<SP HEIGHT="47" WIDTH="25" VPOS="1375" HPOS="2015"/>
<String CONTENT="the" HEIGHT="53" WIDTH="96" VPOS="1370" HPOS="2041"/>
<SP HEIGHT="52" WIDTH="24" VPOS="1371" HPOS="2138"/>
<String CONTENT="historic" HEIGHT="54" WIDTH="240" VPOS="1369" HPOS="2163"/>
</TextLine>
<TextLine HEIGHT="148" WIDTH="2007" VPOS="1446" HPOS="395" STYLEREFS="StyleId-564CF5B5-E97B-4D70-AF39-2EA3CA3F62A6-" CS="1">
<String CONTENT="matter" HEIGHT="48" WIDTH="210" VPOS="1452" HPOS="395"/>
<SP HEIGHT="35" WIDTH="30" VPOS="1466" HPOS="606"/>
<String CONTENT="of" HEIGHT="55" WIDTH="65" VPOS="1446" HPOS="637"/>
<SP HEIGHT="53" WIDTH="29" VPOS="1446" HPOS="703"/>
<String CONTENT="King" HEIGHT="69" WIDTH="164" VPOS="1447" HPOS="733"/>
<SP HEIGHT="69" WIDTH="30" VPOS="1447" HPOS="898"/>
<String CONTENT="James" HEIGHT="54" WIDTH="196" VPOS="1447" HPOS="929"/>
<SP HEIGHT="55" WIDTH="33" VPOS="1447" HPOS="1126"/>
<String CONTENT="Strang," HEIGHT="69" WIDTH="234" VPOS="1447" HPOS="1160"/>
<SP HEIGHT="60" WIDTH="30" VPOS="1454" HPOS="1395"/>
<String CONTENT="the" HEIGHT="53" WIDTH="96" VPOS="1448" HPOS="1426"/>
<SP HEIGHT="35" WIDTH="32" VPOS="1466" HPOS="1523"/>
<String CONTENT="notorious" HEIGHT="53" WIDTH="295" VPOS="1447" HPOS="1556"/>
<SP HEIGHT="55" WIDTH="34" VPOS="1447" HPOS="1852"/>
<String CONTENT="Great" HEIGHT="55" WIDTH="180" VPOS="1447" HPOS="1887"/>
<SP HEIGHT="52" WIDTH="28" VPOS="1448" HPOS="2068"/>
<String CONTENT="Lakes" HEIGHT="54" WIDTH="184" VPOS="1447" HPOS="2097"/>
<SP HEIGHT="50" WIDTH="33" VPOS="1466" HPOS="2282"/>
<String CONTENT="pirate," HEIGHT="145" WIDTH="1981" VPOS="1447" HPOS="397"/>
<SP HEIGHT="62" WIDTH="25" VPOS="1530" HPOS="537"/>
<String CONTENT="told" HEIGHT="52" WIDTH="123" VPOS="1526" HPOS="563"/>
<SP HEIGHT="52" WIDTH="24" VPOS="1526" HPOS="687"/>
<String CONTENT="here" HEIGHT="52" WIDTH="132" VPOS="1526" HPOS="712"/>
<SP HEIGHT="52" WIDTH="24" VPOS="1526" HPOS="845"/>
<String CONTENT="by" HEIGHT="68" WIDTH="77" VPOS="1526" HPOS="870"/>
<SP HEIGHT="68" WIDTH="24" VPOS="1526" HPOS="948"/>
<String CONTENT="himself" HEIGHT="54" WIDTH="237" VPOS="1524" HPOS="973"/>
<SP HEIGHT="53" WIDTH="26" VPOS="1524" HPOS="1211"/>
<String CONTENT="from" HEIGHT="53" WIDTH="151" VPOS="1524" HPOS="1238"/>
<SP HEIGHT="33" WIDTH="28" VPOS="1544" HPOS="1390"/>
<String CONTENT="memory" HEIGHT="50" WIDTH="255" VPOS="1544" HPOS="1419"/>
<SP HEIGHT="50" WIDTH="25" VPOS="1544" HPOS="1675"/>
<String CONTENT="and" HEIGHT="52" WIDTH="113" VPOS="1526" HPOS="1701"/>
<SP HEIGHT="53" WIDTH="27" VPOS="1526" HPOS="1815"/>
<String CONTENT="set" HEIGHT="48" WIDTH="82" VPOS="1531" HPOS="1843"/>
<SP HEIGHT="52" WIDTH="26" VPOS="1526" HPOS="1926"/>
<String CONTENT="down" HEIGHT="52" WIDTH="168" VPOS="1526" HPOS="1953"/>
<SP HEIGHT="52" WIDTH="25" VPOS="1526" HPOS="2122"/>
<String CONTENT="by" HEIGHT="68" WIDTH="76" VPOS="1526" HPOS="2148"/>
<SP HEIGHT="68" WIDTH="27" VPOS="1526" HPOS="2225"/>
<String CONTENT="Karl" HEIGHT="52" WIDTH="149" VPOS="1526" HPOS="2253"/>
</TextLine>
<TextLine HEIGHT="70" WIDTH="2009" VPOS="1602" HPOS="394" STYLEREFS="StyleId-564CF5B5-E97B-4D70-AF39-2EA3CA3F62A6-">
<String CONTENT="W." HEIGHT="54" WIDTH="91" VPOS="1604" HPOS="394"/>
<SP HEIGHT="52" WIDTH="33" VPOS="1604" HPOS="486"/>
<String CONTENT="Detzer," HEIGHT="67" WIDTH="226" VPOS="1604" HPOS="520"/>
<SP HEIGHT="49" WIDTH="34" VPOS="1622" HPOS="747"/>
<String CONTENT="with" HEIGHT="52" WIDTH="141" VPOS="1603" HPOS="782"/>
<SP HEIGHT="52" WIDTH="32" VPOS="1603" HPOS="924"/>
<String CONTENT="illustrations" HEIGHT="53" WIDTH="384" VPOS="1603" HPOS="957"/>
<SP HEIGHT="53" WIDTH="31" VPOS="1603" HPOS="1342"/>
<String CONTENT="by" HEIGHT="69" WIDTH="77" VPOS="1603" HPOS="1374"/>
<SP HEIGHT="70" WIDTH="33" VPOS="1602" HPOS="1452"/>
<String CONTENT="Courtney" HEIGHT="70" WIDTH="293" VPOS="1602" HPOS="1486"/>
<SP HEIGHT="69" WIDTH="31" VPOS="1603" HPOS="1780"/>
<String CONTENT="Allen" HEIGHT="53" WIDTH="172" VPOS="1603" HPOS="1812"/>
<SP HEIGHT="33" WIDTH="38" VPOS="1622" HPOS="1985"/>
<String CONTENT="and" HEIGHT="52" WIDTH="113" VPOS="1604" HPOS="2024"/>
<SP HEIGHT="52" WIDTH="35" VPOS="1604" HPOS="2138"/>
<String CONTENT="Harold" HEIGHT="53" WIDTH="229" VPOS="1603" HPOS="2174"/>
</TextLine>
<TextLine HEIGHT="69" WIDTH="2002" VPOS="1681" HPOS="396" STYLEREFS="StyleId-564CF5B5-E97B-4D70-AF39-2EA3CA3F62A6-" CS="1">
<String CONTENT="Anderson." HEIGHT="53" WIDTH="319" VPOS="1682" HPOS="396"/>
<SP HEIGHT="52" WIDTH="74" VPOS="1681" HPOS="716"/>
<String CONTENT="Indianapolis," HEIGHT="68" WIDTH="421" VPOS="1681" HPOS="791"/>
<SP HEIGHT="66" WIDTH="31" VPOS="1682" HPOS="1213"/>
<String CONTENT="The" HEIGHT="53" WIDTH="120" VPOS="1681" HPOS="1245"/>
<SP HEIGHT="52" WIDTH="35" VPOS="1682" HPOS="1366"/>
<String CONTENT="Bobbs-Merrill" HEIGHT="53" WIDTH="446" VPOS="1681" HPOS="1402"/>
<SP HEIGHT="52" WIDTH="32" VPOS="1681" HPOS="1849"/>
<String CONTENT="company" HEIGHT="52" WIDTH="283" VPOS="1698" HPOS="1882"/>
<SP HEIGHT="50" WIDTH="38" VPOS="1700" HPOS="2166"/>
<String CS="1" CONTENT="["/>
<String STYLE="superscript" CS="1" CONTENT="&#7580;1"/>
<String CONTENT="929]" HEIGHT="64" WIDTH="119" VPOS="1684" HPOS="2279"/>
</TextLine>
<TextLine HEIGHT="51" WIDTH="896" VPOS="1762" HPOS="467" STYLEREFS="StyleId-564CF5B5-E97B-4D70-AF39-2EA3CA3F62A6-" CS="1">
<String CONTENT="302," HEIGHT="49" WIDTH="100" VPOS="1763" HPOS="467"/>
<SP HEIGHT="31" WIDTH="30" VPOS="1782" HPOS="568"/>
<String CONTENT="[1]" HEIGHT="50" WIDTH="55" VPOS="1763" HPOS="599"/>
<SP HEIGHT="38" WIDTH="28" VPOS="1774" HPOS="655"/>
<String CONTENT="p." HEIGHT="37" WIDTH="45" VPOS="1774" HPOS="684"/>
<SP HEIGHT="40" WIDTH="55" VPOS="1763" HPOS="730"/>
<String CONTENT="front.," HEIGHT="47" WIDTH="166" VPOS="1763" HPOS="786"/>
<SP HEIGHT="37" WIDTH="29" VPOS="1774" HPOS="953"/>
<String CONTENT="plates." HEIGHT="48" WIDTH="173" VPOS="1763" HPOS="983"/>
<SP HEIGHT="40" WIDTH="58" VPOS="1763" HPOS="1157"/>
<String CS="1" CONTENT="19&#189;Garden." HEIGHT="41" WIDTH="147" VPOS="1762" HPOS="1216"/>
</TextLine>
<TextLine HEIGHT="49" WIDTH="591" VPOS="1834" HPOS="470">
<String CONTENT="Map" HEIGHT="46" WIDTH="114" VPOS="1836" HPOS="470"/>
<SP HEIGHT="37" WIDTH="24" VPOS="1845" HPOS="585"/>
<String CONTENT="on" HEIGHT="30" WIDTH="60" VPOS="1845" HPOS="610"/>
<SP HEIGHT="39" WIDTH="23" VPOS="1835" HPOS="671"/>
<String CONTENT="lining-papers." HEIGHT="49" WIDTH="366" VPOS="1834" HPOS="695"/>
</TextLine>
<TextLine HEIGHT="53" WIDTH="1996" VPOS="1902" HPOS="406">
<String CONTENT="&#169;" HEIGHT="53" WIDTH="52" VPOS="1902" HPOS="406"/>
<SP HEIGHT="53" WIDTH="30" VPOS="1902" HPOS="459"/>
<String CONTENT="Aug." HEIGHT="48" WIDTH="121" VPOS="1907" HPOS="490"/>
<SP HEIGHT="41" WIDTH="30" VPOS="1906" HPOS="612"/>
<String CONTENT="9," HEIGHT="47" WIDTH="40" VPOS="1906" HPOS="643"/>
<SP HEIGHT="47" WIDTH="29" VPOS="1906" HPOS="684"/>
<String CONTENT="1929;" HEIGHT="46" WIDTH="142" VPOS="1906" HPOS="714"/>
<SP HEIGHT="46" WIDTH="31" VPOS="1906" HPOS="857"/>
<String CONTENT="2c." HEIGHT="41" WIDTH="68" VPOS="1906" HPOS="889"/>
<SP HEIGHT="41" WIDTH="30" VPOS="1906" HPOS="958"/>
<String CONTENT="Aug." HEIGHT="48" WIDTH="122" VPOS="1906" HPOS="989"/>
<SP HEIGHT="41" WIDTH="31" VPOS="1906" HPOS="1112"/>
<String CONTENT="14;" HEIGHT="46" WIDTH="82" VPOS="1906" HPOS="1144"/>
<SP HEIGHT="36" WIDTH="34" VPOS="1916" HPOS="1227"/>
<String CONTENT="aff." HEIGHT="41" WIDTH="82" VPOS="1906" HPOS="1262"/>
<SP HEIGHT="40" WIDTH="30" VPOS="1907" HPOS="1345"/>
<String CONTENT="Aug." HEIGHT="45" WIDTH="121" VPOS="1907" HPOS="1376"/>
<SP HEIGHT="40" WIDTH="31" VPOS="1907" HPOS="1498"/>
<String CONTENT="15:" HEIGHT="41" WIDTH="82" VPOS="1906" HPOS="1530"/>
<SP HEIGHT="41" WIDTH="34" VPOS="1906" HPOS="1613"/>
<!-- cceid A327FFC9-6CFA-1014-9C3C-CEA95E7AA542 --><String CONTENT="A" HEIGHT="39" WIDTH="42" VPOS="1906" HPOS="1648"/>
<SP HEIGHT="39" WIDTH="30" VPOS="1906" HPOS="1691"/>
<String CONTENT="11672;" HEIGHT="46" WIDTH="170" VPOS="1905" HPOS="1722"/>
<SP HEIGHT="45" WIDTH="35" VPOS="1906" HPOS="1893"/>
<String CONTENT="Bobbs-Merrill" HEIGHT="42" WIDTH="369" VPOS="1904" HPOS="1929"/>
<SP HEIGHT="38" WIDTH="34" VPOS="1907" HPOS="2299"/>
<String CONTENT="co." HEIGHT="29" WIDTH="68" VPOS="1916" HPOS="2334"/>
</TextLine>
<TextLine HEIGHT="49" WIDTH="280" VPOS="1962" HPOS="483">
<String CONTENT="(20-17730)" HEIGHT="49" WIDTH="280" VPOS="1962" HPOS="483"/>
</TextLine>
<TextLine HEIGHT="66" WIDTH="1098" VPOS="2054" HPOS="408" STYLEREFS="StyleId-564CF5B5-E97B-4D70-AF39-2EA3CA3F62A6-">
<String CONTENT="Dickinson," HEIGHT="65" WIDTH="342" VPOS="2055" HPOS="408"/>
<SP HEIGHT="64" WIDTH="28" VPOS="2056" HPOS="751"/>
<String CONTENT="Edwin" HEIGHT="54" WIDTH="207" VPOS="2054" HPOS="780"/>
<SP HEIGHT="52" WIDTH="30" VPOS="2056" HPOS="988"/>
<String CONTENT="De" HEIGHT="52" WIDTH="85" VPOS="2056" HPOS="1019"/>
<SP HEIGHT="52" WIDTH="27" VPOS="2057" HPOS="1105"/>
<String CONTENT="Witt," HEIGHT="65" WIDTH="169" VPOS="2055" HPOS="1133"/>
<SP HEIGHT="58" WIDTH="31" VPOS="2062" HPOS="1303"/>
<String CONTENT="1887-" HEIGHT="53" WIDTH="171" VPOS="2058" HPOS="1335"/>
</TextLine>
<TextLine HEIGHT="71" WIDTH="1936" VPOS="2132" HPOS="468" STYLEREFS="StyleId-564CF5B5-E97B-4D70-AF39-2EA3CA3F62A6-">
<String CONTENT="A" HEIGHT="52" WIDTH="56" VPOS="2133" HPOS="468"/>
<SP HEIGHT="53" WIDTH="19" VPOS="2133" HPOS="525"/>
<String CONTENT="selection" HEIGHT="53" WIDTH="267" VPOS="2133" HPOS="545"/>
<SP HEIGHT="34" WIDTH="21" VPOS="2152" HPOS="813"/>
<String CONTENT="of" HEIGHT="54" WIDTH="65" VPOS="2132" HPOS="835"/>
<SP HEIGHT="53" WIDTH="19" VPOS="2132" HPOS="901"/>
<String CONTENT="cases" HEIGHT="35" WIDTH="153" VPOS="2152" HPOS="921"/>
<SP HEIGHT="35" WIDTH="22" VPOS="2152" HPOS="1075"/>
<String CONTENT="and" HEIGHT="52" WIDTH="109" VPOS="2134" HPOS="1098"/>
<SP HEIGHT="52" WIDTH="27" VPOS="2134" HPOS="1208"/>
<String CONTENT="other" HEIGHT="53" WIDTH="164" VPOS="2134" HPOS="1236"/>
<SP HEIGHT="34" WIDTH="19" VPOS="2152" HPOS="1401"/>
<String CONTENT="readings" HEIGHT="71" WIDTH="270" VPOS="2132" HPOS="1421"/>
<SP HEIGHT="34" WIDTH="22" VPOS="2153" HPOS="1692"/>
<String CONTENT="on" HEIGHT="34" WIDTH="71" VPOS="2152" HPOS="1715"/>
<SP HEIGHT="48" WIDTH="24" VPOS="2138" HPOS="1787"/>
<String CONTENT="the" HEIGHT="52" WIDTH="95" VPOS="2134" HPOS="1812"/>
<SP HEIGHT="52" WIDTH="25" VPOS="2134" HPOS="1908"/>
<String CONTENT="law" HEIGHT="52" WIDTH="110" VPOS="2134" HPOS="1934"/>
<SP HEIGHT="35" WIDTH="24" VPOS="2152" HPOS="2045"/>
<String CONTENT="of" HEIGHT="55" WIDTH="65" VPOS="2132" HPOS="2070"/>
<SP HEIGHT="54" WIDTH="21" VPOS="2132" HPOS="2136"/>
<String CONTENT="nations," HEIGHT="68" WIDTH="246" VPOS="2133" HPOS="2158"/>
</TextLine>
<TextLine HEIGHT="148" WIDTH="2005" VPOS="2210" HPOS="399" STYLEREFS="StyleId-564CF5B5-E97B-4D70-AF39-2EA3CA3F62A6-" CS="1">
<String CONTENT="chiefly" HEIGHT="70" WIDTH="204" VPOS="2210" HPOS="399"/>
<SP HEIGHT="50" WIDTH="27" VPOS="2230" HPOS="604"/>
<String CONTENT="as" HEIGHT="34" WIDTH="60" VPOS="2230" HPOS="632"/>
<SP HEIGHT="53" WIDTH="28" VPOS="2211" HPOS="693"/>
<String CONTENT="it" HEIGHT="52" WIDTH="46" VPOS="2211" HPOS="722"/>
<SP HEIGHT="52" WIDTH="28" VPOS="2211" HPOS="769"/>
<String CONTENT="is" HEIGHT="53" WIDTH="48" VPOS="2211" HPOS="798"/>
<SP HEIGHT="54" WIDTH="26" VPOS="2210" HPOS="847"/>
<String CONTENT="interpreted" HEIGHT="69" WIDTH="355" VPOS="2210" HPOS="874"/>
<SP HEIGHT="52" WIDTH="29" VPOS="2211" HPOS="1230"/>
<String CONTENT="and" HEIGHT="51" WIDTH="112" VPOS="2212" HPOS="1260"/>
<SP HEIGHT="51" WIDTH="31" VPOS="2212" HPOS="1373"/>
<String CONTENT="applied" HEIGHT="68" WIDTH="234" VPOS="2211" HPOS="1405"/>
<SP HEIGHT="52" WIDTH="27" VPOS="2212" HPOS="1640"/>
<String CONTENT="by" HEIGHT="68" WIDTH="77" VPOS="2212" HPOS="1668"/>
<SP HEIGHT="68" WIDTH="31" VPOS="2212" HPOS="1746"/>
<String CONTENT="British" HEIGHT="54" WIDTH="224" VPOS="2210" HPOS="1778"/>
<SP HEIGHT="52" WIDTH="30" VPOS="2211" HPOS="2003"/>
<String CONTENT="and" HEIGHT="54" WIDTH="114" VPOS="2211" HPOS="2034"/>
<SP HEIGHT="55" WIDTH="30" VPOS="2210" HPOS="2149"/>
<String CONTENT="American" HEIGHT="131" WIDTH="1980" VPOS="2210" HPOS="400"/>
<SP HEIGHT="34" WIDTH="38" VPOS="2307" HPOS="503"/>
<String CONTENT="courts," HEIGHT="63" WIDTH="208" VPOS="2293" HPOS="542"/>
<SP HEIGHT="68" WIDTH="35" VPOS="2288" HPOS="751"/>
<String CONTENT="by" HEIGHT="70" WIDTH="77" VPOS="2288" HPOS="787"/>
<SP HEIGHT="70" WIDTH="37" VPOS="2288" HPOS="865"/>
<String CONTENT="Edwin" HEIGHT="53" WIDTH="211" VPOS="2288" HPOS="903"/>
<SP HEIGHT="52" WIDTH="39" VPOS="2289" HPOS="1115"/>
<String CONTENT="De" HEIGHT="52" WIDTH="86" VPOS="2289" HPOS="1155"/>
<SP HEIGHT="53" WIDTH="38" VPOS="2289" HPOS="1242"/>
<String CONTENT="Witt" HEIGHT="54" WIDTH="151" VPOS="2288" HPOS="1281"/>
<SP HEIGHT="52" WIDTH="38" VPOS="2289" HPOS="1433"/>
<String CONTENT="Dickinson" HEIGHT="53" WIDTH="318" VPOS="2288" HPOS="1472"/>
<SP HEIGHT="33" WIDTH="45" VPOS="2308" HPOS="1791"/>
<String CS="1" CONTENT="&#8230;"/>
<SP HEIGHT="48" WIDTH="81" VPOS="2292" HPOS="1894"/>
<String CONTENT="1st" HEIGHT="50" WIDTH="84" VPOS="2292" HPOS="1976"/>
<SP HEIGHT="48" WIDTH="40" VPOS="2293" HPOS="2061"/>
<String CONTENT="ed." HEIGHT="52" WIDTH="84" VPOS="2289" HPOS="2102"/>
<SP HEIGHT="52" WIDTH="77" VPOS="2289" HPOS="2187"/>
<String CONTENT="New" HEIGHT="52" WIDTH="139" VPOS="2289" HPOS="2265"/>
</TextLine>
<TextLine HEIGHT="70" WIDTH="1621" VPOS="2365" HPOS="400" STYLEREFS="StyleId-564CF5B5-E97B-4D70-AF39-2EA3CA3F62A6-" CS="1">
<String CONTENT="York" HEIGHT="53" WIDTH="165" VPOS="2366" HPOS="400"/>
<SP HEIGHT="67" WIDTH="25" VPOS="2366" HPOS="566"/>
<String CS="1" CONTENT="[etc.]" HEIGHT="62" WIDTH="119" VPOS="2371" HPOS="610"/>
<SP HEIGHT="67" WIDTH="28" VPOS="2366" HPOS="730"/>
<String CONTENT="McGraw-Hill" HEIGHT="55" WIDTH="433" VPOS="2365" HPOS="759"/>
<SP HEIGHT="52" WIDTH="23" VPOS="2366" HPOS="1193"/>
<String CONTENT="book" HEIGHT="53" WIDTH="148" VPOS="2366" HPOS="1217"/>
<SP HEIGHT="53" WIDTH="22" VPOS="2366" HPOS="1366"/>
<String CONTENT="company," HEIGHT="51" WIDTH="300" VPOS="2384" HPOS="1389"/>
<SP HEIGHT="67" WIDTH="24" VPOS="2366" HPOS="1690"/>
<String CONTENT="inc.," HEIGHT="69" WIDTH="128" VPOS="2366" HPOS="1715"/>
<SP HEIGHT="66" WIDTH="27" VPOS="2369" HPOS="1844"/>
<String CONTENT="1929." HEIGHT="50" WIDTH="149" VPOS="2368" HPOS="1872"/>
</TextLine>
<TextLine HEIGHT="50" WIDTH="788" VPOS="2446" HPOS="470" STYLEREFS="StyleId-564CF5B5-E97B-4D70-AF39-2EA3CA3F62A6-" CS="1">
<String CONTENT="xxii," HEIGHT="48" WIDTH="119" VPOS="2447" HPOS="470"/>
<SP HEIGHT="47" WIDTH="25" VPOS="2448" HPOS="590"/>
<String CONTENT="1133" HEIGHT="41" WIDTH="114" VPOS="2448" HPOS="616"/>
<SP HEIGHT="48" WIDTH="27" VPOS="2448" HPOS="731"/>
<String CONTENT="p." HEIGHT="37" WIDTH="44" VPOS="2459" HPOS="759"/>
<SP HEIGHT="40" WIDTH="57" VPOS="2448" HPOS="804"/>
<String CS="1" CONTENT="24&#189;&#7580;&#7504;." HEIGHT="40" WIDTH="148" VPOS="2448" HPOS="862"/>
<SP HEIGHT="50" WIDTH="114" VPOS="2446" HPOS="1011"/>
<String CONTENT="$6.00" HEIGHT="50" WIDTH="132" VPOS="2446" HPOS="1126"/>
</TextLine>
<TextLine HEIGHT="50" WIDTH="719" VPOS="2517" HPOS="475">
<String CONTENT="Includes" HEIGHT="41" WIDTH="224" VPOS="2518" HPOS="475"/>
<SP HEIGHT="41" WIDTH="27" VPOS="2518" HPOS="700"/>
<String CONTENT="lists" HEIGHT="41" WIDTH="109" VPOS="2517" HPOS="728"/>
<SP HEIGHT="30" WIDTH="30" VPOS="2529" HPOS="838"/>
<String CONTENT="of" HEIGHT="42" WIDTH="54" VPOS="2517" HPOS="869"/>
<SP HEIGHT="40" WIDTH="25" VPOS="2517" HPOS="924"/>
<String CONTENT="readings." HEIGHT="50" WIDTH="244" VPOS="2517" HPOS="950"/>
</TextLine>
<TextLine HEIGHT="53" WIDTH="1994" VPOS="2586" HPOS="409" CS="1">
<String CONTENT="&#169;" HEIGHT="52" WIDTH="52" VPOS="2586" HPOS="409"/>
<SP HEIGHT="52" WIDTH="26" VPOS="2586" HPOS="462"/>
<String CONTENT="Aug." HEIGHT="49" WIDTH="121" VPOS="2590" HPOS="489"/>
<SP HEIGHT="40" WIDTH="26" VPOS="2590" HPOS="611"/>
<String CONTENT="19," HEIGHT="46" WIDTH="69" VPOS="2590" HPOS="638"/>
<SP HEIGHT="46" WIDTH="27" VPOS="2590" HPOS="708"/>
<String CS="1" CONTENT="1929;" HEIGHT="40" WIDTH="118" VPOS="2589" HPOS="736"/>
<SP HEIGHT="41" WIDTH="29" VPOS="2590" HPOS="879"/>
<String CONTENT="2c." HEIGHT="41" WIDTH="68" VPOS="2590" HPOS="909"/>
<SP HEIGHT="31" WIDTH="28" VPOS="2600" HPOS="978"/>
<String CONTENT="and" HEIGHT="39" WIDTH="95" VPOS="2591" HPOS="1007"/>
<SP HEIGHT="39" WIDTH="28" VPOS="2591" HPOS="1103"/>
<String CONTENT="aff." HEIGHT="41" WIDTH="83" VPOS="2589" HPOS="1132"/>
<SP HEIGHT="40" WIDTH="28" VPOS="2590" HPOS="1216"/>
<String CONTENT="Aug." HEIGHT="48" WIDTH="120" VPOS="2590" HPOS="1245"/>
<SP HEIGHT="11" WIDTH="24" VPOS="2619" HPOS="1366"/>
<String CONTENT=".21;" HEIGHT="47" WIDTH="86" VPOS="2589" HPOS="1391"/>
<SP HEIGHT="46" WIDTH="31" VPOS="2590" HPOS="1478"/>
<!-- cceid A328B12F-6CFA-1014-9C3C-CEA95E7AA542 --><String CONTENT="A" HEIGHT="39" WIDTH="40" VPOS="2590" HPOS="1510"/>
<SP HEIGHT="39" WIDTH="28" VPOS="2590" HPOS="1551"/>
<String CONTENT="10866;" HEIGHT="47" WIDTH="171" VPOS="2588" HPOS="1580"/>
<SP HEIGHT="44" WIDTH="32" VPOS="2591" HPOS="1752"/>
<String CONTENT="McGraw-Hill" HEIGHT="41" WIDTH="350" VPOS="2589" HPOS="1785"/>
<SP HEIGHT="38" WIDTH="31" VPOS="2590" HPOS="2136"/>
<String CONTENT="book" HEIGHT="39" WIDTH="121" VPOS="2590" HPOS="2168"/>
<SP HEIGHT="39" WIDTH="30" VPOS="2590" HPOS="2290"/>
<String CONTENT="co.," HEIGHT="37" WIDTH="82" VPOS="2600" HPOS="2321"/>
</TextLine>
<TextLine HEIGHT="48" WIDTH="440" VPOS="2646" HPOS="476">
<String CONTENT="inc." HEIGHT="41" WIDTH="91" VPOS="2646" HPOS="476"/>
<SP HEIGHT="47" WIDTH="65" VPOS="2647" HPOS="568"/>
<String CONTENT="(29-17774)" HEIGHT="48" WIDTH="282" VPOS="2646" HPOS="634"/>
</TextLine>
<TextLine HEIGHT="65" WIDTH="947" VPOS="2740" HPOS="406" STYLEREFS="StyleId-B4FF23AA-86CE-483D-B93C-15F1A0132F5D-" CS="1">
<String CS="1" CONTENT="D&#246;rner," HEIGHT="64" WIDTH="247" VPOS="2741" HPOS="406"/>
<SP HEIGHT="64" WIDTH="30" VPOS="2741" HPOS="654"/>
<String CONTENT="Karl," HEIGHT="65" WIDTH="163" VPOS="2740" HPOS="685"/>
<SP HEIGHT="58" WIDTH="33" VPOS="2747" HPOS="849"/>
<String CONTENT="1893-" HEIGHT="49" WIDTH="173" VPOS="2746" HPOS="883"/>
<SP HEIGHT="35" WIDTH="211" VPOS="2758" HPOS="1057"/>
<String CONTENT="ed." HEIGHT="52" WIDTH="84" VPOS="2741" HPOS="1269"/>
</TextLine>
<TextLine HEIGHT="132" WIDTH="1979" VPOS="2817" HPOS="402" STYLEREFS="StyleId-564CF5B5-E97B-4D70-AF39-2EA3CA3F62A6-" CS="1">
<String CONTENT="The" HEIGHT="53" WIDTH="124" VPOS="2818" HPOS="472"/>
<SP HEIGHT="34" WIDTH="33" VPOS="2837" HPOS="597"/>
<String CONTENT="children&#8217;s" HEIGHT="54" WIDTH="305" VPOS="2817" HPOS="631"/>
<SP HEIGHT="53" WIDTH="38" VPOS="2818" HPOS="937"/>
<String CONTENT="hour;" HEIGHT="61" WIDTH="174" VPOS="2818" HPOS="976"/>
<SP HEIGHT="42" WIDTH="42" VPOS="2837" HPOS="1151"/>
<String CONTENT="sermons" HEIGHT="35" WIDTH="252" VPOS="2836" HPOS="1194"/>
<SP HEIGHT="54" WIDTH="40" VPOS="2817" HPOS="1447"/>
<String CONTENT="for" HEIGHT="53" WIDTH="94" VPOS="2817" HPOS="1488"/>
<SP HEIGHT="46" WIDTH="38" VPOS="2824" HPOS="1583"/>
<String CONTENT="the" HEIGHT="53" WIDTH="97" VPOS="2818" HPOS="1622"/>
<SP HEIGHT="34" WIDTH="38" VPOS="2837" HPOS="1720"/>
<String CONTENT="children&#8217;s" HEIGHT="54" WIDTH="306" VPOS="2817" HPOS="1759"/>
<SP HEIGHT="33" WIDTH="38" VPOS="2838" HPOS="2066"/>
<String CONTENT="mass," HEIGHT="47" WIDTH="166" VPOS="2837" HPOS="2105"/>
<SP HEIGHT="46" WIDTH="41" VPOS="2838" HPOS="2272"/>
<String CONTENT="edited" HEIGHT="129" WIDTH="1979" VPOS="2820" HPOS="402"/>
</TextLine>
<TextLine HEIGHT="70" WIDTH="1850" VPOS="2895" HPOS="556" STYLEREFS="StyleId-564CF5B5-E97B-4D70-AF39-2EA3CA3F62A6-" CS="1">
<String CONTENT="by" HEIGHT="67" WIDTH="75" VPOS="2896" HPOS="556"/>
<SP HEIGHT="61" WIDTH="35" VPOS="2902" HPOS="632"/>
<String CONTENT="the" HEIGHT="53" WIDTH="96" VPOS="2895" HPOS="668"/>
<SP HEIGHT="52" WIDTH="34" VPOS="2896" HPOS="765"/>
<String CS="1" CONTENT="Rev." HEIGHT="33" WIDTH="82" VPOS="2914" HPOS="857"/>
<SP HEIGHT="51" WIDTH="36" VPOS="2896" HPOS="940"/>
<String CONTENT="Karl" HEIGHT="51" WIDTH="149" VPOS="2896" HPOS="977"/>
<SP HEIGHT="51" WIDTH="35" VPOS="2896" HPOS="1127"/>
<String CONTENT="Dorner;" HEIGHT="58" WIDTH="256" VPOS="2896" HPOS="1163"/>
<SP HEIGHT="39" WIDTH="39" VPOS="2915" HPOS="1420"/>
<String CONTENT="adapted" HEIGHT="68" WIDTH="251" VPOS="2896" HPOS="1460"/>
<SP HEIGHT="53" WIDTH="37" VPOS="2896" HPOS="1712"/>
<String CONTENT="into" HEIGHT="53" WIDTH="121" VPOS="2896" HPOS="1750"/>
<SP HEIGHT="53" WIDTH="39" VPOS="2896" HPOS="1872"/>
<String CONTENT="English" HEIGHT="69" WIDTH="247" VPOS="2896" HPOS="1912"/>
<SP HEIGHT="52" WIDTH="34" VPOS="2897" HPOS="2160"/>
<String CONTENT="by" HEIGHT="68" WIDTH="76" VPOS="2897" HPOS="2195"/>
<SP HEIGHT="62" WIDTH="37" VPOS="2903" HPOS="2272"/>
<String CONTENT="the" HEIGHT="52" WIDTH="96" VPOS="2897" HPOS="2310"/>
</TextLine>
<TextLine HEIGHT="69" WIDTH="1949" VPOS="2972" HPOS="458" STYLEREFS="StyleId-564CF5B5-E97B-4D70-AF39-2EA3CA3F62A6-" CS="1">
<String CS="1" CONTENT="Rev." HEIGHT="34" WIDTH="81" VPOS="2992" HPOS="458"/>
<SP HEIGHT="52" WIDTH="30" VPOS="2973" HPOS="540"/>
<String CONTENT="Andrew" HEIGHT="53" WIDTH="254" VPOS="2973" HPOS="571"/>
<SP HEIGHT="55" WIDTH="31" VPOS="2972" HPOS="826"/>
<String CONTENT="Schorr." HEIGHT="55" WIDTH="228" VPOS="2972" HPOS="858"/>
<SP HEIGHT="55" WIDTH="69" VPOS="2972" HPOS="1087"/>
<String CONTENT="St." HEIGHT="55" WIDTH="82" VPOS="2972" HPOS="1157"/>
<SP HEIGHT="52" WIDTH="29" VPOS="2974" HPOS="1240"/>
<String CONTENT="Louis," HEIGHT="67" WIDTH="193" VPOS="2974" HPOS="1270"/>
<SP HEIGHT="67" WIDTH="27" VPOS="2974" HPOS="1464"/>
<String CONTENT="Mo." HEIGHT="52" WIDTH="116" VPOS="2974" HPOS="1492"/>
<SP HEIGHT="33" WIDTH="31" VPOS="2993" HPOS="1609"/>
<String CONTENT="and" HEIGHT="52" WIDTH="114" VPOS="2975" HPOS="1641"/>
<SP HEIGHT="53" WIDTH="29" VPOS="2974" HPOS="1756"/>
<String CONTENT="London," HEIGHT="67" WIDTH="260" VPOS="2974" HPOS="1786"/>
<SP HEIGHT="66" WIDTH="31" VPOS="2975" HPOS="2047"/>
<String CONTENT="B." HEIGHT="51" WIDTH="67" VPOS="2975" HPOS="2079"/>
<SP HEIGHT="51" WIDTH="29" VPOS="2975" HPOS="2147"/>
<String CONTENT="Herder" HEIGHT="52" WIDTH="230" VPOS="2975" HPOS="2177"/>
</TextLine>
<TextLine HEIGHT="68" WIDTH="457" VPOS="3051" HPOS="401" STYLEREFS="StyleId-564CF5B5-E97B-4D70-AF39-2EA3CA3F62A6-">
<String CONTENT="book" HEIGHT="53" WIDTH="147" VPOS="3051" HPOS="401"/>
<SP HEIGHT="54" WIDTH="27" VPOS="3051" HPOS="549"/>
<String CONTENT="co.," HEIGHT="49" WIDTH="98" VPOS="3070" HPOS="577"/>
<SP HEIGHT="64" WIDTH="30" VPOS="3055" HPOS="676"/>
<String CONTENT="1929." HEIGHT="50" WIDTH="151" VPOS="3054" HPOS="707"/>
</TextLine>
<TextLine HEIGHT="50" WIDTH="436" VPOS="3132" HPOS="473" STYLEREFS="StyleId-564CF5B5-E97B-4D70-AF39-2EA3CA3F62A6-" CS="1">
<String CONTENT="v," HEIGHT="37" WIDTH="43" VPOS="3144" HPOS="473"/>
<SP HEIGHT="47" WIDTH="26" VPOS="3134" HPOS="517"/>
<String CONTENT="337" HEIGHT="42" WIDTH="87" VPOS="3133" HPOS="544"/>
<SP HEIGHT="48" WIDTH="25" VPOS="3134" HPOS="632"/>
<String CONTENT="p." HEIGHT="37" WIDTH="43" VPOS="3145" HPOS="658"/>
<SP HEIGHT="41" WIDTH="57" VPOS="3133" HPOS="702"/>
<String CS="1" CONTENT="19&#189;&#7580;&#7504;." HEIGHT="43" WIDTH="149" VPOS="3132" HPOS="760"/>
</TextLine>
<TextLine HEIGHT="49" WIDTH="1932" VPOS="3202" HPOS="477">
<String CONTENT="Originally" HEIGHT="48" WIDTH="273" VPOS="3202" HPOS="477"/>
<SP HEIGHT="37" WIDTH="24" VPOS="3213" HPOS="751"/>
<String CONTENT="published" HEIGHT="48" WIDTH="257" VPOS="3202" HPOS="776"/>
<SP HEIGHT="41" WIDTH="21" VPOS="3202" HPOS="1034"/>
<String CONTENT="in" HEIGHT="40" WIDTH="51" VPOS="3202" HPOS="1056"/>
<SP HEIGHT="40" WIDTH="26" VPOS="3203" HPOS="1108"/>
<String CONTENT="Germany" HEIGHT="47" WIDTH="243" VPOS="3203" HPOS="1135"/>
<SP HEIGHT="36" WIDTH="23" VPOS="3214" HPOS="1379"/>
<String CONTENT="under" HEIGHT="39" WIDTH="156" VPOS="3204" HPOS="1403"/>
<SP HEIGHT="38" WIDTH="23" VPOS="3205" HPOS="1560"/>
<String CONTENT="the" HEIGHT="40" WIDTH="83" VPOS="3204" HPOS="1584"/>
<SP HEIGHT="30" WIDTH="23" VPOS="3214" HPOS="1668"/>
<String CONTENT="cooperation" HEIGHT="49" WIDTH="311" VPOS="3202" HPOS="1692"/>
<SP HEIGHT="30" WIDTH="25" VPOS="3213" HPOS="2004"/>
<String CONTENT="of" HEIGHT="41" WIDTH="54" VPOS="3202" HPOS="2030"/>
<SP HEIGHT="41" WIDTH="21" VPOS="3202" HPOS="2085"/>
<String CONTENT="Konstantin" HEIGHT="42" WIDTH="302" VPOS="3203" HPOS="2107"/>
</TextLine>
<TextLine HEIGHT="105" WIDTH="1986" VPOS="3260" HPOS="406" CS="1">
<String CONTENT="Brettle," HEIGHT="47" WIDTH="201" VPOS="3261" HPOS="407"/>
<SP HEIGHT="48" WIDTH="32" VPOS="3260" HPOS="609"/>
<String CONTENT="Franz" HEIGHT="40" WIDTH="160" VPOS="3260" HPOS="642"/>
<SP HEIGHT="40" WIDTH="31" VPOS="3260" HPOS="803"/>
<String CONTENT="Joseph" HEIGHT="48" WIDTH="183" VPOS="3260" HPOS="835"/>
<SP HEIGHT="39" WIDTH="31" VPOS="3261" HPOS="1019"/>
<String CONTENT="Brecht" HEIGHT="40" WIDTH="180" VPOS="3261" HPOS="1051"/>
<SP HEIGHT="38" WIDTH="30" VPOS="3262" HPOS="1232"/>
<String CONTENT="and" HEIGHT="39" WIDTH="97" VPOS="3261" HPOS="1263"/>
<SP HEIGHT="39" WIDTH="31" VPOS="3261" HPOS="1361"/>
<String CONTENT="Franz" HEIGHT="39" WIDTH="160" VPOS="3261" HPOS="1393"/>
<SP HEIGHT="39" WIDTH="29" VPOS="3261" HPOS="1554"/>
<String CONTENT="Xaver" HEIGHT="39" WIDTH="168" VPOS="3261" HPOS="1584"/>
<SP HEIGHT="39" WIDTH="30" VPOS="3261" HPOS="1753"/>
<String CONTENT="Huber" HEIGHT="39" WIDTH="170" VPOS="3261" HPOS="1784"/>
<SP HEIGHT="29" WIDTH="30" VPOS="3271" HPOS="1955"/>
<String CONTENT="and" HEIGHT="40" WIDTH="96" VPOS="3261" HPOS="1986"/>
<SP HEIGHT="40" WIDTH="31" VPOS="3261" HPOS="2083"/>
<String CONTENT="the" HEIGHT="39" WIDTH="82" VPOS="3262" HPOS="2115"/>
<SP HEIGHT="29" WIDTH="34" VPOS="3272" HPOS="2198"/>
<String CONTENT="editorship" HEIGHT="104" WIDTH="1986" VPOS="3261" HPOS="406"/>
</TextLine>
<TextLine HEIGHT="49" WIDTH="1667" VPOS="3315" HPOS="543" CS="1">
<String CONTENT="of" HEIGHT="40" WIDTH="55" VPOS="3317" HPOS="543"/>
<SP HEIGHT="40" WIDTH="24" VPOS="3317" HPOS="599"/>
<String CONTENT="Mr." HEIGHT="40" WIDTH="90" VPOS="3318" HPOS="624"/>
<SP HEIGHT="40" WIDTH="29" VPOS="3318" HPOS="715"/>
<String CONTENT="Dorner." HEIGHT="40" WIDTH="205" VPOS="3318" HPOS="745"/>
<SP HEIGHT="30" WIDTH="59" VPOS="3328" HPOS="951"/>
<String CONTENT="cf." HEIGHT="47" WIDTH="61" VPOS="3317" HPOS="1011"/>
<SP HEIGHT="41" WIDTH="29" VPOS="3317" HPOS="1073"/>
<String CONTENT="Deutsches" HEIGHT="40" WIDTH="272" VPOS="3317" HPOS="1103"/>
<SP HEIGHT="40" WIDTH="27" VPOS="3317" HPOS="1376"/>
<String CS="1" CONTENT="b&#252;cherverzeichnis," HEIGHT="48" WIDTH="498" VPOS="3316" HPOS="1404"/>
<SP HEIGHT="47" WIDTH="30" VPOS="3317" HPOS="1903"/>
<String CONTENT="1921-1925." HEIGHT="42" WIDTH="276" VPOS="3315" HPOS="1934"/>
</TextLine>
<TextLine HEIGHT="53" WIDTH="1991" VPOS="3383" HPOS="416">
<String CONTENT="&#169;" HEIGHT="53" WIDTH="51" VPOS="3383" HPOS="416"/>
<SP HEIGHT="53" WIDTH="34" VPOS="3383" HPOS="468"/>
<String CONTENT="Aug." HEIGHT="48" WIDTH="120" VPOS="3388" HPOS="503"/>
<SP HEIGHT="39" WIDTH="34" VPOS="3389" HPOS="624"/>
<String CONTENT="22," HEIGHT="46" WIDTH="69" VPOS="3389" HPOS="659"/>
<SP HEIGHT="46" WIDTH="34" VPOS="3389" HPOS="729"/>
<String CONTENT="1929:" HEIGHT="42" WIDTH="140" VPOS="3388" HPOS="764"/>
<SP HEIGHT="41" WIDTH="36" VPOS="3389" HPOS="905"/>
<String CONTENT="2c." HEIGHT="41" WIDTH="70" VPOS="3389" HPOS="942"/>
<SP HEIGHT="30" WIDTH="34" VPOS="3400" HPOS="1013"/>
<String CONTENT="and" HEIGHT="39" WIDTH="97" VPOS="3390" HPOS="1048"/>
<SP HEIGHT="39" WIDTH="32" VPOS="3390" HPOS="1146"/>
<String CONTENT="aff." HEIGHT="42" WIDTH="83" VPOS="3388" HPOS="1179"/>
<SP HEIGHT="42" WIDTH="34" VPOS="3388" HPOS="1263"/>
<String CONTENT="Aug." HEIGHT="47" WIDTH="121" VPOS="3388" HPOS="1298"/>
<SP HEIGHT="40" WIDTH="34" VPOS="3389" HPOS="1420"/>
<String CONTENT="26;" HEIGHT="46" WIDTH="82" VPOS="3388" HPOS="1455"/>
<SP HEIGHT="46" WIDTH="36" VPOS="3388" HPOS="1538"/>
<!-- cceid A32A1D70-6CFA-1014-9C3C-CEA95E7AA542 --><String CONTENT="A" HEIGHT="39" WIDTH="41" VPOS="3388" HPOS="1575"/>
<SP HEIGHT="39" WIDTH="33" VPOS="3388" HPOS="1617"/>
<String CONTENT="10965;" HEIGHT="47" WIDTH="172" VPOS="3387" HPOS="1651"/>
<SP HEIGHT="45" WIDTH="38" VPOS="3389" HPOS="1824"/>
<String CONTENT="B." HEIGHT="39" WIDTH="54" VPOS="3389" HPOS="1863"/>
<SP HEIGHT="39" WIDTH="35" VPOS="3389" HPOS="1918"/>
<String CONTENT="Herder" HEIGHT="41" WIDTH="190" VPOS="3388" HPOS="1954"/>
<SP HEIGHT="38" WIDTH="33" VPOS="3389" HPOS="2145"/>
<String CONTENT="book" HEIGHT="39" WIDTH="122" VPOS="3388" HPOS="2179"/>
<SP HEIGHT="40" WIDTH="36" VPOS="3388" HPOS="2302"/>
<String CONTENT="co." HEIGHT="30" WIDTH="68" VPOS="3398" HPOS="2339"/>
</TextLine>
<TextLine HEIGHT="49" WIDTH="280" VPOS="3443" HPOS="490">
<String CONTENT="(29-17736)" HEIGHT="49" WIDTH="280" VPOS="3443" HPOS="490"/>
</TextLine>
<TextLine HEIGHT="63" WIDTH="643" VPOS="3538" HPOS="413" STYLEREFS="StyleId-B4FF23AA-86CE-483D-B93C-15F1A0132F5D-">
<String CONTENT="Drennan," HEIGHT="63" WIDTH="299" VPOS="3538" HPOS="413"/>
<SP HEIGHT="62" WIDTH="29" VPOS="3539" HPOS="713"/>
<String CONTENT="Carl" HEIGHT="54" WIDTH="135" VPOS="3538" HPOS="743"/>
<SP HEIGHT="52" WIDTH="24" VPOS="3538" HPOS="879"/>
<String CONTENT="Mac." HEIGHT="53" WIDTH="152" VPOS="3539" HPOS="904"/>
</TextLine>
<TextLine HEIGHT="148" WIDTH="1973" VPOS="3616" HPOS="414" STYLEREFS="StyleId-564CF5B5-E97B-4D70-AF39-2EA3CA3F62A6-" CS="1">
<String CONTENT="Enginemen&#8217;s" HEIGHT="69" WIDTH="402" VPOS="3616" HPOS="484"/>
<SP HEIGHT="50" WIDTH="30" VPOS="3634" HPOS="887"/>
<String CONTENT="questions" HEIGHT="67" WIDTH="289" VPOS="3617" HPOS="918"/>
<SP HEIGHT="52" WIDTH="27" VPOS="3619" HPOS="1208"/>
<String CONTENT="&amp;" HEIGHT="49" WIDTH="46" VPOS="3619" HPOS="1236"/>
<SP HEIGHT="50" WIDTH="30" VPOS="3619" HPOS="1283"/>
<String CONTENT="answers." HEIGHT="35" WIDTH="261" VPOS="3635" HPOS="1314"/>
<SP HEIGHT="51" WIDTH="74" VPOS="3617" HPOS="1576"/>
<String CONTENT="Firemen&#8217;s" HEIGHT="54" WIDTH="311" VPOS="3617" HPOS="1651"/>
<SP HEIGHT="54" WIDTH="32" VPOS="3617" HPOS="1963"/>
<String CONTENT="first" HEIGHT="53" WIDTH="125" VPOS="3617" HPOS="1996"/>
<SP HEIGHT="62" WIDTH="28" VPOS="3624" HPOS="2122"/>
<String CONTENT="year" HEIGHT="51" WIDTH="136" VPOS="3635" HPOS="2151"/>
<SP HEIGHT="34" WIDTH="30" VPOS="3635" HPOS="2288"/>
<String CONTENT="examination;" HEIGHT="126" WIDTH="1973" VPOS="3634" HPOS="414"/>
<SP HEIGHT="47" WIDTH="33" VPOS="3713" HPOS="758"/>
<String CONTENT="second" HEIGHT="52" WIDTH="204" VPOS="3696" HPOS="792"/>
<SP HEIGHT="68" WIDTH="28" VPOS="3696" HPOS="997"/>
<String CONTENT="year" HEIGHT="51" WIDTH="137" VPOS="3713" HPOS="1026"/>
</TextLine>
<TextLine HEIGHT="70" WIDTH="1215" VPOS="3692" HPOS="1196" STYLEREFS="StyleId-564CF5B5-E97B-4D70-AF39-2EA3CA3F62A6-">
<String CONTENT="examination;" HEIGHT="65" WIDTH="414" VPOS="3695" HPOS="1196"/>
<SP HEIGHT="59" WIDTH="32" VPOS="3701" HPOS="1611"/>
<String CONTENT="third" HEIGHT="53" WIDTH="161" VPOS="3695" HPOS="1644"/>
<SP HEIGHT="66" WIDTH="31" VPOS="3696" HPOS="1806"/>
<String CONTENT="year" HEIGHT="48" WIDTH="135" VPOS="3714" HPOS="1838"/>
<SP HEIGHT="33" WIDTH="31" VPOS="3715" HPOS="1974"/>
<String CONTENT="examination." HEIGHT="56" WIDTH="405" VPOS="3692" HPOS="2006"/>
</TextLine>
<TextLine HEIGHT="68" WIDTH="1995" VPOS="3771" HPOS="417" STYLEREFS="StyleId-564CF5B5-E97B-4D70-AF39-2EA3CA3F62A6-" CS="1">
<String CONTENT="3d" HEIGHT="50" WIDTH="71" VPOS="3775" HPOS="417"/>
<SP HEIGHT="50" WIDTH="26" VPOS="3775" HPOS="489"/>
<String CONTENT="ed." HEIGHT="53" WIDTH="84" VPOS="3772" HPOS="516"/>
<SP HEIGHT="10" WIDTH="34" VPOS="3815" HPOS="601"/>
<String CS="1" CONTENT="&#8230;"/>
<SP HEIGHT="53" WIDTH="77" VPOS="3771" HPOS="692"/>
<String CONTENT="Answers" HEIGHT="55" WIDTH="270" VPOS="3771" HPOS="770"/>
<SP HEIGHT="53" WIDTH="21" VPOS="3773" HPOS="1041"/>
<String CONTENT="by" HEIGHT="65" WIDTH="77" VPOS="3773" HPOS="1063"/>
<SP HEIGHT="66" WIDTH="28" VPOS="3772" HPOS="1141"/>
<String CONTENT="C." HEIGHT="55" WIDTH="61" VPOS="3772" HPOS="1170"/>
<SP HEIGHT="52" WIDTH="26" VPOS="3773" HPOS="1232"/>
<String CONTENT="M." HEIGHT="52" WIDTH="80" VPOS="3773" HPOS="1259"/>
<SP HEIGHT="52" WIDTH="25" VPOS="3773" HPOS="1340"/>
<String CONTENT="Drennan" HEIGHT="52" WIDTH="276" VPOS="3773" HPOS="1366"/>
<SP HEIGHT="33" WIDTH="32" VPOS="3792" HPOS="1643"/>
<String CS="1" CONTENT="&#8230;"/>
<SP HEIGHT="33" WIDTH="84" VPOS="3805" HPOS="1733"/>
<String CONTENT="[Fort" HEIGHT="65" WIDTH="159" VPOS="3773" HPOS="1818"/>
<SP HEIGHT="54" WIDTH="24" VPOS="3772" HPOS="1978"/>
<String CONTENT="Worth," HEIGHT="64" WIDTH="226" VPOS="3772" HPOS="2003"/>
<SP HEIGHT="63" WIDTH="25" VPOS="3773" HPOS="2230"/>
<String CONTENT="Tex.," HEIGHT="66" WIDTH="156" VPOS="3773" HPOS="2256"/>
</TextLine>
<TextLine HEIGHT="68" WIDTH="1691" VPOS="3849" HPOS="415" STYLEREFS="StyleId-564CF5B5-E97B-4D70-AF39-2EA3CA3F62A6-" CS="1">
<String CONTENT="Printed" HEIGHT="53" WIDTH="242" VPOS="3849" HPOS="415"/>
<SP HEIGHT="52" WIDTH="29" VPOS="3850" HPOS="658"/>
<String CONTENT="by" HEIGHT="66" WIDTH="77" VPOS="3850" HPOS="688"/>
<SP HEIGHT="61" WIDTH="26" VPOS="3855" HPOS="766"/>
<String CONTENT="the" HEIGHT="54" WIDTH="95" VPOS="3850" HPOS="793"/>
<SP HEIGHT="54" WIDTH="32" VPOS="3850" HPOS="889"/>
<String CONTENT="Fort" HEIGHT="52" WIDTH="144" VPOS="3850" HPOS="922"/>
<SP HEIGHT="52" WIDTH="26" VPOS="3850" HPOS="1067"/>
<String CONTENT="Worth" HEIGHT="53" WIDTH="206" VPOS="3850" HPOS="1094"/>
<SP HEIGHT="51" WIDTH="31" VPOS="3850" HPOS="1301"/>
<String CONTENT="vocational" HEIGHT="53" WIDTH="324" VPOS="3850" HPOS="1333"/>
<SP HEIGHT="51" WIDTH="29" VPOS="3852" HPOS="1658"/>
<String CONTENT="school]" HEIGHT="66" WIDTH="207" VPOS="3851" HPOS="1688"/>
<SP HEIGHT="61" WIDTH="35" VPOS="3856" HPOS="1896"/>
<String STYLE="superscript" CS="1" CONTENT="&#7580;1"/>
<String CONTENT="929." HEIGHT="50" WIDTH="117" VPOS="3853" HPOS="1989"/>
</TextLine>
<TextLine HEIGHT="47" WIDTH="356" VPOS="3929" HPOS="477" CS="1">
<String CONTENT="118" HEIGHT="40" WIDTH="85" VPOS="3929" HPOS="477"/>
<SP HEIGHT="47" WIDTH="24" VPOS="3929" HPOS="563"/>
<String CONTENT="p." HEIGHT="36" WIDTH="43" VPOS="3940" HPOS="588"/>
<SP HEIGHT="39" WIDTH="54" VPOS="3930" HPOS="632"/>
<String CS="1" CONTENT="15&#189;&#7580;&#7504;." HEIGHT="40" WIDTH="146" VPOS="3930" HPOS="687"/>
</TextLine>
</TextBlock>
</PrintSpace>
</Page>
</Layout>
</alto>