2533 4342
1367 3988 136 51 1904

472 422 797 50 viii, 244 p. front. illus. 22½ ᶜᵐ.
474 479 378 49 Bibliography:
889 489 44 38 p.
966 478 219 41 233-236.

414 533 52 52 ©
492 537 119 41 Nov.
637 537 71 48 21,
735 535 141 48 1929;
905 536 68 41 2c.
1002 535 118 42 Nov.
1148 535 56 39 25;
1262 534 83 41 aff.
1372 535 119 40 Nov.
1518 535 82 47 23;
1630 535 43 39 A
1701 534 170 48 16069;
1902 535 192 40 Ronald
2121 545 136 38 press
2286 543 68 31 co.

491 592 280 51 (29-27918)

406 671 280 66 Jeffreys,
712 671 243 65 Harold,
986 677 173 49 1891-

476 747 1938 72 The future of the earth, by Harold Jeffreys … New York,
404 827 90 55 W.
520 828 89 55 AY.
635 828 225 53 Norton
884 831 46 49 &
955 844 300 52 company,
1281 827 108 54 inc.
1529 831 85 63 [ᶜ1929]

477 907 1027 50 79 p. 17 ᶜᵐ. [The new science series]
480 964 162 41 “First
672 963 229 42 edition.”

758 1021 162 39 CONTENTS.—The
955 1020 171 40 future
1160 1020 53 40 of
1247 1021 82 40 the
1363 1020 270 40 sun.—The
1669 1019 190 49 cooling
1892 1020 53 40 of
1978 1021 81 39 the
2095 1019 322 41 earth.—The

407 1077 172 42 future
601 1077 53 42 of
680 1078 86 41 the
788 1087 157 32 moon.

417 1132 52 52 ©
499 1136 102 41 Oct.
628 1134 71 49 30,
727 1134 119 41 1929;
899 1134 67 41 2c.
996 1134 119 40 Nov.
1145 1134 25 41 8;
1229 1133 83 41 aff.
1341 1134 119 41 Nov.
1490 1135 29 39 7;
1574 1133 44 39 A
1643 1133 147 41 15588;
1847 1134 72 41 W.
1949 1134 71 40 W.
2051 1133 187 40 Norton
2267 1132 37 40 &
2333 1141 83 39 co.,

483 1191 91 42 inc.
645 1190 281 50 (29-27788)

415 1268 258 70 [Keefer,
703 1267 146 55 Glen
880 1266 196 69 Elgin]

484 1344 175 56 God’s
700 1344 140 53 final
882 1362 378 51 messengers;
1306 1363 82 48 or,
1431 1344 319 53 Pharaoh’s
1793 1362 109 49 cup
1947 1343 239 67 refilled,
2229 1343 76 70 by
2388 1361 31 34 "a

410 1420 1806 70 business man” … Westport, Conn., G. E. Keefer [ᶜ1929]
483 1503 85 41 249
598 1514 45 38 p.
702 1503 181 48 diagrs.
943 1503 57 41 19½ᶜᵐ.

418 1557 52 52 ©
497 1562 120 40 Nov.
645 1561 40 49 8,
712 1560 115 41 1929;
883 1562 68 40 2c.
979 1562 98 39 and
1105 1559 83 42 aff.
1216 1561 119 39 Nov.
1363 1560 58 40 20;
1477 1560 44 39 A
1547 1559 145 42 15965;
1753 1560 53 42 G.
1836 1562 53 39 E.
1919 1559 196 42 Keefer.

498 1616 282 51 (29-27803)

411 1698 254 65 Kinney,
694 1698 176 65 Troy,
902 1700 173 52 1871-

484 1775 122 53 The
632 1774 259 70 etchings
916 1773 65 54 of
1008 1775 156 68 Troy
1192 1774 251 70 Kinney.
1507 1774 235 55 Garden
1772 1774 153 69 City,
1954 1774 71 53 N.
2055 1774 91 68 Y.,
415 1774 1983 147 Doubleday,
571 1853 201 52 Doran
799 1853 115 52 and
940 1870 301 51 company,
1269 1852 128 68 inc.,
1426 1855 152 50 1929.

487 1932 676 43 80 p., 1 l. incl. 25 pl. 31 ᶜᵐ.
489 1990 103 40 “An
618 1989 185 42 edition
830 1990 53 40 of
908 1989 88 41 990
1022 1989 204 48 copies.”
1290 1989 178 49 Signed:
1526 1990 130 48 Troy
1685 1989 207 49 Kinney.

490 2047 158 47 “Troy
670 2046 209 48 Kinney,
904 2046 61 48 by
990 2046 159 48 Royal
1175 2045 275 42 Cortissoz”:
1505 2057 43 38 p.
1575 2046 55 41 13;
1688 2046 129 41 “The
1844 2045 158 49 pencil
2029 2047 97 39 and
2151 2047 83 40 the
2259 2047 168 45 dance,

419 2103 61 48 by
508 2103 130 47 Troy
666 2102 225 48 Kinney”:
951 2113 44 37 p.
1027 2101 145 41 15-20;
1234 2102 70 39 “A
1333 2103 256 47 catalogue
1622 2102 230 40 raisonné
1881 2102 52 40 of
1965 2103 82 40 the
2079 2101 221 49 etchings
2331 2102 97 40 and

420 2159 254 49 drypoints
705 2159 53 40 of
786 2159 129 47 Troy
945 2158 208 49 Kinney,
1185 2159 62 47 by
1280 2159 252 48 Margaret
1565 2160 70 39 W.
1669 2158 224 48 Kinney”:
1957 2169 42 38 p.
2036 2157 190 51 [75]-80.

422 2213 52 52 ©
503 2217 102 41 Oct.
632 2217 70 48 25,
730 2216 114 41 1929;
900 2217 68 40 2c.
999 2217 96 40 and
1123 2215 82 42 aff.
1234 2216 103 42 Oct.
1364 2217 56 40 31;
1476 2217 44 38 A
1544 2216 146 41 14523;
1748 2216 301 48 Doubleday,
2080 2216 168 40 Doran
2276 2215 38 40 &
2341 2225 82 37 co.,

492 2273 92 41 inc.
654 2272 281 50 (29-27654)

418 2352 282 65 Leacock,
728 2352 264 64 Stephen
1019 2353 228 65 Butler,
1276 2358 172 50 1869-

489 2433 122 53 The
643 2430 129 55 iron
801 2450 135 35 man
967 2434 48 51 &
1043 2433 98 53 the
1173 2433 85 53 tin
1292 2451 241 51 woman,
1563 2432 144 53 with
1737 2432 164 55 other
1931 2433 138 53 such
2102 2430 325 69 futurities;

420 2530 32 34 a
481 2510 150 54 book
658 2510 65 54 of
750 2510 152 54 little
930 2510 257 55 sketches
1217 2510 66 55 of
1310 2511 203 70 to-day
1542 2513 116 52 and
1686 2516 351 63 to-morrow,
2065 2510 78 70 by
2176 2508 256 69 Stephen

419 2588 269 54 Leacock.
763 2588 140 53 New
937 2588 183 69 York,
1153 2588 193 70 Dodd,
1380 2588 173 54 Mead
1589 2590 114 52 and
1738 2604 299 54 company,
2074 2591 151 50 1929.

489 2668 576 49 vi p., 1 l., 309 p. 19½ ᶜᵐ.
428 2722 52 52 ©
508 2726 119 40 Nov.
654 2725 71 48 22,
753 2724 115 41 1929;
925 2725 70 41 2c.
1024 2726 96 39 and
1148 2724 83 42 aff.
1260 2726 119 40 Nov.
1407 2725 59 41 27;
1522 2725 42 40 A
1592 2725 147 41 17060;
1796 2726 156 47 Dodd,
1984 2726 145 39 Mead
2157 2725 37 40 &
2223 2734 82 38 co.,
2337 2725 91 41 inc.

506 2780 280 51 (29-27937)

421 2860 79 52 Le
532 2860 136 65 Gro,
695 2859 211 55 Albert
935 2861 242 65 Leland,
1209 2862 173 55 1875-

494 2938 287 56 Ceramics
812 2940 60 51 in
905 2939 314 69 dentistry;
1253 2958 32 33 a
1315 2944 123 48 text
1465 2940 149 53 book
1646 2940 234 69 dealing
1909 2941 143 52 with
2080 2941 98 52 the
422 2940 1984 129 manipulation

675 3015 65 53 of
770 3016 311 70 porcelain,
1111 3017 97 52 the
1240 3017 300 68 technique
1573 3018 114 51 and
1720 3017 389 53 construction
2141 3016 66 53 of
423 3035 1984 110 porcelain

574 3093 191 68 jacket
797 3111 220 35 crowns
1053 3093 95 52 for
1181 3094 145 52 vital
1360 3095 113 52 and
1508 3094 256 68 pulpless
1797 3095 172 67 teeth,
2004 3095 114 52 and
2149 3095 98 52 the
423 3094 1985 145 technique
633 3170 65 53 of

735 3169 190 71 filling
961 3172 155 51 teeth
1155 3171 142 52 with
1339 3171 291 68 porcelain
1671 3172 203 68 inlays.
1950 3174 93 67 By
2081 3171 207 54 Albert
424 3172 1983 130 Leland

425 3248 1983 131 Le Gro … 2d ed., enl. to 344 pages, and 333 illustrations.
667 3326 316 70 Brooklyn,
1021 3328 71 52 N.
1133 3328 91 65 Y.,
1264 3327 212 52 Dental
1516 3328 166 52 items
1719 3326 66 53 of
1821 3325 237 55 interest
2096 3324 336 72 publishing

425 3421 98 52 co.,
554 3404 127 67 inc.,
716 3407 151 51 1929.

496 3483 982 50 xiv p., 1 l., 344 p. illus., diagr. 24 ᶜᵐ.
434 3537 52 52 ©
513 3542 118 40 Nov.
657 3541 69 49 15,
752 3541 118 40 1929;
921 3541 68 40 2c.
1016 3542 97 39 and
1138 3540 83 41 aff.
1247 3541 118 40 Nov.
1390 3541 57 39 21;
1502 3541 44 39 A
1569 3540 146 41 14932;
1771 3541 181 40 Dental
1977 3541 144 40 items
2148 3540 51 42 of
2225 3540 207 40 interest

503 3598 110 48 pub.
643 3608 82 36 co.,
754 3597 90 41 inc.
916 3597 282 50 (29-27778)

427 3675 238 65 Levine,
696 3676 236 54 Samuel
961 3677 231 64 Albert,
1225 3682 172 50 1891-

562 3753 1873 71 … Coronary thrombosis: its various clinical features, by
432 3829 2003 70 Samuel A. Levine … Baltimore, The Williams & Wilkins
428 3926 298 52 company,
757 3912 151 50 1929.
