2542 4389
1054 4056 132 52 1373

104 394 244 62 Roland,
380 391 166 56 Paul.

176 471 303 54 Mountain
527 471 163 67 Rose,
733 470 75 68 by
854 468 145 53 Paul
1050 468 243 52 Roland.
1367 465 248 69 Detroit,
1660 465 120 52 The
1825 462 277 68 Whipple

108 552 384 68 press [ ᶜ1 929]
170 631 57 41 39
253 642 43 38 p.
356 629 56 41 22½ᶜᵐ.

107 699 51 53 ©
189 703 120 47 Aug.
340 702 40 48 2,
413 701 116 40 1929;
587 700 67 42 2c.
687 701 96 39 and
814 699 82 40 aff.
929 698 120 50 Aug.
1083 698 26 40 5;
1171 699 40 38 A
1243 698 143 40 11652;
1450 698 50 39 P.
1535 696 203 48 Roland,
1775 695 207 40 Detroit.

181 757 280 50 (29-18329)

106 854 229 64 Romig,
369 854 201 64 Edgar
602 851 303 64 Franklin,
940 855 172 52 1890-

177 934 119 55 The
337 937 394 65 tercentenary
770 950 165 50 year;
978 950 28 33 a
1049 932 196 51 record
1287 929 64 54 of
1389 931 95 51 the
1524 927 342 55 celebration
1907 926 64 52 of
2006 925 97 53 the

105 1013 156 52 three
312 1011 330 53 hundredth
695 1008 373 70 anniversary
1119 1009 65 51 of
1232 1009 97 51 the
1381 1005 289 71 founding
1719 1005 66 53 of
1835 1005 94 52 the
1981 1003 125 54 first

106 1091 210 52 church
343 1089 58 53 in
430 1090 138 52 New
596 1088 374 66 Netherland,
996 1104 126 34 now
1151 1086 139 52 New
1320 1085 181 67 York,
1530 1085 110 54 and
1668 1085 95 52 the
1789 1082 317 69 beginning

107 1168 64 52 of
225 1167 306 69 organized
588 1165 272 69 religious
916 1163 105 55 life
1076 1165 183 52 under
1313 1164 95 53 the
1464 1161 310 55 Reformed
1846 1159 248 69 (Dutch)

108 1247 211 52 church
362 1245 59 54 in
464 1245 284 67 America,
787 1244 132 52 held
963 1243 181 53 under
1185 1243 95 52 the
1323 1241 256 68 auspices
1619 1241 63 53 of
1723 1241 95 53 the
1860 1239 246 56 General

109 1325 198 67 synod,
353 1323 68 55 R.
470 1322 62 55 C.
579 1322 90 68 A.,
758 1363 9 9 A.
854 1365 9 9 D.
915 1322 162 64 1928;
1126 1322 282 66 prepared
1455 1320 76 68 by
1578 1318 200 70 Edgar
1823 1317 281 53 Franklin

108 1396 1796 75 Romig … 1628-1928. [New York] The Church, 1929.
242 1515 8 16 xv,
286 1483 85 42 542
404 1492 43 38 p.
522 1482 163 46 front.,
721 1480 130 42 illus.
880 1479 134 48 (incl.
1050 1479 167 47 music,
1250 1479 137 48 map)
1430 1480 158 47 plates
1616 1479 48 48 (2
1701 1479 199 45 double)
1942 1480 163 46 ports.,

103 1538 333 44 facsims. 25½ ᶜᵐ.
107 1607 53 53 ©
224 1622 94 28 June
346 1611 42 48 3,
418 1609 142 47 1929;
592 1610 69 38 2c.
693 1609 129 40 June
851 1608 83 47 26;
968 1606 84 42 aff.
1084 1608 117 46 July
1232 1608 46 38 31;
1347 1608 41 38 A
1421 1606 170 47 13049;
1626 1607 204 39 General
1866 1607 152 44 synod
2051 1605 54 39 of

176 1668 81 40 the
287 1666 261 42 Reformed
579 1666 180 40 church
788 1666 53 39 in
869 1665 239 41 America.
1178 1664 281 48 (29-18347)

108 1761 331 62 Roosevelt,
469 1761 321 58 Theodore,
824 1763 169 52 1887-

174 1841 100 52 All
306 1840 61 53 in
396 1840 95 52 the
526 1838 224 70 family,
782 1839 77 67 by
890 1839 296 53 Theodore
1217 1837 330 65 Roosevelt;
1584 1837 134 54 with
1760 1841 63 50 16
104 1837 1978 135 illustrations.

346 1918 138 53 New
518 1918 180 54 York.
731 1916 259 59 London,
1023 1917 69 54 G.
1128 1919 65 51 P.
1229 1916 298 53 Putnam’s
1561 1933 146 48 sons,
1744 1919 151 49 1929.

176 2001 60 45 vi,
265 2001 86 40 189
377 2010 43 38 p.
481 1999 162 47 front.,
674 2011 76 36 pl.,
780 2002 149 45 ports.
990 1999 55 38 22½ᶜᵐ.

110 2067 51 53 ©
193 2073 128 47 Sept.
348 2073 40 46 6,
416 2071 140 41 1929;
585 2072 67 40 2c.
680 2072 93 39 and
805 2071 82 40 aff.
919 2070 128 49 Sept.
1077 2072 25 38 7;
1160 2070 36 39 A
1227 2069 143 41 13064;
1430 2070 50 40 T.
1516 2070 267 41 Roosevelt.
1813 2070 116 38 New
1963 2070 141 39 York.

186 2127 282 50 (29-18407)

111 2223 182 64 Ruck,
323 2223 201 55 Berta.

175 2302 121 52 The
342 2300 268 55 unkissed
657 2301 181 56 bride,
886 2301 73 66 by
1009 2302 175 50 Berta
1234 2300 176 52 Ruck.
1506 2299 136 53 New
1689 2299 181 56 York,
1919 2299 190 65 Dodd,

106 2379 170 54 Mead
307 2383 46 50 &
385 2397 97 50 co.,
515 2382 148 50 1929.

177 2459 486 51 viii, 350 p. 19p ᶜᵐ .
114 2526 1994 55 © Sept. 6, 1929; 2c. Sept. 11; aff. Sept. 12; A 12273; B . R. Oliver. Glewer
182 2589 169 47 Green,
382 2589 240 43 Windsor.
655 2591 168 41 Berks,
856 2588 238 49 England.
1164 2587 280 49 (29-18419)
1904 2585 119 42 9005

110 2683 243 65 Schnee,
386 2683 304 65 Heinrich,
724 2690 171 48 1871-

180 2763 453 55 Nationalismus
667 2765 114 52 und
842 2763 442 70 imperialismus,
1318 2781 106 34 von
1460 2765 84 51 dr.
1580 2760 277 54 Heinrich
1896 2759 217 53 Schnee

173 2840 928 71 … Berlin, R. Hobbing [ ᶜ1 928]
176 2922 96 43 xvi,
303 2923 87 40 375
420 2933 42 36 p.
523 2923 54 40 23½ᶜᵐ.

113 2971 1994 56 © Apr. 3, 1928; 1c. June 1, 1929; A—Foreign 3345; Reimar Hobbing.
192 3034 280 51 (29-18282)

117 3129 298 64 Schomer,
445 3130 306 52 Abraham
780 3129 380 58 Shaikewitz,
1193 3132 171 52 1876-

176 3207 141 52 War
352 3207 112 54 and
501 3225 165 49 peace
702 3208 56 51 in
797 3208 95 52 the
928 3225 122 36 new
1087 3207 150 69 light
1274 3207 63 52 of
1372 3206 444 70 intellectology,
1852 3207 260 69 showing

119 3283 85 69 (1)
246 3286 94 51 the
374 3286 115 52 real
522 3285 268 68 meaning
820 3285 64 52 of
917 3302 135 36 war.
1088 3285 73 52 its
1194 3290 335 60 root-cause,
1563 3285 110 53 and
1710 3286 94 51 the
1839 3284 272 54 scientific

108 3363 219 51 control
360 3364 113 52 and
507 3363 333 67 prevention
878 3362 254 58 thereof;
1171 3363 110 53 and
1330 3362 89 68 (2)
1463 3365 96 51 the
1594 3363 116 52 real
1743 3362 271 70 meaning
2047 3363 66 53 of

111 3458 182 49 peace,
333 3439 74 56 its
448 3446 333 50 root-cause,
823 3442 108 51 and
977 3441 95 54 the
1113 3440 274 54 scientific
1428 3438 385 56 enforcement
1858 3441 110 53 and

110 3441 2002 150 advancement therof, by Abraham S. Schomer … Los Angeles,
111 3595 193 67 Calif.,
329 3596 364 54 Provisional
719 3595 320 55 committee
1066 3595 95 53 for
1187 3595 214 69 calling
1428 3596 121 52 into
1576 3595 170 71 being
1772 3615 71 34 an
1872 3597 239 53 alliance

112 3672 92 52 for
253 3675 95 52 the
399 3673 271 53 scientific
721 3675 219 51 control
992 3674 112 52 and
1157 3673 337 68 prevention
1547 3673 64 54 of
1662 3693 136 48 war,
1851 3675 111 53 and
2015 3675 98 53 the

110 3751 271 53 scientific
412 3750 386 54 enforcement
827 3752 109 52 and
971 3752 407 52 advancement
1408 3750 65 54 of
1504 3769 185 52 peace,
1723 3755 150 50 1929.

183 3832 55 41 78
266 3843 42 37 p.
369 3843 76 37 pl.,
476 3831 151 50 diagr.
688 3831 147 43 25½ᶜᵐ.

183 3889 124 40 Text
334 3900 25 28 on
417 3900 140 30 verso
585 3890 50 39 of
663 3891 145 47 plate.

120 3942 53 52 ©
200 3947 120 45 Aug.
348 3948 40 41 5.
418 3946 114 40 1929;
586 3948 68 39 2c.
682 3949 97 37 and
808 3947 82 40 aff.
920 3947 121 46 Aug.
1070 3946 56 38 22;
1184 3946 41 38 A
1253 3945 172 44 13043;
1457 3946 55 41 A.
1545 3947 45 41 S.
1623 3946 241 43 Schomer.
1936 3959 53 24 Los
187 3948 1906 103 Angeles.
397 4003 278 48 (29-18381)
