2542 4389
1015 4043 134 50 1941

90 394 266 66 Ludwig,
383 394 173 55 Emil.

166 472 250 54 Michael
445 471 243 70 Angelo,
717 471 97 53 the
845 471 247 53 colossus
1121 469 67 53 of
1218 475 105 47 art.
1391 475 83 62 pt.
1506 472 48 49 3.
1645 469 98 52 [Tr.
1773 468 78 70 by
1880 467 216 53 Muriel

96 549 266 70 Clayton]

205 633 62 39 (In
296 627 263 44 Britannia
590 627 97 44 and
716 627 106 43 Eve
851 625 279 54 magazine,
1161 625 141 52 Nov.,
1335 625 219 51 1929).

97 697 1994 53 © 1c. Dec. 28, 1929; A ad int. 13439; pubd. Nov. 3; E. Ludwig, Ascona,
166 757 337 42 Switzerland.

90 849 228 64 McFee,
349 848 273 66 William,
656 855 170 49 1881-

162 926 218 57 Sailors
406 926 65 54 of
497 926 249 69 fortune,
771 927 76 69 by
871 927 262 55 William
1160 928 226 52 McFee.
1462 926 234 56 Garden
1724 925 153 70 City,
1903 927 71 53 N.
2002 927 92 68 Y.,

90 1004 356 68 Doubleday,
472 1005 198 52 Doran
697 1008 46 49 &
768 1022 299 51 company,
1093 1004 127 69 inc.,
1249 1007 150 51 1929.

160 1084 649 50 6 p. l., 3-415 p. 20 ᶜᵐ .
162 1155 162 42 “First
350 1154 227 43 edition.”

161 1225 275 42 Contents.
453 1248 60 6 —
527 1226 41 39 A
608 1236 86 30 son
734 1226 53 40 of
826 1226 83 40 the
948 1225 318 41 commodore.
1282 1247 60 6 —
1357 1225 101 40 The
1497 1224 225 41 armoire.
1723 1225 162 39 —The
1923 1224 173 49 roving

91 1283 155 42 heart.
262 1305 62 5 —
338 1283 101 39 The
482 1282 114 40 wife
639 1281 53 41 of
734 1282 82 40 the
860 1281 502 48 dictator.—Captain
1405 1280 240 42 Musker’s
1688 1281 407 41 vacation.—The

92 1339 235 40 vanished
369 1349 275 38 passenger.
661 1361 60 5 —
737 1337 101 41 The
881 1338 159 40 sword
1081 1337 53 41 of
1177 1338 183 40 Doctor
1402 1337 398 41 Damocles.—At
1840 1338 84 40 the
1965 1337 129 41 Villa

92 1394 691 50 Agostino.—Release.—The
818 1394 183 48 garden
1036 1393 52 41 of
1122 1394 83 40 the
1240 1393 280 47 Bey.—The
1553 1394 171 48 Virgin
1758 1393 53 41 of
1845 1393 251 41 Loreto.—

92 1450 1858 43 On the Malec ó n. —Deckers on the coast.—The untarnished shield.
96 1518 1998 52 © Oct. 25, 1929; 2c. Nov. 1; aff. Nov. 26; A 17223; Doubleday, Doran &
163 1589 82 37 co.,
278 1578 92 41 inc.
442 1577 281 49 (29-28645)

87 1671 223 64 Macht,
339 1669 192 55 David
558 1671 204 64 Israel,
794 1675 173 50 1882-

158 1749 123 52 The
310 1748 137 70 holy
478 1748 250 66 incense;
762 1766 31 35 a
824 1747 306 68 botanical,
1163 1747 540 69 pharmacological,
88 1747 1982 133 psychological
207 1827 114 52 and

354 1824 451 70 archaeological
839 1824 398 69 appreciation
1268 1825 65 53 of
1364 1826 97 53 the
1495 1825 184 68 Bible,
1710 1825 78 70 by
1819 1826 194 53 David
2047 1826 49 54 I.

86 1903 1560 69 Macht … Baltimore [Waverly press, inc.] 1929.
156 1985 1036 51 3 p. l. , 5-81 p. plates, facsims. 19 ᶜᵐ .
161 2043 146 41 “This
335 2043 136 41 work
499 2043 42 41 is
568 2053 29 30 a
626 2042 320 40 dissertation
975 2041 267 41 submitted
1272 2045 49 38 to
1352 2044 82 39 the
1462 2043 191 48 faculty
1683 2044 51 40 of
1764 2043 157 40 Rabbi
1952 2045 144 41 Isaac

88 2101 254 40 Elchanan
381 2099 270 41 rabbinical
690 2098 273 49 university
999 2098 51 40 in
1087 2098 285 41 fulfillment
1412 2099 52 41 of
1503 2101 83 39 the
1624 2099 354 49 requirements
2015 2101 81 41 for

89 2158 81 40 the
199 2158 172 47 degree
400 2156 52 40 of
479 2156 169 40 doctor
677 2155 52 41 of
757 2155 210 40 Hebrew
996 2154 305 42 literature.”

94 2209 1997 54 © Dec. 31, 1929; 2c. and aff. Nov. 18; A 14872; D. I. Macht, Baltimore.
171 2269 283 50 (29-28667)

87 2362 276 66 Madelin,
393 2361 198 67 Louis,
623 2364 172 54 1871-

220 2440 869 70 … Foch. Paris, Plon [1929]
158 2521 728 50 2 p. l. , ii, 269 p., 1 l. 19 ᶜᵐ .
93 2576 1772 52 © June 3, 1929; 1c. Aug. 23; A—Foreign 4365; Librairie Plon.
171 2635 282 50 (29-28533)

85 2728 251 54 Munsell
365 2729 155 54 color
549 2745 308 49 company,
888 2730 130 64 inc.,
1046 2731 336 55 Baltimore.

155 2807 251 54 Munsell
443 2807 148 53 book
630 2807 66 53 of
735 2808 172 68 color,
948 2806 273 71 defining,
1261 2808 355 71 explaining,
1656 2810 112 52 and
87 2808 1980 147 illustrating

224 2886 96 52 the
359 2884 401 54 fundamental
799 2885 455 53 characteristics
1291 2883 65 55 of
1395 2885 182 70 color;
1622 2904 30 34 a
1690 2885 251 54 revision
1978 2888 113 52 and

86 2962 292 53 extension
407 2961 65 53 of
499 2962 155 56 “The
682 2963 146 53 atlas
857 2962 65 53 of
948 2963 97 53 the
1072 2963 251 53 Munsell
1351 2963 154 54 color
1533 2963 245 69 system”
1803 2962 77 70 by
1909 2964 72 52 A.
2011 2964 78 54 H.

85 3040 264 54 Munsell.
428 3039 291 57 Standard
757 3041 84 53 ed.
918 3040 335 69 Baltimore,
1291 3041 140 66 Md.,
1468 3039 249 54 Munsell
1754 3040 154 53 color

87 3059 1980 127 company,
283 3116 127 69 inc.,
439 3121 149 50 1929.

155 3198 1428 50 42 p. illus., 26 col. pl. (part double) diagrs. 33 ᶜᵐ .
155 3255 155 41 Three
338 3255 221 41 “masks”
585 3256 102 40 laid
713 3255 66 41 in.

156 3311 203 41 Preface
387 3312 167 47 signed:
611 3312 55 41 A.
694 3312 54 40 E.
777 3311 53 41 O.
859 3311 224 41 Munsell.

92 3365 1911 52 © Oct. 1, 1929; 2c. and aff. Nov. 30; A 16174; Munsell color co., inc.
169 3424 255 49 (29-28674)

83 3519 281 53 National
393 3518 358 54 association
780 3519 64 53 of
869 3518 270 65 building
1163 3534 234 37 owners
1420 3519 115 52 and
1565 3535 336 49 managers.

160 3595 1866 70 The proceedings of the twenty-second annual convention …
89 3675 133 52 held
255 3680 60 47 at
345 3674 207 52 Mount
582 3674 187 68 Royal
801 3674 197 66 Hotel,
1028 3673 308 66 Montreal,
1370 3672 241 68 Quebec,
1646 3672 254 69 Canada,
1934 3672 153 54 June

91 3748 1540 72 10 to 14, 1929. Chicago, The Association, ᶜ192 9.
155 3830 1503 52 8 p. l. , 778 p. illus. (incl. ports.) tables, diagrs. 23 ᶜᵐ .
88 3886 52 52 ©
170 3890 118 41 Nov.
317 3890 71 47 25,
417 3888 141 48 1929;
589 3889 67 41 2c.
686 3889 96 40 and
812 3888 82 40 aff.
925 3888 113 40 Dec.
1068 3887 83 47 19;
1183 3877 45 51 A
1254 3888 171 48 17450;
1457 3889 131 40 Natl.
1619 3899 114 30 assn.
1778 3889 55 40 of
1859 3887 223 51 building

156 3956 189 31 owners
373 3949 38 41 &
437 3955 270 38 managers,
738 3944 226 49 Chicago.
