2547 4384
1298 3995 137 53 1050

368 371 152 64 Clar,
556 371 227 62 Fanny.

495 440 1870 72 … La maison des sept compagnons, préface d’Albert Bernet,
362 525 380 53 illustrations
772 525 66 51 de
868 523 263 53 Paulette
1161 519 303 54 Humbert.
1539 518 185 66 Paris,
1758 521 150 49 1928.

433 600 1818 57 156, [4] p. col. front., illus. 24 × 19 ᶜᵐ . [La joie de nos enfants]
370 674 51 52 ©
461 678 82 39 July
613 678 38 47 1,
689 677 142 46 1928;
902 686 36 29 1c.
977 675 113 40 Dec.
1129 675 81 45 17;
1250 674 41 38 A
1291 672 272 48 —Foreign
1599 672 142 46 1145;
1783 672 109 40 Joie
1928 673 60 38 de
2024 681 88 29 nos
2148 669 214 49 enfants,

437 734 156 40 Paris.
658 731 280 51 (29-14632)

371 828 392 55 Commission
798 826 317 64 appointed
1152 829 65 49 to
1250 825 182 62 study
1468 824 102 53 the
1606 824 274 63 question
1917 822 64 53 of
441 822 1902 148 consolidating
580 906 103 52 the
723 905 301 63 boroughs
1061 904 64 53 of
1165 902 291 64 Caldwell,
1496 903 166 53 West
1703 901 275 55 Caldwell
2015 902 115 52 and
2170 900 197 53 North

441 984 291 56 Caldwell.

434 1062 218 67 Report
687 1060 66 53 of
784 1060 94 52 the
915 1058 379 55 Commission
1329 1058 315 68 appointed
1678 1064 58 46 to
1771 1057 171 69 study
1976 1057 96 52 the
2107 1057 261 68 question

364 1138 65 53 of
455 1138 420 68 consolidating
903 1137 94 52 the
1025 1136 287 68 boroughs
1340 1135 65 53 of
1434 1134 295 68 Caldwell,
1755 1136 162 53 West
1947 1134 278 55 Caldwell
2256 1134 111 52 and

365 1216 186 52 North
597 1214 294 55 Caldwell.
996 1213 296 56 [Caldwell,
1334 1213 70 53 N.
1448 1213 74 68 J.,
1566 1214 275 67 Progress
1885 1212 336 68 publishing
2265 1230 78 34 co.]

366 1295 151 51 1929.

436 1376 55 40 79
524 1387 43 37 p.
601 1375 109 41 incl.
743 1374 150 41 front,
952 1374 119 40 fold.
1105 1384 152 37 maps.
1316 1373 148 41 25½ᶜᵐ.

438 1444 210 49 Imprint
675 1445 129 40 from
833 1444 127 40 label
990 1444 229 40 mounted
1250 1454 59 29 on
1338 1444 98 47 t.-p.

371 1512 51 52 ©
459 1516 83 40 July
608 1516 39 47 6,
683 1515 142 47 1929;
861 1514 68 41 2c.
966 1514 116 48 July
1116 1514 82 43 10;
1236 1513 84 41 aff.
1356 1514 116 48 July
1508 1513 53 47 9;
1599 1513 42 40 A
1675 1514 170 47 11137;
1884 1515 231 47 Progress
2151 1514 111 48 pub.
2297 1525 68 30 co.

449 1571 282 50 (29-14729)

370 1666 174 63 Cook,
578 1666 302 53 Jonathan
912 1666 355 54 Blanchard.

435 1743 94 52 Ice
559 1743 369 68 accounting;
961 1761 30 33 a
1021 1743 232 52 manual
1282 1760 73 34 on
1383 1742 258 53 uniform
1671 1742 340 70 accounting
2043 1742 94 53 for
2164 1743 97 52 the
2289 1742 81 53 ice

364 1819 782 69 industry—manufactured
1185 1820 113 53 and
1335 1821 231 51 natural
1604 1820 82 53 ice
1725 1820 343 68 production
2107 1822 113 51 and
363 1820 1982 131 distribution
679 1898 142 51 with
857 1898 317 67 particular
1210 1898 287 53 reference
1532 1903 58 48 to
1626 1898 95 53 the
364 1898 1982 130 costs—standardization
513 1976 113 52 and
651 1975 319 70 budgeting
995 1975 65 54 of
1086 1976 673 68 operations—designed
1787 1976 94 53 for
1904 1976 136 53 both
2070 1977 158 68 large
2257 1977 113 52 and

364 2053 2006 146 small companies including those combined with allied businesses, by Jonathan B. Cook … and members of the staff of
365 2208 295 54 Jonathan
694 2209 69 52 B.
798 2208 159 55 Cook
988 2209 112 52 and
1135 2227 298 49 company,
1467 2208 254 53 certified
1755 2208 194 69 public
1984 2215 385 47 accountants.

367 2285 1251 70 Chicago, Nickerson & Collins co. [ ᶜ1 929]
436 2368 1129 50 3 p. l., 230 p. incl. forms. 2 diagr. 24 cm .
439 2439 344 49 “Advertising
814 2439 236 41 matter”:
1084 2451 44 37 p.
1159 2440 219 40 229-230.

371 2492 51 52 ©
449 2497 116 47 July
588 2496 39 47 2,
653 2496 141 46 1929;
822 2497 66 40 2c.
915 2496 117 48 July
1056 2496 52 40 6:
1137 2496 83 41 aff.
1246 2496 116 48 July
1388 2496 51 41 5:
1467 2496 41 39 A
1532 2496 170 43 11084;
1731 2497 267 40 Nickerson
2026 2502 36 40 &
2088 2498 183 41 Collins
2298 2509 68 30 co.

450 2553 281 49 (29-14727)

370 2647 279 63 Coursen,
679 2647 290 63 Dorothy.

435 2725 257 68 Beauty?
772 2727 32 51 I
845 2727 248 65 wonder,
1131 2726 76 69 by
1246 2728 267 68 Dorothy
1553 2728 267 55 Coursen.
1898 2730 137 52 New
2077 2729 181 60 York,
2301 2732 67 51 E.

363 2803 163 69 Holt,
557 2807 149 50 1929.

435 2885 530 48 3 p. l., 291 p. 19ᶜᵐ.
372 2937 51 52 ©
453 2943 127 39 June
605 2943 70 46 21,
705 2943 141 42 1929;
877 2943 67 41 2c.
976 2945 96 38 and
1102 2943 81 41 aff.
1214 2944 116 47 July
1359 2944 82 46 13;
1475 2945 40 38 A
1545 2945 169 47 11227;
1748 2945 151 41 Elliot
1927 2947 134 40 Holt.

449 2998 281 50 (29-14760)

371 3091 253 54 District
650 3093 64 52 of
742 3093 321 55 Columbia.
1142 3097 179 53 Court
1347 3099 63 67 of
1433 3098 250 67 appeals.

444 3171 1925 73 Reports of cases adjudged … from February 6, 1928, to
371 3247 174 68 April
577 3253 46 55 1,
656 3252 149 50 1929.
881 3251 188 69 Floyd
1099 3251 66 53 E.
1196 3253 279 68 Huntley,
1505 3257 285 63 reporter;
1825 3256 139 51 with
1996 3253 374 69 key-number

373 3327 1972 145 annotations, v. 58 … St. Paul, Minn., West publishing company, 1929.
437 3483 65 46 xi,
533 3483 86 39 421
652 3495 43 37 p.
758 3485 59 40 26
817 3488 45 21 cm
866 3518 7 7 .

373 3534 51 52 ©
452 3539 116 48 July
594 3539 69 49 25,
690 3541 142 47 1929;
860 3542 67 40 2c.
954 3545 96 38 and
1076 3543 83 41 aff.
1185 3543 120 49 Aug.
1333 3545 52 46 5;
1415 3546 42 38 A
1483 3545 169 47 10610;
1682 3547 136 40 West
1844 3547 109 47 pub.
1983 3557 66 31 co.

368 3633 252 64 Dupree,
655 3635 313 65 Morrison,
1001 3642 194 64 pseud.

435 3711 1931 76 A tap on the shoulder, by Morrison Dupree … Garden
365 3787 153 69 City,
546 3790 69 52 N.
647 3791 91 55 Y.,
765 3791 143 53 Pub.
940 3792 94 54 for
1063 3795 120 52 The
1214 3795 190 55 Crime
1434 3796 145 67 club,
1608 3797 125 56 inc.,
1759 3797 77 69 by
1862 3798 358 69 Doubleday,
363 3800 1978 119 Doran
495 3867 113 52 and
636 3885 297 53 company,
960 3869 418 72 incorporated,
1411 3876 149 50 1929.
