2533 4342
1321 4021 138 52 2084

383 370 249 65 Conrad,
665 371 298 53 Arcturus
995 371 78 63 Z.,
1107 376 172 49 1855-

453 447 1929 71 Secret of the life sublime, by A. Z. Conrad … New York,
381 525 1598 70 Chicago [etc.] Fleming H. Revell company [ ᶜ 1929]
448 607 367 49 218 p. 19 ½ᶜᵐ .
385 660 52 51 ©
469 663 111 41 Dec.
610 664 70 42 21,
712 662 116 41 1929;
886 664 67 40 2c.
985 664 96 40 and
1113 663 82 41 aff.
1227 665 112 39 Dec.
1369 663 83 47 30;
1486 664 41 38 A
1558 663 172 47 16845;
1766 662 222 49 Fleming
2017 663 62 40 H.
2112 663 167 39 Revell
2311 671 69 30 со.

463 719 222 49 (30-540)

379 812 319 64 Craufurd,
728 812 247 54 Charles
1001 813 255 53 Edward
1283 812 281 65 Vereker,
1592 818 174 49 1885-

449 890 1873 71 Treasure of Ophir, by Commander С. E. V. Craufurd …
376 968 1921 71 with 25 illustrations. London, Skeffington & son, ltd. [ 1929]
449 1049 1733 51 2 p. l., 9-287, [1] p. front. (port.) illus. (maps) plates. 24 ᶜᵐ .
452 1106 130 41 “The
609 1109 135 44 story
772 1107 52 40 of
850 1117 28 30 a
907 1107 223 48 life-long
1154 1108 142 47 quest;
1352 1108 82 39 the
1463 1107 326 48 re-discovery
1818 1107 52 40 of
1898 1108 82 39 the
2009 1108 96 39 lost
2130 1108 130 41 land,
2292 1106 95 40 and

380 1163 82 40 the
488 1163 166 40 literal
681 1163 387 40 substantiation
1095 1164 52 39 of
1174 1163 201 41 Genesis
1403 1163 191 48 history
1620 1164 63 47 by
1711 1163 237 48 practical
1976 1162 413 49 exploration.”—

379 1218 300 42 Publisher’s
711 1221 401 39 announcement.

386 1273 1996 52 © 1c. Dec. 20, 1929; A ad int. 13407; pubd. Nov. 8; C . E. V. Craufurd,
456 1332 217 48 Hayling
700 1334 182 47 Island,
914 1334 237 47 England.
1221 1333 252 48 (30-1584)

379 1425 329 65 Crawford,
738 1426 155 54 John
921 1428 330 63 Raymond,
1283 1431 173 51 1886-

449 1503 187 55 Greek
673 1506 141 51 tales
854 1503 94 54 for
985 1504 129 69 tiny
1150 1509 131 63 tots,
1321 1505 198 52 drawn
1560 1505 75 68 by
1674 1504 245 53 Pauline
1956 1504 157 52 Avery
380 1503 1982 145 Crawford,
569 1583 121 51 told
727 1582 75 69 by
839 1582 157 54 John

1036 1583 303 68 Raymond
1379 1581 325 55 Crawford.
1786 1581 448 69 [Bloomington,
2271 1581 116 68 Ill.,
379 1659 204 53 Public
614 1660 190 52 school
837 1659 338 70 publishing
1206 1677 299 52 company,
1560 1662 134 50 ᶜ1929]

451 1740 55 41 83
538 1751 42 37 p.
641 1740 130 42 illus.
830 1741 270 42 22½×28ᶜᵐ.

391 1794 52 51 ©
471 1798 118 41 Nov.
618 1798 69 48 19,
715 1798 142 47 1929;
887 1799 66 39 2c.
984 1799 113 40 Dec.
1127 1799 83 47 28;
1241 1798 82 42 aff.
1353 1799 113 40 Dec.
1494 1798 84 48 30;
1610 1799 43 39 A
1680 1798 171 47 16828;
1885 1797 169 41 Public
2084 1798 159 40 school
2277 1797 111 48 pub.

457 1865 67 30 со.
596 1854 221 49 (30-808)

383 1947 171 64 Daly,
586 1948 389 64 Marguerite.

449 2025 223 66 Poems,
700 2024 75 69 by
805 2025 356 69 Marguerite
1192 2026 170 68 Daly.
1431 2026 138 53 New
1602 2025 182 68 York,
1815 2025 159 53 Priv.
2008 2025 195 68 print.,
2236 2027 151 50 1929.

451 2105 308 50 20 p. 20ᶜᵐ .
390 2160 52 51 ©
478 2164 127 47 Sept.
635 2164 70 47 25,
737 2164 115 39 1929;
910 2164 69 40 2c.
1014 2164 128 48 Sept.
1174 2164 57 40 26;
1291 2164 83 41 aff.
1405 2164 112 40 Dec.
1549 2164 57 40 26;
1668 2164 41 39 A
1739 2164 146 40 17578;
1946 2163 180 48 Joseph
2159 2164 50 39 P.
458 2164 1911 103 Brassil,
561 2220 120 40 New
707 2221 145 40 York.
920 2219 224 50 (30-803)

388 2313 188 64 Dana,
606 2314 73 53 H.
710 2314 67 54 E.

458 2392 56 52 A
544 2396 139 51 New
712 2394 330 52 Testament
1068 2395 250 67 manual,
1345 2394 35 52 by
1450 2394 76 53 H.
1559 2394 65 51 E.
1656 2394 183 51 Dana.
1919 2392 302 69 Seminary
2248 2392 150 67 Hill,

388 2471 155 69 Tex.,
572 2472 123 52 The
725 2470 426 55 Southwestern
1182 2491 174 49 press,
1387 2474 149 50 1929.

458 2551 510 50 1 p. l., 56 p. 20ᶜᵐ.
393 2604 52 51 ©
473 2607 127 41 June
627 2609 39 46 1,
695 2608 119 40 1929;
867 2609 65 40 2c.
963 2609 121 48 Aug.
1113 2610 83 45 22;
1228 2609 83 40 aff.
1341 2609 120 48 Aug.
1490 2608 81 48 19;
1603 2609 42 39 A
1675 2608 170 47 10956;
1877 2609 61 39 H.
1968 2609 51 38 E.
2052 2608 156 42 Dana,
459 2606 1912 106 Seminary

613 2664 118 48 Hill,
763 2665 115 42 Tex.

384 2754 237 67 Davies,
652 2757 234 53 Arthur
915 2759 235 64 Bowen,
1184 2764 326 50 1862-1928.

453 2835 121 53 The
606 2836 259 69 etchings
894 2838 55 51 &
983 2837 366 68 lithographs
1385 2837 64 52 of
1482 2838 227 52 Arthur
1743 2839 65 51 B.
1844 2836 229 69 Davies,
2106 2836 284 68 compiled

384 2913 112 52 and
542 2912 140 53 with
729 2931 71 34 an
846 2913 391 54 introduction
1282 2914 77 69 by
1404 2914 272 53 Frederic
1720 2914 224 53 Newlin
1993 2913 181 54 Price.
2250 2914 140 52 New

384 2988 180 69 York,
602 2990 79 54 M.
718 2991 355 68 Kennerley;
1112 2992 260 60 London,
1408 2993 78 52 M.
1524 2993 51 51 &
1612 2992 80 53 M.
1729 2991 344 68 Kennerley,
2108 2990 91 68 jr.,
2238 2994 150 49 1929.

456 3069 1765 52 2 p. l., 9-23 p., 2 l. front. (port.) 206 pl. (1 in pocket) 32½ᶜᵐ.
457 3126 93 41 “Of
576 3127 99 40 this
700 3128 123 39 book
851 3139 88 29 one
965 3129 245 40 thousand
1237 3130 96 39 and
1360 3128 314 48 seventy-five
1701 3128 160 49 copies
1886 3128 125 39 have
2036 3128 118 39 been
2181 3127 209 47 printed,

388 3182 51 39 of
479 3182 159 41 which
679 3185 96 38 two
816 3184 223 40 hundred
1081 3184 160 48 copies
1281 3185 127 39 have
1449 3185 120 40 been
1610 3184 234 48 specially
1885 3184 161 40 bound
2089 3184 96 39 and
2226 3182 166 41 issued

387 3238 120 42 with
546 3250 62 30 an
647 3240 197 49 etching
879 3240 54 41 of
975 3240 257 50 ‘Doorway
1272 3243 48 39 to
1360 3240 227 49 illusion’,
1627 3240 194 49 printed
1863 3241 60 48 by
1964 3239 166 41 Frank
2170 3239 54 40 A.
386 3239 1988 97 Nankivell
572 3297 129 39 from

740 3297 83 40 the
862 3297 210 47 original
1111 3298 134 47 plate
1282 3298 62 47 by
1385 3297 187 40 Arthur
1610 3299 54 37 B.
1703 3297 195 46 Davies,
1940 3297 132 39 after
2111 3295 159 40 which
2310 3296 83 38 the

386 3353 133 46 plate
552 3364 102 29 was
688 3353 301 48 destroyed.”
1051 3353 119 40 This
1203 3364 121 37 copy
1359 3353 51 40 of
1444 3354 83 39 the
1560 3353 182 48 special
1776 3353 185 40 edition
1994 3354 86 38 not
2112 3352 279 39 numbered.

394 3405 52 51 ©
478 3410 112 40 Dec.
622 3409 68 43 10,
723 3409 118 41 1929;
897 3410 68 40 2c.
999 3410 112 41 Dec.
1142 3410 83 47 27;
1260 3410 80 40 aff.
1375 3410 111 39 Dec.
1520 3410 82 46 12;
1636 3410 43 39 A
1710 3409 171 47 16783;
1917 3408 235 47 Ferargil,
2186 3408 91 39 inc.

472 3464 222 50 (39-704)

391 3540 274 65 Dawson,
697 3543 64 54 F.
791 3543 69 53 R.

461 3620 136 53 Life
627 3621 193 53 sketch
854 3623 112 51 and
1000 3640 250 35 sermons
1282 3621 65 53 of
1377 3622 137 52 Rev.
1549 3623 66 49 В.
1651 3621 62 54 C.
1746 3621 230 66 Dewey,
2003 3621 75 67 by
2110 3619 138 52 Rev.
2283 3619 112 52 and

391 3697 140 53 Mrs.
584 3698 64 51 F.
700 3699 68 51 R.
820 3699 266 52 Dawson.
1163 3698 402 53 Introduction
1616 3700 77 69 by
1744 3699 137 51 Rev.
1934 3698 64 51 T.
2050 3697 77 53 H.
2179 3693 218 56 Marsh.

396 3774 269 70 Chicago,
698 3776 114 57 Ill.,
844 3777 122 54 The
997 3777 317 53 Methodist
1346 3776 338 69 publishing
1715 3777 190 66 house,
1941 3778 149 50 1929.

557 3888 9 8 1 v.
397 3907 52 51 ©
486 3911 128 40 June
650 3912 68 43 13,
756 3912 139 48 1929;
935 3913 69 40 2c.
1043 3914 116 46 July
1196 3913 51 46 8;
1288 3913 82 39 aff.
1410 3913 116 47 July
1563 3912 83 47 31;
1688 3912 41 39 A
1766 3911 170 47 10461;
1977 3911 52 40 F.
2068 3911 56 40 R.
2162 3909 227 48 Dawson,

0 0 0 0 Tacoma.
