2542 4361
1116 4008 100 52 709

161 360 222 65 Immel,
419 361 128 61 Ray
583 359 264 55 Keeslar.

229 450 1925 70 Debating for high schools, by Ray Keeslar Immel … and
159 528 1995 68 Ruth Huston Whipple … Boston, New York [etc.] Ginn and
157 608 507 65 company [ ᶜ1 929]
228 686 81 48 vii,
341 686 84 39 251
455 696 44 38 p.
557 686 57 40 20
617 688 44 21 cm
666 718 8 9 .

231 757 99 39 “An
371 757 275 46 outgrowth
684 756 51 41 of
773 757 81 40 the
895 757 132 39 work
1067 756 52 41 of
1158 757 80 40 the
1281 757 247 48 Michigan
1568 758 114 47 high
1723 759 162 39 school
1927 760 230 48 debating

159 812 406 49 league.”—Pref.

229 870 234 40 Contains
494 869 391 48 bibliographies.

160 938 52 51 ©
238 944 114 44 May
376 942 39 47 8,
442 941 114 40 1929;
608 942 69 39 2c.
703 942 114 46 May
842 941 81 46 13;
952 940 81 41 aff.
1061 941 114 47 May
1201 941 81 42 11;
1311 941 41 38 A
1378 940 140 48 9063;
1548 942 56 40 R.
1631 942 56 39 K.
1717 943 184 47 Immel,
1931 942 222 48 Chicago,

227 999 95 38 and
356 998 133 39 Ruth
521 997 192 40 Huston
746 996 237 49 Whipple,
1018 997 275 47 Plymouth,
1328 997 144 41 Mich.
1544 997 279 50 (29-11232)

159 1120 464 54 Internationale
692 1122 455 67 radiotherapie;
1215 1121 580 68 besprechungswerk
1861 1122 104 53 auf
2031 1123 127 51 dem

229 1198 1867 69 gebiete der röntgen-, curie-, licht- und elektrotherapie …
227 1278 92 51 bd.
355 1281 46 47 3.
481 1276 323 53 1927-1928.
881 1276 359 67 Darmstadt,
1273 1275 64 52 L.
1375 1274 61 55 C.
1471 1275 262 68 Wittich,
1771 1279 150 50 1928.

226 1358 517 49 xvi, 1352 p. 24 ½ᶜᵐ .
158 1429 197 40 Editor:
389 1428 141 41 Josef
557 1429 256 40 Weiterer.

225 1486 41 38 2.
296 1485 98 47 teil,
426 1484 270 48 Festgaben
726 1485 98 38 und
855 1483 511 49 übersichtsarbeiten,
1399 1483 222 42 contains
1651 1483 393 50 bibliographies.

161 1550 1993 53 © Dec. 18, 1928; 1c. Mar. 13, 1929; A—Foreign 2389; Josef Weiterer,
229 1611 294 47 Mannheim,
558 1610 257 47 Germany.

161 1717 373 64 Keyserling,
566 1718 305 51 Hermann
904 1717 355 64 Alexander,
1291 1720 138 68 graf
1458 1733 132 47 von,
1626 1723 169 49 1880-

291 1810 1869 69 … Creative understanding … New York and London,
159 1889 234 67 Harper
422 1891 51 49 &
506 1890 276 67 brothers,
820 1892 148 50 1929.

229 1970 131 47 xxiv,
393 1969 87 41 500
509 1981 56 38 p.,
599 1971 24 38 1
656 1971 31 40 1.
746 1970 147 41 22½ᶜᵐ.

229 2041 64 39 At
320 2040 123 40 head
471 2040 53 40 of
549 2039 135 41 title:
717 2040 160 40 Count
902 2041 254 39 Hermann
1184 2039 305 49 Keyserling.

230 2096 73 39 An
332 2098 205 38 account
564 2095 52 42 of
644 2096 81 41 the
755 2095 206 41 “Schule
988 2097 84 39 der
1104 2095 220 41 Weisheit
1353 2097 51 39 in
1433 2095 317 41 Darmstadt“
1783 2097 40 39 is
1854 2096 224 40 included
2109 2097 47 39 in

163 2152 79 40 the
273 2151 353 43 Introduction.

498 2221 557 50 CONTENTS.—Introduction.—pt.
1122 2252 11 10 1.
1166 2222 71 41 On
1272 2222 80 40 the
1383 2223 276 47 perception
1694 2222 50 40 of
1775 2222 384 48 significance.—

165 2278 66 48 pt.
265 2276 40 41 2.
339 2278 70 40 On
441 2278 82 40 the
554 2277 286 41 realization
874 2278 52 40 of
956 2277 337 49 significance:
1332 2278 353 40 Fundamental
1722 2279 254 47 problems.
161 2279 1980 95 Wisdom
299 2344 170 30 versus
498 2334 185 48 theory.

163 2399 51 53 ©
245 2405 114 46 May
388 2404 68 47 15,
487 2403 140 49 1929;
657 2405 68 41 2c.
756 2404 113 48 May
897 2405 82 46 14;
1012 2404 83 41 aff.
1126 2405 114 47 May
1270 2406 81 46 17;
1385 2405 42 39 A
1456 2404 140 48 8185;
1630 2405 195 47 Harper
1854 2405 36 40 &
1919 2405 125 41 bros.

241 2459 281 50 (29-11301)

298 2569 1864 71 … The recovery of truth, translated from the German in
163 2648 410 53 collaboration
606 2648 140 53 with
778 2649 96 53 the
906 2649 207 53 author
1144 2650 74 68 by
1252 2651 147 50 Paul
1432 2649 171 53 Folir.
1680 2649 137 52 New
1851 2648 162 52 York
2047 2649 111 53 and

163 2726 258 68 London,
454 2726 232 69 Harper
720 2728 51 50 &
805 2728 278 64 brothers,
1121 2730 150 51 1929.

231 2806 65 48 xi,
330 2806 98 48 647,
466 2807 56 50 [1]
557 2817 43 38 p.
662 2806 148 43 22½ᶜᵐ.

233 2876 64 41 At
323 2876 125 40 head
476 2876 52 41 of
553 2877 136 40 title:
721 2877 157 40 Count
906 2877 253 40 Hermann
1187 2877 304 48 Keyserling.

165 2942 51 52 ©
247 2948 113 46 May
389 2947 69 46 15,
488 2946 140 48 1929;
659 2947 68 41 2c.
758 2948 113 47 May
901 2947 82 47 14;
1016 2947 82 40 aff.
1130 2949 114 46 May
1273 2949 82 45 17;
1386 2948 41 38 A
1458 2947 140 47 8186;
1630 2948 193 47 Harper
1853 2950 37 41 &
1920 2947 123 39 bros.

241 3002 280 49 (29-11300)

164 3110 273 64 Labiche,
470 3112 240 62 Eugene
742 3112 212 63 Marin,
987 3118 325 49 1815-1888.

294 3201 1865 70 … La poudre aux yeux, comedie en deux actes [par] Eugene
167 3279 247 52 Labiche
452 3285 54 47 et
543 3280 269 53 Edouard
851 3280 237 53 Martin.
1167 3281 103 52 Ed.
1312 3280 236 53 scolaire
1585 3280 267 52 moderne
1894 3298 133 34 avec
165 3298 1969 128 explications,
529 3358 272 53 exercices
846 3358 437 53 dissimilation
1328 3364 54 47 et
1426 3357 376 68 vocabulaire,
1846 3375 105 50 par
1996 3357 163 53 Alice

167 3433 1885 70 Cardon … New York & London, The Century co. [ ᶜ1 929]
234 3515 101 47 xiii,
374 3516 83 40 163
496 3526 43 37 p.
598 3516 150 41 front,
776 3516 172 49 (port.)
997 3518 128 40 illus.
1186 3516 146 41 19½ᶜᵐ.
1402 3515 125 48 (The
1567 3515 213 48 Century
1821 3517 198 39 modern
163 3518 1978 102 language
350 3572 174 47 series)
649 3571 129 50 $0.88

166 3638 52 53 ©
243 3644 115 47 May
383 3644 68 48 10,
477 3644 140 47 1929;
642 3645 68 40 2c.
736 3646 96 39 and
855 3645 83 40 aff.
965 3646 113 47 May
1105 3646 81 46 14;
1214 3645 42 39 A
1280 3644 140 47 9078;
1451 3645 213 48 Century
1691 3656 67 30 co.
1817 3642 69 53 [©
234 3647 1908 100 introductory
368 3702 191 46 matter,
588 3702 96 38 and
711 3702 310 48 vocabulary]
1090 3700 279 50 (29-11227)

238 3807 79 52 Le
352 3825 216 52 voyage
604 3809 68 52 de
706 3808 293 54 Monsieur
1037 3809 331 66 Perrichon,
1405 3827 105 49 par
1548 3810 233 68 Eugène
1818 3811 250 52 Labiche
2105 3816 54 47 et

167 3884 1929 71 Μ. E. Martin; edited for school use by Edna C. Dunlap …
