2547 4384
1365 4050 99 49 848

474 447 740 50 2 p. l., vii—xxvii, 505 p. 22 ½ᶜᵐ .
409 500 52 53 ©
490 505 115 48 Apr.
634 505 69 48 27,
735 504 118 41 1929;
910 505 67 41 2c.
1007 505 115 49 Apr.
1152 505 82 48 29;
1269 505 83 41 aff.
1383 506 126 40 June
1538 506 54 45 4;
1624 506 43 38 A
1698 506 141 47 8524;
1874 507 52 40 E.
1958 507 49 39 P.
2040 507 191 40 Dutton
2263 507 36 40 &
2357 519 53 37 co.,

476 561 93 43 inc.

406 643 277 64 Trimble,
724 644 210 63 Henry
973 645 249 54 Burton.

539 724 1876 70 … The Christian motive and method in stewardship, by
407 802 205 58 Henry
652 804 226 52 Burton
920 804 272 53 Trimble.
1268 804 317 69 Nashville,
1626 804 198 57 Tenn.,
1867 803 332 72 Cokesbury
2240 823 177 50 press,

406 885 149 53 1929.

475 961 1939 53 227 p. 19 ᶜᵐ . [Leadership training series. Standard training series]
479 1019 161 41 Series
666 1019 110 40 title
803 1019 50 40 in
880 1021 114 46 part
1021 1021 52 38 at
1099 1020 127 39 head
1254 1019 53 41 of
1334 1022 99 45 t.-p.

407 1073 51 52 ©
485 1078 115 47 May
624 1079 39 47 7,
690 1077 116 40 1929;
860 1078 67 40 2c.
955 1078 96 39 and
1078 1077 82 41 aff.
1188 1078 114 47 May
1328 1078 82 45 24;
1440 1077 40 39 A
1506 1077 112 40 8392;
1676 1080 182 39 Lamar
1883 1078 38 39 &
1945 1078 286 42 Whitmore.
474 1078 1918 98 Nashville.

675 1134 283 50 (29-12413)

400 1216 86 53 Tu
520 1217 106 63 Fu,
662 1217 261 55 712-770.

476 1296 89 51 Tu
613 1295 107 66 Fu,
766 1295 296 52 wanderer
1109 1296 113 52 and
1270 1295 262 53 minstrel
1580 1295 183 52 under
1811 1312 197 36 moons
2056 1293 65 54 of
2169 1294 245 70 Cathay,

404 1373 319 53 translated
766 1372 76 70 by
886 1372 170 54 Edna
1099 1373 306 69 Worthley
1448 1374 369 53 Underwood
1864 1373 113 53 and
2025 1372 110 55 Chi
2180 1373 234 70 Hwang

407 1450 142 55 Chu.
611 1451 304 66 Portland,
942 1451 130 68 Me.,
1099 1452 121 52 The
1248 1451 233 54 Mosher
1510 1470 175 49 press,
1715 1453 151 51 1929.

474 1532 1044 51 3 p. l., v-liv, 246, [3] p. plates. 19 ᶜᵐ .
480 1589 1937 49 “One thousand copies of this book have been printed … in the
405 1647 168 40 month
605 1646 53 41 of
686 1646 141 48 April
1184 1647 39 40 MDCCCCXXIX.”

479 1704 147 41 “This
653 1704 42 40 is
723 1705 83 39 the
832 1703 110 41 first
968 1703 184 41 edition
1181 1703 49 39 in
1260 1703 82 40 the
1371 1704 151 39 world
1553 1702 52 41 of
1633 1703 73 40 Tu
1734 1704 73 39 Fu
1836 1704 50 39 to
1914 1703 56 40 be
2000 1702 195 49 printed
2223 1703 192 40 outside

407 1760 52 41 of
491 1760 169 49 China,
692 1760 221 41 likewise
944 1760 40 40 it
1015 1759 43 42 is
1091 1760 81 40 the
1204 1760 109 40 first
1345 1759 184 41 edition
1562 1759 51 40 of
1646 1770 96 37 any
1775 1770 88 29 one
1898 1759 275 41 individual
2209 1759 206 42 Chinese

404 1817 153 48 poet.”

408 1871 52 53 ©
489 1876 115 48 Apr.
636 1876 68 47 13,
738 1874 115 41 1929;
912 1875 67 40 2c.
1011 1875 115 47 May
1157 1875 82 46 11;
1275 1873 82 42 aff.
1390 1875 114 47 May
1534 1873 83 46 20;
1651 1875 41 38 A
1724 1874 140 47 8250;
1901 1876 52 39 E.
1986 1875 72 41 W.
2092 1874 320 48 Underwood,

473 1933 118 40 New
617 1933 147 40 York.
830 1931 282 50 (29-12522)

407 2016 275 63 Umfleet,
718 2015 279 52 Kenneth
1034 2014 284 64 Reynold.

406 2092 1985 145 School operettas and their production, by Kenneth R. Umfleet … Boston,
970 2170 1302 67 New York, C. C. Birchard & co. [ ᶜ19 29]
475 2250 1941 51 3 p. l., 128 p. front., illus., plates. 20 ᶜᵐ . (Lettered on cover: The
406 2311 178 40 Laurel
614 2310 212 48 library)

477 2367 286 42 “Classified
789 2367 86 41 list
903 2367 52 40 of
983 2366 275 50 operettas”:
1317 2378 43 38 p.
1388 2366 219 42 116-128.

475 2425 353 48 Bibliography:
894 2436 42 36 p.
970 2423 219 41 114-115.

409 2479 2006 53 © May 9, 1929; 2c. May 25; aff. May 24; A 8317; C . C. Birchard & co.
487 2539 283 50 (29-12520)

410 2621 354 65 Vartanian,
793 2621 317 52 Parounak
1140 2620 216 55 Hatch.

474 2699 123 53 The
625 2699 111 52 law
766 2697 66 54 of
860 2698 395 68 corporations
1285 2697 60 52 in
1372 2698 162 54 West
1562 2696 272 70 Virginia
1877 2696 59 68 (a
1966 2695 334 69 handbook)
2341 2694 76 69 by

404 2774 2013 69 P. H. Vartanian … Charlottesville, Va., The Michie company,
406 2858 149 50 1929.

544 2938 373 48 xv, 719 p. 23 ᶜᵐ .
410 2991 52 53 ©
487 2995 127 41 June
637 2995 39 43 5,
701 2994 116 40 1929;
871 2994 67 41 2c.
964 2995 94 39 and
1084 2993 82 42 aff.
1192 2993 127 40 June
1344 2992 24 41 8;
1423 2992 41 40 A
1488 2992 107 39 8561;
1659 2992 177 40 Michie
1862 3002 68 30 co.

487 3051 283 50 (29-12518)

408 3131 164 66 Vela,
611 3133 238 55 Claude.

538 3206 1878 71 … L’aube sur la montagne. Paris, Gautier-Languereau,
407 3291 149 50 1929.

477 3368 1561 53 319, [1] p. 19 ᶜᵐ . (Half-title: Bibliothèque de ma fille)
409 3424 1984 102 © Jan. 12, 1929; 1c. Mar. 8; A— Foreign 2245; Éditions Gautier-Languereau.
683 3483 283 50 (29-12479)

411 3565 198 65 Wells,
637 3565 261 53 Herbert
929 3565 246 63 George,
1210 3569 171 50 1866-

484 3645 121 52 The
650 3644 144 69 king
840 3644 127 53 who
1014 3662 115 35 was
1178 3663 31 33 a
1255 3643 160 65 king,
1463 3661 72 34 an
1581 3641 480 53 unconventional
2108 3641 185 65 novel,
2338 3639 76 67 by

413 3722 77 54 H.
524 3722 68 55 G.
623 3723 198 53 Wells.
897 3721 232 55 Garden
1164 3721 153 68 City,
1348 3721 69 53 N.
1450 3720 91 68 Y.,
1572 3719 358 69 Doubleday,
1961 3719 201 51 Doran
2192 3719 46 51 &
411 3735 1979 134 company,

613 3801 128 66 inc.,
775 3802 150 53 1929.

478 3879 427 50 vi, 272 p. 20 ᶜᵐ .
413 3934 51 53 ©
496 3939 75 38 May
637 3938 57 38 24,
797 3937 81 45 1929;
910 3937 67 41 2c.
1008 3937 95 39 and
1133 3936 82 40 aff.
1246 3937 128 39 June
1402 3935 52 47 6;
1486 3935 41 39 A
1555 3934 113 40 9513;
1730 3935 298 47 Doubleday,
2061 3935 167 39 Doran
2260 3933 35 40 &
2327 3944 66 29 co.,

481 3995 78 41 inc.
643 3995 281 45 (29-12492)
