2542 4389
1032 4046 135 55 1831

98 385 361 69 [Middleton,
489 386 192 54 Alicia
708 387 239 63 Hopton]
1004 390 173 50 1849-
1389 384 84 53 ed.

163 462 136 54 Life
336 463 61 53 in
435 463 271 55 Carolina
746 464 114 52 and
898 463 140 52 New
1076 462 274 68 England
1388 460 214 69 during
1637 460 99 52 the
1770 457 331 55 nineteenth

93 546 255 64 century,
376 559 60 35 as
463 540 326 54 illustrated
814 540 77 69 by
918 539 427 54 reminiscences
1373 539 114 52 and
1514 539 194 52 letters
1735 536 66 54 of
1826 537 97 53 the

95 536 1982 136 Middleton
328 617 209 70 family
574 618 65 53 of
676 617 359 67 Charleston,
1073 617 185 54 South
1298 616 290 67 Carolina,
1628 616 112 52 and
1779 614 66 54 of
1881 615 96 51 the
2014 615 89 51 De

93 696 164 55 Wolf
296 696 209 68 family
542 695 63 53 of
643 696 237 67 Bristol,
918 696 203 52 Rhode
1158 695 218 53 Island.
1452 693 237 67 Bristol,
1726 694 69 51 R.
1893 734 10 11 I.,
1941 693 159 53 Priv.

94 776 197 67 print.,
324 777 150 50 1929.

164 853 1937 53 xii p., 2 l., [3]-233. [1] p. front., plates. ports., facsim., coats of arms.
92 915 117 39 25 ᶜᵐ .
167 983 145 40 “Five
342 983 221 39 hundred
592 982 160 48 copies
780 983 52 39 of
861 983 99 39 this
989 982 124 39 book
1141 992 128 30 were
1297 981 196 48 printed
1522 982 61 46 by
1612 981 56 39 D.
1699 981 55 38 B.
1784 980 204 48 Updike,
2019 981 84 39 the

95 1041 334 45 Merrymount
459 1048 148 38 press,
638 1039 197 46 Boston,
865 1038 49 39 in
943 1038 83 40 the
1052 1039 168 38 month
1250 1037 52 41 of
1328 1038 204 47 August,
1562 1036 158 41 1929.”

164 1095 204 40 Preface
401 1095 168 47 signed
587 1107 8 27 :
631 1096 54 39 A.
720 1095 60 40 H.
814 1096 63 38 M.
900 1114 43 30 [i.
978 1105 36 29 e.
1049 1094 156 40 Alicia
1239 1095 199 47 Hopton
1472 1093 283 49 Middleton]

434 1165 111 38 CONTENTS.—A
590 1165 177 47 family
816 1166 167 38 record
1031 1165 61 46 by
1139 1163 158 41 Alicia
1346 1165 62 39 H.
1456 1164 537 40 Middletcn.—Record
2042 1164 60 48 by

94 1221 264 40 Nathaniel
399 1221 56 40 R.
500 1220 283 43 Middleton,
826 1220 516 48 jr.—Reminiscences
1385 1221 62 47 by
1490 1221 265 40 Nathaniel
1800 1221 56 40 R.
1902 1220 202 40 Middle-

94 1278 349 40 ton.—Record
470 1278 52 39 of
550 1278 82 39 the
661 1278 222 39 Marston
911 1277 176 48 family
1114 1278 130 39 from
1272 1277 83 41 the
1384 1277 369 41 reminiscences
1783 1278 52 40 of
1861 1276 158 42 Annie
2049 1279 54 39 E.

95 1335 221 39 Marston
350 1334 72 40 De
455 1333 510 49 Wolf.—Appendices
984 1344 8 29 :
1030 1335 233 39 Extracts
1295 1334 130 40 from
1458 1334 273 40 additional
1764 1335 187 40 letters.

95 1335 1990 95 Admiral
267 1391 221 39 Marston
519 1391 93 38 and
645 1391 82 39 the
759 1389 270 40 “Monitor”
1062 1391 92 38 and
1190 1389 335 41 “Merrimac”.
1584 1391 71 39 De
1685 1392 134 39 Wolf
1848 1392 97 39 and
95 1392 1991 95 Hopton
205 1444 212 51 legends.

101 1512 52 52 ©
180 1518 119 39 Nov.
326 1518 38 43 7,
393 1517 140 47 1929;
559 1518 69 40 2c.
655 1518 95 38 and
778 1517 83 39 aff.
888 1518 119 39 Nov.
1035 1517 81 47 18;
1146 1517 40 38 A
1214 1517 170 46 14866;
1414 1519 54 38 A.
1497 1518 61 40 H.
1587 1519 282 48 Middleton,
1900 1519 199 47 Bristol,

170 1574 54 40 R.
251 1575 37 39 I.
353 1573 281 48 (29-24632)

93 1666 238 64 Nelson,
363 1667 252 55 Valerie.

166 1746 121 53 The
326 1748 250 67 Pampas
617 1766 139 35 rose,
798 1767 31 33 a
870 1766 262 35 romance
1171 1747 64 54 of
1274 1748 98 54 the
1409 1746 321 71 Argentine
1769 1747 219 72 ‘camp’,
2025 1750 76 68 by

94 1824 227 54 Valerie
352 1825 227 53 Nelson.
657 1826 259 68 London,
946 1825 67 53 E.
1045 1825 157 53 Nash
1233 1828 46 49 &
1308 1825 265 70 Grayson
1604 1826 241 69 limited,
1878 1830 152 49 1929.

166 1904 332 49 288 p. 19 ᶜᵐ .
101 1971 1997 56 © 1c. July 10, 1929; A ad int. 12860; pubd. May 14; Cecilia Lacey,
172 2032 269 47 Mansfield,
474 2033 469 47 Nottinghamshire,
978 2034 237 47 England.
1288 2033 282 49 (29-25618)

98 2125 159 67 [Ner,
288 2125 206 68 Henri]
533 2132 171 49 1861-

225 2205 1878 69 … Les surhommes, roman prophétique. Paris, G. Crès et
93 2285 268 64 c ⁱᵉ , 1929.
164 2362 692 50 2 p. l., 203 p., 2 l. 18 ½ᶜᵐ .
164 2434 230 40 Author’s
420 2436 180 46 pseud.,
630 2435 113 39 Han
770 2435 178 48 Ryner.
976 2438 53 37 at
1054 2437 126 39 head
1207 2436 52 40 of
1286 2437 124 40 title.

101 2505 2001 59 © Jan. 25, 1929; 1c. Mar. 8; A—Foreign 2244; Éditions G. Crès & cie.
177 2569 282 49 (29-25335)

94 2661 253 65 Oswald,
373 2663 162 54 Lena
562 2663 240 66 Gladys,
833 2671 172 49 1895-

165 2739 1942 73 The waiting game, by L. G. Oswald … London, E. Nash &
94 2816 265 70 Grayson
387 2817 242 70 limited,
662 2823 150 50 1929.

164 2901 338 50 319 p. 19 ᶜᵐ .
101 2953 1983 110 © 1c. Oct. 30, 1929; A ad int. 13143; pubd. Sept. 5; L. G. Oswald. London. (29-25896)
91 3107 139 66 Pell,
262 3110 254 53 Edward
546 3110 208 66 Leigh,
787 3118 170 50 1861-

163 3188 123 52 The
317 3193 158 64 story
508 3188 63 53 of
601 3190 174 54 John,
807 3191 97 52 the
935 3192 235 53 beloved
1205 3192 258 68 disciple,
1496 3212 59 34 as
1589 3193 121 55 told
1742 3193 77 68 by
1849 3194 253 70 himself,

92 3265 2011 76 by Edward Leigh Pell … New York, Chicago [etc.]Fleming
93 3341 848 73 H. Revell company [ ᶜ1 929]
167 3423 1755 51 64 p. front. 19½ ᶜᵐ . (Lettered on cover: Pell’s Bible stories)
103 3475 51 53 ©
189 3481 102 40 Oct.
324 3482 57 39 26,
486 3481 58 40 1929;
604 3482 66 39 2c.
704 3484 97 38 and
835 3483 80 39 off.
951 3483 119 41 Nov.
1105 3484 26 39 9;
1194 3485 40 38 A
1268 3484 172 47 15620;
1477 3485 221 43 Fleming
1732 3487 61 39 H.
1828 3487 166 39 Revell
2059 3498 40 30 co.

179 3537 281 49 (29-24648)

91 3629 194 65 Piper,
314 3631 228 64 Watty.

164 3707 180 54 Little
378 3708 154 55 folks
564 3709 64 53 of
661 3711 162 52 other
857 3713 184 65 lands,
1075 3712 77 68 by
1183 3713 205 69 Watty
1422 3713 205 69 Piper;
1665 3713 328 55 illustrated
2027 3715 74 69 by

94 3785 219 53 Lucille
340 3787 88 53 W.
457 3787 110 52 and
596 3788 76 52 H.
703 3788 62 54 O.
792 3788 262 67 Holling.
1132 3790 139 52 New
1297 3790 180 68 York,
1504 3791 122 53 The
1650 3792 162 54 Platt
1838 3795 53 51 &
1915 3791 189 56 Munk

94 3863 467 67 co., inc. [ ᶜ1 929]
184 3941 1146 47 [80] p. col. front., illus.. col. plates. 32 ᶜᵐ .
