2533 4342
1333 3987 134 49 1306

475 417 1003 49 lii, 3-109 p. front. (port.) illus. 17 ᶜᵐ.
409 479 56 55 ©
486 487 120 48 Aug.
632 487 69 48 15,
728 486 113 40 1929;
896 487 67 40 2c.
990 488 97 38 and
1113 487 82 41 aff.
1224 487 129 48 Sept.
1380 489 25 39 3;
1462 488 41 38 A
1529 487 145 41 12097;
1731 489 56 40 D.
1816 488 49 41 C.
1892 488 164 41 Heath
2084 489 37 39 &
2147 497 67 32 co.

2202 542 124 42 8582

405 595 319 64 Lindborg,
756 595 148 63 Olga
935 596 69 54 E.

475 675 239 51 Manual
755 673 93 53 for
887 673 160 69 daily
1085 675 264 52 vacation
1389 673 166 54 Bible
1593 675 238 69 schools,
1868 676 184 52 lesson
2089 693 193 34 course
2395 715 10 10 III.

408 750 1987 70 Theme: The Christian and his God … Group I (ages 6 and 7)
405 826 2001 70 by Miss Olga E. Lindborg, groups II and III (ages 8 to 10,
407 905 113 52 and
550 909 62 47 11
642 909 58 47 to
731 904 92 69 13)
860 904 74 69 by
965 904 165 53 Prof.
1161 905 169 51 Peter
1359 904 233 53 Person.
1662 904 272 69 Chicago,
1962 905 116 67 Ill.,
2109 904 297 54 Covenant

403 984 636 66 book concern [ ᶜ1 919]
472 1064 86 40 165
587 1074 44 39 ½
692 1063 104 50 19p
798 1065 27 22 ᶜᵐ
830 1096 8 9 .

406 1129 51 52 ©
493 1134 129 39 June
654 1133 68 49 10,
758 1133 141 48 1929;
936 1135 69 39 2c.
1041 1134 119 47 Aug.
1193 1134 83 47 26;
1315 1133 82 42 aff.
1433 1134 121 47 Aug.
1587 1134 84 46 24;
1709 1134 41 38 A
1785 1134 171 46 12222;
1995 1134 250 41 Covenant
2280 1134 123 39 book

473 1200 217 31 concern.

403 1284 210 64 Locke,
640 1284 257 54 William
922 1284 176 64 John,
1127 1289 172 50 1863-

530 1360 1876 69 … Mon neveu d’Australie, traduit de l’anglais par Théo.
399 1438 1042 67 Varlet. [Paris] Hachette [ ᶜ1 929]
467 1520 1818 49 2 p. l., 408 p. 19 ᶜᵐ. ( On cover: Les meilleurs romans étrangers)
467 1590 64 41 At
557 1591 124 39 head
710 1590 53 41 of
790 1590 109 40 title:
956 1590 218 41 William
1205 1590 41 40 J.
1277 1590 170 41 Locke.

406 1657 51 52 ©
489 1660 111 41 Feb.
629 1662 70 45 27,
729 1660 141 48 1929;
932 1673 37 29 1c.
1002 1661 127 40 June
1157 1662 53 46 7;
1242 1661 313 48 A—Foreign
1585 1661 142 48 3427;
1761 1661 242 41 Librairie
2034 1662 257 40 Hachette.

484 1716 281 50 (29-17809)

402 1811 362 64 Ludvigson,
794 1811 265 56 Charles.

474 1891 122 53 The
623 1891 188 53 riddle
840 1890 64 54 of
932 1891 97 54 the
1057 1891 261 53 universe;
1378 1910 31 34 a
1438 1891 432 53 memorandum
1899 1892 65 53 of
1992 1891 416 70 psychometric

402 1969 390 54 observations
819 1968 64 54 of
911 1988 166 49 space
1111 1969 109 68 [by]
1256 1969 238 54 Charles
1523 1969 353 69 Ludvigson.
1953 1971 234 67 Boston,
2215 1971 193 66 Mass.,

400 2047 1139 69 Meador publishing company [ ᶜ1 929]
466 2125 56 41 59
546 2136 42 38 p.
649 2126 57 40 20½ᶜᵐ.

405 2181 51 52 ©
484 2185 116 47 July
624 2184 70 47 16,
721 2183 141 47 1929;
890 2185 68 40 2c.
985 2185 98 39 and
1109 2184 83 41 aff.
1218 2185 121 47 Aug.
1366 2184 52 48 5;
1448 2184 41 39 A
1514 2184 172 48 10615;
1717 2185 212 40 Edward
1958 2186 59 40 K.
2047 2186 212 46 Meador,
471 2186 1915 95 Boston.
633 2239 282 50 (29-18056)

402 2336 184 63 Mace,
614 2335 234 53 Arthur
879 2335 389 64 Cruttenden,
1300 2336 172 55 1874-

472 2415 300 68 Egyptian
809 2416 315 67 literature,
1160 2434 31 34 a
1229 2416 211 52 lecture
1477 2416 75 68 by
1587 2415 228 52 Arthur
1853 2415 355 54 Cruttenden
2243 2415 162 52 Mace

463 2492 1715 71 … New York, The Metropolitan museum of art, 1928.
468 2573 509 49 4 p. l. , 3-32 p. 24½ ᶜᵐ.
403 2625 51 52 ©
486 2630 112 41 Dec.
629 2630 69 48 31,
759 2629 111 46 1928;
902 2629 68 40 2c.
1002 2632 95 38 and
1129 2628 82 42 aff.
1243 2630 127 39 June
1399 2629 69 49 28,
1500 2629 140 47 1929;
1676 2631 40 38 A
1747 2629 113 41 8982;
1924 2630 347 48 Metropolitan
470 2641 1914 84 museum

632 2685 53 40 of
710 2688 92 38 art.
869 2684 282 50 (29-12800)

402 2780 223 64 Makin,
652 2779 258 55 William
938 2780 34 53 J
1267 2784 171 49 1894-

462 2856 210 53 Across
719 2857 96 52 the
864 2856 284 53 Kalahari
1197 2858 222 66 Desert,
1465 2857 76 69 by
1588 2858 92 53 W.
1730 2857 57 54 J.
1835 2858 220 53 Makin.
2142 2858 260 67 London,

391 2934 386 53 Arrowsmith
834 2936 153 65 [1929]

464 3016 883 48 288 p. front., plates, ports. 22½ ᶜᵐ.
464 3074 139 47 Maps
633 3084 61 29 on
722 3073 367 48 lining-papers.

402 3126 1994 53 © 1c. Aug. 23, 1929; A ad int. 12990; pubd. June 28; W. J. Makin,
467 3187 332 48 Leamington,
830 3186 395 48 Warwickshire,
1257 3186 237 48 England.
1563 3185 281 50 (29-18644)

399 3281 387 65 Matsushita,
814 3281 281 64 Shutaro,
1126 3286 172 49 1895-

469 3361 122 51 The
617 3359 283 54 economic
925 3359 192 55 effects
1144 3360 64 53 of
1231 3360 196 68 public
1451 3361 177 55 debts,
1653 3361 76 69 by
1757 3359 250 56 Shutaro
2034 3360 368 68 Matsushita,

489 3435 1910 72 PH. D . New York, Columbia university press; London, P. S.
400 3515 163 69 King
588 3518 45 49 &
657 3535 118 49 son,
802 3516 122 68 ltd.,
951 3519 150 50 1929.

469 3587 1927 57 186 p. 23 ᶜᵐ. (Half-title: Studies in history, economics, and public
395 3653 109 47 law,
547 3653 71 38 ed.
658 3653 62 46 by
762 3652 82 39 the
886 3652 208 47 Faculty
1135 3652 52 40 of
1227 3651 219 49 political
1487 3651 188 41 science
1717 3652 52 40 of
1811 3651 251 42 Columbia
2106 3651 286 49 university,

397 3719 74 29 no.
503 3707 111 50 309)

468 3763 263 40 Published
762 3765 103 39 also
895 3774 55 29 as
981 3763 153 41 thesis
1175 3764 107 48 (PH.
1346 3764 34 48 D.)
1419 3763 252 41 Columbia
1702 3762 286 49 university.

466 3819 351 48 Bibliography:
878 3831 43 37 p.
953 3819 220 41 180-184.

402 3871 51 52 ©
489 3875 111 41 Feb.
634 3876 69 47 23,
739 3875 140 47 1929;
915 3876 68 40 2c.
1020 3877 96 39 and
1151 3875 82 42 aff.
1269 3876 117 47 July
1420 3876 81 46 11;
1539 3876 41 38 A
1615 3876 170 47 11174;
1826 3875 46 41 S.
1908 3875 313 41 Matsushita.
2257 3875 137 39 West

467 3932 186 47 Haven,
682 3930 147 42 Conn.
895 3930 281 49 (29-13141)
