2533 4384
1088 4030 103 51 219

144 384 222 54 Punch.
434 403 50 33 V.
520 383 117 69 176,
665 402 89 34 no.
787 385 154 65 4568,
971 382 132 53 Jan.
1135 383 85 66 23,
1253 382 150 50 1929.

143 459 1997 56 © 1c. Mar. 19, 1929; A ad int. 12446; pubd. Jan. 23; Herbert Heather,
210 523 213 40 London.

306 623 962 69 Punch. V. 176, no. 4569, Jan. 30, 1929.
141 701 1999 56 © 1c. Mar. 27, 1929; A ad int. 12483; pubd. Jan. 30; Herbert Heather,
207 765 214 41 London.

304 855 927 69 Punch. V. 176, no. 4570, Feb. 6, 1929.
140 933 1998 56 © 1c. Apr. 2, 1929; A ad int. 12505; pubd. Feb. 6; Herbert Heather,
208 998 214 39 London.

140 1105 240 64 Rachie,
411 1104 181 64 Elias,
623 1105 169 54 1875-

210 1184 122 52 The
367 1202 166 34 seven
567 1183 121 53 rich
724 1187 173 48 states
900 1214 71 5 —
972 1182 96 51 the
1100 1181 165 52 heart
1300 1180 66 53 of
1398 1179 286 69 America,
1720 1179 188 52 whose
1941 1179 202 68 people

139 1263 206 53 should
383 1261 358 69 abundantly
779 1278 256 50 prosper,
1071 1260 103 52 but
1213 1260 72 51 do
1324 1264 128 61 not;
1495 1276 191 34 causes
1724 1257 114 52 and
1877 1257 267 67 solution,

139 1335 2005 76 by Elias Rachie … Minneapolis, Printed by the Lund press,
132 1419 125 68 inc.,
288 1421 150 50 1929.

204 1501 88 40 127
320 1510 44 38 p.
424 1498 173 41 double
626 1508 126 38 map.
812 1497 148 41 20½ᶜᵐ.
1076 1495 132 50 $1.00

203 1571 103 39 The
331 1571 155 39 states
512 1568 226 40 included
766 1577 85 30 are
878 1568 290 47 Minnesota,
1196 1566 289 48 Wisconsin,
1513 1567 148 46 Iowa,
1688 1565 270 47 Nebraska,
1988 1565 154 41 South

134 1627 210 47 Dakota,
374 1626 158 39 North
560 1625 192 40 Dakota
783 1625 98 39 and
910 1625 250 39 Montana,
1217 1624 61 47 cf.
1309 1623 187 40 Introd.

139 1693 52 52 ©
225 1697 111 40 Jan.
367 1696 70 48 24,
469 1695 141 47 1929;
643 1696 67 39 2c.
745 1695 110 40 Jan.
888 1694 83 47 28;
1008 1693 83 41 aff.
1123 1694 112 41 Jan.
1266 1692 85 48 26;
1386 1693 42 39 A
1458 1692 143 48 4089;
1638 1694 53 39 E.
1726 1692 197 49 Rachie,
205 1692 1919 109 Minneapolis.
442 1750 251 51 (29-5400)

136 1862 238 63 Reeser,
413 1861 206 52 Edwin
655 1860 357 54 Isherwood.

209 1940 97 55 Oil
347 1940 272 70 royalties
671 1939 58 69 (a
772 1938 308 54 handbook
1121 1957 73 34 on
1236 1939 318 67 petroleum
1597 1938 93 52 for
1732 1938 96 52 the
1871 1937 260 70 layman)

137 2018 76 62 by
254 2019 211 54 Edwin
504 2018 48 53 I.
595 2018 223 53 Reeser.
895 2017 194 63 Tulsa,
1131 2015 188 65 Okla.,
1359 2016 216 53 Dexter
1617 2016 338 64 publishing
135 2034 1983 132 company,
336 2099 149 50 1929.

203 2177 89 41 190
320 2188 44 39 p.
424 2177 129 41 illus.
611 2177 149 41 23½ᶜᵐ.

138 2244 52 52 ©
220 2248 112 40 Feb.
360 2248 70 48 18,
458 2247 141 48 1929;
629 2249 68 39 2c.
727 2248 112 40 Feb.
867 2247 84 48 20;
983 2247 82 40 aff.
1096 2248 112 39 Feb.
1237 2248 85 46 21;
1353 2247 42 40 A
1421 2247 143 45 4554;
1596 2248 54 40 E.
1681 2248 37 40 I.
1749 2248 195 47 Reeser,
1974 2247 165 48 Tulsa,

206 2304 107 42 Okl.
379 2303 251 51 (29-5398)

137 2416 214 63 Rhees,
384 2417 137 51 Mrs.
554 2415 245 52 Harriet
836 2415 226 63 Chapin
1106 2414 267 66 (Seelye)

202 2492 296 52 Laurenus
534 2490 177 55 Clark
747 2490 215 70 Seelye,
995 2491 125 53 first
1154 2491 293 69 president
1481 2492 64 52 of
1580 2490 189 56 Smith
1805 2492 230 68 college,
2068 2492 75 66 by

134 2570 88 53 his
251 2570 302 68 daughter,
584 2569 243 53 Harriet
858 2568 198 70 Seelye
1086 2569 212 68 Rhees;
1334 2569 141 52 with
1508 2588 31 35 a
1573 2570 289 53 foreword
1891 2569 77 70 by
134 2570 1985 131 William
306 2648 179 52 Allan
519 2647 251 53 Neilson.
848 2648 217 52 Boston
1102 2648 113 52 and
1252 2648 139 53 New
1429 2647 181 68 York,
1642 2648 323 69 Houghton
133 2647 1986 131 Mifflin
266 2743 298 51 company,
597 2727 151 51 1929.

203 2808 1740 49 xvi p., 1 l., 342 p. front., plates, ports., 2 double maps. 23ᶜᵐ.
137 2875 52 52 ©
230 2879 113 41 Feb.
381 2879 68 47 15,
489 2878 142 47 1929;
670 2880 69 39 2c.
778 2879 113 41 Feb.
931 2878 82 47 18;
1055 2878 85 41 aff.
1180 2879 113 41 Feb.
1333 2878 82 47 16;
1457 2879 42 39 A
1537 2879 143 47 4493;
1723 2880 205 40 Harriet
1972 2881 166 48 Seelye

206 2936 173 47 Rhees,
411 2935 279 48 Rochester,
721 2936 58 39 N.
811 2936 54 39 Y.
935 2935 252 49 (29-5015)

138 3045 348 62 Richmond,
520 3047 173 62 Mary
727 3046 186 62 Ellen,
951 3051 326 50 1861-1928.

202 3121 294 70 Marriage
525 3123 113 52 and
666 3122 96 53 the
791 3128 162 62 state,
981 3123 172 53 based
1182 3141 154 50 upon
1366 3123 134 53 field
1529 3123 214 54 studies
1773 3124 65 53 of
1863 3125 96 52 the
133 3143 1984 110 present
256 3201 114 67 day
400 3200 468 53 administration
897 3200 64 53 of
988 3201 286 69 marriage
1303 3201 139 53 laws
1470 3201 61 53 in
1559 3202 96 52 the
1682 3201 221 55 United
1936 3202 205 67 States,

132 3276 2009 72 by Mary E. Richmond … and Fred S. Hall … New York,
132 3354 226 54 Russell
393 3354 147 70 Sage
574 3355 364 69 foundation,
972 3358 151 51 1929.

202 3437 87 41 395
317 3449 44 37 p.
390 3438 111 42 incl.
532 3439 170 46 tables,
732 3438 170 42 forms.
960 3438 148 42 20½ᶜᵐ.

137 3500 52 52 ©
220 3505 111 39 Jan.
361 3505 70 47 30,
461 3504 142 48 1929;
633 3506 67 40 2c.
731 3506 97 39 and
858 3505 83 41 aff.
972 3505 111 40 Feb.
1114 3505 26 40 5;
1200 3505 41 39 A
1270 3505 144 48 4230;
1448 3507 195 41 Russell
1676 3507 122 49 Sage
1828 3508 309 42 foundation.

215 3559 252 51 (29-5006)

138 3670 213 63 Rippy,
379 3670 202 54 James
609 3671 170 64 Fred,
813 3677 168 49 1892-

272 3749 1868 69 … Rivalry of the United States and Great Britain over
137 3826 2002 74 Latin America (1808-1830) by J. Fred Rippy … Baltimore,
134 3905 121 53 The
281 3905 185 54 Johns
492 3906 271 68 Hopkins
793 3925 174 50 press,
997 3910 150 52 1929.
