2547 4384
1317 4034 101 50 846

377 444 1982 98 cover-title, 24 p. illus. 23 ᶜᵐ . [Medical news service, series v, Tuberculosis
583 502 96 39 and
705 501 170 40 health
902 500 183 49 society
1112 500 53 42 of
1192 500 69 42 St.
1288 500 163 50 Louis]

449 556 232 42 Contains
714 556 290 42 references.

379 622 52 53 ©
462 627 123 40 Mar.
615 627 39 47 5,
684 626 115 41 1929;
857 627 69 40 2c.
956 628 97 39 and
1082 626 82 42 aff.
1194 628 115 47 May
1338 627 26 39 2;
1422 626 41 40 A
1493 627 116 41 6866;
1670 627 239 48 Advisory
1939 627 206 41 medical
2176 627 121 41 staff
2325 628 51 39 of

447 683 83 41 the
556 684 344 41 Tuberculosis
928 686 97 39 and
1050 684 169 42 health
1249 695 94 31 soc.
1372 685 51 40 of
1455 685 68 41 St.
1552 684 163 41 Louis.
1782 684 281 49 (29-12455)

379 780 176 64 Sand,
588 778 247 67 George,
867 782 179 68 pseud.
1095 783 63 69 of
1186 782 170 55 Mme.
1387 779 336 66 Dudevant,
1757 782 329 54 1804-1876.

443 858 122 53 The
592 857 265 54 intimate
886 858 230 69 journal
1145 859 65 53 of
1238 858 222 69 George
1492 858 177 69 Sand,
1698 858 188 54 edited
1919 859 113 52 and
2059 859 318 53 translated

372 935 76 70 by
493 936 187 53 Marie
724 936 224 70 Jenney
990 936 199 54 Howe.
1271 938 140 52 New
1458 938 181 68 York,
1684 938 121 53 The
1851 938 155 54 John
2053 938 133 67 Day
373 956 1981 129 company,
577 1018 152 51 1929.

444 1098 1197 51 6 p. l., [3]-198 p., 1 l. front. (port.) 24½ᶜᵐ.
376 1167 52 53 ©
455 1172 114 46 May
595 1171 39 48 9,
661 1170 142 45 1929;
832 1172 67 39 2c.
926 1172 114 48 May
1066 1172 83 47 27;
1179 1171 82 42 aff.
1289 1172 114 48 May
1428 1172 83 46 21;
1540 1172 40 39 A
1608 1172 140 47 8328;
1779 1172 63 41 M.
1871 1172 45 41 J.
1943 1172 165 43 Howe,
2138 1173 234 48 Harmon,

443 1228 57 42 N.
524 1229 55 40 Y.
642 1228 282 50 (29-12464)

375 1324 223 64 Scholz,
634 1324 214 54 Alfred
884 1325 64 55 P.

443 1402 304 55 Defective
786 1403 156 70 sight
982 1404 113 53 and
1134 1404 129 52 how
1303 1410 58 47 to
1402 1421 132 36 cure
1572 1404 75 67 it;
1692 1403 226 54 discard
1960 1422 144 51 your
2145 1403 231 71 glasses,

372 1482 160 52 learn
558 1487 59 47 to
646 1500 89 34 see;
795 1482 95 52 the
919 1481 278 69 necessity
1226 1480 65 54 of
1320 1481 254 70 wearing
1603 1482 315 68 eyeglasses
1946 1482 48 53 is
2024 1482 223 67 caused,
2276 1487 100 49 not

373 1560 77 68 by
472 1578 32 34 a
528 1558 190 55 defect
742 1558 65 54 of
828 1560 98 54 the
948 1577 116 50 eye,
1085 1559 105 53 but
1211 1559 77 69 by
1312 1577 73 34 an
1409 1559 293 68 improper
1727 1578 98 35 use
1849 1558 64 54 of
1938 1560 97 53 the
2059 1577 113 51 eye.
373 1558 1977 132 Correct

523 1655 173 51 usage
731 1638 280 52 abolishes
1046 1638 96 52 the
1178 1638 329 68 eyeglasses,
1543 1642 266 63 prevents
1844 1638 97 52 the
1977 1637 397 68 development

373 1714 66 54 of
463 1734 174 50 many
663 1715 246 53 diseases
933 1714 65 53 of
1022 1716 99 51 the
1147 1733 99 50 eye
1273 1715 111 52 and
1413 1715 163 68 helps
1603 1714 235 70 healing
1864 1714 206 54 others.
2135 1715 153 53 How
2316 1720 57 48 to

374 1792 2000 70 achieve good sight. By Alfred P. Scholz, M. D. Brooklyn,
373 1870 850 69 N. Y., A. P. Scholz [ ᶜ19 29 ]
442 1950 1200 53 237, [2] p. illus., 3 fold. pl. 20½ᶜᵐ. $3.00
446 2023 236 48 Supports
709 2024 97 39 and
832 2024 332 47 supplements
1188 2023 85 40 Dr.
1300 2023 72 41 W.
1399 2023 62 41 H.
1486 2022 163 41 Bates’
1678 2023 123 40 book
1829 2022 226 41 “Perfect
2079 2021 134 50 sight
373 2022 1983 98 without

486 2079 230 49 glasses”,
778 2080 62 48 cf.
871 2090 45 38 p.
945 2079 72 41 45.

372 2144 52 53 ©
453 2150 114 47 May
593 2149 39 47 1,
659 2149 143 47 1929;
831 2149 69 41 2c.
927 2150 96 40 and
1051 2149 83 42 aff.
1163 2150 113 47 May
1303 2149 53 48 3;
1387 2149 39 40 A
1453 2148 142 49 7900;
1625 2148 56 41 A.
1708 2150 52 39 P.
1791 2148 183 48 Scholz,
2003 2149 263 46 Brooklyn.

452 2206 281 50 (29-12583)

375 2302 307 64 Sigmund,
716 2302 117 64 Jay
870 2302 67 55 G.

506 2382 1868 69 … Merged blood and The attic chest, Two errands, The way
375 2466 115 63 out,
519 2463 122 52 The
668 2462 166 69 ivory
863 2463 149 67 dart,
1039 2462 277 69 Dubbing
1346 2481 213 40 season,
1586 2462 125 52 The
1741 2462 254 67 placard,
2024 2460 351 68 Testimony,

374 2539 82 55 At
496 2547 94 47 ten
631 2539 230 69 o’clock,
899 2540 262 54 Doctor’s
1199 2541 152 67 bills,
1392 2540 197 67 Tonic,
1631 2539 273 55 Cracked.
1979 2540 114 54 Des
2133 2539 242 66 Moines,

374 2621 121 52 The
522 2619 329 53 Maizeland
880 2638 174 49 press,
1086 2622 149 50 1929.

438 2699 740 50 5 p. l., 3-100 p., 1 l. 24½ᶜᵐ.
437 2772 65 41 At
527 2773 126 39 head
680 2771 53 41 of
760 2772 109 40 title:
926 2773 73 46 By
1026 2773 95 47 Jay
1149 2772 53 41 G.
1232 2771 248 48 Sigmund.

371 2840 52 53 ©
448 2845 114 47 May
584 2845 69 47 17,
677 2844 142 47 1929;
845 2845 69 40 2c.
938 2845 114 47 May
1075 2843 83 48 20;
1186 2843 83 41 aff.
1295 2844 126 40 June
1445 2845 25 38 5;
1526 2844 39 39 A
1589 2844 114 39 9495;
1758 2844 277 41 Maizeland
2061 2854 150 38 press.

448 2900 282 50 (29-12483)

370 2996 215 63 Smith,
620 2996 246 54 Willard
903 2997 72 54 K.

438 3073 244 70 Bowery
706 3074 251 58 murder,
980 3074 77 68 by
1082 3074 251 53 Willard
1360 3075 74 53 K.
1466 3073 207 55 Smith.
1737 3073 231 54 Garden
1998 3073 153 70 City,
2177 3074 71 52 N.
2276 3073 92 66 Y.,

369 3152 143 52 Pub.
561 3151 94 53 for
701 3152 123 52 The
872 3151 191 55 Crime
1111 3152 145 55 club,
1304 3152 128 67 inc.,
1477 3152 76 69 by
1600 3152 358 68 Doubleday,
2005 3152 199 52 Doran
2254 3152 111 52 and

368 3247 298 51 company,
695 3229 129 68 inc.,
855 3232 152 51 1929.

437 3310 69 41 vii
534 3321 58 38 p.,
622 3312 24 38 1
711 3342 9 16 l.,
749 3310 88 42 325
863 3321 44 38 p.
967 3310 147 42 19½ᶜᵐ.

370 3378 52 53 ©
452 3384 115 46 May
594 3381 70 49 20,
693 3382 142 47 1929;
866 3383 69 40 2c.
964 3384 96 39 and
1089 3383 84 40 aff.
1203 3384 128 39 June
1359 3384 26 39 7;
1444 3383 40 39 A
1514 3382 141 47 9573;
1687 3383 299 47 Doubleday,
2018 3383 166 39 Doran
2216 3383 37 39 &
2281 3394 81 36 co.,

440 3439 92 41 inc.
603 3439 281 50 (29-12533)

373 3533 300 66 Spalding,
706 3534 235 53 Arthur
968 3534 355 64 Whitefield,
1356 3536 172 54 1877-

434 3611 173 67 Love,
631 3611 314 69 courtship,
970 3613 113 51 and
1107 3612 303 68 marriage,
1433 3612 76 66 by
1532 3612 71 52 A.
1628 3613 90 52 W.
1747 3611 302 69 Spalding.
2111 3610 256 54 Takoma

366 3688 175 68 Park,
574 3689 404 69 Washington,
1012 3690 72 52 D.
1124 3689 81 68 C.,
1242 3689 306 69 Peekskill,
1583 3690 69 52 N.
1691 3690 71 52 Y.
1824 3695 119 61 [etc.]
1985 3689 231 53 Review
2253 3690 112 52 and

366 3766 765 68 herald pub. assn. [ ᶜ19 29 ]
437 3849 58 41 48
521 3861 44 37 p.
593 3849 111 41 incl.
733 3849 164 47 front.,
926 3851 24 38 1
982 3850 129 40 illus.
1170 3849 146 42 18½ᶜᵐ.

371 3916 51 51 ©
447 3921 113 46 May
583 3921 69 42 18,
675 3920 117 40 1929;
842 3920 66 41 2c.
933 3923 95 38 and
1052 3920 83 41 aff.
1159 3922 113 46 May
1296 3921 55 38 22;
1403 3920 40 39 A
1467 3921 115 40 8269;
1634 3920 195 40 Review
1852 3921 36 40 &
1912 3921 169 39 herald
2105 3920 110 48 pub.
2234 3931 128 29 assn.

450 3976 281 48 (29-12512)
