2533 4384
1021 4059 102 50 269

58 413 138 61 Cox,
223 407 195 64 Philip
448 408 265 53 Wescott
743 404 336 64 Lawrence,
1114 407 172 49 1883-

123 484 325 70 Objectives
496 482 63 53 of
606 481 319 67 education,
972 478 283 70 prepared
1299 478 77 67 by
1421 475 201 69 Philip
1668 476 90 53 W.
1806 475 66 51 L.
1922 474 137 68 Cox,

55 552 2003 74 Charles C. Peters [and] David Snedden … New York city,
52 641 278 53 Teachers
361 638 229 69 college,
625 636 301 54 Columbia
959 632 337 70 university,
1333 634 150 50 1929.

121 712 1938 59 vi p., 1 l. , 185 p. diagr. 23 ᶜᵐ. (National society for the study of
52 779 310 43 educational
393 777 257 49 sociology.
710 773 269 50 Yearbook,
1011 772 86 49 2d)

122 839 1938 58 Appendix A : National society for the study of educational sociology.
54 904 324 48 Membership
406 901 99 49 list,
536 901 236 47 January,
804 899 115 40 1929
959 899 67 50 (p.
1056 897 228 48 177-179)

57 972 51 52 ©
137 975 110 40 Feb.
277 973 69 48 16,
374 972 116 41 1929;
546 973 69 39 2c.
644 972 123 39 Mar.
796 970 26 40 5;
881 968 81 42 aff.
993 969 122 40 Mar.
1145 969 26 39 7;
1230 968 41 38 A
1299 967 117 40 4738;
1475 966 242 42 Teachers
1748 966 193 48 college,
123 965 1916 106 Columbia
334 1030 130 40 univ.
530 1026 251 51 (29-6312)

57 1137 349 65 Cyclopedia
438 1136 64 52 of
532 1136 113 52 law
678 1135 115 52 and
827 1134 340 63 procedure.

130 1219 131 49 1929
290 1214 366 54 annotations
684 1219 59 46 to
772 1210 351 71 Cyclopedia
1153 1209 64 54 of
1245 1211 112 50 law
1385 1210 112 51 and
1529 1208 327 69 procedure.
1927 1211 135 50 1-40

57 1286 1977 153 Cyc … Ed. by William Howard Buchanan … under the supervision
371 1363 1690 72 of William Mack … editor-in-chief. New York, The
56 1449 305 52 American
411 1447 108 52 law
565 1446 147 53 book
759 1461 310 52 company;
1117 1444 262 65 London,
1427 1442 396 54 Butterworth
1872 1444 45 49 &
1964 1460 98 49 co.,

59 1530 149 50 1929.

126 1609 81 48 vii,
239 1606 394 48 cdxxviii-cdlix,
665 1606 85 40 775
782 1616 45 38 p.
886 1603 148 43 25½ᶜᵐ.

60 1675 51 52 ©
143 1679 112 40 Jan.
283 1678 69 46 30,
384 1676 141 47 1929;
557 1676 68 39 2c.
657 1678 95 39 and
784 1674 84 41 aff.
899 1673 111 43 Feb.
1039 1674 84 46 28;
1157 1675 41 38 A
1229 1673 143 47 5519;
1406 1672 259 42 American
1696 1675 96 38 law
1824 1673 124 40 book
1979 1684 83 37 co.,

128 1734 263 48 Brooklyn.

58 1828 372 63 D’Abernon,
465 1827 200 63 Edgar
695 1825 273 65 Vincent,
999 1830 88 49 1st
1115 1826 279 68 viscount,
1427 1825 172 55 1857-

122 1906 97 53 An
248 1905 369 54 ambassador
646 1903 65 54 of
739 1922 198 51 peace;
971 1921 173 52 pages
1177 1902 154 53 from
1361 1904 99 52 the
1489 1903 169 70 diary
1689 1903 65 53 of
1784 1903 282 54 Viscount

54 1980 2012 74 D’Abernon (Berlin, 1920-1926) … with historical notes by
53 2058 1987 148 Maurice Alfred Gerothwohl … London, Hodder and Stoughton,
205 2139 241 69 limited,
479 2143 151 48 1929.

126 2220 1346 52 1 v. front. (port.) fold. map (in pocket) 25½ᶜᵐ.
63 2285 2001 56 © 1c. Feb. 13, 1929; A ad int. 12359; pubd. Jan. 22; E. V. D’Abernon.
128 2349 214 40 London.
409 2348 251 51 (29-6771)

53 2444 183 63 Dean,
268 2444 221 64 Harry,
521 2449 172 50 1864-

128 2520 120 53 The
289 2520 188 54 Pedro
517 2520 247 68 Gorino;
808 2521 95 53 the
943 2522 341 53 adventures
1326 2522 65 52 of
1429 2541 29 33 a
1500 2539 176 52 negro
1716 2522 354 67 sea-captain

61 2598 57 52 in
155 2598 208 54 Africa
396 2598 115 54 and
548 2617 71 33 on
655 2599 95 53 the
787 2617 166 35 seven
990 2618 120 34 seas
1147 2600 60 51 in
1243 2600 90 54 his
1369 2605 272 63 attempts
1677 2606 59 46 to
1774 2599 185 54 found
1995 2619 74 33 an

61 2676 318 68 Ethiopian
415 2676 242 68 empire;
696 2695 73 33 an
806 2676 537 70 autobiographical
1377 2676 291 55 narrative
1704 2678 76 68 by
1817 2677 253 69 Captain

59 2753 199 69 Harry
296 2753 181 69 Dean,
515 2754 139 52 with
693 2755 96 52 the
827 2754 304 54 assistance
1170 2754 64 53 of
1275 2754 259 70 Sterling
1571 2755 205 52 North.
1854 2757 216 51 Boston

60 2832 113 52 and
201 2831 140 53 New
370 2831 180 69 York,
578 2831 322 69 Houghton
927 2831 203 54 Mifflin
1159 2851 298 50 company,
1490 2835 150 52 1929.

129 2914 95 46 xvi,
257 2914 87 41 262
377 2924 42 39 p.
480 2915 130 40 illus.
669 2916 149 40 22½ᶜᵐ.

64 2979 52 53 ©
145 2985 122 40 Mar.
295 2985 39 46 1,
362 2982 116 43 1929;
531 2985 71 40 2c.
628 2986 96 38 and
752 2984 84 41 aff.
866 2985 121 42 Mar.
1016 2984 26 40 5;
1099 2985 39 39 A
1167 2985 114 40 5653;
1343 2985 264 49 Houghton
1636 2987 168 39 Mifflin
1833 2998 68 31 co.

142 3040 254 48 (29-6322)

59 3133 294 65 Dekobra,
383 3134 281 66 Maurice,
699 3141 173 49 1885-

131 3214 120 52 The
308 3214 125 53 love
490 3212 186 70 clinic,
733 3215 75 69 by
865 3214 257 56 Maurice
1178 3216 307 56 DeKobra.
1542 3220 315 53 translated
1920 3219 151 52 from

62 3291 285 55 Flammes
380 3292 68 53 de
480 3293 241 67 velours,
751 3294 78 68 by
861 3294 64 52 F.
960 3293 78 54 M.
1072 3294 307 54 Atkinson.
1455 3294 138 55 New
1629 3296 180 68 York,
1842 3298 228 68 Payson

60 3369 642 72 & Clarke ltd. [ ᶜ1 929]
132 3450 406 49 286 p., 1 l. 19½ᶜᵐ
67 3517 53 51 ©
146 3523 124 39 Mar.
295 3521 39 48 9,
361 3521 140 49 1929;
528 3523 69 40 2c.
624 3523 123 40 Mar.
772 3523 54 39 11;
885 3523 82 42 aff.
994 3524 122 40 Mar.
1144 3524 54 39 12;
1255 3525 41 38 A
1321 3524 116 40 4825;
1494 3525 192 42 Pavson
1714 3526 36 41 &
1778 3526 177 41 Clarke
1982 3528 87 40 ltd.

147 3578 252 50 (29-6346)

70 3671 142 62 Dell,
245 3670 177 54 Ethel
454 3673 157 62 May.

139 3749 121 51 The
291 3749 148 53 altar
470 3748 63 52 of
561 3750 238 52 honour,
867 3758 80 62 pt.
981 3754 48 66 3,
1059 3752 162 68 chap.
1253 3752 156 68 7-10,
1440 3761 80 60 pt.
1551 3757 50 55 4,
1631 3755 163 68 chap.
1828 3760 47 48 1.

149 3830 83 47 (In
263 3826 185 46 Strand
480 3829 276 52 magazine,
790 3830 132 50 Feb.,
955 3831 145 52 1929)

71 3892 1999 67 © 1c. Mar. 21, 1929; A ad int. 12457; pubd. Jan. 24; Ethel Mary Savage,
137 3956 30 41 i.
199 3968 38 30 e.
269 3958 115 41 Mrs.
417 3957 179 42 Gerald
630 3958 200 51 Savage,
864 3960 244 45 Ewhurst.
1144 3960 194 51 Surrey,
1371 3962 238 50 England.
