2533 4384
1058 4044 100 49 261

69 395 195 65 Selph,
292 397 139 52 Mrs.
462 393 223 53 Fannie
715 391 204 55 Eoline
956 387 361 67 (Atkinson)

140 474 121 52 The
302 471 183 56 South
523 470 58 53 in
619 469 310 53 American
966 466 106 54 life
1110 466 114 52 and
1261 465 254 68 history;
1558 482 73 34 an
1669 463 169 53 effort
1877 462 64 54 of
1979 463 95 53 the

70 550 297 53 Nashville
391 550 264 66 chapters
679 547 64 53 of
767 547 97 52 the
888 545 218 55 United
1132 543 313 69 daughters
1470 541 63 53 of
1558 542 95 52 the
1681 540 397 69 confederacy,

70 627 292 69 approved
395 627 74 68 by
502 626 95 52 the
628 626 312 52 Tennessee
971 622 268 66 division,
1271 625 59 47 to
1361 625 229 63 present
1619 620 97 51 the
1747 624 127 47 true
1907 619 172 67 spirit

71 707 111 51 and
216 706 414 52 achievements
663 702 64 53 of
760 703 96 51 the
891 700 231 56 South’s
1155 698 353 54 civilization
1542 698 254 67 through
1830 697 97 52 the
78 696 1977 141 different

299 783 228 68 periods
563 780 64 54 of
663 781 99 52 her
799 779 241 69 history,
1075 778 128 53 that
1241 777 97 53 the
1377 775 185 57 South
1598 793 133 52 may
1767 774 69 55 be
72 775 1983 140 understood
271 862 108 51 and
418 860 181 68 justly

635 858 236 69 judged,
905 857 253 68 through
1195 856 95 52 the
1330 855 207 52 author
1576 854 113 53 and
74 859 1981 134 representative
214 939 220 52 Fannie
461 938 204 52 Eoline
692 936 196 68 Selph.

964 934 316 68 Nashville,
1305 934 199 66 Tenn.,
1530 931 340 70 McQuiddy
74 932 1983 155 printing
200 1035 300 50 company,
530 1018 150 49 1928.

142 1095 779 51 397 p. front., pl., ports. 24 ᶜᵐ.
146 1171 351 47 Bibliography
515 1180 9 29 :
554 1179 42 38 p.
623 1168 101 41 390.

83 1240 52 52 ©
165 1244 128 39 June
320 1242 68 46 15,
419 1242 142 45 1928;
591 1241 67 40 2c.
688 1241 96 39 and
815 1239 82 41 aff.
928 1240 123 39 Mar.
1082 1239 39 48 6,
1151 1238 117 40 1929;
1325 1239 41 38 A
1394 1238 143 46 4729;
1573 1238 50 40 F.
1655 1239 53 39 E.
1741 1237 159 48 Selpli,
148 1238 1918 102 Nashville.
359 1298 250 49 (29-6169)

81 1393 250 63 Shabaz,
367 1392 279 53 Absalom
681 1392 51 51 D
1026 1391 170 54 1874-
1415 1407 179 50 comp.

150 1470 50 52 A
240 1470 147 53 book
425 1469 64 53 of
527 1470 248 67 pictures
815 1468 238 53 entitled
1074 1486 10 33 :
1123 1467 262 53 Pictures
1425 1465 64 54 of
1527 1467 96 52 the
1663 1466 322 68 presidents
2024 1465 64 54 of

80 1550 93 52 the
221 1548 217 55 United
489 1546 189 56 States
725 1546 65 53 of
834 1546 297 65 America;
1183 1565 27 32 a
1261 1544 155 53 brief
1464 1544 325 69 biography
1840 1544 64 53 of
1952 1545 135 53 each

81 1627 288 68 president
417 1625 231 69 printed
694 1625 182 52 under
921 1624 90 53 his
1057 1624 238 67 picture.
1373 1623 304 53 President
1723 1623 236 53 Hoover
81 1623 1984 150 inauguration
469 1704 84 52 ed.

631 1702 303 68 Compiled
978 1702 114 53 and
1136 1701 306 68 published
1486 1701 76 69 by
1606 1700 71 53 A.
1724 1702 71 52 D.
1847 1700 242 56 Shabaz.

79 1783 159 53 West
264 1782 170 66 Allis,
460 1782 142 53 Wis.
636 1784 174 64 [1929]

150 1862 899 50 1 p. 1., 30 col. mounted port. 18½ ᶜᵐ.
88 1933 52 52 ©
168 1938 111 39 Jan.
307 1937 58 39 15,
405 1936 116 39 1929;
574 1936 68 39 2c.
668 1936 98 39 and
794 1934 82 40 aff.
906 1935 123 39 Mar.
1057 1934 53 46 5;
1140 1934 41 39 A
1209 1933 115 41 5665;
1382 1933 56 40 A.
1466 1934 57 40 D.
1556 1934 202 48 Shabaz,
1788 1936 134 39 West
1953 1934 137 48 Allis,

159 1993 113 40 Wis.
342 1992 251 49 (29-6171)

86 2088 194 63 Sloan,
309 2088 302 52 Laurence
640 2088 225 62 Henry,
898 2092 170 49 1889-

155 2164 384 69 Corporation
583 2164 230 68 profits;
861 2184 30 33 a
936 2164 174 69 study
1152 2163 65 54 of
1260 2164 152 53 their
1456 2164 130 67 size,
1630 2164 307 67 variation,
1981 2184 114 47 use,

85 2243 112 52 and
238 2243 374 52 distribution
653 2243 59 51 in
755 2261 30 34 a
833 2242 198 68 period
1072 2241 64 54 of
1176 2242 349 69 prosperity,
1565 2242 76 70 by
1683 2243 292 53 Laurence
2016 2244 79 52 H.

86 2320 1938 69 Sloan … New York and London, Harper & brothers, 1929.
155 2403 1251 50 ix p., 1 l. , 365, [1] p. diagrs. (part fold.) 21 ᶜᵐ.
163 2475 163 41 “First
357 2475 227 41 edition.”

162 2532 54 38 In
251 2531 203 48 slightly
489 2531 230 41 different
753 2531 143 49 form,
932 2531 99 41 this
1067 2532 147 47 study
1250 2542 102 30 was
1387 2531 262 49 originally
1684 2532 257 49 published
1979 2544 54 30 as
2071 2544 28 30 a

87 2588 151 40 series
271 2588 52 39 of
355 2588 180 48 special
567 2589 331 47 supplements
932 2591 48 38 to
1018 2588 247 42 Standard
1301 2590 141 40 trade
1476 2590 96 39 and
1608 2589 258 41 securities
1900 2589 198 49 service,

89 2645 153 39 under
269 2645 108 40 title
396 2656 9 28 :
436 2647 218 38 Beneath
682 2646 81 40 the
791 2645 195 41 surface
1005 2645 53 40 of
1074 2645 311 49 corporation
1403 2647 304 39 statements,
1769 2647 62 48 cf.
87 2646 1994 103 Acknowledgment.

97 2769 51 52 ©
180 2775 124 39 Mar.
332 2774 39 42 1,
403 2774 140 41 1929;
574 2775 69 40 2c.
674 2775 124 39 Mar.
827 2774 53 47 2;
913 2774 84 40 aff.
1028 2775 122 40 Mar.
1181 2775 25 38 5;
1266 2774 40 39 A
1338 2774 115 40 5640;
1514 2775 194 47 Harper
1739 2775 36 40 &
1806 2776 125 39 bios.
174 2830 251 48 (29-6232)

95 2925 215 64 Smith,
346 2926 201 52 James
581 2927 224 62 Henry.

164 3003 259 68 Mastery
474 3005 223 67 speller.
788 3005 211 52 Junior
1052 3005 141 69 high
1248 3005 210 66 school,
1511 3005 206 69 grades
1853 3039 123 34 VII-IX,
2028 3003 75 71 by

96 3081 2007 71 James H. Smith … and William C. Bagley … Boston, New
99 3160 1438 71 York [etc.] D. C. Heath and company [ ᶜ1 929]
166 3242 102 41 viii.
297 3242 86 40 232
410 3255 43 36 p.
511 3244 129 40 illus.
699 3244 116 40 19ᶜᵐ.

101 3307 51 53 ©
182 3313 110 39 Feb.
320 3313 38 47 8,
387 3313 139 42 1929;
556 3315 67 40 2c.
651 3315 110 41 Feb.
789 3315 82 42 23;
902 3315 81 40 aff.
1013 3316 110 40 Feb.
1152 3316 83 41 20;
1267 3317 38 38 A
1334 3317 140 42 5422;
1505 3317 56 40 D.
1592 3317 49 41 C.
1671 3318 164 40 Heath
1863 3319 36 39 &
1953 3328 40 30 co.

94 3422 258 62 SoRelle,
384 3423 227 63 Rupert
641 3424 144 64 Pitt,
821 3426 171 53 1871-
1213 3445 181 50 comp.

164 3499 238 53 Words:
439 3499 265 70 spelling,
739 3501 459 68 pronunciation,
1233 3503 318 64 definition,
1586 3504 112 53 and
1734 3504 374 68 application,

97 3576 279 67 compiled
408 3577 75 68 by
512 3578 224 68 Rupert
763 3579 66 52 P.
863 3578 240 54 SoRelle
1131 3581 113 51 and
1276 3579 239 55 Charles
1542 3583 90 52 W.
1663 3581 151 53 Kitt.
1890 3583 71 51 2d
1993 3601 113 33 rev.

98 3654 84 51 ed.
258 3655 139 51 New
446 3655 178 56 York,
674 3654 253 70 Chicago
998 3662 120 62 [etc.]
1170 3658 121 52 The
1339 3658 197 70 Gregg
1579 3659 337 70 publishing
99 3678 1984 119 company
335 3735 150 63 [ᶜ1929]

169 3814 408 48 viii, 183 p. 19½ ᶜᵐ.
171 3871 257 39 Technical
461 3872 366 41 vocabularies:
859 3884 43 36 p.
931 3873 189 41 78-144.

107 3922 52 52 ©
186 3927 113 40 Feb.
326 3927 54 40 27,
421 3927 141 48 1929;
590 3930 67 39 2c.
685 3931 94 39 and
809 3929 81 41 aff.
918 3931 121 39 Mar.
1067 3930 53 46 2;
1150 3930 41 39 A
1217 3931 141 42 5559;
1391 3932 159 48 Gregg
1575 3934 111 47 pub.
1714 3944 67 31 co.
185 3983 252 51 (29-6255)
