2547 4384
1395 4041 102 51 932

484 471 478 49 vii, 375 p. 19½ ᶜᵐ .
485 542 288 47 Previously
802 541 257 48 published
1088 541 49 39 in
1167 540 199 40 various
1394 541 127 47 legal
1551 539 293 49 periodicals.
1920 539 61 48 cf.
2012 539 277 41 Foreword.

417 606 51 54 ©
498 613 126 39 June
649 612 41 47 4,
718 611 143 47 1929;
890 611 67 40 2c.
985 612 96 38 and
1109 610 82 41 aff.
1220 611 126 39 June
1373 610 26 40 5;
1457 610 41 39 A
1525 609 116 41 9457;
1701 608 157 49 Cyrus
1884 611 63 39 M.
1976 609 176 47 Dixon,

486 607 1916 111 Philadelphia.
687 667 284 50 (29-13540)

417 764 209 53 Mount
658 763 205 64 Mercy
892 763 304 64 academy,
1233 763 201 55 Grand
1463 763 240 69 Rapids.

486 841 312 70 Chrysalid;
856 859 31 34 a
914 840 298 54 collection
1241 840 66 53 of
1332 840 233 53 student
1590 840 254 69 writing,
1871 858 175 50 verse,
2073 845 177 63 story,
2276 839 154 70 play,

415 938 177 51 essay,
638 920 242 53 selected
924 920 76 68 by
1045 920 97 52 the
1190 918 247 70 English
1484 920 379 67 department.
1940 918 202 55 Grand
2190 918 241 69 Rapids,

414 998 1177 69 Mich., Mount Mercy academy [ ᶜ1 929 ]
489 1079 1119 51 5 p. l., xiii-xix p., 1 l., 81 p. illus. 20 ᶜᵐ .
421 1148 51 53 ©
503 1154 113 46 May
646 1152 68 48 18,
745 1151 114 41 1929;
917 1152 68 40 2c.
1016 1152 96 39 and
1142 1150 83 41 aff.
1255 1152 114 47 May
1398 1151 56 40 27;
1513 1150 41 39 A
1584 1151 114 40 8737;
1760 1150 182 41 Sisters
1970 1150 55 40 of
2051 1160 177 37 mercy,
2262 1149 166 41 Grand

489 1209 200 49 Rapids,
715 1208 146 42 Mich.
926 1208 282 50 (29-13429)

423 1304 232 64 Nesbit,
686 1303 230 56 Wilbur
947 1304 167 65 Dick,
1153 1305 328 54 1871-1927.

488 1387 84 48 As
608 1382 261 52 children
902 1382 101 65 do;
1042 1399 194 50 poems
1268 1382 65 52 of
1368 1381 328 68 childhood,
1838 1380 232 56 Wilbur
2104 1381 73 53 D.
2215 1380 219 67 Nesbit,

419 1460 358 53 decorations
820 1459 75 70 by
939 1460 200 68 Ellery
1182 1459 234 54 Friend.
1492 1459 197 68 Joliet,
1732 1459 138 53 New
1914 1459 164 52 York
2143 1464 121 61 [etc.]
2313 1458 122 52 The

419 1538 985 68 P. F. Volland company [ ᶜ1 929]
492 1620 530 51 96 p. illus. 18½ ᶜᵐ .
425 1687 51 54 ©
503 1693 128 41 June
654 1691 69 48 15,
751 1690 118 41 1929;
920 1691 67 41 2c.
1014 1692 129 39 June
1166 1690 54 40 21;
1277 1690 82 42 aff.
1387 1692 127 39 June
1540 1690 59 41 20;
1652 1691 41 39 A
1718 1690 115 41 8844;
1890 1692 51 39 P.
1969 1691 52 40 F.
2049 1691 209 40 Volland
2285 1701 68 30 co.

503 1748 283 51 (29-13451)

426 1845 147 52 New
604 1843 165 54 York
837 1846 192 69 (State)
1105 1845 185 69 Laws,
1321 1850 258 63 statutes,
1611 1850 100 50 etc.

494 1921 285 56 Criminal
820 1921 111 53 law
974 1921 114 54 and
1131 1921 250 68 practice
1424 1920 65 54 of
1527 1921 96 53 the
1664 1924 148 51 state
1851 1921 65 54 of
1958 1922 138 52 New
2139 1920 182 59 York,
2364 1922 72 68 by

425 1998 2013 70 Frank B. Gilbert … consisting of the Penal law, the Code of
423 2078 265 53 criminal
732 2077 330 69 procedure,
1103 2077 96 53 the
1240 2076 260 53 Inferior
1542 2077 266 53 criminal
1850 2082 190 49 courts
2082 2082 108 63 act,
2232 2078 206 53 Parole

423 2156 362 53 commission
816 2156 111 52 law
958 2154 94 53 for
1084 2154 125 53 first
1240 2154 143 54 class
1415 2153 178 62 cities,
1624 2156 112 52 and
1771 2154 326 56 Children’s
2127 2164 162 45 court
2389 2163 50 46 acts

424 2234 66 53 of
522 2235 139 52 New
696 2233 164 53 York
892 2238 163 63 state,
1090 2233 139 53 New
1264 2232 164 53 York
1460 2232 117 70 city
1613 2233 113 53 and
1759 2233 252 68 Buffalo,
2045 2234 393 69 exhaustively

425 2312 340 66 annotated;
807 2316 162 48 court
1007 2310 297 68 decisions,
1343 2328 194 36 source
1575 2315 160 49 notes
1773 2312 113 52 and
1927 2310 513 68 cross-references,

426 2410 61 34 as
524 2390 277 54 amended
839 2395 59 47 to
935 2389 96 54 the
1069 2389 109 53 end
1216 2388 66 54 of
1318 2388 96 54 the
1452 2388 321 70 legislative
1810 2389 229 68 session,
2081 2392 151 52 1929.
2310 2392 127 52 12th

428 2467 2013 71 ed., by John T. Fitzpatrick … Albany, N. Y., M. Bender &
427 2565 298 51 company,
757 2545 420 69 incorporated,
1211 2547 152 51 1929.

499 2627 1943 51 xxxii p., 1 l., 826 (i. e. 848) p., 1 l., 1176 (i. e. 1172) p. 26 ᶜᵐ . $20.00
501 2699 253 49 Irregular
784 2699 192 49 paging.

501 2757 229 40 Lettered
757 2767 60 29 on
847 2765 168 31 cover:
1048 2753 230 43 Gilbert’s
1308 2754 237 42 Criminal
1575 2756 117 40 code
1720 2757 96 39 and
1847 2756 150 40 Penal
2026 2757 110 41 law.

435 2823 51 53 ©
512 2828 126 39 June
660 2828 39 46 7,
723 2826 143 46 1929;
892 2825 67 42 2c.
983 2826 96 39 and
1103 2824 83 41 aff.
1210 2826 128 39 June
1360 2825 57 40 10;
1469 2826 41 39 A
1533 2825 116 41 9630;
1702 2825 238 43 Matthew
1964 2829 195 40 Bender
2180 2828 37 41 &
2242 2838 81 38 co.,
2350 2829 90 40 inc.

512 2881 283 53 (29-13538)

497 2979 1945 70 … The New York supplement, with key-number annotations.
546 3055 1897 71 v. 233. Permanent ed. … March 25-May 6, 1929. St. Paul,
502 3136 162 53 West
690 3134 338 69 publishing
1054 3152 98 49 co.,
1181 3137 151 49 1929.

502 3216 602 48 Various paging. 24 ᶜᵐ .
437 3285 53 51 ©
516 3289 127 39 June
667 3288 70 47 21,
763 3287 114 40 1929;
932 3287 68 41 2c.
1027 3288 96 39 and
1149 3286 82 42 aff.
1257 3288 117 47 July
1400 3287 28 41 8;
1481 3287 41 39 A
1547 3288 143 38 11111;
1747 3289 138 40 West
1909 3288 111 49 pub.
2047 3298 68 32 co.

439 3382 289 64 Niebuhr,
757 3381 309 65 Reinhold,
1099 3387 172 49 1892-

507 3461 213 52 Leaves
758 3459 154 53 from
947 3459 96 53 the
1079 3459 282 53 notebook
1398 3460 65 52 of
1499 3479 30 33 a
1565 3460 192 53 tamed
1794 3461 163 68 cynic
2000 3460 110 69 [by]
2154 3461 289 55 Reinhold

438 3538 275 53 Niebuhr.
785 3535 271 70 Chicago,
1090 3537 140 53 New
1264 3537 181 70 York,
1477 3537 246 69 Willett,
1761 3537 179 55 Clark
1972 3540 47 51 &
2053 3537 202 71 Colby,
2293 3543 151 50 1929.

507 3617 930 50 3 p. l., v-xiv p., 1 l., 198 p. 20½ ᶜᵐ .
540 3687 1906 50 “Notes … to illustrate the typical problems of a modern minister in
442 3755 62 30 an
534 3744 266 40 industrial
831 3745 96 39 and
960 3744 153 40 urban
1145 3743 298 49 community
1476 3745 95 40 and
1603 3745 136 41 what
1767 3755 130 31 seem
1929 3747 48 39 to
2010 3747 57 40 be
2097 3756 136 31 more
2263 3757 56 31 or
2348 3748 98 40 less

438 3801 180 48 typical
660 3801 246 39 reactions
947 3800 53 40 of
1039 3811 28 30 a
1108 3811 160 37 young
1307 3801 226 40 minister
1573 3803 49 39 to
1664 3802 120 40 such
1824 3802 481 48 problems.”—Pref.
2348 3804 97 40 and

441 3859 217 47 apology.

443 3923 52 52 ©
526 3928 127 39 June
681 3927 72 49 20,
784 3928 142 47 1929;
959 3928 68 40 2c.
1059 3929 127 39 June
1214 3928 83 47 24;
1332 3928 83 40 aff.
1446 3929 128 39 June
1603 3929 84 47 22;
1720 3929 43 39 A
1793 3930 142 47 8881;
1970 3930 55 41 R.
2058 3929 233 48 Niebuhr,
2325 3929 119 40 New

509 3986 145 40 York.
725 3984 283 51 (29-13462)
