2533 4384
1059 4052 102 50 283

199 492 466 48 400 p. illus. 18 ᶜᵐ.
137 546 1769 52 © Mar. 4, 1929; 2c. Mar. 7; aff. Mar. 8; A 5683; Amer. book co.
215 606 250 47 (29-6435)

133 699 246 64 Barker,
410 700 241 63 Eugene
681 700 316 64 Campbell,
1030 701 168 53 1874-

199 776 121 53 The
353 777 224 68 growth
611 775 64 54 of
709 795 28 34 a
773 777 217 56 nation,
1024 777 94 52 the
1152 776 218 55 United
1409 775 189 56 States
1632 774 64 55 of
1730 776 284 67 America,
2047 775 76 70 by

131 853 1991 69 Eugene C. Barker … Walter P. Webb … and William E.
128 931 1996 69 Dodd … art work by Dorothy Handsaker. Evanston, Ill.,
126 1008 140 53 New
292 1007 162 54 York
484 1014 136 61 [etc.]
652 1008 160 69 Row,
839 1010 272 51 Peterson
1138 1009 114 52 and
1279 1026 281 51 company
1594 1042 13 32 [
1611 1014 18 22 c
1635 1011 152 64 1928]

197 1088 1779 50 xi, [1], 687, xxxvi p. incl. col. front., illus. (part col.) maps. 21 ᶜᵐ.
200 1146 311 40 “Additional
547 1145 201 48 reading
779 1146 81 39 for
896 1144 188 50 pupils”
1122 1147 95 39 and
1254 1145 251 48 “Reading
1537 1145 80 41 for
1654 1145 251 41 teachers”
1943 1149 52 38 at
2031 1147 93 40 end

126 1202 51 40 of
203 1203 120 39 each
348 1202 213 48 chapter.

131 1270 54 53 ©
213 1275 127 39 June
368 1274 68 46 29,
469 1274 140 46 1928;
641 1274 67 40 2c.
738 1275 97 38 and
865 1273 82 40 aff.
979 1274 122 39 Mar.
1131 1273 69 47 11,
1231 1273 142 46 1929;
1406 1273 40 39 A
1477 1274 140 45 5735;
1653 1274 132 46 Row,
1819 1274 232 39 Peterson
2084 1274 37 40 &

197 1341 68 29 co.
332 1330 249 48 (29-6434)

195 1424 121 52 The
349 1429 157 62 story
538 1422 64 54 of
634 1442 102 33 our
768 1424 216 57 nation,
1019 1424 96 52 the
1148 1424 217 53 United
1406 1422 188 55 States
1628 1422 64 54 of
1725 1423 286 62 America,
2044 1423 77 69 by

125 1500 1932 69 Eugene C. Barker … Walter P. Webb … William E. Dodd …
123 1584 89 47 art
264 1578 158 53 work
470 1579 76 67 by
595 1579 266 66 Dorothy
911 1578 363 67 Handsaker,
1326 1578 210 53 Nelson
1589 1578 364 67 Handsaker,
2006 1578 114 53 and

121 1656 206 53 others.
418 1656 313 67 Evanston,
770 1656 113 66 Ill.,
921 1656 138 52 New
1101 1655 163 53 York
1328 1661 119 61 [etc.]
1492 1656 160 67 Row,
1690 1656 275 53 Peterson
2006 1657 114 53 and

119 1752 281 50 company
437 1736 191 64 [ᶜ1929]

191 1814 1674 49 viii p., 1 l. , 410 p. incl. col. front., illus. (part col.) maps. 21 ᶜᵐ.
191 1870 925 49 “A history … for young readers.”
193 1928 288 47 “Questions
511 1928 96 39 and
635 1927 270 41 exercises”
936 1930 52 38 at
1017 1928 83 39 the
1128 1928 92 39 end
1251 1928 52 39 of
1333 1927 119 41 each
1483 1928 215 48 chapter.

126 1981 51 52 ©
204 1986 111 40 Feb.
341 1986 69 47 23,
437 1986 115 39 1929;
605 1986 67 39 2c.
699 1986 96 39 and
821 1984 82 41 aff.
931 1986 121 38 Mar.
1080 1985 53 38 11;
1191 1985 41 38 A
1259 1984 114 40 5739;
1432 1984 130 48 Row,
1591 1986 233 39 Peterson
1853 1985 37 40 &
1916 1996 66 29 co.

202 2041 251 48 (29-6433)

118 2122 245 60 Barton,
391 2121 209 63 Ralph,
634 2126 169 49 1891-

188 2197 176 54 God’s
402 2204 258 63 country,
701 2217 31 33 a
773 2199 160 51 short
973 2198 239 68 history,
1252 2198 77 69 by
1369 2198 193 67 Ralph
1605 2199 251 66 Barton;
1901 2198 141 53 with
2084 2217 31 34 a

116 2276 238 52 number
388 2275 64 53 of
485 2276 377 69 explanatory
897 2276 290 68 diagrams
1221 2276 75 68 by
1331 2276 95 52 the
1462 2275 222 53 author.
1759 2275 141 53 New
1936 2276 180 67 York,

116 2353 70 53 A.
218 2353 71 53 A.
322 2352 224 70 Knopf,
580 2356 149 53 1929.

187 2434 1213 50 6 p. l., 3-330, vii, [3] p. col. front., illus. 21 ᶜᵐ.
123 2489 51 52 ©
205 2495 122 38 Mar.
354 2494 40 45 4,
424 2493 117 40 1929;
596 2493 67 41 2c.
693 2493 125 40 Mar.
846 2493 29 39 9;
932 2492 81 41 aff.
1043 2493 122 39 Mar.
1194 2493 26 39 6;
1279 2493 42 39 A
1348 2493 118 40 4759;
1522 2493 172 40 Alfred
1723 2492 55 42 A.
1809 2493 180 47 Knopf,
2021 2494 91 41 inc.

199 2549 250 47 (29-6438)

118 2629 211 62 Beard,
358 2629 245 54 Charles
628 2629 239 59 Austin,
899 2630 169 54 1874-

184 2707 122 52 The
337 2706 224 53 Balkan
594 2706 190 68 pivot:
818 2707 382 69 Yugoslavia;
1236 2725 31 34 a
1300 2706 173 68 study
1504 2707 59 52 in
1597 2712 370 63 government
1999 2707 115 53 and

116 2783 1936 70 administration, by Charles A. Beard … and George Radin …
113 2861 138 53 New
283 2863 179 62 York,
492 2862 121 53 The
643 2862 335 52 Macmillan
1011 2880 296 50 company,
1343 2865 150 50 1929.

184 2944 620 48 viii p., 1 l. , 325 p. 20½ ᶜᵐ.
185 3000 144 40 “This
361 3001 144 47 study
536 3011 100 29 was
669 3001 303 39 undertaken
1004 3003 52 38 at
1087 3000 81 41 the
1199 3003 196 45 request
1427 3001 51 40 of
1510 3001 81 40 the
1622 3001 490 48 America-Yugoslav

115 3057 181 47 society
322 3056 51 40 of
397 3057 116 39 New
540 3057 131 40 York
696 3057 96 40 and
819 3057 191 41 carried
1037 3060 85 38 out
1149 3058 153 39 under
1330 3057 81 41 the
1439 3057 222 48 auspices
1690 3057 51 41 of
1769 3058 83 40 the
1879 3058 232 40 National

114 3111 225 41 institute
373 3113 52 40 of
456 3113 162 47 public
653 3113 635 41 administration.”—Pref.

119 3164 51 52 ©
199 3170 122 39 Mar.
350 3169 38 42 5.
417 3169 116 40 1929;
588 3170 66 40 2c.
683 3171 97 38 and
808 3169 82 42 aff.
918 3171 123 41 Mar.
1071 3170 25 39 6;
1155 3171 39 38 A
1223 3170 143 47 4726;
1399 3170 280 40 Macmillan
1710 3181 67 31 co.
194 3225 250 49 (29-6474)

108 3303 266 58 Beckett,
407 3305 242 55 Walter.

179 3381 239 53 Dearest
447 3383 136 66 idol,
610 3383 76 68 by
712 3384 224 52 Walter
964 3384 252 53 Beckett.
1292 3384 419 68 Indianapolis,
1740 3384 123 53 The
111 3385 1994 125 Bobbs-Merrill

365 3478 280 50 company
682 3494 12 33 [
698 3467 19 21 c
722 3464 152 64 1929]

177 3539 582 50 3 p. l., 11-284 p. 19½ ᶜᵐ.
115 3592 51 52 ©
195 3599 123 39 Mar.
345 3599 26 39 7,
413 3598 140 46 1929;
584 3599 66 40 2c.
680 3601 94 38 and
805 3599 82 41 aff.
916 3601 122 39 Mar.
1066 3600 82 47 11;
1178 3601 39 38 A
1247 3601 117 39 5746;
1420 3601 369 40 Bobbs-Merrill
1818 3611 68 30 co.

191 3653 250 48 (29-6452)

109 3733 304 64 Berkeley,
443 3737 97 50 Mrs.
613 3735 186 53 Grace
828 3737 191 52 Isabel
1059 3737 219 62 (Lane)

182 3809 245 70 Strange
468 3812 171 53 chief,
680 3813 95 52 the
818 3818 158 63 story
1016 3813 64 53 of
1121 3833 30 33 a
1195 3815 253 67 glorious
1488 3814 275 70 heritage,
1803 3815 78 68 by
1923 3814 183 55 Grace

107 3886 154 54 Lane
291 3888 293 54 Berkeley.
659 3891 427 68 Philadelphia,
1116 3892 215 53 Boston
1388 3898 120 61 [etc.]
1542 3892 121 53 The
1693 3892 225 55 Judson
1949 3911 157 52 press

112 3998 13 33 [
130 3970 17 22 c
152 3968 151 65 1929]
