2542 4361
1121 4011 98 48 643

351 443 611 49 xxv p., 1 l., 179, [1] p. 21½ ᶜᵐ.
256 513 1456 49 “Authorized translation … by E. B. Osborn.”—p. [ii]
533 584 162 41 CONTENTS.—Our
733 586 179 47 puppet
949 585 312 40 show.—The
1297 594 88 38 age
1422 584 78 40 for
1537 585 430 48 love.—Marriage
2005 597 57 30 on
2128 587 56 38 the

183 641 523 48 stage.—Ingratitude
742 642 51 40 of
828 642 398 41 children.—The
1260 641 264 45 distorting
1562 642 187 40 mirror.

188 708 1771 108 © May 1, 1929; 2c. May 1; aff. May 3; A 7873; Harper & bros. (29-10498)
183 894 194 62 Dunn,
411 891 244 56 Charles
687 892 252 64 Wesley,
973 896 82 53 ed.

253 970 221 53 Dunn’s
509 969 137 53 food
681 971 113 52 and
828 971 149 67 drug
1009 971 152 52 laws.
1237 970 374 68 Supplement
1646 971 263 67 January
1946 974 46 53 1,
2029 973 149 50 1929.

182 1048 1998 69 Prepared and ed. by Charles Wesley Dunn … New York,
181 1124 1381 69 United States corporation company [ ᶜ1 929 ]
251 1207 413 48 viii, 228 p. 25 ᶜᵐ.
183 1272 1992 102 © May 3, 1929; 2c. and aff. May 4; A 6919; United States corporation co.
181 1441 379 64 Ehrenstein,
588 1441 230 60 Albert,
850 1446 170 50 1886-

308 1520 1868 71 … Robbers and soldiers, translated by Geoffrey Dunlop.
175 1600 257 69 London,
461 1598 68 55 G.
557 1599 183 54 Howe
768 1599 100 53 ltd.
928 1602 151 63 [1929]

246 1679 662 49 4 p. l., 319, [1] p. 19½ᶜᵐ.
247 1752 143 39 From
426 1751 83 40 the
540 1750 270 41 thirteenth
844 1752 202 46 century
1082 1750 204 41 Chinese
1321 1751 136 39 novel
1497 1750 442 47 Shun-Hu-Chuan,
1976 1750 59 48 by
175 1751 1983 105 Chi-Nai-Ngan.
504 1809 60 47 cf.
597 1807 232 41 Author’s
857 1809 127 39 note.

247 1865 259 41 “Author’s
535 1865 169 41 note”:
734 1876 43 38 p.
812 1865 249 49 [313]-316.

247 1924 356 39 “Translator’s
632 1922 140 40 note”
792 1933 9 29 :
832 1933 43 37 p.
910 1921 247 50 [317]-319.

179 1992 1991 107 © 1c. Apr. 10, 1929; A ad int. 12603; pubd. Feb. 21; Gerald Howe, ltd. (29-10973)
180 2158 161 63 Ellis,
374 2159 252 52 Edward
656 2157 323 64 Sylvester,
1015 2163 323 49 1840-1916.

245 2237 167 53 Lives
448 2236 63 52 of
545 2236 95 53 the
675 2236 319 68 presidents
1030 2235 64 53 of
1128 2236 94 52 the
1260 2236 213 54 United
1514 2235 215 61 States;
1769 2236 270 68 designed
2081 2235 92 53 for

174 2313 1936 69 study and supplementary reading, by Edward S. Ellis …
175 2392 271 69 Chicago,
474 2392 70 52 A.
574 2393 301 67 Flanagan
905 2410 299 50 company,
1238 2394 148 50 1929.

242 2474 1048 49 264 p. incl. front. (port.) illus. 18½ᶜᵐ.
178 2541 51 53 ©
258 2546 114 47 Apr.
399 2546 69 46 29,
498 2546 138 45 1929;
666 2546 68 39 2c.
765 2547 113 44 May
906 2547 52 40 3;
990 2545 82 40 aff.
1103 2546 113 45 May
1246 2546 52 42 1;
1330 2544 39 40 A
1428 2545 84 40 6897;
1569 2544 55 41 A.
1653 2545 253 48 Flanagan
1937 2556 66 29 co.
247 2597 67 55 [©
345 2613 105 29 new
478 2602 184 47 subject
696 2604 194 47 matter]
959 2601 281 49 (29-10308)

177 2712 217 62 Evans,
439 2713 433 62 Montgomery,
916 2720 63 45 II.

244 2789 277 67 Prodigal
556 2807 157 37 sons;
753 2808 81 47 or,
870 2789 121 51 The
1028 2788 287 52 evolution
1353 2788 64 51 of
1452 2793 166 47 caste,
1653 2788 75 67 by
1765 2789 405 68 Montgomery

175 2864 1987 68 Evans, II. New York, W. W. Norton & company, inc. [ ᶜ1 929 ]
274 2946 1132 50 v, 7-108 p. 17 ᶜᵐ. [The new science series]
175 3012 1990 52 © Mar. 1, 1929; 2c. and aff. Mar. 28; A 6201; W . W. Norton & co., inc.
253 3073 280 48 (29-26374)

174 3182 249 64 Fauber,
467 3183 178 52 Hazel
687 3183 46 52 L
1024 3184 78 54 M.

241 3260 123 52 The
392 3260 286 69 astrology
709 3260 273 69 birthday
1011 3261 164 66 book,
1370 3262 117 51 Hazel
1518 3261 62 53 L.
1611 3262 78 51 M.
1721 3261 241 54 Fauber.
171 3261 1966 144 Chicago,

357 3338 138 53 New
528 3338 178 66 York,
737 3338 258 53 Laidlaw
1027 3339 278 66 brothers,
1339 3342 131 49 1923
1526 3340 35 51 [i.
1595 3358 40 34 e.
1672 3342 152 63 1929]

239 3420 986 49 224 p. XIV pl. (incl. col. front.) 21 ᶜᵐ.
174 3487 52 51 ©
255 3492 121 39 Mar.
405 3492 68 46 15,
503 3491 139 46 1929;
673 3492 67 39 2c.
770 3493 122 39 Mar.
921 3492 81 42 25;
1033 3492 83 41 aff.
1146 3494 121 38 Mar.
1296 3493 54 38 22;
1411 3492 40 39 A
1480 3493 141 46 7068;
1652 3492 224 41 Laidlaw
1902 3494 124 40 bros.,
2073 3494 90 39 inc.
249 3546 251 48 (29-8286)

172 3655 120 52 The
327 3654 243 52 Federal
606 3662 272 61 reporter.
957 3657 217 54 Second
1210 3658 183 52 series.
1472 3657 168 54 Cases
1676 3660 214 65 argued
1926 3660 107 52 and
239 3659 1902 125 determined

545 3732 58 52 in
629 3733 96 52 the
752 3732 218 54 Circuit
998 3739 188 47 courts
1212 3732 65 54 of
1303 3735 233 66 appeals
1565 3736 111 52 and
1704 3736 247 53 District
1975 3740 189 49 courts

240 3806 64 54 of
338 3808 97 53 the
467 3809 215 54 United
719 3808 188 56 States
942 3812 111 51 and
1089 3811 95 52 the
1221 3810 177 54 Court
1436 3811 65 53 of
1535 3813 233 67 appeals
1803 3812 65 52 of
1901 3813 94 52 the
240 3813 1899 126 District
399 3884 63 53 of

490 3885 316 68 Columbia,
832 3888 138 51 with
997 3888 372 66 key-number
1398 3890 378 52 annotations,
1842 3910 49 31 v.
1920 3894 64 48 29
2025 3888 127 69 (2d)
