2533 4384
1067 4068 102 47 187

122 497 205 51 [Booker
365 497 53 40 T.
460 495 504 49 Washington]—The
1004 494 157 40 circus
1201 504 114 29 man
1358 494 354 48 [Barnum]—A
1752 493 217 48 winning
2011 505 112 29 man

120 555 223 49 [Hoover]

123 621 51 52 ©
206 625 129 47 Sept.
364 623 69 48 19,
463 623 116 40 1928;
636 624 69 40 2c.
735 623 113 40 Feb.
877 622 70 48 16,
977 621 115 41 1929;
1153 621 83 41 aff.
1267 622 113 40 Feb.
1410 621 55 40 15;
1525 622 41 38 A
1595 621 114 41 5323;
1770 622 72 40 W.
1874 622 55 40 A.
1961 621 158 41 Wilde

191 693 67 29 co.
326 679 250 49 (29-4681)

125 774 392 71 [Leffingwell,
548 773 228 69 Albert]
814 779 170 50 1895-

185 852 285 69 Toujours
504 852 68 52 de
604 852 233 52 Pavant.
907 852 186 67 Paris,
1126 852 139 53 New
1301 851 181 68 York,
1515 851 230 53 Pinaud
1828 854 152 64 [ᶜ1928]

188 935 85 50 [35]
308 946 43 37 p.
412 936 85 39 col.
531 934 128 40 illus.
720 934 119 41 25ᶜᵐ.

188 1005 129 40 “The
351 1005 130 40 facts
516 1005 256 47 presented
809 1004 50 39 in
894 1004 99 40 this
1029 1004 124 40 book
1187 1014 127 30 were
1351 1003 233 49 specially
1619 1003 236 49 gathered
1893 1003 50 40 in
1981 1003 142 40 Paris

116 1061 178 48 during
323 1062 81 39 the
434 1061 167 48 spring
631 1060 51 40 of
711 1060 117 40 1928
857 1062 61 46 by
949 1060 81 40 the
1062 1060 192 49 author,
1285 1060 172 41 Albert
1488 1060 307 48 Leffingwell.
1856 1061 102 40 The
118 1061 1987 97 illustrations

356 1128 83 30 are
469 1117 80 40 the
579 1118 133 39 work
741 1117 53 40 of
821 1118 114 39 Will
966 1117 402 47 Hollingsworth.
1428 1117 100 40 The
1561 1118 121 39 book
1712 1127 101 30 was
1844 1117 194 48 printed
2069 1128 55 29 as

116 1185 27 29 a
185 1174 189 39 limited
414 1173 182 41 edition
640 1174 50 38 of
731 1174 117 39 1500
887 1174 160 48 copies
1089 1174 61 47 by
1192 1174 82 41 the
1318 1173 335 41 Smithsonian
1696 1184 207 37 process,
1947 1177 52 36 at
2043 1174 80 39 the

114 1230 219 48 printing
362 1231 148 39 house
540 1230 52 39 of
621 1230 215 41 William
870 1230 172 40 Edwin
1117 1231 136 47 Rudge,
1285 1229 121 42 inc.”

120 1283 51 52 ©
198 1288 113 39 Dec.
336 1287 69 48 15,
431 1286 141 48 1928;
600 1287 67 39 2c.
695 1288 96 39 and
819 1287 82 40 aff.
928 1288 111 40 Jan.
1065 1288 70 47 22,
1163 1286 141 48 1929;
1335 1288 41 38 A
1401 1287 143 47 4008;
1575 1286 206 49 Pinaud,
1809 1287 93 41 inc.

198 1343 251 50 (29-4772)

116 1438 284 64 Lehman,
431 1438 317 63 Benjamin
779 1438 311 64 Harrison,
1124 1444 171 49 1889-

186 1514 277 69 Carlyle’s
498 1515 203 68 theory
736 1514 66 53 of
835 1515 97 52 the
967 1515 135 52 hero
1122 1534 11 33 :
1169 1515 75 53 its
1279 1534 243 50 sources,
1557 1516 417 68 development,
113 1515 1987 146 history,

291 1592 114 53 and
434 1592 276 53 influence
740 1610 73 35 on
846 1592 276 69 Carlyle’s
1152 1593 188 67 work;
1374 1613 31 33 a
1434 1594 172 68 study
1636 1593 65 53 of
1732 1612 31 34 a
1792 1593 331 53 nineteenth

114 1670 1986 147 century idea, by B. H. Lehman … Durham, N. C., Duke university press, 1928.
185 1830 1672 50 vi, 212 p. 20 ᶜᵐ . (Half-title: Duke university publications)
184 1887 378 48 Bibliography:
595 1898 42 37 p.
666 1886 219 41 203-207.

119 1939 51 52 ©
200 1944 111 40 Jan.
341 1944 68 47 10,
439 1943 141 48 1929;
612 1944 66 39 2c.
711 1944 111 39 Feb.
851 1944 53 46 4;
937 1943 82 42 aff.
1050 1944 112 41 Feb.
1193 1945 81 45 14;
1308 1945 41 38 A
1376 1944 143 47 4438;
1553 1945 140 40 Duke
1723 1945 131 42 univ.
1884 1956 152 38 press.

197 1999 252 50 (29-4898)

115 2094 268 63 Linville,
414 2095 206 62 Henry
647 2094 390 65 Richardson,
1071 2100 172 50 1866-

186 2171 1874 71 A textbook in general zoology, by Henry R. Linville …
114 2248 2008 73 Henry A. Kelly … and Harley J. Van Cleave … Boston, New
116 2327 164 52 York
331 2332 120 63 [etc.]
487 2326 158 55 Ginn
675 2328 114 52 and
820 2346 281 52 company
1179 2332 153 65 [ᶜ1929]

187 2409 1182 49 viii, 463 p. col. front., illus., col. pl. 20 ᶜᵐ .
117 2463 51 52 ©
210 2467 112 40 Feb.
362 2468 40 46 4,
444 2466 116 41 1929;
628 2467 67 41 2c.
738 2467 112 41 Feb.
891 2469 82 46 18;
1017 2468 83 40 aff.
1143 2469 110 40 Feb.
1297 2469 83 47 16;
1424 2469 40 39 A
1504 2471 143 46 4482;
1692 2472 61 40 H.
1797 2472 56 41 R.
1894 2473 223 44 Linville,

185 2524 168 47 Henry
386 2524 55 39 A.
475 2524 157 47 Kelly,
666 2525 118 39 New
816 2525 145 47 York,
995 2526 96 38 and
1125 2525 187 48 Harley
1347 2527 44 39 J.
1426 2527 104 39 Van
1567 2527 188 49 Cleave,
1793 2529 214 44 Urbana,
2044 2531 75 40 Ill.

203 2576 51 52 [©
290 2590 105 30 new
427 2582 180 38 matter
640 2582 95 38 and
768 2581 346 50 illustrations]
1189 2582 253 49 (29-4890)

115 2674 183 65 Loud,
332 2674 225 54 Grover
587 2676 60 54 C.

186 2753 387 69 Evangelized
611 2753 288 70 America,
931 2755 76 70 by
1045 2755 222 54 Grover
1304 2755 62 56 C.
1404 2757 181 53 Loud.
1658 2758 140 54 New
1838 2759 181 70 York,
2053 2761 64 52 L.

113 2830 354 70 MacVeagh,
497 2833 121 52 The
646 2832 138 53 Dial
817 2852 184 48 press;
1058 2840 120 61 [etc.,
1209 2840 121 61 etc.]
1369 2838 148 50 1928.

182 2912 1259 51 xvi p., 1 l., 373 p. front., plates, ports. 21 ᶜᵐ .
182 2970 377 48 Bibliography:
590 2981 42 37 p.
661 2970 218 42 369-373.

118 3022 51 52 ©
198 3027 103 40 Oct.
328 3027 68 48 28,
425 3028 140 46 1928;
594 3028 68 41 2c.
690 3028 112 40 Feb.
831 3029 68 48 18,
926 3028 141 43 1929;
1098 3029 81 40 aff.
1210 3030 112 42 Feb.
1351 3031 82 47 16;
1463 3033 41 38 A
1530 3033 143 48 4479;
1704 3033 114 41 Dial
1848 3044 150 38 press,
2026 3036 91 41 inc.

193 3083 253 51 (29-4958)

113 3177 265 65 Ludwig,
412 3179 172 63 Emil,
619 3185 172 49 1881-

242 3257 1878 71 … On Mediterranean shores; translated from the German
112 3335 1983 147 by Eden and Cedar Paul … Boston, Little, Brown, and company, 1929.
181 3494 969 50 ix, 267, [1] p. front., plates. 23 ᶜᵐ .
118 3547 51 52 ©
198 3552 112 40 Feb.
340 3553 68 46 12,
439 3553 117 40 1929;
610 3554 68 40 2c.
709 3555 97 38 and
836 3554 81 41 aff.
947 3555 112 40 Feb.
1089 3557 82 46 14;
1203 3557 42 38 A
1271 3557 145 47 4440;
1449 3559 163 48 Little,
1644 3560 193 48 Brown,
1869 3564 96 38 and
185 3571 1914 85 company.
394 3609 252 49 (29-4682)

114 3701 306 65 Macavoy,
449 3704 138 52 Mrs.
620 3704 261 54 Clarissa
912 3706 248 55 Harbin.

181 3782 121 52 The
331 3781 124 53 first
482 3782 134 53 drill
646 3783 148 52 book
822 3785 58 51 in
911 3784 241 70 reading
1180 3785 248 70 English
1459 3788 93 54 for
1581 3807 128 35 men
1739 3791 113 52 and
1885 3809 234 49 women,

111 3859 1984 146 by Clarissa Harbin Macavoy … with illustrations by Margarete
339 3938 162 53 Lent.
576 3937 250 72 Albany,
862 3941 69 54 N.
971 3942 89 69 Y.,
1096 3942 143 55 Fort
1276 3941 231 73 Orange
1543 3963 175 52 press,
1755 3949 151 52 1929.
