2542 4389
1066 4019 99 51 891

113 393 316 64 Kasovich,
462 393 184 54 Israel
679 395 177 54 Isser.

183 473 121 52 The
341 473 140 67 days
519 471 64 53 of
618 491 104 34 our
757 492 190 50 years;
989 475 262 66 personal
1290 474 113 52 and
1442 475 228 66 general
1707 472 395 54 reminiscence

123 549 1980 71 (1859-1929) by Israel Kasovich … translated by Maximilian
114 628 1991 69 Hurwitz … New York, The Jordan publishing co., inc., 1929.
247 708 985 49 xv p., 1 l., 358 p. front., ports. 22½ᶜᵐ.
181 777 1920 49 “For the English version … Mr. Kasovich has revised the story of
112 834 76 39 his
218 832 525 41 life.”—Translator’s
773 837 126 38 note.

109 899 52 52 ©
193 903 127 39 June
350 902 69 48 10,
450 901 141 48 1929;
623 902 66 40 2c.
722 904 95 38 and
850 902 82 41 aff.
965 904 126 39 June
1121 904 48 38 11;
1237 903 41 39 A
1311 903 140 47 8643;
1487 905 208 39 Hebrew
1727 905 109 47 pub.
1869 915 81 37 co.,
1984 904 117 40 New

177 960 144 39 York.
392 958 280 49 (29-13044)

110 1067 248 63 Kleiser,
393 1067 312 64 Grenville,
744 1074 169 49 1868-

239 1143 1862 72 … Good English in business, compiled by Grenville Kleiser;
111 1222 94 53 for
249 1223 97 52 the
390 1222 280 53 exclusive
716 1241 95 34 use
858 1222 63 53 of
967 1222 294 55 Grenville
1309 1224 271 53 Kleiser’s
1628 1225 477 67 correspondence

109 1319 193 34 course
339 1300 274 52 students.
688 1300 137 52 New
865 1301 163 51 York
1067 1301 112 53 and
1219 1302 259 66 London,
1516 1301 169 52 Funk
1722 1303 47 51 &
1803 1302 301 69 Wagnalls

109 1379 509 67 company [ ᶜ19 29 ]
210 1458 1453 50 v p., 1 l., 9-153 p. 10ᶜᵐ. (Practical English series)
110 1527 52 52 ©
192 1532 114 46 May
334 1530 69 49 20,
433 1530 139 47 1929;
604 1531 67 39 2c.
702 1531 94 39 and
827 1530 82 41 aff.
939 1531 127 39 June
1094 1531 51 46 8;
1178 1531 40 38 A
1247 1530 141 48 9572;
1421 1531 53 40 G.
1502 1531 207 49 Kleiser,
1739 1532 167 41 Battle
1935 1531 167 50 Creek,

179 1588 144 40 Mich.
394 1587 281 49 (29-13058)

112 1697 251 63 Krause,
399 1696 135 54 Carl
566 1696 229 63 Albert,
831 1701 325 59 1872-1929,
1191 1699 84 53 ed.

181 1775 446 54 Deutschkunde;
684 1794 70 33 an
780 1775 389 53 introduction
1194 1782 59 46 to
1277 1776 95 52 the
1396 1776 171 69 study
1591 1776 64 53 of
1678 1775 290 70 Germany
1994 1777 109 51 and

113 1853 1987 71 the Germans, by Carl A. Krause … New York, Chicago [etc.]
112 1931 795 67 C. Scribner’s sons [ ᶜ19 29]
216 2011 1358 51 x, 77 p. front. (map) illus. (music) plates. 18 ᶜᵐ .
182 2083 617 42 “Verfasserverzeichnis”:
859 2095 44 38 p.
931 2094 47 32 x.

112 2153 52 52 ©
189 2157 126 40 June
337 2157 39 47 1,
401 2156 114 40 1929;
565 2156 68 40 2c.
658 2156 128 40 June
807 2156 49 39 11;
916 2155 82 41 aff.
1023 2155 125 41 June
1172 2155 52 47 8;
1250 2155 158 41 A8592;
1463 2155 200 41 Charles
1690 2155 265 41 Scribner’s
1979 2165 126 31 sons.

190 2212 281 50 (29-12938)

117 2323 383 63 Kretzmann,
531 2322 145 53 Paul
706 2323 273 64 Edward,
1009 2327 171 50 1883-

183 2400 120 52 The
330 2399 294 55 Christian
650 2417 221 35 woman
898 2417 59 35 as
983 2418 32 34 a
1039 2399 174 53 social
1238 2398 220 53 worker;
1517 2398 159 69 forty
1701 2399 274 69 analyzed
114 2400 1967 130 lessons

269 2477 93 53 for
389 2479 142 52 class
558 2477 313 54 discussion
901 2495 64 35 or
990 2477 226 68 private
1243 2477 189 68 study,
1457 2476 77 68 by
1560 2477 65 51 P.
1655 2477 67 51 E.
1751 2477 351 52 Kretzmann

175 2554 1695 70 … [Berne, Ind., Economy printing concern, inc., ᶜ19 29]
182 2637 83 40 131
298 2648 43 38 p.
403 2636 58 41 19
462 2639 44 21 ᶜᵐ
511 2668 9 10 .

113 2703 1974 111 © May 1, 1929; 1c. and aff. May 20; 1c. June 10; A 9583; P. E. Kretzmann,
370 2765 68 41 St.
462 2765 161 41 Louis.
687 2763 282 51 (29-12925)

116 2873 178 65 Lane,
325 2875 141 62 May
495 2875 247 63 Rogers.

182 2951 241 53 Manual
460 2957 59 47 to
558 2969 348 51 accompany
943 2950 311 54 Vocations
1291 2950 60 52 in
1389 2949 293 68 industry;
1726 2953 230 48 content
1993 2949 114 52 and

114 3029 291 53 materials
441 3029 64 53 of
540 3048 70 34 an
647 3029 368 67 occupations
1048 3045 210 49 course,
1294 3028 181 51 lesson
1512 3027 165 67 plans
1714 3025 96 53 for
1843 3026 96 53 the
115 3044 1966 115 general

262 3125 207 51 survey
497 3106 64 53 of
589 3107 383 67 occupations,
1004 3123 196 34 census
1230 3104 215 53 studies
1477 3103 95 52 for
1600 3108 172 48 states
1804 3104 113 52 and
1949 3103 158 53 cities

113 3180 1970 135 [by] May Rogers Lane … Scranton, Pa., International textbook
288 3265 507 65 company [ ᶜ19 29]
182 3318 1308 76 vii, 111, [9] p. tables (part fold.) diagrs. 22½ᶜᵐ.
116 3410 52 52 ©
193 3415 123 40 Mar.
338 3414 69 48 21,
433 3414 112 40 1929;
600 3414 66 41 2c.
689 3415 115 47 Apr.
829 3415 54 38 17;
939 3413 81 40 aff.
1048 3414 77 38 May
1185 3412 24 38 1;
1264 3411 41 39 A
1330 3410 140 47 9157;
1499 3410 256 40 Internati,
1781 3409 231 41 textbook
2037 3419 68 31 co.

118 3524 334 63 Lawrence,
491 3524 232 52 Arthur
760 3524 210 54 Stuart
1010 3522 193 54 Clark.

193 3602 153 69 Soap
378 3602 147 54 films;
588 3623 30 33 a
650 3604 173 68 study
853 3603 63 52 of
947 3602 306 51 molecular
1284 3599 431 69 individuality,
1742 3600 77 68 by
1849 3598 70 55 A.
1956 3598 55 55 S.
2047 3597 61 53 C.

121 3677 1764 70 Lawrence; with a foreword by Sir William Bragg, F. R. S.
120 3759 258 66 London,
405 3759 68 54 G.
503 3761 126 50 Bell
658 3759 113 53 and
799 3777 145 46 sons,
972 3758 121 62 ltd.,
1123 3758 148 52 1929.

186 3834 1389 53 xi. 141 p. col. front., illus., XVI pl., diagrs. 23 ᶜᵐ .
119 3905 1985 53 © 1c. June 18, 1929; A ad int. 12785; pubd. Apr. 30; A. S. C. Lawrence,
187 3966 211 42 London.
469 3967 279 48 (29-13737)
