2512 4377
1338 4059 103 51 222

460 505 42 40 A
527 506 147 46 study
702 505 52 40 of
781 505 91 40 Old
897 505 283 41 Testament
1208 505 226 39 material
1461 503 51 39 in
1539 504 81 39 the
1646 506 125 37 most
1802 503 381 48 representative
2213 504 181 47 graded

392 561 231 49 religious
660 565 131 38 texts
825 561 121 41 with
983 572 28 30 a
1047 561 298 49 description
1380 561 94 40 and
1510 559 219 49 analysis
1766 560 51 41 of
1853 561 135 40 these
2024 571 210 30 courses.
2293 560 101 41 The

391 621 183 46 graded
621 619 241 41 curricula
914 619 326 47 investigated
1290 629 84 29 are
1424 619 81 39 the
1553 618 280 47 following:
1883 619 101 40 The
2034 618 360 40 International

391 678 183 46 graded
615 676 178 46 series;
835 677 101 38 The
977 675 341 41 Constructive
1359 674 187 41 studies
1587 674 50 39 in
1679 675 229 47 religion;
1949 676 104 39 The
2097 674 296 49 Completely

390 735 181 47 graded
601 733 177 46 series;
809 733 100 40 The
939 733 193 39 Beacon
1159 743 170 29 course
1357 731 50 42 in
1435 731 232 48 religious
1695 732 285 47 education;
2013 733 101 38 The
2144 732 252 41 Christian

389 793 206 37 nurture
631 790 177 46 series;
845 790 101 39 The
980 789 255 47 Abingdon
1268 788 250 47 week-day
1551 788 232 48 religious
1817 788 259 43 education
2109 791 145 38 texts.

461 847 377 47 Bibliography:
878 857 44 37 p.
960 845 231 47 329-332;
1234 846 128 41 “The
1400 848 131 37 texts
1569 845 159 40 which
1765 846 122 40 have
1925 847 119 39 been
2080 846 313 40 examined”:

392 907 51 37 at
473 905 81 39 the
583 904 262 48 beginning
872 903 52 40 of
952 904 138 47 chap.
1181 925 136 17 III-VIII.

394 957 52 52 ©
475 961 111 40 Feb.
613 961 68 47 15,
710 960 141 47 1929;
880 960 68 40 2c.
975 960 97 39 and
1098 959 83 41 aff.
1209 960 112 40 Feb.
1423 969 9 37 18;
1461 959 42 39 A
1529 959 142 47 5364;
1703 958 214 49 Century
1945 970 68 29 co.

472 1016 253 50 (29-4960)

391 1111 190 64 Solve,
611 1111 226 52 Norma
868 1110 203 55 Dobie.

466 1189 200 55 Stuart
695 1190 230 67 politics
952 1189 59 52 in
1042 1188 350 68 Chapman’s
1418 1188 269 69 Tragedy
1714 1188 64 52 of
1807 1187 241 70 Chabot,
2075 1189 76 69 by
2179 1188 215 53 Norma

392 1268 183 53 Dobie
609 1267 184 55 Solve.
861 1267 135 52 Ann
1028 1267 209 68 Arbor,
1268 1267 339 69 University
1638 1266 63 53 of
1732 1266 317 69 Michigan,
2084 1268 150 52 1928.

459 1349 63 48 ix,
568 1350 72 49 [1],
683 1349 86 40 176
809 1358 44 39 p.
913 1349 55 40 23½
1001 1351 45 20 cm
1051 1380 8 9 .
1130 1348 303 48 (Half-title:
1474 1348 284 48 University
1800 1348 53 41 of
1894 1348 249 48 Michigan
387 1348 1988 100 publications.

591 1406 260 48 Language
883 1406 95 41 and
1007 1405 275 41 literature,
1342 1407 92 38 vol.
1524 1405 14 48 IV)

458 1463 378 48 Bibliography:
868 1473 43 37 p.
941 1461 219 42 161-170.

393 1517 1998 52 © Jan. 7, 1929; 2c. and aff. Jan. 28; A 4468; University of Michigan,
462 1577 250 41 Graduate
745 1578 164 39 school
942 1576 341 48 publications.
1355 1575 254 49 (29-5267)

391 1671 169 65 Stitt,
591 1671 254 52 Edward
873 1670 256 65 Rhodes,
1162 1671 172 54 1867-

457 1749 121 53 The
612 1749 349 69 diagnostics
996 1749 114 52 and
1145 1754 307 47 treatment
1487 1747 64 53 of
1586 1748 245 68 tropical
1868 1749 272 67 diseases;
2178 1767 32 34 a
390 1767 1979 128 compendium
715 1826 65 53 of
831 1827 246 67 tropical
1132 1826 113 52 and
1298 1827 163 51 other
1515 1826 184 53 exotic
1753 1827 262 67 diseases,
2069 1827 77 68 by
2202 1827 66 52 E.
2324 1828 68 52 R.

388 1903 2006 71 Stitt … 5th ed.—rev., with 249 illustrations. Philadelphia,
386 1982 983 68 P. Blakiston’s son & co. [ ᶜ1 929 ]
458 2063 1350 49 xix p., 1 l., 918 p. incl. front., illus., diagrs. 24ᶜᵐ.
459 2120 333 48 Frontispiece
820 2120 344 48 accompanied
1190 2120 62 47 by
1278 2120 102 40 leaf
1408 2120 120 40 with
1555 2120 293 48 descriptive
1878 2122 299 47 letterpress.

391 2175 52 52 ©
471 2179 111 41 Feb.
609 2178 70 48 20,
707 2177 141 48 1929;
878 2179 68 40 2c.
975 2178 111 40 Feb.
1112 2178 84 47 23;
1227 2177 83 41 aff.
1340 2178 112 41 Feb.
1479 2178 83 47 21;
1592 2178 42 39 A
1658 2178 143 47 4579;
1833 2180 51 40 P.
1913 2178 300 41 Blakiston’s
2242 2189 84 30 son
2357 2179 37 40 &

458 2246 68 30 co.
593 2234 252 50 (29-5383)

388 2328 292 64 Stockett,
710 2328 192 52 Maria
932 2327 242 65 Letitia,
1209 2333 170 49 1884-

456 2406 1875 69 Baltimore; a not too serious history, by Letitia Stockett …
387 2485 334 66 Baltimore,
750 2485 121 51 The
901 2485 275 66 Norman,
1204 2484 350 69 Remington
1583 2503 300 51 company,
1917 2487 147 51 1928.

455 2567 87 40 336
570 2577 43 37 p.
670 2568 228 38 mounted
930 2566 164 44 front.,
1127 2567 170 47 plates,
1330 2569 163 45 ports.,
1525 2568 129 47 plan.
1713 2568 147 41 24½ᶜᵐ.

455 2624 148 39 Plans
639 2635 61 28 on
734 2623 365 49 lining-papers.

456 2680 376 48 Bibliography:
867 2691 43 37 p.
941 2680 101 41 335.

389 2732 52 52 ©
485 2737 111 40 Dec.
637 2737 68 47 12,
747 2736 141 47 1928;
930 2737 67 39 2c.
1039 2737 111 40 Feb.
1253 2768 7 16 18,
1304 2736 140 47 1929;
1488 2736 83 41 aff.
1613 2737 112 41 Feb.
1767 2737 81 47 16;
1892 2738 41 38 A
1973 2737 143 48 4496;
2159 2738 230 48 Norman,

460 2793 291 48 Remington
782 2803 68 30 co.
919 2793 252 49 (29-4764)

388 2872 219 65 Street,
646 2872 228 65 George
912 2872 345 56 Hotchkiss.

457 2952 153 51 Pure
645 2951 113 52 and
793 2970 132 50 easy
960 2957 131 47 tone
1127 2952 372 67 production;
1539 2952 402 54 fundamental
1978 2953 314 69 principles
2328 2953 64 54 of

387 3028 2003 71 singing, by Geo. Hotchkiss Street … New York, N. Y., H. R.
389 3108 183 51 Elliot
599 3110 45 49 &
674 3126 99 49 co.,
802 3108 421 68 incorporated,
1256 3108 150 54 1927.

455 3190 88 39 102
572 3200 42 37 p.
675 3190 129 40 illus.
832 3190 134 48 (incl.
998 3190 180 48 music)
1245 3190 147 41 18½ᶜᵐ.

458 3247 256 47 Pamphlet
744 3247 51 40 of
824 3248 26 39 7
879 3257 146 38 pages
1055 3248 204 39 entitled
1293 3247 312 48 Supplement
1636 3251 48 38 to
1714 3249 127 39 Pure
1871 3250 97 38 and
1998 3259 116 37 easy
2146 3252 110 37 tone
388 3260 1983 90 production,
631 3305 130 38 loose
793 3303 50 39 in
871 3304 123 39 back
1025 3304 52 40 of
1105 3304 137 41 book.

389 3355 52 52 ©
473 3360 114 47 Apr.
618 3360 69 47 20,
720 3360 140 46 1927;
893 3361 69 39 2c.
993 3364 96 37 and
1121 3360 83 41 aff.
1237 3360 111 41 Feb.
1379 3362 40 45 4,
1453 3360 141 48 1929;
1629 3362 41 38 A
1703 3362 141 46 5131;
1880 3360 54 42 G.
1966 3362 62 39 H.
2063 3361 174 46 Street,
2272 3362 117 39 New

456 3416 145 41 York.
667 3416 253 49 (29-5020)

390 3495 236 63 Sutton,
659 3497 227 63 George
916 3497 253 55 Miksch.

454 3571 97 53 An
591 3572 391 55 introduction
1022 3580 58 47 to
1120 3575 97 52 the
1257 3575 161 53 birds
1458 3575 64 53 of
1563 3576 446 69 Pennsylvania,
2049 3577 76 70 by
2167 3576 222 71 George

389 3651 2001 70 Miksch Sutton … with a frontispiece in color and numerous
388 3729 382 68 pen-and-ink
792 3731 441 69 text-drawings
1255 3733 75 68 by
1353 3732 97 52 the
1473 3733 222 55 author.
1755 3733 379 70 Harrisburg,
2156 3734 233 68 Penna.,

384 3808 56 53 J.
470 3807 227 54 Horace
722 3807 357 55 McFarland
1107 3828 298 49 company,
1435 3813 150 49 1928.

455 3887 64 48 ix,
549 3887 86 41 169
664 3899 42 37 p.
768 3890 86 39 col.
882 3889 164 47 front.,
1077 3888 129 42 illus.
1375 3922 9 9 20ᶜᵐ.

391 3941 52 52 ©
473 3946 118 40 Nov.
619 3946 40 46 2,
689 3945 141 48 1928;
862 3947 68 40 2c.
961 3946 112 41 Feb.
1103 3947 68 48 16,
1203 3946 140 48 1929;
1377 3946 82 41 aff.
1491 3948 111 40 Feb.
1633 3948 82 47 19;
1748 3950 41 38 A
1818 3948 143 48 4499;
1995 3950 43 40 J.
2070 3950 191 39 Horace
459 3951 1910 91 McFarland
705 4012 67 31 co.
841 4002 252 51 (29-5287)
