2542 4389
1067 3969 135 54 1755

228 397 27 39 4
282 407 45 38 p.
389 428 9 17 l.,
425 397 175 41 11-322
626 409 45 37 p.
731 398 146 42 19½ᶜᵐ.

167 449 51 51 ©
250 453 101 40 Oct.
380 452 70 49 30,
480 453 113 41 1929;
652 456 66 38 2c.
749 455 120 40 Nov.
901 456 24 38 7;
986 455 81 39 aff.
1098 455 118 41 Nov.
1248 455 25 40 8;
1333 455 41 39 A
1405 455 141 40 14671;
1609 456 372 40 Bobbs-Merrill
2010 466 69 30 co.

240 509 282 49 (29-23795)

154 602 170 65 Cecil,
354 604 234 52 Russell
614 604 86 53 La
727 605 274 65 Fayette,
1034 611 172 49 1881-

286 681 1876 72 … The diagnosis and treatment of arthritis, by Russell L.
156 758 2007 72 Cecil … New York, London [etc.] Oxford university press
157 839 174 64 [ ᶜ19 29]
225 917 1938 51 viii, 216 p. plates. 25½ ᶜᵐ . (Oxford monographs on diagnosis and
151 975 598 48 treatment … vol. VI)
221 1045 287 41 Loose-leaf.

221 1101 254 41 Half-title:
536 1103 187 40 Oxford
753 1104 206 40 medical
988 1103 341 49 publications.

221 1159 350 49 Bibliography
596 1162 52 38 at
674 1161 92 39 end
793 1160 52 40 of
870 1162 127 38 most
1021 1159 53 41 of
1098 1161 83 40 the
1204 1160 245 48 chapters.

157 1225 51 52 ©
239 1230 102 40 Oct.
367 1229 71 48 30,
467 1230 140 47 1929;
638 1231 67 40 2c.
736 1231 96 39 and
861 1230 83 41 aff.
974 1231 119 41 Nov.
1122 1231 53 45 2;
1207 1231 43 38 A
1277 1229 172 47 15469;
1484 1231 187 40 Oxford
1704 1230 273 47 university
2005 1240 152 38 press,

222 1287 118 38 New
371 1287 144 47 York,
545 1287 91 40 inc.
706 1286 281 49 (29-23895)

146 1379 303 65 Chaumié,
480 1381 369 54 Emmanuel.

279 1459 1878 59 … La belle aventure de Robert de Fiers; Russie-Roumanie
157 1535 433 69 (février-mars
647 1538 161 68 1918)
877 1556 105 49 par
1039 1537 342 54 Emmanuel
1437 1537 305 62 Chaumié;
1801 1536 232 70 préface
2087 1538 69 52 de

146 1614 1695 70 Jean Giraudoux. [Paris] Firmin-Didot et c ⁱᵉ , 1929.
146 1696 1992 96 3 p. l.. xxi. 110 p., 1 l. front. (port.) plates, double map, double facsim.
310 1752 786 49 20 ᶜᵐ . (Histoires de France)
251 1834 153 30 Journal
464 1823 52 41 of
554 1825 83 39 the
676 1823 220 41 author’s
935 1824 207 47 journey
1183 1823 211 45 through
1437 1822 179 42 Russia
1658 1826 48 37 to
1749 1822 240 40 Rumania
2034 1822 121 40 with

145 1879 181 42 Robert
351 1881 60 40 de
438 1880 137 41 Flers
601 1881 51 42 in
678 1880 130 42 1918.

150 1933 51 52 ©
229 1938 114 47 May
370 1938 69 43 22,
467 1937 113 40 1929;
637 1939 66 39 1c.
731 1938 83 40 July
875 1937 55 40 12;
988 1937 314 45 A—Foreign
1328 1936 115 41 3767;
1503 1936 360 40 Firmin-Didot
1891 1940 38 41 &
1954 1936 88 41 cie.

228 1994 280 48 (29-23747)

141 2087 324 65 Coleridge,
495 2088 236 55 Samuel
758 2088 234 65 Taylor,
1024 2090 327 54 1772-1834.

211 2167 304 69 Coleridge
555 2185 70 35 on
670 2167 151 69 logic
864 2167 108 53 and
1017 2167 282 69 learning,
1338 2166 140 53 with
1521 2166 295 53 selections
1860 2165 148 54 from
2056 2167 95 52 the

138 2244 2014 70 unpublished manuscripts, by Alice D. Snyder … New Haven,
138 2324 145 51 Yale
313 2322 320 69 university
661 2341 185 49 press;
886 2327 138 64 [etc.,
1054 2327 120 63 etc.]
1213 2326 150 50 1929.

209 2403 1343 50 xvi p., 1 l., 169 p. front., facsims., diagrs. 24 ᶜᵐ .
212 2462 178 40 “Table
425 2461 51 40 of
508 2460 329 49 manuscripts
872 2462 95 39 and
1002 2459 241 42 editions”:
1306 2470 44 38 p.
1387 2459 221 51 [xi]-xiii.

145 2514 52 52 ©
228 2519 102 41 Oct.
361 2519 70 48 25,
462 2518 116 40 1929;
636 2520 67 39 2c.
733 2519 119 39 Nov.
882 2518 26 39 2;
971 2517 81 40 aff.
1083 2518 118 39 Nov.
1233 2517 24 39 1;
1320 2518 40 38 A
1391 2517 144 40 14632;
1596 2517 120 40 Yale
1748 2515 131 41 univ.
1911 2526 150 37 press.

222 2575 281 48 (29-23816)

136 2671 283 62 Cournos,
449 2669 174 64 John,
655 2675 171 49 1881-
1042 2687 178 52 comp,
1252 2671 117 53 and
1396 2675 69 48 tr.

209 2746 176 56 Short
418 2747 200 53 stories
652 2752 96 48 out
784 2745 66 54 of
883 2747 182 53 soviet
1097 2746 228 63 Russia,
1360 2745 283 69 compiled
1679 2745 113 53 and
1828 2744 320 54 translated

136 2822 2006 72 by John Cournos. New York, E. P. Dutton & co. inc. [ ᶜ19 29 ]
207 2907 64 46 xi,
300 2906 87 42 206
414 2917 43 39 p.
517 2905 146 42 19½ᶜᵐ.

209 2963 163 41 “First
403 2962 228 42 edition.”

142 3017 51 52 ©
224 3022 120 47 Aug.
375 3022 55 40 23,
533 3021 56 40 1929;
646 3022 67 40 2c.
743 3022 119 39 Nov.
893 3021 26 40 8;
979 3019 82 41 aff.
1092 3020 118 40 Nov.
1242 3019 25 38 5;
1328 3020 40 38 A
1400 3018 143 40 15687;
1606 3019 52 39 E.
1690 3018 51 40 P.
1773 3017 189 40 Dutton
1992 3017 37 41 &
2059 3027 84 39 co.,

207 3078 89 40 inc.
369 3077 279 49 (29-23877)

133 3173 362 62 Davenport,
524 3174 139 51 Mrs.
694 3171 309 55 Charlotte
1036 3173 61 53 C.

204 3249 302 68 Thoughts
538 3248 59 52 in
631 3248 253 69 rhythm,
914 3247 77 68 by
1025 3247 299 54 Charlotte
1359 3246 61 54 C.
1456 3247 354 65 Davenport.
1886 3246 232 65 [Boston]

132 3327 159 51 Priv.
323 3326 175 68 print.
536 3326 267 68 [Thomas
832 3326 162 52 Todd
1029 3343 96 42 co.,
1157 3325 268 68 printers]
1464 3326 150 50 1929.

202 3410 25 40 3
259 3421 41 37 p.
367 3441 8 14 l.,
405 3409 128 41 v-xi.
561 3410 86 38 115
676 3420 43 38 p.
779 3409 151 40 front.
991 3409 146 39 21½ᶜᵐ.

138 3461 1984 108 © July 17, 1929; 2c. and aff. July 19; A 10297; C. C. Davenport. Brooklyn.
369 3521 281 49 (29-23347)

126 3617 204 65 Davis,
357 3617 255 54 William
642 3618 267 56 Stearns,
941 3618 172 54 1877-

201 3695 121 52 The
361 3694 345 53 whirlwind,
746 3713 70 33 an
858 3694 296 52 historical
1195 3710 292 48 romance;
1527 3691 173 71 being
1738 3692 98 54 the
1875 3697 160 62 story
2077 3691 66 54 of

131 3771 94 53 the
271 3772 222 52 French
542 3772 317 52 revolution
907 3791 60 33 as
1012 3771 47 53 it
1105 3789 115 35 was
1266 3789 124 34 seen
1439 3770 76 68 by
1561 3770 156 53 René
1762 3770 89 53 De
1897 3769 244 63 Massac,

130 3850 217 72 deputy
378 3855 58 46 to
467 3850 94 52 the
596 3849 275 53 National
906 3849 282 67 assembly
1222 3849 111 52 and
1369 3848 232 69 general
1635 3846 65 57 of
1732 3847 98 54 the
1864 3846 279 70 republic.
