2533 4384
1084 4053 101 49 209

195 486 529 50 6 p. l., 100 p. 20 cm .
195 557 185 40 Poems.

130 624 52 52 ©
214 627 112 41 Feb.
356 627 39 47 8,
427 626 114 40 1929;
600 626 67 40 2c.
698 627 96 38 and
826 625 82 41 aff.
940 624 110 42 Feb.
1081 623 84 48 20;
1198 624 42 38 A
1267 622 143 48 4538;
1445 623 299 48 Doubleday,
1777 624 167 38 Doran
1976 623 37 39 &
2043 633 83 38 co.,

196 684 93 40 inc.
357 681 250 49 (29-5434)

129 778 323 64 Flanagan,
482 776 259 54 Richard
770 776 52 54 J.

197 852 1931 71 The turning point, by Richard J. Flanagan … A rev. ed.
126 934 237 66 Boston,
388 932 188 68 Lynn,
603 932 185 68 Perry
815 934 46 50 &
891 932 210 52 Elliott
1129 948 301 51 company,
1461 933 150 50 1929.

197 1016 56 39 77
284 1025 45 38 p.
495 1046 8 9 19ᶜᵐ.

198 1084 76 39 An
303 1083 315 48 explanation
650 1082 51 41 of
735 1083 81 39 the
849 1082 219 40 author’s
1100 1083 172 46 theory
1305 1083 111 39 that
1450 1083 82 39 the
1565 1092 145 30 cause
1743 1081 52 40 of
1828 1092 175 29 cancer
2035 1081 95 40 and

129 1141 142 40 other
296 1140 215 40 diseases
539 1140 42 39 is
609 1141 82 38 the
717 1139 232 48 drinking
973 1139 51 40 of
1051 1138 247 40 excessive
1327 1142 226 37 amounts
1582 1138 52 40 of
1660 1141 169 40 water.

129 1207 52 52 ©
209 1212 113 40 Feb.
347 1211 39 48 6,
414 1211 140 47 1929;
581 1211 68 40 2c.
676 1212 96 38 and
800 1210 83 41 aff.
910 1210 111 41 Feb.
1048 1209 82 47 20;
1161 1209 209 47 A.5394;
1400 1210 216 39 Richard
1644 1210 45 40 J.
1717 1210 268 47 Flanagan,
196 1210 1916 99 Boston.
362 1267 251 49 (29-5181)

125 1362 286 64 Fowlkes,
440 1361 156 53 John
627 1361 149 64 Guy,
810 1366 169 49 1898-

195 1437 1940 69 The modern life arithmetics, six-book series … by John
126 1515 2008 70 Guy Fowlkes … and Thomas Theodore Goff … New York,
125 1595 120 52 The
277 1594 337 53 Macmillan
646 1611 299 51 company,
980 1596 150 49 1929.

195 1678 28 39 6
251 1689 42 29 v.
354 1678 88 40 col.
469 1676 149 41 front,
649 1676 66 48 (v.
746 1676 52 47 3)
838 1676 115 39 illus
996 1675 136 49 (part
1162 1676 112 47 col.)
1344 1675 147 42 20½ᶜᵐ.

163 1781 8 9 v.
201 1750 39 47 1,
269 1750 41 47 2,
344 1745 54 52 ©
426 1749 112 40 Feb.
566 1748 68 48 19,
667 1748 140 45 1929;
840 1748 67 39 2c.
938 1748 118 39 each
1087 1749 94 38 and
1212 1746 109 41 affs.
1353 1748 112 39 Feb.
1494 1748 84 47 21;
1610 1759 45 30 v.
1684 1748 99 48 3-6,
1818 1744 53 52 ©
1904 1749 112 40 Feb.
2047 1748 53 40 19;

197 1806 71 41 2c.
302 1806 119 40 each
454 1806 96 39 and
586 1805 109 40 affs.
733 1804 111 40 Feb.
880 1804 84 46 20;
1001 1804 42 39 A
1077 1804 130 48 4534,
1243 1804 130 48 4535,
1412 1804 290 48 5390-5393;
1743 1804 283 40 Macmillan
2064 1816 68 29 co.

203 1858 70 54 [©
297 1872 107 30 new
427 1861 243 49 material]
737 1860 253 50 (29-5120)

131 1956 247 64 Furfey,
411 1956 146 52 Paul
592 1956 216 63 Hanly,
847 1961 169 50 1896-

258 2032 1853 69 … Tests for the measurement of non-intellectual traits [by]
125 2110 1985 147 Paul Hanly Furfey … Washington, D. C., The Catholic education press [ ᶜ1 928]
195 2272 56 40 35
280 2282 42 38 p.
379 2272 56 40 23
438 2274 45 20 cm
487 2303 9 9 .
564 2270 100 50 (On
691 2281 165 31 cover:
883 2272 102 39 The
1015 2271 223 41 Catholic
1266 2271 273 49 university
1570 2271 51 41 of
1649 2271 242 41 America.
126 2272 1989 97 Educational

317 2328 225 40 research
578 2327 246 49 bulletins,
859 2329 73 39 ed.
968 2328 61 47 by
1060 2328 83 40 the
1178 2328 324 48 Department
1536 2328 52 40 of
1622 2328 274 48 education,
1931 2330 93 40 vol.
2123 2360 9 17 III,

124 2396 77 31 no.
228 2384 53 50 8)

199 2442 160 41 Series
388 2442 107 40 title
521 2441 49 40 in
597 2445 113 45 part
735 2443 53 39 at
813 2442 125 39 head
966 2442 52 40 of
1043 2444 98 45 t.-p.

197 2498 377 48 Bibliography;
608 2509 42 37 p.
683 2497 161 41 24-35.

131 2551 52 52 ©
208 2556 112 40 Jan.
343 2557 39 45 7,
408 2555 140 47 1929;
575 2556 68 39 2c.
668 2554 110 40 Jan.
849 2565 9 36 8;
886 2553 83 41 aff.
995 2555 111 39 Jan.
1130 2553 24 39 9;
1211 2554 41 38 A
1276 2553 142 48 3608;
1448 2553 221 41 Catholic
1695 2555 260 40 education
1982 2565 150 39 press.

210 2611 252 49 (29-5016)

130 2704 278 65 Garland,
436 2704 259 65 Hamlin,
729 2710 172 49 1860-

264 2783 1865 71 … Prairie song and western story, by Hamlin Garland;
129 2862 327 54 illustrated
494 2862 75 69 by
610 2861 318 55 Constance
968 2861 276 55 Garland.
1325 2863 234 67 Boston,
1599 2862 140 53 New
1780 2863 165 53 York
2008 2870 120 61 [etc.]

126 2941 770 68 Allyn and Bacon [ ᶜ1 928 ]
197 3021 1936 50 xii p., 1 l., 368 p. front., illus., plates, port. 17ᶜᵐ. (Academy classics
126 3079 80 40 for
232 3078 168 48 junior
427 3077 117 49 high
573 3078 216 47 schools)

198 3135 251 48 “Reading
477 3133 142 42 list”:
652 3145 44 37 p.
725 3134 220 41 365-368.

198 3190 1936 51 “Selections … drawn from … novels, short stories, and essays, in
130 3248 157 41 which
316 3249 96 48 [the
438 3248 193 48 author]
661 3248 89 39 has
778 3248 264 47 portrayed
1071 3248 81 39 the
1181 3248 169 40 march
1378 3247 52 40 of
1457 3249 279 40 settlement
1764 3249 50 39 in
1843 3251 82 39 the
1954 3250 180 41 middle

128 3304 388 48 West.”—Pref.,
544 3304 195 48 signed:
772 3304 46 41 S.
848 3305 46 39 S.
921 3304 51 41 C.
1002 3303 44 50 [i.
1074 3315 38 29 e.
1142 3303 151 41 Stella
1325 3304 44 40 S.
1398 3303 191 50 Center]

135 3357 52 53 ©
213 3362 114 40 Dec.
352 3361 68 47 11,
447 3361 141 47 1928;
615 3361 69 40 2c.
711 3361 112 39 Feb.
851 3361 68 47 14,
947 3360 141 48 1929;
1117 3359 84 41 aff.
1230 3360 111 41 Feb.
1368 3360 83 47 15;
1481 3360 40 39 A
1548 3360 141 48 5312;
1717 3361 147 48 Allyn
1893 3363 36 40 &
1955 3364 179 40 Bacon.

212 3417 252 50 (29-5443)

134 3509 249 65 Glazier,
411 3510 244 53 Harriet
685 3511 256 63 Eudora,
973 3512 171 54 1870-

131 3588 1979 147 Arithmetic for teachers, by Harriet E. Glazier … [Los Angeles]
337 3667 291 55 Students’
654 3669 384 67 co-operative
1066 3674 167 60 store,
1263 3667 118 53 Uni
1386 3669 177 51 versity
1627 3669 64 53 of
1720 3668 327 55 California
2077 3677 59 47 at

129 3745 112 53 Los
270 3745 265 69 Angeles,
566 3748 150 50 1929.

201 3826 81 48 vii,
314 3827 85 40 225
431 3838 44 37 p.
533 3826 144 49 illus.,
709 3826 181 49 diagrs.
949 3826 147 42 20½ᶜᵐ.

202 3883 377 49 Bibliography:
611 3894 45 38 p.
685 3883 165 41 vi-vii.

135 3934 52 53 ©
219 3940 112 40 Feb.
361 3941 69 41 15.
461 3939 140 42 1929;
634 3941 69 39 2c.
734 3940 112 41 Feb.
875 3940 86 48 25;
995 3939 83 41 nff.
1109 3939 112 40 Feb.
1254 3939 83 47 23;
1370 3940 41 38 A
1440 3940 143 48 4573;
1618 3941 59 40 H.
1712 3943 53 39 E.
1798 3942 208 41 Glazier.
2038 3943 94 40 Los

202 3997 220 48 Angeles.
494 3997 251 49 (29-5391)
