<alto xmlns="http://www.loc.gov/standards/alto/ns-v3#" xmlns:xlink="http://www.w3.org/1999/xlink" xmlns:xsi="http://www.w3.org/2001/XMLSchema-instance" xsi:schemaLocation="http://www.loc.gov/standards/alto/ns-v3# http://www.loc.gov/alto/v3/alto-3-0.xsd"><Description>
<MeasurementUnit>pixel</MeasurementUnit>
<sourceImageInformation>
<fileName>1929_v26_part001.pdf</fileName>
</sourceImageInformation>
<OCRProcessing ID="IdOcr">
<ocrProcessingStep>
<processingDateTime>2019-04-18</processingDateTime>
<processingSoftware>
<softwareCreator>ABBYY</softwareCreator>
<softwareName>ABBYY Recognition Server</softwareName>
<softwareVersion>4.0</softwareVersion>
</processingSoftware>
</ocrProcessingStep>
</OCRProcessing>
</Description>
<Styles>
<ParagraphStyle ID="StyleId-FFFFFFFF-FFFF-FFFF-FFFF-FFFFFFFFFFFF-" ALIGN="Left" LEFT="0." RIGHT="0." FIRSTLINE="0."/>
<ParagraphStyle ID="StyleId-11A520CB-49B0-4D42-A675-089886D5B704-" ALIGN="Center" LEFT="0." RIGHT="0." FIRSTLINE="0." LINESPACE="7.699999809"/>
<ParagraphStyle ID="StyleId-2AEC4724-E584-48A1-8E6D-86B1AA154223-" ALIGN="Left" LEFT="0." RIGHT="0." FIRSTLINE="0." LINESPACE="12.19999981"/>
<ParagraphStyle ID="StyleId-5ADCDE1D-F34B-405C-A765-E9B51F6229BD-" ALIGN="Left" LEFT="0." RIGHT="0." FIRSTLINE="-13." LINESPACE="8.050000191"/>
<ParagraphStyle ID="StyleId-D0AEFB96-F81D-4367-8545-C0AC945FA34C-" ALIGN="Block" LEFT="0." RIGHT="0." FIRSTLINE="-13." LINESPACE="8.899999619"/>
<ParagraphStyle ID="StyleId-9A3BB592-4BA4-4F85-B157-B9A7F1FC9680-" ALIGN="Left" LEFT="0." RIGHT="0." FIRSTLINE="0."/>
<ParagraphStyle ID="StyleId-E9D6144A-CFDC-4919-911D-02B0461DB967-" ALIGN="Left" LEFT="0." RIGHT="0." FIRSTLINE="-13." LINESPACE="23.43000031"/>
<ParagraphStyle ID="StyleId-EEECFC68-AAC5-42B1-B3BF-987799B5B74A-" ALIGN="Block" LEFT="0." RIGHT="0." FIRSTLINE="0." LINESPACE="23.43000031"/>
<ParagraphStyle ID="StyleId-98D20B11-A9BB-4FAB-8DC8-DC8C43F3755E-" ALIGN="Left" LEFT="0." RIGHT="0." FIRSTLINE="0." LINESPACE="10.5"/>
<ParagraphStyle ID="StyleId-C279DBAD-2656-4352-93E6-C942618B09B1-" ALIGN="Block" LEFT="0." RIGHT="0." FIRSTLINE="-13." LINESPACE="8.770000458"/>
<ParagraphStyle ID="StyleId-A539B2D0-654F-45BA-9385-D7E681D9BD87-" ALIGN="Block" LEFT="0." RIGHT="0." FIRSTLINE="0." LINESPACE="8.18999958"/>
<ParagraphStyle ID="StyleId-CFE66565-54F2-45CF-9511-65151219B0BC-" ALIGN="Left" LEFT="0." RIGHT="0." FIRSTLINE="-12." LINESPACE="12.19999981"/>
<ParagraphStyle ID="StyleId-37B60A95-D7B9-4720-9D46-F2E763AAD699-" ALIGN="Block" LEFT="0." RIGHT="0." FIRSTLINE="0." LINESPACE="12.19999981"/>
<ParagraphStyle ID="StyleId-255154CA-71AA-47B9-A5EB-ED90642010CE-" ALIGN="Block" LEFT="0." RIGHT="0." FIRSTLINE="13." LINESPACE="7.900000095"/>
<ParagraphStyle ID="StyleId-4618FB06-20CA-4F95-9CA2-829603EE887D-" ALIGN="Block" LEFT="0." RIGHT="0." FIRSTLINE="0." LINESPACE="10."/>
<ParagraphStyle ID="StyleId-61F9B98E-BA82-4DCF-809A-0C5481162321-" ALIGN="Left" LEFT="0." RIGHT="0." FIRSTLINE="-13." LINESPACE="8.479999542"/>
<ParagraphStyle ID="StyleId-16A4FB0C-4CB7-44C8-846E-AF89DD76FC73-" ALIGN="Left" LEFT="0." RIGHT="0." FIRSTLINE="0." LINESPACE="11.10000038"/>
<ParagraphStyle ID="StyleId-8CC01B24-9D1D-45D5-B954-83ECA9EA3425-" ALIGN="Left" LEFT="0." RIGHT="0." FIRSTLINE="-13." LINESPACE="8.050000191"/>
<ParagraphStyle ID="StyleId-3DB8CD3F-AD17-4DD7-8361-787A6A426C72-" ALIGN="Block" LEFT="0." RIGHT="0." FIRSTLINE="13." LINESPACE="7.900000095"/>
</Styles>
<Layout>
<Page ID="Page1602" PHYSICAL_IMG_NR="1602" HEIGHT="4342" WIDTH="2533">
<TopMargin HEIGHT="318" WIDTH="2533" VPOS="0" HPOS="0">
</TopMargin>
<LeftMargin HEIGHT="3736" WIDTH="376" VPOS="318" HPOS="0">
</LeftMargin>
<RightMargin HEIGHT="3736" WIDTH="107" VPOS="318" HPOS="2426">
</RightMargin>
<BottomMargin HEIGHT="288" WIDTH="2533" VPOS="4054" HPOS="0">
</BottomMargin>
<PrintSpace HEIGHT="3736" WIDTH="2050" VPOS="318" HPOS="376">
<TextBlock ID="Page1602_Block1" HEIGHT="70" WIDTH="154" VPOS="3984" HPOS="1334" LANG="en-US" STYLEREFS="StyleId-74858F46-A8BE-4370-B2D8-4BC8C21AE7B3-">
<TextLine HEIGHT="50" WIDTH="135" VPOS="3994" HPOS="1343">
<String CONTENT="1602" HEIGHT="50" WIDTH="135" VPOS="3994" HPOS="1343"/>
</TextLine>
</TextBlock>
<TextBlock ID="Page1602_Block2" HEIGHT="3634" WIDTH="2050" VPOS="318" HPOS="376" LANG="en-US" CS="1" STYLEREFS="StyleId-37F0BF2E-FF15-4450-9D0F-3837123A8A91-">
<TextLine HEIGHT="66" WIDTH="651" VPOS="329" HPOS="386" STYLEREFS="StyleId-6CF3967D-32D1-4F1C-ABDB-1C9A67DE88FD-">
<String LANG="la" CONTENT="Brandeis," HEIGHT="65" WIDTH="309" VPOS="330" HPOS="386"/>
<SP HEIGHT="64" WIDTH="27" VPOS="331" HPOS="696"/>
<String LANG="en-US" CONTENT="Madeline." HEIGHT="56" WIDTH="313" VPOS="329" HPOS="724"/>
</TextLine>
<TextLine HEIGHT="147" WIDTH="1985" VPOS="408" HPOS="387" STYLEREFS="StyleId-045755B5-772A-4FCD-B16A-3FCD46C9387E-" CS="1">
<String CONTENT="Little" HEIGHT="53" WIDTH="179" VPOS="409" HPOS="459"/>
<SP HEIGHT="54" WIDTH="37" VPOS="409" HPOS="639"/>
<String CONTENT="Jeanne" HEIGHT="54" WIDTH="219" VPOS="409" HPOS="677"/>
<SP HEIGHT="35" WIDTH="41" VPOS="427" HPOS="897"/>
<String CONTENT="of" HEIGHT="53" WIDTH="65" VPOS="409" HPOS="939"/>
<SP HEIGHT="53" WIDTH="38" VPOS="409" HPOS="1005"/>
<String CONTENT="France," HEIGHT="68" WIDTH="237" VPOS="409" HPOS="1044"/>
<SP HEIGHT="67" WIDTH="38" VPOS="410" HPOS="1282"/>
<String CONTENT="by" HEIGHT="67" WIDTH="74" VPOS="410" HPOS="1321"/>
<SP HEIGHT="68" WIDTH="36" VPOS="409" HPOS="1396"/>
<String CONTENT="Madeline" HEIGHT="54" WIDTH="291" VPOS="408" HPOS="1433"/>
<SP HEIGHT="53" WIDTH="40" VPOS="409" HPOS="1725"/>
<String LANG="la" CONTENT="Brandeis" HEIGHT="54" WIDTH="283" VPOS="409" HPOS="1766"/>
<SP HEIGHT="33" WIDTH="44" VPOS="430" HPOS="2050"/>
<String CS="1" CONTENT="&#8230;"/>
<SP HEIGHT="49" WIDTH="44" VPOS="428" HPOS="2152"/>
<String CONTENT="photographic" HEIGHT="145" WIDTH="1985" VPOS="410" HPOS="387"/>
</TextLine>
<TextLine HEIGHT="71" WIDTH="1740" VPOS="484" HPOS="659" STYLEREFS="StyleId-045755B5-772A-4FCD-B16A-3FCD46C9387E-">
<String CONTENT="illustrations" HEIGHT="55" WIDTH="383" VPOS="485" HPOS="659"/>
<SP HEIGHT="35" WIDTH="24" VPOS="505" HPOS="1043"/>
<String CONTENT="made" HEIGHT="53" WIDTH="166" VPOS="486" HPOS="1068"/>
<SP HEIGHT="52" WIDTH="25" VPOS="488" HPOS="1235"/>
<String CONTENT="in" HEIGHT="52" WIDTH="61" VPOS="488" HPOS="1261"/>
<SP HEIGHT="51" WIDTH="28" VPOS="486" HPOS="1323"/>
<String CONTENT="France" HEIGHT="53" WIDTH="219" VPOS="486" HPOS="1352"/>
<SP HEIGHT="52" WIDTH="25" VPOS="487" HPOS="1572"/>
<String CONTENT="by" HEIGHT="68" WIDTH="77" VPOS="487" HPOS="1598"/>
<SP HEIGHT="66" WIDTH="25" VPOS="489" HPOS="1676"/>
<String CONTENT="the" HEIGHT="53" WIDTH="97" VPOS="486" HPOS="1702"/>
<SP HEIGHT="34" WIDTH="27" VPOS="505" HPOS="1800"/>
<String CONTENT="author." HEIGHT="53" WIDTH="222" VPOS="485" HPOS="1828"/>
<SP HEIGHT="54" WIDTH="76" VPOS="484" HPOS="2051"/>
<String CONTENT="Chicago," HEIGHT="70" WIDTH="271" VPOS="484" HPOS="2128"/>
</TextLine>
<TextLine HEIGHT="68" WIDTH="911" VPOS="565" HPOS="385" STYLEREFS="StyleId-045755B5-772A-4FCD-B16A-3FCD46C9387E-">
<String CONTENT="A." HEIGHT="52" WIDTH="70" VPOS="565" HPOS="385"/>
<SP HEIGHT="52" WIDTH="29" VPOS="565" HPOS="456"/>
<String CONTENT="Flanagan" HEIGHT="68" WIDTH="303" VPOS="565" HPOS="486"/>
<SP HEIGHT="35" WIDTH="25" VPOS="582" HPOS="790"/>
<String CONTENT="company," HEIGHT="52" WIDTH="299" VPOS="581" HPOS="816"/>
<SP HEIGHT="62" WIDTH="29" VPOS="568" HPOS="1116"/>
<String CONTENT="1929." HEIGHT="50" WIDTH="150" VPOS="567" HPOS="1146"/>
</TextLine>
<TextLine HEIGHT="49" WIDTH="1915" VPOS="644" HPOS="462" CS="1">
<String CONTENT="190" HEIGHT="41" WIDTH="86" VPOS="645" HPOS="462"/>
<SP HEIGHT="48" WIDTH="24" VPOS="645" HPOS="549"/>
<String CONTENT="p.," HEIGHT="37" WIDTH="57" VPOS="656" HPOS="574"/>
<SP HEIGHT="47" WIDTH="27" VPOS="645" HPOS="632"/>
<String CONTENT="1" HEIGHT="39" WIDTH="25" VPOS="645" HPOS="660"/>
<SP HEIGHT="39" WIDTH="25" VPOS="645" HPOS="686"/>
<String CS="1" CONTENT="l." HEIGHT="8" WIDTH="8" VPOS="677" HPOS="734"/>
<SP HEIGHT="40" WIDTH="26" VPOS="645" HPOS="743"/>
<String CONTENT="incl." HEIGHT="40" WIDTH="110" VPOS="645" HPOS="770"/>
<SP HEIGHT="41" WIDTH="26" VPOS="644" HPOS="881"/>
<String CONTENT="front.," HEIGHT="48" WIDTH="166" VPOS="644" HPOS="908"/>
<SP HEIGHT="48" WIDTH="27" VPOS="644" HPOS="1075"/>
<String CONTENT="illus." HEIGHT="41" WIDTH="129" VPOS="644" HPOS="1103"/>
<SP HEIGHT="39" WIDTH="56" VPOS="645" HPOS="1233"/>
<String CS="1" CONTENT="18&#189;" HEIGHT="41" WIDTH="56" VPOS="644" HPOS="1290"/>
<String STYLE="superscript" CS="1" CONTENT="&#7580;&#7504;"/>
<String CONTENT="." HEIGHT="9" WIDTH="9" VPOS="675" HPOS="1427"/>
<SP HEIGHT="29" WIDTH="59" VPOS="664" HPOS="1437"/>
<String CONTENT="[Her" HEIGHT="48" WIDTH="119" VPOS="645" HPOS="1497"/>
<SP HEIGHT="39" WIDTH="24" VPOS="645" HPOS="1617"/>
<String CONTENT="The" HEIGHT="39" WIDTH="103" VPOS="645" HPOS="1642"/>
<SP HEIGHT="29" WIDTH="27" VPOS="655" HPOS="1746"/>
<String CONTENT="child-life" HEIGHT="41" WIDTH="240" VPOS="644" HPOS="1774"/>
<SP HEIGHT="39" WIDTH="25" VPOS="646" HPOS="2015"/>
<String CONTENT="travel" HEIGHT="38" WIDTH="158" VPOS="646" HPOS="2041"/>
<SP HEIGHT="39" WIDTH="28" VPOS="645" HPOS="2200"/>
<String CS="1" CONTENT="books]" HEIGHT="40" WIDTH="148" VPOS="645" HPOS="2229"/>
</TextLine>
<TextLine HEIGHT="65" WIDTH="1914" VPOS="685" HPOS="396" CS="1">
<String CONTENT="&#169;" HEIGHT="52" WIDTH="52" VPOS="698" HPOS="396"/>
<SP HEIGHT="52" WIDTH="29" VPOS="698" HPOS="449"/>
<String CONTENT="Oct." HEIGHT="41" WIDTH="102" VPOS="701" HPOS="479"/>
<SP HEIGHT="40" WIDTH="28" VPOS="702" HPOS="582"/>
<String CONTENT="16," HEIGHT="46" WIDTH="70" VPOS="702" HPOS="611"/>
<SP HEIGHT="46" WIDTH="28" VPOS="702" HPOS="682"/>
<String CS="1" CONTENT="1929;" HEIGHT="41" WIDTH="115" VPOS="700" HPOS="711"/>
<SP HEIGHT="47" WIDTH="30" VPOS="701" HPOS="853"/>
<String CONTENT="2c." HEIGHT="41" WIDTH="68" VPOS="701" HPOS="884"/>
<SP HEIGHT="42" WIDTH="29" VPOS="700" HPOS="953"/>
<String CONTENT="Oct." HEIGHT="41" WIDTH="104" VPOS="700" HPOS="983"/>
<SP HEIGHT="40" WIDTH="28" VPOS="701" HPOS="1088"/>
<String CONTENT="19;" HEIGHT="46" WIDTH="82" VPOS="700" HPOS="1117"/>
<SP HEIGHT="35" WIDTH="31" VPOS="711" HPOS="1200"/>
<String CONTENT="aff." HEIGHT="41" WIDTH="82" VPOS="700" HPOS="1232"/>
<SP HEIGHT="57" WIDTH="30" VPOS="685" HPOS="1315"/>
<String LANG="de" CONTENT="&#214;ct." HEIGHT="57" WIDTH="103" VPOS="685" HPOS="1346"/>
<SP HEIGHT="40" WIDTH="27" VPOS="701" HPOS="1450"/>
<String CONTENT="18;" HEIGHT="48" WIDTH="83" VPOS="700" HPOS="1478"/>
<SP HEIGHT="47" WIDTH="31" VPOS="701" HPOS="1562"/>
<!-- cceid A61C1E93-6CFA-1014-9C3C-CEA95E7AA542 --><String CONTENT="A" HEIGHT="39" WIDTH="41" VPOS="701" HPOS="1594"/>
<SP HEIGHT="39" WIDTH="29" VPOS="701" HPOS="1636"/>
<String CONTENT="34252;" HEIGHT="48" WIDTH="171" VPOS="700" HPOS="1666"/>
<SP HEIGHT="48" WIDTH="31" VPOS="700" HPOS="1838"/>
<String CONTENT="A." HEIGHT="42" WIDTH="55" VPOS="700" HPOS="1870"/>
<SP HEIGHT="42" WIDTH="30" VPOS="700" HPOS="1926"/>
<String CONTENT="Flanagan" HEIGHT="48" WIDTH="254" VPOS="700" HPOS="1957"/>
<SP HEIGHT="29" WIDTH="30" VPOS="711" HPOS="2212"/>
<String CONTENT="co." HEIGHT="30" WIDTH="67" VPOS="711" HPOS="2243"/>
</TextLine>
<TextLine HEIGHT="48" WIDTH="281" VPOS="757" HPOS="472">
<String CONTENT="(29-22334)" HEIGHT="48" WIDTH="281" VPOS="757" HPOS="472"/>
</TextLine>
<TextLine HEIGHT="149" WIDTH="1987" VPOS="851" HPOS="389" STYLEREFS="StyleId-045755B5-772A-4FCD-B16A-3FCD46C9387E-" CS="1">
<String CONTENT="Shaun" HEIGHT="55" WIDTH="197" VPOS="852" HPOS="464"/>
<SP HEIGHT="56" WIDTH="38" VPOS="851" HPOS="662"/>
<String CONTENT="O&#8217;Day" HEIGHT="71" WIDTH="205" VPOS="851" HPOS="701"/>
<SP HEIGHT="49" WIDTH="34" VPOS="873" HPOS="907"/>
<String CONTENT="of" HEIGHT="53" WIDTH="66" VPOS="853" HPOS="942"/>
<SP HEIGHT="53" WIDTH="34" VPOS="852" HPOS="1009"/>
<String CONTENT="Ireland," HEIGHT="69" WIDTH="254" VPOS="852" HPOS="1044"/>
<SP HEIGHT="68" WIDTH="35" VPOS="853" HPOS="1299"/>
<String CONTENT="by" HEIGHT="69" WIDTH="75" VPOS="853" HPOS="1335"/>
<SP HEIGHT="70" WIDTH="34" VPOS="852" HPOS="1411"/>
<String CONTENT="Madeline" HEIGHT="54" WIDTH="292" VPOS="852" HPOS="1446"/>
<SP HEIGHT="52" WIDTH="36" VPOS="854" HPOS="1739"/>
<String LANG="la" CONTENT="Brandeis" HEIGHT="53" WIDTH="282" VPOS="853" HPOS="1776"/>
<SP HEIGHT="33" WIDTH="42" VPOS="873" HPOS="2059"/>
<String CS="1" CONTENT="&#8230;"/>
<SP HEIGHT="50" WIDTH="38" VPOS="871" HPOS="2159"/>
<String CONTENT="photographic" HEIGHT="147" WIDTH="1987" VPOS="853" HPOS="389"/>
</TextLine>
<TextLine HEIGHT="70" WIDTH="1743" VPOS="929" HPOS="659" STYLEREFS="StyleId-045755B5-772A-4FCD-B16A-3FCD46C9387E-">
<String CONTENT="illustrations" HEIGHT="53" WIDTH="383" VPOS="931" HPOS="659"/>
<SP HEIGHT="34" WIDTH="24" VPOS="950" HPOS="1043"/>
<String CONTENT="made" HEIGHT="53" WIDTH="164" VPOS="931" HPOS="1068"/>
<SP HEIGHT="53" WIDTH="25" VPOS="931" HPOS="1233"/>
<String CONTENT="in" HEIGHT="52" WIDTH="59" VPOS="931" HPOS="1259"/>
<SP HEIGHT="53" WIDTH="25" VPOS="930" HPOS="1319"/>
<String CONTENT="Ireland" HEIGHT="54" WIDTH="236" VPOS="930" HPOS="1345"/>
<SP HEIGHT="53" WIDTH="23" VPOS="931" HPOS="1582"/>
<String CONTENT="by" HEIGHT="68" WIDTH="76" VPOS="931" HPOS="1606"/>
<SP HEIGHT="63" WIDTH="25" VPOS="936" HPOS="1683"/>
<String CONTENT="the" HEIGHT="53" WIDTH="95" VPOS="931" HPOS="1709"/>
<SP HEIGHT="34" WIDTH="24" VPOS="950" HPOS="1805"/>
<String CONTENT="author." HEIGHT="53" WIDTH="223" VPOS="931" HPOS="1830"/>
<SP HEIGHT="54" WIDTH="75" VPOS="929" HPOS="2054"/>
<String CONTENT="Chicago," HEIGHT="70" WIDTH="272" VPOS="929" HPOS="2130"/>
</TextLine>
<TextLine HEIGHT="69" WIDTH="913" VPOS="1009" HPOS="387" STYLEREFS="StyleId-045755B5-772A-4FCD-B16A-3FCD46C9387E-">
<String CONTENT="A." HEIGHT="54" WIDTH="72" VPOS="1009" HPOS="387"/>
<SP HEIGHT="54" WIDTH="29" VPOS="1009" HPOS="460"/>
<String CONTENT="Flanagan" HEIGHT="69" WIDTH="302" VPOS="1009" HPOS="490"/>
<SP HEIGHT="34" WIDTH="25" VPOS="1028" HPOS="793"/>
<String CONTENT="company," HEIGHT="51" WIDTH="301" VPOS="1027" HPOS="819"/>
<SP HEIGHT="65" WIDTH="28" VPOS="1013" HPOS="1121"/>
<String CONTENT="1929." HEIGHT="51" WIDTH="150" VPOS="1011" HPOS="1150"/>
</TextLine>
<TextLine HEIGHT="50" WIDTH="1843" VPOS="1089" HPOS="463" CS="1">
<String CONTENT="191" HEIGHT="40" WIDTH="85" VPOS="1090" HPOS="463"/>
<SP HEIGHT="48" WIDTH="27" VPOS="1091" HPOS="549"/>
<String CONTENT="p." HEIGHT="37" WIDTH="43" VPOS="1102" HPOS="577"/>
<SP HEIGHT="41" WIDTH="28" VPOS="1090" HPOS="621"/>
<String CONTENT="incl." HEIGHT="41" WIDTH="111" VPOS="1090" HPOS="650"/>
<SP HEIGHT="42" WIDTH="25" VPOS="1089" HPOS="762"/>
<String CONTENT="front.," HEIGHT="49" WIDTH="164" VPOS="1089" HPOS="788"/>
<SP HEIGHT="48" WIDTH="29" VPOS="1090" HPOS="953"/>
<String CONTENT="illus." HEIGHT="41" WIDTH="130" VPOS="1090" HPOS="983"/>
<SP HEIGHT="41" WIDTH="56" VPOS="1090" HPOS="1114"/>
<String CS="1" CONTENT="18&#189;" HEIGHT="41" WIDTH="55" VPOS="1090" HPOS="1171"/>
<String STYLE="superscript" CS="1" CONTENT="&#7580;&#7504;"/>
<String CONTENT="." HEIGHT="8" WIDTH="8" VPOS="1122" HPOS="1309"/>
<SP HEIGHT="47" WIDTH="67" VPOS="1092" HPOS="1318"/>
<String CONTENT="(Her" HEIGHT="47" WIDTH="127" VPOS="1092" HPOS="1386"/>
<SP HEIGHT="39" WIDTH="26" VPOS="1090" HPOS="1514"/>
<String CONTENT="The" HEIGHT="41" WIDTH="103" VPOS="1090" HPOS="1541"/>
<SP HEIGHT="30" WIDTH="27" VPOS="1101" HPOS="1645"/>
<String CONTENT="child-life" HEIGHT="40" WIDTH="241" VPOS="1090" HPOS="1673"/>
<SP HEIGHT="38" WIDTH="28" VPOS="1093" HPOS="1915"/>
<String CONTENT="travel" HEIGHT="40" WIDTH="157" VPOS="1091" HPOS="1944"/>
<SP HEIGHT="39" WIDTH="29" VPOS="1091" HPOS="2102"/>
<String CONTENT="books)" HEIGHT="49" WIDTH="174" VPOS="1090" HPOS="2132"/>
</TextLine>
<TextLine HEIGHT="52" WIDTH="1917" VPOS="1143" HPOS="398" CS="1">
<String CONTENT="&#169;" HEIGHT="52" WIDTH="51" VPOS="1143" HPOS="398"/>
<SP HEIGHT="52" WIDTH="29" VPOS="1143" HPOS="450"/>
<String CONTENT="Oct." HEIGHT="41" WIDTH="103" VPOS="1147" HPOS="480"/>
<SP HEIGHT="40" WIDTH="27" VPOS="1147" HPOS="584"/>
<String CONTENT="16," HEIGHT="47" WIDTH="69" VPOS="1147" HPOS="612"/>
<SP HEIGHT="47" WIDTH="29" VPOS="1147" HPOS="682"/>
<String CS="1" CONTENT="1929;" HEIGHT="40" WIDTH="115" VPOS="1146" HPOS="712"/>
<SP HEIGHT="45" WIDTH="30" VPOS="1147" HPOS="854"/>
<String CONTENT="2c." HEIGHT="40" WIDTH="68" VPOS="1147" HPOS="885"/>
<SP HEIGHT="42" WIDTH="31" VPOS="1145" HPOS="954"/>
<String CONTENT="Oct." HEIGHT="41" WIDTH="103" VPOS="1145" HPOS="986"/>
<SP HEIGHT="39" WIDTH="30" VPOS="1147" HPOS="1090"/>
<String CS="1" CONTENT="19;" HEIGHT="38" WIDTH="55" VPOS="1147" HPOS="1121"/>
<SP HEIGHT="36" WIDTH="32" VPOS="1157" HPOS="1203"/>
<String CONTENT="aff." HEIGHT="41" WIDTH="82" VPOS="1146" HPOS="1236"/>
<SP HEIGHT="41" WIDTH="30" VPOS="1146" HPOS="1319"/>
<String CONTENT="Oct." HEIGHT="41" WIDTH="103" VPOS="1146" HPOS="1350"/>
<SP HEIGHT="40" WIDTH="29" VPOS="1147" HPOS="1454"/>
<String CS="1" CONTENT="18;" HEIGHT="40" WIDTH="56" VPOS="1147" HPOS="1484"/>
<SP HEIGHT="47" WIDTH="31" VPOS="1146" HPOS="1567"/>
<!-- cceid A61C7A16-6CFA-1014-9C3C-CEA95E7AA542 --><String CONTENT="A" HEIGHT="39" WIDTH="42" VPOS="1146" HPOS="1599"/>
<SP HEIGHT="39" WIDTH="28" VPOS="1146" HPOS="1642"/>
<String CS="1" CONTENT="14253;" HEIGHT="40" WIDTH="144" VPOS="1146" HPOS="1671"/>
<SP HEIGHT="46" WIDTH="31" VPOS="1147" HPOS="1843"/>
<String CONTENT="A." HEIGHT="40" WIDTH="55" VPOS="1147" HPOS="1875"/>
<SP HEIGHT="41" WIDTH="29" VPOS="1146" HPOS="1931"/>
<String CONTENT="Flanagan" HEIGHT="49" WIDTH="254" VPOS="1146" HPOS="1961"/>
<SP HEIGHT="30" WIDTH="29" VPOS="1157" HPOS="2216"/>
<String CONTENT="co." HEIGHT="30" WIDTH="69" VPOS="1157" HPOS="2246"/>
</TextLine>
<TextLine HEIGHT="48" WIDTH="282" VPOS="1202" HPOS="474">
<String CONTENT="(29-22333)" HEIGHT="48" WIDTH="282" VPOS="1202" HPOS="474"/>
</TextLine>
<TextLine HEIGHT="65" WIDTH="709" VPOS="1296" HPOS="389" STYLEREFS="StyleId-B38EB3B3-3C9A-4ACC-AB14-53F0B078AA45-">
<String CONTENT="Bucky," HEIGHT="65" WIDTH="225" VPOS="1296" HPOS="389"/>
<SP HEIGHT="64" WIDTH="28" VPOS="1297" HPOS="615"/>
<String CONTENT="Gustav," HEIGHT="64" WIDTH="250" VPOS="1297" HPOS="644"/>
<SP HEIGHT="57" WIDTH="30" VPOS="1304" HPOS="895"/>
<String CONTENT="1880-" HEIGHT="50" WIDTH="172" VPOS="1302" HPOS="926"/>
</TextLine>
<TextLine HEIGHT="73" WIDTH="1942" VPOS="1374" HPOS="461" STYLEREFS="StyleId-045755B5-772A-4FCD-B16A-3FCD46C9387E-" CS="1">
<String CONTENT="Grenz" HEIGHT="55" WIDTH="188" VPOS="1376" HPOS="461"/>
<SP HEIGHT="33" WIDTH="32" VPOS="1396" HPOS="650"/>
<String CONTENT="ray" HEIGHT="50" WIDTH="105" VPOS="1396" HPOS="683"/>
<SP HEIGHT="64" WIDTH="27" VPOS="1382" HPOS="789"/>
<String CONTENT="therapy," HEIGHT="69" WIDTH="265" VPOS="1377" HPOS="817"/>
<SP HEIGHT="67" WIDTH="28" VPOS="1378" HPOS="1083"/>
<String CONTENT="by" HEIGHT="68" WIDTH="75" VPOS="1378" HPOS="1112"/>
<SP HEIGHT="70" WIDTH="32" VPOS="1376" HPOS="1188"/>
<String CONTENT="Gustav" HEIGHT="55" WIDTH="223" VPOS="1376" HPOS="1221"/>
<SP HEIGHT="50" WIDTH="33" VPOS="1379" HPOS="1445"/>
<String CONTENT="Bucky" HEIGHT="71" WIDTH="201" VPOS="1376" HPOS="1479"/>
<SP HEIGHT="49" WIDTH="36" VPOS="1398" HPOS="1681"/>
<String CS="1" CONTENT="&#8230;"/>
<SP HEIGHT="32" WIDTH="36" VPOS="1396" HPOS="1776"/>
<String CONTENT="with" HEIGHT="54" WIDTH="139" VPOS="1375" HPOS="1813"/>
<SP HEIGHT="52" WIDTH="33" VPOS="1378" HPOS="1953"/>
<String CONTENT="contributions" HEIGHT="56" WIDTH="416" VPOS="1374" HPOS="1987"/>
</TextLine>
<TextLine HEIGHT="71" WIDTH="1952" VPOS="1451" HPOS="390" STYLEREFS="StyleId-045755B5-772A-4FCD-B16A-3FCD46C9387E-" CS="1">
<String CONTENT="by" HEIGHT="69" WIDTH="74" VPOS="1451" HPOS="390"/>
<SP HEIGHT="68" WIDTH="37" VPOS="1452" HPOS="465"/>
<String CONTENT="Dr." HEIGHT="52" WIDTH="103" VPOS="1452" HPOS="503"/>
<SP HEIGHT="55" WIDTH="40" VPOS="1452" HPOS="607"/>
<String CONTENT="Otto" HEIGHT="55" WIDTH="141" VPOS="1452" HPOS="648"/>
<SP HEIGHT="55" WIDTH="37" VPOS="1452" HPOS="790"/>
<String CONTENT="Glasser" HEIGHT="55" WIDTH="233" VPOS="1452" HPOS="828"/>
<SP HEIGHT="33" WIDTH="43" VPOS="1472" HPOS="1062"/>
<String CS="1" CONTENT="&#8230;"/>
<SP HEIGHT="34" WIDTH="42" VPOS="1471" HPOS="1163"/>
<String CONTENT="and" HEIGHT="52" WIDTH="113" VPOS="1453" HPOS="1206"/>
<SP HEIGHT="52" WIDTH="37" VPOS="1453" HPOS="1320"/>
<String CONTENT="Dr." HEIGHT="52" WIDTH="104" VPOS="1453" HPOS="1358"/>
<SP HEIGHT="55" WIDTH="38" VPOS="1452" HPOS="1463"/>
<String CONTENT="Olga" HEIGHT="70" WIDTH="152" VPOS="1452" HPOS="1502"/>
<SP HEIGHT="51" WIDTH="38" VPOS="1454" HPOS="1655"/>
<String CONTENT="Becker-Manheimer" HEIGHT="54" WIDTH="604" VPOS="1452" HPOS="1694"/>
<SP HEIGHT="34" WIDTH="43" VPOS="1471" HPOS="2299"/>
<String CS="1" CONTENT="&#8230;"/>
</TextLine>
<TextLine HEIGHT="70" WIDTH="2014" VPOS="1533" HPOS="392" STYLEREFS="StyleId-045755B5-772A-4FCD-B16A-3FCD46C9387E-">
<String CONTENT="with" HEIGHT="52" WIDTH="141" VPOS="1534" HPOS="392"/>
<SP HEIGHT="53" WIDTH="22" VPOS="1533" HPOS="534"/>
<String CONTENT="forty" HEIGHT="70" WIDTH="159" VPOS="1533" HPOS="557"/>
<SP HEIGHT="69" WIDTH="22" VPOS="1534" HPOS="717"/>
<String CONTENT="illustrations" HEIGHT="54" WIDTH="383" VPOS="1533" HPOS="740"/>
<SP HEIGHT="52" WIDTH="21" VPOS="1535" HPOS="1124"/>
<String CONTENT="in" HEIGHT="51" WIDTH="57" VPOS="1535" HPOS="1146"/>
<SP HEIGHT="47" WIDTH="25" VPOS="1539" HPOS="1204"/>
<String CONTENT="the" HEIGHT="52" WIDTH="96" VPOS="1534" HPOS="1230"/>
<SP HEIGHT="46" WIDTH="21" VPOS="1540" HPOS="1327"/>
<String CONTENT="text;" HEIGHT="61" WIDTH="148" VPOS="1537" HPOS="1349"/>
<SP HEIGHT="59" WIDTH="25" VPOS="1539" HPOS="1498"/>
<String CONTENT="translated" HEIGHT="52" WIDTH="318" VPOS="1535" HPOS="1524"/>
<SP HEIGHT="53" WIDTH="20" VPOS="1534" HPOS="1843"/>
<String CONTENT="by" HEIGHT="69" WIDTH="77" VPOS="1534" HPOS="1864"/>
<SP HEIGHT="69" WIDTH="19" VPOS="1534" HPOS="1942"/>
<String CONTENT="Walter" HEIGHT="52" WIDTH="224" VPOS="1534" HPOS="1962"/>
<SP HEIGHT="54" WIDTH="22" VPOS="1533" HPOS="2187"/>
<String CONTENT="James" HEIGHT="54" WIDTH="196" VPOS="1533" HPOS="2210"/>
</TextLine>
<TextLine HEIGHT="70" WIDTH="1905" VPOS="1610" HPOS="392" STYLEREFS="StyleId-045755B5-772A-4FCD-B16A-3FCD46C9387E-" CS="1">
<String CONTENT="Highman" HEIGHT="69" WIDTH="301" VPOS="1610" HPOS="392"/>
<SP HEIGHT="33" WIDTH="43" VPOS="1631" HPOS="694"/>
<String CS="1" CONTENT="&#8230;"/>
<SP HEIGHT="52" WIDTH="79" VPOS="1611" HPOS="794"/>
<String CONTENT="New" HEIGHT="52" WIDTH="140" VPOS="1611" HPOS="874"/>
<SP HEIGHT="52" WIDTH="37" VPOS="1611" HPOS="1015"/>
<String CONTENT="York," HEIGHT="68" WIDTH="182" VPOS="1611" HPOS="1053"/>
<SP HEIGHT="67" WIDTH="37" VPOS="1612" HPOS="1236"/>
<String CONTENT="The" HEIGHT="53" WIDTH="122" VPOS="1612" HPOS="1274"/>
<SP HEIGHT="54" WIDTH="36" VPOS="1611" HPOS="1397"/>
<String CS="1" CONTENT="Macmillan" HEIGHT="53" WIDTH="337" VPOS="1611" HPOS="1434"/>
<SP HEIGHT="34" WIDTH="37" VPOS="1630" HPOS="1772"/>
<String CONTENT="company," HEIGHT="52" WIDTH="300" VPOS="1628" HPOS="1810"/>
<SP HEIGHT="66" WIDTH="36" VPOS="1614" HPOS="2111"/>
<String CONTENT="1929." HEIGHT="50" WIDTH="149" VPOS="1613" HPOS="2148"/>
</TextLine>
<TextLine HEIGHT="49" WIDTH="1092" VPOS="1691" HPOS="462" STYLEREFS="StyleId-045755B5-772A-4FCD-B16A-3FCD46C9387E-" CS="1">
<String CONTENT="xii" HEIGHT="39" WIDTH="71" VPOS="1692" HPOS="462"/>
<SP HEIGHT="48" WIDTH="26" VPOS="1692" HPOS="534"/>
<String LANG="la" CONTENT="p.," HEIGHT="37" WIDTH="58" VPOS="1703" HPOS="561"/>
<SP HEIGHT="46" WIDTH="28" VPOS="1693" HPOS="620"/>
<String CONTENT="1" HEIGHT="38" WIDTH="25" VPOS="1693" HPOS="649"/>
<SP/>
<String CS="1" CONTENT="l.,"/>
<SP/>
<String CONTENT="170" HEIGHT="40" WIDTH="86" VPOS="1692" HPOS="777"/>
<SP HEIGHT="48" WIDTH="26" VPOS="1692" HPOS="864"/>
<String CONTENT="p." HEIGHT="37" WIDTH="43" VPOS="1703" HPOS="891"/>
<SP HEIGHT="41" WIDTH="57" VPOS="1691" HPOS="935"/>
<String CONTENT="illus.," HEIGHT="47" WIDTH="144" VPOS="1691" HPOS="993"/>
<SP HEIGHT="44" WIDTH="27" VPOS="1694" HPOS="1138"/>
<String CONTENT="diagrs." HEIGHT="48" WIDTH="181" VPOS="1692" HPOS="1166"/>
<SP HEIGHT="40" WIDTH="59" VPOS="1692" HPOS="1348"/>
<String CS="1" CONTENT="22&#189;" HEIGHT="39" WIDTH="55" VPOS="1692" HPOS="1408"/>
<String STYLE="superscript" CS="1" CONTENT="&#7580;&#7504;"/>
<String CONTENT="." HEIGHT="8" WIDTH="8" VPOS="1724" HPOS="1546"/>
</TextLine>
<TextLine HEIGHT="49" WIDTH="1718" VPOS="1747" HPOS="463" CS="1">
<String CONTENT="Bibliography" HEIGHT="48" WIDTH="353" VPOS="1748" HPOS="463"/>
<SP HEIGHT="37" WIDTH="26" VPOS="1758" HPOS="817"/>
<String CONTENT="at" HEIGHT="38" WIDTH="52" VPOS="1750" HPOS="844"/>
<SP HEIGHT="38" WIDTH="27" VPOS="1750" HPOS="897"/>
<String CONTENT="end" HEIGHT="40" WIDTH="93" VPOS="1749" HPOS="925"/>
<SP HEIGHT="40" WIDTH="26" VPOS="1749" HPOS="1019"/>
<String CONTENT="of" HEIGHT="41" WIDTH="54" VPOS="1748" HPOS="1046"/>
<SP HEIGHT="41" WIDTH="25" VPOS="1748" HPOS="1101"/>
<String CONTENT="chapter" HEIGHT="48" WIDTH="204" VPOS="1748" HPOS="1127"/>
<SP HEIGHT="29" WIDTH="26" VPOS="1758" HPOS="1332"/>
<String CS="1" CONTENT="III;"/>
<SP HEIGHT="44" WIDTH="31" VPOS="1749" HPOS="1448"/>
<String CONTENT="Bibliography" HEIGHT="48" WIDTH="353" VPOS="1748" HPOS="1480"/>
<SP HEIGHT="36" WIDTH="16" VPOS="1759" HPOS="1834"/>
<String CONTENT=":" HEIGHT="28" WIDTH="8" VPOS="1759" HPOS="1851"/>
<SP HEIGHT="37" WIDTH="29" VPOS="1759" HPOS="1860"/>
<String CONTENT="p." HEIGHT="37" WIDTH="43" VPOS="1759" HPOS="1890"/>
<SP HEIGHT="41" WIDTH="29" VPOS="1748" HPOS="1934"/>
<String CONTENT="159-166." HEIGHT="41" WIDTH="217" VPOS="1747" HPOS="1964"/>
</TextLine>
<TextLine HEIGHT="52" WIDTH="1723" VPOS="1800" HPOS="401" CS="1">
<String CONTENT="&#169;" HEIGHT="52" WIDTH="52" VPOS="1800" HPOS="401"/>
<SP HEIGHT="52" WIDTH="28" VPOS="1800" HPOS="454"/>
<String CONTENT="Oct." HEIGHT="41" WIDTH="102" VPOS="1804" HPOS="483"/>
<SP HEIGHT="40" WIDTH="26" VPOS="1805" HPOS="586"/>
<String CONTENT="22," HEIGHT="46" WIDTH="69" VPOS="1805" HPOS="613"/>
<SP HEIGHT="46" WIDTH="28" VPOS="1805" HPOS="683"/>
<String CS="1" CONTENT="1929;" HEIGHT="41" WIDTH="115" VPOS="1804" HPOS="712"/>
<SP HEIGHT="46" WIDTH="29" VPOS="1805" HPOS="854"/>
<String CONTENT="2c." HEIGHT="40" WIDTH="67" VPOS="1805" HPOS="884"/>
<SP HEIGHT="30" WIDTH="29" VPOS="1815" HPOS="952"/>
<String CONTENT="and" HEIGHT="39" WIDTH="97" VPOS="1806" HPOS="982"/>
<SP HEIGHT="39" WIDTH="27" VPOS="1806" HPOS="1080"/>
<String CONTENT="aff." HEIGHT="41" WIDTH="82" VPOS="1804" HPOS="1108"/>
<SP HEIGHT="42" WIDTH="29" VPOS="1804" HPOS="1191"/>
<String CONTENT="Oct." HEIGHT="42" WIDTH="102" VPOS="1804" HPOS="1221"/>
<SP HEIGHT="39" WIDTH="28" VPOS="1806" HPOS="1324"/>
<String CS="1" CONTENT="23;" HEIGHT="39" WIDTH="55" VPOS="1806" HPOS="1353"/>
<SP HEIGHT="45" WIDTH="31" VPOS="1806" HPOS="1437"/>
<!-- cceid A61CC3D0-6CFA-1014-9C3C-CEA95E7AA542 --><String CONTENT="A" HEIGHT="38" WIDTH="41" VPOS="1806" HPOS="1469"/>
<SP HEIGHT="38" WIDTH="26" VPOS="1806" HPOS="1511"/>
<String CS="1" CONTENT="14310;" HEIGHT="41" WIDTH="147" VPOS="1804" HPOS="1538"/>
<SP HEIGHT="46" WIDTH="31" VPOS="1806" HPOS="1711"/>
<String CS="1" CONTENT="Macmillan" HEIGHT="41" WIDTH="283" VPOS="1804" HPOS="1743"/>
<SP HEIGHT="29" WIDTH="28" VPOS="1816" HPOS="2027"/>
<String CONTENT="co." HEIGHT="31" WIDTH="68" VPOS="1816" HPOS="2056"/>
</TextLine>
<TextLine HEIGHT="50" WIDTH="281" VPOS="1860" HPOS="477">
<String CONTENT="(29-22381)" HEIGHT="50" WIDTH="281" VPOS="1860" HPOS="477"/>
</TextLine>
<TextLine HEIGHT="64" WIDTH="788" VPOS="1955" HPOS="395" STYLEREFS="StyleId-B38EB3B3-3C9A-4ACC-AB14-53F0B078AA45-">
<String CONTENT="Bunce," HEIGHT="64" WIDTH="217" VPOS="1955" HPOS="395"/>
<SP HEIGHT="63" WIDTH="30" VPOS="1956" HPOS="613"/>
<String CONTENT="Elmer" HEIGHT="53" WIDTH="201" VPOS="1955" HPOS="644"/>
<SP HEIGHT="53" WIDTH="25" VPOS="1956" HPOS="846"/>
<String CONTENT="Wayland." HEIGHT="64" WIDTH="311" VPOS="1955" HPOS="872"/>
</TextLine>
<TextLine HEIGHT="71" WIDTH="1942" VPOS="2034" HPOS="468" STYLEREFS="StyleId-045755B5-772A-4FCD-B16A-3FCD46C9387E-">
<String CONTENT="The" HEIGHT="53" WIDTH="122" VPOS="2035" HPOS="468"/>
<SP HEIGHT="52" WIDTH="52" VPOS="2036" HPOS="591"/>
<String CONTENT="Bunce-Kanouse" HEIGHT="55" WIDTH="493" VPOS="2034" HPOS="644"/>
<SP HEIGHT="52" WIDTH="53" VPOS="2036" HPOS="1138"/>
<String CONTENT="full" HEIGHT="52" WIDTH="113" VPOS="2036" HPOS="1192"/>
<SP HEIGHT="52" WIDTH="52" VPOS="2037" HPOS="1306"/>
<String CONTENT="denture" HEIGHT="52" WIDTH="237" VPOS="2037" HPOS="1359"/>
<SP HEIGHT="48" WIDTH="50" VPOS="2041" HPOS="1597"/>
<String CONTENT="technic," HEIGHT="67" WIDTH="241" VPOS="2035" HPOS="1648"/>
<SP HEIGHT="66" WIDTH="49" VPOS="2036" HPOS="1890"/>
<String CONTENT="by" HEIGHT="69" WIDTH="75" VPOS="2036" HPOS="1940"/>
<SP HEIGHT="71" WIDTH="52" VPOS="2034" HPOS="2016"/>
<String CONTENT="Elmer" HEIGHT="53" WIDTH="198" VPOS="2034" HPOS="2069"/>
<SP HEIGHT="55" WIDTH="49" VPOS="2034" HPOS="2268"/>
<String CONTENT="W." HEIGHT="55" WIDTH="92" VPOS="2034" HPOS="2318"/>
</TextLine>
<TextLine HEIGHT="72" WIDTH="2016" VPOS="2110" HPOS="394" STYLEREFS="StyleId-045755B5-772A-4FCD-B16A-3FCD46C9387E-" CS="1">
<String CONTENT="Bunce" HEIGHT="53" WIDTH="194" VPOS="2112" HPOS="394"/>
<SP HEIGHT="33" WIDTH="34" VPOS="2132" HPOS="589"/>
<String CS="1" CONTENT="&#8230;"/>
<SP HEIGHT="55" WIDTH="82" VPOS="2112" HPOS="680"/>
<String CONTENT="Chicago," HEIGHT="70" WIDTH="271" VPOS="2112" HPOS="763"/>
<SP HEIGHT="68" WIDTH="29" VPOS="2114" HPOS="1035"/>
<String CONTENT="Ill.," HEIGHT="68" WIDTH="114" VPOS="2114" HPOS="1065"/>
<SP HEIGHT="68" WIDTH="30" VPOS="2114" HPOS="1180"/>
<String CONTENT="Research" HEIGHT="52" WIDTH="281" VPOS="2114" HPOS="1211"/>
<SP HEIGHT="51" WIDTH="32" VPOS="2115" HPOS="1493"/>
<String CONTENT="and" HEIGHT="52" WIDTH="113" VPOS="2116" HPOS="1526"/>
<SP HEIGHT="52" WIDTH="30" VPOS="2116" HPOS="1640"/>
<String CONTENT="educational" HEIGHT="55" WIDTH="361" VPOS="2112" HPOS="1671"/>
<SP HEIGHT="53" WIDTH="29" VPOS="2114" HPOS="2033"/>
<String CONTENT="division" HEIGHT="55" WIDTH="251" VPOS="2112" HPOS="2063"/>
<SP HEIGHT="35" WIDTH="29" VPOS="2129" HPOS="2315"/>
<String CONTENT="of" HEIGHT="54" WIDTH="65" VPOS="2110" HPOS="2345"/>
</TextLine>
<TextLine HEIGHT="69" WIDTH="866" VPOS="2191" HPOS="396" STYLEREFS="StyleId-045755B5-772A-4FCD-B16A-3FCD46C9387E-">
<String CONTENT="Coe" HEIGHT="54" WIDTH="115" VPOS="2191" HPOS="396"/>
<SP HEIGHT="51" WIDTH="25" VPOS="2193" HPOS="512"/>
<String CONTENT="laboratories," HEIGHT="69" WIDTH="391" VPOS="2191" HPOS="538"/>
<SP HEIGHT="68" WIDTH="25" VPOS="2192" HPOS="930"/>
<String CONTENT="inc.," HEIGHT="67" WIDTH="126" VPOS="2192" HPOS="956"/>
<SP HEIGHT="62" WIDTH="29" VPOS="2197" HPOS="1083"/>
<String CONTENT="1929." HEIGHT="51" WIDTH="149" VPOS="2195" HPOS="1113"/>
</TextLine>
<TextLine HEIGHT="49" WIDTH="686" VPOS="2270" HPOS="466" STYLEREFS="StyleId-045755B5-772A-4FCD-B16A-3FCD46C9387E-" CS="1">
<String CONTENT="iii," HEIGHT="46" WIDTH="68" VPOS="2271" HPOS="466"/>
<SP HEIGHT="46" WIDTH="30" VPOS="2271" HPOS="535"/>
<String CONTENT="5-86" HEIGHT="41" WIDTH="116" VPOS="2270" HPOS="566"/>
<SP HEIGHT="48" WIDTH="27" VPOS="2271" HPOS="683"/>
<String CONTENT="p." HEIGHT="37" WIDTH="43" VPOS="2282" HPOS="711"/>
<SP HEIGHT="41" WIDTH="59" VPOS="2271" HPOS="755"/>
<String CONTENT="illus." HEIGHT="42" WIDTH="130" VPOS="2271" HPOS="815"/>
<SP HEIGHT="41" WIDTH="58" VPOS="2272" HPOS="946"/>
<String CS="1" CONTENT="24&#189;" HEIGHT="40" WIDTH="57" VPOS="2272" HPOS="1005"/>
<String STYLE="superscript" CS="1" CONTENT="&#7580;&#7504;"/>
<String CONTENT="." HEIGHT="8" WIDTH="8" VPOS="2305" HPOS="1144"/>
</TextLine>
<TextLine HEIGHT="54" WIDTH="2000" VPOS="2323" HPOS="404" CS="1">
<String CONTENT="&#169;" HEIGHT="52" WIDTH="52" VPOS="2323" HPOS="404"/>
<SP HEIGHT="52" WIDTH="32" VPOS="2323" HPOS="457"/>
<String CONTENT="July" HEIGHT="48" WIDTH="116" VPOS="2328" HPOS="490"/>
<SP HEIGHT="48" WIDTH="30" VPOS="2328" HPOS="607"/>
<String CS="1" CONTENT="15," HEIGHT="41" WIDTH="55" VPOS="2328" HPOS="638"/>
<SP/>
<String CS="1" CONTENT="1929;" HEIGHT="47" WIDTH="83" VPOS="2328" HPOS="799"/>
<SP HEIGHT="46" WIDTH="33" VPOS="2329" HPOS="883"/>
<String CONTENT="2c." HEIGHT="40" WIDTH="67" VPOS="2329" HPOS="917"/>
<SP HEIGHT="42" WIDTH="34" VPOS="2328" HPOS="985"/>
<String CONTENT="Oct." HEIGHT="42" WIDTH="103" VPOS="2328" HPOS="1020"/>
<SP HEIGHT="40" WIDTH="31" VPOS="2330" HPOS="1124"/>
<String CONTENT="23;" HEIGHT="46" WIDTH="82" VPOS="2329" HPOS="1156"/>
<SP HEIGHT="36" WIDTH="33" VPOS="2339" HPOS="1239"/>
<String CONTENT="aff." HEIGHT="40" WIDTH="83" VPOS="2329" HPOS="1273"/>
<SP HEIGHT="39" WIDTH="32" VPOS="2330" HPOS="1357"/>
<String CONTENT="July" HEIGHT="46" WIDTH="116" VPOS="2330" HPOS="1390"/>
<SP HEIGHT="46" WIDTH="29" VPOS="2330" HPOS="1507"/>
<String CONTENT="19;" HEIGHT="47" WIDTH="83" VPOS="2329" HPOS="1537"/>
<SP HEIGHT="47" WIDTH="34" VPOS="2329" HPOS="1621"/>
<!-- cceid A61D1E60-6CFA-1014-9C3C-CEA95E7AA542 --><String CONTENT="A" HEIGHT="39" WIDTH="41" VPOS="2329" HPOS="1656"/>
<SP HEIGHT="39" WIDTH="32" VPOS="2329" HPOS="1698"/>
<String CONTENT="14319;" HEIGHT="46" WIDTH="171" VPOS="2329" HPOS="1731"/>
<SP HEIGHT="47" WIDTH="35" VPOS="2328" HPOS="1903"/>
<String CONTENT="Coe" HEIGHT="41" WIDTH="94" VPOS="2328" HPOS="1939"/>
<SP HEIGHT="38" WIDTH="29" VPOS="2330" HPOS="2034"/>
<String CONTENT="laboratories," HEIGHT="49" WIDTH="340" VPOS="2328" HPOS="2064"/>
</TextLine>
<TextLine HEIGHT="50" WIDTH="1349" VPOS="2384" HPOS="472">
<String CONTENT="inc.," HEIGHT="48" WIDTH="105" VPOS="2384" HPOS="472"/>
<SP HEIGHT="37" WIDTH="30" VPOS="2395" HPOS="578"/>
<String CONTENT="and" HEIGHT="38" WIDTH="94" VPOS="2386" HPOS="609"/>
<SP HEIGHT="37" WIDTH="31" VPOS="2386" HPOS="704"/>
<String CONTENT="Elmer" HEIGHT="38" WIDTH="163" VPOS="2386" HPOS="736"/>
<SP HEIGHT="39" WIDTH="29" VPOS="2386" HPOS="900"/>
<String CONTENT="W." HEIGHT="39" WIDTH="73" VPOS="2386" HPOS="930"/>
<SP HEIGHT="39" WIDTH="29" VPOS="2386" HPOS="1004"/>
<String CONTENT="Bunce." HEIGHT="41" WIDTH="178" VPOS="2386" HPOS="1034"/>
<SP HEIGHT="41" WIDTH="31" VPOS="2386" HPOS="1213"/>
<String CONTENT="Chicago." HEIGHT="48" WIDTH="225" VPOS="2385" HPOS="1245"/>
<SP HEIGHT="47" WIDTH="67" VPOS="2386" HPOS="1471"/>
<String CONTENT="(29-22379)" HEIGHT="49" WIDTH="282" VPOS="2385" HPOS="1539"/>
</TextLine>
<TextLine HEIGHT="66" WIDTH="917" VPOS="2478" HPOS="397" STYLEREFS="StyleId-B38EB3B3-3C9A-4ACC-AB14-53F0B078AA45-">
<String CONTENT="Burt," HEIGHT="64" WIDTH="172" VPOS="2478" HPOS="397"/>
<SP HEIGHT="63" WIDTH="27" VPOS="2479" HPOS="570"/>
<String CONTENT="Henry" HEIGHT="63" WIDTH="208" VPOS="2479" HPOS="598"/>
<SP HEIGHT="63" WIDTH="26" VPOS="2479" HPOS="807"/>
<String CONTENT="Jackson," HEIGHT="65" WIDTH="278" VPOS="2479" HPOS="834"/>
<SP HEIGHT="58" WIDTH="31" VPOS="2486" HPOS="1113"/>
<String CONTENT="1873-" HEIGHT="54" WIDTH="169" VPOS="2481" HPOS="1145"/>
</TextLine>
<TextLine HEIGHT="70" WIDTH="1939" VPOS="2557" HPOS="472" STYLEREFS="StyleId-045755B5-772A-4FCD-B16A-3FCD46C9387E-">
<String CONTENT="Steel" HEIGHT="55" WIDTH="153" VPOS="2558" HPOS="472"/>
<SP HEIGHT="52" WIDTH="36" VPOS="2559" HPOS="626"/>
<String CONTENT="construction;" HEIGHT="55" WIDTH="416" VPOS="2559" HPOS="663"/>
<SP HEIGHT="36" WIDTH="41" VPOS="2578" HPOS="1080"/>
<String CONTENT="a" HEIGHT="34" WIDTH="31" VPOS="2579" HPOS="1122"/>
<SP HEIGHT="47" WIDTH="36" VPOS="2566" HPOS="1154"/>
<String CONTENT="text" HEIGHT="50" WIDTH="121" VPOS="2563" HPOS="1191"/>
<SP HEIGHT="49" WIDTH="35" VPOS="2563" HPOS="1313"/>
<String CONTENT="and" HEIGHT="52" WIDTH="113" VPOS="2561" HPOS="1349"/>
<SP HEIGHT="52" WIDTH="38" VPOS="2561" HPOS="1463"/>
<String CONTENT="reference" HEIGHT="55" WIDTH="288" VPOS="2560" HPOS="1502"/>
<SP HEIGHT="55" WIDTH="34" VPOS="2560" HPOS="1791"/>
<String CONTENT="book" HEIGHT="53" WIDTH="148" VPOS="2560" HPOS="1826"/>
<SP HEIGHT="53" WIDTH="33" VPOS="2560" HPOS="1975"/>
<String CONTENT="covering" HEIGHT="70" WIDTH="269" VPOS="2557" HPOS="2009"/>
<SP HEIGHT="65" WIDTH="34" VPOS="2562" HPOS="2279"/>
<String CONTENT="the" HEIGHT="53" WIDTH="97" VPOS="2558" HPOS="2314"/>
</TextLine>
<TextLine HEIGHT="73" WIDTH="2011" VPOS="2635" HPOS="400" STYLEREFS="StyleId-045755B5-772A-4FCD-B16A-3FCD46C9387E-">
<String CONTENT="design" HEIGHT="71" WIDTH="201" VPOS="2635" HPOS="400"/>
<SP HEIGHT="34" WIDTH="38" VPOS="2655" HPOS="602"/>
<String CONTENT="of" HEIGHT="53" WIDTH="65" VPOS="2636" HPOS="641"/>
<SP HEIGHT="55" WIDTH="36" VPOS="2636" HPOS="707"/>
<String CONTENT="steel" HEIGHT="52" WIDTH="137" VPOS="2639" HPOS="744"/>
<SP HEIGHT="53" WIDTH="39" VPOS="2636" HPOS="882"/>
<String CONTENT="framework" HEIGHT="53" WIDTH="349" VPOS="2636" HPOS="922"/>
<SP HEIGHT="52" WIDTH="39" VPOS="2638" HPOS="1272"/>
<String CONTENT="for" HEIGHT="53" WIDTH="94" VPOS="2638" HPOS="1312"/>
<SP HEIGHT="52" WIDTH="37" VPOS="2639" HPOS="1407"/>
<String CONTENT="buildings," HEIGHT="70" WIDTH="314" VPOS="2637" HPOS="1445"/>
<SP HEIGHT="64" WIDTH="38" VPOS="2639" HPOS="1760"/>
<String CONTENT="by" HEIGHT="69" WIDTH="76" VPOS="2639" HPOS="1799"/>
<SP HEIGHT="72" WIDTH="36" VPOS="2636" HPOS="1876"/>
<String CONTENT="Henry" HEIGHT="71" WIDTH="205" VPOS="2636" HPOS="1913"/>
<SP HEIGHT="70" WIDTH="38" VPOS="2637" HPOS="2119"/>
<String CONTENT="Jackson" HEIGHT="55" WIDTH="253" VPOS="2636" HPOS="2158"/>
</TextLine>
<TextLine HEIGHT="72" WIDTH="1677" VPOS="2714" HPOS="399" STYLEREFS="StyleId-045755B5-772A-4FCD-B16A-3FCD46C9387E-" CS="1">
<String CONTENT="Burt" HEIGHT="55" WIDTH="149" VPOS="2714" HPOS="399"/>
<SP HEIGHT="47" WIDTH="32" VPOS="2722" HPOS="549"/>
<String CS="1" CONTENT="&#8230;"/>
<SP HEIGHT="54" WIDTH="80" VPOS="2715" HPOS="638"/>
<String CONTENT="Chicago," HEIGHT="69" WIDTH="271" VPOS="2715" HPOS="719"/>
<SP HEIGHT="68" WIDTH="28" VPOS="2715" HPOS="991"/>
<String CONTENT="American" HEIGHT="53" WIDTH="308" VPOS="2715" HPOS="1020"/>
<SP HEIGHT="48" WIDTH="25" VPOS="2720" HPOS="1329"/>
<String CONTENT="technical" HEIGHT="53" WIDTH="281" VPOS="2716" HPOS="1355"/>
<SP HEIGHT="53" WIDTH="28" VPOS="2717" HPOS="1637"/>
<String CONTENT="society," HEIGHT="70" WIDTH="229" VPOS="2716" HPOS="1666"/>
<SP HEIGHT="65" WIDTH="29" VPOS="2720" HPOS="1896"/>
<String CONTENT="1930." HEIGHT="51" WIDTH="150" VPOS="2718" HPOS="1926"/>
</TextLine>
<TextLine HEIGHT="50" WIDTH="1301" VPOS="2794" HPOS="467" CS="1">
<String CONTENT="396" HEIGHT="41" WIDTH="87" VPOS="2794" HPOS="467"/>
<SP HEIGHT="48" WIDTH="28" VPOS="2795" HPOS="555"/>
<String CONTENT="p." HEIGHT="37" WIDTH="43" VPOS="2806" HPOS="584"/>
<SP HEIGHT="41" WIDTH="29" VPOS="2795" HPOS="628"/>
<String CONTENT="incl." HEIGHT="41" WIDTH="110" VPOS="2795" HPOS="658"/>
<SP HEIGHT="41" WIDTH="28" VPOS="2795" HPOS="769"/>
<String CS="1" CONTENT="illus.," HEIGHT="40" WIDTH="129" VPOS="2795" HPOS="798"/>
<SP HEIGHT="37" WIDTH="29" VPOS="2806" HPOS="943"/>
<String CONTENT="plates," HEIGHT="47" WIDTH="172" VPOS="2796" HPOS="973"/>
<SP HEIGHT="45" WIDTH="31" VPOS="2798" HPOS="1146"/>
<String CONTENT="tables," HEIGHT="46" WIDTH="170" VPOS="2797" HPOS="1178"/>
<SP HEIGHT="46" WIDTH="31" VPOS="2797" HPOS="1349"/>
<String CONTENT="diagrs." HEIGHT="48" WIDTH="179" VPOS="2796" HPOS="1381"/>
<SP HEIGHT="40" WIDTH="59" VPOS="2796" HPOS="1561"/>
<String CS="1" CONTENT="21&#189;" HEIGHT="39" WIDTH="56" VPOS="2796" HPOS="1621"/>
<String STYLE="superscript" CS="1" CONTENT="&#7580;&#7504;"/>
<String CONTENT="." HEIGHT="8" WIDTH="8" VPOS="2829" HPOS="1760"/>
</TextLine>
<TextLine HEIGHT="42" WIDTH="502" VPOS="2851" HPOS="470">
<String CONTENT="Published" HEIGHT="40" WIDTH="263" VPOS="2851" HPOS="470"/>
<SP HEIGHT="39" WIDTH="28" VPOS="2852" HPOS="734"/>
<String CONTENT="in" HEIGHT="39" WIDTH="51" VPOS="2852" HPOS="763"/>
<SP HEIGHT="39" WIDTH="27" VPOS="2852" HPOS="815"/>
<String CONTENT="1929." HEIGHT="42" WIDTH="129" VPOS="2851" HPOS="843"/>
</TextLine>
<TextLine HEIGHT="53" WIDTH="1889" VPOS="2903" HPOS="407" CS="1">
<String CONTENT="&#169;" HEIGHT="52" WIDTH="52" VPOS="2903" HPOS="407"/>
<SP HEIGHT="52" WIDTH="27" VPOS="2903" HPOS="460"/>
<String CONTENT="Oct." HEIGHT="42" WIDTH="103" VPOS="2907" HPOS="488"/>
<SP HEIGHT="40" WIDTH="26" VPOS="2908" HPOS="592"/>
<String CONTENT="12," HEIGHT="47" WIDTH="69" VPOS="2908" HPOS="619"/>
<SP HEIGHT="47" WIDTH="27" VPOS="2908" HPOS="689"/>
<String CONTENT="1929;" HEIGHT="47" WIDTH="142" VPOS="2908" HPOS="717"/>
<SP HEIGHT="46" WIDTH="29" VPOS="2909" HPOS="860"/>
<String CONTENT="2c." HEIGHT="41" WIDTH="67" VPOS="2909" HPOS="890"/>
<SP HEIGHT="31" WIDTH="27" VPOS="2919" HPOS="958"/>
<String CONTENT="and" HEIGHT="38" WIDTH="97" VPOS="2910" HPOS="986"/>
<SP HEIGHT="38" WIDTH="27" VPOS="2910" HPOS="1084"/>
<String CONTENT="aff." HEIGHT="42" WIDTH="83" VPOS="2908" HPOS="1112"/>
<SP HEIGHT="42" WIDTH="29" VPOS="2908" HPOS="1196"/>
<String CONTENT="Oct." HEIGHT="41" WIDTH="100" VPOS="2908" HPOS="1226"/>
<SP HEIGHT="38" WIDTH="29" VPOS="2910" HPOS="1327"/>
<String CS="1" CONTENT="17;" HEIGHT="39" WIDTH="56" VPOS="2910" HPOS="1357"/>
<SP HEIGHT="47" WIDTH="29" VPOS="2909" HPOS="1440"/>
<!-- cceid A61D7608-6CFA-1014-9C3C-CEA95E7AA542 --><String CONTENT="A" HEIGHT="39" WIDTH="42" VPOS="2909" HPOS="1470"/>
<SP HEIGHT="39" WIDTH="25" VPOS="2909" HPOS="1513"/>
<String CONTENT="15066;" HEIGHT="48" WIDTH="172" VPOS="2908" HPOS="1539"/>
<SP HEIGHT="46" WIDTH="30" VPOS="2910" HPOS="1712"/>
<String LANG="fr" CS="1" CONTENT="Amer." HEIGHT="39" WIDTH="145" VPOS="2910" HPOS="1743"/>
<SP HEIGHT="38" WIDTH="28" VPOS="2912" HPOS="1903"/>
<String CONTENT="technical" HEIGHT="41" WIDTH="239" VPOS="2909" HPOS="1932"/>
<SP HEIGHT="38" WIDTH="29" VPOS="2911" HPOS="2172"/>
<String CONTENT="soc." HEIGHT="30" WIDTH="94" VPOS="2920" HPOS="2202"/>
</TextLine>
<TextLine HEIGHT="49" WIDTH="282" VPOS="2964" HPOS="485">
<String CONTENT="(29-22387)" HEIGHT="49" WIDTH="282" VPOS="2964" HPOS="485"/>
</TextLine>
<TextLine HEIGHT="61" WIDTH="916" VPOS="3057" HPOS="402" STYLEREFS="StyleId-B38EB3B3-3C9A-4ACC-AB14-53F0B078AA45-">
<String CONTENT="Carlyle," HEIGHT="60" WIDTH="251" VPOS="3057" HPOS="402"/>
<SP HEIGHT="58" WIDTH="27" VPOS="3059" HPOS="654"/>
<String CONTENT="Thomas," HEIGHT="60" WIDTH="277" VPOS="3058" HPOS="682"/>
<SP HEIGHT="53" WIDTH="31" VPOS="3065" HPOS="960"/>
<String CONTENT="1795-1881." HEIGHT="55" WIDTH="326" VPOS="3059" HPOS="992"/>
</TextLine>
<TextLine HEIGHT="71" WIDTH="1941" VPOS="3136" HPOS="472" STYLEREFS="StyleId-045755B5-772A-4FCD-B16A-3FCD46C9387E-">
<String CONTENT="The" HEIGHT="52" WIDTH="122" VPOS="3138" HPOS="472"/>
<SP HEIGHT="53" WIDTH="21" VPOS="3137" HPOS="595"/>
<String CONTENT="best" HEIGHT="54" WIDTH="121" VPOS="3137" HPOS="617"/>
<SP HEIGHT="47" WIDTH="22" VPOS="3144" HPOS="739"/>
<String CONTENT="of" HEIGHT="53" WIDTH="65" VPOS="3137" HPOS="762"/>
<SP HEIGHT="54" WIDTH="23" VPOS="3137" HPOS="828"/>
<String CONTENT="Carlyle," HEIGHT="69" WIDTH="250" VPOS="3137" HPOS="852"/>
<SP HEIGHT="47" WIDTH="22" VPOS="3159" HPOS="1103"/>
<String CONTENT="selected" HEIGHT="52" WIDTH="239" VPOS="3140" HPOS="1126"/>
<SP HEIGHT="53" WIDTH="24" VPOS="3140" HPOS="1366"/>
<String CONTENT="essays" HEIGHT="49" WIDTH="187" VPOS="3158" HPOS="1391"/>
<SP HEIGHT="35" WIDTH="24" VPOS="3158" HPOS="1579"/>
<String CONTENT="and" HEIGHT="52" WIDTH="114" VPOS="3140" HPOS="1604"/>
<SP HEIGHT="66" WIDTH="24" VPOS="3140" HPOS="1719"/>
<String CONTENT="passages," HEIGHT="51" WIDTH="284" VPOS="3156" HPOS="1744"/>
<SP HEIGHT="48" WIDTH="24" VPOS="3159" HPOS="2029"/>
<String CONTENT="edited" HEIGHT="53" WIDTH="191" VPOS="3139" HPOS="2054"/>
<SP HEIGHT="53" WIDTH="23" VPOS="3139" HPOS="2246"/>
<String CONTENT="with" HEIGHT="53" WIDTH="143" VPOS="3136" HPOS="2270"/>
</TextLine>
<TextLine HEIGHT="72" WIDTH="2007" VPOS="3214" HPOS="406" STYLEREFS="StyleId-045755B5-772A-4FCD-B16A-3FCD46C9387E-" CS="1">
<String CONTENT="introduction" HEIGHT="55" WIDTH="388" VPOS="3214" HPOS="406"/>
<SP HEIGHT="35" WIDTH="36" VPOS="3234" HPOS="795"/>
<String CONTENT="and" HEIGHT="53" WIDTH="112" VPOS="3216" HPOS="832"/>
<SP HEIGHT="53" WIDTH="34" VPOS="3216" HPOS="945"/>
<String CONTENT="notes" HEIGHT="49" WIDTH="160" VPOS="3221" HPOS="980"/>
<SP HEIGHT="53" WIDTH="33" VPOS="3217" HPOS="1141"/>
<String CONTENT="by" HEIGHT="69" WIDTH="76" VPOS="3217" HPOS="1175"/>
<SP HEIGHT="70" WIDTH="32" VPOS="3216" HPOS="1252"/>
<String CONTENT="Herbert" HEIGHT="54" WIDTH="252" VPOS="3216" HPOS="1285"/>
<SP HEIGHT="53" WIDTH="31" VPOS="3217" HPOS="1538"/>
<String LANG="fr" CONTENT="Le" HEIGHT="53" WIDTH="80" VPOS="3217" HPOS="1570"/>
<SP HEIGHT="56" WIDTH="38" VPOS="3216" HPOS="1651"/>
<String LANG="fr" CONTENT="Sourd" HEIGHT="56" WIDTH="187" VPOS="3216" HPOS="1690"/>
<SP HEIGHT="56" WIDTH="38" VPOS="3216" HPOS="1878"/>
<String CONTENT="Creek" HEIGHT="56" WIDTH="180" VPOS="3216" HPOS="1917"/>
<SP HEIGHT="51" WIDTH="39" VPOS="3217" HPOS="2098"/>
<String CS="1" CONTENT="&#8230;"/>
<SP HEIGHT="52" WIDTH="77" VPOS="3216" HPOS="2194"/>
<String CONTENT="New" HEIGHT="52" WIDTH="141" VPOS="3216" HPOS="2272"/>
</TextLine>
<TextLine HEIGHT="69" WIDTH="1007" VPOS="3293" HPOS="406" STYLEREFS="StyleId-045755B5-772A-4FCD-B16A-3FCD46C9387E-">
<String CONTENT="York," HEIGHT="69" WIDTH="179" VPOS="3293" HPOS="406"/>
<SP HEIGHT="67" WIDTH="25" VPOS="3295" HPOS="586"/>
<String CONTENT="T." HEIGHT="51" WIDTH="65" VPOS="3295" HPOS="612"/>
<SP HEIGHT="52" WIDTH="25" VPOS="3294" HPOS="678"/>
<String CONTENT="Nelson" HEIGHT="54" WIDTH="213" VPOS="3294" HPOS="704"/>
<SP HEIGHT="35" WIDTH="26" VPOS="3312" HPOS="918"/>
<String CONTENT="and" HEIGHT="52" WIDTH="114" VPOS="3296" HPOS="945"/>
<SP HEIGHT="52" WIDTH="25" VPOS="3296" HPOS="1060"/>
<String CONTENT="sons," HEIGHT="49" WIDTH="147" VPOS="3312" HPOS="1086"/>
<SP HEIGHT="61" WIDTH="28" VPOS="3300" HPOS="1234"/>
<String CONTENT="1929." HEIGHT="51" WIDTH="150" VPOS="3297" HPOS="1263"/>
</TextLine>
<TextLine HEIGHT="51" WIDTH="1940" VPOS="3373" HPOS="471" CS="1">
<String CONTENT="xxiii," HEIGHT="47" WIDTH="138" VPOS="3373" HPOS="471"/>
<SP HEIGHT="45" WIDTH="41" VPOS="3375" HPOS="610"/>
<String CONTENT="7-534" HEIGHT="40" WIDTH="143" VPOS="3374" HPOS="652"/>
<SP HEIGHT="47" WIDTH="36" VPOS="3375" HPOS="796"/>
<String CONTENT="p." HEIGHT="37" WIDTH="43" VPOS="3385" HPOS="833"/>
<SP HEIGHT="40" WIDTH="68" VPOS="3375" HPOS="877"/>
<String CONTENT="16" HEIGHT="39" WIDTH="59" VPOS="3375" HPOS="946"/>
<String STYLE="superscript" CS="1" CONTENT="&#7580;&#7504;"/>
<String CONTENT="." HEIGHT="8" WIDTH="8" VPOS="3407" HPOS="1055"/>
<SP HEIGHT="47" WIDTH="78" VPOS="3374" HPOS="1064"/>
<String CONTENT="(Half-title:" HEIGHT="48" WIDTH="302" VPOS="3374" HPOS="1143"/>
<SP HEIGHT="39" WIDTH="38" VPOS="3376" HPOS="1446"/>
<String CONTENT="Nelson&#8217;s" HEIGHT="41" WIDTH="220" VPOS="3375" HPOS="1485"/>
<SP HEIGHT="39" WIDTH="39" VPOS="3377" HPOS="1706"/>
<String CONTENT="English" HEIGHT="49" WIDTH="204" VPOS="3375" HPOS="1746"/>
<SP HEIGHT="38" WIDTH="41" VPOS="3376" HPOS="1951"/>
<String CS="1" CONTENT="series;" HEIGHT="40" WIDTH="150" VPOS="3375" HPOS="1993"/>
<SP HEIGHT="37" WIDTH="41" VPOS="3385" HPOS="2172"/>
<String CONTENT="general" HEIGHT="42" WIDTH="197" VPOS="3376" HPOS="2214"/>
</TextLine>
<TextLine HEIGHT="48" WIDTH="592" VPOS="3429" HPOS="402">
<String LANG="en-US" CONTENT="editor," HEIGHT="46" WIDTH="171" VPOS="3429" HPOS="402"/>
<SP HEIGHT="44" WIDTH="31" VPOS="3431" HPOS="574"/>
<String LANG="en-US" CONTENT="E." HEIGHT="39" WIDTH="53" VPOS="3431" HPOS="606"/>
<SP HEIGHT="39" WIDTH="29" VPOS="3431" HPOS="660"/>
<String LANG="de" CONTENT="Bernbaum)" HEIGHT="47" WIDTH="304" VPOS="3430" HPOS="690"/>
</TextLine>
<TextLine HEIGHT="54" WIDTH="1999" VPOS="3481" HPOS="410">
<String CONTENT="&#169;" HEIGHT="52" WIDTH="52" VPOS="3481" HPOS="410"/>
<SP HEIGHT="52" WIDTH="32" VPOS="3481" HPOS="463"/>
<String CONTENT="Oct." HEIGHT="41" WIDTH="102" VPOS="3485" HPOS="496"/>
<SP HEIGHT="40" WIDTH="31" VPOS="3486" HPOS="599"/>
<String CONTENT="9," HEIGHT="47" WIDTH="39" VPOS="3486" HPOS="631"/>
<SP HEIGHT="47" WIDTH="31" VPOS="3486" HPOS="671"/>
<String CONTENT="1929;" HEIGHT="48" WIDTH="140" VPOS="3485" HPOS="703"/>
<SP HEIGHT="46" WIDTH="34" VPOS="3487" HPOS="844"/>
<String CONTENT="2c." HEIGHT="39" WIDTH="65" VPOS="3487" HPOS="879"/>
<SP HEIGHT="29" WIDTH="32" VPOS="3497" HPOS="945"/>
<String CONTENT="and" HEIGHT="38" WIDTH="98" VPOS="3488" HPOS="978"/>
<SP HEIGHT="38" WIDTH="30" VPOS="3488" HPOS="1077"/>
<String CONTENT="aff." HEIGHT="40" WIDTH="82" VPOS="3487" HPOS="1108"/>
<SP HEIGHT="41" WIDTH="32" VPOS="3487" HPOS="1191"/>
<String CONTENT="Oct." HEIGHT="41" WIDTH="102" VPOS="3487" HPOS="1224"/>
<SP HEIGHT="41" WIDTH="32" VPOS="3487" HPOS="1327"/>
<String CONTENT="11;" HEIGHT="47" WIDTH="82" VPOS="3487" HPOS="1360"/>
<SP HEIGHT="46" WIDTH="33" VPOS="3488" HPOS="1443"/>
<!-- cceid A61DD439-6CFA-1014-9C3C-CEA95E7AA542 --><String CONTENT="A" HEIGHT="38" WIDTH="41" VPOS="3488" HPOS="1477"/>
<SP HEIGHT="38" WIDTH="29" VPOS="3488" HPOS="1519"/>
<String CONTENT="14392;" HEIGHT="48" WIDTH="174" VPOS="3487" HPOS="1549"/>
<SP HEIGHT="47" WIDTH="32" VPOS="3488" HPOS="1724"/>
<String CONTENT="Thomas" HEIGHT="40" WIDTH="212" VPOS="3488" HPOS="1757"/>
<SP HEIGHT="40" WIDTH="30" VPOS="3488" HPOS="1970"/>
<String CONTENT="Nelson" HEIGHT="40" WIDTH="180" VPOS="3488" HPOS="2001"/>
<SP HEIGHT="40" WIDTH="31" VPOS="3488" HPOS="2182"/>
<String CONTENT="&amp;" HEIGHT="40" WIDTH="36" VPOS="3488" HPOS="2214"/>
<SP HEIGHT="40" WIDTH="30" VPOS="3488" HPOS="2251"/>
<String CONTENT="sons." HEIGHT="30" WIDTH="127" VPOS="3498" HPOS="2282"/>
</TextLine>
<TextLine HEIGHT="49" WIDTH="282" VPOS="3541" HPOS="487">
<String CONTENT="(29-22395)" HEIGHT="49" WIDTH="282" VPOS="3541" HPOS="487"/>
</TextLine>
<TextLine HEIGHT="67" WIDTH="767" VPOS="3634" HPOS="406" STYLEREFS="StyleId-B38EB3B3-3C9A-4ACC-AB14-53F0B078AA45-">
<String CONTENT="Cheney," HEIGHT="65" WIDTH="258" VPOS="3634" HPOS="406"/>
<SP HEIGHT="63" WIDTH="28" VPOS="3636" HPOS="665"/>
<String CONTENT="Sheldon," HEIGHT="65" WIDTH="274" VPOS="3636" HPOS="694"/>
<SP HEIGHT="57" WIDTH="32" VPOS="3644" HPOS="969"/>
<String CONTENT="1886-" HEIGHT="50" WIDTH="171" VPOS="3642" HPOS="1002"/>
</TextLine>
<TextLine HEIGHT="72" WIDTH="1941" VPOS="3714" HPOS="475" STYLEREFS="StyleId-045755B5-772A-4FCD-B16A-3FCD46C9387E-">
<String CONTENT="The" HEIGHT="52" WIDTH="122" VPOS="3714" HPOS="475"/>
<SP HEIGHT="47" WIDTH="45" VPOS="3720" HPOS="598"/>
<String CONTENT="theatre;" HEIGHT="60" WIDTH="248" VPOS="3715" HPOS="644"/>
<SP HEIGHT="54" WIDTH="45" VPOS="3721" HPOS="893"/>
<String CONTENT="three" HEIGHT="53" WIDTH="160" VPOS="3716" HPOS="939"/>
<SP HEIGHT="46" WIDTH="44" VPOS="3723" HPOS="1100"/>
<String CONTENT="thousand" HEIGHT="54" WIDTH="286" VPOS="3717" HPOS="1145"/>
<SP HEIGHT="66" WIDTH="43" VPOS="3720" HPOS="1432"/>
<String CONTENT="years" HEIGHT="50" WIDTH="164" VPOS="3736" HPOS="1476"/>
<SP HEIGHT="34" WIDTH="44" VPOS="3737" HPOS="1641"/>
<String CONTENT="of" HEIGHT="52" WIDTH="64" VPOS="3718" HPOS="1686"/>
<SP HEIGHT="52" WIDTH="43" VPOS="3718" HPOS="1751"/>
<String CONTENT="drama," HEIGHT="66" WIDTH="219" VPOS="3719" HPOS="1795"/>
<SP HEIGHT="49" WIDTH="44" VPOS="3736" HPOS="2015"/>
<String CONTENT="acting" HEIGHT="69" WIDTH="195" VPOS="3716" HPOS="2060"/>
<SP HEIGHT="51" WIDTH="43" VPOS="3734" HPOS="2256"/>
<String CONTENT="and" HEIGHT="54" WIDTH="116" VPOS="3715" HPOS="2300"/>
</TextLine>
<TextLine HEIGHT="134" WIDTH="1988" VPOS="3791" HPOS="404" STYLEREFS="StyleId-045755B5-772A-4FCD-B16A-3FCD46C9387E-" CS="1">
<String CONTENT="stagecraft," HEIGHT="72" WIDTH="333" VPOS="3791" HPOS="404"/>
<SP HEIGHT="67" WIDTH="27" VPOS="3793" HPOS="738"/>
<String CONTENT="by" HEIGHT="68" WIDTH="74" VPOS="3793" HPOS="766"/>
<SP HEIGHT="69" WIDTH="32" VPOS="3792" HPOS="841"/>
<String CONTENT="Sheldon" HEIGHT="55" WIDTH="249" VPOS="3792" HPOS="874"/>
<SP HEIGHT="54" WIDTH="36" VPOS="3794" HPOS="1124"/>
<String CONTENT="Cheney." HEIGHT="68" WIDTH="243" VPOS="3794" HPOS="1161"/>
<SP HEIGHT="53" WIDTH="66" VPOS="3795" HPOS="1405"/>
<String CONTENT="With" HEIGHT="53" WIDTH="160" VPOS="3795" HPOS="1472"/>
<SP HEIGHT="51" WIDTH="35" VPOS="3796" HPOS="1633"/>
<String CONTENT="204" HEIGHT="50" WIDTH="104" VPOS="3797" HPOS="1669"/>
<SP HEIGHT="52" WIDTH="26" VPOS="3795" HPOS="1774"/>
<String CONTENT="illustrations." HEIGHT="53" WIDTH="398" VPOS="3795" HPOS="1801"/>
<SP HEIGHT="54" WIDTH="64" VPOS="3793" HPOS="2200"/>
<String CONTENT="London," HEIGHT="132" WIDTH="1988" VPOS="3793" HPOS="404"/>
</TextLine>
<TextLine HEIGHT="72" WIDTH="1554" VPOS="3869" HPOS="562" STYLEREFS="StyleId-045755B5-772A-4FCD-B16A-3FCD46C9387E-">
<String CONTENT="New" HEIGHT="52" WIDTH="140" VPOS="3869" HPOS="562"/>
<SP HEIGHT="52" WIDTH="27" VPOS="3870" HPOS="703"/>
<String CONTENT="York" HEIGHT="53" WIDTH="164" VPOS="3869" HPOS="731"/>
<SP HEIGHT="68" WIDTH="33" VPOS="3869" HPOS="896"/>
<String CONTENT="[etc.]" HEIGHT="61" WIDTH="139" VPOS="3876" HPOS="930"/>
<SP HEIGHT="66" WIDTH="32" VPOS="3871" HPOS="1070"/>
<String CONTENT="Longmans," HEIGHT="69" WIDTH="347" VPOS="3871" HPOS="1103"/>
<SP HEIGHT="68" WIDTH="26" VPOS="3872" HPOS="1451"/>
<String CONTENT="Green" HEIGHT="55" WIDTH="188" VPOS="3872" HPOS="1478"/>
<SP HEIGHT="35" WIDTH="26" VPOS="3892" HPOS="1667"/>
<String CONTENT="and" HEIGHT="53" WIDTH="112" VPOS="3873" HPOS="1694"/>
<SP HEIGHT="53" WIDTH="28" VPOS="3873" HPOS="1807"/>
<String CONTENT="co.," HEIGHT="52" WIDTH="98" VPOS="3889" HPOS="1836"/>
<SP HEIGHT="64" WIDTH="30" VPOS="3877" HPOS="1935"/>
<String CONTENT="1929." HEIGHT="50" WIDTH="150" VPOS="3875" HPOS="1966"/>
</TextLine>
</TextBlock>
</PrintSpace>
</Page>
</Layout>
</alto>