<alto xmlns="http://www.loc.gov/standards/alto/ns-v3#" xmlns:xlink="http://www.w3.org/1999/xlink" xmlns:xsi="http://www.w3.org/2001/XMLSchema-instance" xsi:schemaLocation="http://www.loc.gov/standards/alto/ns-v3# http://www.loc.gov/alto/v3/alto-3-0.xsd"><Description>
<MeasurementUnit>pixel</MeasurementUnit>
<sourceImageInformation>
<fileName>1929_v26_part001.pdf</fileName>
</sourceImageInformation>
<OCRProcessing ID="IdOcr">
<ocrProcessingStep>
<processingDateTime>2019-04-18</processingDateTime>
<processingSoftware>
<softwareCreator>ABBYY</softwareCreator>
<softwareName>ABBYY Recognition Server</softwareName>
<softwareVersion>4.0</softwareVersion>
</processingSoftware>
</ocrProcessingStep>
</OCRProcessing>
</Description>
<Styles>
<ParagraphStyle ID="StyleId-FFFFFFFF-FFFF-FFFF-FFFF-FFFFFFFFFFFF-" ALIGN="Left" LEFT="0." RIGHT="0." FIRSTLINE="0."/>
<ParagraphStyle ID="StyleId-11A520CB-49B0-4D42-A675-089886D5B704-" ALIGN="Center" LEFT="0." RIGHT="0." FIRSTLINE="0." LINESPACE="7.699999809"/>
<ParagraphStyle ID="StyleId-2AEC4724-E584-48A1-8E6D-86B1AA154223-" ALIGN="Left" LEFT="0." RIGHT="0." FIRSTLINE="0." LINESPACE="12.19999981"/>
<ParagraphStyle ID="StyleId-5ADCDE1D-F34B-405C-A765-E9B51F6229BD-" ALIGN="Left" LEFT="0." RIGHT="0." FIRSTLINE="-13." LINESPACE="8.050000191"/>
<ParagraphStyle ID="StyleId-D0AEFB96-F81D-4367-8545-C0AC945FA34C-" ALIGN="Block" LEFT="0." RIGHT="0." FIRSTLINE="-13." LINESPACE="8.899999619"/>
<ParagraphStyle ID="StyleId-9A3BB592-4BA4-4F85-B157-B9A7F1FC9680-" ALIGN="Left" LEFT="0." RIGHT="0." FIRSTLINE="0."/>
<ParagraphStyle ID="StyleId-E9D6144A-CFDC-4919-911D-02B0461DB967-" ALIGN="Left" LEFT="0." RIGHT="0." FIRSTLINE="-13." LINESPACE="23.43000031"/>
<ParagraphStyle ID="StyleId-EEECFC68-AAC5-42B1-B3BF-987799B5B74A-" ALIGN="Block" LEFT="0." RIGHT="0." FIRSTLINE="0." LINESPACE="23.43000031"/>
<ParagraphStyle ID="StyleId-98D20B11-A9BB-4FAB-8DC8-DC8C43F3755E-" ALIGN="Left" LEFT="0." RIGHT="0." FIRSTLINE="0." LINESPACE="10.5"/>
<ParagraphStyle ID="StyleId-C279DBAD-2656-4352-93E6-C942618B09B1-" ALIGN="Block" LEFT="0." RIGHT="0." FIRSTLINE="-13." LINESPACE="8.770000458"/>
<ParagraphStyle ID="StyleId-A539B2D0-654F-45BA-9385-D7E681D9BD87-" ALIGN="Block" LEFT="0." RIGHT="0." FIRSTLINE="0." LINESPACE="8.18999958"/>
<ParagraphStyle ID="StyleId-CFE66565-54F2-45CF-9511-65151219B0BC-" ALIGN="Left" LEFT="0." RIGHT="0." FIRSTLINE="-12." LINESPACE="12.19999981"/>
<ParagraphStyle ID="StyleId-37B60A95-D7B9-4720-9D46-F2E763AAD699-" ALIGN="Block" LEFT="0." RIGHT="0." FIRSTLINE="0." LINESPACE="12.19999981"/>
<ParagraphStyle ID="StyleId-255154CA-71AA-47B9-A5EB-ED90642010CE-" ALIGN="Block" LEFT="0." RIGHT="0." FIRSTLINE="13." LINESPACE="7.900000095"/>
<ParagraphStyle ID="StyleId-4618FB06-20CA-4F95-9CA2-829603EE887D-" ALIGN="Block" LEFT="0." RIGHT="0." FIRSTLINE="0." LINESPACE="10."/>
<ParagraphStyle ID="StyleId-61F9B98E-BA82-4DCF-809A-0C5481162321-" ALIGN="Left" LEFT="0." RIGHT="0." FIRSTLINE="-13." LINESPACE="8.479999542"/>
<ParagraphStyle ID="StyleId-16A4FB0C-4CB7-44C8-846E-AF89DD76FC73-" ALIGN="Left" LEFT="0." RIGHT="0." FIRSTLINE="0." LINESPACE="11.10000038"/>
<ParagraphStyle ID="StyleId-8CC01B24-9D1D-45D5-B954-83ECA9EA3425-" ALIGN="Left" LEFT="0." RIGHT="0." FIRSTLINE="-13." LINESPACE="8.050000191"/>
<ParagraphStyle ID="StyleId-3DB8CD3F-AD17-4DD7-8361-787A6A426C72-" ALIGN="Block" LEFT="0." RIGHT="0." FIRSTLINE="13." LINESPACE="7.900000095"/>
</Styles>
<Layout>
<Page ID="Page123" PHYSICAL_IMG_NR="123" HEIGHT="4335" WIDTH="2512">
<TopMargin HEIGHT="362" WIDTH="2512" VPOS="0" HPOS="0">
</TopMargin>
<LeftMargin HEIGHT="3804" WIDTH="142" VPOS="362" HPOS="0">
</LeftMargin>
<RightMargin HEIGHT="3804" WIDTH="328" VPOS="362" HPOS="2184">
</RightMargin>
<BottomMargin HEIGHT="169" WIDTH="2512" VPOS="4166" HPOS="0">
</BottomMargin>
<PrintSpace HEIGHT="3804" WIDTH="2042" VPOS="362" HPOS="142">
<TextBlock ID="Page123_Block1" HEIGHT="153" WIDTH="216" VPOS="4013" HPOS="1053" LANG="en-US" STYLEREFS="StyleId-6D3648FB-1421-4E0E-8D07-E9C660148B39-">
<TextLine HEIGHT="49" WIDTH="98" VPOS="4035" HPOS="1106">
<String CONTENT="123" HEIGHT="49" WIDTH="98" VPOS="4035" HPOS="1106"/>
</TextLine>
</TextBlock>
<TextBlock ID="Page123_Block2" HEIGHT="3678" WIDTH="2042" VPOS="362" HPOS="142" LANG="en-US" CS="1" STYLEREFS="StyleId-49408A15-21BA-4FAB-BCE5-D5D6DBD5B39C-">
<TextLine HEIGHT="48" WIDTH="276" VPOS="457" HPOS="235" STYLEREFS="StyleId-3260B56A-C2E8-4E3F-9B9E-A19BAB3EAACF-" LANG="fr" CS="1">
<String CONTENT="122" HEIGHT="38" WIDTH="87" VPOS="458" HPOS="235"/>
<SP HEIGHT="47" WIDTH="28" VPOS="458" HPOS="323"/>
<String CONTENT="p." HEIGHT="37" WIDTH="43" VPOS="468" HPOS="352"/>
<SP HEIGHT="41" WIDTH="57" VPOS="457" HPOS="396"/>
<String CS="1" CONTENT="24&#189;&#7580;&#7504;." HEIGHT="39" WIDTH="57" VPOS="457" HPOS="454"/>
</TextLine>
<TextLine HEIGHT="52" WIDTH="1998" VPOS="509" HPOS="168" LANG="fr" CS="1">
<String CONTENT="&#169;" HEIGHT="52" WIDTH="52" VPOS="509" HPOS="168"/>
<SP HEIGHT="52" WIDTH="27" VPOS="509" HPOS="221"/>
<String CONTENT="Nov." HEIGHT="40" WIDTH="118" VPOS="513" HPOS="249"/>
<SP HEIGHT="40" WIDTH="25" VPOS="513" HPOS="368"/>
<String CONTENT="22," HEIGHT="47" WIDTH="70" VPOS="513" HPOS="394"/>
<SP HEIGHT="45" WIDTH="27" VPOS="515" HPOS="465"/>
<String CS="1" CONTENT="1928;" HEIGHT="41" WIDTH="115" VPOS="512" HPOS="493"/>
<SP HEIGHT="46" WIDTH="27" VPOS="513" HPOS="636"/>
<String CONTENT="2c." HEIGHT="40" WIDTH="69" VPOS="513" HPOS="664"/>
<SP HEIGHT="30" WIDTH="27" VPOS="523" HPOS="734"/>
<String CONTENT="and" HEIGHT="39" WIDTH="96" VPOS="514" HPOS="762"/>
<SP HEIGHT="39" WIDTH="26" VPOS="514" HPOS="859"/>
<String CONTENT="aff." HEIGHT="41" WIDTH="83" VPOS="511" HPOS="886"/>
<SP HEIGHT="41" WIDTH="27" VPOS="511" HPOS="970"/>
<String CONTENT="Dec." HEIGHT="41" WIDTH="113" VPOS="511" HPOS="998"/>
<SP HEIGHT="41" WIDTH="27" VPOS="511" HPOS="1112"/>
<String CS="1" CONTENT="6;" HEIGHT="41" WIDTH="27" VPOS="511" HPOS="1140"/>
<SP HEIGHT="47" WIDTH="28" VPOS="511" HPOS="1193"/>
<!-- cceid 894F0D4C-6CFA-1014-9C3C-CEA95E7AA542 --><String CONTENT="A" HEIGHT="39" WIDTH="43" VPOS="511" HPOS="1222"/>
<SP HEIGHT="39" WIDTH="24" VPOS="511" HPOS="1266"/>
<String CS="1" CONTENT="2826;" HEIGHT="41" WIDTH="116" VPOS="510" HPOS="1291"/>
<SP HEIGHT="48" WIDTH="30" VPOS="510" HPOS="1435"/>
<String CONTENT="G." HEIGHT="41" WIDTH="53" VPOS="510" HPOS="1466"/>
<SP HEIGHT="40" WIDTH="29" VPOS="511" HPOS="1520"/>
<String CONTENT="V." HEIGHT="40" WIDTH="53" VPOS="511" HPOS="1550"/>
<SP HEIGHT="41" WIDTH="26" VPOS="510" HPOS="1604"/>
<String CONTENT="A." HEIGHT="40" WIDTH="57" VPOS="510" HPOS="1631"/>
<SP HEIGHT="39" WIDTH="28" VPOS="511" HPOS="1689"/>
<String CONTENT="McCloskey," HEIGHT="47" WIDTH="299" VPOS="510" HPOS="1718"/>
<SP HEIGHT="45" WIDTH="30" VPOS="511" HPOS="2018"/>
<String CONTENT="New" HEIGHT="38" WIDTH="117" VPOS="511" HPOS="2049"/>
</TextLine>
<TextLine HEIGHT="50" WIDTH="466" VPOS="567" HPOS="236" LANG="fr">
<String CONTENT="York." HEIGHT="41" WIDTH="145" VPOS="569" HPOS="236"/>
<SP HEIGHT="48" WIDTH="68" VPOS="569" HPOS="382"/>
<String CONTENT="(29-2134)" HEIGHT="50" WIDTH="251" VPOS="567" HPOS="451"/>
</TextLine>
<TextLine HEIGHT="66" WIDTH="660" VPOS="661" HPOS="164" STYLEREFS="StyleId-3260B56A-C2E8-4E3F-9B9E-A19BAB3EAACF-">
<String LANG="en-US" CONTENT="McNeill," HEIGHT="65" WIDTH="266" VPOS="662" HPOS="164"/>
<SP HEIGHT="64" WIDTH="35" VPOS="663" HPOS="431"/>
<String LANG="fr" CONTENT="Warren" HEIGHT="53" WIDTH="247" VPOS="663" HPOS="467"/>
<SP HEIGHT="54" WIDTH="35" VPOS="661" HPOS="715"/>
<String LANG="fr" CONTENT="A." HEIGHT="56" WIDTH="73" VPOS="661" HPOS="751"/>
</TextLine>
<TextLine HEIGHT="70" WIDTH="1807" VPOS="737" HPOS="238" STYLEREFS="StyleId-A83E497A-79A2-42E3-A441-1C502B8C305B-" CS="1">
<String LANG="fr" CONTENT="Cabellian" HEIGHT="54" WIDTH="297" VPOS="739" HPOS="238"/>
<SP HEIGHT="53" WIDTH="36" VPOS="738" HPOS="536"/>
<String LANG="fr" CONTENT="harmonies," HEIGHT="68" WIDTH="341" VPOS="738" HPOS="573"/>
<SP HEIGHT="67" WIDTH="37" VPOS="739" HPOS="915"/>
<String LANG="en-US" CONTENT="by" HEIGHT="68" WIDTH="76" VPOS="739" HPOS="953"/>
<SP HEIGHT="67" WIDTH="35" VPOS="740" HPOS="1030"/>
<String LANG="fr" CONTENT="Warren" HEIGHT="53" WIDTH="245" VPOS="740" HPOS="1066"/>
<SP HEIGHT="52" WIDTH="38" VPOS="739" HPOS="1312"/>
<String LANG="fr" CONTENT="A." HEIGHT="51" WIDTH="71" VPOS="739" HPOS="1351"/>
<SP HEIGHT="51" WIDTH="40" VPOS="739" HPOS="1423"/>
<String LANG="en-US" CONTENT="McNeill;" HEIGHT="68" WIDTH="281" VPOS="737" HPOS="1464"/>
<SP HEIGHT="48" WIDTH="43" VPOS="757" HPOS="1746"/>
<String LANG="en-US" CONTENT="with" HEIGHT="52" WIDTH="141" VPOS="738" HPOS="1790"/>
<SP HEIGHT="52" WIDTH="40" VPOS="738" HPOS="1932"/>
<String LANG="fr" CONTENT="an" HEIGHT="34" WIDTH="72" VPOS="756" HPOS="1973"/>
</TextLine>
<TextLine HEIGHT="223" WIDTH="1980" VPOS="738" HPOS="167" STYLEREFS="StyleId-A83E497A-79A2-42E3-A441-1C502B8C305B-" CS="1">
<String LANG="en-US" CONTENT="introductory" HEIGHT="147" WIDTH="1977" VPOS="738" HPOS="168"/>
<SP HEIGHT="51" WIDTH="34" VPOS="834" HPOS="501"/>
<String LANG="fr" CONTENT="note" HEIGHT="48" WIDTH="132" VPOS="821" HPOS="536"/>
<SP HEIGHT="53" WIDTH="36" VPOS="816" HPOS="669"/>
<String LANG="en-US" CONTENT="by" HEIGHT="68" WIDTH="75" VPOS="816" HPOS="706"/>
<SP HEIGHT="68" WIDTH="37" VPOS="816" HPOS="782"/>
<String LANG="fr" CONTENT="James" HEIGHT="54" WIDTH="195" VPOS="816" HPOS="820"/>
<SP HEIGHT="51" WIDTH="37" VPOS="818" HPOS="1016"/>
<String LANG="en-US" CONTENT="Branch" HEIGHT="52" WIDTH="231" VPOS="817" HPOS="1054"/>
<SP HEIGHT="55" WIDTH="41" VPOS="815" HPOS="1286"/>
<String LANG="en-US" CONTENT="Cabell." HEIGHT="55" WIDTH="212" VPOS="815" HPOS="1328"/>
<SP HEIGHT="52" WIDTH="74" VPOS="817" HPOS="1541"/>
<String LANG="fr" CONTENT="New" HEIGHT="52" WIDTH="140" VPOS="817" HPOS="1616"/>
<SP HEIGHT="53" WIDTH="39" VPOS="815" HPOS="1757"/>
<String LANG="fr" CONTENT="York," HEIGHT="69" WIDTH="180" VPOS="815" HPOS="1797"/>
<SP HEIGHT="67" WIDTH="39" VPOS="817" HPOS="1978"/>
<String LANG="en-US" CONTENT="Random" HEIGHT="130" WIDTH="1980" VPOS="817" HPOS="167"/>
<SP HEIGHT="52" WIDTH="25" VPOS="894" HPOS="299"/>
<String LANG="en-US" CONTENT="House," HEIGHT="67" WIDTH="213" VPOS="894" HPOS="325"/>
<SP HEIGHT="64" WIDTH="30" VPOS="897" HPOS="539"/>
<String LANG="fr" CONTENT="1928." HEIGHT="50" WIDTH="150" VPOS="896" HPOS="570"/>
</TextLine>
<TextLine HEIGHT="49" WIDTH="655" VPOS="976" HPOS="233" LANG="fr" CS="1">
<String CONTENT="3" HEIGHT="39" WIDTH="26" VPOS="978" HPOS="233"/>
<SP/>
<String CONTENT="p." HEIGHT="36" WIDTH="43" VPOS="988" HPOS="287"/>
<SP HEIGHT="38" WIDTH="27" VPOS="979" HPOS="331"/>
<String CS="1" CONTENT="l.,"/>
<SP HEIGHT="49" WIDTH="28" VPOS="976" HPOS="404"/>
<String CONTENT="5-103" HEIGHT="41" WIDTH="143" VPOS="976" HPOS="433"/>
<SP HEIGHT="46" WIDTH="27" VPOS="978" HPOS="577"/>
<String CS="1" CONTENT="p.,"/>
<SP/>
<String CS="1" CONTENT="1"/>
<SP/>
<String CS="1" CONTENT="l."/>
<SP HEIGHT="41" WIDTH="58" VPOS="976" HPOS="773"/>
<String CONTENT="25" HEIGHT="40" WIDTH="56" VPOS="976" HPOS="832"/>
<String STYLE="superscript" CS="1" CONTENT="&#7580;&#7504;."/>
</TextLine>
<TextLine HEIGHT="49" WIDTH="1936" VPOS="1032" HPOS="235">
<String CONTENT="&#8220;Fifteen" HEIGHT="40" WIDTH="224" VPOS="1033" HPOS="235"/>
<SP HEIGHT="38" WIDTH="28" VPOS="1034" HPOS="460"/>
<String CONTENT="hundred" HEIGHT="38" WIDTH="221" VPOS="1034" HPOS="489"/>
<SP HEIGHT="39" WIDTH="31" VPOS="1034" HPOS="711"/>
<String LANG="fr" CONTENT="copies" HEIGHT="49" WIDTH="160" VPOS="1032" HPOS="743"/>
<SP HEIGHT="29" WIDTH="31" VPOS="1043" HPOS="904"/>
<String CONTENT="of" HEIGHT="40" WIDTH="52" VPOS="1032" HPOS="936"/>
<SP HEIGHT="40" WIDTH="29" VPOS="1032" HPOS="989"/>
<String CONTENT="this" HEIGHT="40" WIDTH="98" VPOS="1032" HPOS="1019"/>
<SP HEIGHT="39" WIDTH="30" VPOS="1033" HPOS="1118"/>
<String CONTENT="book" HEIGHT="39" WIDTH="124" VPOS="1033" HPOS="1149"/>
<SP HEIGHT="39" WIDTH="30" VPOS="1033" HPOS="1274"/>
<String CONTENT="have" HEIGHT="39" WIDTH="124" VPOS="1034" HPOS="1305"/>
<SP HEIGHT="39" WIDTH="29" VPOS="1033" HPOS="1430"/>
<String CONTENT="been" HEIGHT="39" WIDTH="120" VPOS="1033" HPOS="1460"/>
<SP HEIGHT="38" WIDTH="29" VPOS="1043" HPOS="1581"/>
<String CONTENT="printed" HEIGHT="49" WIDTH="195" VPOS="1032" HPOS="1611"/>
<SP HEIGHT="40" WIDTH="29" VPOS="1032" HPOS="1807"/>
<String CONTENT="for" HEIGHT="40" WIDTH="79" VPOS="1032" HPOS="1837"/>
<SP HEIGHT="38" WIDTH="31" VPOS="1033" HPOS="1917"/>
<String CONTENT="Random" HEIGHT="40" WIDTH="222" VPOS="1033" HPOS="1949"/>
</TextLine>
<TextLine HEIGHT="49" WIDTH="2005" VPOS="1088" HPOS="166">
<String CONTENT="House," HEIGHT="45" WIDTH="176" VPOS="1090" HPOS="166"/>
<SP HEIGHT="45" WIDTH="31" VPOS="1090" HPOS="343"/>
<String CONTENT="New" HEIGHT="39" WIDTH="117" VPOS="1090" HPOS="375"/>
<SP HEIGHT="39" WIDTH="28" VPOS="1090" HPOS="493"/>
<String CONTENT="York," HEIGHT="47" WIDTH="144" VPOS="1090" HPOS="522"/>
<SP HEIGHT="36" WIDTH="33" VPOS="1101" HPOS="667"/>
<String CONTENT="on" HEIGHT="29" WIDTH="61" VPOS="1100" HPOS="701"/>
<SP HEIGHT="39" WIDTH="31" VPOS="1089" HPOS="763"/>
<String CONTENT="Rittenhouse" HEIGHT="40" WIDTH="323" VPOS="1089" HPOS="795"/>
<SP HEIGHT="38" WIDTH="30" VPOS="1090" HPOS="1119"/>
<String CONTENT="laid" HEIGHT="40" WIDTH="102" VPOS="1088" HPOS="1150"/>
<SP HEIGHT="47" WIDTH="31" VPOS="1090" HPOS="1253"/>
<String CONTENT="paper" HEIGHT="38" WIDTH="150" VPOS="1099" HPOS="1285"/>
<SP HEIGHT="39" WIDTH="30" VPOS="1089" HPOS="1436"/>
<String CONTENT="by" HEIGHT="47" WIDTH="61" VPOS="1089" HPOS="1467"/>
<SP HEIGHT="48" WIDTH="32" VPOS="1088" HPOS="1529"/>
<String CONTENT="Richard" HEIGHT="40" WIDTH="217" VPOS="1088" HPOS="1562"/>
<SP HEIGHT="40" WIDTH="32" VPOS="1089" HPOS="1780"/>
<String CONTENT="W." HEIGHT="39" WIDTH="71" VPOS="1090" HPOS="1813"/>
<SP HEIGHT="39" WIDTH="32" VPOS="1090" HPOS="1885"/>
<String CONTENT="Ellis," HEIGHT="48" WIDTH="136" VPOS="1088" HPOS="1918"/>
<SP HEIGHT="45" WIDTH="31" VPOS="1091" HPOS="2055"/>
<String CONTENT="the" HEIGHT="39" WIDTH="84" VPOS="1090" HPOS="2087"/>
</TextLine>
<TextLine HEIGHT="49" WIDTH="2005" VPOS="1144" HPOS="165">
<String CONTENT="Georgian" HEIGHT="48" WIDTH="241" VPOS="1145" HPOS="165"/>
<SP HEIGHT="37" WIDTH="25" VPOS="1156" HPOS="407"/>
<String CONTENT="press" HEIGHT="37" WIDTH="136" VPOS="1156" HPOS="433"/>
<SP HEIGHT="40" WIDTH="28" VPOS="1145" HPOS="570"/>
<String CONTENT="in" HEIGHT="39" WIDTH="49" VPOS="1145" HPOS="599"/>
<SP HEIGHT="38" WIDTH="29" VPOS="1147" HPOS="649"/>
<String CONTENT="the" HEIGHT="40" WIDTH="82" VPOS="1145" HPOS="679"/>
<SP HEIGHT="30" WIDTH="25" VPOS="1155" HPOS="762"/>
<String CONTENT="month" HEIGHT="39" WIDTH="169" VPOS="1146" HPOS="788"/>
<SP HEIGHT="39" WIDTH="27" VPOS="1146" HPOS="958"/>
<String CONTENT="of" HEIGHT="40" WIDTH="52" VPOS="1145" HPOS="986"/>
<SP HEIGHT="41" WIDTH="27" VPOS="1144" HPOS="1039"/>
<String CONTENT="September," HEIGHT="49" WIDTH="293" VPOS="1144" HPOS="1067"/>
<SP HEIGHT="47" WIDTH="29" VPOS="1146" HPOS="1361"/>
<String CONTENT="1928.&#8221;" HEIGHT="41" WIDTH="157" VPOS="1144" HPOS="1391"/>
<SP HEIGHT="39" WIDTH="61" VPOS="1144" HPOS="1549"/>
<String CONTENT="This" HEIGHT="41" WIDTH="118" VPOS="1144" HPOS="1611"/>
<SP HEIGHT="29" WIDTH="27" VPOS="1156" HPOS="1730"/>
<String CONTENT="copy" HEIGHT="37" WIDTH="119" VPOS="1156" HPOS="1758"/>
<SP HEIGHT="37" WIDTH="27" VPOS="1156" HPOS="1878"/>
<String CONTENT="numbered" HEIGHT="40" WIDTH="264" VPOS="1146" HPOS="1906"/>
</TextLine>
<TextLine HEIGHT="48" WIDTH="857" VPOS="1202" HPOS="163">
<String CONTENT="1341" HEIGHT="39" WIDTH="112" VPOS="1203" HPOS="163"/>
<SP HEIGHT="38" WIDTH="29" VPOS="1203" HPOS="276"/>
<String CONTENT="and" HEIGHT="38" WIDTH="96" VPOS="1203" HPOS="306"/>
<SP HEIGHT="38" WIDTH="26" VPOS="1203" HPOS="403"/>
<String CONTENT="signed" HEIGHT="48" WIDTH="168" VPOS="1202" HPOS="430"/>
<SP HEIGHT="38" WIDTH="28" VPOS="1203" HPOS="599"/>
<String CONTENT="by" HEIGHT="46" WIDTH="60" VPOS="1203" HPOS="628"/>
<SP HEIGHT="45" WIDTH="28" VPOS="1204" HPOS="689"/>
<String CONTENT="the" HEIGHT="40" WIDTH="81" VPOS="1202" HPOS="718"/>
<SP HEIGHT="29" WIDTH="27" VPOS="1212" HPOS="800"/>
<String CONTENT="author." HEIGHT="38" WIDTH="192" VPOS="1203" HPOS="828"/>
</TextLine>
<TextLine HEIGHT="53" WIDTH="2002" VPOS="1254" HPOS="165">
<String CONTENT="&#169;" HEIGHT="52" WIDTH="52" VPOS="1254" HPOS="165"/>
<SP HEIGHT="52" WIDTH="26" VPOS="1254" HPOS="218"/>
<String CONTENT="Nov." HEIGHT="39" WIDTH="118" VPOS="1259" HPOS="245"/>
<SP HEIGHT="38" WIDTH="26" VPOS="1260" HPOS="364"/>
<String CONTENT="15," HEIGHT="47" WIDTH="69" VPOS="1259" HPOS="391"/>
<SP HEIGHT="46" WIDTH="27" VPOS="1260" HPOS="461"/>
<String CONTENT="1928;" HEIGHT="45" WIDTH="141" VPOS="1258" HPOS="489"/>
<SP HEIGHT="44" WIDTH="29" VPOS="1259" HPOS="631"/>
<String CONTENT="2c." HEIGHT="39" WIDTH="67" VPOS="1259" HPOS="661"/>
<SP HEIGHT="40" WIDTH="28" VPOS="1258" HPOS="729"/>
<String CONTENT="Feb." HEIGHT="41" WIDTH="110" VPOS="1258" HPOS="758"/>
<SP HEIGHT="40" WIDTH="26" VPOS="1258" HPOS="869"/>
<String CONTENT="2," HEIGHT="47" WIDTH="41" VPOS="1258" HPOS="896"/>
<SP HEIGHT="46" WIDTH="28" VPOS="1259" HPOS="938"/>
<String CONTENT="1929;" HEIGHT="47" WIDTH="141" VPOS="1257" HPOS="967"/>
<SP HEIGHT="36" WIDTH="31" VPOS="1268" HPOS="1109"/>
<String CONTENT="aff." HEIGHT="42" WIDTH="82" VPOS="1256" HPOS="1141"/>
<SP HEIGHT="40" WIDTH="29" VPOS="1258" HPOS="1224"/>
<String CONTENT="Feb." HEIGHT="39" WIDTH="111" VPOS="1258" HPOS="1254"/>
<SP HEIGHT="39" WIDTH="27" VPOS="1258" HPOS="1366"/>
<String CONTENT="26;" HEIGHT="47" WIDTH="83" VPOS="1258" HPOS="1394"/>
<SP HEIGHT="47" WIDTH="30" VPOS="1258" HPOS="1478"/>
<!-- cceid 89500102-6CFA-1014-9C3C-CEA95E7AA542 --><String CONTENT="A" HEIGHT="38" WIDTH="41" VPOS="1258" HPOS="1509"/>
<SP HEIGHT="39" WIDTH="26" VPOS="1258" HPOS="1551"/>
<String CONTENT="5085;" HEIGHT="48" WIDTH="141" VPOS="1257" HPOS="1578"/>
<SP HEIGHT="47" WIDTH="31" VPOS="1258" HPOS="1720"/>
<String CONTENT="Random" HEIGHT="40" WIDTH="222" VPOS="1258" HPOS="1752"/>
<SP HEIGHT="39" WIDTH="27" VPOS="1258" HPOS="1975"/>
<String CONTENT="house," HEIGHT="49" WIDTH="164" VPOS="1258" HPOS="2003"/>
</TextLine>
<TextLine HEIGHT="50" WIDTH="413" VPOS="1314" HPOS="233">
<String CONTENT="inc." HEIGHT="41" WIDTH="91" VPOS="1314" HPOS="233"/>
<SP HEIGHT="48" WIDTH="68" VPOS="1316" HPOS="325"/>
<String CONTENT="(29-3389)" HEIGHT="50" WIDTH="252" VPOS="1314" HPOS="394"/>
</TextLine>
<TextLine HEIGHT="63" WIDTH="537" VPOS="1407" HPOS="160" STYLEREFS="StyleId-3260B56A-C2E8-4E3F-9B9E-A19BAB3EAACF-" LANG="fr">
<String CONTENT="Maurois," HEIGHT="63" WIDTH="282" VPOS="1407" HPOS="160"/>
<SP HEIGHT="62" WIDTH="34" VPOS="1408" HPOS="443"/>
<String CONTENT="Andr&#233;." HEIGHT="54" WIDTH="219" VPOS="1408" HPOS="478"/>
</TextLine>
<TextLine HEIGHT="71" WIDTH="1436" VPOS="1484" HPOS="234" STYLEREFS="StyleId-A83E497A-79A2-42E3-A441-1C502B8C305B-" CS="1">
<String CONTENT="Secret" HEIGHT="55" WIDTH="191" VPOS="1484" HPOS="234"/>
<SP HEIGHT="46" WIDTH="31" VPOS="1491" HPOS="426"/>
<String CONTENT="of" HEIGHT="53" WIDTH="65" VPOS="1484" HPOS="458"/>
<SP HEIGHT="53" WIDTH="29" VPOS="1484" HPOS="524"/>
<String CONTENT="sex" HEIGHT="33" WIDTH="96" VPOS="1504" HPOS="554"/>
<SP HEIGHT="33" WIDTH="31" VPOS="1504" HPOS="651"/>
<String CONTENT="appeal." HEIGHT="67" WIDTH="222" VPOS="1486" HPOS="683"/>
<SP HEIGHT="33" WIDTH="81" VPOS="1519" HPOS="906"/>
<String CS="1" CONTENT="[Tr." HEIGHT="51" WIDTH="95" VPOS="1486" HPOS="1006"/>
<SP HEIGHT="52" WIDTH="34" VPOS="1485" HPOS="1102"/>
<String CONTENT="by" HEIGHT="68" WIDTH="76" VPOS="1485" HPOS="1137"/>
<SP HEIGHT="67" WIDTH="29" VPOS="1486" HPOS="1214"/>
<String CONTENT="John" HEIGHT="53" WIDTH="158" VPOS="1485" HPOS="1244"/>
<SP HEIGHT="51" WIDTH="32" VPOS="1486" HPOS="1403"/>
<String CS="1" CONTENT="Rayner]" HEIGHT="69" WIDTH="234" VPOS="1486" HPOS="1436"/>
</TextLine>
<TextLine HEIGHT="52" WIDTH="873" VPOS="1564" HPOS="241" STYLEREFS="StyleId-A83E497A-79A2-42E3-A441-1C502B8C305B-">
<String CONTENT="(In" HEIGHT="48" WIDTH="83" VPOS="1568" HPOS="241"/>
<SP HEIGHT="43" WIDTH="40" VPOS="1564" HPOS="325"/>
<String CONTENT="London" HEIGHT="43" WIDTH="202" VPOS="1564" HPOS="366"/>
<SP HEIGHT="43" WIDTH="42" VPOS="1564" HPOS="569"/>
<String CONTENT="Sunday" HEIGHT="52" WIDTH="202" VPOS="1564" HPOS="612"/>
<SP HEIGHT="51" WIDTH="42" VPOS="1565" HPOS="815"/>
<String CONTENT="dispatch)" HEIGHT="52" WIDTH="256" VPOS="1564" HPOS="858"/>
</TextLine>
<TextLine HEIGHT="54" WIDTH="2002" VPOS="1620" HPOS="166" CS="1">
<String CONTENT="&#169;" HEIGHT="51" WIDTH="52" VPOS="1620" HPOS="166"/>
<SP/>
<String CS="1" CONTENT="1c."/>
<SP/>
<String CONTENT="Jan." HEIGHT="40" WIDTH="110" VPOS="1624" HPOS="342"/>
<SP HEIGHT="39" WIDTH="27" VPOS="1625" HPOS="453"/>
<String CONTENT="7," HEIGHT="46" WIDTH="38" VPOS="1625" HPOS="481"/>
<SP HEIGHT="46" WIDTH="29" VPOS="1625" HPOS="520"/>
<String CONTENT="3929;" HEIGHT="48" WIDTH="141" VPOS="1623" HPOS="550"/>
<SP HEIGHT="47" WIDTH="28" VPOS="1624" HPOS="692"/>
<!-- cceid 8950EFEE-6CFA-1014-9C3C-CEA95E7AA542 --><String CONTENT="A" HEIGHT="39" WIDTH="41" VPOS="1624" HPOS="721"/>
<SP HEIGHT="39" WIDTH="27" VPOS="1624" HPOS="763"/>
<String CONTENT="ad" HEIGHT="39" WIDTH="63" VPOS="1625" HPOS="791"/>
<SP HEIGHT="40" WIDTH="25" VPOS="1624" HPOS="855"/>
<String CONTENT="int." HEIGHT="40" WIDTH="88" VPOS="1624" HPOS="881"/>
<SP HEIGHT="39" WIDTH="27" VPOS="1625" HPOS="970"/>
<String CS="1" CONTENT="12347;" HEIGHT="40" WIDTH="144" VPOS="1624" HPOS="998"/>
<SP HEIGHT="38" WIDTH="30" VPOS="1634" HPOS="1171"/>
<String CONTENT="pubd." HEIGHT="48" WIDTH="143" VPOS="1624" HPOS="1202"/>
<SP HEIGHT="40" WIDTH="28" VPOS="1625" HPOS="1346"/>
<String CONTENT="Nov." HEIGHT="41" WIDTH="120" VPOS="1625" HPOS="1375"/>
<SP HEIGHT="39" WIDTH="28" VPOS="1627" HPOS="1496"/>
<String CONTENT="11," HEIGHT="48" WIDTH="68" VPOS="1625" HPOS="1525"/>
<SP HEIGHT="47" WIDTH="30" VPOS="1626" HPOS="1594"/>
<String CONTENT="1928;" HEIGHT="48" WIDTH="141" VPOS="1624" HPOS="1625"/>
<SP HEIGHT="47" WIDTH="32" VPOS="1625" HPOS="1767"/>
<String CONTENT="John" HEIGHT="40" WIDTH="128" VPOS="1625" HPOS="1800"/>
<SP HEIGHT="38" WIDTH="29" VPOS="1626" HPOS="1929"/>
<String CONTENT="Rayner," HEIGHT="48" WIDTH="209" VPOS="1626" HPOS="1959"/>
</TextLine>
<TextLine HEIGHT="41" WIDTH="213" VPOS="1680" HPOS="230">
<String CONTENT="London." HEIGHT="41" WIDTH="213" VPOS="1680" HPOS="230"/>
</TextLine>
<TextLine HEIGHT="65" WIDTH="909" VPOS="1773" HPOS="166" STYLEREFS="StyleId-3260B56A-C2E8-4E3F-9B9E-A19BAB3EAACF-">
<String CONTENT="Moore," HEIGHT="63" WIDTH="218" VPOS="1774" HPOS="166"/>
<SP HEIGHT="63" WIDTH="24" VPOS="1774" HPOS="385"/>
<String CONTENT="Nathan" HEIGHT="52" WIDTH="246" VPOS="1774" HPOS="410"/>
<SP HEIGHT="53" WIDTH="26" VPOS="1774" HPOS="657"/>
<String CONTENT="Grier," HEIGHT="65" WIDTH="190" VPOS="1773" HPOS="684"/>
<SP HEIGHT="59" WIDTH="26" VPOS="1779" HPOS="875"/>
<String CONTENT="1853-" HEIGHT="49" WIDTH="173" VPOS="1779" HPOS="902"/>
</TextLine>
<TextLine HEIGHT="75" WIDTH="1936" VPOS="1849" HPOS="237" STYLEREFS="StyleId-A83E497A-79A2-42E3-A441-1C502B8C305B-">
<String CONTENT="Studies" HEIGHT="55" WIDTH="230" VPOS="1849" HPOS="237"/>
<SP HEIGHT="53" WIDTH="50" VPOS="1850" HPOS="468"/>
<String CONTENT="for" HEIGHT="53" WIDTH="94" VPOS="1850" HPOS="519"/>
<SP HEIGHT="47" WIDTH="46" VPOS="1856" HPOS="614"/>
<String CONTENT="the" HEIGHT="51" WIDTH="95" VPOS="1852" HPOS="661"/>
<SP HEIGHT="33" WIDTH="46" VPOS="1870" HPOS="757"/>
<String CONTENT="adult" HEIGHT="53" WIDTH="162" VPOS="1851" HPOS="804"/>
<SP HEIGHT="52" WIDTH="47" VPOS="1852" HPOS="967"/>
<String CONTENT="Bible" HEIGHT="53" WIDTH="168" VPOS="1852" HPOS="1015"/>
<SP HEIGHT="35" WIDTH="47" VPOS="1870" HPOS="1184"/>
<String CONTENT="class;" HEIGHT="67" WIDTH="171" VPOS="1853" HPOS="1232"/>
<SP HEIGHT="48" WIDTH="52" VPOS="1872" HPOS="1404"/>
<String CONTENT="eighty-six" HEIGHT="69" WIDTH="314" VPOS="1853" HPOS="1457"/>
<SP HEIGHT="51" WIDTH="48" VPOS="1854" HPOS="1772"/>
<String CONTENT="lessons," HEIGHT="66" WIDTH="227" VPOS="1854" HPOS="1821"/>
<SP HEIGHT="66" WIDTH="48" VPOS="1854" HPOS="2049"/>
<String CONTENT="by" HEIGHT="70" WIDTH="75" VPOS="1854" HPOS="2098"/>
</TextLine>
<TextLine HEIGHT="72" WIDTH="1522" VPOS="1927" HPOS="163" STYLEREFS="StyleId-A83E497A-79A2-42E3-A441-1C502B8C305B-">
<String CONTENT="Nathan" HEIGHT="53" WIDTH="233" VPOS="1927" HPOS="163"/>
<SP HEIGHT="55" WIDTH="28" VPOS="1927" HPOS="397"/>
<String CONTENT="G." HEIGHT="55" WIDTH="69" VPOS="1927" HPOS="426"/>
<SP HEIGHT="53" WIDTH="27" VPOS="1928" HPOS="496"/>
<String CONTENT="Moore." HEIGHT="53" WIDTH="214" VPOS="1928" HPOS="524"/>
<SP HEIGHT="55" WIDTH="75" VPOS="1928" HPOS="739"/>
<String CONTENT="Chicago," HEIGHT="70" WIDTH="271" VPOS="1928" HPOS="815"/>
<SP HEIGHT="67" WIDTH="28" VPOS="1930" HPOS="1087"/>
<String CONTENT="Priv." HEIGHT="54" WIDTH="159" VPOS="1929" HPOS="1116"/>
<SP HEIGHT="50" WIDTH="30" VPOS="1949" HPOS="1276"/>
<String CONTENT="print.," HEIGHT="68" WIDTH="196" VPOS="1931" HPOS="1307"/>
<SP HEIGHT="64" WIDTH="30" VPOS="1935" HPOS="1504"/>
<String CONTENT="1928." HEIGHT="50" WIDTH="150" VPOS="1934" HPOS="1535"/>
</TextLine>
<TextLine HEIGHT="49" WIDTH="827" VPOS="2011" HPOS="231" STYLEREFS="StyleId-A83E497A-79A2-42E3-A441-1C502B8C305B-" CS="1">
<String CONTENT="xvi," HEIGHT="47" WIDTH="96" VPOS="2011" HPOS="231"/>
<SP HEIGHT="46" WIDTH="31" VPOS="2012" HPOS="328"/>
<String CONTENT="331" HEIGHT="39" WIDTH="84" VPOS="2012" HPOS="360"/>
<SP HEIGHT="47" WIDTH="31" VPOS="2012" HPOS="445"/>
<String CONTENT="p." HEIGHT="37" WIDTH="43" VPOS="2022" HPOS="477"/>
<SP HEIGHT="39" WIDTH="58" VPOS="2012" HPOS="521"/>
<String CS="1" CONTENT="front."/>
<SP HEIGHT="48" WIDTH="27" VPOS="2012" HPOS="732"/>
<String CONTENT="(port.)" HEIGHT="48" WIDTH="173" VPOS="2012" HPOS="760"/>
<SP HEIGHT="47" WIDTH="66" VPOS="2012" HPOS="934"/>
<String CONTENT="24" HEIGHT="39" WIDTH="57" VPOS="2013" HPOS="1001"/>
<String STYLE="superscript" CS="1" CONTENT="&#7580;&#7504;."/>
</TextLine>
<TextLine HEIGHT="112" WIDTH="1986" VPOS="2063" HPOS="164" CS="1">
<String CONTENT="&#169;" HEIGHT="52" WIDTH="52" VPOS="2063" HPOS="164"/>
<SP HEIGHT="52" WIDTH="29" VPOS="2063" HPOS="217"/>
<String CONTENT="Dec." HEIGHT="40" WIDTH="112" VPOS="2068" HPOS="247"/>
<SP HEIGHT="40" WIDTH="29" VPOS="2068" HPOS="360"/>
<String CONTENT="29," HEIGHT="48" WIDTH="69" VPOS="2068" HPOS="390"/>
<SP HEIGHT="46" WIDTH="29" VPOS="2070" HPOS="460"/>
<String CS="1" CONTENT="1928;" HEIGHT="41" WIDTH="116" VPOS="2068" HPOS="490"/>
<SP HEIGHT="46" WIDTH="29" VPOS="2068" HPOS="632"/>
<String CONTENT="2c." HEIGHT="41" WIDTH="71" VPOS="2068" HPOS="662"/>
<SP HEIGHT="30" WIDTH="29" VPOS="2079" HPOS="734"/>
<String CONTENT="and" HEIGHT="38" WIDTH="96" VPOS="2071" HPOS="764"/>
<SP HEIGHT="38" WIDTH="29" VPOS="2071" HPOS="861"/>
<String CS="1" CONTENT="aff."/>
<SP HEIGHT="39" WIDTH="30" VPOS="2070" HPOS="975"/>
<String CONTENT="Jan." HEIGHT="39" WIDTH="110" VPOS="2070" HPOS="1006"/>
<SP HEIGHT="39" WIDTH="28" VPOS="2070" HPOS="1117"/>
<String CONTENT="21," HEIGHT="48" WIDTH="69" VPOS="2070" HPOS="1146"/>
<SP HEIGHT="46" WIDTH="31" VPOS="2072" HPOS="1216"/>
<String CS="1" CONTENT="1929;" HEIGHT="40" WIDTH="115" VPOS="2070" HPOS="1248"/>
<SP HEIGHT="46" WIDTH="32" VPOS="2071" HPOS="1391"/>
<!-- cceid 8951DF3A-6CFA-1014-9C3C-CEA95E7AA542 --><String CONTENT="A" HEIGHT="38" WIDTH="41" VPOS="2071" HPOS="1424"/>
<SP HEIGHT="40" WIDTH="28" VPOS="2071" HPOS="1466"/>
<String CS="1" CONTENT="3845;" HEIGHT="40" WIDTH="115" VPOS="2071" HPOS="1495"/>
<SP HEIGHT="48" WIDTH="32" VPOS="2071" HPOS="1638"/>
<String LANG="fr" CONTENT="N." HEIGHT="40" WIDTH="57" VPOS="2071" HPOS="1671"/>
<SP HEIGHT="41" WIDTH="32" VPOS="2071" HPOS="1729"/>
<String CONTENT="G." HEIGHT="42" WIDTH="54" VPOS="2071" HPOS="1762"/>
<SP HEIGHT="41" WIDTH="31" VPOS="2072" HPOS="1817"/>
<String CONTENT="Moore," HEIGHT="47" WIDTH="178" VPOS="2072" HPOS="1849"/>
<SP HEIGHT="48" WIDTH="32" VPOS="2071" HPOS="2028"/>
<String CONTENT="Chicago." HEIGHT="102" WIDTH="1918" VPOS="2071" HPOS="232"/>
<SP HEIGHT="50" WIDTH="68" VPOS="2124" HPOS="364"/>
<String CONTENT="(29-3314)" HEIGHT="51" WIDTH="252" VPOS="2124" HPOS="433"/>
</TextLine>
<TextLine HEIGHT="66" WIDTH="644" VPOS="2217" HPOS="159" STYLEREFS="StyleId-3260B56A-C2E8-4E3F-9B9E-A19BAB3EAACF-">
<String CONTENT="Muir," HEIGHT="65" WIDTH="174" VPOS="2217" HPOS="159"/>
<SP HEIGHT="63" WIDTH="34" VPOS="2219" HPOS="334"/>
<String CONTENT="Edwin," HEIGHT="64" WIDTH="227" VPOS="2219" HPOS="369"/>
<SP HEIGHT="57" WIDTH="35" VPOS="2226" HPOS="597"/>
<String CONTENT="1887-" HEIGHT="55" WIDTH="170" VPOS="2220" HPOS="633"/>
</TextLine>
<TextLine HEIGHT="73" WIDTH="1942" VPOS="2299" HPOS="229" STYLEREFS="StyleId-A83E497A-79A2-42E3-A441-1C502B8C305B-" CS="1">
<String CONTENT="The" HEIGHT="52" WIDTH="122" VPOS="2299" HPOS="229"/>
<SP HEIGHT="35" WIDTH="36" VPOS="2317" HPOS="352"/>
<String CONTENT="structure" HEIGHT="50" WIDTH="283" VPOS="2303" HPOS="389"/>
<SP HEIGHT="33" WIDTH="35" VPOS="2320" HPOS="673"/>
<String CONTENT="of" HEIGHT="53" WIDTH="65" VPOS="2300" HPOS="709"/>
<SP HEIGHT="53" WIDTH="35" VPOS="2300" HPOS="775"/>
<String CONTENT="the" HEIGHT="53" WIDTH="96" VPOS="2301" HPOS="811"/>
<SP HEIGHT="34" WIDTH="35" VPOS="2320" HPOS="908"/>
<String CONTENT="novel" HEIGHT="50" WIDTH="164" VPOS="2303" HPOS="944"/>
<SP HEIGHT="65" WIDTH="46" VPOS="2303" HPOS="1109"/>
<String STYLE="subscript" CS="1" CONTENT="[by]"/>
<SP HEIGHT="65" WIDTH="47" VPOS="2303" HPOS="1266"/>
<String CONTENT="Edwin" HEIGHT="53" WIDTH="211" VPOS="2303" HPOS="1314"/>
<SP HEIGHT="54" WIDTH="34" VPOS="2302" HPOS="1526"/>
<String CONTENT="Muir." HEIGHT="54" WIDTH="174" VPOS="2302" HPOS="1561"/>
<SP HEIGHT="52" WIDTH="76" VPOS="2304" HPOS="1736"/>
<String CONTENT="New" HEIGHT="52" WIDTH="139" VPOS="2304" HPOS="1813"/>
<SP HEIGHT="51" WIDTH="38" VPOS="2305" HPOS="1953"/>
<String CONTENT="York," HEIGHT="68" WIDTH="179" VPOS="2304" HPOS="1992"/>
</TextLine>
<TextLine HEIGHT="71" WIDTH="1201" VPOS="2376" HPOS="158" STYLEREFS="StyleId-A83E497A-79A2-42E3-A441-1C502B8C305B-" CS="1">
<String CONTENT="Plarcourt," HEIGHT="68" WIDTH="310" VPOS="2376" HPOS="158"/>
<SP HEIGHT="66" WIDTH="28" VPOS="2378" HPOS="469"/>
<String CONTENT="Brace" HEIGHT="52" WIDTH="180" VPOS="2378" HPOS="498"/>
<SP HEIGHT="34" WIDTH="28" VPOS="2397" HPOS="679"/>
<String CONTENT="and" HEIGHT="53" WIDTH="114" VPOS="2379" HPOS="708"/>
<SP HEIGHT="53" WIDTH="26" VPOS="2379" HPOS="823"/>
<String CONTENT="company" HEIGHT="50" WIDTH="283" VPOS="2397" HPOS="850"/>
<SP/>
<String CS="1" CONTENT="[&#7580;1929]" HEIGHT="64" WIDTH="84" VPOS="2383" HPOS="1275"/>
</TextLine>
<TextLine HEIGHT="55" WIDTH="1932" VPOS="2458" HPOS="231" CS="1">
<String CONTENT="151" HEIGHT="39" WIDTH="82" VPOS="2458" HPOS="231"/>
<SP HEIGHT="47" WIDTH="39" VPOS="2459" HPOS="314"/>
<String CONTENT="p." HEIGHT="37" WIDTH="42" VPOS="2469" HPOS="354"/>
<SP HEIGHT="38" WIDTH="59" VPOS="2460" HPOS="397"/>
<String CS="1" CONTENT="19&#189;" HEIGHT="40" WIDTH="56" VPOS="2458" HPOS="457"/>
<String STYLE="superscript" CS="1" CONTENT="&#7580;&#7504;."/>
<SP HEIGHT="45" WIDTH="69" VPOS="2460" HPOS="604"/>
<String CONTENT="(Half-title:" HEIGHT="48" WIDTH="301" VPOS="2459" HPOS="674"/>
<SP HEIGHT="39" WIDTH="39" VPOS="2461" HPOS="976"/>
<String CONTENT="Hogarth" HEIGHT="47" WIDTH="224" VPOS="2461" HPOS="1016"/>
<SP HEIGHT="38" WIDTH="36" VPOS="2462" HPOS="1241"/>
<String CONTENT="lectures" HEIGHT="39" WIDTH="211" VPOS="2463" HPOS="1278"/>
<SP HEIGHT="28" WIDTH="38" VPOS="2474" HPOS="1490"/>
<String CONTENT="on" HEIGHT="28" WIDTH="59" VPOS="2474" HPOS="1529"/>
<SP HEIGHT="37" WIDTH="38" VPOS="2465" HPOS="1589"/>
<String CONTENT="literature." HEIGHT="40" WIDTH="273" VPOS="2463" HPOS="1628"/>
<SP HEIGHT="28" WIDTH="63" VPOS="2483" HPOS="1902"/>
<String CS="1" CONTENT="[no." HEIGHT="29" WIDTH="75" VPOS="2475" HPOS="1979"/>
<SP HEIGHT="39" WIDTH="39" VPOS="2465" HPOS="2055"/>
<String CONTENT="6])" HEIGHT="49" WIDTH="68" VPOS="2464" HPOS="2095"/>
</TextLine>
<TextLine HEIGHT="58" WIDTH="2006" VPOS="2510" HPOS="163" CS="1">
<String CONTENT="&#169;" HEIGHT="52" WIDTH="52" VPOS="2510" HPOS="163"/>
<SP HEIGHT="52" WIDTH="31" VPOS="2510" HPOS="216"/>
<String CONTENT="Jan." HEIGHT="41" WIDTH="110" VPOS="2515" HPOS="248"/>
<SP HEIGHT="39" WIDTH="31" VPOS="2517" HPOS="359"/>
<String CONTENT="3," HEIGHT="46" WIDTH="40" VPOS="2517" HPOS="391"/>
<SP HEIGHT="46" WIDTH="33" VPOS="2517" HPOS="432"/>
<String CS="1" CONTENT="1929;" HEIGHT="41" WIDTH="115" VPOS="2515" HPOS="466"/>
<SP HEIGHT="46" WIDTH="34" VPOS="2516" HPOS="608"/>
<String CONTENT="2c." HEIGHT="41" WIDTH="68" VPOS="2516" HPOS="643"/>
<SP HEIGHT="40" WIDTH="31" VPOS="2517" HPOS="712"/>
<String CONTENT="Jan." HEIGHT="40" WIDTH="110" VPOS="2517" HPOS="744"/>
<SP HEIGHT="41" WIDTH="32" VPOS="2517" HPOS="855"/>
<String CONTENT="31;" HEIGHT="47" WIDTH="82" VPOS="2517" HPOS="888"/>
<SP HEIGHT="36" WIDTH="35" VPOS="2528" HPOS="971"/>
<String CONTENT="aff." HEIGHT="43" WIDTH="83" VPOS="2517" HPOS="1007"/>
<SP HEIGHT="41" WIDTH="31" VPOS="2519" HPOS="1091"/>
<String CONTENT="Jan." HEIGHT="40" WIDTH="111" VPOS="2519" HPOS="1123"/>
<SP HEIGHT="40" WIDTH="31" VPOS="2519" HPOS="1235"/>
<String CONTENT="29;" HEIGHT="47" WIDTH="83" VPOS="2519" HPOS="1267"/>
<SP HEIGHT="46" WIDTH="35" VPOS="2520" HPOS="1351"/>
<!-- cceid 8952EA4B-6CFA-1014-9C3C-CEA95E7AA542 --><String CONTENT="A" HEIGHT="39" WIDTH="41" VPOS="2520" HPOS="1387"/>
<SP HEIGHT="39" WIDTH="30" VPOS="2520" HPOS="1429"/>
<String CONTENT="4159;" HEIGHT="48" WIDTH="144" VPOS="2520" HPOS="1460"/>
<SP HEIGHT="47" WIDTH="36" VPOS="2521" HPOS="1605"/>
<String LANG="fr" CONTENT="Harcourt," HEIGHT="47" WIDTH="263" VPOS="2521" HPOS="1642"/>
<SP HEIGHT="46" WIDTH="35" VPOS="2522" HPOS="1906"/>
<String CONTENT="Brace" HEIGHT="39" WIDTH="156" VPOS="2522" HPOS="1942"/>
<SP HEIGHT="40" WIDTH="32" VPOS="2522" HPOS="2099"/>
<String CONTENT="&amp;" HEIGHT="40" WIDTH="37" VPOS="2522" HPOS="2132"/>
</TextLine>
<TextLine HEIGHT="49" WIDTH="524" VPOS="2572" HPOS="242">
<String CONTENT="co.," HEIGHT="38" WIDTH="82" VPOS="2582" HPOS="242"/>
<SP HEIGHT="48" WIDTH="27" VPOS="2572" HPOS="325"/>
<String CONTENT="inc." HEIGHT="41" WIDTH="92" VPOS="2572" HPOS="353"/>
<SP HEIGHT="48" WIDTH="68" VPOS="2573" HPOS="446"/>
<String CONTENT="(29-3271)" HEIGHT="49" WIDTH="251" VPOS="2572" HPOS="515"/>
</TextLine>
<TextLine HEIGHT="60" WIDTH="1174" VPOS="2650" HPOS="164" STYLEREFS="StyleId-3260B56A-C2E8-4E3F-9B9E-A19BAB3EAACF-">
<String CONTENT="National" HEIGHT="54" WIDTH="282" VPOS="2650" HPOS="164"/>
<SP HEIGHT="53" WIDTH="28" VPOS="2652" HPOS="447"/>
<String CONTENT="conference" HEIGHT="52" WIDTH="348" VPOS="2653" HPOS="476"/>
<SP HEIGHT="37" WIDTH="28" VPOS="2669" HPOS="825"/>
<String CONTENT="of" HEIGHT="52" WIDTH="64" VPOS="2654" HPOS="854"/>
<SP HEIGHT="52" WIDTH="27" VPOS="2654" HPOS="919"/>
<String CONTENT="social" HEIGHT="52" WIDTH="179" VPOS="2655" HPOS="947"/>
<SP HEIGHT="53" WIDTH="28" VPOS="2655" HPOS="1127"/>
<String CONTENT="work." HEIGHT="54" WIDTH="182" VPOS="2656" HPOS="1156"/>
</TextLine>
<TextLine HEIGHT="69" WIDTH="1877" VPOS="2730" HPOS="229" STYLEREFS="StyleId-A83E497A-79A2-42E3-A441-1C502B8C305B-" CS="1">
<String CONTENT="Proceedings" HEIGHT="69" WIDTH="382" VPOS="2730" HPOS="229"/>
<SP HEIGHT="35" WIDTH="38" VPOS="2749" HPOS="612"/>
<String CONTENT="of" HEIGHT="53" WIDTH="65" VPOS="2731" HPOS="651"/>
<SP HEIGHT="53" WIDTH="35" VPOS="2731" HPOS="717"/>
<String CONTENT="the" HEIGHT="52" WIDTH="95" VPOS="2732" HPOS="753"/>
<SP HEIGHT="51" WIDTH="40" VPOS="2733" HPOS="849"/>
<String CONTENT="National" HEIGHT="52" WIDTH="276" VPOS="2733" HPOS="890"/>
<SP HEIGHT="52" WIDTH="38" VPOS="2734" HPOS="1167"/>
<String CONTENT="conference" HEIGHT="55" WIDTH="333" VPOS="2733" HPOS="1206"/>
<SP HEIGHT="35" WIDTH="39" VPOS="2753" HPOS="1540"/>
<String CONTENT="of" HEIGHT="53" WIDTH="66" VPOS="2735" HPOS="1580"/>
<SP HEIGHT="54" WIDTH="37" VPOS="2735" HPOS="1647"/>
<String CONTENT="social" HEIGHT="53" WIDTH="175" VPOS="2736" HPOS="1685"/>
<SP HEIGHT="52" WIDTH="40" VPOS="2737" HPOS="1861"/>
<String CONTENT="work" HEIGHT="54" WIDTH="159" VPOS="2736" HPOS="1902"/>
<SP HEIGHT="54" WIDTH="44" VPOS="2736" HPOS="2062"/>
<String CS="1" CONTENT="&#8230;"/>
</TextLine>
<TextLine HEIGHT="76" WIDTH="2008" VPOS="2807" HPOS="159" STYLEREFS="StyleId-A83E497A-79A2-42E3-A441-1C502B8C305B-">
<String CONTENT="at" HEIGHT="47" WIDTH="59" VPOS="2813" HPOS="159"/>
<SP HEIGHT="48" WIDTH="33" VPOS="2812" HPOS="219"/>
<String CONTENT="the" HEIGHT="52" WIDTH="97" VPOS="2808" HPOS="253"/>
<SP HEIGHT="53" WIDTH="34" VPOS="2807" HPOS="351"/>
<String CONTENT="fifty-fifth" HEIGHT="70" WIDTH="301" VPOS="2807" HPOS="386"/>
<SP HEIGHT="52" WIDTH="36" VPOS="2809" HPOS="688"/>
<String CONTENT="annual" HEIGHT="51" WIDTH="213" VPOS="2811" HPOS="725"/>
<SP HEIGHT="52" WIDTH="34" VPOS="2811" HPOS="939"/>
<String CONTENT="session" HEIGHT="53" WIDTH="213" VPOS="2811" HPOS="974"/>
<SP HEIGHT="53" WIDTH="34" VPOS="2810" HPOS="1188"/>
<String CONTENT="held" HEIGHT="54" WIDTH="132" VPOS="2810" HPOS="1223"/>
<SP HEIGHT="51" WIDTH="37" VPOS="2813" HPOS="1356"/>
<String CONTENT="in" HEIGHT="51" WIDTH="61" VPOS="2813" HPOS="1394"/>
<SP HEIGHT="52" WIDTH="36" VPOS="2813" HPOS="1456"/>
<String CONTENT="Memphis," HEIGHT="70" WIDTH="308" VPOS="2812" HPOS="1493"/>
<SP HEIGHT="67" WIDTH="36" VPOS="2815" HPOS="1802"/>
<String CONTENT="Tennessee," HEIGHT="68" WIDTH="328" VPOS="2815" HPOS="1839"/>
</TextLine>
<TextLine HEIGHT="77" WIDTH="2008" VPOS="2885" HPOS="158" STYLEREFS="StyleId-A83E497A-79A2-42E3-A441-1C502B8C305B-" CS="1">
<String CONTENT="May" HEIGHT="67" WIDTH="140" VPOS="2885" HPOS="158"/>
<SP HEIGHT="63" WIDTH="33" VPOS="2889" HPOS="299"/>
<String CONTENT="2-9," HEIGHT="64" WIDTH="119" VPOS="2889" HPOS="333"/>
<SP HEIGHT="63" WIDTH="39" VPOS="2890" HPOS="453"/>
<String CONTENT="1928" HEIGHT="51" WIDTH="134" VPOS="2889" HPOS="493"/>
<SP HEIGHT="49" WIDTH="40" VPOS="2891" HPOS="628"/>
<String CS="1" CONTENT="&#8230;"/>
<SP HEIGHT="54" WIDTH="79" VPOS="2887" HPOS="726"/>
<String CONTENT="Chicago," HEIGHT="70" WIDTH="271" VPOS="2887" HPOS="806"/>
<SP HEIGHT="65" WIDTH="36" VPOS="2890" HPOS="1078"/>
<String CONTENT="Ill.," HEIGHT="66" WIDTH="112" VPOS="2890" HPOS="1115"/>
<SP HEIGHT="65" WIDTH="38" VPOS="2891" HPOS="1228"/>
<String CONTENT="The" HEIGHT="52" WIDTH="122" VPOS="2890" HPOS="1267"/>
<SP HEIGHT="52" WIDTH="38" VPOS="2892" HPOS="1390"/>
<String CONTENT="University" HEIGHT="68" WIDTH="340" VPOS="2892" HPOS="1429"/>
<SP HEIGHT="50" WIDTH="37" VPOS="2910" HPOS="1770"/>
<String CONTENT="of" HEIGHT="52" WIDTH="64" VPOS="2892" HPOS="1808"/>
<SP HEIGHT="54" WIDTH="39" VPOS="2892" HPOS="1873"/>
<String CONTENT="Chicago" HEIGHT="70" WIDTH="253" VPOS="2892" HPOS="1913"/>
</TextLine>
<TextLine HEIGHT="65" WIDTH="393" VPOS="2967" HPOS="158" STYLEREFS="StyleId-A83E497A-79A2-42E3-A441-1C502B8C305B-" CS="1">
<String CONTENT="press" HEIGHT="49" WIDTH="156" VPOS="2981" HPOS="158"/>
<SP HEIGHT="47" WIDTH="43" VPOS="2983" HPOS="315"/>
<String CONTENT="[" HEIGHT="33" WIDTH="12" VPOS="2997" HPOS="359"/>
<String STYLE="superscript" CS="1" CONTENT="&#7580;19"/>
<String CONTENT="28]" HEIGHT="65" WIDTH="85" VPOS="2967" HPOS="466"/>
</TextLine>
<TextLine HEIGHT="51" WIDTH="817" VPOS="3045" HPOS="225" CS="1">
<String CONTENT="vi," HEIGHT="47" WIDTH="61" VPOS="3045" HPOS="225"/>
<SP HEIGHT="47" WIDTH="36" VPOS="3045" HPOS="287"/>
<String CONTENT="670" HEIGHT="42" WIDTH="87" VPOS="3045" HPOS="324"/>
<SP HEIGHT="49" WIDTH="31" VPOS="3046" HPOS="412"/>
<String CONTENT="p." HEIGHT="38" WIDTH="44" VPOS="3057" HPOS="444"/>
<SP HEIGHT="40" WIDTH="57" VPOS="3047" HPOS="489"/>
<String CS="1" CONTENT="front."/>
<SP HEIGHT="48" WIDTH="45" VPOS="3048" HPOS="699"/>
<String CONTENT="(port.)" HEIGHT="48" WIDTH="172" VPOS="3048" HPOS="745"/>
<SP HEIGHT="48" WIDTH="67" VPOS="3048" HPOS="918"/>
<String CONTENT="23" HEIGHT="41" WIDTH="56" VPOS="3049" HPOS="986"/>
<String STYLE="superscript" CS="1" CONTENT="&#7580;&#7504;."/>
</TextLine>
<TextLine HEIGHT="59" WIDTH="1989" VPOS="3097" HPOS="160" CS="1">
<String CONTENT="&#169;" HEIGHT="52" WIDTH="52" VPOS="3097" HPOS="160"/>
<SP HEIGHT="52" WIDTH="27" VPOS="3097" HPOS="213"/>
<String CONTENT="Nov." HEIGHT="40" WIDTH="118" VPOS="3103" HPOS="241"/>
<SP HEIGHT="40" WIDTH="26" VPOS="3103" HPOS="360"/>
<String CONTENT="20," HEIGHT="48" WIDTH="70" VPOS="3103" HPOS="387"/>
<SP HEIGHT="46" WIDTH="28" VPOS="3105" HPOS="458"/>
<String CONTENT="1928;" HEIGHT="47" WIDTH="141" VPOS="3103" HPOS="487"/>
<SP HEIGHT="46" WIDTH="29" VPOS="3104" HPOS="629"/>
<String CONTENT="2c." HEIGHT="41" WIDTH="67" VPOS="3104" HPOS="659"/>
<SP HEIGHT="30" WIDTH="28" VPOS="3115" HPOS="727"/>
<String CONTENT="and" HEIGHT="38" WIDTH="96" VPOS="3107" HPOS="756"/>
<SP HEIGHT="38" WIDTH="28" VPOS="3107" HPOS="853"/>
<String CONTENT="aff." HEIGHT="40" WIDTH="82" VPOS="3105" HPOS="882"/>
<SP HEIGHT="40" WIDTH="29" VPOS="3106" HPOS="965"/>
<String CONTENT="Jan." HEIGHT="40" WIDTH="110" VPOS="3106" HPOS="995"/>
<SP HEIGHT="39" WIDTH="28" VPOS="3106" HPOS="1106"/>
<String CONTENT="21," HEIGHT="48" WIDTH="69" VPOS="3106" HPOS="1135"/>
<SP HEIGHT="46" WIDTH="31" VPOS="3108" HPOS="1205"/>
<String CONTENT="1929;" HEIGHT="47" WIDTH="141" VPOS="3106" HPOS="1237"/>
<SP HEIGHT="35" WIDTH="33" VPOS="3118" HPOS="1379"/>
<String CONTENT="aff." HEIGHT="42" WIDTH="82" VPOS="3107" HPOS="1413"/>
<SP HEIGHT="40" WIDTH="30" VPOS="3109" HPOS="1496"/>
<String CONTENT="Jan." HEIGHT="40" WIDTH="111" VPOS="3109" HPOS="1527"/>
<SP HEIGHT="39" WIDTH="29" VPOS="3110" HPOS="1639"/>
<String CONTENT="14;" HEIGHT="46" WIDTH="83" VPOS="3109" HPOS="1669"/>
<SP HEIGHT="46" WIDTH="30" VPOS="3109" HPOS="1753"/>
<!-- cceid 8953FA9D-6CFA-1014-9C3C-CEA95E7AA542 --><String CONTENT="A" HEIGHT="39" WIDTH="41" VPOS="3109" HPOS="1784"/>
<SP HEIGHT="39" WIDTH="26" VPOS="3109" HPOS="1826"/>
<String CS="1" CONTENT="2991;" HEIGHT="41" WIDTH="110" VPOS="3109" HPOS="1853"/>
<SP HEIGHT="45" WIDTH="31" VPOS="3111" HPOS="1999"/>
<String CS="1" CONTENT="Natl." HEIGHT="40" WIDTH="118" VPOS="3111" HPOS="2031"/>
</TextLine>
<TextLine HEIGHT="53" WIDTH="1124" VPOS="3159" HPOS="226">
<String CONTENT="conference" HEIGHT="41" WIDTH="284" VPOS="3159" HPOS="226"/>
<SP HEIGHT="30" WIDTH="30" VPOS="3171" HPOS="511"/>
<String CONTENT="of" HEIGHT="40" WIDTH="53" VPOS="3161" HPOS="542"/>
<SP HEIGHT="40" WIDTH="27" VPOS="3161" HPOS="596"/>
<String CONTENT="social" HEIGHT="40" WIDTH="151" VPOS="3161" HPOS="624"/>
<SP HEIGHT="38" WIDTH="29" VPOS="3163" HPOS="776"/>
<String CONTENT="work," HEIGHT="47" WIDTH="147" VPOS="3163" HPOS="806"/>
<SP HEIGHT="48" WIDTH="33" VPOS="3162" HPOS="954"/>
<String CONTENT="Columbus," HEIGHT="50" WIDTH="275" VPOS="3162" HPOS="988"/>
<SP HEIGHT="49" WIDTH="33" VPOS="3163" HPOS="1264"/>
<String CONTENT="O." HEIGHT="41" WIDTH="52" VPOS="3163" HPOS="1298"/>
</TextLine>
<TextLine HEIGHT="67" WIDTH="1154" VPOS="3237" HPOS="155" STYLEREFS="StyleId-3260B56A-C2E8-4E3F-9B9E-A19BAB3EAACF-">
<String CONTENT="National" HEIGHT="53" WIDTH="281" VPOS="3237" HPOS="155"/>
<SP HEIGHT="54" WIDTH="32" VPOS="3237" HPOS="437"/>
<String CONTENT="electric" HEIGHT="55" WIDTH="237" VPOS="3238" HPOS="470"/>
<SP HEIGHT="53" WIDTH="31" VPOS="3240" HPOS="708"/>
<String CONTENT="light" HEIGHT="64" WIDTH="154" VPOS="3240" HPOS="740"/>
<SP HEIGHT="51" WIDTH="35" VPOS="3243" HPOS="895"/>
<String CONTENT="association." HEIGHT="55" WIDTH="378" VPOS="3242" HPOS="931"/>
</TextLine>
<TextLine HEIGHT="77" WIDTH="1940" VPOS="3315" HPOS="226" STYLEREFS="StyleId-A83E497A-79A2-42E3-A441-1C502B8C305B-">
<String CONTENT="Government" HEIGHT="57" WIDTH="387" VPOS="3315" HPOS="226"/>
<SP HEIGHT="69" WIDTH="53" VPOS="3319" HPOS="614"/>
<String CONTENT="(political)" HEIGHT="70" WIDTH="315" VPOS="3319" HPOS="668"/>
<SP HEIGHT="68" WIDTH="54" VPOS="3321" HPOS="984"/>
<String CONTENT="ownership" HEIGHT="70" WIDTH="324" VPOS="3320" HPOS="1039"/>
<SP HEIGHT="49" WIDTH="44" VPOS="3341" HPOS="1364"/>
<String CONTENT="and" HEIGHT="51" WIDTH="113" VPOS="3325" HPOS="1409"/>
<SP HEIGHT="51" WIDTH="43" VPOS="3325" HPOS="1523"/>
<String CONTENT="operation" HEIGHT="67" WIDTH="300" VPOS="3325" HPOS="1567"/>
<SP HEIGHT="34" WIDTH="42" VPOS="3344" HPOS="1868"/>
<String CONTENT="and" HEIGHT="51" WIDTH="112" VPOS="3329" HPOS="1911"/>
<SP HEIGHT="51" WIDTH="46" VPOS="3329" HPOS="2024"/>
<String CONTENT="the" HEIGHT="52" WIDTH="95" VPOS="3329" HPOS="2071"/>
</TextLine>
<TextLine HEIGHT="78" WIDTH="2010" VPOS="3395" HPOS="155" STYLEREFS="StyleId-A83E497A-79A2-42E3-A441-1C502B8C305B-">
<String CONTENT="electric" HEIGHT="53" WIDTH="224" VPOS="3395" HPOS="155"/>
<SP HEIGHT="51" WIDTH="26" VPOS="3397" HPOS="380"/>
<String CONTENT="light" HEIGHT="69" WIDTH="151" VPOS="3396" HPOS="407"/>
<SP HEIGHT="47" WIDTH="27" VPOS="3403" HPOS="559"/>
<String CONTENT="and" HEIGHT="51" WIDTH="111" VPOS="3399" HPOS="587"/>
<SP HEIGHT="67" WIDTH="29" VPOS="3399" HPOS="699"/>
<String CONTENT="power" HEIGHT="49" WIDTH="191" VPOS="3417" HPOS="729"/>
<SP HEIGHT="52" WIDTH="26" VPOS="3399" HPOS="921"/>
<String CONTENT="industry;" HEIGHT="69" WIDTH="294" VPOS="3399" HPOS="948"/>
<SP HEIGHT="50" WIDTH="32" VPOS="3419" HPOS="1243"/>
<String CONTENT="published" HEIGHT="69" WIDTH="303" VPOS="3400" HPOS="1276"/>
<SP HEIGHT="67" WIDTH="28" VPOS="3403" HPOS="1580"/>
<String CONTENT="primarily" HEIGHT="70" WIDTH="307" VPOS="3403" HPOS="1609"/>
<SP HEIGHT="68" WIDTH="28" VPOS="3405" HPOS="1917"/>
<String CONTENT="for" HEIGHT="53" WIDTH="94" VPOS="3405" HPOS="1946"/>
<SP HEIGHT="47" WIDTH="27" VPOS="3412" HPOS="2041"/>
<String CONTENT="the" HEIGHT="53" WIDTH="96" VPOS="3407" HPOS="2069"/>
</TextLine>
<TextLine HEIGHT="77" WIDTH="2010" VPOS="3472" HPOS="154" STYLEREFS="StyleId-A83E497A-79A2-42E3-A441-1C502B8C305B-" CS="1">
<String CONTENT="information" HEIGHT="55" WIDTH="379" VPOS="3472" HPOS="154"/>
<SP HEIGHT="34" WIDTH="34" VPOS="3494" HPOS="534"/>
<String CONTENT="of" HEIGHT="53" WIDTH="65" VPOS="3475" HPOS="569"/>
<SP HEIGHT="52" WIDTH="34" VPOS="3475" HPOS="635"/>
<String CONTENT="member" HEIGHT="53" WIDTH="248" VPOS="3476" HPOS="670"/>
<SP HEIGHT="34" WIDTH="37" VPOS="3495" HPOS="919"/>
<String CONTENT="companies" HEIGHT="68" WIDTH="324" VPOS="3476" HPOS="957"/>
<SP HEIGHT="33" WIDTH="42" VPOS="3499" HPOS="1282"/>
<String CS="1" CONTENT="&#8230;"/>
<SP HEIGHT="33" WIDTH="85" VPOS="3512" HPOS="1380"/>
<String CONTENT="[New" HEIGHT="65" WIDTH="157" VPOS="3480" HPOS="1466"/>
<SP HEIGHT="52" WIDTH="38" VPOS="3481" HPOS="1624"/>
<String CONTENT="York]" HEIGHT="68" WIDTH="181" VPOS="3481" HPOS="1663"/>
<SP HEIGHT="66" WIDTH="42" VPOS="3483" HPOS="1845"/>
<String CONTENT="National" HEIGHT="54" WIDTH="276" VPOS="3483" HPOS="1888"/>
</TextLine>
<TextLine HEIGHT="72" WIDTH="997" VPOS="3551" HPOS="153" STYLEREFS="StyleId-A83E497A-79A2-42E3-A441-1C502B8C305B-" CS="1">
<String CONTENT="electric" HEIGHT="53" WIDTH="224" VPOS="3552" HPOS="153"/>
<SP HEIGHT="52" WIDTH="27" VPOS="3553" HPOS="378"/>
<String CONTENT="light" HEIGHT="70" WIDTH="151" VPOS="3552" HPOS="406"/>
<SP HEIGHT="48" WIDTH="26" VPOS="3559" HPOS="558"/>
<String CONTENT="association" HEIGHT="58" WIDTH="339" VPOS="3551" HPOS="585"/>
<SP/>
<String CS="1" CONTENT="[&#7580;1928]" HEIGHT="65" WIDTH="84" VPOS="3558" HPOS="1066"/>
</TextLine>
<TextLine HEIGHT="52" WIDTH="987" VPOS="3633" HPOS="222" CS="1">
<String CONTENT="2" HEIGHT="39" WIDTH="27" VPOS="3633" HPOS="222"/>
<SP/>
<String LANG="fr" CONTENT="p." HEIGHT="37" WIDTH="43" VPOS="3644" HPOS="275"/>
<SP HEIGHT="40" WIDTH="23" VPOS="3635" HPOS="319"/>
<String CS="1" CONTENT="l.,"/>
<SP HEIGHT="46" WIDTH="24" VPOS="3635" HPOS="388"/>
<String CONTENT="3-530" HEIGHT="41" WIDTH="146" VPOS="3634" HPOS="413"/>
<SP HEIGHT="48" WIDTH="22" VPOS="3634" HPOS="560"/>
<String LANG="fr" CONTENT="p." HEIGHT="36" WIDTH="43" VPOS="3646" HPOS="583"/>
<SP HEIGHT="40" WIDTH="59" VPOS="3635" HPOS="627"/>
<String CONTENT="1" HEIGHT="39" WIDTH="24" VPOS="3635" HPOS="687"/>
<SP HEIGHT="40" WIDTH="28" VPOS="3635" HPOS="712"/>
<String CONTENT="illus.," HEIGHT="48" WIDTH="142" VPOS="3635" HPOS="741"/>
<SP HEIGHT="45" WIDTH="26" VPOS="3638" HPOS="884"/>
<String CONTENT="diagrs." HEIGHT="49" WIDTH="180" VPOS="3636" HPOS="911"/>
<SP HEIGHT="41" WIDTH="58" VPOS="3637" HPOS="1092"/>
<String CS="1" CONTENT="20&#189;" HEIGHT="41" WIDTH="58" VPOS="3637" HPOS="1151"/>
<String STYLE="superscript" CS="1" CONTENT="&#7580;&#7504;."/>
</TextLine>
<TextLine HEIGHT="56" WIDTH="1938" VPOS="3691" HPOS="224" CS="1">
<String CONTENT="Published" HEIGHT="40" WIDTH="263" VPOS="3691" HPOS="224"/>
<SP HEIGHT="40" WIDTH="30" VPOS="3691" HPOS="488"/>
<String CONTENT="in" HEIGHT="40" WIDTH="50" VPOS="3691" HPOS="519"/>
<SP HEIGHT="37" WIDTH="31" VPOS="3694" HPOS="570"/>
<String CONTENT="1925" HEIGHT="40" WIDTH="115" VPOS="3692" HPOS="602"/>
<SP HEIGHT="40" WIDTH="29" VPOS="3692" HPOS="718"/>
<String CONTENT="and" HEIGHT="39" WIDTH="94" VPOS="3694" HPOS="748"/>
<SP HEIGHT="39" WIDTH="32" VPOS="3694" HPOS="843"/>
<String CONTENT="1928" HEIGHT="41" WIDTH="115" VPOS="3694" HPOS="876"/>
<SP HEIGHT="40" WIDTH="30" VPOS="3695" HPOS="992"/>
<String CONTENT="under" HEIGHT="39" WIDTH="155" VPOS="3696" HPOS="1023"/>
<SP HEIGHT="38" WIDTH="30" VPOS="3697" HPOS="1179"/>
<String CS="1" CONTENT="title:" HEIGHT="40" WIDTH="109" VPOS="3695" HPOS="1210"/>
<SP HEIGHT="38" WIDTH="32" VPOS="3697" HPOS="1348"/>
<String CONTENT="Political" HEIGHT="40" WIDTH="225" VPOS="3697" HPOS="1381"/>
<SP HEIGHT="40" WIDTH="32" VPOS="3699" HPOS="1607"/>
<String CONTENT="ownership" HEIGHT="48" WIDTH="276" VPOS="3699" HPOS="1640"/>
<SP HEIGHT="37" WIDTH="34" VPOS="3710" HPOS="1917"/>
<String CONTENT="and" HEIGHT="39" WIDTH="93" VPOS="3701" HPOS="1952"/>
<SP HEIGHT="40" WIDTH="33" VPOS="3701" HPOS="2046"/>
<String CONTENT="the" HEIGHT="39" WIDTH="82" VPOS="3702" HPOS="2080"/>
</TextLine>
<TextLine HEIGHT="52" WIDTH="930" VPOS="3747" HPOS="152">
<String CONTENT="electric" HEIGHT="40" WIDTH="194" VPOS="3747" HPOS="152"/>
<SP HEIGHT="38" WIDTH="26" VPOS="3749" HPOS="347"/>
<String CONTENT="light" HEIGHT="47" WIDTH="125" VPOS="3748" HPOS="374"/>
<SP HEIGHT="38" WIDTH="26" VPOS="3750" HPOS="500"/>
<String CONTENT="and" HEIGHT="38" WIDTH="96" VPOS="3750" HPOS="527"/>
<SP HEIGHT="47" WIDTH="26" VPOS="3750" HPOS="624"/>
<String CONTENT="power" HEIGHT="37" WIDTH="162" VPOS="3760" HPOS="651"/>
<SP HEIGHT="39" WIDTH="25" VPOS="3750" HPOS="814"/>
<String CONTENT="industry." HEIGHT="49" WIDTH="242" VPOS="3750" HPOS="840"/>
</TextLine>
<TextLine HEIGHT="45" WIDTH="1038" VPOS="3805" HPOS="224">
<String LANG="fr" CONTENT="&#8220;N." HEIGHT="40" WIDTH="84" VPOS="3805" HPOS="224"/>
<SP HEIGHT="39" WIDTH="26" VPOS="3806" HPOS="309"/>
<String LANG="la" CONTENT="E." HEIGHT="39" WIDTH="53" VPOS="3806" HPOS="336"/>
<SP HEIGHT="39" WIDTH="25" VPOS="3806" HPOS="390"/>
<String CONTENT="L." HEIGHT="40" WIDTH="50" VPOS="3806" HPOS="416"/>
<SP HEIGHT="41" WIDTH="25" VPOS="3805" HPOS="467"/>
<String CONTENT="A." HEIGHT="41" WIDTH="54" VPOS="3805" HPOS="493"/>
<SP HEIGHT="39" WIDTH="60" VPOS="3807" HPOS="548"/>
<String CONTENT="Publication" HEIGHT="40" WIDTH="308" VPOS="3807" HPOS="609"/>
<SP HEIGHT="29" WIDTH="23" VPOS="3818" HPOS="918"/>
<String CONTENT="no." HEIGHT="31" WIDTH="75" VPOS="3818" HPOS="942"/>
<SP HEIGHT="41" WIDTH="26" VPOS="3808" HPOS="1018"/>
<String CONTENT="289-13.&#8221;" HEIGHT="42" WIDTH="217" VPOS="3808" HPOS="1045"/>
</TextLine>
<TextLine HEIGHT="51" WIDTH="702" VPOS="3860" HPOS="221" CS="1">
<String CS="1" CONTENT="Bibliography;" HEIGHT="50" WIDTH="349" VPOS="3860" HPOS="221"/>
<SP HEIGHT="38" WIDTH="32" VPOS="3873" HPOS="598"/>
<String CONTENT="p." HEIGHT="36" WIDTH="43" VPOS="3875" HPOS="631"/>
<SP HEIGHT="41" WIDTH="30" VPOS="3863" HPOS="675"/>
<String CONTENT="510-524." HEIGHT="42" WIDTH="217" VPOS="3863" HPOS="706"/>
</TextLine>
<TextLine HEIGHT="65" WIDTH="2000" VPOS="3913" HPOS="156" CS="1">
<String CONTENT="&#169;" HEIGHT="52" WIDTH="52" VPOS="3913" HPOS="156"/>
<SP HEIGHT="52" WIDTH="29" VPOS="3913" HPOS="209"/>
<String CONTENT="Jan." HEIGHT="41" WIDTH="109" VPOS="3918" HPOS="239"/>
<SP HEIGHT="40" WIDTH="27" VPOS="3919" HPOS="349"/>
<String CONTENT="25," HEIGHT="47" WIDTH="70" VPOS="3919" HPOS="377"/>
<SP HEIGHT="45" WIDTH="30" VPOS="3921" HPOS="448"/>
<String CONTENT="1929;" HEIGHT="46" WIDTH="141" VPOS="3920" HPOS="479"/>
<SP HEIGHT="45" WIDTH="31" VPOS="3921" HPOS="621"/>
<String CONTENT="2c." HEIGHT="40" WIDTH="67" VPOS="3921" HPOS="653"/>
<SP HEIGHT="40" WIDTH="31" VPOS="3921" HPOS="721"/>
<String CONTENT="Jan." HEIGHT="41" WIDTH="110" VPOS="3921" HPOS="753"/>
<SP HEIGHT="41" WIDTH="27" VPOS="3921" HPOS="864"/>
<String CONTENT="26;" HEIGHT="48" WIDTH="85" VPOS="3921" HPOS="892"/>
<SP HEIGHT="36" WIDTH="33" VPOS="3933" HPOS="978"/>
<String CONTENT="aff." HEIGHT="41" WIDTH="83" VPOS="3922" HPOS="1012"/>
<SP HEIGHT="40" WIDTH="31" VPOS="3923" HPOS="1096"/>
<String CONTENT="Jan." HEIGHT="42" WIDTH="110" VPOS="3923" HPOS="1128"/>
<SP HEIGHT="41" WIDTH="29" VPOS="3924" HPOS="1239"/>
<String CONTENT="28;" HEIGHT="47" WIDTH="84" VPOS="3924" HPOS="1269"/>
<SP HEIGHT="47" WIDTH="32" VPOS="3924" HPOS="1354"/>
<!-- cceid 8954FDBF-6CFA-1014-9C3C-CEA95E7AA542 --><String CONTENT="A" HEIGHT="39" WIDTH="41" VPOS="3924" HPOS="1387"/>
<SP HEIGHT="41" WIDTH="30" VPOS="3924" HPOS="1429"/>
<String CONTENT="5004;" HEIGHT="48" WIDTH="141" VPOS="3925" HPOS="1460"/>
<SP HEIGHT="46" WIDTH="34" VPOS="3927" HPOS="1602"/>
<String CS="1" CONTENT="Natl."/>
<SP HEIGHT="31" WIDTH="31" VPOS="3938" HPOS="1769"/>
<String CONTENT="electric" HEIGHT="40" WIDTH="197" VPOS="3929" HPOS="1801"/>
<SP HEIGHT="39" WIDTH="29" VPOS="3930" HPOS="1999"/>
<String CONTENT="light" HEIGHT="49" WIDTH="127" VPOS="3929" HPOS="2029"/>
</TextLine>
<TextLine HEIGHT="50" WIDTH="448" VPOS="3975" HPOS="223">
<String CONTENT="assn." HEIGHT="32" WIDTH="127" VPOS="3984" HPOS="223"/>
<SP HEIGHT="50" WIDTH="68" VPOS="3975" HPOS="351"/>
<String CONTENT="(29-3413)" HEIGHT="50" WIDTH="251" VPOS="3975" HPOS="420"/>
</TextLine>
</TextBlock>
</PrintSpace>
</Page>
</Layout>
</alto>