<alto xmlns="http://www.loc.gov/standards/alto/ns-v3#" xmlns:xlink="http://www.w3.org/1999/xlink" xmlns:xsi="http://www.w3.org/2001/XMLSchema-instance" xsi:schemaLocation="http://www.loc.gov/standards/alto/ns-v3# http://www.loc.gov/alto/v3/alto-3-0.xsd"><Description>
<MeasurementUnit>pixel</MeasurementUnit>
<sourceImageInformation>
<fileName>1929_v26_part001.pdf</fileName>
</sourceImageInformation>
<OCRProcessing ID="IdOcr">
<ocrProcessingStep>
<processingDateTime>2019-04-18</processingDateTime>
<processingSoftware>
<softwareCreator>ABBYY</softwareCreator>
<softwareName>ABBYY Recognition Server</softwareName>
<softwareVersion>4.0</softwareVersion>
</processingSoftware>
</ocrProcessingStep>
</OCRProcessing>
</Description>
<Styles>
<ParagraphStyle ID="StyleId-FFFFFFFF-FFFF-FFFF-FFFF-FFFFFFFFFFFF-" ALIGN="Left" LEFT="0." RIGHT="0." FIRSTLINE="0."/>
<ParagraphStyle ID="StyleId-11A520CB-49B0-4D42-A675-089886D5B704-" ALIGN="Center" LEFT="0." RIGHT="0." FIRSTLINE="0." LINESPACE="7.699999809"/>
<ParagraphStyle ID="StyleId-2AEC4724-E584-48A1-8E6D-86B1AA154223-" ALIGN="Left" LEFT="0." RIGHT="0." FIRSTLINE="0." LINESPACE="12.19999981"/>
<ParagraphStyle ID="StyleId-5ADCDE1D-F34B-405C-A765-E9B51F6229BD-" ALIGN="Left" LEFT="0." RIGHT="0." FIRSTLINE="-13." LINESPACE="8.050000191"/>
<ParagraphStyle ID="StyleId-D0AEFB96-F81D-4367-8545-C0AC945FA34C-" ALIGN="Block" LEFT="0." RIGHT="0." FIRSTLINE="-13." LINESPACE="8.899999619"/>
<ParagraphStyle ID="StyleId-9A3BB592-4BA4-4F85-B157-B9A7F1FC9680-" ALIGN="Left" LEFT="0." RIGHT="0." FIRSTLINE="0."/>
<ParagraphStyle ID="StyleId-E9D6144A-CFDC-4919-911D-02B0461DB967-" ALIGN="Left" LEFT="0." RIGHT="0." FIRSTLINE="-13." LINESPACE="23.43000031"/>
<ParagraphStyle ID="StyleId-EEECFC68-AAC5-42B1-B3BF-987799B5B74A-" ALIGN="Block" LEFT="0." RIGHT="0." FIRSTLINE="0." LINESPACE="23.43000031"/>
<ParagraphStyle ID="StyleId-98D20B11-A9BB-4FAB-8DC8-DC8C43F3755E-" ALIGN="Left" LEFT="0." RIGHT="0." FIRSTLINE="0." LINESPACE="10.5"/>
<ParagraphStyle ID="StyleId-C279DBAD-2656-4352-93E6-C942618B09B1-" ALIGN="Block" LEFT="0." RIGHT="0." FIRSTLINE="-13." LINESPACE="8.770000458"/>
<ParagraphStyle ID="StyleId-A539B2D0-654F-45BA-9385-D7E681D9BD87-" ALIGN="Block" LEFT="0." RIGHT="0." FIRSTLINE="0." LINESPACE="8.18999958"/>
<ParagraphStyle ID="StyleId-CFE66565-54F2-45CF-9511-65151219B0BC-" ALIGN="Left" LEFT="0." RIGHT="0." FIRSTLINE="-12." LINESPACE="12.19999981"/>
<ParagraphStyle ID="StyleId-37B60A95-D7B9-4720-9D46-F2E763AAD699-" ALIGN="Block" LEFT="0." RIGHT="0." FIRSTLINE="0." LINESPACE="12.19999981"/>
<ParagraphStyle ID="StyleId-255154CA-71AA-47B9-A5EB-ED90642010CE-" ALIGN="Block" LEFT="0." RIGHT="0." FIRSTLINE="13." LINESPACE="7.900000095"/>
<ParagraphStyle ID="StyleId-4618FB06-20CA-4F95-9CA2-829603EE887D-" ALIGN="Block" LEFT="0." RIGHT="0." FIRSTLINE="0." LINESPACE="10."/>
<ParagraphStyle ID="StyleId-61F9B98E-BA82-4DCF-809A-0C5481162321-" ALIGN="Left" LEFT="0." RIGHT="0." FIRSTLINE="-13." LINESPACE="8.479999542"/>
<ParagraphStyle ID="StyleId-16A4FB0C-4CB7-44C8-846E-AF89DD76FC73-" ALIGN="Left" LEFT="0." RIGHT="0." FIRSTLINE="0." LINESPACE="11.10000038"/>
<ParagraphStyle ID="StyleId-8CC01B24-9D1D-45D5-B954-83ECA9EA3425-" ALIGN="Left" LEFT="0." RIGHT="0." FIRSTLINE="-13." LINESPACE="8.050000191"/>
<ParagraphStyle ID="StyleId-3DB8CD3F-AD17-4DD7-8361-787A6A426C72-" ALIGN="Block" LEFT="0." RIGHT="0." FIRSTLINE="13." LINESPACE="7.900000095"/>
</Styles>
<Layout>
<Page ID="Page296" PHYSICAL_IMG_NR="296" HEIGHT="4377" WIDTH="2512">
<TopMargin HEIGHT="441" WIDTH="2512" VPOS="0" HPOS="0">
</TopMargin>
<LeftMargin HEIGHT="3659" WIDTH="366" VPOS="441" HPOS="0">
</LeftMargin>
<RightMargin HEIGHT="3659" WIDTH="72" VPOS="441" HPOS="2440">
</RightMargin>
<BottomMargin HEIGHT="277" WIDTH="2512" VPOS="4100" HPOS="0">
</BottomMargin>
<PrintSpace HEIGHT="3659" WIDTH="2074" VPOS="441" HPOS="366">
<TextBlock ID="Page296_Block1" HEIGHT="72" WIDTH="124" VPOS="4028" HPOS="1320" LANG="en-US" STYLEREFS="StyleId-C7DA6E3A-6845-4688-A7B1-DF99D319BC97-">
<TextLine HEIGHT="52" WIDTH="103" VPOS="4039" HPOS="1331">
<String CONTENT="296" HEIGHT="52" WIDTH="103" VPOS="4039" HPOS="1331"/>
</TextLine>
</TextBlock>
<TextBlock ID="Page296_Block2" HEIGHT="3595" WIDTH="2074" VPOS="441" HPOS="366" LANG="en-US" CS="1" STYLEREFS="StyleId-6DD26938-A70F-4EDA-B829-CA12728FAC11-">
<TextLine HEIGHT="50" WIDTH="1233" VPOS="458" HPOS="449" CS="1">
<String CONTENT="140" HEIGHT="40" WIDTH="85" VPOS="458" HPOS="449"/>
<SP HEIGHT="48" WIDTH="27" VPOS="458" HPOS="535"/>
<String CONTENT="p." HEIGHT="36" WIDTH="43" VPOS="470" HPOS="563"/>
<SP HEIGHT="42" WIDTH="54" VPOS="458" HPOS="607"/>
<String CONTENT="fold," HEIGHT="41" WIDTH="118" VPOS="458" HPOS="662"/>
<SP HEIGHT="40" WIDTH="27" VPOS="459" HPOS="781"/>
<String CONTENT="front.," HEIGHT="48" WIDTH="164" VPOS="459" HPOS="809"/>
<SP HEIGHT="48" WIDTH="29" VPOS="459" HPOS="974"/>
<String CONTENT="illus." HEIGHT="41" WIDTH="128" VPOS="459" HPOS="1004"/>
<SP HEIGHT="48" WIDTH="27" VPOS="460" HPOS="1133"/>
<String CONTENT="(incl." HEIGHT="49" WIDTH="134" VPOS="459" HPOS="1161"/>
<SP HEIGHT="37" WIDTH="27" VPOS="471" HPOS="1296"/>
<String CONTENT="ports.)" HEIGHT="49" WIDTH="175" VPOS="459" HPOS="1324"/>
<SP HEIGHT="46" WIDTH="65" VPOS="459" HPOS="1500"/>
<String CS="1" CONTENT="18&#7580;&#7504;." HEIGHT="8" WIDTH="9" VPOS="492" HPOS="1673"/>
</TextLine>
<TextLine HEIGHT="41" WIDTH="746" VPOS="529" HPOS="450">
<String CONTENT="&#8220;Six" HEIGHT="41" WIDTH="115" VPOS="529" HPOS="450"/>
<SP HEIGHT="40" WIDTH="30" VPOS="529" HPOS="566"/>
<String CONTENT="hundredth" HEIGHT="41" WIDTH="279" VPOS="529" HPOS="597"/>
<SP HEIGHT="40" WIDTH="31" VPOS="530" HPOS="877"/>
<String CONTENT="thousand.&#8221;" HEIGHT="41" WIDTH="287" VPOS="529" HPOS="909"/>
</TextLine>
<TextLine HEIGHT="55" WIDTH="1877" VPOS="596" HPOS="382" CS="1">
<String CONTENT="&#169;" HEIGHT="52" WIDTH="51" VPOS="596" HPOS="382"/>
<SP/>
<String CS="1" CONTENT="Jan." HEIGHT="29" WIDTH="75" VPOS="612" HPOS="500"/>
<SP HEIGHT="40" WIDTH="29" VPOS="601" HPOS="576"/>
<String CONTENT="9," HEIGHT="47" WIDTH="40" VPOS="601" HPOS="606"/>
<SP HEIGHT="45" WIDTH="29" VPOS="603" HPOS="647"/>
<String CS="1" CONTENT="1929;" HEIGHT="40" WIDTH="117" VPOS="602" HPOS="677"/>
<SP HEIGHT="40" WIDTH="29" VPOS="602" HPOS="819"/>
<String CONTENT="2c." HEIGHT="41" WIDTH="68" VPOS="602" HPOS="849"/>
<SP HEIGHT="40" WIDTH="29" VPOS="603" HPOS="918"/>
<String LANG="de" CS="1" CONTENT="Jan." HEIGHT="40" WIDTH="110" VPOS="603" HPOS="948"/>
<SP HEIGHT="40" WIDTH="30" VPOS="603" HPOS="1059"/>
<String CS="1" CONTENT="11;" HEIGHT="38" WIDTH="52" VPOS="603" HPOS="1090"/>
<SP HEIGHT="31" WIDTH="32" VPOS="613" HPOS="1173"/>
<String CONTENT="aff." HEIGHT="41" WIDTH="82" VPOS="602" HPOS="1206"/>
<SP HEIGHT="39" WIDTH="30" VPOS="604" HPOS="1289"/>
<String CONTENT="Mar." HEIGHT="39" WIDTH="123" VPOS="604" HPOS="1320"/>
<SP HEIGHT="39" WIDTH="30" VPOS="604" HPOS="1444"/>
<String CONTENT="7;" HEIGHT="44" WIDTH="53" VPOS="604" HPOS="1475"/>
<SP HEIGHT="46" WIDTH="31" VPOS="602" HPOS="1529"/>
<!-- cceid 8EC13E27-6CFA-1014-9C3C-CEA95E7AA542 --><String CONTENT="A" HEIGHT="39" WIDTH="42" VPOS="602" HPOS="1561"/>
<SP HEIGHT="40" WIDTH="27" VPOS="602" HPOS="1604"/>
<String CONTENT="4763;" HEIGHT="47" WIDTH="143" VPOS="603" HPOS="1632"/>
<SP HEIGHT="46" WIDTH="32" VPOS="604" HPOS="1776"/>
<String CONTENT="L." HEIGHT="39" WIDTH="51" VPOS="604" HPOS="1809"/>
<SP HEIGHT="41" WIDTH="33" VPOS="603" HPOS="1861"/>
<String CONTENT="C." HEIGHT="42" WIDTH="48" VPOS="603" HPOS="1895"/>
<SP HEIGHT="40" WIDTH="33" VPOS="605" HPOS="1944"/>
<String CONTENT="McCollum," HEIGHT="47" WIDTH="281" VPOS="604" HPOS="1978"/>
</TextLine>
<TextLine HEIGHT="104" WIDTH="1908" VPOS="604" HPOS="450" CS="1">
<String CONTENT="Columbus." HEIGHT="96" WIDTH="1908" VPOS="604" HPOS="450"/>
<SP HEIGHT="42" WIDTH="29" VPOS="658" HPOS="657"/>
<String CONTENT="O." HEIGHT="40" WIDTH="51" VPOS="658" HPOS="687"/>
<SP HEIGHT="29" WIDTH="57" VPOS="678" HPOS="739"/>
<String CONTENT="[&#169;" HEIGHT="53" WIDTH="69" VPOS="654" HPOS="797"/>
<SP HEIGHT="52" WIDTH="27" VPOS="654" HPOS="867"/>
<String CONTENT="additional" HEIGHT="41" WIDTH="273" VPOS="659" HPOS="895"/>
<SP HEIGHT="40" WIDTH="26" VPOS="659" HPOS="1169"/>
<String CONTENT="history" HEIGHT="47" WIDTH="191" VPOS="659" HPOS="1196"/>
<SP HEIGHT="36" WIDTH="25" VPOS="670" HPOS="1388"/>
<String CONTENT="and" HEIGHT="39" WIDTH="96" VPOS="660" HPOS="1414"/>
<SP HEIGHT="39" WIDTH="29" VPOS="660" HPOS="1511"/>
<String CONTENT="rhymes]" HEIGHT="48" WIDTH="207" VPOS="660" HPOS="1541"/>
<SP HEIGHT="47" WIDTH="69" VPOS="661" HPOS="1749"/>
<String CONTENT="(29-6473)" HEIGHT="48" WIDTH="250" VPOS="660" HPOS="1819"/>
</TextLine>
<TextLine HEIGHT="60" WIDTH="708" VPOS="752" HPOS="381" STYLEREFS="StyleId-735C2767-D7B8-4966-AE4C-E13D1EB9EDAD-">
<String CONTENT="Mannin," HEIGHT="60" WIDTH="263" VPOS="752" HPOS="381"/>
<SP HEIGHT="58" WIDTH="32" VPOS="754" HPOS="645"/>
<String CONTENT="Ethel" HEIGHT="52" WIDTH="177" VPOS="753" HPOS="678"/>
<SP HEIGHT="51" WIDTH="31" VPOS="754" HPOS="856"/>
<String CONTENT="Edith." HEIGHT="55" WIDTH="201" VPOS="753" HPOS="888"/>
</TextLine>
<TextLine HEIGHT="72" WIDTH="1809" VPOS="828" HPOS="509" STYLEREFS="StyleId-735C2767-D7B8-4966-AE4C-E13D1EB9EDAD-" CS="1">
<String CS="1" CONTENT="&#8230;"/>
<SP HEIGHT="55" WIDTH="39" VPOS="828" HPOS="509"/>
<String CONTENT="Crescendo," HEIGHT="69" WIDTH="335" VPOS="828" HPOS="549"/>
<SP HEIGHT="67" WIDTH="30" VPOS="830" HPOS="885"/>
<String CONTENT="being" HEIGHT="70" WIDTH="171" VPOS="830" HPOS="916"/>
<SP HEIGHT="63" WIDTH="30" VPOS="837" HPOS="1088"/>
<String CONTENT="the" HEIGHT="53" WIDTH="95" VPOS="831" HPOS="1119"/>
<SP HEIGHT="52" WIDTH="32" VPOS="832" HPOS="1215"/>
<String CONTENT="dark" HEIGHT="53" WIDTH="145" VPOS="831" HPOS="1248"/>
<SP HEIGHT="53" WIDTH="31" VPOS="831" HPOS="1394"/>
<String CONTENT="odyssey" HEIGHT="67" WIDTH="239" VPOS="832" HPOS="1426"/>
<SP HEIGHT="39" WIDTH="33" VPOS="850" HPOS="1666"/>
<String CONTENT="of" HEIGHT="54" WIDTH="64" VPOS="830" HPOS="1700"/>
<SP HEIGHT="56" WIDTH="32" VPOS="830" HPOS="1765"/>
<String CONTENT="Gilbert" HEIGHT="55" WIDTH="227" VPOS="831" HPOS="1798"/>
<SP HEIGHT="56" WIDTH="36" VPOS="832" HPOS="2026"/>
<String CONTENT="Stroud" HEIGHT="56" WIDTH="214" VPOS="832" HPOS="2063"/>
<SP HEIGHT="52" WIDTH="40" VPOS="835" HPOS="2278"/>
<String CS="1" CONTENT="&#8230;"/>
</TextLine>
<TextLine HEIGHT="69" WIDTH="1021" VPOS="908" HPOS="376" STYLEREFS="StyleId-735C2767-D7B8-4966-AE4C-E13D1EB9EDAD-">
<String CONTENT="London," HEIGHT="65" WIDTH="258" VPOS="908" HPOS="376"/>
<SP HEIGHT="64" WIDTH="28" VPOS="909" HPOS="635"/>
<String CONTENT="Jarrolds" HEIGHT="54" WIDTH="267" VPOS="908" HPOS="664"/>
<SP HEIGHT="51" WIDTH="31" VPOS="909" HPOS="932"/>
<String CONTENT="limited" HEIGHT="54" WIDTH="222" VPOS="908" HPOS="964"/>
<SP HEIGHT="67" WIDTH="37" VPOS="909" HPOS="1187"/>
<String CONTENT="[1929]" HEIGHT="65" WIDTH="172" VPOS="912" HPOS="1225"/>
</TextLine>
<TextLine HEIGHT="48" WIDTH="337" VPOS="990" HPOS="447" CS="1">
<String CONTENT="288" HEIGHT="41" WIDTH="87" VPOS="990" HPOS="447"/>
<SP HEIGHT="48" WIDTH="29" VPOS="990" HPOS="535"/>
<String CONTENT="p." HEIGHT="38" WIDTH="42" VPOS="1000" HPOS="565"/>
<SP HEIGHT="39" WIDTH="59" VPOS="990" HPOS="608"/>
<String CS="1" CONTENT="20&#7580;&#7504;." HEIGHT="8" WIDTH="8" VPOS="1022" HPOS="776"/>
</TextLine>
<TextLine HEIGHT="40" WIDTH="868" VPOS="1060" HPOS="449">
<String CONTENT="At" HEIGHT="39" WIDTH="63" VPOS="1061" HPOS="449"/>
<SP HEIGHT="40" WIDTH="24" VPOS="1060" HPOS="513"/>
<String CONTENT="head" HEIGHT="40" WIDTH="123" VPOS="1060" HPOS="538"/>
<SP HEIGHT="39" WIDTH="25" VPOS="1061" HPOS="662"/>
<String CONTENT="of" HEIGHT="40" WIDTH="52" VPOS="1060" HPOS="688"/>
<SP HEIGHT="40" WIDTH="23" VPOS="1060" HPOS="741"/>
<String CONTENT="title:" HEIGHT="40" WIDTH="136" VPOS="1060" HPOS="765"/>
<SP HEIGHT="39" WIDTH="26" VPOS="1061" HPOS="902"/>
<String CONTENT="Ethel" HEIGHT="40" WIDTH="144" VPOS="1060" HPOS="929"/>
<SP HEIGHT="38" WIDTH="26" VPOS="1061" HPOS="1074"/>
<String CONTENT="Mannin." HEIGHT="40" WIDTH="216" VPOS="1060" HPOS="1101"/>
</TextLine>
<TextLine HEIGHT="49" WIDTH="578" VPOS="1116" HPOS="449">
<String CONTENT="&#8220;Second" HEIGHT="41" WIDTH="212" VPOS="1116" HPOS="449"/>
<SP HEIGHT="40" WIDTH="30" VPOS="1116" HPOS="662"/>
<String CONTENT="impression.&#8221;" HEIGHT="49" WIDTH="334" VPOS="1116" HPOS="693"/>
</TextLine>
<TextLine HEIGHT="52" WIDTH="1995" VPOS="1185" HPOS="381" CS="1">
<String CONTENT="&#169;" HEIGHT="52" WIDTH="51" VPOS="1185" HPOS="381"/>
<SP/>
<String CS="1" CONTENT="1c."/>
<SP HEIGHT="39" WIDTH="37" VPOS="1190" HPOS="539"/>
<String CONTENT="Mar." HEIGHT="38" WIDTH="122" VPOS="1190" HPOS="577"/>
<SP HEIGHT="37" WIDTH="36" VPOS="1191" HPOS="700"/>
<String CONTENT="15," HEIGHT="47" WIDTH="69" VPOS="1189" HPOS="737"/>
<SP HEIGHT="46" WIDTH="36" VPOS="1190" HPOS="807"/>
<String CS="1" CONTENT="1929;" HEIGHT="40" WIDTH="113" VPOS="1188" HPOS="844"/>
<SP HEIGHT="45" WIDTH="39" VPOS="1189" HPOS="986"/>
<!-- cceid 8EC26A41-6CFA-1014-9C3C-CEA95E7AA542 --><String CONTENT="A" HEIGHT="39" WIDTH="40" VPOS="1189" HPOS="1026"/>
<SP HEIGHT="39" WIDTH="34" VPOS="1189" HPOS="1067"/>
<String CONTENT="ad" HEIGHT="38" WIDTH="61" VPOS="1190" HPOS="1102"/>
<SP HEIGHT="39" WIDTH="37" VPOS="1189" HPOS="1164"/>
<String CONTENT="int." HEIGHT="40" WIDTH="86" VPOS="1189" HPOS="1202"/>
<SP HEIGHT="38" WIDTH="37" VPOS="1191" HPOS="1289"/>
<String CS="1" CONTENT="12430;" HEIGHT="41" WIDTH="144" VPOS="1188" HPOS="1327"/>
<SP HEIGHT="37" WIDTH="38" VPOS="1200" HPOS="1498"/>
<String CONTENT="pubd." HEIGHT="47" WIDTH="143" VPOS="1190" HPOS="1537"/>
<SP HEIGHT="39" WIDTH="37" VPOS="1190" HPOS="1681"/>
<String CONTENT="Jan." HEIGHT="39" WIDTH="111" VPOS="1190" HPOS="1719"/>
<SP HEIGHT="37" WIDTH="37" VPOS="1192" HPOS="1831"/>
<String CONTENT="18;" HEIGHT="45" WIDTH="82" VPOS="1190" HPOS="1869"/>
<SP HEIGHT="43" WIDTH="40" VPOS="1192" HPOS="1952"/>
<String CONTENT="Ethel" HEIGHT="41" WIDTH="143" VPOS="1190" HPOS="1993"/>
<SP HEIGHT="39" WIDTH="37" VPOS="1192" HPOS="2137"/>
<String CONTENT="Mannin" HEIGHT="40" WIDTH="201" VPOS="1191" HPOS="2175"/>
</TextLine>
<TextLine HEIGHT="49" WIDTH="1693" VPOS="1245" HPOS="450">
<String CONTENT="Porteous," HEIGHT="46" WIDTH="249" VPOS="1247" HPOS="450"/>
<SP HEIGHT="47" WIDTH="37" VPOS="1246" HPOS="700"/>
<String CONTENT="i." HEIGHT="39" WIDTH="28" VPOS="1246" HPOS="738"/>
<SP HEIGHT="29" WIDTH="35" VPOS="1256" HPOS="767"/>
<String CONTENT="e." HEIGHT="29" WIDTH="38" VPOS="1256" HPOS="803"/>
<SP HEIGHT="37" WIDTH="36" VPOS="1248" HPOS="842"/>
<String CONTENT="Mrs." HEIGHT="38" WIDTH="116" VPOS="1248" HPOS="879"/>
<SP HEIGHT="39" WIDTH="36" VPOS="1247" HPOS="996"/>
<String CONTENT="Ethel" HEIGHT="39" WIDTH="140" VPOS="1246" HPOS="1033"/>
<SP HEIGHT="38" WIDTH="40" VPOS="1247" HPOS="1174"/>
<String CONTENT="Edith" HEIGHT="39" WIDTH="147" VPOS="1246" HPOS="1215"/>
<SP HEIGHT="39" WIDTH="37" VPOS="1246" HPOS="1363"/>
<String CONTENT="Mannin" HEIGHT="40" WIDTH="202" VPOS="1245" HPOS="1401"/>
<SP HEIGHT="38" WIDTH="37" VPOS="1247" HPOS="1604"/>
<String CONTENT="Porteous," HEIGHT="47" WIDTH="249" VPOS="1247" HPOS="1642"/>
<SP HEIGHT="48" WIDTH="37" VPOS="1246" HPOS="1892"/>
<String CONTENT="London." HEIGHT="42" WIDTH="213" VPOS="1246" HPOS="1930"/>
</TextLine>
<TextLine HEIGHT="49" WIDTH="251" VPOS="1302" HPOS="458">
<String CONTENT="(29-7729)" HEIGHT="49" WIDTH="251" VPOS="1302" HPOS="458"/>
</TextLine>
<TextLine HEIGHT="64" WIDTH="988" VPOS="1397" HPOS="381" STYLEREFS="StyleId-735C2767-D7B8-4966-AE4C-E13D1EB9EDAD-">
<String CONTENT="Matkowski," HEIGHT="63" WIDTH="376" VPOS="1397" HPOS="381"/>
<SP HEIGHT="62" WIDTH="27" VPOS="1398" HPOS="758"/>
<String CONTENT="Zygmunt," HEIGHT="63" WIDTH="318" VPOS="1398" HPOS="786"/>
<SP HEIGHT="58" WIDTH="27" VPOS="1400" HPOS="1105"/>
<String CONTENT="d." HEIGHT="52" WIDTH="53" VPOS="1400" HPOS="1133"/>
<SP HEIGHT="48" WIDTH="33" VPOS="1404" HPOS="1187"/>
<String CONTENT="1919." HEIGHT="50" WIDTH="148" VPOS="1403" HPOS="1221"/>
</TextLine>
<TextLine HEIGHT="130" WIDTH="1975" VPOS="1476" HPOS="383" STYLEREFS="StyleId-735C2767-D7B8-4966-AE4C-E13D1EB9EDAD-" CS="1">
<String CS="1" CONTENT="&#8230;"/>
<SP HEIGHT="56" WIDTH="68" VPOS="1476" HPOS="508"/>
<String CONTENT="Slownik" HEIGHT="56" WIDTH="258" VPOS="1476" HPOS="577"/>
<SP HEIGHT="53" WIDTH="58" VPOS="1477" HPOS="836"/>
<String CONTENT="encyklopedyczny" HEIGHT="69" WIDTH="535" VPOS="1478" HPOS="895"/>
<SP HEIGHT="69" WIDTH="59" VPOS="1478" HPOS="1431"/>
<String CONTENT="francusko-polski" HEIGHT="69" WIDTH="526" VPOS="1478" HPOS="1491"/>
<SP HEIGHT="53" WIDTH="59" VPOS="1479" HPOS="2018"/>
<String CONTENT="i" HEIGHT="52" WIDTH="17" VPOS="1480" HPOS="2078"/>
<SP HEIGHT="67" WIDTH="62" VPOS="1480" HPOS="2096"/>
<String CONTENT="polskofrancuski" HEIGHT="127" WIDTH="1975" VPOS="1479" HPOS="383"/>
</TextLine>
<TextLine HEIGHT="68" WIDTH="1369" VPOS="1555" HPOS="771" STYLEREFS="StyleId-735C2767-D7B8-4966-AE4C-E13D1EB9EDAD-" CS="1">
<String CS="1" CONTENT="&#8230;"/>
<SP HEIGHT="50" WIDTH="72" VPOS="1556" HPOS="771"/>
<String CS="1" CONTENT="Lw&#243;w" HEIGHT="49" WIDTH="193" VPOS="1556" HPOS="844"/>
<SP HEIGHT="52" WIDTH="30" VPOS="1555" HPOS="1038"/>
<String CONTENT="i" HEIGHT="52" WIDTH="16" VPOS="1555" HPOS="1069"/>
<SP HEIGHT="53" WIDTH="31" VPOS="1555" HPOS="1086"/>
<String CONTENT="Warszawa," HEIGHT="57" WIDTH="346" VPOS="1555" HPOS="1118"/>
<SP HEIGHT="56" WIDTH="30" VPOS="1556" HPOS="1465"/>
<String CONTENT="B." HEIGHT="51" WIDTH="67" VPOS="1556" HPOS="1496"/>
<SP HEIGHT="51" WIDTH="32" VPOS="1556" HPOS="1564"/>
<String CONTENT="Poloniecki" HEIGHT="52" WIDTH="328" VPOS="1555" HPOS="1597"/>
<SP HEIGHT="66" WIDTH="42" VPOS="1556" HPOS="1926"/>
<String CONTENT="[1928]" HEIGHT="65" WIDTH="171" VPOS="1558" HPOS="1969"/>
</TextLine>
<TextLine HEIGHT="47" WIDTH="615" VPOS="1637" HPOS="448" CS="1">
<String CONTENT="15," HEIGHT="45" WIDTH="68" VPOS="1638" HPOS="448"/>
<SP HEIGHT="46" WIDTH="30" VPOS="1637" HPOS="517"/>
<String CONTENT="871" HEIGHT="39" WIDTH="76" VPOS="1637" HPOS="548"/>
<SP HEIGHT="45" WIDTH="37" VPOS="1639" HPOS="625"/>
<String CONTENT="p." HEIGHT="36" WIDTH="41" VPOS="1648" HPOS="663"/>
<SP HEIGHT="39" WIDTH="57" VPOS="1638" HPOS="705"/>
<String CS="1" CONTENT="24&#189;" HEIGHT="38" WIDTH="57" VPOS="1638" HPOS="763"/>
<SP/>
<String CS="1" CONTENT="&#215;"/>
<SP/>
<String CS="1" CONTENT="19&#189;&#7580;&#7504;." HEIGHT="42" WIDTH="146" VPOS="1637" HPOS="917"/>
</TextLine>
<TextLine HEIGHT="98" WIDTH="1990" VPOS="1694" HPOS="376" CS="1">
<String CONTENT="At" HEIGHT="41" WIDTH="64" VPOS="1694" HPOS="448"/>
<SP HEIGHT="41" WIDTH="39" VPOS="1694" HPOS="513"/>
<String CONTENT="head" HEIGHT="40" WIDTH="124" VPOS="1694" HPOS="553"/>
<SP HEIGHT="39" WIDTH="42" VPOS="1695" HPOS="678"/>
<String CONTENT="of" HEIGHT="40" WIDTH="51" VPOS="1694" HPOS="721"/>
<SP HEIGHT="41" WIDTH="41" VPOS="1694" HPOS="773"/>
<String CONTENT="title:" HEIGHT="41" WIDTH="135" VPOS="1694" HPOS="815"/>
<SP HEIGHT="40" WIDTH="46" VPOS="1694" HPOS="951"/>
<String CONTENT="Zygmunt" HEIGHT="48" WIDTH="237" VPOS="1694" HPOS="998"/>
<SP HEIGHT="39" WIDTH="44" VPOS="1695" HPOS="1236"/>
<String CONTENT="Matkowski" HEIGHT="42" WIDTH="294" VPOS="1694" HPOS="1281"/>
<SP HEIGHT="40" WIDTH="43" VPOS="1694" HPOS="1576"/>
<String CONTENT="i" HEIGHT="40" WIDTH="15" VPOS="1694" HPOS="1620"/>
<SP HEIGHT="42" WIDTH="46" VPOS="1694" HPOS="1636"/>
<String CONTENT="Stefanja" HEIGHT="49" WIDTH="227" VPOS="1694" HPOS="1683"/>
<SP HEIGHT="42" WIDTH="43" VPOS="1694" HPOS="1911"/>
<String CONTENT="Ciesielska" HEIGHT="42" WIDTH="264" VPOS="1694" HPOS="1955"/>
<SP HEIGHT="38" WIDTH="49" VPOS="1697" HPOS="2220"/>
<String CONTENT="Borkowska." HEIGHT="95" WIDTH="1990" VPOS="1697" HPOS="376"/>
</TextLine>
<TextLine HEIGHT="48" WIDTH="601" VPOS="1823" HPOS="446">
<String CONTENT="Added" HEIGHT="40" WIDTH="169" VPOS="1823" HPOS="446"/>
<SP HEIGHT="39" WIDTH="25" VPOS="1824" HPOS="616"/>
<String CONTENT="t.-p." HEIGHT="46" WIDTH="96" VPOS="1825" HPOS="642"/>
<SP HEIGHT="40" WIDTH="27" VPOS="1823" HPOS="739"/>
<String CONTENT="in" HEIGHT="41" WIDTH="48" VPOS="1823" HPOS="767"/>
<SP HEIGHT="41" WIDTH="27" VPOS="1823" HPOS="816"/>
<String CONTENT="French." HEIGHT="41" WIDTH="203" VPOS="1823" HPOS="844"/>
</TextLine>
<TextLine HEIGHT="51" WIDTH="669" VPOS="1879" HPOS="447">
<String CONTENT="&#8220;Literatura&#8221;:" HEIGHT="41" WIDTH="370" VPOS="1879" HPOS="447"/>
<SP HEIGHT="30" WIDTH="27" VPOS="1890" HPOS="818"/>
<String LANG="la" CONTENT="v." HEIGHT="29" WIDTH="42" VPOS="1891" HPOS="846"/>
<SP HEIGHT="40" WIDTH="27" VPOS="1880" HPOS="889"/>
<String CONTENT="1," HEIGHT="48" WIDTH="40" VPOS="1880" HPOS="917"/>
<SP HEIGHT="37" WIDTH="26" VPOS="1891" HPOS="958"/>
<String CONTENT="p." HEIGHT="37" WIDTH="43" VPOS="1891" HPOS="985"/>
<SP HEIGHT="31" WIDTH="31" VPOS="1899" HPOS="1029"/>
<String CONTENT="[7]" HEIGHT="49" WIDTH="55" VPOS="1881" HPOS="1061"/>
</TextLine>
<TextLine HEIGHT="53" WIDTH="1998" VPOS="1947" HPOS="380" CS="1">
<String CONTENT="&#169;" HEIGHT="52" WIDTH="51" VPOS="1947" HPOS="380"/>
<SP HEIGHT="52" WIDTH="37" VPOS="1947" HPOS="432"/>
<String CONTENT="Aug." HEIGHT="47" WIDTH="120" VPOS="1952" HPOS="470"/>
<SP HEIGHT="39" WIDTH="35" VPOS="1953" HPOS="591"/>
<String CONTENT="15," HEIGHT="48" WIDTH="68" VPOS="1952" HPOS="627"/>
<SP HEIGHT="48" WIDTH="37" VPOS="1952" HPOS="696"/>
<String CS="1" CONTENT="1928;" HEIGHT="40" WIDTH="114" VPOS="1951" HPOS="734"/>
<SP/>
<String CS="1" CONTENT="1c."/>
<SP HEIGHT="40" WIDTH="35" VPOS="1951" HPOS="982"/>
<String CONTENT="Dec." HEIGHT="41" WIDTH="113" VPOS="1951" HPOS="1018"/>
<SP HEIGHT="39" WIDTH="36" VPOS="1952" HPOS="1132"/>
<String CONTENT="10;" HEIGHT="45" WIDTH="81" VPOS="1951" HPOS="1169"/>
<SP HEIGHT="46" WIDTH="38" VPOS="1950" HPOS="1251"/>
<!-- cceid 8EC36CB3-6CFA-1014-9C3C-CEA95E7AA542 --><String CONTENT="A&#8212;Foreign" HEIGHT="48" WIDTH="312" VPOS="1950" HPOS="1290"/>
<SP HEIGHT="40" WIDTH="36" VPOS="1951" HPOS="1603"/>
<String CONTENT="804;" HEIGHT="42" WIDTH="111" VPOS="1950" HPOS="1640"/>
<SP HEIGHT="41" WIDTH="40" VPOS="1951" HPOS="1752"/>
<String CONTENT="Ksiegarnia" HEIGHT="48" WIDTH="294" VPOS="1950" HPOS="1793"/>
<SP HEIGHT="39" WIDTH="37" VPOS="1961" HPOS="2088"/>
<String CONTENT="polska" HEIGHT="49" WIDTH="171" VPOS="1951" HPOS="2126"/>
<SP HEIGHT="39" WIDTH="36" VPOS="1952" HPOS="2298"/>
<String CONTENT="b." HEIGHT="40" WIDTH="43" VPOS="1952" HPOS="2335"/>
</TextLine>
<TextLine HEIGHT="50" WIDTH="697" VPOS="2006" HPOS="447">
<String CONTENT="polonieckiego." HEIGHT="48" WIDTH="374" VPOS="2008" HPOS="447"/>
<SP HEIGHT="47" WIDTH="70" VPOS="2008" HPOS="822"/>
<String CONTENT="(29-7118)" HEIGHT="49" WIDTH="251" VPOS="2006" HPOS="893"/>
</TextLine>
<TextLine HEIGHT="64" WIDTH="987" VPOS="2102" HPOS="379" STYLEREFS="StyleId-735C2767-D7B8-4966-AE4C-E13D1EB9EDAD-">
<String LANG="en-US" CONTENT="Mayhew," HEIGHT="63" WIDTH="291" VPOS="2102" HPOS="379"/>
<SP HEIGHT="63" WIDTH="30" VPOS="2102" HPOS="671"/>
<String LANG="en-US" CONTENT="Arthur" HEIGHT="53" WIDTH="234" VPOS="2102" HPOS="702"/>
<SP HEIGHT="50" WIDTH="27" VPOS="2104" HPOS="937"/>
<String LANG="la" CONTENT="Innes," HEIGHT="62" WIDTH="194" VPOS="2104" HPOS="965"/>
<SP HEIGHT="58" WIDTH="35" VPOS="2108" HPOS="1160"/>
<String LANG="en-US" CONTENT="1878-" HEIGHT="52" WIDTH="170" VPOS="2104" HPOS="1196"/>
</TextLine>
<TextLine HEIGHT="71" WIDTH="1934" VPOS="2177" HPOS="449" STYLEREFS="StyleId-735C2767-D7B8-4966-AE4C-E13D1EB9EDAD-">
<String CONTENT="Christianity" HEIGHT="71" WIDTH="385" VPOS="2177" HPOS="449"/>
<SP HEIGHT="51" WIDTH="33" VPOS="2197" HPOS="835"/>
<String CONTENT="and" HEIGHT="53" WIDTH="114" VPOS="2179" HPOS="869"/>
<SP HEIGHT="53" WIDTH="31" VPOS="2179" HPOS="984"/>
<String CONTENT="the" HEIGHT="53" WIDTH="96" VPOS="2179" HPOS="1016"/>
<SP HEIGHT="51" WIDTH="32" VPOS="2197" HPOS="1113"/>
<String CONTENT="government" HEIGHT="64" WIDTH="373" VPOS="2184" HPOS="1146"/>
<SP HEIGHT="48" WIDTH="29" VPOS="2184" HPOS="1520"/>
<String CONTENT="of" HEIGHT="54" WIDTH="66" VPOS="2178" HPOS="1550"/>
<SP HEIGHT="54" WIDTH="30" VPOS="2178" HPOS="1617"/>
<String CONTENT="India;" HEIGHT="68" WIDTH="203" VPOS="2179" HPOS="1648"/>
<SP HEIGHT="50" WIDTH="35" VPOS="2197" HPOS="1852"/>
<String CONTENT="an" HEIGHT="35" WIDTH="73" VPOS="2197" HPOS="1888"/>
<SP HEIGHT="35" WIDTH="32" VPOS="2197" HPOS="1962"/>
<String CONTENT="examination" HEIGHT="54" WIDTH="388" VPOS="2178" HPOS="1995"/>
</TextLine>
<TextLine HEIGHT="56" WIDTH="2005" VPOS="2256" HPOS="377" STYLEREFS="StyleId-735C2767-D7B8-4966-AE4C-E13D1EB9EDAD-">
<String CONTENT="of" HEIGHT="54" WIDTH="65" VPOS="2256" HPOS="377"/>
<SP HEIGHT="54" WIDTH="24" VPOS="2256" HPOS="443"/>
<String CONTENT="the" HEIGHT="52" WIDTH="96" VPOS="2258" HPOS="468"/>
<SP HEIGHT="56" WIDTH="28" VPOS="2256" HPOS="565"/>
<String CONTENT="Christian" HEIGHT="56" WIDTH="297" VPOS="2256" HPOS="594"/>
<SP HEIGHT="53" WIDTH="27" VPOS="2257" HPOS="892"/>
<String CONTENT="forces" HEIGHT="53" WIDTH="184" VPOS="2257" HPOS="920"/>
<SP HEIGHT="35" WIDTH="27" VPOS="2275" HPOS="1105"/>
<String CONTENT="at" HEIGHT="48" WIDTH="59" VPOS="2262" HPOS="1133"/>
<SP HEIGHT="48" WIDTH="27" VPOS="2262" HPOS="1193"/>
<String CONTENT="work" HEIGHT="53" WIDTH="158" VPOS="2257" HPOS="1221"/>
<SP HEIGHT="52" WIDTH="26" VPOS="2257" HPOS="1380"/>
<String CONTENT="in" HEIGHT="52" WIDTH="61" VPOS="2257" HPOS="1407"/>
<SP HEIGHT="49" WIDTH="25" VPOS="2261" HPOS="1469"/>
<String CONTENT="the" HEIGHT="53" WIDTH="98" VPOS="2257" HPOS="1495"/>
<SP HEIGHT="35" WIDTH="25" VPOS="2275" HPOS="1594"/>
<String CONTENT="administration" HEIGHT="53" WIDTH="464" VPOS="2257" HPOS="1620"/>
<SP HEIGHT="35" WIDTH="31" VPOS="2275" HPOS="2085"/>
<String CONTENT="of" HEIGHT="54" WIDTH="64" VPOS="2256" HPOS="2117"/>
<SP HEIGHT="53" WIDTH="25" VPOS="2256" HPOS="2182"/>
<String CONTENT="India" HEIGHT="54" WIDTH="174" VPOS="2256" HPOS="2208"/>
</TextLine>
<TextLine HEIGHT="70" WIDTH="2005" VPOS="2334" HPOS="378" STYLEREFS="StyleId-735C2767-D7B8-4966-AE4C-E13D1EB9EDAD-">
<String CONTENT="and" HEIGHT="53" WIDTH="114" VPOS="2335" HPOS="378"/>
<SP HEIGHT="53" WIDTH="39" VPOS="2335" HPOS="493"/>
<String CONTENT="of" HEIGHT="53" WIDTH="64" VPOS="2334" HPOS="533"/>
<SP HEIGHT="53" WIDTH="38" VPOS="2334" HPOS="598"/>
<String CONTENT="the" HEIGHT="53" WIDTH="97" VPOS="2335" HPOS="637"/>
<SP HEIGHT="35" WIDTH="33" VPOS="2353" HPOS="735"/>
<String CONTENT="mutual" HEIGHT="52" WIDTH="222" VPOS="2335" HPOS="769"/>
<SP HEIGHT="52" WIDTH="41" VPOS="2335" HPOS="992"/>
<String CONTENT="relations" HEIGHT="54" WIDTH="272" VPOS="2334" HPOS="1034"/>
<SP HEIGHT="34" WIDTH="38" VPOS="2354" HPOS="1307"/>
<String CONTENT="of" HEIGHT="54" WIDTH="65" VPOS="2334" HPOS="1346"/>
<SP HEIGHT="54" WIDTH="37" VPOS="2334" HPOS="1412"/>
<String CONTENT="the" HEIGHT="54" WIDTH="98" VPOS="2334" HPOS="1450"/>
<SP HEIGHT="53" WIDTH="38" VPOS="2335" HPOS="1549"/>
<String CONTENT="British" HEIGHT="53" WIDTH="225" VPOS="2335" HPOS="1588"/>
<SP HEIGHT="69" WIDTH="40" VPOS="2335" HPOS="1814"/>
<String CONTENT="government" HEIGHT="64" WIDTH="372" VPOS="2340" HPOS="1855"/>
<SP HEIGHT="48" WIDTH="40" VPOS="2340" HPOS="2228"/>
<String CONTENT="and" HEIGHT="53" WIDTH="114" VPOS="2335" HPOS="2269"/>
</TextLine>
<TextLine HEIGHT="147" WIDTH="1981" VPOS="2411" HPOS="377" STYLEREFS="StyleId-735C2767-D7B8-4966-AE4C-E13D1EB9EDAD-" CS="1">
<String CONTENT="Christian" HEIGHT="56" WIDTH="294" VPOS="2411" HPOS="379"/>
<SP HEIGHT="33" WIDTH="40" VPOS="2432" HPOS="674"/>
<String CONTENT="missions," HEIGHT="68" WIDTH="282" VPOS="2412" HPOS="715"/>
<SP HEIGHT="63" WIDTH="40" VPOS="2417" HPOS="998"/>
<String CONTENT="1600-1920," HEIGHT="66" WIDTH="327" VPOS="2414" HPOS="1039"/>
<SP HEIGHT="68" WIDTH="36" VPOS="2412" HPOS="1367"/>
<String CONTENT="by" HEIGHT="69" WIDTH="75" VPOS="2412" HPOS="1404"/>
<SP HEIGHT="69" WIDTH="39" VPOS="2412" HPOS="1480"/>
<String CONTENT="Arthur" HEIGHT="53" WIDTH="226" VPOS="2412" HPOS="1520"/>
<SP HEIGHT="53" WIDTH="36" VPOS="2412" HPOS="1747"/>
<String CONTENT="Mayhew" HEIGHT="70" WIDTH="267" VPOS="2412" HPOS="1784"/>
<SP HEIGHT="35" WIDTH="43" VPOS="2431" HPOS="2052"/>
<String CS="1" CONTENT="&#8230;"/>
<SP HEIGHT="52" WIDTH="77" VPOS="2413" HPOS="2155"/>
<String CONTENT="London," HEIGHT="145" WIDTH="1981" VPOS="2413" HPOS="377"/>
</TextLine>
<TextLine HEIGHT="70" WIDTH="971" VPOS="2489" HPOS="539" STYLEREFS="StyleId-735C2767-D7B8-4966-AE4C-E13D1EB9EDAD-" CS="1">
<String CONTENT="Faber" HEIGHT="54" WIDTH="187" VPOS="2490" HPOS="539"/>
<SP HEIGHT="50" WIDTH="28" VPOS="2493" HPOS="727"/>
<String CONTENT="&amp;" HEIGHT="50" WIDTH="47" VPOS="2493" HPOS="756"/>
<SP HEIGHT="55" WIDTH="28" VPOS="2490" HPOS="804"/>
<String CONTENT="Gwyer" HEIGHT="69" WIDTH="210" VPOS="2490" HPOS="833"/>
<SP HEIGHT="51" WIDTH="29" VPOS="2491" HPOS="1044"/>
<String CONTENT="limited" HEIGHT="54" WIDTH="225" VPOS="2489" HPOS="1074"/>
<SP HEIGHT="67" WIDTH="36" VPOS="2490" HPOS="1300"/>
<String CS="1" CONTENT="[1929]" HEIGHT="64" WIDTH="153" VPOS="2493" HPOS="1357"/>
</TextLine>
<TextLine HEIGHT="49" WIDTH="850" VPOS="2573" HPOS="446" CS="1">
<String CONTENT="2" HEIGHT="40" WIDTH="27" VPOS="2574" HPOS="446"/>
<SP HEIGHT="48" WIDTH="27" VPOS="2574" HPOS="474"/>
<String LANG="la" CONTENT="p." HEIGHT="37" WIDTH="43" VPOS="2585" HPOS="502"/>
<SP/>
<String LANG="la" CS="1" CONTENT="l."/>
<String CONTENT="," HEIGHT="15" WIDTH="8" VPOS="2606" HPOS="609"/>
<SP HEIGHT="36" WIDTH="29" VPOS="2585" HPOS="618"/>
<String CONTENT="vii-xi," HEIGHT="47" WIDTH="164" VPOS="2573" HPOS="648"/>
<SP HEIGHT="46" WIDTH="29" VPOS="2574" HPOS="813"/>
<String CONTENT="13-260" HEIGHT="41" WIDTH="175" VPOS="2573" HPOS="843"/>
<SP HEIGHT="48" WIDTH="27" VPOS="2573" HPOS="1019"/>
<String CONTENT="p." HEIGHT="37" WIDTH="42" VPOS="2584" HPOS="1047"/>
<SP HEIGHT="40" WIDTH="58" VPOS="2573" HPOS="1090"/>
<String CS="1" CONTENT="22&#189;&#7580;&#7504;." HEIGHT="40" WIDTH="147" VPOS="2573" HPOS="1149"/>
</TextLine>
<TextLine HEIGHT="49" WIDTH="855" VPOS="2629" HPOS="448">
<String CONTENT="&#8220;Books" HEIGHT="40" WIDTH="190" VPOS="2631" HPOS="448"/>
<SP HEIGHT="30" WIDTH="29" VPOS="2641" HPOS="639"/>
<String CONTENT="consulted&#8221;:" HEIGHT="42" WIDTH="309" VPOS="2629" HPOS="669"/>
<SP HEIGHT="38" WIDTH="31" VPOS="2640" HPOS="979"/>
<String CONTENT="p." HEIGHT="38" WIDTH="43" VPOS="2640" HPOS="1011"/>
<SP HEIGHT="40" WIDTH="29" VPOS="2630" HPOS="1055"/>
<String CONTENT="252-255." HEIGHT="41" WIDTH="218" VPOS="2629" HPOS="1085"/>
</TextLine>
<TextLine HEIGHT="52" WIDTH="1995" VPOS="2684" HPOS="382" CS="1">
<String CONTENT="&#169;" HEIGHT="52" WIDTH="51" VPOS="2684" HPOS="382"/>
<SP/>
<String CS="1" CONTENT="1c."/>
<SP HEIGHT="39" WIDTH="38" VPOS="2689" HPOS="539"/>
<String CONTENT="Mar." HEIGHT="39" WIDTH="120" VPOS="2689" HPOS="578"/>
<SP HEIGHT="40" WIDTH="38" VPOS="2688" HPOS="699"/>
<String CONTENT="8," HEIGHT="41" WIDTH="39" VPOS="2688" HPOS="738"/>
<SP HEIGHT="41" WIDTH="38" VPOS="2688" HPOS="778"/>
<String CONTENT="1929;" HEIGHT="46" WIDTH="141" VPOS="2687" HPOS="817"/>
<SP HEIGHT="45" WIDTH="39" VPOS="2688" HPOS="959"/>
<!-- cceid 8EC45E3F-6CFA-1014-9C3C-CEA95E7AA542 --><String CONTENT="A" HEIGHT="38" WIDTH="41" VPOS="2688" HPOS="999"/>
<SP HEIGHT="38" WIDTH="35" VPOS="2688" HPOS="1041"/>
<String CONTENT="ad" HEIGHT="39" WIDTH="61" VPOS="2689" HPOS="1077"/>
<SP HEIGHT="42" WIDTH="36" VPOS="2686" HPOS="1139"/>
<String CONTENT="int." HEIGHT="40" WIDTH="86" VPOS="2686" HPOS="1176"/>
<SP HEIGHT="38" WIDTH="38" VPOS="2688" HPOS="1263"/>
<String CONTENT="12404;" HEIGHT="45" WIDTH="171" VPOS="2686" HPOS="1302"/>
<SP HEIGHT="37" WIDTH="39" VPOS="2697" HPOS="1474"/>
<String CONTENT="pubd." HEIGHT="48" WIDTH="143" VPOS="2686" HPOS="1514"/>
<SP HEIGHT="39" WIDTH="37" VPOS="2687" HPOS="1658"/>
<String CONTENT="Feb." HEIGHT="39" WIDTH="111" VPOS="2687" HPOS="1696"/>
<SP HEIGHT="39" WIDTH="37" VPOS="2687" HPOS="1808"/>
<String CS="1" CONTENT="22;" HEIGHT="39" WIDTH="57" VPOS="2687" HPOS="1846"/>
<SP HEIGHT="40" WIDTH="39" VPOS="2688" HPOS="1930"/>
<String CONTENT="A." HEIGHT="39" WIDTH="54" VPOS="2688" HPOS="1970"/>
<SP HEIGHT="38" WIDTH="37" VPOS="2689" HPOS="2025"/>
<String CONTENT="I." HEIGHT="39" WIDTH="37" VPOS="2689" HPOS="2063"/>
<SP HEIGHT="39" WIDTH="38" VPOS="2689" HPOS="2101"/>
<String CONTENT="Mayhew," HEIGHT="47" WIDTH="237" VPOS="2689" HPOS="2140"/>
</TextLine>
<TextLine HEIGHT="49" WIDTH="1506" VPOS="2743" HPOS="448">
<String CONTENT="Datchet," HEIGHT="47" WIDTH="224" VPOS="2745" HPOS="448"/>
<SP HEIGHT="37" WIDTH="31" VPOS="2755" HPOS="673"/>
<String CONTENT="nr." HEIGHT="29" WIDTH="71" VPOS="2755" HPOS="705"/>
<SP HEIGHT="39" WIDTH="30" VPOS="2745" HPOS="777"/>
<String CONTENT="Windsor," HEIGHT="47" WIDTH="241" VPOS="2744" HPOS="808"/>
<SP HEIGHT="47" WIDTH="31" VPOS="2744" HPOS="1050"/>
<String CONTENT="Berkshire," HEIGHT="44" WIDTH="277" VPOS="2743" HPOS="1082"/>
<SP HEIGHT="43" WIDTH="34" VPOS="2744" HPOS="1360"/>
<String CONTENT="England." HEIGHT="46" WIDTH="235" VPOS="2744" HPOS="1395"/>
<SP HEIGHT="47" WIDTH="71" VPOS="2744" HPOS="1631"/>
<String CONTENT="(29-7302)" HEIGHT="49" WIDTH="251" VPOS="2743" HPOS="1703"/>
</TextLine>
<TextLine HEIGHT="65" WIDTH="563" VPOS="2839" HPOS="380" STYLEREFS="StyleId-735C2767-D7B8-4966-AE4C-E13D1EB9EDAD-">
<String CONTENT="Mee," HEIGHT="63" WIDTH="147" VPOS="2841" HPOS="380"/>
<SP HEIGHT="65" WIDTH="37" VPOS="2839" HPOS="528"/>
<String CONTENT="Arthur," HEIGHT="64" WIDTH="251" VPOS="2839" HPOS="566"/>
<SP HEIGHT="44" WIDTH="40" VPOS="2859" HPOS="818"/>
<String CONTENT="ed." HEIGHT="52" WIDTH="84" VPOS="2841" HPOS="859"/>
</TextLine>
<TextLine HEIGHT="137" WIDTH="1976" VPOS="2916" HPOS="379" STYLEREFS="StyleId-735C2767-D7B8-4966-AE4C-E13D1EB9EDAD-" CS="1">
<String CONTENT="The" HEIGHT="51" WIDTH="121" VPOS="2919" HPOS="450"/>
<SP HEIGHT="52" WIDTH="24" VPOS="2918" HPOS="572"/>
<String CONTENT="book" HEIGHT="52" WIDTH="148" VPOS="2918" HPOS="597"/>
<SP HEIGHT="51" WIDTH="25" VPOS="2918" HPOS="746"/>
<String CONTENT="of" HEIGHT="53" WIDTH="64" VPOS="2916" HPOS="772"/>
<SP HEIGHT="52" WIDTH="25" VPOS="2916" HPOS="837"/>
<String CONTENT="knowledge." HEIGHT="68" WIDTH="350" VPOS="2917" HPOS="863"/>
<SP HEIGHT="33" WIDTH="70" VPOS="2950" HPOS="1214"/>
<String CS="1" CONTENT="[v.]" HEIGHT="47" WIDTH="70" VPOS="2936" HPOS="1302"/>
<SP HEIGHT="63" WIDTH="33" VPOS="2920" HPOS="1373"/>
<String CONTENT="21." HEIGHT="49" WIDTH="82" VPOS="2920" HPOS="1407"/>
<SP HEIGHT="51" WIDTH="64" VPOS="2917" HPOS="1490"/>
<String CONTENT="The" HEIGHT="52" WIDTH="121" VPOS="2917" HPOS="1555"/>
<SP HEIGHT="53" WIDTH="27" VPOS="2916" HPOS="1677"/>
<String CONTENT="book" HEIGHT="53" WIDTH="147" VPOS="2916" HPOS="1705"/>
<SP HEIGHT="53" WIDTH="26" VPOS="2917" HPOS="1853"/>
<String CONTENT="of" HEIGHT="54" WIDTH="65" VPOS="2916" HPOS="1880"/>
<SP HEIGHT="53" WIDTH="27" VPOS="2916" HPOS="1946"/>
<String CONTENT="Texas." HEIGHT="53" WIDTH="200" VPOS="2918" HPOS="1974"/>
<SP HEIGHT="52" WIDTH="63" VPOS="2918" HPOS="2175"/>
<String CONTENT="Editor," HEIGHT="135" WIDTH="1976" VPOS="2918" HPOS="379"/>
</TextLine>
<TextLine HEIGHT="75" WIDTH="1867" VPOS="2990" HPOS="513" STYLEREFS="StyleId-735C2767-D7B8-4966-AE4C-E13D1EB9EDAD-" CS="1">
<String CONTENT="Holland" HEIGHT="52" WIDTH="258" VPOS="2996" HPOS="513"/>
<SP HEIGHT="52" WIDTH="27" VPOS="2996" HPOS="772"/>
<String CONTENT="Thompson" HEIGHT="66" WIDTH="330" VPOS="2996" HPOS="800"/>
<SP HEIGHT="33" WIDTH="31" VPOS="3014" HPOS="1131"/>
<String CS="1" CONTENT="&#8230;"/>
<SP HEIGHT="51" WIDTH="67" VPOS="2996" HPOS="1219"/>
<String CONTENT="Dallas," HEIGHT="65" WIDTH="221" VPOS="2996" HPOS="1287"/>
<SP HEIGHT="66" WIDTH="23" VPOS="2995" HPOS="1509"/>
<String CONTENT="Texas," HEIGHT="59" WIDTH="202" VPOS="2995" HPOS="1533"/>
<SP HEIGHT="58" WIDTH="25" VPOS="2996" HPOS="1736"/>
<String CONTENT="The" HEIGHT="53" WIDTH="124" VPOS="2995" HPOS="1762"/>
<SP HEIGHT="55" WIDTH="24" VPOS="2994" HPOS="1887"/>
<String CONTENT="Grolier" HEIGHT="55" WIDTH="229" VPOS="2994" HPOS="1912"/>
<SP HEIGHT="33" WIDTH="26" VPOS="3015" HPOS="2142"/>
<String CONTENT="society" HEIGHT="75" WIDTH="211" VPOS="2990" HPOS="2169"/>
</TextLine>
<TextLine HEIGHT="63" WIDTH="192" VPOS="3078" HPOS="383" STYLEREFS="StyleId-735C2767-D7B8-4966-AE4C-E13D1EB9EDAD-" CS="1">
<String CONTENT="[" HEIGHT="33" WIDTH="11" VPOS="3108" HPOS="383"/>
<String STYLE="superscript" CS="1" CONTENT="&#7580;1"/>
<String CONTENT="929]" HEIGHT="62" WIDTH="118" VPOS="3078" HPOS="457"/>
</TextLine>
<TextLine HEIGHT="50" WIDTH="1219" VPOS="3155" HPOS="445" CS="1">
<String CONTENT="384" HEIGHT="40" WIDTH="85" VPOS="3157" HPOS="445"/>
<SP HEIGHT="47" WIDTH="27" VPOS="3158" HPOS="531"/>
<String CONTENT="p." HEIGHT="37" WIDTH="43" VPOS="3168" HPOS="559"/>
<SP HEIGHT="29" WIDTH="56" VPOS="3168" HPOS="603"/>
<String CONTENT="col." HEIGHT="39" WIDTH="86" VPOS="3158" HPOS="660"/>
<SP HEIGHT="41" WIDTH="27" VPOS="3156" HPOS="747"/>
<String CONTENT="front.," HEIGHT="43" WIDTH="164" VPOS="3156" HPOS="775"/>
<SP HEIGHT="43" WIDTH="30" VPOS="3156" HPOS="940"/>
<String CONTENT="illus.," HEIGHT="45" WIDTH="142" VPOS="3156" HPOS="971"/>
<SP HEIGHT="36" WIDTH="29" VPOS="3167" HPOS="1114"/>
<String CONTENT="ports.," HEIGHT="45" WIDTH="163" VPOS="3158" HPOS="1144"/>
<SP HEIGHT="32" WIDTH="30" VPOS="3166" HPOS="1308"/>
<String CONTENT="maps." HEIGHT="37" WIDTH="151" VPOS="3166" HPOS="1339"/>
<SP HEIGHT="40" WIDTH="56" VPOS="3155" HPOS="1491"/>
<String CS="1" CONTENT="25&#7580;&#7504;." HEIGHT="40" WIDTH="116" VPOS="3155" HPOS="1548"/>
</TextLine>
<TextLine HEIGHT="52" WIDTH="1997" VPOS="3209" HPOS="381" CS="1">
<String CONTENT="&#169;" HEIGHT="52" WIDTH="51" VPOS="3209" HPOS="381"/>
<SP HEIGHT="52" WIDTH="26" VPOS="3209" HPOS="433"/>
<String CONTENT="Mar." HEIGHT="38" WIDTH="121" VPOS="3215" HPOS="460"/>
<SP HEIGHT="38" WIDTH="26" VPOS="3215" HPOS="582"/>
<String CONTENT="7," HEIGHT="44" WIDTH="39" VPOS="3215" HPOS="609"/>
<SP HEIGHT="45" WIDTH="25" VPOS="3214" HPOS="649"/>
<String CS="1" CONTENT="1929;" HEIGHT="40" WIDTH="114" VPOS="3213" HPOS="675"/>
<SP HEIGHT="40" WIDTH="28" VPOS="3214" HPOS="816"/>
<String CONTENT="2c." HEIGHT="39" WIDTH="66" VPOS="3214" HPOS="845"/>
<SP HEIGHT="38" WIDTH="28" VPOS="3215" HPOS="912"/>
<String CONTENT="Mar." HEIGHT="38" WIDTH="121" VPOS="3215" HPOS="941"/>
<SP HEIGHT="38" WIDTH="26" VPOS="3215" HPOS="1063"/>
<String CONTENT="15;" HEIGHT="45" WIDTH="81" VPOS="3213" HPOS="1090"/>
<SP HEIGHT="35" WIDTH="29" VPOS="3223" HPOS="1172"/>
<String CONTENT="aff." HEIGHT="41" WIDTH="82" VPOS="3212" HPOS="1202"/>
<SP HEIGHT="39" WIDTH="27" VPOS="3214" HPOS="1285"/>
<String CONTENT="Mar." HEIGHT="39" WIDTH="121" VPOS="3214" HPOS="1313"/>
<SP HEIGHT="40" WIDTH="27" VPOS="3213" HPOS="1435"/>
<String CONTENT="16;" HEIGHT="48" WIDTH="82" VPOS="3211" HPOS="1463"/>
<SP HEIGHT="46" WIDTH="29" VPOS="3213" HPOS="1546"/>
<!-- cceid 8EC56CB9-6CFA-1014-9C3C-CEA95E7AA542 --><String CONTENT="A" HEIGHT="38" WIDTH="40" VPOS="3213" HPOS="1576"/>
<SP HEIGHT="40" WIDTH="25" VPOS="3212" HPOS="1617"/>
<String CS="1" CONTENT="6002;" HEIGHT="40" WIDTH="113" VPOS="3212" HPOS="1643"/>
<SP HEIGHT="42" WIDTH="30" VPOS="3212" HPOS="1785"/>
<String CONTENT="Grolier" HEIGHT="41" WIDTH="190" VPOS="3212" HPOS="1816"/>
<SP HEIGHT="29" WIDTH="27" VPOS="3224" HPOS="2007"/>
<String CONTENT="society," HEIGHT="47" WIDTH="195" VPOS="3212" HPOS="2035"/>
<SP HEIGHT="45" WIDTH="28" VPOS="3213" HPOS="2231"/>
<String CONTENT="New" HEIGHT="40" WIDTH="118" VPOS="3213" HPOS="2260"/>
</TextLine>
<TextLine HEIGHT="40" WIDTH="144" VPOS="3270" HPOS="447">
<String CONTENT="York." HEIGHT="40" WIDTH="144" VPOS="3270" HPOS="447"/>
</TextLine>
<TextLine HEIGHT="64" WIDTH="1323" VPOS="3363" HPOS="377" STYLEREFS="StyleId-735C2767-D7B8-4966-AE4C-E13D1EB9EDAD-">
<String CONTENT="Meredith," HEIGHT="63" WIDTH="314" VPOS="3363" HPOS="377"/>
<SP HEIGHT="62" WIDTH="33" VPOS="3364" HPOS="692"/>
<String CONTENT="James" HEIGHT="53" WIDTH="204" VPOS="3364" HPOS="726"/>
<SP HEIGHT="52" WIDTH="33" VPOS="3365" HPOS="931"/>
<String CONTENT="Edwin," HEIGHT="63" WIDTH="226" VPOS="3364" HPOS="965"/>
<SP HEIGHT="56" WIDTH="37" VPOS="3371" HPOS="1192"/>
<String CONTENT="1891-" HEIGHT="50" WIDTH="171" VPOS="3369" HPOS="1230"/>
<SP HEIGHT="35" WIDTH="214" VPOS="3382" HPOS="1402"/>
<String CONTENT="ed." HEIGHT="52" WIDTH="83" VPOS="3365" HPOS="1617"/>
</TextLine>
<TextLine HEIGHT="71" WIDTH="1863" VPOS="3441" HPOS="507" STYLEREFS="StyleId-735C2767-D7B8-4966-AE4C-E13D1EB9EDAD-" CS="1">
<String CS="1" CONTENT="&#8230;"/>
<SP HEIGHT="52" WIDTH="26" VPOS="3443" HPOS="507"/>
<String CONTENT="Middle" HEIGHT="53" WIDTH="225" VPOS="3443" HPOS="534"/>
<SP HEIGHT="52" WIDTH="23" VPOS="3444" HPOS="760"/>
<String CONTENT="distance" HEIGHT="52" WIDTH="253" VPOS="3444" HPOS="784"/>
<SP HEIGHT="33" WIDTH="24" VPOS="3463" HPOS="1038"/>
<String CONTENT="and" HEIGHT="51" WIDTH="109" VPOS="3445" HPOS="1063"/>
<SP HEIGHT="51" WIDTH="27" VPOS="3445" HPOS="1173"/>
<String CONTENT="relay" HEIGHT="66" WIDTH="158" VPOS="3445" HPOS="1201"/>
<SP HEIGHT="49" WIDTH="23" VPOS="3462" HPOS="1360"/>
<String CONTENT="racing," HEIGHT="67" WIDTH="217" VPOS="3444" HPOS="1384"/>
<SP HEIGHT="50" WIDTH="22" VPOS="3461" HPOS="1602"/>
<String CONTENT="edited" HEIGHT="54" WIDTH="190" VPOS="3442" HPOS="1625"/>
<SP HEIGHT="53" WIDTH="24" VPOS="3443" HPOS="1816"/>
<String CONTENT="by" HEIGHT="69" WIDTH="76" VPOS="3443" HPOS="1841"/>
<SP HEIGHT="69" WIDTH="22" VPOS="3443" HPOS="1918"/>
<String CONTENT="J." HEIGHT="54" WIDTH="56" VPOS="3443" HPOS="1941"/>
<SP HEIGHT="52" WIDTH="27" VPOS="3443" HPOS="1998"/>
<String CONTENT="E." HEIGHT="51" WIDTH="65" VPOS="3443" HPOS="2026"/>
<SP HEIGHT="68" WIDTH="31" VPOS="3441" HPOS="2092"/>
<String CONTENT="(&#8220;Ted&#8221;)" HEIGHT="68" WIDTH="246" VPOS="3441" HPOS="2124"/>
</TextLine>
<TextLine HEIGHT="71" WIDTH="2005" VPOS="3518" HPOS="375" STYLEREFS="StyleId-735C2767-D7B8-4966-AE4C-E13D1EB9EDAD-" CS="1">
<String CONTENT="Meredith" HEIGHT="54" WIDTH="285" VPOS="3520" HPOS="375"/>
<SP HEIGHT="50" WIDTH="44" VPOS="3523" HPOS="661"/>
<String CS="1" CONTENT="&#8230;"/>
<SP HEIGHT="33" WIDTH="42" VPOS="3541" HPOS="762"/>
<String CONTENT="with" HEIGHT="52" WIDTH="140" VPOS="3522" HPOS="805"/>
<SP HEIGHT="52" WIDTH="35" VPOS="3522" HPOS="946"/>
<String CONTENT="a" HEIGHT="32" WIDTH="31" VPOS="3542" HPOS="982"/>
<SP HEIGHT="33" WIDTH="35" VPOS="3542" HPOS="1014"/>
<String CONTENT="special" HEIGHT="69" WIDTH="211" VPOS="3520" HPOS="1050"/>
<SP HEIGHT="51" WIDTH="34" VPOS="3523" HPOS="1262"/>
<String CONTENT="article" HEIGHT="54" WIDTH="198" VPOS="3520" HPOS="1297"/>
<SP HEIGHT="35" WIDTH="34" VPOS="3538" HPOS="1496"/>
<String CONTENT="on" HEIGHT="35" WIDTH="71" VPOS="3538" HPOS="1531"/>
<SP HEIGHT="33" WIDTH="35" VPOS="3540" HPOS="1603"/>
<String CONTENT="relay" HEIGHT="68" WIDTH="156" VPOS="3520" HPOS="1639"/>
<SP HEIGHT="50" WIDTH="38" VPOS="3538" HPOS="1796"/>
<String CONTENT="racing" HEIGHT="71" WIDTH="200" VPOS="3518" HPOS="1835"/>
<SP HEIGHT="69" WIDTH="32" VPOS="3520" HPOS="2036"/>
<String CONTENT="by" HEIGHT="69" WIDTH="75" VPOS="3520" HPOS="2069"/>
<SP HEIGHT="69" WIDTH="36" VPOS="3520" HPOS="2145"/>
<String CONTENT="Harry" HEIGHT="69" WIDTH="198" VPOS="3520" HPOS="2182"/>
</TextLine>
<TextLine HEIGHT="151" WIDTH="1980" VPOS="3595" HPOS="376" STYLEREFS="StyleId-735C2767-D7B8-4966-AE4C-E13D1EB9EDAD-" CS="1">
<String CONTENT="Hillman" HEIGHT="53" WIDTH="263" VPOS="3599" HPOS="376"/>
<SP HEIGHT="32" WIDTH="56" VPOS="3619" HPOS="640"/>
<String CS="1" CONTENT="&#8230;"/>
<SP HEIGHT="51" WIDTH="78" VPOS="3600" HPOS="753"/>
<String CONTENT="New" HEIGHT="51" WIDTH="139" VPOS="3600" HPOS="832"/>
<SP HEIGHT="51" WIDTH="52" VPOS="3600" HPOS="972"/>
<String CONTENT="York," HEIGHT="59" WIDTH="179" VPOS="3600" HPOS="1025"/>
<SP HEIGHT="60" WIDTH="48" VPOS="3599" HPOS="1205"/>
<String CONTENT="American" HEIGHT="53" WIDTH="305" VPOS="3598" HPOS="1254"/>
<SP HEIGHT="34" WIDTH="49" VPOS="3617" HPOS="1560"/>
<String CONTENT="sports" HEIGHT="62" WIDTH="189" VPOS="3604" HPOS="1610"/>
<SP HEIGHT="49" WIDTH="48" VPOS="3618" HPOS="1800"/>
<String CONTENT="publishing" HEIGHT="72" WIDTH="337" VPOS="3595" HPOS="1849"/>
<SP HEIGHT="50" WIDTH="46" VPOS="3616" HPOS="2187"/>
<String CONTENT="company" HEIGHT="131" WIDTH="1980" VPOS="3615" HPOS="376"/>
<SP HEIGHT="49" WIDTH="33" VPOS="3697" HPOS="530"/>
<String CS="1" CONTENT="["/>
<String STYLE="superscript" CS="1" CONTENT="c1" HEIGHT="20" WIDTH="18" VPOS="3684" HPOS="581"/>
<String CONTENT="929]" HEIGHT="64" WIDTH="117" VPOS="3681" HPOS="638"/>
</TextLine>
<TextLine HEIGHT="52" WIDTH="1933" VPOS="3755" HPOS="447" CS="1">
<String CONTENT="265" HEIGHT="41" WIDTH="86" VPOS="3758" HPOS="447"/>
<SP HEIGHT="49" WIDTH="39" VPOS="3758" HPOS="534"/>
<String CONTENT="p." HEIGHT="37" WIDTH="43" VPOS="3770" HPOS="574"/>
<SP HEIGHT="40" WIDTH="58" VPOS="3759" HPOS="618"/>
<String CS="1" CONTENT="front." HEIGHT="39" WIDTH="137" VPOS="3759" HPOS="677"/>
<SP HEIGHT="47" WIDTH="27" VPOS="3759" HPOS="828"/>
<String CONTENT="(port.)" HEIGHT="48" WIDTH="172" VPOS="3758" HPOS="856"/>
<SP HEIGHT="48" WIDTH="49" VPOS="3758" HPOS="1029"/>
<String CONTENT="illus." HEIGHT="40" WIDTH="129" VPOS="3758" HPOS="1079"/>
<SP HEIGHT="40" WIDTH="58" VPOS="3758" HPOS="1209"/>
<String CS="1" CONTENT="17&#7580;&#7504;." HEIGHT="40" WIDTH="117" VPOS="3758" HPOS="1268"/>
<SP HEIGHT="48" WIDTH="68" VPOS="3757" HPOS="1386"/>
<String CONTENT="(Spalding" HEIGHT="48" WIDTH="262" VPOS="3757" HPOS="1455"/>
<SP HEIGHT="45" WIDTH="38" VPOS="3760" HPOS="1718"/>
<String CONTENT="track" HEIGHT="41" WIDTH="141" VPOS="3757" HPOS="1757"/>
<SP HEIGHT="39" WIDTH="39" VPOS="3757" HPOS="1899"/>
<String CONTENT="and" HEIGHT="38" WIDTH="95" VPOS="3758" HPOS="1939"/>
<SP HEIGHT="40" WIDTH="41" VPOS="3756" HPOS="2035"/>
<String CONTENT="field" HEIGHT="40" WIDTH="111" VPOS="3756" HPOS="2077"/>
<SP HEIGHT="39" WIDTH="39" VPOS="3757" HPOS="2189"/>
<String CONTENT="series" HEIGHT="42" WIDTH="151" VPOS="3755" HPOS="2229"/>
</TextLine>
<TextLine HEIGHT="48" WIDTH="872" VPOS="3815" HPOS="377">
<String CONTENT="of" HEIGHT="39" WIDTH="50" VPOS="3816" HPOS="377"/>
<SP HEIGHT="40" WIDTH="23" VPOS="3816" HPOS="428"/>
<String CONTENT="athletic" HEIGHT="41" WIDTH="204" VPOS="3816" HPOS="452"/>
<SP HEIGHT="38" WIDTH="23" VPOS="3818" HPOS="657"/>
<String CONTENT="textbooks," HEIGHT="43" WIDTH="270" VPOS="3816" HPOS="681"/>
<SP HEIGHT="33" WIDTH="24" VPOS="3826" HPOS="952"/>
<String CONTENT="no." HEIGHT="30" WIDTH="76" VPOS="3826" HPOS="977"/>
<SP HEIGHT="40" WIDTH="25" VPOS="3815" HPOS="1054"/>
<String CONTENT="502" HEIGHT="40" WIDTH="84" VPOS="3815" HPOS="1080"/>
<SP HEIGHT="39" WIDTH="17" VPOS="3815" HPOS="1165"/>
<String CONTENT="B)" HEIGHT="48" WIDTH="66" VPOS="3815" HPOS="1183"/>
</TextLine>
<TextLine HEIGHT="50" WIDTH="1319" VPOS="3870" HPOS="448">
<String CONTENT="On" HEIGHT="40" WIDTH="72" VPOS="3874" HPOS="448"/>
<SP HEIGHT="29" WIDTH="24" VPOS="3884" HPOS="521"/>
<String CONTENT="cover:" HEIGHT="29" WIDTH="167" VPOS="3884" HPOS="546"/>
<SP HEIGHT="40" WIDTH="30" VPOS="3873" HPOS="714"/>
<String CONTENT="Spalding&#8217;s" HEIGHT="48" WIDTH="274" VPOS="3872" HPOS="745"/>
<SP HEIGHT="29" WIDTH="26" VPOS="3882" HPOS="1020"/>
<String CONTENT="athletic" HEIGHT="40" WIDTH="204" VPOS="3872" HPOS="1047"/>
<SP HEIGHT="39" WIDTH="25" VPOS="3873" HPOS="1252"/>
<String CONTENT="library," HEIGHT="46" WIDTH="199" VPOS="3871" HPOS="1278"/>
<SP HEIGHT="35" WIDTH="26" VPOS="3882" HPOS="1478"/>
<String CONTENT="no." HEIGHT="30" WIDTH="76" VPOS="3881" HPOS="1505"/>
<SP HEIGHT="41" WIDTH="27" VPOS="3870" HPOS="1582"/>
<String CONTENT="502" HEIGHT="41" WIDTH="84" VPOS="3870" HPOS="1610"/>
<SP HEIGHT="39" WIDTH="16" VPOS="3871" HPOS="1695"/>
<String CONTENT="B." HEIGHT="39" WIDTH="55" VPOS="3872" HPOS="1712"/>
</TextLine>
<TextLine HEIGHT="53" WIDTH="1941" VPOS="3926" HPOS="381" CS="1">
<String CONTENT="&#169;" HEIGHT="52" WIDTH="51" VPOS="3927" HPOS="381"/>
<SP HEIGHT="52" WIDTH="26" VPOS="3927" HPOS="433"/>
<String CONTENT="Mar." HEIGHT="39" WIDTH="122" VPOS="3932" HPOS="460"/>
<SP/>
<String CS="1" CONTENT="l."/>
<SP HEIGHT="40" WIDTH="26" VPOS="3932" HPOS="648"/>
<String CS="1" CONTENT="1929;" HEIGHT="40" WIDTH="114" VPOS="3930" HPOS="675"/>
<SP HEIGHT="40" WIDTH="27" VPOS="3931" HPOS="817"/>
<String CONTENT="2c." HEIGHT="39" WIDTH="68" VPOS="3931" HPOS="845"/>
<SP HEIGHT="29" WIDTH="25" VPOS="3940" HPOS="914"/>
<String CONTENT="and" HEIGHT="38" WIDTH="95" VPOS="3931" HPOS="940"/>
<SP HEIGHT="38" WIDTH="26" VPOS="3931" HPOS="1036"/>
<String CONTENT="aff." HEIGHT="40" WIDTH="82" VPOS="3929" HPOS="1063"/>
<SP HEIGHT="39" WIDTH="26" VPOS="3930" HPOS="1146"/>
<String CONTENT="Mar." HEIGHT="39" WIDTH="122" VPOS="3930" HPOS="1173"/>
<SP HEIGHT="40" WIDTH="26" VPOS="3929" HPOS="1296"/>
<String CONTENT="5;" HEIGHT="46" WIDTH="51" VPOS="3929" HPOS="1323"/>
<SP HEIGHT="47" WIDTH="27" VPOS="3928" HPOS="1375"/>
<!-- cceid 8EC689CC-6CFA-1014-9C3C-CEA95E7AA542 --><String CONTENT="A" HEIGHT="39" WIDTH="43" VPOS="3928" HPOS="1403"/>
<SP HEIGHT="39" WIDTH="21" VPOS="3928" HPOS="1447"/>
<String CONTENT="4672;" HEIGHT="47" WIDTH="142" VPOS="3927" HPOS="1469"/>
<SP HEIGHT="46" WIDTH="29" VPOS="3928" HPOS="1612"/>
<String CONTENT="American" HEIGHT="41" WIDTH="259" VPOS="3927" HPOS="1642"/>
<SP HEIGHT="29" WIDTH="25" VPOS="3938" HPOS="1902"/>
<String CONTENT="sports" HEIGHT="47" WIDTH="161" VPOS="3928" HPOS="1928"/>
<SP HEIGHT="38" WIDTH="25" VPOS="3937" HPOS="2090"/>
<String CONTENT="pub." HEIGHT="49" WIDTH="110" VPOS="3926" HPOS="2116"/>
<SP HEIGHT="29" WIDTH="26" VPOS="3937" HPOS="2227"/>
<String CONTENT="co." HEIGHT="29" WIDTH="68" VPOS="3936" HPOS="2254"/>
</TextLine>
<TextLine HEIGHT="49" WIDTH="251" VPOS="3986" HPOS="457">
<String CONTENT="(29-6529)" HEIGHT="49" WIDTH="251" VPOS="3986" HPOS="457"/>
</TextLine>
</TextBlock>
</PrintSpace>
</Page>
</Layout>
</alto>