2512 4377
1309 3993 100 51 156

344 350 266 64 Bulkley,
644 350 220 54 Lucius
895 351 265 63 Duncan,
1197 354 327 50 1845-1928.

412 430 132 52 End
571 431 204 52 results
801 430 64 53 of
891 431 96 51 the
1014 429 241 53 medical
1280 434 307 48 treatment
1612 427 65 55 of
1702 446 214 52 cancer,
1943 429 140 53 with
2114 449 31 33 a
2172 430 171 69 study

342 507 65 54 of
443 509 240 66 upward
722 507 63 53 of
822 507 158 69 eight
1015 508 264 52 hundred
1319 525 150 35 cases
1506 507 60 52 in
1604 505 225 69 private
1865 506 266 69 practice,
2167 506 75 69 by
2279 507 65 52 L.

342 585 1794 70 Duncan Bulkley … [New York] L. D. Bulkley [ ᶜ1 928]
445 666 1125 49 x p., 1 l.. 490 p. front. (port.) diagr. 23½ᶜᵐ.
414 738 350 47 Bibliography:
820 749 44 37 p.
893 736 218 42 134-139.

349 804 52 53 ©
433 810 112 40 Dec.
575 809 69 47 24,
677 808 141 47 1928;
852 808 66 41 2c.
952 809 111 40 Dec.
1096 808 82 47 27;
1214 807 82 41 aff.
1329 808 112 40 Dec.
1472 807 82 47 28;
1589 808 41 39 A
1660 807 141 48 4260;
1838 808 199 40 Nathan
2068 808 54 39 A.
2160 807 183 49 Smyth,

416 867 230 39 executor
675 865 53 40 of
756 865 83 42 the
869 867 157 38 estate
1057 864 51 40 of
1137 865 51 40 L.
1220 864 206 40 Duncan
1456 864 221 48 Bulkley,
1709 865 305 47 Englewood.
2046 864 55 39 N.
2134 865 43 40 J.

427 921 252 49 (29-4428)

344 1016 261 64 Bullock,
635 1016 275 53 Edmund
937 1017 258 63 Rayner,
1228 1016 171 55 1879-

416 1094 1873 70 Chemical reactions of the photographic latent image …
343 1173 1983 147 by E. R. Bullock … New York city, D. Van Nostrand company;
563 1251 327 67 Rochester,
919 1251 70 53 N.
1020 1251 92 66 Y.,
1141 1251 279 52 Eastman
1449 1250 192 53 kodak
1670 1268 299 51 company,
2002 1249 150 54 1927.

417 1332 1932 51 184 p. illus., diagrs. 22 ᶜᵐ. (Half-title: Monographs on the theory
346 1392 52 40 of
427 1391 338 49 photography
793 1390 129 41 from
954 1390 81 41 the
1067 1390 175 41 Kodak
1275 1391 225 39 research
1531 1389 338 48 laboratories,
1902 1400 75 30 no.
2010 1388 52 48 6)

417 1462 351 49 Bibliography:
823 1474 42 29 v.
895 1462 41 47 1,
963 1474 44 37 p.
1034 1461 219 43 153-158.

351 1531 52 52 ©
432 1536 119 39 Nov.
580 1534 70 49 28,
680 1534 117 41 1928;
853 1534 67 40 2c.
951 1535 95 38 and
1077 1532 82 43 aff.
1189 1533 111 41 Feb.
1329 1533 41 48 4,
1401 1532 141 47 1929;
1574 1532 40 40 A
1647 1532 141 43 5090;
1822 1534 236 38 Eastman
2090 1532 161 40 kodak
2281 1542 67 31 co.

429 1590 252 50 (29-4330)

346 1684 566 66 Bunnelle-Steiger,
947 1684 144 55 Otto
1122 1685 60 53 M
1471 1684 89 56 de.

347 1762 1981 151 Démasque … by Otto M. de Bunnelle-Steiger. Los Angeles,
545 1843 838 67 Calif., P. W. Holte [ ᶜ1 928]
416 1925 288 49 298 p. 20 ᶜᵐ.
352 1978 52 52 ©
431 1983 113 40 Dec.
573 1983 39 46 7,
641 1982 141 46 1928;
813 1982 66 40 2c.
909 1983 93 39 and
1033 1981 83 40 aff.
1144 1982 112 40 Dec.
1284 1982 82 46 19;
1398 1982 40 38 A
1464 1982 142 46 4374;
1640 1981 52 41 O.
1722 1983 62 39 M.
1815 1983 57 37 de
1902 1980 448 44 Bunnelle-Steiger

420 2043 36 40 &
485 2040 51 39 P.
565 2040 72 40 W.
668 2040 160 46 Holte,
859 2039 94 40 Los
981 2038 222 49 Angeles.
1272 2038 252 48 (29-3968)

347 2133 226 65 Butler,
607 2132 193 54 Alban
833 2132 287 65 Bernard,
1159 2138 171 50 1891-

420 2211 256 69 “Happy
708 2210 211 70 days!”
993 2210 55 53 A
1078 2212 310 52 humorous
1419 2210 293 54 narrative
1743 2209 62 54 in
1836 2209 291 70 drawings
2161 2209 64 54 of
2257 2211 96 53 the

352 2307 263 51 progress
650 2288 63 53 of
746 2289 308 53 American
1090 2308 168 48 arms,
1295 2288 328 69 1917-1919,
1656 2289 77 69 by
1769 2288 251 69 Captain
2055 2288 194 54 Alban
2286 2290 66 51 B.

351 2366 1977 146 Butler, jr. … Washington, D. C., Society of the First division,
519 2444 71 53 A.
622 2445 67 52 E.
718 2446 85 66 F.,
832 2447 151 51 1928.

422 2525 1003 49 xvii, 94 p., 1 l. incl. front., illus. 31½ᶜᵐ.
423 2584 289 39 Illustrated
747 2581 365 50 lining-papers.

426 2639 1792 49 “Two thousand copies of this first edition … have been printed.”
423 2696 101 40 The
555 2695 193 48 Society
777 2697 51 39 of
857 2697 81 39 the
968 2696 133 41 First
1131 2696 225 48 division,
1385 2697 54 40 A.
1472 2697 52 40 E.
1555 2697 67 46 F.,
1652 2697 90 40 has
1772 2698 231 40 collected
2035 2698 136 40 these
355 2698 1983 102 drawings

496 2753 95 39 and
626 2752 238 43 sketches,
897 2763 130 30 some
1062 2753 52 40 of
1146 2753 161 41 which
1340 2753 262 48 originally
1635 2755 243 47 appeared
1912 2753 50 41 in
1999 2755 81 39 the
2117 2754 239 41 Observer

357 2809 90 39 and
482 2809 82 40 the
597 2809 308 48 Bridgehead
938 2808 223 43 sentinel,
1195 2810 94 39 and
1324 2810 89 40 has
1447 2811 177 39 chosen
1658 2812 83 38 the
1775 2811 138 40 tenth
1950 2810 322 48 anniversary
2304 2810 54 40 of

357 2866 80 40 the
463 2865 260 42 Armistice
750 2877 55 30 as
833 2867 82 40 the
941 2865 165 47 fitting
1131 2865 116 42 time
1275 2869 49 38 to
1352 2866 194 49 publish
1574 2867 145 41 them.
1781 2867 62 49 cf.
1871 2867 185 42 Introd.

357 2919 52 52 ©
438 2924 113 40 Dec.
577 2924 71 48 20,
677 2924 140 41 1928:
848 2925 67 40 2c.
945 2925 96 39 and
1069 2924 82 42 aff.
1181 2925 109 40 Jan.
1319 2925 26 39 5,
1388 2924 142 43 1929:
1561 2925 38 39 A
1631 2925 141 47 2636;
1807 2925 191 48 Society
2028 2925 51 41 of
2109 2926 82 40 the
2221 2925 133 40 First

423 2980 224 44 division,
676 2981 53 38 A.
759 2982 53 39 E.
841 2981 66 48 F.,
937 2980 283 41 Baltimore.
1287 2981 253 49 (29-3984)

357 3075 344 54 California.
770 3076 246 53 District
1052 3083 186 46 courts
1274 3077 63 68 of
1368 3078 222 67 appeal.

425 3152 1931 69 Reports of cases determined … From June 15, 1927, to
355 3229 229 69 August
625 3234 47 59 8,
714 3230 149 54 1927.
939 3232 310 67 Randolph
1290 3233 70 53 V.
1401 3232 286 68 Whiting,
1729 3237 274 63 reporter,
2043 3232 205 68 Henry
2289 3232 65 52 F.

352 3306 280 71 Wrigley,
671 3308 262 54 William
974 3310 64 51 F.
1082 3310 298 67 Traverso,
1423 3309 138 55 Seth
1606 3311 66 51 E.
1715 3311 205 67 Tracy,
1961 3310 270 53 assistant
355 3329 1976 125 reporters.

668 3406 50 31 v.
757 3390 81 50 84.
915 3386 116 55 San
1069 3387 324 68 Francisco,
1431 3387 588 55 Bancroft-Whitney
2057 3406 299 51 company,

356 3466 150 49 1929.

425 3546 458 48 xxxii, 907 p. 22½ ᶜᵐ.
360 3597 51 52 ©
440 3603 111 40 Jan.
578 3602 70 48 29,
678 3602 141 48 1929;
851 3604 67 41 2c.
950 3604 112 40 Feb.
1091 3606 26 38 7;
1176 3603 82 41 aff.
1291 3604 110 41 Feb.
1434 3606 26 39 5;
1520 3605 40 39 A
1589 3604 142 46 4341;
1765 3604 489 47 Bancroft-Whitney
2285 3615 67 30 co.

358 3709 332 65 Cartledge,
723 3711 225 54 Grover
979 3713 275 64 Howard,
1292 3719 170 49 1891-

427 3787 1863 74 Introductory theoretical chemistry, by G. H. Cartledge …
358 3866 1662 75 Boston, New York [etc.] Ginn and company [ ᶜ1 929]
