2542 4389
1097 4007 102 54 927

255 444 1378 52 x p., 1 l., 205 p. plates, 2 port. (incl. front.) 22½ ᶜᵐ .
154 512 52 52 ©
234 517 114 47 May
374 517 69 47 17,
471 516 113 40 1929;
639 517 68 41 2c.
735 518 114 48 May
874 517 83 49 20;
987 518 82 42 aff.
1096 520 114 47 May
1237 519 82 47 18;
1349 519 42 39 A
1416 518 142 48 9173;
1588 519 263 48 Houghton
1880 518 168 41 Mifflin
2074 530 68 31 co.

233 572 280 49 (29-13401)

154 667 223 65 Walsh,
407 667 202 54 James
638 669 240 65 Joseph,
912 675 171 51 1865-

219 744 1929 72 The history of nursing, by James J. Walsh … New York,
149 822 883 70 P. J. Kenedy & sons [ ᶜ1 929]
221 904 492 50 xxi, 293 p. 20½ ᶜᵐ .
154 973 52 52 ©
230 977 128 41 June
380 977 68 47 15,
473 977 114 41 1929;
639 978 68 42 2c.
730 978 128 42 June
880 979 82 48 18;
988 978 82 43 aff.
1096 979 125 41 June
1244 979 58 41 19;
1355 979 42 39 A
1420 979 114 40 9784;
1588 980 51 40 P.
1664 980 44 40 J.
1731 979 202 49 Kenedy
1957 979 39 40 &
2017 989 128 31 sons.

233 1034 281 42 (29-13377)

154 1128 271 64 Weberg,
458 1128 199 53 Frank
687 1128 165 65 Paul,
887 1133 169 51 1902-

222 1205 1922 71 The background of the panic of 1893 … by Frank P.
150 1282 263 70 Weberg,
480 1326 10 9 A.
575 1327 10 9 M.
658 1284 404 69 Washington,
1086 1285 72 53 D.
1190 1284 81 68 C.,
1298 1284 123 54 The
1448 1285 262 54 Catholic
1736 1285 317 68 university
2082 1285 65 53 of

151 1359 285 69 America,
470 1363 149 51 1929.

218 1442 27 41 3
275 1453 45 38 p.
385 1473 9 18 l.,
425 1443 55 40 71
511 1453 44 38 p.
613 1442 147 42 21½ᶜᵐ.

222 1511 174 42 Thesis
432 1513 14 48 (PH.
620 1511 308 49 D.)—Catholic
956 1513 272 49 university
1256 1514 53 41 of
1335 1513 237 50 America,
1603 1514 128 42 1929.

219 1567 131 43 Vita.

219 1624 377 48 Bibliography:
627 1635 46 38 p.
703 1624 158 42 66-70.

153 1689 51 53 ©
238 1694 125 41 June
395 1695 68 46 31,
497 1694 142 47 1929;
671 1695 68 40 2c.
772 1695 96 40 and
899 1695 83 40 aff.
1015 1695 127 41 June
1172 1696 82 47 15;
1288 1696 42 39 A
1361 1696 141 47 8724;
1538 1696 53 41 F.
1623 1696 51 41 P.
1706 1696 219 49 Weberg,
1961 1695 181 50 Salina,

221 1751 125 41 Kan.
417 1751 280 49 (29-13319)

153 1845 372 65 Whitehead,
560 1846 250 63 Clayton
843 1847 39 54 S
1170 1849 170 53 1879-

224 1923 232 53 Ethical
480 1943 94 34 sex
598 1924 273 54 relations;
928 1943 81 50 or,
1034 1925 121 53 The
1179 1943 123 35 new
1328 1924 261 70 eugenics;
1646 1947 31 33 a
1704 1923 123 55 safe
1852 1925 174 69 guide
2052 1925 94 53 for

153 2002 1995 72 young men—young women, by C. S. Whitehead … and Charles
151 2079 1971 131 A. Hoff … Part II. Home doctor; or, Parents’ medical counselor.
379 2157 1562 71 Chicago, Toronto, The John A. Hertel co. [ ᶜ1 929 ]
220 2240 1456 51 2 p. l., vi, 7-338, [v]-vii, [1], [13]-295 p. illus. 20½ ᶜᵐ .
222 2310 119 41 Part
367 2319 41 30 ii
432 2311 61 47 by
518 2310 43 41 J.
589 2311 45 41 J.
663 2310 122 42 Stoll
812 2312 95 39 and
935 2310 203 42 Charles
1164 2309 56 41 A.
1246 2310 132 41 Hoff.

153 2376 51 53 ©
233 2381 128 40 June
386 2382 69 47 13,
483 2381 141 48 1929;
654 2381 67 41 2c.
750 2382 128 40 June
903 2382 82 46 17;
1016 2380 81 41 aff.
1127 2381 126 40 June
1281 2380 83 47 15;
1393 2381 42 39 A
1464 2379 115 41 8747;
1635 2380 128 41 John
1790 2380 56 41 A.
1873 2381 172 39 Hertel
2072 2389 71 32 co.

222 2433 68 55 [©
318 2448 106 30 new
448 2438 200 48 chapter
675 2437 412 50 “Companionate
1112 2437 287 49 marriage”]
1468 2436 279 50 (29-13397)

153 2532 373 66 Whitehead,
550 2533 229 54 Wilbur
808 2532 295 65 Cherrier,
1136 2537 169 50 1866-

220 2610 457 70 Championship
724 2612 203 68 bridge
973 2611 185 53 hands
1204 2609 190 69 <what
1440 2611 97 51 the
1585 2615 225 63 experts
1857 2609 101 54 did
2005 2610 141 52 with

147 2687 2001 71 them !> A complete explanation of both bidding and play at
149 2764 1998 72 auction and contract, by Wilbur C. Whitehead … New York,
149 2847 311 53 Frederick
485 2848 68 52 A.
589 2847 202 56 Stokes
819 2863 298 51 company,
1148 2848 148 50 1929.

218 2926 1423 51 xiii p., 1 l., 120 p. incl. front. (port.) diagrs. 22 ᶜᵐ .
221 3000 68 40 “A
319 3000 224 48 synopsis
573 2999 54 41 of
656 3000 82 40 the
769 3000 122 39 laws
922 2998 53 40 of
1004 2999 220 39 contract
1254 2996 196 48 bridge”
1469 3006 10 30 :
1511 3006 44 38 p.
1590 2995 249 50 [107]-117.

151 3068 52 52 ©
235 3073 126 41 June
421 3072 39 48 13,
493 3071 141 47 1929;
667 3071 67 40 2c.
766 3071 96 39 and
894 3069 83 41 aff.
1009 3070 126 40 June
1167 3069 82 46 17;
1284 3068 42 39 A
1356 3067 141 46 9714;
1532 3066 192 40 Wilbur
1754 3065 49 42 C.
1836 3064 304 49 Whitehead,

217 3130 120 40 New
362 3129 146 40 York.
574 3127 280 50 (29-13221)

151 3223 288 65 Whiting,
470 3223 258 53 Phineas
756 3222 315 62 Westcott,
1104 3221 169 54 1887-

218 3301 55 52 A
306 3300 170 54 series
510 3300 63 54 of
607 3300 159 69 eight
798 3299 163 53 radio
994 3298 152 54 talks
1179 3315 71 35 on
1283 3295 265 68 heredity
1580 3294 112 53 and
1725 3295 213 51 human

148 3293 1971 155 problems (with select bibliography) by P. W. Whiting …
148 3371 1971 155 [Pittsburgh]
389 3459 150 50 1929.

149 3529 1972 113 4 p., 1 l., 5-87 p. 23 ᶜᵐ . (University of Pittsburgh. Radio publication no. 50)
221 3665 298 40 “Broadcast
545 3664 126 40 from
699 3664 81 40 the
807 3662 283 47 University
1114 3661 52 41 of
1190 3659 286 47 Pittsburgh
1502 3657 161 41 studio
1690 3656 52 42 of
1765 3657 199 48 KDKA,
147 3659 1975 110 Westinghouse

416 3720 196 41 electric
649 3721 95 39 and
784 3717 401 48 manufacturing
1223 3725 248 38 company,
1511 3714 299 48 Pittsburgh,
147 3714 1975 104 Pennsylvania.”

219 3834 187 40 “Select
436 3831 365 50 bibliography”
820 3842 10 29 :
864 3842 43 37 p.
940 3830 158 41 81-84.

151 3899 51 53 ©
231 3905 114 46 May
372 3905 68 47 17,
469 3903 117 40 1929;
638 3902 70 41 2c.
738 3902 126 40 June
892 3901 56 40 10;
1006 3899 82 41 aff.
1118 3900 125 38 June
1272 3899 52 46 7;
1356 3897 42 39 A
1426 3896 140 48 8666;
1600 3896 282 50 University
1911 3897 52 41 of
217 3896 1903 113 Pittsburgh.
456 3957 279 52 (29-13383)
