2512 4335
1110 4035 101 60 127

131 387 286 69 [Tickner,
449 381 314 55 Frederick
793 380 222 65 James]
1050 378 84 53 ed.

201 463 227 53 Earlier
478 459 245 70 English
775 459 199 52 drama
1025 453 154 55 from
1227 450 190 55 Robin
1466 449 173 53 Hood
1688 455 59 48 to
1796 446 329 68 Everyman

131 542 189 54 edited
344 540 113 54 and
482 536 283 70 arranged
790 535 93 53 for
908 532 211 70 acting.
1179 528 308 55 American
1512 528 104 66 ed.,
1639 544 115 35 rev.
1777 525 77 69 by
1875 524 251 53 Thomas

130 602 1986 77 Whitfield Baldwin … New York, T. Nelson & sons [ᶜ1929]
268 682 1863 67 xx, 17-304 p. incl. front., illus. 16 ᶜᵐ. (Half-title: Nelson’s English
127 759 177 45 series;
337 757 194 48 general
561 755 171 46 editor,
762 753 53 41 E.
846 749 302 48 Bernbaum)

199 813 331 50 Frontispiece
557 823 59 29 on
640 820 140 31 verso
807 809 51 39 of
885 806 251 42 half-title.

132 868 52 53 ©
216 873 110 40 Jan.
355 872 71 42 26.
456 869 142 47 1929;
630 869 69 40 2c.
730 868 97 40 and
858 865 83 42 aff.
972 866 112 40 Jan.
1113 862 85 48 29;
1230 863 44 39 A
1300 860 144 49 4139;
1477 861 212 38 Thomas
1721 859 180 40 Nelson
1933 862 37 39 &
2002 866 128 31 sons.

210 926 251 51 (29-3195)

128 1023 208 62 Tracy,
370 1019 198 64 Louis,
605 1020 325 52 1863-1928.

207 1084 1927 82 The Lastingham murder, by Louis Tracy … New York,
138 1172 748 68 E. J. Clode, inc. [ ᶜ 1929]
206 1254 302 49 304 p. 19% ᶜᵐ.
135 1310 51 52 ©
216 1314 110 40 Jan.
354 1312 68 48 10,
452 1311 141 47 1929;
623 1312 68 39 2c.
720 1311 95 40 and
845 1308 82 41 aff.
957 1309 112 40 Feb.
1097 1308 52 46 6;
1181 1308 42 38 A
1250 1307 141 41 5153;
1423 1306 212 39 Edward
1666 1305 43 40 J.
1739 1304 160 48 Clode,
1930 1303 90 40 inc.

212 1368 251 50 (29-3429)

132 1463 71 54 U.
233 1463 57 53 S.
355 1463 280 69 Supreme
665 1467 174 47 court.

206 1529 1933 80 Cases argued and decided … October term, 1927, in 275, 276,
135 1609 2004 76 277 U . S. bk. 72. Lawyers’ ed. … by the publishers’ editorial
135 1694 151 54 staff.
353 1694 325 68 Rochester,
709 1694 69 53 N.
812 1694 91 67 Y.,
934 1693 123 52 The
1087 1692 268 69 Lawyers
1387 1689 384 70 co-operative
1806 1686 337 71 publishing

134 1792 299 51 company,
470 1776 150 49 1929.

208 1857 113 39 1144
367 1867 43 37 p.
468 1855 119 40 25ᶜᵐ.

142 1909 51 52 ©
231 1914 109 39 Jan.
377 1911 69 50 21,
484 1912 119 39 1929;
665 1913 67 39 2c.
769 1914 95 38 and
900 1910 82 41 aff.
1020 1910 111 40 Jan.
1168 1908 82 47 23;
1291 1908 39 39 A
1366 1907 142 48 4029;
1550 1906 229 47 Lawyers
1818 1903 324 50 co-operative

207 1970 110 47 pub.
353 1980 67 29 co.

197 2079 237 48 Venegas,
469 2062 240 65 Miguel,
748 2062 345 55 1680-1764?

144 2133 1977 154 Juan Mar í a de Salvatierra of the Company of Jesus; missionary
402 2218 59 53 in
487 2219 96 52 the
608 2218 270 68 province
904 2216 64 55 of
992 2216 139 54 New
1162 2216 200 68 Spain,
1389 2216 113 54 and
1531 2214 278 70 apostolic
1835 2231 311 52 conqueror

146 2295 64 54 of
243 2297 96 52 the
374 2294 373 70 Californias,
781 2295 75 69 by
890 2292 222 72 Miguel
1146 2294 291 69 Venegas;
1476 2292 320 55 translated
1830 2293 122 53 into
146 2293 1976 133 English;

346 2373 190 54 edited
597 2374 112 52 and
769 2373 309 54 annotated
1138 2372 76 70 by
1272 2371 357 71 Marguerite
1688 2370 155 71 Eyer
1900 2370 248 55 Wilbur.

149 2449 329 70 Cleveland,
505 2451 122 53 The
652 2449 227 55 Arthur
904 2451 77 52 H.
1012 2448 178 57 Clark
1218 2468 300 52 company,
1546 2452 151 50 1929.

218 2526 1841 58 350 p. incl. front. (port.) plates, port., double maps, facsims. 24½ ᶜᵐ.
162 2587 300 50 (Half-title:
501 2588 149 48 Spain
688 2588 50 40 in
777 2589 82 40 the
896 2590 135 39 West;
1100 2599 27 29 a
1167 2588 152 41 series
1359 2589 52 40 of
1449 2588 209 48 original
1698 2588 283 41 documents
2020 2586 127 43 from

149 2644 191 48 foreign
367 2644 236 49 archives,
632 2645 92 40 vol.
753 2644 52 49 v)

222 2700 234 42 Contains
481 2701 245 40 facsimile
752 2701 52 41 of
829 2701 210 48 original
1068 2703 112 48 t.-p.,
1209 2701 202 48 Mexico,
1439 2700 129 41 1754.

224 2757 221 48 Original
470 2758 185 40 edition
682 2757 162 42 edited
872 2759 61 47 by
959 2757 184 42 Father
1170 2759 130 39 Juan
1330 2757 211 42 Antonio
1569 2759 57 39 de
1657 2758 195 42 Oviedo.

148 2811 53 52 ©
232 2815 112 40 Jan.
374 2815 70 47 28,
476 2815 119 40 1929;
650 2816 70 41 2c.
751 2815 114 43 Feb.
896 2817 54 46 1;
983 2815 84 42 aff.
1100 2816 112 41 Feb.
1243 2816 55 47 2;
1332 2816 43 39 A
1405 2815 142 48 4194;
1582 2815 188 41 Arthur
1805 2817 60 39 H.
1899 2816 151 41 Clark
2081 2827 68 29 co.

223 2870 252 50 (29-3435)

150 2964 284 65 Voltaire,
462 2965 285 54 François
772 2965 188 54 Marie
987 2965 229 55 Arouet
1244 2967 89 63 de,
1362 2967 326 55 1694-1778.

221 3043 120 53 The
365 3043 251 68 princess
639 3044 64 53 of
727 3044 282 70 Babylon,
1031 3063 32 34 a
1086 3063 280 51 romance,
1389 3044 74 71 by
1488 3045 66 53 F.
1579 3045 72 53 A.
1676 3044 80 55 M.
1780 3046 69 53 de
1871 3044 280 70 Voltaire,

152 3121 316 54 translated
509 3121 153 55 from
697 3122 97 54 the
830 3122 224 54 French
1090 3123 75 71 by
1204 3123 216 54 Robert
1456 3124 213 52 Milton
1709 3123 249 71 Collyer,
151 3122 1976 132 illustrated

370 3200 76 70 by
473 3200 110 54 Lui
613 3200 213 70 Trugo.
901 3201 139 53 New
1071 3201 181 68 York,
1282 3202 121 53 The
1431 3201 114 53 Art
1573 3200 191 56 studio
1792 3220 175 50 press,
2000 3204 150 53 1928.

220 3278 1193 57 5 p. l., clxviii, [1] p. col. front., plates. 24 ᶜᵐ.
222 3340 146 38 “This
399 3337 181 43 edition
611 3339 190 41 limited
833 3342 49 38 to
914 3350 145 30 seven
1091 3341 222 41 hundred
1346 3341 97 41 and
1474 3341 112 48 fifty
1616 3340 175 50 copies.
1856 3342 153 40 Seven
151 3343 1989 93 hundred

313 3395 193 49 printed
554 3407 59 28 on
660 3395 308 43 Strathmore
1013 3399 207 40 saxonet
1263 3397 202 50 antique
1509 3409 163 38 paper,
1721 3399 165 41 deckle
1932 3400 131 47 edge,
2108 3399 49 40 in

150 3453 213 47 14-point
403 3453 314 41 Kenntonian
759 3455 126 48 type,
925 3454 264 42 numbered
1227 3454 131 41 from
1397 3454 223 50 fifty-one
1660 3458 49 39 to
1751 3467 144 30 seven
1937 3457 221 42 hundred

151 3511 95 38 and
275 3510 110 46 fifty
472 3509 23 17 …”
556 3510 118 40 This
705 3511 41 39 is
776 3511 202 40 number
1008 3511 99 42 144.

155 3563 51 53 ©
238 3569 111 39 Jan.
378 3568 69 44 15,
479 3568 140 47 1929;
653 3570 66 39 2c.
752 3569 111 42 Jan.
894 3570 82 46 12;
1011 3569 82 41 aff.
1125 3570 110 41 Jan.
1266 3572 83 40 17;
1383 3570 40 40 A
1455 3571 142 46 2901;
1630 3572 92 41 Art
1753 3572 164 41 studio
1949 3580 150 41 press.

231 3623 252 50 (29-3203)

150 3705 272 62 Wallace,
456 3706 217 64 Edgar.

224 3783 121 52 The
376 3782 411 57 India-rubber
817 3804 145 34 men.
1035 3785 137 55 Dec.
1203 3789 87 65 22,
1324 3788 152 53 1928.

234 3864 82 48 (In
355 3861 263 46 Pearson’s
660 3864 189 53 weekly
893 3864 287 53 magazine)

161 3911 1997 72 © 1c. Feb. 19, 1929; A ad int. 12352; pubd. Dec, 22, 1928; E. Wallace,
225 3980 197 46 London.
