2542 4389
1064 3989 101 50 935

106 351 390 66 Stephenson,
529 353 206 64 Henry
761 354 196 66 Thew,
991 358 170 53 1870-

170 442 1930 73 Narrative writing, by Henry Thew Stephenson … New
103 520 178 67 York,
313 521 122 53 The
467 521 227 54 Ronald
727 541 157 49 press
916 542 282 51 company
1276 527 151 64 [ᶜ1929]

174 604 473 48 vii, 214 p. 19½ ᶜᵐ .
106 671 52 52 ©
184 675 128 40 June
337 675 69 47 18,
433 675 140 47 1929;
603 676 68 40 2c.
697 679 96 38 and
820 677 82 42 aff.
930 678 127 40 June
1081 679 84 47 21;
1193 678 43 40 A
1261 678 141 48 9819;
1433 679 192 42 Ronald
1649 690 138 37 press
1813 691 68 30 co.

183 731 282 49 (29-13440)

106 857 209 52 Texas.
394 858 179 53 Court
603 860 63 67 of
696 860 263 53 criminal
987 862 250 67 appeals.

175 949 1864 71 The Texas criminal reports. Cases argued and adjudged …
106 1027 212 68 during
339 1026 157 68 May,
520 1026 151 54 June
695 1028 112 52 and
833 1027 263 69 October,
1162 1072 9 9 A.
1233 1072 9 9 D.
1271 1031 150 51 1928.
1497 1029 289 68 Reported
1810 1030 76 68 by
1903 1029 89 55 W.
2011 1029 88 56 W.

106 1105 195 52 Nelms.
392 1122 50 34 v.
471 1107 112 49 110.
663 1104 270 70 Chicago,
959 1106 322 69 Callaghan
1306 1108 113 52 and
1444 1125 296 51 company,
1768 1111 150 49 1929.

243 1185 385 49 xx, 742 p. 23½ ᶜᵐ .
109 1253 52 52 ©
186 1257 116 48 July
326 1256 41 48 3,
391 1255 115 41 1929;
558 1257 68 40 2c.
652 1258 96 39 and
774 1256 82 42 aff.
883 1258 115 48 July
1024 1259 28 39 8;
1103 1259 42 39 A
1169 1259 144 40 10107;
1367 1260 72 40 W.
1465 1260 73 39 W.
1563 1259 178 48 Nelms,
1768 1260 191 47 Austin,
1985 1261 115 41 Tex.

108 1437 355 65 Thompson,
498 1438 229 64 Lyman
762 1437 337 57 Ellsworth.

177 1531 123 51 The
320 1534 253 64 mystery
599 1535 58 47 at
681 1529 172 70 Fay’s
868 1530 287 69 Landing,
1179 1531 76 68 by
1278 1531 222 68 Lyman
1520 1531 313 53 Ellsworth

107 1532 1970 128 Thompson.
299 1608 140 52 New
472 1606 179 69 York,
682 1607 91 55 W.
806 1607 194 68 Neale,
1034 1611 150 49 1929.

174 1688 361 50 229 p. 20½ ᶜᵐ .
109 1757 52 52 ©
192 1758 128 44 June
347 1761 41 47 3,
417 1760 114 40 1929;
589 1761 68 41 2c.
687 1762 97 39 and
814 1761 83 42 aff.
928 1761 127 42 June
1084 1761 54 39 21;
1200 1762 43 39 A
1270 1761 115 41 9822;
1445 1762 50 40 L.
1529 1763 54 39 E.
1614 1762 289 48 Thompson,
176 1762 1906 104 Wellsboro,
331 1819 83 40 Pa.
478 1817 281 50 (29-13475)

110 1956 130 53 Van
277 1956 181 64 Cleef,
495 1956 259 65 Eugene,
794 1957 173 55 1887-

178 2049 423 52 Finland—the
633 2048 258 68 republic
925 2048 247 54 farthest
1204 2049 200 65 north;
1441 2049 97 52 the
1570 2066 265 50 response

1867 2048 66 53 of
108 2049 1970 130 Finnish
266 2125 106 54 life
399 2130 59 48 to
486 2126 73 53 its
588 2125 349 70 geographic
967 2125 411 68 environment,
1408 2125 75 69 by
1513 2124 234 70 Eugene
1777 2125 130 54 Van
1940 2126 164 54 Cleef

171 2203 1614 68 … Columbus, The Ohio state university press, 1929.
247 2284 1499 50 xv, 220 p. front., illus., plates, fold. map, diagrs. 22½ ᶜᵐ .
178 2355 377 49 Bibliography:
591 2366 44 38 p.
666 2354 221 43 205-209.

112 2420 52 54 ©
190 2425 127 40 June
339 2426 41 47 7,
405 2425 114 40 1929;
571 2425 69 41 2c.
665 2426 97 39 and
786 2424 82 41 aff.
895 2425 127 40 June
1046 2425 57 39 17;
1156 2424 42 39 A
1221 2423 114 41 9715;
1392 2423 121 41 Ohio
1540 2425 129 40 state
1694 2423 130 41 univ.
1849 2434 152 38 press.

190 2482 281 49 (29-13414)

111 2591 275 65 Walters,
416 2592 156 53 Zelia
600 2593 327 63 Margaret.

183 2686 122 52 The
331 2686 109 53 call
465 2685 64 54 of
552 2686 98 52 the
674 2686 190 69 brave,
889 2686 76 69 by
990 2683 155 55 Zelia
1170 2684 296 68 Margaret
1489 2683 267 69 Walters,
1782 2681 325 55 illustrated

111 2762 75 70 by
225 2763 274 54 Florence
535 2764 197 54 White
767 2763 307 69 Williams,
1111 2762 282 68 compiled
1432 2763 112 52 and
1583 2761 189 54 edited
1808 2762 76 69 by
1920 2760 190 54 Helen

114 2841 195 54 Miller
356 2841 253 71 Stanley.
693 2842 196 69 Elgin,
934 2841 114 69 Ill.,
1092 2841 194 53 David
1335 2840 60 54 C.
1446 2839 158 55 Cook
1647 2839 335 70 publishing
2027 2858 79 35 co.

187 2923 118 65 [ ᶜ1 928]
179 3000 53 41 61
259 3011 44 39 p.
363 3001 88 42 col.
477 3002 171 48 plates.
708 3000 147 42 19½ᶜᵐ.

113 3068 52 52 ©
197 3073 103 41 Oct.
330 3073 38 48 5,
399 3073 141 47 1928;
569 3073 69 40 2c.
666 3073 116 47 Apr.
810 3071 70 49 20,
912 3070 141 48 1929;
1086 3070 82 40 aff.
1198 3070 114 48 Apr.
1342 3069 82 48 19;
1457 3070 42 38 A
1528 3069 141 49 6742;
1702 3069 161 41 David
1894 3070 50 41 O.
1975 3070 132 41 Cook

182 3131 110 47 pub.
315 3141 67 29 co.
444 3129 281 50 (29-13628)

185 3241 122 53 The
339 3241 169 53 chain
538 3241 65 53 of
631 3241 154 68 gold,
817 3260 31 33 a
877 3246 159 63 story
1067 3239 64 54 of
1162 3239 96 53 the
1289 3239 158 68 early
1479 3237 340 68 Christians,
1849 3237 75 69 by
1954 3236 156 53 Zelia

114 3317 297 70 Margaret
446 3318 268 68 Walters,
751 3319 326 52 illustrated
1113 3318 76 67 by
1226 3317 64 52 L.
1330 3315 67 54 E.
1435 3315 253 68 Dugger.
1763 3315 195 69 Elgin,
1996 3315 113 68 Ill.,

115 3396 1173 69 David C. Cook publishing co. [ ᶜ1 928]
180 3475 684 51 71 p. incl. plates. 19 ½ᶜᵐ .
115 3544 52 52 ©
199 3548 102 41 Oct.
331 3549 39 47 5,
400 3549 141 46 1928;
571 3549 68 39 2c.
669 3549 113 47 Apr.
812 3548 71 47 20,
913 3547 141 47 1929;
1087 3545 83 42 aff.
1198 3546 115 47 Apr.
1343 3544 82 47 19;
1458 3544 42 39 A
1530 3543 140 49 6740;
1703 3545 161 41 David
1896 3544 50 42 C.
1978 3544 131 42 Cook

185 3606 109 48 pub.
318 3616 69 30 co.
450 3604 281 50 (29-13629)

187 3717 122 52 The
351 3716 304 54 children’s
697 3716 253 66 crusade,
992 3716 75 68 by
1112 3713 151 53 Zelia
1308 3713 296 67 Margaret
1644 3713 268 68 Walters,
118 3712 1968 135 illustrated

339 3795 76 68 by
446 3795 194 52 Violet
672 3794 197 52 Moore
905 3792 271 69 Higgins.
1249 3790 194 68 Elgin,
1477 3790 114 69 Ill.,
1623 3791 194 53 David
1854 3791 61 54 C.
1953 3789 159 55 Cook

116 3871 878 69 publishing company [ ᶜ1 928 ]
