2561 4405
1151 4110 67 54 71

164 434 181 63 Gury,
375 432 148 53 Jean
551 430 223 63 Pierre,
808 434 326 50 1801-1866.

232 507 417 70 Compendium
680 506 303 69 theologiæ
1009 506 251 65 moralis,
1292 524 32 34 a
1354 505 227 55 Joanne
1609 505 175 54 Petro
1816 504 182 69 Gury,
2060 548 11 11 S.
2141 547 30 22 J.,

159 587 384 68 conscriptum
571 593 55 45 et
655 585 70 53 ab
754 584 258 53 Antonio
1042 582 302 69 Ballerini,
1376 583 254 69 ejusdem
1661 583 304 68 societatis,
160 583 1986 136 adnotationibus

511 668 257 63 auctum;
809 664 207 52 deinde
1051 681 134 34 vero
1223 661 73 54 ad
1330 661 320 54 breviorem
1688 660 250 54 formam
161 679 1985 117 exaratum
314 747 167 64 atque
515 742 73 52 ad

621 759 166 34 usum
821 740 439 54 seminariorum
1289 739 175 69 hujus
1498 740 253 69 regionis
161 741 1985 133 accommodatum
317 821 70 52 ab

423 817 1749 72 Aloysio Sabetti, S. J. … Ed. 32. ad novum Codicem
159 896 2014 72 juris canonici concinnata a Timotheo Barrett, S . J. (editio
160 984 156 48 sexta
343 981 130 65 post
500 974 297 71 Codicem)
871 975 121 54 Neo
1020 974 265 69 Eboraci,
1314 974 350 69 Cincinnati,
1691 974 313 54 Frederick
161 975 1989 134 Pustet
269 1075 98 49 co.,
395 1055 127 68 inc.,
554 1057 151 51 1929.

229 1138 528 50 1153, ix, 141 p. 24 ᶜᵐ.
160 1205 52 53 ©
240 1211 110 39 Jan.
378 1210 68 46 11,
474 1207 141 48 1929;
644 1209 68 39 2c.
741 1209 96 38 and
864 1206 84 41 aff.
975 1207 111 40 Jan.
1115 1206 82 46 16;
1227 1206 42 39 A
1295 1206 142 47 3753;
1470 1207 264 41 Frederick
1763 1208 172 40 Pustet
1964 1219 82 37 co.,
2076 1208 92 40 inc.

242 1265 252 49 (29-2127)

166 1389 264 63 Hanson,
460 1387 246 55 Charles
733 1387 179 63 Lane,
943 1388 169 53 1870-
1293 1387 83 53 ed.

238 1466 157 67 [New
430 1471 211 47 matter
676 1465 187 53 added
900 1471 59 46 to
995 1465 97 52 the
1129 1465 411 67 introduction,
1577 1471 178 63 notes,
1793 1467 114 52 and
162 1485 1990 112 suggestions

343 1544 63 52 in
434 1545 98 51 the
560 1563 124 33 new
716 1543 218 53 edition
964 1543 75 69 by
1073 1541 240 55 Charles
1342 1543 158 53 Lane
1531 1543 244 53 Hanson
1807 1544 61 52 in
1900 1545 96 53 the
2027 1545 150 53 book

162 1623 257 67 entitled]
454 1621 352 70 Macaulay’s
836 1620 135 55 Life
1002 1620 64 55 of
1098 1620 231 57 Samuel
1360 1621 280 68 Johnson,
1672 1621 142 54 with
1846 1641 31 35 a
1908 1623 269 54 selection

165 1701 2013 68 from his Essay on Johnson … Boston, New York [etc. ] Ginn
163 1781 656 68 and company [ ᶜ19 28]
233 1861 1484 50 xliii, 121 p. incl. front. illus. (incl. ports.) plan. 17½ᶜᵐ.
168 1930 52 51 ©
248 1934 112 40 Dec.
387 1934 69 46 17,
484 1932 115 41 1928;
654 1933 67 40 2c.
750 1933 96 39 and
874 1931 83 41 aff.
985 1933 111 39 Jan.
1125 1931 68 49 19,
1222 1931 117 41 1929;
1394 1932 42 39 A
1461 1931 117 42 2954;
1636 1932 50 43 C.
1713 1933 52 40 L.
1794 1934 219 49 Hanson,
235 1934 1926 105 Cambridge,
445 1990 149 40 Mass.

162 2099 242 63 Harter,
436 2098 139 53 Mrs.
609 2098 242 54 Sunolia
882 2097 278 65 Vaughn.

237 2180 170 63 80/20
451 2176 160 56 Cook
649 2177 149 54 book
839 2179 112 52 and
995 2178 140 53 food
1176 2179 252 68 manual,
1471 2180 114 67 day
1626 2179 75 69 by
1744 2180 130 67 day,
1916 2182 149 52 meal
2105 2182 76 68 by

165 2257 165 68 meal,
369 2256 140 53 with
550 2256 233 73 recipes,
823 2256 282 55 formulas
1144 2258 114 52 and
1296 2257 168 53 order
1503 2256 65 53 of
1607 2257 176 71 work,
1822 2259 76 70 by
1941 2257 240 57 Sunolia

166 2334 2016 73 Vaughn Harter … Toledo, O., Household arts department,
165 2414 1873 73 Defensive-diet league of America (International) [ ᶜ19 28]
237 2497 100 46 211,
371 2496 54 50 [1]
458 2508 43 37 p.
560 2497 57 39 27½ᶜᵐ.

237 2567 135 41 With
400 2567 220 41 author’s
648 2567 290 48 autograph.

240 2625 160 40 Blank
427 2635 147 38 pages
602 2625 80 39 for
712 2625 110 47 “My
849 2625 215 39 favorite
1095 2624 213 49 recipes”
1347 2625 255 49 (203-205)

171 2693 2009 56 © Dec. 15, 1928; 2c. Jan. 5, 1929; aff. Jan. 7; A 3778; S. V. Harter,
238 2754 193 48 Toledo,
468 2753 52 42 O.
593 2752 253 50 (29-2046)

170 2863 270 63 Hayden,
475 2862 246 55 Charles
755 2862 231 64 Albert,
1022 2864 329 54 1843-1927.

243 2941 121 54 The
399 2939 198 70 Capen
633 2940 226 70 family,
893 2941 375 55 descendants
1301 2941 65 54 of
1402 2943 263 54 Bernard
1702 2943 198 70 Capen
1935 2944 66 55 of
173 2946 1985 140 Dorchester,

445 3019 1675 74 Mass.; compiled by Rev. Charles Albert Hayden …
175 3096 2008 78 revised by Jessie Hale Tuttle … [Minneapolis, Printed by
172 3174 313 69 Augsburg
518 3174 338 70 publishing
886 3176 192 67 house]
1119 3178 151 52 1929.

244 3255 705 49 312 p. plates, ports. 23½ ᶜᵐ.
176 3323 52 52 ©
259 3328 110 40 Jan.
399 3327 68 49 19,
499 3327 115 40 1929;
673 3327 68 42 2c.
772 3328 111 39 Jan.
914 3329 83 46 22;
1031 3328 84 41 aff.
1146 3330 111 40 Jan.
1287 3331 84 46 21;
1404 3331 42 39 A
1476 3332 142 48 3851;
1654 3333 159 42 Jessie
1845 3335 127 42 Hale
2003 3336 181 49 Tuttle,

244 3385 339 48 Minneapolis.
658 3384 252 51 (29-2368)

170 3492 250 65 Hémon,
454 3493 199 65 Louis,
693 3498 327 51 1880-1913.

244 3570 190 53 Maria
471 3570 411 70 Chapdelaine,
914 3572 75 70 by
1024 3574 177 53 Louis
1235 3574 246 69 Hémon,
1515 3578 320 53 translated
1870 3578 123 54 into
176 3579 1987 123 English
334 3649 76 70 by
457 3650 90 54 W.
598 3650 77 53 H.
727 3651 200 69 Blake,
978 3652 141 53 with
1169 3672 73 34 an
1292 3653 395 55 introduction
1737 3658 114 52 and
1902 3663 161 49 notes
2112 3655 74 73 by

178 3727 2008 78 Carl Y. Connor … New York, The Macmillan company, 1929.
245 3811 100 47 xxi,
373 3811 87 40 294
488 3822 43 38 p.
561 3811 111 41 incl.
700 3812 151 41 front.
907 3813 57 41 18½ᶜᵐ.
1123 3815 123 48 (The
1277 3817 200 39 modern
1508 3818 213 40 readers’
1753 3818 177 50 series)

248 3881 205 41 “Notes”:
520 3893 43 37 p.
599 3882 219 43 289-294.

180 3947 52 53 ©
261 3953 110 39 Jan.
398 3953 70 47 22,
498 3953 141 48 1929;
668 3955 68 39 2c.
765 3956 96 38 and
889 3955 80 41 aft
1001 3957 111 40 Jan.
1140 3957 83 46 23;
1255 3957 41 39 A
1323 3957 142 48 3865;
1498 3959 283 41 Macmillan
1811 3971 68 30 co.
1957 3956 53 53 [©
248 3962 1921 88 introduction
479 4011 96 39 and
607 4013 153 48 notes]
833 4011 251 50 (29-2132)
