2542 4389
1009 4047 127 49 1561

81 395 298 62 Hannum,
409 394 152 52 Fred
590 394 209 52 Lucas.

154 474 120 52 The
315 478 282 48 structure
635 471 64 53 of
739 472 203 67 simple
984 469 251 69 Spanish
1277 471 94 52 for
1408 469 355 69 Americans,
1800 469 75 69 by
1916 468 66 53 F.
2021 468 67 53 L.

82 547 1734 71 Hannum. Chicago, Francis W. Parker school [ᶜ192 9]
153 631 333 47 127 p. 20 ᶜᵐ .
88 697 1994 53 © Sept. 18, 1929; 2c. and aff. Oct. 10; A 12931; F. L. Hannum, Chicago.
165 757 281 49 (29-21940)

80 866 357 54 Herodotus.

154 941 309 55 Selections
502 941 152 51 from
691 941 349 66 Herodotus,
1078 941 239 53 selected
1356 941 112 52 and
1505 941 190 52 edited
1731 940 141 52 with
79 942 1984 145 introduction,

79 1018 1984 146 notes, and vocabulary by Amy L. Barbour … Boston,
226 1096 1626 69 New York [etc.] D. C. Heath and company [ᶜ192 9]
150 1179 767 49 ix, 388 p. front., maps. 21 ᶜᵐ.
153 1250 442 48 “Bibliographical
626 1249 141 40 note”:
828 1260 43 37 p.
900 1251 72 39 47.

87 1316 1997 52 © Sept. 9, 1929; 2c. Sept. 18; aff. Sept. 17; A 12399; D. C. Heath & co.
157 1373 69 54 [©
257 1377 210 48 preface,
501 1378 344 47 introduction,
878 1380 138 37 notes
1049 1379 97 37 and
1176 1377 313 50 vocabulary]

164 1433 281 49 (29-21675)

77 1540 138 63 Hill,
244 1539 156 53 John
430 1541 324 63 Mcmurry,
784 1544 83 50 ed.

154 1619 1934 70 [Introduction, notes and vocabulary] by John M. Hill … and
75 1696 1989 132 Frank O. Reed … [in the book entitled] … Los novios de Hornachuelos
431 1776 91 66 [by]
557 1776 140 52 Luis
727 1775 169 52 Velez
929 1778 68 50 de
1028 1776 283 53 Guevara.
1388 1777 139 51 New
1561 1776 162 52 York
1752 1778 45 49 &
1828 1777 259 67 London,

75 1853 742 70 The Century co. [ᶜ192 9]
151 1933 530 49 xxvi, 260 p. 19½ ᶜᵐ .
86 2001 52 52 ©
167 2006 101 40 Oct.
296 2006 38 48 8,
360 2005 115 40 1929;
531 2006 66 40 2c.
625 2008 97 38 and
743 1974 87 72 Iff.
860 2005 102 41 Oct.
989 2006 56 38 12;
1102 2007 40 38 A
1169 2006 145 40 12956;
1373 2006 215 48 Century
1616 2017 67 30 co.

82 2114 159 64 Holt,
270 2114 256 54 William
557 2115 171 63 Stull,
760 2121 167 49 1896-

212 2194 1877 71 … The Bureau of the census; its history, activities and
79 2271 415 69 organization,
523 2272 74 69 by
626 2272 89 53 W.
752 2271 154 56 Stull
935 2273 162 52 Holt.
1172 2273 405 69 Washington,
1609 2275 121 53 The
1763 2274 327 70 Brookings

78 2350 348 69 institution,
457 2353 149 49 1929.

82 2430 1990 105 x, 224 p. 22½ ᶜᵐ . (Institute for government research. Service monographs
287 2487 52 39 of
363 2488 82 39 the
471 2487 178 41 United
678 2487 164 41 States
867 2491 329 45 government,
1223 2499 77 31 no.
1327 2489 79 47 53)

152 2558 350 48 Bibliography:
558 2569 42 38 p.
629 2558 158 41 67-72.

86 2625 52 51 ©
167 2628 101 42 Oct.
297 2629 39 48 8,
364 2629 114 39 1929;
534 2631 66 39 2c.
628 2631 92 38 and
750 2629 83 41 aff.
862 2630 103 41 Oct.
994 2630 52 39 11;
1107 2631 39 38 A
1176 2631 143 40 14087;
1377 2632 272 46 Brookings
1678 2633 297 40 institution.

162 2685 280 49 (29-21694)

79 2796 222 62 Horan,
332 2795 166 55 Jack.

150 2872 238 55 “Poems
427 2875 64 53 of
531 2875 95 52 the
664 2875 213 68 West”,
916 2877 75 69 by
1029 2877 150 53 Jack
1217 2877 234 65 Horan;
1496 2878 325 53 illustrated
1859 2879 76 69 by
1971 2879 116 51 Leo

80 2952 388 53 Beauleaurie.
545 2951 177 55 Great
755 2953 177 69 Falls,
965 2954 202 69 Mont.,
1202 2954 127 55 Call
1362 2955 266 70 printing
1659 2975 79 34 co.
1796 2959 152 65 [1929]

148 3033 1176 49 2 p. l. , [7]-56 p. front. (port.) illus. 24 ᶜᵐ .
85 3098 52 52 ©
172 3103 116 46 July
321 3104 40 47 3,
397 3103 139 47 1928;
572 3104 68 40 2c.
674 3105 96 38 and
806 3104 82 41 aff.
926 3105 128 48 Sept.
1090 3106 39 47 9,
1167 3105 141 48 1929;
1345 3107 41 39 A
1420 3106 171 49 12235;
1631 3108 42 41 J.
1709 3107 185 47 Horan,
1931 3109 151 40 Great

153 3159 147 47 Falls,
329 3161 150 40 Mont.
545 3159 280 49 (29-21610)

76 3270 180 62 Hoyt,
286 3269 205 55 Helen.

144 3345 214 54 Leaves
394 3346 64 53 of
493 3347 137 53 wild
666 3367 196 50 grape,
901 3367 193 50 poems
1128 3350 76 69 by
1241 3352 187 51 Helen
1465 3352 178 68 Hoyt.
1720 3352 140 54 New
1901 3353 181 68 York,

73 3423 1206 73 Harcourt, Brace and company [ ᶜ192 9 ]
214 3536 8 17 xv,
253 3506 85 38 112
368 3517 42 37 p.
471 3506 146 41 21½ᶜᵐ.

83 3572 52 52 ©
168 3577 102 40 Oct.
300 3578 69 47 10,
401 3577 142 47 1929;
574 3579 67 39 2c.
673 3581 96 38 and
801 3579 82 41 aff.
916 3580 102 41 Oct.
1050 3582 81 45 16;
1166 3582 41 38 A
1239 3581 170 41 14205:
1444 3582 262 48 Harcourt,
1740 3584 157 40 Brace
1928 3585 37 39 &
1995 3595 83 37 co.,

149 3633 90 41 inc.
308 3634 279 48 (29-21802)

76 3728 265 64 Hudson,
368 3729 237 65 Manley
631 3731 255 65 Ottmer,
916 3737 171 50 1886-
1301 3734 83 53 ed.

148 3807 170 55 Cases
358 3810 113 51 and
512 3810 162 52 other
712 3812 293 53 materials
1045 3831 73 34 on
1157 3813 413 53 international
1610 3816 128 66 law,
1777 3815 190 53 edited
2005 3816 76 69 by

71 3884 2005 78 Manley O. Hudson … St. Paul, West publishing company,
73 3964 150 52 1929.
