2542 4389
1052 4066 102 55 787

104 414 334 64 Newcomb,
472 413 283 64 Rexford,
793 418 170 49 1886-

235 499 1803 70 … Ceramic decoration in India, by Rexford Newcomb …
103 578 1741 72 New York, N. Y., Associated tile manufacturers, ᶜ1 928.
174 679 56 40 32
255 690 44 36 p.
358 678 130 39 illus.
515 677 135 48 (part
676 678 101 47 col.,
804 677 111 40 incl.
941 675 136 49 map)
1146 676 57 39 27½ᶜᵐ.
1364 673 386 49 (Architectural
1777 674 326 48 monographs

106 747 59 29 on
194 735 112 41 tiles
335 735 95 39 and
458 733 237 41 tilework.
754 743 76 31 no.
858 733 51 48 6)

173 805 350 48 Bibliography:
580 814 45 38 p.
653 805 71 39 31.

106 874 51 52 ©
189 878 112 40 Feb.
330 877 39 47 9,
401 876 140 47 1929;
572 877 68 39 2c.
672 877 95 38 and
798 875 83 40 aff.
913 875 112 40 Feb.
1055 876 82 46 12;
1171 875 41 38 A
1241 874 143 46 4391;
1417 873 286 40 Associated
1735 872 86 41 tile
174 871 1910 103 manufacturers.
420 932 279 50 (29-11756)

105 1043 171 63 Offel,
311 1043 230 52 Horace
573 1058 135 45 van,
746 1042 134 54 1876-

171 1134 79 52 Le
284 1134 283 52 chevalier
600 1134 70 52 de
703 1132 265 66 Batavia,
1003 1151 106 49 par
1142 1133 228 51 Horace
1404 1149 111 36 van
1551 1130 168 55 Offel.
1789 1129 189 67 Paris,
99 1128 1980 136 Librairie

344 1212 96 52 des
475 1211 508 68 Champs-Elysées
1023 1213 172 64 [1928]

102 1303 1987 111 1 p. l., [7]-251 p. 18 ½ᶜᵐ. [Le masque, collection de romans d’aventures]
106 1432 1997 52 © Nov. 26, 1928; 1c. Mar. 8, 1929; A— Foreign 2265; Librairie des
174 1492 440 48 Champs-Elysées.
686 1491 281 50 (29-12471)

169 1600 1936 71 … The Pacific reporter. v. 274. Permanent ed. … with key-
174 1678 1932 71 number annotations … March 4- April 1, 1929. St. Paul,
173 1760 160 55 West
360 1759 336 69 publishing
725 1778 98 50 co.,
855 1762 150 50 1929.

172 1854 416 48 xxi, 1189 p. 26 ᶜᵐ.
106 1921 51 52 ©
183 1926 115 47 May
322 1926 67 46 15,
416 1925 140 47 1929;
582 1926 66 39 2c.
673 1926 96 39 and
793 1924 82 41 aff.
898 1925 126 39 June
1049 1925 81 46 10;
1155 1925 41 39 A
1219 1924 142 48 8600;
1388 1924 139 41 West
1547 1925 110 48 pub.
1681 1935 67 29 co.

105 2036 178 64 Page,
315 2035 255 54 William
601 2035 277 64 Herbert,
910 2037 85 53 ed.

238 2126 1870 71 … Page’s Ohio cumulative digest service, supplementing and
105 2205 1939 70 continuing Page’s Ohio digest and decennial supplement …
113 2285 123 67 [No.
282 2285 48 67 7]
417 2285 293 68 Prepared
754 2285 77 69 by
873 2285 97 53 the
1015 2283 293 54 Editorial
1353 2283 134 55 staff
1533 2285 64 53 of
1640 2285 97 53 the
1783 2283 323 70 publishers

106 2361 2002 73 under the supervision of Reed Metzler … Cincinnati, O., The
103 2442 89 55 W.
222 2442 77 53 H.
329 2441 303 53 Anderson
662 2459 282 51 company
1001 2443 152 65 [1929]

174 2522 682 48 1 p. l., 862 numb. col. 26ᶜᵐ.
107 2589 51 52 ©
190 2594 125 39 June
343 2594 68 46 10,
444 2593 113 40 1929;
615 2593 68 40 2c.
712 2594 95 39 and
838 2593 71 39 aff
935 2593 126 40 June
1091 2595 55 37 11;
1203 2593 42 39 A
1303 2594 84 39 8641;
1447 2594 71 40 W.
1550 2594 59 39 H.
1641 2594 254 40 Anderson
1924 2604 67 30 co.

103 2702 274 64 Pegram,
408 2702 227 64 George
665 2702 189 65 Allen,
887 2707 170 50 1868-

174 2794 122 52 The
332 2793 225 53 world’s
594 2793 143 53 view
775 2793 64 54 of
876 2795 217 52 eternal
1130 2795 398 67 punishment;
1570 2813 80 48 or,
1687 2795 124 52 The
1848 2795 257 53 doctrine

105 2871 64 52 of
201 2872 216 52 eternal
450 2871 371 68 punishment
853 2873 232 51 written
1118 2872 280 68 indelibly
1432 2872 60 52 in
1525 2872 215 52 human
1773 2877 221 63 nature,
2029 2873 77 69 by

106 2949 1999 69 Rev. G. A. Pegram … 2d ed. … [Cincinnati, God’s Bible
103 3027 884 69 school and revivalist, ᶜ1 929]
175 3107 553 50 93 p. 19 ᶜᵐ. $0.40
107 3176 51 52 ©
185 3181 121 39 Mar.
331 3181 68 47 15,
424 3181 117 40 1929;
589 3181 68 40 2c.
681 3182 122 39 Mar.
825 3181 82 47 18;
934 3181 82 41 aff.
1038 3182 114 48 Apr.
1176 3182 53 47 5;
1255 3183 40 38 A
1319 3182 141 47 6650;
1489 3182 52 40 G.
1561 3182 53 39 A.
1634 3183 218 47 Pegram,
1872 3183 227 48 Lansing,

174 3237 145 40 Mich.
389 3237 279 49 (29-11754)

105 3346 227 64 Phifer,
364 3347 245 61 Lyndon
642 3347 218 54 Burke.

171 3437 1871 71 The teacher and the Book, by Lyndon Burke Phifer …
104 3515 138 52 New
299 3515 179 68 York,
534 3515 328 55 Cincinnati
941 3522 119 62 [etc.]
1118 3518 122 52 The
1292 3517 318 53 Methodist
1661 3518 149 53 book
1862 3537 237 34 concern

106 3596 192 64 [ ᶜ1 929]
171 3675 687 49 107 p. illus. (maps) 19 ᶜᵐ.
173 3745 282 48 “Approved
482 3746 61 47 by
567 3746 83 40 the
677 3746 285 41 Committee
987 3758 59 29 on
1072 3747 297 41 curriculum
1394 3747 52 41 of
1471 3750 81 38 the
1578 3749 161 40 Board
1765 3749 52 40 of
1840 3750 261 40 education

100 3801 52 41 of
180 3801 82 41 the
290 3802 267 40 Methodist
585 3802 257 48 Episcopal
872 3803 224 41 church.”

173 3858 128 39 “The
336 3857 109 41 first
478 3859 52 39 of
566 3869 27 30 a
630 3859 151 40 series
819 3859 51 41 of
906 3860 517 49 leadership-training
1460 3863 256 39 textbooks
1752 3863 231 48 designed
2020 3863 79 40 for

102 3924 84 30 use
220 3914 49 38 in
302 3915 119 39 such
454 3925 177 37 groups
666 3925 54 30 as
755 3918 177 38 cannot
966 3916 274 49 effectively
1275 3917 113 40 take
1422 3919 81 39 the
1540 3918 246 41 Standard
1820 3920 278 48 leadership

102 3970 217 48 training
349 3971 517 41 course.”—Editorial
897 3973 178 40 introd.
