2542 4361
1091 4035 102 44 751

231 435 1233 52 8 p. l., 3-231 p. front. (port.) 20 ᶜᵐ . $2.50
133 492 52 53 ©
214 497 116 47 Apr.
357 496 71 47 30,
457 494 141 47 1929;
629 495 69 39 2c.
727 496 95 39 and
854 494 83 40 aff.
967 495 114 47 May
1111 494 82 47 10;
1226 494 41 39 A
1296 494 115 40 8007;
1471 495 56 39 R.
1558 496 62 40 H.
1650 495 224 48 Thomas,
1908 496 217 48 Ontario,

204 552 144 39 Calif.
419 549 279 50 (29-11032)

133 645 265 63 Thynne,
439 642 197 64 Molly.

201 724 120 52 The
355 722 231 54 murder
621 740 72 34 on
728 722 96 52 the
858 721 406 69 “Enriqueta”,
1300 740 31 33 a
1367 722 166 52 novel
1565 722 73 68 by
1672 722 184 69 Molly
1892 724 242 67 Thynne

193 800 1865 68 … London, New York [etc.] T. Nelson & sons, ltd. [ ᶜ1 929]
201 882 457 49 316 p., 1 l. 19 ᶜᵐ .
133 936 1995 53 © 1c. May 25, 1929; A ad int. 12705; pubd. Mar. 27; May Harriet
200 996 215 49 Thynne,
447 996 213 40 London.
730 995 282 49 (29-12131)

134 1092 129 53 Von
296 1092 284 63 Dornum,
615 1089 159 55 Elsa.

199 1166 1935 69 A short history of Mexico, by Elsa Von Dornum … and
131 1244 1711 70 Henry L. Cain … Mexico, D. F., El Modelo [1929?]
203 1328 1104 49 4 p. l., 446 p., 1 l. plates, ports. 19½ ᶜᵐ .
205 1385 376 48 Bibliography:
610 1384 27 39 1
665 1384 104 40 leaf
797 1385 52 39 at
878 1384 107 41 end.

135 1438 1996 52 © 1c. May 4, 3929; A ad int. 12696; pubd. May 1; E. Von Dornum and
203 1498 169 47 Henry
403 1499 51 39 L.
487 1496 134 49 Cain,
654 1496 202 48 Mexico,
888 1496 58 41 D.
978 1496 53 41 F.
1100 1495 282 49 (29-11981)

136 1591 273 65 Wallace,
440 1591 220 64 Edgar,
693 1592 170 53 1875-

201 1670 196 69 Again
440 1671 97 50 the
580 1668 212 69 ringer,
834 1668 76 68 by
953 1669 203 67 Edgar
1198 1668 271 53 Wallace.
1569 1670 275 70 [London]
1895 1671 242 52 Hodder

132 1747 810 70 and Stoughton ltd. ᶜ1 929]
203 1828 364 51 315 p. 19 ½ᶜᵐ .
135 1883 1977 110 © 1c. May 18, 1929; A ad int. 12688; pubd. Mar. 21; E. Wallace, London. (29-12054)
133 2046 323 63 Whitford,
491 2046 222 53 Robert
747 2046 60 54 C.

135 2120 1973 146 [Introduction] by Robert C. Whitford … [in the book entitled]
359 2196 1776 72 The autobiography of Charles Darwin … New York,
135 2278 70 51 D.
235 2276 297 68 Appleton
561 2278 112 52 and
702 2294 299 51 company,
1033 2279 150 50 1929.

203 2357 63 49 vi,
296 2358 58 40 64
381 2369 44 37 p.
512 2357 117 42 19½ᶜᵐ.

138 2409 52 53 ©
218 2414 114 48 Apr.
359 2414 69 47 15,
455 2414 142 46 1929;
627 2414 68 41 2c.
722 2414 116 48 Apr.
866 2415 55 39 17;
979 2414 84 40 aff.
1090 2414 116 48 Apr.
1233 2414 84 43 30;
1348 2415 41 39 A
1417 2415 117 40 7476;
1590 2415 58 40 D.
1677 2415 241 47 Appleton
1946 2414 37 40 &
2010 2425 70 31 co.

135 2507 200 65 Wood,
372 2507 226 54 Bertha
634 2509 79 53 M.

207 2585 190 53 Foods
430 2584 65 54 of
526 2586 94 52 the
657 2584 400 71 foreign-born
1093 2587 60 51 in
1188 2585 244 54 relation
1466 2591 58 47 to
1558 2586 214 67 health,
1806 2585 74 68 by
1917 2586 217 52 Bertha

137 2663 1996 70 M. Wood … with a foreword by Michael M. Davis, jr. 2d ed.
138 2742 234 66 Boston,
399 2742 80 52 M.
510 2742 267 54 Barrows
805 2744 46 51 &
878 2760 299 50 company,
1209 2745 151 49 1929.

206 2822 65 48 ix,
299 2823 86 40 110
412 2834 45 37 p.
512 2822 147 43 19½ᶜᵐ.

207 2879 268 48 Reprinted
515 2879 50 40 in
603 2882 112 46 part
753 2880 129 41 from
923 2880 292 48 Immigrant
1254 2880 166 39 health
1464 2880 94 39 and
1600 2879 81 40 the
1721 2878 311 49 community,
2072 2880 62 46 by

139 2935 209 41 Michael
378 2937 63 39 M.
470 2936 167 47 Davis,
666 2936 63 48 jr.

140 2987 52 53 ©
219 2992 115 49 Apr.
360 2993 69 47 17,
456 2992 114 41 1929;
625 2994 68 39 2c.
720 2993 115 48 Apr.
861 2994 56 40 27;
975 2993 84 41 aff.
1085 2994 114 47 Apr.
1227 2994 57 38 24;
1339 2993 42 39 A
1408 2993 115 40 7773;
1580 2994 140 46 Mary
1748 2993 242 46 Barrows,
207 2993 1910 96 Boston.
372 3048 281 50 (29-10159)

138 3128 197 64 Wren,
371 3128 287 56 Lassiter.

212 3207 1865 70 Masterstrokes of crime detection, by Lassiter Wren …
144 3284 232 55 Garden
407 3284 152 71 City,
589 3286 68 54 N.
692 3287 90 69 Y.,
811 3288 144 53 Pub.
987 3287 94 53 for
1109 3288 95 54 the
1236 3286 189 55 Crime
1456 3287 145 65 club,
1632 3287 125 68 inc.,
1784 3287 76 69 by
141 3284 1970 148 Doubleday,

300 3364 199 53 Doran
526 3366 45 50 &
600 3383 298 52 company,
925 3366 127 68 inc.,
1084 3368 149 51 1929.

208 3443 557 51 5 p. l., 258 p. 23½ᶜᵐ.
209 3501 162 42 “First
398 3502 226 41 edition.”

141 3553 52 53 ©
222 3559 114 48 May
363 3560 69 46 17,
460 3559 140 47 1929;
629 3561 69 40 2c.
726 3562 97 38 and
850 3560 83 42 aff.
962 3562 114 46 May
1099 3561 63 38 24;
1216 3560 42 39 A
1286 3560 140 46 8339;
1459 3560 298 48 Doubleday.
1788 3561 167 40 Doran
1984 3561 36 39 &
2049 3571 81 36 co.,

208 3614 92 41 inc.
366 3615 281 50 (29-12120)

140 3694 247 64 Wynne,
419 3694 154 53 John
605 3696 195 63 Peter,
836 3702 171 49 1888-

270 3769 1863 73 … General method: foundation and application, by John
139 3848 1956 71 P. Wynne … New York & London, The Century co. [ ᶜ1 929]
209 3930 136 47 xviii,
378 3931 85 41 517
496 3943 43 36 p.
597 3932 147 41 20½ᶜᵐ.
813 3932 126 48 (The
972 3933 216 47 Century
1220 3932 258 41 education
1511 3932 175 48 series)
1811 3932 130 48 $2.50
