2547 4384
0 0 0 0 800
422 490 340 48 Supplement:
805 491 232 40 Extracts
1075 491 128 40 from
1244 492 44 40 J.
1327 491 55 41 A.
1421 492 241 40 Weston’s
1703 492 247 40 “Historic
1989 493 176 40 doubts
2205 503 54 31 as
2300 496 50 38 to

348 547 82 41 the
458 547 256 41 execution
744 547 52 41 of
824 548 220 40 Marshal
1073 548 147 48 Ney”.
1281 549 120 40 Part
1475 581 8 9 II.
1515 549 144 41 “Was
1690 550 221 40 Marshal
1938 550 104 48 Ney
2074 549 276 43 executed.”

349 603 214 50 Chapter
616 637 9 8 I.

417 661 352 49 Bibliography
799 662 227 40 included
1055 662 51 40 in
1138 663 210 47 preface.

356 715 52 52 ©
443 721 115 46 May
589 720 69 46 13,
691 719 116 41 1929;
867 720 68 41 2c.
970 721 96 39 and
1098 721 83 41 aff.
1216 722 114 46 May
1363 721 56 39 14;
1481 721 42 39 A
1555 721 115 40 9104;
1732 721 45 41 J.
1811 723 53 38 E.
1900 721 177 48 Smoot,
2115 721 231 48 Concord,

423 777 57 41 N.
504 776 49 42 C.
615 776 282 50 (29-11923)

351 872 237 63 Society
622 872 64 53 of
718 872 177 53 naval
931 872 325 54 architects
1290 874 116 52 and
1440 873 228 52 marine
1703 872 330 65 engineers.

484 951 1864 70 … Transactions … [1928. v. 36] Ed. by the secretary.
352 1029 139 53 New
517 1030 180 66 York,
722 1029 70 52 N.
820 1030 91 65 Y.,
936 1030 121 52 The
1087 1029 227 70 Society
1345 1032 170 65 [1929]

527 1111 1022 50 xxv, 305 p. 178 pl. (part fold.) tables. 28½ᶜᵐ.
355 1164 52 52 ©
431 1169 129 40 June
579 1168 68 48 19,
672 1168 115 40 1929;
839 1168 68 41 2c.
930 1170 95 38 and
1049 1169 83 40 aff.
1156 1170 127 39 June
1305 1169 57 40 19;
1412 1170 43 39 A
1476 1169 113 41 8819;
1642 1170 175 39 Daniel
1840 1170 61 39 H.
1927 1169 114 48 Cox,
2063 1170 118 39 New
2203 1170 144 40 York.

350 1319 299 55 Southern
677 1327 259 63 reporter
964 1322 188 68 digest
1178 1323 269 66 covering
1474 1323 79 51 all
1580 1341 150 35 cases
1758 1323 267 67 reported
2052 1322 59 51 in
422 1320 1903 130 Southern

549 1403 276 63 reporter,
852 1398 317 69 beginning
1195 1399 140 51 with
1368 1399 280 52 Alabama
1676 1404 241 62 reports,
1944 1400 109 51 vol.
2086 1401 62 50 81;
420 1398 1904 131 Alabama

616 1478 287 67 appellate
933 1483 239 61 reports,
1201 1478 108 51 vol.
1345 1481 22 47 1;
1431 1477 240 52 Florida
1702 1482 238 63 reports,
1971 1479 108 50 vol.
2110 1480 24 48 1;
421 1477 1903 131 Louisiana

630 1556 212 51 annual
869 1557 109 51 vol.
1009 1558 93 64 39;
1131 1556 308 52 Louisiana
1471 1560 240 63 reports,
1740 1556 107 51 vol.
1880 1558 126 63 104;
2036 1554 312 54 Louisiana

420 1634 242 54 Orleans
695 1639 165 47 court
891 1632 65 54 of
989 1635 224 67 appeal,
1247 1635 108 51 vol.
1392 1634 92 62 1*;
1519 1634 312 53 Louisiana
1865 1635 207 67 appeal
2107 1639 241 63 reports,

421 1712 1929 68 vol. 1; Mississippi reports, vol. 64 … [v. 7, 8]·… St. Paul,
420 1790 1106 70 Minn., West publishing co. [ ᶜ1 929]
419 1873 193 41 2 v 26 ᶜᵐ.
699 1940 107 28 CONTENTS.—v.
834 1928 39 41 7.
899 1929 263 49 Covenant,
1188 1930 174 40 Action
1388 1929 321 42 of-Criminal
1733 1931 108 39 law.
1898 1929 205 41 617.—v.
2130 1928 42 41 8.
350 1930 1981 96 Criminal

473 1988 109 39 law.
643 1986 247 41 618-1003.

354 2039 52 52 ©
431 2044 116 47 May
569 2044 69 46 17,
663 2043 115 40 1929;
831 2044 67 40 2c.
922 2044 117 39 each
1066 2044 129 39 June
1259 2054 9 36 8;
1297 2043 108 40 affs.
1431 2044 126 40 June
1582 2043 55 40 10;
1691 2044 41 39 A
1756 2042 127 49 8609,
1938 2043 85 40 8610;
2076 2044 138 40 West
2236 2044 110 47 pub.

422 2110 68 31 co.

349 2195 270 63 Stryker,
651 2195 186 63 Lloyd
869 2195 165 54 Paul.

414 2271 254 53 Andrew
725 2272 290 67 Johnson;
1077 2291 31 34 a
1166 2272 173 68 study
1395 2272 59 52 in
1512 2290 258 51 courage,
1825 2272 76 70 by
1956 2271 188 70 Lloyd
2201 2271 149 54 Paul

347 2348 257 71 Stryker.
680 2350 141 53 New
851 2350 179 58 York,
1058 2350 122 54 The
1207 2350 334 54 Macmillan
1574 2368 298 52 company,
1902 2353 150 51 1929.

415 2433 1931 50 xvi p., 1 l., 881 p. front., illus. (facsim.) plates (1 double) ports.
344 2491 57 39 24ᶜᵐ.

419 2546 334 41 “Authorities
788 2547 96 39 and
920 2545 364 42 abbreviations
1319 2546 147 40 used”:
1531 2557 45 36 p.
1611 2546 217 41 838-844.

353 2600 52 52 ©
431 2605 115 47 May
567 2604 69 47 28,
659 2604 143 47 1929;
828 2604 68 40 2c.
920 2605 95 39 and
1040 2603 83 41 aff.
1148 2605 116 46 May
1286 2603 83 48 29;
1395 2603 41 39 A
1460 2603 141 47 8380;
1628 2603 282 41 Macmillan
1934 2614 68 30 co.

431 2660 281 50 (29-11904)

346 2742 215 64 Thuss,
591 2742 259 53 Andrew
880 2741 243 65 Joseph,
1150 2744 73 68 jr.

414 2819 183 53 Texas
626 2818 78 54 oil
733 2819 113 53 and
875 2837 101 51 gas;
1037 2838 31 34 a
1095 2819 232 54 treatise
1354 2839 72 33 on
1453 2819 97 53 the
1577 2821 111 51 law
1717 2817 331 71 pertaining
2073 2823 59 49 to
2160 2818 188 70 rights

344 2897 60 53 in
440 2897 78 53 oil
552 2898 114 52 and
699 2900 232 50 natural
966 2916 101 50 gas
1102 2898 59 52 in
1196 2898 97 52 the
1328 2902 144 49 state
1508 2897 64 53 of
1606 2899 203 65 Texas,
1841 2897 300 69 including
2173 2897 176 53 leases

344 2974 2005 70 and conveyances, by A. J. Thuss, jr. … with the assistance of
343 3052 1943 70 G. Drummond Hunt … and the late William E. Whightsel …
343 3132 226 53 Kansas
607 3131 153 68 City,
793 3131 135 68 Mo.,
961 3132 234 54 Vernon
1229 3132 111 52 law
1372 3131 149 53 book
1554 3150 297 50 company,
1888 3135 150 49 1929.

414 3215 26 40 5,
484 3215 84 40 633
598 3225 30 37 p
700 3215 57 41 23½ᶜᵐ.

351 3267 52 52 ©
426 3272 115 48 Apr.
563 3271 70 47 12,
656 3271 142 47 1929;
823 3271 68 41 2c.
914 3272 115 47 May
1051 3271 56 40 10;
1157 3270 82 41 aff.
1264 3271 114 47 May
1401 3271 54 39 11;
1507 3271 42 39 A
1572 3271 115 41 8052;
1738 3271 53 39 A.
1812 3271 44 40 J.
1874 3272 173 46 Thuss,
2065 3270 75 48 jr.,
2159 3272 186 40 Dallas.

431 3328 280 48 (29-11914)

347 3410 72 54 U.
447 3410 56 53 S.
570 3411 185 67 Laws,
781 3417 257 60 statutes,
1066 3417 99 49 etc.

481 3486 1864 68 … United States Code pamphlet supplement, unannotated
373 3565 104 52 [No.
505 3568 49 64 2,
578 3564 194 68 April,
801 3568 152 63 1929]
1035 3564 354 69 Containing
1416 3566 77 51 all
1520 3565 99 51 the
1700 3565 160 52 United
1890 3563 188 55 States
2106 3568 239 49 statutes

351 3641 64 53 of
444 3661 31 33 a
506 3643 231 68 general
769 3644 112 51 and
914 3648 338 62 permanent
1279 3647 204 48 nature
1515 3643 233 52 enacted
1780 3641 154 53 from
1965 3642 264 68 January
2263 3645 82 63 11,

352 3723 151 63 1929,
527 3726 59 46 to
610 3721 204 52 March
839 3724 50 57 4,
916 3724 151 53 1929,
1092 3721 112 52 and
1230 3721 465 68 supplementing
1719 3720 72 54 U.
1821 3719 55 55 S.
1907 3719 156 55 Code
2086 3728 260 60 compact

350 3798 218 52 edition
605 3801 150 50 1928.
857 3797 82 55 [St.
975 3799 166 66 Paul,
1177 3799 202 66 Minn.,
1414 3799 161 53 West
1611 3798 336 68 publishing
1981 3817 98 49 co.,
2115 3801 153 63 1929]

418 3881 85 38 114
523 3891 43 37 p.
625 3881 55 40 23
685 3883 47 21 cm

353 3932 52 52 ©
435 3937 116 47 May
578 3936 69 47 14,
675 3936 142 46 1929;
848 3937 68 39 2c.
944 3938 95 38 and
1068 3937 82 39 aff.
1180 3937 126 39 June
1335 3937 55 38 10;
1448 3937 40 39 A
1516 3937 141 43 8606;
1688 3938 137 39 West
1852 3937 109 47 pub.
1990 3947 81 36 co.,
2106 3936 67 41 St.
2203 3937 136 47 Paul,

421 3995 95 38 and
541 3995 212 38 Edward
777 3995 274 46 Thompson
1076 4005 81 36 co.,
1184 3995 282 47 Northport,
1492 3995 52 39 L.
1571 3996 52 45 I.,
1649 3996 43 38 N
1716 3995 54 40 Y.
