2535 4403
1084 4025 101 50 459

207 464 1780 57 xiv, [11]-243, XV-XXIII p. incl. front., illus. maps (1 double) 18½ ᶜᵐ.
208 526 227 39 Lettered
463 535 60 29 on
551 535 141 29 cover
710 534 8 30 :
750 524 228 40 Barnes’s
1004 524 218 48 primary
1249 522 190 49 history
1467 524 52 39 of
1548 525 83 39 the
1661 524 180 42 United
1875 525 177 41 States.

139 578 51 54 ©
221 585 122 38 Mar.
370 583 70 46 29,
469 582 140 47 1929;
640 583 69 39 2c.
738 583 96 39 and
862 581 83 40 aff.
974 582 112 48 Apr.
1116 583 53 45 1;
1200 582 43 38 A
1270 580 142 47 7189;
1444 581 158 41 Amer,
1630 582 125 40 book
1784 590 67 33 co.
1930 577 51 52 [©
206 577 1909 113 revision]

394 638 252 48 (29-8764)

138 718 207 63 Erdos,
382 717 214 55 Renée.

135 790 1975 153 Ny í rfaerdö (szanatóriumi jegyzetek) Budapest, Révai kia d á s, 1927.
201 955 25 39 1
259 965 44 31 v.

137 1006 1978 104 © Mar. 23, 1927; 1c. Dec. 9; A—Foreign 36508; Révai testvérek irodalmi
384 1066 193 49 intézet,
607 1077 39 30 r.
676 1068 33 39 t.

137 1146 297 65 Ettinger,
474 1147 257 53 Richard
770 1147 291 54 Prentice.

207 1224 1927 73 Credits and collections, by Richard P. Ettinger … and
136 1298 1994 62 David E. Golieb … Rev. ed. Revised in collaboration with
136 1380 1997 73 Herbert M. Diamond … New York, Prentice-Hall, inc., 1928.
204 1461 1299 52 xii p., 1 l. , 520 p. incl. illus., diagrs., forms. 23½ ᶜᵐ.
204 1520 181 39 “Third
417 1518 231 49 printing,
684 1517 294 50 September,
1012 1518 157 41 1928.”

135 1570 51 54 ©
218 1576 128 47 Sept.
374 1577 40 46 1,
442 1574 142 48 1926;
613 1576 68 40 2c.
710 1575 123 41 Mar.
862 1575 68 48 18,
960 1574 140 48 1929;
1132 1575 83 41 aff.
1245 1575 123 42 Mar.
1396 1576 83 47 28;
1510 1576 41 39 A
1580 1577 141 47 7277;
1754 1576 377 48 Prentice-Hall,

201 1632 92 41 inc.
359 1631 111 50 (29-
495 1630 139 50 8789)

135 1712 204 65 Glenn,
377 1712 146 53 Paul
561 1712 53 53 J.

203 1790 123 52 The
353 1790 224 67 history
605 1788 65 54 of
698 1789 348 70 philosophy;
1107 1809 29 33 a
1170 1796 121 48 text
1320 1790 149 53 book
1500 1791 93 53 for
1624 1792 510 70 undergraduates,

132 1865 2000 74 by Paul J. Glenn … St. Louis, Mo. and London, B. Herder
133 1945 146 54 book
308 1964 97 49 co.,
437 1948 152 51 1929.

197 2028 422 48 xiii, 383 p. 22 ᶜᵐ.
199 2084 351 48 Bibliography
568 2095 9 29 :
608 2095 44 37 p.
682 2083 219 42 361-362.

134 2135 51 54 ©
214 2141 114 47 Apr.
356 2141 38 42 1,
422 2140 116 40 1929;
591 2140 70 41 2c.
689 2142 96 40 and
813 2140 83 41 aff.
923 2141 113 48 Apr.
1064 2142 26 38 4;
1148 2142 40 38 A
1216 2140 116 43 7260;
1389 2143 55 40 B.
1473 2143 190 39 Herder
1692 2144 123 40 book
1845 2156 67 28 co.
212 2196 251 50 (29-8708)

135 2261 199 64 Goetz,
374 2262 240 64 August
652 2262 274 65 William,
966 2269 170 49 1890-

204 2339 119 53 The
351 2340 115 69 gist
492 2339 65 54 of
582 2341 63 67 it,
670 2340 77 69 by
774 2341 70 52 A.
873 2340 69 55 G.
1004 2342 112 52 Los
1143 2342 267 69 Angeles,
1440 2343 69 53 A.
1537 2344 91 53 W.
1658 2344 196 66 Goetz,
1887 2349 147 49 1929.

201 2422 937 51 2 p. l., 9-227, [2] p. diagrs. 20ᶜᵐ.
199 2479 229 41 Lettered
457 2489 61 30 on
547 2490 142 29 cover
706 2490 9 29 :
749 2479 107 42 Gist
885 2481 53 39 of
967 2481 38 40 it;
1065 2480 358 50 psychological
1454 2483 149 40 hocus
1633 2493 163 38 pocus.

133 2529 1914 113 © Feb. 9, 1 929; 2c. Feb. 23; aff. Feb. 21; A 4944; A. William Goetz. (29-8703)
134 2656 377 65 Greenwood,
550 2658 237 65 Ernest,
829 2665 170 49 1883-

206 2735 1929 76 Prometheus, U. S. A., by Ernest Greenwood … New York
134 2815 112 53 and
274 2815 257 65 London,
562 2815 235 69 Harper
826 2818 46 50 &
899 2818 275 69 brothers,
1209 2820 149 54 1929.

201 2895 989 52 xvi p., 1 l. , 213, [1] p. plates. 21ᶜᵐ.
204 2951 129 40 “The
361 2953 136 47 story
525 2952 53 40 of
604 2952 88 40 fire
720 2953 95 40 and
847 2955 81 39 the
955 2965 117 29 even
1103 2966 132 30 more
1262 2956 268 49 important
1560 2960 135 46 story
1723 2959 53 40 of
1804 2960 83 40 the
131 2957 1985 93 development
293 3008 98 39 and
422 3018 88 30 use

540 3009 55 39 of
625 3008 200 42 various
857 3012 139 46 types
1028 3011 54 40 of
1112 3011 444 43 fuel.”—Author’s
1587 3014 261 43 foreword.

205 3063 162 41 “First
396 3064 228 41 edition.”

133 3114 51 53 ©
213 3119 115 48 Apr.
354 3119 40 43 3,
423 3119 114 41 1929;
594 3121 68 41 2c.
689 3120 115 49 Apr.
831 3122 26 40 3;
916 3122 81 41 aff.
1026 3123 114 48 Apr.
1168 3123 26 40 5;
1254 3124 39 40 A
1321 3125 114 40 7252;
1495 3127 194 48 Harper
1719 3128 35 40 &
1783 3128 125 43 bros.
213 3175 251 49 (29-8796)

134 3241 248 64 Horton,
421 3241 246 65 George,
707 3248 171 51 1859-

202 3318 186 54 Home
435 3319 64 53 of
541 3321 249 69 nymphs
834 3323 113 53 and
993 3325 315 68 vampires;
1355 3326 93 53 the
1496 3326 130 55 isles
1673 3327 64 54 of
1784 3329 227 69 Greece,
2056 3331 76 69 by

132 3393 1999 84 George Horton … Indianapolis, The Bobbs-Merrill company
137 3474 193 66 [ ᶜ1 929 ]
200 3554 892 49 319 p. incl. front. pla tes. 23ᶜᵐ.
136 3611 51 54 ©
214 3618 122 41 Mar.
362 3617 70 48 21,
458 3618 116 41 1929;
627 3620 67 40 2c.
722 3622 93 39 and
843 3621 82 40 aff.
953 3624 122 40 Mar.
1100 3624 84 46 28;
1213 3623 38 40 A
1279 3624 142 44 6233;
1451 3626 367 43 Bobbs-Merrill
1849 3640 68 30 co.
213 3673 251 50 (29-8712)

134 3738 331 66 Hostetter,
503 3741 233 55 Gordon
774 3744 65 55 L.

206 3817 104 54 It’s
340 3838 27 33 a
404 3819 222 54 racket!
697 3822 90 68 By
819 3822 231 54 Gordon
1083 3825 63 54 L.
1179 3826 297 53 Hostetter
1508 3831 109 51 and
1653 3830 249 55 Thomas
1935 3830 195 63 Quinn

137 3895 190 54 Beesley.
451 3898 269 71 Chicago,
750 3901 106 53 Les
885 3901 154 62 Quin
1067 3904 174 53 books
1272 3906 125 67 inc.,
1430 3910 149 50 1929.
