2542 4361
1132 3978 98 48 581

186 344 185 64 Dodd,
401 344 225 53 Walter
656 344 320 64 Fairleigh,
1009 349 171 49 1880-

251 421 310 67 Appellate
591 421 365 68 jurisdiction
989 422 113 52 and
1132 421 249 68 practice
1412 421 58 51 in
1501 421 98 52 the
1628 426 188 47 courts
1847 421 65 52 of
1939 422 246 66 Illinois,

182 498 2001 67 by Walter F. Dodd and Palmer D. Edmunds … with forms.
184 575 270 69 Chicago,
483 574 322 69 Callaghan
834 576 113 52 and
976 594 299 50 company,
1305 579 150 49 1929.

250 656 502 49 xlvi, 1160 p. 26 ᶜᵐ .
186 724 1728 52 © Apr. 15, 1929; 2c. and aff. Apr. 20; A 6660; Callaghan & co.
263 783 252 50 (29-9817)

183 892 369 63 Donhauser,
582 892 221 63 Joseph
833 892 178 65 Lewi,
1044 898 172 49 1883-

247 971 1937 69 A surgical diagnosis, by J. Lewi Donhauser … New York,
178 1051 257 67 London,
467 1050 71 52 D.
570 1049 297 68 Appleton
901 1052 111 51 and
1046 1068 298 54 company,
1380 1053 148 50 1929.

249 1131 136 40 xxvii
412 1142 58 37 p.,
499 1131 26 39 3
587 1162 8 15 l.,
624 1130 85 40 799
737 1140 42 37 p.
854 1130 144 48 illus.,
1025 1130 118 41 fold,
1173 1132 170 39 tables.
1403 1130 148 43 25½ᶜᵐ.

250 1200 349 41 “References”
625 1202 53 38 at
706 1201 91 39 end
826 1199 53 42 of
904 1202 112 46 part
1041 1201 52 40 of
1120 1202 82 39 the
1230 1202 241 47 chapters.

184 1268 53 52 ©
264 1273 114 47 Apr.
406 1272 70 47 19,
505 1271 139 47 1929;
733 1303 8 9 2c.
772 1272 93 39 and
895 1271 81 41 aff.
1005 1271 114 48 Apr.
1146 1271 83 47 23;
1261 1272 37 38 A
1329 1271 141 47 6712;
1501 1272 58 41 D.
1588 1272 239 47 Appleton
1857 1272 36 40 &
1921 1281 68 31 co.

261 1327 251 49 (29-9810)

183 1422 240 64 Forbes,
456 1421 192 55 Allan.

249 1500 221 51 France
500 1499 111 52 and
642 1499 140 52 New
815 1499 290 68 England,
1135 1498 337 69 containing
1502 1518 73 33 an
1607 1505 238 47 account
1874 1499 65 54 of

179 1499 1977 146 Champlain’s
426 1577 160 52 three
622 1594 248 50 voyages
910 1577 174 68 along
1122 1577 97 52 the
1258 1577 137 52 New
1439 1577 271 68 England
1752 1582 171 62 coast,
1965 1578 141 52 with
2148 1598 29 33 a

178 1654 352 67 description
567 1652 65 53 of
669 1654 97 51 the
804 1654 161 67 ships
1004 1653 64 53 of
1108 1652 367 68 Champlain,
1514 1653 90 53 De
1640 1655 194 51 Monts
1875 1655 113 51 and
2029 1655 154 51 their

179 1729 2001 71 followers … to which are added reproductions of rare prints
179 1809 111 52 and
319 1827 181 49 maps,
527 1808 75 68 by
630 1807 178 52 Allan
838 1807 214 53 Forbes
1082 1808 109 52 and
1224 1808 148 51 Paul
1402 1808 65 52 F.
1500 1807 275 54 Cadman.
1842 1827 51 34 v.
1925 1811 46 49 3.

177 1810 1977 142 Boston,
327 1885 165 55 State
519 1891 173 48 street
718 1890 153 48 trust
901 1902 299 51 company,
1235 1888 150 49 1929.

246 1966 1628 51 4 p. l., xi-xvi, [2], 97 p. front., illus., maps, facsims. 26 ᶜᵐ .
182 2033 52 53 ©
258 2037 115 48 Apr.
398 2037 70 47 23,
495 2036 140 47 1929;
662 2037 67 40 2c.
756 2037 96 39 and
879 2035 82 42 aff.
989 2037 114 46 May
1129 2037 53 46 1;
1210 2036 40 39 A
1277 2035 141 48 7846;
1451 2036 139 41 State
1614 2040 151 37 street
1793 2040 132 37 trust
1951 2048 67 29 co.

180 2146 163 64 Fort,
379 2145 155 53 John
568 2145 64 54 P.

250 2221 175 56 Stone
447 2222 358 69 Daugherty,
828 2223 75 68 by
927 2221 155 54 John
1109 2223 64 51 P.
1201 2223 158 51 Fort.
1421 2222 138 52 New
1586 2222 179 66 York,
1791 2223 191 66 Dodd,
2005 2223 168 53 Mead

176 2303 45 49 &
250 2319 298 50 company,
580 2302 151 51 1929.

247 2359 433 71 xi, 307 p. 20 ᶜᵐ .
179 2448 52 52 ©
262 2453 113 47 Apr.
405 2453 69 44 19,
506 2452 139 41 1929:
677 2452 68 41 2c.
775 2453 113 47 Apr.
919 2453 55 38 24;
1036 2451 83 42 aff.
1149 2452 114 48 Apr.
1293 2451 84 42 26:
1409 2452 41 38 A
1480 2453 141 46 7731;
1653 2453 42 40 J.
1732 2453 48 41 P.

1813 2453 130 47 Fort,
247 2453 1909 104 Chattanooga,
445 2509 148 39 Tenn.
681 2508 233 50 (29-9934)

174 2602 256 64 Fritsch,
463 2603 167 64 Jean,
668 2608 170 49 1858-

243 2680 166 55 Traité
485 2684 66 52 de
595 2682 324 54 biscuiterie
964 2689 53 46 et
1064 2684 68 52 de
1179 2681 296 69 patisserie
1520 2681 403 70 industrielles,
1970 2702 106 50 par
2120 2684 57 53 J.

174 2761 2004 67 Fritsch … et Ph. Grospierre … Avec 113 gravures dans le
172 2843 152 48 texte
365 2839 141 52 dont
545 2856 108 34 une
695 2839 256 67 planche.
1045 2838 186 59 Paris,
1273 2836 329 71 Desforges,
1644 2837 278 55 Girardot
1965 2846 53 46 et
2061 2839 117 68 cie.,

173 2920 150 49 1928.

243 2996 940 49 viii, 405 p. illus., fold. pl. 25½ ᶜᵐ .
179 3064 53 52 ©
258 3069 114 48 Apr.
398 3069 40 48 1,
464 3068 140 48 1928;
632 3069 67 41 1c.
726 3069 112 41 Dec.
866 3068 82 47 10;
977 3068 311 48 A—Foreign
1316 3067 140 47 1707;
1487 3068 124 40 Jean
1639 3068 207 47 Fritsch,
245 3068 1913 96 Villeneuvele

319 3125 105 48 Roi,
455 3125 187 40 France
670 3126 95 39 and
796 3125 225 48 Philippe
1051 3124 298 48 Grospierre,
1384 3124 308 48 Courhevoie,
1725 3125 199 41 France.

256 3180 252 49 (29-9861)

179 3274 272 64 Garnett,
484 3274 210 64 David,
730 3280 170 50 1893-

243 3351 88 53 No
372 3353 125 52 love
559 3352 93 69 [by]
699 3352 194 53 David
937 3352 261 55 Garnett.
1273 3352 259 66 London,
1576 3351 210 55 Chatto
1827 3354 45 50 &
1913 3352 264 60 Windus,

175 3432 150 50 1929.

244 3511 570 50 3 p. l., 275 p. 19½ ᶜᵐ .
179 3577 1992 54 © 1c. Apr. 27, 1929: A ad int. 12601 : pubd. Apr. 23: Alfred A. Knopf,
246 3637 104 49 inc.,
381 3639 118 41 New
527 3640 143 40 York.
738 3639 282 49 (29-10423)

178 3740 265 67 Gautier,
481 3743 188 53 Emile
708 3743 183 65 Felix,
933 3749 170 50 1864-

311 3818 1861 70 … Le Sahara, avec 10 figures et 26 illustrations hors texte.
172 3896 184 58 Paris,
389 3898 202 67 Payot,
630 3901 149 50 1928.
