2542 4389
1095 4023 135 53 1267

212 459 1215 51 2 p. l., vii-xii p., 1 l., 638, 62, 4, [2] p. 17½ ᶜᵐ .
214 530 228 41 Lettered
474 540 61 29 on
567 540 168 30 cover:
772 529 224 49 Ragland
1030 530 273 41 California
1338 531 129 40 code.
1530 529 138 47 Civil,
1703 531 280 45 annotated,
2016 530 131 41 1929.

215 585 353 41 “Annotations
608 587 49 39 to
695 587 97 39 and
829 585 252 50 including
1117 587 85 40 202
1240 586 274 42 California
1554 587 94 39 and
1688 585 55 40 86
1783 586 255 48 Appellate
142 597 1986 94 reports”
327 653 9 29 :
368 642 55 40 62
452 653 43 37 p.
526 644 51 38 at
606 643 107 40 end.

152 708 1989 54 © Aug. 8, 1929; 2c. and aff. Aug. 21; A 10957 ; Rufus E. Ragland, San
221 769 276 41 Francisco.
561 768 282 50 (29-17652)

150 862 345 57 California.
568 864 167 53 Laws
742 908 11 25 ,
781 870 239 49 statutes
1027 909 10 23 ,
1068 872 100 48 etc.

214 939 1873 69 The Code of civil procedure of the state of California …
142 1018 98 53 the
274 1022 145 49 state
456 1017 151 55 Code
644 1017 65 53 of
744 1017 135 53 civil
915 1020 328 69 procedure,
1281 1019 249 68 adopted
1566 1020 203 51 March
1808 1019 150 55 11th,
1998 1020 152 66 1872,

144 1097 140 52 with
315 1098 96 51 the
440 1095 338 69 subsequent
807 1095 200 54 official
1037 1102 212 48 statute
1280 1098 388 52 amendments
1698 1102 58 48 to
1786 1097 114 53 and
143 1097 1981 147 including

276 1177 151 65 1929,
457 1174 325 53 annotated.
850 1174 213 53 Edited
1095 1175 113 52 and
1239 1176 310 52 annotated
1577 1175 75 69 by
1680 1175 69 52 R.
1781 1175 68 52 E.
1879 1175 270 68 Ragland

206 1250 1800 72 … San Francisco, California law book exchange [ ᶜ1 929 ]
215 1348 1252 51 2 p. l., vii-xiii p., 1 l., 640, 80, 6 p., 1 l. 17½ ᶜᵐ .
215 1421 228 41 Lettered
477 1431 60 29 on
568 1429 169 31 cover:
773 1419 225 49 Ragland
1033 1419 273 41 California
1341 1421 130 39 code.
1533 1419 125 42 Civil
1690 1421 280 47 procedure,
145 1432 1986 92 annotated,
324 1475 130 43 1929.

217 1533 354 41 “Annotations
609 1534 49 38 to
696 1533 96 38 and
830 1531 252 49 including
1118 1532 86 40 202
1245 1532 272 41 California
1558 1534 96 39 and
1691 1533 57 41 86
1785 1534 256 48 Appellate
144 1546 1988 92 reports”:
370 1589 56 40 80
454 1599 43 39 p.
527 1591 53 38 at
608 1589 107 41 end.

153 1654 1993 55 © Aug. 7, 1929; 2c. and aff. Aug. 13; A 11623; Rufus E. Ragland, San
223 1716 275 40 Francisco.
563 1715 283 49 (29-17653)

152 1812 165 63 Carr,
347 1810 251 54 Michael
629 1810 266 54 Francis.

218 1889 355 69 Estimating
605 1889 96 52 the
735 1894 119 47 cost
885 1887 65 53 of
982 1888 187 70 ships;
1205 1888 142 54 with
1380 1889 380 55 illustrations
1793 1893 113 52 and
1938 1892 213 68 special

147 1967 288 53 reference
482 1972 59 48 to
589 1966 240 70 weights
877 1967 114 53 and
1039 1968 163 52 other
1250 1967 363 70 particulars,
1658 1969 77 68 by
1781 1971 79 51 M.
1911 1970 240 54 Francis

149 2045 1863 71 Carr … New York, N. Y., Theo. Gaus’ sons, inc. [ ᶜ1929]
254 2141 665 51 v, [1], 245 p. illus. 21 ᶜᵐ .
157 2209 1992 53 © June 29, 1929 ; 2c. July 8; aff. July 5; A 10171 ; M. F. Carr, Oakland,
225 2270 146 41 Calif.
438 2269 281 50 (29-17537)

157 2366 208 63 Casey,
395 2364 247 56 Charles
668 2365 62 55 C.

219 2441 121 53 The
369 2459 127 50 way
527 2447 57 47 to
616 2459 154 35 more
802 2441 338 69 productive
1170 2441 234 69 selling;
1440 2459 73 35 an
1545 2441 290 54 advanced
1865 2459 193 35 course
2089 2442 65 52 of

147 2519 259 70 training
447 2518 94 54 for
580 2524 226 64 greater
844 2520 225 52 volume
1108 2520 115 52 and
1262 2525 195 63 repeat
1496 2519 159 67 sales,
1694 2519 77 69 by
1809 2519 238 55 Charles
2090 2520 62 54 C.

150 2595 2004 71 Casey … 1st ed. … New York [etc.] McGraw-Hill book
148 2693 297 51 company,
474 2675 127 68 inc.,
632 2678 151 50 1929.

218 2772 1387 49 viii, 157 p. illus. 21 ᶜᵐ . (A Shaw business book)
158 2838 1978 53 © Aug. 12, 1929 ; 2c. and aff. Aug. 15 ; A 11661 ; McGraw-Hill book co.,
226 2899 92 41 inc.
381 2898 280 50 (29-17568)

157 2992 224 65 Cellini,
410 2993 367 65 Benvenuto,
809 2995 325 53 1500-1571.

222 3072 122 52 The
367 3070 463 70 autobiography
855 3071 64 53 of
943 3074 336 51 Benvenuto
1305 3071 227 67 Cellini,
1558 3072 317 52 translated
1901 3073 75 67 by
2000 3072 157 56 John

151 3148 344 70 Addington
528 3149 284 69 Symonds
830 3171 10 45 ;
875 3149 141 54 with
1049 3169 72 33 an
1155 3149 390 53 introduction
1575 3150 75 68 by
1679 3151 199 68 Harry
1909 3150 247 68 Morgan

152 3226 1763 70 Ayres … New York, The Macmillan company, 1929.
258 3309 1807 49 x p., 1 l., 450 p. incl. front. 18½ ᶜᵐ . (The modern readers’ series)
160 3374 1724 55 © Aug. 23, 1929 ; 2c. and aff. Aug. 24 ; A 11819 ; Macmillan co.
240 3435 281 51 |(29-17476)

161 3527 346 66 Champion,
537 3528 202 54 Pierre
770 3530 239 53 Honoré
1039 3531 147 52 Jean
1219 3529 294 64 Baptiste,
1547 3534 171 50 1880-

222 3605 1937 71 Louis XI , by Pierre Champion; translated and adapted by
153 3682 2009 71 Winifred Stephens Whale … New York, Dodd, Mead &
154 3778 297 52 company,
482 3764 149 51 1929.

224 3819 948 75 ix, 309 p. front., pl., ports. 24 ᶜᵐ .
165 3907 1993 60 © Aug. 16, 1929 ; 2c. Aug. 21 ; aff. Aug. 22 ; A 11796; Dodd, Mead & co.,
231 3968 91 41 inc.
391 3970 279 48 (29-17405)
