2547 4384
1382 4069 99 50 808

484 487 200 40 “Issued
717 486 51 39 in
802 496 27 29 a
862 485 191 40 limited
1087 485 184 40 edition
1305 485 52 39 of
1389 484 86 40 250
1508 485 337 47 autographed
1879 483 202 49 copies.”
2145 482 120 41 This
2299 493 119 38 copy

409 543 193 40 neither
631 542 337 48 autographed
999 552 88 29 nor
1117 541 279 40 numbered.

762 611 162 39 CONTENTS.—The
959 611 248 40 evolution
1240 610 52 41 of
1324 611 82 39 the
1441 611 180 47 college
1654 609 298 41 curriculum;
2015 609 291 49 president’s
412 611 1989 104 address,
593 667 128 48 1887,

755 669 52 37 at
838 667 81 39 the
951 666 338 49 organization
1321 667 52 39 of
1403 667 81 39 the
1516 665 209 41 Indiana
1758 667 181 47 college
1970 666 449 40 association.—An

413 725 203 47 apology
649 723 80 40 for
764 724 81 39 the
880 723 258 40 American
1174 722 272 48 university;
1511 724 407 38 commencement
1953 723 203 40 address
2193 725 52 37 at
411 723 1991 98 Stanford
553 779 288 49 university,

870 779 140 49 June,
1041 778 295 42 1898.—The
1364 778 260 42 American
1654 778 273 49 university
1956 781 196 47 system,
2183 781 111 47 past
2324 780 96 40 and

412 839 196 46 present
639 836 143 50 [1927]

419 903 52 52 ©
503 909 113 45 May
646 907 39 46 8,
717 906 115 41 1929;
890 907 68 40 2c.
989 908 96 38 and
1114 906 82 40 aff.
1228 908 115 46 May
1372 906 57 40 28;
1488 907 42 38 A
1560 906 114 40 9365;
1734 907 163 40 Board
1930 907 52 40 of
2014 909 212 38 trustees
2257 907 51 40 of
2340 908 81 39 the

487 965 183 39 Leland
700 963 235 42 Stanford
957 946 169 65 Junior
1152 963 286 48 university,
1471 963 235 40 Stanford
1734 963 297 48 University,
2061 964 146 41 Calif.

497 1021 282 49 (29-12159)

414 1115 581 64 Kavanagh-Priest,
1026 1116 190 55 Anne.

484 1194 273 53 Memoirs
792 1193 64 53 of
890 1212 31 34 a
956 1193 210 55 Gothic
1199 1193 327 68 American,
1561 1194 76 68 by
1669 1193 170 54 Anne
1873 1192 548 71 Kavanagh-Priest

477 1271 1443 70 … New York, The Macmillan company, 1929.
483 1353 531 48 5 p. l., 3-500 p. 22½ᶜᵐ.
420 1420 52 52 ©
498 1426 122 39 Mar.
646 1423 69 48 26,
742 1424 115 40 1929;
909 1424 68 40 2c.
1004 1425 96 38 and
1124 1424 82 40 aff.
1235 1425 122 39 Mar.
1384 1425 56 39 27;
1493 1425 41 38 A
1558 1424 115 41 7115;
1729 1424 283 41 Macmillan
2038 1436 67 29 co.
499 1481 282 49 (29-12061)

416 1575 177 64 King,
629 1576 201 52 Frank
863 1576 47 53 O
1199 1581 172 50 1883-

488 1652 272 55 Gasoline
796 1654 166 68 alley,
997 1653 76 70 by
1109 1654 200 51 Frank
1343 1653 179 70 King.
1596 1653 272 70 Chicago,
1905 1654 140 53 New
2083 1654 182 68 York,
2303 1655 121 52 The

417 1731 759 69 Reilly & Lee co. [ ᶜ1 929 ]
491 1812 472 50 [88] p. illus. 22½ ᶜᵐ.
423 1880 52 52 ©
502 1886 115 46 May
641 1885 68 47 13,
736 1884 117 41 1929;
905 1885 67 40 2c.
999 1887 114 45 May
1137 1886 57 39 27;
1248 1885 81 40 aff.
1356 1886 115 47 May
1494 1885 56 40 23;
1603 1886 42 39 A
1669 1886 115 41 8347;
1838 1886 160 47 Reilly
2022 1887 95 39 and
2143 1886 95 40 Lee
2262 1897 68 29 co.

502 1942 281 49 (29-12162)

420 2036 198 64 Laird,
650 2037 228 52 Donald
909 2037 331 63 Anderson,
1275 2038 170 54 1897-

487 2115 338 69 Increasing
866 2115 265 68 personal
1172 2114 306 70 efficiency;
1525 2116 97 51 the
1664 2116 353 69 psychology
2057 2116 64 53 of
2162 2117 265 68 personal

417 2194 2009 68 progress, by Donald A. Laird … 2d ed., rev. and enl. New
419 2272 1459 69 York and London, Harper & brothers [ ᶜ1 929 ]
490 2354 1159 50 xii p., 1 l. , 242 p. illus., plates, diagrs. 21ᶜᵐ.
491 2427 414 40 “Recommended
933 2425 229 49 reading”
1183 2437 8 29 :
1221 2437 42 37 p.
1294 2425 218 42 241-242.

427 2494 52 52 ©
505 2500 113 46 May
642 2498 69 47 25,
738 2497 117 41 1929;
905 2498 67 39 2c.
997 2499 115 46 May
1135 2498 55 39 25;
1244 2497 83 41 aff.
1354 2499 113 47 May
1490 2498 57 40 28;
1603 2499 40 38 A
1668 2498 112 40 9331;
1838 2499 197 48 Harper
2058 2498 37 40 &
2118 2499 126 40 bros.

505 2555 282 49 (29-12067)

425 2650 329 64 Laumann,
789 2651 47 51 E
1122 2649 80 55 M.

555 2727 1874 68 … Des lettres … des larmes, roman. Paris, J. Tallandier
429 2808 193 65 [ ᶜ1 928 ]
494 2886 275 49 222 p. 19 ᶜᵐ.
430 2954 1947 52 © Oct. 26, 1928; 1c. Mar. 8, 1929; A— Foreign 2276; Jules Tallandier.
509 3015 281 49 (29-12527)

428 3111 159 63 Law,
624 3111 86 51 De
746 3110 170 55 Witt.

504 3189 254 55 Soldiers
787 3188 65 54 of
878 3190 96 52 the
1001 3190 72 52 D.
1102 3189 71 53 A.
1202 3189 89 69 Y.,
1318 3190 77 68 by
1422 3189 89 53 De
1537 3189 152 53 Witt
1715 3189 166 67 Law;
1915 3209 31 33 a
1972 3189 225 69 history
2226 3189 64 54 of
430 3189 1976 131 disabled

428 3266 1977 148 war veterans and the American pension system. [Pasadena, Calif., ᶜ1 929]
495 3425 572 50 3 p. l., [9]-296 p. 20½ ᶜᵐ.
433 3492 52 52 ©
517 3498 113 46 May
658 3497 72 46 22,
763 3496 115 40 1929;
937 3497 68 40 2c.
1035 3498 115 46 May
1180 3496 55 40 27;
1296 3496 82 40 aff.
1410 3498 115 46 May
1555 3497 55 40 28;
1671 3497 42 39 A
1742 3497 115 40 9336;
1918 3499 72 38 De
2021 3497 126 41 Witt
2175 3498 130 45 Law,
2338 3497 93 40 Los

500 3554 220 47 Angeles.
793 3553 280 49 (29-12106)

432 3649 174 63 Loeb,
651 3648 222 53 Harold
916 3648 73 54 A.

497 3726 314 68 Tumbling
839 3727 259 52 mustard
1134 3725 108 70 [by]
1277 3727 227 52 Harold
1532 3726 169 54 Loeb.
1776 3727 139 53 New
1946 3726 179 69 York,
2156 3728 78 52 H.
428 3727 1978 146 Liveright,
632 3808 150 49 1929.

497 3885 278 49 405 p. 20 ᶜᵐ.
435 3952 1891 53 © May 28, 1929; 2c. and aff. May 31; A 9421; Horace Liveright, inc.
513 4014 281 49 (29-12055)
