2533 4342
1350 4004 133 50 1408

496 450 618 50 iv p., 1 l., 112 p. 21 ᶜᵐ .
497 522 114 40 Two
647 521 53 40 of
735 522 83 40 the
853 523 211 39 lectures
1101 521 243 41 delivered
1381 524 53 38 at
1471 523 80 39 the
1588 522 237 41 Institute
1862 523 52 39 of
1948 523 207 49 politics,
2192 524 243 40 Williams

425 579 193 47 college,
645 577 190 49 August
863 577 129 48 1928,
1018 578 98 39 and
1143 578 82 40 the
1251 577 221 41 author’s
1500 579 222 40 remarks
1749 580 140 38 made
1916 582 53 37 at
1996 580 82 39 the
2106 582 193 45 general
424 591 1992 90 conferences,
686 644 59 30 on
774 634 81 40 the

883 633 192 48 subject
1102 633 53 41 of
1182 634 307 40 Manchuria,
1546 635 62 47 cf.
1638 634 132 41 Pref.

432 700 53 52 ©
516 705 119 47 Aug.
666 703 69 49 16,
766 703 115 41 1929;
941 705 69 40 2c.
1041 705 121 44 Aug.
1192 705 54 40 31;
1308 704 84 42 aff.
1421 705 122 47 Aug.
1574 704 56 40 29;
1693 706 41 38 A
1764 705 145 40 11964;
1969 707 119 39 Yale
2120 707 130 39 univ.
2282 716 150 38 press.
507 760 280 49 (29-18107)

424 871 317 64 Wyoming
771 871 310 53 historical
1113 872 116 52 and
1262 871 322 64 geological
1616 871 245 65 society.

557 950 1880 69 … Proceedings and collections … for the years 1925 and
427 1032 150 50 1926.
653 1029 107 53 Ed.
811 1030 75 70 by
936 1029 250 53 Frances
1234 1029 312 70 Dorrance,
1595 1031 265 51 director,
1935 1049 52 34 v.
2036 1032 83 49 20.
427 1028 2010 136 Wilkes-Barrá.

653 1110 120 65 Pa.,
801 1109 245 52 Printed
1073 1108 95 53 for
1193 1109 95 52 the
1318 1108 243 69 Society,
1588 1109 122 52 The
1738 1109 67 51 E.
1833 1110 67 51 B.
1929 1109 203 68 Yordy
2161 1127 97 41 со.,
2286 1112 151 50 1929.

497 1190 152 47 lxxvi,
681 1190 88 39 272
798 1200 44 37 p.
902 1189 167 48 front.,
1102 1191 173 46 plates,
1309 1191 151 46 ports.
1519 1189 118 40 24ᶜᵐ.

430 1257 53 52 ©
510 1261 121 48 Aug.
659 1261 69 47 13,
755 1260 115 41 1929;
926 1261 69 40 2c.
1025 1260 129 48 Sept.
1183 1261 82 46 12;
1297 1260 82 41 aff.
1411 1260 129 48 Sept.
1568 1261 83 47 11;
1682 1260 41 40 A
1752 1260 172 48 12670;
1954 1261 257 49 Wyoming
498 1261 1917 97 historical
599 1318 37 40 &
660 1318 263 48 geological
952 1328 109 34 soc.,
1087 1318 377 47 Wilkes-Barre,
1494 1318 83 40 Pa.

425 1429 145 53 Yale
602 1428 355 64 university.

492 1507 121 52 The
652 1505 364 54 excavations
1054 1512 60 47 at
1150 1494 479 80 Dura-Europos.
1664 1507 313 52 conducted
2013 1506 76 69 by
2127 1506 145 53 Yale
422 1507 1982 146 university

673 1584 114 53 and
823 1584 95 53 the
956 1584 224 53 French
1219 1584 295 68 Academy
1550 1584 65 53 of
1649 1584 371 68 inscriptions
2058 1585 114 52 and
2208 1586 223 56 letters;

420 1662 378 68 preliminary
828 1667 197 62 report
1054 1662 65 52 of
1145 1662 126 53 first
1299 1680 195 35 season
1526 1662 65 52 of
1621 1662 175 65 work,
1826 1662 204 69 spring
2062 1666 152 62 1928,
2244 1663 190 53 edited

419 1739 2015 70 by P. V. C. Baur … and M. I. Rostovtzeff … with a preface
419 1818 2015 71 by James Rowland Angell … New Haven, Yale university
420 1915 185 50 press;
641 1897 259 66 London,
934 1896 77 52 H.
1046 1895 268 56 Milford,
1350 1895 230 55 Oxford
1615 1896 321 67 university
1970 1915 175 49 press,
2179 1900 151 49 1929.

525 2012 9 10 x.
564 1982 55 38 77
647 1990 43 37 p.
746 1980 130 39 illus.
904 1979 134 48 (incl.
1069 1978 136 49 map)
1242 1979 119 40 fold.
1390 1980 129 47 plan.
1576 1978 147 42 26½ᶜᵐ.

426 2047 53 52 ©
510 2052 121 48 Aug.
664 2051 39 47 9,
736 2050 114 40 1929;
913 2050 67 41 2c.
1014 2051 122 47 Aug.
1169 2050 83 46 24;
1289 2050 82 41 aff.
1405 2051 121 47 Aug.
1559 2051 81 41 22;
1679 2051 39 38 A
1752 2050 145 41 11830;
1960 2052 118 39 Yale
2113 2052 131 40 univ.
2279 2063 151 36 press.

501 2108 282 49 (29-17852)

424 2219 247 63 Yerkes,
700 2219 224 53 Robert
953 2220 261 63 Mearns,
1245 2219 171 54 1876-

496 2300 122 51 The
657 2306 163 61 great
859 2318 151 49 apes,
1050 2318 31 33 a
1120 2299 172 68 study
1332 2298 64 53 of
1434 2298 346 68 anthropoid
1825 2299 123 56 life,
1986 2300 75 67 by
2100 2298 216 53 Robert
2352 2299 81 52 M.

425 2375 1984 149 Yerkes … and Ada W. Yerkes … New Haven, Yale university
565 2474 185 50 press;
780 2456 261 64 London,
1069 2455 76 52 H.
1173 2455 268 56 Milford,
1468 2454 231 55 Oxford
1729 2454 320 71 university
2077 2474 174 50 press,
2282 2458 151 49 1929.

489 2536 99 46 xix,
621 2536 85 41 652
738 2547 44 37 p.
842 2535 130 42 illus.
1002 2535 135 48 (incl.
1168 2536 178 47 music)
1388 2536 180 48 diagrs.
1628 2537 118 40 27ᶜᵐ.

492 2607 292 41 “Published
813 2619 59 28 on
899 2609 82 39 the
1009 2607 148 41 Louis
1186 2608 143 41 Stern
1356 2606 250 42 memorial
1635 2606 170 41 fund.”

492 2665 380 48 “Bibliography
907 2665 80 40 for
1023 2666 195 39 natural
1259 2664 190 47 history
1485 2666 93 38 and
1614 2664 375 49 psychobiology
2028 2665 52 39 of
2116 2666 81 38 the
420 2666 1992 103 anthropoid
557 2732 116 38 apes
699 2724 49 38 to
773 2722 143 40 1928”:
973 2732 45 38 p.

1048 2722 234 49 [593]-617;
1340 2722 228 40 “Studies
1595 2722 52 39 of
1674 2721 233 41 behavior
1934 2722 49 40 in
2013 2724 170 45 lemur,
2210 2722 220 46 Tarsius,
418 2779 233 48 monkey”:
714 2790 43 37 p.
789 2779 220 41 578-580.

422 2847 53 52 ©
506 2850 121 46 Aug.
658 2852 56 39 23,
760 2850 114 40 1929;
935 2851 70 40 2c.
1040 2850 129 48 Sept.
1201 2850 53 47 3;
1289 2850 82 41 aff.
1403 2851 121 45 Aug.
1557 2850 56 40 30;
1677 2850 41 39 A
1750 2850 171 42 11989;
1956 2851 119 39 Yale
2109 2850 130 39 univ.
2274 2860 150 36 press.

499 2903 280 53 (29-18079)

412 3018 217 63 Young
654 3017 255 64 people’s
938 3018 231 52 Luther
1196 3018 227 63 league.

484 3098 121 51 The
634 3098 328 66 changeless
994 3097 194 54 Christ;
1251 3116 268 37 sermons,
1550 3098 310 54 addresses,
1889 3101 222 58 reports
2140 3097 113 52 and
414 3095 1988 134 minutes

567 3173 1860 69 of the fifth international convention … at Duluth, Minn.,
416 3253 151 54 June
610 3259 117 64 1-5,
770 3255 150 52 1929.
999 3252 199 68 Comp.
1242 3254 43 51 &
1327 3254 83 52 ed.
1451 3254 77 68 by
1568 3254 69 52 N.
1679 3252 79 54 M.
1804 3251 323 55 Ylvisaker.
414 3250 1987 151 Minneapolis,
648 3332 314 69 Augsburg
997 3331 338 68 publishing
1367 3331 191 56 house,
1594 3333 150 50 1929.

485 3411 1061 50 7 p. l., 17-243 p. illus.. plates. 22 ½ᶜᵐ .
419 3478 52 52 ©
508 3483 129 48 Sept.
670 3482 70 47 30,
775 3482 114 40 1929;
953 3483 69 40 2c.
1055 3483 96 39 and
1187 3482 81 40 aff.
1305 3481 102 41 Oct.
1443 3482 26 40 3;
1533 3482 43 38 A
1609 3481 170 46 12739;
1816 3481 259 48 Augsburg
2110 3482 109 47 pub.
2255 3481 165 40 house.

418 3592 202 64 Zeller,
654 3591 195 54 Renée
883 3593 42 53 С
1212 3593 63 52 T.

545 3668 1428 67 … Lacordaire. [Paris] E. Flammarion [ 1929]
483 3749 87 41 219
596 3761 58 37 p.,
680 3750 27 40 1
756 3782 9 8 l.
824 3749 146 41 19½ᶜᵐ.
1042 3749 116 48 (Les
1187 3750 181 47 grands
1395 3748 182 49 cœurs)

483 3821 65 40 At
574 3822 126 39 head
728 3820 54 40 of
806 3820 109 41 title:
972 3821 162 39 Renée
1163 3821 169 39 Zeller.

418 3889 1999 52 © May 23, 1929; 1c. June 7; A—Foreign 3239; Ernest Flammarion.
494 3949 280 39 (29-17179)
