2533 4342
1386 3988 133 48 1458

517 427 1020 53 2 p. l., [vii]-viii, [9]-172 p., 1 l. 19 ᶜᵐ .
453 497 1825 52 © May 9, 1929; 1c. June 28; A— Foreign 3731; Jules Tallandier.
530 556 281 49 (29-19546)

443 652 262 62 Muzzey,
735 650 190 53 David
955 649 235 55 Saville.

515 730 245 68 History
802 728 64 54 of
907 730 97 50 the
1044 729 308 51 American
1396 729 216 67 people.
1692 728 363 69 Cambridge,
2097 728 191 70 Mass.,
2331 728 122 52 The

443 808 362 52 Athenaeum
832 825 177 50 press,
1039 809 148 49 1929.

518 888 26 39 1
606 919 10 9 v.

452 954 52 52 ©
535 959 114 46 May
678 958 68 40 13.
776 957 116 39 1929;
949 957 68 40 2c.
1048 958 96 38 and
1172 957 83 41 aff.
1286 956 127 41 June
1441 957 56 40 27;
1558 957 39 38 A
1628 957 114 39 8971;
1804 957 57 41 D.
1896 957 43 41 S.
1972 958 212 47 Muzzey,
2215 957 233 47 Yonkers,

520 1015 56 40 N.
604 1015 54 39 Y.
735 1009 51 53 [©
814 1023 105 30 new
947 1015 106 38 text
1079 1015 196 47 matter]

444 1109 283 52 National
754 1108 227 63 society
1010 1108 97 52 for
1136 1108 103 52 the
1269 1109 182 61 study
1477 1108 64 52 of
1570 1108 373 52 educational
1971 1108 315 63 sociology.

517 1187 327 68 Objectives
891 1189 64 50 of
1003 1188 317 66 education,
1368 1189 282 65 prepared
1698 1188 74 67 by
1819 1185 201 69 Philip
2063 1188 91 53 W.
2201 1187 64 51 L.
2315 1186 140 69 Cox,

446 1267 237 52 Charles
723 1267 60 52 C.
825 1267 214 57 Peters,
1079 1266 189 52 David
1314 1264 281 55 Snedden.
1676 1264 218 54 Second
1933 1266 286 68 yearbook
2257 1265 63 53 of
2363 1265 92 52 the

444 1344 274 52 National
750 1344 211 68 society
995 1343 93 52 for
1119 1345 95 50 the
1245 1343 169 68 study
1448 1343 63 50 of
1544 1342 361 52 educational
1936 1342 303 69 sociology.
2317 1342 138 52 New

446 1423 164 50 York
647 1423 134 67 city.
820 1422 280 51 Teachers
1139 1421 231 67 college,
1408 1419 302 54 Columbia
1749 1419 338 71 university,
2127 1424 149 49 1929.

519 1478 1024 72 vi p., 1 l., 185 p. illus., tables. 23 ᶜᵐ .
452 1568 52 53 ©
541 1574 112 39 Feb.
689 1573 38 47 8,
764 1572 115 39 1929;
942 1572 69 40 2c.
1048 1571 112 48 Apr.
1197 1570 56 39 24;
1319 1570 83 40 aff.
1440 1571 122 40 Mar.
1600 1571 55 38 11;
1722 1571 42 38 A
1799 1570 114 41 6779;
1979 1570 242 41 Teachers
2257 1572 193 47 college,

520 1628 253 42 Columbia
803 1628 131 40 univ.

449 1723 306 64 Newman,
782 1722 156 53 John
966 1722 224 63 Henry,
1220 1722 275 68 cardinal,
1525 1725 327 51 1801-1890.

521 1802 411 68 Introductory
973 1801 216 53 studies
1230 1801 60 52 in
1331 1800 294 69 Newman,
1666 1800 140 52 with
1846 1800 410 69 introduction,
2295 1804 159 49 notes

452 1882 114 51 and
607 1879 291 53 inductive
939 1879 316 67 questions;
1300 1898 31 33 a
1373 1878 298 52 text-book
1713 1877 94 53 for
1848 1898 96 33 use
1984 1879 59 52 in
2086 1878 187 53 senior
2312 1878 143 69 high

451 1959 190 53 school
676 1959 113 52 and
822 1957 212 68 college
1067 1958 220 64 classes,
1319 1956 172 69 study
1524 1956 157 54 clubs
1714 1957 113 52 and
1862 1956 241 69 reading
2135 1956 215 70 circles,
2380 1956 74 70 by

454 2034 2001 70 Sister Mary Antonia … with foreword by the Rt. Rev. Thomas
450 2111 2006 70 J. Shahan … New York, Cincinnati [etc. ] Renziger brothers,
454 2196 149 50 1929.

587 2270 908 51 xv, 217 p. incl. front. (port.) 19 ᶜᵐ .
452 2340 1919 52 © Sept. 14, 1929; 2c. Sept. 19: aff. Sept. 20; A 13494; Benziger bros.
530 2399 282 50 (29-19721)

450 2493 210 64 Nolan,
689 2493 205 53 James
920 2493 279 52 Bennett.

518 2572 121 51 The
680 2570 347 53 foundation
1067 2569 63 53 of
1169 2571 97 50 the
1306 2575 155 46 town
1500 2570 65 51 of
1605 2569 266 70 Reading
1910 2569 61 52 in
2010 2571 445 68 Pennsylvania,

446 2647 2009 72 by J. Bennett Nolan … published under the auspices of
450 2727 206 55 School
707 2726 228 53 district
984 2726 65 51 of
1101 2725 281 69 Reading,
1434 2725 444 69 Pennsylvania.
1977 2725 300 70 [Reading,
2329 2729 100 51 Pa.]

450 2809 149 50 1929.

520 2885 1067 49 210 p., 1 l. illus., ports., maps. 23½ᶜᵐ.
520 2958 288 39 Illustrated
835 2957 364 47 lining-papers.

455 3024 52 52 ©
532 3030 116 46 July
671 3029 70 47 20,
768 3029 117 39 3929;
935 3030 68 38 3c.
1029 3030 95 38 and
1151 3028 82 40 aff.
1261 3028 128 48 Sept.
1416 3029 53 46 3;
1498 3030 67 39 3c.
1593 3028 129 48 Sept.
1748 3028 84 46 20;
1860 3029 41 38 A
1925 3028 171 46 13466;
2126 3029 44 40 J.
2197 3029 53 38 B.
2278 3028 173 40 Nolan.

567 3085 189 48 Reading,
789 3086 82 39 Pa.
942 3084 282 50 (29-19509)

451 3179 230 64 Norris,
712 3178 228 64 George
966 3179 277 62 William,
1276 3181 170 52 1875-

522 3259 262 53 Diseases
822 3259 64 53 of
924 3260 96 53 the
1059 3260 154 52 chest
1253 3260 113 52 and
1404 3260 95 51 the
1539 3259 312 67 principles
1890 3259 64 53 of
1994 3258 259 69 physical

451 3258 1980 149 diagnosis, by George William Norris … and Henry R. M. Landis …
454 3415 140 53 with
640 3435 31 33 a
717 3416 237 66 chapter
999 3434 72 33 on
1115 3415 95 52 the
1255 3415 399 53 transmission
1699 3415 64 52 of
1808 3415 209 53 sounds
2060 3414 254 69 through
2359 3415 95 52 the

455 3492 1999 70 chest, by Charles M. Montgomery … and a chapter on the
454 3570 594 68 electrocardiograph
1076 3571 58 51 in
1161 3571 163 51 heart
1350 3571 234 67 disease,
1607 3571 77 68 by
1710 3570 254 53 Edward
1991 3571 65 50 B.
2084 3568 372 53 Krumbhaar

516 3646 1940 70 … 4th ed., rev. Philadelphia and London, W. B. Saunders
453 3743 298 52 company,
782 3729 149 48 1929.

518 3803 1318 50 2 p. l. , 7-954 p. illus., col. plates, diagrs. 25ᶜᵐ.
457 3872 52 52 ©
540 3876 127 47 Sept.
696 3875 39 46 6,
763 3875 141 46 1929;
933 3875 69 41 2c.
1031 3876 96 39 and
1155 3875 82 41 aff.
1270 3876 128 46 Sept.
1425 3875 82 47 19;
1539 3875 41 39 A
1608 3875 171 47 12465;
1810 3876 71 40 W.
1912 3876 54 40 B.
1998 3875 245 41 Saunders
2273 3885 67 30 co.

534 3930 280 50 (29-19417)
