2542 4389
1047 4040 138 51 2009

144 377 224 65 Bailey,
397 379 207 63 Henry
627 379 248 66 Turner,
905 384 173 50 1865-

215 455 237 54 Yankee
504 456 246 68 notions,
803 456 76 70 by
935 456 205 69 Henry
1197 457 225 52 Turner
1482 457 219 68 Bailey.
1783 456 366 70 Cambridge,

143 533 327 54 Washburn
502 535 45 50 &
576 534 268 68 Thomas,
877 536 151 51 1929.

251 614 700 50 x, 243 p. maps, diagr. 20 ᶜᵐ.
148 667 53 53 ©
240 672 119 41 Nov.
399 672 69 48 12,
510 672 116 40 1929;
693 673 68 40 2c.
802 673 119 40 Nov.
960 672 59 40 29;
1086 672 84 41 aff.
1211 673 113 40 Dec.
1364 673 56 39 23;
1490 672 42 40 A
1572 672 142 41 16723;
1786 673 279 41 Washburn
2106 673 38 41 &

213 728 225 40 Thomas.
509 728 220 48 (30-289)

139 820 285 66 Baldwin,
454 821 255 55 William
740 820 258 66 Wright,
1032 827 173 50 1845-
1418 841 179 52 comp.

215 898 272 70 Chicago,
529 899 349 69 Burlington
921 901 46 51 &
1010 899 228 69 Quincy
1280 901 255 53 railroad
1579 919 296 51 company.
141 902 1974 144 Documentary

436 976 250 69 history;
726 976 226 54 articles
988 975 65 54 of
1087 977 450 69 incorporation,
1570 978 192 67 leases,
1797 984 345 63 mortgages,

141 1054 239 67 decrees,
419 1054 462 68 consolidations,
920 1054 198 68 deeds;
1161 1053 272 71 trackage
1472 1055 113 53 and
1626 1056 174 68 depot
1840 1061 303 60 contracts,

142 1130 1996 72 and history of affiliated companies … compiled by W. W.
142 1209 286 67 Baldwin,
458 1208 455 69 vice-president.
987 1208 292 70 [Chicago,
1309 1210 244 53 Printed
1583 1210 77 68 by
1688 1210 68 53 R.
1789 1211 69 52 R.
140 1209 1976 129 Donnelley

257 1288 816 60 & sons company, ᶜ1 928-29]
206 1369 28 40 3
264 1379 43 30 v.
366 1369 56 40 23½ᶜᵐ.

486 1448 59 4 CONTENTS.—
546 1435 44 30 v.
624 1422 38 42 1.
696 1425 145 41 Lines
871 1427 107 39 east
1008 1424 53 41 of
1091 1425 82 40 the
1205 1424 297 49 Mississippi
1533 1425 271 40 River.—v.
1838 1423 42 42 2.
1912 1425 144 41 Lines
2089 1424 47 40 in

139 1482 132 39 Iowa
299 1482 96 39 and
424 1480 352 42 Missouri.—v.
805 1479 42 43 3.
876 1481 145 41 Lines
1047 1484 122 38 west
1197 1482 52 40 of
1275 1481 82 41 the
1387 1481 230 41 Missouri
1648 1481 148 41 River.

137 1533 2000 53 v. 1 , © Nov. 17, 1928; v. 2, © Mar. 14, 1929; 2c. each and affs. Jan. 13,
209 1593 140 48 1930;
378 1605 44 29 v.
447 1595 40 41 3.
517 1590 52 52 ©
595 1595 112 39 Dec.
734 1595 39 46 2,
801 1594 118 40 1929;
971 1594 69 41 2c.
1067 1595 96 39 and
1190 1594 82 41 aff.
1300 1595 114 40 Dec.
1441 1594 53 47 9;
1524 1594 43 40 A
1591 1594 157 47 16320,
1777 1594 159 49 17862,
1964 1595 145 40 17863;

209 1649 223 49 Chicago,
468 1650 290 48 Burlington
792 1653 37 41 &
862 1650 188 48 Quincy
1084 1651 217 40 railroad
1335 1661 82 38 co.,
1454 1650 223 49 Chicago.

215 1705 221 50 (30-267)

132 1798 228 65 Balzac,
389 1799 236 53 Honoré
654 1800 89 64 de,
777 1802 327 54 1799-1850.

262 1877 1874 70 … Droll tales; the second decade, translated by J. Lewis
130 1954 157 70 May,
316 1955 380 53 illustrations
727 1955 76 68 by
835 1956 146 54 Jean
1014 1956 90 53 De
1135 1956 326 53 Bosschère.
1531 1956 139 52 New
1701 1955 184 69 York,
1920 1955 216 68 Covici,

129 2032 226 68 Friede,
388 2035 150 51 1929.

199 2114 1560 50 4 p. l. , 3-276 p., 2 l. col. front., plates (part col.) 25ᶜᵐ.
203 2170 128 42 “The
363 2170 182 42 edition
578 2171 208 41 consists
819 2171 52 41 of
903 2171 170 41 fifteen
1106 2170 224 42 hundred
1364 2172 97 40 and
1495 2171 113 48 fifty
1640 2171 175 49 copies,
1849 2183 61 30 on
1945 2173 190 48 worthy

130 2227 215 48 gracian,
373 2227 53 41 of
454 2227 158 42 which
641 2227 170 41 fifteen
840 2227 222 41 hundred
1092 2239 84 29 are
1207 2227 80 41 for
1317 2228 117 41 sale.
1493 2228 119 41 This
1642 2228 42 41 is
1715 2229 203 41 number
1949 2228 129 41 201.”

135 2280 51 54 ©
219 2285 103 42 Oct.
352 2284 70 49 22,
453 2285 116 41 1929;
627 2287 67 39 2c.
725 2286 120 40 Nov.
875 2285 27 39 2;
963 2284 83 44 aff.
1079 2285 103 41 Oct.
1212 2285 60 41 30;
1329 2285 40 40 A
1401 2285 145 41 14617;
1608 2285 177 49 Covici,
1818 2286 188 48 Friede,
2041 2286 78 40 inc

209 2340 223 50 (30-296)

125 2421 363 65 Blackiston,
521 2422 258 53 Andrew
809 2422 255 55 Hooton.

199 2499 124 54 The
362 2500 125 53 lure
527 2499 65 53 of
632 2500 98 53 the
770 2500 234 68 tropics,
1044 2501 76 68 by
1163 2501 72 52 A.
1278 2500 237 53 Hooton
1558 2499 352 55 Blackiston.
1991 2501 140 53 New

130 2576 1242 70 York, The Knickerbocker press [ ᶜ1 929]
232 2691 9 14 x,
269 2659 54 41 83
351 2670 44 38 p.
450 2659 164 48 front.,
642 2661 173 47 plates.
869 2659 56 41 21ᶜᵐ.

197 2715 185 41 Poems.

129 2767 53 53 ©
213 2772 112 40 Dec.
358 2772 40 48 5,
430 2771 116 41 1929;
604 2772 67 42 2c.
706 2773 96 40 and
834 2771 82 41 aff.
950 2772 114 41 Dec.
1096 2772 58 40 26;
1214 2773 41 39 A
1286 2771 145 42 17529;
1493 2772 55 40 A.
1581 2773 61 40 H.
1675 2772 300 47 Blackiston,
2010 2773 118 40 New

193 2828 145 41 York.
409 2827 221 50 (30-133)

120 2907 233 65 Brown,
385 2908 219 55 Karen.

192 2987 120 53 The
362 2987 296 70 Shanghai
704 2989 155 69 lady,
900 2988 294 54 novelized
1239 2989 76 69 by
1359 2987 199 53 Karen
1602 2990 231 69 Brown,
1877 2991 251 67 adapted

121 3065 153 53 from
304 3066 155 54 John
493 3066 252 55 Colton’s
775 3065 291 69 Drifting,
1096 3067 326 53 illustrated
1454 3066 139 54 with
1626 3086 186 36 scenes
1846 3067 154 53 from
2031 3068 97 54 the

120 3143 334 69 photoplay,
484 3142 65 54 “a
577 3144 308 54 Universal
918 3143 275 69 picture”,
1223 3144 256 69 starring
1507 3145 171 69 Mary
1707 3144 206 53 Nolan.
1988 3146 140 52 New

121 3221 1099 70 York, Efrus & Bennett, inc. [ ᶜ1 929]
188 3303 699 49 238 p. front., plates. 19½ ᶜᵐ.
125 3354 51 54 ©
211 3361 114 40 Dec.
358 3361 39 46 7,
461 3360 87 41 1929;
607 3361 67 40 2c.
709 3361 112 39 Dec.
856 3359 57 41 20;
976 3359 83 41 aff.
1092 3360 114 40 Dec.
1240 3359 82 47 19;
1359 3359 41 39 A
1432 3359 171 41 17489:
1640 3361 152 40 Efrus
1826 3361 36 40 &
1896 3362 225 48 Bennett,

191 3416 89 40 inc.
352 3416 220 49 (30-117)

116 3496 220 64 Byron,
367 3498 158 63 May.

254 3573 1869 68 … Libro de confituras; manual para la conservación de
123 3650 188 55 frutas
362 3669 104 36 con
516 3670 203 34 azúcar
767 3669 38 51 y
853 3652 89 53 sin
1022 3651 48 67 él;
1124 3655 311 63 compotas,
1484 3649 196 71 jaleas,
1729 3654 394 69 mermeladas,

121 3747 214 51 quesos,
366 3734 212 64 pastas,
609 3735 315 60 mantecas;
962 3727 192 54 frutas
1187 3727 424 70 embotelladas,
1644 3748 151 36 secas
1830 3749 104 36 con
1967 3751 133 50 espe
121 3807 134 67 cias,

283 3826 66 34 en
380 3806 261 68 almíbar,
670 3825 66 34 en
768 3806 378 69 aguardiente
1172 3823 38 51 y
1238 3804 314 56 confitadas;
1614 3808 258 54 contiene
1900 3828 121 36 más
2052 3810 70 54 de

120 3883 1977 146 quinientas f ó rmulas; traducción del inglés por J. M. B. Barcelona,
368 3963 64 52 L.
472 3962 139 69 Gili,
650 3965 151 52 1928.
