2542 4389
1066 4026 136 54 1427

146 370 392 64 Coatsworth,
571 369 329 55 Elizabeth.

212 451 225 51 Toutou
467 450 60 51 in
554 449 277 67 bondage,
859 449 75 68 by
964 448 303 52 Elizabeth
1300 446 377 68 Coatsworth,
1707 446 326 53 illustrated
2061 447 76 69 by

143 528 247 53 Thomas
436 525 360 54 Handforth.
880 527 136 52 New
1066 525 181 69 York,
1292 525 121 52 The
1460 523 335 53 Macmillan
1839 541 299 52 company,

145 609 150 50 1929.

205 682 1568 51 5 p. l., 56, [1] p. incl. illus., double plaies. front. 22 ½ .
142 737 51 53 ©
229 742 127 47 Sept.
389 741 68 47 10,
491 741 113 39 1929;
666 741 67 39 2c.
766 743 96 38 and
897 740 82 40 aff.
1016 740 128 48 Sept.
1177 741 54 37 11;
1296 740 42 38 A
1371 739 143 40 13258;
1578 739 281 39 Macmillan
1894 749 67 30 со.
218 797 279 49 (29-18666)

143 879 209 63 Curry,
383 877 256 55 William
668 877 273 55 Melville.

202 955 358 52 Illustrative
609 954 201 52 stories
859 953 94 53 for
1000 954 192 68 pulpit
1242 954 113 52 and
1404 953 299 69 platform,
1750 953 75 68 by
1872 954 263 53 William

133 1030 2002 70 Melville Curry … with an introduction by J. Willison Smith
194 1109 1941 69 … New York, Chicago [etc.] Fleming H. Revell company
138 1221 12 33 [
179 1191 134 49 ᶜ1929
317 1221 13 33 ]

203 1269 87 41 192
318 1281 44 37 p.
421 1269 117 41 19ᶜᵐ.

141 1323 51 52 ©
222 1328 119 47 Aug.
369 1328 70 46 30,
468 1327 116 39 1929;
640 1327 67 40 2c.
737 1328 96 38 and
862 1327 83 39 aff.
978 1326 128 48 Sept.
1137 1326 53 39 12;
1251 1326 40 39 A
1322 1326 169 47 12260;
1526 1327 220 48 Fleming
1775 1327 61 40 H.
1865 1327 169 39 Revell
2066 1338 67 29 со.

218 1384 280 48 (29-18641)

138 1466 337 64 Demaison,
505 1465 220 54 André.

268 1541 1865 71 … Le livre des bêtes qu’on appelle sauvages. Paris, B.
138 1619 232 55 Grasset
407 1623 170 63 [1929]

205 1701 638 50 3 p. l., [9]-266 p., 2 l. 19 ᶜᵐ.
546 1758 179 48 CONTENTS.—Ouarâ,
762 1759 47 39 la
847 1758 176 40 lionne.
1041 1781 58 5 —
1114 1758 255 48 Kho-Kho,
1407 1759 45 40 le
1489 1758 271 40 marabout.
1777 1781 59 5 —
1851 1758 209 47 Nontap.
2077 1781 56 6 —

137 1815 214 47 Poupah,
385 1814 458 48 l’élépbant.—Tân,
880 1814 263 48 l’antilope.

141 1867 1878 53 © Mar. 20, 1929; 1c. June 21; A— Foreign 3522; Bernard Grasset.
216 1927 280 49 (29-19476)

139 2010 120 54 The
298 2009 144 52 desk
484 2011 287 54 Standard
816 2011 324 68 dictionary
1180 2011 63 52 of
1284 2012 94 52 the
1418 2010 243 68 English
1703 2011 302 69 language,
208 2011 1904 146 designed

432 2093 58 49 to
515 2089 128 68 give
670 2089 95 53 the
789 2089 414 68 orthography,
1229 2089 459 69 pronunciation,
1712 2089 286 69 meaning,
2024 2090 110 53 and

209 2167 325 68 etymology
566 2166 63 53 of
661 2166 172 52 about
866 2168 189 65 83,000
1087 2168 186 52 words
1305 2169 112 51 and
1452 2168 233 67 phrases
1718 2168 59 52 in
1809 2168 94 52 the
1936 2166 198 68 speech

209 2246 112 52 and
349 2246 296 52 literature
676 2246 64 52 of
769 2245 95 53 the
896 2243 555 70 English-speaking
1479 2247 230 67 peoples;
1773 2248 153 65 1,200
210 2246 1902 130 pictorial

348 2323 408 66 illustrations;
792 2323 277 68 abridged
1105 2323 151 51 from
1285 2324 96 52 the
1412 2323 171 51 Funk
1612 2325 44 49 &
1683 2323 301 68 Wagnalls
2017 2342 121 33 new

211 2399 291 56 Standard
541 2401 321 69 dictionary
899 2400 64 54 of
997 2402 96 52 the
1129 2400 246 68 English
1413 2403 281 66 language
1729 2403 76 68 by
1840 2402 194 54 James
2073 2401 61 55 C.

210 2478 1926 70 Fernald … A new ed., augmented and carefully rev. by
210 2557 1927 69 Frank H. Vizetelly … New York and London, Funk &
282 2636 222 68 Wagnalls
534 2653 297 50 company,
863 2637 150 50 1930.

200 2714 661 49 viii, 894 p. illus. 23 ᶜᵐ .
201 2771 265 41 Published
497 2771 128 41 1929.

141 2823 51 52 ©
228 2828 128 47 Sept.
387 2828 39 42 6.
460 2827 139 47 1929;
633 2828 67 40 2c.
733 2829 96 38 and
862 2828 82 40 aff.
979 2828 129 48 Sept.
1141 2828 82 42 16;
1257 2828 42 39 A
1331 2828 170 47 13358;
1538 2829 140 39 Funk
1712 2829 35 40 &
1780 2831 250 47 Wagnalls
2065 2841 67 30 со.

215 2884 281 49 (29-18661)

137 2966 376 62 Duhourcau,
547 2966 299 67 François.

268 3043 1864 69 … La voix intérieure de Maurice Barres d’après ses cahiers.
136 3122 185 66 Paris,
353 3122 67 50 B.
454 3119 233 56 Grasset
746 3124 151 64 [1929]

205 3203 462 48 243 p., 2 l. 19 ᶜᵐ .
141 3254 1877 54 © Mar. 20, 1929; 1c. June 21; A— Foreign 3529; Bernard Grasset.
216 3315 279 49 (29-19478)

134 3395 316 65 Edginton,
482 3395 184 53 Helen
697 3396 250 55 Marion.

206 3474 128 54 Call
366 3476 101 51 her
501 3475 236 66 Fannie,
769 3477 75 67 by
878 3477 139 68 May
1053 3476 313 69 Edginton.
1449 3477 360 65 [Instalment
1841 3482 50 64 2]

241 3556 61 38 (In
331 3551 210 43 Woman
572 3553 96 42 and
699 3553 145 43 home
877 3554 276 51 magazine,
1188 3554 151 52 Sept.,
1374 3554 144 50 1929)

141 3606 56 52 ©
222 3613 65 39 1c.
317 3611 102 41 Oct.
447 3612 69 46 17,
545 3611 140 48 1929;
716 3613 43 39 A
786 3614 62 39 ad
877 3613 86 41 int.
993 3614 170 46 13101;
1195 3614 143 48 pubd.
1369 3614 119 47 Aug.
1517 3614 83 48 20;
1632 3615 155 41 Helen
1819 3616 190 40 Marion
208 3617 1905 99 Edginton
406 3668 156 48 Baily,
594 3669 29 40 i.
656 3680 38 30 e.
727 3670 114 40 Mrs.

873 3670 52 40 F.
958 3671 53 40 E.
1042 3670 158 48 Baily,
1233 3670 213 41 London.

143 3746 226 66 Ewing,
399 3749 206 63 Henry
633 3749 337 66 Ellsworth,
1003 3757 171 49 1883-

210 3826 55 52 A
291 3829 231 51 manual
550 3828 64 53 of
640 3832 255 50 external
924 3831 296 68 parasites,
1248 3832 74 67 by
1349 3831 204 69 Henry
1583 3833 313 53 Ellsworth
1927 3834 209 68 Ewing

203 3904 1776 76 … Springfield, Ill., Baltimore, Md., C. C. Thomas, 1929.
