2542 4389
1127 4000 134 49 1133

183 351 122 52 The
352 348 313 53 Dominion
714 350 297 66 educator;
1064 348 213 54 editors
1324 347 62 52 in
1432 347 172 58 chief,
1649 349 196 53 James
1892 349 289 68 Laughlin

242 423 1912 148 Hughes … Ellsworth D. Foster … Extension ed. … Toronto,
452 504 65 52 P.
545 504 70 52 D.
645 504 231 51 Palmer
901 505 47 50 &
974 521 299 50 company,
1304 504 150 50 1929.

246 582 1936 51 8 v . illus., plates (part col.) ports., maps (part double) tables,
175 640 180 49 diagrs.
415 641 147 41 24½ᶜᵐ.

246 710 161 47 Paged
436 708 355 49 continuously.

246 767 173 39 Issued
447 767 103 39 also
578 766 155 40 under
761 765 137 41 title:
929 766 104 40 The
1058 765 258 41 American
1347 766 248 40 educator.

181 833 1982 109 © July 20, 1929; 2c. each July 30; aff. July 29; A 10441; Bellows-Durham co., Chicago. (29-15926)
181 988 161 64 Duff,
375 987 264 56 Charles.

252 1067 56 52 A
341 1066 307 55 handbook
679 1087 74 34 on
785 1067 287 69 hanging;
1109 1067 172 69 being
1315 1084 31 36 a
1380 1067 160 54 short
1572 1066 394 54 introduction
1998 1071 59 48 to
2091 1065 96 53 the

181 1144 112 54 fine
321 1152 91 46 art
441 1146 64 53 of
533 1145 313 69 execution,
876 1147 113 52 and
1021 1144 336 68 containing
1386 1146 168 52 much
1584 1145 190 53 useful
1807 1144 375 54 information

179 1242 72 34 on
278 1223 464 69 neck-breaking,
771 1224 330 68 throttling,
1130 1223 345 69 strangling,
1504 1223 426 69 asphyxiation,
181 1223 1980 131 decapitation
414 1303 114 52 and

570 1301 433 67 electrocution;
1052 1321 60 34 as
1158 1302 127 52 well
1332 1321 59 34 as
1437 1303 135 52 data
1619 1303 111 52 and
1778 1300 268 54 wrinkles
2092 1301 94 53 for

184 1380 304 69 hangmen,
514 1399 73 33 an
612 1386 238 46 account
876 1380 65 53 of
966 1380 97 53 the
1088 1381 115 52 late
1229 1379 112 55 Mr.
1370 1379 232 69 Berry’s
1627 1380 232 53 method
1887 1380 64 53 of
1977 1380 211 66 killing

183 1459 112 52 and
324 1459 89 53 his
443 1458 262 69 working
733 1457 99 54 list
860 1458 64 54 of
954 1459 175 67 drops;
1189 1465 59 47 to
1278 1458 187 52 which
1494 1458 50 54 is
1572 1459 185 53 added
1788 1478 31 33 a
1847 1457 338 69 hangman’s

184 1538 177 68 ready
398 1536 271 54 reckoner
707 1538 115 52 and
861 1536 216 53 certain
1118 1536 163 54 other
1318 1536 165 53 items
1520 1536 65 54 of
1624 1535 264 67 interest;
1932 1537 77 51 all
2049 1555 136 51 very

183 1613 1943 70 proper to be read and kept in every family, by Charles Duff …
183 1694 235 67 Boston,
450 1692 191 68 Mass.,
671 1692 172 70 Hale,
877 1692 292 55 Cushman
1202 1694 45 50 &
1280 1692 181 69 Flint,
1497 1695 148 51 1929.

248 1773 741 50 129, [1] p. incl. tab. 17½ ᶜᵐ .
248 1845 41 38 A
318 1843 153 41 satire
499 1855 60 29 on
589 1843 183 49 capital
801 1844 330 48 punishment.

187 1909 51 53 ©
275 1915 114 47 May
423 1914 70 48 25,
530 1913 140 41 1929:
706 1914 71 41 2c.
811 1915 97 39 and
944 1914 83 41 aff.
1063 1915 118 47 July
1216 1914 83 48 23;
1337 1914 42 39 A
1415 1915 171 47 11345;
1626 1915 139 48 Hale,
1805 1915 245 39 Cushman
2090 1916 94 39 and

253 1971 146 48 Flint,
431 1972 92 42 inc.
591 1971 282 49 (29-15947)

183 2067 229 63 Dunne,
443 2067 177 52 Peter
650 2067 79 54 M.

254 2146 231 52 Mother
516 2146 172 70 Mary
721 2146 65 54 of
821 2145 83 57 St.
941 2147 265 53 Bernard
1241 2147 65 54 of
1338 2148 97 53 the
1473 2147 226 70 Society
1734 2148 65 53 of
1833 2147 98 53 the
1963 2148 226 69 helpers

186 2224 2003 73 of the holy souls, by Peter M. Dunne, S . J . New York, P. J.
184 2302 242 70 Kenedy
455 2305 45 50 &
529 2322 147 51 sons,
710 2305 151 53 1929.

250 2383 1146 49 viii, 145 p. front. (port.) plates. 19½ᶜᵐ.
188 2449 2000 56 © July 10, 1929; 2c. and aff. July 24; A 10355; P . J. Kenedy & sons.
265 2510 281 50 (29-15941)

184 2604 195 65 Duun,
415 2604 164 66 Olav,
615 2606 173 55 1876-

312 2681 1305 73 … Carolus Magnus. Oslo, O. Norli, 1928.
253 2763 334 49 260 p. 20 ᶜᵐ .
255 2834 197 40 “Femte
480 2833 185 43 tusen.”

253 2891 166 41 Novel.

192 2958 1830 57 © Oct. 18, 1928; 1c. Feb. 15, 1929; A—Foreign 2672; Olaf Norli.
269 3019 281 50 (29-15919)

193 3114 234 65 Fairlie,
457 3115 245 55 Gerard.

264 3191 423 70 Octopus—the
713 3202 211 47 master
952 3196 186 53 crook.
1220 3197 271 68 [Episode
1517 3201 50 65 4]
1601 3200 122 52 The
1750 3200 172 53 death
1948 3204 152 64 trap.

269 3274 86 48 (In
390 3271 158 53 Royal
585 3271 277 53 magazine,
902 3273 132 53 July,
1076 3275 145 51 1929)

193 3339 1998 61 © 1c. Aug. 17, 1929; A ad int. 12979; pubd. June 22; G. Fairlie, London.
193 3496 232 66 Girriel,
458 3498 258 54 Stewart
746 3500 89 55 W.

257 3574 122 53 The
411 3575 231 71 dignity
672 3578 114 52 and
818 3596 263 36 romance
1112 3579 64 53 of
1206 3579 97 54 the
1336 3580 270 70 painting
1636 3581 172 69 craft,
1836 3582 76 70 by
1947 3581 249 57 Stewart

186 3651 89 55 W.
324 3651 233 55 Girriel.
641 3653 329 70 Cleveland,
1015 3655 88 69 O.,
1149 3657 122 53 The
1316 3657 262 55 William
1623 3659 248 53 Feather
1913 3679 241 50 company

195 3732 175 64 [ ᶜ192 9]
259 3811 526 49 94 p. illus. 23½ ᶜᵐ .
199 3875 1994 63 © July 24, 1929; 2c. and aff. July 27; A 10415; S. W. Girriel, Cleveland.
274 3937 280 52 (29-16016)
