2542 4389
1061 4039 136 50 1661

118 375 303 65 Cranwell,
451 375 155 54 John
635 374 246 64 Philips.

185 456 176 53 Notes
397 473 72 34 on
507 455 243 67 Figures
789 453 63 54 of
889 454 180 68 earth,
1105 455 76 68 by
1217 453 158 54 John
1412 451 230 69 Philips
1681 451 289 55 Cranwell
2008 450 114 53 and

114 534 194 54 James
333 534 66 53 P.
427 531 197 55 Cover.
700 532 140 51 New
866 531 182 68 York,
1072 531 68 52 R.
1168 531 80 51 M.
1272 530 278 53 McBride
1576 532 45 50 &
1644 546 299 51 company,
1971 530 150 51 1929.

180 612 66 48 xi,
273 611 88 42 140
386 622 42 38 p.
489 611 56 40 24½ᶜᵐ.

183 682 186 40 “There
393 682 125 40 have
540 681 117 41 been
682 681 195 48 printed
901 681 134 48 eight
1060 681 220 40 hundred
1309 682 96 39 and
1432 679 244 49 sixty-five
1703 680 161 48 copies
1891 679 52 41 of
1969 680 152 41 Notes

112 750 58 29 on
200 739 204 47 Figures
432 738 52 40 of
511 738 141 40 earth
678 738 52 40 of
757 737 161 41 which
945 737 134 48 eight
1106 738 224 40 hundred
1358 737 96 41 and
1484 736 268 49 thirty-one
1781 746 85 31 are
1894 736 81 41 for
2002 736 117 41 sale.

111 795 118 41 This
254 795 44 41 is
323 795 204 40 number
553 794 130 42 843.”

181 851 379 49 Bibliography:
591 862 43 38 p.
669 850 251 51 [123]-128.

117 919 52 52 ©
200 923 128 48 Sept.
357 923 40 48 5,
426 923 114 40 1929;
597 923 67 39 2c.
693 923 96 39 and
818 921 83 42 aff.
931 922 103 40 Oct.
1064 923 26 39 7;
1148 922 41 38 A
1217 921 142 41 13961;
1420 922 183 40 Robert
1632 922 62 40 M.
1725 921 229 40 McBride
1984 922 36 39 &
2050 931 68 31 co.

197 979 280 49 (29-21286)

114 1073 300 65 Crichton,
446 1075 139 53 Mrs.
620 1074 258 52 Frances
913 1071 312 54 Elizabeth
1267 1072 313 64 (Sinclair)
1622 1077 327 51 1877-1918.

181 1150 597 69 Peep-in-the-world,
830 1150 74 69 by
960 1151 250 52 Frances
1266 1150 305 53 Elizabeth
1629 1149 296 70 Crichton,
1980 1150 144 53 with

107 1247 124 35 new
258 1229 384 53 illustrations
670 1228 77 70 by
775 1227 201 54 Frank
1002 1228 322 53 McIntosh.
1394 1228 133 53 10th
1557 1228 358 69 impression.
1983 1229 140 54 New

109 1306 182 69 York,
317 1308 273 67 Toronto,
616 1307 348 69 Longmans,
993 1305 187 56 Green
1211 1308 113 52 and
1352 1325 100 50 co.,
1482 1309 151 50 1929.

179 1360 895 78 4 p. l., 258 p. front., plates. 19½ ᶜᵐ.
118 1452 2002 53 © July 17, 1929; 2c. and aff. Aug. 3; A 10539; Longmans, Green & co.
192 1509 68 54 [©
286 1513 346 49 illustrations]
701 1512 282 49 (29-15930)

119 1607 318 68 [Dodgson,
469 1606 248 55 Charles
744 1607 314 64 Lutwidge]
1113 1613 327 49 1832-1898.

178 1683 212 54 Alice’s
414 1685 341 52 adventures
781 1684 61 52 in
866 1685 415 66 Wonderland,
1306 1685 76 69 by
1407 1686 187 53 Lewis
1622 1685 227 56 Carroll
1907 1689 209 67 [pseud.]

109 1762 384 53 illustrations
520 1762 76 69 by
623 1762 185 69 Willy
838 1763 258 69 Pogany.
1164 1763 139 53 New
1336 1763 182 69 York,
1549 1764 68 53 E.
1648 1765 66 52 P.
1747 1766 227 52 Dutton
2007 1766 113 53 and

109 1843 513 67 company [ ᶜ1 929]
182 1921 773 49 192 p. incl. front., illus. 19½ ᶜᵐ.
182 1993 291 40 Illustrated
502 1993 351 48 lining-papers
882 1993 50 40 in
960 1994 172 41 colors.

118 2060 2000 56 © Aug. 16, 1929; 2c. Sept. 27; aff. Oct. 26; A 13734; E. P. Dutton & co.,
182 2121 91 40 inc.
338 2117 69 54 [©
439 2121 347 49 illustrations]
859 2121 281 48 (29-20255)

117 2214 413 53 Dombrowski
569 2233 72 35 zu
681 2217 226 63 Papros
950 2217 115 52 und
1110 2217 275 65 Krusvic,
1427 2219 159 54 Frau
1627 2219 199 53 Käthe
186 2220 1915 137 (Schönberger)

466 2310 132 48 von,
630 2299 173 50 1881-

186 2373 121 53 The
342 2373 90 53 fat
465 2375 177 51 camel
676 2374 65 54 of
775 2375 265 68 Bagdad,
1072 2394 32 34 a
1137 2394 123 34 new
1295 2375 114 54 tale
1443 2376 64 54 of
1542 2377 339 56 Abdallah’s
117 2378 1984 140 adventures,

322 2451 95 53 for
449 2452 257 53 children
743 2452 154 53 from
930 2453 156 69 eight
1122 2460 58 47 to
1216 2453 196 71 eighty
1445 2473 182 51 years,
1657 2456 124 53 told
1818 2458 112 52 and
118 2457 1982 126 illustrated

339 2530 75 70 by
446 2529 74 53 K.
554 2529 67 55 O.
657 2528 56 56 S.
758 2531 312 69 (Baroness
1101 2531 432 71 Dombrowski)
1618 2533 139 53 New
1791 2535 182 71 York,
2005 2535 121 53 The

117 2607 336 54 Macmillan
484 2627 298 52 company,
815 2611 149 51 1929.

184 2689 1236 48 xi p., 1 l., 156 p. incl. plates. col. front. 19½ ᶜᵐ.
185 2758 290 40 Illustrated
510 2758 365 49 lining-papers.

125 2824 1659 55 © Oct. 8, 1929; 2c. and aff. Oct. 9 A 14058; Macmillan co.
202 2884 282 50 (29-21212)

119 2978 263 65 Dunbar,
414 2979 187 56 Aldis.

191 3059 121 52 The
344 3077 128 35 sons
505 3058 48 55 o’
589 3059 258 71 Cormac,
879 3060 91 54 an’
1001 3062 141 54 tales
1176 3063 65 52 of
1273 3064 164 53 other
1469 3065 173 55 men’s
1675 3085 147 51 sons,
1853 3069 76 69 by
1960 3068 171 57 Aldis

120 3135 259 71 Dunbar,
438 3137 139 52 with
635 3137 383 57 illustrations
1075 3140 77 70 by
1208 3140 336 57 Ferdinand
1602 3144 528 56 Huszti-Horvath.

122 3214 1318 73 New York, E. P. Dutton & co., inc. [ ᶜ1 929]
194 3295 1105 51 xiv p., 1 l., 233, [1] p. front., plates. 22 ᶜᵐ.
195 3365 141 40 Head
364 3367 96 39 and
488 3366 90 40 tail
605 3367 174 48 pieces.

121 3430 52 52 ©
203 3435 121 48 Aug.
355 3435 39 47 9,
427 3435 140 47 1929;
600 3437 68 39 2c.
701 3436 102 42 Oct.
836 3438 53 45 4;
925 3437 82 41 aff.
1042 3438 102 42 Oct.
1176 3440 83 39 26:
1295 3442 42 38 A
1368 3442 171 47 15313;
1576 3445 53 39 E.
1660 3446 52 40 P.
1746 3446 189 41 Dutton
1968 3449 36 40 &
2035 3461 83 36 co.,

196 3490 91 41 inc.
353 3487 67 53 [©
453 3492 345 43 introduction,
832 3493 63 47 by
927 3494 212 41 Padraic
1171 3496 170 41 Colum
1374 3500 96 39 and
1505 3500 330 43 illustrations
1869 3505 62 39 by
187 3506 1924 82 Ferdinand

347 3548 440 51 Huszti-Horvath]
859 3549 282 52 (29-26905)

126 3641 263 65 Dunbar,
419 3641 185 54 Helen
636 3643 305 65 Flanders,
973 3651 172 49 1902-

199 3719 347 71 Symbolism
587 3723 61 51 in
689 3723 282 53 medieval
1013 3725 249 70 thought
1303 3731 114 51 and
1460 3731 75 52 its
1578 3738 454 53 consummation
2072 3739 59 53 in

130 3799 2005 83 the Divine comedy, by H. Flanders Dunbar … New Haven,
129 3877 144 53 Yale
302 3878 318 68 university
647 3896 185 50 press;
864 3879 260 70 London,
1151 3882 77 51 H.
1259 3883 268 72 Milford,
1557 3886 230 58 Oxford
1814 3892 320 70 university

128 3972 175 52 press,
332 3957 149 51 1929.
