2542 4389
1051 4037 135 56 1627

96 485 158 40 which
290 484 152 47 began
480 483 267 40 November
784 483 68 47 14,
889 482 114 40 1899
1039 482 49 39 in
1125 482 82 39 the
1242 480 151 41 Court
1429 479 52 41 of
1514 479 196 48 general
1747 477 225 48 sessions,
2009 479 90 38 has

96 541 117 39 been
244 540 147 40 taken
420 539 127 40 from
578 540 82 38 the
689 549 110 29 case
828 549 61 29 on
919 539 172 47 appeal
1121 541 49 37 to
1201 538 81 39 the
1313 537 117 39 New
1461 535 132 40 York
1624 534 150 41 Court
1805 534 53 40 of
1885 535 214 47 appeals.

97 595 61 47 cf.
186 607 43 37 p.
261 595 115 50 [viii]

103 661 51 53 ©
185 665 127 48 Sept.
341 665 69 48 13,
438 664 116 41 1929;
606 666 71 39 2c.
706 665 128 47 Sept.
863 666 82 45 17;
976 664 83 40 aff.
1091 664 129 48 Sept.
1247 663 82 47 16;
1360 664 41 38 A
1428 662 171 47 12343;
1631 661 173 40 Alfred
1832 661 55 41 A.
1916 660 183 50 Knopf,

171 722 91 40 inc.
329 721 279 49 (29-20711)

101 832 146 52 New
276 830 180 53 York.
533 829 421 64 Metropolitan
985 844 273 38 museum
1286 829 65 52 of
1379 831 117 52 art.

234 903 1871 74 … Charter, constitution, by-laws, as amended to October,
104 991 150 50 1929.
329 987 140 53 New
499 987 182 69 York,
713 989 149 52 1929.

169 1065 681 51 5 p. l., 3-20 p., 1 l. 22ᶜᵐ.
169 1137 64 41 At
257 1139 124 38 head
406 1137 52 40 of
481 1136 135 41 title:
643 1137 102 40 The
770 1136 349 48 Metropolitan
1143 1146 221 30 museum
1391 1135 54 41 of
1469 1138 94 39 art.

172 1194 94 41 “Of
297 1193 99 41 this
429 1194 248 48 pamphlet
711 1203 65 29 an
808 1193 185 40 edition
1027 1193 52 40 of
1110 1193 92 40 five
1236 1193 224 40 hundred
1493 1192 160 49 copies
1689 1201 101 32 was
1824 1190 195 51 printed
2053 1191 52 40 in

99 1251 220 48 October,
600 1249 38 41 MCMXXIX.”

106 1319 51 53 ©
191 1323 102 41 Oct.
322 1324 40 47 1,
394 1322 115 40 1929;
568 1323 68 40 2c.
668 1324 96 38 and
796 1322 83 41 aff.
914 1323 103 40 Oct.
1048 1323 54 47 4;
1137 1322 43 39 A
1209 1321 171 48 13889;
1417 1321 348 49 Metropolitan
1798 1330 220 30 museum
2052 1317 52 41 of

172 1381 92 46 art,
293 1381 120 38 New
441 1380 144 40 York.
654 1378 282 49 (29-20799)

100 1489 261 63 Nielsen,
387 1489 241 63 Jørgen.

234 1566 1876 70 … Lavt land. København, Gyldendal, Nordisk forlag, 1929.
172 1647 86 41 203
289 1659 43 37 p.
502 1681 9 7 20ᶜᵐ.

175 1719 146 41 Short
351 1717 190 41 stories.

443 1789 235 39 CONTENTS.—Naar
722 1799 109 29 eros
917 1789 117 39 ældes.
1051 1811 62 5 —
1127 1789 125 39 Lavt
1296 1788 130 40 land.
1442 1811 60 5 —
1518 1788 79 40 Du
1642 1788 107 40 skal
1795 1789 174 47 lssgges
2016 1797 93 39 paa

103 1845 394 41 straa.—Armen
539 1855 101 30 som
682 1845 212 40 visnede.
910 1868 61 5 —
988 1845 304 40 Grusomhed
1334 1845 185 47 yngler.
1534 1867 61 6 —
1611 1845 312 39 Mordbrand.
1939 1867 61 6 —
2016 1845 93 40 Tre

105 1902 196 41 brande.
303 1903 207 39 —Hvad
539 1902 162 40 blodet
729 1901 758 40 vil.—Elskovsbarnet.—Mand
1519 1902 160 47 hsengt
1711 1901 87 48 sig.

110 1971 52 52 ©
193 1976 114 47 Apr.
340 1976 68 46 17,
441 1974 140 47 1929;
675 2007 8 8 1c.
716 1975 117 47 July
864 1974 83 47 22;
981 1973 315 48 A—Foreign
1326 1973 143 47 3784;
1506 1973 360 48 Gyldendalske
1900 1972 209 48 boghan-

178 2033 90 47 del,
296 2031 214 41 Nordisk
535 2031 175 48 forlag.
776 2030 282 49 (29-22273)

108 2123 191 67 Nims,
329 2126 202 63 Harry
556 2125 265 65 Dwight,
852 2127 170 53 1875-

181 2205 120 53 The
331 2208 110 50 law
471 2205 64 54 of
563 2204 200 54 unfair
792 2203 372 70 competition
1192 2206 115 52 and
1336 2205 163 53 trade
1529 2204 211 69 marks,
1769 2203 140 53 with
109 2203 1979 135 chapters

250 2303 73 34 on
349 2283 314 69 good-will,
688 2284 163 52 trade
878 2289 222 62 secrets,
1128 2282 358 54 defamation
1514 2283 64 53 of
1604 2283 368 68 competitors
1999 2281 113 54 and

109 2362 150 53 their
307 2363 195 67 goods,
552 2361 369 69 registration
974 2361 64 53 of
1090 2360 402 66 trade-marks,
1542 2359 377 55 interference
1972 2359 140 53 with

110 2437 1940 72 competitors’ business, etc. 3d ed. By Harry D. Nims …
111 2519 139 52 New
279 2517 181 70 York,
489 2516 206 70 Baker,
723 2517 249 54 Voorhis
1002 2518 113 52 and
1143 2535 300 51 company,
1474 2519 150 52 1929.

176 2598 107 48 cliv,
317 2598 115 40 1293
465 2608 43 38 p.
565 2597 149 41 24½ᶜᵐ.

176 2668 134 40 First
339 2668 187 40 edition
554 2667 257 49 published
844 2667 113 41 1917
991 2669 154 39 under
1176 2668 136 40 title:
1347 2668 101 40 The
1480 2668 96 40 law
1606 2668 50 40 of
1689 2668 168 40 unfair
1892 2669 221 40 business

106 2724 327 48 competition.

113 2791 52 51 ©
195 2796 114 46 May
336 2796 39 46 1,
405 2794 140 47 1929;
575 2795 66 39 2c.
672 2796 96 38 and
797 2794 83 41 aff.
912 2796 129 46 Sept.
1069 2795 83 47 18;
1183 2795 41 39 A
1253 2794 172 48 13415;
1457 2795 61 40 H.
1547 2795 58 40 D.
1635 2795 151 47 Nims,
1816 2796 119 38 New
1964 2795 146 40 York.

192 2849 281 51 (29-20719)

106 2944 197 53 North
334 2944 252 54 Dakota.
661 2948 279 66 Supreme
970 2954 175 46 court.

180 3023 1870 71 Reports of cases decided … July 2, 1929 to April 8, 1929 …
110 3102 67 54 E.
217 3103 55 53 J.
314 3102 232 68 Taylor,
584 3105 273 64 reporter,
933 3121 51 33 v.
1026 3102 80 53 57.
1184 3102 325 59 Rochester,
1547 3103 69 53 N.
1658 3103 92 69 Y.,
1789 3103 122 53 The
108 3104 1981 144 Lawyers
262 3180 383 68 co-operative
673 3180 336 69 publishing
1038 3198 299 52 company,
1369 3184 149 50 1929.

182 3261 100 48 xxi,
313 3260 115 40 1002
456 3271 44 38 p.
665 3293 8 9 23ᶜᵐ.

119 3327 51 52 ©
196 3331 102 41 Oct.
321 3331 69 48 29,
415 3331 141 47 1929;
581 3331 68 42 2c.
674 3331 103 41 Oct.
800 3332 83 47 31;
912 3332 82 41 aff.
1020 3334 118 40 Nov.
1164 3333 53 46 5;
1244 3333 41 38 A
1311 3331 170 48 15504;
1510 3333 54 40 E.
1589 3333 45 40 J.
1659 3333 194 48 Taylor,
1883 3333 232 49 Supreme

185 3391 138 37 court
354 3391 218 45 reporter
600 3389 81 39 for
711 3388 81 41 the
823 3390 129 38 state
983 3388 53 41 of
1064 3389 158 40 North
1254 3388 210 48 Dakota,
1497 3389 269 49 Bismarck,
1799 3391 56 39 N.
1888 3390 58 41 D.

110 3496 310 64 Nystrom,
447 3497 145 52 Paul
619 3497 226 64 Henry,
876 3498 171 54 1878-

183 3574 1870 73 Economic principles of consumption, by Paul H. Nystrom …
113 3653 139 52 New
285 3654 179 68 York,
496 3654 119 52 The
649 3653 228 55 Ronald
908 3672 159 50 press
1099 3672 281 52 company
1418 3688 13 33 [
1436 3657 156 50 °1929
1598 3689 13 33 ]

187 3734 64 48 xi,
280 3734 88 41 586
394 3745 44 37 p.
467 3735 110 39 incl.
606 3735 170 47 tables,
808 3735 180 48 diagrs.
1155 3768 8 8 22ᶜᵐ.
1226 3735 413 49 [Merchandising
1669 3739 95 38 and
1797 3737 318 41 distribution

115 3789 165 50 series]

187 3860 377 48 Bibliography:
599 3872 43 38 p.
677 3861 217 42 548-559.

123 3924 51 52 ©
205 3928 102 42 Oct.
335 3929 70 49 19,
435 3930 140 47 1929;
607 3931 67 40 2c.
704 3931 96 39 and
828 3930 83 41 aff.
943 3931 102 40 Oct.
1075 3931 82 47 23;
1188 3932 41 38 A
1259 3931 172 47 15225;
1464 3932 191 40 Ronald
1684 3943 138 38 press
1852 3944 68 29 co.

199 3983 280 52 (29-22439)
