2512 4377
1282 4019 104 48 484

313 364 257 63 Dayton,
600 363 65 53 O.
736 362 161 53 First
928 362 308 53 Lutheran
1267 360 241 55 church.

378 443 122 52 The
527 443 294 51 Lutheran
849 441 140 53 cook
1014 442 163 52 book.
1242 441 138 53 Rev.
1411 441 112 52 and
1555 441 104 52 enl.
1690 441 73 53 2d
1793 441 103 68 ed.,
1926 439 282 69 compiled
2235 440 76 70 by

307 521 95 52 the
433 520 549 68 Spindler-Burnett
1011 518 166 54 Bible
1206 520 160 67 class,
1394 516 159 55 First
1580 518 295 52 Lutheran
1901 519 228 68 church,
308 519 1981 146 Dayton,
454 598 149 55 Ohio

691 598 548 67 … [Dayton] ᶜ1 929.
380 679 326 50 127 p. 23 ᶜᵐ .
412 753 58 38 “In
493 752 81 39 the
597 761 116 38 year
738 750 128 48 1924,
892 751 82 40 the
997 750 111 41 first
1129 750 184 41 edition
1339 749 52 41 of
1415 750 82 40 the
1521 749 251 40 Lutheran
1795 749 120 40 cook

1939 749 124 40 book
2085 760 102 29 was
312 759 1985 91 presented
517 811 48 38 to
601 809 84 39 the
718 807 162 49 public
913 808 62 47 by
1010 808 83 39 the
1128 806 190 41 Ladies’
1355 806 142 41 Bible
1530 808 127 38 class
1691 805 52 41 of
1778 806 83 40 the
1894 805 135 41 First
2063 806 251 39 Lutheran

311 867 195 46 church,
536 864 52 42 of
616 867 209 46 Dayton,
855 864 505 41 Ohio.”—Foreword.

317 933 51 52 ©
395 938 113 40 Dec.
533 938 69 42 14,
629 936 118 41 1928;
798 936 68 41 2c.
894 936 95 39 and
1016 935 83 41 aff.
1126 936 112 39 Dec.
1264 934 55 40 19;
1377 935 41 38 A
1443 933 141 47 2580;
1614 933 137 40 First
1774 933 251 41 Lutheran
2053 932 182 41 church
2263 933 51 40 of

384 994 209 48 Dayton,
627 993 136 41 Ohio.
834 991 252 51 (29-8941)

317 1090 195 63 Dunn,
541 1088 223 53 Robert
792 1086 309 65 Williams,
1134 1091 170 50 1895-

387 1163 1929 72 Labor and automobiles, by Robert W. Dunn … New York,
316 1244 1007 68 International publishers [ ᶜ1 929]
384 1323 1904 52 224 p. incl. front., illus. plates. 19½ ᶜᵐ . [Labor and industry series]
386 1396 352 49 Bibliography
755 1407 9 29 :
796 1407 43 37 p.
868 1395 221 41 218-220.

320 1464 52 52 ©
403 1469 123 39 Mar.
557 1467 69 47 28,
657 1466 115 41 1929;
831 1466 68 40 2c.
930 1466 94 40 and
1057 1465 82 40 aff.
1170 1464 101 48 Apr.
1316 1464 52 47 6;
1402 1465 41 39 A
1473 1464 141 46 6341;
1649 1464 360 40 International
2043 1464 276 49 publishers

387 1535 83 37 co.,
500 1524 91 40 inc.
660 1522 252 50 (29-8859)

321 1618 191 64 Fitch,
548 1618 210 53 Albert
792 1616 211 64 Lewis,
1041 1618 169 53 1887-

390 1692 1931 72 Fundamentals of physics, by A. L. Fitch … New York,
320 1771 1176 71 Thomas Y. Crowell company [ ᶜ1 929]
388 1853 1292 49 xvi, 336 p. illus. (incl. ports.) diagrs. 22½ ᶜᵐ .
325 1923 51 52 ©
402 1927 115 48 Apr.
542 1927 41 46 1,
610 1925 141 48 1929;
780 1927 67 40 2c.
874 1927 94 39 and
996 1925 83 41 aff.
1106 1925 114 48 Apr.
1247 1926 52 47 3;
1328 1925 41 39 A
1395 1924 141 45 7212;
1567 1926 211 39 Thomas
1807 1926 52 40 Y.
1889 1925 205 40 Crowell
2121 1935 68 30 co.

402 1983 251 49 (29-8875)

322 2079 230 63 Foster,
582 2078 203 63 Harry
810 2077 86 53 La
923 2077 304 64 Tourette,
1260 2082 171 49 1895-

394 2153 1929 71 Combing the Caribbees, by Harry L. Foster … New York,
322 2234 190 64 Dodd,
539 2232 171 54 Mead
740 2235 51 50 &
819 2250 298 51 company,
1149 2235 152 50 1929.

393 2313 858 49 ix, 302 p. front., plates. 21 ᶜᵐ .
395 2386 140 48 Maps
567 2396 60 29 on
657 2384 366 50 lining-papers.

329 2453 51 52 ©
407 2458 122 40 Mar.
554 2456 59 41 30,
651 2456 118 41 1929;
820 2457 67 40 2c.
914 2456 114 48 Apr.
1055 2456 25 40 5;
1136 2455 83 41 aff.
1246 2456 114 48 Apr.
1387 2455 25 41 3;
1469 2456 41 39 A
1535 2455 115 41 7269;
1709 2457 152 42 Dodd,
1891 2458 142 41 Mead
2061 2460 37 41 &
2124 2467 82 37 co.,
2235 2455 90 42 inc.

407 2513 251 49 (29-8873)

328 2607 233 65 Friend,
601 2609 139 53 Mrs.
780 2607 190 53 Nellie
1010 2608 68 53 E.

396 2683 129 56 God
561 2685 111 52 and
706 2702 141 50 you;
888 2683 258 70 friendly
1181 2684 150 53 talks
1367 2684 141 52 with
1543 2703 194 50 young
1774 2685 218 68 people,
2028 2684 75 70 by
2141 2684 185 54 Nellie

327 2761 2000 70 E. Friend … New York, Chicago [etc.] Fleming H. Revell
326 2842 492 67 company [ ᶜ1 929]
397 2921 366 49 151 p. 19½ ᶜᵐ .
330 2976 51 52 ©
410 2981 122 39 Mar.
557 2980 69 47 23,
655 2979 118 41 1929;
824 2980 68 40 2c.
919 2981 96 39 and
1043 2979 82 41 aff.
1153 2980 114 47 Apr.
1293 2980 26 39 4;
1375 2979 43 40 A
1443 2979 115 41 6327;
1616 2979 222 49 Fleming
1863 2980 62 39 H.
1954 2980 167 41 Revell
2149 2991 68 30 co.

409 3036 250 49 (29-8812)

330 3131 213 64 Gance,
577 3131 165 53 Abel.

399 3208 315 68 Napoléon,
758 3227 71 33 vu
873 3228 107 49 par
1020 3209 146 52 Abel
1210 3208 207 54 Gance.
1497 3210 234 67 Epopée
1774 3209 443 69 cinégraphique
2261 3228 69 34 en

329 3287 1999 68 cinq époques. 1 ᵉʳᵉ epoque : Bonaparte. Paris, Librairie Plon,
333 3364 149 53 1927.

399 3446 99 42 1 v .
332 3499 1941 52 © Nov. 28, 1927; 1c. Jan. 27, 1928; A— Foreign 37270; Librairie Plon.
334 3611 226 64 Gilkey,
591 3611 185 53 Helen
807 3612 327 63 Margaret,
1168 3616 169 50 1886-

402 3687 56 52 A
484 3688 202 69 spring
713 3688 140 53 flora
881 3688 64 52 of
971 3690 416 52 northwestern
1415 3688 249 70 Oregon,
1691 3689 76 69 by
1795 3690 187 52 Helen
2008 3690 80 52 M.
2120 3689 210 70 Gilkey

393 3764 736 69 … [Corvallis, Or., 1929]
403 3846 740 49 xxxii, 153 p. illus. 19½ ᶜᵐ .
336 3899 51 52 ©
420 3905 122 39 Mar.
573 3903 56 40 26,
672 3904 114 40 1929;
846 3904 67 40 2c.
945 3905 96 39 and
1072 3904 82 41 aff.
1185 3905 114 47 Apr.
1331 3904 25 39 1;
1417 3904 41 39 A
1487 3904 117 41 7199;
1663 3906 61 39 H.
1756 3907 64 38 M.
1853 3905 186 48 Gilkey,
2074 3905 253 49 Corvallis,

405 3959 79 41 Or.
553 3960 251 50 (29-8874)
