2547 4384
1319 4036 136 55 1170

385 381 315 65 Boreham,
728 380 200 53 Frank
955 378 276 65 William,
1262 379 172 55 1871-

449 459 122 53 The
599 458 185 53 Three
812 455 130 54 half
947 474 219 35 -moons
1194 457 114 52 and
1338 457 162 51 other
1529 474 206 51 essays,
1762 455 77 68 by
1868 455 65 52 F.
1962 454 91 55 W.
2083 454 304 53 Boreham.

381 532 1807 71 Cincinnati, New York [etc.] The Abingdon press [ ᶜ1 929]
451 617 89 42 288
566 628 44 38 p.
670 616 58 42 19½ᶜᵐ.

388 692 52 53 ©
463 695 121 49 Aug.
608 697 39 46 1,
673 693 118 41 1929;
840 694 68 40 2c.
933 695 98 39 and
1055 693 83 42 aff.
1162 694 121 48 Aug.
1306 693 26 40 5;
1387 693 41 39 A
1452 691 144 41 11509;
1651 692 51 40 F.
1728 693 72 40 W.
1826 691 256 48 Boreham,
2109 690 277 49 Armadale,

455 754 297 45 Melbourne,
781 750 269 42 Australia.
1118 750 282 51 (29-16589)

387 851 228 62 Bower,
646 847 259 56 William
940 848 145 63 Clay
1089 850 121 61 ton,
1246 848 171 55 1878-

449 926 298 69 Religious
773 926 301 53 education
1101 926 61 52 in
1187 926 96 53 the
1308 927 238 52 modern
1572 924 231 68 church,
1827 924 77 70 by
1928 923 266 55 William
379 922 1988 136 Clayton

506 1001 1885 70 Bower … A textbook in the Standard leadership training
380 1083 349 53 curriculum
760 1082 258 53 outlined
1053 1083 113 52 and
1201 1083 294 68 approved
1526 1082 78 68 by
1634 1081 96 53 the
1762 1080 427 53 International
381 1099 1985 115 council
497 1160 64 55 of

603 1160 273 70 religious
920 1160 319 54 education.
1321 1159 84 56 St.
1449 1159 194 68 Louis,
1687 1159 135 68 Mo.,
1866 1158 244 54 Printed
2155 1157 96 55 for
2293 1159 98 53 the

379 1239 355 68 Leadership
782 1238 260 70 training
1087 1238 338 70 publishing
1470 1237 342 54 association
1855 1237 78 70 by
1978 1237 97 53 the
2123 1237 269 69 Bethany

380 1319 386 67 press [ ᶜ1 929]
451 1398 275 50 270 p. 19 ᶜᵐ.
455 1470 263 42 “Sources”
747 1471 52 40 at
828 1471 92 40 end
948 1470 53 41 of
1026 1471 119 40 each
1174 1471 216 48 chapter.

389 1539 52 53 ©
466 1544 117 47 July
605 1542 69 49 20,
699 1542 115 41 1929;
866 1543 69 40 2c.
958 1543 121 48 Aug.
1102 1543 54 47 2;
1183 1542 82 41 aff.
1289 1542 120 49 Aug.
1435 1544 24 38 1;
1513 1542 41 39 A
1578 1542 171 47 11440;
1778 1543 72 39 W.
1877 1541 49 42 C.
1951 1542 186 48 Bower,
2165 1541 225 50 Chicago.

465 1600 284 50 (29-16507)

387 1696 307 64 Brackett,
726 1695 267 66 Charles,
1024 1700 169 51 1892-

450 1773 311 54 American
808 1774 205 68 colony
1082 1773 93 69 [by]
1230 1772 238 56 Charles
1518 1772 291 54 Brackett.
1893 1773 139 54 New
2083 1772 182 69 York,
2313 1773 78 54 H.

379 1851 322 70 Liveright,
734 1854 152 51 1929.

452 1932 338 51 218 p. 20 ᶜᵐ .
391 2001 52 53 ©
470 2005 121 49 Aug.
615 2005 41 48 2,
683 2004 115 41 1929;
852 2004 71 42 2c.
948 2005 122 49 Aug.
1094 2006 26 38 2;
1177 2004 83 41 aff.
1287 2005 120 48 Aug.
1434 2005 29 40 9;
1516 2005 42 39 A
1583 2004 145 41 10683;
1784 2006 193 39 Horace
2004 2004 267 48 Liveright,
2300 2004 91 41 inc.

467 2062 283 50 (29-16596)

389 2157 381 65 Brederveld,
798 2158 211 64 Jakob,
1040 2164 172 49 1886-

453 2233 298 56 Christian
789 2236 330 67 education;
1160 2255 32 34 a
1230 2255 291 50 summary
1560 2238 113 52 and
1712 2235 223 55 critical
1975 2236 316 54 discussion
2329 2235 65 55 of

381 2313 1987 133 Bavinck’s Pedagogical principles, by J. Brederveld … translated
562 2393 77 69 by
667 2399 113 47 two
808 2393 277 55 members
1116 2393 65 54 of
1210 2395 95 52 the
1337 2393 224 71 faculty
1592 2393 64 55 of
1689 2393 208 72 Calvin
1928 2394 229 70 college,
2190 2393 203 57 Grand

380 2471 242 69 Rapids,
654 2471 318 69 Michigan.
1044 2471 202 55 Grand
1281 2472 241 68 Rapids,
1557 2472 195 68 Mich.,
1789 2472 240 56 Smitter
2062 2472 150 54 book
381 2491 1988 128 company,
583 2552 152 51 1928.

483 2630 665 50 139 p. front. (port.) 20½ ᶜᵐ.
457 2701 382 50 “Bibliography
870 2702 52 41 of
951 2713 131 31 some
1112 2702 53 42 of
1195 2703 260 41 Bavinck’s
1488 2702 253 50 writings”;
1807 2703 379 50 “Biographies”
2205 2715 10 29 :
2249 2715 44 39 p.
2325 2703 42 43 5.

392 2756 52 52 ©
476 2760 103 42 Oct.
609 2762 41 46 1,
681 2760 142 48 1928;
856 2761 68 41 2c.
956 2761 128 40 June
1113 2762 70 47 24,
1215 2761 142 47 1929;
1391 2761 83 42 aff.
1507 2762 129 42 June
1664 2762 82 45 22;
1783 2762 41 39 A
1854 2762 141 47 8885;
2032 2762 204 41 Smitter
2267 2763 124 39 book

459 2829 67 29 co.
593 2817 283 49 (29-16545)

388 2912 208 64 Brocq,
628 2912 182 54 Louis
840 2913 170 53 Anne
1042 2914 167 55 Jean.

461 2990 1934 74 Cliniques dermatologiques. 2 ᵉ série. Paris, Masson & cie.,
392 3068 151 56 1927.

456 3150 867 51 vi, [7]-659, [1] p. illus. 25 ½ᶜᵐ .
392 3203 1997 57 © Nov. 10, 1927; 1c. Mar. 16, 1928; A— Foreign 38157; Masson & cie.
389 3317 224 65 Brunn,
643 3319 228 54 Walter
899 3320 72 55 A.
1001 3321 64 54 F.
1094 3337 133 38 von.

460 3396 192 55 Kurze
697 3398 321 69 geschichte
1066 3401 99 52 der
1210 3399 303 70 chirurgie.
1591 3401 218 69 Berlin,
1853 3401 193 54 Julius
2094 3399 298 69 Springer,

393 3474 151 55 1927.

456 3555 26 40 1
549 3587 10 10 v.

390 3607 1996 58 © Dec. 13, 1927; 1c. Apr. 11, 1928; A— Foreign 38293; Julius Springer.
2173 3672 121 43 7697

388 3722 345 64 Buchanan,
762 3723 257 54 Howard
1047 3725 221 64 Joseph
1296 3727 58 53 S.

451 3799 125 52 The
605 3800 265 68 promise,
902 3801 78 68 by
1010 3802 153 53 Vera
1197 3803 113 53 and
1343 3803 259 54 Howard
1637 3804 333 53 Buchanan.
2046 3805 334 67 [Nashville]

381 3875 243 54 Printed
652 3876 95 53 for
774 3878 96 52 the
898 3879 214 69 Young
1139 3880 247 68 people’s
1418 3880 296 55 Christian
1741 3882 178 53 union
1948 3881 64 54 of
2041 3884 95 51 the
2166 3882 218 55 United

381 3953 407 70 Presbyterian
815 3955 229 70 church,
1074 3960 151 53 1929.
