2542 4389
1126 3987 100 51 873

176 361 256 65 Holmes,
462 363 169 52 Anne
661 363 343 58 Middleton.

245 437 1862 77 Algernon Sydney Sullivan, by Anne Middleton Holmes …
199 517 137 52 [New
368 516 179 67 York]
583 517 120 52 The
735 518 138 53 New
907 519 161 53 York
1098 522 270 52 southern
1398 521 229 71 society,
1659 526 149 50 1929.

242 597 95 46 xvi,
368 596 86 41 359
485 607 44 37 p.
587 596 166 50 front.,
784 600 171 47 plates,
987 602 163 47 ports.,
1181 604 109 38 coat
1320 602 52 40 of
1402 611 147 33 arms.
1716 636 9 9 25ᶜᵐ.

242 667 119 39 Part
388 666 52 40 of
467 667 81 40 the
574 667 157 48 plates
759 670 341 48 accompanied
1130 672 61 47 by
1216 673 163 39 leaves
1407 671 119 42 with
1552 674 293 48 descriptive
1871 677 298 47 letterpress.

242 722 265 48 “Speeches
541 722 60 48 by
633 724 242 48 Algernon
911 726 191 49 Sydney
1135 727 251 41 Sullivan”
1406 739 9 28 :
1450 739 43 38 p.
1528 729 218 50 [87]-237.

174 787 52 54 ©
255 793 115 46 May
397 793 69 46 28,
497 793 141 48 1929;
669 794 68 39 2c.
767 796 96 38 and
893 796 82 40 aff.
1040 807 92 31 June
1163 797 82 48 10;
1277 798 41 38 A
1347 797 141 49 9570;
1521 800 55 39 A.
1606 801 63 41 M.
1700 801 214 49 Holmes,
1946 802 220 49 Norfolk,

241 849 149 41 Conn.
460 849 280 51 (29-12857)

174 944 431 54 International
640 946 310 63 telephone
982 948 115 53 and
1129 948 311 64 telegraph
1473 951 391 63 corporation.

242 1023 167 52 Ibero
426 1022 266 54 America
717 1023 265 70 [English
1007 1025 104 68 ed.]
1191 1027 246 53 Booklet
1458 1028 296 54 dedicated
1778 1036 59 46 to
1858 1031 99 53 the
1976 1031 193 53 Ibero-

171 1099 308 54 American
512 1101 322 68 exposition
869 1110 60 46 at
965 1102 214 56 Sevilla
1216 1105 112 52 and
1361 1105 96 52 the
1492 1105 423 55 International
169 1105 1975 130 exposition

173 1178 1970 151 at Barcelona, 1929-1930 … New York, International telephone
387 1256 1059 71 and telegraph corporation [ ᶜ1 929 ]
240 1337 1116 52 3 p. l., 3-136 p. illus. (incl. port.) 25ᶜᵐ.
174 1404 52 54 ©
256 1410 115 47 May
398 1409 69 48 25,
497 1408 140 49 1929;
668 1410 68 40 2c.
767 1410 126 40 June
924 1411 53 46 1;
1009 1409 83 44 aff.
1122 1413 115 46 May
1265 1412 83 48 31;
1381 1412 42 40 A
1452 1412 140 49 8785;
1625 1415 225 40 Internatl.
1915 1416 252 48 telephone

243 1467 36 40 &
303 1466 251 48 telegraph
580 1466 324 49 corporation.

172 1560 311 64 Jacobson,
516 1561 293 61 Edmund,
847 1567 170 49 1888-

170 1638 2002 233 Progressive relaxation; a physiological and clinical investigation of muscular states and their significance in psychology and medical practice, by Edmund Jacobson … Chicago,
170 1875 112 58 Ill.,
315 1877 120 51 The
470 1874 337 69 University
841 1874 64 53 of
940 1876 253 68 Chicago
1226 1894 157 50 press
1423 1879 173 67 [ᶜ1929]

240 1957 104 47 xiii,
375 1957 101 48 428,
512 1957 56 50 [1]
603 1967 44 39 p.
706 1957 145 48 illus.,
884 1957 183 49 diagrs.
1124 1958 148 41 23½ᶜᵐ.
1340 1957 302 51 (Half-title:
1671 1960 102 40 The
1806 1959 285 50 University
2122 1962 53 40 of

172 2014 208 49 Chicago
410 2014 324 50 monographs
763 2014 51 40 in
843 2014 262 50 medicine)

242 2086 376 49 Bibliography:
650 2096 44 38 p.
722 2084 221 43 380-414.

175 2153 52 54 ©
256 2159 114 47 May
395 2159 39 46 7,
462 2157 140 47 1929;
633 2158 67 40 2c.
728 2157 129 41 June
883 2157 52 47 6;
966 2156 82 42 aff.
1078 2158 126 39 June
1233 2157 52 48 5;
1315 2158 41 38 A
1382 2156 141 50 8536;
1554 2158 283 49 University
1865 2159 51 41 of
1946 2159 224 48 Chicago.

254 2215 281 49 (29-12668)

178 2308 148 66 Kiel,
357 2310 154 52 Emil
540 2310 61 55 C.

242 2383 1927 76 The Curtiss flying instructors’ manual … prepared by Emil
174 2465 61 55 C.
262 2466 135 52 Kiel
422 2466 113 53 and
557 2464 262 57 William
844 2465 71 53 A.
940 2465 268 55 Winston
1233 2466 110 51 and
1374 2464 248 54 Herbert
1649 2466 63 52 C.
1738 2465 218 70 Mayer.
2031 2466 137 52 New

180 2541 1372 74 York city, Curtiss flying service, inc., ᶜ1 929.
239 2626 25 40 1
290 2637 43 30 v.
393 2625 180 49 diagrs.
741 2658 9 8 23ᶜᵐ.

175 2690 52 55 ©
255 2697 114 47 May
393 2695 70 49 27,
489 2694 141 50 1929;
657 2695 69 41 2c.
753 2696 97 40 and
875 2694 83 41 aff.
985 2695 126 41 June
1139 2698 52 38 8;
1222 2695 36 38 A
1286 2695 141 46 8572;
1458 2692 191 44 Curtiss
1676 2695 148 48 flying
1851 2693 197 47 service,
2077 2695 91 40 inc.

172 2813 211 66 Kirlin,
414 2814 220 65 Joseph
663 2814 182 54 Louis
871 2815 37 53 J
1196 2818 325 52 1868-1926.

245 2889 197 55 Christ
480 2890 96 53 the
612 2888 255 69 builder;
910 2888 360 55 conferences
1310 2887 113 53 and
1463 2887 267 71 readings
1773 2887 94 54 for
1908 2888 163 55 visits
2113 2896 57 46 to

174 2968 95 53 the
304 2968 218 59 blessed
559 2972 319 49 sacrament
914 2967 113 52 and
1064 2972 59 47 to
1161 2967 249 52 increase
1450 2965 266 54 devotion
1755 2972 58 47 to
1854 2965 123 57 Our
2014 2968 151 52 Lord

174 3040 1935 77 Jesus Christ, by the late Very Rev. Msgr. J. L. J. Kirlin …
175 3118 1997 79 with preface by Right Rev. Joseph Schrembs … New York,
176 3198 329 57 Cincinnati
558 3205 121 63 [etc.]
714 3200 283 68 Benziger
1027 3199 278 67 brothers,
1338 3202 150 51 1929.

243 3294 32 28 X
302 3293 58 38 p.,
389 3285 24 39 1
475 3313 10 17 l.,
510 3280 100 49 159,
642 3282 56 49 [1]
728 3293 44 37 p.
829 3282 154 40 front.
1149 3313 9 9 19ᶜᵐ.

177 3348 52 54 ©
255 3354 123 40 Mar.
401 3354 71 48 27,
497 3352 141 49 1929;
664 3353 70 41 2c.
759 3355 123 39 Mar.
908 3354 52 46 1;
989 3351 83 43 aff.
1098 3353 126 39 June
1251 3352 52 46 8;
1331 3352 41 38 A
1398 3351 140 49 8581;
1567 3352 235 49 Benziger
1827 3354 127 40 bros.

254 3409 282 50 (29-12848)

177 3503 191 65 Knox,
397 3505 225 53 Ronald
654 3504 396 65 Arbuthnott,
1082 3509 169 50 1888-

247 3582 121 54 The
402 3582 210 53 church
649 3601 73 34 on
757 3583 180 65 earth,
970 3583 75 67 by
1081 3583 95 52 the
1211 3581 296 53 Reverend
1544 3582 67 52 R.
1647 3583 71 51 A.
1756 3583 190 68 Knox,
1981 3601 65 35 m.
2087 3602 78 40 a.;

177 3655 1993 77 introduction by Rt. Rev. Msgr. James H. Ryan … New York,
175 3737 123 52 The
327 3737 333 53 Macmillan
694 3755 297 50 company,
1027 3738 149 52 1929.

245 3814 1915 56 4 p. l., 90 p. 17ᶜᵐ. (Half-title: The treasury of the faith series: 20)
179 3869 52 53 ©
255 3874 128 40 June
404 3875 40 41 4.
469 3874 116 40 1929
600 3885 8 31 :
636 3876 67 38 2c.
728 3876 96 38 and
848 3874 84 41 aff.
957 3875 125 40 June
1107 3874 53 47 5;
1188 3874 40 38 A
1251 3873 141 46 9487;
1421 3872 279 42 Macmillan
1727 3885 68 31 co.

258 3929 280 51 (29-12636)
