2533 4342
1283 3983 139 51 2118

362 419 174 67 show,
571 437 73 34 an
681 425 236 46 account
955 419 66 53 of
1056 419 74 54 its
1166 419 209 70 origin,
1411 422 112 52 and
1562 420 64 53 of
1665 422 412 69 puppet-plays
2114 423 60 51 in
363 424 1981 126 England

545 497 75 67 by
664 497 157 54 John
866 499 198 65 Payne
1111 497 230 67 Collier,
1387 498 263 68 together
1696 499 140 53 with
1882 517 32 34 a
1961 498 286 54 foreword
2291 499 76 70 by

361 573 163 69 Tony
558 573 149 70 Sarg
739 575 113 51 and
884 593 30 34 a
946 573 485 70 bibliographical
1461 580 131 48 note
1621 576 76 68 by
1729 577 169 51 Anne
1926 578 165 66 Lyon
2121 576 245 70 Haight.

362 651 137 51 New
525 650 181 69 York,
732 650 342 69 Rimington
1100 655 47 50 &
1173 652 255 68 Hooper,
1458 655 150 51 1929.

430 730 1149 50 xviii, 148 p., 1 l. front., illus., plates. 21 ᶜᵐ.
428 799 128 42 Title
585 800 230 48 vignette.

433 857 1935 47 “The Savoy editions, issue number two … This is number 316 of
360 923 61 30 an
449 912 185 42 edition
659 913 54 40 of
736 913 87 41 376
847 912 207 50 copies.”

368 979 51 52 ©
452 983 119 41 Nov.
602 984 69 42 25,
704 983 141 42 1929;
881 983 68 41 2c.
982 985 97 38 and
1111 984 82 40 aff.
1227 985 112 41 Dec.
1371 983 83 48 30;
1490 985 41 38 A
1563 984 172 48 16834;
1771 985 284 49 Rimington
2087 986 38 40 &
2156 986 211 48 Hooper.

440 1035 69 55 [©
548 1039 245 41 foreword
834 1041 61 48 by
934 1041 137 47 Tony
1114 1040 123 48 Sarg
1276 1040 36 40 &
1351 1040 405 49 bibliographical
1798 1044 114 38 note
1952 1042 62 48 by
2054 1041 138 41 Anne
2233 1042 133 49 Lyon

435 1096 202 50 Haight]
710 1096 223 50 (30-797)

358 1188 237 54 Review
623 1190 344 65 publishing
995 1206 307 49 company,
1328 1193 140 52 New
1498 1193 178 54 York.

430 1268 1938 73 Oriental rugs and carpets … 3d and enl. ed. New York,
359 1346 1125 71 Review publishing company, ᶜ19 29.
427 1426 85 41 162
541 1437 44 38 p.
644 1427 131 42 illus.
835 1427 146 42 23½ᶜᵐ.

366 1480 51 52 ©
448 1484 111 41 Dec.
588 1485 70 45 27,
688 1484 142 40 1929;
861 1484 68 41 2c.
960 1486 97 38 and
1087 1484 80 39 aff.
1200 1484 111 40 Dec.
1343 1484 82 48 28;
1457 1485 43 39 A
1528 1486 172 47 17585;
1733 1485 198 41 Review
1960 1486 110 48 pub.
2100 1496 68 31 co.

443 1539 222 50 (30-938)

361 1635 169 63 Sarg,
562 1634 184 63 Tony.

440 1711 1927 70 [Foreword] by Tony Sarg … [in the book entitled] Punch
364 1790 113 52 and
513 1789 179 67 Judy,
728 1789 142 52 with
906 1789 406 69 twenty-eight
1346 1790 403 67 illustrations,
1784 1791 77 67 by
1899 1789 224 70 George
363 1789 1981 145 Cruik-shank,

600 1866 405 67 accompanied
1042 1866 75 69 by
1154 1866 98 53 the
1289 1866 267 69 dialogue
1594 1865 67 55 of
1696 1866 100 53 the
1831 1867 424 68 puppet-show,
2292 1886 74 34 an

364 1949 238 47 account
625 1942 66 54 of
713 1944 74 52 its
814 1943 208 68 origin,
1048 1944 112 52 and
1187 1942 65 53 of
1277 1944 418 68 puppet-plays
1719 1944 61 52 in
1807 1944 274 69 England
2106 1944 78 68 by
2208 1944 159 54 John

363 2020 2004 69 Payne Collier … and a bibliographical note by Anne Lyon
362 2098 243 68 Haight.
674 2098 140 52 New
849 2098 181 67 York,
1062 2098 344 69 Rimington
1435 2099 48 50 &
1513 2097 258 69 Hooper,
1807 2100 150 49 1929.

431 2178 1205 49 xviii, 148 p., 1 l. front., illus., plates. 21 ᶜᵐ.
364 2231 1998 52 © Nov. 25, 1929; 2c. and aff. Dec. 30; A 16834: Rimington & Hooper.
357 2343 304 63 Schaefer,
695 2342 273 56 Clemens
994 2344 82 63 T.,
1110 2348 172 50 1886-

423 2420 121 53 The
570 2420 348 53 automotive
942 2420 339 53 mechanic’s
1306 2420 306 53 handbook;
1668 2439 32 34 a
1725 2420 307 53 handbook
2056 2438 74 35 on
2155 2424 209 48 motor-

354 2498 213 53 vehicle
609 2496 395 55 maintenance
1048 2498 266 71 practice,
1357 2498 332 69 presenting
1732 2498 60 52 in
1832 2499 334 52 convenient
2212 2498 151 52 form

352 2577 276 52 standard
666 2576 249 68 practice
951 2576 269 69 covering
1256 2581 137 49 tests
1427 2581 61 48 to
1523 2576 280 53 ascertain
1838 2577 97 52 the
1970 2576 293 53 condition
2300 2575 64 54 of

352 2653 2010 148 units and parts, adjustments, repair standards, and shop practice, by C. T. Schaefer … New York and London, Harper &
352 2810 277 68 brothers,
668 2812 151 50 1929.

485 2891 926 50 xv p., 1 l., 310 p. illus., diagrs. 17½ ᶜᵐ.
422 2950 162 40 “First
618 2947 229 42 edition.”

360 3002 52 52 ©
441 3006 112 40 Dec.
581 3006 70 42 26,
679 3004 141 42 1929;
849 3005 68 40 2c.
948 3006 111 38 Dec.
1088 3004 82 45 30;
1202 3004 82 40 aff.
1314 3004 111 40 Dec.
1456 3004 82 47 28;
1568 3004 43 39 A
1638 3004 172 43 17602;
1845 3005 47 42 C.
1922 3006 54 40 T.
2009 3006 246 47 Schaefer,
2289 3008 69 42 St.

428 3062 161 40 Louis.
659 3060 252 50 (30-1090)

355 3154 285 64 Schlegel,
675 3155 60 54 C.

358 3230 1975 149 … Sciences naturelles; rédigé conformément aux programmes officiels de
1035 3309 432 69 l’enseignment
1501 3309 329 53 secondaire
1864 3310 78 52 du
1977 3313 29 49 3
2042 3310 127 69 juin
2207 3313 153 65 1925,

358 3385 2000 70 par C. Schlegel … Baccalauréat.—2 ᵉ partie. Paris, Librairie
355 3464 302 67 Hachette,
694 3466 150 50 1929.

426 3543 1488 50 176 p. illus., diagrs. 16 ᶜᵐ . (Résumé aide-mémoire)
360 3597 1995 52 © Sept. 25, 1929; 1c. Nov. 29; A— Foreign 5823; Librairie Hachette.
353 3708 427 64 Shakespeare,
811 3707 276 56 William.

426 3785 267 54 Detailed
730 3785 262 68 synopsis
1034 3785 278 67 [William
1349 3784 438 69 Shakespeare’s
1824 3785 226 53 dramas:
2116 3784 239 68 Antony

358 3863 114 52 and
508 3861 336 69 Cleopatra;
884 3862 57 52 A
974 3862 372 52 midsummer
1380 3861 216 69 night’s
1633 3861 225 68 dream;
1898 3861 164 69 King
2099 3860 255 53 Richard
