2547 4384
1325 4058 101 55 718

377 408 285 63 Metzger,
692 407 115 64 Sol,
841 412 172 49 1880-

505 483 1870 71 … Putting analyzed … illustrated by the author. Garden
374 563 153 69 City,
555 563 71 54 N.
657 563 92 68 Y.,
775 562 359 69 Doubleday,
1161 562 200 53 Doran
1390 564 51 50 &
1472 579 300 51 company,
1800 561 128 69 inc.,
1959 565 151 49 1929.

441 643 898 51 xiii p., 2 l., 102 p. illus. 19½ᶜᵐ.
374 697 52 53 ©
455 701 115 49 Apr.
601 701 69 48 19,
701 699 142 48 1929;
875 701 69 40 2c.
975 701 96 39 and
1102 699 81 41 aff.
1216 701 116 47 May
1360 699 54 48 3;
1446 701 42 38 A
1518 698 141 48 7914;
1693 699 300 48 Doubleday,
2026 699 168 40 Doran
2227 698 36 41 &
2292 710 82 30 co..

439 757 92 42 inc.
601 756 281 50 (29-11423)

374 839 215 63 Morse,
618 837 214 52 Alfred
861 837 274 64 Handley
1165 836 311 64 Chipman,
1508 837 172 54 1871-

439 914 240 53 Eternal
711 918 311 63 contrasts;
1057 932 31 35 a
1120 913 171 54 series
1321 913 65 53 of
1416 912 250 71 original
1699 913 331 68 discourses,
2060 912 75 70 by
2166 912 213 53 Alfred

367 990 2015 71 Handley Chipman Morse … Philadelphia, Boston [etc.] The
368 1070 225 54 Judson
624 1088 159 51 press
820 1072 173 65 [1929]

441 1154 589 48 6 p. l., 3-213 p. 20ᶜᵐ.
374 1206 52 53 ©
454 1211 114 47 May
592 1210 41 48 3,
659 1209 143 48 1929;
831 1210 68 40 2c.
926 1210 97 39 and
1050 1208 83 42 aff.
1160 1209 115 47 May
1301 1208 82 47 18;
1414 1209 42 38 A
1481 1206 142 49 9154;
1654 1208 189 41 Judson
1870 1218 151 39 press.

451 1265 283 51 (29-11360)

371 1348 308 63 Mottram,
715 1345 192 65 Ralph
944 1345 168 56 Hale.

441 1425 121 55 Out
589 1425 64 53 of
681 1425 99 53 the
809 1428 146 65 past.

447 1507 83 49 (In
564 1504 203 43 London
802 1503 203 52 Sunday
1042 1501 257 54 pictorial)

372 1558 2001 53 © 1c. June 10, 1929; A ad int. 12761; pubd. Apr. 14; It. H. Mottram.
439 1620 173 47 Eaton,
646 1618 243 49 Norwich,
923 1619 239 48 England.

369 1687 232 63 Munro,
637 1686 203 63 Harry
878 1686 61 55 C.

443 1763 124 53 The
606 1763 213 53 church
861 1781 60 35 as
962 1782 31 33 a
1035 1763 220 67 school;
1300 1781 31 34 a
1372 1761 274 54 textbook
1686 1763 114 52 and
1843 1762 324 70 guidebook
2209 1768 58 49 to
2308 1763 69 54 be

373 1842 135 52 used
539 1841 59 52 in
628 1840 335 53 connection
993 1841 141 52 with
1166 1860 31 33 a
1229 1840 214 53 church
1473 1841 192 52 school
1697 1841 279 53 standard
2008 1859 65 35 or
2103 1859 275 51 program

373 1918 65 54 of
476 1919 159 52 work
674 1919 62 52 in
773 1918 239 70 making
1052 1938 31 33 a
1124 1918 309 53 first-hand
1472 1919 173 68 study
1686 1918 65 54 of
1790 1919 214 53 church
2044 1919 192 54 school
370 1921 1980 142 administration,
828 1996 233 69 dealing
1109 1996 382 69 particularly
1539 1996 142 53 with
1728 1997 98 53 the
1876 1994 239 72 Sunday
2164 1998 212 53 church

368 2073 2010 148 school. By Harry C. Munro … prepared for use in the Standard leadership training curriculum under direction of the
373 2230 290 54 Editorial
694 2231 115 52 and
841 2230 361 53 educational
1234 2229 323 54 committee
1587 2230 64 53 of
1682 2231 98 53 the
1809 2231 354 70 Leadership
373 2232 1979 146 training
513 2308 339 70 publishing
892 2308 358 53 association.
1329 2307 318 70 Approved
1691 2308 76 70 by
1809 2309 98 54 the
1950 2309 426 55 International

371 2387 221 53 council
616 2386 63 54 of
702 2385 274 71 religious
999 2385 319 55 education.
1381 2385 85 57 St.
1490 2386 193 69 Louis,
1708 2387 135 69 Mo.,
1868 2388 119 53 For
2009 2389 98 53 the
367 2389 1986 145 Leadership
544 2466 261 68 training
849 2466 339 68 publishing
1234 2466 358 68 association,
1638 2465 76 70 by
1760 2467 99 52 the
1903 2467 267 69 Bethany
2218 2486 158 52 press

449 2547 117 64 [ ᶜ1 929]
442 2625 87 40 270
555 2635 44 38 p.
626 2625 111 40 incl.
764 2624 170 41 forms.
1102 2657 10 10 19ᶜᵐ.

444 2681 351 41 “References”
824 2684 53 38 at
905 2682 91 39 end
1024 2681 52 40 of
1103 2681 119 40 each
1250 2682 218 47 chapter.

444 2738 237 41 “General
712 2738 397 48 bibliography”:
1142 2749 44 37 p.
1218 2737 218 42 269-270.

370 2792 1944 53 © May 7, 1929; 2c. and aff. May 20; A 8223; H. C . Munro, St. Louis.
448 2852 282 49 (29-11488)

369 2918 325 54 Nashville.
772 2917 204 56 Christ
1009 2917 241 58 church.

441 2995 1934 71 Christ church, Nashville, 1829-1929 … Nashville, Tenn.,
369 3074 897 67 Marshall & Bruce co. [ ᶜ1 929]
442 3155 85 41 297
558 3166 43 38 p.
660 3154 166 47 front.,
857 3156 172 47 plates,
1062 3157 164 47 ports.,
1258 3166 126 37 map,
1415 3154 192 42 facsim.
1667 3155 147 42 23½ᶜᵐ.

444 3212 234 47 “History
709 3211 302 49 publication
1044 3212 302 40 committee:
1383 3213 116 40 Mrs.
1532 3213 138 39 Anne
1704 3212 210 42 Rankin,
1949 3213 425 41 editor-in-chief.”

371 3265 52 53 ©
451 3271 115 47 May
593 3271 69 46 14,
690 3269 142 47 1929;
861 3271 70 39 2c.
958 3271 96 39 and
1082 3269 84 42 aff.
1195 3270 115 47 May
1338 3270 82 47 17;
1450 3271 42 38 A
1519 3269 141 48 8178;
1692 3270 177 48 Vestry
1897 3270 51 40 of
1978 3270 168 41 Christ
2173 3270 197 50 church,

437 3326 267 40 Nashville.
775 3325 282 50 (29-11490)

373 3391 280 63 Nestroy,
687 3391 236 53 Johann
956 3391 332 65 Nepomuk,
1326 3396 326 50 1801-1862.

500 3468 1810 71 … Sämtliche werke. Historisch-kritische gesamtausgabe …
369 3546 154 69 hrsg.
567 3564 112 34 von
723 3546 162 52 Fritz
930 3546 269 52 Brukner
1239 3547 118 52 und
1404 3546 139 55 Otto
1588 3547 276 53 Rommel.
1943 3551 80 49 12.
2069 3546 93 54 bd.
2245 3582 12 33 [
2262 3548 111 53 Die

370 3641 218 50 possen.
662 3627 48 49 4.
738 3629 40 46 t.
853 3623 115 53 Mit
992 3624 136 52 zwei
1155 3623 403 69 bildbeilagen.
1631 3625 187 67 Wein,
1844 3624 72 53 A.
1948 3624 225 55 Schroll
2202 3628 46 50 &
2273 3643 98 50 co.,

391 3703 151 64 ᶜ 1929]
447 3781 1238 50 6 p. l., 5-686, [2] p. front. (ports.) pl. 18ᶜᵐ.
438 3838 66 40 At
531 3838 125 40 head
686 3838 53 40 of
770 3837 135 41 title:
940 3838 197 41 Johann
1165 3839 224 47 Nestroy.

438 3893 115 41 Also
582 3893 182 49 special
794 3895 98 47 t.-p.

374 3944 1859 55 © Jan. 1, 1929; 1c. Mar. 20; A —Foreign 2484; Anton Schroll & co.
