2533 4384
1063 4050 103 54 271

173 457 1417 53 cover-title, 64 p. illus. (part col., incl. plans) 28 ᶜᵐ.
175 516 1935 50 “Jointly copyrighted … by Finzer bros. clay co. and Architect’s
103 577 140 41 small
271 576 150 39 house
448 574 185 40 service
660 574 186 39 bureau
873 573 52 40 of
951 574 82 38 the
1061 572 180 40 United
1269 570 178 47 States,
1477 571 120 41 inc.”

175 632 179 39 “Third
390 630 227 40 edition.”

109 685 51 53 ©
194 690 111 38 Dec.
336 686 70 48 26,
439 686 141 46 1928;
614 686 67 40 2c.
714 686 114 39 Dec.
860 685 82 46 28;
979 683 82 41 aff.
1095 684 110 39 Jan.
1238 683 69 47 17,
1343 682 114 41 1929;
1520 684 41 38 A
1592 683 143 47 4261;
1773 683 178 39 Finzer
1982 685 126 39 bros.

176 747 106 45 clay
311 754 81 36 co.,
424 743 156 47 Sugar
611 741 166 49 Creek,
809 741 66 48 O.,
907 742 95 38 and
1033 739 292 40 Architect’s
1355 741 142 38 small
1526 740 154 39 house
1708 740 185 40 service
1923 741 185 41 bureau

176 801 52 39 of
260 801 179 41 United
473 800 177 47 States,
683 800 107 47 inc.,
827 798 152 41 South
1014 796 339 49 Minneapolis,
1388 796 151 41 Minn.
186 856 252 51 (29-6318)

103 924 226 63 Fisher,
361 922 277 54 Richard.

179 1001 118 54 Out
326 1000 65 53 of
420 1000 130 68 evil,
579 1000 76 69 by
687 999 256 52 Richard
974 999 220 52 Fisher.
1262 999 260 67 London,
1556 998 228 60 Selwyn
1818 1002 46 48 &
1895 1000 216 51 Blount

102 1081 119 67 ltd.,
251 1081 149 50 1928.

172 1158 548 50 2 p. l., 9-288 p. 19½ ᶜᵐ.
109 1212 2001 53 © 1c. Feb. 28, 1929; A ad int. 12375; pubd. Jan. 4; R. Fisher, Hexham.
178 1274 236 47 England.
485 1271 251 49 (29-6662)

107 1338 296 53 Fordham
433 1336 352 64 university,
816 1337 313 69 Fordham,
1154 1338 140 51 New
1325 1338 160 51 York
1555 1337 163 70 (City)
1810 1338 214 53 School
2050 1339 62 68 of

168 1418 157 52 Irish
352 1417 230 53 studies.

171 1494 156 53 Irish
357 1494 218 52 culture
595 1511 10 34 :
634 1511 72 34 an
737 1498 451 47 announcement
1216 1491 66 54 of
1309 1493 97 52 the
1438 1491 208 56 School
1675 1492 65 53 of
1768 1492 158 54 Irish
101 1494 1983 146 studies,
235 1572 60 52 in

334 1572 294 52 Fordham
667 1571 336 68 university.
1081 1570 214 53 Edited
1338 1570 73 69 by
1451 1571 57 53 J.
1549 1569 83 69 C.,
1672 1571 67 52 E.
1781 1571 57 54 J.
1880 1571 74 53 K.
1996 1572 115 53 and

102 1651 54 54 J.
197 1651 67 51 E.
303 1651 85 66 T.,
426 1650 326 52 illustrated
790 1649 74 68 by
903 1649 187 52 Marie
1128 1649 65 52 T.
1233 1648 280 69 Marique.
1590 1649 138 52 New
1770 1648 182 69 York,
1991 1649 120 54 The

102 1729 294 52 Fordham
425 1728 318 67 university
774 1746 176 49 press,
983 1730 150 50 1928.

170 1811 548 50 47, [1] p. illus. 23½ ᶜᵐ.
175 1868 71 40 On
284 1878 140 30 cover
442 1879 8 27 :
492 1867 130 40 Irish
659 1868 205 45 culture,
901 1877 62 29 an
1001 1868 388 39 announcement
1427 1866 51 41 of
1515 1867 82 40 the
1636 1866 125 41 aims
1798 1867 98 40 and
103 1877 1991 96 accomplishments
422 1924 52 40 of

503 1924 81 40 the
616 1923 172 42 School
819 1923 51 40 of
900 1923 131 40 Irish
1060 1924 201 47 studies,
1296 1924 245 39 Fordham
1573 1924 289 48 university.

173 1980 181 48 Joseph
388 1980 261 48 Campbell,
684 1980 227 42 director.

462 2037 169 46 CONTENTS.—“Go,
650 2036 310 49 ploughman,
979 2036 412 48 plough.”—Irish
1409 2037 260 40 literature
1687 2038 96 38 and
1801 2038 311 48 language.—

106 2094 130 39 Irish
270 2096 80 38 art
382 2094 95 39 and
510 2094 204 47 history.
778 2094 294 39 References
1117 2095 66 47 (p.
1218 2094 387 47 32)—Prospect
1638 2095 96 38 and
1770 2095 345 46 retrospect.—

107 2150 207 41 Courses
344 2150 52 40 of
425 2150 309 46 instruction,
766 2150 278 41 1928-1929.

109 2203 51 52 ©
199 2207 102 40 Oct.
339 2207 39 47 8,
415 2206 141 47 1928;
595 2207 68 40 2c.
702 2206 104 41 Oct.
844 2207 81 47 15;
966 2207 82 40 aff.
1088 2207 102 41 Oct.
1228 2207 83 46 16;
1352 2207 41 39 A
1431 2207 82 47 18;
1554 2207 246 40 Fordham
1839 2207 273 48 university

177 2274 150 37 press.
399 2262 251 50 (29-5850)

111 2330 244 64 Gerard,
389 2330 232 54 Louise.

175 2409 122 51 The
328 2409 183 51 winds
541 2407 65 53 of
635 2409 198 52 desire.
907 2410 390 65 [Instalments
1333 2413 81 64 16,
1448 2409 81 67 17]

185 2491 83 45 (In
298 2487 202 43 London
529 2487 205 53 People)

109 2542 2001 55 © 1c. each Mar. 20, 1929; A ad int. 12450; pubd. Jan. 20, 27; L. Gerard,
175 2604 213 40 London.

102 2668 170 63 Gore,
309 2668 263 65 Charles,
612 2674 171 49 1853-

174 2745 1942 72 Jesus of Nazareth, by Charles Gore … former bishop of
106 2822 248 56 Oxford.
428 2823 260 69 London,
716 2824 64 53 T.
813 2826 414 67 Butterworth,
1254 2826 105 53 ltd.
1395 2829 173 65 [1929]

104 2905 2009 106 256 p. 17 ᶜᵐ. (Half-title: The home university library of modern knowledge)
177 3018 362 42 “Authorities”
558 3031 10 30 :
601 3030 43 38 p.
672 3020 101 41 254.

111 3071 2000 54 © 1c. Mar. 5. 1929; A ad int. 12390; pubd. Feb. 14; Henry Holt & co..
177 3133 106 47 inc.,
312 3132 117 41 New
456 3133 145 40 York.
669 3132 253 50 (29-7091)

108 3197 476 65 Gudmundsson,
619 3199 374 55 Kristmann.

243 3277 1873 72 … Armann og Vildis; roman. Oslo, H. Aschehoug & co.,
103 3356 149 52 1928.

171 3435 494 49 2 p. l., 231 p. 20 ᶜᵐ.
111 3487 1892 110 © Oct. 16, 1928; 1c. Nov. 22; A—Foreign 1216; H. Ascliehoug & co. (29-6972)
111 3602 306 62 Haggard,
449 3603 98 51 Sir
574 3603 206 62 Henry
807 3603 198 64 Rider,
1038 3608 326 49 1856-1925.

176 3677 173 69 Mary
399 3678 65 53 of
513 3679 230 53 Marion
796 3680 132 66 Isle,
978 3680 77 69 by
1105 3680 77 54 H.
1232 3681 182 53 Rider
1465 3682 303 70 Haggard.
1856 3685 260 67 London,

106 3755 367 54 Hutchinson
502 3758 47 50 &
578 3775 79 35 co.
685 3757 226 54 limited
967 3761 133 50 [1929]

174 3837 281 50 286 p. 19½ ᶜᵐ.
114 3889 1994 57 © 1c. Mar. 1, 1929; A ad int. 12379; pubd. Jan. 4; Mariana Louisa
181 3951 246 48 Haggard,
461 3952 220 43 Norfolk.
715 3954 238 48 England.
1023 3953 252 52 (29-6869)
