2542 4389
1098 4042 134 50 1183

173 384 261 64 Tappan,
464 383 129 53 Eva
619 382 226 65 March,
876 388 173 49 1854-

300 456 1871 72 … Makers of many things, by Eva March Tappan … Rev.
168 539 84 52 ed.
328 539 233 51 Boston.
621 537 140 53 New
821 537 164 53 York
1049 541 138 63 [etc.]
1250 535 321 68 Houghton
1630 533 205 53 Mifflin
1893 552 280 52 company

173 619 194 65 [ ᶜ1 929]
237 694 1927 53 iv p., 1 l. , 119 p. illus. 19½ᶜᵐ. (Her The industrial readers, bk. III)
175 766 1996 52 © July 23, 1929; 2c. July 25; aff. July 24; A 10388; Houghton Mifflin co.
252 826 280 50 (29-16413)

173 921 329 54 Television.
597 943 51 33 v.
677 927 49 65 2,
753 943 89 33 no.
875 927 83 66 18,
986 923 170 69 Aug.,
1188 926 151 51 1929.

176 1002 1996 52 © 1c. Aug. 30, 1929; A ad int. 13005; pubd. July 27; Television press,
241 1063 102 48 ltd.,
373 1063 213 41 London.

172 1157 199 65 Vieth,
400 1157 146 53 Paul
575 1158 284 54 Herman.

237 1235 294 69 Teaching
558 1234 95 54 for
682 1234 296 56 Christian
1008 1235 215 70 living;
1258 1255 31 33 a
1319 1235 280 69 practical
1629 1234 314 54 discussion
1974 1253 73 35 on
2076 1236 97 53 the

165 1313 314 69 principles
505 1314 112 52 and
644 1313 250 69 practice
923 1313 64 53 of
1012 1313 239 70 making
1278 1333 31 33 a
1337 1313 347 54 curriculum
1713 1313 95 53 for
1835 1314 97 52 the
1961 1314 209 53 church

166 1392 191 53 school
385 1391 186 54 which
601 1392 149 53 shall
778 1397 191 48 center
998 1392 60 52 in
1088 1391 107 54 life
1225 1392 348 69 experience,
1601 1392 77 70 by
1706 1391 151 54 Paul
1887 1392 78 53 H.
1996 1392 176 55 Vieth

228 1468 1408 72 … St. Louis, Mo., The Bethany press [ ᶜ1 929]
237 1552 86 41 272
352 1563 45 38 p.
424 1551 111 41 incl.
565 1551 167 49 diagr.,
762 1551 169 42 forms.
993 1551 57 41 20½ᶜᵐ.

241 1622 237 42 “General
504 1621 368 50 bibliography”;
929 1633 43 39 p.
998 1622 102 42 272.

175 1677 52 52 ©
254 1681 117 48 July
394 1681 69 48 18,
490 1680 115 41 1929;
659 1681 67 41 2c.
752 1681 121 48 Aug.
899 1681 30 39 2;
983 1680 83 41 aff.
1092 1681 121 48 Aug.
1240 1681 25 39 1;
1322 1681 42 39 A
1390 1681 144 40 11439;
1592 1682 50 39 P.
1668 1681 62 41 H.
1757 1681 159 48 Vieth,
1947 1679 225 50 Chicago.

252 1737 282 50 (29-16509)

171 1834 223 65 Walsh,
423 1833 282 56 Maurice.

243 1914 121 53 The
391 1913 165 55 small
585 1913 148 55 dark
756 1931 151 35 man.
982 1913 163 68 chap.
1176 1917 116 50 1-8.

251 1995 83 48 (In
372 1991 316 45 Chambers’s
728 1990 200 53 journal
966 1990 290 54 magazine)

174 2063 1997 52 © 1c. Aug. 30, 1929; A ad int. 13007; pubd. July 6; Frederick A. Stokes
239 2135 83 38 co.,
352 2124 118 41 New
498 2124 146 41 York.

175 2219 230 65 Weller,
437 2219 325 56 Friedrich.

243 2300 265 53 Tausend
543 2299 458 54 Buddhanamen
1034 2301 100 52 des
1163 2299 432 68 Bhadrakalpa.
1669 2299 259 70 Leipzig,
1961 2300 218 70 Verlag

173 2379 100 52 der
303 2376 142 55 Asia
473 2377 203 69 major,
707 2381 151 53 1928.

239 2459 27 40 1 v.
173 2525 1997 53 © Jan. 1, 1928; 1c. Apr. 11; A— Foreign 38304; Verlag der Asia major.
172 2639 184 64 West,
384 2639 189 55 Willis
600 2640 227 65 Mason,
859 2640 171 56 1857-

236 2717 56 54 A
337 2717 224 70 history
607 2716 65 54 of
718 2719 95 52 the
861 2718 308 54 American
1217 2718 228 70 nation;
1498 2738 72 34 an
1620 2718 442 69 interpretation
2111 2720 65 54 of

167 2794 2008 75 achievement, by Willis Mason West … illustrated with many
165 2892 164 50 maps
364 2876 112 52 and
512 2873 161 66 with,
688 2875 290 54 woodcuts
1011 2876 77 69 by
1125 2876 196 68 Zadig.
1393 2877 141 53 New
1569 2875 182 69 York,
1787 2877 123 53 The
1944 2876 229 55 Ronald

166 2957 693 65 press company [ ᶜ1 929]
235 3033 958 52 xi, 923 p. illus. (ports., maps) 22 ᶜᵐ.
237 3106 102 40 The
379 3108 195 46 greater
612 3108 113 48 part
769 3106 53 41 of
861 3108 84 39 the
986 3108 106 40 text
1132 3107 43 41 is
1216 3106 233 42 identical
1493 3106 120 42 with
1655 3107 82 41 the
1778 3106 220 42 author’s
2044 3108 128 41 “The

165 3162 259 42 American
451 3163 195 49 people”
672 3163 258 49 published
956 3163 50 41 in
1034 3163 128 43 1928.

172 3229 52 52 ©
253 3234 117 48 July
395 3234 69 48 31,
493 3234 117 41 1929;
661 3235 67 40 2c.
757 3235 120 48 Aug.
905 3235 25 41 3;
990 3234 82 42 aff.
1100 3235 121 48 Aug.
1249 3236 27 39 7;
1333 3235 42 39 A
1402 3234 172 43 13554;
1606 3235 191 41 Ronald
1824 3245 139 39 press
1990 3246 68 30 co.
249 3290 282 50 (29-16344)

169 3385 297 66 Winslow,
503 3386 245 55 Charles
781 3387 254 54 Edward
1070 3387 245 65 Amory,
1350 3387 173 55 1877-

240 3466 122 52 The
391 3467 140 52 road
559 3472 59 48 to
645 3466 225 65 health;
902 3467 97 53 the
1028 3467 187 69 Jayne
1247 3466 346 54 foundation
1624 3468 242 54 lectures
1895 3467 95 54 for
2020 3471 152 64 1929,

169 3542 2003 133 by C.-E. A. Winslow … New York, The Macmillan company, 1929.
232 3699 466 50 4 p. l., 151 p. 19½ᶜᵐ.
236 3757 318 41 “Footnotes”
596 3757 389 49 (bibliography)
1012 3769 9 30 :
1053 3769 44 38 p.
1126 3758 220 41 147-151.

514 3815 178 40 CONTENTS.—Man
719 3816 96 40 and
845 3815 78 41 his
953 3814 659 50 environment.—Learning
1641 3817 83 41 the
1755 3827 139 39 game
1925 3817 53 41 of
2005 3817 164 41 life.—

163 3870 102 41 The
290 3870 255 48 physician
569 3871 50 40 in
646 3872 83 40 the
755 3873 199 39 modern
981 3872 143 40 state.

171 3923 52 52 ©
257 3928 115 48 July
404 3928 56 41 23,
506 3929 139 46 1929;
680 3930 67 40 2c.
782 3931 95 38 and
911 3929 83 41 aff.
1028 3930 116 46 July
1176 3929 57 39 24;
1294 3929 42 39 A
1369 3929 170 44 10347;
1578 3931 282 40 Macmillan
1893 3942 68 30 co.

247 3984 281 50 (29-16458)
