2533 4342
1257 4021 136 50 1484

323 364 216 64 Smith,
571 367 139 53 Mrs.
744 365 174 62 Mary
950 364 305 53 Prudence
1298 362 238 66 (Wells)
1579 369 172 50 1840-

461 441 1875 70 … The boy captive of old Deerfield, by Mary P. Wells
329 518 210 60 Smith,
580 519 140 52 with
762 519 384 52 illustrations
1187 519 60 51 in
1289 520 154 51 color
1482 517 77 70 by
1597 518 202 53 Frank
1840 519 68 53 E.
1954 518 379 56 Schoonover.

328 597 237 66 Boston,
594 596 197 67 Little,
823 597 232 66 Brown,
1087 595 112 52 and
1232 613 300 51 company,
1567 599 151 50 1929.

430 676 1905 50 x p., 3 l., [3]-295 p. col. front., illus. (plan) col. plates. 22½ᶜᵐ. (The
325 735 194 39 Beacon
556 734 105 39 Hill
699 733 280 48 bookshelf)

401 792 22 16 “…
520 790 140 41 Some
696 791 52 40 of
784 791 85 40 the
903 791 312 47 experiences
1253 791 51 40 of
1341 791 84 40 the
1459 791 221 48 captives
1716 792 149 40 taken
1902 793 53 39 at
1992 791 242 41 Deerfield
2273 803 62 29 on

327 847 252 47 February
611 846 70 48 29,
715 847 128 47 1704,
878 857 134 30 more
1046 846 262 48 especially
1343 847 139 40 those
1516 847 51 40 of
1603 847 214 49 Stephen
1851 847 483 41 Williams.”·—Pref.

331 900 1891 52 © Sept. 21, 1929; 2c. and aff. Oct. 3; A 12738; Little, Brown, & co.
400 956 69 54 [©
502 959 345 49 illustrations]
919 958 282 50 (29-16908)

327 1054 218 66 Smith,
575 1056 130 64 Roy
731 1056 241 65 Lemon,
1005 1059 172 53 1887-

401 1134 1931 72 Splinters, by Roy L. Smith … New York, Chicago [etc. ]
326 1213 1118 63 Fleming H. Revell company [ ᶜ19 29]
395 1294 278 49 192 p. 19½ ᶜᵐ.
398 1350 264 41 “Sentence
694 1350 262 49 sermons”,
990 1351 244 48 arranged
1266 1350 248 49 topically.

328 1402 53 52 ©
410 1407 121 48 Aug.
560 1406 70 49 30,
660 1406 115 40 1929;
832 1406 69 41 2c.
931 1408 97 38 and
1058 1406 82 41 aff.
1173 1406 129 49 Sept.
1332 1407 56 39 12;
1446 1408 42 39 A
1516 1407 145 40 12263;
1724 1407 221 49 Fleming
1973 1408 61 41 H.
2066 1408 167 40 Revell
2264 1418 70 30 co.

404 1462 282 50 (29-19790)

324 1557 309 66 Snowden,
661 1558 204 53 James
891 1558 227 64 Henry,
1151 1563 171 49 1852-

399 1636 318 69 Outfitting
746 1638 95 53 the
872 1638 226 52 teacher
1128 1638 64 53 of
1222 1637 245 69 religion;
1531 1658 30 33 a
1591 1638 273 53 textbook
1894 1658 72 35 on
1996 1639 97 52 the

325 1636 1986 148 principles
483 1717 113 52 and
632 1716 250 67 practice
918 1716 64 53 of
1017 1716 272 69 religious
1324 1716 320 70 education,
1680 1718 76 68 by
1791 1717 196 54 James
2023 1716 77 52 H.
325 1716 1985 131 Snowden.
527 1794 139 52 New
696 1794 181 68 York,

906 1794 123 52 The
1056 1794 337 52 Macmillan
1423 1812 301 51 company,
1756 1797 150 52 1929.

425 1874 523 49 x p., 1 l., 274 p. 20½ ᶜᵐ.
396 1931 170 39 “Brief
592 1931 85 40 list
704 1931 53 39 of
784 1930 149 41 books
961 1930 80 40 for
1071 1930 233 48 religious
1332 1930 260 41 education
1622 1930 247 41 workers”:
1929 1943 44 37 p.
2002 1930 219 43 269-270.

327 1982 53 53 ©
411 1987 129 48 Sept.
568 1988 70 47 17,
667 1986 141 41 1929.
840 1986 67 41 2c.
937 1988 98 39 and
1063 1986 83 42 aff.
1178 1986 129 49 Sept.
1338 1987 81 47 18;
1453 1988 39 38 A
1520 1987 174 48 12449;
1726 1988 285 40 Macmillan
2039 1998 69 31 co.

403 2042 282 50 (29-19711)

324 2137 270 65 Sorokin,
625 2136 238 53 Pitirim
892 2136 533 66 Aleksandrovich,
1459 2143 172 49 1889-

390 2213 326 69 Principles
765 2214 65 51 of
882 2214 371 52 rural-urban
1306 2215 307 68 sociology,
1666 2215 77 69 by
1795 2215 237 53 Pitirim
2087 2215 248 55 Sorokin

317 2291 1989 147 and Carle C. Zimmerman … New York, H. Holt and company [ᶜ1929]
457 2452 1872 50 xv, 652 p. illus. (maps) diagr. 22½ ᶜᵐ. (Half-title: American social
317 2509 187 40 science
533 2509 165 47 series,
728 2509 155 39 under
912 2509 83 39 the
1024 2508 272 49 editorship
1324 2509 52 39 of
1403 2509 61 40 H.
1493 2510 72 39 W.
1596 2509 183 47 Odum)

394 2565 118 40 This
547 2565 124 40 book
703 2564 42 41 is
779 2577 28 27 a
841 2575 251 37 summary
1125 2564 53 41 of
1211 2564 82 41 the
1327 2565 26 40 3
1387 2565 93 41 vol.
1517 2566 149 47 work,
1704 2566 209 43 “Source
1949 2567 125 40 book
2107 2568 50 38 in
2192 2568 134 38 rural

324 2621 287 48 sociology”,
637 2621 240 48 prepared
901 2622 156 38 under
1082 2621 82 40 the
1189 2621 224 48 auspices
1439 2622 52 40 of
1517 2622 82 41 the
1626 2622 57 41 U.
1712 2624 46 40 S.
1784 2623 143 48 Dept.
1954 2623 52 41 of
2031 2623 302 48 agriculture

316 2679 98 39 and
458 2678 82 39 the
587 2676 283 48 University
916 2676 51 41 of
1014 2677 290 48 Minnesota,
1351 2680 49 37 to
1444 2678 56 40 be
1545 2678 256 48 published
1846 2679 49 39 in
1941 2679 116 41 1930
2103 2690 52 29 or
2202 2679 129 42 1931.

316 2733 63 48 cf.
408 2733 132 41 Pref.

325 2786 53 52 ©
404 2790 117 47 July
546 2790 39 47 8,
611 2789 141 48 1929;
781 2790 67 40 2c.
875 2790 118 47 July
1019 2789 55 41 13;
1130 2789 83 40 aff.
1242 2789 103 40 Oct.
1370 2791 27 38 3:
1452 2790 43 39 A
1520 2790 172 47 10255;
1722 2791 170 48 Henry
1919 2791 119 41 Holt
2066 2793 36 39 &
2126 2802 82 38 co.,
2236 2793 94 41 inc.

403 2844 282 51 (29-19443)

379 2940 1956 69 … The Southern reporter, v. 122. Permanent ed. … with
391 3018 375 69 key-number
801 3018 383 53 annotations.
1256 3018 152 53 June
1445 3019 213 69 1-July
1692 3023 86 65 20,
1815 3025 152 48 1929.
2041 3021 85 55 St.
2163 3020 166 55 Paul.

390 3096 162 54 West
587 3096 338 69 publishing
962 3114 100 50 co.,
1103 3099 152 50 1929.

392 3177 1698 51 xxii, 996 p. 26 ᶜᵐ. (National reporter system—State series)
326 3229 1809 57 © Sept. 19, 1929; 2c. Oct. 10; aff. Oct. 7; A 12874; West pub. co.
316 3343 452 54 Southwestern
798 3346 291 60 reporter.
1173 3343 103 65 (2d
1310 3343 218 65 series)

394 3421 185 52 Texas
612 3421 277 52 decisions
922 3421 269 67 reported
1224 3421 61 52 in
1320 3419 183 57 South
1539 3427 240 48 western
1812 3428 277 63 reporter,
2123 3425 205 52 second

323 3497 1984 147 series, vols. 15 (2d) and 16 (2d) May to June, 1929, annotated … St. Paul, West publishing co., 1929.
392 3656 620 49 Various paging. 26 ᶜᵐ .
327 3708 1809 55 © Sept. 16, 1929; 2c. Oct. 10; aff. Oct. 7; A 12878; West pub. co.
350 3820 349 64 [Surchamp,
727 3821 206 63 Henry]
988 3822 172 53 1876-

456 3898 1533 70 … Le miroir en éclats … Paris, B. Grasset [1929]
