2533 4342
1331 4008 135 50 1836

391 338 275 64 Chicago.
743 340 369 64 University.
1189 344 229 52 Bureau
1456 345 63 67 of
1632 344 176 55 business
1844 346 116 54 and
1992 346 285 54 economic
456 365 1916 107 research.

464 494 230 56 Studies
737 496 58 52 in
836 496 95 52 the
972 496 251 69 packing
1263 497 266 69 industry
1593 497 93 69 [by]
1732 500 95 51 the
1871 502 228 50 Bureau
2140 499 65 54 of
389 499 1982 125 business

562 574 111 51 and
719 573 284 51 economic
1050 575 255 51 research
1354 575 59 51 in
1459 575 389 67 co-operation
1897 576 140 53 with
2082 577 97 52 the
2222 577 175 53 Local

391 649 353 66 community
780 651 259 51 research
1075 650 321 54 committee
1432 651 65 52 of
1533 653 96 51 the
1665 653 341 70 University
2042 652 66 54 of
2143 655 253 68 Chicago

392 729 112 52 and
544 728 96 52 the
682 728 274 52 Institute
998 727 65 53 of
1104 728 308 53 American
1451 734 150 48 meat
1643 729 251 68 packers.
1973 731 269 69 Chicago.
2284 732 113 68 Ill.,

398 805 122 52 The
547 805 338 67 University
913 803 65 54 of
1009 804 253 70 Chicago
1298 809 172 63 [1929]

465 885 887 50 3 v, illus. (maps) diagrs. 23 ᶜᵐ .
733 967 167 39 CONTENTS.—[no.
945 955 40 51 1]
1032 957 104 40 The
1178 956 143 42 chain
1364 961 131 37 store
1537 959 97 39 and
1678 959 83 39 the
1802 959 209 48 packing
2051 959 243 48 industry,
2338 960 62 48 by

396 1014 51 38 E.
487 1014 49 39 L.
578 1013 400 49 Rhoades.—[no.
1021 1011 39 51 2]
1104 1015 101 38 The
1247 1017 339 42 management
1625 1016 52 38 of
1715 1015 145 40 chain
1897 1018 131 37 meat
2067 1017 231 39 markets,
2340 1016 60 47 by

393 1071 53 40 E.
478 1071 50 40 L.
557 1071 399 48 Rhoades.—[no.
987 1069 42 51 3]
1064 1070 155 41 Chain
1249 1072 156 39 stores
1433 1071 97 40 and
1559 1072 82 40 the
1671 1072 325 48 independent
2025 1075 130 38 meat
2185 1073 214 45 retailer,

392 1128 60 47 by
479 1129 54 39 E.
562 1128 50 40 L.
643 1128 240 40 Rhoades.

398 1196 74 29 no.
505 1186 39 41 1,
579 1181 51 52 ©
663 1185 119 46 Aug.
815 1185 54 40 13,
916 1184 117 40 1929;
1094 1195 75 30 no.
1200 1184 40 45 2,
1276 1180 51 52 ©
1363 1185 120 47 Aug.
1516 1184 55 41 19;
1633 1195 76 30 no.
1742 1186 25 40 3,
1819 1181 51 52 ©
1905 1185 120 46 Aug.
2059 1187 82 47 17;
2178 1187 65 40 2c.
2279 1187 120 40 each

468 1256 120 46 Aug.
615 1255 84 47 30;
729 1254 108 41 affs.
868 1255 129 48 Sept.
1024 1255 56 40 18;
1136 1255 41 39 A
1204 1255 157 41 12723,
1391 1255 157 42 12724,
1578 1255 145 40 12727;
1782 1255 283 41 University
2094 1255 52 41 of
2175 1255 225 47 Chicago.

480 1311 280 47 (29-24880)

393 1405 319 64 Churchill,
747 1405 273 54 Winston
1057 1405 268 52 Leonard
1361 1406 274 62 Spencer.

468 1484 156 52 Lord
651 1483 241 69 Morley.

478 1566 13 41 (In
587 1562 359 43 Nash’s—Pall
974 1562 122 43 Mall
1127 1562 277 52 magazine,
1433 1562 141 51 Nov.,
1604 1562 146 50 1929)

401 1631 1998 53 © 1c. Dec. 17, 1929; A ad int. 13246; pubd. Oct. 18; W. S. Churchill,
468 1693 214 39 London.

391 1785 193 64 Clark,
612 1786 262 53 Thomas
903 1786 221 65 Curtis,
1157 1787 172 55 1877-
1542 1805 179 52 comp.

463 1865 204 52 Poems
701 1864 64 52 of
797 1864 222 68 justice,
1052 1865 281 68 compiled
1368 1866 74 66 by
1477 1866 249 53 Thomas
1764 1865 195 56 Curtis
1995 1864 192 57 Clark.

394 1866 1979 144 Chicago,
582 1942 138 53 New
756 1942 179 66 York,
966 1942 246 54 Willett.
1246 1942 176 56 Clark
1455 1946 46 49 &
1534 1942 201 68 Colby,
1771 1945 149 50 1929.

462 2022 652 51 xii p., 1 l., 306 p. 20 ᶜᵐ .
401 2090 52 53 ©
490 2096 118 39 Nov.
646 2095 27 37 5,
779 2095 55 40 1929;
899 2095 67 40 2c.
1004 2095 118 39 Nov.
1159 2095 48 38 11;
1280 2094 81 41 aff.
1399 2095 118 39 Nov.
1555 2094 53 47 8;
1648 2095 40 38 A
1724 2094 171 47 14763;
1934 2095 204 40 Willett.
2178 2094 149 41 Clark
2364 2094 36 40 &

470 2151 162 47 Colby.
698 2151 281 48 (29-24872)

393 2244 255 63 Cleland,
678 2245 222 53 Robert
930 2246 192 63 Glass,
1156 2251 170 50 1885-

463 2322 385 53 Pathfinders.
879 2322 75 68 by
984 2323 216 53 Robert
1232 2322 169 55 Glass
1434 2322 270 64 Cleland,…
1839 2323 112 52 Los
1982 2322 267 69 Angeles.
2284 2322 117 55 San

395 2400 1706 69 Francisco [etc.] Powell publishing company [ ᶜ1 929]
468 2480 1936 50 8 p. l., 452 p. incl. plates, maps. fold. map. 24½ ᶜᵐ . (California,
397 2538 71 40 ed.
498 2538 61 47 by
585 2538 43 40 J.
657 2538 56 41 R.
742 2538 293 48 McCarthy)

467 2609 290 39 Illustrated
795 2608 368 49 lining-papers.

470 2665 366 40 “Illustrations
872 2664 233 49 specially
1141 2666 243 47 produced
1420 2664 78 41 for
1535 2664 98 40 this
1670 2664 135 40 work
1841 2665 60 46 by
1938 2664 217 40 Howard
2193 2662 210 42 Simon.”

467 2720 351 49 Bibliography
836 2732 10 29 :
876 2732 44 38 p.
966 2722 237 48 [417]-433.

402 2788 52 52 ©
482 2793 116 47 July
624 2792 41 48 9,
692 2792 116 40 1929;
861 2792 68 40 2c.
956 2792 119 40 Nov.
1102 2793 28 38 4;
1188 2791 82 42 aff.
1296 2792 119 41 Nov.
1443 2792 26 38 2;
1526 2792 39 38 A
1593 2791 172 47 15476;
1795 2792 180 40 Powell
2002 2791 110 49 pub.
2142 2803 67 29 co.

479 2848 282 48 (29-24856)

393 2940 233 66 Collins,
655 2942 220 53 Archie
906 2942 336 65 Frederick,
1273 2948 168 49 1869-

465 3018 194 69 Going
699 3019 369 66 somewhere;
1113 3019 128 52 how
1281 3024 59 48 to
1382 3020 183 51 travel
1607 3019 76 69 by
1723 3020 137 52 land
1904 3019 114 53 and
2060 3038 109 46 sea,
2210 3018 75 69 by
2329 3017 69 52 A.

394 3095 2007 70 Frederick Collins … New York, Chicago [etc.] F. H. Revell
394 3176 515 65 company [ ᶜ1 929 ]
466 3252 1936 52 3 p. l., 5-211 p. front., illus., plates, maps (1 double) facsims.,
397 3309 357 49 diagrs. 21 ᶜᵐ .
402 3364 51 52 ©
484 3368 101 41 Oct.
613 3368 69 47 26,
714 3368 114 40 1929;
885 3369 68 41 2c.
983 3370 96 39 and
1109 3369 81 40 aff.
1221 3370 119 40 Nov.
1370 3369 26 39 9;
1456 3369 41 39 A
1526 3369 147 41 15618;
1732 3368 220 48 Fleming
1982 3369 61 40 H.
2074 3369 167 38 Revell
2274 3376 67 30 co.

479 3424 279 48 (29-24616)

394 3517 392 54 Commission
814 3518 97 53 for
938 3519 175 53 relief
1140 3520 58 52 in
1226 3520 291 63 Belgium.

464 3594 205 52 Public
706 3595 273 53 relations
1017 3594 64 54 of
1113 3597 96 53 the
1247 3596 380 54 Commission
1666 3596 96 53 for
1797 3594 169 55 relief
2003 3595 60 52 in
2102 3593 296 69 Belgium;

395 3669 2008 73 documents. By George I. Gay … with the collaboration of
394 3747 1982 146 Η. H. Fisher … Stanford University, Calif., Stanford university press, 1929.
460 3907 1174 50 2 v, maps (1 fold.) facsims., diagr. 23½ ᶜᵐ .
