2512 4377
1260 3978 100 55 574

300 335 208 65 Rühle,
543 336 161 64 Otto,
742 335 171 55 1874-

373 413 149 52 Karl
558 413 199 66 Marx;
798 411 89 53 his
924 410 108 54 life
1069 412 111 51 and
1220 409 176 68 work,
1434 410 76 68 by
1549 409 141 56 Otto
1727 411 217 66 Rühle;
1984 411 317 57 translated

302 491 73 69 by
402 491 164 53 Eden
590 490 113 52 and
730 489 186 54 Cedar
942 490 163 52 Paul.
1182 489 138 51 New
1347 488 180 67 York,
1553 488 122 53 The
1700 487 224 69 Viking
1948 507 175 49 press,
2152 492 150 50 1929.

374 568 1455 53 5 p. l., 3-419 p. front., plates, ports., facsims. 25 ᶜᵐ .
373 630 351 47 Bibliography
742 640 9 28 :
783 640 44 37 p.
856 626 220 43 401-402.

306 684 51 51 ©
389 689 115 47 Apr.
533 688 69 47 15,
634 686 142 47 1929;
808 687 69 39 2c.
907 686 97 40 and
1034 685 84 42 aff.
1148 686 115 47 Apr.
1292 685 83 47 18;
1409 684 41 39 A
1480 684 142 48 6639;
1655 684 180 49 Viking
1863 695 151 39 press,
2045 684 93 41 inc.

381 742 251 50 (29-9839)

303 837 342 55 Schieffelin
682 836 53 53 &
770 853 102 44 co.,
908 838 139 51 New
1088 837 177 53 York.

370 916 200 69 Organ
619 917 262 67 therapy,
931 915 140 53 with
1122 914 211 70 special
1383 914 288 54 reference
1718 920 59 48 to
1827 911 98 57 the
1975 914 331 56 Schieffelin

297 996 178 68 gland
508 996 273 67 products
814 995 165 52 made
1013 992 305 70 according
1352 998 59 48 to
1444 994 97 52 the
1572 1010 283 51 processes
1890 992 311 69 developed
2231 994 75 69 by

297 1076 102 52 Dr.
432 1074 158 54 John
621 1074 219 68 Rogers
871 1073 113 52 and
1014 1072 89 54 his
1134 1071 299 55 associates
1465 1078 59 47 at
1553 1072 95 53 the
1681 1071 215 53 former
1926 1072 382 68 Department

298 1151 65 53 of
402 1150 413 69 experimental
854 1150 385 67 therapeutics
1281 1150 65 53 of
1385 1151 94 52 the
1523 1149 232 55 Cornell
1795 1150 243 53 medical
2078 1149 227 70 college.

298 1232 139 52 New
473 1230 180 57 York,
690 1228 333 57 Schieffelin
1059 1231 47 50 &
1141 1247 96 49 co.,
1278 1230 150 51 1929.

369 1309 760 50 cover-title, 20, [4] p. 18½ ᶜᵐ .
371 1367 415 49 Bibliographical
816 1367 280 40 foot-notes.

305 1425 51 51 ©
385 1428 114 47 Apr.
526 1427 39 47 6,
594 1425 113 41 1929;
764 1426 68 39 2:c.
861 1426 95 39 and
983 1424 84 40 aff.
1094 1424 115 48 Apr.
1238 1423 52 48 8;
1321 1423 41 40 A
1389 1423 142 47 7311;
1565 1422 281 42 Schieffelin
1876 1423 36 41 &
1939 1434 68 31 co.

383 1481 252 51 (29-9806)

302 1577 229 62 Seiden,
566 1575 256 55 Samuel.

434 1651 1872 71 … Scenery and lighting for school and little theatre stages,
302 1728 2004 73 by Samuel Seiden … Issued by the Bureau of community
302 1812 217 52 drama.
596 1809 221 68 Chapel
840 1809 151 70 Hill,
1015 1810 121 52 The
1161 1809 340 68 University
1526 1807 64 55 of
1615 1809 189 53 North
1831 1807 272 55 Carolina
2131 1828 175 50 press,

303 1892 150 50 1928.

373 1970 56 40 64
480 1980 43 38 p.
582 1968 165 48 front.,
799 1968 145 47 illus.,
998 1969 172 47 plates.
1231 1968 147 40 22½ᶜᵐ.
1449 1968 198 49 ([North
1702 1967 245 41 Carolina.
2008 1968 298 50 University.

305 2026 283 47 University
620 2025 254 40 extension
907 2024 226 50 division]
1197 2024 284 48 University
1514 2024 52 41 of
1598 2025 158 40 North
1788 2024 230 41 Carolina
2053 2026 254 41 extension

302 2083 220 45 bulletin,
553 2083 92 40 vol.
770 2113 8 16 VIII,
809 2092 76 30 no.
916 2081 51 47 7)

374 2140 381 48 “Bibliography
786 2139 52 40 of
870 2139 149 40 books
1052 2149 61 29 on
1146 2139 81 39 the
1261 2140 151 46 stage,
1446 2147 199 38 scenery
1680 2139 96 39 and
1807 2137 238 49 lighting”:
2110 2150 43 37 p.
302 2138 2008 100 [63]-64.

303 2251 52 52 ©
385 2257 121 39 Mar.
533 2255 69 47 11,
630 2253 142 46 1929;
802 2254 68 40 2c.
896 2253 116 48 Apr.
1038 2252 83 47 19;
1151 2251 84 42 aff.
1263 2252 113 48 Apr.
1403 2253 82 45 17;
1517 2252 40 39 A
1584 2252 142 47 7555;
1757 2252 283 48 University
2069 2252 51 41 of
2148 2253 155 40 North

373 2310 230 42 Carolina
631 2320 151 38 press.
849 2308 251 50 (29-9853)

302 2390 194 65 Shaw,
528 2390 176 52 Anna
734 2390 278 63 Howard,
1046 2390 327 54 1847-1919.

368 2468 1939 70 The story of a pioneer, by Anna Howard Shaw … with
297 2550 94 52 the
443 2548 414 53 collaboration
909 2548 63 53 of
1024 2547 303 53 Elizabeth
1381 2547 251 67 Jordan;
1688 2546 189 54 edited
1932 2547 75 69 by
2058 2548 248 52 Rowena

297 2625 2011 69 Keith Keyes … School ed. New York and London, Harper
296 2709 46 50 &
368 2707 262 52 brothers
666 2707 193 65 [ᶜ1929]

300 2782 1988 102 xiii, [1] p., 1 l., 291, [1] p., 1 l. front., illus., pl., ports. 19 ᶜᵐ . (Lettered on cover:
740 2841 236 50 Harper’s
1005 2842 199 40 modern
1233 2840 227 50 classics)

369 2902 120 40 Miss
523 2900 186 42 Shaw’s
742 2899 404 49 autobiography.

369 2958 251 48 “Beading
649 2956 212 49 topics”:
891 2968 45 37 p.
965 2956 238 51 280-[286]

304 3012 51 53 ©
381 3016 114 49 Apr.
522 3017 68 46 17,
618 3015 141 47 1929;
786 3016 68 39 2c.
880 3015 114 47 Apr.
1021 3015 81 45 17;
1133 3013 83 41 aff.
1240 3014 115 47 Apr.
1382 3013 82 47 19;
1493 3014 42 39 A
1561 3014 141 46 7594;
1731 3014 195 47 Harper
1954 3018 37 40 &
2016 3014 126 40 bros.

373 3068 68 54 [©
472 3071 343 48 illustrations,
845 3070 200 41 editor’s
1074 3070 344 48 introduction,
1450 3070 260 49 appendix]
1780 3070 251 49 (29-9798)

301 3151 285 64 Slattery,
621 3150 247 55 Charles
899 3150 212 64 Lewis,
1182 3170 74 49 bp.,
1290 3150 172 55 1867-

374 3228 1930 71 Following Christ, by Charles Lewis Slattery … New ed.,
303 3310 106 51 enl.
475 3309 216 52 Boston
723 3308 112 52 and
863 3307 140 52 New
1033 3306 180 68 York,
1242 3307 321 68 Houghton
1591 3305 205 54 Mifflin
1823 3325 298 50 company,
2154 3310 149 49 1929.

371 3385 635 52 3 p. l., 189, [1] p. 19 ᶜᵐ .
303 3440 52 53 ©
380 3445 114 48 Apr.
519 3445 39 41 5.
584 3444 142 49 1929;
751 3445 69 41 2c.
844 3445 114 48 Apr.
983 3444 83 47 10;
1093 3443 83 41 aff.
1202 3444 115 48 Apr.
1343 3444 81 47 18;
1452 3444 41 39 A
1518 3444 142 42 6642;
1689 3444 50 41 C.
1766 3446 51 40 L.
1845 3445 229 47 Slattery,
2103 3445 197 40 Boston.

381 3500 252 49 (29-9762)

302 3579 237 63 Society
570 3580 64 52 of
666 3579 366 53 automotive
1066 3579 330 64 engineers,
1431 3579 109 54 inc.

375 3656 55 56 S.
469 3657 71 52 A.
580 3658 67 52 E.
686 3657 322 53 handbook.
1085 3660 133 50 1929
1256 3657 84 52 ed.
1415 3656 140 53 New
1594 3658 164 52 York
1796 3658 133 69 city,
1971 3657 227 69 Society
2238 3656 64 54 of

301 3734 1057 68 automotive engineers, inc. [ ᶜ192 9 ]
370 3815 1118 50 viii p., 1 l., 681 p. diagrs., tables. 19 ᶜᵐ .
305 3868 51 51 ©
393 3871 122 40 Mar.
551 3872 69 46 18,
655 3871 141 48 1929;
833 3872 67 40 2c.
937 3872 94 39 and
1069 3871 81 40 aff.
1187 3871 113 48 Apr.
1337 3871 52 47 8;
1427 3872 41 38 A
1503 3871 114 42 6778;
1686 3871 190 49 Society
1913 3872 51 40 of
2000 3871 298 41 automotive

371 3926 265 50 engineers,
667 3927 92 41 inc.
