2512 4377
1278 4009 100 50 504

374 459 228 40 Lettered
632 469 60 29 on
723 468 140 29 cover:
923 457 101 39 The
1053 456 359 40 International
1446 457 156 38 travel
1631 455 201 41 bureau.

307 512 51 51 ©
388 517 122 38 Mar.
538 515 69 46 18,
636 514 140 46 1929;
807 514 68 40 2c.
903 514 95 38 and
1027 513 83 41 aff.
1138 514 122 38 Mar.
1289 512 82 46 30;
1402 512 42 39 A
1501 511 111 47 6074;
1646 513 222 38 Internatl.
1932 513 156 38 travel
2117 513 185 45 league.

384 570 251 51 (29-9085)

307 666 272 63 Jeschke,
621 666 202 62 Harry
860 664 236 64 Jewett,
1139 666 172 54 1873-

378 746 198 51 Better
624 744 246 67 English
918 743 94 52 for
1056 742 322 69 beginners,
1423 743 77 68 by
1542 742 201 68 Harry
1789 742 211 52 Jewett
2044 741 259 54 Jeschke.

310 820 1642 70 Boston, New York [etc.] Ginn and company [ ᶜ1 929]
376 904 70 39 xii
473 914 58 37 p.,
559 904 25 38 1
633 934 23 14 l.,
683 903 86 40 223
796 913 43 37 p.
900 904 87 38 col.
1013 902 165 45 front.,
1206 903 87 39 col.
1321 901 144 48 illus.,
1494 903 87 38 col.
1608 912 62 37 pl.
1731 900 56 41 19ᶜᵐ.

310 956 51 51 ©
391 961 122 38 Mar.
542 960 40 47 5,
611 958 114 40 1929;
782 959 68 40 2c.
878 958 115 48 Apr.
1024 958 25 39 6;
1108 957 83 42 aff.
1222 958 113 47 Apr.
1363 958 54 45 4;
1451 958 42 37 A
1520 956 141 47 7290;
1696 958 61 39 H.
1788 957 44 40 J.
1863 956 221 46 Jeschke,
2117 956 188 41 Benton

377 1016 208 48 Harbor,
620 1015 144 41 Mich.
847 1010 52 53 [©
933 1025 105 30 new
1072 1016 119 48 text]
1266 1014 252 49 (29-9147)

331 1110 173 63 [Joffe,
543 1109 198 68 Louis]

377 1185 252 70 Genesis,
659 1186 98 52 the
786 1184 126 54 first
941 1186 238 67 chapter
1211 1185 65 52 of
1306 1186 98 52 the
1434 1184 125 54 first
1588 1184 150 53 book
1768 1184 65 53 of
1862 1184 97 53 the
1986 1202 125 35 new
2142 1183 169 54 Bible

306 1264 306 69 according
638 1268 59 47 to
724 1263 365 68 modernism,
1115 1263 75 68 by
1217 1264 97 52 the
1337 1263 158 53 Most
1519 1262 184 70 Right
1730 1262 298 54 Reverend
2055 1262 159 55 John
2238 1261 73 54 A.

309 1338 2003 71 Smarticus … [pseud.] Approved by the First mother church
307 1418 1823 70 of New Thought … Moscow, Russia. [Pittsburgh, ᶜ1 929]
378 1502 246 49 16 p. 23 ᶜᵐ.
382 1557 344 42 “Addendum”
758 1558 169 48 signed:
989 1557 147 41 Louis
1168 1556 143 42 Joffe.

312 1612 51 51 ©
397 1616 124 40 Mar.
553 1614 40 48 2,
627 1614 141 46 1929;
803 1615 68 39 2c.
905 1614 122 39 Mar.
1061 1613 53 46 6;
1150 1611 83 43 aff.
1266 1613 114 48 Apr.
1411 1613 56 47 4;
1501 1612 42 39 A
1575 1613 142 46 7272;
1755 1613 52 41 F.
1840 1613 55 40 A.
1928 1614 185 47 Kelley,
2150 1613 161 41 Glass-

377 1674 122 46 post,
533 1671 97 47 Pa.,
663 1672 96 38 and
792 1670 147 41 Louis
973 1669 140 49 Joffe,
1149 1669 302 48 Pittsburgh.
1525 1669 251 49 (29-9049)

311 1766 1329 64 Johnson, Merle De V ore, 1874- ed.
385 1846 310 52 American
744 1843 124 57 first
918 1845 273 65 editions;
1242 1845 425 69 bibliographic
1716 1845 171 53 check
1935 1845 125 53 lists
2109 1845 64 53 of
2220 1846 96 51 the

318 1923 186 54 works
540 1923 65 53 of
641 1942 106 34 one
780 1923 264 53 hundred
1083 1923 113 52 and
1234 1921 108 54 five
1378 1922 308 54 American
1725 1923 252 69 authors,
2013 1923 185 53 edited
2241 1923 75 69 by

314 2001 1771 69 Merle Johnson … New York, R. R. Bowker co., 1929.
383 2082 403 48 viii, 242 p. 24 ᶜᵐ.
385 2139 231 39 “Printed
651 2137 51 40 in
736 2148 29 30 a
800 2137 189 41 limited
1027 2137 184 41 edition
1246 2137 52 41 of
1332 2137 131 49 1,000
1499 2137 159 49 copies
1694 2138 63 48 by
1791 2139 58 40 D.
1883 2139 55 40 B.
1975 2138 203 49 Updike,
2215 2139 103 40 The

315 2196 334 46 Merrymount
678 2204 151 38 press,
858 2194 227 40 Boston.”

386 2251 146 41 “This
566 2253 191 38 volume
792 2251 42 39 is
867 2250 201 48 frankly
1105 2260 26 30 a
1168 2249 338 41 continuation
1542 2251 52 40 of
1628 2251 83 40 the
1745 2251 403 49 bibliographical
2183 2252 133 40 work

315 2306 2005 50 of … P. K. Foley, whose ‘American authors’ was published in 1897.”—
315 2365 131 40 Pref.

384 2421 254 47 Arranged
667 2419 381 49 alphabetically
1078 2419 62 48 by
1170 2420 193 40 author.

387 2478 129 38 “The
551 2477 148 40 check
734 2476 110 40 lists
879 2477 123 39 have
1035 2476 118 39 been
1191 2475 235 48 compiled
1461 2476 61 48 by
1558 2476 198 41 various
1790 2477 297 41 collectors.”

317 2530 51 51 ©
396 2534 114 48 Apr.
538 2535 40 46 1,
606 2532 141 46 1929;
777 2532 68 41 2c.
872 2533 113 47 Apr.
1013 2532 52 46 6;
1097 2532 83 41 aff.
1209 2532 112 48 Apr.
1350 2533 54 46 3;
1434 2533 39 38 A
1502 2532 142 49 6495;
1676 2533 55 41 R.
1761 2534 56 41 R.
1848 2535 207 39 Bowker
2082 2545 67 29 co.

396 2589 252 49 (29-9081)

320 2685 245 62 Judson,
595 2685 139 53 Mrs.
769 2683 173 55 Clara
981 2683 303 64 (Ingram)

315 2759 1981 134 Mary Jane in Scotland, by Clara Ingram Judson … illustrated
529 2838 74 69 by
632 2836 237 57 Charles
892 2839 64 53 L.
978 2839 235 54 Wrenn.
1274 2838 140 54 New
1440 2839 180 69 York,
1646 2839 68 54 N.
1743 2839 91 70 Y.,
1858 2840 265 69 Newark,
2149 2840 69 54 N.
2245 2840 76 69 J.,

318 2918 588 65 Barse & co. [ ᶜ1 929]
387 2999 981 48 216 p. incl. plates, map. front. 19½ ᶜᵐ.
323 3052 51 51 ©
401 3057 114 47 Apr.
543 3057 68 46 11,
638 3056 117 39 1929;
807 3056 68 40 2c.
903 3057 95 38 and
1026 3055 82 42 aff.
1135 3056 114 47 Apr.
1278 3056 54 40 13;
1389 3057 41 38 A
1456 3056 117 41 6520;
1627 3058 155 40 Barse
1808 3058 37 40 &
1871 3068 69 32 co.

399 3112 251 49 (29-9223)

322 3206 188 64 Kelly,
540 3207 310 63 Raymond
878 3207 315 63 Ransome,
1228 3210 170 50 1882-

390 3285 95 52 Me
509 3285 112 52 and
645 3284 194 69 Andy,
863 3303 31 33 a
916 3284 111 68 boy
1051 3285 113 52 and
1189 3285 113 68 dog
1326 3290 176 63 story,
1524 3285 75 69 by
1623 3286 304 69 Raymond
1950 3288 191 69 Kelly,
321 3288 1977 127 illustrated

543 3363 75 67 by
654 3363 229 52 Electra
918 3362 459 68 Papadopoulos.
1454 3362 271 70 Chicago,
1759 3365 139 53 New
1936 3365 180 68 York,
322 3366 1978 127 Laidlaw

453 3440 278 68 brothers,
759 3443 149 50 1928.

391 3523 1253 48 2 p. l., 164 p. col. front., illus., col. plates. 19½ ᶜᵐ.
325 3576 51 51 ©
406 3580 108 39 Jan.
542 3579 40 47 3,
610 3579 141 47 1929;
780 3580 68 40 2c.
876 3581 122 39 Mar.
1099 3590 9 29 18:
1139 3579 83 41 aff.
1251 3581 122 40 Mar.
1402 3580 81 46 16;
1514 3581 41 38 A
1583 3582 141 47 7276;
1755 3582 221 40 Laidlaw
2004 3582 140 47 bros.,
2174 3582 91 41 inc.

403 3635 252 50 (29-9060)

326 3729 300 63 Klotsche,
661 3731 218 51 Ernest
912 3731 303 63 Heinrich,
1251 3733 170 53 1875-

396 3806 295 54 Christian
723 3808 330 68 symbolics;
1087 3828 81 48 or,
1199 3808 346 69 Exposition
1577 3809 64 54 of
1672 3810 98 53 the
1801 3811 330 53 distinctive
325 3810 1973 127 characteristics

673 3884 64 54 of
771 3886 97 52 the
904 3885 280 69 Catholic,
1220 3887 295 52 Lutheran
1551 3889 113 51 and
1701 3887 312 54 Reformed
2051 3887 271 54 churches
