<alto xmlns="http://www.loc.gov/standards/alto/ns-v3#" xmlns:xlink="http://www.w3.org/1999/xlink" xmlns:xsi="http://www.w3.org/2001/XMLSchema-instance" xsi:schemaLocation="http://www.loc.gov/standards/alto/ns-v3# http://www.loc.gov/alto/v3/alto-3-0.xsd"><Description>
<MeasurementUnit>pixel</MeasurementUnit>
<sourceImageInformation>
<fileName>1929_v26_part001.pdf</fileName>
</sourceImageInformation>
<OCRProcessing ID="IdOcr">
<ocrProcessingStep>
<processingDateTime>2019-04-18</processingDateTime>
<processingSoftware>
<softwareCreator>ABBYY</softwareCreator>
<softwareName>ABBYY Recognition Server</softwareName>
<softwareVersion>4.0</softwareVersion>
</processingSoftware>
</ocrProcessingStep>
</OCRProcessing>
</Description>
<Styles>
<ParagraphStyle ID="StyleId-FFFFFFFF-FFFF-FFFF-FFFF-FFFFFFFFFFFF-" ALIGN="Left" LEFT="0." RIGHT="0." FIRSTLINE="0."/>
<ParagraphStyle ID="StyleId-11A520CB-49B0-4D42-A675-089886D5B704-" ALIGN="Center" LEFT="0." RIGHT="0." FIRSTLINE="0." LINESPACE="7.699999809"/>
<ParagraphStyle ID="StyleId-2AEC4724-E584-48A1-8E6D-86B1AA154223-" ALIGN="Left" LEFT="0." RIGHT="0." FIRSTLINE="0." LINESPACE="12.19999981"/>
<ParagraphStyle ID="StyleId-5ADCDE1D-F34B-405C-A765-E9B51F6229BD-" ALIGN="Left" LEFT="0." RIGHT="0." FIRSTLINE="-13." LINESPACE="8.050000191"/>
<ParagraphStyle ID="StyleId-D0AEFB96-F81D-4367-8545-C0AC945FA34C-" ALIGN="Block" LEFT="0." RIGHT="0." FIRSTLINE="-13." LINESPACE="8.899999619"/>
<ParagraphStyle ID="StyleId-9A3BB592-4BA4-4F85-B157-B9A7F1FC9680-" ALIGN="Left" LEFT="0." RIGHT="0." FIRSTLINE="0."/>
<ParagraphStyle ID="StyleId-E9D6144A-CFDC-4919-911D-02B0461DB967-" ALIGN="Left" LEFT="0." RIGHT="0." FIRSTLINE="-13." LINESPACE="23.43000031"/>
<ParagraphStyle ID="StyleId-EEECFC68-AAC5-42B1-B3BF-987799B5B74A-" ALIGN="Block" LEFT="0." RIGHT="0." FIRSTLINE="0." LINESPACE="23.43000031"/>
<ParagraphStyle ID="StyleId-98D20B11-A9BB-4FAB-8DC8-DC8C43F3755E-" ALIGN="Left" LEFT="0." RIGHT="0." FIRSTLINE="0." LINESPACE="10.5"/>
<ParagraphStyle ID="StyleId-C279DBAD-2656-4352-93E6-C942618B09B1-" ALIGN="Block" LEFT="0." RIGHT="0." FIRSTLINE="-13." LINESPACE="8.770000458"/>
<ParagraphStyle ID="StyleId-A539B2D0-654F-45BA-9385-D7E681D9BD87-" ALIGN="Block" LEFT="0." RIGHT="0." FIRSTLINE="0." LINESPACE="8.18999958"/>
<ParagraphStyle ID="StyleId-CFE66565-54F2-45CF-9511-65151219B0BC-" ALIGN="Left" LEFT="0." RIGHT="0." FIRSTLINE="-12." LINESPACE="12.19999981"/>
<ParagraphStyle ID="StyleId-37B60A95-D7B9-4720-9D46-F2E763AAD699-" ALIGN="Block" LEFT="0." RIGHT="0." FIRSTLINE="0." LINESPACE="12.19999981"/>
<ParagraphStyle ID="StyleId-255154CA-71AA-47B9-A5EB-ED90642010CE-" ALIGN="Block" LEFT="0." RIGHT="0." FIRSTLINE="13." LINESPACE="7.900000095"/>
<ParagraphStyle ID="StyleId-4618FB06-20CA-4F95-9CA2-829603EE887D-" ALIGN="Block" LEFT="0." RIGHT="0." FIRSTLINE="0." LINESPACE="10."/>
<ParagraphStyle ID="StyleId-61F9B98E-BA82-4DCF-809A-0C5481162321-" ALIGN="Left" LEFT="0." RIGHT="0." FIRSTLINE="-13." LINESPACE="8.479999542"/>
<ParagraphStyle ID="StyleId-16A4FB0C-4CB7-44C8-846E-AF89DD76FC73-" ALIGN="Left" LEFT="0." RIGHT="0." FIRSTLINE="0." LINESPACE="11.10000038"/>
<ParagraphStyle ID="StyleId-8CC01B24-9D1D-45D5-B954-83ECA9EA3425-" ALIGN="Left" LEFT="0." RIGHT="0." FIRSTLINE="-13." LINESPACE="8.050000191"/>
<ParagraphStyle ID="StyleId-3DB8CD3F-AD17-4DD7-8361-787A6A426C72-" ALIGN="Block" LEFT="0." RIGHT="0." FIRSTLINE="13." LINESPACE="7.900000095"/>
</Styles>
<Layout>
<Page ID="Page304" PHYSICAL_IMG_NR="304" HEIGHT="4377" WIDTH="2512">
<TopMargin HEIGHT="454" WIDTH="2512" VPOS="0" HPOS="0">
</TopMargin>
<LeftMargin HEIGHT="3646" WIDTH="359" VPOS="454" HPOS="0">
</LeftMargin>
<RightMargin HEIGHT="3646" WIDTH="72" VPOS="454" HPOS="2440">
</RightMargin>
<BottomMargin HEIGHT="277" WIDTH="2512" VPOS="4100" HPOS="0">
</BottomMargin>
<PrintSpace HEIGHT="3646" WIDTH="2081" VPOS="454" HPOS="359">
<TextBlock ID="Page304_Block1" HEIGHT="58" WIDTH="122" VPOS="4042" HPOS="1338" LANG="en-US" STYLEREFS="StyleId-2DB96973-76EE-4525-B3A0-68439D429022-">
<TextLine HEIGHT="47" WIDTH="102" VPOS="4053" HPOS="1348">
<String CONTENT="304" HEIGHT="47" WIDTH="102" VPOS="4053" HPOS="1348"/>
</TextLine>
</TextBlock>
<TextBlock ID="Page304_Block2" HEIGHT="3596" WIDTH="2081" VPOS="454" HPOS="359" LANG="en-US" CS="1" STYLEREFS="StyleId-E25C9E8C-8380-46CA-B518-A237DD233502-">
<TextLine HEIGHT="51" WIDTH="1590" VPOS="474" HPOS="503" CS="1">
<String CS="1" CONTENT="x," HEIGHT="15" WIDTH="8" VPOS="506" HPOS="503"/>
<SP HEIGHT="45" WIDTH="26" VPOS="476" HPOS="512"/>
<String CONTENT="1174" HEIGHT="39" WIDTH="113" VPOS="475" HPOS="539"/>
<SP HEIGHT="47" WIDTH="23" VPOS="475" HPOS="653"/>
<String CONTENT="p." HEIGHT="36" WIDTH="43" VPOS="486" HPOS="677"/>
<SP HEIGHT="40" WIDTH="58" VPOS="475" HPOS="721"/>
<String CS="1" CONTENT="front." HEIGHT="40" WIDTH="135" VPOS="475" HPOS="780"/>
<SP HEIGHT="47" WIDTH="27" VPOS="475" HPOS="931"/>
<String CONTENT="(port.)" HEIGHT="49" WIDTH="172" VPOS="474" HPOS="959"/>
<SP HEIGHT="48" WIDTH="32" VPOS="474" HPOS="1132"/>
<String LANG="de" CONTENT="illus." HEIGHT="40" WIDTH="128" VPOS="476" HPOS="1165"/>
<SP HEIGHT="47" WIDTH="27" VPOS="476" HPOS="1294"/>
<String CONTENT="(incl." HEIGHT="47" WIDTH="134" VPOS="476" HPOS="1322"/>
<SP HEIGHT="40" WIDTH="25" VPOS="476" HPOS="1457"/>
<String CONTENT="1" HEIGHT="39" WIDTH="18" VPOS="476" HPOS="1483"/>
<SP HEIGHT="39" WIDTH="33" VPOS="476" HPOS="1502"/>
<String CONTENT="map)" HEIGHT="48" WIDTH="136" VPOS="476" HPOS="1536"/>
<SP HEIGHT="48" WIDTH="35" VPOS="476" HPOS="1673"/>
<String CONTENT="cliagrs." HEIGHT="49" WIDTH="178" VPOS="476" HPOS="1709"/>
<SP HEIGHT="40" WIDTH="59" VPOS="478" HPOS="1888"/>
<String CS="1" CONTENT="23&#189;&#7580;&#7504;." HEIGHT="41" WIDTH="145" VPOS="478" HPOS="1948"/>
</TextLine>
<TextLine HEIGHT="53" WIDTH="1931" VPOS="546" HPOS="468">
<String CONTENT="The" HEIGHT="41" WIDTH="101" VPOS="546" HPOS="468"/>
<SP HEIGHT="31" WIDTH="26" VPOS="556" HPOS="570"/>
<String CONTENT="articles" HEIGHT="41" WIDTH="198" VPOS="546" HPOS="597"/>
<SP HEIGHT="38" WIDTH="24" VPOS="557" HPOS="796"/>
<String CONTENT="published," HEIGHT="49" WIDTH="269" VPOS="546" HPOS="821"/>
<SP HEIGHT="47" WIDTH="30" VPOS="547" HPOS="1091"/>
<String CONTENT="1905," HEIGHT="48" WIDTH="127" VPOS="547" HPOS="1122"/>
<SP HEIGHT="48" WIDTH="28" VPOS="547" HPOS="1250"/>
<String CONTENT="in" HEIGHT="40" WIDTH="49" VPOS="547" HPOS="1279"/>
<SP HEIGHT="39" WIDTH="30" VPOS="548" HPOS="1329"/>
<String CONTENT="&#8220;The" HEIGHT="40" WIDTH="129" VPOS="548" HPOS="1360"/>
<SP HEIGHT="38" WIDTH="27" VPOS="558" HPOS="1490"/>
<String CONTENT="principal" HEIGHT="51" WIDTH="240" VPOS="546" HPOS="1518"/>
<SP HEIGHT="48" WIDTH="28" VPOS="549" HPOS="1759"/>
<String CONTENT="professional" HEIGHT="49" WIDTH="324" VPOS="548" HPOS="1788"/>
<SP HEIGHT="49" WIDTH="28" VPOS="550" HPOS="2113"/>
<String CONTENT="papers" HEIGHT="39" WIDTH="174" VPOS="560" HPOS="2142"/>
<SP HEIGHT="31" WIDTH="29" VPOS="561" HPOS="2317"/>
<String CONTENT="of" HEIGHT="42" WIDTH="52" VPOS="550" HPOS="2347"/>
</TextLine>
<TextLine HEIGHT="51" WIDTH="1997" VPOS="604" HPOS="401">
<String CONTENT="Dr." HEIGHT="39" WIDTH="83" VPOS="604" HPOS="401"/>
<SP HEIGHT="39" WIDTH="36" VPOS="604" HPOS="485"/>
<String CONTENT="J." HEIGHT="40" WIDTH="44" VPOS="604" HPOS="522"/>
<SP HEIGHT="40" WIDTH="33" VPOS="604" HPOS="567"/>
<String CONTENT="A." HEIGHT="40" WIDTH="55" VPOS="604" HPOS="601"/>
<SP HEIGHT="40" WIDTH="35" VPOS="604" HPOS="657"/>
<String CONTENT="L." HEIGHT="42" WIDTH="50" VPOS="604" HPOS="693"/>
<SP HEIGHT="41" WIDTH="36" VPOS="605" HPOS="744"/>
<String CONTENT="Waddell&#8221;" HEIGHT="40" WIDTH="252" VPOS="604" HPOS="781"/>
<SP HEIGHT="40" WIDTH="37" VPOS="604" HPOS="1034"/>
<String CONTENT="edited" HEIGHT="41" WIDTH="161" VPOS="604" HPOS="1072"/>
<SP HEIGHT="40" WIDTH="36" VPOS="605" HPOS="1234"/>
<String CONTENT="by" HEIGHT="46" WIDTH="59" VPOS="605" HPOS="1271"/>
<SP HEIGHT="47" WIDTH="37" VPOS="604" HPOS="1331"/>
<String CONTENT="J." HEIGHT="41" WIDTH="43" VPOS="604" HPOS="1369"/>
<SP HEIGHT="40" WIDTH="36" VPOS="605" HPOS="1413"/>
<String CONTENT="L." HEIGHT="41" WIDTH="50" VPOS="605" HPOS="1450"/>
<SP HEIGHT="41" WIDTH="37" VPOS="605" HPOS="1501"/>
<String CONTENT="Harrington," HEIGHT="48" WIDTH="318" VPOS="605" HPOS="1539"/>
<SP HEIGHT="45" WIDTH="38" VPOS="608" HPOS="1858"/>
<String CONTENT="together" HEIGHT="47" WIDTH="222" VPOS="608" HPOS="1897"/>
<SP HEIGHT="29" WIDTH="37" VPOS="618" HPOS="2120"/>
<String CONTENT="with" HEIGHT="40" WIDTH="118" VPOS="608" HPOS="2158"/>
<SP HEIGHT="40" WIDTH="36" VPOS="609" HPOS="2277"/>
<String CONTENT="the" HEIGHT="40" WIDTH="84" VPOS="609" HPOS="2314"/>
</TextLine>
<TextLine HEIGHT="51" WIDTH="2004" VPOS="660" HPOS="395">
<String CONTENT="ones" HEIGHT="30" WIDTH="116" VPOS="670" HPOS="395"/>
<SP HEIGHT="36" WIDTH="28" VPOS="672" HPOS="512"/>
<String CONTENT="published" HEIGHT="48" WIDTH="254" VPOS="660" HPOS="541"/>
<SP HEIGHT="39" WIDTH="30" VPOS="661" HPOS="796"/>
<String CONTENT="in" HEIGHT="39" WIDTH="49" VPOS="661" HPOS="827"/>
<SP HEIGHT="37" WIDTH="32" VPOS="664" HPOS="877"/>
<String CONTENT="the" HEIGHT="39" WIDTH="83" VPOS="662" HPOS="910"/>
<SP HEIGHT="37" WIDTH="28" VPOS="672" HPOS="994"/>
<String CONTENT="present" HEIGHT="45" WIDTH="194" VPOS="664" HPOS="1023"/>
<SP HEIGHT="40" WIDTH="30" VPOS="661" HPOS="1218"/>
<String CONTENT="book" HEIGHT="40" WIDTH="122" VPOS="661" HPOS="1249"/>
<SP HEIGHT="38" WIDTH="31" VPOS="662" HPOS="1372"/>
<String CONTENT="represent" HEIGHT="44" WIDTH="249" VPOS="665" HPOS="1404"/>
<SP HEIGHT="37" WIDTH="32" VPOS="665" HPOS="1654"/>
<String CONTENT="all" HEIGHT="39" WIDTH="65" VPOS="663" HPOS="1687"/>
<SP HEIGHT="39" WIDTH="31" VPOS="664" HPOS="1753"/>
<String CONTENT="of" HEIGHT="41" WIDTH="52" VPOS="662" HPOS="1785"/>
<SP HEIGHT="40" WIDTH="30" VPOS="662" HPOS="1838"/>
<String CONTENT="importance" HEIGHT="49" WIDTH="300" VPOS="662" HPOS="1869"/>
<SP HEIGHT="29" WIDTH="31" VPOS="674" HPOS="2170"/>
<String CONTENT="written" HEIGHT="41" WIDTH="197" VPOS="664" HPOS="2202"/>
</TextLine>
<TextLine HEIGHT="51" WIDTH="1616" VPOS="717" HPOS="398">
<String CONTENT="by" HEIGHT="47" WIDTH="60" VPOS="717" HPOS="398"/>
<SP HEIGHT="46" WIDTH="23" VPOS="718" HPOS="459"/>
<String CONTENT="Dr." HEIGHT="39" WIDTH="83" VPOS="718" HPOS="483"/>
<SP HEIGHT="39" WIDTH="26" VPOS="718" HPOS="567"/>
<String CONTENT="Waddell" HEIGHT="39" WIDTH="222" VPOS="718" HPOS="594"/>
<SP HEIGHT="38" WIDTH="26" VPOS="718" HPOS="817"/>
<String CONTENT="with" HEIGHT="40" WIDTH="118" VPOS="717" HPOS="844"/>
<SP HEIGHT="39" WIDTH="27" VPOS="718" HPOS="963"/>
<String CONTENT="the" HEIGHT="38" WIDTH="79" VPOS="719" HPOS="991"/>
<SP HEIGHT="29" WIDTH="25" VPOS="728" HPOS="1071"/>
<String CONTENT="exception" HEIGHT="47" WIDTH="254" VPOS="718" HPOS="1097"/>
<SP HEIGHT="28" WIDTH="26" VPOS="729" HPOS="1352"/>
<String CONTENT="of" HEIGHT="39" WIDTH="51" VPOS="718" HPOS="1379"/>
<SP HEIGHT="39" WIDTH="25" VPOS="718" HPOS="1431"/>
<String CONTENT="his" HEIGHT="39" WIDTH="77" VPOS="718" HPOS="1457"/>
<SP HEIGHT="39" WIDTH="25" VPOS="719" HPOS="1535"/>
<String CONTENT="books," HEIGHT="40" WIDTH="161" VPOS="719" HPOS="1561"/>
<SP HEIGHT="29" WIDTH="60" VPOS="731" HPOS="1723"/>
<String CONTENT="cf." HEIGHT="48" WIDTH="62" VPOS="720" HPOS="1784"/>
<SP HEIGHT="37" WIDTH="26" VPOS="730" HPOS="1847"/>
<String CONTENT="p." HEIGHT="37" WIDTH="43" VPOS="730" HPOS="1874"/>
<SP HEIGHT="38" WIDTH="26" VPOS="722" HPOS="1918"/>
<String CONTENT="19." HEIGHT="42" WIDTH="69" VPOS="719" HPOS="1945"/>
</TextLine>
<TextLine HEIGHT="53" WIDTH="1993" VPOS="785" HPOS="403" CS="1">
<String CONTENT="&#169;" HEIGHT="52" WIDTH="51" VPOS="785" HPOS="403"/>
<SP HEIGHT="52" WIDTH="28" VPOS="785" HPOS="455"/>
<String CONTENT="Dec." HEIGHT="40" WIDTH="110" VPOS="790" HPOS="484"/>
<SP HEIGHT="40" WIDTH="25" VPOS="790" HPOS="595"/>
<String CONTENT="3," HEIGHT="43" WIDTH="40" VPOS="790" HPOS="621"/>
<SP HEIGHT="42" WIDTH="27" VPOS="791" HPOS="662"/>
<String CS="1" CONTENT="1928;" HEIGHT="40" WIDTH="114" VPOS="790" HPOS="690"/>
<SP HEIGHT="46" WIDTH="28" VPOS="790" HPOS="831"/>
<String CONTENT="2c." HEIGHT="40" WIDTH="67" VPOS="790" HPOS="860"/>
<SP HEIGHT="39" WIDTH="28" VPOS="791" HPOS="928"/>
<String CONTENT="Mar." HEIGHT="38" WIDTH="121" VPOS="791" HPOS="957"/>
<SP HEIGHT="39" WIDTH="27" VPOS="790" HPOS="1079"/>
<String CONTENT="9;" HEIGHT="46" WIDTH="52" VPOS="790" HPOS="1107"/>
<SP HEIGHT="36" WIDTH="30" VPOS="800" HPOS="1160"/>
<String CONTENT="aff." HEIGHT="41" WIDTH="82" VPOS="789" HPOS="1191"/>
<SP HEIGHT="39" WIDTH="27" VPOS="791" HPOS="1274"/>
<String CONTENT="Mar." HEIGHT="39" WIDTH="123" VPOS="791" HPOS="1302"/>
<SP HEIGHT="40" WIDTH="27" VPOS="790" HPOS="1426"/>
<String CONTENT="8;" HEIGHT="46" WIDTH="52" VPOS="790" HPOS="1454"/>
<SP HEIGHT="45" WIDTH="27" VPOS="791" HPOS="1507"/>
<!-- cceid 8EF6FCDF-6CFA-1014-9C3C-CEA95E7AA542 --><String CONTENT="A" HEIGHT="38" WIDTH="40" VPOS="791" HPOS="1535"/>
<SP HEIGHT="38" WIDTH="27" VPOS="791" HPOS="1576"/>
<String CONTENT="5712;" HEIGHT="45" WIDTH="140" VPOS="791" HPOS="1604"/>
<SP HEIGHT="44" WIDTH="30" VPOS="792" HPOS="1745"/>
<String CONTENT="J." HEIGHT="40" WIDTH="42" VPOS="792" HPOS="1776"/>
<SP HEIGHT="40" WIDTH="29" VPOS="792" HPOS="1819"/>
<String CONTENT="A." HEIGHT="39" WIDTH="54" VPOS="792" HPOS="1849"/>
<SP HEIGHT="39" WIDTH="28" VPOS="792" HPOS="1904"/>
<String CONTENT="L." HEIGHT="40" WIDTH="49" VPOS="792" HPOS="1933"/>
<SP HEIGHT="39" WIDTH="28" VPOS="793" HPOS="1983"/>
<String CONTENT="Waddell," HEIGHT="45" WIDTH="237" VPOS="793" HPOS="2012"/>
<SP HEIGHT="44" WIDTH="28" VPOS="794" HPOS="2250"/>
<String CONTENT="New" HEIGHT="38" WIDTH="117" VPOS="794" HPOS="2279"/>
</TextLine>
<TextLine HEIGHT="48" WIDTH="466" VPOS="846" HPOS="471">
<String CONTENT="York." HEIGHT="40" WIDTH="143" VPOS="846" HPOS="471"/>
<SP HEIGHT="47" WIDTH="70" VPOS="847" HPOS="615"/>
<String CONTENT="(29-6336)" HEIGHT="48" WIDTH="251" VPOS="846" HPOS="686"/>
</TextLine>
<TextLine HEIGHT="63" WIDTH="633" VPOS="899" HPOS="401" STYLEREFS="StyleId-0E5A5E14-1D89-40F4-AA07-8DD55F632B06-">
<String CONTENT="Wagner," HEIGHT="63" WIDTH="276" VPOS="899" HPOS="401"/>
<SP HEIGHT="62" WIDTH="38" VPOS="900" HPOS="678"/>
<String CONTENT="Siegfried." HEIGHT="63" WIDTH="317" VPOS="899" HPOS="717"/>
</TextLine>
<TextLine HEIGHT="145" WIDTH="1973" VPOS="978" HPOS="399" STYLEREFS="StyleId-8AFF99B7-BD2F-4334-9B69-198EC532FF42-" CS="1">
<String CONTENT="Richard" HEIGHT="52" WIDTH="254" VPOS="978" HPOS="470"/>
<SP HEIGHT="53" WIDTH="47" VPOS="978" HPOS="725"/>
<String CONTENT="Wagner;" HEIGHT="67" WIDTH="281" VPOS="978" HPOS="773"/>
<SP HEIGHT="39" WIDTH="51" VPOS="996" HPOS="1055"/>
<String CONTENT="a" HEIGHT="33" WIDTH="29" VPOS="996" HPOS="1107"/>
<SP HEIGHT="52" WIDTH="48" VPOS="978" HPOS="1137"/>
<String CONTENT="biography" HEIGHT="69" WIDTH="325" VPOS="978" HPOS="1186"/>
<SP HEIGHT="37" WIDTH="48" VPOS="997" HPOS="1512"/>
<String CONTENT="compiled" HEIGHT="66" WIDTH="280" VPOS="980" HPOS="1561"/>
<SP HEIGHT="52" WIDTH="51" VPOS="979" HPOS="1842"/>
<String CONTENT="for" HEIGHT="52" WIDTH="93" VPOS="979" HPOS="1894"/>
<SP HEIGHT="47" WIDTH="45" VPOS="984" HPOS="1988"/>
<String CONTENT="the" HEIGHT="53" WIDTH="95" VPOS="979" HPOS="2034"/>
<SP HEIGHT="52" WIDTH="48" VPOS="980" HPOS="2130"/>
<String CONTENT="Audiographic" HEIGHT="143" WIDTH="1973" VPOS="980" HPOS="399"/>
</TextLine>
<TextLine HEIGHT="146" WIDTH="1972" VPOS="1055" HPOS="401" STYLEREFS="StyleId-8AFF99B7-BD2F-4334-9B69-198EC532FF42-" CS="1">
<String CONTENT="series" HEIGHT="52" WIDTH="169" VPOS="1056" HPOS="675"/>
<SP HEIGHT="52" WIDTH="30" VPOS="1056" HPOS="845"/>
<String CONTENT="by" HEIGHT="67" WIDTH="76" VPOS="1056" HPOS="876"/>
<SP HEIGHT="68" WIDTH="31" VPOS="1055" HPOS="953"/>
<String CONTENT="his" HEIGHT="53" WIDTH="88" VPOS="1055" HPOS="985"/>
<SP HEIGHT="33" WIDTH="33" VPOS="1075" HPOS="1074"/>
<String CONTENT="son," HEIGHT="36" WIDTH="117" VPOS="1075" HPOS="1108"/>
<SP HEIGHT="56" WIDTH="36" VPOS="1055" HPOS="1226"/>
<String CONTENT="Siegfried" HEIGHT="69" WIDTH="292" VPOS="1055" HPOS="1263"/>
<SP HEIGHT="55" WIDTH="32" VPOS="1056" HPOS="1556"/>
<String CONTENT="Wagner." HEIGHT="69" WIDTH="269" VPOS="1056" HPOS="1589"/>
<SP HEIGHT="53" WIDTH="70" VPOS="1057" HPOS="1859"/>
<String CONTENT="Musical" HEIGHT="53" WIDTH="245" VPOS="1057" HPOS="1930"/>
<SP HEIGHT="53" WIDTH="35" VPOS="1058" HPOS="2176"/>
<String CONTENT="examples" HEIGHT="124" WIDTH="1972" VPOS="1077" HPOS="401"/>
</TextLine>
<TextLine HEIGHT="147" WIDTH="1973" VPOS="1132" HPOS="400" STYLEREFS="StyleId-8AFF99B7-BD2F-4334-9B69-198EC532FF42-" CS="1">
<String CONTENT="chosen" HEIGHT="52" WIDTH="202" VPOS="1134" HPOS="550"/>
<SP HEIGHT="51" WIDTH="27" VPOS="1134" HPOS="753"/>
<String CONTENT="by" HEIGHT="67" WIDTH="76" VPOS="1134" HPOS="781"/>
<SP HEIGHT="69" WIDTH="29" VPOS="1132" HPOS="858"/>
<String CONTENT="Siegfried" HEIGHT="70" WIDTH="291" VPOS="1132" HPOS="888"/>
<SP HEIGHT="53" WIDTH="28" VPOS="1134" HPOS="1180"/>
<String CONTENT="Wagner" HEIGHT="69" WIDTH="253" VPOS="1134" HPOS="1209"/>
<SP HEIGHT="33" WIDTH="29" VPOS="1154" HPOS="1463"/>
<String CONTENT="and" HEIGHT="52" WIDTH="113" VPOS="1135" HPOS="1493"/>
<SP HEIGHT="52" WIDTH="28" VPOS="1135" HPOS="1607"/>
<String CONTENT="recorded" HEIGHT="53" WIDTH="270" VPOS="1135" HPOS="1636"/>
<SP HEIGHT="53" WIDTH="27" VPOS="1135" HPOS="1907"/>
<String CONTENT="by" HEIGHT="69" WIDTH="76" VPOS="1135" HPOS="1935"/>
<SP HEIGHT="69" WIDTH="27" VPOS="1135" HPOS="2012"/>
<String CONTENT="Hans" HEIGHT="54" WIDTH="166" VPOS="1135" HPOS="2040"/>
<SP HEIGHT="52" WIDTH="30" VPOS="1137" HPOS="2207"/>
<String CONTENT="Phillip" HEIGHT="142" WIDTH="1973" VPOS="1137" HPOS="400"/>
</TextLine>
<TextLine HEIGHT="73" WIDTH="1875" VPOS="1211" HPOS="521" STYLEREFS="StyleId-8AFF99B7-BD2F-4334-9B69-198EC532FF42-">
<String CONTENT="Hofmann." HEIGHT="52" WIDTH="319" VPOS="1211" HPOS="521"/>
<SP HEIGHT="51" WIDTH="75" VPOS="1212" HPOS="841"/>
<String CONTENT="Rolls" HEIGHT="52" WIDTH="161" VPOS="1212" HPOS="917"/>
<SP HEIGHT="48" WIDTH="37" VPOS="1216" HPOS="1079"/>
<String CONTENT="4," HEIGHT="62" WIDTH="49" VPOS="1216" HPOS="1117"/>
<SP HEIGHT="61" WIDTH="38" VPOS="1217" HPOS="1167"/>
<String CONTENT="5." HEIGHT="47" WIDTH="45" VPOS="1217" HPOS="1206"/>
<SP HEIGHT="33" WIDTH="80" VPOS="1246" HPOS="1252"/>
<String CONTENT="[Translated" HEIGHT="66" WIDTH="359" VPOS="1213" HPOS="1333"/>
<SP HEIGHT="52" WIDTH="40" VPOS="1213" HPOS="1693"/>
<String CONTENT="by" HEIGHT="68" WIDTH="73" VPOS="1213" HPOS="1734"/>
<SP HEIGHT="67" WIDTH="37" VPOS="1214" HPOS="1808"/>
<String LANG="la" CONTENT="W." HEIGHT="53" WIDTH="89" VPOS="1214" HPOS="1846"/>
<SP HEIGHT="52" WIDTH="38" VPOS="1213" HPOS="1936"/>
<String CONTENT="H." HEIGHT="53" WIDTH="76" VPOS="1213" HPOS="1975"/>
<SP HEIGHT="53" WIDTH="40" VPOS="1213" HPOS="2052"/>
<String CONTENT="Kerridge." HEIGHT="71" WIDTH="303" VPOS="1213" HPOS="2093"/>
</TextLine>
<TextLine HEIGHT="70" WIDTH="1999" VPOS="1289" HPOS="398" STYLEREFS="StyleId-8AFF99B7-BD2F-4334-9B69-198EC532FF42-">
<String CONTENT="London]" HEIGHT="66" WIDTH="258" VPOS="1290" HPOS="398"/>
<SP HEIGHT="65" WIDTH="53" VPOS="1291" HPOS="657"/>
<String CONTENT="The" HEIGHT="52" WIDTH="121" VPOS="1290" HPOS="711"/>
<SP HEIGHT="53" WIDTH="47" VPOS="1289" HPOS="833"/>
<String CONTENT="Aeolian" HEIGHT="53" WIDTH="242" VPOS="1289" HPOS="881"/>
<SP HEIGHT="33" WIDTH="50" VPOS="1309" HPOS="1124"/>
<String CONTENT="company," HEIGHT="50" WIDTH="298" VPOS="1309" HPOS="1175"/>
<SP HEIGHT="65" WIDTH="48" VPOS="1292" HPOS="1474"/>
<String CONTENT="ltd." HEIGHT="51" WIDTH="102" VPOS="1292" HPOS="1523"/>
<SP HEIGHT="33" WIDTH="55" VPOS="1325" HPOS="1626"/>
<String CONTENT="[1929]" HEIGHT="64" WIDTH="171" VPOS="1294" HPOS="1682"/>
<SP HEIGHT="67" WIDTH="117" VPOS="1292" HPOS="1854"/>
<String CONTENT="(The" HEIGHT="67" WIDTH="149" VPOS="1292" HPOS="1972"/>
<SP HEIGHT="35" WIDTH="48" VPOS="1310" HPOS="2122"/>
<String CONTENT="world&#8217;s" HEIGHT="55" WIDTH="226" VPOS="1292" HPOS="2171"/>
</TextLine>
<TextLine HEIGHT="71" WIDTH="1787" VPOS="1368" HPOS="398" STYLEREFS="StyleId-8AFF99B7-BD2F-4334-9B69-198EC532FF42-">
<String CONTENT="music." HEIGHT="52" WIDTH="194" VPOS="1369" HPOS="398"/>
<SP HEIGHT="52" WIDTH="64" VPOS="1368" HPOS="593"/>
<String CONTENT="Audiographic" HEIGHT="68" WIDTH="439" VPOS="1368" HPOS="658"/>
<SP HEIGHT="33" WIDTH="27" VPOS="1387" HPOS="1098"/>
<String CONTENT="music." HEIGHT="52" WIDTH="194" VPOS="1369" HPOS="1126"/>
<SP HEIGHT="50" WIDTH="65" VPOS="1370" HPOS="1321"/>
<String CONTENT="Duo-art." HEIGHT="51" WIDTH="265" VPOS="1370" HPOS="1387"/>
<SP HEIGHT="50" WIDTH="65" VPOS="1371" HPOS="1653"/>
<String CONTENT="D-733," HEIGHT="59" WIDTH="213" VPOS="1369" HPOS="1719"/>
<SP HEIGHT="57" WIDTH="28" VPOS="1371" HPOS="1933"/>
<String CONTENT="D-735)" HEIGHT="69" WIDTH="223" VPOS="1370" HPOS="1962"/>
</TextLine>
<TextLine HEIGHT="54" WIDTH="1994" VPOS="1460" HPOS="401" CS="1">
<String CONTENT="&#169;" HEIGHT="53" WIDTH="52" VPOS="1460" HPOS="401"/>
<SP/>
<String CS="1" CONTENT="1c."/>
<SP HEIGHT="29" WIDTH="27" VPOS="1476" HPOS="548"/>
<String CONTENT="each" HEIGHT="40" WIDTH="118" VPOS="1465" HPOS="576"/>
<SP HEIGHT="38" WIDTH="28" VPOS="1465" HPOS="695"/>
<String CONTENT="Feb." HEIGHT="40" WIDTH="110" VPOS="1465" HPOS="724"/>
<SP HEIGHT="40" WIDTH="26" VPOS="1465" HPOS="835"/>
<String CONTENT="15," HEIGHT="47" WIDTH="69" VPOS="1465" HPOS="862"/>
<SP HEIGHT="47" WIDTH="26" VPOS="1465" HPOS="932"/>
<String CONTENT="1929;" HEIGHT="46" WIDTH="142" VPOS="1465" HPOS="959"/>
<SP HEIGHT="45" WIDTH="27" VPOS="1466" HPOS="1102"/>
<!-- cceid 8EF822A5-6CFA-1014-9C3C-CEA95E7AA542 --><String CONTENT="A" HEIGHT="37" WIDTH="41" VPOS="1466" HPOS="1130"/>
<SP HEIGHT="38" WIDTH="26" VPOS="1466" HPOS="1172"/>
<String CONTENT="ad" HEIGHT="39" WIDTH="61" VPOS="1466" HPOS="1199"/>
<SP HEIGHT="40" WIDTH="28" VPOS="1465" HPOS="1261"/>
<String CONTENT="int." HEIGHT="40" WIDTH="87" VPOS="1465" HPOS="1290"/>
<SP HEIGHT="39" WIDTH="27" VPOS="1466" HPOS="1378"/>
<String CONTENT="12463," HEIGHT="48" WIDTH="156" VPOS="1465" HPOS="1406"/>
<SP HEIGHT="46" WIDTH="29" VPOS="1467" HPOS="1563"/>
<String CONTENT="12464;" HEIGHT="47" WIDTH="170" VPOS="1465" HPOS="1593"/>
<SP HEIGHT="38" WIDTH="31" VPOS="1476" HPOS="1764"/>
<String CONTENT="pubd." HEIGHT="49" WIDTH="142" VPOS="1465" HPOS="1796"/>
<SP HEIGHT="40" WIDTH="28" VPOS="1466" HPOS="1939"/>
<String CONTENT="Jan." HEIGHT="41" WIDTH="110" VPOS="1466" HPOS="1968"/>
<SP HEIGHT="41" WIDTH="29" VPOS="1466" HPOS="2079"/>
<String CONTENT="5;" HEIGHT="48" WIDTH="52" VPOS="1466" HPOS="2109"/>
<SP HEIGHT="47" WIDTH="30" VPOS="1467" HPOS="2162"/>
<String CONTENT="Aeolian" HEIGHT="40" WIDTH="202" VPOS="1467" HPOS="2193"/>
</TextLine>
<TextLine HEIGHT="47" WIDTH="400" VPOS="1522" HPOS="469">
<String CONTENT="co.," HEIGHT="36" WIDTH="81" VPOS="1533" HPOS="469"/>
<SP HEIGHT="47" WIDTH="28" VPOS="1522" HPOS="551"/>
<String CONTENT="New" HEIGHT="39" WIDTH="116" VPOS="1522" HPOS="580"/>
<SP HEIGHT="39" WIDTH="27" VPOS="1522" HPOS="697"/>
<String CONTENT="York." HEIGHT="40" WIDTH="144" VPOS="1522" HPOS="725"/>
</TextLine>
<TextLine HEIGHT="63" WIDTH="746" VPOS="1617" HPOS="397" STYLEREFS="StyleId-0E5A5E14-1D89-40F4-AA07-8DD55F632B06-">
<String LANG="de" CONTENT="Walther," HEIGHT="63" WIDTH="283" VPOS="1617" HPOS="397"/>
<SP HEIGHT="62" WIDTH="31" VPOS="1618" HPOS="681"/>
<String LANG="en-US" CONTENT="Elmore" HEIGHT="52" WIDTH="234" VPOS="1617" HPOS="713"/>
<SP HEIGHT="53" WIDTH="28" VPOS="1618" HPOS="948"/>
<String LANG="en-US" CONTENT="Curt." HEIGHT="53" WIDTH="166" VPOS="1618" HPOS="977"/>
</TextLine>
<TextLine HEIGHT="75" WIDTH="1870" VPOS="1695" HPOS="527" STYLEREFS="StyleId-8AFF99B7-BD2F-4334-9B69-198EC532FF42-" CS="1">
<String CS="1" CONTENT="&#8230;"/>
<SP HEIGHT="56" WIDTH="36" VPOS="1696" HPOS="527"/>
<String CONTENT="Suggestions" HEIGHT="70" WIDTH="374" VPOS="1696" HPOS="564"/>
<SP HEIGHT="54" WIDTH="28" VPOS="1696" HPOS="939"/>
<String CONTENT="for" HEIGHT="54" WIDTH="94" VPOS="1696" HPOS="968"/>
<SP HEIGHT="47" WIDTH="28" VPOS="1703" HPOS="1063"/>
<String CONTENT="the" HEIGHT="52" WIDTH="95" VPOS="1698" HPOS="1092"/>
<SP HEIGHT="47" WIDTH="28" VPOS="1703" HPOS="1188"/>
<String CONTENT="teaching" HEIGHT="72" WIDTH="267" VPOS="1695" HPOS="1217"/>
<SP HEIGHT="51" WIDTH="29" VPOS="1716" HPOS="1485"/>
<String CONTENT="of" HEIGHT="54" WIDTH="64" VPOS="1697" HPOS="1515"/>
<SP HEIGHT="54" WIDTH="28" VPOS="1697" HPOS="1580"/>
<String CONTENT="the" HEIGHT="54" WIDTH="97" VPOS="1698" HPOS="1609"/>
<SP HEIGHT="50" WIDTH="28" VPOS="1717" HPOS="1707"/>
<String CONTENT="geography" HEIGHT="71" WIDTH="333" VPOS="1699" HPOS="1736"/>
<SP HEIGHT="53" WIDTH="28" VPOS="1717" HPOS="2070"/>
<String CONTENT="of" HEIGHT="54" WIDTH="64" VPOS="1699" HPOS="2099"/>
<SP HEIGHT="54" WIDTH="27" VPOS="1699" HPOS="2164"/>
<String CONTENT="Africa" HEIGHT="55" WIDTH="205" VPOS="1699" HPOS="2192"/>
</TextLine>
<TextLine HEIGHT="72" WIDTH="1997" VPOS="1775" HPOS="402" STYLEREFS="StyleId-8AFF99B7-BD2F-4334-9B69-198EC532FF42-" CS="1">
<String CONTENT="[by]" HEIGHT="69" WIDTH="108" VPOS="1775" HPOS="402"/>
<SP HEIGHT="66" WIDTH="48" VPOS="1776" HPOS="511"/>
<String CONTENT="E." HEIGHT="53" WIDTH="66" VPOS="1776" HPOS="560"/>
<SP HEIGHT="55" WIDTH="44" VPOS="1775" HPOS="627"/>
<String CONTENT="Curt" HEIGHT="55" WIDTH="144" VPOS="1775" HPOS="672"/>
<SP HEIGHT="52" WIDTH="38" VPOS="1777" HPOS="817"/>
<String LANG="de" CONTENT="Walther" HEIGHT="52" WIDTH="264" VPOS="1777" HPOS="856"/>
<SP HEIGHT="32" WIDTH="46" VPOS="1796" HPOS="1121"/>
<String CS="1" CONTENT="&#8230;"/>
<SP HEIGHT="49" WIDTH="79" VPOS="1779" HPOS="1223"/>
<String CONTENT="2d" HEIGHT="52" WIDTH="71" VPOS="1778" HPOS="1303"/>
<SP HEIGHT="52" WIDTH="44" VPOS="1778" HPOS="1375"/>
<String CONTENT="ed.," HEIGHT="66" WIDTH="103" VPOS="1777" HPOS="1420"/>
<SP HEIGHT="63" WIDTH="43" VPOS="1780" HPOS="1524"/>
<String CONTENT="1929." HEIGHT="49" WIDTH="148" VPOS="1779" HPOS="1568"/>
<SP HEIGHT="51" WIDTH="75" VPOS="1778" HPOS="1717"/>
<String CONTENT="Towson," HEIGHT="67" WIDTH="260" VPOS="1778" HPOS="1793"/>
<SP HEIGHT="68" WIDTH="41" VPOS="1777" HPOS="2054"/>
<String CONTENT="Md.," HEIGHT="70" WIDTH="138" VPOS="1777" HPOS="2096"/>
<SP HEIGHT="67" WIDTH="44" VPOS="1780" HPOS="2235"/>
<String CONTENT="The" HEIGHT="53" WIDTH="119" VPOS="1779" HPOS="2280"/>
</TextLine>
<TextLine HEIGHT="70" WIDTH="1179" VPOS="1854" HPOS="394" STYLEREFS="StyleId-8AFF99B7-BD2F-4334-9B69-198EC532FF42-" CS="1">
<String CONTENT="Maryland" HEIGHT="70" WIDTH="309" VPOS="1854" HPOS="394"/>
<SP HEIGHT="51" WIDTH="29" VPOS="1857" HPOS="704"/>
<String CONTENT="state" HEIGHT="48" WIDTH="144" VPOS="1860" HPOS="734"/>
<SP HEIGHT="34" WIDTH="28" VPOS="1874" HPOS="879"/>
<String CONTENT="normal" HEIGHT="51" WIDTH="222" VPOS="1856" HPOS="908"/>
<SP HEIGHT="51" WIDTH="29" VPOS="1856" HPOS="1131"/>
<String CONTENT="school," HEIGHT="66" WIDTH="207" VPOS="1856" HPOS="1161"/>
<SP HEIGHT="62" WIDTH="31" VPOS="1860" HPOS="1369"/>
<String STYLE="superscript" CS="1" CONTENT="&#7580;1"/>
<String CONTENT="929." HEIGHT="50" WIDTH="116" VPOS="1858" HPOS="1457"/>
</TextLine>
<TextLine HEIGHT="51" WIDTH="1936" VPOS="1934" HPOS="464" CS="1">
<String CONTENT="cover-title," HEIGHT="46" WIDTH="284" VPOS="1936" HPOS="464"/>
<SP HEIGHT="46" WIDTH="29" VPOS="1936" HPOS="749"/>
<String CONTENT="32" HEIGHT="41" WIDTH="58" VPOS="1935" HPOS="779"/>
<SP HEIGHT="48" WIDTH="27" VPOS="1935" HPOS="838"/>
<String CONTENT="p." HEIGHT="36" WIDTH="42" VPOS="1947" HPOS="866"/>
<SP HEIGHT="42" WIDTH="58" VPOS="1934" HPOS="909"/>
<String CONTENT="fold." HEIGHT="42" WIDTH="119" VPOS="1934" HPOS="968"/>
<SP HEIGHT="29" WIDTH="29" VPOS="1947" HPOS="1088"/>
<String CONTENT="map." HEIGHT="37" WIDTH="125" VPOS="1946" HPOS="1118"/>
<SP HEIGHT="41" WIDTH="59" VPOS="1935" HPOS="1244"/>
<String CS="1" CONTENT="23&#7580;&#7504;." HEIGHT="9" WIDTH="7" VPOS="1968" HPOS="1413"/>
<SP HEIGHT="47" WIDTH="70" VPOS="1936" HPOS="1421"/>
<String CONTENT="(Unit" HEIGHT="48" WIDTH="144" VPOS="1935" HPOS="1492"/>
<SP HEIGHT="39" WIDTH="28" VPOS="1937" HPOS="1637"/>
<String CONTENT="studies" HEIGHT="42" WIDTH="187" VPOS="1935" HPOS="1666"/>
<SP HEIGHT="39" WIDTH="29" VPOS="1937" HPOS="1854"/>
<String CONTENT="in" HEIGHT="39" WIDTH="49" VPOS="1937" HPOS="1884"/>
<SP HEIGHT="38" WIDTH="32" VPOS="1947" HPOS="1934"/>
<String CONTENT="professionalized" HEIGHT="49" WIDTH="433" VPOS="1936" HPOS="1967"/>
</TextLine>
<TextLine HEIGHT="48" WIDTH="424" VPOS="1992" HPOS="394">
<String CONTENT="subject" HEIGHT="47" WIDTH="190" VPOS="1993" HPOS="394"/>
<SP HEIGHT="38" WIDTH="28" VPOS="1995" HPOS="585"/>
<String CONTENT="matter)" HEIGHT="48" WIDTH="204" VPOS="1992" HPOS="614"/>
</TextLine>
<TextLine HEIGHT="49" WIDTH="658" VPOS="2063" HPOS="465">
<String CONTENT="Contains" HEIGHT="41" WIDTH="236" VPOS="2064" HPOS="465"/>
<SP HEIGHT="40" WIDTH="26" VPOS="2065" HPOS="702"/>
<String CONTENT="bibliographies." HEIGHT="49" WIDTH="394" VPOS="2063" HPOS="729"/>
</TextLine>
<TextLine HEIGHT="51" WIDTH="1995" VPOS="2119" HPOS="401">
<String LANG="en-US" CONTENT="&#169;" HEIGHT="51" WIDTH="51" VPOS="2119" HPOS="401"/>
<SP HEIGHT="51" WIDTH="27" VPOS="2119" HPOS="453"/>
<String LANG="en-US" CONTENT="Feb." HEIGHT="40" WIDTH="110" VPOS="2123" HPOS="481"/>
<SP HEIGHT="40" WIDTH="27" VPOS="2123" HPOS="592"/>
<String LANG="en-US" CONTENT="19," HEIGHT="44" WIDTH="68" VPOS="2123" HPOS="620"/>
<SP HEIGHT="43" WIDTH="26" VPOS="2124" HPOS="689"/>
<String LANG="en-US" CONTENT="1929;" HEIGHT="40" WIDTH="139" VPOS="2122" HPOS="716"/>
<SP HEIGHT="39" WIDTH="29" VPOS="2122" HPOS="856"/>
<String LANG="en-US" CONTENT="2c." HEIGHT="40" WIDTH="66" VPOS="2122" HPOS="886"/>
<SP HEIGHT="30" WIDTH="28" VPOS="2132" HPOS="953"/>
<String LANG="en-US" CONTENT="and" HEIGHT="38" WIDTH="94" VPOS="2123" HPOS="982"/>
<SP HEIGHT="38" WIDTH="27" VPOS="2123" HPOS="1077"/>
<String LANG="de" CONTENT="aff." HEIGHT="42" WIDTH="81" VPOS="2120" HPOS="1105"/>
<SP HEIGHT="40" WIDTH="27" VPOS="2122" HPOS="1187"/>
<String LANG="en-US" CONTENT="Mar." HEIGHT="40" WIDTH="122" VPOS="2122" HPOS="1215"/>
<SP HEIGHT="41" WIDTH="27" VPOS="2121" HPOS="1338"/>
<String LANG="en-US" CONTENT="1;" HEIGHT="45" WIDTH="52" VPOS="2121" HPOS="1366"/>
<SP HEIGHT="45" WIDTH="27" VPOS="2121" HPOS="1419"/>
<!-- cceid 8EF9514A-6CFA-1014-9C3C-CEA95E7AA542 --><String LANG="en-US" CONTENT="A" HEIGHT="39" WIDTH="40" VPOS="2121" HPOS="1447"/>
<SP HEIGHT="39" WIDTH="25" VPOS="2121" HPOS="1488"/>
<String LANG="en-US" CONTENT="4653;" HEIGHT="46" WIDTH="141" VPOS="2121" HPOS="1514"/>
<SP HEIGHT="45" WIDTH="31" VPOS="2122" HPOS="1656"/>
<String LANG="la" CONTENT="E." HEIGHT="39" WIDTH="51" VPOS="2122" HPOS="1688"/>
<SP HEIGHT="41" WIDTH="29" VPOS="2121" HPOS="1740"/>
<String LANG="en-US" CONTENT="C." HEIGHT="41" WIDTH="48" VPOS="2121" HPOS="1770"/>
<SP HEIGHT="39" WIDTH="28" VPOS="2123" HPOS="1819"/>
<String LANG="de" CONTENT="Walther," HEIGHT="48" WIDTH="235" VPOS="2122" HPOS="1848"/>
<SP HEIGHT="47" WIDTH="28" VPOS="2123" HPOS="2084"/>
<String LANG="en-US" CONTENT="Baltimore." HEIGHT="42" WIDTH="283" VPOS="2121" HPOS="2113"/>
</TextLine>
<TextLine HEIGHT="47" WIDTH="251" VPOS="2179" HPOS="478">
<String CONTENT="(29-6531)" HEIGHT="47" WIDTH="251" VPOS="2179" HPOS="478"/>
</TextLine>
<TextLine HEIGHT="64" WIDTH="695" VPOS="2273" HPOS="392" STYLEREFS="StyleId-0E5A5E14-1D89-40F4-AA07-8DD55F632B06-">
<String CONTENT="Walton," HEIGHT="63" WIDTH="253" VPOS="2274" HPOS="392"/>
<SP HEIGHT="62" WIDTH="30" VPOS="2275" HPOS="646"/>
<String CONTENT="Eda" HEIGHT="52" WIDTH="126" VPOS="2274" HPOS="677"/>
<SP HEIGHT="53" WIDTH="28" VPOS="2273" HPOS="804"/>
<String CONTENT="Lou," HEIGHT="63" WIDTH="142" VPOS="2273" HPOS="833"/>
<SP HEIGHT="43" WIDTH="28" VPOS="2293" HPOS="976"/>
<String CONTENT="ed." HEIGHT="53" WIDTH="82" VPOS="2274" HPOS="1005"/>
</TextLine>
<TextLine HEIGHT="70" WIDTH="1934" VPOS="2349" HPOS="464" STYLEREFS="StyleId-8AFF99B7-BD2F-4334-9B69-198EC532FF42-">
<String CONTENT="The" HEIGHT="53" WIDTH="122" VPOS="2351" HPOS="464"/>
<SP HEIGHT="34" WIDTH="31" VPOS="2370" HPOS="587"/>
<String CONTENT="city" HEIGHT="68" WIDTH="116" VPOS="2351" HPOS="619"/>
<SP HEIGHT="68" WIDTH="33" VPOS="2351" HPOS="736"/>
<String CONTENT="day;" HEIGHT="68" WIDTH="140" VPOS="2351" HPOS="770"/>
<SP HEIGHT="48" WIDTH="36" VPOS="2369" HPOS="911"/>
<String CONTENT="an" HEIGHT="34" WIDTH="72" VPOS="2369" HPOS="948"/>
<SP HEIGHT="34" WIDTH="34" VPOS="2369" HPOS="1021"/>
<String CONTENT="anthology" HEIGHT="68" WIDTH="315" VPOS="2351" HPOS="1056"/>
<SP HEIGHT="49" WIDTH="32" VPOS="2369" HPOS="1372"/>
<String CONTENT="of" HEIGHT="54" WIDTH="64" VPOS="2349" HPOS="1405"/>
<SP HEIGHT="53" WIDTH="33" VPOS="2349" HPOS="1470"/>
<String CONTENT="recent" HEIGHT="48" WIDTH="188" VPOS="2355" HPOS="1504"/>
<SP HEIGHT="53" WIDTH="33" VPOS="2350" HPOS="1693"/>
<String CONTENT="American" HEIGHT="53" WIDTH="306" VPOS="2350" HPOS="1727"/>
<SP HEIGHT="50" WIDTH="35" VPOS="2369" HPOS="2034"/>
<String CONTENT="poetry," HEIGHT="63" WIDTH="219" VPOS="2356" HPOS="2070"/>
<SP HEIGHT="67" WIDTH="33" VPOS="2349" HPOS="2290"/>
<String CONTENT="by" HEIGHT="70" WIDTH="74" VPOS="2349" HPOS="2324"/>
</TextLine>
<TextLine HEIGHT="69" WIDTH="2003" VPOS="2429" HPOS="395" STYLEREFS="StyleId-8AFF99B7-BD2F-4334-9B69-198EC532FF42-" CS="1">
<String CONTENT="Eda" HEIGHT="52" WIDTH="126" VPOS="2430" HPOS="395"/>
<SP HEIGHT="51" WIDTH="31" VPOS="2431" HPOS="522"/>
<String CONTENT="Lou" HEIGHT="51" WIDTH="123" VPOS="2431" HPOS="554"/>
<SP HEIGHT="52" WIDTH="31" VPOS="2431" HPOS="678"/>
<String CONTENT="Walton" HEIGHT="53" WIDTH="236" VPOS="2430" HPOS="710"/>
<SP HEIGHT="34" WIDTH="38" VPOS="2447" HPOS="947"/>
<String CS="1" CONTENT="&#8230;"/>
<SP HEIGHT="52" WIDTH="74" VPOS="2430" HPOS="1042"/>
<String CONTENT="New" HEIGHT="52" WIDTH="138" VPOS="2430" HPOS="1117"/>
<SP HEIGHT="51" WIDTH="34" VPOS="2430" HPOS="1256"/>
<String CONTENT="York," HEIGHT="67" WIDTH="180" VPOS="2429" HPOS="1291"/>
<SP HEIGHT="66" WIDTH="32" VPOS="2430" HPOS="1472"/>
<String CONTENT="The" HEIGHT="53" WIDTH="122" VPOS="2429" HPOS="1505"/>
<SP HEIGHT="52" WIDTH="34" VPOS="2430" HPOS="1628"/>
<String CONTENT="Ronald" HEIGHT="52" WIDTH="226" VPOS="2429" HPOS="1663"/>
<SP HEIGHT="67" WIDTH="35" VPOS="2429" HPOS="1890"/>
<String CONTENT="press" HEIGHT="49" WIDTH="158" VPOS="2447" HPOS="1926"/>
<SP HEIGHT="35" WIDTH="32" VPOS="2447" HPOS="2085"/>
<String CONTENT="company" HEIGHT="51" WIDTH="280" VPOS="2447" HPOS="2118"/>
</TextLine>
<TextLine HEIGHT="64" WIDTH="192" VPOS="2511" HPOS="396" STYLEREFS="StyleId-8AFF99B7-BD2F-4334-9B69-198EC532FF42-" CS="1">
<String CONTENT="[" HEIGHT="33" WIDTH="11" VPOS="2541" HPOS="396"/>
<String STYLE="superscript" CS="1" CONTENT="&#7580;1"/>
<String CONTENT="929]" HEIGHT="64" WIDTH="117" VPOS="2511" HPOS="471"/>
</TextLine>
<TextLine HEIGHT="49" WIDTH="1931" VPOS="2589" HPOS="465" CS="1">
<String CONTENT="XV," HEIGHT="36" WIDTH="76" VPOS="2601" HPOS="465"/>
<SP HEIGHT="46" WIDTH="32" VPOS="2591" HPOS="542"/>
<String CONTENT="223" HEIGHT="40" WIDTH="85" VPOS="2591" HPOS="575"/>
<SP HEIGHT="47" WIDTH="32" VPOS="2591" HPOS="661"/>
<String CONTENT="p." HEIGHT="37" WIDTH="42" VPOS="2601" HPOS="694"/>
<SP HEIGHT="38" WIDTH="61" VPOS="2592" HPOS="737"/>
<String CS="1" CONTENT="19&#189;&#7580;&#7504;." HEIGHT="40" WIDTH="145" VPOS="2590" HPOS="799"/>
<SP HEIGHT="47" WIDTH="71" VPOS="2591" HPOS="945"/>
<String CONTENT="(Modern" HEIGHT="47" WIDTH="225" VPOS="2591" HPOS="1017"/>
<SP HEIGHT="39" WIDTH="35" VPOS="2589" HPOS="1243"/>
<String CONTENT="America" HEIGHT="41" WIDTH="221" VPOS="2589" HPOS="1279"/>
<SP HEIGHT="30" WIDTH="37" VPOS="2600" HPOS="1501"/>
<String CONTENT="series" HEIGHT="41" WIDTH="150" VPOS="2589" HPOS="1539"/>
<SP HEIGHT="30" WIDTH="34" VPOS="2600" HPOS="1690"/>
<String CONTENT="of" HEIGHT="41" WIDTH="51" VPOS="2589" HPOS="1725"/>
<SP HEIGHT="39" WIDTH="33" VPOS="2589" HPOS="1777"/>
<String CONTENT="English" HEIGHT="48" WIDTH="202" VPOS="2589" HPOS="1811"/>
<SP HEIGHT="39" WIDTH="36" VPOS="2590" HPOS="2014"/>
<String CONTENT="texts;" HEIGHT="39" WIDTH="155" VPOS="2590" HPOS="2051"/>
<SP HEIGHT="39" WIDTH="39" VPOS="2590" HPOS="2207"/>
<String CONTENT="H." HEIGHT="40" WIDTH="60" VPOS="2590" HPOS="2247"/>
<SP HEIGHT="40" WIDTH="34" VPOS="2590" HPOS="2308"/>
<String CONTENT="A." HEIGHT="40" WIDTH="53" VPOS="2590" HPOS="2343"/>
</TextLine>
<TextLine HEIGHT="47" WIDTH="357" VPOS="2647" HPOS="398">
<String CONTENT="Watt," HEIGHT="46" WIDTH="145" VPOS="2648" HPOS="398"/>
<SP HEIGHT="37" WIDTH="29" VPOS="2657" HPOS="544"/>
<String CONTENT="editor)" HEIGHT="46" WIDTH="181" VPOS="2647" HPOS="574"/>
</TextLine>
<TextLine HEIGHT="51" WIDTH="1511" VPOS="2701" HPOS="465" CS="1">
<String CONTENT="&#8220;Biographical" HEIGHT="49" WIDTH="372" VPOS="2703" HPOS="465"/>
<SP HEIGHT="37" WIDTH="33" VPOS="2705" HPOS="838"/>
<String CONTENT="notes" HEIGHT="37" WIDTH="138" VPOS="2706" HPOS="872"/>
<SP HEIGHT="29" WIDTH="31" VPOS="2713" HPOS="1011"/>
<String CONTENT="and" HEIGHT="38" WIDTH="93" VPOS="2704" HPOS="1043"/>
<SP HEIGHT="39" WIDTH="35" VPOS="2703" HPOS="1137"/>
<String CS="1" CONTENT="bibliographies&#8221;:" HEIGHT="49" WIDTH="407" VPOS="2701" HPOS="1173"/>
<SP HEIGHT="37" WIDTH="35" VPOS="2713" HPOS="1610"/>
<String CONTENT="p." HEIGHT="37" WIDTH="42" VPOS="2713" HPOS="1646"/>
<SP HEIGHT="29" WIDTH="38" VPOS="2722" HPOS="1689"/>
<String CONTENT="[191]-211." HEIGHT="49" WIDTH="248" VPOS="2702" HPOS="1728"/>
</TextLine>
<TextLine HEIGHT="52" WIDTH="1833" VPOS="2756" HPOS="400" CS="1">
<String CONTENT="&#169;" HEIGHT="52" WIDTH="51" VPOS="2756" HPOS="400"/>
<SP HEIGHT="52" WIDTH="29" VPOS="2756" HPOS="452"/>
<String CONTENT="Mar." HEIGHT="38" WIDTH="120" VPOS="2762" HPOS="482"/>
<SP HEIGHT="39" WIDTH="26" VPOS="2761" HPOS="603"/>
<String CONTENT="1," HEIGHT="47" WIDTH="39" VPOS="2761" HPOS="630"/>
<SP HEIGHT="47" WIDTH="27" VPOS="2761" HPOS="670"/>
<String CONTENT="1929;" HEIGHT="46" WIDTH="140" VPOS="2760" HPOS="698"/>
<SP HEIGHT="46" WIDTH="27" VPOS="2760" HPOS="839"/>
<String CONTENT="2c." HEIGHT="39" WIDTH="67" VPOS="2760" HPOS="867"/>
<SP HEIGHT="38" WIDTH="27" VPOS="2761" HPOS="935"/>
<String CONTENT="Mar." HEIGHT="39" WIDTH="122" VPOS="2761" HPOS="963"/>
<SP HEIGHT="41" WIDTH="26" VPOS="2759" HPOS="1086"/>
<String CS="1" CONTENT="6;" HEIGHT="40" WIDTH="28" VPOS="2759" HPOS="1113"/>
<SP HEIGHT="30" WIDTH="29" VPOS="2770" HPOS="1166"/>
<String CONTENT="aff." HEIGHT="40" WIDTH="82" VPOS="2759" HPOS="1196"/>
<SP HEIGHT="39" WIDTH="27" VPOS="2760" HPOS="1279"/>
<String CONTENT="Mar." HEIGHT="39" WIDTH="122" VPOS="2760" HPOS="1307"/>
<SP HEIGHT="39" WIDTH="27" VPOS="2760" HPOS="1430"/>
<String CONTENT="5;" HEIGHT="45" WIDTH="52" VPOS="2760" HPOS="1458"/>
<SP HEIGHT="46" WIDTH="29" VPOS="2759" HPOS="1511"/>
<!-- cceid 8EFA73F8-6CFA-1014-9C3C-CEA95E7AA542 --><String CONTENT="A" HEIGHT="39" WIDTH="40" VPOS="2759" HPOS="1541"/>
<SP HEIGHT="39" WIDTH="27" VPOS="2759" HPOS="1582"/>
<String CONTENT="5611:" HEIGHT="41" WIDTH="140" VPOS="2759" HPOS="1610"/>
<SP HEIGHT="41" WIDTH="30" VPOS="2759" HPOS="1751"/>
<String CONTENT="Ronald" HEIGHT="40" WIDTH="189" VPOS="2759" HPOS="1782"/>
<SP HEIGHT="47" WIDTH="28" VPOS="2760" HPOS="1972"/>
<String CONTENT="press" HEIGHT="37" WIDTH="136" VPOS="2770" HPOS="2001"/>
<SP HEIGHT="30" WIDTH="26" VPOS="2770" HPOS="2138"/>
<String CONTENT="co." HEIGHT="29" WIDTH="68" VPOS="2770" HPOS="2165"/>
</TextLine>
<TextLine HEIGHT="49" WIDTH="251" VPOS="2816" HPOS="478">
<String CONTENT="(29-6369)" HEIGHT="49" WIDTH="251" VPOS="2816" HPOS="478"/>
</TextLine>
<TextLine HEIGHT="64" WIDTH="849" VPOS="2911" HPOS="399" STYLEREFS="StyleId-0E5A5E14-1D89-40F4-AA07-8DD55F632B06-">
<String CONTENT="Westphal," HEIGHT="63" WIDTH="325" VPOS="2912" HPOS="399"/>
<SP HEIGHT="61" WIDTH="27" VPOS="2913" HPOS="725"/>
<String CONTENT="Wilhelm," HEIGHT="60" WIDTH="291" VPOS="2911" HPOS="753"/>
<SP HEIGHT="53" WIDTH="32" VPOS="2918" HPOS="1045"/>
<String CONTENT="1882-" HEIGHT="50" WIDTH="170" VPOS="2916" HPOS="1078"/>
</TextLine>
<TextLine HEIGHT="70" WIDTH="1931" VPOS="2988" HPOS="464" STYLEREFS="StyleId-8AFF99B7-BD2F-4334-9B69-198EC532FF42-" LANG="de">
<String LANG="en-US" CONTENT="Physik;" HEIGHT="69" WIDTH="249" VPOS="2989" HPOS="464"/>
<SP HEIGHT="46" WIDTH="36" VPOS="3008" HPOS="714"/>
<String CONTENT="ein" HEIGHT="52" WIDTH="88" VPOS="2989" HPOS="751"/>
<SP HEIGHT="51" WIDTH="37" VPOS="2990" HPOS="840"/>
<String CONTENT="lehrbuch" HEIGHT="52" WIDTH="274" VPOS="2989" HPOS="878"/>
<SP HEIGHT="53" WIDTH="36" VPOS="2988" HPOS="1153"/>
<String CONTENT="f&#252;r" HEIGHT="53" WIDTH="99" VPOS="2988" HPOS="1190"/>
<SP HEIGHT="33" WIDTH="34" VPOS="3008" HPOS="1290"/>
<String CONTENT="studierende" HEIGHT="52" WIDTH="361" VPOS="2989" HPOS="1325"/>
<SP HEIGHT="34" WIDTH="37" VPOS="3007" HPOS="1687"/>
<String LANG="en-US" CONTENT="an" HEIGHT="34" WIDTH="73" VPOS="3007" HPOS="1725"/>
<SP HEIGHT="52" WIDTH="36" VPOS="2989" HPOS="1799"/>
<String CONTENT="den" HEIGHT="52" WIDTH="108" VPOS="2989" HPOS="1836"/>
<SP HEIGHT="34" WIDTH="37" VPOS="3007" HPOS="1945"/>
<String CONTENT="Universit&#228;ten" HEIGHT="54" WIDTH="412" VPOS="2988" HPOS="1983"/>
</TextLine>
<TextLine HEIGHT="69" WIDTH="1940" VPOS="3066" HPOS="395" STYLEREFS="StyleId-8AFF99B7-BD2F-4334-9B69-198EC532FF42-" CS="1">
<String LANG="de" CONTENT="und" HEIGHT="51" WIDTH="115" VPOS="3068" HPOS="395"/>
<SP HEIGHT="51" WIDTH="39" VPOS="3068" HPOS="511"/>
<String LANG="de" CONTENT="technischen" HEIGHT="52" WIDTH="361" VPOS="3067" HPOS="551"/>
<SP HEIGHT="51" WIDTH="41" VPOS="3067" HPOS="913"/>
<String LANG="en-US" CONTENT="hochschulen," HEIGHT="66" WIDTH="397" VPOS="3067" HPOS="955"/>
<SP HEIGHT="47" WIDTH="41" VPOS="3086" HPOS="1353"/>
<String LANG="en-US" CONTENT="von" HEIGHT="35" WIDTH="110" VPOS="3084" HPOS="1395"/>
<SP HEIGHT="53" WIDTH="39" VPOS="3066" HPOS="1506"/>
<String LANG="en-US" CONTENT="Wilhelm" HEIGHT="53" WIDTH="277" VPOS="3066" HPOS="1546"/>
<SP HEIGHT="52" WIDTH="38" VPOS="3066" HPOS="1824"/>
<String LANG="en-US" CONTENT="H." HEIGHT="52" WIDTH="77" VPOS="3066" HPOS="1863"/>
<SP HEIGHT="52" WIDTH="40" VPOS="3067" HPOS="1941"/>
<String LANG="en-US" CONTENT="Westphal" HEIGHT="68" WIDTH="304" VPOS="3067" HPOS="1982"/>
<SP HEIGHT="52" WIDTH="48" VPOS="3067" HPOS="2287"/>
<String LANG="en-US" CS="1" CONTENT="&#8230;"/>
</TextLine>
<TextLine HEIGHT="71" WIDTH="1559" VPOS="3142" HPOS="391" STYLEREFS="StyleId-8AFF99B7-BD2F-4334-9B69-198EC532FF42-">
<String LANG="de" CONTENT="mit" HEIGHT="52" WIDTH="104" VPOS="3145" HPOS="391"/>
<SP HEIGHT="48" WIDTH="28" VPOS="3149" HPOS="496"/>
<String CONTENT="471" HEIGHT="53" WIDTH="99" VPOS="3144" HPOS="525"/>
<SP HEIGHT="47" WIDTH="28" VPOS="3149" HPOS="625"/>
<String CONTENT="abbildungen." HEIGHT="69" WIDTH="403" VPOS="3144" HPOS="654"/>
<SP HEIGHT="51" WIDTH="76" VPOS="3145" HPOS="1058"/>
<String CONTENT="Berlin," HEIGHT="69" WIDTH="218" VPOS="3144" HPOS="1135"/>
<SP HEIGHT="69" WIDTH="28" VPOS="3144" HPOS="1354"/>
<String CONTENT="J." HEIGHT="53" WIDTH="54" VPOS="3144" HPOS="1383"/>
<SP HEIGHT="56" WIDTH="32" VPOS="3142" HPOS="1438"/>
<String CONTENT="Springer," HEIGHT="71" WIDTH="298" VPOS="3142" HPOS="1471"/>
<SP HEIGHT="64" WIDTH="29" VPOS="3147" HPOS="1770"/>
<String CONTENT="1928." HEIGHT="51" WIDTH="150" VPOS="3146" HPOS="1800"/>
</TextLine>
<TextLine HEIGHT="50" WIDTH="1319" VPOS="3225" HPOS="463" CS="1">
<String CONTENT="xiv," HEIGHT="45" WIDTH="95" VPOS="3226" HPOS="463"/>
<SP HEIGHT="29" WIDTH="33" VPOS="3246" HPOS="559"/>
<String CONTENT="[2]." HEIGHT="49" WIDTH="71" VPOS="3226" HPOS="593"/>
<SP HEIGHT="41" WIDTH="28" VPOS="3226" HPOS="665"/>
<String CONTENT="536" HEIGHT="40" WIDTH="85" VPOS="3226" HPOS="694"/>
<SP HEIGHT="47" WIDTH="27" VPOS="3226" HPOS="780"/>
<String CONTENT="p." HEIGHT="36" WIDTH="41" VPOS="3237" HPOS="808"/>
<SP HEIGHT="39" WIDTH="30" VPOS="3226" HPOS="850"/>
<String CONTENT="incl." HEIGHT="42" WIDTH="110" VPOS="3226" HPOS="881"/>
<SP HEIGHT="42" WIDTH="28" VPOS="3226" HPOS="992"/>
<String CONTENT="illus.." HEIGHT="41" WIDTH="144" VPOS="3226" HPOS="1021"/>
<SP HEIGHT="39" WIDTH="28" VPOS="3228" HPOS="1166"/>
<String CONTENT="tables," HEIGHT="40" WIDTH="169" VPOS="3226" HPOS="1195"/>
<SP HEIGHT="40" WIDTH="29" VPOS="3226" HPOS="1365"/>
<String CONTENT="diagrs." HEIGHT="48" WIDTH="179" VPOS="3225" HPOS="1395"/>
<SP HEIGHT="38" WIDTH="60" VPOS="3226" HPOS="1575"/>
<String CS="1" CONTENT="25&#189;" HEIGHT="39" WIDTH="56" VPOS="3226" HPOS="1636"/>
<String STYLE="superscript" CONTENT="cm" HEIGHT="21" WIDTH="43" VPOS="3228" HPOS="1724"/>
<String CONTENT="." HEIGHT="7" WIDTH="9" VPOS="3258" HPOS="1773"/>
</TextLine>
<TextLine HEIGHT="51" WIDTH="1993" VPOS="3280" HPOS="399" CS="1">
<String CONTENT="&#169;" HEIGHT="51" WIDTH="51" VPOS="3280" HPOS="399"/>
<SP HEIGHT="51" WIDTH="34" VPOS="3280" HPOS="451"/>
<String CONTENT="Oct." HEIGHT="39" WIDTH="101" VPOS="3284" HPOS="486"/>
<SP HEIGHT="39" WIDTH="33" VPOS="3284" HPOS="588"/>
<String CONTENT="20," HEIGHT="46" WIDTH="68" VPOS="3284" HPOS="622"/>
<SP HEIGHT="45" WIDTH="32" VPOS="3285" HPOS="691"/>
<String CS="1" CONTENT="1928;" HEIGHT="40" WIDTH="114" VPOS="3283" HPOS="724"/>
<SP/>
<String CS="1" CONTENT="1c."/>
<SP HEIGHT="39" WIDTH="33" VPOS="3284" HPOS="968"/>
<String CONTENT="Jan." HEIGHT="39" WIDTH="109" VPOS="3284" HPOS="1002"/>
<SP HEIGHT="39" WIDTH="33" VPOS="3284" HPOS="1112"/>
<String CONTENT="11," HEIGHT="45" WIDTH="68" VPOS="3284" HPOS="1146"/>
<SP HEIGHT="45" WIDTH="33" VPOS="3284" HPOS="1215"/>
<String CS="1" CONTENT="1929;" HEIGHT="40" WIDTH="117" VPOS="3282" HPOS="1249"/>
<SP HEIGHT="41" WIDTH="35" VPOS="3282" HPOS="1391"/>
<!-- cceid 8EFB90DE-6CFA-1014-9C3C-CEA95E7AA542 --><String CONTENT="A&#8212;Foreign" HEIGHT="49" WIDTH="311" VPOS="3282" HPOS="1427"/>
<SP HEIGHT="38" WIDTH="30" VPOS="3284" HPOS="1739"/>
<String CONTENT="1237:" HEIGHT="41" WIDTH="142" VPOS="3283" HPOS="1770"/>
<SP HEIGHT="41" WIDTH="35" VPOS="3283" HPOS="1913"/>
<String CONTENT="Julius" HEIGHT="40" WIDTH="163" VPOS="3283" HPOS="1949"/>
<SP HEIGHT="40" WIDTH="35" VPOS="3283" HPOS="2113"/>
<String CONTENT="Springer." HEIGHT="47" WIDTH="243" VPOS="3283" HPOS="2149"/>
</TextLine>
<TextLine HEIGHT="48" WIDTH="251" VPOS="3340" HPOS="478">
<String CONTENT="(29-7065)" HEIGHT="48" WIDTH="251" VPOS="3340" HPOS="478"/>
</TextLine>
<TextLine HEIGHT="63" WIDTH="953" VPOS="3434" HPOS="393" STYLEREFS="StyleId-0E5A5E14-1D89-40F4-AA07-8DD55F632B06-">
<String CONTENT="Whitney," HEIGHT="63" WIDTH="301" VPOS="3434" HPOS="393"/>
<SP HEIGHT="63" WIDTH="30" VPOS="3434" HPOS="695"/>
<String CONTENT="Frederick" HEIGHT="54" WIDTH="316" VPOS="3434" HPOS="726"/>
<SP HEIGHT="52" WIDTH="26" VPOS="3434" HPOS="1043"/>
<String CONTENT="Lamson." HEIGHT="53" WIDTH="276" VPOS="3435" HPOS="1070"/>
</TextLine>
<TextLine HEIGHT="304" WIDTH="1979" VPOS="3511" HPOS="392" STYLEREFS="StyleId-8AFF99B7-BD2F-4334-9B69-198EC532FF42-" CS="1">
<String CONTENT="Statistics" HEIGHT="56" WIDTH="289" VPOS="3511" HPOS="465"/>
<SP HEIGHT="53" WIDTH="28" VPOS="3513" HPOS="755"/>
<String CONTENT="for" HEIGHT="53" WIDTH="93" VPOS="3513" HPOS="784"/>
<SP HEIGHT="51" WIDTH="28" VPOS="3514" HPOS="878"/>
<String CONTENT="beginners" HEIGHT="69" WIDTH="302" VPOS="3513" HPOS="907"/>
<SP HEIGHT="53" WIDTH="28" VPOS="3513" HPOS="1210"/>
<String CONTENT="in" HEIGHT="52" WIDTH="58" VPOS="3513" HPOS="1239"/>
<SP HEIGHT="33" WIDTH="31" VPOS="3532" HPOS="1298"/>
<String CONTENT="education;" HEIGHT="67" WIDTH="327" VPOS="3513" HPOS="1330"/>
<SP HEIGHT="48" WIDTH="33" VPOS="3532" HPOS="1658"/>
<String CONTENT="an" HEIGHT="34" WIDTH="72" VPOS="3532" HPOS="1692"/>
<SP HEIGHT="33" WIDTH="28" VPOS="3532" HPOS="1765"/>
<String CONTENT="elementary" HEIGHT="69" WIDTH="345" VPOS="3514" HPOS="1794"/>
<SP HEIGHT="51" WIDTH="30" VPOS="3532" HPOS="2140"/>
<String CONTENT="presentation" HEIGHT="112" WIDTH="1978" VPOS="3532" HPOS="392"/>
<SP HEIGHT="33" WIDTH="39" VPOS="3610" HPOS="573"/>
<String CONTENT="and" HEIGHT="51" WIDTH="111" VPOS="3593" HPOS="613"/>
<SP HEIGHT="51" WIDTH="34" VPOS="3593" HPOS="725"/>
<String CONTENT="explanation" HEIGHT="67" WIDTH="370" VPOS="3592" HPOS="760"/>
<SP HEIGHT="34" WIDTH="34" VPOS="3610" HPOS="1131"/>
<String CONTENT="of" HEIGHT="53" WIDTH="64" VPOS="3591" HPOS="1166"/>
<SP HEIGHT="54" WIDTH="31" VPOS="3591" HPOS="1231"/>
<String CONTENT="sixty-two" HEIGHT="68" WIDTH="293" VPOS="3591" HPOS="1263"/>
<SP HEIGHT="46" WIDTH="32" VPOS="3598" HPOS="1557"/>
<String CONTENT="terms" HEIGHT="47" WIDTH="173" VPOS="3598" HPOS="1590"/>
<SP HEIGHT="54" WIDTH="32" VPOS="3591" HPOS="1764"/>
<String CONTENT="in" HEIGHT="53" WIDTH="59" VPOS="3591" HPOS="1797"/>
<SP HEIGHT="33" WIDTH="33" VPOS="3611" HPOS="1857"/>
<String CONTENT="educational" HEIGHT="53" WIDTH="359" VPOS="3591" HPOS="1891"/>
<SP HEIGHT="53" WIDTH="31" VPOS="3592" HPOS="2251"/>
<String CONTENT="statistics," HEIGHT="140" WIDTH="1978" VPOS="3596" HPOS="393"/>
<SP HEIGHT="66" WIDTH="38" VPOS="3670" HPOS="593"/>
<String CONTENT="by" HEIGHT="67" WIDTH="74" VPOS="3670" HPOS="632"/>
<SP HEIGHT="67" WIDTH="39" VPOS="3670" HPOS="707"/>
<String CONTENT="Frederick" HEIGHT="53" WIDTH="311" VPOS="3669" HPOS="747"/>
<SP HEIGHT="51" WIDTH="37" VPOS="3669" HPOS="1059"/>
<String CONTENT="Lamson" HEIGHT="52" WIDTH="246" VPOS="3670" HPOS="1097"/>
<SP HEIGHT="53" WIDTH="40" VPOS="3668" HPOS="1344"/>
<String CONTENT="Whitney" HEIGHT="69" WIDTH="262" VPOS="3668" HPOS="1385"/>
<String STYLE="superscript" CONTENT=" " HEIGHT="20" WIDTH="8" VPOS="3688" HPOS="1648"/>
<String CONTENT="&#183;" HEIGHT="7" WIDTH="5" VPOS="3688" HPOS="1656"/>
<SP HEIGHT="31" WIDTH="46" VPOS="3688" HPOS="1662"/>
<String CS="1" CONTENT="&#8230;"/>
<SP HEIGHT="52" WIDTH="79" VPOS="3668" HPOS="1764"/>
<String CONTENT="New" HEIGHT="53" WIDTH="138" VPOS="3668" HPOS="1844"/>
<SP HEIGHT="51" WIDTH="41" VPOS="3669" HPOS="1983"/>
<String CONTENT="York," HEIGHT="68" WIDTH="179" VPOS="3668" HPOS="2025"/>
<SP HEIGHT="67" WIDTH="41" VPOS="3669" HPOS="2205"/>
<String CONTENT="London," HEIGHT="146" WIDTH="1977" VPOS="3669" HPOS="393"/>
<SP HEIGHT="68" WIDTH="23" VPOS="3747" HPOS="524"/>
<String CONTENT="D." HEIGHT="53" WIDTH="71" VPOS="3747" HPOS="548"/>
<SP HEIGHT="53" WIDTH="27" VPOS="3747" HPOS="620"/>
<String CONTENT="Appleton" HEIGHT="67" WIDTH="295" VPOS="3747" HPOS="648"/>
<SP HEIGHT="34" WIDTH="25" VPOS="3766" HPOS="944"/>
<String CONTENT="and" HEIGHT="52" WIDTH="112" VPOS="3748" HPOS="970"/>
<SP HEIGHT="52" WIDTH="27" VPOS="3748" HPOS="1083"/>
<String CONTENT="company" HEIGHT="49" WIDTH="281" VPOS="3765" HPOS="1111"/>
<SP HEIGHT="49" WIDTH="29" VPOS="3765" HPOS="1393"/>
<String CONTENT="[" HEIGHT="33" WIDTH="13" VPOS="3780" HPOS="1423"/>
<String STYLE="superscript" CONTENT="&#7580;" HEIGHT="22" WIDTH="18" VPOS="3751" HPOS="1441"/>
<String CONTENT="1929]" HEIGHT="64" WIDTH="150" VPOS="3748" HPOS="1465"/>
</TextLine>
<TextLine HEIGHT="49" WIDTH="1426" VPOS="3826" HPOS="463" CS="1">
<String CONTENT="xvi" HEIGHT="40" WIDTH="82" VPOS="3827" HPOS="463"/>
<SP HEIGHT="48" WIDTH="29" VPOS="3827" HPOS="546"/>
<String LANG="la" CONTENT="p.," HEIGHT="37" WIDTH="57" VPOS="3838" HPOS="576"/>
<SP HEIGHT="47" WIDTH="29" VPOS="3828" HPOS="634"/>
<String CONTENT="1" HEIGHT="38" WIDTH="24" VPOS="3828" HPOS="664"/>
<SP/>
<String CS="1" CONTENT="l.,"/>
<SP HEIGHT="42" WIDTH="32" VPOS="3829" HPOS="764"/>
<String CONTENT="123" HEIGHT="40" WIDTH="83" VPOS="3827" HPOS="797"/>
<SP HEIGHT="47" WIDTH="31" VPOS="3828" HPOS="881"/>
<String CONTENT="p." HEIGHT="37" WIDTH="41" VPOS="3838" HPOS="913"/>
<SP HEIGHT="40" WIDTH="30" VPOS="3827" HPOS="955"/>
<String CONTENT="incl." HEIGHT="41" WIDTH="110" VPOS="3827" HPOS="986"/>
<SP HEIGHT="41" WIDTH="29" VPOS="3827" HPOS="1097"/>
<String CONTENT="illus.," HEIGHT="47" WIDTH="143" VPOS="3827" HPOS="1127"/>
<SP HEIGHT="45" WIDTH="29" VPOS="3829" HPOS="1271"/>
<String CONTENT="tables," HEIGHT="48" WIDTH="172" VPOS="3827" HPOS="1301"/>
<SP HEIGHT="48" WIDTH="28" VPOS="3827" HPOS="1474"/>
<String CONTENT="diagrs." HEIGHT="48" WIDTH="180" VPOS="3826" HPOS="1503"/>
<SP HEIGHT="39" WIDTH="59" VPOS="3827" HPOS="1684"/>
<String CS="1" CONTENT="19&#189;&#7580;&#7504;." HEIGHT="41" WIDTH="145" VPOS="3826" HPOS="1744"/>
</TextLine>
<TextLine HEIGHT="49" WIDTH="581" VPOS="3884" HPOS="463">
<String CONTENT="Bibliography:" HEIGHT="48" WIDTH="377" VPOS="3884" HPOS="463"/>
<SP HEIGHT="38" WIDTH="30" VPOS="3895" HPOS="841"/>
<String CONTENT="p." HEIGHT="38" WIDTH="43" VPOS="3895" HPOS="872"/>
<SP HEIGHT="41" WIDTH="28" VPOS="3884" HPOS="916"/>
<String CONTENT="121." HEIGHT="42" WIDTH="99" VPOS="3884" HPOS="945"/>
</TextLine>
<TextLine HEIGHT="52" WIDTH="1775" VPOS="3937" HPOS="399">
<String CONTENT="&#169;" HEIGHT="52" WIDTH="51" VPOS="3937" HPOS="399"/>
<SP HEIGHT="52" WIDTH="26" VPOS="3937" HPOS="451"/>
<String CONTENT="Feb." HEIGHT="40" WIDTH="110" VPOS="3942" HPOS="478"/>
<SP HEIGHT="40" WIDTH="24" VPOS="3942" HPOS="589"/>
<String CONTENT="21," HEIGHT="46" WIDTH="70" VPOS="3942" HPOS="614"/>
<SP HEIGHT="46" WIDTH="24" VPOS="3942" HPOS="685"/>
<String CONTENT="1929;" HEIGHT="47" WIDTH="141" VPOS="3941" HPOS="710"/>
<SP HEIGHT="46" WIDTH="26" VPOS="3942" HPOS="852"/>
<String CONTENT="2c." HEIGHT="39" WIDTH="67" VPOS="3942" HPOS="879"/>
<SP HEIGHT="29" WIDTH="25" VPOS="3952" HPOS="947"/>
<String CONTENT="and" HEIGHT="38" WIDTH="95" VPOS="3942" HPOS="973"/>
<SP HEIGHT="38" WIDTH="24" VPOS="3942" HPOS="1069"/>
<String CONTENT="aff." HEIGHT="40" WIDTH="82" VPOS="3940" HPOS="1094"/>
<SP HEIGHT="39" WIDTH="27" VPOS="3941" HPOS="1177"/>
<String CONTENT="Feb." HEIGHT="40" WIDTH="110" VPOS="3941" HPOS="1205"/>
<SP HEIGHT="40" WIDTH="26" VPOS="3941" HPOS="1316"/>
<String CONTENT="28;" HEIGHT="47" WIDTH="82" VPOS="3940" HPOS="1343"/>
<SP HEIGHT="47" WIDTH="28" VPOS="3940" HPOS="1426"/>
<!-- cceid 8EFCB3FD-6CFA-1014-9C3C-CEA95E7AA542 --><String CONTENT="A" HEIGHT="39" WIDTH="41" VPOS="3940" HPOS="1455"/>
<SP HEIGHT="40" WIDTH="24" VPOS="3940" HPOS="1497"/>
<String CONTENT="5527;" HEIGHT="47" WIDTH="139" VPOS="3940" HPOS="1522"/>
<SP HEIGHT="47" WIDTH="30" VPOS="3940" HPOS="1662"/>
<String CONTENT="D." HEIGHT="39" WIDTH="57" VPOS="3940" HPOS="1693"/>
<SP HEIGHT="39" WIDTH="25" VPOS="3940" HPOS="1751"/>
<String CONTENT="Appleton" HEIGHT="48" WIDTH="240" VPOS="3940" HPOS="1777"/>
<SP HEIGHT="40" WIDTH="26" VPOS="3940" HPOS="2018"/>
<String CONTENT="&amp;" HEIGHT="40" WIDTH="36" VPOS="3940" HPOS="2045"/>
<SP HEIGHT="40" WIDTH="24" VPOS="3940" HPOS="2082"/>
<String CONTENT="co." HEIGHT="30" WIDTH="67" VPOS="3950" HPOS="2107"/>
</TextLine>
<TextLine HEIGHT="50" WIDTH="251" VPOS="3997" HPOS="476">
<String CONTENT="(29-5801)" HEIGHT="50" WIDTH="251" VPOS="3997" HPOS="476"/>
</TextLine>
</TextBlock>
</PrintSpace>
</Page>
</Layout>
</alto>