2547 4384
1354 4030 135 50 1192

400 449 167 48 felony
591 459 150 39 cases,
768 449 61 47 by
854 449 55 41 A.
936 449 43 40 J.
1009 449 185 41 Harno.
1254 449 102 40 The
1382 448 118 41 trial
1526 450 164 40 courts
1717 448 50 40 in
1791 448 169 48 felony
1985 458 150 38 cases,
2164 449 62 47 by
2252 449 54 41 E.
2335 449 73 42 W.

401 505 202 41 Hinton.
663 505 103 41 The
796 505 155 48 juries
980 505 52 39 in
1061 505 167 47 felony
1260 515 150 39 cases,
1442 505 52 40 in
1527 505 131 41 Cook
1689 505 204 49 County,
1926 506 62 47 by
2020 506 54 40 G.
2107 504 53 41 F.
2194 504 215 42 Fischer.

401 563 102 40 The
536 564 297 47 prosecutor,
868 562 192 40 outside
1094 563 53 39 of
1179 561 225 49 Chicago,
1437 561 52 41 in
1520 562 168 47 felony
1722 572 150 38 cases,
1907 562 62 48 by
2004 562 73 41 W.
2112 562 58 40 D.
2207 561 202 49 Knight.

402 619 102 41 The
543 620 298 48 prosecutor,
882 617 51 41 in
975 617 224 49 Chicago,
1243 618 51 40 in
1332 619 168 47 felony
1542 629 150 37 cases,
1734 618 62 48 by
1839 618 44 41 J.
1928 618 45 41 J.
2017 618 175 47 Healy.
2253 619 156 39 Rural

401 675 154 49 police
585 675 288 50 protection,
904 676 61 47 by
996 675 55 40 B.
1088 675 173 41 Smith.
1320 675 103 40 The
1455 675 166 48 police,
1656 674 51 40 in
1740 674 226 48 Chicago,
1999 675 62 48 by
2093 674 55 41 A.
2225 675 184 40 Vollmer.

402 733 101 40 The
534 743 214 37 coroner,
781 731 50 40 in
864 731 130 42 Cook
1028 731 205 50 County,
1268 732 61 48 by
1363 731 51 41 L.
1448 732 239 40 Hektoen.
1748 731 102 41 The
1884 730 268 50 Municipal
2187 734 139 38 court
2359 730 53 41 of

404 789 224 50 Chicago,
672 789 63 49 by
777 788 56 42 R.
878 789 174 48 Moley.
1111 789 102 41 The
1255 787 259 51 probation
1557 789 96 41 and
1697 788 167 50 parole
1908 789 196 48 system,
2149 788 63 48 by
2256 787 55 42 A.
2355 787 57 43 A.

403 848 171 47 Bruce,
600 848 53 39 E.
680 848 73 39 W.
778 847 214 48 Burgess
1017 847 97 40 and
1138 846 55 41 A.
1219 847 44 40 J.
1288 847 187 40 Harno.
1536 846 162 41 Crime
1724 846 170 41 record
1920 847 222 47 systems,
2170 846 64 48 by
2260 846 73 40 W.
2360 844 50 42 C.

402 902 505 49 Jamison.—Specific
943 905 139 46 types
1118 903 54 40 of
1207 902 209 41 offenses
1454 904 96 39 and
1588 902 244 41 offenders:
1899 901 259 42 Homicide
2193 901 50 40 in
2281 901 131 42 Cook

405 960 203 49 County,
639 960 62 48 by
729 960 57 41 A.
862 992 8 9 V.
901 960 197 48 Lashly.
1158 960 102 41 The
1289 959 217 48 juvenile
1537 959 297 49 delinquent,
1868 960 62 47 by
1962 958 50 42 C.
2046 959 56 41 R.
2138 960 147 40 Shaw
2316 958 98 40 and

403 1018 53 40 E.
485 1017 57 42 D.
572 1019 177 46 Myers.
811 1017 101 40 The
940 1019 245 46 deranged
1213 1027 56 30 or
1297 1016 242 41 defective
1566 1016 297 48 delinquent,
1893 1016 61 48 by
1983 1016 62 40 H.
2074 1016 60 41 D.
404 1015 2011 107 Singer.—Organized

716 1073 150 41 crime
902 1073 51 41 in
992 1073 225 49 Chicago,
1256 1074 62 47 by
1356 1073 44 41 J.
1442 1073 249 40 Landesco:
1763 1072 355 48 Introduction,
2159 1072 64 48 by
2261 1071 57 41 A.
2356 1071 57 40 A.

403 1131 172 40 Bruce.
638 1132 259 46 Summary
931 1131 97 40 and
1061 1129 483 48 recommendations,
1579 1130 62 47 by
1674 1130 54 40 E.
1763 1130 72 41 W.
1869 1130 229 47 Burgess.

408 1199 52 52 ©
497 1204 127 39 June
656 1203 70 48 28,
763 1202 141 48 1929;
940 1203 68 40 2c.
1045 1203 117 47 July
1196 1203 52 46 1;
1287 1201 83 41 aff.
1406 1201 117 48 July
1558 1200 53 48 9;
1650 1201 42 39 A
1724 1201 172 48 11133;
1935 1200 192 41 Illinois
2163 1210 130 30 assn,
2329 1199 79 42 for

479 1261 226 40 criminal
731 1260 193 48 justice.
990 1258 282 51 (29-16696)

411 1357 171 53 Jacot
610 1356 72 53 de
708 1355 244 65 Boinod,
979 1355 269 53 Bernard
1276 1353 198 66 Louis,
1507 1360 173 49 1898-

481 1436 176 53 Trust
699 1433 259 70 Wesley!
1038 1436 91 69 By
1175 1436 67 52 B.
1288 1435 65 54 L.
1400 1435 186 54 Jacot.
1663 1434 235 70 Boston,
1943 1431 197 69 Little,
2186 1434 231 65 Brown,

414 1515 113 52 and
555 1531 301 52 company,
885 1516 152 52 1929.

474 1592 663 52 3 p. l., [3]-307 p. 19½ ᶜᵐ .
413 1660 52 53 ©
493 1665 122 48 Aug.
643 1664 38 48 9,
711 1664 118 41 1929;
883 1664 69 42 2c.
980 1665 99 39 and
1104 1663 84 42 aff.
1216 1663 121 49 Aug.
1366 1663 55 40 15;
1479 1663 41 40 A
1548 1663 145 41 11659;
1752 1664 164 48 Little,
1945 1663 193 49 Brown,
2168 1665 38 39 &
2234 1674 69 30 co.

491 1721 282 51 (29-16826)

412 1819 222 63 James,
665 1817 206 53 Norah
903 1818 63 56 C.

484 1894 1937 73 Hail! All hail! By Norah C. James … London, The
417 1975 318 56 Scholartis
764 1994 176 50 press,
971 1977 151 53 1929.

478 2055 87 42 256
590 2067 44 38 p.
687 2055 150 42 19½ᶜᵐ.

481 2127 215 41 “Second
728 2126 334 49 impression.”

483 2185 129 39 “The
639 2184 112 41 first
777 2184 184 41 edition
989 2184 43 40 is
1059 2183 190 42 limited
1278 2186 50 39 to
1356 2182 86 42 950
1471 2183 174 50 copies,
1675 2184 52 40 of
1754 2183 160 42 which
1944 2185 82 40 the
2054 2185 109 40 first
2193 2184 112 48 fifty
2334 2194 85 31 are

409 2242 266 40 numbered
700 2242 97 39 and
824 2241 169 48 signed
1017 2241 62 48 by
1106 2242 83 39 the
1213 2240 222 42 author.”

417 2309 1983 103 © 1c. Aug. 17, 1929; A ad int. 12974; pubd. June 20; N. C. James, London.
659 2369 282 51 (29-17225)

422 2467 278 70 [Jeffries,
730 2466 264 55 Graham
1021 2467 326 63 Montague]
1400 2472 173 50 1900-

485 2546 335 54 Blackshirt
881 2545 191 71 again,
1131 2546 77 69 by
1270 2547 186 52 Bruce
1519 2545 243 55 Graeme
1848 2546 216 67 [pseud.]
2159 2546 259 68 London,

415 2624 370 55 Hutchinson
812 2626 45 51 &
884 2642 98 52 co.,
1009 2625 104 54 ltd.
1149 2627 172 65 [1929]

482 2704 612 50 2 p. l., 9-288 p. 19 ½ ᶜᵐ .
418 2773 1997 55 © 1c. Aug. 15, 1929; A ad int. 12967; pubd. June 21; Dodd, Mead & co.,
486 2834 104 49 inc.,
622 2835 120 39 New
771 2834 146 40 York.
988 2833 282 50 (29-17224)

417 2930 406 65 Jegerlehner,
855 2930 255 65 Johann,
1144 2932 173 54 1871-

482 3008 112 53 Die
637 3008 328 54 todesfahrt
1010 3009 105 52 auf
1158 3009 102 53 das
1303 3009 384 68 Matterhorn,
1730 3027 112 35 von
1884 3011 294 54 Johannes
409 3012 1988 129 Jegerlehner.

683 3086 220 69 Berlin,
927 3087 68 55 G.
1023 3087 195 70 Grote,
1244 3090 151 52 1928.

483 3167 1936 51 2 p. l., 120 p. 18 ᶜᵐ . (Half-title: Grote’sche Sammlung von werken
417 3239 434 49 zeitgenössischer
877 3239 363 49 Schriftsteller,
1267 3240 76 41 bd.
1371 3239 110 48 171)

484 3297 235 41 Contains
761 3307 64 29 an
866 3299 205 38 account
1110 3297 54 40 of
1202 3297 213 40 Edward
1455 3297 304 48 Whymper’s
1799 3300 168 38 ascent
2005 3298 53 40 of
2097 3299 83 39 the
414 3299 1991 94 Matterhorn

561 3354 50 40 in
633 3353 130 48 1865,
787 3364 55 30 as
866 3354 103 40 told
992 3354 61 47 by
1078 3355 82 39 the
1183 3353 158 49 guide,
1367 3354 144 40 Peter
1535 3354 338 49 Taugwalder,
1898 3355 62 48 jr.

421 3422 1979 110 © Aug. 18, 1928; 1c. Mar. 2, 1929; A—Foreign 3041; G. Grote’sche v erlagsbuchhandlung.
1062 3482 281 51 (29-16796)

420 3564 256 65 Joelson,
705 3565 285 56 Annette.

422 3643 1977 131 … The dancing girl of Gilead, a novel. [London] W. Heinemann
627 3722 105 55 ltd.
771 3725 172 64 [1929]

490 3801 608 49 5 p. l., 3-223 p. 19½ ᶜᵐ .
424 3869 1994 54 © 1c. Aug. 17, 1929; A ad int. 12975; pubd. June 20; A. Joelson, Kraan
491 3930 132 48 Kuil,
652 3929 130 49 Cape
807 3930 248 49 Province,
1086 3931 154 40 South
1264 3931 186 41 Africa.
1515 3930 281 51 (29-17256)
