2512 4377
1332 4050 103 51 252

365 397 228 62 Collier,
631 397 256 54 William
928 396 210 55 Miller.

362 473 1976 133 … Annual cumulative supplement [ 1929] (including all previous
549 553 389 68 supplements
965 552 112 52 and
1104 556 58 49 to
1190 552 264 68 January
1482 556 46 53 1,
1559 551 160 70 1929)
1758 557 59 48 to
1846 550 213 56 Collier
2086 571 72 34 on
362 552 1977 147 bankruptcy.

659 630 1669 69 13th ed. … by Ralph E. Rogers … Albany, N. Y.,
361 710 278 51 Matthew
674 710 226 51 Bender
930 711 46 49 &
1008 727 298 50 company,
1341 712 151 49 1929.

433 791 661 48 2 p. l., 485, 243 p. 25 ᶜᵐ .
366 844 1998 51 © Feb. 16, 1929; 2c. Feb. 19; aff. Feb. 18; A 4556; Matthew Bender &
434 914 83 37 co.,
546 904 91 40 inc.

366 999 236 63 Collins,
641 999 250 54 Arthur.

433 1078 173 51 Local
636 1082 372 63 government
1038 1077 57 51 in
1126 1077 96 52 the
1251 1077 218 53 United
1501 1076 189 55 States
1721 1078 112 51 and
1867 1076 253 55 Canada.
2188 1083 45 48 1.

446 1159 82 48 (In
558 1156 273 52 Municipal
862 1156 198 51 journal
1094 1156 96 43 and
1223 1155 164 52 public
1418 1156 163 43 works
1616 1156 262 52 engineer)

368 1212 1999 52 © 1c. Jan. 30, 1929; A ad int. 12409; pubd. Nov. 30, 1928; Sir Robert
436 1273 205 46 Donald,
670 1273 213 39 London.

368 1354 215 63 Couch,
615 1354 227 64 George
871 1353 221 65 James,
1123 1360 169 49 1881-

439 1431 349 69 Cyclopedia
821 1430 65 54 of
918 1432 299 53 insurance
1250 1432 129 59 law,
1411 1432 75 68 by
1520 1431 224 69 George
1778 1433 55 51 J.
1870 1431 210 55 Couch,
2153 1453 49 32 v.
2241 1436 46 64 1,
2321 1437 48 48 2.

366 1510 325 67 Rochester,
734 1510 69 52 N.
850 1509 90 68 Y.,
983 1511 121 52 The
1147 1511 271 68 Lawyers
1460 1510 385 68 co-operative
1889 1511 338 70 publishing
2271 1530 100 50 co.,

368 1592 150 49 1929.

435 1671 28 39 2
494 1682 43 30 v.
598 1671 148 40 24½ᶜᵐ.

438 1726 129 49 Kept
607 1727 139 40 down
786 1727 48 40 to
875 1726 113 41 date
1028 1727 61 47 by
1129 1726 181 41 annual
1351 1726 300 42 cumulative
1689 1726 172 49 pocket
1903 1726 346 50 supplements,
2310 1728 62 49 cf.

367 1783 145 46 Pref.,
542 1795 44 30 v.
616 1784 40 40 1.

372 1839 52 51 ©
455 1842 111 41 Feb.
595 1841 69 47 26,
694 1841 142 46 1929;
867 1842 67 39 2c.
965 1843 117 38 each
1112 1843 95 38 and
1239 1841 108 41 affs.
1380 1842 110 40 Feb.
1517 1840 28 40 28;
1634 1841 41 40 A
1705 1841 128 49 5569,
1866 1841 141 46 5570;
2040 1841 230 48 Lawyers
438 1854 1916 92 cooperative

718 1899 110 47 pub.
858 1910 68 28 co.
996 1898 252 48 (29-6134)

366 1979 269 63 Crofton,
670 1979 322 64 Algernon.

439 2057 121 52 The
605 2074 177 50 queen
830 2055 65 54 of
941 2055 278 68 Nineveh,
1268 2075 30 34 a
1347 2057 113 53 tale
1507 2055 65 54 of
1617 2057 97 52 the
1763 2055 304 55 wickedest
2116 2056 135 69 city,
2299 2057 74 70 by

365 2133 292 69 Algernon
695 2133 263 55 Crofton.
1035 2134 139 54 New
1206 2135 181 67 York,
1420 2133 215 69 Covici,
1666 2135 226 67 Friede,
1927 2137 150 50 1929.

438 2216 26 40 6
493 2227 44 37 p.
602 2248 8 15 l.,
638 2216 143 40 3-241
813 2227 43 37 p.
917 2215 145 41 19½ᶜᵐ.

439 2273 213 40 “Second
683 2271 230 49 printing,
945 2272 264 47 February,
1241 2271 157 42 1929.”

440 2329 234 41 “Notes”:
711 2341 43 37 p.
789 2329 217 41 199-241.

374 2384 52 51 ©
454 2388 111 39 Feb.
590 2387 69 48 23,
686 2387 141 46 1929;
856 2387 67 41 2c.
950 2388 123 39 Mar.
1098 2389 25 38 7;
1180 2386 83 41 aff.
1291 2387 112 40 Feb.
1429 2387 82 46 28;
1543 2386 38 39 A
1608 2386 140 47 5690;
1780 2386 176 49 Covici,
1988 2387 185 42 Friede,
2203 2388 92 40 inc.

453 2443 251 50 (29-6182)

373 2523 257 65 Desclot,
662 2525 323 59 Bernardo,
1014 2525 58 66 fl.
1107 2530 151 49 1300.

442 2601 1797 75 Chronicle of the reign of King Pedro III of Aragon, A. D.
373 2681 327 59 1276-1285,
741 2683 75 68 by
861 2683 216 53 Bernat
1121 2683 258 58 Desclot;
1429 2683 314 53 translated
1792 2682 152 53 from
1990 2683 96 53 the
2131 2682 249 70 original

370 2759 1985 134 Catalan text by F. L. Critchlow, PH. D. Princeton, Princeton
498 2838 320 71 university
849 2857 175 51 press,
1056 2841 150 52 1928.

441 2920 904 50 xvi p., 2 l., [3]-386 p., 1 l. 23½ᶜᵐ.
444 2977 146 40 “This
627 2979 196 47 present
858 2978 190 40 volume
1084 2977 222 41 contains
1343 2978 81 39 the
1460 2978 150 39 latter
1647 2977 108 40 half
1808 2978 138 47 [chap.
1984 2977 188 49 73-168]
2212 2977 51 41 of
2300 2978 80 39 the

371 3034 243 41 chronicle
643 3034 52 40 of
722 3033 348 50 Desclot.”—p.
1169 3067 8 7 xv.

377 3088 52 53 ©
455 3093 112 40 Dec.
593 3092 25 41 5,
714 3092 57 40 1928;
884 3126 7 7 2c.
916 3093 95 39 and
1038 3092 82 40 aff.
1146 3092 111 40 Feb.
1283 3092 57 40 28,
1437 3091 56 39 1929;
1547 3091 40 40 A
1612 3091 114 41 5553;
1782 3092 261 40 Princeton
2070 3090 130 41 univ.
2227 3101 150 38 press.

456 3148 250 49 (29-6160)

370 3229 188 62 Dietz,
590 3230 260 63 August.

444 3307 122 52 The
606 3308 188 67 postal
834 3307 212 53 service
1087 3306 65 53 of
1190 3307 97 53 the
1329 3306 384 54 Confederate
1757 3306 189 55 States
1989 3306 64 53 of
2094 3305 286 68 America,

373 3384 35 53 by
483 3384 231 69 August
749 3385 185 52 Dietz.
1011 3385 341 66 Richmond,
1387 3386 127 54 Va.,
1551 3386 168 51 Press
1757 3383 64 54 of
1854 3384 99 53 the
1988 3384 169 53 Dietz
373 3383 1983 148 printing

505 3480 298 51 company,
837 3465 150 50 1929.

446 3545 27 38 4
508 3554 43 37 p.
622 3575 8 16 l.,
665 3543 126 46 v-xi,
825 3544 86 40 439
945 3555 43 37 p.
1022 3543 110 43 incl.
1167 3554 126 37 map.
1353 3544 88 39 col.
1475 3543 166 49 front.,
1677 3543 130 40 illus.
1835 3543 15 48 (incl.
2004 3542 243 48 facsims.)
2294 3545 87 40 col.

375 3600 441 48 pl., diagr. 26 ᶜᵐ .
444 3657 335 48 Head-pieces.

449 3714 281 47 “Appeared
763 3713 50 39 in
845 3714 82 39 the
962 3713 242 40 Southern
1238 3712 275 49 philatelist
1547 3723 54 30 as
1637 3723 25 29 a
1698 3712 149 41 serial
1881 3713 154 39 under
2070 3713 81 40 the
2187 3712 108 41 title
2331 3712 51 41 of

378 3770 101 39 The
515 3773 135 43 story
687 3770 52 39 of
775 3771 82 38 the
895 3770 269 40 Post-office
1202 3770 309 47 department
1549 3768 52 41 of
1639 3770 82 39 the
1761 3768 325 41 Confederate
2127 3768 164 41 States
2329 3768 54 41 of

379 3824 2001 50 America and its postage stamps … The story has been revised and
378 3882 402 48 rewritten.”—p.
810 3882 63 40 vi.

382 3936 52 51 ©
461 3941 110 40 Feb.
596 3941 69 45 27,
692 3940 115 40 1929;
860 3940 68 40 2c.
953 3940 97 39 and
1074 3938 82 41 aff.
1184 3939 111 40 Feb.
1321 3939 57 40 28;
1433 3939 41 38 A
1499 3938 115 40 5550;
1669 3939 54 39 A.
1751 3938 155 42 Dietz,
1935 3938 283 41 Richmond.

460 3996 252 51 (29-6119)
