2512 4377
1259 4002 99 50 552

352 439 85 39 123
470 448 43 38 p.
573 437 130 41 illus.
763 437 146 41 19½ᶜᵐ.

356 508 213 41 “Second
602 506 185 42 edition
829 506 279 49 (revised)”

288 573 52 54 ©
367 580 122 40 Mar.
513 579 69 47 23,
609 577 140 48 1929;
777 579 67 40 2c.
868 577 115 49 Apr.
1007 579 54 46 4;
1091 576 82 42 aff.
1197 576 114 49 Apr.
1381 587 10 37 8;
1420 576 40 40 A
1485 575 141 49 7330;
1655 577 72 41 W.
1755 576 145 49 Judy,
1929 575 225 47 Chicago.

364 633 251 50 (29-9586)

285 743 235 62 Kelsey,
551 742 240 63 Rayner
820 742 430 63 Wickersham,
1285 742 172 54 1879-

416 818 1873 69 … The tariff, by Rayner W. Kelsey … Haverford, Pa.,
283 895 427 70 Pennsylvania
744 895 224 70 history
1000 914 157 50 press
1199 929 12 34 [
1273 897 99 51 ᶜ1929
1377 929 13 34 ]

357 978 1933 50 1 p. l., 38 p. 19 ᶜᵐ. (Handbooks of citizenship; topical supplements
286 1037 49 39 to
364 1035 256 41 textbooks
649 1035 51 40 of
727 1034 260 41 American
1014 1034 190 49 history
1232 1036 95 38 and
1355 1035 340 48 government)

357 1105 351 49 Bibliography:
764 1116 44 37 p.
835 1105 161 41 34-37.

290 1172 51 52 ©
370 1177 114 47 Apr.
511 1177 41 46 4,
582 1176 140 46 1929;
751 1177 68 40 2c.
848 1177 97 38 and
972 1175 83 41 aff.
1082 1176 116 48 Apr.
1227 1175 82 41 10;
1341 1176 38 38 A
1408 1175 141 48 6509;
1581 1176 56 41 B.
1667 1177 73 40 W.
1768 1176 193 48 Kelsey,
1991 1175 296 48 Haverford,

359 1233 83 40 Pa.
511 1232 252 49 (29-9589)

289 1342 310 61 Keniston,
633 1340 320 65 Hayward,
989 1346 170 49 1883-

361 1418 251 69 Spanish
647 1419 178 53 idiom
857 1418 126 69 list;
1021 1419 240 52 selected
1295 1436 72 35 on
1401 1418 96 53 the
1531 1419 150 53 basis
1716 1418 65 54 of
1815 1438 176 51 range
2026 1420 113 52 and

288 1418 1978 148 frequency
529 1495 65 54 of
617 1514 349 50 occurrence,
991 1496 283 68 compiled
1301 1496 113 53 and
1442 1496 190 53 edited
1657 1496 77 70 by
1758 1497 301 68 Hayward

288 1497 1980 146 Keniston … New York, The Macmillan company, 1929.
288 1655 1983 100 xiii, 108 p. 24 ᶜᵐ. (On cover: Publications of the American and Canadian committees
765 1724 60 30 on
855 1714 200 41 modern
1084 1713 282 49 languages,
1425 1724 45 32 v.
1500 1712 81 50 11)

359 1772 107 40 List
505 1771 52 41 of
596 1773 131 39 texts
769 1771 194 41 studied;
1035 1782 43 38 p.
1121 1771 85 41 5-7;
1279 1772 178 40 “Texts
1499 1772 227 49 assigned
1769 1773 86 40 but
1897 1774 85 39 not
2024 1772 238 41 checked”:

288 1839 44 38 p.
361 1829 101 41 7-8.

295 1893 51 52 ©
374 1898 122 40 Mar.
523 1897 69 46 19,
619 1897 118 41 1929;
789 1898 66 41 2c.
883 1899 95 39 and
1005 1897 82 41 aff.
1117 1899 122 39 Mar.
1264 1897 84 48 20;
1376 1898 42 39 A
1444 1898 142 48 5967;
1617 1898 282 41 Macmillan
1927 1910 68 30 co.

373 1953 252 50 (29-9607)

292 2047 335 63 Kentucky.
706 2049 179 51 Court
915 2049 64 68 of
1007 2049 250 67 appeals.

363 2126 355 68 Temporary
743 2125 308 68 Kentucky
1076 2125 205 69 digest,
1306 2125 269 69 covering
1599 2126 279 53 decisions
1903 2126 65 53 of
1992 2127 97 52 the
2115 2125 181 56 Court

293 2201 64 53 of
386 2204 234 66 appeals
650 2203 265 67 reported
946 2202 60 52 in
1035 2204 252 51 volumes
1317 2205 245 50 218-224
1591 2203 308 68 Kentucky
1928 2208 223 64 reports
2182 2204 109 52 and

293 2286 162 61 parts
488 2278 64 54 of
586 2279 102 54 217
725 2280 112 52 and
874 2282 119 64 225,
1028 2282 170 50 290-9
1249 2278 127 69 (2d)
1426 2279 184 55 South
1647 2286 237 47 western
1926 2285 274 64 reporter,
2238 2285 58 49 to

295 2357 335 67 November,
671 2360 153 64 1928,
861 2357 139 52 with
1040 2357 156 53 table
1230 2356 64 53 of
1332 2375 150 35 cases
1523 2357 276 69 digested.
1875 2357 182 69 Comp.
2116 2358 181 52 under

294 2433 2004 70 the American digest classification … v. 11A. St. Paul, Minn.,
292 2512 161 54 West
482 2511 336 70 publishing
846 2529 97 49 co.,
976 2514 151 50 1929.

366 2570 593 72 1 p. l., iii, 325 p. 26 ᶜᵐ.
299 2659 51 52 ©
380 2664 123 40 Mar.
530 2664 41 48 2,
599 2663 142 48 1929;
771 2664 67 40 2c.
868 2664 95 40 and
993 2662 82 42 aff.
1104 2663 114 48 Apr.
1247 2663 83 48 11;
1362 2663 42 39 A
1431 2663 142 48 6475;
1605 2663 139 42 West
1770 2664 111 48 pub.
1911 2674 67 31 co.

298 2758 298 62 Kilborne,
630 2757 234 53 Russell
898 2757 247 55 Donald.

363 2837 323 68 Principles
725 2836 64 55 of
824 2854 206 53 money
1066 2837 112 53 and
1216 2835 274 71 banking,
1527 2837 76 70 by
1639 2837 227 54 Russell
1902 2838 232 53 Donald

294 2834 2007 151 Kilborne … 2d rev. ed. Chicago, A. W. Shaw company, 1929.
366 2995 1473 49 xxii, 616 p. incl. illus., tables, diagrs. (1 fold.) 21½ ᶜᵐ.
303 3062 51 52 ©
381 3066 113 48 Apr.
522 3067 69 47 10,
618 3066 118 40 1929;
788 3067 67 40 2c.
882 3066 115 48 Apr.
1023 3066 59 40 15:
1136 3066 82 40 aff.
1245 3066 114 48 Apr.
1386 3067 57 40 17;
1498 3066 42 39 A
1567 3066 114 41 7519;
1738 3067 55 40 A.
1822 3068 72 41 W.
1926 3067 146 40 Shaw
2098 3078 67 29 co.

379 3122 250 49 (29-9501)

300 3216 367 63 Kircheisen,
702 3216 303 53 Friedrich
1040 3217 158 61 Max,
1232 3217 172 53 1877-

370 3293 1868 68 Napoleon I. Ein lebensbild von Friedrich M. Kircheisen …
300 3369 1999 70 2. bd.: 1806-1821 … Stuttgart und Berlin, J. G. Cotta, 1929.
370 3451 1071 50 vi, 430, [1] p. front., plates, ports. 23 ᶜᵐ.
305 3515 1994 54 © Dec. 7, 1928; 1c. Mar. 2, 1929; A—Foreign 2186; J. G. Cotta'sche
371 3576 379 48 buchhandlung
780 3576 163 41 nachf.

305 3670 84 52 La
421 3670 201 64 Gorce,
654 3669 205 64 Agnès
887 3671 87 53 de.

434 3747 1805 68 … Robert Hugh Benson, prêtre et romancier, 1871-1914 …
303 3824 184 65 Paris,
522 3825 148 50 Plon
708 3827 170 63 [1928]

372 3903 1064 51 2 p. l., 301 p., 1 l. front. (port.) 19 ᶜᵐ .
