2542 4389
1084 4012 134 49 1665

139 355 339 64 Hollander,
505 354 269 55 Walther
805 354 194 64 Georg
1027 352 287 54 Heinrich
1342 369 134 49 von,
1507 357 170 51 1892-

207 435 182 53 Fever
432 435 190 67 house,
664 435 77 68 by
782 434 263 53 Walther
1087 452 113 34 von
1242 431 342 70 Hollander,
1627 432 319 53 translated
1991 431 154 52 from

140 513 95 53 the
280 512 252 55 German
573 513 77 67 by
698 511 187 55 Susan
927 509 260 55 Jenkins.
1263 511 140 53 New
1448 509 181 69 York,
1673 510 122 53 The
1836 508 308 70 Macaulay

141 609 297 51 company,
469 592 150 51 1929.

203 669 275 49 316 p. 20 ᶜᵐ.
141 736 52 52 ©
225 740 128 48 Sept.
381 739 70 48 30,
479 739 140 47 1929;
649 739 68 41 2c.
747 741 96 37 and
872 738 83 40 aff.
986 739 102 41 Oct.
1118 738 53 48 9;
1201 739 43 39 A
1271 738 172 48 12940;
1476 739 260 47 Macaulay
1765 749 69 31 co.

217 795 280 49 (29-21213)

208 890 327 56 Schicksale
585 889 338 70 gebündelt;
981 890 92 52 ein
1124 890 618 69 menschenpanorama
1796 907 113 36 von
1958 890 187 68 heute,

134 968 1738 68 von Walther von Hollander. Berlin, Ullstein [ ᶜ1 929]
204 1049 380 51 363, [1] p. 19 ½ ᶜᵐ.
142 1118 1885 52 © Nov, 15, 1928; 1c. Feb. 5, 1929; A —Foreign 1876: Ullstein a. g.
219 1178 282 49 (29-22366)

138 1271 307 66 Howland,
477 1271 246 55 Charles
749 1272 295 65 Prentice,
1077 1277 172 50 1869-
1464 1276 84 53 ed.

209 1352 311 53 American
558 1351 273 54 relations
872 1352 61 52 in
972 1353 97 52 the
1112 1351 350 69 Caribbean;
1509 1373 32 33 a
1582 1352 379 70 preliminary
2002 1352 148 53 issue

140 1429 1984 149 of section I of the annual Survey of American foreign relations,
334 1511 152 66 1929,
508 1509 284 68 prepared
817 1508 94 52 for
935 1509 96 53 the
1057 1508 240 55 Council
1321 1527 73 35 on
1417 1509 232 69 foreign
1672 1508 273 56 relations
1969 1512 183 52 under

141 1585 2011 73 the direction of Charles P. Howland … New Haven, Printed
138 1666 92 52 for
262 1666 95 52 the
388 1665 310 53 American
729 1665 221 52 council
983 1665 64 53 of
1080 1665 96 53 the
1207 1665 277 54 Institute
1517 1665 64 55 of
1613 1665 212 55 Pacific
1859 1664 292 70 relations,

139 1744 145 53 Yale
313 1743 319 71 university
660 1761 175 51 press,
868 1745 150 51 1929.

209 1822 1235 51 5 p. l. , [3]-329 p. maps (2 fold.) diagrs. 24½ᶜᵐ.
211 1892 146 42 “This
384 1894 191 40 volume
602 1892 221 42 includes
852 1893 228 49 chapters
1110 1904 60 30 on
1200 1895 118 39 each
1349 1894 51 40 of
1430 1896 82 39 the
1544 1896 136 40 three
1711 1895 163 41 island
1906 1896 243 49 republics

140 1952 95 39 and
266 1961 60 30 on
358 1951 82 39 the
470 1950 75 40 six
576 1950 242 48 republics
851 1950 50 40 in
934 1950 200 41 Central
1165 1950 612 44 America.”—Foreword.

147 2017 51 53 ©
233 2022 129 48 Sept.
394 2022 70 48 12,
496 2022 116 40 1929;
671 2022 69 40 2c.
775 2021 128 49 Sept.
936 2021 57 40 80;
1055 2021 82 41 aff.
1172 2022 102 40 Oct.
1309 2024 26 38 7;
1396 2022 43 40 A
1469 2022 144 42 12835;
1677 2024 119 40 Yale
1832 2023 131 41 univ.
1997 2033 152 39 press.

219 2078 281 48 (29-21290)

138 2172 397 64 Hutchinson,
562 2172 235 54 Arthur
824 2173 533 65 Stuart-Menteth,
1386 2179 173 50 1880-

209 2249 124 52 The
364 2249 299 52 uncertain
696 2255 272 63 trumpet,
1004 2250 75 69 by
1114 2250 72 53 A.
1226 2249 57 57 S.
1318 2251 80 52 M.
1434 2251 385 55 Hutchinson.
1891 2253 262 68 London,

138 2327 242 53 Hodder
409 2327 114 53 and
553 2325 331 71 Stoughton
909 2327 224 54 limited
1168 2331 173 65 [1929]

207 2410 86 41 383
326 2422 43 37 p.
428 2410 58 41 19½ᶜᵐ.

146 2477 2004 55 © 1c. Sept. 11, 1929; A ad int. 13030; pubd. Aug. 27; A. Stuart-Menteth
213 2537 324 49 Hutchinson,
570 2538 270 50 Sidmouth,
873 2539 317 49 Devonshire,
1224 2541 237 47 England.
1533 2541 281 50 (29-23136)

138 2633 265 52 Indiana.
479 2634 310 68 Appellate
823 2642 176 46 court.

217 2710 1936 74 Reports of cases decided … with tables of cases reported and
141 2789 166 69 cited,
343 2794 239 50 statutes
617 2791 149 53 cited
805 2792 113 52 and
953 2793 320 66 construed,
1308 2794 115 52 and
1458 2809 75 37 an
1566 2794 188 52 index.
1832 2794 322 55 Genevieve

147 2866 231 67 Brown,
403 2865 199 53 official
626 2872 275 63 reporter,
928 2868 66 52 B.
1022 2868 65 52 F.
1114 2868 260 69 Watson,
1452 2913 9 9 V.
1481 2870 109 53 Ed.
1618 2870 189 69 Funk,
1833 2871 232 55 Joanna
2085 2873 67 53 F.

140 2944 278 70 Hinman,
456 2946 296 52 assistants.
844 2966 51 34 v.
934 2946 80 54 87.
1091 2947 176 53 From
1305 2948 299 70 February
1641 2954 47 64 1,
1725 2953 153 67 1928,
1913 2957 58 47 to
2009 2951 144 71 July

147 3024 85 65 20,
261 3025 149 50 1928.
477 3022 419 68 Indianapolis,
925 3023 190 69 Levey
1144 3025 268 69 printing
1440 3044 97 50 co.,
1570 3029 150 50 1929.

214 3103 454 49 xxiii, 776 p. 22½ ᶜᵐ.
151 3168 51 53 ©
232 3175 115 46 Apr.
378 3174 68 47 16,
477 3174 117 40 1929;
652 3174 67 42 2c.
751 3175 127 40 June
908 3175 58 39 24;
1026 3175 83 41 aff.
1142 3176 101 41 Oct.
1277 3177 57 40 16;
1391 3177 42 39 A
1463 3177 146 41 15707;
1673 3179 137 41 State
1842 3179 52 41 of
1924 3180 225 49 Indiana,

217 3230 350 48 Indianapolis.

144 3323 281 65 Keating,
457 3324 227 64 George
711 3326 48 51 T
1047 3331 172 50 1892-

216 3404 56 51 A
318 3401 229 56 Conrad
593 3404 297 52 memorial
934 3403 239 71 library,
1219 3406 97 52 the
1362 3407 299 53 collection
1707 3408 65 53 of
1817 3409 223 71 George
2087 3412 67 52 T.

148 3479 267 71 Keating.
493 3481 234 55 Garden
756 3482 153 70 City,
938 3484 69 53 N.
1042 3485 91 67 Y.,
1162 3484 359 71 Doubleday,
1550 3487 202 52 Doran
1779 3491 46 49 &
1855 3505 300 52 company,

146 3557 125 69 inc.,
303 3562 150 50 1929.

217 3640 1877 54 xvi, 448, [2] p., 1 l. col. front., 1 illus., plates, ports., facsims. 27 ᶜᵐ.
220 3711 331 49 Frontispiece
579 3714 344 47 accompanied
948 3715 62 47 by
1038 3716 156 47 guard
1221 3716 137 40 sheet
1386 3715 122 41 with
1534 3716 292 50 descriptive
1853 3719 302 48 letterpress.

221 3767 163 41 “First
424 3769 255 47 published
717 3770 50 39 in
806 3780 63 30 an
908 3771 185 43 edition
1130 3772 52 40 of
1219 3771 84 41 501
1344 3773 160 47 copies
1542 3773 52 41 of
1632 3774 160 41 which
1827 3774 89 41 425
1954 3786 84 30 are
2076 3775 80 41 for

150 3826 115 47 sale,
293 3826 96 39 and
416 3825 52 41 of
493 3826 157 40 which
678 3827 98 40 this
806 3827 42 41 is
873 3838 76 31 no.
974 3828 132 41 424.”

155 3891 51 53 ©
234 3896 129 48 Sept.
387 3897 70 48 30,
483 3897 116 41 1929;
649 3899 68 41 2c.
744 3900 96 39 and
866 3899 82 41 aff.
976 3899 102 42 Oct.
1105 3900 54 39 11;
1215 3901 42 39 A
1281 3900 145 41 14095;
1482 3902 299 50 Doubleday,
1808 3903 168 41 Doran
2004 3904 37 40 &
2067 3914 83 38 co.,

221 3951 90 42 inc.
379 3953 280 51 (29-21261)
