2533 4342
1351 4011 137 52 1894

430 435 283 67 prepared
741 441 60 47 to
831 433 214 54 defend
1072 434 156 53 them
1259 434 163 53 when
1451 434 269 69 brought,
1749 435 76 69 by
1853 434 205 69 Henry
2085 434 349 55 Woodward

432 511 1860 71 Sackett … New York, Columbia university press, 1929.
495 590 58 42 23
580 601 46 40 p.
683 590 119 43 23ᶜᵐ.

434 644 52 53 ©
515 648 103 42 Oct.
645 649 40 48 1,
712 649 142 47 1929;
881 648 68 41 2c.
978 648 104 42 Oct.
1109 650 28 39 7;
1193 648 83 41 aff.
1303 648 119 42 Nov.
1450 647 84 49 29;
1564 648 41 40 A
1632 648 173 41 12824:
1838 648 252 42 Columbia
2119 647 131 42 univ.
2278 658 152 39 press.

504 700 70 54 [©
603 705 209 48 changes
840 705 96 39 and
963 704 240 51 addition]
1271 703 282 50 (29-21281)

432 797 205 64 Sayce,
668 796 322 55 Archibald
1021 798 225 64 Henry,
1279 803 173 49 1845-

564 875 1873 71 … Ancient empires of the East, by Archibald Henry Sayce
496 953 1942 71 … with Gibbon’s History of Arabia and a sketch of the history
431 1031 1941 72 of Israel; revised and edited by Christopher Johnston …
437 1111 321 68 [Memorial
806 1112 105 66 ed.]
992 1111 140 52 New
1181 1110 181 70 York,
1409 1111 68 54 P.
1526 1110 66 52 F.
1643 1110 216 55 Collier
1905 1112 51 51 &
2004 1128 100 36 son
2153 1128 283 53 company

434 1193 193 65 [ ᶜ19 28 ]
492 1268 1941 50 li, 471 p. col. front., illus. (maps) plates, port. 23 ᶜᵐ. (The history
423 1324 1376 50 of nations, H. C. Lodge … editor-in-chief, vol. I)
493 1381 333 49 Frontispiece
856 1380 344 49 accompanied
1227 1382 61 46 by
1316 1382 155 47 guard
1499 1382 136 39 sheet
1666 1381 118 40 with
1812 1381 292 49 descriptive
2131 1383 301 48 letterpress.

493 1438 378 47 Bibliography:
902 1448 44 37 p.
978 1437 252 50 [459]-471.

433 1490 52 53 ©
510 1495 119 40 Nov.
655 1494 39 48 6,
719 1494 116 41 1928;
889 1494 68 40 2c.
986 1493 131 49 Sept.
1142 1493 70 50 30,
1239 1492 114 41 1929;
1410 1493 81 40 aff.
1521 1493 103 42 Oct.
1649 1493 59 41 30;
1761 1493 42 40 A
1828 1494 147 41 13887;
2028 1495 51 40 P.
2108 1495 51 41 F.
2189 1494 180 41 Collier
2395 1500 38 40 &

497 1561 87 30 son
611 1561 68 30 co.
750 1550 284 49 (29-21117)

427 1644 238 65 Sayers,
693 1642 275 65 Dorothy
994 1642 209 66 Leigh,
1235 1648 172 50 1893-
1623 1645 86 54 ed.

498 1724 122 53 The
652 1723 262 55 omnibus
946 1722 66 54 of
1043 1722 189 68 crime,
1267 1723 189 53 edited
1490 1724 36 52 by
1597 1723 267 70 Dorothy
1894 1723 65 54 L.
1996 1723 223 67 Sayers.
2294 1724 140 52 New

428 1800 181 70 York,
638 1802 230 69 Payson
898 1802 115 52 and
1044 1800 210 55 Clarke
1281 1801 123 69 ltd.,
1436 1803 152 52 1929.

491 1880 415 51 1177, [1] p. 21½ ᶜᵐ.
771 1937 321 41 CONTENTS.—Detection
1128 1938 96 40 and
1260 1939 244 46 mystery:
1540 1937 297 42 Primitives.
1902 1938 102 41 The
2040 1940 196 39 modern
421 1942 1992 94 detective

548 1995 433 47 story.—Mystery
1011 1994 96 40 and
1136 1995 174 40 horror:
1367 1995 369 47 Macrocosmos,
1766 1994 176 41 stories
1970 1995 51 40 of
2052 1996 80 40 the
421 1998 1992 93 super-natural.

606 2050 355 47 Microcosmos,
992 2050 176 40 stories
1198 2050 51 41 of
1276 2051 83 39 the
1388 2050 182 39 human
1599 2050 97 40 and
1725 2050 250 42 inhuman.

427 2104 52 52 ©
508 2108 121 48 Aug.
658 2106 70 49 10,
758 2106 115 41 1929;
930 2107 68 40 2c.
1030 2107 96 40 and
1156 2106 83 41 aff.
1268 2107 122 47 Aug.
1419 2107 55 39 14;
1534 2107 42 40 A
1605 2106 148 41 10752;
1810 2108 58 41 D.
1898 2108 51 41 L.
1984 2107 177 49 Sayers
2192 2108 235 50 Fleming,

496 2164 119 39 New
642 2163 146 40 York.
858 2162 283 49 (29-17283)

423 2256 369 64 Sermoneta,
877 2255 209 54 Vittoria
1122 2255 320 66 (Colonna)
1480 2257 267 64 Caetani,
1774 2259 275 54 duchessa
2074 2258 77 64 di,
2180 2262 173 51 1880-

494 2334 223 69 Things
757 2340 147 63 past,
944 2334 76 69 by
1117 2334 199 53 Vittoria
1359 2334 276 68 Colonna,
1677 2335 237 54 duchess
1955 2334 66 55 of
2064 2335 361 65 Sermoneta;

426 2411 287 54 foreword
748 2412 77 69 by
863 2411 218 54 Robert
1116 2412 273 55 Hichens.
1464 2412 139 53 New
1643 2412 182 69 York,
1863 2413 73 53 D.
1977 2412 294 69 Appleton
2312 2411 115 54 and

423 2507 298 51 company,
765 2492 151 51 1929.

492 2571 1226 51 xiii, [1], 335, [1] p. front., plates, ports. 22½ ᶜᵐ.
425 2623 1836 53 © Nov. 15, 1929; 2c. and aff. Nov. 21; A 15976; D. Appleton & co.
502 2684 282 49 (29-25939)

416 2777 308 64 Seymour,
751 2776 148 55 Paul
925 2779 55 52 H
1268 2780 85 53 ed.

488 2853 123 54 The
632 2872 126 35 new
780 2854 192 68 Hoyle;
1029 2855 277 52 standard
1331 2873 209 51 games,
1568 2854 190 54 edited
1782 2854 77 70 by
1882 2855 150 52 Paul
2048 2853 79 54 H.
2148 2853 279 70 Seymour

478 2930 1737 71 … including auction bridge, contract bridge, bridge keno,
418 2930 2007 146 hachi-hachi,
643 3008 171 54 whist
852 3010 113 52 and
1006 3010 79 52 all
1122 3010 236 52 modern
1397 3011 137 52 card
1574 3028 221 51 games;
1837 3010 137 64 also,
2014 3009 173 66 chess,
419 3007 1983 146 checkers,

561 3086 291 53 dominoes
891 3087 115 52 and
1043 3087 133 52 mah
1214 3086 156 70 jong.
1449 3087 272 70 Chicago,
1759 3087 140 53 New
1940 3085 181 69 York,
2160 3086 264 53 Laidlaw

416 3163 278 68 brothers,
728 3166 152 51 1929.

488 3244 87 42 352
604 3255 43 39 p.
708 3244 148 43 17½ᶜᵐ.

423 3298 52 53 ©
508 3302 103 41 Oct.
641 3302 71 49 26,
743 3302 142 48 1929;
919 3303 68 41 2c.
1021 3305 95 39 and
1150 3303 82 43 aff.
1265 3305 119 40 Nov.
1416 3304 83 47 15;
1535 3304 40 39 A
1606 3303 174 48 14853;
1814 3303 223 40 Laidlaw
2068 3303 127 40 bros.,
2242 3303 93 39 inc.

501 3357 283 51 (29-25918)

414 3450 269 65 Sinclair,
714 3453 187 53 MacD
1187 3456 86 53 ed.

485 3527 122 54 The
639 3527 306 70 intertype,
977 3529 74 54 its
1087 3529 282 67 function,
1400 3548 144 48 care,
1577 3529 298 69 operation
1907 3531 114 52 and
2054 3529 369 69 adjustment,

415 3605 191 54 edited
644 3605 77 69 by
761 3605 206 54 MacD.
1013 3606 267 63 Sinclair,
1318 3607 141 53 with
1499 3608 97 53 the
1637 3607 409 54 collaboration
2089 3607 65 53 of
2192 3607 97 53 the
415 3626 1981 126 engineering
760 3683 137 53 staff

943 3684 1480 70 of the Intertype corporation … Brooklyn,
415 3759 71 53 N.
517 3760 90 69 Y.,
637 3760 302 70 Intertype
968 3761 384 68 corporation,
1385 3765 152 50 1929.

485 3843 1398 49 3 p. l., [v]-xiv p., 1 l., 421 p. incl. front., illus. 23½ ᶜᵐ.
422 3893 52 53 ©
502 3899 115 48 May
643 3900 40 43 1,
710 3898 142 49 1929;
880 3900 68 40 2c.
976 3901 97 39 and
1101 3899 82 43 aff.
1212 3902 114 46 May
1353 3901 83 41 22;
1465 3901 42 39 A
1535 3901 142 47 9263;
1708 3902 251 48 Intertype
1986 3911 128 38 corp.

500 3954 283 50 (29-18697)
