2533 4342
1342 3995 138 48 2006

408 434 1997 70 to the Holy Scriptures, by Rev. J. B. R. Walker … New ed.
409 512 1372 70 Boston, Chicago, The Pilgrim press [ ᶜ1 929]
475 594 374 50 vi, 958 p. 23 ᶜᵐ.
410 660 52 53 ©
503 665 127 48 Sept.
666 665 71 48 28,
774 664 115 41 1929;
954 665 68 41 2c.
1061 665 103 41 Oct.
1201 666 57 38 14;
1324 665 82 41 aff.
1444 665 112 42 Dec.
1593 665 55 40 13;
1715 665 41 39 A
1793 664 145 41 16604;
2006 664 179 49 Sidney
2221 665 184 41 Adams

477 721 215 41 Weston.

402 828 304 65 Springer,
735 828 281 66 Brunold,
1050 831 173 53 1873-

472 909 111 53 Die
618 909 431 69 blutmischung
1085 910 83 53 als
1205 914 379 64 grundgesetz
1621 911 97 52 des
1756 908 206 70 lebens,
1998 926 112 36 von
2146 909 264 53 Brunold

405 985 296 70 Springer.
778 986 578 70 Berlin-Nikolassee,
1408 987 216 69 Verlag
1677 988 99 52 der
1829 987 197 53 Neuen
2077 986 333 70 generation

407 1066 172 66 [1929]

471 1146 1619 50 iv p., 1 l., 547, [1] p. 24½ ᶜᵐ. [His Kulturbiologie. 1. bd.)
473 1217 120 40 “Die
646 1216 314 49 mischlinge”
1026 1217 334 48 (biographies
1414 1218 51 39 of
1517 1217 320 49 outstanding
1887 1228 201 38 persons
2142 1218 52 40 of
2247 1217 162 40 mixed

401 1274 166 47 blood):
637 1285 43 37 p.
711 1274 219 41 285-541.

410 1340 1980 110 © Apr. 1, 1929; 1c. July 3; A—Foreign 3920; Verlag der Neuen generation. (29-29837)
405 1512 349 63 Stevenson,
783 1511 269 64 Kenyon,
1086 1517 170 50 1895-

474 1590 56 53 A
583 1590 224 71 history
862 1591 64 52 of
980 1591 98 53 the
1131 1591 262 54 William
1453 1590 227 55 Carroll
1739 1590 208 71 family
2004 1591 65 54 of
2121 1590 290 72 Allegany

406 1668 2006 71 County, N. Y., by Kenyon Stevenson … York, Penna., The
404 1747 164 53 York
596 1746 266 71 printing
890 1766 98 51 co.,
1020 1750 150 52 1929.

472 1827 1679 52 95, [5] p. incl. front. (coat of arms) illus. (map) ports. 23½ ᶜᵐ.
474 1900 94 41 “Of
609 1900 98 40 this
751 1900 123 39 book
917 1910 24 29 a
988 1899 191 40 limited
1221 1899 185 40 edition
1449 1900 51 39 of
1542 1900 85 39 350
1671 1899 160 48 copies
1874 1900 89 39 has
2007 1900 118 39 been
2168 1899 243 49 privately

402 1955 238 50 printed.”

414 2022 52 53 ©
502 2027 119 40 Nov.
658 2026 71 48 30,
765 2026 118 41 1929;
945 2026 69 41 2c.
1052 2028 95 39 and
1185 2026 84 40 aff.
1306 2026 113 41 Dec.
1456 2026 57 41 18;
1579 2026 41 39 A
1657 2026 145 40 16587;
1870 2026 59 40 K.
1971 2026 280 47 Stevenson,
480 2026 1913 102 Lancaster,

687 2084 82 39 Pa.
840 2082 283 49 (29-30539)

404 2190 348 64 Stevenson,
781 2190 224 54 Robert
1033 2190 199 65 Louis,
1264 2196 326 50 1850-1894.

537 2269 1874 70 … Treasure Island, by Robert Louis Stevenson, edited with
405 2348 2008 70 an introduction and notes by Franklin T. Baker … New
405 2426 1644 70 York, Chicago, Charles E. Merrill company [ ᶜ1 929]
473 2507 1875 49 328 p. front. (port.) plates, map. 17 ᶜᵐ. (Merrill’s English texts)
412 2560 52 53 ©
492 2565 120 40 Nov.
640 2564 70 49 30,
742 2564 114 41 1929;
916 2565 68 40 2c.
1016 2565 111 40 Dec.
1159 2565 53 46 2;
1246 2564 83 42 aff.
1360 2564 111 41 Dec.
1504 2565 82 47 14;
1620 2564 43 40 A
1692 2564 171 47 16681;
1898 2564 204 41 Charles
2133 2566 55 39 E.
2220 2564 189 40 Merrill

479 2632 67 30 co.
610 2616 68 55 [©
708 2621 347 46 introduction,
1086 2623 151 46 notes,
1269 2621 311 48 vocabulary,
1612 2620 202 48 studies,
1846 2621 154 48 topics
2033 2622 96 39 and
2160 2620 252 48 questions

478 2677 82 41 for
586 2677 192 50 review]
845 2677 284 50 (29-30554)

404 2785 305 64 Stocking,
737 2786 115 63 Jay
880 2785 280 65 Thomas,
1190 2787 172 54 1870-

404 2863 1987 148 The child-in the congregation [by] Jay T. Stocking … Boston,
550 2942 1093 70 Chicago, The Pilgrim press [ ᶜ1 929]
477 3022 276 49 114 p. 19 ½ᶜᵐ.
480 3080 129 40 “The
642 3079 261 41 substance
934 3079 53 40 of
1021 3078 82 41 the
1135 3078 228 41 material
1397 3079 49 39 in
1481 3078 99 41 this
1615 3079 192 39 volume
1842 3089 100 29 was
1978 3077 261 48 originally
2272 3078 142 49 given

407 3135 51 41 in
493 3136 139 40 three
667 3137 212 39 lectures
917 3146 60 29 on
1018 3135 115 40 ‘The
1170 3134 230 48 ministry
1438 3134 52 41 of
1527 3135 83 40 the
1649 3134 159 48 pulpit
1849 3137 47 38 to
1936 3136 151 46 youth
2129 3136 95 39 and
408 3134 1987 99 childhood’

586 3193 155 39 under
778 3192 83 40 the
899 3192 117 39 Earl
1054 3190 292 41 foundation
1390 3193 51 38 at
1481 3191 83 40 the
1604 3190 181 41 Pacific
1823 3191 162 40 school
2027 3191 52 40 of
2118 3190 205 49 religion
2365 3190 49 40 in

408 3248 265 49 February,
708 3246 159 44 1926.”

414 3302 52 53 ©
506 3307 112 40 Dec.
659 3307 41 47 3,
738 3305 118 41 1929;
922 3305 67 42 2c.
1029 3306 113 40 Dec.
1182 3305 59 40 16;
1309 3304 81 41 aff.
1432 3305 113 40 Dec.
1585 3305 56 39 14;
1712 3305 37 38 A
1792 3304 146 40 17390;
2008 3304 179 48 Sidney
2228 3305 182 39 Adams

480 3363 212 48 Weston,
722 3363 199 39 Boston.
989 3361 283 48 (29-30584)

406 3455 200 63 Stone,
637 3454 154 54 John
824 3453 265 63 Charles,
1123 3456 171 53 1867-

477 3533 122 54 The
630 3532 174 56 Stone
831 3533 343 55 arithmetic,
1201 3532 271 54 teachers’
1500 3533 251 58 manual,
1780 3533 204 67 grades
2012 3552 104 34 one
2143 3539 58 47 to
2230 3548 185 41 seven,

405 3609 1981 148 by John C. Stone … Chicago, New York [etc.] B. H. Sanborn & co., 1929.
476 3768 570 49 vii. 199 p. diagrs. 19½ᶜᵐ.
414 3835 52 53 ©
494 3840 113 40 Dec.
635 3840 69 47 17,
733 3839 117 41 1929;
904 3840 67 40 2c.
1001 3840 95 39 and
1124 3839 84 40 aff.
1236 3839 113 40 Dec.
1378 3839 82 46 19;
1492 3838 42 40 A
1561 3838 145 40 17437;
1763 3839 140 46 Benj.
1931 3839 61 39 H.
2026 3837 220 41 Sanborn
2275 3837 36 40 &
2341 3848 67 29 co.

484 3891 71 54 [©
581 3895 136 41 work
742 3895 52 41 of
820 3896 83 39 the
929 3895 202 40 seventh
1157 3905 132 39 year]
1356 3893 281 49 (29-30413)
