2561 4405
1160 4034 65 50 31

202 364 245 64 Ueland,
484 363 291 63 Andreas,
817 367 171 50 1853-

331 436 1876 70 … Recollections of an immigrant. New York, Minton,
201 519 180 52 Balch
412 520 46 50 &
486 535 299 51 company,
818 519 150 50 1929.

304 600 915 49 x, 262 p. front., pl., ports. 22½ ᶜᵐ .
203 668 51 52 ©
283 673 110 39 Jan.
419 672 39 46 2,
487 671 140 46 1929;
657 671 69 39 2c.
753 670 110 40 Jan.
891 671 53 45 7;
974 668 84 42 aff.
1085 669 111 40 Jan.
1223 669 83 47 11;
1336 668 42 39 A
1403 668 144 40 3658:
1579 668 202 47 Minton,
1811 668 120 39 Balch
1994 671 36 40 &
2057 678 68 29 co.

281 728 250 49 (29-1450)

198 822 72 54 U.
304 822 57 54 S.
436 822 184 67 Laws,
652 826 257 63 statutes,
941 826 101 48 etc.

269 898 218 54 United
536 897 188 55 States
773 897 170 55 Code.
1021 897 276 68 Compact
1345 897 83 53 ed.
1514 896 371 68 Comprising
1929 896 97 52 the
2070 897 139 52 laws

199 975 65 54 of
298 995 31 34 a
365 977 230 69 general
632 977 114 53 and
781 981 337 63 permanent
1153 981 205 47 nature
1394 994 60 34 as
1490 975 298 53 embodied
1824 974 61 53 in
1920 974 96 54 the
2054 973 156 55 Code

199 1055 65 53 of
289 1055 96 53 the
411 1056 138 52 laws
577 1054 64 53 of
665 1055 97 52 the
789 1055 219 54 United
1037 1053 190 56 States
1256 1054 114 52 and
1397 1053 391 69 supplements
1817 1071 59 35 as
1904 1053 305 67 corrected,

198 1133 276 53 amended
502 1133 113 52 and
642 1132 434 68 supplemented
1102 1138 59 46 to
1187 1131 310 53 December
1525 1134 48 65 3,
1602 1134 151 64 1928,
1778 1131 263 69 together
2067 1131 142 52 with

198 1211 178 53 tables
404 1211 113 52 and
545 1211 187 52 index.
811 1209 83 55 St.
923 1211 167 61 Paul,
1115 1209 205 68 Minn.,
1344 1210 162 53 West
1532 1209 338 69 publishing
1897 1227 309 51 company;

198 1289 342 61 Northport,
580 1289 68 52 N.
694 1289 91 61 Y.,
827 1287 255 53 Edward
1125 1288 333 62 Thompson
1498 1305 300 45 company,
1842 1293 151 47 1928.

338 1403 9 17 xx,
377 1372 116 40 2158
523 1383 44 37 p.
618 1372 156 41 27½ᶜᵐ.

201 1439 52 51 ©
287 1443 113 41 Dec.
431 1443 68 48 15,
533 1443 142 41 1928:
708 1443 69 39 2c.
811 1443 110 40 Jan.
955 1442 39 43 8,
1028 1442 142 47 1929;
1206 1441 83 41 aff.
1323 1443 111 39 Jan.
1467 1442 52 46 9;
1557 1443 41 37 A
1630 1441 143 42 2745:
1810 1443 135 39 West
1979 1442 109 48 pub.
2123 1452 81 36 co.,

269 1501 95 39 and
398 1501 212 39 Edward
641 1500 276 48 Thompson
949 1510 68 30 co.
1088 1498 251 50 (29-1242)

192 1595 72 53 U.
297 1594 58 54 S.
429 1594 279 67 Supreme
744 1600 177 47 court.

267 1672 122 53 The
427 1690 124 34 new
595 1671 220 53 federal
857 1672 194 69 equity
1095 1673 150 52 rules
1289 1673 404 68 promulgated
1733 1672 77 69 by
1851 1673 97 52 the
1990 1671 216 56 United

199 1748 189 56 States
422 1748 276 69 Supreme
731 1756 160 47 court
924 1756 58 47 at
1014 1750 96 53 the
1143 1749 247 56 October
1420 1756 163 62 term,
1619 1753 152 64 1912,
1805 1769 59 34 as
1896 1751 221 52 revised
2150 1756 60 47 to

197 1828 148 53 date,
377 1828 261 69 together
669 1829 140 52 with
842 1829 96 52 the
969 1834 238 63 cognate
1240 1833 249 48 statutory
1558 1829 324 68 provisions
1916 1830 114 52 and
2062 1848 31 33 a

197 1849 1989 124 reproduction,
590 1907 140 52 with
763 1907 384 67 annotations,
1178 1906 65 53 of
1274 1907 77 52 all
1383 1908 96 52 the
1512 1906 217 54 former
1762 1907 221 53 federal
2017 1908 192 68 equity

198 1985 166 61 rules,
401 1983 139 54 with
577 2004 74 33 an
686 1985 410 68 introduction,
1133 1985 366 54 annotations
1536 1987 114 52 and
1687 1985 182 54 forms
1904 1986 78 69 by
2014 1986 196 55 James

196 2062 2013 69 Love Hopkins … 6th ed., to which is added the revised rules
196 2140 65 53 of
303 2142 96 52 the
443 2141 220 54 United
709 2140 189 56 States
945 2140 277 69 Supreme
1266 2149 161 46 court
1473 2142 257 54 effective
1773 2143 145 70 July
1963 2147 48 64 1,
2057 2147 151 50 1928.

198 2218 348 69 Cincinnati,
575 2218 87 69 O.,
689 2220 122 53 The
837 2220 90 54 W.
955 2220 78 53 H.
1063 2220 304 53 Anderson
1394 2238 301 52 company,
1726 2224 150 50 1929.

266 2303 96 49 xvi,
393 2304 87 41 409
510 2314 44 39 p.
613 2304 148 42 23½ᶜᵐ.

199 2357 51 52 ©
278 2362 110 41 Jan.
414 2362 40 47 2,
483 2361 141 48 1929;
654 2363 69 40 2c.
751 2362 110 40 Jan.
889 2362 53 47 3;
973 2361 83 41 aff.
1086 2362 111 41 Jan.
1223 2363 55 39 4:
1309 2362 41 40 A
1377 2363 143 47 3527;
1551 2363 73 41 W.
1653 2363 62 41 H.
1743 2363 255 41 Anderson
2029 2374 67 29 co.

275 2418 252 48 (29-1241)

192 2513 272 64 Wallace,
502 2515 220 63 Edgar.

265 2593 120 52 The
415 2593 410 53 India-rubber
852 2612 144 34 men.
1063 2593 144 53 Nov.
1238 2595 84 67 24,
1354 2597 149 51 1928.

271 2674 83 48 (In
386 2672 263 44 Pearson’s
684 2673 190 51 weekly
908 2673 289 52 magazine)

197 2727 2008 55 © 1c. Jan. 22, 1929; A ad int. 12249; pubd. Nov. 24, 1928: E. Wallace,
265 2789 212 41 London.

191 2881 264 66 Waring,
488 2883 197 64 Roger
717 2883 65 55 L.

266 2961 218 58 Places,
510 2961 76 70 by
616 2962 193 69 Roger
837 2963 64 52 L.
932 2963 264 70 Waring,
1226 2964 61 52 in
1315 2963 97 54 the
1441 2963 182 68 heart,
1655 2964 59 53 in
1743 2963 124 70 life,
1898 2965 60 53 in
1986 2970 222 64 nature,

195 3038 60 53 in
281 3038 122 53 fun.
481 3041 139 52 New
646 3041 180 67 York,
850 3041 76 53 H.
1011 3042 137 67 Vinal,
1173 3043 123 67 ltd.,
1325 3046 150 50 1928.

263 3123 680 49 7 p. l., 3-101 p., 1 l. 21 ᶜᵐ .
263 3180 185 40 Poems.

194 3231 51 52 ©
278 3237 112 40 Dec.
421 3238 67 45 14,
520 3237 141 42 1928;
694 3238 69 41 2c.
793 3240 97 38 and
919 3239 84 41 aff.
1034 3239 111 40 Jan.
1175 3239 70 42 10.
1277 3239 142 48 1929;
1453 3240 41 39 A
1524 3241 142 40 2721:
1701 3241 191 40 Harold
2075 3274 8 14 Vinal,
2115 3243 89 40 ltd.

272 3293 251 48 (29-1468)

186 3387 284 64 Wegelin,
504 3388 203 65 Oscar,
745 3391 173 53 1876-

261 3464 181 68 Early
488 3465 308 54 American
843 3466 214 69 fiction,
1107 3469 340 67 1774-1830;
1497 3489 32 33 a
1576 3470 375 69 compilation
1997 3470 66 53 of
2107 3471 97 54 the

188 3542 155 53 titles
372 3542 65 53 of
465 3543 186 54 works
680 3543 65 53 of
771 3544 214 68 fiction,
1015 3546 76 69 by
1118 3547 224 54 writers
1371 3547 144 54 born
1542 3566 65 35 or
1636 3548 258 71 residing
1923 3549 60 53 in
2014 3550 188 53 North

186 3619 286 69 America,
508 3623 172 52 north
721 3622 64 54 of
822 3624 96 53 the
955 3624 268 54 Mexican
1260 3625 208 55 border
1507 3627 114 53 and
1662 3627 233 69 printed
1934 3628 268 69 previous

187 3704 58 47 to
280 3702 152 64 1831,
462 3700 35 53 by
570 3700 178 55 Oscar
778 3702 281 69 Wegelin.
1135 3705 73 52 3d
1238 3705 104 67 ed.,
1374 3723 109 35 cor.
1518 3707 115 52 and
1664 3707 108 52 enl.
1848 3708 139 52 New
2020 3707 181 69 York,

186 3778 65 51 P.
286 3776 208 68 Smith,
530 3782 149 49 1929.

254 3860 466 48 37 p., 1 l. 24½ᶜᵐ.
190 3912 51 52 ©
269 3917 111 41 Jan.
407 3919 39 43 5.
474 3919 142 41 1929;
643 3920 69 40 2c.
739 3923 96 38 and
861 3920 84 41 aff.
972 3922 110 39 Jan.
1108 3923 54 39 7:
1191 3922 40 38 A
1259 3922 143 47 3581;
1432 3923 53 41 O.
1513 3925 232 48 Wegelin,
1774 3926 118 40 New
1919 3927 146 40 York.

268 3972 252 52 (29-1440)
