2512 4377
1295 4028 101 50 448

357 379 198 65 Irwin,
587 379 256 55 William
877 380 224 62 Henry.

433 457 439 67 [Introduction,
895 457 75 67 by
991 457 145 54 Will
1159 457 182 52 Irwin
1364 457 60 52 in
1448 457 97 53 the
1566 457 149 52 book
1738 458 256 67 entitled]
2024 458 124 53 The
354 458 1978 131 Argonaut

543 534 359 69 manuscript
948 534 224 54 limited
1224 535 219 53 edition
1492 534 63 54 of
1605 535 199 53 Frank
1853 535 249 55 Norris’s
2153 536 203 55 works.

363 648 68 32 [v.
463 618 47 53 4.
544 614 121 51 The
696 614 160 51 third
889 613 182 52 circle.
1140 614 57 51 A
1227 614 128 52 deal
1386 614 61 51 in
1481 614 203 67 wheat,
1717 614 114 52 and
1863 614 164 53 other
2059 615 200 53 stories
2293 614 65 54 of

355 692 98 52 the
475 710 123 33 new
623 692 112 51 and
761 692 95 51 old
881 691 175 53 West.
1119 691 234 54 Garden
1380 690 153 69 City,
1558 691 69 53 N.
1657 692 91 67 Y.,
1773 690 358 71 Doubleday,
2158 693 201 52 Doran

355 772 45 49 &
428 787 298 50 company,
753 769 127 66 inc.,
910 771 152 64 1928]

425 851 571 48 ix p., 1 l., 332 p. 22½ ᶜᵐ.
426 908 253 39 Half-title;
738 907 119 40 each
886 908 192 39 volume
1106 906 90 41 has
1227 908 105 40 also
1361 907 183 48 special
1573 909 99 47 t.-p.

359 960 52 52 ©
441 965 117 39 Nov.
587 964 70 47 28,
690 964 140 46 1928;
861 964 68 41 2c.
960 965 95 38 and
1085 964 82 41 aff.
1198 964 110 41 Feb.
1339 965 68 47 15,
1439 963 140 48 1929;
1613 966 41 37 A
1682 965 143 46 4545;
1858 965 300 48 Doubleday,
2190 966 168 39 Doran

426 1021 36 40 &
490 1032 81 36 co.,
601 1020 92 41 inc.

356 1099 277 64 Jackson,
673 1099 199 52 Frank
912 1100 88 54 W.

423 1177 123 52 The
587 1176 222 69 history
852 1176 162 68 hour,
1057 1177 359 69 suggestions
1460 1177 96 54 for
1597 1177 269 70 teaching
1906 1177 219 55 United
2171 1178 189 54 States

353 1254 1694 69 history, by F. W. Jackson … Boston, Mass., 1928.
423 1336 508 49 4 p. l., 7-88 p. 20 ᶜᵐ.
424 1392 379 49 Bibliography;
833 1403 43 37 p.
905 1392 160 41 84-88.

357 1445 52 52 ©
440 1451 119 46 Aug.
590 1450 68 46 21,
692 1449 113 39 1928;
864 1451 69 38 2c.
964 1450 122 39 Mar.
1116 1449 71 48 30,
1218 1448 140 48 1929;
1393 1449 83 41 aff.
1508 1451 123 39 Mar.
1663 1450 82 47 29;
1779 1450 41 39 A
1851 1451 141 46 7180;
2029 1452 51 40 F.
2112 1452 72 40 W.
426 1452 1913 101 Jackson,

558 1506 238 46 Madison,
829 1506 56 39 N.
917 1506 61 40 H.
1048 1505 251 49 (29-8551)

354 1595 310 63 Jennings,
694 1594 226 53 Walter
949 1594 242 65 Wilson,
1226 1596 173 54 1887-

423 1671 56 52 A
510 1672 159 52 short
702 1671 222 69 history
958 1671 63 52 of
1054 1673 96 52 the
1183 1672 286 69 Disciples
1503 1672 64 53 of
1601 1672 215 70 Christ,
1849 1673 75 69 by
1956 1673 225 54 Walter
352 1674 1981 128 Wilson

480 1749 1707 71 Jennings. St. Louis, Mo., The Bethany press [ ᶜ1 929]
421 1831 273 48 236 p. 22½ ᶜᵐ.
423 1888 350 48 Bibliography
792 1900 8 27 :
833 1900 43 36 p.
908 1888 217 41 230-234.

355 1942 51 52 ©
435 1948 122 38 Mar.
587 1946 67 47 16,
685 1946 141 46 1929;
857 1947 67 38 2c.
954 1947 122 39 Mar.
1104 1946 84 46 30;
1219 1945 82 42 aff.
1333 1948 121 39 Mar.
1482 1946 83 48 29;
1598 1948 39 38 A
1667 1947 141 48 7166;
1842 1947 252 41 Christian
2122 1949 151 39 board
2304 1949 52 39 of

421 2003 313 47 publication,
772 2003 68 40 St.
876 2003 161 40 Louis.
1109 2002 253 50 (29-8402)

351 2084 198 63 Jones,
593 2084 245 54 Charles
879 2085 177 55 Reed.

420 2161 121 52 The
588 2160 163 69 King
797 2161 250 68 murder,
1094 2181 32 33 a
1174 2162 285 68 Leighton
1511 2162 177 55 Swift
1736 2163 278 53 detective
2060 2168 175 64 story,
2282 2163 77 69 by

350 2237 237 55 Charles
635 2238 156 53 Reed
836 2238 193 54 Jones.
1104 2239 139 53 New
1290 2240 179 67 York,
1517 2240 68 53 E.
1632 2242 66 52 P.
1745 2241 224 52 Dutton
2013 2242 47 51 &
2105 2258 98 50 co.,
2249 2241 107 52 inc.

429 2318 117 65 [ ᶜ1 929]
420 2399 274 48 265 p. 20 ᶜᵐ.
354 2451 51 51 ©
433 2456 114 46 Apr.
575 2457 38 46 1,
642 2456 140 45 1929;
811 2456 68 40 2c.
908 2456 113 47 Apr.
1049 2456 52 42 5;
1132 2456 82 40 aff.
1243 2456 112 48 Apr.
1382 2458 53 40 4;
1467 2457 39 38 A
1534 2457 141 46 7245;
1709 2459 53 40 E.
1790 2458 50 40 P.
1871 2458 187 40 Dutton
2088 2458 36 40 &
2152 2468 81 33 co.,
2262 2458 91 41 inc.

431 2511 252 50 (29-8545)

351 2593 198 63 Jones,
580 2592 211 53 Lester
819 2593 244 64 Martin,
1096 2598 170 50 1884-

425 2670 258 63 Quakers
719 2672 59 52 in
814 2673 216 60 action;
1069 2680 189 46 recent
1290 2674 431 52 humanitarian
1759 2675 113 53 and
1907 2675 217 52 reform
354 2676 1978 127 activities

488 2749 1867 72 of the American Quakers, by Lester M. Jones … with an
351 2828 1979 131 introduction by Rufus M. Jones … New York, The Macmillan
481 2926 297 51 company,
818 2910 148 51 1929.

419 2987 1089 50 xviii p., 2 l., 226 p. plates, diagrs. 19½ ᶜᵐ.
419 3044 352 48 Bibliography
789 3056 8 27 :
827 3055 44 37 p.
902 3044 219 41 221-226.

351 3098 51 51 ©
431 3103 121 39 Mar.
578 3102 58 39 26,
676 3101 113 40 1929;
845 3102 67 39 2c.
940 3103 95 39 and
1062 3102 82 40 aff.
1172 3104 120 38 Mar.
1320 3103 56 40 27;
1433 3103 41 39 A
1500 3104 118 40 7108;
1673 3105 283 40 Macmillan
1984 3116 66 30 co.
428 3158 251 47 (29-8629)

348 3236 206 64 Joslin,
588 3237 208 53 Elliott
827 3238 265 64 Proctor,
1127 3244 170 49 1869-

418 3316 57 51 A
502 3317 246 52 diabetic
775 3319 232 50 manual
1036 3318 94 53 for
1156 3319 96 52 the
1279 3321 220 50 mutual
1527 3339 96 33 use
1652 3321 64 52 of
1743 3322 198 53 doctor
1969 3322 112 52 and
2111 3323 239 67 patient,

340 3394 1983 145 by Elliott P. Joslin … 4th ed., thoroughly rev. Philadelphia,
530 3473 114 52 Lea
677 3475 46 49 &
756 3474 261 68 Febiger,
1053 3478 150 50 1929.

414 3552 1417 52 viii, 17-248 p. col. front., illus., tables, diagrs. 21 ᶜᵐ.
347 3604 51 51 ©
424 3609 122 40 Mar.
569 3610 70 45 25,
665 3609 115 40 1929;
832 3610 68 41 2c.
926 3613 95 39 and
1047 3610 83 40 aff.
1156 3612 122 39 Mar.
1303 3612 56 39 27;
1413 3612 40 38 A
1479 3612 113 40 7123;
1648 3613 96 40 Lea
1773 3614 36 40 &
1834 3614 216 49 Febiger.

424 3664 251 49 (29-8510)

345 3743 217 64 Keene,
599 3745 245 53 Charles
878 3747 277 64 Herbert,
1192 3749 171 55 1875-

417 3824 121 52 The
585 3825 259 68 physical
892 3824 235 55 welfare
1173 3827 64 52 of
1281 3828 95 53 the
1421 3828 189 53 school
1656 3830 183 66 child;
1891 3850 30 33 a
1967 3831 273 53 textbook
2283 3832 60 52 in

347 3901 191 53 school
663 3903 163 68 hgiene
871 3905 113 51 and
1028 3904 195 53 health
1271 3905 158 52 work
1473 3906 58 51 in
1577 3907 96 52 the
1719 3908 218 53 schools
1983 3908 94 54 for
2120 3910 223 52 normal
