2542 4389
1157 4051 138 52 2145

287 459 1319 53 614 p. incl. illus., charts, tables, diagrs. 25½ ᶜᵐ .
225 516 1599 53 © Aug. 21, 1929; 1c. Oct. 21; A—Foreign 4954; Verlag
1857 516 86 40 der
293 513 1917 105 literaturwerke
482 575 293 49 “Minerva”,
804 576 55 38 R.
888 576 117 38 Max
1032 574 220 49 Lippold.
1318 571 254 51 (30-2758)

217 656 233 63 Hanna,
481 653 352 54 Emmanuel
862 653 265 55 Elkouri.

351 729 1881 73 … The pearl of revelation; the real presence of Christ in the
218 813 136 69 holy
379 813 288 53 eucharist
697 812 151 52 from
879 812 95 52 the
1000 810 318 70 beginning
1345 811 64 54 of
1437 812 155 68 time,
1619 812 74 69 by
1719 810 141 54 Rev.
1888 808 345 54 Emmanuel

219 889 1842 70 Elkouri Hanna … New York, N. Y., The author [ᶜ192 9]
288 969 881 50 xii, 228 p. front., ports. 19½ ᶜᵐ .
287 1028 67 40 At
378 1027 126 40 head
531 1027 51 40 of
610 1026 108 41 title:
777 1027 54 39 A.
862 1027 63 41 M.
953 1027 58 39 D.
1042 1025 54 42 G.

225 1080 52 52 ©
306 1085 112 41 Dec.
447 1085 69 42 24,
545 1084 115 40 1929;
717 1085 69 39 2c.
814 1084 114 40 Dec.
956 1083 58 41 30:
1073 1083 82 40 aff.
1185 1083 114 41 Dec.
1328 1083 57 41 28;
1444 1083 41 39 A
1513 1082 144 41 17591;
1718 1084 54 39 E.
1802 1084 55 39 E.
1887 1082 195 46 Hanna,
2111 1082 120 40 New

291 1141 145 41 York.
505 1140 250 50 (30-1516)

218 1219 317 64 Hartman,
565 1222 138 53 Mrs.
734 1219 260 53 Blanche
1033 1219 328 64 (Taggart)
1402 1224 171 50 1863-

287 1297 123 53 The
455 1295 219 57 Smiths
717 1296 64 53 of
824 1296 301 70 Virginia;
1171 1315 31 34 a
1245 1296 225 70 history
1515 1297 113 52 and
1671 1297 314 68 genealogy
2029 1294 65 53 of
2135 1295 98 53 the

219 1373 221 57 Smiths
479 1374 66 54 of
583 1374 150 70 “Big
775 1373 219 69 Spring
1035 1374 382 70 plantation”,
1458 1373 312 54 Frederick
1811 1375 248 67 County,
216 1373 1992 149 Virginia,

424 1453 260 69 together
712 1452 140 53 with
883 1471 31 34 a
945 1451 286 55 chronicle
1259 1452 65 54 of
1350 1453 98 53 the
1475 1453 244 68 Drugan
1748 1453 114 53 and

1890 1452 98 53 the
216 1452 1990 132 Carnahan
359 1531 250 53 families
636 1530 65 54 of
726 1531 428 69 Pennsylvania
1182 1532 114 52 and

1325 1529 169 56 Ohio.
1559 1532 89 67 By
1676 1531 256 53 Blanche
1959 1532 65 51 T.
217 1531 1993 132 Hartman.

432 1609 363 69 Pittsburgh,
824 1609 120 66 Pa.,
973 1609 158 52 Priv.
1162 1608 196 68 print.,
1390 1610 149 51 1929.

289 1691 1467 51 5 p. l. , 99 p. front. (port.) 2 fold. geneal tab. 24 ᶜᵐ .
291 1750 169 47 “Fifty
484 1749 160 48 copies
671 1749 51 39 of
748 1749 100 40 this
876 1749 133 39 work
1036 1749 124 39 have
1188 1749 118 39 been
1332 1748 239 48 printed.”

289 1807 226 39 Includes
543 1806 103 40 also
677 1804 593 49 “Thompson-McCreary
1296 1805 369 41 descendants”.

224 1859 52 53 ©
308 1863 114 41 Dec.
453 1862 69 49 19,
553 1862 142 47 1929;
727 1862 68 41 2c.
828 1863 96 38 and
957 1861 82 40 aff.
1073 1862 113 40 Dec.
1217 1861 84 47 26;
1334 1861 44 40 A
1407 1861 173 49 17550;
1615 1862 54 41 B.
1701 1862 53 41 T.

1788 1863 261 47 Hartman,
294 1863 1918 104 Pittsburgh.
530 1918 252 49 (30-3075)

220 1985 260 64 Hodson,
514 1984 298 65 Geoffrey.

293 2060 309 56 American
628 2063 257 67 lectures,
911 2063 35 52 by
1014 2060 272 71 Geoffrey
1312 2061 259 54 Hodson.
1635 2063 304 69 Wheaton,
1967 2064 115 68 Ill.,
2110 2064 122 54 The

224 2140 847 69 Theosophical press [ᶜ192 9]
292 2222 343 49 78 p. 18½ ᶜᵐ .
294 2278 420 41 Advertisements:
779 2289 44 38 p.
857 2278 159 42 77-78.

226 2331 52 52 ©
309 2335 122 49 Aug.
461 2335 69 46 26,
562 2334 114 40 1929;
736 2336 68 39 2c.
835 2335 118 40 Nov.
985 2335 83 47 15;
1102 2334 82 40 aff.
1217 2335 118 40 Nov.
1368 2335 83 47 22;
1486 2336 41 39 A
1558 2334 171 49 16821;
1765 2336 146 39 Amer.

294 2336 1920 97 theosophical
395 2402 94 31 soc.
554 2390 252 50 (30-2476)

219 2457 316 64 Hoetzsch,
567 2456 162 65 Otto,
768 2459 171 53 1876-

288 2533 338 69 Germany’s
659 2533 273 54 domestic
966 2534 114 53 and
1115 2534 229 70 foreign
1378 2535 252 70 policies,
1661 2535 76 70 by
1772 2535 140 56 Otto
1945 2537 287 52 Hoetzsch

278 2612 1955 72 … New Haven, Pub. for the Institute of politics by the Yale
219 2690 319 69 university
596 2709 185 50 press;
842 2691 260 68 London,
1159 2691 78 52 H.
1295 2691 269 69 Milford,
1623 2691 232 57 Oxford
1912 2693 322 71 university

220 2788 172 49 press,
425 2772 149 50 1929.

220 2852 1991 105 4 p. l. , 116 p. 20½ᶜᵐ. (Half-title: The Institute of politics publications,
393 2910 243 40 Williams
667 2911 195 46 college,
893 2910 394 48 Williamstown,
1321 2911 173 48 Mass.)

225 2962 52 53 ©
310 2967 111 40 Dec.
454 2966 70 48 20,
555 2967 114 40 1929;
730 2967 68 40 2c.
832 2966 113 42 Dec.
977 2967 56 40 30;
1095 2967 84 41 aff.
1213 2967 113 41 Dec.
1358 2967 57 41 28;
1476 2969 43 39 A
1550 2968 143 42 17613;
1757 2970 119 40 Yale
1912 2970 131 41 univ.
2076 2980 152 38 press.

306 3022 252 51 (30-2504)

225 3088 204 65 Hoick,
458 3088 223 53 Harold
711 3090 74 53 H.
815 3089 67 55 G.

288 3165 137 53 Diet
471 3166 113 52 and
631 3165 308 69 efficiency;
990 3186 30 33 a
1070 3167 274 69 five-year
1392 3170 315 52 controlled
1755 3171 355 67 experiment
2159 3190 72 35 on

218 3262 151 48 man,
403 3243 75 69 by
511 3243 228 53 Harold
774 3244 77 52 H.
887 3243 68 56 G.
992 3245 208 53 Hoick.
1275 3245 273 71 Chicago,
1584 3247 112 67 Ill.,

1734 3248 122 53 The
1887 3247 346 71 University

218 3320 65 53 of
311 3320 253 70 Chicago
594 3339 158 50 press
805 3324 153 65 [1929]

291 3401 1944 56 ix, 72 p. double pl., tables (part double) diagrs. 23 ᶜᵐ . (Half-title:
220 3458 102 40 The
350 3458 283 48 University
661 3459 52 40 of
742 3459 211 49 Chicago
981 3462 326 47 monographs
1335 3461 49 40 in
1415 3462 261 48 medicine)

292 3514 350 49 Bibliography:
702 3527 42 36 p.
775 3516 157 40 71-72.

226 3567 52 53 ©
308 3571 101 41 Oct.
435 3572 70 48 29,
532 3572 116 41 1929;
701 3573 68 40 2c.
798 3575 94 38 and
920 3573 82 43 aff.
1031 3575 118 41 Nov.
1177 3575 29 41 S;
1259 3575 41 39 A
1327 3574 143 42 15627;
1529 3575 285 50 University
1842 3578 52 40 of
1922 3577 224 48 Chicago.

303 3626 251 50 (30-2489)

219 3692 318 65 Irmscher,
566 3693 184 56 Felix.

290 3771 111 52 Die
462 3771 529 69 strumpfindustrie
1053 3775 59 51 in
1177 3775 300 56 Chemnitz
1539 3778 114 52 und
1721 3777 79 54 im
1866 3778 364 56 Chemnitzer

219 3847 210 67 kreise;
467 3848 120 52 eine
621 3848 339 56 historische
1022 3851 159 53 studie
1217 3870 107 34 von
1362 3853 84 52 dr.
1485 3853 165 53 Felix
1685 3855 305 64 Irmscher,
216 3856 1990 120 Chemnitz.

429 3926 217 69 Berlin,
680 3926 435 70 Textil-praxis,
1186 3929 559 67 verlagsgesellschaft
1775 3953 73 34 m.
1883 3934 52 53 b.
1967 3935 73 51 h.,
2076 3936 149 51 1929.
