2533 4384
1134 4015 102 50 431

322 480 9 17 xx,
358 448 85 40 452
470 459 45 37 p.
568 447 166 49 front.,
762 449 173 47 plates,
962 450 165 45 ports.,
1156 446 174 41 double
1360 456 125 38 map,
1512 445 219 41 facsims.
1786 445 58 40 25
1847 447 44 22 cm
1896 477 10 9 .

250 520 142 47 Maps
422 529 59 30 on
512 517 366 49 lining-papers.

252 576 87 39 “In
368 575 100 40 this
496 575 124 40 book
649 575 23 39 I
701 575 124 39 have
855 573 128 41 tried
1014 577 49 37 to
1092 576 88 46 put
1209 572 223 49 together
1461 583 28 29 a
1518 573 199 47 journal
1748 572 52 41 of
1829 572 165 48 gossip
2024 572 159 41 which

182 631 173 41 should
380 631 177 40 mirror
587 631 81 41 the
694 630 135 40 mind
857 630 52 40 of
935 630 81 40 the
1045 629 204 49 English
1276 629 168 49 people
1474 630 95 39 and
1598 629 108 48 give
1735 640 29 30 a
1791 629 314 48 background
2135 632 48 38 to

184 685 1999 50 their literature during the years 1591 to 1594 … Each entry … is, with
179 755 28 29 a
232 755 117 37 very
372 743 98 41 few
493 743 294 48 exceptions,
814 743 149 40 taken
988 743 205 48 directly
1219 743 130 39 from
1375 752 28 30 a
1430 745 371 45 contemporary
1827 752 172 30 source
2025 741 159 41 which

179 801 42 41 is
248 802 230 40 recorded
506 800 50 41 in
586 801 83 40 the
693 800 446 41 Notes.”—Introd.

249 855 1931 50 “Abbreviations … used for authorities which are frequently cited”:
181 924 40 39 p.
249 914 219 42 374-375.

183 980 2001 52 © Mar. 23, 1929; 2c. and aff. Mar. 25; A 7052; Cosmopolitan book corp.
259 1040 252 50 (29-7946)

180 1151 218 63 Henze,
433 1151 265 53 Werner.

178 1226 1982 148 … Die entwickelung der halleschen effektenbörse, von diplomvolkswirt
686 1305 1500 70 Werner Henze … Halberstadt, H. Meyer,
179 1386 152 51 1928.

175 1463 1994 107 4 p. l., 71 p. 24ᶜᵐ. (Beiträge zur mitteldeutschen Wirtschaftsgeschichte und Wirtschaftskunde … 8)
248 1591 642 42 “Literaturverzeichnis”:
926 1604 44 37 p.
1001 1591 159 42 70-71.

183 1661 2002 52 © May 31, 1928; 1c. Oct. 11; A —Foreign 467; H. Meyer’s buchdruckerei.
259 1721 251 50 (29-8434)

181 1817 213 63 Heras,
430 1815 281 55 Antonio.

249 1894 1938 70 De la vida norteamericana; impresiones fr í volas, by Antonio
180 1972 2005 71 Heras … with introduction and vocabulary by William F.
181 2050 1907 70 Rice … New York, Chicago [etc.] C. Scribner’s sons [ ᶜ1 929 ]
243 2132 86 48 xii,
359 2132 89 41 206
476 2143 46 38 p.
580 2133 119 42 17ᶜᵐ.

183 2197 2001 53 © Feb. 4, 1929; 2c. Mar. 25; aff. Mar. 21; A 6169; Charles Scribner’s
249 2268 128 30 sons.
444 2257 252 50 (29-8046)

183 2351 135 66 Hill,
358 2352 218 56 Claude
614 2354 47 52 E

247 2431 1875 70 Keeping the faith; a book of sermons, by Claude E. Hill …
180 2508 84 56 St.
294 2510 193 67 Louis,
518 2510 119 52 The
668 2510 269 69 Bethany
967 2529 158 50 press
1161 2513 174 65 [1929]

242 2592 89 41 272
370 2604 44 37 p.
581 2625 10 9 20ᶜᵐ.

180 2657 2004 54 © Mar. 25, 1929; 2c. Mar. 30; aff. Mar. 29; A 7167; Christian board of
249 2718 315 49 publication,
600 2718 68 42 St.
701 2719 164 41 Louis.
937 2719 252 50 (29-8284)

180 2812 207 65 Hollis,
426 2813 411 64 Christopher.

244 2892 105 54 Dr.
386 2892 279 69 Johnson,
702 2894 76 68 by
818 2893 378 70 Christopher
1234 2894 211 54 Hollis.
1521 2895 140 53 New
1701 2896 182 70 York,
1920 2898 76 53 H.
2038 2898 149 53 Holt

175 2971 650 69 and company [ ᶜ1 929]
245 3051 1486 51 6 p. l., 3-266 p. front., plates, ports., facsim. 22½ᶜᵐ.
181 3118 2001 58 © Mar. 9, 1929; 2:c. Mar. 27; aff. Mar. 23; A 7098; C. Hollis, Stonyhurst
247 3180 193 48 college,
474 3190 73 30 nr.
581 3180 296 49 Blackburn,
912 3181 237 48 England.
1222 3181 253 50 (29^8021)

181 3274 160 64 Holt,
382 3275 225 63 Henry.

245 3351 122 53 The
396 3350 266 70 Mayfair
687 3353 252 70 murder,
968 3353 76 69 by
1072 3354 205 70 Henry
1307 3355 163 53 Holt.
1546 3356 140 53 New
1717 3357 182 68 York,
1930 3358 66 53 L.
2026 3359 155 53 Mac-

179 3428 216 70 Yeagh,
426 3430 121 52 The
577 3430 139 53 Dial
747 3448 176 51 press,
958 3434 151 51 1929.

246 3510 566 49 5 p. l., 307 p. 19½ᶜᵐ.
183 3577 1867 60 © Mar. 26, 1929; 2;c. Mar. 29; aff. Mar. 30; A 6248; Dial press, inc.
261 3637 252 49 (20-8262)

181 3731 185 64 Horn,
403 3732 155 53 John
597 3733 199 65 Louis,
836 3738 171 50 1883-

309 3811 1874 76 … Principles of elementary education, by John Louis Horn
238 3889 1598 76 … New York & London, The Century co. [ ᶜ1 929]
