2547 4384
1315 4052 135 43 1276

438 469 161 53 West
637 467 272 69 Virginia
948 486 124 33 case
1109 467 110 52 law
1256 484 78 49 up
1373 472 58 47 to
1470 467 112 52 and
1621 466 301 69 including
1959 466 111 52 vol.
2109 470 100 48 151
438 466 1919 149 Virginia

627 550 224 63 reports
879 545 113 52 and
1022 545 110 52 vol.
1166 547 99 50 105
1292 545 161 53 West
1480 545 274 68 Virginia
1782 550 240 62 reports.
2085 545 142 51 Also
440 544 1916 132 federal

590 642 152 34 cases
776 623 236 52 decided
1045 627 284 63 pursuant
1360 628 59 46 to
1452 622 97 52 the
1582 622 111 52 law
1723 621 65 53 of
1820 621 272 69 Virginia
2126 640 65 34 or
2223 622 161 53 West

438 701 274 69 Virginia
749 719 78 49 up
864 705 59 47 to
962 700 112 52 and
1113 700 302 68 including
1451 700 110 52 vol.
1600 702 68 48 22
1703 700 65 52 F.
1819 699 155 69 (2d).
2048 699 201 55 Under
2287 699 97 53 the

440 779 268 53 editorial
764 778 359 69 supervision
1178 777 65 53 of
1295 776 71 54 A.
1422 777 251 54 Hewson
1727 777 231 69 Michie,
2014 777 239 54 assisted
2309 777 74 70 by

441 858 208 52 Beirne
690 856 296 67 Stedman,
1027 857 71 52 A.
1142 857 69 52 R.
1255 856 222 52 Yellott
1519 856 112 52 and
1674 856 201 69 Harry
1917 855 339 68 Casparian,

440 856 1916 132 indexed
665 935 77 68 by
788 934 250 53 Thomas
1085 934 263 54 Johnson
1394 933 231 54 Michie.
1728 933 484 68 Charlottesville,
2318 953 67 49 Va.,

445 1015 122 52 The
599 1013 218 54 Michie
850 1031 301 50 company,
1188 1015 151 50 1929.

443 1094 575 50 3 p. l., 1015 p. 26 ᶜᵐ .
439 1165 135 40 First
602 1164 273 49 published,
905 1163 204 41 1905-07
1140 1165 155 38 under
1325 1164 135 40 title:
1493 1164 103 39 The
1627 1164 351 47 Encyclopedic
2008 1164 158 46 digest
2197 1164 51 39 of
367 1164 1998 106 Virginia
533 1222 97 39 and
660 1222 137 39 West
827 1220 221 49 Virginia
1083 1222 205 46 reports.

378 1286 52 53 ©
459 1292 120 47 Aug.
607 1291 39 48 9,
675 1290 116 41 1929
809 1302 9 35 ;
848 1291 68 40 2c.
945 1292 95 38 and
1070 1301 83 30 aff.
1180 1291 122 47 Aug.
1331 1291 55 37 12
1404 1300 9 36 ;
1445 1290 40 38 A
1514 1290 144 39 10732
1676 1300 9 37 ;
1718 1290 178 39 Michie
1926 1300 68 31 co.

456 1347 282 49 (29-17655)

372 1440 198 66 Milne,
601 1440 155 53 Alan
787 1439 357 65 Alexander,
1177 1444 172 51 1882-

438 1519 122 52 The
600 1517 380 68 Christopher
1019 1517 190 53 Robin
1248 1518 229 66 reader;
1519 1516 154 53 from
1711 1518 188 53 When
1938 1536 84 35 we
2059 1536 147 35 were
2244 1536 138 50 very

366 1614 211 51 young,
610 1596 145 52 Now
786 1614 83 35 we
900 1614 96 34 are
1028 1595 105 67 six,
1165 1595 568 68 Winnie-the-Pooh,
1766 1596 122 52 The
1921 1596 174 53 house
2129 1602 61 47 at
2220 1597 162 52 Pooh

369 1673 235 69 Corner,
627 1673 75 70 by
726 1674 73 52 A.
826 1674 71 53 A.
923 1674 200 67 Milne,
1148 1674 241 52 selected
1414 1674 114 52 and
1553 1673 341 54 introduced
1918 1673 76 70 by
2019 1674 97 53 the
2142 1674 208 53 author
2368 1693 11 49 ;

368 1752 141 53 with
548 1752 359 53 decorations
945 1751 75 69 by
1064 1752 210 52 Ernest
1314 1751 78 52 H.
1438 1750 281 69 Shepard.
1796 1751 141 52 New
1980 1751 181 68 York,
2204 1752 69 52 E.
2316 1754 66 51 P.

366 1829 787 68 Dutton & co., inc. [ ᶜ1 929 ]
438 1910 1162 50 2 p. l., vii-xiii p., 1 l., 171 p. illus. 19½ ᶜᵐ .
379 1960 51 58 ©
460 1971 121 47 Aug.
612 1970 39 47 5,
681 1969 116 40 1929
814 1979 9 36 ;
854 1969 69 40 2c.
952 1969 121 48 Aug.
1103 1969 29 40 8
1147 1979 8 36 ;
1189 1968 83 40 aff.
1300 1969 122 47 Aug.
1452 1968 56 39 14
1526 1979 8 36 ;
1567 1969 43 38 A
1638 1968 145 41 11678
1800 1979 9 37 ;
1843 1970 53 39 E.
1927 1970 51 40 P.
2010 1969 190 40 Dutton
2231 1969 37 40 &
2298 1980 83 38 co.,

445 2026 92 41 inc.
602 2025 282 50 (29-17532)

373 2122 122 52 The
546 2118 249 53 mineral
847 2120 295 66 industry;
1196 2119 75 53 its
1320 2118 293 69 statistics,
1663 2118 343 71 technology
2057 2121 112 53 and
2221 2120 164 53 trade

445 2194 1914 150 during 1928 … Ed. by G. A. Roush … v. 37, supplementing
588 2275 254 52 volumes
890 2278 27 48 1
962 2279 59 47 to
1066 2276 83 50 36.
1231 2274 139 52 New
1417 2273 181 68 York,
1642 2272 261 69 London,
1948 2273 434 56 McGraw-Hill

445 2352 149 54 book
622 2370 300 51 company,
954 2352 127 68 inc.,
1116 2354 150 50 1929.

443 2433 1092 50 xvi, 802 p. illus., tables, diagrs. 24 ᶜᵐ .
377 2487 52 53 ©
460 2492 129 48 Sept.
616 2492 39 48 7,
684 2491 117 39 1929
817 2501 9 35 ;
855 2491 67 39 2c.
952 2489 129 49 Sept.
1108 2489 57 41 10
1182 2501 8 35 ;
1222 2489 82 40 aff.
1335 2489 128 49 Sept.
1492 2491 55 38 11
1566 2501 8 36 ;
1604 2491 40 38 A
1672 2489 143 41 13233
1834 2501 8 35 ;
1875 2490 356 40 McGraw-Hill
2257 2491 124 39 book

445 2559 83 38 co.,
555 2548 93 41 inc.

372 2641 389 64 Miomandre,
792 2640 249 54 Francis
1069 2641 88 63 de,
1189 2645 174 49 1880-

435 2718 255 55 Written
713 2736 74 34 on
809 2723 176 47 water
1006 2717 202 66 <Ecrit
1230 2735 97 35 sur
1349 2718 69 52 de
1441 2717 146 54 l’eau>
1643 2718 76 69 by
1742 2719 240 53 Francis
2007 2719 68 52 de
367 2719 1992 145 Miomandre;

535 2796 318 53 translated
891 2796 75 69 by
1003 2795 264 54 William
1303 2795 72 53 A.
1413 2795 224 68 Drake;
1680 2797 291 53 woodcuts
2007 2797 76 69 by
2123 2795 262 55 Clement

370 2873 266 56 Serveau.
701 2874 140 52 New
873 2873 180 68 York,
1083 2872 358 69 Brentano’s,
1474 2876 150 50 1929.

441 2955 918 50 6 p. l., 3-302, [1] p. illus. 21½ ᶜᵐ .
379 3010 51 52 ©
460 3015 121 47 Aug.
608 3014 70 46 24,
708 3013 116 40 1929;
882 3014 68 40 2c.
980 3014 97 38 and
1107 3012 82 40 aff.
1218 3013 121 47 Aug.
1368 3013 56 39 27
1443 3023 8 36 ;
1483 3013 42 39 A
1554 3012 145 41 11897
1716 3024 8 36 ;
1757 3012 303 49 Brentano’s,
2092 3013 93 40 inc.

457 3069 282 49 (29-17529)

374 3163 364 63 Mississippi
777 3166 113 51 and
933 3163 288 55 Southern
1262 3168 258 63 reporter
1561 3164 203 69 digest,
1804 3164 270 70 covering
2112 3165 80 52 all
2232 3183 151 34 cases

446 3239 1873 70 reported in Mississippi reports and Southern reporter …
488 3317 1892 69 v . 12. Evidence-Executor de son tort. St. Paul, Minn.,
445 3394 879 69 West publishing co. [ ᶜ1 929]
481 3475 470 49 v, 605, 23 p. 26 ᶜᵐ .
380 3527 52 53 ©
463 3533 116 46 July
608 3532 69 47 15,
707 3531 116 40 1929
841 3543 8 35 ;
880 3532 69 39 2c.
978 3532 121 47 Aug.
1129 3531 27 41 6
1172 3542 9 36 ;
1213 3531 83 41 aff.
1326 3532 121 47 Aug.
1476 3531 58 41 30
1550 3542 9 36 ;
1591 3532 43 38 A
1661 3531 144 40 12113
1823 3542 9 36 ;
1863 3533 137 39 West
2030 3532 110 48 pub.
2170 3543 69 29 co.

377 3641 283 61 Mocatta,
692 3640 279 53 Frances.

446 3717 1935 69 Enchanted dust, by Frances Mocatta … New York, G. H.
376 3795 177 67 Watt,
583 3798 151 50 1929.

447 3875 365 49 250 p. 19½ ᶜᵐ .
381 3928 52 53 ©
464 3933 117 47 July
607 3932 69 48 22,
706 3932 116 40 1929
840 3943 8 36 ;
880 3933 68 40 2c.
977 3933 121 48 Aug.
1126 3933 57 39 24
1200 3943 9 37 ;
1241 3933 83 40 aff.
1352 3934 120 47 Aug.
1503 3932 57 39 22
1576 3944 8 35 ;
1617 3934 40 38 A
1688 3933 143 40 12071
1849 3944 8 35 ;
1894 3933 53 40 G.
1978 3934 218 39 Howard
2226 3934 150 39 Watt.

460 3988 282 50 (29-17789)
