2533 4342
1374 4036 132 48 1442

509 474 103 40 The
651 476 135 45 story
826 474 53 39 of
919 484 28 30 a
987 484 149 38 negro
1179 473 220 41 soldier’s
1440 473 311 49 experiences
1792 475 47 39 in
1885 475 201 46 France,
2129 475 100 39 told
2273 473 51 40 in
2367 474 77 40 his

438 541 108 29 own
574 531 159 40 words;
790 531 330 47 interspersed
1149 530 121 41 with
1297 540 148 38 negro
1474 531 207 41 ballads.

446 583 1995 53 © Aug. 29, 1929; 2c. Sept. 6; aff. Sept. 7; A 12231; H. W. Odum, Chapel
513 644 118 47 Hill,
661 645 57 39 N.
749 643 49 41 C.
864 644 283 49 (29-18933)

444 737 214 64 Olcott,
689 738 256 54 William
973 738 195 64 Tyler,
1199 741 171 52 1873-

515 818 167 52 Field
711 818 147 53 book
887 818 64 53 of
979 819 96 52 the
1105 818 175 65 skies;
1314 838 30 32 a
1377 819 389 67 presentation
1798 819 64 51 of
1892 819 94 51 the
2015 818 155 52 main
2203 818 149 53 facts
2383 819 63 51 of

444 896 234 52 modern
709 902 331 62 astronomy
1069 897 113 51 and
1213 915 32 33 a
1274 897 276 67 practical
1581 896 130 52 field
1741 896 147 53 book
1919 896 93 53 for
2040 897 96 52 the
2165 896 281 60 observer,

442 972 1942 71 by William Tyler Olcott … and Edmund W. Putnam …
444 1053 325 52 illustrated
814 1051 152 53 from
1012 1040 399 81 photograph!
1449 1053 112 52 and
1603 1053 141 52 with
1787 1071 171 49 many
2000 1051 291 70 diagrams
2334 1052 107 53 and

444 1132 206 52 charts.
718 1131 138 52 New
891 1131 163 52 York
1085 1132 113 51 and
1230 1130 258 65 London,
1517 1130 69 53 G.
1618 1132 66 51 P.
1716 1130 300 55 Putnam’s
2046 1148 146 49 sons,
2225 1133 151 49 1929.

578 1243 10 16 xv,
619 1211 84 40 534
734 1223 41 36 p.
806 1211 110 41 incl.
945 1211 145 48 illus.,
1120 1213 166 38 charts
1314 1211 136 48 (part
1482 1212 140 46 fold.)
1663 1212 180 45 diagrs.
1905 1211 162 48 front.,
2098 1213 170 47 plates.
2333 1212 53 41 18
2389 1214 43 21 crn
2438 1246 8 7 .

444 1268 265 48 [Putnam’s
739 1270 175 38 nature
943 1268 113 40 field
1087 1269 162 48 books]

512 1326 181 39 Folded
722 1327 167 38 charts
916 1326 264 39 numbered
1211 1335 54 30 as
1292 1336 89 29 one
1412 1336 133 37 page.

512 1383 69 40 “A
609 1383 129 39 brief
764 1382 369 48 bibliography”:
1190 1393 44 37 p.
1262 1383 217 39 511-516.

445 1435 51 52 ©
532 1440 127 47 Sept.
692 1440 38 46 6,
762 1439 115 39 1929;
936 1440 69 41 2c.
1036 1441 93 38 and
1164 1440 82 41 aff.
1279 1440 127 47 Sept.
1439 1441 53 46 7;
1527 1441 38 37 A
1598 1440 144 39 13062;
1808 1442 65 39 W.
1907 1441 53 40 T.
1994 1441 175 48 Olcott,
2201 1440 241 48 Norwich,

514 1496 146 40 Conn.
729 1495 282 49 (29-18707)

443 1592 204 63 Pease,
684 1591 277 54 Howard.

515 1670 299 69 Shanghai
840 1688 239 50 passage;
1135 1669 171 70 being
1332 1690 32 33 a
1389 1672 112 51 tale
1529 1671 63 53 of
1617 1676 252 64 mystery
1895 1672 113 52 and
2035 1672 314 52 adventure
2373 1688 74 35 on

442 1750 97 51 the
575 1749 142 68 high
751 1767 120 35 seas
907 1750 60 51 in
1004 1748 187 53 which
1229 1748 203 55 Stuart
1468 1747 251 70 Ormsby
1755 1750 48 52 is
1839 1748 355 68 shanghaied
2232 1749 214 53 aboard

443 1828 96 51 the
576 1833 191 62 tramp
803 1830 242 50 steamer
1083 1825 343 70 “Nanking”
1461 1827 193 53 bound
1692 1827 94 52 for
1821 1830 160 64 ports
2019 1847 73 33 on
2126 1827 95 54 the
2259 1827 189 54 China

443 1909 171 64 coast,
638 1907 76 67 by
740 1904 255 53 Howard
1028 1905 194 68 Pease,
1249 1905 326 52 illustrated
1599 1906 77 67 by
1702 1906 148 51 Paul
1879 1902 67 63 Q.
1976 1906 249 52 Forster.
444 1904 1979 133 Garden

582 1982 151 70 City,
762 1983 70 54 N.
860 1983 91 68 Y.,
978 1982 359 69 Doubleday,
1364 1982 200 53 Doran
1589 1984 46 49 &
1660 1999 299 52 company,
1986 1984 126 66 inc.,
2142 1986 150 50 1929.

509 2062 874 49 viii, 301 p. front., illus. 20½ ᶜᵐ .
444 2116 51 53 ©
532 2121 128 48 Sept.
691 2121 70 48 13,
792 2120 140 43 1929;
967 2121 69 39 2c.
1068 2121 96 39 and
1195 2120 82 40 aff.
1313 2120 129 48 Sept.
1475 2120 81 47 16;
1591 2121 42 38 A
1666 2120 143 40 13356;
1872 2121 299 48 Doubleday,
2206 2122 169 38 Doran
2408 2122 36 40 &

511 2189 82 36 co.,
622 2177 92 40 inc.
782 2176 282 49 (29-18702)

442 2271 266 64 Phillips,
739 2271 176 52 Ethel
943 2271 257 55 Calvert.

505 2349 121 52 The
655 2348 176 69 lively
862 2348 341 53 adventures
1234 2348 64 53 of
1326 2349 237 69 Johnny
1594 2348 154 70 Ping
1775 2349 197 69 Wing,

2000 2349 76 69 by
2107 2350 172 51 Ethel
434 2348 1985 131 Calvert
587 2426 271 67 Phillips,
887 2426 143 52 with
1059 2427 383 52 illustrations
1471 2427 75 68 by

1577 2427 148 53 Jack
1753 2427 260 53 Perkins.
2081 2429 217 51 Boston
2331 2428 113 53 and

434 2504 139 53 New
603 2504 179 67 York,
811 2504 320 69 Houghton
1160 2504 202 52 Mifflin
1395 2522 299 51 company,
1727 2508 150 49 1929.

507 2586 1018 48 5 p. l. , 153 p. col. front., illus. 21 ᶜᵐ .
443 2639 51 52 ©
527 2644 127 47 Sept.
683 2645 68 45 13,
781 2643 141 45 1929;
952 2645 69 39 2c.
1050 2646 94 37 and
1173 2644 83 41 aff.
1287 2644 128 48 Sept.
1444 2644 82 46 16;
1557 2644 41 39 A
1627 2644 172 47 12373;
1832 2646 51 38 E.
1916 2644 49 41 C.
1996 2643 221 49 Phillips,
2247 2644 194 47 Nutley.

510 2699 55 41 N.
598 2700 44 40 J.
712 2700 283 49 (29-18880)

440 2793 152 65 Pier,
620 2794 235 53 Arthur
884 2796 335 64 Stanwood,
1251 2797 171 53 1874-

507 2874 121 51 The
659 2872 159 69 rigor
850 2872 63 52 of
942 2874 96 51 the
1069 2891 180 51 game,
1279 2873 200 53 stories
1510 2872 65 53 of
1605 2874 277 53 Harvard
1916 2873 280 68 athletics,
2228 2874 75 69 by

436 2876 1984 127 Arthur
624 2950 310 55 Stanwood
981 2951 153 67 Pier,
1178 2952 143 51 with
1369 2951 383 53 illustrations
1798 2952 76 67 by
1923 2952 237 55 Charles
2209 2951 234 53 Lassell.

438 3030 218 52 Boston
689 3030 111 51 and
838 3031 138 51 New
1012 3030 179 66 York,
1224 3031 321 66 Houghton
1577 3029 207 53 Mifflin
1817 3047 298 51 company,
2152 3033 148 49 1929.

508 3111 1080 48 4 p. l. , 202, [1] p. front., plates. 19½ᶜᵐ.
444 3164 51 51 ©
526 3169 127 47 Sept.
681 3169 68 46 13,
777 3168 140 47 1929;
945 3169 70 40 2c.
1041 3170 95 38 and
1163 3168 83 42 aff.
1275 3169 128 47 Sept.
1431 3168 55 40 16;
1543 3168 40 39 A
1610 3168 172 41 12369;
1812 3168 54 40 A.
1898 3168 44 41 S.
1971 3168 125 48 Pier,
2125 3169 141 46 Hyde
2295 3167 143 41 Park,

513 3225 146 40 Mass.
728 3224 282 49 (29-18931)

439 3305 191 65 Place,
659 3305 211 63 Perley
900 3306 287 64 Oakland,
1220 3311 170 50 1872-

506 3382 1936 70 First year Latin enlarged, by Perley Oakland Place … with
434 3460 1500 70 the collaboration of Henry R. Gardner … and
434 3460 1983 146 M. Julia Bentley … New York, Boston [etc.] American
1963 3538 149 52 book
2160 3555 282 51 company

440 3619 192 63 [ ᶜ192 9]
508 3697 132 47 xxvi,
666 3697 87 40 484
778 3708 44 37 p.
848 3697 111 41 incl.
986 3699 86 40 col.
1099 3698 165 48 front.,
1292 3698 128 40 illus.
1450 3698 137 48 (part
1612 3697 112 48 col.)
1762 3699 87 39 col.
1875 3708 77 38 pl.,
1980 3707 138 38 maps
2155 3696 50 48 (1
2234 3696 199 48 double)

438 3753 116 41 19 ᶜᵐ .
512 3809 69 40 “A
604 3810 251 41 combined
878 3811 185 39 edition
1088 3811 52 40 of
1166 3810 147 41 ‘First
1336 3821 119 37 year
1479 3809 159 41 Latin’
1667 3811 95 39 and
1791 3809 364 41 ‘Intermediate
2181 3808 147 41 Latin
438 3810 1986 98 lessons’.”—Pref.

446 3920 51 52 ©
530 3926 128 46 Sept.
685 3925 39 46 9,
753 3925 117 39 1929;
924 3925 68 41 2c.
1024 3925 127 47 Sept.
1180 3925 82 40 12:
1293 3924 82 41 aff.
1406 3924 128 48 Sept.
1562 3924 83 47 13;
1677 3924 41 38 A
1745 3923 169 46 13345;
1947 3924 144 38 Amer.
2135 3923 124 39 book
2287 3933 68 30 co.

524 3980 280 50 (29-18877)
