2582 4377
1335 4020 69 50 20

351 375 219 66 Cassel,
602 376 249 64 Gustav,
885 379 171 50 1866-

420 455 285 52 Post-war
749 456 298 63 monetary
1091 450 407 67 stabilization,
1541 450 76 69 by
1662 448 222 56 Gustav

1931 450 209 55 Cassel.
2214 451 140 53 New

351 531 178 68 York,
565 530 298 55 Columbia
897 527 320 69 university
1249 545 176 50 press,
1457 530 152 50 1928.

421 615 25 40 3
482 626 43 37 p.
581 646 22 16 l.,
640 614 86 40 109
758 624 57 37 p.,
851 613 25 38 1
933 644 7 8 l.
1004 611 57 40 20
1064 614 44 20 ᶜᵐ
1114 643 8 8 .
1195 610 14 48 (
1219 610 256 47 Half-title
1483 622 14 28 :
1533 610 252 41 Columbia
1823 611 273 49 university
2127 614 225 39 lectures.

350 671 163 41 Julius
546 672 124 39 Beer
701 667 319 48 foundation)

352 736 1985 108 “These lectures are three of a series of six delivered … at the University
574 796 51 40 of
663 795 210 47 Chicago
911 795 96 38 and
1044 795 53 38 at
1134 792 254 41 Columbia
1427 792 287 48 university.
1775 793 101 40 The
1913 794 140 39 other
2092 795 138 38 three
352 794 1987 100 lectures
513 853 52 40 of
593 854 81 39 the
702 851 151 40 series

881 860 84 29 are
994 849 205 40 entitled
1228 849 113 40 ‘The
1368 849 354 40 international
1750 851 298 38 movements
2076 850 53 39 of
2156 850 197 47 capital’

352 905 2001 52 and appear in a volume on Foreign investments, published … 1928.”
702 978 294 40 CONTENTS.—Inflation
1031 978 97 39 and
1163 976 337 41 stabilization
1534 977 53 40 of
1620 977 455 40 currencies.—The
353 977 1985 102 stabilization

483 1038 51 40 of
561 1039 82 39 the
669 1038 142 38 value
838 1035 52 40 of
915 1034 290 48 gold.—The
1233 1044 107 29 new
1367 1034 111 47 gold
1506 1034 253 40 standard.

356 1106 51 52 ©
437 1109 113 40 Dec.
579 1109 39 47 7,
648 1106 115 41 1928;
821 1107 68 40 2c.
919 1106 114 40 Dec.
1063 1104 56 40 10;
1179 1103 82 42 aff.
1293 1104 113 41 Dec.
1436 1104 54 40 13;
1552 1104 41 39 A
1623 1103 117 41 3636;
1800 1103 251 41 Columbia
2085 1104 273 49 university

423 1176 150 38 press.
642 1162 252 50 (29-1580)

353 1275 209 64 Chase,
605 1273 272 54 Eleanor.

423 1353 315 67 Pennagan
766 1352 178 67 place,
968 1350 78 68 by
1074 1349 249 52 Eleanor
1352 1347 201 55 Chase.
1617 1349 139 52 New
1787 1348 181 68 York,
1996 1349 57 54 J.
2081 1349 78 52 H.
2192 1347 167 56 Sears

352 1433 46 50 &
425 1449 99 48 co.,
550 1429 107 53 inc.
695 1432 193 64 [ᶜ1928]

423 1513 25 40 3
481 1524 44 37 p.
557 1514 45 45 1.,
633 1511 87 41 336
752 1522 45 38 p.
855 1510 118 41 20ᶜᵐ.

426 1583 213 41 “Second
669 1580 232 50 printing,
935 1580 283 48 November,
1252 1579 157 42 1928.”

359 1651 51 52 ©
442 1654 103 41 Oct.
574 1654 69 48 10,
674 1652 115 41 1928;
847 1652 68 41 2c.
947 1652 111 40 Jan.
1087 1652 69 47 14,
1188 1650 115 40 1929;
1364 1650 83 41 aff.
1477 1650 112 40 Jan.
1619 1651 54 38 11;
1735 1650 41 39 A
1805 1650 114 40 3715;
1981 1650 44 41 J.
2055 1650 63 41 H.
2150 1650 145 41 Sears
2325 1650 38 40 &

425 1723 81 36 co.,
537 1711 92 40 inc.
698 1708 252 51 (29-1202)

354 1820 292 64 Dearden,
685 1818 242 54 Harold.

421 1898 292 55 Woman’s
747 1897 178 54 trunk
956 1897 188 53 crime.

435 1982 84 48 (In
551 1977 203 43 London
789 1976 202 52 Sunday
1025 1974 256 53 dispatch)

360 2048 51 52 ©
441 2053 68 39 1c.
538 2052 110 40 Jan.
677 2051 69 47 22,
775 2050 142 47 1929;
949 2050 41 39 A
1018 2051 63 39 ad
1109 2049 88 41 int.
1227 2048 171 48 12248;
1430 2050 144 47 pubd.
1603 2049 119 41 Nov.
1751 2048 71 49 25,
1853 2048 142 47 1928;
2028 2049 62 41 H.
2121 2049 240 48 Dearden,

427 2109 214 40 London.

355 2217 146 66 Dell,
536 2217 178 54 Ethel
748 2218 159 63 May.

427 2297 122 53 The
577 2299 149 51 altar
753 2296 65 54 of
843 2297 238 52 honour.
1169 2301 81 63 [pt.
1277 2299 50 63 2]
1361 2295 163 69 chap.
1554 2298 153 50 9-16.

437 2380 83 48 (In
553 2376 186 44 Strand
771 2375 279 53 magazine,
1085 2375 130 51 Dec.,
1250 2374 146 52 1928)

362 2446 51 52 ©
444 2450 67 40 1c.
541 2450 111 40 Jan.
682 2450 69 47 21,
783 2449 117 40 1929;
957 2450 42 38 A
1028 2450 62 39 ad
1120 2449 89 41 int.
1240 2449 145 39 12244;
1445 2449 144 48 pubd.
1619 2449 119 41 Nov.
1769 2448 69 48 24,
1871 2448 116 42 1928;
2047 2449 144 40 Ethel
2224 2449 140 48 Mary

432 2506 199 48 Savage,
664 2506 244 48 Ewhurst,
943 2505 195 50 Surrey,
1170 2506 238 48 England.

352 2600 335 63 Demarest,
724 2599 229 64 Phyllis
990 2600 254 55 Gordon.

430 2677 278 55 Children
735 2678 65 52 of
825 2678 368 69 Hollywood,
1218 2677 77 70 by
1322 2679 227 68 Phyllis
1579 2677 237 56 Gordon
1844 2678 318 53 Demarest.
2226 2678 141 54 New

360 2755 180 68 York,
570 2756 121 52 The
721 2756 306 69 Macaulay
1058 2774 281 51 company
1377 2790 13 33 [
1419 2759 134 49 ᶜ1929
1558 2789 13 35 ]

428 2837 88 41 319
549 2850 46 37 p.
651 2837 121 42 20ᶜᵐ.

364 2905 51 52 ©
445 2910 111 40 Jan.
583 2909 68 48 10,
681 2909 141 48 1929;
851 2910 69 40 2c.
948 2910 96 40 and
1073 2908 83 42 aff.
1184 2910 112 40 Jan.
1323 2909 82 48 12;
1435 2909 42 40 A
1504 2909 143 48 2782;
1679 2910 261 48 Macaulay
1969 2921 69 30 co.

442 2965 250 50 (29-1196)

359 3060 86 52 De
476 3060 236 65 Vecchi,
744 3061 195 64 Paolo,
976 3062 173 54 1847-

429 3137 57 53 A
512 3137 286 54 discourse
825 3156 72 34 on
924 3138 228 53 divorce
1179 3140 114 52 and
1320 3140 74 52 its
1422 3139 288 54 shameful
1738 3140 169 52 abuse;
1966 3158 32 34 a
2025 3139 259 70 disgrace
2310 3144 59 48 to

361 3216 353 52 civilization
746 3217 113 52 and
891 3235 32 33 a
955 3217 217 68 danger
1205 3223 56 47 to
1292 3218 97 52 the
1420 3218 263 68 stability
1714 3217 65 53 of
1810 3237 30 33 a
1873 3222 389 64 government,

362 3217 2007 147 by Paolo De Vecchi … New York, Priv. print., 1928.
464 3377 1321 50 v p., 2 l., 68 p. incl. front. (mounted port.) 23 ᶜᵐ .
365 3443 51 52 ©
445 3448 113 39 Dec.
587 3448 68 47 11,
684 3447 115 41 1928;
856 3448 68 39 2c.
954 3449 96 38 and
1079 3447 70 40 aff
1153 3481 8 8 .
1191 3448 111 41 Jan.
1331 3448 68 49 10,
1429 3449 115 40 1929;
1603 3450 41 39 A
1671 3449 116 40 2767;
1847 3450 52 41 P.
1929 3450 71 39 De
2031 3448 189 48 Vecchi,
2251 3449 116 40 New

435 3504 145 39 York.
648 3503 252 50 (29-1581)

363 3599 248 63 Dorsey,
645 3598 228 64 George
905 3599 205 64 Amos,
1145 3606 171 49 1868-

431 3677 179 53 Hows
649 3679 112 51 and
797 3679 159 68 whys
993 3679 63 53 of
1091 3681 215 51 human
1342 3680 291 67 behavior,
1668 3682 76 68 by
1780 3680 223 70 George
2039 3681 72 52 A.
2149 3682 222 67 Dorsey

425 3756 1701 71 … New York and London, Harper & brothers, 1929.
434 3835 69 40 vii
528 3846 56 38 p.,
611 3837 24 38 1
685 3867 22 14 l.,
735 3835 87 41 298
846 3847 57 37 p.,
930 3838 24 38 1
1003 3869 8 8 l.
1071 3838 147 40 21½ᶜᵐ.

369 3901 52 51 ©
459 3905 110 41 Jan.
605 3906 40 48 4,
684 3906 141 47 1929;
863 3907 69 39 2c.
969 3907 111 40 Jan.
1115 3908 54 45 4;
1209 3907 83 41 aff.
1329 3909 111 40 Jan.
1477 3909 53 47 7;
1569 3909 41 39 A
1646 3910 142 46 3577;
1829 3909 54 41 G.
1920 3909 56 42 A.
2013 3910 201 46 Dorsey,
2252 3909 118 41 New

436 3962 145 41 York.
651 3962 252 50 (29-1261)
