2542 4389
1053 4039 135 51 1925

92 388 199 66 Sabin,
321 386 207 56 Edwin
555 388 296 65 Legrand,
881 388 173 55 1870-

165 464 295 56 Klondike
505 466 309 68 pardners:
860 465 252 53 wherein
1158 483 94 34 are
1299 463 122 53 told
1468 462 96 54 the
1611 462 145 68 haps
1805 461 114 53 and
97 461 1978 151 mishaps
267 543 64 53 of
355 548 114 48 two

498 542 479 54 fortune-seekérs
1003 542 127 53 who
1157 542 60 52 in
1244 541 98 53 the
1368 539 292 54 Klondike
1689 538 294 68 stampede
2011 537 88 54 hit

98 621 93 53 the
218 620 138 54 trail
382 620 65 54 of
474 620 127 53 rain
630 620 113 53 and
769 620 157 67 mud,
953 638 156 35 snow
1136 619 115 53 and
1278 618 101 68 ice,
1407 616 346 69 mountains,
1782 615 174 60 lakes,
1987 615 113 54 and

99 698 197 68 rivers,
323 698 95 52 for
443 698 89 53 six
557 697 265 53 hundred
849 697 164 53 miles
1040 701 60 49 to
1126 696 129 54 that
1282 694 303 55 rainbow’s
1614 693 108 55 end
1750 694 62 53 in
1840 713 31 33 a
1902 692 198 54 frozen

98 775 136 53 land
267 775 65 53 of
363 774 170 70 “gold
565 774 48 54 is
645 775 187 53 where
862 793 111 51 you
1008 774 121 53 find
1161 772 82 54 it”
1274 773 53 53 if
1356 791 113 52 you
1504 771 156 55 don’t
1693 771 127 70 quit
1851 770 144 69 first,
2026 770 76 70 by

99 853 210 53 Edwin
331 852 66 53 L.
423 851 197 69 Sabin,
641 851 144 53 with
808 870 153 35 some
984 851 384 54 illustrations
1390 851 77 69 by
1491 850 144 69 Lyle
1658 849 204 56 Justis.
99 849 1978 149 Philadelphia

358 931 47 51 &
428 929 260 68 London,
715 930 56 54 J.
800 929 68 53 B.
895 928 342 69 Lippincott
1266 947 300 51 company,
1595 929 150 52 1929.

171 1010 87 42 286
287 1023 43 37 p.
362 1010 111 42 incl.
504 1009 143 50 illus.,
680 1010 158 49 plates
881 1009 139 50 (part
1051 1009 114 49 col.)
1233 1011 86 40 col.
1350 1010 153 41 front.
1562 1008 58 42 19½ᶜᵐ.
1773 1008 116 50 [The
102 1007 1987 102 American
219 1067 118 42 trail
363 1067 205 50 blazers]

173 1137 142 49 Maps
341 1147 61 30 on
429 1135 365 50 lining-papers.

105 1204 53 54 ©
190 1208 129 49 Sept.
346 1207 70 49 18,
445 1207 115 41 1929;
615 1207 69 41 2c.
712 1207 99 40 and
837 1206 83 41 aff.
949 1207 120 40 Nov.
1098 1206 55 39 22;
1213 1206 41 39 A
1282 1206 147 40 16100;
1487 1207 44 40 J.
1559 1207 56 40 B.
1643 1205 280 49 Lippincott
1952 1216 69 30 co.

182 1263 283 51 (29-28054)

96 1355 220 67 Seldes,
350 1356 228 56 Gilbert
608 1355 237 66 Vivian,
877 1361 173 51 1893-

233 1435 1875 72 … An hour with the movies and the talkies, by Gilbert
100 1513 1985 150 Seldes … Philadelphia and London, J. B. Lippincott company [ᶜ1929]
169 1673 88 41 156
282 1685 44 37 p.
385 1673 117 43 19ᶜᵐ.
572 1673 126 50 (The
725 1684 92 30 one
843 1674 126 40 hour
995 1673 178 49 series)

109 1740 53 53 ©
198 1745 130 48 Sept.
360 1744 69 48 18,
463 1744 117 41 1929;
640 1744 68 42 2c.
742 1746 97 40 and
875 1743 82 42 aff.
991 1744 119 42 Nov.
1144 1744 57 40 22;
1265 1745 42 39 A
1338 1744 146 41 14954;
1549 1744 188 41 Gilbert
1776 1743 179 48 Seldes,
1990 1745 120 39 New

175 1801 145 41 York.
391 1800 282 50 (29-27820)

102 1894 301 65 Shannon,
434 1894 223 54 Robert
687 1893 279 57 Thomas.

178 1972 389 54 Annotations
595 1991 73 34 on
697 1973 313 53 Tennessee
1040 1973 297 69 decisions,
1366 1974 141 53 with
1537 1973 155 54 table
1719 1972 67 54 of
1814 1991 152 36 cases
1997 1973 114 53 and

108 2050 268 53 citations
413 2051 113 53 and
564 2068 31 35 a
633 2051 279 68 complete
948 2050 189 70 digest
1174 2051 65 53 of
1274 2051 150 53 cited
1463 2052 313 52 Tennessee
1813 2050 299 67 decisions,

107 2125 2006 71 by Robert T. Shannon … 2d ed. v. 2. [Dab-Hyn] Chicago,
112 2203 322 71 Callaghan
464 2205 111 53 and
604 2223 301 52 company,
934 2208 152 51 1929.

178 2286 716 50 1 p. l., 1165-2353 p. 26ᶜᵐ.
112 2351 53 53 ©
197 2355 113 43 Dec.
344 2356 39 48 7,
419 2355 141 48 1929;
595 2356 68 42 2c.
698 2358 95 39 and
827 2356 83 42 aff.
945 2357 113 41 Dec.
1093 2357 81 47 11;
1212 2357 42 39 A
1287 2357 173 47 16368;
1497 2357 55 41 R.
1588 2357 52 41 T.
1678 2356 245 46 Shannon,
179 2356 1915 104 Nashville,
335 2412 150 42 Tenn.

103 2505 312 65 Sherman,
447 2506 277 55 Frederic
756 2506 319 57 Fairchild.

174 2585 158 54 John
365 2585 284 70 Ramage:
684 2604 31 35 a
749 2586 401 70 biographical
1185 2587 195 53 sketch
1417 2588 113 53 and
1566 2608 31 33 a
1632 2586 97 54 list
1763 2587 66 52 of
1859 2585 92 55 his
105 2605 1986 112 portrait
273 2663 354 70 miniatures,

655 2666 76 69 by
759 2665 272 54 Frederic
1060 2664 301 55 Fairchild
1394 2665 296 55 Sherman.
1765 2664 140 54 New
1935 2662 182 72 York,
105 2741 160 55 Priv.
293 2740 197 72 print.,
519 2745 150 54 1929.

175 2822 965 52 4 p. l., 25 p., 1 l. front., ports. 24 ᶜᵐ.
179 2880 134 40 Each
345 2880 132 48 plate
510 2880 342 49 accompanied
886 2881 63 48 by
980 2882 156 47 guard
1168 2882 138 41 sheet
1338 2882 120 41 with
1490 2881 295 49 descriptive
1815 2881 301 48 letterpress.

181 2936 131 42 “One
369 2937 222 40 hundred
648 2938 96 39 and
803 2937 135 48 sixty
991 2937 92 41 five
1140 2937 160 49 copies
1357 2938 245 48 privately
1656 2937 195 49 printed
1911 2937 206 41 October
359 3024 9 10 MCMXXIX.”

117 3045 53 53 ©
202 3050 102 42 Oct.
334 3050 69 49 14,
434 3049 115 41 1929;
607 3050 69 41 2c.
707 3049 104 43 Oct.
841 3050 59 41 15;
958 3050 83 41 aff.
1073 3050 103 41 Oct.
1208 3050 58 41 16;
1325 3051 42 39 A
1397 3050 145 40 14565;
1604 3049 228 41 Frederic
1864 3047 252 42 Fairchild

188 3106 251 49 Sherman,
466 3107 119 41 New
609 3106 146 41 York.
826 3106 284 51 (29-28028)

109 3197 124 55 Silk
262 3198 358 54 association
652 3200 66 53 of
743 3200 297 55 America.

180 3277 58 53 A
282 3297 119 33 raw
445 3278 113 54 silk
603 3279 420 64 classification,
1069 3280 139 53 with
1257 3279 262 55 methods
1566 3280 65 52 of
1676 3278 230 68 testing.
1980 3278 141 54 New

114 3355 180 67 York,
320 3356 69 53 N.
419 3356 91 69 Y.,
537 3358 123 53 The
689 3357 128 56 Silk
844 3358 340 54 association
1212 3359 65 53 of
1302 3357 286 69 America,
1616 3358 106 52 inc.
1757 3357 193 67 [ᶜ1929]

181 3436 662 50 44 p. illus., diagrs. 21 ᶜᵐ.
182 3493 162 40 Blank
369 3503 147 39 pages
541 3494 82 40 for
649 3494 375 41 “Memoranda”
1062 3495 170 45 (42-44
1257 3497 54 39 at
1336 3494 119 47 end)

185 3549 260 41 Foreword
480 3549 168 48 signed
666 3561 9 29 :
712 3551 216 48 Ramsay
962 3552 231 47 Peugnet,
1229 3553 263 45 secretary.

186 3606 130 40 “The
348 3617 103 29 raw
481 3606 94 40 silk
604 3607 348 41 classification
983 3608 365 40 recommended
1378 3606 62 48 by
1471 3607 83 40 the
1585 3606 136 41 Joint
1752 3607 277 41 committee
2058 3618 61 30 on

115 3661 129 41 form
282 3663 53 39 of
373 3673 104 29 raw
515 3662 94 40 silk
649 3663 362 41 classification,
1052 3663 263 48 appointed
1355 3663 61 47 by
1457 3664 83 39 the
1578 3663 128 47 joint
1744 3663 163 41 action
1947 3664 54 39 of
2037 3665 84 39 the

119 3718 103 42 Silk
254 3719 295 42 association
583 3719 53 40 of
666 3719 239 46 America,
938 3719 107 46 inc.,
1079 3720 97 39 and
1209 3719 83 41 the
1327 3717 233 43 National
1594 3730 103 29 raw
1731 3719 95 41 silk
1858 3720 261 48 exchange,

117 3773 105 49 inc.,
261 3785 102 31 was
401 3775 209 49 adopted
648 3776 62 47 by
751 3777 82 39 the
870 3776 164 40 Board
1072 3775 55 40 of
1165 3785 259 38 managers
1462 3775 55 41 of
1558 3776 80 40 the
1680 3775 104 42 Silk
1823 3775 297 41 association

118 3831 2001 49 of America, inc.. June 12, 1929 … The methods of testing … are a
120 3887 208 41 revision
360 3887 54 41 of
442 3887 189 41 similar
662 3889 221 39 methods
915 3887 253 49 published
1204 3886 50 41 in
1286 3888 83 40 the
1401 3888 172 40 second
1608 3890 164 46 report
1801 3889 56 41 of
1886 3889 83 39 the
1999 3889 121 39 Raw

119 3943 94 41 silk
256 3943 347 42 classification
646 3943 276 41 committee
965 3943 50 40 in
1058 3943 116 41 1927
1218 3944 110 46 and,
1373 3944 119 41 with
1538 3945 84 40 the
1664 3945 138 41 Joint
1845 3945 277 41 committee
