2582 4377
1323 4027 67 52 98

356 469 188 55 States
578 488 62 34 as
673 472 281 65 secretary
991 467 65 53 of
1090 467 98 52 the
1220 465 224 53 French
1480 464 270 70 legation,
1788 464 336 67 1779-1785;
354 469 1969 131 translated

559 547 113 52 and
723 545 190 53 edited
964 545 140 52 with
1157 562 73 33 an
1281 542 389 53 introduction
1718 541 75 69 by
1845 542 235 68 Eugene
2129 540 220 53 Parker

356 620 1356 68 Chase … New York, Duffield & co., 1929.
422 702 1221 53 ix, 225 p. front. (port.) illus., plates. 23 ᶜᵐ .
424 777 133 40 Each
582 779 112 45 part
721 776 234 47 preceded
983 775 62 46 by
1071 773 102 40 leaf
1201 773 121 40 with
1349 772 237 40 half-title
1615 775 84 37 not
1727 772 225 40 included
1980 771 52 40 in
2059 773 83 39 the
2169 771 179 49 paging

363 834 49 48 (3
441 832 187 48 leaves)

426 890 130 39 “The
588 888 198 47 journal
821 887 42 40 is
897 886 197 41 written
1128 889 49 37 to
1211 886 83 40 the
1328 884 231 49 Marquis’
1596 884 182 40 fiancée
1811 887 51 37 at
1898 884 139 40 home
353 882 1976 106 [Mademoiselle

499 947 58 39 de
587 946 196 46 Montry
812 941 653 51 d’Alleray]”—Publisher’s
1495 944 126 39 note.

427 1003 133 40 “List
585 1002 53 40 of
661 1000 177 42 books”
857 1011 11 30 :
897 1011 45 38 p.
967 999 159 42 34-36.

358 1069 52 52 ©
436 1074 111 39 Jan.
571 1072 69 47 26,
667 1071 142 47 1929;
836 1072 68 39 2c.
930 1071 109 40 Jan.
1065 1070 56 40 30
1139 1081 9 35 ;
1177 1069 82 41 aff.
1286 1071 109 38 Jan.
1421 1069 83 46 29;
1535 1069 39 38 A
1601 1068 140 46 4140;
1772 1068 207 40 Duffield
2006 1072 36 40 &
2068 1079 67 30 co.

435 1128 252 49 (29-3155)

349 1222 186 65 Behn,
579 1221 328 55 Elizabeth.

430 1299 95 53 An
553 1299 205 53 Easter
782 1298 254 69 holiday,
1061 1298 77 68 by
1163 1299 175 68 Betty
1366 1298 180 52 Behn.
1621 1297 139 53 New
1789 1295 179 69 York,
2000 1299 150 51 1928.

431 1378 1006 51 156 p., 1 l. incl. plates, facsim. 19 ᶜᵐ .
433 1450 146 41 “This
605 1450 123 40 book
755 1460 102 30 was
884 1449 243 49 privately
1154 1449 194 49 printed
1376 1448 81 41 for
1484 1449 120 40 Miss
1634 1448 255 41 Elizabeth
1916 1449 150 39 Behn.
2127 1449 101 41 The
362 1449 1969 98 edition

492 1507 43 40 is
561 1506 191 41 limited
782 1509 48 38 to
860 1516 88 30 one
978 1507 222 39 hundred
1230 1505 202 49 copies.”

359 1561 52 53 ©
439 1565 110 39 Jan.
577 1564 68 48 15,
675 1564 140 48 1929;
845 1564 69 40 2c.
942 1564 110 40 Jan.
1079 1564 83 46 21;
1193 1563 84 40 aff.
1305 1563 111 40 Jan.
1444 1563 82 46 22;
1557 1563 42 39 A
1624 1562 143 48 2958;
1799 1565 54 39 E.
1882 1563 149 49 Behn,
2062 1564 117 38 New
2208 1564 144 40 York.

435 1621 251 49 (29-2913)

352 1714 241 65 Bessey,
628 1714 193 53 Mabel
857 1714 215 64 Abbot,
1108 1717 83 51 ed.

423 1794 269 69 Literary
725 1794 301 69 by-paths;
1065 1814 31 33 a
1131 1794 296 54 collection
1462 1795 64 52 of
1559 1813 204 50 essays,
1797 1793 281 69 compiled
2115 1796 112 52 and
354 1796 1976 130 edited

495 1869 1859 74 by Mabel A. Bessey … and Monica D. Ryan … Chicago,
355 1949 1271 70 New York, Lyons and Carnahan [ ᶜ192 8 ]
424 2031 87 40 374
539 2043 44 37 p.
642 2031 143 46 illus.,
816 2033 172 46 plates.
1048 2032 145 39 19½ᶜᵐ.
1263 2031 256 48 (Lettered
1546 2042 62 30 on
1638 2042 163 31 cover:
1836 2033 249 40 Stratford
2116 2032 175 48 series)

359 2084 52 52 ©
439 2089 111 40 Jan.
576 2089 69 46 15,
673 2088 142 47 1929;
843 2089 68 40 2c.
939 2090 95 39 and
1062 2089 83 40 aff.
1173 2090 109 40 Jan.
1310 2089 83 46 28;
1423 2089 40 39 A
1491 2089 141 47 3988;
1664 2090 162 48 Lyons
1851 2091 37 39 &
1917 2089 274 41 Carnahan.

436 2144 251 48 (29-2937)

352 2238 235 65 Bowen,
625 2238 328 57 Elizabeth.

429 2317 1921 72 The last September, by Elizabeth Bowen … New York,
357 2395 64 53 L.
458 2395 354 70 MacVeagh,
846 2397 123 55 The
1000 2396 138 54 Dial
1174 2416 184 49 press;
1397 2399 271 67 Toronto,
1704 2399 346 68 Longmans,
2085 2399 186 55 Green
2307 2403 45 50 &

357 2492 297 50 company,
694 2477 150 51 1929.

433 2553 596 50 5 p. l., 3-315 p. 20 ᶜᵐ .
432 2610 214 41 “Second
675 2610 230 49 printing,
938 2612 236 48 January,
1206 2612 158 41 1929.”

359 2663 52 52 ©
437 2669 110 39 Jan.
573 2667 69 49 25,
670 2669 141 46 1929;
839 2669 68 40 2c.
935 2669 109 40 Feb.
1071 2670 54 46 2;
1155 2669 70 40 aff
1230 2701 9 9 .
1266 2671 109 40 Jan.
1403 2671 82 47 26;
1515 2671 41 39 A
1582 2670 142 48 4201;
1755 2673 114 39 Dial
1897 2684 149 38 press,
2076 2674 91 41 inc.

437 2723 251 49 (29-3188)

353 2817 129 64 Boy
512 2820 204 52 scouts
747 2818 64 53 of
844 2819 294 55 America.

427 2895 220 56 Official
682 2902 196 63 report
913 2897 64 54 of
1012 2898 97 54 the
1143 2898 137 54 fifth
1317 2901 275 53 National
1629 2903 260 70 training
1924 2904 333 55 conference
2292 2907 65 53 of

353 2982 158 47 scout
542 2976 315 55 executives
890 2977 64 54 of
984 2979 94 52 the
1111 2980 127 67 Boy
1269 2986 185 49 scouts
1485 2982 64 53 of
1579 2981 283 59 America,

357 2986 1976 135 under the auspices of the Department of education … New
1876 3060 163 53 York
2067 3062 134 68 city,
2230 3064 126 68 Boy

355 3130 811 70 scouts of America [ ᶜ192 8]
424 3212 898 52 2 p. l., 657, viii p. diagrs. 20 ᶜᵐ .
359 3264 53 53 ©
442 3269 111 41 Dec.
583 3270 70 47 20,
684 3270 113 41 1928
815 3281 9 36 ;
855 3271 67 40 2c.
953 3272 109 40 Jan.
1092 3272 69 48 28,
1192 3273 141 42 1929;
1366 3274 82 40 aff.
1479 3275 109 41 Jan.
1619 3276 81 40 19:
1733 3276 42 39 A
1803 3275 142 49 3972;
1978 3279 103 46 Boy
2111 3282 162 37 scouts
2304 3280 52 40 of

425 3324 239 43 America.
728 3326 251 50 (29-3036)

352 3417 432 66 Buckingham,
813 3420 291 55 Burdette
1133 3423 169 55 Ross.

356 3496 1997 132 … Workbook for grade 6 to accompany the Buckingham-Osburn
355 3576 1976 144 searchlight arithmetics, bk. 3, pt. 2, by B. R. Buckingham …
703 3655 1652 75 and W. J. Osburn … Boston, New York [etc.] Ginn
354 3730 114 52 and
499 3749 281 50 company
819 3735 170 64 [1928]

426 3812 283 48 cover-title,
738 3813 49 48 ii,
817 3813 86 41 110
929 3825 43 37 p.
1029 3815 143 49 illus.,
1202 3817 170 41 tables.
1428 3819 146 41 27½ᶜᵐ.

359 3863 52 52 ©
441 3868 119 41 Nov.
589 3868 40 48 9,
660 3869 142 47 1928;
833 3870 67 40 2c.
933 3871 109 41 Jan.
1074 3872 69 44 10,
1175 3873 141 43 1929;
1351 3874 83 42 aff.
1465 3876 109 40 Jan.
1607 3877 53 41 9:
1693 3877 41 39 A
1763 3877 143 47 2796;
1940 3879 54 39 B.
2027 3879 56 41 R.
425 3880 1911 93 Buckingham,

581 3925 203 40 Newton
815 3926 188 50 Center,
1034 3929 160 48 Mass.,
1224 3932 96 38 and
1349 3932 71 39 W.
1451 3932 45 41 J.
1526 3932 204 49 Osburn,
1763 3934 273 49 Columbus,
2069 3935 51 41 O.
