2533 4342
1317 4032 134 49 1526

429 458 1149 52 192 p. col. front., illus., col. plates. 22 ᶜᵐ .
363 514 51 52 ©
452 519 126 47 Sept.
611 518 69 46 24,
713 517 141 46 1929;
888 518 68 39 2c.
990 517 104 39 Oct.
1125 517 53 45 3;
1215 515 83 41 aff.
1332 515 102 41 Oct.
1466 516 54 45 2;
1555 515 41 39 A
1630 515 170 46 13861;
1838 515 221 39 Laidlaw
2090 515 141 42 bros.,
2266 514 90 40 inc.

441 573 280 50 (29-20590)

355 655 282 63 Graham,
670 653 245 64 Evelyn.

426 735 120 51 The
598 732 224 54 famous
871 732 166 53 trials
1086 733 63 51 of
1197 732 155 52 Lord
1403 731 267 67 Darling.
1748 730 275 55 Seddon’s
2073 730 146 69 fight
2270 730 94 54 for

356 811 292 52 life—and
681 811 130 69 why
843 813 46 51 it
920 809 198 52 failed.
1194 810 293 66 Prepared
1521 810 94 52 for
1645 809 355 67 publication
2031 811 76 68 by
2140 809 224 67 Evelyn

356 889 274 56 Graham,
658 889 182 51 under
869 889 94 51 the
996 888 263 67 personal
1291 887 357 67 supervision
1680 887 64 52 of
1772 888 155 52 Lord
1956 886 265 69 Darling.

464 971 59 38 (In
562 966 202 42 London
802 965 203 51 Sunday
1046 965 233 51 express)

366 1021 54 53 ©
451 1027 65 39 1c.
551 1024 102 41 Oct.
685 1025 70 48 30,
788 1025 142 46 1929;
964 1024 44 39 A
1039 1025 60 39 ad
1134 1025 86 39 int.
1253 1024 143 40 13147;
1460 1024 143 48 pubd.
1640 1024 129 48 Sept.
1804 1024 53 46 1;
1892 1025 53 39 E.
1980 1023 228 48 Graham,
432 1024 1913 100 London.

367 1160 317 65 Granville,
713 1160 256 53 William
999 1160 306 63 Anthony,
1338 1165 172 50 1863-

433 1238 290 52 Elements
757 1237 65 53 of
856 1238 96 52 the
985 1237 351 53 differential
1373 1238 112 52 and
1524 1238 248 68 integral
1810 1239 266 65 calculus,
2112 1239 75 67 by
361 1238 1978 130 William

539 1314 1764 70 Anthony Granville … revised by Percey F. Smith …
361 1393 2000 70 and William Raymond Longley … Boston, New York [etc.]
362 1470 835 69 Ginn and company [ ᶜ19 29]
364 1551 1987 106 xi, 516 p. front. (port.) diagrs. 24 ᶜᵐ . [Mathematical texts for colleges,
535 1611 72 39 ed.
637 1610 60 47 by
724 1610 50 40 P.
803 1610 53 40 F.
888 1608 175 50 Smith]

372 1663 52 52 ©
456 1668 128 47 Sept.
614 1668 68 46 18,
712 1667 116 40 1929;
882 1667 68 40 2c.
983 1667 129 48 Sept.
1141 1666 57 40 28;
1257 1666 81 40 aff.
1373 1666 127 47 Sept.
1528 1666 57 39 24;
1644 1666 42 38 A
1716 1666 146 39 13849;
1917 1667 73 40 W.
2018 1666 56 41 A.
2106 1664 265 44 Granville,

427 1724 222 47 Chicago,
675 1724 180 47 Percey
880 1723 52 40 F.
959 1723 159 40 Smith
1143 1725 95 38 and
1264 1722 215 41 William
1508 1722 254 48 Raymond
1788 1722 225 48 Longley,
2040 1722 119 39 New
2184 1722 188 39 Haven.

448 1780 282 48 (29-20570)

371 1860 219 64 Hayes,
618 1860 294 52 Doremus
938 1859 198 64 Almy,
1165 1864 170 50 1863-

436 1937 120 52 The
590 1937 227 68 heights
850 1936 65 53 of
948 1936 298 54 Christian
1280 1936 212 68 living;
1531 1956 30 33 a
1595 1937 173 67 study
1801 1936 63 52 of
1898 1937 95 52 the
2030 1936 233 55 Sermon
2302 1954 71 33 on

367 2014 2007 68 the Mount, by Doremus A. Hayes … New York, Cincinnati
372 2092 1053 69 [etc.] The Abingdon press [ ᶜ19 29 ]
436 2175 86 40 312
552 2186 43 37 p.
655 2175 145 40 19½ᶜᵐ.

440 2233 67 38 “A
539 2232 127 39 brief
695 2231 367 48 bibliography”:
1124 2242 42 37 p.
1197 2230 217 41 309-312.

375 2283 51 52 ©
454 2289 120 47 Aug.
601 2288 70 48 26,
699 2288 140 46 1929;
869 2288 67 41 2c.
965 2289 96 38 and
1089 2288 81 40 aff.
1201 2287 129 48 Sept.
1359 2288 83 46 27;
1470 2288 40 38 A
1539 2288 171 46 13703;
1791 2321 7 7 D.
1829 2289 52 40 A.
1911 2289 179 47 Hayes,
2120 2289 251 46 Wanston,

444 2347 73 38 Ill.
588 2344 280 49 (29-20531)

373 2426 276 63 Higgins,
677 2428 138 53 Mrs.
847 2425 195 53 Violet
1070 2426 219 54 Moore.

445 2504 122 51 The
604 2504 115 52 real
758 2508 159 63 story
953 2503 65 52 of
1055 2522 31 33 a
1126 2503 117 53 real
1281 2503 136 66 doll,
1455 2504 122 51 told
1617 2504 112 52 and
1769 2504 263 67 pictured
2070 2503 75 69 by
2182 2502 191 55 Violet

376 2579 1976 70 Moore Higgins. New York, R. M. McBride & company [ c 1929]
481 2661 1208 49 x . 116 p. col. front., illus., col. plates. 22 ᶜᵐ .
445 2720 116 46 Map
591 2729 61 29 on
687 2718 363 48 lining-papers.

380 2770 51 52 ©
459 2776 120 46 Aug.
605 2774 70 47 30,
703 2774 140 42 1929;
872 2774 67 40 2c.
968 2776 95 37 and
1090 2774 82 41 aff.
1203 2774 101 41 Oct.
1333 2775 25 39 7;
1418 2774 37 39 A
1485 2774 141 39 13962;
1687 2775 179 39 Robert
1898 2775 60 39 M.
1991 2774 229 40 McBride
2245 2775 36 39 &
2307 2785 69 29 co.

453 2830 281 49 (29-20423)

377 2911 286 63 Hispanic
691 2912 227 63 society
945 2911 65 52 of
1040 2911 296 55 America.

450 2988 315 69 Catalogue
799 2988 64 53 of
897 2989 298 68 paintings
1241 2988 180 68 (16th,
1459 2988 149 66 17th,
1644 2990 114 52 and
1796 2990 131 53 18th
1963 2989 307 69 centuries)
2318 2990 58 53 in

378 3066 96 52 the
500 3067 296 51 collection
823 3065 64 53 of
913 3067 97 51 the
1036 3066 284 67 Hispanic
1348 3066 212 69 society
1587 3065 67 53 of
1679 3067 285 67 America,
1992 3066 283 69 compiled
2304 3066 72 69 by

381 3142 1997 70 Elizabeth Du Gué Trapier … New York, Printed by order
379 3219 64 53 of
473 3220 95 53 the
598 3225 257 63 trustees,
889 3223 150 50 1929.

449 3302 1931 49 xxxvi, 280 p. illus., plates, ports. 19 ᶜᵐ . (Half-title: Hispanic notes &
380 3359 324 47 monographs;
766 3369 182 37 essays,
982 3358 201 46 studies,
1219 3359 95 39 and
1349 3358 129 40 brief
1512 3357 310 49 biographies
1857 3359 162 39 issued
2055 3359 60 47 by
2152 3359 81 39 the
382 3357 1979 104 Hispanic

553 3414 183 48 society
767 3414 51 40 of
848 3414 239 41 America.
1149 3414 266 48 Catalogue
1447 3414 194 50 series])

452 3469 349 42 “References”:
868 3481 43 37 p.
947 3470 305 40 xxix-xxxvi;
1319 3471 220 47 “Special
1575 3469 275 42 references
1886 3473 49 38 to
1973 3469 269 41 individual
382 3472 1980 94 artists”

532 3529 51 37 at
613 3527 90 39 end
737 3526 52 41 of
819 3527 118 39 each
970 3527 218 47 chapter.

386 3577 51 52 ©
464 3583 119 47 Aug.
611 3582 69 47 22,
708 3583 140 45 1929;
878 3583 67 40 2c.
974 3584 95 38 and
1099 3582 82 41 aff.
1212 3583 128 47 Sept.
1369 3583 81 42 11;
1481 3584 40 38 A
1548 3583 172 47 13759;
1751 3582 239 48 Hispanic
2017 3593 92 29 soc.
2138 3583 51 39 of
454 3582 1910 103 America,

573 3639 118 39 New
719 3639 144 39 York.
933 3638 281 49 (29-20413)

383 3716 222 64 Irving,
638 3717 418 65 Washington,
1093 3720 324 54 1783-1859.

456 3796 1926 70 The sketch book [ by] Washington Irving; revised by H. Y.
385 3873 248 64 Moffett,
683 3874 324 54 illustrated
1058 3876 76 68 by
1185 3875 223 54 Curtiss
1460 3874 277 69 Sprague.
1836 3875 130 52 [New
2027 3873 179 67 York]
2262 3875 123 52 The

385 3951 871 70 Macmillan company [ ᶜ19 29 ]
