2512 4377
1335 4069 103 49 210

409 412 287 65 Granger,
727 415 191 62 Mary.

471 490 1933 66 Wife to Pilate [ by] Mary Granger. New York, Payson &
403 568 207 56 Clarke
644 569 122 68 ltd.,
802 572 150 51 1929.

470 653 706 47 4 p. l., 275 p., 1 1. 19½ cm .
471 710 115 46 Map
617 720 59 29 on
708 709 364 48 lining-papers.

407 760 52 52 ©
487 765 111 41 Feb.
624 765 70 47 23,
722 765 115 40 1929;
892 766 66 40 2c.
987 770 96 38 and
1111 766 83 41 aff.
1222 767 110 39 Feb.
1359 767 84 42 27;
1473 767 41 38 A
1541 766 143 48 4630;
1715 768 191 47 Payson
1936 769 36 39 &
2001 768 175 41 Clarke
2205 770 86 40 ltd.

483 820 250 49 (29-5415)

409 917 198 67 [Gray,
646 916 203 53 James
889 917 240 68 Orman]

471 994 122 53 The
651 994 326 54 California
1034 996 315 68 song-bird.
1449 997 373 67 [Vancouver,
1881 999 64 51 B.
2009 997 81 69 C.,
2149 998 253 69 Canada,

402 1071 1118 70 Clarke & Stuart co., limited] ᶜ1 928.
469 1155 56 40 17
558 1166 43 37 p.
662 1154 118 42 21ᶜᵐ.

403 1206 53 53 ©
546 1244 9 9 1c.
587 1212 123 39 Mar.
742 1212 68 47 13,
843 1212 141 47 1928;
1018 1212 41 39 A
1091 1214 61 39 ad
1185 1213 87 40 int.
1305 1213 171 47 10730;
1511 1214 143 48 pubd.
1686 1215 123 40 Mar.
1886 1225 9 37 6;
1931 1215 43 40 J.
2010 1214 52 41 O.
2097 1215 145 48 Gray,
470 1216 1911 100 Vancouver,
687 1269 55 39 B.
771 1268 64 48 C.,
863 1268 216 42 Canada.

469 1363 121 52 The
626 1363 221 68 dragon
884 1363 211 67 prince.
1176 1365 373 66 [Vancouver,
1588 1366 66 50 B.
1695 1363 82 69 C.,
1816 1365 254 68 Canada,
2110 1364 208 56 Clarke
2355 1368 47 50 &

400 1440 685 69 Stuart co., ltd., ᶜ1 928]
467 1523 56 40 16
553 1524 161 40 numb.
745 1525 30 39 1.
834 1524 148 42 21½ᶜᵐ.

401 1575 52 52 ©
545 1612 9 9 1c.
585 1581 123 39 Mar.
740 1581 68 47 14,
840 1580 142 47 1928;
1017 1581 42 39 A
1089 1582 61 39 ad
1183 1580 87 41 int.
1302 1580 170 48 10736;
1509 1582 143 47 pubd.
1685 1583 123 40 Mar.
1842 1582 52 47 S;
1931 1582 45 40 J.
2010 1582 52 41 O.
2097 1582 144 47 Gray,
467 1583 1914 102 Vancouver,
688 1638 54 39 B.
772 1636 64 49 C.,
868 1637 216 42 Canada.

398 1731 226 66 Hardy,
654 1731 277 66 Thomas,
967 1738 327 51 1840-1928.

463 1813 120 53 The
618 1818 196 48 return
851 1813 64 53 of
946 1814 97 52 the
1075 1811 211 69 native,
1320 1813 35 52 by
1429 1814 250 54 Thomas
1712 1815 213 68 Hardy,
1974 1813 141 55 with
393 1816 1983 129 illustrations

583 1890 1816 71 from woodcuts by Clare Leighton … New York and
391 1970 258 67 London,
678 1970 233 68 Harper
941 1972 45 50 &
1014 1970 278 69 brothers,
1323 1973 150 51 1929.

495 2051 1904 49 x p., 3 l., 3-484, [2] p. mounted front., illus., mounted plates. 25 cm .
464 2109 1935 48 “This edition … autographed by the illustrator, is limited to fifteen
394 2169 218 39 hundred
654 2167 173 48 copies,
870 2167 52 41 of
962 2167 159 41 which
1161 2167 91 41 five
1294 2168 222 40 hundred
1558 2168 160 48 copies
1761 2179 85 29 are
1889 2169 226 39 reserved
2157 2168 80 40 for
390 2169 1992 99 England.”

396 2281 52 52 ©
479 2285 112 40 Feb.
621 2285 68 47 15,
721 2284 113 40 1929;
892 2285 68 39 2c.
992 2284 112 41 Feb.
1134 2284 82 46 12;
1249 2283 82 42 aff.
1363 2284 112 41 Feb.
1505 2284 82 46 18;
1620 2284 43 40 A
1691 2284 141 48 5376;
1866 2285 194 48 Harper
2092 2289 35 40 &
2157 2285 126 40 bros.

467 2337 67 55 [©
564 2341 330 41 illustrations
920 2341 130 39 from
1078 2342 262 48 woodcuts]
1409 2341 251 48 (29-4978)

393 2437 251 63 Harper,
680 2436 394 63 Wilhelmina,
1109 2455 180 50 comp.

459 2513 160 53 More
658 2513 335 69 story-hour
1028 2512 294 68 favorites,
1359 2514 240 52 selected
1638 2513 76 69 by
1749 2513 376 55 Wilhelmina
2162 2514 235 68 Harper

451 2590 1551 69 … New York & London, The Century co. [ ᶜ1 929]
457 2673 85 49 xii,
577 2673 86 41 295
698 2685 44 37 p.
802 2673 147 41 19½ᶜᵐ.
1065 2671 132 50 $2.00

393 2726 52 52 ©
474 2731 111 41 Feb.
611 2731 69 48 15,
707 2729 142 49 1929;
877 2731 67 40 2c.
974 2732 94 38 and
1096 2729 82 41 aff.
1207 2730 113 41 Feb.
1346 2730 82 46 18;
1459 2731 40 38 A
1527 2730 141 47 5362;
1700 2731 215 48 Century
1943 2742 67 30 co.

470 2785 251 51 (29-4998)

387 2880 1981 147 Treasure trails. [v. 6] Heights and highways, by Wilhelmina Harper … and
1144 2960 217 52 Aymer
1408 2960 117 68 Jay
1571 2960 323 67 Hamilton,
1942 2960 327 53 illustrated
2316 2960 76 69 by

388 3038 180 53 Maud
595 3039 113 52 and
732 3039 191 52 Miska
948 3038 350 53 Petersham.
1361 3038 139 52 New
1528 3037 180 68 York,
1734 3038 121 53 The
1881 3038 337 52 Macmillan
388 3056 1979 128 company,
594 3119 148 50 1929.

458 3198 65 48 xi,
557 3199 71 50 [1],
656 3198 87 41 382
769 3210 43 37 p.
870 3199 87 41 col.
985 3199 130 40 illus.
1281 3230 8 8 19ᶜᵐ.

391 3251 52 52 ©
474 3255 111 40 Feb.
614 3256 68 47 13,
711 3255 141 47 1929;
882 3256 68 40 2c.
980 3257 95 38 and
1105 3253 83 43 aff.
1218 3255 111 40 Feb.
1359 3255 82 46 14;
1473 3255 41 38 A
1541 3255 116 40 4435;
1717 3254 282 41 Macmillan
2028 3266 67 29 co.

389 3336 405 63 Hauptmann,
831 3335 258 54 Gerhart
1123 3336 235 53 Johann
1393 3335 240 55 Robert.

457 3414 122 52 The
624 3414 279 52 dramatic
950 3413 186 54 works
1181 3412 64 54 of
1290 3412 251 55 Gerhart
1586 3414 383 67 Hauptmann
2026 3413 362 69 (authorized

387 3491 114 69 ed.)
582 3511 51 33 V.
670 3495 59 49 9:
766 3492 258 52 Historic
1060 3492 113 52 and
1208 3492 311 68 legendary
1556 3492 243 52 dramas.
1873 3492 139 52 New
2050 3491 180 68 York,
2267 3492 121 51 The

386 3570 223 68 Viking
639 3588 174 49 press,
846 3573 150 49 1929.

454 3651 709 49 3 p. l., 386 p., 1 1. 19½ cm .
391 3704 52 52 ©
469 3710 122 39 Mar.
615 3709 41 47 4,
682 3708 142 48 1929;
850 3709 68 40 2c.
945 3709 95 39 and
1067 3708 83 41 aff.
1176 3709 122 39 Mar.
1323 3708 53 47 8;
1404 3708 41 39 A
1471 3707 141 46 5686;
1641 3708 181 47 Viking
1846 3717 150 38 press,
2024 3707 90 41 inc.

383 3790 152 63 Hay,
567 3788 259 54 Richard
858 3789 61 54 C.

457 3864 1867 70 Sales management fundamentals, by Richard C. Hay …
383 3942 140 54 New
552 3941 164 54 York
746 3943 113 52 and
890 3943 258 68 London,
1177 3944 235 67 Harper
1441 3945 46 50 &
1514 3943 279 68 brothers,
1827 3946 150 50 1929.
