2582 4377
1369 4045 100 49 122

495 493 998 48 xii p., 1 l., 459 p. illus., diagrs. 22½ᶜᵐ.
497 549 348 40 “References”
876 552 52 37 at
956 550 91 39 end
1076 549 52 40 of
1156 552 126 37 most
1309 550 52 39 of
1389 551 81 38 the
1499 551 241 45 chapters.

422 602 51 52 ©
503 607 111 40 Jan.
639 606 71 48 29,
739 606 141 47 1929;
910 607 68 40 2c.
1008 608 95 38 and
1132 606 81 41 aff.
1243 607 109 40 Jan.
1381 607 82 45 30;
1495 607 41 38 A
1564 607 113 39 5045;
1736 607 281 41 Macmillan
2048 619 66 29 co.

497 663 251 48 (29-3302)

419 742 202 63 Lloyd,
652 743 138 54 Mrs.
823 742 171 52 Anne
1023 743 63 54 P.
1118 742 65 53 L.

491 819 281 68 Antiques
823 820 113 53 and
988 820 209 67 amber,
1244 821 76 68 by
1370 819 168 52 Anne
1585 820 204 69 Lloyd.
1875 822 139 52 New
2065 821 181 68 York,
2295 821 121 53 The

416 898 321 68 Derrydale
770 917 174 49 press,
981 900 151 51 1928.

487 980 627 48 7 p. l., 103 p., 1 l. 24 ᶜᵐ.
486 1038 185 40 Poems.

490 1094 1883 49 “Four hundred copies of Antiques and amber have been printed …
417 1152 51 38 of
498 1151 160 40 which
686 1151 86 39 150
800 1162 84 28 are
915 1161 60 30 on
1006 1152 171 46 Ingres
1208 1161 161 37 paper,
1404 1152 334 47 autographed
1773 1153 95 39 and
1900 1153 277 46 numbered,
2210 1154 96 38 and
2338 1153 84 40 250

415 1218 84 29 are
528 1219 60 29 on
615 1207 220 41 Louvain
862 1207 193 49 paper.”

419 1260 1999 53 © Dec. 17, 1928; 2c. Jan. 26, 1929; aff. Jan. 30; A 5056; A. P. L. Lloyd,
486 1322 261 47 Brooklyn.
818 1321 251 49 (29-3204)

415 1387 218 63 Logue,
663 1388 139 52 Mrs.
834 1387 197 53 Leona
1065 1386 378 55 Whitworth.

490 1464 213 54 Recent
727 1483 119 34 war
870 1465 173 69 lyrics;
1101 1485 31 33 a
1158 1466 173 68 study
1355 1464 65 54 of
1445 1484 118 33 war
1589 1472 263 61 concepts
1878 1466 60 52 in
1963 1467 237 52 modern
2227 1465 191 71 lyrics,

416 1544 76 69 by
517 1544 190 52 Leona
734 1544 353 53 Whitworth
1116 1543 212 70 Logue.
1390 1543 166 53 With
1583 1563 73 33 an
1683 1543 391 54 introduction
2101 1544 76 72 by
2203 1545 216 53 Robert

419 1622 185 53 Morss
635 1623 223 52 Lovett.
929 1622 138 53 New
1101 1622 180 68 York,
1315 1623 122 52 The
1468 1621 255 55 Grafton
1757 1641 156 49 press
2060 1626 85 64 [ᶜ1928]

485 1704 54 40 65
574 1715 43 37 p.
678 1704 55 40 19½ᶜᵐ.

487 1762 153 47 “Only
673 1761 92 40 five
797 1762 222 39 hundred
1051 1761 159 47 copies
1244 1761 51 40 of
1329 1760 99 41 this
1461 1761 123 40 book
1616 1765 124 37 have
1772 1762 119 40 been
1924 1762 193 48 printed
2150 1763 127 39 from
2311 1766 112 45 type

415 1820 95 38 and
547 1820 82 39 the
665 1821 112 45 type
814 1818 340 41 distributed.”

486 1876 349 47 Bibliography:
895 1886 42 37 p.
967 1874 158 41 63-65.

418 1929 51 52 ©
496 1934 111 39 Feb.
632 1933 68 47 14,
726 1932 140 47 1928;
894 1932 67 40 2c.
987 1934 96 38 and
1108 1931 81 41 aff.
1216 1932 110 40 Jan.
1351 1932 69 48 28,
1447 1932 141 47 1929;
1616 1933 42 38 A
1682 1933 142 47 3979;
1853 1934 50 39 L.
1931 1934 71 40 W.
2029 1933 175 49 Logue,
485 1933 1917 104 Columbus,
620 1989 51 41 O.
743 1988 251 49 (29-3201)

420 2056 241 51 London
688 2056 253 67 opinion,
1003 2074 51 34 v.
1086 2058 116 66 100,
1228 2074 89 34 no.
1348 2055 151 68 1297,
1526 2055 134 53 Feb.
1689 2058 47 66 9,
1765 2058 150 51 1929.

419 2133 2001 54 © 1c. Feb. 15, 1929; A ad int. 12342; pubd. Feb. 1; George Newnes,
483 2195 101 48 ltd.,
616 2194 213 40 London.

416 2261 169 64 Lust,
615 2261 259 52 Herbert
905 2260 278 55 Canfield.

483 2338 300 69 Abridged
830 2344 223 62 reports
1098 2337 64 53 of
1208 2339 96 52 the
1348 2339 313 52 Interstate
1706 2357 308 35 commerce
2060 2339 361 53 commission

414 2417 112 52 and
556 2423 228 47 current
815 2417 184 68 digest
1031 2416 64 53 of
1125 2417 278 52 decisions
1433 2416 182 52 under
1645 2417 97 52 the
1771 2417 314 53 Interstate
2114 2435 308 35 commerce

416 2500 104 47 act.
598 2514 50 33 v.
693 2497 64 49 10
807 2493 449 69 (supplemental
1297 2494 186 69 digest
1522 2513 89 34 no.
1654 2494 58 68 9)
1775 2494 417 69 (consolidated
2235 2495 187 69 digest

415 2571 1943 70 v. 4) (112 I. C. C. to 132 I. C. C.) … By Herbert C. Lust …
417 2651 271 68 Chicago,
718 2651 114 67 Ill.,
862 2651 123 52 The
1015 2650 204 53 Traffic
1250 2651 110 51 law
1391 2650 147 53 book
1569 2668 298 51 company,
1902 2653 149 51 1928.

480 2732 736 49 2 p l., xxxix 1421 p 24ᶜᵐ.
417 2785 2001 53 © Nov. 20, 1928; 2c. Jan. 11, 1929; aff. Jan. 19; A 2953; H. C. Lust,
485 2846 224 49 Chicago.

419 2914 188 63 Lynd,
635 2913 221 52 Robert
885 2912 360 64 Staughton,
1275 2918 170 49 1892-

483 2990 398 67 Middletown,
913 3008 30 34 a
975 2990 172 68 study
1179 2990 60 52 in
1269 2996 439 62 contemporary
1737 2989 309 54 American
2078 2990 237 66 culture,
2346 2988 77 69 by

415 3070 216 53 Robert
662 3070 56 55 S.
752 3071 169 67 Lynd
954 3071 113 52 and
1098 3070 187 53 Helen
1315 3069 236 52 Merrell
1582 3069 198 68 Lynd;
1817 3068 287 55 foreword
2137 3070 76 68 by
2248 3069 177 54 Clark

414 3147 254 54 Wissler.
734 3147 139 52 New
905 3146 179 67 York,
1113 3146 310 67 Harcourt,
1454 3146 181 52 Brace
1665 3146 112 52 and
1809 3164 282 49 company
2235 3148 84 63 [ᶜ1929]

518 3227 983 50 x p., 2 l., 3-550 p. incl. tables. 22 ½ᶜᵐ .
488 3284 1313 49 “The city will be called Middletown … [and] is
1831 3284 49 39 in
1911 3285 82 39 the
418 3284 1982 98 east-north-central
540 3352 153 38 group
722 3343 51 38 of
801 3344 155 37 states
985 3342 109 39 that
1122 3341 219 40 includes
1372 3340 136 48 Ohio,
1540 3340 223 48 Indiana,
1794 3340 205 48 Illinois,
2031 3340 261 49 Michigan,
2324 3341 96 39 and

417 3398 423 49 Wisconsin.”—p.
867 3398 100 41 7-8.

417 3452 1984 107 “The Institute of social and religious research … financed the investigation.”—Pref.
419 3565 51 52 ©
503 3569 109 40 Jan.
644 3568 69 48 10,
745 3568 141 46 1929;
919 3569 67 39 2c.
1019 3569 111 39 Jan.
1161 3568 82 47 31;
1278 3567 82 41 aff.
1393 3568 110 41 Jan.
1533 3567 83 47 29;
1651 3568 42 38 A
1722 3567 143 47 4164;
1900 3567 261 47 Harcourt,
2196 3568 153 39 Brace
2383 3567 37 40 &

484 3635 53 30 co.,
592 3626 91 40 inc.
753 3624 281 49 (29-26177)

418 3690 367 64 McCloskey,
818 3690 229 64 George
1077 3691 207 52 Victor
1316 3690 394 63 Andronicus,
1744 3695 172 49 1883-

487 3768 121 52 The
639 3768 169 68 flight
839 3767 64 53 of
933 3767 337 67 Guinevere,
1302 3768 113 52 and
1446 3768 163 52 other
1640 3785 211 50 poems,
1881 3766 76 69 by
1989 3766 223 69 George
2242 3766 72 53 V.
2346 3765 71 55 A.

418 3844 2000 70 McCloskey … 2d ed., rev. and enl. New York city, Authors
418 3924 112 51 and
563 3923 320 67 publishers
914 3924 383 67 corporation,
1331 3926 150 50 1928.
