2582 4377
1421 4039 67 53 66

425 394 174 65 Bent,
629 393 228 64 George
884 392 221 64 Payne,
1137 396 170 50 1854-

424 467 2004 150 Four score and more; bits of biography and humorous history, by George Payne Bent … Los Angeles, Calif., George P.
428 628 151 51 Bent
608 624 336 70 publishing
973 642 80 35 co.
1197 626 84 65 [ᶜ1929]

498 704 1018 51 381 p. incl. front. plates, ports. 25 ᶜᵐ.
432 762 52 52 ©
512 766 111 39 Jan.
647 765 41 46 4,
717 763 140 47 1929;
886 763 69 40 2c.
982 763 96 39 and
1106 762 83 41 aff.
1216 763 111 39 Jan.
1353 763 54 38 21;
1465 763 42 39 A
1532 763 142 46 3828;
1706 763 53 41 G.
1787 764 51 39 P.
1867 765 139 47 Bent,
2036 764 93 41 Los
2156 764 222 49 Angeles.

510 820 251 50 (29-2369)

423 901 286 54 Beowulf.

501 978 267 55 Beowulf
794 980 114 52 and
935 980 121 52 The
1084 979 148 69 fight
1260 985 57 47 at
1346 980 360 69 Finnsburg;
1738 980 208 66 edited,
1974 981 141 52 with
428 981 1982 145 introduction,

615 1058 427 69 bibliography,
1088 1063 177 61 notes,
1314 1059 276 68 glossary,
1640 1058 114 53 and
1803 1059 360 67 appendices,
2211 1058 75 69 by
2337 1060 97 52 Fr.

429 1137 277 66 Klaeber;
753 1136 140 52 with
937 1137 376 67 supplement.
1394 1137 236 66 Boston,
1671 1137 139 51 New
1855 1136 163 53 York
2067 1142 137 62 [etc.]
2253 1138 72 52 D.
2372 1136 63 56 C.

429 1215 195 53 Heath
658 1215 113 53 and
803 1232 282 50 company
1231 1218 84 62 [ᶜ1928]

500 1295 1275 51 clxii p., 1 l., 446 p. front. (facsim.) illus. 19 ᶜᵐ.
501 1354 351 48 Bibliography:
915 1365 43 37 p.
996 1353 314 49 [cxxiii]-clix;
1377 1353 236 49 [227]-230;
1680 1354 250 48 [413]-424.

436 1408 52 52 ©
513 1411 104 41 Oct.
640 1411 40 48 5,
706 1410 114 41 1928;
873 1411 68 40 2c.
965 1411 111 39 Jan.
1099 1410 69 47 18,
1194 1409 114 41 1929;
1363 1409 82 41 aff.
1472 1411 110 40 Jan.
1608 1411 56 40 17;
1719 1411 41 39 A
1783 1410 115 40 2905;
1954 1411 58 41 D.
2039 1411 50 41 C.
2116 1412 163 40 Heath
2307 1411 36 41 &
2369 1422 68 30 co.

507 1464 68 54 [©
607 1469 319 48 supplement]
997 1467 251 49 (29-2141)

433 1548 294 65 Blackett,
762 1548 132 54 Olin
931 1548 335 66 Winthrop,
1307 1553 171 50 1895-

565 1627 1877 71 … Factory labor turnover in Michigan, by O. W. Blackett
495 1705 1947 71 … Ann Arbor, University of Michigan, School of business
434 1784 483 64 administration,
951 1787 228 52 Bureau
1214 1785 64 53 of
1310 1785 255 54 business
1600 1786 276 69 research,
1913 1789 150 50 1928.

505 1866 1938 50 3 p. l., 38 p. incl. illus., tables, diagrs. 23 ᶜᵐ. (Michigan business
435 1925 201 44 studies,
666 1927 93 38 vol.
832 1956 7 10 II.
872 1935 75 30 no.
1015 1924 14 43 1)

439 1979 52 52 ©
519 1983 118 40 Nov.
664 1983 69 46 28,
763 1982 114 40 1928;
932 1982 68 40 2c.
1028 1982 96 39 and
1152 1980 83 41 aff.
1263 1983 112 39 Jan.
1403 1983 39 46 7,
1471 1981 115 40 1929;
1642 1982 41 39 A
1709 1982 115 40 3575;
1883 1981 284 49 University
2196 1982 52 40 of
507 1981 1918 107 Michigan.
683 2038 251 49 (29-2228)

435 2119 246 64 Boylan,
710 2119 257 54 William
997 2119 54 53 A
1344 2137 179 50 comp.

436 2196 2004 228 Required spelling in the New York city public schools, compiled and edited by William A. Boylan … and Albert Taylor … 2d-8th years. New York city, Noble and Noble [ ᶜ19 28]
507 2438 223 42 7 v. 19 ᶜᵐ.
511 2496 412 39 “Recommended
954 2496 170 47 poetry
1155 2494 80 40 for
1266 2493 342 49 memorizing”
1640 2496 52 38 at
1721 2495 92 39 end
1843 2494 53 40 of
1924 2496 120 39 each
2072 2495 206 40 volume.

443 2549 52 52 ©
521 2552 103 41 Oct.
648 2552 70 43 23.
742 2551 116 41 1928;
911 2551 69 41 2c.
1005 2551 119 41 each
1149 2552 110 40 Jan.
1286 2551 69 41 24.
1383 2550 113 41 1929;
1553 2550 109 41 affs.
1689 2552 110 40 Jan.
1825 2552 27 38 4;
1908 2551 41 39 A
1974 2551 264 40 4033-4039;
2295 2551 152 40 Noble

511 2613 36 40 &
580 2610 166 39 Noble.
819 2607 252 50 (29-2420)

441 2676 293 63 Boynton,
765 2673 200 55 Frank
996 2673 213 65 David,
1242 2679 172 51 1863-

517 2752 207 56 School
760 2752 200 67 civics;
1000 2770 72 34 an
1107 2751 218 54 outline
1361 2752 173 69 study
1570 2751 66 54 of
1671 2753 97 53 the
1805 2752 190 70 origin
2033 2753 114 53 and
442 2753 1980 131 development

444 2829 2003 151 of government and the development of political institutions in the United States, by Frank David Boynton … Rev.
445 2988 84 53 ed.
605 2988 236 66 Boston,
868 2987 140 53 New
1036 2986 165 54 York
1361 3020 12 34 [etc.]
1408 2986 158 55 Ginn
1596 2988 114 53 and
1738 3006 283 51 company
2163 2991 85 65 [ᶜ1928]

515 3068 1315 50 xxiv, 402, xxxiv p. incl. front., illus. map. 19 ᶜᵐ.
516 3125 377 48 Bibliography:
928 3136 44 37 p.
1002 3124 240 43 xix-xxii.

447 3180 52 52 ©
529 3184 114 47 May
669 3184 40 47 4,
739 3183 115 40 1928;
912 3183 68 40 2c.
1010 3184 111 39 Jan.
1150 3183 69 46 21,
1251 3181 114 41 1929;
1424 3183 83 40 aff.
1538 3184 111 41 Jan.
1679 3184 56 40 19;
1794 3184 41 39 A
1864 3184 115 41 2998;
2040 3185 51 41 F.
2123 3186 57 40 D.
2211 3186 238 49 Boynton,

515 3241 186 47 Ithaca,
733 3240 57 40 N.
820 3241 54 39 Y.
943 3239 253 50 (29-2358)

441 3305 260 66 Brophy,
731 3307 176 64 John,
938 3312 173 50 1899-

515 3385 1939 72 Pluck the flower, a novel, by John Brophy … New York,
447 3464 963 68 E. P. Dutton & co.. inc. [ ᶜ19 29]
517 3544 536 50 6 p. l., 3-301 p. 20 ᶜᵐ.
450 3598 52 52 ©
532 3603 110 45 Jan.
671 3603 69 47 19,
770 3603 116 40 1929;
944 3603 68 40 2c.
1043 3604 110 40 Jan.
1183 3604 55 38 21;
1299 3603 83 41 aff.
1413 3604 110 42 Jan.
1553 3605 57 38 24;
1670 3604 42 39 A
1740 3604 116 40 4027:
1918 3606 53 39 E.
2001 3606 50 39 P.
2084 3605 189 40 Dutton
2302 3606 36 40 &
2368 3617 68 29 co.,

516 3659 91 41 inc.
676 3659 251 49 (29-2245)

447 3723 232 65 Brown,
713 3724 203 65 Harry
949 3726 326 65 Gunnison,
1312 3732 171 50 1880-

443 3800 2012 150 Economic science and the common welfare, by Harry Gunnison Brown … 4th ed. (rev. and enl.) Columbia, Mo., Lucas
448 3954 277 69 brothers,
755 3959 150 52 1929.
