2542 4389
1053 4014 136 55 1807

167 452 883 50 ix, 180 p. front. (port.) 19 ½ᶜᵐ .
105 508 51 52 ©
189 513 118 40 Nov.
337 512 40 42 4,
409 511 140 46 1929;
584 513 68 40 2c.
686 512 95 40 and
814 511 82 40 aff.
928 511 119 40 Nov.
1081 512 52 38 7:
1168 511 39 39 A
1238 509 172 46 14673;
1447 510 52 40 E.
1534 509 50 40 C.
1617 508 177 45 Routh,
1829 507 267 41 Oklahoma

172 569 124 47 City,
326 569 105 40 Okl.
499 567 282 50 (29-24356)

92 647 87 55 St.
211 647 180 53 Louis
419 646 458 65 post-dispatch.

168 725 120 52 The
318 724 150 52 drift
498 723 63 54 of
590 723 373 68 civilization,
990 724 75 68 by
1097 725 92 52 the
1221 723 385 53 contributors
1636 727 58 49 to
1724 723 95 52 the
1851 721 253 55 Fiftieth

98 802 374 68 anniversary
502 801 239 52 number
773 800 64 54 of
869 801 95 53 the
1000 800 83 55 St.
1119 801 175 53 Louis
1330 799 440 70 post-dispatch,
1805 799 302 70 including

102 876 2004 70 Charles G. Abbot, Richard E. Byrd, Benedetto Croce … [and
99 956 208 66 others]
377 955 139 53 New
545 955 181 69 York,
759 955 199 55 Simon
991 957 111 51 and
1136 955 289 68 Schuster,
1456 956 128 67 inc.,
1616 958 150 50 1929.

170 1036 625 50 8 p. l ., 3-268 p. 23½ᶜᵐ.
171 1093 228 41 Lettered
430 1103 60 30 on
519 1103 167 31 cover:
719 1093 41 40 A
790 1093 312 48 symposium.

174 1150 129 40 “The
337 1148 200 42 articles
572 1149 50 40 in
657 1149 100 41 this
791 1149 193 41 volume
1018 1149 142 40 made
1196 1149 129 41 their
1361 1149 108 41 first
1505 1159 305 39 appearance
1846 1150 263 40 December

104 1206 154 48 ninth,
289 1205 129 49 1928,
448 1205 50 40 in
529 1205 82 41 the
641 1215 147 39 pages
818 1205 53 40 of
900 1206 82 40 the
1013 1205 211 41 Fiftieth
1254 1205 325 48 anniversary
1607 1206 204 40 number
1842 1205 53 41 of
1924 1207 83 39 the
2041 1205 67 42 St.

103 1261 148 42 Louis
277 1260 398 50 post-dispatch.”

442 1319 143 49 CONTENTS.—pt.
614 1316 43 42 1.
682 1318 102 40 The
809 1317 170 41 future
1005 1317 52 40 of
1083 1318 262 48 man.—pt.
1377 1317 42 42 2.
1446 1318 103 40 The
1574 1317 170 41 future
1770 1317 53 41 of
1850 1317 258 42 science.—

104 1375 70 49 pt.
202 1374 44 42 3.
274 1375 101 40 The
402 1374 170 41 future
601 1374 53 41 of
680 1374 240 41 America.

111 1428 51 52 ©
197 1432 103 42 Oct.
334 1433 40 47 3,
410 1432 140 47 1929;
587 1432 68 41 2c.
692 1432 103 41 Oct.
829 1434 53 45 7;
920 1431 82 41 aff.
1039 1431 103 41 Oct.
1177 1431 82 43 25;
1298 1432 42 38 A
1373 1431 172 43 14505;
1587 1431 162 41 Simon
1787 1432 37 40 &
1862 1431 246 45 Schuster,

178 1489 104 47 inc.,
317 1489 119 40 New
468 1489 144 45 York,
646 1489 36 40 &
715 1488 219 40 Pulitzer
966 1487 111 49 pub.
1110 1499 82 31 co.,
1231 1488 68 41 St.
1333 1488 162 47 Louis,
1529 1489 95 39 Mo.

187 1545 282 49 (29-24354)

105 1624 268 65 Selenka,
403 1625 172 55 Emil.

178 1702 672 56 Selenka-Goldschmidt
900 1704 381 70 zoologisches
1329 1705 381 54 taschenbuch
1758 1706 99 52 für
105 1704 1984 134 studierende;

103 1782 1986 227 zum gebrauch bei Vorlesungen und praktischen Übungen. 8., verbesserte aufl. von dr. J. Seiler … Heft 2. Wirbeltiere … Leipzig, G. Thieme, 1929.
177 2020 841 50 vi, 191 p. illus., diagrs. 25 ᶜᵐ .
112 2072 1747 54 © June 27, 1929; 1c. Oct. 2; A —Foreign 4683; Georg Thieme.
103 2157 250 66 Semple,
387 2157 204 66 Daisy.

181 2235 244 68 Tommy
454 2235 113 53 and
595 2235 147 54 Jane
773 2236 113 52 and
917 2236 94 52 the
1041 2235 179 68 birds,
1249 2235 75 69 by
1353 2235 185 69 Daisy
1569 2234 247 70 Semple,
1846 2235 141 54 with
2018 2235 96 54 the

112 2312 365 69 cooperation
500 2311 64 55 of
588 2312 318 55 Genevieve
932 2313 187 67 Reily,
1142 2313 329 54 illustrated
1494 2314 75 68 by
1593 2313 153 54 Fern
1772 2313 157 54 Bisel
1953 2313 161 53 Peat.

112 2389 1849 72 Akron, O., New York, The Saalfield publishing co. [ ᶜ1 929]
183 2473 56 39 94
271 2483 58 38 p..
362 2473 25 39 1
441 2506 8 7 l.
482 2473 110 41 incl.
625 2473 165 44 front.,
825 2473 130 41 illus.
983 2472 138 50 (part
1152 2473 114 49 col.)
1335 2473 148 42 23½ᶜᵐ.

183 2530 290 40 Illustrated
503 2528 352 50 lining-papers
885 2529 49 40 in
966 2530 171 40 colors.

115 2581 53 53 ©
193 2586 118 41 Nov.
338 2586 25 39 1,
405 2585 117 41 1929:
573 2587 68 39 2c.
668 2587 95 39 and
792 2586 82 40 aff.
901 2587 120 39 Nov.
1049 2588 25 38 7;
1131 2587 40 38 A
1198 2586 172 41 15568:
1404 2586 230 41 Saalfield
1662 2587 110 48 pub.
1801 2597 68 30 co.

193 2642 282 49 (29-24328)

105 2707 181 66 Shay,
317 2708 218 64 Frank,
567 2714 171 49 1888-
953 2728 179 51 comp.

183 2786 219 53 Drawn
438 2785 152 54 from
622 2786 97 54 the
754 2788 191 66 wood;
984 2788 381 52 consolations
1401 2788 60 53 in
1496 2788 186 53 words
1717 2790 52 50 &
1805 2788 179 53 music
2022 2786 97 54 for

116 2864 163 68 pious
308 2863 222 55 friends
558 2865 113 53 and
700 2864 261 54 drunken
990 2865 387 68 companions,
1407 2865 270 53 collected
1708 2863 153 55 from
1892 2864 226 54 curious

114 2959 223 36 sources
375 2943 75 67 by
492 2941 197 53 Frank
733 2941 186 71 Shay;
963 2941 432 71 magnificently
1437 2942 363 53 illuminated
1842 2941 75 68 by
1959 2940 159 56 John

115 3019 174 68 Held,
318 3019 82 69 jr;
432 3019 238 53 musical
700 3025 404 65 arrangement
1134 3019 94 54 for
1260 3039 113 50 any
1404 3021 202 68 degree
1637 3019 65 54 of
1729 3018 284 72 inebriety
2042 3017 77 71 by

116 3096 1903 70 Helen Ramsey. New York, The Macaulay company [ ᶜ1 929]
183 3179 883 49 186 p. incl. front., illus. 22½ ᶜᵐ .
186 3237 289 39 Illustrated
513 3235 365 50 lining-papers.

188 3291 351 49 “Seventy-five
564 3293 445 49 memory-choking
1035 3295 96 39 and
1160 3293 439 49 thirst-provoking
1625 3293 241 49 recipes”:
1898 3305 43 37 p.
114 3294 2008 96 [163]-186.

120 3401 52 53 ©
204 3407 119 40 Nov.
355 3407 38 40 1,
427 3406 113 40 1929;
600 3407 67 41 2c.
702 3408 94 38 and
830 3406 82 41 aff.
945 3407 120 41 Nov.
1098 3409 53 44 7;
1186 3407 41 39 A
1259 3407 170 41 15535:
1467 3407 51 39 F.
1556 3406 143 47 Shay,
1734 3406 383 48 Proviiicetown,

189 3463 147 40 Mass.
402 3461 281 49 (29-24230)

109 3526 280 65 Shroyer,
418 3528 284 52 Franklin
730 3528 225 65 Irving,
987 3531 172 53 1887-

183 3603 260 54 Diseases
475 3604 65 52 of
569 3622 244 50 women;
848 3611 317 63 symptoms
1198 3606 114 53 and
1344 3612 307 48 treatment
1705 3606 75 70 [by]
1836 3606 285 54 Franklin

114 3680 1608 73 I. Shroyer, m. d. Boston, R. G. Badger [ ᶜ1 929]
184 3764 658 50 4 p. l., [7]-103 p. 21½ᶜᵐ.
188 3821 323 40 “Reference”
544 3823 50 38 at
624 3822 92 39 end
746 3822 52 40 of
828 3823 203 47 chapter
1136 3854 8 7 VII.

123 3872 51 52 ©
215 3876 121 49 Aug.
378 3878 54 38 15,
489 3877 113 39 1929;
671 3878 68 40 2c.
784 3879 127 47 Sept.
953 3879 57 38 25;
1080 3878 82 40 aff.
1209 3879 127 47 Sept.
1380 3879 54 38 23;
1506 3880 40 39 A
1590 3881 169 41 14685;
1806 3881 214 40 Richard
2065 3881 53 41 G.

191 3933 206 46 Badger.
462 3933 279 47 (29-24321)
