2561 4405
1125 4071 102 56 107

178 410 280 53 National
505 409 235 64 foreign
789 408 169 54 trade
1008 407 371 54 convention.
1452 409 152 68 15th,
1667 408 288 70 Houston,
2021 410 155 68 Tex.,

249 492 150 52 1928.

309 562 1872 70 … Official report of the fifteenth National foreign trade
178 643 357 67 convention,
561 642 134 52 held
724 647 60 47 at
809 642 287 66 Houston,
1123 640 157 68 Tex.,
1307 639 176 68 April
1510 643 86 64 25,
1625 643 85 64 26,
1738 640 86 68 27,
1855 644 153 64 1928,
2038 641 142 53 with

177 739 31 34 a
239 720 459 68 comprehensive
729 720 201 66 index;
965 736 31 34 a
1028 717 282 53 verbatim
1341 724 195 61 report
1567 716 65 54 of
1662 718 97 52 the
1790 718 391 69 proceedings,

176 800 95 51 the
301 798 359 66 discussions,
688 797 98 52 the
814 797 258 67 speeches
1105 803 61 46 at
1192 796 98 52 the
1320 796 229 66 Export
1576 795 466 70 merchandising
175 815 1979 128 sessions,

377 876 112 52 and
522 876 96 51 the
649 875 291 52 addresses
974 880 58 46 at
1064 874 99 52 the
1191 874 232 68 general
1453 873 259 68 sessions,
1744 874 260 68 together
2038 875 141 52 with

176 973 31 34 a
231 955 98 53 list
353 953 65 55 of
439 954 96 53 the
561 954 281 68 delegates
869 957 246 64 present,
1139 952 96 52 the
1261 951 426 70 organizations
1715 952 114 53 and
1855 953 325 68 companies

176 1033 378 67 represented,
597 1033 114 51 and
754 1032 97 52 the
895 1031 288 52 executive
1228 1030 301 68 personnel
1571 1029 67 53 of
1681 1031 97 52 the
1822 1032 355 53 convention.

175 1111 139 53 New
361 1110 179 66 York,
584 1109 274 53 National
906 1108 228 69 foreign
1179 1108 164 52 trade
1388 1109 340 52 convention
1772 1108 407 70 headquarters

209 1192 163 63 [ᶜ1928]

246 1270 515 49 xxiii, 261 p. 24 ᶜᵐ .
247 1340 65 39 At
338 1339 124 39 head
492 1339 52 39 of
572 1338 134 40 title:
740 1338 235 40 “Greater
1002 1337 276 48 prosperity
1307 1337 212 48 through
1548 1340 195 46 greater
1773 1338 192 48 foreign
1996 1339 184 41 trade.”

246 1396 227 40 Lettered
503 1405 59 29 on
591 1405 168 30 cover:
788 1394 260 40 American
1076 1394 192 48 foreign
1297 1395 141 39 trade
1467 1394 50 39 in
1547 1393 130 42 1928.

181 1460 1985 53 © June 19, 1928; 1c. Dec. 13; 1c. Dec. 26; aff. Dec. 22; A 2886; Natl.
245 1521 192 48 foreign
465 1521 140 39 trade
633 1521 201 47 council,
865 1521 119 39 New
1012 1521 146 40 York.

177 1614 212 65 Nevill,
422 1614 156 55 John
614 1615 356 66 Cranstoun,
1009 1621 171 50 1893-

249 1694 122 53 The
407 1701 231 62 strange
671 1695 387 67 companions,
1093 1695 75 69 by
1203 1694 158 55 John
1396 1694 326 55 Cranstoun
1757 1696 211 54 Nevill.
179 1698 1979 143 Boston,

323 1772 196 69 Little,
548 1774 230 66 Brown,
809 1773 113 52 and
951 1790 299 52 company,
1281 1776 151 51 1929.

253 1853 636 50 5 p. l., [3]-331 p. 20 ᶜᵐ .
179 1919 51 52 ©
264 1924 109 39 Jan.
403 1925 70 47 31,
505 1924 141 45 1929;
680 1924 67 40 2c.
779 1925 97 39 and
908 1924 83 42 aff.
1024 1924 112 41 Feb.
1168 1926 52 46 1;
1255 1925 41 39 A
1328 1925 141 48 5077;
1505 1926 164 49 Little,
1702 1928 193 48 Brown,

1930 1929 95 39 and
245 1938 1917 90 company.
454 1980 251 50 (29-3181)

177 2074 384 65 Oppenheim,
591 2076 253 52 Edward
873 2075 267 65 Phillips,
1173 2082 172 49 1866-

249 2153 121 52 The
398 2159 253 47 treasure
682 2154 173 53 house
883 2154 65 53 of
977 2153 222 54 Martin
1229 2155 192 68 Hews,
1451 2156 77 69 by
1558 2156 69 57 E.
1658 2157 252 69 Phillips

178 2156 1975 127 Oppenheim.
424 2232 235 67 Boston,
697 2232 197 67 Little,
934 2233 232 68 Brown,
1207 2235 114 52 and
1361 2252 299 52 company,
1705 2238 150 51 1929.

251 2312 657 50 3 p. l., [3]-372 p. 19½ ᶜᵐ .
177 2365 1718 59 © Jan. 26, 1929; 2c. and aff. Feb. 1; A 5078; Little, Brown,
1927 2378 96 39 and
244 2388 1917 86 company.
453 2426 251 49 (29-3183)

174 2519 237 54 Oxweld
449 2520 305 64 acetylene
793 2538 308 48 company.

245 2598 122 53 The
395 2600 390 66 prest-o-weld
814 2601 260 67 manual;
1108 2602 370 54 instructions
1511 2603 94 53 for
1635 2606 252 69 welding
1918 2607 113 53 and

174 2614 1984 131 cutting
334 2676 75 68 by
443 2677 95 53 the
573 2679 427 67 oxy-acetylene
1033 2697 240 50 process.
1346 2681 139 53 New
1522 2682 181 68 York,
1740 2682 253 71 Chicago
2054 2692 120 62 [etc.]

176 2753 1110 72 Oxweld acetylene company [ᶜ192 9]
243 2837 533 48 146 p. illus. 23 ᶜᵐ .
244 2894 349 48 Bibliography
625 2898 52 36 at
708 2896 92 39 end
832 2896 52 40 of
913 2906 131 30 some
1076 2897 51 40 of
1160 2897 81 41 the
1273 2898 242 48 chapters.

177 2945 51 53 ©
258 2950 110 40 Jan.
395 2951 68 48 17,
492 2949 140 49 1929;
662 2951 69 40 2c.
759 2953 96 40 and
884 2952 82 42 aff.
996 2953 110 41 Jan.
1134 2953 84 49 30;
1249 2955 41 39 A
1318 2954 141 49 5000;
1492 2955 199 45 Oxweld
1722 2959 248 48 acetylene
2000 2971 68 31 co.

255 3006 251 49 (29-3136)

175 3101 241 66 Parker,
447 3102 233 65 Junius,
714 3106 170 52 1867-

305 3178 1872 77 … Some aspects of the French law, by Junius Parker. New
176 3257 178 68 York,
388 3257 62 55 C.
488 3257 311 56 Scribner’s
834 3278 148 51 sons,
1016 3264 151 51 1929.

243 3340 26 40 3
299 3350 44 38 p.
407 3371 9 17 l.,
447 3340 56 41 82
531 3352 44 37 p.
633 3341 147 42 20½ᶜᵐ.

243 3396 63 41 At
342 3396 125 40 head
505 3397 51 40 of
593 3398 136 40 title:
770 3399 283 49 University
1092 3401 51 40 of
1181 3401 237 49 Virginia.
1484 3403 217 41 William
1740 3406 62 40 H.
1841 3407 163 42 White
174 3408 1989 84 foundation.

177 3504 51 52 ©
259 3509 111 41 Jan.
399 3510 68 47 16,
497 3510 141 47 1929;
669 3511 69 40 2c.
769 3512 110 40 Jan.
909 3513 82 47 18;
1024 3513 82 41 aff.
1138 3515 112 41 Jan.
1280 3515 82 47 23;
1396 3516 40 39 A
1465 3517 142 47 3875;
1641 3518 177 41 Rector
1849 3521 96 40 and
1977 3521 200 42 visitors

243 3565 52 40 of
325 3566 81 41 the
437 3566 142 42 Univ.
611 3567 52 40 of
694 3568 236 49 Virginia,
964 3570 297 50 University,
1296 3573 86 40 Va.
1455 3574 251 48 (29-3022)

176 3660 167 64 Parr,
373 3662 137 53 Mrs.
543 3663 308 64 Margaret
881 3666 193 54 Sands
1112 3668 212 65 (Linn)
1365 3675 171 49 1858-

244 3739 1934 81 The greatest power in the world … by Margaret S. Linn
173 3816 1902 83 Parr … Boston, The Christopher publishing house [ᶜ192 9]
243 3898 54 40 91
334 3911 42 36 p.
435 3900 147 41 20½ᶜᵐ.

178 3950 51 52 ©
254 3955 110 41 Jan.
387 3956 40 43 2,
452 3956 114 41 1929
584 3969 9 35 ;
618 3957 67 43 2c.
710 3959 110 41 Jan.
844 3961 82 47 12;
951 3961 84 42 aff.
1059 3963 109 41 Jan.
1193 3964 82 47 14;
1301 3965 41 39 A
1365 3965 142 48 3678;
1535 3966 319 50 Christopher
1878 3971 109 47 pub.
2013 3971 165 41 house.

254 4011 252 51 (29-2961)
