2542 4389
1041 4055 139 54 1919

105 401 336 65 Hagedorn,
469 402 324 63 Hermann,
826 405 171 50 1882-

177 474 1933 72 The book of courage, by Hermann Hagedorn … illustrations
106 555 73 69 by
211 556 199 52 Frank
442 553 265 69 Godwin,
739 573 163 49 maps
935 555 76 68 by
1046 553 211 54 Edwin
1293 551 63 56 C.
1390 551 220 54 Eirich.
1680 551 429 69 Philadelphia,

107 631 1724 71 Chicago [etc.] The John C. Winston company [ ᶜ1 929]
246 710 1864 52 xv, 408 p., 1 l. incl. illus., plates, ports., maps. col. front., col. plates,
107 770 345 48 col. port. 24 ᶜᵐ.
177 839 351 48 Bibliography
555 838 226 42 included
810 838 49 40 in
889 839 84 40 the
1000 839 211 47 preface.

113 907 53 52 ©
194 910 120 50 Aug.
345 911 69 47 14,
445 909 115 41 1929;
618 909 69 41 2c.
717 910 120 40 Nov.
865 910 57 39 21;
983 909 84 42 aff.
1097 909 120 41 Nov.
1248 908 58 41 20;
1364 909 41 39 A
1434 908 146 40 14929;
1640 908 130 40 John
1803 907 49 43 C.
1884 907 226 40 Winston

179 977 69 31 co.
318 966 281 50 (29-27812)

104 1057 154 65 Hall,
286 1058 240 54 Samuel
552 1058 182 64 Read,
767 1058 327 55 1795-1877.

172 1135 189 55 Hall’s
390 1137 266 52 Lectures
686 1154 73 34 on
788 1135 492 69 school-keeping;
1315 1155 72 33 an
1419 1141 161 47 exact
1609 1135 407 69 reproduction
2047 1136 65 52 of

103 1216 96 51 the
238 1214 125 53 first
414 1214 191 69 (1829)
656 1213 218 53 edition
914 1211 65 55 of
1018 1213 115 53 this
1176 1213 176 69 work,
1390 1218 60 47 to
1491 1213 187 54 which
1717 1213 48 53 is
1807 1214 303 68 appended

104 1311 73 33 an
209 1297 237 47 account
479 1291 65 53 of
572 1291 96 53 the
700 1290 106 54 life
840 1292 114 52 and
985 1290 187 53 works
1204 1289 65 53 of
1298 1291 97 53 the
1427 1292 223 67 author,
1686 1290 231 57 Samuel
1948 1292 162 52 Read

103 1369 160 70 Hall,
313 1369 142 54 with
505 1389 30 33 a
586 1367 411 70 bibliography
1048 1368 64 52 of
1160 1367 90 54 his
1300 1367 283 71 writings,
1632 1369 75 69 by
1759 1368 226 53 Arthur
2037 1369 72 53 D.

102 1446 2008 70 Wright … and George E. Gardner … Hanover, N. H., The
102 1525 351 52 Dartmouth
482 1541 174 52 press,
692 1527 150 50 1929.

173 1605 84 41 192
285 1616 44 38 p.
390 1607 122 47 port.
572 1604 58 41 19½ᶜᵐ.

173 1663 103 40 The
304 1660 288 42 “Lectures”
634 1661 67 49 (p.
736 1659 231 51 [35]-175)
1007 1671 83 29 are
1121 1661 154 47 paged
1305 1660 50 40 in
1384 1661 248 47 duplicate
1673 1660 89 49 (xi,
1797 1662 204 48 [13]-141
2032 1662 71 48 p.)

174 1718 351 49 Bibliography
543 1728 8 30 :
584 1728 44 38 p.
657 1717 160 41 31-33.

112 1773 53 52 ©
192 1777 119 40 Nov.
338 1775 70 49 12,
436 1774 114 41 1929;
603 1773 72 42 2c.
701 1774 120 40 Nov.
850 1773 56 39 14;
964 1772 83 41 aff.
1076 1773 119 41 Nov.
1223 1773 57 39 22;
1340 1774 41 38 A
1408 1773 144 42 16083;
1612 1774 190 40 Arthur
1828 1774 58 40 D.
1916 1772 196 50 Wright

180 1833 96 39 and
304 1831 185 49 George
517 1832 53 40 E.
600 1830 235 48 Gardner,
863 1829 246 48 Hanover,
1138 1829 57 41 N.
1224 1829 60 41 H.
1347 1849 11 31 t
1363 1825 53 53 ©
1444 1830 90 40 life
1562 1830 54 41 of
1642 1830 118 40 Hall
1789 1831 97 40 and
179 1829 1915 107 bibliographies
401 1888 150 40 about

574 1886 101 40 him
702 1889 96 38 and
826 1886 52 40 of
905 1886 160 40 works
1092 1885 62 48 by
1181 1886 100 39 him
1310 1887 96 39 and
1434 1887 106 40 also
1564 1886 162 50 index]
190 1943 282 50 (29-27922)

104 2035 152 66 Hall,
282 2035 270 56 Winfield
580 2037 188 63 Scott,
797 2041 170 50 1861-

107 2113 1979 147 Love and marriage, by Winfield Scott Hall … Philadelphia, Chicago [etc.]
769 2190 1266 71 The John C. Winston company [ ᶜ1 929]
178 2272 1330 50 vi p., 1 l. , 367 p. front. (port.) illus., diagr. 20½ ᶜᵐ.
111 2327 52 52 ©
190 2332 115 47 May
329 2331 40 47 9,
395 2330 143 48 1929;
562 2330 69 41 2c.
657 2331 119 40 Nov.
803 2330 54 39 21;
915 2330 83 41 aff.
1025 2330 119 40 Nov.
1171 2329 83 48 20;
1284 2331 41 39 A
1351 2330 174 48 14926;
1554 2331 129 41 John
1711 2331 49 41 C.
1787 2331 227 41 Winston
2041 2341 68 32 co.

190 2386 282 50 (29-28047)

102 2478 388 65 Hambledon,
517 2477 245 65 Phyllis,
796 2484 171 49 1892-

175 2557 121 51 The
329 2556 186 68 paved
545 2557 162 67 path,
741 2574 32 35 a
806 2557 184 67 novel,
1025 2557 73 68 by
1132 2557 227 69 Phyllis
1396 2558 382 53 Hambledon.
1851 2558 260 67 London,

109 2632 56 56 S.
191 2633 155 68 Low,
372 2633 262 53 Marston
663 2635 46 51 &
734 2652 99 50 co.,
859 2634 105 53 ltd.
1017 2636 153 66 [1929]

179 2714 475 49 2 p. 1., 284 p. 19 ᶜᵐ.
180 2770 214 41 “Second
424 2770 333 49 impression.”

112 2823 1996 55 © 1c. Oct. 15, 1929; A ad int. 13106: pubd. Aug. 22; Thomas Y. Crowell
178 2895 82 37 co.,
291 2884 119 41 New
440 2884 145 41 York.
654 2883 284 51 (29-28511)

102 2977 176 64 Hart,
304 2976 212 54 Albert
542 2977 303 65 Bushnell,
874 2979 84 53 ed.

179 3054 308 53 American
516 3054 222 70 history
768 3055 123 53 told
918 3056 75 68 by
1024 3058 497 67 contemporaries,
1588 3077 51 34 v.
1672 3064 47 48 5.
1785 3058 325 53 Twentieth

109 3136 238 65 century
388 3131 217 55 United
650 3130 208 70 States,
904 3136 326 50 1900-1929.
1311 3135 108 52 Ed.
1464 3135 77 69 by
1582 3135 209 54 Albert
1831 3134 280 54 Bushnell

110 3208 2002 59 Hart … with the collaboration of John Gould Curtis … New
113 3285 179 68 York,
322 3286 121 52 The
471 3286 336 53 Macmillan
837 3305 300 51 company,
1169 3291 152 51 1929.

179 3367 665 50 3 p. 1., v-xxi, 917 p. 20 ᶜᵐ.
112 3419 53 52 ©
191 3423 113 41 Dec.
329 3423 69 48 10,
425 3423 116 41 1929;
594 3424 68 42 2c.
688 3425 97 39 and
812 3424 82 42 aff.
921 3425 113 42 Dec.
1061 3426 53 39 11;
1172 3426 41 39 A
1240 3426 143 41 16353;
1441 3425 283 42 Macmillan
1750 3438 69 30 co.

105 3514 406 66 Hauptmann,
546 3517 260 54 Gerhart
839 3518 235 54 Johann
1110 3520 243 63 Robert,
1390 3524 173 50 1862-

175 3594 111 54 Die
339 3594 167 54 blaue
557 3595 207 71 blume,
818 3616 111 35 von
985 3596 252 56 Gerhart
1290 3598 399 69 Hauptmann.
1763 3601 115 54 Mit
1931 3602 181 52 einem

106 3689 189 53 essay:
336 3671 414 70 “Hauptmann
792 3677 83 53 als
916 3675 405 69 versdichter”,
1361 3696 111 34 von
1512 3677 168 56 Hans
1719 3697 112 35 von
1869 3678 242 56 Hülsen.

108 3749 834 71 Leipzig, P. Reclam [ ᶜ1 929]
176 3830 69 48 59,
277 3831 55 50 [1]
360 3842 44 37 p.
460 3830 55 41 15½ᶜᵐ.
671 3831 101 49 (On
798 3843 165 31 cover:
990 3834 224 40 Reclams
1244 3835 249 41 universal
1522 3836 283 43 bibliothek.
1862 3849 73 31 nr.
1962 3838 141 49 6970)

176 3886 188 42 Poems.

115 3938 1915 61 © Mar. 14, 1929; 1c. June 28; A—Foreign 4239; Philipp Reclam jun.
193 3997 282 51 (29-28088)
