2542 4389
1013 4055 104 49 897

114 382 267 69 Adamic,
415 387 199 60 Louis.

183 462 294 59 Robinson
520 467 238 72 Jeffers;
806 494 30 33 a
883 477 267 72 portrait,
1191 481 77 71 by
1313 483 173 57 Louis
1529 486 261 59 Adamic.
1871 492 232 75 Seattle,

112 539 337 76 University
485 544 65 55 of
585 547 385 76 Washington
1006 555 149 56 book
1190 564 168 67 store,
1398 564 151 55 1929.

176 621 59 42 35
262 633 45 39 p.
366 625 57 40 19
425 625 44 23 ᶜᵐ
474 657 8 7 .
576 627 277 51 (Half-title:
883 634 281 53 University
1194 640 52 41 of
1273 640 321 55 Washington
1624 647 287 53 chapbooks,
1939 655 74 40 ed.
2041 656 62 50 by

107 676 54 43 G.
191 678 215 51 Hughes,
436 692 75 31 no.
537 682 82 50 27)

105 742 53 54 ©
182 749 114 48 May
317 748 72 51 25,
412 749 141 52 1929;
578 754 68 42 2c.
671 756 127 44 June
820 758 82 49 14;
928 760 83 43 aff.
1035 762 129 45 June
1184 765 56 42 13;
1292 767 42 39 A
1357 768 142 50 8690;
1526 770 154 45 Glenn
1702 775 214 51 Hughes,
1941 779 156 45 Paris.

183 802 282 56 (29-13167)

105 895 245 68 Adams,
388 900 195 57 Peter.

170 973 1866 104 Clipper ships done in cork models, by Peter Adams …
98 1051 325 59 illustrated
477 1058 141 55 with
670 1080 111 51 pen
833 1063 291 76 drawings
1173 1071 78 71 by
1302 1073 325 59 Madelaine
1678 1081 190 57 Kroll.
1958 1089 139 54 New

99 1129 1171 92 York, E. P. Dutton & co., inc. [ ᶜ19 29]
164 1212 100 50 xix,
293 1214 84 43 102
404 1226 44 40 p.
474 1217 111 44 incl.
610 1220 165 50 front.,
803 1224 144 50 illus.,
976 1229 174 49 plates.
1208 1230 56 43 19
1267 1234 44 24 ᶜᵐ
1316 1266 10 10 .

167 1283 215 45 “Fourth
413 1284 262 56 printing.”

169 1340 145 45 Short
342 1341 341 56 bibliography
709 1348 52 41 in
789 1350 180 43 “Note”:
1027 1365 44 39 p.
1098 1356 67 43 ix.

97 1407 52 54 ©
174 1412 114 49 May
309 1414 71 48 31,
403 1415 115 42 1929;
569 1418 69 41 2c.
662 1418 127 44 June
812 1421 27 41 5;
891 1422 84 44 aff.
999 1426 129 42 June
1148 1427 32 41 4;
1230 1429 42 41 A
1294 1431 115 43 8522;
1463 1436 54 41 E.
1541 1437 52 42 P.
1617 1438 190 44 Dutton
1829 1443 38 40 &
1888 1453 69 33 co.,
1995 1445 92 43 inc.

173 1466 282 57 (29-13292)

97 1562 317 59 American
443 1567 113 56 law
587 1570 299 59 institute.

224 1643 1867 99 … Explanatory notes on conflict of laws. Tentative draft
89 1742 91 37 no.
205 1731 46 50 5.
325 1727 294 74 Prepared
640 1731 77 70 by
740 1733 218 72 Joseph
974 1738 78 53 H.
1071 1740 191 70 Beale,
1283 1748 274 68 reporter.
1630 1748 203 58 March
1852 1758 83 64 15,
1954 1760 134 52 1929

153 1807 1927 103 … [Philadelphia, Pa., International printing company, 1929]
157 1896 57 41 15
233 1908 44 37 p.
336 1896 147 44 23½ᶜᵐ.

156 1963 299 49 Cover-title.

90 2031 53 54 ©
167 2036 115 51 Apr.
305 2039 43 48 4,
371 2039 116 43 1929;
538 2041 69 42 2c.
631 2043 98 42 and
754 2043 83 43 aff.
863 2046 114 50 May
1001 2048 58 40 24;
1113 2050 42 41 A
1180 2051 115 43 8290;
1348 2055 159 44 Amer,
1533 2061 97 40 law
1652 2062 241 48 institute,
156 2038 1906 134 Philadelphia.

216 2187 1863 100 … Explanatory notes on contracts. Tentative draft no. 6.
83 2269 295 74 Prepared
405 2272 78 71 by
510 2274 97 55 the
637 2280 277 69 reporter,
948 2278 230 61 Samuel
1207 2283 312 62 Williston.
1592 2292 202 61 March
1826 2302 86 66 30,
1945 2305 134 52 1929

145 2350 1928 104 … [Philadelphia, Pa., International printing company, 1929]
149 2441 57 41 27
226 2451 44 40 p.
329 2440 147 44 23½ᶜᵐ.

151 2507 299 50 Cover-title.

83 2575 52 54 ©
158 2579 115 52 Apr.
296 2583 71 47 11,
389 2581 118 44 1929;
554 2585 70 41 2c.
646 2585 99 42 and
767 2586 82 43 aff.
874 2589 115 49 May
1008 2590 60 41 24;
1119 2593 42 40 A
1182 2593 116 44 8297;
1349 2598 147 42 Amer.
1531 2603 97 40 law
1648 2605 241 52 institute,
149 2582 1906 134 Philadelphia.

77 2725 1969 170 … Restatement of the law of business associations. Tentative
218 2808 163 58 draft
404 2830 90 37 no.
518 2816 48 50 2.
643 2812 327 63 Submitted
992 2819 77 69 by
1089 2821 99 54 the
1213 2822 239 59 Council
1474 2833 63 49 to
1557 2830 98 55 the
1676 2833 276 60 members
1977 2841 97 56 for

79 2885 313 60 discussion
416 2895 62 49 at
496 2890 96 55 the
614 2891 235 58 seventh
871 2896 213 55 annual
1104 2898 252 73 meeting
1376 2903 142 72 May
1540 2911 49 63 9,
1608 2912 65 50 10
1696 2912 114 54 and
1836 2918 82 65 11,
1937 2920 134 53 1929

139 2959 1868 104 … Reporter, William Draper Lewis … March 25, 1929 …
81 3039 445 79 [Philadelphia,
554 3047 121 68 Pa.,
704 3046 423 61 International
1157 3055 265 72 printing
1449 3079 297 56 company,
1779 3070 151 69 1929]

140 3124 60 45 38
218 3135 45 41 p.
320 3125 149 45 23½ᶜᵐ.

142 3193 299 49 Cover-title.

75 3261 53 54 ©
151 3266 116 51 Apr.
288 3268 71 48 11,
381 3267 117 43 1929;
546 3269 69 42 2c.
638 3269 97 43 and
757 3270 83 43 aff.
864 3273 114 50 May
1000 3274 59 41 24;
1108 3276 45 41 A
1172 3276 115 44 8293;
1338 3279 148 44 Amer.
1520 3285 98 42 law
1640 3288 239 55 institute,
143 3266 1903 135 Philadelphia.

203 3410 1859 96 … Restatement of the law of conflict of laws. Tentative
72 3492 165 58 draft
256 3513 91 36 no.
373 3500 47 50 5.
496 3494 326 63 Submitted
844 3500 77 68 by
943 3500 98 55 the
1065 3500 239 59 Council
1328 3512 59 49 to
1410 3508 97 56 the
1530 3513 275 61 members
1832 3521 95 56 for
72 3496 1967 161 discussion

323 3577 61 50 at
407 3574 99 53 the
533 3573 234 58 seventh
794 3577 212 54 annual
1032 3579 267 73 meeting,
1326 3584 143 70 May
1496 3590 49 67 9,
1575 3594 65 51 10
1669 3596 113 54 and
1814 3603 81 65 11,
1928 3606 134 54 1929

69 3640 1966 186 … Reporter, Joseph H. Beale … March 15, 1929 … [Philadelphia,
349 3729 122 67 Pa.,
499 3726 422 62 International
951 3732 265 73 printing
1245 3754 297 58 company,
1575 3750 151 67 1929]

135 3806 326 57 71 p. 23 ½ᶜᵐ .
136 3876 298 49 Cover-title.

69 3931 53 54 ©
147 3937 114 47 Apr.
282 3937 42 42 4,
349 3934 140 45 1929;
518 3936 67 43 2c.
609 3935 98 43 and
730 3936 84 43 aff.
840 3938 115 46 May
978 3940 85 45 24;
1089 3942 42 39 A
1155 3942 113 43 8291;
1324 3946 145 44 Amer.
1509 3954 97 41 law
1630 3956 239 50 institute.
137 3938 1900 128 Philadelphia.
