2533 4384
1070 4022 101 51 153

128 369 211 65 Aiken,
372 367 230 57 Conrad
630 368 228 63 Potter,
892 371 172 50 1889-
1236 384 181 50 comp.

192 446 309 54 American
548 451 220 63 poetry,
817 444 337 67 1671-1928;
1206 463 30 33 a
1285 443 463 69 comprehensive
1797 445 333 69 anthology,

125 525 188 53 edited
357 524 76 68 by
478 523 230 55 Conrad
752 523 207 53 Aiken.
1041 523 139 53 New
1225 521 183 68 York,
1453 521 121 53 The
1618 521 245 54 Modern
1909 522 221 70 library

202 606 118 63 [ ᶜ1 929]
192 681 1936 52 xviii, 362 p. 17 ᶜᵐ. (Half-title: The modern library of the world’s
123 742 103 40 best
258 741 174 49 books)

127 793 52 54 ©
210 800 110 39 Jan.
348 798 70 48 25,
448 798 115 41 1929;
622 798 67 40 2c.
721 796 112 41 Feb.
864 798 54 39 11;
978 796 83 42 aff.
1093 796 111 41 Feb.
1235 795 26 42 9;
1323 796 41 40 A
1391 796 117 41 4344;
1569 796 202 41 Modern
1802 795 201 50 library,
2036 798 92 41 inc.

206 854 253 50 (29-4202)

130 935 1971 149 American art annual … v. 25 (for the year 1928) Washington,
448 1013 1508 68 D. C., The American federation of arts [ ᶜ1 929]
195 1096 704 49 660 p. front., plates. 23 ᶜᵐ.
127 1150 51 53 ©
209 1154 110 40 Jan.
348 1153 70 48 30,
448 1152 116 41 1929;
619 1153 68 40 2c.
716 1154 97 39 and
842 1152 83 41 aff.
956 1152 111 42 Feb.
1096 1152 26 39 2;
1182 1153 41 39 A
1252 1152 115 41 5116;
1428 1152 144 41 Amer.
1617 1152 279 41 federation
1927 1152 52 41 of
2008 1155 120 40 arts.

124 1234 319 53 American
474 1236 254 60 country
756 1233 106 52 life
895 1233 378 53 association.

193 1312 56 53 A
275 1313 210 52 decade
507 1310 64 55 of
596 1312 153 52 rural
780 1330 283 50 progress,
1086 1311 172 53 based
1284 1330 74 34 on:
1414 1312 248 67 Reports
1688 1310 65 54 of
1778 1311 352 54 committees

122 1396 57 48 to
210 1391 99 53 the
335 1389 306 54 American
672 1395 242 63 country
944 1388 106 54 life
1081 1389 356 54 association.
1506 1390 123 52 The
1660 1389 373 70 proceedings
2065 1388 66 55 of

131 1470 95 52 the
275 1469 162 53 tenth
487 1468 275 54 National
813 1473 241 63 country
1103 1466 106 55 life
1259 1467 351 68 conference,
1660 1468 144 53 East
1852 1467 278 70 Lansing,

122 1547 318 69 Michigan,
468 1546 231 69 August
729 1550 118 64 1-4,
878 1545 150 55 1927.
1094 1546 121 53 The
1245 1547 374 68 proceedings
1648 1545 65 54 of
1741 1546 99 53 the
1867 1547 261 53 eleventh

122 1625 275 54 National
424 1630 241 62 country
690 1624 106 53 life
823 1622 349 69 conference,
1198 1624 259 67 Urbana,
1483 1625 248 66 Illinois,
1758 1624 152 55 June
1941 1628 188 65 19-21,

125 1707 150 50 1928.
345 1704 108 52 Ed.
486 1703 76 69 by
592 1704 228 51 Benson
854 1703 71 52 Y.
959 1702 217 54 Landis
1210 1703 114 52 and
1358 1702 118 53 Nat
1508 1703 65 52 T.
1608 1703 223 53 Frame.
122 1702 1981 149 Wheeling,

277 1782 90 54 W.
404 1783 127 66 Va.,
567 1781 314 53 Published
920 1781 74 69 by
1033 1782 120 52 The
1192 1781 341 69 University
1571 1780 66 54 of
1676 1780 254 71 Chicago
1971 1801 157 49 press

124 1859 93 53 for
246 1860 95 53 the
370 1859 303 54 American
708 1865 242 63 country
979 1858 105 54 life
1116 1859 339 53 association
1568 1863 100 51 [ᶜ1928]

189 1943 275 48 161 p. 23½ ᶜᵐ.
123 1995 52 53 ©
202 2000 120 40 Nov.
348 2000 71 47 27,
446 1999 141 46 1928;
617 1999 67 40 2c.
713 2000 112 39 Jan.
851 1999 70 40 21.
950 1997 142 48 1929;
1123 1998 82 41 aff.
1234 2000 111 40 Jan.
1374 2000 82 45 14;
1488 1999 39 39 A
1556 1998 142 47 2990;
1729 2000 147 40 Amer.
1920 2002 206 47 country

191 2056 88 42 life
310 2066 143 38 assn.,
483 2056 266 48 Wheeling,
781 2057 73 40 W.
884 2056 86 40 Va.

122 2136 317 54 American
478 2136 213 63 digest.

251 2213 1872 72 … 1926. Third decennial edition of the American digest;
121 2292 1943 69 a complete digest of all reported cases from 1916 to 1926 …
121 2369 1561 72 v. 17, 18 … St. Paul, West publishing co., 1929.
188 2455 218 41 2 v. 26 ᶜᵐ.
467 2521 106 31 CONTENTS.—v.
615 2509 71 42 17.
726 2511 297 41 Joint-stock
1062 2510 280 49 companies
1380 2512 94 39 and
1515 2511 226 41 business
118 2513 1989 97 trusts-Landlord

253 2569 97 39 and
380 2571 291 38 tenant.—v.
704 2565 71 43 18.
808 2569 439 46 Larceny-Master
1277 2569 97 39 and
1404 2570 199 38 servant.

119 2636 43 31 v.
189 2626 69 42 17,
291 2620 51 53 ©
372 2626 109 39 Jan.
509 2625 70 43 24,
607 2625 141 47 1929;
778 2637 44 28 v.
850 2625 69 41 18.
951 2621 52 53 ©
1033 2625 110 40 Jan.
1170 2625 84 43 25;
1284 2625 69 40 2c.
1383 2625 118 40 each
1531 2625 111 42 Feb.
1673 2625 26 40 9:
1758 2625 109 41 affs.
1897 2627 111 40 Feb.
2039 2628 82 47 11;

187 2683 41 39 A
260 2683 129 47 5237,
421 2682 141 47 5238;
595 2683 137 39 West
763 2683 110 47 pub.
906 2693 67 30 co.

118 2762 260 54 Arabian
414 2761 227 67 nights.

190 2840 257 54 Arabian
478 2839 216 70 nights’
723 2840 118 52 fairy
909 2841 159 55 tales,
1098 2840 328 54 illustrated
1455 2840 76 69 by
1564 2840 298 56 Charlotte
1894 2842 231 54 Becker.

119 2917 1460 70 New York. J. H. Sears & company, inc. [ ᶜ1 928]
188 3000 1832 54 2 p. l. , 242 p. col. front., illus. 25 ᶜᵐ. [Sears illustrated juveniles]
187 3060 126 40 Text
340 3058 172 41 within
542 3060 85 39 red
656 3058 283 41 illustrated
967 3059 189 41 border.

189 3116 288 40 Illustrated
506 3117 99 47 t.-p.
633 3117 96 39 and
756 3115 366 49 lining-papers.

121 3169 51 52 ©
202 3173 114 41 Dec.
344 3173 69 47 17,
443 3171 117 41 1928;
615 3172 68 41 2c.
712 3172 112 41 Feb.
853 3173 70 47 14,
953 3172 142 47 1929;
1127 3172 83 41 aff.
1240 3173 113 40 Feb.
1383 3173 82 46 12;
1497 3173 41 39 A
1566 3173 143 48 4413;
1743 3174 44 41 J.
1817 3175 62 39 H.
1913 3174 144 41 Sears
2086 3176 36 40 &

188 3241 83 36 co.,
302 3229 91 41 inc.
455 3225 68 53 [©
556 3228 346 50 illustrations]
974 3228 252 50 (29-4460)

121 3309 347 65 Arrington,
506 3309 254 53 Edward
798 3310 67 54 E.

183 3389 246 68 History
482 3388 64 53 of
597 3391 325 66 optometry
979 3388 109 70 [by]
1148 3389 66 53 E.
1268 3389 67 52 E.
1391 3387 340 72 Arrington.
1831 3391 291 71 [Chicago,

116 3465 906 69 White printing house, ᶜ1 929]
186 3547 922 49 5 p. l. . [131-232 p. incl. ports. 23½ᶜᵐ.
120 3601 52 53 ©
243 3616 77 29 Jan.
355 3605 69 48 18,
459 3605 114 40 1929;
638 3605 68 41 2c.
743 3606 111 39 Jan.
888 3606 58 39 25;
1012 3605 82 42 aff.
1130 3605 110 41 Jan.
1277 3605 56 41 30;
1401 3606 39 39 A
1477 3607 113 40 5053;
1658 3609 53 39 E.
1748 3609 53 39 E.
1839 3609 280 45 Arrington,

188 3662 268 40 Rochester,
498 3662 57 41 N.
586 3663 53 39 Y.
709 3661 252 49 (29-4430)

117 3741 240 63 Aspley,
387 3741 155 54 John
574 3743 309 62 Cameron,
917 3746 172 51 1888-

189 3819 293 54 Intensive
535 3820 143 53 sales
731 3824 428 65 management;
1218 3839 28 34 a
1303 3838 208 50 survey
1564 3821 66 55 of
1679 3824 262 55 methods
1996 3827 113 53 and

118 3899 277 68 practices
428 3898 183 54 found
642 3904 148 48 most
821 3898 258 54 effective
1106 3899 76 69 by
1213 3897 234 72 leading
1478 3918 266 38 concerns
1774 3903 62 53 in
1868 3906 104 50 250
2003 3904 116 54 dif-
