2542 4389
1005 4024 136 51 1825

89 358 280 65 Asquith,
403 361 163 69 Lady
603 359 260 64 Cynthia
896 361 174 62 Mary
1101 359 227 63 Evelyn
1370 357 372 66 (Charteris)
1785 361 168 53 1887-
158 439 85 53 ed.

161 515 293 55 Shudders
504 517 200 53 [stories
730 518 73 67 by]
856 515 253 71 Cynthia
1135 516 269 69 Asquith,
1430 517 64 52 L.
1522 517 65 51 P.
1615 516 266 69 Hartley,
1908 515 183 55 Hilda

88 593 257 69 Hughes,
380 593 67 55 E.
484 594 64 54 F.
584 594 245 68 Benson,
860 593 225 54 Walter
1117 594 87 53 De
1240 594 84 54 La
1359 593 181 70 Mare,
1573 592 226 54 Arthur
1831 592 263 69 Machen,

86 671 180 69 Hugh
316 671 281 69 Walpole,
649 670 301 54 Elizabeth
1004 673 229 65 Bowen,
1282 671 81 53 M.
1413 671 69 55 R.
1531 671 212 67 James,
1793 671 301 70 Algernon

86 749 366 69 Blackwood,
490 749 60 55 C.
589 749 77 54 H.
704 751 66 51 B.
808 748 261 71 Kitchin,
1108 748 192 56 Shane
1333 749 203 67 Leslie,
1569 749 90 54 W.
1697 751 67 51 B.
1801 750 292 70 Maxwell,

82 828 88 53 W.
219 827 282 55 Somerset
545 828 333 68 Maugham,
921 827 140 54 Mrs.
1107 827 196 53 Belloc
1345 827 307 58 Lowndes;
1699 827 273 69 designed
2015 829 76 67 by

84 905 252 69 Cynthia
371 905 265 68 Asquith.
712 905 139 52 New
885 904 182 70 York,
1103 904 61 55 C.
1202 904 315 56 Scribner’s
1548 922 147 51 sons,
1731 907 149 50 1929.

155 985 570 49 4 p. l., 268 p. 19½ ᶜᵐ .
93 1038 51 52 ©
178 1042 101 41 Oct.
312 1043 70 47 25,
414 1042 141 47 1929;
589 1043 67 39 2c.
691 1041 102 41 Oct.
826 1042 81 46 29;
945 1041 81 41 aff.
1060 1042 118 39 Nov.
1215 1044 49 44 7;
1301 1041 41 39 A
1374 1042 171 48 15788;
1582 1042 205 41 Charles
1821 1043 269 42 Scribner’s

160 1109 126 30 sons.
352 1097 280 49 (29-24380)

80 1190 282 65 Bartlett,
392 1191 210 53 Lester
630 1190 275 65 William,
937 1196 173 50 1883-

154 1271 120 52 The
318 1272 69 51 Y.
432 1271 79 51 M.
559 1271 62 54 C.
666 1270 69 52 A.
782 1269 288 53 executive
1113 1274 312 63 secretary;
1475 1288 71 34 an
1593 1270 250 70 analysis
1887 1270 64 53 of
1993 1272 97 52 the

82 1346 282 54 activities
395 1346 66 54 of
490 1347 96 53 the
617 1352 284 63 secretary
933 1347 127 52 who
1094 1346 46 53 is
1176 1347 349 67 responsible
1558 1347 95 53 for
1684 1349 96 52 the
82 1349 1981 128 administration

342 1422 1684 72 of a local Y. M. C. A. [by] Lester W. Bartlett …
81 1502 2008 70 Ralph M. Hogan … Alden W. Boyd … Chicago, Ill., The
79 1579 337 72 University
444 1579 65 53 of
536 1579 252 70 Chicago
815 1597 158 50 press
1007 1583 193 64 [ᶜ1929]

152 1660 1936 51 xiv, 104 p. 23½ ᶜᵐ . (Half-title: Studies of the Young men’s Christian
79 1718 296 41 association
401 1719 194 47 college,
626 1716 237 50 Chicago)

87 1771 52 53 ©
174 1776 102 41 Oct.
308 1776 57 38 22,
469 1775 55 39 1929;
586 1775 67 40 2c.
686 1775 96 39 and
816 1773 82 42 aff.
932 1774 119 39 Nov.
1085 1773 26 41 8;
1174 1773 41 39 A
1247 1773 144 40 15625;
1455 1773 285 48 University
1774 1775 51 39 of
1861 1774 223 48 Chicago,

156 1832 223 46 Chicago.
449 1830 280 48 (29-24650)

77 1913 244 63 Besson,
354 1911 282 56 Maurice.

211 1988 1874 72 … Les “Frères de la coste”, flibvstiers & corsaires, d’après
81 2066 2006 72 les textes et les estampes de l’époque … Paris, Duchartre &
134 2169 72 33 Van
234 2148 444 70 Buggenhoudt,
709 2149 150 51 1928.

137 2226 1947 53 2 p. l., ix-xii, 326, [2] p. incl. illus. (incl. ports., plans, facsims.) plates,
78 2284 691 51 col. plates, maps. 29½ ᶜᵐ .
151 2342 420 49 “Bibliographie”
593 2352 8 29 :
636 2353 43 38 p.
713 2341 238 51 325-[327]

420 2399 160 40 CONTENTS.—Les
610 2398 212 49 origines
850 2399 83 40 des
963 2397 175 41 Frères
1167 2399 58 39 de
1254 2399 47 38 la
1330 2400 146 38 coste.
1478 2398 130 40 —La
1641 2398 277 40 “coustume
1946 2399 60 40 de
2034 2398 48 40 la

80 2456 174 42 coste.”
257 2456 303 48 —Quelques
593 2455 180 49 figures
808 2456 57 39 de
900 2456 182 47 grands
1117 2454 269 41 flibustiers
1404 2465 9 29 :
1453 2455 253 41 Montbars
81 2455 1983 99 l’Exterminateur

217 2515 48 39 et
293 2514 167 40 Pierre
488 2514 44 39 le
562 2512 165 41 Grand
756 2513 45 39 le
831 2511 245 49 Dieppois.
1134 2511 65 41 Le
1230 2510 258 42 Bordelais
1519 2512 315 40 Montauban.

80 2512 1985 99 Flibustières
263 2572 48 39 et
345 2571 231 47 quelques
610 2572 183 38 autres.
856 2569 66 41 Le
958 2568 244 41 chevalier
1239 2569 58 41 de
1335 2568 251 42 Gramont.
1650 2569 111 40 Nau
1796 2569 286 41 l’Olonnais.

80 2626 258 42 Mémoires
372 2628 59 39 de
466 2627 232 40 Ravenau
736 2627 59 40 de
830 2626 205 40 Lussan.
1100 2624 373 49 Jean-Baptiste
1508 2625 232 49 Ducasse,
1777 2635 305 40 gouverneur

79 2686 59 38 de
189 2683 446 48 Saint-Domingue.
715 2682 210 48 Jacques
977 2681 227 42 Cassard.
1286 2681 226 42 Dulaïen.
1591 2682 235 49 François
1878 2683 202 40 Thurot.

76 2742 125 40 Jean
242 2741 306 41 d’Albarade.

82 2793 1982 110 © Mar. 21, 1928; 1c. July 19, 1929; A— Foreign 4115; Éditions Duchartre &
307 2863 107 38 Van
439 2860 369 48 Buggenhoudt.
873 2860 281 48 (29-25481)

69 2940 255 66 Bolitho,
355 2940 274 65 William,
662 2945 169 51 1890-

202 3017 1877 72 … Twelve against the gods; the story of adventure. New
71 3097 179 55 York.
282 3097 196 57 Simon
509 3097 109 53 and
652 3095 288 70 Schuster,
970 3099 150 50 1929.

143 3175 1344 52 5 p. l., 3-351 p.. 1 l. front., plates, ports. 24 ᶜᵐ .
413 3269 7 7 CONTENTS.
437 3259 59 5 —
514 3235 276 39 Alexander
836 3234 81 40 the
965 3232 882 50 Great.—Casanova.—Christopher
74 3234 1989 100 Columbus.—Mahomet.—Lola

726 3291 205 39 Montez.
934 3288 337 49 —Cagliostro
1324 3289 122 47 (and
1492 3288 588 49 Seraphina).—Charles

149 3344 1932 51 XII of Sweden.—Napoleon I.—Lucius Sergius Catiline.—Napoleon III.—
72 3407 203 39 Isadora
309 3404 539 41 Duncan.—Woodrow
876 3401 204 42 Wilson.

79 3460 52 52 ©
164 3465 118 38 Nov.
315 3464 39 45 7,
386 3462 117 40 1929;
559 3461 70 40 2c.
663 3461 92 38 and
792 3459 82 40 aff.
908 3459 119 39 Nov.
1061 3458 26 36 9;
1153 3458 37 39 A
1225 3457 144 40 15638;
1435 3457 163 41 Simon
1633 3459 35 39 &
1704 3459 244 43 Schuster,
1985 3461 91 40 inc.

178 3518 257 47 (29-24645)

68 3602 122 52 The
233 3599 163 53 Book
442 3600 65 53 of
551 3599 246 68 popular
842 3596 242 65 science;
1130 3595 97 53 the
1270 3594 260 54 wonders
1575 3596 64 52 of
1680 3597 236 54 modern
140 3597 1911 148 discovery,

398 3677 97 51 the
534 3675 288 62 triumphs
862 3672 64 53 of
966 3671 291 53 inventive
1298 3669 218 71 genius,
1557 3671 95 53 the
1693 3678 157 65 story
1893 3674 65 53 of
1999 3675 77 53 all

140 3755 223 54 created
394 3753 196 69 things
623 3752 112 52 and
767 3751 97 52 the
894 3749 180 54 world
1106 3749 137 68 they
1274 3747 114 53 live
1420 3747 78 67 in,
1528 3747 190 56 edited
1752 3750 76 69 by
1859 3753 218 53 Dexter

142 3827 1052 66 S. Kimball … aided by a group
139 3823 1908 148 of distinguished contributors … New York, The Grolier society [ ᶜ1 929]
