2533 4342
1327 4046 139 52 2004

387 408 251 66 Musick,
664 407 258 57 William
949 409 49 52 L
1285 413 174 51 1860-

460 487 293 56 Standard
798 487 298 70 dictation,
1139 487 359 55 amanuensis
1543 490 113 52 and
1700 487 354 68 secretarial;
2101 504 32 35 a
2177 486 218 71 graded

387 566 280 54 dictation
711 584 195 36 course
951 566 251 67 adapted
1246 571 59 48 to
1349 567 97 53 the
1489 565 398 71 Anniversary
1930 564 217 55 edition
2191 566 64 52 of
2298 567 100 51 the

387 643 2010 71 Gregg manual, 1929 ed. … By William L. Musick. Chicago,
387 721 1290 71 Ill., Universal text book company [ ᶜ1 929]
458 801 278 50 239 p. 23 ᶜᵐ.
394 868 53 52 ©
478 873 118 40 Nov.
629 873 40 47 1,
701 872 142 48 1929;
878 873 68 41 2c.
978 874 97 38 and
1108 872 83 40 aff.
1223 872 114 41 Dec.
1369 873 53 46 7;
1456 872 42 38 A
1529 871 172 48 10817;
1737 871 260 41 Universal
2031 874 108 38 text
2169 873 123 39 book
2325 882 68 30 co.

471 927 283 51 (29-30670)

388 1019 212 68 Nevin,
630 1020 285 54 Franklin
943 1021 236 67 Taylor,
1210 1023 173 54 1867-

457 1101 120 53 The
612 1100 213 69 village
858 1100 64 53 of
956 1101 334 70 Sewickley,
1323 1102 74 69 by
1431 1101 286 53 Franklin
1752 1102 215 69 Taylor
2000 1101 216 70 Nevin;
2254 1102 141 53 with

386 1177 1984 147 an introduction by Alexander C. Robinson … end-papers designed
385 1255 1987 147 by Audley Dean Nicols … Sewickley, Pa., The Sewickley
651 1332 456 70 printing-shop,
1136 1336 151 51 1929.

457 1414 1038 50 2 p. l. , [3]-227 p. incl. front., illus. 24 ᶜᵐ.
462 1484 130 40 “The
633 1494 176 39 papers
851 1484 161 40 which
1052 1484 142 40 make
1236 1494 64 38 up
1341 1483 100 40 this
1481 1484 206 47 volume,
1730 1483 120 41 with
1892 1495 26 29 a
1960 1484 99 40 few
2100 1483 297 49 exceptions,

389 1541 242 48 appeared
666 1540 262 48 originally
962 1540 51 40 in
1048 1541 82 40 the
1166 1539 268 49 Sewickley
1468 1539 556 43 herald.”—Foreword.

394 1606 1983 110 © Dec. 16, 1929; 2c. Dec. 20; aff. Dec. 19; A 17491; Sewickley printing-shop, inc. (30-10)
387 1760 170 55 Ohio.
630 1762 184 68 Laws,
845 1767 261 65 statutes,
1135 1768 103 49 etc.

457 1840 353 52 Patterson’s
845 1839 152 56 Ohio
1034 1839 284 56 Criminal
1351 1841 153 67 code,
1539 1840 330 67 annotated,
1905 1839 334 70 containing
2273 1858 124 35 new

390 1916 283 56 Criminal
714 1917 153 68 code,
906 1917 142 53 with
1091 1916 295 70 decisions,
1426 1917 183 53 forms
1648 1917 114 53 and
1803 1918 333 67 precedents
2176 1916 94 54 for
387 1917 1987 147 indictments,

735 1993 428 69 informations,
1192 1995 114 53 and
1334 1994 299 70 affidavits,
1663 1995 182 52 forms
1876 1994 94 53 for
1998 1995 177 66 writs,
2193 1994 204 53 docket

388 2073 114 52 and
531 2072 232 69 journal
793 2071 226 68 entries,
1051 2072 171 69 being
1249 2072 139 53 both
1420 2072 96 52 the
1547 2071 265 54 criminal
1842 2072 250 68 practice
2123 2073 112 52 and
387 2089 1986 114 procedure

617 2150 261 69 together
907 2149 142 53 with
1079 2151 96 51 the
1203 2150 109 52 law
1342 2149 63 52 of
1435 2148 265 54 evidence
1728 2150 62 52 in
1819 2149 266 54 criminal
2116 2168 191 34 causes
2337 2149 61 53 in

387 2226 1986 149 the state of Ohio, by Frank N. Patterson … 3d ed. (also being
524 2306 97 51 the
658 2305 131 54 12th
826 2305 84 54 ed.
947 2305 65 52 of
1046 2304 271 55 Wilson’s
1353 2303 151 56 Ohio
1543 2304 284 56 Criminal
1861 2304 163 70 code)
2069 2304 76 69 by
2180 2303 218 54 Robert

390 2381 2008 70 C. Patterson … Cincinnati, The W. H. Anderson company
466 2464 100 50 [ ᶜ1 929]
458 2540 500 49 lxxvii, 2430 p. 26 ᶜᵐ.
395 2594 53 52 ©
477 2598 113 41 Dec.
618 2599 71 47 21,
719 2597 142 47 1929;
888 2596 71 41 2c.
989 2597 98 39 and
1116 2596 82 40 aff.
1229 2596 111 40 Dec.
1370 2596 83 47 23;
1485 2596 42 39 A
1556 2596 173 47 16705;
1762 2597 73 40 W.
1866 2597 61 40 H.
1956 2596 256 41 Anderson
2240 2606 68 30 co.

471 2653 164 51 (30-1)

388 2746 270 64 Perkins,
687 2746 191 53 Rollin
908 2746 237 64 Morris,
1176 2749 84 53 ed.

461 2824 1932 69 Cases on criminal procedure, by Rollin M. Perkins … 3d
389 2900 1656 69 ed. … Iowa City, State university of Iowa, 1929.
459 2981 1230 50 xxxi, 672 p. 23½ ᶜᵐ. (Iowa casebook series)
396 3036 53 52 ©
479 3040 129 48 Sept.
634 3039 70 49 30,
730 3039 142 46 1929;
900 3040 68 39 2c.
996 3040 119 39 Nov.
1141 3039 53 47 5;
1223 3038 83 41 aff.
1332 3039 121 41 Nov.
1479 3039 53 47 4;
1561 3039 43 38 A
1630 3038 172 48 14646;
1834 3039 55 40 R.
1920 3039 63 41 M.
2011 3038 220 47 Perkins,
2261 3039 133 38 Iowa

466 3095 124 49 City,
645 3106 41 32 Ia.
752 3094 165 51 (30-4)

389 3187 195 64 Prille,
612 3188 123 54 Pol.

390 3265 1985 141 … Emma; ou, La république des poires. Paris, Les Éditions
570 3353 69 52 de
667 3352 238 69 France,
938 3355 149 49 1929.

459 3432 1513 48 2 p. l., 248 p., 1 l. 19ᶜᵐ. (On cover: Le livre joyeux)
397 3485 1881 52 © July 7, 1929; 1c. Aug. 2; A— Foreign 4101; Paul Pottier, Paris.
474 3543 281 50 (29-29845)

392 3636 159 65 Pyle,
582 3637 243 64 Robert,
858 3639 172 54 1877-

392 3714 1980 131 How to grow roses, by Robert Pyle … J. Horace McFarland
393 3791 1979 131 … G. A. Stevens … 17th ed. enl. and entirely rewritten.
578 3869 139 53 New
753 3869 179 69 York,
966 3870 123 52 The
1124 3869 335 53 Macmillan
1493 3888 299 50 company,
1832 3874 150 49 1930.

463 3950 88 41 210
579 3960 43 38 p.
654 3950 110 41 incl.
795 3951 86 39 col.
912 3950 167 48 front.,
1110 3951 144 47 illus.,
1287 3951 157 47 plates
1473 3950 136 48 (part
1642 3950 114 48 col.)
1823 3949 58 42 20½ᶜᵐ.
