2512 4377
1274 4001 103 51 282

314 345 329 64 Armellini,
679 345 312 64 Giuseppe,
1027 346 171 56 1887-

447 422 1864 70 … Trattato di astronomia siderale, v. 1. Parte generale.
317 503 277 67 Bologna,
625 502 68 51 N.
725 501 331 67 Zanichelli,
1089 504 149 50 1928.

386 582 1628 51 1 p. l., [v]-xi, 393 p., 1 l. illus., fold, charts, diagrs. 23½ᶜᵐ.
384 638 418 48 “Introduzione”,
833 650 43 29 v.
938 671 9 15 1,
979 639 219 40 includes
1229 638 332 49 biographical
1595 639 288 40 references.

318 693 1943 52 © Dec. 1, 1928; 1c. Dec. 31; A—Foreign 1190; Casa ed. N. Zanichelli.
396 753 252 48 (29-7061)

318 848 172 61 Auld,
520 848 222 51 Robert
775 847 299 62 Campbell
1103 848 393 63 MacCombie,
1530 850 171 51 1857-

384 925 121 52 The
534 926 190 51 Burns
752 943 81 34 we
861 925 124 52 love;
1045 943 31 34 a
1104 924 124 53 first
1258 930 244 63 attempt
1530 931 58 47 to
1617 925 196 53 obtain
1842 944 29 33 a
1902 925 183 52 better
312 925 1982 146 understanding

618 1002 64 53 of
713 1002 95 53 the
840 1003 254 67 mission,
1128 1020 250 51 message
1413 1004 110 51 and
1559 1003 269 69 meaning
1862 1002 63 53 of
1958 1003 96 52 the
2091 1008 130 62 poet
2255 1001 64 53 of

313 1081 304 68 humanity
645 1081 113 52 and
785 1080 65 53 of
874 1081 95 53 the
997 1099 257 34 common
1283 1099 180 49 cause,
1489 1081 76 68 by
1592 1081 214 52 Robert
1837 1079 300 69 Campbell
315 1080 1981 133 MacCombie

580 1158 177 68 Auld,
789 1159 140 52 with
963 1178 32 33 a
1027 1159 326 52 dedication
1385 1164 58 47 to
1479 1158 121 55 Col.
1632 1158 223 54 Walter
1892 1158 178 66 Scott,
2104 1177 29 33 a
315 1156 1981 133 foreword
509 1236 76 69 by
624 1236 119 55 Col.
784 1236 156 54 John
979 1236 256 67 Gribbel,
1346 1280 9 9 LL.
1433 1279 30 12 D.,
1501 1237 113 52 and
1653 1235 417 54 contributions
2107 1236 75 67 by
2225 1234 96 56 Sir

314 1315 224 52 Arthur
573 1315 197 67 Keith,
807 1314 95 55 Sir
937 1316 201 67 Harry
1172 1316 246 66 Lauder,
1455 1314 198 55 Canon
1690 1315 214 52 Robert
1942 1314 149 53 Ellis
2128 1314 192 67 Jones,

313 1393 324 69 Augustine
663 1394 65 52 P.
756 1394 293 52 Barranco
1075 1394 114 52 and
1214 1394 139 53 Mrs.
1381 1394 224 52 Russell
1631 1393 261 54 William
1920 1392 233 70 Magna,
2181 1392 138 53 with

314 1491 31 33 a
378 1472 248 67 portrait
658 1472 111 52 and
802 1473 200 52 twelve
1037 1471 110 53 full
1180 1489 147 51 page
1357 1471 410 66 illustrations;
1805 1471 302 68 published
2140 1471 182 52 under

314 1550 95 52 the
438 1550 256 68 auspices
722 1549 65 53 of
815 1549 94 54 the
939 1550 138 53 New
1110 1550 163 52 York
1303 1549 354 55 Caledonian
1686 1549 147 67 club,
1862 1549 96 52 the
1989 1549 138 52 New
2161 1548 161 52 York

316 1626 2006 71 Scottish society [and others] … with the patronage of the
316 1706 188 56 Order
540 1706 65 54 of
644 1706 252 56 Scottish
934 1708 171 53 clans.
1181 1707 138 53 New
1360 1706 163 54 York
1562 1706 112 53 and
1715 1705 143 70 Ayr,
1897 1705 120 54 The
2056 1704 266 70 Alloway

314 1803 174 50 press,
522 1788 149 50 1929.

383 1866 1587 51 4 p. l., vii-xvi, 238 p. front., plates, ports., facsim. 23ᶜᵐ.
389 1925 93 40 “Of
507 1925 98 40 this
630 1926 124 39 hook
781 1927 135 38 there
943 1926 124 40 have
1093 1926 116 39 been
1237 1925 193 48 printed
1459 1935 88 31 one
1574 1925 242 40 thousand
1847 1925 94 39 and
1970 1924 165 48 eighty
2164 1923 158 48 copies

316 1992 60 29 on
403 1992 28 29 a
458 1982 180 48 special
666 1992 151 38 paper
843 1982 53 40 of
921 1981 157 41 which
1108 1982 99 40 this
1235 1982 42 39 is
1304 1982 203 39 number
1534 1980 130 41 359.”
1724 1981 175 43 Signed
1930 1981 60 47 by
2020 1980 82 40 the
2131 1981 190 40 author.

321 2034 1814 52 © Feb. 14, 1929; 1c. Feb. 28; aff. Feb. 27; A 5533; Alloway press.
399 2095 252 48 (29-5937)

324 2175 324 67 [Babinski,
680 2176 205 67 Henri]
924 2181 171 49 1855-

391 2253 400 55 Gastronomie
835 2256 289 67 pratique:
1198 2256 163 52 études
1401 2256 305 52 culinaires
1743 2255 209 53 suivies
1990 2255 75 52 du
323 2254 1977 132 Traitement

515 2334 68 52 de
622 2333 252 53 l’obésité
913 2335 97 52 des
1049 2335 366 66 gourmands.
1491 2338 47 49 5.
1578 2334 85 53 éd.
1705 2352 187 49 augm.
1934 2340 54 47 et
2028 2332 296 53 remaniée.

320 2411 934 68 Paris, E. Flammarion [ ᶜ1 928]
386 2492 591 48 2 p. l., 1281 p., 1 l. 28 ½ ᶜᵐ.
387 2548 231 41 Author’s
644 2551 181 46 pseud.,
852 2549 218 46 Ali-Bab,
1099 2551 50 38 at
1176 2550 125 39 head
1328 2549 53 41 of
1408 2549 123 41 title.

322 2602 1983 110 © Dec. 20, 1928; 1c. Jan. 12, 1929; A—Foreign 1197; Ernest Flammarion. (29-7294)
319 2743 255 62 Babson,
604 2744 195 64 Roger
825 2745 200 61 Ward,
1059 2745 170 54 1875-

388 2820 240 71 Storing
656 2839 78 51 up
766 2821 175 69 triple
973 2840 276 47 reserves;
1282 2840 215 35 success
1530 2822 48 53 is
1610 2821 230 54 secured
1873 2821 75 71 by
1982 2822 344 69 developing

317 2898 287 69 financial,
639 2900 278 68 physical,
952 2901 112 52 and
1102 2900 269 69 spiritual
1408 2919 265 50 reserves,
1708 2900 76 69 by
1819 2901 193 69 Roger
2045 2901 90 53 W.
315 2900 1984 129 Babson.

509 2978 139 52 New
679 2978 181 68 York,
889 2979 122 52 The
1039 2978 337 53 Macmillan
1407 2997 298 51 company,
1739 2981 151 50 1929.

387 3058 647 50 xviii p., 1 l. , 364 p. 20½ ᶜᵐ.
324 3113 1670 109 © Mar. 5, 1929; 2c. and aff. Mar. 6; A 4724; Macmillan co. (29-6425)
321 3254 137 63 Bac,
489 3254 336 53 Ferdinand
856 3254 344 64 Sigismund
1231 3256 181 61 Bach,
1443 3258 208 51 known
1678 3276 60 34 as
1769 3254 355 64 Ferdinand,
2158 3260 169 49 1859-

451 3331 1874 70 … La princesse Mathilde, sa vie et ses amis, par Ferdinand
320 3408 133 53 Bac.
529 3408 185 68 Paris,
746 3409 284 54 Hachette
1090 3413 151 64 [1928]

387 3491 1671 50 2 p, 1., 250, [2] p. front. (port.) 23 ᶜᵐ. (Figures du passé)
322 3543 1889 54 © Oct. 21, 1928; 1c. Dec. 17; A— Foreign 1141; Librairie Hachette.
400 3604 252 49 (29-7099)

317 3684 285 64 Baldwin,
631 3685 221 64 James,
885 3691 325 50 1841-1925.

389 3762 264 53 Barnes’s
684 3763 347 69 elementary
1061 3764 223 69 history
1314 3763 64 53 of
1406 3765 97 51 the
1532 3764 219 54 United
1786 3764 207 68 States,
2023 3765 76 68 by
2129 3764 194 55 James

318 3839 284 52 Baldwin.
679 3840 138 53 Rev.
849 3842 111 51 and
992 3842 106 51 enl.
1175 3842 139 52 New
1345 3841 179 68 York,
1556 3840 330 55 Cincinnati
1943 3846 121 63 [etc.]
316 3841 1982 127 American

452 3916 694 71 book company [ ᶜ1 929]
