2542 4389
1031 4041 134 49 1565

73 372 482 69 Pog á ny, Willy.
148 455 326 67 [Foreword
522 454 75 67 by
642 452 185 68 Willy
872 451 201 67 Pogany
1158 449 59 51 in
1265 447 96 54 the
1407 445 147 54 book
1600 443 257 68 entitled]
1909 443 171 54 Peter

76 533 329 56 Schlemihl.
465 532 75 69 by
596 530 72 51 A.
730 527 317 56 Chamisso.
1109 525 286 54 woodcuts
1452 525 75 68 by
1588 523 156 52 John
1803 520 275 56 Gincano.

73 606 1119 72 Philadelphia. D. McKay co. [ ᶜ192 9]
147 686 794 53 2 p. l. . 3-104 p. illus. 25 ᶜᵐ .
154 762 319 39 “Translated
504 760 60 47 by
596 759 79 41 Sir
704 759 127 39 John
862 756 273 49 Bowring.”

84 822 1802 59 © Oct. 4, 1929; 2c. and aff. Oct. 22: A 15181; David McKay co.
79 941 228 64 Powell,
338 938 258 54 Richard
627 940 129 61 Roy
785 937 237 63 Beiden,
1056 940 168 49 1890-
1441 952 179 50 comp.

149 1017 298 54 Materials
478 1014 93 55 for
603 1033 194 35 course
827 1015 60 51 in
920 1012 195 54 future
1145 1013 265 52 interests
1442 1011 110 52 and
1586 1010 501 54 non-commercial

80 1086 2005 79 trusts, compiled by Richard R. Powell … [New York, Ad
80 1173 520 70 press ltd.] ᶜ192 9.
150 1251 774 53 1 p. l. , iii. iii, 1056 p. 27½ ᶜᵐ .
83 1318 1987 108 “The editor’s Casebook on future interests and supplementary materials … in
414 1375 1675 54 a revised form constitute chapters I to XX of the present
83 1439 427 44 volume.”—Pref.

88 1509 51 52 ©
170 1513 128 48 Sept.
323 1513 70 45 25,
421 1510 141 43 1929;
590 1512 67 40 2c.
684 1511 94 39 and
807 1509 82 41 aff.
919 1509 103 40 Oct.
1050 1509 53 41 2;
1133 1508 42 39 A
1201 1506 172 42 13966;
1403 1507 56 38 R.
1488 1506 55 40 R.
1572 1505 194 47 Powell,
1796 1505 118 39 New
1941 1502 146 42 York.

157 1565 69 53 [©
254 1579 106 29 new
386 1569 194 48 matter]
646 1565 282 50 (29-21910)

82 1663 317 65 Robinson,
427 1661 255 55 William
712 1661 315 64 Josephus,
1063 1663 169 52 1867-

152 1744 121 52 The
307 1743 183 53 oldest
525 1740 321 70 profession
882 1740 58 54 in
974 1741 96 52 the
1106 1739 209 55 world;
1354 1736 393 70 prostitution,
1780 1737 75 54 its
83 1734 1986 157 underlying

278 1839 210 50 causes,
521 1819 73 54 its
627 1822 307 50 treatment
968 1819 112 52 and
1117 1818 75 52 its
1228 1815 212 57 future,
1477 1814 228 55 written
1739 1814 95 53 for
1868 1812 226 70 private

82 1891 2011 77 circulation by William J. Robinson … with an introduction by
80 1972 1480 76 Harry Elmer Barnes … New York, Eugenics
1584 1970 339 70 publishing
81 1987 1987 140 company,
282 2058 150 50 1929.

152 2132 549 52 3 p. l. , 100 p. 19½ᶜᵐ.
89 2197 2000 60 © Oct. 11, 1929; 2c. and aff. Oct. 16: A 14157: Eugenics pub. co., inc.
165 2264 281 49 (29-21913)

83 2361 195 62 Rowe,
308 2358 289 64 Dorothy.

153 2435 315 68 Traveling
512 2434 187 68 shops,
745 2433 202 54 stories
991 2433 64 52 of
1103 2432 240 55 Chinese
1389 2432 275 55 children,
1710 2432 75 68 by
1828 2432 266 69 Dorothy

84 2508 1672 74 Rowe, pictures by Lynd Ward. New York, The Macmillan
83 2609 299 51 company,
412 2593 149 50 1929.

156 2669 1719 54 6 p. l. . 109 p. incl. illus., plates. col. front., col. plates. 19½ᶜᵐ.
92 2736 1799 57 © Oct. 15, 1929; 2c. and aff. Oct. 16; A 14184; Macmillan co.
169 2801 281 47 (29-21676)

87 2890 2010 82 Ruling case law. Permanent supplement ed. … Edited by
153 2973 263 53 William
436 2973 79 53 M.
541 2973 348 69 McKinney.
915 2974 249 52 Burdett
1189 2973 69 52 A.
1285 2973 149 53 Rich
1459 2973 112 53 and
1599 2971 238 57 Charles

157 2973 1913 144 Porterfield,
335 3050 56 55 S.
423 3053 65 51 B.
519 3051 221 67 Fisher,
767 3050 239 56 assisted
1033 3051 75 69 by
1137 3052 97 52 the
1262 3051 342 68 publishers’
1633 3051 268 54 editorial
1929 3050 164 55 staffs

157 3126 1915 152 … v. 1-14. Northport, N. Y.. Edward Thompson company;
387 3209 115 55 San
545 3209 324 57 Francisco,
913 3208 195 58 Calif.,
1153 3207 588 73 Bancroft-Whitney
1783 3227 309 51 company;

179 3294 120 60 [etc.,
325 3293 120 61 etc.]
482 3289 148 52 1929.

161 3367 345 41 14 v. 25½ ᶜᵐ .
162 3422 296 41 Permanent
497 3424 305 48 supplement
840 3422 227 43 included
1107 3424 51 39 in
1200 3424 120 41 each
1360 3424 191 40 volume
1594 3422 90 43 has
1727 3429 226 43 separate
1997 3426 99 49 t.-p.

90 3480 96 40 and
214 3479 285 49 pagination
529 3481 95 39 and
653 3480 44 39 is
725 3480 117 48 kept
871 3490 65 39 up
963 3482 51 38 to
1044 3481 114 39 date
1187 3480 63 47 by
1279 3480 183 40 annual
1493 3479 298 42 cumulative
1820 3481 277 48 pamphlets

91 3539 48 38 to
162 3536 57 41 be
243 3536 216 41 inserted
486 3536 50 41 in
560 3537 171 47 pocket
755 3536 50 40 in
830 3536 124 42 back
978 3547 142 30 cover
1144 3537 52 40 of
1220 3536 118 42 each
1365 3537 206 39 volume.

97 3583 1997 60 © Sept. 26. 1929; 2c. each and affs. Oct. 9: A 14032-14045; Edward
164 3651 276 48 Thompson
475 3662 79 32 co..
592 3651 230 47 Lawyers
858 3651 324 49 co-operative
1219 3651 110 48 pub.
1366 3662 68 29 co.
1472 3652 96 38 and
1605 3650 456 43 Bancroft-Whitney

167 3718 67 30 co.
299 3706 279 49 (29-21817)

94 3801 251 60 Russell,
379 3803 153 53 Hon.
568 3803 297 52 Bertrand
902 3802 235 53 Arthur
1169 3801 277 65 William,
1484 3807 172 51 1872-

162 3880 294 67 Marriage
483 3882 110 53 and
623 3881 211 53 morals
882 3882 94 67 [by]
1009 3881 287 56 Bertrand
1327 3882 242 53 Russell.
1643 3881 141 54 New
1813 3882 180 55 York.
2021 3881 77 54 H.

95 3958 319 71 Liveright,
445 3962 148 52 1929.
