2542 4389
1057 4020 135 51 1651

197 431 85 48 xii,
309 431 87 40 398
422 442 43 36 p.
521 430 163 47 front.,
713 429 145 48 illus.,
885 429 172 48 plates,
1086 428 181 49 diagrs.
1323 427 57 41 20½ᶜᵐ.

135 497 52 55 ©
217 501 103 41 Oct.
345 501 40 47 5,
412 499 118 41 1929;
581 500 68 41 2c.
678 510 61 29 and
802 498 83 41 aff.
915 498 102 41 Oct.
1044 498 26 40 9;
1126 498 42 40 A
1195 497 147 41 14024;
1397 497 213 41 Thomas
1636 497 56 41 Y.
1721 497 207 41 Crowell
1954 507 69 30 co.

212 555 281 51 (29-21109)

134 649 312 65 McGehee,
475 649 356 52 Thomasine
863 649 61 55 C.

204 729 213 69 People
464 730 114 52 and
622 728 209 67 music;
878 747 31 35 a
956 727 272 54 textbook
1272 728 61 52 in
1377 727 182 53 music
1604 726 415 69 appreciation,
2062 725 75 71 by

131 807 343 53 Thomasine
510 806 61 55 C.
602 805 305 55 McGehee.
983 807 236 67 Boston,
1253 805 140 52 New
1429 804 165 53 York
1646 810 122 62 [etc.]
1806 804 183 69 Allyn
2024 803 114 53 and

134 887 419 65 Bacon [ ᶜ1 929]
273 997 8 17 xx,
315 965 101 48 372,
453 966 55 40 18
543 976 41 37 p.
645 965 165 46 front.,
849 965 129 39 illus.
1008 963 134 49 (incl.
1179 965 165 47 ports.,
1382 963 179 49 music)
1607 963 155 49 diagr.
1822 962 57 42 19½ᶜᵐ.

201 1037 226 39 Includes
454 1035 167 41 music.

203 1092 221 50 “Special
455 1092 255 48 readings”
743 1095 51 37 at
826 1093 91 39 end
949 1092 52 40 of
1031 1101 131 31 some
1193 1092 52 39 of
1275 1093 83 39 the
1388 1093 254 47 chapters;
1678 1092 236 40 “Sources
1945 1092 52 40 of
130 1102 1991 89 quotations”:
408 1161 43 37 p.
484 1149 217 41 369-372.

135 1217 52 52 ©
218 1222 129 47 Sept.
373 1222 40 45 3,
441 1219 118 41 1929;
612 1221 68 39 2c.
710 1221 129 47 Sept.
867 1220 83 47 20;
982 1220 82 41 aff.
1096 1220 129 48 Sept.
1254 1219 83 48 18;
1368 1221 43 39 A
1436 1220 173 41 12462:
1638 1221 148 47 Allyn
1813 1221 37 40 &
1876 1221 180 40 Bacon.

210 1277 282 50 (29-21003)

133 1371 360 65 McGovney,
523 1371 231 64 Dudley
784 1370 182 64 Odell,
999 1371 173 54 1877-
1385 1372 85 53 ed.

201 1449 1936 71 Cases on constitutional law … pt. 1, selected, edited and
126 1525 2010 71 annotated by Dudley O. McGovney … Indianapolis, The
126 1607 970 69 Bobbs-Merrill company [ ᶜ1 929]
201 1687 493 51 3 p. l. , 869 p. 25 ᶜᵐ.
201 1757 303 49 “Readings”:
576 1769 44 37 p.
661 1757 218 42 868-869.

134 1824 52 52 ©
219 1829 129 47 Sept.
377 1828 69 47 18,
477 1827 117 40 1929;
649 1828 68 40 2c.
749 1827 102 41 Oct.
879 1828 28 38 4;
967 1827 82 41 aff.
1081 1827 102 41 Oct.
1214 1827 27 40 3;
1300 1827 43 39 A
1371 1827 146 40 12748;
1578 1827 374 41 Bobbs-Merrill
1982 1837 69 31 co.

211 1883 281 50 (29-21192)

131 1978 402 64 McPheeters,
563 1979 265 51 Herman
859 1978 203 64 Oscar,
1093 1983 171 49 1891-

201 2056 268 56 Varicose
500 2055 175 68 veins,
705 2056 142 53 with
879 2056 211 69 special
1121 2055 288 55 reference
1439 2063 59 46 to
1531 2058 95 52 the
1657 2057 276 69 injection
128 2063 1988 139 treatment,

334 2134 1804 69 by H. O. McPheeters … illustrated with half-tone and
128 2212 114 54 line
281 2213 363 69 engravings.
737 2213 430 69 Philadelphia,
1205 2215 66 52 F.
1312 2213 72 53 A.
1424 2213 182 55 Davis
1645 2232 300 51 company,
1986 2217 152 51 1929.

199 2295 884 49 208 p. illus., col. pl., diagr. 23 ᶜᵐ.
199 2352 350 48 Bibliography:
612 2363 42 38 p.
684 2351 220 42 199-202.

135 2406 52 52 ©
219 2411 129 47 Sept.
373 2412 42 46 4,
443 2409 114 41 1929;
614 2410 69 40 2c.
711 2411 96 39 and
836 2409 83 42 aff.
951 2409 129 49 Sept.
1110 2410 28 40 5;
1194 2410 42 40 A
1263 2410 144 40 12201;
1467 2411 53 41 F.
1548 2411 57 40 A.
1634 2410 156 42 Davis
1816 2421 71 31 co.

210 2465 281 50 (29-20904)

131 2559 302 65 Merriam,
465 2559 247 55 Charles
742 2560 275 65 Edward,
1049 2561 172 54 1874-

196 2636 121 54 The
352 2637 308 53 American
697 2642 173 64 party
908 2643 239 64 system;
1189 2656 72 34 an
1298 2638 394 54 introduction
1728 2644 60 48 to
1827 2639 95 53 the
1961 2640 173 68 study

125 2714 65 53 of
221 2715 261 68 political
517 2716 215 68 parties
766 2715 61 53 in
860 2716 96 52 the
990 2715 221 55 United
1248 2715 208 68 States,
1490 2716 77 69 by
1602 2716 239 55 Charles
1876 2716 257 54 Edward

123 2792 2010 57 Merriam and Harold Foote Gosnell … Rev. ed. New York,
124 2871 121 53 The
273 2871 337 53 Macmillan
638 2889 299 52 company,
969 2874 152 50 1929.

197 2951 1081 51 ix p., 1 l., 488 p. 2 fold. pl., diagr. 20½ᶜᵐ.
133 3006 52 52 ©
219 3010 103 41 Oct.
356 3010 39 47 8,
428 3010 140 48 1929;
602 3011 68 41 2c.
704 3012 98 39 and
834 3010 83 42 aff.
952 3011 102 41 Oct.
1088 3011 54 47 9;
1177 3011 41 39 A
1251 3010 173 48 14056;
1461 3010 281 41 Macmillan
1777 3021 69 31 co.

209 3066 281 50 (29-21194)

130 3160 414 65 Mildeberger,
571 3162 209 63 Henry
808 3162 70 55 D.

126 3239 1985 148 Soul thoughts; selections from poems by Henry D. Mildeberger …
520 3318 1610 70 [New York, Press of Heiss corporation, inc., ᶜ1 929]
197 3398 849 50 80 p. front., plates, ports. 21 ᶜᵐ.
198 3455 215 41 “Second
445 3456 197 47 edition,
675 3456 275 49 enlarged.”

130 3508 52 52 ©
211 3513 127 40 June
363 3513 70 49 29,
462 3513 114 40 1929;
631 3513 68 42 2c.
728 3514 118 48 July
872 3513 56 41 30;
986 3514 84 41 aff.
1098 3515 130 48 Sept.
1256 3516 27 39 7;
1341 3514 42 40 A
1408 3514 145 40 12223;
1612 3515 60 40 H.
1702 3514 58 41 D.
1791 3513 337 47 Mildeberger.

197 3569 118 41 New
343 3570 143 40 York.
554 3569 280 49 (29-21174)

127 3664 199 64 Milne,
355 3663 153 54 Alan
538 3664 357 64 Alexander,
927 3671 172 49 1882-

200 3743 121 53 The
367 3742 379 70 Christopher
788 3744 191 54 Robin
1022 3750 159 62 story
1222 3744 166 70 book,
1433 3745 154 52 from
1628 3745 188 54 When
1860 3763 82 35 we
1988 3761 144 35 were

128 3839 139 51 very
299 3839 211 51 young,
543 3822 144 52 Now
720 3840 81 35 we
838 3841 94 34 are
967 3823 107 68 six,
1106 3822 565 70 Winnie-the-Pooh,
1705 3824 122 54 The
1861 3824 176 52 house
2071 3826 61 49 at

128 3899 162 53 Pooh
323 3899 235 69 Corner,
588 3900 77 69 by
696 3898 72 54 A.
801 3899 71 53 A.
905 3900 200 70 Milne,
1136 3902 241 52 selected
1411 3902 114 52 and
1555 3902 339 52 introduced
1925 3901 78 69 by
2034 3900 96 54 the
