2542 4361
1050 4035 101 49 605

166 452 65 47 xi,
260 451 83 41 691
371 462 42 37 p.
470 451 141 47 illus.,
641 451 158 47 plates
827 449 136 49 (part
989 450 112 48 col.)
1139 449 180 48 diagrs.
1374 448 149 40 20½ᶜᵐ.

170 509 129 41 “The
329 512 97 36 two
457 510 137 45 parts
626 505 52 41 of
710 506 98 40 this
841 507 184 40 edition
1057 506 116 48 will,
1206 517 55 29 as
1293 505 292 47 heretofore,
1620 505 55 39 be
1707 503 165 41 issued
1905 505 103 38 also
2042 514 55 29 as

97 566 225 46 separate
354 563 161 47 books,
546 562 204 40 entitled
783 563 250 39 Elements
1063 562 51 40 of
1144 561 285 49 physiology
1462 561 95 39 and
1591 560 221 47 Hygiene
1844 561 94 38 and
97 559 1983 102 sanitation.”—Pref.

99 673 52 52 ©
178 677 115 47 Apr.
319 676 69 47 23,
415 675 139 47 1929;
583 674 68 41 2c.
679 675 96 39 and
802 673 83 42 aff.
912 675 115 48 Apr.
1052 675 57 40 27;
1165 675 41 38 A
1234 674 141 48 6825;
1407 674 128 41 Ginn
1562 673 36 41 &
1624 682 68 31 co.

177 730 280 50 (29-10166)

100 825 224 64 Huard,
358 825 278 62 Georges,
672 825 171 54 1887-

229 900 1870 71 … L’art en Normandie, par Georges Huard … deux cent
97 981 463 52 soixante-douze
588 979 445 68 héliogravures,
1062 979 176 53 treize
1266 979 209 69 figures
1505 980 143 52 dans
1675 979 51 52 le
1756 982 167 49 texte.
98 978 1977 148 Paris,

221 1057 1776 67 Les Beaux-arts, é dition d’études et de documents [1928]
166 1138 1933 51 viii, 271 p., 1 l. incl. front., illus. (incl. plans) CXXVI pl. on 63 l. 33 ᶜᵐ .
107 1196 159 48 (L’art
290 1196 249 48 français;
568 1196 253 40 collection
851 1195 183 48 dirigée
1064 1207 87 38 par
1181 1196 211 49 Georges
1421 1196 347 49 Wildenstein)

168 1252 421 49 “Bibliographie”:
654 1264 42 37 p.
734 1253 248 49 [111]-116.

99 1305 52 52 ©
178 1310 113 41 Dec.
317 1310 25 40 31,
414 1310 140 41 1928;
642 1342 7 8 1c.
678 1310 111 39 Feb.
817 1312 40 44 1,
886 1310 141 45 1929;
1056 1311 102 38 A—
1161 1310 207 48 Foreign
1397 1311 142 46 1792;
1569 1312 169 38 Beaux
1767 1312 118 45 arts,
1916 1309 182 40 édition

167 1365 217 41 d’études
416 1369 49 37 et
496 1368 56 37 de
583 1368 298 38 documents.
953 1366 282 50 (29-10074)

96 1460 124 52 The
250 1459 263 64 Inquiry,
543 1462 85 51 New
716 1461 177 53 York.

167 1535 371 69 Community
573 1537 254 64 conflict;
868 1555 30 34 a
938 1536 379 55 formulation
1352 1539 64 52 of
1451 1557 123 34 case
1611 1538 213 53 studies
1860 1539 59 50 in
94 1556 1985 126 community

373 1614 243 67 conflict,
669 1614 140 53 with
862 1615 316 53 discussion
1231 1616 260 53 outlines.
1578 1616 389 77 Preliminary
2019 1617 84 51 ed.

95 1691 139 52 New
264 1691 163 52 York
454 1691 131 68 city,
615 1691 123 53 The
767 1691 262 69 Inquiry,
1063 1695 149 49 1929.

165 1774 136 46 xviii,
332 1774 88 40 156
447 1785 42 37 p.
550 1773 147 42 19½ᶜᵐ.

169 1830 146 40 “This
353 1832 146 45 study
539 1840 100 29 was
680 1831 262 47 sponsored
984 1831 60 47 by
1084 1832 90 40 Mr.
1213 1832 54 39 E.
1307 1831 50 41 C.
1397 1832 282 40 Lindeman.
1748 1833 57 39 In
1844 1832 128 46 1926,
2013 1834 90 40 Mr.

98 1885 2006 49 Raymond G. Fuller undertook to gather the initial material … The
97 1943 134 40 work
261 1953 102 29 was
395 1944 222 38 resumed
648 1943 60 47 by
740 1943 121 39 Miss
892 1944 157 38 Helen
1081 1945 196 46 Mayers
1307 1944 49 39 in
1389 1944 407 41 1927.”—Introd.

169 1998 296 49 “Suggested
499 1999 256 48 readings”:
818 2010 44 37 p.
894 1999 219 41 153-154.

100 2051 52 52 ©
182 2056 115 48 Apr.
327 2058 40 46 1,
399 2055 118 41 1929;
572 2056 69 40 2c.
673 2057 96 39 and
801 2055 82 42 aff.
916 2056 115 48 Apr.
1062 2056 57 39 25;
1180 2056 42 39 A
1254 2055 141 48 6750;
1432 2057 211 40 Edward
1678 2057 49 41 C.
1763 2057 187 47 Carter,
1984 2059 117 40 New

168 2112 146 40 York.
382 2111 281 50 (29-10138)

99 2204 287 65 Jamison,
414 2205 283 53 Alcinous
722 2205 251 61 Burton,
1006 2211 172 49 1851-

167 2283 309 53 Intestinal
510 2283 335 69 irrigation;
883 2301 81 49 or,
999 2283 173 69 Why,
1205 2284 147 68 how,
1386 2284 113 52 and
1534 2284 163 53 when
1731 2290 59 48 to
1825 2285 147 53 flush
2007 2286 96 52 the

97 2362 179 65 colon,
306 2362 221 52 treated
558 2361 59 52 in
648 2361 333 53 connection
1014 2362 141 51 with
1189 2362 164 52 other
1384 2367 237 48 matters
1652 2362 65 53 of
97 2362 1979 130 physiological

218 2439 1883 69 interest and importance, by Alcinous B. Jamison … 5th
98 2518 1867 69 ed. New York city, Tyrrell hygienic institute, inc. [ ᶜ19 29 ]
202 2600 766 48 x, 210 p. illus., plates. 19 ᶜᵐ .
99 2652 52 52 ©
181 2657 112 40 Feb.
318 2658 69 46 27,
417 2657 117 39 1929;
585 2657 68 40 2c.
682 2658 124 39 Mar.
833 2657 82 43 23;
946 2656 84 42 aff.
1057 2657 115 48 Apr.
1199 2657 56 40 27;
1313 2657 41 39 A
1380 2657 141 47 6799;
1552 2657 55 42 A.
1636 2658 53 39 B.
1719 2657 235 44 Jamison,
1982 2659 118 39 New

170 2714 143 39 York.
382 2713 281 49 (29-10155)

98 2806 278 65 Jungers,
409 2806 321 55 Théodore.

231 2896 1872 64 … Les Rocques du Haut-Mesnil. Paris, Éditions Argo
207 2974 67 50 [ ᶜ19 28]
164 3052 1510 49 313 p., 1 h 19 ᶜᵐ . (On cover: Les romans du terroir)
97 3108 1839 59 © Oct. 1, 1928; 1c. Jan. 18, 1929; A— Foreign 1637; Éditions Argo.
177 3172 283 50 (29-10091)

96 3266 339 64 Lehuraux,
467 3267 157 52 Léon
655 3268 241 63 Joseph.

229 3343 1870 70 … Sur les pistes du désert, avec 30 photographies hors texte
97 3427 53 48 et
179 3422 127 69 cinq
336 3428 196 48 cartes.
597 3424 186 67 Paris,
814 3425 148 52 Plon
998 3426 173 65 [1928]

164 3504 1520 51 2 p. l., xxii, 324 p. plates, ports., maps (1 fold.) 20 ᶜᵐ .
164 3562 63 39 At
257 3562 124 40 head
414 3562 52 41 of
496 3563 107 40 title:
664 3562 128 41 Léon
825 3564 278 41 Lehuraux.

97 3613 53 53 ©
178 3618 117 42 Nov.
322 3619 59 40 20,
481 3620 24 38 1928;
592 3621 67 39 1c.
687 3621 112 41 Jan.
886 3653 8 14 18,
925 3620 117 40 1929;
1097 3619 310 44 A—Foreign
1437 3619 113 39 1534;
1608 3618 242 41 Librairie
1878 3619 133 41 Plon.

176 3674 281 50 (29-10078)

96 3755 204 62 Lenin,
333 3756 255 55 Nikolaĭ.

167 3832 1921 69 Collected works of V . I. Lenin. Completely revised, edited
97 3910 1996 68 and annotated … [v. 20. The revolution of 1917, from the
