2533 4342
1317 3993 134 50 1804

427 444 1245 54 ix, [i], 642 p. illus. (part col.) diagrs. 26 ᶜᵐ .
364 513 1880 53 © June 28, 1929; 1c. Sept. 21; A —Foreign 4537; Julius Springer.
351 627 261 63 Harvey,
642 624 250 55 Marion.

424 705 121 53 The
572 704 122 54 clue
721 703 64 54 of
812 704 96 52 the
936 702 176 69 clock,
1139 703 74 68 by
1239 702 232 53 Marion
1498 702 255 67 Harvey.
1829 702 138 52 New
1996 700 180 70 York,
2205 700 66 50 E.
2302 700 55 53 J.

354 783 560 69 Clode, inc. [ ᶜ1 929]
427 860 696 51 V p., 1 l., 9-302 p. 19 ½ᶜᵐ .
364 929 51 52 ©
449 934 128 46 Sept.
605 932 70 42 20.
706 931 140 41 1929:
878 932 66 38 2c.
976 932 98 39 and
1103 931 83 40 aff.
1216 932 118 40 Nov.
1366 932 82 45 14;
1480 930 41 40 A
1552 930 171 47 15814;
1757 931 213 39 Edward
2001 931 44 40 J.
2077 929 160 48 Clode,
2270 930 91 39 inc.

442 988 281 49 (29-24372)

352 1083 386 64 Hawthorne,
769 1080 232 55 Marion
1033 1080 184 56 Olive.

492 1158 1874 69 … Jesus among His neighbors, by Marion O. Hawthorne.
359 1235 1780 70 New York, Cincinnati [etc.] The Abingdon press [ ᶜ1 929]
431 1316 1939 51 194 p. incl. illus., plates, front. 20 ½ᶜᵐ . (The Abingdon religious
364 1374 259 41 education
675 1375 144 46 texts,
871 1375 44 39 J.
965 1374 72 40 W.
1089 1373 261 48 Langdale,
1402 1374 197 46 general
1649 1372 186 48 editor;
1892 1372 262 47 Week-day
2207 1372 163 40 school

362 1430 164 47 series,
557 1430 53 41 G.
639 1431 61 40 H.
729 1431 154 46 Betts,
913 1428 185 49 editor)

367 1498 52 53 ©
449 1503 127 47 Sept.
601 1502 69 47 27,
696 1501 118 40 1929;
864 1502 68 39 2c.
958 1502 97 38 and
1081 1499 81 41 aff.
1191 1500 102 41 Oct.
1319 1500 52 47 9;
1399 1500 42 39 A
1465 1500 171 46 14003;
1667 1501 63 39 M.
1760 1499 52 42 O.
1839 1499 317 46 Hawthorne,
436 1501 1914 105 Evanston,
568 1558 53 41 O.
693 1556 281 50 (29-24357)

495 1649 1876 70 … Jesus among His neighbors. Teacher’s manual. By
362 1729 228 52 Marion
645 1728 68 55 O.
765 1728 376 53 Hawthorne.
1230 1728 138 51 New
1424 1727 180 66 York,
1660 1726 331 55 Cincinnati
2050 1732 138 62 [etc.]
2249 1727 122 52 The

358 1800 734 75 Abingdon press [ ᶜ1 929]
435 1887 85 41 117
553 1898 42 38 p.
765 1920 8 7 20ᶜᵐ.
844 1887 125 47 (The
1003 1886 255 48 Abingdon
1293 1886 231 48 religious
1559 1886 259 41 education
1855 1887 144 46 texts,
2036 1886 44 40 J.
2115 1886 71 40 W.
368 1885 1990 106 Langdale,
526 1945 197 46 general
758 1943 184 47 editor;
980 1943 265 48 Week-day
1279 1943 164 40 school
1478 1942 164 48 series,
1682 1942 53 41 G.
1773 1943 61 39 H.
1872 1943 155 45 Betts,
2064 1942 183 47 editor)

372 2011 51 52 ©
452 2016 129 47 Sept.
603 2016 69 47 27,
700 2015 140 47 1929;
868 2016 68 39 2c.
963 2016 96 39 and
1086 2014 82 42 aff.
1195 2014 101 41 Oct.
1324 2014 52 40 9:
1405 2014 41 39 A
1471 2014 170 40 14003:
1672 2015 62 38 M.
1764 2013 52 42 O.
1844 2013 317 46 Hawthorne,
441 2014 1913 106 Evanston,
568 2073 76 39 Ill.
711 2071 282 48 (29-24358)

362 2165 341 64 Heberling,
733 2165 227 54 Walter
988 2165 73 55 A.

437 2242 169 53 Basic
639 2241 288 70 lettering,
962 2260 32 35 a
1028 2242 463 68 comprehensive
1524 2243 114 52 and
1675 2242 278 68 practical
1988 2241 388 69 presentation

366 2319 65 53 of
460 2320 96 53 the
585 2325 92 47 art
704 2319 65 53 of
795 2320 290 69 lettering,
1113 2319 76 70 by
1217 2320 91 54 W.
1339 2321 71 52 A.
1442 2320 338 69 Heberling.
1847 2321 72 52 2d
1951 2320 85 53 ed.
2105 2318 273 70 Chicago,

366 2397 783 68 F. J. Drake & co. [ ᶜ1 929]
437 2481 938 48 2 p. l., 7-171 p. illus. 22½ × 28ᶜᵐ.
440 2552 99 39 The
567 2550 331 41 illustrations
926 2561 85 29 are
1041 2550 263 41 numbered
1332 2560 55 31 as
1415 2552 174 47 plates.

441 2609 127 38 Most
604 2607 51 40 of
691 2608 80 39 the
807 2606 294 49 descriptive
1138 2609 105 38 text
1278 2606 53 41 of
1364 2608 81 39 the
1481 2608 76 39 1st
1591 2607 184 40 edition
1809 2608 89 39 has
1933 2609 119 39 been
2086 2608 201 40 omitted
2328 2608 49 40 in

370 2664 99 40 this
495 2663 145 40 issue,
698 2662 62 49 cf.
789 2663 130 40 Pref.

377 2730 52 52 ©
458 2735 119 39 Nov.
606 2735 38 47 7,
674 2733 141 43 1929;
846 2734 68 40 2c.
943 2734 97 39 and
1069 2733 81 40 aff.
1179 2734 118 39 Nov.
1328 2735 81 39 11:
1440 2734 41 39 A
1509 2734 172 47 14730;
1713 2736 304 47 Wallbrunn,
2049 2735 150 48 Kling
2228 2736 36 39 &
2293 2746 82 37 co.,

446 2790 224 48 Chicago.
737 2789 283 49 (29-24327)

366 2884 313 55 Hesiodus.

504 2961 1876 70 … I poemi: Le opere e i giorni—La teogonia—Lo scudo di
376 3039 665 66 Ercole—Frammenti;
1100 3057 104 34 con
1258 3039 265 53 incisioni
1578 3040 58 53 di
1693 3040 71 53 A.
1820 3041 68 52 de
1945 3039 225 56 Carolis
2226 3060 25 33 e
2307 3042 72 51 A.

372 3116 245 52 Moroni.
685 3116 280 68 Bologna,
996 3116 70 53 N.
1099 3116 313 53 Zanichelli
1448 3120 172 64 [1929]

446 3197 91 47 cix,
580 3197 86 40 177
707 3208 57 37 p.,
804 3197 28 40 3
894 3229 8 8 l.
945 3196 112 41 incl.
1101 3198 158 47 plates.
1333 3197 118 41 fold.
1495 3199 97 40 tab.
1761 3230 9 9 21ᶜᵐ.
1841 3199 301 49 (Half-title:
2187 3200 20 38 I
2253 3200 127 47 poeti

375 3252 128 49 greci
534 3252 208 45 tradptti
770 3254 60 40 da
861 3254 52 40 E.
989 3253 269 49 Romagnoli)

446 3324 63 39 At
538 3324 124 39 head
690 3323 53 40 of
768 3323 136 41 title:
935 3323 193 42 Esiodo.

446 3373 142 46 Head
618 3380 95 39 and
746 3379 90 40 tail
867 3379 174 49 pieces.

383 3445 1981 110 © June 1, 1929; 1c. June 27; A—Foreign 3319; Casa editrice N. Zanichelli. (29-24367)
372 3598 284 64 Johnson,
685 3600 129 64 Roy
841 3602 166 64 Ivan,
1039 3607 168 49 1889-

443 3679 287 52 Practical
758 3680 215 53 studies
1001 3679 61 53 in
1089 3681 395 68 composition,
1511 3682 140 52 with
1680 3683 284 67 specimen
1993 3682 286 68 readings,
2305 3682 75 69 by

374 3755 2008 74 Roy Ivan Johnson … Laura Anita Searcy … [and] Werrett
373 3833 2010 72 Wallace Charters … New York, The Macmillan company,
378 3914 150 51 1929.
