2542 4389
1059 4039 100 52 889

151 473 355 49 143 p. 25 ½ᶜᵐ .
153 543 297 42 Cover-title.

87 611 51 52 ©
169 615 111 40 Feb.
306 615 68 47 11,
402 613 142 47 1929;
571 614 69 39 2c.
668 613 112 41 Feb.
807 613 81 47 13;
918 613 83 41 aff.
1028 614 115 47 Apr.
1170 613 83 47 22;
1283 613 41 39 A
1351 613 141 47 7035;
1523 614 229 40 Harvard
1780 616 96 38 law
1904 615 175 48 school,

155 671 301 48 Cambridge,
485 671 147 40 Mass.

87 783 252 61 Heaton,
371 779 276 53 Kenneth
680 778 210 55 Lewis.

158 857 313 55 Character
498 856 266 68 building
793 856 252 68 through
1075 857 344 65 recreation;
1452 876 31 33 a
1513 857 260 69 training
1801 875 195 36 course
2025 860 57 52 in

88 935 372 53 recreational
488 934 343 67 leadership,
860 934 72 68 by
963 933 270 53 Kenneth
1262 934 66 52 L.
1356 933 248 53 Heaton.
1672 934 270 69 Chicago,
1971 935 114 68 Ill.,

88 1014 121 52 The
239 1011 338 68 University
603 1009 67 54 of
700 1009 253 70 Chicago
984 1029 158 49 press
1177 1013 172 64 [1929]

160 1094 103 48 xiii,
294 1091 87 43 230
410 1103 43 38 p.
513 1092 142 48 illus.,
689 1092 181 48 diagrs.
1037 1123 10 9 18ᶜᵐ.
1116 1091 301 49 (Half-title:
1447 1093 103 39 The
1581 1092 283 49 University
1897 1094 52 40 of
90 1093 1979 105 Chicago

238 1147 1848 51 publications in religious education … Principles and methods of
91 1206 230 48 religious
353 1203 283 49 education)

161 1274 377 48 Bibliography:
572 1284 44 38 p.
646 1273 220 42 217-228.

92 1342 51 52 ©
170 1346 115 46 May
307 1345 69 47 21,
403 1343 141 48 1929;
570 1344 69 41 2c.
664 1345 95 38 and
785 1343 82 40 aff.
895 1343 126 41 June
1047 1343 82 47 12;
1157 1342 40 40 A
1224 1343 142 47 9662;
1395 1343 283 49 University
1703 1345 53 40 of
1781 1344 227 49 Chicago.

170 1400 280 50 (29-13021)

94 1510 376 63 Hinrichsen,
503 1508 266 65 Ludwig,
806 1512 171 52 1872-

220 1586 1654 70 … Klaus Wessel, ein Hamburger kaufmannsroman.
90 1590 1978 142 Bremen,
268 1664 61 55 C.
368 1664 419 68 Schünemann,
824 1667 151 50 1928.

161 1748 98 48 389,
299 1751 54 47 [1]
387 1759 45 37 p.
491 1748 147 41 19½ᶜᵐ.

96 1814 1992 55 © Nov. 27, 1928; 1c. Mar. 13, 1929; A—Foreign 2421; Carl Schünemann,
162 1876 222 39 Bremen.
454 1873 280 51 (29-13448)

98 1983 284 64 Hispanic
408 1983 226 64 society
663 1984 63 52 of
756 1983 295 56 America.

169 2064 181 68 Early
395 2064 284 67 engraved
726 2063 210 54 ivories
977 2064 59 52 in
1081 2064 96 52 the
1223 2063 295 54 collection
1563 2064 64 53 of
1670 2065 96 53 the
1808 2065 285 68 Hispanic

98 2143 211 67 society
338 2141 64 54 of
431 2143 266 51 America
729 2142 153 51 from
911 2142 364 53 excavations
1303 2141 76 70 by
1408 2141 222 70 George
1658 2143 254 54 Edward
98 2145 1971 128 Bonsor

277 2219 1654 70 … New York, Printed by order of the trustees, 1928.
96 2300 1982 106 ix, 127 p. illus., LV pl. 16½ᶜᵐ. (Half-title: Hispanic notes & monographs;
342 2368 180 37 essays,
562 2357 200 49 studies,
800 2359 98 39 and
933 2357 129 41 brief
1097 2357 310 49 biographies
1443 2358 164 41 issued
1644 2359 61 48 by
1741 2361 81 39 the
1859 2360 237 48 Hispanic

95 2416 182 47 society
304 2416 52 39 of
382 2413 248 50 America)

167 2487 257 47 Engraved
456 2485 138 49 ivory
623 2486 155 40 found
810 2485 52 40 in
893 2495 173 39 graves
1099 2484 278 42 discovered
1413 2485 51 40 in
1495 2486 91 40 Los
1619 2487 196 39 Alcores
1846 2486 128 41 hills,
2035 2489 61 47 cf.

97 2543 129 42 Pref.

169 2599 376 42 “References”:
577 2611 45 38 p.
651 2599 220 43 126-127.

101 2668 51 52 ©
178 2674 122 38 Mar.
323 2672 70 47 26,
418 2671 117 41 1929;
582 2672 68 40 2c.
676 2672 97 39 and
797 2670 83 42 aff.
904 2671 127 41 June
1055 2671 55 39 13;
1166 2671 38 38 A
1259 2670 111 47 8667;
1398 2670 237 48 Hispanic
1660 2681 94 30 soc.
1778 2671 53 40 of
1854 2671 238 48 America,

167 2729 120 41 New
308 2729 145 40 York.
515 2727 280 51 (29-12930)

172 2839 617 69 Fourteenth-century
821 2837 269 69 painting
1124 2837 55 52 in
1214 2837 94 53 the
1339 2837 276 68 kingdom
1644 2837 65 53 of
1739 2837 238 69 Aragon
105 2837 1969 150 beyond
297 2919 96 52 the
432 2936 108 34 sea.
615 2917 139 53 New
793 2916 180 68 York,
1013 2916 242 52 Printed
1292 2915 77 69 by
1406 2916 167 52 order
1610 2915 62 53 of
1708 2917 96 52 the
1841 2921 257 61 trustees,

102 2999 150 51 1929.

101 3073 1982 110 2 p. l., 25 p. X pl. on 5 l. 18½ᶜᵐ. (Half-title: Hispanic notes & monographs;
346 3144 182 37 essays,
564 3133 200 48 studies,
802 3133 93 39 and
934 3131 127 41 brief
1097 3130 309 50 biographies
1444 3130 163 41 issued
1645 3132 63 47 by
1744 3133 80 39 the
1864 3132 238 49 Hispanic

101 3192 183 47 society
310 3191 53 40 of
389 3190 249 49 America)

172 3262 128 40 Title
332 3262 243 48 vignette:
612 3262 111 40 Seal
756 3261 52 39 of
840 3261 83 40 the
956 3258 238 49 Hispanic
1226 3254 183 51 society
1440 3258 55 41 of
1526 3259 238 43 America.

174 3317 377 43 “References”:
581 3329 44 37 p.
650 3316 161 42 21-25.

107 3386 51 52 ©
184 3391 114 39 Mav
320 3389 69 49 28,
414 3389 140 46 1929;
580 3390 68 40 2c.
672 3390 97 39 and
792 3388 83 40 aff.
900 3389 127 38 June
1050 3388 54 38 13;
1160 3387 38 38 A
1224 3386 140 43 8668;
1392 3386 237 48 Hispanic
1653 3387 183 48 society
1861 3387 51 39 of

174 3387 1907 109 America,
287 3447 119 40 New
429 3446 144 41 York.
636 3444 281 51 (29-12929)

109 3554 286 64 Hopkins,
425 3555 142 52 Levi
596 3554 276 62 Thomas,
906 3559 171 49 1889-

179 3631 364 55 Curriculum
579 3632 313 68 principles
929 3631 112 52 and
1079 3629 276 69 practices
1414 3628 93 68 [by]
1549 3629 65 52 L.
1652 3628 249 53 Thomas
107 3629 1968 133 Hopkins

328 3704 1771 74 … Chicago, New York [etc.] B. H. Sanborn & co.. 1929.
178 3786 1393 53 xiv p., 1 l., 617 p. incl. tables, diagrs., forms. 21ᶜᵐ.
182 3860 246 40 “Selected
455 3859 301 41 references”
786 3861 53 39 at
866 3860 91 40 end
986 3859 51 40 of
1064 3860 126 38 most
1218 3857 51 40 of
1296 3857 81 41 the
1406 3856 240 48 chapters.

112 3926 51 52 ©
189 3930 127 42 June
340 3930 69 41 11.
433 3930 113 40 1929;
600 3930 67 40 2c.
693 3930 95 39 and
814 3928 82 41 aff.
922 3929 126 39 June
1073 3928 54 40 13;
1182 3926 42 40 A
1248 3925 141 48 8684;
1418 3927 140 47 Benj.
1584 3928 60 39 H.
1674 3927 219 40 Sanborn
1918 3927 37 40 &
1980 3936 69 31 co.

191 3986 281 50 (29-13014)
