2533 4342
1327 3962 137 55 1714

394 326 1634 71 Mvssolini e il fascismo. Roma, O. Daffinà [ ᶜ1 929 ]
464 407 1674 50 viii, 408 p. col. front., illus. (incl. facsims.) ports. 36×28 ᶜᵐ.
467 465 338 40 Introduction
832 466 60 46 by
916 466 221 46 Augusto
1163 464 189 48 Turati,
1378 465 198 40 articles
1602 466 61 46 by
1688 465 203 41 Alfredo
1917 466 156 40 Rocco
2097 467 98 39 and
2218 468 181 40 others.

466 521 272 41 “Distribui
771 532 24 29 e
828 521 230 40 coordinö
1090 523 47 37 la
1172 521 207 39 materia
1416 521 170 40 Oreste
1622 521 236 41 Daffinà.”

400 587 1746 109 © May 16, 1929; 1c. July 3; A— Foreign 3910; Oreste Daffina. (29-22810)
392 740 223 65 Nason,
646 741 269 53 Leonard
944 742 77 54 H.

463 820 120 51 The
625 819 340 67 incomplete
1007 819 269 68 mariner,
1316 819 76 69 by
1435 821 264 52 Leonard
1742 821 77 53 H.
1862 822 211 52 Nason.
2166 821 232 55 Garden

393 896 152 70 City,
578 898 70 52 N.
683 898 90 67 Y.,
806 896 358 69 Doubleday,
1197 898 199 51 Doran
1428 899 51 49 &
1513 913 299 52 company,
1844 896 126 69 inc.,
2005 901 149 50 1929.

460 976 528 50 4 p. l., 3-315 p. 19½ᶜᵐ.
742 1048 162 40 CONTENTS.—The
942 1048 290 48 incomplete
1269 1047 781 50 mariner.—Hunger.—Narrow
2087 1051 193 40 waters.

400 1102 51 52 ©
480 1106 101 40 Oct.
611 1106 69 44 25,
709 1105 142 48 1929;
880 1106 69 40 2c.
979 1107 97 39 and
1103 1105 84 41 aff.
1215 1106 119 40 Nov.
1363 1106 24 38 1;
1447 1106 41 38 A
1517 1105 145 41 14567;
1721 1106 299 49 Doubleday,
2052 1107 166 39 Doran
2249 1108 36 39 &
2314 1117 82 39 co.,

466 1163 91 41 inc.
625 1161 282 50 (29-22804)

390 1256 238 64 Nissen,
659 1257 208 63 Henry
893 1255 364 64 Wieghorst.

528 1332 1872 71 … The effects of gonadectomy, vasotomy, and injections of
396 1411 287 68 placental
711 1411 113 52 and
854 1410 192 54 orchic
1075 1416 246 48 extracts
1351 1429 74 35 on
1453 1411 97 52 the
1579 1429 97 35 sex
1704 1410 273 54 behavior
2006 1411 66 54 of
2099 1412 96 53 the
2225 1411 174 55 white

397 1494 118 62 rat;
554 1488 154 53 from
743 1488 96 53 the
873 1488 239 52 Animal
1148 1489 332 68 laboratory
1515 1487 67 54 of
1615 1489 100 52 the
1749 1489 380 67 Department
2166 1489 66 53 of
396 1507 1980 128 psychology,

396 1564 1979 148 Columbia university, by Henry W. Nissen … Worcester, Mass.,
836 1641 933 71 Clark university press, ᶜ1 929.
393 1724 1988 107 3 p. l., p. 455-550, 1 illus., diagrs. 24½ᶜᵐ. (Genetic psychology monographs … vol.
851 1781 205 49 v , no. 6)
466 1836 1883 50 “This report covers one major topic in a project on animal drives …
395 1895 264 48 supported
685 1894 60 48 by
772 1893 80 41 the
879 1893 202 42 Council
1106 1893 80 41 for
1210 1894 228 41 research
1463 1894 51 39 in
1541 1894 81 40 the
1648 1894 154 41 social
1827 1893 211 42 sciences
2066 1894 53 41 of
2145 1894 253 41 Columbia

393 1949 317 50 university.”

466 2005 378 42 “References”:
878 2017 43 38 p.
956 2006 218 43 538-547.

398 2059 51 52 ©
481 2063 102 41 Oct.
611 2063 69 48 11,
710 2063 115 40 1929;
883 2064 67 39 2c.
981 2063 104 40 Oct.
1114 2063 56 39 12;
1229 2062 81 42 aff.
1341 2062 103 42 Oct.
1475 2064 56 39 17;
1589 2064 40 38 A
1660 2062 147 41 15078;
1864 2062 150 41 Clark
2044 2063 130 40 univ.
474 2118 280 49 (29-23099)

389 2211 153 54 Ohio
565 2214 463 68 jurisprudence;
1060 2234 31 34 a
1118 2214 277 68 complete
1421 2219 303 49 statement
1753 2214 65 54 of
1841 2216 96 53 the
1961 2215 110 53 law
2098 2217 112 52 and
466 2232 1911 111 practice

603 2290 64 53 of
694 2292 97 51 the
818 2295 145 48 state
992 2290 66 53 of
1087 2290 169 68 Ohio,
1286 2291 140 52 with
1458 2290 199 54 forms.
1723 2290 211 54 Editor
1962 2291 61 53 in
2053 2291 172 67 chief,
464 2289 1911 132 Willis
582 2368 73 52 A.
702 2368 251 67 Estrich,

1003 2369 326 68 consulting
1377 2368 186 53 editor
1610 2368 263 55 William
1919 2369 81 53 M.
2049 2367 349 70 McKinney,

464 2446 315 69 managing
823 2446 204 67 editor,
1073 2445 223 70 George
1345 2445 57 56 S.
1449 2445 228 55 Gulick.
1758 2465 49 34 v.
1856 2446 47 54 7.
1953 2445 338 55 Cemeteries
2340 2451 56 47 to

467 2522 466 55 Confrontation.
998 2524 326 67 Rochester,
1351 2524 71 52 N.
1450 2523 91 68 Y.,
1568 2524 125 52 The
1716 2523 269 68 Lawyers
2015 2522 387 69 co-operative

465 2601 338 69 publishing
833 2619 299 50 company,
1167 2604 149 50 1929.

462 2682 862 49 ix, 1079 p. front. (port.) 25 ᶜᵐ.
398 2734 52 53 ©
483 2740 118 40 Nov.
635 2740 68 47 11,
735 2739 115 40 1929;
910 2740 68 39 2c.
1012 2740 96 39 and
1141 2739 82 41 aff.
1256 2740 119 39 Nov.
1408 2739 55 39 15;
1526 2739 43 39 A
1598 2739 147 41 14844;
1807 2739 229 47 Lawyers
2072 2736 324 48 co-operative

464 2796 109 48 pub.
605 2806 68 31 co.

390 2888 259 64 Oudard,
680 2888 279 65 Georges.

522 2965 1850 68 … Désir de Pamour, roman. Paris, E. Flammarion [ 1929]
459 3046 416 49 247 p., 1 l. 19 ᶜᵐ.
397 3099 1911 53 © May 9, 1929; 1c. May 23; A—Foreign 3137; Ernest Flammarion.
475 3160 281 49 (29-22708)

454 3250 1947 73 … The Pacific reporter, v. 278. Permanent ed. … with
459 3333 374 69 key-number
893 3334 381 52 annotations.
1350 3333 143 70 July
1552 3332 334 70 15-August
1942 3335 85 67 26,
2086 3335 149 49 1929.
2316 3330 83 57 St.

461 3411 167 67 Paul,
653 3411 160 53 West
843 3411 336 69 publishing
1208 3430 98 50 co.,
1337 3414 151 51 1929.

535 3491 354 49 xx, 1186 p. 26 ᶜᵐ.
399 3542 51 52 ©
482 3547 102 40 Oct.
615 3547 68 48 16,
714 3547 118 40 1929;
886 3548 69 40 2c.
985 3548 120 40 Nov.
1135 3548 55 40 13;
1250 3547 83 42 aff.
1364 3548 118 40 Nov.
1513 3548 54 38 11;
1628 3547 44 39 A
1701 3546 144 41 15767;
1906 3548 134 39 West
2070 3546 111 48 pub.
2211 3556 69 29 co.

391 3655 271 63 Palache,
688 3655 155 53 John
873 3656 245 54 Garber.

462 3732 185 52 Marie
690 3733 354 67 Antoinette,
1085 3734 96 51 the
1223 3733 201 68 player
1466 3751 195 50 queen,
1702 3733 77 68 by
1821 3733 157 53 John
2022 3731 221 55 Garber
392 3733 1979 130 Palache.

642 3810 257 68 London,
941 3811 140 52 New
1126 3810 164 53 York
1337 3815 137 62 [etc.]
1520 3811 347 67 Longmans,
1910 3809 187 55 Green
2140 3809 113 51 and
2295 3825 99 49 co.,

392 3891 148 51 1929.
