<alto xmlns="http://www.loc.gov/standards/alto/ns-v3#" xmlns:xlink="http://www.w3.org/1999/xlink" xmlns:xsi="http://www.w3.org/2001/XMLSchema-instance" xsi:schemaLocation="http://www.loc.gov/standards/alto/ns-v3# http://www.loc.gov/alto/v3/alto-3-0.xsd"><Description>
<MeasurementUnit>pixel</MeasurementUnit>
<sourceImageInformation>
<fileName>1929_v26_part001.pdf</fileName>
</sourceImageInformation>
<OCRProcessing ID="IdOcr">
<ocrProcessingStep>
<processingDateTime>2019-04-18</processingDateTime>
<processingSoftware>
<softwareCreator>ABBYY</softwareCreator>
<softwareName>ABBYY Recognition Server</softwareName>
<softwareVersion>4.0</softwareVersion>
</processingSoftware>
</ocrProcessingStep>
</OCRProcessing>
</Description>
<Styles>
<ParagraphStyle ID="StyleId-FFFFFFFF-FFFF-FFFF-FFFF-FFFFFFFFFFFF-" ALIGN="Left" LEFT="0." RIGHT="0." FIRSTLINE="0."/>
<ParagraphStyle ID="StyleId-11A520CB-49B0-4D42-A675-089886D5B704-" ALIGN="Center" LEFT="0." RIGHT="0." FIRSTLINE="0." LINESPACE="7.699999809"/>
<ParagraphStyle ID="StyleId-2AEC4724-E584-48A1-8E6D-86B1AA154223-" ALIGN="Left" LEFT="0." RIGHT="0." FIRSTLINE="0." LINESPACE="12.19999981"/>
<ParagraphStyle ID="StyleId-5ADCDE1D-F34B-405C-A765-E9B51F6229BD-" ALIGN="Left" LEFT="0." RIGHT="0." FIRSTLINE="-13." LINESPACE="8.050000191"/>
<ParagraphStyle ID="StyleId-D0AEFB96-F81D-4367-8545-C0AC945FA34C-" ALIGN="Block" LEFT="0." RIGHT="0." FIRSTLINE="-13." LINESPACE="8.899999619"/>
<ParagraphStyle ID="StyleId-9A3BB592-4BA4-4F85-B157-B9A7F1FC9680-" ALIGN="Left" LEFT="0." RIGHT="0." FIRSTLINE="0."/>
<ParagraphStyle ID="StyleId-E9D6144A-CFDC-4919-911D-02B0461DB967-" ALIGN="Left" LEFT="0." RIGHT="0." FIRSTLINE="-13." LINESPACE="23.43000031"/>
<ParagraphStyle ID="StyleId-EEECFC68-AAC5-42B1-B3BF-987799B5B74A-" ALIGN="Block" LEFT="0." RIGHT="0." FIRSTLINE="0." LINESPACE="23.43000031"/>
<ParagraphStyle ID="StyleId-98D20B11-A9BB-4FAB-8DC8-DC8C43F3755E-" ALIGN="Left" LEFT="0." RIGHT="0." FIRSTLINE="0." LINESPACE="10.5"/>
<ParagraphStyle ID="StyleId-C279DBAD-2656-4352-93E6-C942618B09B1-" ALIGN="Block" LEFT="0." RIGHT="0." FIRSTLINE="-13." LINESPACE="8.770000458"/>
<ParagraphStyle ID="StyleId-A539B2D0-654F-45BA-9385-D7E681D9BD87-" ALIGN="Block" LEFT="0." RIGHT="0." FIRSTLINE="0." LINESPACE="8.18999958"/>
<ParagraphStyle ID="StyleId-CFE66565-54F2-45CF-9511-65151219B0BC-" ALIGN="Left" LEFT="0." RIGHT="0." FIRSTLINE="-12." LINESPACE="12.19999981"/>
<ParagraphStyle ID="StyleId-37B60A95-D7B9-4720-9D46-F2E763AAD699-" ALIGN="Block" LEFT="0." RIGHT="0." FIRSTLINE="0." LINESPACE="12.19999981"/>
<ParagraphStyle ID="StyleId-255154CA-71AA-47B9-A5EB-ED90642010CE-" ALIGN="Block" LEFT="0." RIGHT="0." FIRSTLINE="13." LINESPACE="7.900000095"/>
<ParagraphStyle ID="StyleId-4618FB06-20CA-4F95-9CA2-829603EE887D-" ALIGN="Block" LEFT="0." RIGHT="0." FIRSTLINE="0." LINESPACE="10."/>
<ParagraphStyle ID="StyleId-61F9B98E-BA82-4DCF-809A-0C5481162321-" ALIGN="Left" LEFT="0." RIGHT="0." FIRSTLINE="-13." LINESPACE="8.479999542"/>
<ParagraphStyle ID="StyleId-16A4FB0C-4CB7-44C8-846E-AF89DD76FC73-" ALIGN="Left" LEFT="0." RIGHT="0." FIRSTLINE="0." LINESPACE="11.10000038"/>
<ParagraphStyle ID="StyleId-8CC01B24-9D1D-45D5-B954-83ECA9EA3425-" ALIGN="Left" LEFT="0." RIGHT="0." FIRSTLINE="-13." LINESPACE="8.050000191"/>
<ParagraphStyle ID="StyleId-3DB8CD3F-AD17-4DD7-8361-787A6A426C72-" ALIGN="Block" LEFT="0." RIGHT="0." FIRSTLINE="13." LINESPACE="7.900000095"/>
</Styles>
<Layout>
<Page ID="Page921" PHYSICAL_IMG_NR="921" HEIGHT="4389" WIDTH="2542">
<TopMargin HEIGHT="352" WIDTH="2542" VPOS="0" HPOS="0">
</TopMargin>
<LeftMargin HEIGHT="3611" WIDTH="134" VPOS="352" HPOS="0">
</LeftMargin>
<RightMargin HEIGHT="3611" WIDTH="382" VPOS="352" HPOS="2160">
</RightMargin>
<BottomMargin HEIGHT="426" WIDTH="2542" VPOS="3963" HPOS="0">
<TextBlock ID="Page921_Block1" HEIGHT="162" WIDTH="395" VPOS="3981" HPOS="1042" LANG="en-US" STYLEREFS="StyleId-5C1C3025-4D1E-49C9-9077-BFF3C48541D0-">
<TextLine HEIGHT="50" WIDTH="100" VPOS="4009" HPOS="1116">
<String CONTENT="921" HEIGHT="50" WIDTH="100" VPOS="4009" HPOS="1116"/>
</TextLine>
</TextBlock>
<GraphicalElement ID="Page921_Block2" HEIGHT="426" WIDTH="34" VPOS="3963" HPOS="0"/>
</BottomMargin>
<PrintSpace HEIGHT="3611" WIDTH="2026" VPOS="352" HPOS="134">
<TextBlock ID="Page921_Block3" HEIGHT="3611" WIDTH="2026" VPOS="352" HPOS="134" LANG="en-US" CS="1" STYLEREFS="StyleId-CD0CB715-3B74-4A20-BF66-04FB90D111D4-">
<TextLine HEIGHT="48" WIDTH="618" VPOS="445" HPOS="214" CS="1">
<String CONTENT="5" HEIGHT="37" WIDTH="26" VPOS="445" HPOS="214"/>
<SP HEIGHT="47" WIDTH="26" VPOS="445" HPOS="241"/>
<String CONTENT="p." HEIGHT="37" WIDTH="43" VPOS="455" HPOS="268"/>
<SP/>
<String CS="1" CONTENT="l.,"/>
<SP/>
<String CONTENT="3-132" HEIGHT="39" WIDTH="142" VPOS="445" HPOS="414"/>
<SP HEIGHT="48" WIDTH="28" VPOS="445" HPOS="557"/>
<String CONTENT="p." HEIGHT="38" WIDTH="43" VPOS="455" HPOS="586"/>
<SP HEIGHT="39" WIDTH="56" VPOS="446" HPOS="630"/>
<String CS="1" CONTENT="19&#189;" HEIGHT="40" WIDTH="55" VPOS="445" HPOS="687"/>
<String STYLE="superscript" CS="1" CONTENT="&#7580;&#7504;"/>
<String CONTENT="." HEIGHT="7" WIDTH="8" VPOS="479" HPOS="824"/>
</TextLine>
<TextLine HEIGHT="54" WIDTH="1933" VPOS="496" HPOS="149" STYLEREFS="StyleId-D606DA33-32CC-4156-AA5B-9CB3763CD8A2-">
<String CONTENT="&#169;" HEIGHT="52" WIDTH="51" VPOS="496" HPOS="149"/>
<SP HEIGHT="52" WIDTH="27" VPOS="496" HPOS="201"/>
<String CONTENT="June" HEIGHT="39" WIDTH="125" VPOS="501" HPOS="229"/>
<SP HEIGHT="38" WIDTH="26" VPOS="501" HPOS="355"/>
<String CONTENT="14," HEIGHT="45" WIDTH="68" VPOS="501" HPOS="382"/>
<SP HEIGHT="45" WIDTH="26" VPOS="501" HPOS="451"/>
<String CONTENT="1929;" HEIGHT="48" WIDTH="140" VPOS="499" HPOS="478"/>
<SP HEIGHT="46" WIDTH="27" VPOS="501" HPOS="619"/>
<String CONTENT="2c." HEIGHT="41" WIDTH="67" VPOS="501" HPOS="647"/>
<SP HEIGHT="30" WIDTH="26" VPOS="512" HPOS="715"/>
<String CONTENT="and" HEIGHT="38" WIDTH="95" VPOS="503" HPOS="742"/>
<SP HEIGHT="39" WIDTH="25" VPOS="503" HPOS="838"/>
<String CONTENT="aff." HEIGHT="42" WIDTH="83" VPOS="502" HPOS="864"/>
<SP HEIGHT="40" WIDTH="25" VPOS="504" HPOS="948"/>
<String CONTENT="June" HEIGHT="39" WIDTH="126" VPOS="504" HPOS="974"/>
<SP HEIGHT="39" WIDTH="25" VPOS="504" HPOS="1101"/>
<String CONTENT="19;" HEIGHT="47" WIDTH="82" VPOS="503" HPOS="1127"/>
<SP HEIGHT="46" WIDTH="27" VPOS="504" HPOS="1210"/>
<!-- cceid 9C9B9787-6CFA-1014-9C3C-CEA95E7AA542 --><String CONTENT="A" HEIGHT="39" WIDTH="42" VPOS="504" HPOS="1238"/>
<SP HEIGHT="40" WIDTH="24" VPOS="503" HPOS="1281"/>
<String CONTENT="9776;" HEIGHT="47" WIDTH="141" VPOS="503" HPOS="1306"/>
<SP HEIGHT="47" WIDTH="28" VPOS="503" HPOS="1448"/>
<String CONTENT="Henry" HEIGHT="47" WIDTH="167" VPOS="503" HPOS="1477"/>
<SP HEIGHT="47" WIDTH="26" VPOS="503" HPOS="1645"/>
<String CONTENT="Holt" HEIGHT="39" WIDTH="120" VPOS="503" HPOS="1672"/>
<SP HEIGHT="41" WIDTH="26" VPOS="505" HPOS="1793"/>
<String CONTENT="&amp;" HEIGHT="39" WIDTH="35" VPOS="507" HPOS="1820"/>
<SP HEIGHT="39" WIDTH="23" VPOS="507" HPOS="1856"/>
<String CONTENT="co.," HEIGHT="37" WIDTH="83" VPOS="512" HPOS="1880"/>
<SP HEIGHT="46" WIDTH="26" VPOS="503" HPOS="1964"/>
<String CONTENT="inc." HEIGHT="41" WIDTH="91" VPOS="503" HPOS="1991"/>
</TextLine>
<TextLine HEIGHT="50" WIDTH="281" VPOS="555" HPOS="225" STYLEREFS="StyleId-D606DA33-32CC-4156-AA5B-9CB3763CD8A2-">
<String CONTENT="(29-13313)" HEIGHT="50" WIDTH="281" VPOS="555" HPOS="225"/>
</TextLine>
<TextLine HEIGHT="65" WIDTH="705" VPOS="649" HPOS="146">
<String CONTENT="Kuntz," HEIGHT="62" WIDTH="217" VPOS="650" HPOS="146"/>
<SP HEIGHT="63" WIDTH="42" VPOS="649" HPOS="364"/>
<String CONTENT="Albert," HEIGHT="65" WIDTH="227" VPOS="649" HPOS="407"/>
<SP HEIGHT="56" WIDTH="47" VPOS="658" HPOS="635"/>
<String CONTENT="1879-" HEIGHT="51" WIDTH="168" VPOS="654" HPOS="683"/>
</TextLine>
<TextLine HEIGHT="72" WIDTH="1661" VPOS="729" HPOS="218" CS="1">
<String CONTENT="The" HEIGHT="52" WIDTH="120" VPOS="729" HPOS="218"/>
<SP HEIGHT="34" WIDTH="39" VPOS="747" HPOS="339"/>
<String CONTENT="autonomic" HEIGHT="53" WIDTH="323" VPOS="729" HPOS="379"/>
<SP HEIGHT="33" WIDTH="36" VPOS="749" HPOS="703"/>
<String CONTENT="nervous" HEIGHT="36" WIDTH="241" VPOS="749" HPOS="740"/>
<SP HEIGHT="34" WIDTH="35" VPOS="751" HPOS="982"/>
<String CONTENT="system," HEIGHT="62" WIDTH="227" VPOS="738" HPOS="1018"/>
<SP HEIGHT="65" WIDTH="35" VPOS="733" HPOS="1246"/>
<String CONTENT="by" HEIGHT="68" WIDTH="76" VPOS="733" HPOS="1282"/>
<SP HEIGHT="70" WIDTH="36" VPOS="731" HPOS="1359"/>
<String CONTENT="Albert" HEIGHT="53" WIDTH="207" VPOS="731" HPOS="1396"/>
<SP HEIGHT="55" WIDTH="34" VPOS="729" HPOS="1604"/>
<String CONTENT="Kuntz" HEIGHT="53" WIDTH="197" VPOS="729" HPOS="1639"/>
<SP HEIGHT="34" WIDTH="42" VPOS="748" HPOS="1837"/>
<String CS="1" CONTENT="&#8230;"/>
</TextLine>
<TextLine HEIGHT="149" WIDTH="1991" VPOS="728" HPOS="145" CS="1">
<String CONTENT="illustrated" HEIGHT="129" WIDTH="1969" VPOS="728" HPOS="145"/>
<SP HEIGHT="52" WIDTH="23" VPOS="805" HPOS="332"/>
<String CONTENT="with" HEIGHT="51" WIDTH="142" VPOS="805" HPOS="356"/>
<SP HEIGHT="53" WIDTH="21" VPOS="805" HPOS="499"/>
<String CONTENT="70" HEIGHT="53" WIDTH="67" VPOS="805" HPOS="521"/>
<SP HEIGHT="50" WIDTH="23" VPOS="808" HPOS="589"/>
<String CONTENT="engravings." HEIGHT="68" WIDTH="361" VPOS="807" HPOS="613"/>
<SP HEIGHT="51" WIDTH="58" VPOS="809" HPOS="975"/>
<String CONTENT="Philadelphia," HEIGHT="69" WIDTH="427" VPOS="808" HPOS="1034"/>
<SP HEIGHT="69" WIDTH="22" VPOS="808" HPOS="1462"/>
<String CONTENT="Lea" HEIGHT="52" WIDTH="118" VPOS="808" HPOS="1485"/>
<SP HEIGHT="51" WIDTH="22" VPOS="809" HPOS="1604"/>
<String CONTENT="&amp;" HEIGHT="50" WIDTH="45" VPOS="809" HPOS="1627"/>
<SP HEIGHT="52" WIDTH="22" VPOS="807" HPOS="1673"/>
<String CONTENT="Febiger," HEIGHT="69" WIDTH="262" VPOS="806" HPOS="1696"/>
<SP HEIGHT="65" WIDTH="27" VPOS="809" HPOS="1959"/>
<String CONTENT="1929." HEIGHT="50" WIDTH="149" VPOS="809" HPOS="1987"/>
</TextLine>
<TextLine HEIGHT="51" WIDTH="1207" VPOS="887" HPOS="215" CS="1">
<String CONTENT="xii," HEIGHT="43" WIDTH="83" VPOS="887" HPOS="215"/>
<SP HEIGHT="29" WIDTH="34" VPOS="906" HPOS="299"/>
<String CONTENT="[17]-576" HEIGHT="48" WIDTH="207" VPOS="887" HPOS="334"/>
<SP HEIGHT="48" WIDTH="25" VPOS="887" HPOS="542"/>
<String CONTENT="p." HEIGHT="37" WIDTH="42" VPOS="898" HPOS="568"/>
<SP HEIGHT="40" WIDTH="58" VPOS="888" HPOS="611"/>
<String CONTENT="front.," HEIGHT="44" WIDTH="164" VPOS="888" HPOS="670"/>
<SP HEIGHT="43" WIDTH="29" VPOS="889" HPOS="835"/>
<String CONTENT="illus.." HEIGHT="41" WIDTH="140" VPOS="889" HPOS="865"/>
<SP HEIGHT="39" WIDTH="31" VPOS="891" HPOS="1006"/>
<String CONTENT="diagrs." HEIGHT="48" WIDTH="179" VPOS="890" HPOS="1038"/>
<SP HEIGHT="40" WIDTH="57" VPOS="890" HPOS="1218"/>
<String CS="1" CONTENT="24&#189;" HEIGHT="39" WIDTH="56" VPOS="890" HPOS="1276"/>
<String STYLE="superscript" CS="1" CONTENT="&#7580;&#7504;"/>
<String CONTENT="." HEIGHT="8" WIDTH="8" VPOS="922" HPOS="1414"/>
</TextLine>
<TextLine HEIGHT="50" WIDTH="732" VPOS="943" HPOS="218" STYLEREFS="StyleId-D606DA33-32CC-4156-AA5B-9CB3763CD8A2-" CS="1">
<String CONTENT="Bibliography:" HEIGHT="47" WIDTH="375" VPOS="943" HPOS="218"/>
<SP HEIGHT="37" WIDTH="30" VPOS="954" HPOS="594"/>
<String CONTENT="p." HEIGHT="37" WIDTH="43" VPOS="954" HPOS="625"/>
<SP HEIGHT="31" WIDTH="33" VPOS="962" HPOS="669"/>
<String CS="1" CONTENT="[509]-569." HEIGHT="50" WIDTH="233" VPOS="943" HPOS="717"/>
</TextLine>
<TextLine HEIGHT="53" WIDTH="1859" VPOS="995" HPOS="148" STYLEREFS="StyleId-D606DA33-32CC-4156-AA5B-9CB3763CD8A2-" CS="1">
<String CONTENT="&#169;" HEIGHT="53" WIDTH="52" VPOS="995" HPOS="148"/>
<SP HEIGHT="53" WIDTH="24" VPOS="995" HPOS="201"/>
<String CONTENT="June" HEIGHT="40" WIDTH="128" VPOS="1000" HPOS="226"/>
<SP HEIGHT="41" WIDTH="22" VPOS="999" HPOS="355"/>
<String CONTENT="12," HEIGHT="47" WIDTH="67" VPOS="999" HPOS="378"/>
<SP HEIGHT="46" WIDTH="26" VPOS="1000" HPOS="446"/>
<String CS="1" CONTENT="1929;" HEIGHT="40" WIDTH="115" VPOS="999" HPOS="473"/>
<SP HEIGHT="46" WIDTH="24" VPOS="1000" HPOS="614"/>
<String CONTENT="2c." HEIGHT="41" WIDTH="68" VPOS="1000" HPOS="639"/>
<SP HEIGHT="41" WIDTH="25" VPOS="1000" HPOS="708"/>
<String CONTENT="June" HEIGHT="40" WIDTH="127" VPOS="1000" HPOS="734"/>
<SP HEIGHT="39" WIDTH="23" VPOS="1001" HPOS="862"/>
<String CS="1" CONTENT="13;" HEIGHT="40" WIDTH="54" VPOS="1001" HPOS="886"/>
<SP/>
<String CS="1" CONTENT="aff."/>
<SP/>
<String CONTENT="June" HEIGHT="40" WIDTH="126" VPOS="1002" HPOS="1105"/>
<SP HEIGHT="40" WIDTH="24" VPOS="1002" HPOS="1232"/>
<String CS="1" CONTENT="15;" HEIGHT="39" WIDTH="55" VPOS="1002" HPOS="1257"/>
<SP HEIGHT="46" WIDTH="27" VPOS="1002" HPOS="1340"/>
<!-- cceid 9C9C3F9D-6CFA-1014-9C3C-CEA95E7AA542 --><String CONTENT="A" HEIGHT="38" WIDTH="41" VPOS="1002" HPOS="1368"/>
<SP HEIGHT="40" WIDTH="24" VPOS="1001" HPOS="1410"/>
<String CS="1" CONTENT="8721;" HEIGHT="41" WIDTH="112" VPOS="1001" HPOS="1435"/>
<SP HEIGHT="46" WIDTH="29" VPOS="1002" HPOS="1575"/>
<String CONTENT="Lea" HEIGHT="39" WIDTH="94" VPOS="1002" HPOS="1605"/>
<SP HEIGHT="40" WIDTH="27" VPOS="1001" HPOS="1700"/>
<String CONTENT="&amp;" HEIGHT="40" WIDTH="37" VPOS="1001" HPOS="1728"/>
<SP HEIGHT="40" WIDTH="23" VPOS="1001" HPOS="1766"/>
<String CONTENT="Febiger." HEIGHT="47" WIDTH="217" VPOS="1001" HPOS="1790"/>
</TextLine>
<TextLine HEIGHT="50" WIDTH="282" VPOS="1055" HPOS="226" STYLEREFS="StyleId-D606DA33-32CC-4156-AA5B-9CB3763CD8A2-">
<String CONTENT="(29-13384)" HEIGHT="50" WIDTH="282" VPOS="1055" HPOS="226"/>
</TextLine>
<TextLine HEIGHT="65" WIDTH="823" VPOS="1148" HPOS="150">
<String LANG="de" CONTENT="Langer," HEIGHT="64" WIDTH="252" VPOS="1149" HPOS="150"/>
<SP HEIGHT="62" WIDTH="30" VPOS="1150" HPOS="403"/>
<String LANG="en-US" CONTENT="Frantisek," HEIGHT="65" WIDTH="336" VPOS="1148" HPOS="434"/>
<SP HEIGHT="56" WIDTH="32" VPOS="1157" HPOS="771"/>
<String LANG="en-US" CONTENT="1882-" HEIGHT="49" WIDTH="169" VPOS="1155" HPOS="804"/>
</TextLine>
<TextLine HEIGHT="70" WIDTH="1867" VPOS="1226" HPOS="277" CS="1">
<String CS="1" CONTENT="&#8230;"/>
<SP HEIGHT="52" WIDTH="43" VPOS="1227" HPOS="277"/>
<String CS="1" CONTENT="The" HEIGHT="52" WIDTH="87" VPOS="1226" HPOS="321"/>
<SP HEIGHT="45" WIDTH="36" VPOS="1245" HPOS="444"/>
<String CONTENT="camel" HEIGHT="52" WIDTH="176" VPOS="1227" HPOS="481"/>
<SP HEIGHT="52" WIDTH="36" VPOS="1227" HPOS="658"/>
<String CONTENT="through" HEIGHT="68" WIDTH="249" VPOS="1227" HPOS="695"/>
<SP HEIGHT="53" WIDTH="38" VPOS="1227" HPOS="945"/>
<String CONTENT="the" HEIGHT="52" WIDTH="95" VPOS="1228" HPOS="984"/>
<SP HEIGHT="34" WIDTH="36" VPOS="1246" HPOS="1080"/>
<String CONTENT="needle&#8217;s" HEIGHT="51" WIDTH="239" VPOS="1229" HPOS="1117"/>
<SP HEIGHT="33" WIDTH="36" VPOS="1247" HPOS="1357"/>
<String CONTENT="eye," HEIGHT="49" WIDTH="115" VPOS="1247" HPOS="1394"/>
<SP HEIGHT="48" WIDTH="35" VPOS="1247" HPOS="1510"/>
<String CONTENT="a" HEIGHT="33" WIDTH="30" VPOS="1247" HPOS="1546"/>
<SP HEIGHT="33" WIDTH="38" VPOS="1247" HPOS="1577"/>
<String CONTENT="comedy" HEIGHT="68" WIDTH="233" VPOS="1228" HPOS="1616"/>
<SP HEIGHT="69" WIDTH="35" VPOS="1227" HPOS="1850"/>
<String CONTENT="in" HEIGHT="53" WIDTH="61" VPOS="1227" HPOS="1886"/>
<SP HEIGHT="48" WIDTH="34" VPOS="1232" HPOS="1948"/>
<String CONTENT="three" HEIGHT="53" WIDTH="161" VPOS="1227" HPOS="1983"/>
</TextLine>
<TextLine HEIGHT="70" WIDTH="1997" VPOS="1304" HPOS="147">
<String CONTENT="acts" HEIGHT="48" WIDTH="116" VPOS="1310" HPOS="147"/>
<SP HEIGHT="54" WIDTH="31" VPOS="1304" HPOS="264"/>
<String CONTENT="by" HEIGHT="68" WIDTH="76" VPOS="1304" HPOS="296"/>
<SP HEIGHT="68" WIDTH="29" VPOS="1304" HPOS="373"/>
<String CONTENT="Frantisek" HEIGHT="54" WIDTH="307" VPOS="1304" HPOS="403"/>
<SP HEIGHT="52" WIDTH="30" VPOS="1304" HPOS="711"/>
<String LANG="de" CONTENT="Langer;" HEIGHT="70" WIDTH="255" VPOS="1304" HPOS="742"/>
<SP HEIGHT="48" WIDTH="37" VPOS="1324" HPOS="998"/>
<String CONTENT="adapted" HEIGHT="67" WIDTH="246" VPOS="1306" HPOS="1036"/>
<SP HEIGHT="52" WIDTH="32" VPOS="1306" HPOS="1283"/>
<String CONTENT="by" HEIGHT="68" WIDTH="77" VPOS="1306" HPOS="1316"/>
<SP HEIGHT="67" WIDTH="30" VPOS="1307" HPOS="1394"/>
<String CONTENT="Phillip" HEIGHT="69" WIDTH="222" VPOS="1305" HPOS="1425"/>
<SP HEIGHT="68" WIDTH="31" VPOS="1306" HPOS="1648"/>
<String CONTENT="Moeller." HEIGHT="53" WIDTH="254" VPOS="1305" HPOS="1680"/>
<SP HEIGHT="53" WIDTH="69" VPOS="1305" HPOS="1935"/>
<String CONTENT="New" HEIGHT="53" WIDTH="139" VPOS="1305" HPOS="2005"/>
</TextLine>
<TextLine HEIGHT="68" WIDTH="748" VPOS="1382" HPOS="147">
<String CONTENT="York," HEIGHT="68" WIDTH="180" VPOS="1382" HPOS="147"/>
<SP HEIGHT="67" WIDTH="28" VPOS="1383" HPOS="328"/>
<String CONTENT="Brentano&#8217;s," HEIGHT="68" WIDTH="355" VPOS="1382" HPOS="357"/>
<SP HEIGHT="64" WIDTH="31" VPOS="1386" HPOS="713"/>
<String CONTENT="1929." HEIGHT="51" WIDTH="150" VPOS="1385" HPOS="745"/>
</TextLine>
<TextLine HEIGHT="51" WIDTH="893" VPOS="1465" HPOS="217" STYLEREFS="StyleId-D606DA33-32CC-4156-AA5B-9CB3763CD8A2-" CS="1">
<String CONTENT="4" HEIGHT="39" WIDTH="28" VPOS="1467" HPOS="217"/>
<SP HEIGHT="47" WIDTH="27" VPOS="1467" HPOS="246"/>
<String CONTENT="p." HEIGHT="37" WIDTH="43" VPOS="1477" HPOS="274"/>
<SP/>
<String CS="1" CONTENT="l.,"/>
<SP/>
<String CONTENT="[3]-186" HEIGHT="51" WIDTH="176" VPOS="1465" HPOS="425"/>
<SP HEIGHT="48" WIDTH="25" VPOS="1466" HPOS="602"/>
<String CONTENT="p." HEIGHT="37" WIDTH="44" VPOS="1477" HPOS="628"/>
<SP HEIGHT="38" WIDTH="58" VPOS="1476" HPOS="673"/>
<String CONTENT="plates." HEIGHT="47" WIDTH="172" VPOS="1467" HPOS="732"/>
<SP HEIGHT="38" WIDTH="58" VPOS="1468" HPOS="905"/>
<String CS="1" CONTENT="19&#189;" HEIGHT="40" WIDTH="55" VPOS="1466" HPOS="964"/>
<String STYLE="superscript" CS="1" CONTENT="&#7580;&#7504;"/>
<String CONTENT="." HEIGHT="10" WIDTH="10" VPOS="1498" HPOS="1100"/>
</TextLine>
<TextLine HEIGHT="52" WIDTH="1085" VPOS="1519" HPOS="221" STYLEREFS="StyleId-D606DA33-32CC-4156-AA5B-9CB3763CD8A2-">
<String CONTENT="At" HEIGHT="44" WIDTH="63" VPOS="1519" HPOS="221"/>
<SP HEIGHT="44" WIDTH="25" VPOS="1519" HPOS="285"/>
<String CONTENT="head" HEIGHT="39" WIDTH="125" VPOS="1523" HPOS="311"/>
<SP HEIGHT="39" WIDTH="28" VPOS="1523" HPOS="437"/>
<String CONTENT="of" HEIGHT="40" WIDTH="52" VPOS="1522" HPOS="466"/>
<SP HEIGHT="40" WIDTH="25" VPOS="1522" HPOS="519"/>
<String CONTENT="title" HEIGHT="40" WIDTH="109" VPOS="1522" HPOS="545"/>
<SP HEIGHT="29" WIDTH="16" VPOS="1533" HPOS="655"/>
<String CONTENT=":" HEIGHT="29" WIDTH="9" VPOS="1533" HPOS="672"/>
<SP HEIGHT="40" WIDTH="27" VPOS="1522" HPOS="682"/>
<String CONTENT="A" HEIGHT="39" WIDTH="40" VPOS="1522" HPOS="710"/>
<SP HEIGHT="39" WIDTH="26" VPOS="1522" HPOS="751"/>
<String CONTENT="Theatre" HEIGHT="40" WIDTH="212" VPOS="1522" HPOS="778"/>
<SP HEIGHT="38" WIDTH="25" VPOS="1533" HPOS="991"/>
<String CONTENT="guild" HEIGHT="50" WIDTH="133" VPOS="1521" HPOS="1017"/>
<SP HEIGHT="47" WIDTH="27" VPOS="1524" HPOS="1151"/>
<String CONTENT="play." HEIGHT="47" WIDTH="127" VPOS="1524" HPOS="1179"/>
</TextLine>
<TextLine HEIGHT="53" WIDTH="1777" VPOS="1575" HPOS="151" STYLEREFS="StyleId-D606DA33-32CC-4156-AA5B-9CB3763CD8A2-" CS="1">
<String CONTENT="&#169;" HEIGHT="52" WIDTH="51" VPOS="1575" HPOS="151"/>
<SP HEIGHT="52" WIDTH="27" VPOS="1575" HPOS="203"/>
<String CONTENT="May" HEIGHT="45" WIDTH="114" VPOS="1581" HPOS="231"/>
<SP HEIGHT="47" WIDTH="22" VPOS="1579" HPOS="346"/>
<String CONTENT="29," HEIGHT="48" WIDTH="69" VPOS="1578" HPOS="369"/>
<SP HEIGHT="47" WIDTH="26" VPOS="1579" HPOS="439"/>
<String CONTENT="1929;" HEIGHT="48" WIDTH="140" VPOS="1578" HPOS="466"/>
<SP HEIGHT="47" WIDTH="25" VPOS="1579" HPOS="607"/>
<String CONTENT="2c." HEIGHT="40" WIDTH="68" VPOS="1579" HPOS="633"/>
<SP HEIGHT="30" WIDTH="24" VPOS="1589" HPOS="702"/>
<String CONTENT="and" HEIGHT="38" WIDTH="95" VPOS="1580" HPOS="727"/>
<SP HEIGHT="39" WIDTH="24" VPOS="1580" HPOS="823"/>
<String CONTENT="aff." HEIGHT="40" WIDTH="83" VPOS="1579" HPOS="848"/>
<SP HEIGHT="39" WIDTH="24" VPOS="1580" HPOS="932"/>
<String CONTENT="June" HEIGHT="39" WIDTH="125" VPOS="1580" HPOS="957"/>
<SP HEIGHT="39" WIDTH="24" VPOS="1580" HPOS="1083"/>
<String CS="1" CONTENT="3;" HEIGHT="39" WIDTH="26" VPOS="1580" HPOS="1108"/>
<SP HEIGHT="45" WIDTH="27" VPOS="1580" HPOS="1162"/>
<!-- cceid 9C9CEC2B-6CFA-1014-9C3C-CEA95E7AA542 --><String CONTENT="A" HEIGHT="38" WIDTH="41" VPOS="1580" HPOS="1190"/>
<SP HEIGHT="40" WIDTH="22" VPOS="1579" HPOS="1232"/>
<String CONTENT="9539;" HEIGHT="47" WIDTH="141" VPOS="1579" HPOS="1255"/>
<SP HEIGHT="46" WIDTH="26" VPOS="1580" HPOS="1397"/>
<String CONTENT="Theatre" HEIGHT="40" WIDTH="211" VPOS="1580" HPOS="1424"/>
<SP HEIGHT="37" WIDTH="23" VPOS="1591" HPOS="1636"/>
<String CONTENT="guild," HEIGHT="49" WIDTH="148" VPOS="1579" HPOS="1660"/>
<SP HEIGHT="48" WIDTH="25" VPOS="1580" HPOS="1809"/>
<String CONTENT="inc." HEIGHT="41" WIDTH="93" VPOS="1580" HPOS="1835"/>
</TextLine>
<TextLine HEIGHT="50" WIDTH="282" VPOS="1635" HPOS="231" STYLEREFS="StyleId-D606DA33-32CC-4156-AA5B-9CB3763CD8A2-">
<String CONTENT="(29-13441)" HEIGHT="50" WIDTH="282" VPOS="1635" HPOS="231"/>
</TextLine>
<TextLine HEIGHT="65" WIDTH="704" VPOS="1729" HPOS="155">
<String CONTENT="Lawrence," HEIGHT="64" WIDTH="334" VPOS="1730" HPOS="155"/>
<SP HEIGHT="64" WIDTH="32" VPOS="1730" HPOS="490"/>
<String CONTENT="Josephine." HEIGHT="65" WIDTH="336" VPOS="1729" HPOS="523"/>
</TextLine>
<TextLine HEIGHT="69" WIDTH="1663" VPOS="1807" HPOS="219" CS="1">
<String CONTENT="Linda" HEIGHT="53" WIDTH="189" VPOS="1808" HPOS="219"/>
<SP HEIGHT="51" WIDTH="40" VPOS="1809" HPOS="409"/>
<String CONTENT="Lane&#8217;s" HEIGHT="53" WIDTH="203" VPOS="1807" HPOS="450"/>
<SP HEIGHT="52" WIDTH="38" VPOS="1808" HPOS="654"/>
<String CONTENT="big" HEIGHT="68" WIDTH="100" VPOS="1808" HPOS="693"/>
<SP HEIGHT="50" WIDTH="38" VPOS="1826" HPOS="794"/>
<String CONTENT="sister," HEIGHT="67" WIDTH="184" VPOS="1808" HPOS="833"/>
<SP HEIGHT="68" WIDTH="39" VPOS="1807" HPOS="1018"/>
<String CONTENT="by" HEIGHT="68" WIDTH="74" VPOS="1807" HPOS="1058"/>
<SP HEIGHT="67" WIDTH="42" VPOS="1808" HPOS="1133"/>
<String CONTENT="Josephine" HEIGHT="68" WIDTH="314" VPOS="1807" HPOS="1176"/>
<SP HEIGHT="53" WIDTH="38" VPOS="1807" HPOS="1491"/>
<String CONTENT="Lawrence" HEIGHT="54" WIDTH="301" VPOS="1807" HPOS="1530"/>
<SP HEIGHT="33" WIDTH="50" VPOS="1828" HPOS="1832"/>
<String CS="1" CONTENT="&#8230;"/>
</TextLine>
<TextLine HEIGHT="145" WIDTH="1994" VPOS="1809" HPOS="151" CS="1">
<String CONTENT="illustrated" HEIGHT="130" WIDTH="1969" VPOS="1809" HPOS="151"/>
<SP HEIGHT="53" WIDTH="29" VPOS="1886" HPOS="340"/>
<String CONTENT="by" HEIGHT="68" WIDTH="77" VPOS="1886" HPOS="370"/>
<SP HEIGHT="69" WIDTH="27" VPOS="1885" HPOS="448"/>
<String CONTENT="John" HEIGHT="55" WIDTH="155" VPOS="1885" HPOS="476"/>
<SP HEIGHT="52" WIDTH="30" VPOS="1885" HPOS="632"/>
<String CONTENT="M." HEIGHT="52" WIDTH="78" VPOS="1885" HPOS="663"/>
<SP HEIGHT="51" WIDTH="31" VPOS="1886" HPOS="742"/>
<String CONTENT="Foster." HEIGHT="52" WIDTH="218" VPOS="1886" HPOS="774"/>
<SP HEIGHT="53" WIDTH="73" VPOS="1885" HPOS="993"/>
<String CONTENT="New" HEIGHT="53" WIDTH="138" VPOS="1885" HPOS="1067"/>
<SP HEIGHT="53" WIDTH="30" VPOS="1884" HPOS="1206"/>
<String CONTENT="York," HEIGHT="69" WIDTH="180" VPOS="1884" HPOS="1237"/>
<SP HEIGHT="68" WIDTH="28" VPOS="1885" HPOS="1418"/>
<String LANG="fr" CONTENT="N." HEIGHT="53" WIDTH="70" VPOS="1885" HPOS="1447"/>
<SP HEIGHT="52" WIDTH="31" VPOS="1886" HPOS="1518"/>
<String CONTENT="Y.," HEIGHT="67" WIDTH="90" VPOS="1886" HPOS="1550"/>
<SP HEIGHT="67" WIDTH="29" VPOS="1886" HPOS="1641"/>
<String CONTENT="Newark," HEIGHT="69" WIDTH="264" VPOS="1884" HPOS="1671"/>
<SP HEIGHT="67" WIDTH="28" VPOS="1886" HPOS="1936"/>
<String LANG="fr" CONTENT="N." HEIGHT="52" WIDTH="71" VPOS="1886" HPOS="1965"/>
<SP HEIGHT="54" WIDTH="32" VPOS="1885" HPOS="2037"/>
<String CONTENT="J.," HEIGHT="67" WIDTH="75" VPOS="1885" HPOS="2070"/>
</TextLine>
<TextLine HEIGHT="65" WIDTH="590" VPOS="1965" HPOS="151" CS="1">
<String CONTENT="Barse" HEIGHT="51" WIDTH="178" VPOS="1965" HPOS="151"/>
<SP HEIGHT="51" WIDTH="28" VPOS="1965" HPOS="330"/>
<String CONTENT="&amp;" HEIGHT="50" WIDTH="44" VPOS="1965" HPOS="359"/>
<SP HEIGHT="51" WIDTH="28" VPOS="1965" HPOS="404"/>
<String CONTENT="co." HEIGHT="35" WIDTH="78" VPOS="1981" HPOS="433"/>
<SP HEIGHT="34" WIDTH="35" VPOS="1996" HPOS="512"/>
<String STYLE="subscript" CONTENT="[" HEIGHT="34" WIDTH="13" VPOS="1996" HPOS="548"/>
<String STYLE="superscript" CS="1" CONTENT="&#7580;1"/>
<String CONTENT="929" HEIGHT="50" WIDTH="100" VPOS="1965" HPOS="623"/>
<String STYLE="subscript" CONTENT="]" HEIGHT="33" WIDTH="13" VPOS="1996" HPOS="728"/>
</TextLine>
<TextLine HEIGHT="50" WIDTH="1622" VPOS="2043" HPOS="222" STYLEREFS="StyleId-D606DA33-32CC-4156-AA5B-9CB3763CD8A2-" CS="1">
<String CONTENT="241" HEIGHT="39" WIDTH="84" VPOS="2046" HPOS="222"/>
<SP HEIGHT="47" WIDTH="22" VPOS="2046" HPOS="307"/>
<String CONTENT="p." HEIGHT="37" WIDTH="43" VPOS="2056" HPOS="330"/>
<SP HEIGHT="40" WIDTH="21" VPOS="2045" HPOS="374"/>
<String CONTENT="incl." HEIGHT="40" WIDTH="109" VPOS="2045" HPOS="396"/>
<SP HEIGHT="37" WIDTH="23" VPOS="2056" HPOS="506"/>
<String CS="1" CONTENT="plates." HEIGHT="47" WIDTH="157" VPOS="2046" HPOS="530"/>
<SP HEIGHT="40" WIDTH="56" VPOS="2044" HPOS="703"/>
<String CONTENT="front." HEIGHT="41" WIDTH="151" VPOS="2044" HPOS="760"/>
<SP HEIGHT="40" WIDTH="58" VPOS="2045" HPOS="912"/>
<String CS="1" CONTENT="19&#189;" HEIGHT="40" WIDTH="54" VPOS="2044" HPOS="971"/>
<String STYLE="superscript" CS="1" CONTENT="&#7580;&#7504;"/>
<String CONTENT="." HEIGHT="8" WIDTH="9" VPOS="2076" HPOS="1108"/>
<SP HEIGHT="49" WIDTH="68" VPOS="2043" HPOS="1118"/>
<String CONTENT="(Her" HEIGHT="49" WIDTH="126" VPOS="2043" HPOS="1187"/>
<SP HEIGHT="38" WIDTH="20" VPOS="2045" HPOS="1314"/>
<String CONTENT="Linda" HEIGHT="40" WIDTH="155" VPOS="2044" HPOS="1335"/>
<SP HEIGHT="39" WIDTH="23" VPOS="2045" HPOS="1491"/>
<String CONTENT="Lane" HEIGHT="40" WIDTH="131" VPOS="2045" HPOS="1515"/>
<SP HEIGHT="30" WIDTH="21" VPOS="2055" HPOS="1647"/>
<String CONTENT="series)" HEIGHT="48" WIDTH="175" VPOS="2044" HPOS="1669"/>
</TextLine>
<TextLine HEIGHT="52" WIDTH="1615" VPOS="2098" HPOS="156" STYLEREFS="StyleId-D606DA33-32CC-4156-AA5B-9CB3763CD8A2-" CS="1">
<String CONTENT="&#169;" HEIGHT="52" WIDTH="51" VPOS="2098" HPOS="156"/>
<SP HEIGHT="52" WIDTH="25" VPOS="2098" HPOS="208"/>
<String CONTENT="June" HEIGHT="39" WIDTH="127" VPOS="2103" HPOS="234"/>
<SP HEIGHT="39" WIDTH="22" VPOS="2103" HPOS="362"/>
<String CONTENT="19," HEIGHT="45" WIDTH="68" VPOS="2102" HPOS="385"/>
<SP HEIGHT="45" WIDTH="25" VPOS="2102" HPOS="454"/>
<String CS="1" CONTENT="1929;" HEIGHT="40" WIDTH="113" VPOS="2101" HPOS="480"/>
<SP HEIGHT="47" WIDTH="24" VPOS="2101" HPOS="621"/>
<String CONTENT="2c." HEIGHT="41" WIDTH="67" VPOS="2101" HPOS="646"/>
<SP HEIGHT="30" WIDTH="25" VPOS="2112" HPOS="714"/>
<String CONTENT="and" HEIGHT="38" WIDTH="94" VPOS="2103" HPOS="740"/>
<SP HEIGHT="38" WIDTH="24" VPOS="2103" HPOS="835"/>
<String CONTENT="aff." HEIGHT="41" WIDTH="83" VPOS="2101" HPOS="860"/>
<SP HEIGHT="40" WIDTH="23" VPOS="2102" HPOS="944"/>
<String CONTENT="June" HEIGHT="39" WIDTH="127" VPOS="2102" HPOS="968"/>
<SP HEIGHT="40" WIDTH="22" VPOS="2100" HPOS="1096"/>
<String CONTENT="20;" HEIGHT="47" WIDTH="82" VPOS="2100" HPOS="1119"/>
<SP HEIGHT="46" WIDTH="26" VPOS="2101" HPOS="1202"/>
<!-- cceid 9C9DAAD2-6CFA-1014-9C3C-CEA95E7AA542 --><String CONTENT="A" HEIGHT="39" WIDTH="41" VPOS="2101" HPOS="1229"/>
<SP HEIGHT="40" WIDTH="23" VPOS="2101" HPOS="1271"/>
<String CS="1" CONTENT="8822;" HEIGHT="40" WIDTH="112" VPOS="2101" HPOS="1295"/>
<SP HEIGHT="45" WIDTH="27" VPOS="2102" HPOS="1436"/>
<String CONTENT="Barse" HEIGHT="39" WIDTH="154" VPOS="2102" HPOS="1464"/>
<SP HEIGHT="40" WIDTH="23" VPOS="2101" HPOS="1619"/>
<String CONTENT="&amp;" HEIGHT="39" WIDTH="37" VPOS="2101" HPOS="1643"/>
<SP HEIGHT="40" WIDTH="21" VPOS="2101" HPOS="1681"/>
<String CONTENT="co." HEIGHT="29" WIDTH="68" VPOS="2112" HPOS="1703"/>
</TextLine>
<TextLine HEIGHT="50" WIDTH="281" VPOS="2158" HPOS="234" STYLEREFS="StyleId-D606DA33-32CC-4156-AA5B-9CB3763CD8A2-">
<String CONTENT="(29-13471)" HEIGHT="50" WIDTH="281" VPOS="2158" HPOS="234"/>
</TextLine>
<TextLine HEIGHT="63" WIDTH="481" VPOS="2253" HPOS="156" CS="1">
<String CONTENT="Lazzoni," HEIGHT="63" WIDTH="268" VPOS="2253" HPOS="156"/>
<SP HEIGHT="63" WIDTH="37" VPOS="2253" HPOS="425"/>
<String CS="1" CONTENT="Vera." HEIGHT="40" WIDTH="118" VPOS="2269" HPOS="519"/>
</TextLine>
<TextLine HEIGHT="70" WIDTH="1865" VPOS="2329" HPOS="285" CS="1">
<String CS="1" CONTENT="&#8230;"/>
<SP HEIGHT="52" WIDTH="44" VPOS="2334" HPOS="285"/>
<String CONTENT="Per" HEIGHT="52" WIDTH="113" VPOS="2334" HPOS="330"/>
<SP HEIGHT="34" WIDTH="37" VPOS="2350" HPOS="444"/>
<String CONTENT="non" HEIGHT="35" WIDTH="114" VPOS="2349" HPOS="482"/>
<SP HEIGHT="36" WIDTH="38" VPOS="2349" HPOS="597"/>
<String CONTENT="morire," HEIGHT="69" WIDTH="226" VPOS="2330" HPOS="636"/>
<SP HEIGHT="49" WIDTH="37" VPOS="2350" HPOS="863"/>
<String CONTENT="romanzo." HEIGHT="36" WIDTH="284" VPOS="2348" HPOS="901"/>
<SP HEIGHT="52" WIDTH="72" VPOS="2331" HPOS="1186"/>
<String CONTENT="Firenze," HEIGHT="68" WIDTH="256" VPOS="2329" HPOS="1259"/>
<SP HEIGHT="66" WIDTH="38" VPOS="2331" HPOS="1516"/>
<String CONTENT="R." HEIGHT="52" WIDTH="68" VPOS="2331" HPOS="1555"/>
<SP HEIGHT="51" WIDTH="39" VPOS="2332" HPOS="1624"/>
<String CONTENT="Bemporad" HEIGHT="68" WIDTH="326" VPOS="2330" HPOS="1664"/>
<SP HEIGHT="54" WIDTH="38" VPOS="2330" HPOS="1991"/>
<String CONTENT="e" HEIGHT="34" WIDTH="29" VPOS="2348" HPOS="2030"/>
<SP HEIGHT="53" WIDTH="38" VPOS="2329" HPOS="2060"/>
<String CONTENT="f&#176;" HEIGHT="53" WIDTH="51" VPOS="2329" HPOS="2099"/>
</TextLine>
<TextLine HEIGHT="64" WIDTH="171" VPOS="2415" HPOS="158">
<String CONTENT="[1928]" HEIGHT="64" WIDTH="171" VPOS="2415" HPOS="158"/>
</TextLine>
<TextLine HEIGHT="52" WIDTH="634" VPOS="2490" HPOS="223" STYLEREFS="StyleId-D606DA33-32CC-4156-AA5B-9CB3763CD8A2-" CS="1">
<String CONTENT="3" HEIGHT="41" WIDTH="27" VPOS="2493" HPOS="223"/>
<SP HEIGHT="48" WIDTH="28" VPOS="2493" HPOS="251"/>
<String CONTENT="p." HEIGHT="37" WIDTH="44" VPOS="2504" HPOS="280"/>
<SP HEIGHT="40" WIDTH="25" VPOS="2494" HPOS="325"/>
<String CS="1" CONTENT="l.," HEIGHT="9" WIDTH="9" VPOS="2525" HPOS="375"/>
<SP HEIGHT="30" WIDTH="31" VPOS="2512" HPOS="398"/>
<String CS="1" CONTENT="[3]-248" HEIGHT="50" WIDTH="177" VPOS="2492" HPOS="430"/>
<SP HEIGHT="48" WIDTH="26" VPOS="2492" HPOS="608"/>
<String CONTENT="p." HEIGHT="37" WIDTH="45" VPOS="2503" HPOS="635"/>
<SP HEIGHT="43" WIDTH="56" VPOS="2491" HPOS="681"/>
<String CONTENT="19" HEIGHT="42" WIDTH="58" VPOS="2490" HPOS="738"/>
<String STYLE="superscript" CS="1" CONTENT="&#7580;&#7504;"/>
<String CONTENT="." HEIGHT="9" WIDTH="10" VPOS="2525" HPOS="847"/>
</TextLine>
<TextLine HEIGHT="52" WIDTH="1774" VPOS="2546" HPOS="159" STYLEREFS="StyleId-D606DA33-32CC-4156-AA5B-9CB3763CD8A2-" CS="1">
<String CONTENT="&#169;" HEIGHT="52" WIDTH="51" VPOS="2546" HPOS="159"/>
<SP HEIGHT="52" WIDTH="23" VPOS="2546" HPOS="211"/>
<String CONTENT="Jan." HEIGHT="39" WIDTH="111" VPOS="2552" HPOS="235"/>
<SP HEIGHT="40" WIDTH="22" VPOS="2551" HPOS="347"/>
<String CONTENT="5," HEIGHT="47" WIDTH="39" VPOS="2551" HPOS="370"/>
<SP HEIGHT="47" WIDTH="24" VPOS="2551" HPOS="410"/>
<String CS="1" CONTENT="1929;" HEIGHT="40" WIDTH="113" VPOS="2550" HPOS="435"/>
<SP/>
<String CS="1" CONTENT="1c."/>
<SP/>
<String CONTENT="Feb." HEIGHT="40" WIDTH="112" VPOS="2549" HPOS="695"/>
<SP HEIGHT="40" WIDTH="21" VPOS="2549" HPOS="808"/>
<String CS="1" CONTENT="21;" HEIGHT="39" WIDTH="55" VPOS="2549" HPOS="830"/>
<SP HEIGHT="47" WIDTH="23" VPOS="2548" HPOS="914"/>
<!-- cceid 9C9E4F3F-6CFA-1014-9C3C-CEA95E7AA542 --><String CONTENT="A&#8212;Foreign" HEIGHT="48" WIDTH="311" VPOS="2547" HPOS="938"/>
<SP HEIGHT="39" WIDTH="23" VPOS="2547" HPOS="1250"/>
<String CS="1" CONTENT="1844;" HEIGHT="40" WIDTH="115" VPOS="2547" HPOS="1274"/>
<SP HEIGHT="46" WIDTH="27" VPOS="2547" HPOS="1416"/>
<String CONTENT="R." HEIGHT="40" WIDTH="56" VPOS="2547" HPOS="1444"/>
<SP HEIGHT="40" WIDTH="25" VPOS="2547" HPOS="1501"/>
<String CONTENT="Bemporad" HEIGHT="47" WIDTH="270" VPOS="2547" HPOS="1527"/>
<SP HEIGHT="39" WIDTH="25" VPOS="2547" HPOS="1798"/>
<String CONTENT="e" HEIGHT="29" WIDTH="25" VPOS="2557" HPOS="1824"/>
<SP HEIGHT="40" WIDTH="23" VPOS="2546" HPOS="1850"/>
<String CONTENT="f&#176;." HEIGHT="41" WIDTH="59" VPOS="2546" HPOS="1874"/>
</TextLine>
<TextLine HEIGHT="50" WIDTH="282" VPOS="2607" HPOS="236" STYLEREFS="StyleId-D606DA33-32CC-4156-AA5B-9CB3763CD8A2-">
<String CONTENT="(29-13576)" HEIGHT="50" WIDTH="282" VPOS="2607" HPOS="236"/>
</TextLine>
<TextLine HEIGHT="66" WIDTH="708" VPOS="2700" HPOS="159">
<String CONTENT="Locke," HEIGHT="64" WIDTH="209" VPOS="2702" HPOS="159"/>
<SP HEIGHT="63" WIDTH="33" VPOS="2703" HPOS="369"/>
<String CONTENT="William" HEIGHT="54" WIDTH="255" VPOS="2701" HPOS="403"/>
<SP HEIGHT="53" WIDTH="33" VPOS="2701" HPOS="659"/>
<String CONTENT="John." HEIGHT="55" WIDTH="174" VPOS="2700" HPOS="693"/>
</TextLine>
<TextLine HEIGHT="72" WIDTH="1262" VPOS="2774" HPOS="227" CS="1">
<String CONTENT="Ancestor" HEIGHT="53" WIDTH="279" VPOS="2779" HPOS="227"/>
<SP HEIGHT="54" WIDTH="22" VPOS="2778" HPOS="507"/>
<String CONTENT="Jorico." HEIGHT="54" WIDTH="211" VPOS="2778" HPOS="530"/>
<SP HEIGHT="33" WIDTH="79" VPOS="2811" HPOS="742"/>
<String CS="1" CONTENT="[chap." HEIGHT="69" WIDTH="163" VPOS="2777" HPOS="840"/>
<SP HEIGHT="49" WIDTH="25" VPOS="2781" HPOS="1004"/>
<String CONTENT="8" HEIGHT="49" WIDTH="29" VPOS="2781" HPOS="1030"/>
<SP HEIGHT="69" WIDTH="31" VPOS="2775" HPOS="1060"/>
<String CONTENT="(contd.)]-10." HEIGHT="70" WIDTH="397" VPOS="2774" HPOS="1092"/>
</TextLine>
<TextLine HEIGHT="55" WIDTH="928" VPOS="2855" HPOS="238" STYLEREFS="StyleId-D606DA33-32CC-4156-AA5B-9CB3763CD8A2-">
<String CONTENT="(In" HEIGHT="49" WIDTH="82" VPOS="2861" HPOS="238"/>
<SP HEIGHT="42" WIDTH="22" VPOS="2858" HPOS="321"/>
<String CONTENT="Nash&#8217;s" HEIGHT="44" WIDTH="183" VPOS="2857" HPOS="344"/>
<SP HEIGHT="29" WIDTH="22" VPOS="2871" HPOS="528"/>
<String CONTENT="magazine," HEIGHT="52" WIDTH="278" VPOS="2857" HPOS="551"/>
<SP HEIGHT="52" WIDTH="22" VPOS="2856" HPOS="830"/>
<String CONTENT="June," HEIGHT="50" WIDTH="142" VPOS="2856" HPOS="853"/>
<SP HEIGHT="48" WIDTH="26" VPOS="2858" HPOS="996"/>
<String CONTENT="1929)" HEIGHT="49" WIDTH="143" VPOS="2855" HPOS="1023"/>
</TextLine>
<TextLine HEIGHT="105" WIDTH="1971" VPOS="2911" HPOS="161" STYLEREFS="StyleId-D606DA33-32CC-4156-AA5B-9CB3763CD8A2-" CS="1">
<String CONTENT="&#169;" HEIGHT="53" WIDTH="52" VPOS="2913" HPOS="161"/>
<SP/>
<String CS="1" CONTENT="1c."/>
<SP/>
<String CONTENT="July" HEIGHT="46" WIDTH="117" VPOS="2919" HPOS="339"/>
<SP HEIGHT="47" WIDTH="24" VPOS="2918" HPOS="457"/>
<String CONTENT="13," HEIGHT="47" WIDTH="69" VPOS="2918" HPOS="482"/>
<SP HEIGHT="47" WIDTH="27" VPOS="2918" HPOS="552"/>
<String CONTENT="1929;" HEIGHT="47" WIDTH="141" VPOS="2916" HPOS="580"/>
<SP HEIGHT="46" WIDTH="29" VPOS="2917" HPOS="722"/>
<!-- cceid 9C9EFE3C-6CFA-1014-9C3C-CEA95E7AA542 --><String CONTENT="A" HEIGHT="39" WIDTH="42" VPOS="2917" HPOS="752"/>
<SP HEIGHT="39" WIDTH="25" VPOS="2917" HPOS="795"/>
<String CONTENT="ad" HEIGHT="39" WIDTH="62" VPOS="2917" HPOS="821"/>
<SP HEIGHT="40" WIDTH="27" VPOS="2916" HPOS="884"/>
<String CONTENT="int." HEIGHT="40" WIDTH="86" VPOS="2916" HPOS="912"/>
<SP HEIGHT="39" WIDTH="29" VPOS="2916" HPOS="999"/>
<String CS="1" CONTENT="12876;" HEIGHT="41" WIDTH="145" VPOS="2914" HPOS="1029"/>
<SP HEIGHT="37" WIDTH="29" VPOS="2925" HPOS="1198"/>
<String CONTENT="pubd." HEIGHT="48" WIDTH="143" VPOS="2914" HPOS="1228"/>
<SP HEIGHT="39" WIDTH="28" VPOS="2914" HPOS="1372"/>
<String CONTENT="May" HEIGHT="46" WIDTH="113" VPOS="2914" HPOS="1401"/>
<SP HEIGHT="47" WIDTH="28" VPOS="2913" HPOS="1515"/>
<String CONTENT="18;" HEIGHT="47" WIDTH="81" VPOS="2911" HPOS="1544"/>
<SP HEIGHT="45" WIDTH="28" VPOS="2913" HPOS="1626"/>
<String CONTENT="W." HEIGHT="39" WIDTH="72" VPOS="2913" HPOS="1655"/>
<SP HEIGHT="39" WIDTH="29" VPOS="2913" HPOS="1728"/>
<String CONTENT="J." HEIGHT="39" WIDTH="44" VPOS="2913" HPOS="1758"/>
<SP HEIGHT="38" WIDTH="28" VPOS="2914" HPOS="1803"/>
<String CONTENT="Locke," HEIGHT="46" WIDTH="169" VPOS="2912" HPOS="1832"/>
<SP HEIGHT="46" WIDTH="28" VPOS="2912" HPOS="2002"/>
<String CONTENT="London." HEIGHT="104" WIDTH="1902" VPOS="2912" HPOS="230"/>
</TextLine>
<TextLine HEIGHT="70" WIDTH="963" VPOS="3067" HPOS="162" STYLEREFS="StyleId-592B26E6-CA1E-4960-9C96-7ABDB434B5CD-">
<String CONTENT="Louisiana." HEIGHT="54" WIDTH="337" VPOS="3068" HPOS="162"/>
<SP HEIGHT="53" WIDTH="75" VPOS="3069" HPOS="500"/>
<String CONTENT="Courts" HEIGHT="53" WIDTH="207" VPOS="3069" HPOS="576"/>
<SP HEIGHT="34" WIDTH="29" VPOS="3088" HPOS="784"/>
<String CONTENT="of" HEIGHT="68" WIDTH="63" VPOS="3069" HPOS="814"/>
<SP HEIGHT="68" WIDTH="25" VPOS="3069" HPOS="878"/>
<String CONTENT="appeal." HEIGHT="69" WIDTH="221" VPOS="3067" HPOS="904"/>
</TextLine>
<TextLine HEIGHT="75" WIDTH="1924" VPOS="3139" HPOS="230" CS="1">
<String CONTENT="Reports" HEIGHT="68" WIDTH="249" VPOS="3146" HPOS="230"/>
<SP HEIGHT="34" WIDTH="13" VPOS="3165" HPOS="480"/>
<String CONTENT="of" HEIGHT="52" WIDTH="62" VPOS="3146" HPOS="494"/>
<SP HEIGHT="52" WIDTH="16" VPOS="3146" HPOS="557"/>
<String CONTENT="the" HEIGHT="52" WIDTH="97" VPOS="3146" HPOS="574"/>
<SP HEIGHT="53" WIDTH="13" VPOS="3145" HPOS="672"/>
<String CONTENT="Louisiana" HEIGHT="53" WIDTH="308" VPOS="3144" HPOS="686"/>
<SP HEIGHT="34" WIDTH="19" VPOS="3162" HPOS="995"/>
<String CONTENT="courts" HEIGHT="48" WIDTH="187" VPOS="3148" HPOS="1015"/>
<SP HEIGHT="35" WIDTH="15" VPOS="3160" HPOS="1203"/>
<String CONTENT="of" HEIGHT="53" WIDTH="65" VPOS="3141" HPOS="1219"/>
<SP HEIGHT="53" WIDTH="16" VPOS="3141" HPOS="1285"/>
<String CS="1" CONTENT="appeal." HEIGHT="67" WIDTH="204" VPOS="3141" HPOS="1302"/>
<SP HEIGHT="33" WIDTH="77" VPOS="3159" HPOS="1523"/>
<String CONTENT="v." HEIGHT="33" WIDTH="49" VPOS="3159" HPOS="1601"/>
<SP HEIGHT="49" WIDTH="20" VPOS="3143" HPOS="1651"/>
<String CONTENT="9." HEIGHT="49" WIDTH="45" VPOS="3143" HPOS="1672"/>
<SP HEIGHT="55" WIDTH="34" VPOS="3139" HPOS="1718"/>
<String CONTENT="Cases" HEIGHT="55" WIDTH="168" VPOS="3139" HPOS="1753"/>
<SP HEIGHT="34" WIDTH="16" VPOS="3158" HPOS="1922"/>
<String CONTENT="argued" HEIGHT="69" WIDTH="215" VPOS="3139" HPOS="1939"/>
</TextLine>
<TextLine HEIGHT="139" WIDTH="1967" VPOS="3215" HPOS="161" CS="1">
<String CONTENT="and" HEIGHT="53" WIDTH="114" VPOS="3223" HPOS="162"/>
<SP HEIGHT="53" WIDTH="30" VPOS="3223" HPOS="277"/>
<String CONTENT="determined" HEIGHT="53" WIDTH="351" VPOS="3223" HPOS="308"/>
<SP HEIGHT="53" WIDTH="31" VPOS="3223" HPOS="660"/>
<String CONTENT="in" HEIGHT="52" WIDTH="59" VPOS="3223" HPOS="692"/>
<SP HEIGHT="47" WIDTH="31" VPOS="3228" HPOS="752"/>
<String CONTENT="the" HEIGHT="52" WIDTH="95" VPOS="3222" HPOS="784"/>
<SP HEIGHT="55" WIDTH="33" VPOS="3221" HPOS="880"/>
<String CONTENT="Courts" HEIGHT="55" WIDTH="206" VPOS="3221" HPOS="914"/>
<SP HEIGHT="34" WIDTH="32" VPOS="3239" HPOS="1121"/>
<String CONTENT="of" HEIGHT="53" WIDTH="63" VPOS="3219" HPOS="1154"/>
<SP HEIGHT="52" WIDTH="32" VPOS="3219" HPOS="1218"/>
<String CONTENT="appeal" HEIGHT="66" WIDTH="205" VPOS="3220" HPOS="1251"/>
<SP HEIGHT="50" WIDTH="30" VPOS="3220" HPOS="1457"/>
<String CONTENT="of" HEIGHT="54" WIDTH="65" VPOS="3216" HPOS="1488"/>
<SP HEIGHT="53" WIDTH="27" VPOS="3216" HPOS="1554"/>
<String CONTENT="the" HEIGHT="51" WIDTH="95" VPOS="3218" HPOS="1582"/>
<SP HEIGHT="34" WIDTH="30" VPOS="3236" HPOS="1678"/>
<String CONTENT="state" HEIGHT="48" WIDTH="147" VPOS="3222" HPOS="1709"/>
<SP HEIGHT="34" WIDTH="29" VPOS="3236" HPOS="1857"/>
<String CONTENT="of" HEIGHT="53" WIDTH="65" VPOS="3216" HPOS="1887"/>
<SP HEIGHT="54" WIDTH="29" VPOS="3215" HPOS="1953"/>
<String CONTENT="Louisiana" HEIGHT="139" WIDTH="1967" VPOS="3215" HPOS="161"/>
</TextLine>
<TextLine HEIGHT="76" WIDTH="1790" VPOS="3292" HPOS="361">
<String CONTENT="at" HEIGHT="47" WIDTH="59" VPOS="3306" HPOS="361"/>
<SP HEIGHT="47" WIDTH="38" VPOS="3306" HPOS="421"/>
<String CONTENT="the" HEIGHT="53" WIDTH="93" VPOS="3301" HPOS="460"/>
<SP HEIGHT="49" WIDTH="38" VPOS="3305" HPOS="554"/>
<String CONTENT="term" HEIGHT="48" WIDTH="148" VPOS="3305" HPOS="593"/>
<SP HEIGHT="53" WIDTH="34" VPOS="3300" HPOS="742"/>
<String CONTENT="beginning" HEIGHT="69" WIDTH="316" VPOS="3299" HPOS="777"/>
<SP HEIGHT="69" WIDTH="39" VPOS="3297" HPOS="1094"/>
<String CONTENT="first" HEIGHT="53" WIDTH="121" VPOS="3296" HPOS="1134"/>
<SP HEIGHT="52" WIDTH="39" VPOS="3296" HPOS="1256"/>
<String CONTENT="Monday" HEIGHT="67" WIDTH="258" VPOS="3296" HPOS="1296"/>
<SP HEIGHT="49" WIDTH="35" VPOS="3314" HPOS="1555"/>
<String CONTENT="of" HEIGHT="53" WIDTH="63" VPOS="3294" HPOS="1591"/>
<SP HEIGHT="55" WIDTH="40" VPOS="3293" HPOS="1655"/>
<String CONTENT="October," HEIGHT="59" WIDTH="262" VPOS="3292" HPOS="1696"/>
<SP HEIGHT="53" WIDTH="42" VPOS="3298" HPOS="1959"/>
<String CONTENT="1928." HEIGHT="49" WIDTH="149" VPOS="3297" HPOS="2002"/>
</TextLine>
<TextLine HEIGHT="75" WIDTH="1989" VPOS="3371" HPOS="164">
<String CONTENT="Court" HEIGHT="55" WIDTH="180" VPOS="3377" HPOS="164"/>
<SP HEIGHT="47" WIDTH="36" VPOS="3384" HPOS="345"/>
<String CONTENT="of" HEIGHT="53" WIDTH="64" VPOS="3378" HPOS="382"/>
<SP HEIGHT="52" WIDTH="39" VPOS="3378" HPOS="447"/>
<String CONTENT="appeal:" HEIGHT="67" WIDTH="235" VPOS="3379" HPOS="487"/>
<SP HEIGHT="51" WIDTH="39" VPOS="3378" HPOS="723"/>
<String CONTENT="first" HEIGHT="53" WIDTH="125" VPOS="3377" HPOS="763"/>
<SP HEIGHT="47" WIDTH="39" VPOS="3382" HPOS="889"/>
<String CONTENT="circuit," HEIGHT="66" WIDTH="218" VPOS="3375" HPOS="929"/>
<SP HEIGHT="66" WIDTH="41" VPOS="3375" HPOS="1148"/>
<String CONTENT="Baton" HEIGHT="51" WIDTH="187" VPOS="3375" HPOS="1190"/>
<SP HEIGHT="51" WIDTH="41" VPOS="3373" HPOS="1378"/>
<String CONTENT="Rouge;" HEIGHT="67" WIDTH="224" VPOS="3373" HPOS="1420"/>
<SP HEIGHT="48" WIDTH="44" VPOS="3390" HPOS="1645"/>
<String CONTENT="second" HEIGHT="52" WIDTH="203" VPOS="3372" HPOS="1690"/>
<SP HEIGHT="52" WIDTH="40" VPOS="3372" HPOS="1894"/>
<String CONTENT="circuit," HEIGHT="66" WIDTH="218" VPOS="3371" HPOS="1935"/>
</TextLine>
<TextLine HEIGHT="75" WIDTH="1489" VPOS="3449" HPOS="166" CS="1">
<String CS="1" CONTENT="Shreveport;" HEIGHT="69" WIDTH="347" VPOS="3455" HPOS="166"/>
<SP HEIGHT="49" WIDTH="36" VPOS="3474" HPOS="542"/>
<String CONTENT="parish" HEIGHT="68" WIDTH="198" VPOS="3455" HPOS="579"/>
<SP HEIGHT="52" WIDTH="32" VPOS="3455" HPOS="778"/>
<String CONTENT="of" HEIGHT="53" WIDTH="63" VPOS="3454" HPOS="811"/>
<SP HEIGHT="55" WIDTH="33" VPOS="3453" HPOS="875"/>
<String CONTENT="Orleans," HEIGHT="64" WIDTH="258" VPOS="3453" HPOS="909"/>
<SP HEIGHT="65" WIDTH="33" VPOS="3452" HPOS="1168"/>
<String CONTENT="New" HEIGHT="51" WIDTH="138" VPOS="3452" HPOS="1202"/>
<SP HEIGHT="55" WIDTH="34" VPOS="3449" HPOS="1341"/>
<String CONTENT="Orleans" HEIGHT="55" WIDTH="241" VPOS="3449" HPOS="1376"/>
<SP HEIGHT="33" WIDTH="37" VPOS="3469" HPOS="1618"/>
<String CS="1" CONTENT="&#8230;"/>
</TextLine>
<TextLine HEIGHT="151" WIDTH="1991" VPOS="3447" HPOS="164" CS="1">
<String CONTENT="contains" HEIGHT="52" WIDTH="257" VPOS="3449" HPOS="1750"/>
<SP HEIGHT="37" WIDTH="32" VPOS="3465" HPOS="2008"/>
<String CONTENT="references" HEIGHT="139" WIDTH="1967" VPOS="3447" HPOS="164"/>
<SP HEIGHT="46" WIDTH="35" VPOS="3540" HPOS="385"/>
<String CONTENT="to" HEIGHT="46" WIDTH="58" VPOS="3540" HPOS="421"/>
<SP HEIGHT="47" WIDTH="38" VPOS="3539" HPOS="480"/>
<String CONTENT="the" HEIGHT="53" WIDTH="96" VPOS="3533" HPOS="519"/>
<SP HEIGHT="53" WIDTH="35" VPOS="3533" HPOS="616"/>
<String CONTENT="Louisiana" HEIGHT="53" WIDTH="309" VPOS="3531" HPOS="652"/>
<SP HEIGHT="52" WIDTH="39" VPOS="3531" HPOS="962"/>
<String CONTENT="digest," HEIGHT="67" WIDTH="203" VPOS="3531" HPOS="1002"/>
<SP HEIGHT="48" WIDTH="37" VPOS="3547" HPOS="1206"/>
<String CONTENT="subject" HEIGHT="67" WIDTH="217" VPOS="3527" HPOS="1244"/>
<SP HEIGHT="47" WIDTH="36" VPOS="3532" HPOS="1462"/>
<String CONTENT="matter" HEIGHT="48" WIDTH="207" VPOS="3530" HPOS="1499"/>
<SP HEIGHT="51" WIDTH="38" VPOS="3526" HPOS="1707"/>
<String CONTENT="index," HEIGHT="67" WIDTH="190" VPOS="3525" HPOS="1746"/>
<SP HEIGHT="62" WIDTH="38" VPOS="3530" HPOS="1937"/>
<String CONTENT="tables" HEIGHT="53" WIDTH="179" VPOS="3525" HPOS="1976"/>
</TextLine>
<TextLine HEIGHT="76" WIDTH="1989" VPOS="3602" HPOS="166">
<String CONTENT="of" HEIGHT="53" WIDTH="63" VPOS="3610" HPOS="166"/>
<SP HEIGHT="54" WIDTH="38" VPOS="3610" HPOS="230"/>
<String CONTENT="cases" HEIGHT="35" WIDTH="150" VPOS="3629" HPOS="269"/>
<SP HEIGHT="34" WIDTH="38" VPOS="3630" HPOS="420"/>
<String CONTENT="reported," HEIGHT="68" WIDTH="284" VPOS="3610" HPOS="459"/>
<SP HEIGHT="61" WIDTH="36" VPOS="3615" HPOS="744"/>
<String CONTENT="table" HEIGHT="52" WIDTH="153" VPOS="3609" HPOS="781"/>
<SP HEIGHT="34" WIDTH="38" VPOS="3626" HPOS="935"/>
<String CONTENT="of" HEIGHT="54" WIDTH="63" VPOS="3606" HPOS="974"/>
<SP HEIGHT="53" WIDTH="39" VPOS="3606" HPOS="1038"/>
<String CONTENT="cases" HEIGHT="34" WIDTH="150" VPOS="3625" HPOS="1078"/>
<SP HEIGHT="35" WIDTH="38" VPOS="3623" HPOS="1229"/>
<String CONTENT="cited" HEIGHT="52" WIDTH="148" VPOS="3605" HPOS="1268"/>
<SP HEIGHT="51" WIDTH="40" VPOS="3605" HPOS="1417"/>
<String CONTENT="and" HEIGHT="53" WIDTH="113" VPOS="3603" HPOS="1458"/>
<SP HEIGHT="53" WIDTH="38" VPOS="3603" HPOS="1572"/>
<String CONTENT="tables" HEIGHT="52" WIDTH="179" VPOS="3603" HPOS="1611"/>
<SP HEIGHT="33" WIDTH="37" VPOS="3622" HPOS="1791"/>
<String CONTENT="of" HEIGHT="53" WIDTH="64" VPOS="3602" HPOS="1829"/>
<SP HEIGHT="52" WIDTH="40" VPOS="3602" HPOS="1894"/>
<String CONTENT="acts" HEIGHT="47" WIDTH="116" VPOS="3608" HPOS="1935"/>
<SP HEIGHT="34" WIDTH="38" VPOS="3621" HPOS="2052"/>
<String CONTENT="of" HEIGHT="52" WIDTH="64" VPOS="3602" HPOS="2091"/>
</TextLine>
<TextLine HEIGHT="79" WIDTH="1990" VPOS="3678" HPOS="164" CS="1">
<String CONTENT="Legislature," HEIGHT="68" WIDTH="375" VPOS="3689" HPOS="164"/>
<SP HEIGHT="48" WIDTH="37" VPOS="3706" HPOS="540"/>
<String CONTENT="codes," HEIGHT="65" WIDTH="180" VPOS="3687" HPOS="578"/>
<SP HEIGHT="48" WIDTH="40" VPOS="3704" HPOS="759"/>
<String CONTENT="and" HEIGHT="53" WIDTH="112" VPOS="3685" HPOS="800"/>
<SP HEIGHT="53" WIDTH="40" VPOS="3685" HPOS="913"/>
<String CONTENT="constitutions" HEIGHT="54" WIDTH="401" VPOS="3683" HPOS="954"/>
<SP HEIGHT="34" WIDTH="37" VPOS="3700" HPOS="1356"/>
<String CONTENT="cited" HEIGHT="53" WIDTH="148" VPOS="3680" HPOS="1394"/>
<SP HEIGHT="52" WIDTH="45" VPOS="3680" HPOS="1543"/>
<String CS="1" CONTENT="&#8230;"/>
<SP HEIGHT="52" WIDTH="79" VPOS="3680" HPOS="1644"/>
<String CONTENT="Ed." HEIGHT="52" WIDTH="107" VPOS="3680" HPOS="1724"/>
<SP HEIGHT="54" WIDTH="40" VPOS="3678" HPOS="1832"/>
<String CONTENT="by" HEIGHT="70" WIDTH="75" VPOS="3678" HPOS="1873"/>
<SP HEIGHT="68" WIDTH="38" VPOS="3680" HPOS="1949"/>
<String CONTENT="J." HEIGHT="54" WIDTH="56" VPOS="3680" HPOS="1988"/>
<SP HEIGHT="52" WIDTH="42" VPOS="3680" HPOS="2045"/>
<String CONTENT="B." HEIGHT="51" WIDTH="66" VPOS="3680" HPOS="2088"/>
</TextLine>
<TextLine HEIGHT="71" WIDTH="1688" VPOS="3758" HPOS="166" CS="1">
<String LANG="de" CONTENT="Herold" HEIGHT="52" WIDTH="222" VPOS="3766" HPOS="166"/>
<SP HEIGHT="52" WIDTH="34" VPOS="3766" HPOS="389"/>
<String CS="1" CONTENT="&#8230;"/>
<SP HEIGHT="53" WIDTH="77" VPOS="3765" HPOS="480"/>
<String CONTENT="New" HEIGHT="51" WIDTH="140" VPOS="3765" HPOS="558"/>
<SP HEIGHT="55" WIDTH="29" VPOS="3763" HPOS="699"/>
<String CONTENT="Orleans," HEIGHT="66" WIDTH="260" VPOS="3763" HPOS="729"/>
<SP HEIGHT="67" WIDTH="29" VPOS="3762" HPOS="990"/>
<String CONTENT="Hauser" HEIGHT="51" WIDTH="228" VPOS="3762" HPOS="1020"/>
<SP HEIGHT="49" WIDTH="28" VPOS="3777" HPOS="1249"/>
<String CONTENT="printing" HEIGHT="68" WIDTH="265" VPOS="3758" HPOS="1278"/>
<SP HEIGHT="51" WIDTH="28" VPOS="3775" HPOS="1544"/>
<String CONTENT="co.," HEIGHT="48" WIDTH="97" VPOS="3776" HPOS="1573"/>
<SP HEIGHT="63" WIDTH="32" VPOS="3761" HPOS="1671"/>
<String CONTENT="1929." HEIGHT="49" WIDTH="150" VPOS="3760" HPOS="1704"/>
</TextLine>
<TextLine HEIGHT="49" WIDTH="480" VPOS="3846" HPOS="234" CS="1">
<String CONTENT="xxxi," HEIGHT="42" WIDTH="133" VPOS="3847" HPOS="234"/>
<SP HEIGHT="40" WIDTH="21" VPOS="3849" HPOS="368"/>
<String CONTENT="790" HEIGHT="41" WIDTH="86" VPOS="3846" HPOS="390"/>
<SP HEIGHT="49" WIDTH="18" VPOS="3846" HPOS="477"/>
<String CONTENT="p." HEIGHT="37" WIDTH="43" VPOS="3858" HPOS="496"/>
<SP HEIGHT="39" WIDTH="56" VPOS="3847" HPOS="540"/>
<String CONTENT="23" HEIGHT="40" WIDTH="56" VPOS="3846" HPOS="597"/>
<String STYLE="superscript" CS="1" CONTENT="&#7580;&#7504;"/>
<String CONTENT="." HEIGHT="8" WIDTH="8" VPOS="3878" HPOS="706"/>
</TextLine>
<TextLine HEIGHT="58" WIDTH="1824" VPOS="3894" HPOS="169" STYLEREFS="StyleId-D606DA33-32CC-4156-AA5B-9CB3763CD8A2-">
<String CONTENT="&#169;" HEIGHT="53" WIDTH="52" VPOS="3899" HPOS="169"/>
<SP HEIGHT="53" WIDTH="25" VPOS="3899" HPOS="222"/>
<String CONTENT="June" HEIGHT="39" WIDTH="127" VPOS="3905" HPOS="248"/>
<SP HEIGHT="40" WIDTH="23" VPOS="3904" HPOS="376"/>
<String CONTENT="8," HEIGHT="47" WIDTH="39" VPOS="3904" HPOS="400"/>
<SP HEIGHT="47" WIDTH="25" VPOS="3904" HPOS="440"/>
<String CONTENT="1929;" HEIGHT="46" WIDTH="140" VPOS="3903" HPOS="466"/>
<SP HEIGHT="47" WIDTH="26" VPOS="3902" HPOS="607"/>
<String CONTENT="2c." HEIGHT="40" WIDTH="68" VPOS="3902" HPOS="634"/>
<SP HEIGHT="31" WIDTH="25" VPOS="3911" HPOS="703"/>
<String CONTENT="and" HEIGHT="39" WIDTH="96" VPOS="3902" HPOS="729"/>
<SP HEIGHT="39" WIDTH="25" VPOS="3902" HPOS="826"/>
<String CONTENT="aff." HEIGHT="41" WIDTH="81" VPOS="3899" HPOS="852"/>
<SP HEIGHT="39" WIDTH="26" VPOS="3901" HPOS="934"/>
<String CONTENT="June" HEIGHT="39" WIDTH="127" VPOS="3901" HPOS="961"/>
<SP HEIGHT="40" WIDTH="22" VPOS="3898" HPOS="1089"/>
<String CONTENT="27;" HEIGHT="46" WIDTH="83" VPOS="3898" HPOS="1112"/>
<SP HEIGHT="47" WIDTH="27" VPOS="3897" HPOS="1196"/>
<!-- cceid 9C9FA5CD-6CFA-1014-9C3C-CEA95E7AA542 --><String CONTENT="A" HEIGHT="39" WIDTH="41" VPOS="3897" HPOS="1224"/>
<SP HEIGHT="39" WIDTH="25" VPOS="3897" HPOS="1266"/>
<String CONTENT="8976;" HEIGHT="48" WIDTH="139" VPOS="3895" HPOS="1292"/>
<SP HEIGHT="47" WIDTH="28" VPOS="3896" HPOS="1432"/>
<String CONTENT="Hauser" HEIGHT="39" WIDTH="196" VPOS="3896" HPOS="1461"/>
<SP HEIGHT="38" WIDTH="23" VPOS="3905" HPOS="1658"/>
<String CONTENT="printing" HEIGHT="49" WIDTH="218" VPOS="3894" HPOS="1682"/>
<SP HEIGHT="37" WIDTH="24" VPOS="3905" HPOS="1901"/>
<String CONTENT="co." HEIGHT="30" WIDTH="67" VPOS="3904" HPOS="1926"/>
</TextLine>
</TextBlock>
</PrintSpace>
</Page>
</Layout>
</alto>