2512 4377
1229 4024 104 51 620

280 373 311 62 Sherman,
619 372 224 53 Harold
872 373 79 53 M.

274 450 1986 134 Don Rader, trail blazer, by Harold M. Sherman … illustrated
516 530 74 62 by
641 528 136 54 Phil
832 528 307 56 Schaeffer.
1232 529 139 53 New
1426 529 180 63 York,
1660 528 234 56 Grosset
1948 532 46 51 &
2046 531 237 61 Dunlap

279 612 192 63 [ ᶜ19 29 ]
342 691 28 38 4
397 701 43 37 p.
504 721 8 16 l.,
541 688 87 41 272
655 699 43 37 p.
759 688 164 48 front.,
952 688 173 48 plates.
1185 688 147 43 19½ᶜᵐ.

280 756 52 52 ©
360 760 114 48 Apr.
502 760 69 47 29,
600 758 117 41 1929;
771 759 68 40 2c.
868 760 96 38 and
993 758 82 41 aff.
1105 760 115 46 May
1246 758 25 39 1;
1329 758 43 39 A
1399 758 113 41 7815;
1574 758 199 41 Grosset
1803 759 37 40 &
1868 759 210 48 Dunlap,
2108 759 91 41 inc.

358 814 282 50 (29-10226)

278 910 273 64 Shurter,
583 909 207 53 Edwin
820 910 92 52 Du
942 909 158 65 Bois,
1132 914 172 49 1863-

343 989 287 53 Practical
663 988 495 69 speech-making;
1195 989 94 53 the
1325 995 326 61 extempore
1684 990 250 68 method,
1965 990 75 69 by
2075 989 210 54 Edwin

271 1066 2013 56 Du Bois Shurter … and Charles Aimer Marsh … Boston.
272 1143 1664 65 New York [etc.] Houghton Mifflin company [ ᶜ19 29]
376 1259 8 16 v,
426 1227 71 50 [1],
537 1228 98 46 247,
679 1227 55 49 [1]
775 1238 44 37 p.
879 1226 57 40 20ᶜᵐ.

279 1294 52 52 ©
367 1298 112 41 Feb.
513 1298 41 47 4,
590 1296 118 40 1929;
767 1296 71 40 2c.
873 1296 115 48 Apr.
1022 1296 58 39 29;
1143 1295 84 42 aff.
1264 1296 112 41 Feb.
1412 1297 26 38 7;
1504 1295 41 40 A
1581 1294 118 41 6840;
1763 1297 53 39 E.
1853 1296 78 39 Du
1967 1296 55 40 B.
2062 1295 219 47 Shurter,

346 1353 376 48 Brooktondale,
753 1353 57 40 N.
840 1353 68 48 Y.,
940 1353 97 39 and
1067 1352 207 41 Charles
1301 1352 166 40 Almer
1498 1351 183 48 Marsh,
1713 1352 93 40 Los
1837 1352 221 47 Angeles.

356 1408 282 50 (29-10209)

276 1503 245 63 Sintair,
563 1502 167 55 Jean.

340 1583 80 53 Le
444 1583 246 68 mystère
716 1583 75 52 du
820 1582 111 53 Zoo
960 1581 301 70 d’Anvers,
1287 1599 107 50 par
1423 1580 222 56 Sintair
1673 1587 53 47 et
1755 1580 282 56 Steeman.
2099 1582 187 67 Paris,

269 1660 1194 68 Librairie des Champs-Elysées [ ᶜ19 28]
269 1740 1999 106 2 p. l., [7]-253 p. 18 ᶜᵐ . (Added t.-p.: Le masque, collection de romans d’aventures)
277 1868 1987 108 © Mar. 28, 1928; 1c. May 25; A— Foreign 38851; Librairie des Champs-Élysées.
623 1926 282 50 (29-10205)

275 2022 216 63 Smith,
524 2022 190 52 David
748 2022 262 62 Eugene.

343 2100 298 52 Teachers’
674 2100 108 67 key
814 2104 59 47 to
908 2098 318 53 Essentials
1260 2097 64 53 of
1357 2098 437 69 trigonometry,
1826 2098 78 68 by
1937 2098 195 53 David
271 2098 1987 148 Eugene

455 2177 209 67 Smith,
705 2176 262 54 William
1008 2176 192 52 David
1245 2176 189 52 Reeve
1473 2176 113 52 and
1629 2175 255 53 Edward
1927 2175 353 69 Longworth

273 2251 1908 70 Morss. Boston, New York [etc.] Ginn and company [ ᶜ19 29]
341 2335 669 51 iii, 188 p. diagrs. 21 ᶜᵐ .
276 2403 52 52 ©
358 2408 110 40 Feb.
495 2407 71 47 28,
594 2406 142 47 1929;
766 2407 68 39 2c.
862 2406 115 48 Apr.
1005 2405 52 47 2;
1090 2404 82 43 aff.
1200 2405 114 49 Apr.
1345 2405 52 47 5;
1429 2405 41 39 A
1499 2404 114 41 6403;
1674 2404 127 41 Ginn
1830 2405 37 40 &
1895 2415 67 31 co.

276 2501 405 63 Somerndike,
712 2500 155 53 John
898 2501 98 60 M.,
1026 2519 180 49 comp.

408 2576 1878 69 … Teachers’ manual of week day Bible lessons, comp. by
273 2654 2011 69 John M. Somerndike … in coöperation with Walter Albion
275 2731 2010 73 Squires … [4th year] Philadelphia, Presbyterian board of
272 2812 319 67 education,
626 2814 151 50 1929.

341 2895 86 40 184
459 2905 43 38 p.
564 2894 147 42 18½ᶜᵐ.

275 2960 52 52 ©
354 2965 114 47 May
492 2964 39 46 9,
558 2964 118 39 1929;
727 2965 68 38 2c.
822 2964 114 47 May
962 2964 54 38 11;
1073 2962 83 42 aff.
1184 2964 115 47 May
1323 2962 60 41 10;
1435 2962 43 39 A
1504 2962 115 41 8045;
1677 2960 346 49 Presbyterian
2051 2962 151 39 board
2229 2961 53 40 of

344 3020 252 41 Christian
626 3019 275 41 education.

336 3114 1887 68 … The South eastern reporter, v. 145. Permanent ed. …
342 3192 142 52 with
512 3191 376 68 key-number
917 3191 385 56 annotations,
1332 3190 338 69 containing
1700 3209 34 33 a
1761 3190 156 53 table
1946 3189 64 54 of
2040 3208 152 35 cases
2222 3189 63 53 in

342 3270 188 51 which
571 3269 333 69 rehearings
945 3269 145 52 have
1131 3269 139 52 been
1315 3269 222 52 denied.
1618 3267 321 54 November
1985 3267 81 58 17,
344 3270 1940 146 1928-January

642 3350 81 52 19,
757 3349 150 50 1929.
979 3345 83 56 St.
1097 3347 166 67 Paul,
1294 3347 163 54 West
1489 3345 340 69 publishing
1859 3363 100 50 co.,
1994 3347 151 50 1929.

413 3428 381 49 xx, 984 p. 26 ᶜᵐ .
275 3492 52 53 ©
357 3498 122 41 Mar.
506 3499 42 47 2,
578 3498 140 47 1929;
750 3499 67 39 2c.
847 3499 97 39 and
972 3497 83 41 aff.
1083 3497 115 49 Apr.
1227 3498 54 39 11;
1341 3497 43 39 A
1413 3496 141 48 6468;
1587 3497 139 41 West
1752 3497 110 48 pub.
1892 3506 68 30 co.

275 3592 189 53 South
514 3599 237 47 western
802 3599 273 62 reporter.
1155 3592 220 55 Second
1425 3593 186 52 series.
1689 3591 171 54 Cases
1909 3591 214 68 argued
2171 3590 113 53 and

344 3670 351 53 determined
737 3671 60 51 in
837 3671 96 52 the
977 3669 275 68 Supreme
1296 3674 190 48 courts
1528 3668 66 52 of
1634 3668 315 68 Arkansas,
1990 3667 290 66 Missouri,

344 3748 328 58 Tennessee,
708 3748 112 52 and
855 3748 213 65 Texas;
1109 3746 209 55 Courts
1353 3746 64 53 of
1453 3747 236 67 appeals
1724 3745 64 54 of
1823 3745 308 68 Kentucky
2167 3744 112 53 and

342 3824 269 53 Missouri;
675 3824 208 54 Courts
909 3823 64 53 of
999 3825 135 51 civil
1162 3825 110 52 and
1303 3824 267 52 criminal
1597 3824 235 67 appeals
1861 3823 113 52 and
343 3821 1912 133 Commission

516 3901 65 52 of
627 3903 235 67 appeals
911 3901 64 53 of
1023 3903 203 67 Texas,
1277 3902 143 52 with
1470 3900 375 69 key-number
1895 3898 382 54 annotations.
