2547 4384
1306 4003 99 49 664

321 375 176 62 Lane,
528 374 205 64 Henry
762 372 276 64 Higgins,
1070 374 169 53 1878-

390 454 233 53 Animal
657 453 260 69 biology;
953 471 68 33 an
1060 449 386 55 introduction
1479 456 58 46 to
1567 450 237 70 zoology
1838 448 94 54 for
1962 449 210 68 college
2205 449 110 53 and

325 525 1994 75 university students, by Henry Higgins Lane … one hundred
322 610 106 52 five
487 609 396 53 illustrations.
960 605 427 70 Philadelphia,
1444 607 64 52 P.
1570 604 350 55 Blakiston’s
1977 624 96 34 son
2136 607 47 49 &
2240 623 79 35 co.

467 764 1101 52 xv, 588 p. incl. front., illus., diagrs. 22½ ᶜᵐ .
324 822 53 51 ©
401 827 115 46 Apr.
540 826 71 42 27,
635 824 117 40 1929;
805 826 70 39 2c.
899 825 96 39 and
1096 858 8 6 aff.
1128 824 115 47 Apr.
1267 824 27 39 29;
1378 823 40 38 A
1444 822 115 40 6863;
1615 823 52 40 P.
1694 821 300 41 Blakiston’s
2020 833 85 28 son
2132 822 38 39 &
2197 832 67 29 co.

402 880 281 48 (29-10577)

325 961 313 62 Laughlin,
672 959 173 55 Clara
875 959 327 64 Elizabeth,
1238 960 169 54 1873-

402 1044 74 52 So
511 1063 191 50 you’re
740 1045 176 65 going
952 1049 56 46 to
1045 1043 197 52 Paris!
1323 1043 130 52 And
1496 1042 49 50 if
1582 1041 28 51 I
1646 1059 144 34 were
1826 1039 176 68 going
2039 1037 137 51 with
2217 1054 106 51 you

328 1124 154 52 these
507 1142 94 33 are
629 1123 93 53 the
749 1121 196 68 things
972 1122 31 50 I’d
1091 1122 178 52 invite
1296 1139 106 51 you
1435 1129 57 46 to
1520 1121 90 59 do,
1637 1121 72 68 by
1739 1117 168 55 Clara
1939 1117 67 52 E.
2034 1116 290 67 Laughlin

331 1193 1969 155 … 4th ed. Boston and New York, Houghton Mifflin company, 1929.
465 1357 1220 51 xxii p., 1 l., 510 p. front., plates, ports. 17 ᶜᵐ .
330 1411 1996 55 © May 3, 1929; 2c. May 6; aff. May 4; A 6946 ; C. E. Laughlin. Chicago.
407 1474 280 47 (29-10649)

328 1554 156 60 Law,
516 1552 316 54 Frederick
863 1552 191 57 Houk,
1091 1554 168 51 1871-
1473 1553 84 51 ed.

405 1632 227 53 Science
659 1634 55 51 in
744 1632 323 52 literature:
1099 1652 23 32 a
1156 1631 292 52 collection
1478 1630 62 51 of
1566 1630 239 62 literary
1828 1626 273 54 scientific
2128 1645 204 49 essays,

331 1706 2001 74 edited by Frederick Houk Law … Now York and London,
331 1790 231 66 Harper
590 1791 47 50 &
666 1788 280 61 brothers,
981 1790 148 50 1929.

401 1866 1123 52 xvii, 364 p., 1 l. front., pl., ports. 19½ ᶜᵐ .
401 1927 162 39 “First
596 1926 228 41 edition.”

401 1984 189 37 “Books
620 1983 77 39 for
720 1981 198 41 further
947 1981 226 47 rending”
1202 1984 50 37 at
1280 1982 88 37 end
1399 1980 51 39 of
1476 1980 117 40 each
1622 1990 156 38 essay.

336 2032 1702 55 © Apr. 22, 1929; 2c. and aff. Apr. 24; A 7639 ; Harper & bros.
415 2095 279 45 (29-10576)

359 2175 286 58 [Leonard,
680 2175 184 53 Sister
890 2175 175 62 Mary
1094 2173 235 53 Placida
1340 2208 9 31 ]
1392 2174 169 54 1873-

406 2252 450 53 Fundamentals
883 2251 64 52 of
974 2252 257 52 dietetics
1262 2250 93 53 for
1382 2250 94 52 the
1506 2250 280 68 hospitals
1815 2249 64 53 of
1907 2250 94 51 the
2034 2247 209 56 Sisters
2272 2248 63 51 of

335 2331 223 68 charity
596 2330 63 50 of
698 2329 413 69 Emmitsbnrg,
1146 2328 326 70 Maryland.
1551 2327 390 70 [Bridgeport,
1980 2326 197 56 Conn.,
2215 2326 120 52 The

338 2407 477 67 Brewer-Colgnn
850 2427 97 36 co.,
979 2408 242 67 printer,
1253 2409 153 65 .1928]

406 2490 339 49 70 p. 27½ ᶜᵐ .
408 2548 68 38 On
507 2557 168 28 cover:
710 2546 383 41 Fundamentals
1123 2546 52 39 of
1204 2546 126 40 dietet
1359 2546 68 39 ics
1455 2545 80 40 for
1563 2556 187 31 nurses.

340 2599 51 52 ©
424 2604 128 48 Sept.
581 2605 54 38 25,
680 2603 119 40 1928;
853 2605 66 38 2c.
952 2605 93 37 and
1076 2603 82 40 aff.
1188 2603 115 48 Apr.
1330 2601 55 41 23,
1430 2604 83 37 1929;
1604 2603 39 38 A
1700 2602 114 41 6710;
1851 2601 181 40 Sisters
2062 2601 51 40 of
2143 2601 194 47 charity

408 2660 52 38 of
493 2659 343 47 Emmitsburg.
874 2660 94 39 Md.
1040 2657 281 49 (29-10611)

340 2740 208 55 Lohss,
587 2739 268 63 Hedwig.

406 2819 120 52 Has
557 2818 383 53 wundorbnch
968 2816 385 64 zoologischer
1380 2823 200 61 garten
1612 2818 97 52 für
1736 2834 198 37 unsere
1964 2817 256 63 kleinen;
2251 2818 91 51 die

337 2901 142 46 erste
509 2894 357 69 einführung
894 2898 56 50 in
984 2895 90 54 die
1131 2895 213 53 tierweit
1362 2914 11 42 ;
1405 2896 326 65 gezeichnet
1761 2897 54 52 in
1852 2899 99 49 180
1977 2896 223 52 bildern
2231 2913 110 35 von

340 2976 201 65 Engen
571 2973 281 57 Osswald,
883 2975 216 53 erzählt
1132 2993 109 34 von
1274 2975 250 67 Hedwig
1556 2975 197 51 Lohss.
1830 2972 312 70 Stuttgart,
2174 2973 64 53 F.
2270 2973 73 52 A.

339 3053 465 67 Perthes [ ᶜ1 928]
411 3131 952 52 203, [4] p. illu s. (part col.) 25 ᶜᵐ .
346 3187 51 51 ©
426 3193 118 38 Nov.
571 3191 55 40 28,
668 3190 118 40 1928;
840 3191 66 39 1c.
937 3191 120 39 Mar.
1086 3191 26 37 2,
1155 3190 140 42 1929;
1326 3191 39 37 A
1369 3189 268 47 —Foreign
1664 3189 85 39 2036;
1839 3188 250 40 Friedrich
2120 3188 221 40 Andreas

415 3247 215 41 Perthes,
661 3256 42 32 a.
734 3256 41 36 g.
845 3246 280 47 (29-10885)

348 3312 303 61 Lowndes,
749 3331 68 33 Mrs.
848 3311 188 51 Marie
1067 3311 281 52 Adelaide
1386 3311 252 62 (Belloc)
1682 3315 165 50 1868-

419 3385 1925 61 One of those ways, by Mrs. Belloc Lowndes … New York.
353 3467 63 50 A.
451 3467 65 51 A.
546 3464 225 69 Knopf,
803 3469 148 48 1929.

418 3546 737 48 3 p. l., 3-312 p., 1 l. 19½ ᶜᵐ .
349 3600 54 52 ©
432 3606 115 44 May
572 3605 27 39 3,
642 3605 83 38 1929;
814 3604 67 40 2c.
912 3605 94 38 and
1035 3604 81 41 aff.
1147 3605 114 47 May
1290 3604 30 40 8;
1372 3604 39 38 A
1443 3603 140 42 7970;
1616 3604 170 42 Alfred
1816 3603 56 42 A.
1902 3604 180 46 Knopf,
2113 3603 91 39 inc.

429 3659 279 48 (29-10670)

351 3726 267 60 McCord,
655 3725 176 55 Leon.

452 3797 1892 74 I believe in man. by Judge Leon McCord. New York and
352 3878 254 56 London,
635 3877 233 70 Harper
897 3881 45 49 &
968 3878 278 68 brothers,
1279 3881 148 50 1929.
