2542 4389
1094 4010 103 56 769

138 354 316 53 American
489 355 285 63 academy
806 354 64 53 of
904 353 258 65 political
1197 353 114 53 and
1348 352 179 53 social
1561 351 245 65 science,

205 354 1905 147 Philadelphia.
435 434 110 53 Los
572 434 249 68 Angeles
850 440 202 47 center.

202 510 422 53 International
669 511 286 69 problems
1000 511 64 53 of
1108 510 96 52 the
1248 505 313 74 Americas,
1608 511 112 52 and
1765 508 262 55 taxation
2073 511 59 53 in

133 587 1999 70 California … Editor in charge of this volume : Malbone W.
133 665 2001 71 Graham, jr. … [Los Angeles] The American academy of
132 745 258 68 political
423 747 113 52 and
568 744 174 53 social
775 744 230 72 science,
1038 747 114 51 Los
1184 744 249 70 Angeles
1466 747 205 67 center,
1706 747 151 51 1928.

202 827 85 41 123
315 838 43 38 p.
419 826 144 41 26½ᶜᵐ.
634 826 98 47 (Its
762 826 323 49 Proceedings.
1158 837 43 30 v.
1231 827 40 47 1,
1299 836 77 30 no.
1404 825 51 49 1)

135 895 52 52 ©
211 901 114 46 May
345 899 40 48 2,
409 898 115 41 1929;
575 899 66 40 2c.
664 899 115 47 May
801 899 56 40 18;
908 898 82 41 aff.
1016 899 115 47 May
1151 898 59 41 20;
1260 899 41 39 A
1323 897 117 41 8205;
1489 898 145 40 Amer.
1667 898 233 47 academy

1917 897 54 39 of
202 896 1913 100 political
320 955 36 41 &
379 956 150 40 social
554 955 198 48 science,
780 955 94 40 Los
897 955 206 48 Angeles
1128 957 178 39 center.
1371 953 280 51 (29-11685)

134 1050 319 54 American
485 1050 278 53 institute
796 1050 64 52 of
891 1050 283 54 chemical
1206 1050 330 64 engineers.

205 1127 1685 67 Transactions … Index to volumes 1 to 15, inclusive.
134 1127 1976 147 Compiled
319 1207 77 68 by
423 1207 227 53 Harold
681 1207 64 52 F.
776 1206 348 55 Whittaker.
1202 1206 238 69 Subject
1467 1207 190 55 index,
1687 1224 147 50 page
1866 1209 28 49 1
1925 1211 59 47 to
2017 1208 115 50 192.

131 1284 231 54 Author
383 1286 113 52 and
519 1285 312 53 discussion
853 1285 190 64 index,
1064 1303 146 51 page
1234 1289 98 49 193
1354 1291 58 47 to
1434 1288 117 50 228.
1623 1284 139 53 New
1784 1284 180 67 York,
135 1284 1977 134 Published

345 1365 77 68 by
450 1365 98 51 the
574 1364 276 52 Institute
880 1365 113 51 and
1025 1363 95 53 for
1149 1365 116 52 sale
1292 1364 76 69 by
1398 1365 71 51 D.
1501 1366 132 53 Van
1663 1365 292 52 Nostrand
133 1383 1977 128 company,
333 1442 127 68 inc.,
490 1444 149 51 1929.

203 1525 560 49 1 p. l., 228 p. 23½ᶜᵐ.
135 1577 53 53 ©
221 1583 122 39 Mar.
375 1581 69 47 22,
478 1582 140 47 1929;
651 1582 68 40 2c.
753 1582 127 40 June
910 1582 53 47 1;
1000 1582 80 40 aff.
1115 1582 113 48 Apr.
1260 1582 83 48 16;
1378 1582 40 40 A
1451 1583 142 46 9443;
1630 1582 145 40 Amer.
1820 1582 229 41 institute
2081 1583 53 39 of

203 1637 234 41 chemical
463 1638 264 48 engineers,
755 1639 118 40 New
898 1639 145 41 York.

137 1731 280 65 Asquith,
449 1733 149 54 Hon.
632 1732 277 66 Herbert,
941 1738 172 50 1881-

202 1809 1935 71 Roon, by Herbert Asquith … New York, C. Scribner’s
132 1905 146 49 sons,
310 1890 151 50 1929.

203 1970 26 40 3
259 1981 43 36 p.
332 1971 45 42 1..
407 1970 87 41 308
523 1981 42 37 p.
626 1970 147 41 19½ᶜᵐ.

136 2022 53 53 ©
221 2028 115 46 May
365 2027 69 47 17,
466 2026 114 41 1929;
640 2028 67 39 2c.
741 2028 115 47 May
885 2027 55 41 25;
1002 2027 82 41 aff.
1119 2029 116 46 May
1263 2028 55 39 21;
1382 2028 39 39 A
1452 2027 115 42 9303;
1630 2028 202 42 Charles
1867 2029 267 41 Scribner’s

204 2094 127 31 sons.
401 2082 280 50 (29-11647)

135 2177 214 65 Baker,
380 2179 138 55 Mrs.
553 2178 307 54 Christina
901 2178 408 66 (Hopkinson)

206 2256 123 52 The
369 2261 159 64 story
568 2255 65 53 of
672 2256 128 69 Fay
841 2256 192 68 house,
1075 2256 77 70 by
1195 2255 297 56 Christina
1535 2257 346 69 Hopkinson
1927 2260 207 53 Baker.

136 2332 364 71 Cambridge,
532 2333 275 54 Harvard
837 2333 322 70 university
1189 2353 176 50 press,
1398 2338 150 50 1929.

205 2414 1464 51 vi, [1] p., 2 l., 3-135, [1] p. front., plates, ports. 21ᶜᵐ.
205 2471 351 48 Bibliography
574 2482 9 28 :
616 2482 44 38 p.
693 2471 236 51 123-[132]

137 2525 53 53 ©
219 2530 115 47 May
360 2529 70 48 14,
460 2529 140 47 1929;
630 2530 67 40 2c.
727 2531 114 47 May
869 2530 56 40 17;
983 2530 82 40 aff.
1095 2532 114 46 May
1237 2530 82 47 20;
1350 2531 42 39 A
1420 2531 142 47 8202;
1595 2532 258 42 President
1879 2533 36 41 &
1943 2534 190 42 fellows

205 2585 53 41 of
281 2586 230 40 Harvard
537 2587 191 47 college,
755 2586 302 49 Cambridge,
1084 2589 147 39 Mass.
1296 2588 281 50 (29-11531)

138 2680 196 64 Bedel,
365 2681 280 64 Maurice,
680 2686 171 50 1884-

203 2758 297 67 Molinoff;
543 2777 79 52 or,
658 2760 122 53 The
818 2765 169 49 count
1024 2760 59 54 in
1121 2761 98 52 the
1254 2760 247 70 kitchen,
1538 2764 76 67 by
1649 2763 256 55 Maurice
1942 2765 196 65 Bedel,

133 2837 318 55 translated
497 2835 153 55 from
695 2838 96 52 the
835 2839 222 53 French
1103 2840 77 70 by
1222 2841 303 52 Lawrence
1575 2841 55 56 S.
1675 2841 230 55 Morris.
1998 2843 140 54 New

135 2915 180 63 York,
342 2916 122 53 The
492 2914 222 70 Viking
742 2934 175 55 press,
948 2920 150 52 1929.

205 2996 625 50 3 p. l., 3-252 p. 19½ᶜᵐ.
139 3050 53 53 ©
218 3055 116 48 May
357 3055 69 46 20,
452 3055 115 40 1929;
621 3055 67 40 2c.
713 3056 116 47 May
852 3056 54 39 24;
963 3055 83 43 aff.
1071 3057 114 46 May
1210 3055 57 40 22;
1320 3057 40 39 A
1386 3057 114 41 8344;
1555 3058 181 49 Viking
1758 3070 150 38 press,
1935 3060 91 41 inc.

217 3111 281 50 (29-11675)

142 3205 253 65 Béraud,
428 3205 203 65 Henri,
668 3212 171 49 1885-

268 3286 1869 81 … Rendez-vous européens. Paris, Les Éditions de France,
192 3373 116 51 ᶜ1 928.
206 3450 738 50 4 p. l., [3]-232 p., 2 l. 19ᶜᵐ.
141 3504 1994 55 © Dec. 3, 1928; 1c. Jan. 19, 1929; A— Foreign 1549; Henri Béraud, Paris.
219 3564 280 50 (29-12143)

141 3657 306 65 Berkeley,
477 3657 245 65 George,
790 3678 53 48 bp.
875 3661 63 67 of
967 3660 233 71 Cloyne,
1230 3663 324 54 1685-1753.

271 3735 1870 70 … Essay, Principles, Dialogues, with selections from other
141 3812 1998 70 writings, edited by Mary Whiton Calkins … New York,
142 3888 1246 72 Chicago [etc.] C. Scribner’s sons [ ᶜ1 929]
