2561 4405
1137 4053 67 50 23

182 396 244 62 Greene,
456 395 202 63 Harry
686 393 277 65 Andrew,
998 398 169 50 1889-

309 471 1668 70 … The use and interpretation of educational tests; a
176 474 2014 146 handbook for the classroom teacher, by Harry A. Greene … and
176 628 2015 70 Albert N. Jorgensen … New York [etc.] Longmans, Green
174 710 111 52 and
317 727 97 50 co.,
447 709 150 51 1929.

176 786 1997 108 xxii p., 1 l., 389 p. illus., diagrs. 20½ᶜᵐ. (Longmans’ education series)
246 917 235 42 Contains
512 915 396 49 bibliographies.

179 985 52 53 ©
264 989 111 41 Jan.
404 989 41 48 2,
476 987 142 49 1929;
650 988 70 41 2c.
751 988 111 40 Jan.
895 987 82 48 12;
1011 986 84 42 ail.
1128 986 111 41 Jan.
1271 985 82 49 10;
1387 986 44 40 A
1459 986 143 48 2799;
1637 987 290 49 Longmans,
1963 986 157 42 Green
2154 986 36 41 &

246 1057 68 30 co.
380 1045 252 49 (29-1436)

175 1155 245 63 Greene,
449 1153 156 54 John
633 1154 217 63 Priest,
883 1158 173 50 1849-

244 1232 121 52 The
397 1230 402 53 fundamental
829 1229 217 53 virtues;
1107 1249 31 33 a
1167 1230 173 68 study
1370 1229 65 53 of
1463 1248 215 34 success
1707 1230 115 52 and
1853 1229 231 59 failure,
2111 1230 77 69 by

173 1308 2014 69 J. P. Greene … Liberty, Mo., The William Jewell press, 1928.
241 1391 669 51 xxxi, 271, [1] p., 1 l. 19½ᶜᵐ.
242 1464 42 39 A
329 1463 214 40 revision
588 1462 53 40 of
685 1472 64 29 an
793 1461 179 40 earlier
1018 1461 135 40 work
1198 1461 61 47 by
1306 1460 81 40 the
1433 1462 181 39 author
1658 1461 206 40 entitled
1911 1461 274 41 “Practical

170 1520 225 40 morals”,
456 1519 63 41 cf.
549 1519 132 40 Pref.

244 1577 438 47 “Supplementary
710 1574 258 49 readings”:
1028 1574 25 39 1
1084 1574 104 40 leaf
1215 1576 52 38 at
1296 1574 108 40 end.

175 1642 2008 55 © Dec. 19, 1928; 2c. Dec. 26; aff. Dec. 21; A 3625; J. P. Greene, Santa
242 1706 121 46 Ana,
393 1704 147 41 Calif.
608 1702 252 51 (29-1456)

172 1813 343 63 Grumbine,
545 1812 245 64 Harvey
819 1812 245 61 Carson,
1096 1816 172 49 1869-

303 1889 1882 75 … The chase [b] Harvey C. Grumbine. New York, H.
166 1974 177 53 Vinal
374 1972 224 53 limited
746 1972 84 65 [ᶜ1928]

238 2051 1141 51 4 p. l., 56 p. 16 ᶜᵐ. (The friendly books)
239 2127 186 39 Poems.

171 2192 1930 53 © Nov. 10. 1928; 2c. and aff. Jan. 5, 1929; A 3552; Harold Vinal, ltd.
250 2254 252 48 (29-1542)

169 2362 287 63 Hendrix,
491 2362 257 53 William
783 2361 256 64 Samuel,
1074 2362 84 52 ed.

245 2440 441 69 [Introduction,
724 2441 291 66 exercises,
1051 2445 178 63 notes,
1269 2440 113 52 and
1421 2439 348 70 vocabulary
1806 2441 77 69 by
1918 2441 264 54 William

174 2521 229 55 Samuel
433 2520 270 53 Hendrix
733 2520 113 53 and
878 2519 208 53 Ernest
1116 2519 262 51 Herman
1406 2519 264 68 Hespelt,
1698 2520 60 52 in
1785 2519 98 53 the
1910 2519 150 54 book
169 2538 1988 128 entitled]

392 2600 80 51 La
508 2599 227 52 familia
766 2599 68 52 de
863 2597 293 53 Alvareda:
1218 2598 203 51 novela
1453 2597 250 69 original
1735 2598 68 53 de
1833 2599 348 54 costumbres

169 2675 2005 72 populares, por Fernán Caballero … Boston, New York [etc.]
165 2757 158 55 Ginn
353 2759 114 51 and
498 2775 281 50 company
926 2757 84 64 [ᶜ1928]

307 2837 1874 51 xx, 271 p. incl. front. (port.) illus. 17½ ᶜᵐ. (International modern
163 2899 241 46 language
435 2895 177 49 series)

168 2963 2011 53 © Dec. 31. 1928; 2c. Jan. 10, 1929; aff. Jan. 9; A 2793; W. S. Hendrix,
235 3024 275 49 Columbus,
548 3025 66 46 O.,
649 3025 97 39 and
779 3026 180 39 Ernest
992 3024 221 40 Herman
1246 3024 218 48 Hespelt,
1498 3024 119 40 New
1650 3025 147 41 York.

167 3120 291 63 Henmon,
487 3118 216 54 Vivian
734 3119 171 52 Allen
937 3119 265 64 Charles,
1237 3120 172 54 1877-

237 3197 410 53 Achievement
690 3202 139 47 tests
873 3197 61 52 in
977 3197 96 53 the
1116 3198 239 52 modern
1400 3196 231 71 foreign
1674 3199 333 70 languages,
166 3219 1988 125 prepared

166 3273 1987 150 for the Modern foreign language study and the Canadian committee on modern languages, by V. A. C. Henmon …
166 3432 139 53 New
337 3431 181 68 York,
550 3432 122 52 The
701 3431 338 53 Macmillan
1071 3450 301 51 company,
1406 3435 150 50 1929.

166 3513 2013 110 xxvi p., 1 l., 363 p. incl. tables, diagrs. 24 ᶜᵐ. (On cover: Publications of the American and Canadian committees on modern languages.
201 3660 9 9 v.
238 3626 50 50 5)

238 3700 169 39 “Tests
436 3699 313 40 constructed
778 3700 96 38 and
906 3698 350 42 standardized
1288 3699 62 48 by
1382 3700 82 40 the
1496 3700 261 42 American
1790 3702 97 40 and
1921 3702 256 42 Canadian

165 3755 331 41 committees”:
554 3766 44 38 p.
625 3755 102 41 4-6.

240 3813 380 47 “Bibliography
662 3813 52 40 of
755 3813 201 39 modern
998 3812 193 48 foreign
1233 3813 241 48 language
1519 3815 123 39 tests
1685 3815 141 40 other
1870 3817 122 39 than
2037 3818 139 40 those

166 3869 764 48 listed in chapter I" : p. 345.
164 3936 52 52 ©
246 3941 111 41 Jan.
385 3941 38 43 8,
452 3941 142 47 1929;
624 3942 69 40 2c.
722 3942 96 39 and
847 3940 84 41 aff.
961 3941 111 40 Jan.
1101 3941 53 46 9;
1185 3941 42 39 A
1255 3941 142 48 3603;
1430 3942 286 41 Macmillan
1745 3954 68 31 co.

241 3997 252 49 (29-1220)
