2512 4377
1329 4032 103 52 408

373 375 216 64 Thorp,
626 376 274 53 Prescott
938 377 248 55 Holden.

441 453 205 68 Stamp
677 453 320 69 collecting,
1027 455 133 68 why
1190 455 113 52 and
1333 456 157 64 how;
1523 454 199 69 riding
1752 473 32 34 a
1816 455 190 69 hobby
2039 455 141 53 with
372 457 1978 129 Prescott

516 530 1856 72 Holden Thorp … New York, N. Y., Scott stamp & coin
367 613 306 65 co. [ ᶜ19 29 ]
440 690 908 50 6 p. l., 185 p. front., illus. 20 ᶜᵐ .
444 762 70 41 “A
549 763 93 47 key
679 763 48 39 to
766 761 82 41 aid
888 761 50 40 in
979 762 289 48 classifying
1307 764 199 46 stamps,
1547 762 237 48 compiled
1825 763 60 47 by
1925 762 157 42 Lewis
2123 763 56 42 A.
370 764 1986 95 Armistead”:

598 830 41 37 p.
669 818 218 41 176-185.

376 887 52 52 ©
457 891 113 40 Feb.
596 891 70 47 15,
694 890 113 41 1929;
865 890 69 41 2c.
962 891 97 39 and
1086 890 84 40 aff.
1199 891 122 40 Mar.
1347 890 83 46 25;
1461 890 42 39 A
1530 889 141 48 7044;
1705 890 134 41 Scott
1868 892 160 47 stamp
2057 891 36 40 &
2121 891 107 41 coin
2255 902 68 30 co.

454 946 253 51 (29-8061)

373 1042 310 65 Trarieux,
712 1041 148 54 Jean
888 1041 163 53 René
1077 1041 222 64 André,
1330 1042 173 53 1876-

370 1119 1985 135 … Le pesage, par Jean Trarieux. Paris, La Nouvelle société
549 1200 516 66 d’édition [ ᶜ19 28]
441 1279 1303 52 87 p., 1 l. 19½ᶜᵐ. (“L’homme à la page.” [I])
439 1353 116 41 2000
597 1353 160 48 copies
796 1352 211 49 printed.
1069 1351 143 41 “1750
1253 1350 323 49 exemplaires
1618 1361 85 30 sur
1742 1351 119 47 alfa,
1904 1350 278 42 numérotés
2221 1352 87 41 226
2349 1353 28 40 à

370 1410 159 42 1975.”
589 1410 118 40 This
741 1420 120 37 copy
891 1411 85 38 not
1007 1409 280 40 numbered.

376 1477 2003 54 © May 21, 1928; 1c. June 26; A—Foreign 39382; Nouvelle société
445 1538 248 41 d’édition.
760 1536 252 51 (29-8052)

372 1632 293 65 Virginia.
734 1633 167 53 Laws
909 1675 11 23 ,
951 1638 240 49 statutes
1198 1676 11 24 ,
1243 1639 86 46 etc
1334 1676 10 10 .

442 1710 58 54 A
533 1710 204 69 pocket
772 1709 154 57 Code
961 1710 113 53 and
1111 1708 153 55 form
1299 1709 149 54 book
1484 1708 94 54 for
1612 1709 274 68 Virginia
1923 1714 309 66 attorneys,
371 1729 1984 130 embracing

644 1790 136 52 such
816 1794 161 63 parts
1011 1788 65 54 of
1110 1789 95 53 the
1242 1788 154 55 Code
1431 1788 65 53 of
1527 1789 291 68 Virginia,
1856 1792 152 64 1919,
2044 1788 114 54 and
372 1787 1982 151 subsequent

575 1873 117 49 acts
722 1868 65 53 of
814 1868 96 52 the
941 1866 247 56 General
1220 1867 297 68 assembly,
1548 1867 300 67 including
1880 1872 117 49 acts
2032 1870 152 64 1928,
2215 1887 60 35 as
2306 1887 73 34 an

373 1952 266 64 attorney
668 1948 230 66 usually
926 1946 170 53 needs
1127 1946 61 52 in
1218 1946 90 52 his
1339 1946 159 67 daily
1529 1946 252 67 practice
1811 1946 114 53 and
1957 1965 72 33 an
373 1944 1982 135 alphabetical

497 2024 402 69 compendium
933 2023 64 53 of
1033 2024 254 65 modern,
1326 2024 295 67 practical,
1656 2025 151 68 legal
1846 2023 200 69 forms,
2083 2024 187 54 which
2308 2044 72 34 an

374 2109 263 63 attorney
670 2103 120 53 will
821 2103 120 53 find
972 2103 192 53 usable
1197 2103 60 51 in
1287 2103 90 51 his
1410 2103 310 68 every-day
1752 2103 252 67 practice
2033 2103 59 53 in
2125 2108 162 48 court
2317 2122 64 35 or

373 2184 60 52 in
463 2182 166 68 office,
658 2181 302 69 including
986 2199 175 51 many
1188 2199 123 34 new
1342 2180 181 54 forms
1552 2186 98 48 not
1683 2186 58 48 to
1769 2181 69 53 be
1868 2181 183 53 found
2081 2180 298 56 elsewhere

373 2261 276 68 specially
692 2259 326 70 draughted
1060 2259 78 69 by
1180 2260 96 52 the
1321 2259 273 68 compiler
1638 2259 182 53 under
1863 2260 99 52 the
2003 2264 259 63 statutes,
2305 2258 76 71 by

377 2336 2003 70 Sam N. Hurst … 5th ed., rev., cor., and enl. … Appalachia,
373 2418 126 66 Va.,
528 2418 190 52 Hurst
745 2418 47 51 &
820 2434 300 52 company,
1151 2418 151 52 1928.

444 2500 371 48 1442 p. 18 ᶜᵐ .
449 2557 291 40 “Published
771 2557 244 48 pursuant
1046 2557 51 39 to
1126 2555 277 49 legislative
1435 2555 295 48 authority.”

446 2614 229 41 Lettered
705 2624 60 30 on
795 2623 170 31 cover:
996 2612 246 48 Lawyers’
1272 2612 200 41 edition.

448 2671 134 40 First
606 2670 185 41 edition
815 2669 259 49 published
1098 2669 53 40 in
1174 2668 115 42 1898
1315 2670 154 39 under
1496 2669 109 41 title:
1659 2669 75 40 An
1762 2671 266 39 annotated
2056 2669 171 49 pocket
2256 2669 125 42 Code

374 2727 54 41 of
458 2726 237 50 Virginia.

379 2780 52 52 ©
458 2784 114 40 Dec.
598 2783 70 48 20,
697 2783 141 46 1928;
867 2783 69 40 2c.
963 2783 97 39 and
1087 2781 83 42 aff.
1199 2783 124 40 Mar.
1351 2783 68 48 14,
1448 2782 142 47 1929;
1619 2783 41 39 A
1686 2783 144 47 4883;
1863 2783 111 41 Sam
2004 2783 56 41 N.
2090 2784 171 44 Hurst,
446 2783 1917 107 Appalachia,

721 2840 88 40 Va.
881 2839 253 50 (29-7942)

382 2936 246 68 [Vogau,
654 2934 176 53 Boris
857 2934 395 66 Andreevich]
1288 2940 172 49 1894-

442 3013 122 52 The
594 3010 188 55 naked
812 3030 155 51 year,
998 3011 78 69 by
1109 3012 169 53 Boris
1310 3012 254 69 Pilnyak
1623 3013 213 67 [pseud.]
1874 3013 319 54 translated
2228 3012 153 54 from

379 3089 173 70 Golyj
593 3090 130 69 god,
756 3089 78 70 by
869 3088 141 54 Alec
1046 3090 230 53 Brown.
1350 3089 182 66 N[ew]
1576 3089 205 67 Y[ork]
1822 3090 230 66 Payson
2090 3092 46 51 &
2173 3089 208 56 Clarke

371 3168 332 67 ltd. [ ᶜ19 28 ]
444 3249 87 41 305
557 3260 43 37 p.
660 3248 148 41 19½ᶜᵐ.
878 3248 303 49 (Half-title:
1205 3248 101 41 The
1332 3259 162 38 young
1520 3248 254 42 Russians.
1834 3248 52 48 1)

448 3306 239 41 “General
727 3305 334 41 introduction
1105 3316 59 29 on
1210 3306 83 39 the
1335 3305 497 48 post-revolutionary
1876 3305 215 41 Russian
2134 3308 143 39 novel
2320 3308 62 48 by

374 3361 1985 106 Prince D. S. Mirsky, edited and with a preface … by George Soloveytchik.”
381 3473 52 52 ©
465 3478 124 39 Mar.
617 3476 70 49 16,
719 3476 113 40 1929;
892 3476 69 40 2c.
992 3477 123 40 Mar.
1145 3476 56 39 22;
1262 3475 82 41 aff.
1376 3476 124 40 Mar.
1531 3475 55 40 19;
1647 3476 42 39 A
1720 3476 113 40 7012;
1896 3477 192 47 Payson
2120 3480 38 41 &
2190 3476 188 48 Clarke,

447 3534 89 41 ltd.
603 3532 252 50 (29-8007)

377 3626 340 64 Wakefield,
748 3627 260 53 Herbert
1039 3626 253 56 Russell.

447 3702 1935 71 Happy ever after, by H. R. Wakefield … New York,
376 3782 72 52 D.
479 3781 298 68 Appleton
806 3781 114 53 and
949 3799 299 50 company,
1281 3784 151 49 1929.

445 3864 28 41 3
500 3874 45 38 p.
608 3895 9 16 l.,
644 3863 102 48 360,
777 3863 55 50 [1]
862 3874 46 39 p.
966 3863 148 42 19½ᶜᵐ.

383 3917 52 52 ©
465 3922 124 39 Mar.
616 3920 70 47 22,
714 3921 114 40 1929;
886 3920 68 41 2c.
983 3921 96 39 and
1108 3919 82 42 aff.
1220 3921 123 39 Mar.
1371 3920 57 41 28;
1484 3920 42 39 A
1554 3920 112 40 6191;
1727 3921 57 41 D.
1811 3920 241 49 Appleton
2082 3920 38 41 &
2148 3931 68 30 co.

462 3976 251 50 (29-7961)
