2542 4389
1034 4066 133 49 1441

98 406 280 55 National
410 406 357 54 association
801 406 63 52 of
897 406 171 53 sheet
1102 406 181 53 metal
1316 409 389 49 contractors.
1781 406 188 54 Trade
166 404 1905 153 development

521 485 332 54 committee.

171 563 293 56 Standard
508 562 248 69 practice
798 563 61 52 in
900 563 155 53 sheet
1098 562 172 53 metal
1315 562 187 68 work;
1546 581 32 34 a
1620 561 288 55 reference
1949 561 149 53 book

98 640 281 69 compiled
412 640 94 52 for
537 641 95 51 the
662 658 96 36 use
789 640 64 53 of
883 639 321 70 architects,
1234 639 313 70 engineers,
1578 640 154 53 sheet
1763 638 175 55 metal

97 652 1977 138 contractors,
384 718 287 53 installers
699 718 65 54 of
788 736 178 35 warm
994 719 87 51 air
1109 717 235 70 heating
1369 724 239 63 systems
1634 719 113 52 and
1775 716 324 56 vocational

99 797 257 69 training
390 797 237 68 schools,
658 797 76 69 by
765 797 97 53 the
894 797 189 52 Trade
1118 797 398 67 development
1551 795 320 56 committee
1904 797 64 53 of
2001 797 97 53 the

100 874 272 54 National
414 873 336 55 association
791 875 66 53 of
894 874 156 53 sheet
1088 873 173 53 metal
1300 878 350 50 contractors
1688 874 64 52 of
1791 874 95 55 the
1924 874 74 55 U.
2039 872 59 57 S.

99 952 361 68 Pittsburgh,
506 953 121 67 Pa.,
672 952 121 52 The
840 951 274 53 National
1162 951 340 54 association
1549 953 154 52 sheet
1749 953 174 52 metal
98 965 1976 137 contractors,
389 1031 151 52 1929.

162 1108 86 43 768
270 1119 42 38 p.
374 1108 128 40 illus.
531 1108 133 47 (incl.
691 1107 165 50 plans)
883 1107 180 49 diagrs.
1122 1109 147 39 31½ᶜᵐ.

100 1176 51 52 ©
182 1181 118 46 Aug.
330 1180 68 47 29,
429 1179 138 46 1929;
599 1180 66 40 2c.
698 1180 95 39 and
823 1191 23 28 a
855 1179 51 40 If.
938 1179 128 47 Sept.
1096 1180 53 43 3;
1182 1179 39 39 A
1254 1178 168 49 12120;
1457 1181 128 39 Natl.
1619 1190 114 30 assn.
1779 1180 137 42 sheet
1948 1182 144 39 metal

167 1232 1002 52 contractors of the U . S. (29-18065)
92 1338 314 65 Nazhivin,
435 1340 143 51 Ivan
610 1338 384 65 Fedorovich,
1028 1341 171 53 1874-

230 1414 1868 75 … Rasputin, translated from the Russian by C. J. Hogarth
160 1490 1405 74 … New York & London, A. A. Knopf, 1929.
161 1572 307 43 2 v . 19½ ᶜᵐ .
162 1644 64 42 At
250 1645 125 39 head
402 1644 52 40 of
479 1645 108 39 title:
644 1645 121 40 Ivan
793 1644 257 42 Nazhivin.

100 1710 51 53 ©
187 1714 127 51 Sept.
347 1716 68 48 13,
447 1715 141 47 1929;
622 1716 68 40 2c.
722 1715 118 42 each
876 1718 128 46 Sept.
1037 1716 82 46 17;
1156 1715 82 42 aff.
1275 1717 127 48 Sept.
1437 1717 82 46 16;
1557 1719 40 38 A
1629 1718 170 48 12338;
1835 1718 173 42 Alfred
2043 1720 53 40 A.

168 1771 178 50 Knopf,
375 1773 90 38 inc.
531 1770 279 51 (29-18941)

99 1865 321 64 Normand,
450 1865 255 64 Jacques
736 1865 175 64 Clary
943 1867 166 62 Jean,
1143 1871 172 51 1848-

230 1942 1870 74 … Le temps a des ailes … (souvenirs et croquis) Paris,
99 2019 485 69 Calmann-Lévy,
618 2023 150 51 1929.

167 2099 629 54 5 p. l., [3]-266 p. 19 ᶜᵐ .
167 2171 64 42 At
260 2172 125 40 head
414 2172 54 40 of
498 2172 107 41 title:
666 2172 211 49 Jacques
907 2174 265 41 Normand.

169 2227 71 42 On
272 2238 167 31 cover:
473 2230 42 40 4.
548 2228 199 43 édition.

102 2292 51 54 ©
186 2298 112 49 Apr.
331 2300 68 41 17,
433 2299 139 47 1929;
608 2302 66 39 1c.
708 2300 117 49 July
856 2302 53 46 3;
945 2301 311 49 A—Foreign
1288 2302 116 41 3647;
1468 2303 403 51 Calmann-Lévy.

179 2354 281 49 (29-19482)

92 2449 418 65 Nottingham,
540 2451 294 64 Stratton,
869 2471 178 50 comp.

163 2529 119 52 The
308 2531 285 66 marriage
617 2530 206 54 license
846 2532 181 52 bonds
1052 2533 64 51 of
1140 2532 528 56 Northumberland
1698 2535 246 71 County,
100 2533 1978 145 Virginia,

310 2605 152 53 from
497 2606 130 53 1783
659 2613 58 45 to
751 2610 152 65 1850,
933 2607 168 53 listed
1133 2610 112 51 and
1281 2610 238 52 indexed
1555 2611 75 68 by
1664 2611 263 56 Stratton

100 2611 1979 144 Nottingham … [Onancock, Va., 1929]
168 2764 880 51 cover-title, 2 p. l., 132 p. 26½ ᶜᵐ .
170 2833 346 49 Autographed
545 2835 129 40 from
706 2836 332 49 type-written
1069 2849 133 37 copy.

103 2898 52 53 ©
186 2903 121 50 Aug.
337 2905 69 46 26,
439 2905 114 39 1929;
612 2906 69 40 2c.
713 2908 96 39 and
841 2907 83 41 aff.
960 2907 130 48 Sept.
1122 2908 52 47 9;
1211 2909 38 38 A
1285 2909 169 47 13081;
1493 2910 44 41 S.
1572 2911 333 49 Nottingham,

170 2909 1911 102 Onancock,
326 2961 87 41 Va.

176 3053 215 65 [O’Brien,
423 3054 277 54 Florence
729 3057 186 53 Roma
943 3058 157 52 Muir
1128 3058 242 70 Wilson]
1408 3066 171 49 1891-
1791 3065 83 54 ed.

168 3130 188 56 Silver
378 3132 204 69 magic,
608 3151 31 34 a
664 3133 297 54 collection
986 3135 65 52 of
1074 3137 96 52 the
1195 3137 227 54 world’s
1446 3139 122 53 best
1595 3138 157 71 fairy
1778 3141 141 54 tales
1948 3141 154 54 from

95 3209 78 52 all
206 3208 303 69 countries,
543 3211 188 53 edited
769 3212 113 53 and
919 3216 284 67 arranged
1239 3215 77 69 by
1351 3216 211 53 Romer
1594 3217 226 55 Wilson
1886 3222 189 66 [pseud.]

95 3286 139 53 with
268 3287 382 54 illustrations
682 3289 58 52 in
774 3291 155 51 color
961 3292 113 52 and
1107 3292 134 68 line,
1272 3293 75 70 by
1379 3294 195 53 Violet
1609 3296 281 54 Brunton.
1960 3299 141 52 New

97 3363 1327 77 York, Harcourt, Brace & company [ ᶜ192 9]
166 3445 89 42 436
277 3457 45 37 p.
381 3448 88 39 col.
494 3447 164 48 front.,
685 3447 145 50 illus.,
857 3451 86 40 col.
971 3452 172 46 plates.
1203 3450 147 43 20½ᶜᵐ.

104 3511 53 53 ©
194 3515 129 51 Sept.
358 3519 70 46 12,
463 3519 140 47 1929;
641 3520 68 41 2c.
744 3522 98 39 and
878 3521 82 41 aff.
999 3522 126 49 Sept.
1163 3524 83 45 16;
1284 3525 41 39 A
1361 3524 170 48 13391;
1570 3527 262 48 Harcourt,
1871 3530 155 40 Brace
2063 3530 37 40 &

170 3582 83 40 co.,
281 3573 92 41 inc.
439 3574 280 50 (29-18882)

104 3666 208 65 Odum,
343 3669 256 54 Howard
630 3670 415 68 Washington,
1082 3680 171 49 1884-

174 3745 204 71 Wings
403 3767 72 35 on
498 3767 95 51 my
620 3750 115 53 feet;
791 3751 167 53 black
981 3753 234 68 Ulysses
1240 3761 59 47 at
1322 3755 96 53 the
1442 3775 165 51 wars,
1629 3760 74 68 by
1728 3759 260 54 Howard
2011 3760 90 54 W.

104 3823 1933 84 Odum … Indianapolis, The Bobbs-Merrill company [ ᶜ192 9]
171 3902 757 55 5 p. l. , 13-308, [1] p. 20½ ᶜᵐ .
174 3961 284 41 Illustrated
491 3963 350 50 lining-papers
873 3966 50 40 in
956 3967 170 41 colors.
