2547 4384
1333 4045 101 51 842

453 459 973 51 32 p. 25 ᶜᵐ . (The Stratford poets)
456 517 71 41 On
556 528 141 30 cover:
756 518 101 39 The
889 517 251 41 Stratford
1169 516 233 41 booklets.

385 569 52 53 ©
465 575 114 47 May
604 573 71 49 22,
701 573 143 48 1929;
873 574 68 40 2c.
968 574 115 47 May
1108 574 56 40 27;
1221 572 83 42 aff.
1331 573 115 47 May
1472 572 55 40 29;
1585 572 40 39 A
1652 571 140 48 8406;
1827 571 250 41 Stratford
2106 581 82 37 co.,
2218 571 163 49 pubrs.

462 629 282 50 (29-12469)

388 710 230 65 Mellen,
654 711 106 52 Ida
796 712 79 53 M.

457 789 156 54 Roof
654 790 339 69 gardening,
1035 790 76 71 by
1152 789 109 54 Ida
1303 789 241 68 Mellen;
1592 789 140 53 with
1775 808 304 35 numerous
2121 788 264 54 intimate

386 869 422 68 photographic
842 869 435 68 reproductions
1310 868 64 53 of
1406 869 97 52 the
1538 867 252 55 author’s
1824 887 127 34 own
1984 868 131 51 roof
2150 868 234 68 garden.

387 947 139 53 New
553 947 181 68 York,
758 947 72 54 A.
857 948 65 53 T.
948 947 88 53 De
1060 947 85 52 La
1169 947 163 52 Mare
1358 964 298 51 company,
1682 947 126 68 inc.,
1838 949 150 51 1929.

452 1027 987 49 2 p. l., 9-115 p. front., illus. 19 ᶜᵐ .
385 1081 1994 52 © May 1, 1929; 2c. May 6; aff. May 7; A 6987; A. T. De La Mare co.,
452 1142 92 41 inc.
613 1142 282 49 (29-12435)

384 1221 272 64 Melville,
694 1223 284 63 Herman,
1019 1226 326 50 1819-1891.

452 1300 225 67 Pierre;
721 1319 81 48 or,
844 1299 122 54 The
1007 1299 382 70 ambiguities,
1429 1300 77 69 by
1546 1300 260 53 Herman
1848 1300 274 68 Melville,
2165 1300 142 53 with
2351 1320 31 33 a

383 1377 233 68 preface
653 1378 78 69 by
769 1377 78 53 H.
887 1377 81 53 M.
1010 1377 353 67 Tomlinson,
1404 1377 114 52 and
1560 1395 74 35 an
1675 1377 393 54 introduction
2108 1376 76 71 by
2226 1376 153 57 John

386 1454 1932 69 Brooks Moore … New York, E. P. Dutton & co. inc. [ ᶜ19 29]
453 1538 26 38 2
506 1548 43 37 p.
614 1568 8 16 l.,
651 1536 251 48 vii-xxvii,
932 1536 86 41 505
1046 1548 44 38 p.
1146 1536 148 42 22½ᶜᵐ.

387 1588 52 53 ©
469 1593 114 48 Apr.
612 1592 70 49 27,
712 1591 142 48 1929;
887 1594 67 40 2c.
984 1593 114 48 Apr.
1128 1592 83 47 29;
1245 1592 84 41 aff.
1358 1593 126 41 June
1513 1593 54 46 4;
1600 1592 40 39 A
1671 1592 140 47 8524;
1847 1594 52 40 E.
1932 1593 50 40 P.
2014 1593 190 40 Dutton
2235 1593 36 40 &
2301 1603 67 30 co.,

440 1649 91 42 inc.
590 1645 71 54 [©
686 1650 198 48 preface
911 1650 96 39 and
1036 1648 346 51 introduction]
1451 1649 280 49 (29-12403)

383 1730 350 65 Meregazzi,
769 1731 216 55 Renzo.

516 1807 1872 70 … Siek-Siek in Somalia; illustrato con 52 riproduzioni
384 1886 377 70 fotografiche
800 1893 284 62 stampate
1127 1886 154 53 fuori
1323 1892 162 48 testo.
1561 1886 257 69 Firenze,
1860 1888 68 52 R.
1972 1888 328 68 Bemporad
2342 1890 48 51 &

380 1964 158 70 figlio
576 1968 172 65 [1928]

453 2047 1229 50 193 p., 1 l. illus. (maps) plates, ports. 21 ᶜᵐ .
384 2101 1813 53 © June 28, 1928; 1c. July 28; A—Foreign 268; R. Bemporad & f°.
462 2161 281 49 (29-12627)

384 2243 121 52 The
527 2242 244 51 modern
797 2243 387 54 home-maker;
1240 2243 258 69 cookery,
1522 2243 250 69 canning
1795 2245 113 52 and
1934 2242 351 70 preserving,
2309 2242 75 70 by

450 2320 71 54 A.
553 2320 206 53 Louise
792 2322 263 67 Andrea;
1091 2321 118 52 also
1240 2339 196 35 menus
1469 2319 94 54 for
1594 2338 388 51 nervousness,
2017 2321 94 52 for
2145 2320 242 72 gaining

450 2399 229 69 weight,
706 2399 95 53 for
826 2399 275 70 reducing
1126 2400 215 69 weight;
1396 2400 180 53 tables
1604 2400 63 52 of
1695 2400 137 53 food
1859 2400 211 69 values,
2096 2401 149 68 good
2271 2402 114 52 and

450 2478 259 53 harmful
751 2478 138 53 food
929 2479 432 69 combinations,
1402 2478 207 68 charts,
1648 2484 122 62 etc.,
1809 2477 295 70 reprinted
2143 2479 77 68 by
449 2497 1913 112 permission

714 2556 154 54 from
897 2558 234 68 Eugene
1160 2556 343 57 Christian’s
1530 2574 123 36 new
1681 2557 148 52 book
1858 2557 188 68 “Why
2073 2556 127 54 die”;
2260 2574 126 36 care

450 2633 65 54 of
549 2635 276 70 clothing,
860 2635 214 67 health,
1108 2635 245 69 hygiene
1390 2635 113 52 and
1539 2633 330 69 sanitation,
1906 2635 76 69 by
2017 2633 270 56 Rebekah
2327 2635 57 56 S.

450 2712 246 54 Hufcut.
792 2712 83 56 St.
925 2713 365 69 Petersburg,
1339 2713 144 68 Fla.,
1534 2712 137 56 Gift
1718 2712 336 71 publishing
2103 2729 283 52 company

455 2795 193 65 [ ᶜ19 29]
453 2873 143 41 5-239
623 2884 43 38 p.
726 2872 145 49 illus.,
898 2875 28 39 2
955 2874 125 47 port.
1138 2873 148 41 23½ᶜᵐ.
1401 2871 132 51 $2.50

452 2931 161 40 Blank
642 2941 148 38 pages
819 2931 80 40 for
930 2931 175 39 “Paste
1136 2929 237 49 clippings
1403 2929 144 41 here”
1587 2928 253 50 (234-239)

453 2988 350 48 Bibliography:
858 2998 46 38 p.
929 2987 101 41 226.

385 3041 51 52 ©
461 3046 114 47 May
597 3046 68 46 15,
691 3045 118 40 1929;
858 3046 67 39 2c.
948 3045 96 39 and
1068 3043 81 41 aff.
1175 3044 114 48 May
1311 3044 54 40 31;
1419 3044 40 39 A
1510 3044 87 39 8412;
1650 3043 167 42 Victor
1839 3043 236 48 Leonard,
2103 3042 66 42 St.
451 3042 1914 109 Petersburg,

614 3102 104 41 Fla.
782 3100 280 50 (29-12677)

383 3182 218 63 Moore,
633 3180 155 54 John
822 3181 247 54 Brooks.

458 3259 439 67 [Introduction,
928 3260 76 67 by
1037 3258 158 55 John
1228 3258 222 53 Brooks
1482 3259 200 51 Moore
1714 3258 61 52 in
1808 3258 98 52 the
1937 3257 147 54 book
2116 3258 259 66 entitled]

382 3337 225 67 Pierre;
637 3355 81 49 or,
746 3336 121 53 The
895 3336 381 69 ambiguities,
1302 3337 74 68 by
1403 3336 260 52 Herman
1690 3335 274 67 Melville,
1992 3335 140 52 with
2162 3353 32 34 a
383 3334 1973 133 preface

507 3414 1873 68 by H. M. Tomlinson … New York, E. P. Dutton & co.,
381 3493 327 66 inc. [ ᶜ19 29]
451 3576 26 38 2
501 3586 43 36 p.
603 3606 8 16 l.,
635 3574 252 48 vii-xxvii,
912 3573 85 41 505
1020 3585 43 38 p.
1122 3574 147 40 22½ᶜᵐ.

385 3627 52 52 ©
466 3631 114 48 Apr.
608 3631 70 48 27,
709 3630 141 47 1929;
883 3631 69 41 2c.
980 3630 114 48 Apr.
1122 3629 84 49 29;
1238 3629 85 42 aff.
1352 3630 126 40 June
1507 3631 55 46 4;
1594 3630 42 39 A
1666 3629 140 47 8524;
1840 3631 54 40 E.
1925 3630 51 40 P.
2008 3629 189 39 Dutton
2229 3628 36 40 &
2295 3637 81 38 co.,

452 3687 92 41 inc.

384 3767 243 65 Morley,
673 3767 199 53 Frank
916 3767 203 65 Vigor.

454 3844 144 52 East
623 3846 168 51 south
821 3849 134 63 east,
981 3845 78 68 by
1085 3845 66 52 F.
1178 3846 70 52 V.
1275 3845 242 69 Morley.
1580 3845 259 66 London,
1867 3844 139 54 New
2036 3843 165 54 York
2234 3848 139 63 [etc.]

382 3921 344 70 Longmans,
757 3920 187 56 Green
975 3923 113 52 and
1121 3940 98 51 co.,
1252 3924 151 52 1929.
