2582 4377
1329 4042 98 51 102

364 401 306 65 Edwards,
701 400 198 55 Oliver
927 401 267 62 Murray.

433 481 177 52 From
639 481 204 67 depths
872 479 305 68 unknown,
1207 478 75 69 by
1313 476 200 55 Oliver
1540 478 245 68 Murray
1815 475 299 55 Edwards.
364 475 1974 153 Syracuse,

533 558 70 54 N.
631 558 91 69 Y.,
747 558 122 52 The
893 556 202 54 Revilo
1122 574 174 51 press,
1325 558 150 50 1928.

433 638 336 49 265 p. 24 ᶜᵐ .
434 710 186 40 Poems.

437 766 147 40 “This
620 765 185 40 edition
840 764 208 40 consists
1083 764 51 38 in
1169 764 112 47 part
1317 762 51 40 of
1403 762 92 40 five
1529 763 222 40 hundred
1787 764 58 39 de
1878 763 117 40 luxe
2030 762 334 48 autographed

364 821 259 43 volumes.”

371 890 1992 52 © Dec. 20, 1928; 2c. Dec. 31; aff. Dec. 29; A 4072; Ο. M. Edwards,
440 950 251 48 Syracuse,
719 948 57 42 N.
803 949 54 40 Y.
924 946 226 52 (29-2939
1161 948 14 47 )

369 1044 346 64 Eggleston,
754 1044 86 51 De
878 1042 150 55 Witt
1070 1042 152 64 Carl,
1263 1047 172 49 1881-

436 1121 298 54 Auditors’
780 1126 222 62 reports
1046 1121 113 51 and
1206 1119 261 69 working
1513 1138 224 50 papers,
1782 1120 75 68 by
1901 1121 88 51 De
2032 1120 153 53 Witt
2229 1117 137 56 Carl

369 1197 1498 72 Eggleston … New York, J. Wiley & sons, inc.;
1893 1197 258 67 London,
367 1195 1975 135 Chapman
532 1280 45 49 &
608 1277 160 67 Hall,
800 1277 124 67 ltd.,
958 1279 151 50 1929.

437 1360 64 48 xi,
532 1359 87 41 305
649 1370 43 37 p.
723 1359 109 41 incl.
863 1358 194 48 diagrs.,
1089 1358 170 40 forms.
1318 1357 146 40 23½ᶜᵐ.
1534 1357 252 48 (Lettered
1819 1367 63 31 on
1911 1366 162 32 cover:
2105 1357 156 47 Wiley
369 1367 1982 97 accounting

628 1415 163 48 series,
823 1415 61 41 Η.
915 1415 53 41 T.
1001 1414 193 49 Scovill,
1225 1413 183 50 editor)

441 1473 68 40 To
551 1473 57 39 be
650 1473 117 39 used
812 1471 51 39 in
905 1471 285 41 connection
1230 1471 121 40 with
1393 1471 85 40 the
1519 1470 219 41 author’s
1781 1470 238 48 Auditing
2061 1471 171 47 theory
2274 1469 96 40 and

368 1529 227 49 practice.
653 1529 100 39 The
783 1531 95 37 two
909 1528 146 40 books
1086 1528 114 40 thus
1229 1528 129 40 form
1386 1529 200 38 natural
1615 1527 312 49 companions
1958 1527 80 40 for
2066 1527 119 40 each
2216 1526 156 42 other.

367 1586 61 49 cf.
464 1586 131 42 Pref.

372 1640 1996 51 © Jan. 26, 1929; 2c. and aff. Jan. 29; A 4100; De W. C. Eggleston,
440 1700 171 39 Mount
641 1700 206 47 Vernon,
880 1700 56 40 N.
968 1700 53 38 Y.
1093 1698 251 50 (29-3140)

372 1792 388 65 Engelhardt,
793 1793 322 52 Nickolaus
1146 1792 198 65 Louis,
1377 1798 172 50 1882-

442 1870 206 55 School
677 1869 219 54 finance
923 1871 108 52 and
1063 1869 255 54 business
1346 1875 400 64 management
1774 1870 302 69 problems,
2103 1870 76 68 by
2207 1870 71 53 N.
2306 1870 65 53 L.

370 1947 2004 70 Engelhardt … and Carter Alexander … New York city,
372 2026 276 53 Teachers
682 2026 229 68 college,
944 2024 300 55 Columbia
1277 2025 338 70 university,
1650 2029 150 50 1928.

505 2108 1753 49 xv p., 1 l., 526 p. incl. illus., maps, tables, diagrs., forms. 23½ ᶜᵐ .
439 2166 352 48 Bibliography
821 2168 52 37 at
906 2166 92 39 end
1031 2165 52 40 of
1113 2166 118 39 each
1264 2166 215 47 problem
1510 2167 171 46 except
1715 2165 242 48 “problem
1989 2165 131 42 103”.

374 2219 51 52 ©
456 2223 111 40 Jan.
596 2223 41 48 4,
668 2222 141 48 1929;
843 2222 68 41 2c.
941 2222 110 40 Jan.
1081 2221 53 48 9;
1169 2221 82 42 aff.
1283 2222 111 40 Jan.
1425 2222 81 47 17;
1541 2221 40 41 A
1612 2221 142 49 4001;
1788 2221 242 42 Teachers
2062 2222 192 48 college,

439 2221 1915 99 Columbia
654 2279 130 41 univ.
852 2279 253 49 (29-2922)

370 2374 219 64 Evans,
626 2373 263 65 Charles,
930 2379 171 49 1890-

442 2451 109 52 Ida
593 2450 203 68 broke;
842 2451 97 53 the
981 2451 205 53 humor
1230 2452 112 52 and
1387 2452 349 68 philosophy
1779 2451 65 53 of
1887 2451 143 70 golf,
2072 2452 76 68 by
2193 2451 183 55 Chick

373 2529 195 53 Evans
602 2530 113 52 and
749 2530 205 51 Barrie
986 2530 215 68 Payne,
1235 2529 140 52 with
1409 2547 73 34 an
1514 2528 392 54 introduction
1938 2529 78 70 by
2048 2529 327 55 Grantland

372 2606 156 68 Rice,
554 2607 325 53 illustrated
909 2606 140 53 with
1079 2606 373 53 “McDuffer”
1479 2613 277 47 cartoons.
1831 2608 140 53 New
2002 2607 179 69 York,
2211 2607 67 53 E.
2309 2608 65 53 P.

373 2684 779 68 Dutton & co., inc. [ᶜ192 9]
442 2767 843 49 xiii, 302 p. incl. plates. 21½ ᶜᵐ .
376 2821 51 51 ©
458 2824 110 41 Jan.
598 2825 69 47 24,
698 2824 140 47 1929;
871 2824 66 41 2c.
969 2825 110 39 Jan.
1109 2823 81 48 30;
1224 2823 82 41 aff.
1339 2824 109 40 Jan.
1477 2824 83 47 29;
1593 2825 42 39 A
1665 2825 141 47 5009;
1841 2827 53 39 E.
1925 2826 50 40 P.
2007 2825 188 41 Dutton
2225 2825 37 40 &
2291 2836 82 37 co.,

443 2881 92 42 inc.
602 2880 250 50 (29-3169)

376 2975 142 63 Fay,
556 2975 288 55 Bernard.

443 3051 123 54 The
590 3052 308 53 American
925 3053 369 68 experiment,
1320 3053 76 69 by
1422 3055 263 52 Bernard
1711 3054 142 68 Fay,
1879 3055 60 52 in
1966 3053 411 55 collaboration

376 3128 1978 148 with Avery Claflin. New York, Harcourt, Brace and company [ᶜ192 9]
443 3290 627 49 5 p. l., 3-264 p. 22½ ᶜᵐ .
447 3347 1928 51 “A brief critical sketch of governmental machinery … a panoramic
376 3403 296 49 description
707 3404 52 40 of
795 3405 83 39 the
915 3407 139 46 great
1091 3406 198 39 modern
1327 3405 196 41 nation:
1563 3405 65 41 its
1665 3406 148 48 work,
1851 3406 65 40 its
1952 3407 128 47 play,
2117 3406 65 41 its
2219 3408 155 39 moral

374 3460 231 49 qualities
646 3462 95 39 and
782 3461 289 49 prejudices,
1114 3462 64 39 its
1220 3461 250 48 emotions,
1513 3462 174 40 beliefs
1728 3463 96 39 and
376 3462 1982 98 ambitions.”—Foreword.

380 3571 51 51 ©
464 3575 110 40 Jan.
606 3575 68 46 17,
706 3575 141 46 1929;
878 3575 68 40 2c.
978 3575 110 41 Jan.
1120 3575 82 47 31;
1237 3575 82 42 aff.
1351 3576 110 40 Jan.
1492 3575 83 46 29;
1610 3576 41 38 A
1681 3575 142 47 4161;
1858 3576 261 48 Harcourt,
2154 3577 155 39 Brace
2341 3576 37 40 &

446 3641 81 37 co.,
558 3630 92 41 inc.
718 3631 251 49 (29-3157)

379 3724 220 64 Ferris,
633 3725 203 53 James
871 3727 178 63 Cody.

448 3802 123 53 The
599 3802 61 52 X
688 3803 119 53 Bar
834 3803 61 51 X
923 3805 140 67 boys
1091 3812 59 46 at
1179 3805 276 53 Rustlers’
1486 3804 147 68 Gap.
1661 3806 77 68 by
1764 3806 195 54 James
1989 3804 164 71 Cody
2178 3805 194 54 Ferris

441 3881 1930 71 … illustrated by Walter S. Rogers. New York, Grosset &
376 3957 449 70 Dunlap [ ᶜ192 9]
