2582 4377
1349 4046 64 49 14

386 389 286 64 Sanborn,
709 389 178 54 Pitts.

459 468 198 52 Prima
685 467 206 66 donna,
920 484 31 33 a
979 465 167 52 novel
1173 463 65 53 of
1265 464 95 53 the
1388 482 191 49 opera,
1607 464 76 68 by
1710 464 155 53 Pitts
1896 463 280 56 Sanborn.

389 464 1977 149 London,
547 545 139 53 New
715 543 163 54 York
912 548 137 61 [etc.]
1083 542 347 68 Longmans,
1459 540 188 55 Green
1676 542 112 52 and
1820 559 98 49 co.,
1949 546 150 49 1929.

457 626 476 51 5 p. l., 616 p. 21 ᶜᵐ.
391 694 1998 54 © Jan. 2, 1929; 2c. Jan. 12; aff. Jan. 10; A 2801: Longmans, Green & co.
468 756 249 49 (29-1195)

387 852 186 62 Scott,
606 849 256 65 Temple,
901 854 169 49 1864-

457 929 199 55 Oliver
686 928 329 55 Goldsmith
1045 926 547 70 bibliographically
1624 926 114 53 and
1768 925 462 71 biographically

387 944 1979 129 considered;
673 1007 170 53 based
879 1025 73 34 on
985 1006 98 52 the
1115 1005 299 53 collection
1448 1003 65 54 of
1546 1004 265 53 material
1846 1004 61 52 in
1940 1004 95 53 the
2070 1004 221 70 library
2326 1006 64 52 of

385 1087 89 54 W.
501 1087 78 51 M.
610 1086 222 66 Elkins,
860 1102 108 50 esq.
1033 1085 91 67 By
1151 1083 236 67 Temple
1416 1081 179 68 Scott,
1623 1082 141 52 with
1794 1101 73 34 an
1894 1082 392 54 introduction
2314 1084 75 68 by

384 1165 71 52 A.
497 1164 255 52 Edward
791 1163 259 53 Newton.
1126 1162 139 52 New
1307 1160 181 68 York,
1529 1160 121 53 The
1692 1159 269 71 Bowling
2002 1179 172 50 green
2214 1180 174 50 press,

385 1246 148 50 1928.

454 1320 1499 52 xix, 368 p. col. front., illus. (incl. facsims.) ports. 27 ᶜᵐ.
386 1391 2000 53 © Dec. 22, 1928; 2c. and aff. Jan. 2, 1929; A 3483; W. M. Elkins, Elkin
453 1453 144 40 Park.
627 1453 83 39 Pa.
778 1450 221 49 (29-913)

383 1546 279 63 Sherson,
694 1545 192 53 Erroll
916 1546 207 62 Henry
1151 1545 231 62 Stuart,
1415 1548 170 50 1858-

455 1625 362 52 Townshend
838 1623 65 53 of
928 1622 229 55 Chitral
1183 1622 112 53 and
1321 1622 142 67 Kut,
1486 1622 76 69 by
1589 1622 196 52 Erroll
1812 1620 251 56 Sherson;
2116 1621 171 54 based

2315 1640 70 34 on
384 1703 94 52 the
513 1702 211 53 diaries
757 1702 114 52 and
905 1701 225 68 private
1166 1719 208 50 papers
1410 1699 65 54 of
1507 1699 471 69 Major-General
2015 1698 97 56 Sir
2149 1698 237 55 Charles

384 1777 2001 70 Vere Townshend, K. C. B., D. S. O. … London, W. Heinemann
382 1858 103 52 ltd.
524 1860 172 65 [1928]

453 1937 1088 50 8 p. l., 411 p. front., plates, ports. 22½ ᶜᵐ.
383 1989 1999 56 © 1c. Dec. 29, 1928; A ad int. 12195; pubd. Nov. 1; E. H. S. Sherson,
450 2054 213 39 London.
731 2053 251 49 (29-1974)

387 2148 217 70 [Small,
641 2148 220 53 Austin
898 2148 72 67 J.]

450 2228 187 52 Down
682 2227 168 58 river,
896 2227 75 68 by
1021 2226 276 56 Seamark
1367 2227 215 68 [pseud.]
1671 2226 143 54 Nov.
1865 2229 81 56 10,
1997 2229 186 65 12-14,
2234 2230 149 52 1928.

385 2310 49 62 [4
466 2306 375 66 instalments]

457 2389 82 48 (In
572 2386 201 43 London
806 2385 148 53 Daily
989 2386 233 52 express)

382 2442 1999 51 © 1c. each Jan. 8, 1929; A ad int. 12198; pubd. Nov. 10, 12-14, 1928;
449 2503 53 40 A.
533 2503 43 39 J.
609 2502 164 48 Small,
804 2503 213 40 London.

376 2597 215 63 Smith,
629 2598 254 53 Edward
921 2597 262 65 Ehrlich,
1223 2603 172 50 1886-
1612 2598 83 53 ed.

447 2675 364 54 Adventures
845 2676 61 52 in
941 2677 256 67 reading,
1232 2677 191 53 edited
1457 2676 75 69 by
1567 2677 68 52 E.
1672 2676 242 54 Ehrlich
1952 2675 209 65 Smith,
2197 2675 184 57 Orton

377 2754 1981 130 Lowe [ and] I. Jewell Simpson … 4th-6th years. Illustrations
572 2833 113 51 and
730 2850 165 34 cover
938 2833 199 69 design
1182 2833 75 69 by
1302 2833 91 70 Ry
1398 2834 70 51 ah
1516 2834 67 51 R.
1629 2833 238 53 Ludins.
1949 2832 232 55 Garden
2231 2832 153 70 City,

377 2910 1622 64 N. Y., Doubleday, Doran and company, inc. [ ᶜ19 28]
443 2955 359 80 3 v . illus. 19½ᶜᵐ.
379 3046 51 51 ©
459 3050 112 40 Dec.
599 3051 68 47 17,
695 3050 140 47 1928;
862 3050 71 40 2c.
961 3052 96 39 and
1085 3062 25 29 a
1118 3051 49 40 ff.
1196 3051 110 41 Jan.
1333 3053 41 45 4,
1404 3052 141 46 1929;
1576 3052 41 38 A
1644 3052 143 46 3559;
1819 3051 300 48 Doubleday,
2149 3052 167 39 Doran
2346 3052 36 39 &

446 3117 81 37 co.,
555 3107 91 40 inc.
711 3106 251 50 (29-1090)

377 3200 235 65 Smyth,
648 3200 155 54 John
842 3202 310 56 Paterson.

450 3278 56 52 A
541 3280 156 66 boys’
735 3280 114 52 and
886 3281 160 68 girls’
1083 3280 107 53 life
1226 3281 64 53 of
1327 3280 216 70 Christ,
1576 3282 77 69 by
1689 3281 376 54 Archdeacon
2099 3282 279 52 Paterson

382 3356 1923 73 Smyth … London, Hodder and Stoughton, limited [ᶜ1928]
445 3439 819 50 318 p., 1 l. front., plates. 20½ ᶜᵐ.
446 3498 140 46 Maps
616 3507 60 30 on
705 3498 302 48 end-papers.

449 3554 161 40 “First
641 3555 256 47 published
931 3556 278 48 September
1240 3556 158 42 1928.”

378 3607 1982 111 © 1c. Nov. 30, 1928; A ad int. 12181; pubd. Sept. 30; Hodder & Stoughton, ltd. (29-1987)
379 3761 328 65 Steinman,
734 3762 191 53 David
953 3764 286 64 Bernard,
1271 3770 171 50 1886-

376 3838 2003 152 A practical treatise on suspension bridges; their design, construction and erection, by D. B. Steinman … with appendices
