2542 4389
1039 4002 102 51 857

78 348 349 63 McKinney,
459 347 255 54 William
747 349 191 64 Mark,
972 353 82 52 ed.

145 425 1929 74 Ruling case law. Permanent supplement … Edited by
75 503 261 55 William
371 503 80 51 M.
489 503 348 69 McKinney,
874 504 205 70 Henry
1116 506 65 51 P.
1220 505 311 67 Farnham,
1571 505 236 55 Charles
74 506 1980 128 Porterfield

244 579 1831 75 and S. B. Fisher … [v. 3] Pages 1591-2356, covering
75 659 95 53 the
189 659 225 52 articles
434 657 450 55 Constitutional
902 661 111 50 law
1029 666 59 46 to
1105 660 361 53 Dedication.
1537 661 341 68 Northport,
1896 662 70 53 N.
1985 662 92 68 Y.,

76 736 255 54 Edward
365 737 331 67 Thompson
729 756 308 50 company;
1078 737 118 55 San
1230 738 324 68 Francisco,
1591 738 140 69 Cal.,
75 739 1999 143 Bancroft-Whitney

386 832 308 50 company;
733 814 325 69 Rochester,
1094 816 69 53 N.
1203 817 89 66 Y.,
1328 817 124 51 The
1484 817 268 68 Lawyers
74 835 1977 112 co-operative

214 892 336 68 publishing
570 910 298 50 company,
894 896 148 50 1929.

144 975 28 40 3
195 986 43 37 p.
299 1006 8 16 l.,
331 973 263 41 1591-2356
617 985 43 37 p.
720 975 147 41 25½ᶜᵐ.

79 1040 51 53 ©
156 1046 114 46 May
292 1045 69 47 31,
387 1043 141 48 1929;
553 1044 68 40 2c.
647 1044 127 41 June
799 1045 25 37 5;
880 1044 82 41 aff.
987 1045 127 41 June
1139 1045 52 47 6;
1217 1045 43 39 A
1284 1045 112 40 9511;
1454 1047 210 39 Edward
1690 1046 276 48 Thompson
1992 1058 83 38 co.,

147 1102 231 47 Lawyers
402 1101 324 47 co-operative
751 1101 108 47 pub.
884 1112 82 35 co.,
992 1101 490 49 Bancroft-Whitney
1507 1113 69 31 co.

80 1195 304 64 Manning,
414 1194 220 64 Joseph
665 1194 336 65 Columbus,
1033 1198 171 52 1870-

148 1274 175 51 From
372 1271 108 54 five
530 1278 57 46 to
636 1271 369 69 twenty-five,
1054 1273 89 53 his
1194 1274 204 52 earlier
1447 1273 107 54 life
1604 1293 58 35 as
1713 1275 245 53 recalled
2005 1275 77 69 by

78 1351 217 69 Joseph
319 1350 309 55 Columbus
650 1350 301 69 Manning.
1027 1351 140 53 New
1190 1352 181 67 York,
1394 1352 70 53 N.
1490 1352 90 68 Y.,
1606 1353 63 52 T.
1694 1352 72 53 A.
1791 1353 290 69 Hebbons,

166 1433 83 49 ᶜ19 29.
150 1511 696 50 89 p. illus. (port.) 17 ᶜᵐ .
83 1580 52 52 ©
167 1584 128 40 June
323 1583 40 48 3,
395 1582 116 40 1929;
568 1582 69 40 2c.
670 1582 127 40 June
827 1582 53 47 5;
914 1581 82 43 aff.
1030 1583 127 39 June
1186 1583 55 47 4;
1274 1583 43 39 A
1346 1583 141 48 8541;
1523 1584 44 41 J.
1601 1583 48 42 C.
1682 1583 248 49 Manning,
1962 1585 118 40 New

148 1641 145 40 York.
363 1639 281 49 (29-12624)

80 1734 312 64 Marinoni,
424 1736 137 53 Mrs.
594 1734 157 52 Rosa
792 1733 324 66 (Zagnoni)

148 1811 124 53 Red
306 1809 147 55 kites
490 1811 113 53 and
639 1811 235 52 wooden
909 1830 227 49 crosses,
1169 1811 77 69 by
1280 1812 151 52 Rosa
1464 1812 257 68 Zagnoni
1756 1812 323 66 Marinoni;

79 1890 283 68 arranged
396 1889 77 69 by
506 1889 172 69 Mary
715 1888 269 55 Caroline
1019 1890 229 66 Davies,
1286 1890 389 52 introduction
1712 1890 75 69 by
1821 1890 262 54 William

81 1965 238 72 Stanley
351 1967 398 53 Braithwaite.
819 1967 271 69 Chicago,
1123 1968 67 52 R.
1225 1968 266 53 Packard
1521 1970 46 50 &
1599 1986 298 50 company,
1931 1971 149 49 1929.

150 2051 84 40 xvi
262 2061 57 38 p.,
349 2051 24 39 1
439 2082 8 15 l.,
476 2050 175 41 19-128
678 2061 44 38 p.
781 2051 148 40 21½ᶜᵐ.

151 2107 185 41 Poems.

83 2159 51 52 ©
159 2163 128 41 June
309 2165 39 46 7,
371 2163 116 40 1929;
538 2163 68 41 2c.
630 2164 96 39 and
750 2162 83 41 aff.
859 2163 126 40 June
1010 2163 55 39 12;
1118 2163 43 39 A
1184 2162 115 40 9645;
1354 2163 180 41 Robert
1562 2164 222 40 Packard
1808 2164 38 40 &
1869 2174 68 30 co.

160 2219 280 50 (29-12795)

89 2315 222 63 Mayer,
346 2314 209 63 Maria,
592 2315 171 54 1897-

152 2392 122 53 Aus
325 2393 241 52 meinem
617 2393 364 66 kinderland,
1033 2411 112 33 von
1197 2392 188 52 Maria
1439 2392 216 68 Mayer.
1745 2391 329 68 M[ünchen]

84 2468 1559 70 Gladbach, Volksv ereins- verlag g. m. b. h. [ ᶜ19 28]
154 2553 25 38 1
209 2563 43 37 p.
317 2583 9 16 l.,
357 2551 146 42 7-108
531 2563 44 37 p.
633 2552 146 42 18½ᶜᵐ.

84 2603 1994 53 © Oct. 27, 1928; 1c. Mar. 2, 1929; A—Foreign 2181; Volksvereins-verlag,
151 2675 43 38 g.
217 2675 60 30 m.
301 2665 42 41 b.
366 2664 45 41 h.
472 2664 281 50 (29-12713)

86 2758 300 64 Merriam,
418 2758 245 55 Charles
694 2759 273 64 Edward,
1000 2759 168 54 1874-

154 2834 252 70 Chicago;
467 2853 31 34 a
525 2853 155 35 more
708 2836 264 52 intimate
998 2835 144 52 view
1169 2835 64 53 of
1260 2835 183 52 urban
1471 2835 245 67 politics,
1744 2835 76 69 by
1848 2834 236 55 Charles

82 2912 2002 70 Edward Merriam … New York, The Macmillan company,
85 2994 150 50 1929.

154 3075 532 49 5 p. l., 305 p. 22 ᶜᵐ .
88 3126 51 52 ©
167 3131 126 43 June
316 3132 41 48 4,
384 3132 140 47 1929;
552 3132 68 40 2c.
646 3133 96 39 and
770 3131 82 41 aff.
880 3132 127 40 June
1034 3131 51 47 5;
1114 3131 43 39 A
1181 3129 113 41 9491;
1352 3130 282 40 Macmillan
1661 3141 67 30 co.

165 3187 280 51 (29-12608)

89 3282 212 53 Metric
329 3285 330 53 conversion
684 3285 179 53 tables;
922 3283 110 54 five
1059 3284 179 53 tables
1267 3283 94 53 for
1385 3283 98 53 the
1508 3284 219 53 instant
1753 3282 333 54 conversion

156 3360 65 53 of
269 3361 191 53 inches
510 3367 58 47 to
617 3361 375 60 centimeters,
1043 3360 118 53 feet
1210 3365 59 47 to
1318 3365 221 62 meters,
1589 3365 203 48 meters
1842 3366 60 47 to
1952 3360 134 69 feet,

156 3440 223 67 pounds
417 3444 57 48 to
510 3439 163 69 kilos,
710 3439 148 54 kilos
895 3445 60 47 to
991 3438 241 70 pounds,
1270 3438 202 69 giving
1509 3439 96 51 the
1640 3438 182 54 direct
155 3439 1905 133 equivalent

304 3517 64 52 of
397 3518 77 52 all
502 3518 265 53 numbers
798 3517 156 54 from
983 3523 27 48 1
1041 3522 60 47 to
1132 3519 133 51 1000
1294 3521 60 47 at
1382 3534 31 34 a
1442 3515 214 71 glance.
1734 3515 184 68 Clear,
155 3516 1904 132 legible

284 3595 198 68 tables,
520 3596 272 68 designed
829 3601 59 47 to
928 3599 239 65 prevent
1205 3612 184 35 errors
1430 3595 114 52 and
1581 3599 58 47 to
1679 3612 130 35 save
1848 3594 139 53 time
2023 3594 63 54 in

158 3671 1865 71 the computation of equivalent weights and measures …
157 3751 900 69 New York, Unz & co., ᶜ19 29.
159 3833 406 50 19, [1] p. 24 ᶜᵐ .
91 3886 52 52 ©
170 3892 114 47 May
307 3892 39 47 1,
371 3891 141 46 1929;
539 3892 67 40 2c.
631 3892 95 39 and
752 3890 82 42 aff.
861 3891 126 39 June
1011 3891 26 39 7;
1093 3889 41 39 A
1159 3887 141 48 9555;
1329 3888 105 40 Unz
1459 3888 37 41 &
1520 3899 69 31 co.

169 3947 280 41 (29-12670)
