2542 4361
1076 3964 101 50 713

149 319 245 65 Abbott,
430 319 239 55 Austin.

214 396 1923 71 Abbott New York digest … Consolidated ed. April, 1929.
146 473 1994 70 Cumulative quarterly pamphlet … Rochester and New York
143 553 135 67 city,
300 553 70 51 N.
396 553 91 66 Y.,
510 554 119 49 The
653 553 268 67 Lawyers
946 553 381 66 co-operative
1354 553 336 68 publishing
1713 571 308 50 company;
2054 555 82 54 St.

143 630 166 67 Paul,
330 630 204 66 Minn.,
556 630 160 53 West
740 629 335 68 publishing
1100 647 309 50 company;
1438 630 139 52 New
1604 629 163 53 York
1791 630 133 68 city,
1949 630 71 53 N.
2047 632 91 67 Y.,

142 707 1107 68 Baker, Voorhis & company [ ᶜ1 929 ]
208 788 68 48 iii,
313 788 87 40 162
433 799 43 38 p.
644 821 9 9 24ᶜᵐ.

144 854 52 53 ©
226 860 114 47 May
369 859 69 48 14,
468 858 140 48 1929;
640 860 68 39 2c.
739 860 114 47 May
884 858 82 48 10;
1000 858 82 41 aff.
1114 860 114 47 May
1257 858 84 48 24;
1373 859 42 39 A
1444 858 142 48 9285;
1620 860 133 40 West
1784 860 110 48 pub.
1925 869 82 38 co.,
2039 863 96 39 and

209 915 231 48 Lawyers
470 915 324 48 co-operative
822 915 111 48 pub.
965 925 68 31 co.

144 1009 317 53 American
508 1008 245 54 medical
800 1009 377 53 association.
1265 1011 239 53 Council
1551 1031 72 34 on
1665 1012 314 68 pharmacy
2026 1013 114 52 and

215 1090 321 66 chemistry.

209 1166 139 52 New
395 1167 113 51 and
554 1165 318 54 nonofficial
917 1165 291 68 remedies,
1259 1168 150 49 1929.
1486 1164 355 70 Containing
139 1166 1971 130 descriptions
324 1242 65 53 of
422 1244 98 52 the
552 1244 225 52 articles
813 1243 187 52 which
1036 1244 168 52 stand
1241 1243 266 68 accepted
1543 1244 76 67 by
1653 1244 95 52 the
1787 1243 240 55 Council
2062 1264 73 33 on

137 1321 315 69 pharmacy
483 1321 109 52 and
624 1321 309 67 chemistry
963 1320 64 53 of
1057 1320 99 53 the
1183 1320 309 53 American
1522 1321 242 52 medical
1795 1322 342 52 association

137 1417 74 35 on
245 1399 265 68 January
546 1403 47 63 1,
633 1401 149 50 1929.
860 1397 271 70 Chicago,
1168 1397 308 54 American
1514 1399 241 52 medical
1794 1399 339 53 association

182 1479 134 50 [ᶜ1929
321 1509 13 34 ]

203 1558 100 48 485,
339 1558 142 40 xlviii
517 1568 43 39 p.
620 1558 147 41 19½ᶜᵐ.

139 1623 52 53 ©
209 1629 115 46 May
351 1628 69 47 24,
452 1627 139 48 1929;
623 1627 67 41 2c.
721 1628 97 39 and
846 1626 82 41 aff.
960 1628 113 47 May
1103 1627 83 46 27;
1218 1627 42 39 A
1290 1626 141 48 8458;
1464 1625 118 43 Amer.
1655 1626 205 41 medical
1890 1637 130 30 assn.

139 1734 443 55 Architectural
609 1735 207 65 league
847 1735 63 52 of
940 1735 146 52 New
1113 1735 182 54 York.

207 1810 1923 71 Year book … and catalogue of the 44th annual exhibition.
135 1889 1996 70 Grand central palace … April 15th to April 27th, inclusive,
136 1973 150 49 1929.
367 1969 157 67 [New
557 1969 180 67 York,
770 1969 124 52 The
924 1966 282 54 Kalkhoff
1239 1986 98 49 co.,
1373 1970 152 64 1929]

205 2051 129 51 [196],
366 2051 203 41 195-344
598 2062 42 37 p.
699 2051 164 46 front.,
895 2050 144 47 illus.,
1072 2051 158 47 plates
1271 2048 137 50 (part
1438 2048 111 48 col.)
1618 2049 116 41 32ᶜᵐ.

135 2104 52 53 ©
213 2109 114 47 Apr.
351 2108 69 48 13,
446 2107 140 47 1929;
613 2108 66 40 2c.
706 2108 114 47 May
846 2108 51 46 7;
925 2105 82 43 aff.
1035 2107 114 48 May
1175 2105 52 50 6;
1256 2107 41 40 A
1322 2105 141 48 7969;
1492 2105 362 43 Architectural
1880 2106 171 47 league
2078 2106 53 40 of

202 2165 118 40 New
344 2165 144 48 York,
514 2165 118 40 New
656 2164 146 42 York.

135 2259 473 66 Ashton-Wolfe,
644 2260 218 62 Harry.

202 2340 119 52 The
349 2357 134 35 man
510 2338 127 53 who
664 2337 167 53 made
858 2335 302 55 diamonds
1188 2353 175 52 grow.

210 2422 84 50 (In
322 2417 262 45 Pearson’s
615 2415 278 54 magazine,
924 2415 144 52 June,
1101 2415 144 51 1929)

134 2488 1991 54 © 1c. June 17, 1929; A ad int. 12790; pubd. June 1; Christy & Moore,
198 2551 101 46 ltd.,
329 2549 213 40 London.

133 2642 280 65 Asquith,
443 2643 152 54 Hon.
626 2640 278 65 Herbert,
936 2645 172 50 1881-

202 2723 182 69 Roon,
415 2723 77 68 by
521 2721 252 53 Herbert
802 2720 266 68 Asquith.
1144 2719 259 68 London,
1434 2719 366 53 Hutchinson
1833 2721 47 50 &
1911 2738 79 35 co.
2023 2720 103 54 ltd.

135 2804 172 65 [1929]

197 2880 89 42 318
311 2890 45 39 p.
524 2912 10 9 20ᶜᵐ.

131 2946 1992 55 © 1c. May 14, 1929; A ad int. 12668; pubd. Apr. 19; Charles Scribner’s
199 3018 124 38 sons,
353 3008 118 40 New
497 3007 145 40 York.
713 3004 279 51 (29-11573)

131 3119 160 64 Beal,
319 3118 226 62 George
575 3116 253 61 Denton,
858 3115 172 54 1887-

197 3196 57 53 A
293 3196 169 53 series
504 3193 64 54 of
610 3193 263 52 fourteen
915 3191 162 53 radio
1121 3190 153 53 talks
1315 3208 71 35 on
1429 3189 211 54 science
1683 3189 95 54 for
1821 3191 94 54 the
1959 3191 163 55 home

127 3266 1968 155 manager, by George D. Beal … H. S. Coleman … E. R. Harding
321 3344 1739 74 … [and others] with a foreword by Lawrence W. Bass …
133 3428 378 69 [Pittsburgh]
549 3428 150 51 1929.

195 3503 1906 56 4 p., 1 l., 5-138 p. 23ᶜᵐ. (University of Pittsburgh. Radio publica
126 3568 104 40 tion
265 3577 76 30 no.
375 3565 82 50 48)

197 3636 302 49 “Sponsored
530 3636 61 47 by
623 3634 182 40 Mellon
834 3632 227 41 institute
1094 3630 54 42 of
1177 3628 266 42 iudustrial
1465 3625 50 54 [!]
1550 3631 239 48 research,
1824 3632 96 40 and
126 3632 1977 103 broadcast

258 3693 130 40 from
417 3692 82 40 the
529 3689 283 47 University
842 3688 53 41 of
923 3687 287 48 Pittsburgh
1241 3685 162 49 s.tudio
1436 3685 52 42 of
1516 3686 198 48 KDKA,
1747 3687 372 49 Westinghouse

126 3749 196 41 electric
348 3749 95 39 and
469 3744 402 49 manufacturing
896 3754 249 37 company,
1172 3741 302 48 Pittsburgh,
1501 3742 404 48 Pennsylvania.”

130 3815 52 53 ©
215 3820 114 47 Apr.
360 3818 69 47 12,
461 3817 140 47 1929;
632 3816 70 40 2c.
736 3817 113 46 May
882 3814 52 47 9;
970 3812 83 41 aff.
1087 3813 114 46 May
1234 3811 53 47 8;
1322 3809 41 40 A
1395 3810 141 48 8002;
1572 3812 283 52 University
1890 3814 52 40 of
195 3814 1907 109 Pittsburgh,
391 3873 299 48 Pittsburgh.
761 3868 279 51 (29-11418)
