2533 4342
1321 4003 137 51 1844

391 442 267 68 Dorothy
699 442 363 67 Handsaker,
1104 443 212 53 Nelson
1354 442 346 53 Handsaker
1741 442 113 52 and
1896 443 205 52 others.
391 443 1982 144 Evanston,

539 519 1852 69 Ill., New York [etc.] Row, Peterson and company [ ᶜ1 929]
531 599 978 50 xv. 462 p. front., illus., diagrs. 21 ᶜᵐ .
464 670 265 40 Published
759 672 104 38 also
895 670 50 39 in
979 673 96 37 two
1105 671 232 47 volumes,
1370 670 264 46 Evanston,
1670 670 89 48 Ill.,
1791 669 129 43 1929.

399 735 1997 54 © Sept. 6, 1929; 2c. Nov. 12; aff. Nov. 11; A 14769; Row, Peterson &
468 807 67 29 co.
604 795 280 51 (29-24600)

395 887 1978 148 Solid geometry and its uses, by Gordon R. Mirick … Marquis
554 965 1845 69 J. Newell … George A. Harper … with the coöperation
394 1042 1980 147 of George Walker Mullins … illustrations by Dorothy Handsaker,
623 1122 211 53 Nelson
881 1121 349 53 Handsaker
1276 1122 114 51 and
1438 1121 207 52 others.
1731 1121 316 68 Evanston,
2094 1120 114 67 Ill.,
2257 1121 140 53 New

398 1199 1524 68 York [etc.] Row, Peterson and company [ ᶜ1 929]
463 1280 1186 49 xvi, 285-460 p. front., illus., diagrs. 21 ᶜᵐ .
465 1350 267 41 Continues
756 1350 82 40 the
861 1350 287 48 pagination
1174 1350 52 40 of
1251 1349 82 41 the
1358 1348 219 42 author’s
1605 1349 155 41 Plane
1783 1352 247 46 geometry
2056 1350 96 40 and
2179 1349 65 41 its
2271 1358 125 40 uses,

391 1408 265 47 Evanston,
701 1407 90 48 Ill.,
836 1406 129 41 1929.

397 1474 1998 51 © Sept. 6, 1929; 2c. Nov. 12; aff. Nov. 11; A 14768; Row, Peterson A
464 1544 68 30 co.
598 1532 282 50 (29-24908)

382 1627 284 64 Mitchell,
695 1627 321 64 Benjamin
1046 1628 230 54 Foster.

459 1705 56 51 A
550 1704 172 69 study
758 1703 65 53 of
858 1721 33 35 a
926 1703 327 68 systematic
1287 1704 233 52 method
1556 1703 66 53 of
1658 1703 285 69 teaching,
1976 1703 74 69 by
2089 1702 311 70 Benjamin

386 1781 1989 148 Foster Mitchell, PH. D. Nashville, Tenn., George Peabody college
539 1859 95 54 for
659 1859 272 68 teachers,
960 1862 152 50 1929.

458 1942 1939 49 3 p. l., ix-x p., 1 l., 105 p. diagr. 23½ ᶜᵐ . (Half-title: Contributions
387 2002 49 38 to
469 1999 260 41 education
760 1999 53 40 of
846 1999 185 48 George
1063 1999 227 47 Peabody
1321 1999 180 48 college
1533 1999 80 40 for
1645 2000 237 47 teachers,
1916 2010 75 30 no.
2022 1998 80 48 61)

457 2070 173 39 Thesis
659 2070 13 47 (PH.
850 2069 272 47 D.)—George
1150 2069 226 47 Peabody
1405 2069 181 48 college
1615 2069 81 40 for
1724 2070 235 47 teachers,
1991 2069 128 41 1928.

456 2126 352 48 Bibliography
826 2137 8 28 :
868 2137 43 37 p.
942 2125 189 41 91-105.

395 2192 1876 53 © Oct. 29, 1929; 2c. Nov. 2; aff. Nov. 4; A 14643; George Peabody
461 2197 1914 104 college
592 2253 81 40 for
702 2252 236 40 teachers.
1008 2252 281 49 (29-24623)

381 2346 284 53 National
698 2346 319 53 industrial
1051 2346 349 53 conference
1434 2346 203 54 board.

457 2422 322 53 Industrial
819 2439 186 51 group
1046 2422 315 53 insurance.
1437 2422 73 53 2d
1550 2423 104 68 ed.,
1692 2442 114 33 rev.
1883 2424 139 52 New
2063 2422 179 69 York,
386 2424 1987 129 National

601 2500 310 53 industrial
945 2499 333 54 conference
1307 2500 198 68 board,
1538 2500 127 68 inc.,
1701 2503 150 50 1929.

454 2582 561 49 2 p. l., 3-46 p. 23 ᶜᵐ .
394 2636 1981 101 © Oct. 21, 1929; 2c. and aff. Nov. 11; A 14718; Natl. industrial conference
603 2696 165 46 board,
796 2696 92 40 inc.
954 2694 283 50 (29-24752)

381 2789 260 64 Neuner,
668 2789 156 53 John
851 2789 222 63 Joseph
1100 2788 276 65 William,
1408 2794 172 49 1900-

455 2865 1941 70 Junior business typewriting, by John J. W. Neuner … and
383 2944 2009 70 Wallace B. Bowman … New York, Harcourt, Brace and
384 3025 507 67 company, ᶜ1 929.
454 3105 1034 48 1 p. l., iii-xiv, 92 p. illus. 22 × 28 ᶜᵐ .
455 3162 123 40 Text
608 3172 117 29 runs
753 3162 206 47 parallel
987 3162 121 39 with
1135 3162 122 39 back
1286 3162 52 40 of
1364 3172 156 31 cover.

392 3216 52 52 ©
478 3219 102 42 Oct.
611 3220 70 48 28,
714 3218 140 48 1929;
888 3219 68 41 2c.
990 3220 97 39 and
1120 3218 82 42 aff.
1234 3219 118 41 Nov.
1384 3220 18 38 1;
1472 3219 38 40 A
1545 3218 172 50 14529;
1753 3221 261 48 Harcourt,
2049 3222 156 40 Brace
2237 3222 36 40 &
2306 3231 82 37 co.,

461 3276 91 41 inc.
618 3275 281 50 (29-24888)

384 3369 146 52 New
562 3369 163 53 York
768 3371 192 70 (City)
1045 3372 196 52 Board
1275 3373 62 67 of
1369 3371 257 54 estimate
1660 3375 116 51 and
1807 3373 482 67 apportionment.

460 3447 139 52 New
639 3447 164 52 York
839 3448 116 67 city
992 3447 267 69 building
1297 3466 137 34 zone
1471 3449 329 51 resolution.
1877 3447 359 69 Completely
2274 3467 114 35 rev.

392 3523 94 53 for
523 3525 72 51 3d
633 3524 83 52 ed.
791 3524 357 69 Restricting
1182 3524 98 52 the
1315 3523 203 69 height
1555 3525 114 52 and
1707 3543 97 34 use
1843 3525 65 53 of
1942 3525 296 69 buildings
2276 3526 114 52 and

390 3601 359 68 prescribing
774 3601 98 52 the
896 3601 305 52 minimum
1228 3601 140 53 sizes
1397 3600 64 54 of
1487 3601 152 53 their
1666 3602 176 67 yards
1870 3602 113 52 and
2012 3607 208 63 courts,
2249 3601 141 53 with

388 3677 1977 146 explanatory notes … by George B. Ford … [New York, Aimkus printing co., 1929]
458 3836 812 50 44, [1] p. maps, diagrs. 28 ᶜᵐ .
394 3887 52 51 ©
482 3891 128 48 Sept.
643 3892 69 47 27,
775 3891 111 46 1929;
922 3892 67 40 2c.
1024 3893 95 39 and
1153 3892 83 41 aff.
1272 3891 128 49 Sept.
1433 3892 82 47 28;
1552 3892 40 38 A
1625 3892 172 46 12634;
1832 3893 117 39 New
1982 3893 132 38 York
2148 3891 108 41 title
2291 3893 96 37 and

460 3949 250 46 mortgage
734 3958 82 38 co.,
842 3948 118 40 New
983 3948 148 42 York.
