2542 4389
1060 3980 133 53 1751

110 356 198 61 Stone,
339 351 206 56 Calvin
570 352 65 53 P.

247 421 1868 78 … Age factor in animal learning: II. Hats on a multiple
116 509 151 69 light
303 506 459 55 discrimination
797 505 113 51 box
948 504 113 52 and
1100 521 30 33 a
1171 501 237 54 difficult
1443 519 176 46 maze,
1657 498 156 53 from
1848 498 97 53 the
115 516 1978 137 psychological

468 583 373 53 laboratories
880 581 64 53 of
985 579 283 56 Stanford
1306 576 339 69 university,
1681 576 76 69 by
1800 575 209 55 Calvin
2048 576 67 52 P.

118 654 1864 68 Stone … Worcester. Mass., Clark university press. ᶜ19 29.
184 740 767 52 2 p. l.. 125-202, [2] p. 25 ᶜᵐ .
119 796 52 52 ©
198 800 102 41 Oct.
328 800 56 39 25,
424 799 115 40 1929;
593 799 68 39 2c.
691 798 102 40 Oct.
819 796 83 47 28;
932 796 83 40 aff.
1043 795 118 40 Nov.
1189 793 82 46 20;
1301 793 40 39 A
1369 791 142 41 14921;
1573 791 147 40 Clark
1749 791 131 39 univ.
1909 800 150 38 press.

109 879 211 52 Texas.
395 880 184 67 Laws,
606 883 240 49 statutes,
891 884 100 47 etc.

248 953 1872 55 … Vernon’s annotated Revised civil statutes of the state of
117 1031 2003 69 Texas … [1929 cumulative annual pocket parts, to be inserted
117 1111 60 51 in
214 1111 252 51 volumes
506 1111 151 64 1-22]
735 1109 229 52 Kansas
1004 1108 153 70 City.
1195 1109 115 53 Mo.,
1367 1110 236 53 Vernon
1640 1110 111 51 law
1788 1108 150 54 book
115 1127 1981 129 company,
322 1189 151 51 1929.

184 1270 56 39 22
305 1302 9 8 v.
373 1269 118 40 25ᶜᵐ.

120 1322 52 52 ©
203 1326 128 48 Sept.
362 1325 69 48 27,
462 1325 117 40 1929;
636 1325 67 41 2c.
734 1335 84 30 each
882 1325 118 40 Nov.
1032 1325 55 39 14;
1148 1323 108 43 affs.
1286 1325 119 41 Nov.
1438 1324 53 40 11;
1553 1324 41 39 A
1624 1323 321 41 15732-15753;
187 1323 1915 100 Vernon

308 1383 99 39 law
432 1382 125 40 book
585 1392 68 30 co.

114 1449 193 52 Texas
353 1449 460 69 jurisprudence:
865 1465 27 33 a
939 1450 277 67 complete
1261 1454 301 48 statement
1610 1450 64 53 of
1717 1449 94 53 the
1856 1449 111 53 law
2013 1450 114 53 and

187 1527 252 68 practice
476 1525 64 54 of
574 1527 96 52 the
710 1532 143 47 state
894 1525 64 54 of
996 1527 203 65 Texas,
1237 1526 77 69 by
1350 1526 263 53 William
1651 1525 80 53 M.
1772 1525 351 67 McKinney,

190 1601 1873 71 and other lawyers, v. 3. Appeal and error-Civil cases …
193 1681 117 53 San
339 1681 324 56 Francisco,
691 1680 591 69 Bancroft-Whitney
1312 1698 300 50 company,
1644 1682 151 51 1929.

185 1763 565 49 4 p. l., 1410 p. 25 ᶜᵐ .
121 1816 52 52 ©
202 1821 119 39 Nov.
350 1820 54 39 12,
507 1819 55 39 1929;
620 1820 67 40 2c.
716 1820 120 39 Nov.
866 1819 57 39 20;
980 1819 82 40 aff.
1091 1819 118 40 Nov.
1241 1819 55 37 19;
1356 1819 39 38 A
1425 1817 146 40 14930;
1632 1817 489 45 Bancroft-Whitney

188 1887 68 31 co.

109 1941 277 64 Thomas,
418 1941 213 53 Lowell
660 1940 277 66 Jackson,
971 1945 171 51 1892-

186 2019 120 53 The
340 2019 136 53 hero
510 2018 64 54 of
605 2018 351 68 Vincennes;
994 2018 94 54 the
1123 2024 158 64 story
1317 2017 66 55 of
1416 2017 222 70 George
1672 2018 220 69 Rogers
1930 2017 196 66 Clark,

116 2096 33 52 by
216 2096 216 54 Lowell
462 2096 267 54 Thomas,
760 2096 137 53 with
931 2096 384 55 illustrations
1345 2096 75 70 by
1451 2097 65 52 F.
1552 2095 62 55 C.
1649 2096 188 53 Yohn.
1909 2097 215 52 Boston

115 2175 113 52 and
261 2173 138 54 New
438 2173 174 67 York,
642 2174 322 69 Houghton
997 2173 202 54 Mifflin
1234 2192 301 51 company,
1569 2176 150 50 1929.

187 2256 29 39 4
239 2266 42 38 p.
344 2286 10 16 l.,
379 2254 87 42 195
492 2266 43 38 p.
594 2256 88 40 col.
707 2255 166 43 front.,
899 2255 144 43 illus..
1071 2255 87 41 col.
1185 2256 173 47 plates.
1418 2255 148 42 23½ᶜᵐ.

190 2312 289 41 Illustrated
511 2311 364 49 lining-papers.

123 2365 52 53 ©
205 2370 118 40 Nov.
353 2371 22 37 1,
422 2369 115 41 1929;
594 2370 67 40 2c.
690 2370 119 40 Nov.
837 2370 26 38 4;
922 2369 84 40 aff.
1037 2369 118 41 Nov.
1186 2370 25 37 2;
1273 2370 39 38 A
1343 2368 145 40 15499;
1549 2370 51 40 L.
1631 2370 224 48 Thomas,
1890 2370 232 46 Pawling,

190 2425 484 49 N. Y . (29-23483)
116 2490 199 66 Uhlig,
343 2492 160 53 Max.

190 2568 310 56 Schönheit
503 2603 71 5 —
577 2568 200 54 frende
780 2603 71 4 —
852 2569 191 56 kraft;
1117 2569 359 69 darstellung
1544 2571 153 52 einer
1763 2570 364 54 natürlichen

118 2646 536 69 körpererziehung,
682 2665 107 34 von
819 2648 140 52 Max
1043 2647 143 63 Uhlig.
1262 2647 114 53 Mit
1409 2652 96 48 109
1533 2647 242 53 bildern.
1851 2649 277 53 Dresden.

115 2724 519 68 A. Huhle [ ᶜ19 29]
189 2805 1929 49 xii, 104, 52 p. illus. 23 ᶜᵐ . (Added t.-p.: Künftige ernten … bd. 4)
191 2862 308 42 “Literatur”:
557 2874 44 38 p.
631 2861 217 42 101-102.

125 2916 52 52 ©
240 2931 76 30 Jan.
344 2920 68 42 30,
442 2920 114 40 1929;
612 2920 66 40 1c.
707 2921 121 38 Mar.
858 2919 58 40 20;
972 2920 39 38 A
1014 2919 270 41 —Foreign
1312 2920 119 38 2549;
1487 2920 156 39 Alwin
1673 2920 178 40 Huhle.

204 2976 282 42 (29-23219)

115 3040 1011 66 Valle-Incl á n, Ramón del, 1870-
190 3118 121 54 The
347 3124 197 64 tyrant
592 3119 245 64 (Tirano
872 3120 325 67 Banderas)
1246 3140 27 33 a
1313 3121 167 52 novel
1515 3119 65 54 of
1617 3139 177 33 warm
1832 3121 184 67 lands,
2053 3122 77 67 by

121 3197 221 52 Ramón
381 3198 91 52 del
508 3198 416 52 Valle-Inclán.
999 3198 141 52 New
1178 3198 181 55 York,
1394 3198 78 52 H.
1510 3198 145 52 Holt
1694 3198 113 54 and
1847 3216 241 50 company

126 3277 193 64 [ ᶜ19 29]
191 3356 27 39 4
247 3367 43 37 p.
355 3387 9 16 l.,
394 3355 147 41 3-295
568 3367 42 38 p.
672 3355 145 42 19½ᶜᵐ.

195 3411 326 42 “Authorized
551 3411 297 42 translation
880 3413 128 40 from
1043 3414 81 40 the
1159 3412 210 50 Spanish
1403 3413 60 47 by
1497 3412 272 49 Margarita
1805 3413 210 42 Pavitt.”

128 3465 52 52 ©
208 3469 102 41 Oct.
336 3469 58 41 10,
491 3470 56 40 1929;
602 3471 67 40 2c.
697 3471 94 39 and
819 3469 82 41 aff.
929 3470 102 41 Oct.
1059 3471 56 38 24;
1174 3471 38 38 A
1238 3470 144 40 15514;
1439 3471 170 46 Henry
1634 3472 120 39 Holt
1782 3471 35 40 &
1844 3482 67 30 co.,
1955 3472 90 40 inc.

205 3526 282 43 (29-23493)

118 3588 130 53 Van
275 3590 182 64 Tyne,
490 3591 215 54 Claude
735 3591 308 64 Halstead,
1076 3597 171 49 1869-

193 3666 120 54 The
338 3685 120 35 war
482 3667 63 53 of
570 3668 451 68 independence;
1050 3668 307 54 American
1386 3670 192 66 phase,
1604 3669 172 71 being
1800 3670 96 54 the
1925 3670 205 54 second

123 3744 224 53 volume
373 3744 65 53 of
464 3764 31 33 a
520 3745 223 67 history
770 3745 65 54 of
860 3746 96 53 the
986 3745 290 68 founding
1303 3745 65 55 of
1394 3747 95 53 the
1518 3746 306 54 American
1855 3746 275 69 republic,

123 3820 1981 129 by Claude H. Van Tyne … Boston and New York, Houghton
250 3899 199 55 Mifflin
483 3919 298 50 company,
812 3903 152 51 1929.
