2547 4384
1370 4013 103 51 938

423 351 221 65 Baillif,
678 351 252 53 Matilda
960 349 323 65 Victorine,
1319 353 172 50 1883-

489 431 121 53 The
637 432 86 51 La
727 434 167 48 vocat
923 426 211 72 family
1162 428 59 52 in
1252 426 288 70 America,
1569 425 152 54 from
1754 430 134 50 1845
1915 430 60 47 to
2010 428 152 64 1929,
2193 442 61 35 as
420 443 1985 135 compiled

606 504 1436 73 by Matilda V. Baillif. [Minneapolis, ᶜ1 929]
490 588 773 52 6 p. l., 153 p. ports. 16½ ᶜᵐ .
493 663 229 41 “Edition
759 662 53 40 of
847 661 86 41 250
969 660 159 50 copies
1164 658 258 50 providing
1457 669 28 29 a
1524 668 120 39 copy
1678 658 80 40 for
1792 658 118 40 each
1949 655 276 42 individual
2261 656 52 41 of
2349 657 82 39 the

420 723 194 46 present
643 719 221 49 family.”

425 789 52 54 ©
503 794 127 41 June
652 793 69 48 11,
746 791 141 48 1929;
911 790 68 42 2c.
1004 792 129 41 June
1154 790 83 47 14;
1264 789 82 42 aff.
1371 790 128 40 June
1522 787 55 42 22;
1631 788 39 39 A
1695 787 113 42 8872;
1864 787 63 41 M.
1951 787 55 41 V.
2031 783 189 51 Baillif,

493 784 1919 116 Minneapolis.
736 847 281 52 (29-13687)

425 946 246 63 Barker,
706 946 243 63 Eugene
987 943 317 64 Campbell,
1343 944 171 53 1874-
1727 942 85 53 ed.

491 1024 294 68 Readings
827 1023 60 52 in
930 1023 186 53 Texas
1158 1021 224 68 history
1426 1019 96 53 for
1565 1020 144 67 high
1751 1019 221 53 schools
2016 1019 113 53 and
2173 1017 258 70 colleges,

420 1096 2010 76 edited by Eugene C. Barker … Dallas, Tex., The Southwest
420 1184 391 66 press [ ᶜ1 929]
491 1259 918 52 viii, 653 p. illus. (maps) 23½ ᶜᵐ .
494 1336 163 39 “Book
685 1333 114 42 list”
819 1344 8 29 :
860 1344 42 38 p.
933 1332 217 42 641-643.

427 1404 52 53 ©
503 1408 115 48 Apr.
642 1408 69 46 23,
738 1406 142 47 1929;
908 1405 67 42 2c.
1000 1405 95 39 and
1122 1403 82 41 aff.
1231 1404 128 39 June
1382 1402 82 46 25;
1493 1402 40 39 A
1558 1401 142 48 8913;
1731 1400 280 41 Southwest
2034 1409 152 40 press.

505 1463 282 51 (29-13686)

426 1558 286 63 Berkhof,
745 1557 200 64 Louis,
980 1558 173 53 1873-

492 1627 1943 75 The assurance of faith, by L. Berkhof … Grand Rapids,
422 1710 1180 73 Mich., Smitter book company [ ᶜ1 928]
493 1796 311 50 86 p. 19 ᶜᵐ .
427 1865 52 52 ©
509 1869 111 40 Dec.
649 1868 70 47 24,
749 1866 141 46 1928;
920 1865 67 42 2c.
1017 1865 127 41 June
1172 1865 56 39 24,
1271 1864 142 47 1929;
1444 1863 83 41 aff.
1557 1864 128 40 June
1713 1864 83 45 22;
1828 1863 39 39 A
1898 1862 141 47 8882;
2075 1861 204 43 Smitter
2308 1862 121 39 book

494 1938 68 29 co.
633 1923 283 50 (29-13573)

495 2013 1931 75 Biblical archaeology, by L. Berkhof … 3d ed., rev. Grand
422 2092 1439 76 Rapids, Mich., Smitter book company [ ᶜ1 928]
492 2176 817 53 2 p. l., 7-182 p. maps. 20 ᶜᵐ .
495 2250 312 41 “Literature
835 2247 310 43 consulted”:
1178 2259 45 37 p.
1252 2247 159 41 15-16.

428 2319 52 52 ©
510 2323 128 48 Sept.
666 2321 71 48 15,
764 2321 141 45 1928;
935 2319 66 44 2c.
1031 2320 127 40 June
1184 2319 69 47 24,
1282 2318 141 43 1929;
1454 2318 82 42 aff.
1565 2319 128 41 June
1719 2319 56 38 22;
1832 2319 40 38 A
1901 2318 141 47 8886;
2076 2317 203 42 Smitter
2308 2318 122 38 hook

496 2392 69 30 co.
633 2378 284 50 (29-13466)

426 2474 263 64 Beucler,
725 2474 223 55 André.

420 2548 1985 136 … Paysages et villes russes (juin-août 1927) Paris, Nouvelle
594 2628 717 70 revue française [ ᶜ1 929 ]
489 2711 749 50 3 p. l., [9]-226 p., 1 l. 17 ᶜᵐ .
426 2763 2004 56 © Jan. 7, 1929; 1c. Mar. 8; A— Foreign 2247; Librairie Gallimard, Paris.
506 2827 281 50 (29-13791)

425 2922 267 65 Boswell,
723 2922 222 65 James,
979 2922 327 56 1740-1795.

495 3001 236 53 Private
766 3020 207 49 papers
1007 3000 64 53 of
1104 3001 194 53 James
1333 3000 247 54 Boswell
1614 3000 154 53 from
1799 3000 296 54 Malahide
2131 3000 201 69 castle;
2369 2999 60 54 in

424 3080 95 51 the
548 3079 297 53 collection
873 3078 65 54 of
966 3078 340 56 Lt-Colonel
1336 3079 190 68 Ralph
1560 3079 295 69 Heyward
1885 3077 226 61 Isham;
2145 3077 284 70 prepared

426 3152 2003 75 for the press by Geoffrey Scott and now first printed … [v. 2,
427 3240 47 61 5,
507 3238 45 49 6.
627 3235 211 52 Mount
865 3234 253 68 Vernon,
1149 3235 69 51 N.
1254 3235 91 66 Y.,
1375 3235 90 53 W.
1501 3236 65 52 E.
1602 3235 223 68 Rudge,
1857 3235 147 68 priv.
2039 3233 177 69 print.,
2271 3236 151 64 1929]

492 3313 1368 54 3 v. facsims. (part mounted) 30 ᶜᵐ . (v. 6: 40 ᶜᵐ )
495 3387 267 41 Half-title.

497 3445 131 40 Each
652 3446 194 39 volume
867 3445 89 39 has
981 3444 181 49 special
1185 3446 99 46 t.-p.

764 3512 115 29 CONTENTS.—v.
905 3498 42 43 2.
972 3501 162 41 Zelide;
1188 3512 27 29 a
1241 3501 411 48 correspondence
1675 3503 218 39 between
1911 3503 165 39 James
2095 3502 210 41 Boswell
2331 3503 96 39 and

425 3559 135 39 Belle
588 3559 57 40 de
674 3559 197 47 Zuylen.
928 3557 272 43 Inviolable
1226 3560 129 46 plan,
1386 3561 48 38 to
1463 3559 58 39 be
1548 3560 116 40 read
1694 3570 113 29 over
1836 3559 294 48 frequently,
2160 3560 98 39 and
2288 3560 139 38 other

425 3624 296 39 papers.—v.
754 3613 42 42 5.
827 3613 173 43 Porzia
1034 3615 269 40 Sansedoni;
1364 3617 106 38 love
1500 3616 172 41 letters
1704 3616 54 40 of
1788 3617 165 39 James
1986 3616 211 41 Boswell
2229 3615 198 41 written

424 3671 49 41 in
500 3673 144 47 Italy,
671 3672 115 40 1765;
842 3671 120 41 with
988 3672 140 40 other
1154 3674 197 38 records
1375 3672 52 40 of
1451 3672 78 40 his
1557 3672 184 41 Italian
1768 3675 232 38 tour.—v.
2029 3671 40 42 6.
2097 3672 105 43 The
2226 3671 199 49 making

423 3728 52 41 of
499 3729 102 39 The
624 3728 90 40 life
741 3729 52 39 of
816 3728 219 41 Johnson
1061 3740 54 29 as
1143 3729 167 39 shown
1336 3729 50 39 in
1414 3729 251 41 Boswell’s
1690 3729 108 41 first
1825 3732 151 44 notes,
2006 3729 209 47 original
2242 3727 182 42 diaries

421 3786 96 39 and
549 3785 191 41 revised
772 3785 163 42 drafts;
997 3796 27 30 a
1057 3788 146 45 study
1235 3786 53 40 of
1319 3785 250 42 Boswell’s
1601 3786 334 48 biographical
1968 3787 196 40 method
2198 3785 226 48 marking

423 3841 83 41 the
529 3843 271 39 successive
824 3844 132 48 steps
979 3842 50 41 in
1056 3843 82 40 the
1160 3843 333 48 composition.

424 3893 53 53 ©
504 3899 127 39 June
656 3901 39 44 7,
722 3899 142 46 1929;
889 3900 70 41 2c.
986 3900 117 40 each
1131 3901 119 47 July
1275 3900 53 47 6;
1356 3900 83 40 aff.
1467 3900 118 49 July
1610 3900 54 47 8;
1692 3901 42 39 A
1761 3900 171 48 10104;
1962 3901 159 48 Ralph
2149 3901 62 41 H.
2239 3900 182 47 Isham,

496 3955 120 47 Glen
640 3957 155 48 Head,
821 3957 52 40 L.
899 3957 52 48 I.,
976 3956 57 43 N.
1058 3956 54 41 Y.
