2533 4342
1339 3998 137 52 1730

470 440 366 49 288 p. 19 ½ ᶜᵐ .
409 492 1274 53 © 1c. Sept. 27, 1929; A ad int. 13075; pubd.
1718 498 121 47 Aug.
1873 498 53 47 2;
1963 499 71 39 W.
2070 499 54 39 B.
2160 498 244 42 Maxwell.

477 553 213 41 London.
763 553 282 49 (29-23253)

400 631 238 65 Melvin,
667 632 234 52 Arthur
929 631 254 65 Gordon,
1215 637 171 49 1894-

477 710 368 68 Progressive
874 709 296 69 teaching;
1204 728 73 33 an
1307 709 443 68 interpretation
1783 709 94 53 for
1907 710 97 52 the
2032 710 280 69 guidance
2344 709 66 53 of

407 786 2001 69 teaching in the public schools, by A. Gordon Melvin … New
409 864 1290 68 York, D. Appleton and company [ ᶜ1 929 ]
476 945 1279 49 xii, 272 p. illus., pl., fold. tab., diagr. 19½ ᶜᵐ .
476 1001 351 49 Bibliography
857 1004 53 38 at
939 1002 93 39 end
1062 1001 54 41 of
1145 1001 120 41 each
1294 1002 215 48 chapter.

410 1054 1995 53 © Oct. 11, 1929; 2c. Oct. 16; aff. Oct. 24; A 15315; D . Appleton & co.
484 1114 279 49 (29-23092)

399 1183 223 62 Meyer,
651 1182 140 51 Max
825 1180 325 66 Friedrich,
1186 1183 171 54 1873-

400 1258 1982 131 … The musician’s arithmetic; drill problems for an introduction
661 1342 58 46 to
749 1337 96 52 the
873 1335 274 54 scientific
1176 1337 173 69 study
1378 1335 64 54 of
1470 1336 238 53 musical
1738 1336 395 68 composition,
2162 1337 76 69 by
2268 1338 140 53 Max

399 1413 1910 71 F. Meyer … Columbia, The University of Missouri, 1929.
472 1495 87 40 149
601 1506 42 37 p.
718 1495 129 40 illus.
876 1494 49 49 (2
968 1496 258 45 mounted;
1273 1495 111 40 incl.
1427 1494 178 48 music)
1659 1495 155 48 diagr.
1889 1495 146 40 26½ᶜᵐ.
2120 1494 290 50 ([Missouri.

404 1552 297 48 University]
778 1552 102 39 The
924 1551 285 48 University
1253 1551 52 40 of
1350 1551 232 40 Missouri
1625 1551 189 41 studies
1860 1562 42 39 [a
1948 1552 252 48 quarterly
2244 1552 52 40 of
400 1563 1992 95 research]

666 1606 431 51 … vol. IV, no. 1)
470 1666 226 39 Includes
724 1663 168 42 music.

407 1719 52 52 ©
493 1722 127 48 Sept.
654 1722 70 48 28,
758 1721 115 40 1929;
935 1721 67 40 2c.
1037 1722 95 38 and
1166 1720 82 41 aff.
1284 1721 102 40 Oct.
1419 1721 53 45 3;
1509 1721 41 38 A
1583 1721 171 46 12750;
1793 1720 236 43 Curators
2063 1721 51 41 of
2147 1722 83 39 the
2310 1721 96 39 Univ.

476 1779 51 40 of
558 1779 245 40 Missouri.
874 1776 281 50 (29-23228)

398 1843 362 64 Mississippi
802 1846 113 51 and
960 1844 287 55 Southern
1287 1850 259 62 reporter
1587 1843 204 70 digest,
1831 1844 269 70 covering
2142 1845 77 52 all
2260 1864 151 34 cases

471 1922 1879 69 reported in Mississippi reports and Southern reporter …
514 1998 1795 71 v. 15, 16 … St. Paul, Minn., West publishing co. [ ᶜ1 929]
473 2083 26 38 2
570 2115 8 8 v.
642 2082 116 40 26ᶜᵐ.

742 2149 114 28 CONTENTS.—v.
900 2135 72 42 15.
1013 2136 614 41 Homicide-Indians.—v.
1672 2135 71 42 16.
1785 2137 296 40 Indictment
2120 2137 97 40 and
404 2137 1986 97 information

624 2197 48 37 to
708 2195 267 38 Insurance
1008 2195 175 46 patrol.

407 2247 52 52 ©
491 2253 101 38 Oct.
619 2250 57 40 23,
721 2250 140 46 1929;
892 2250 68 40 2c.
989 2250 120 39 each
1138 2250 119 39 Nov.
1287 2250 82 46 14;
1403 2248 108 41 affs.
1542 2249 119 41 Nov.
1692 2250 82 46 11;
1807 2250 41 38 A
1878 2249 158 46 15758,
2068 2249 170 46 15759;
2271 2250 136 39 West

474 2308 108 47 pub.
616 2318 67 30 co.

398 2372 219 63 Moore,
650 2370 264 64 Charles,
948 2376 172 49 1855-

468 2451 403 67 Washington,
902 2457 125 60 past
1058 2452 111 50 and
1200 2455 245 63 present,
1472 2452 74 67 by
1578 2449 237 54 Charles
1842 2450 215 69 Moore,
2085 2450 327 53 illustrated

399 2530 35 51 by
526 2529 65 53 E.
642 2529 76 50 H.
773 2528 272 55 Suydam.
1124 2528 138 51 New
1312 2528 180 57 York,
1542 2528 260 66 London,
1853 2529 121 52 The
2025 2528 255 56 Century
2331 2548 79 33 co.

406 2610 192 64 [ ᶜ1 929]
474 2684 1493 52 xvi, 340 p. col. front., illus., plates. 23½ ᶜᵐ . $5.00
474 2745 290 39 Illustrated
800 2744 367 47 lining-papers.

408 2796 52 52 ©
492 2800 102 41 Oct.
623 2800 70 46 25,
723 2800 118 39 1929;
897 2800 66 40 2c.
998 2800 95 39 and
1124 2799 81 40 aff.
1237 2800 119 39 Nov.
1387 2799 26 38 2;
1474 2799 41 38 A
1546 2799 145 40 15453;
1754 2798 215 49 Century
2000 2809 68 31 co.

483 2856 281 49 (29-23221)

399 2921 147 52 New
569 2920 162 52 York
760 2923 211 51 annual
999 2922 203 67 digest,
1229 2922 269 68 covering
1523 2922 77 52 all
1626 2923 267 66 reported
1922 2922 277 54 decisions
2225 2923 64 53 of
2315 2922 96 52 the

472 3005 187 48 courts
702 3001 63 51 of
805 3000 138 52 New
986 2999 182 66 York,
1209 2998 263 60 October,
1517 3002 153 65 1929,
1713 2998 345 55 cumulative
2098 3000 313 69 quarterly,

471 3079 465 67 supplementing
974 3079 110 51 and
1125 3076 338 69 continuing
1499 3076 140 52 New
1677 3077 163 52 York
1878 3076 203 70 digest,
2117 3076 292 55 Feb.-Oct.

475 3159 134 49 1928
647 3156 265 52 Abbott’s
952 3154 184 69 digest
1177 3155 64 52 of
1279 3154 138 52 New
1458 3154 163 51 York
1661 3160 240 64 reports,
1941 3158 150 49 1928.
475 3155 1911 130 Rochester
600 3232 112 53 and

753 3232 139 52 New
932 3231 165 53 York
1136 3231 133 68 city,
1309 3231 70 53 N.
1421 3232 91 66 Y.,
1552 3231 125 52 The
1714 3230 269 70 Lawyers
2023 3232 385 68 co-operative

472 3311 335 68 publishing
836 3327 307 51 company;
1178 3309 81 55 St.
1289 3311 165 67 Paul,
1482 3310 203 68 Minn.,
1712 3311 160 52 West
1899 3310 336 69 publishing
474 3330 1911 126 company;

700 3390 139 51 New
882 3388 164 52 York
1116 3388 102 58 city,
1260 3388 68 51 N.
1374 3388 88 56 Y.,
1505 3388 208 68 Baker,
1753 3388 249 54 Voorhis
2043 3390 45 50 &
2129 3407 282 51 company

551 3469 100 49 [ ᶜ1 929]
475 3547 68 47 iii,
578 3546 88 40 296
698 3558 43 36 p.
804 3547 146 40 24½ᶜᵐ.

410 3599 51 52 ©
492 3603 102 40 Oct.
623 3602 68 48 19,
721 3601 114 41 1929;
893 3603 68 39 2c.
992 3603 118 39 Nov.
1140 3601 55 40 13;
1254 3601 82 41 aff.
1366 3602 118 39 Nov.
1514 3602 54 38 11;
1630 3601 43 39 A
1700 3601 145 40 15777;
1904 3602 135 39 West
2069 3602 108 47 pub.
2210 3613 67 29 co.
2308 3603 98 39 and

477 3660 230 46 Lawyers
736 3658 325 48 co-operative
1091 3658 109 47 pub.
1231 3668 68 30 co.

469 3722 1921 69 … The New York supplement, with key-number annotations.
472 3800 1934 70 v. 235. Permanent ed. … July 1-August 26, 1929. St.
474 3881 164 66 Paul,
664 3880 157 52 West
852 3879 338 68 publishing
1217 3898 98 50 co.,
1347 3882 148 50 1929.
