2542 4389
1035 4023 138 55 1887

172 451 332 49 Frontispiece
532 451 341 49 accompanied
902 452 61 47 by
989 451 153 48 guard
1171 451 137 40 sheet
1334 449 120 41 with
1479 447 297 50 descriptive
1802 448 300 48 letterpress.

171 509 157 41 Based
359 519 61 30 on
449 509 252 40 Grattan’s
731 508 233 47 “History
996 507 51 40 of
1076 509 82 39 the
1186 505 373 42 Netherlands”,
1619 506 61 48 cf.
1711 505 145 49 Pref.,
1885 504 115 42 1907
2030 507 70 40 ed.

169 566 351 48 Bibliography:
575 575 43 38 p.
647 563 252 52 [601]-606.

104 619 53 53 ©
182 624 119 40 Nov.
357 655 9 16 6,
391 623 142 47 1928;
558 624 69 39 2c.
657 622 128 48 Sept.
811 621 70 49 30,
908 621 140 48 1929;
1078 622 83 41 aff.
1190 621 103 41 Oct.
1316 620 83 48 30;
1428 620 41 40 A
1495 620 171 47 33887;
1697 621 51 40 P.
1777 620 53 42 F.
1858 619 178 42 Collier
2064 620 37 40 &

170 690 88 30 son
287 690 68 30 co.
425 677 281 50 (29-21129)

94 773 262 64 Hagner,
385 774 140 54 Mrs.
555 771 187 53 Helen
773 772 44 54 C
1111 771 190 67 (Ray)

169 849 189 57 Social
403 850 334 68 precedence
781 849 57 52 in
960 849 324 69 Washington,
1328 850 74 67 by
1444 850 187 52 Helen
1671 851 129 66 Ray
1842 850 256 67 Hagner.

95 928 139 53 New
259 929 84 51 ed.
425 927 421 69 [Washington,
871 928 71 51 D.
972 927 61 55 C.]
1088 930 149 51 1929.

167 1007 504 49 2 p. l., 22 p. 18ᶜᵐ.
105 1061 52 53 ©
183 1065 103 42 Oct.
310 1065 69 49 26,
406 1065 140 47 1929;
574 1065 67 40 2c.
667 1065 98 38 and
790 1064 82 40 aff.
900 1063 102 41 Oct.
1028 1064 53 39 31;
1139 1065 42 38 A
1208 1063 169 48 15408;
1407 1065 155 39 Helen
1590 1064 106 48 Ray
1725 1065 199 47 Hagner
1951 1063 149 41 social

172 1123 197 47 bureau,
402 1121 88 40 inc.
561 1119 282 51 (29-24031)

103 1214 277 65 Hellems,
411 1214 150 53 Fred
591 1214 229 51 Burton
852 1214 266 63 Ranney,
1152 1216 325 53 1872-1929.

165 1291 122 54 The
312 1290 188 70 king’s
524 1290 222 53 market
773 1291 110 52 and
915 1290 162 53 other
1104 1291 234 67 studies,
1364 1290 75 70 by
1468 1291 153 53 Fred
1650 1293 67 51 B.
1745 1292 70 52 R.
1843 1291 257 53 Hellems

156 1367 1617 70 … Boulder, Col., The University of Colorado, 1929.
167 1448 1110 51 xii, 365 p. front. (port.) diagrs. 19 ½ᶜᵐ .
168 1506 272 42 “Editorial
470 1507 302 40 committee:
804 1505 48 43 C.
885 1507 170 47 Henry
1086 1505 173 49 Smith,
1292 1506 185 49 George
1507 1506 53 42 F.
1593 1507 260 48 Reynolds,
1886 1507 214 41 William

98 1563 59 42 H.
190 1563 225 49 Smiley.”

103 1617 52 53 ©
185 1621 128 49 Sept.
340 1621 69 48 10,
436 1621 140 47 1929;
603 1621 68 41 2c.
701 1620 129 48 Sept.
858 1619 82 48 16;
970 1619 83 42 aff.
1083 1619 128 49 Sept.
1238 1620 83 47 24;
1352 1621 41 38 A
1420 1619 171 49 12513;
1622 1621 162 40 Board
1813 1621 53 40 of
1893 1623 206 46 regents,

176 1679 139 40 Univ.
347 1678 52 40 of
429 1677 251 48 Colorado,
715 1677 226 47 Boulder,
975 1677 99 40 Col.
1146 1675 281 49 (29-19640)

94 1771 280 65 Herring,
405 1772 203 53 James
635 1772 257 54 Morton.

168 1849 123 53 The
314 1848 255 69 problem
596 1847 64 54 of
684 1848 158 53 weak
870 1848 300 68 railroads,
1195 1849 151 53 their
1372 1850 243 52 relation
1641 1855 58 48 to
1728 1868 71 34 an
1828 1850 275 68 adequate

98 1925 1981 147 transportation system, by James M. Herring … Philadelphia,
280 2003 338 70 University
645 2003 64 54 of
738 2004 427 68 Pennsylvania
1195 2023 175 49 press,
1403 2007 151 50 1929.

170 2084 757 50 3 p. l., ix-xii, 13-176 p. 22½ ᶜᵐ.
171 2142 264 40 Published
466 2142 102 40 also
602 2151 53 30 as
686 2141 153 41 thesis
880 2141 14 47 (PH.
1074 2141 14 48 D.)
1131 2141 283 49 University
1446 2142 52 41 of
1530 2143 376 47 Pennsylvania.

171 2198 350 48 Bibliography:
581 2209 43 37 p.
655 2197 218 41 174-176.

105 2251 52 53 ©
185 2255 102 42 Oct.
311 2255 70 49 30,
407 2255 115 40 1929;
574 2256 67 40 2c.
668 2255 119 41 Nov.
813 2255 58 41 18;
925 2255 82 40 aff.
1034 2255 119 40 Nov.
1181 2255 56 41 19;
1291 2256 41 39 A
1358 2255 145 41 15905;
1562 2256 283 49 University

1872 2257 53 39 of
169 2257 1914 103 Pennsylvania
422 2322 149 38 press.
642 2310 282 50 (29-25924)

96 2407 55 52 A
205 2404 236 64 history
494 2407 63 54 of
612 2406 407 69 Cooperstown;
1107 2407 300 70 including
1462 2406 157 56 “The
1672 2408 313 56 chronicles
2041 2407 66 54 of

169 2481 459 69 Cooperstown”,
657 2482 76 69 by
761 2481 196 55 James
986 2483 301 53 Fenimore
1320 2483 252 68 Cooper;
1604 2484 156 54 “The
1788 2484 222 70 history
2041 2485 65 52 of

170 2559 459 69 Cooperstown”,
672 2563 328 65 1839-1886,
1039 2561 75 68 by
1157 2559 231 57 Samuel
1427 2561 80 53 M.
1551 2561 200 69 Shaw;
1796 2562 157 54 “The
167 2562 1913 145 history

350 2637 64 54 of
468 2637 460 69 Cooperstown”,
984 2641 327 66 1886-1929,
1362 2640 75 68 by
1490 2641 222 53 Walter
1766 2641 67 52 R.
1885 2640 219 54 Littell.

173 2715 444 69 [Cooperstown,
644 2716 69 52 N.
743 2717 90 67 Y.,
860 2717 123 52 The
1010 2717 325 55 Freeman’s
1362 2718 230 68 journal
1618 2737 299 50 company]
1954 2722 150 50 1929.

167 2799 530 48 5 p. l., 3-259 p. 26 ᶜᵐ.
104 2851 52 53 ©
182 2855 101 41 Oct.
311 2857 39 47 7,
377 2855 112 41 1929;
544 2856 65 40 2c.
639 2855 102 41 Oct.
769 2856 55 40 17;
880 2855 83 41 aff.
991 2856 102 41 Oct.
1119 2857 55 38 24;
1232 2857 41 39 A
1299 2856 141 41 15321;
1502 2857 280 42 Freeman’s
1805 2858 194 49 journal
2030 2871 68 29 co.

176 2907 71 55 [©
277 2922 147 39 pages
452 2911 87 41 106
566 2914 50 39 to
644 2911 102 50 259]
819 2911 282 51 (29-22927)

97 2991 267 66 Hühner,
393 2993 158 64 Max,
585 2994 172 53 1873-

169 3068 55 52 A
261 3069 274 67 practical
572 3069 231 54 treatise
840 3088 70 34 on
948 3071 288 53 disorders
1274 3071 67 53 of
1374 3072 94 53 the
1504 3074 193 51 sexual
1739 3072 264 54 function
2044 3075 58 52 in

99 3146 1978 145 the male and female, by Max Hühner … 3d ed. Philadelphia, F. A.
472 3224 180 53 Davis
679 3243 299 52 company,
1009 3228 150 51 1929.

239 3304 730 50 xv, 342 p. illus., diagrs. 22½ ᶜᵐ.
173 3360 349 49 Bibliography:
582 3373 42 37 p.
656 3362 218 41 321-326.

109 3413 52 53 ©
189 3419 121 47 Aug.
338 3419 68 47 12,
434 3418 117 41 1929;
604 3419 68 41 2c.
702 3419 103 41 Oct.
834 3422 25 39 7;
918 3420 82 41 aff.
1032 3420 129 49 Sept.
1190 3421 26 39 5;
1275 3422 41 38 A
1344 3421 143 40 15512;
1548 3423 52 40 F.
1629 3423 53 42 A.
1714 3423 154 42 Davis
1896 3435 67 30 co.

185 3473 281 50 (29-25915)

105 3553 253 65 Hunter,
385 3556 101 53 Sir
509 3554 255 55 William
792 3556 243 65 Wilson,
1067 3561 324 51 1840-1900.

238 3633 1867 75 … India, by Sir William W. Hunter … and Modern Persia,
106 3711 1999 77 edited by George M. Dutcher … [Memorial ed.] New York,
101 3788 1133 72 P. F. Collier & son company [ᶜ1928]
170 3868 116 48 xvii,
323 3869 99 48 370,
457 3870 273 49 370a-370f,
768 3871 204 41 371-402
1010 3883 41 37 p.
1117 3872 164 48 front.,
1319 3873 129 41 illus.
1477 3874 185 50 (maps)
1709 3879 157 46 plates
1894 3877 49 47 (1
1980 3879 113 48 col.)

98 3924 1915 59 23 ᶜᵐ. (The history of nations, H. C. Lodge … editor-in-chief, vol. v)
