2561 4405
1112 4084 68 55 67

216 480 1074 57 2 p. l., vii-xix, 244, 298 p. diagrs. 21½ ᶜᵐ.
218 548 1934 58 Part II has been published separately with title: The theory of earned
147 613 93 41 and
273 612 247 40 unearned
549 610 226 42 incomes.

146 666 54 53 ©
227 671 112 41 Jan.
365 669 41 48 9,
435 668 143 47 1929;
609 667 68 43 2c.
708 669 95 39 and
832 667 83 41 aff.
947 668 111 40 Jan.
1085 668 84 47 14;
1203 667 41 40 A
1270 666 144 48 2974;
1446 667 159 42 Lucas
1634 668 129 41 bros.

223 725 251 51 (29-2356)

139 819 252 56 Buffalo.
466 819 199 55 Board
700 820 65 67 of
800 820 316 54 education.

214 895 213 56 Course
463 895 65 54 of
563 896 174 69 study
773 896 62 53 in
872 895 310 55 industrial
1222 901 136 63 arts,
1395 897 385 68 Department
1817 895 65 54 of
1919 896 233 53 manual

142 972 276 73 training,
466 973 233 56 Buffalo
747 974 195 70 public
989 974 238 68 schools,
1276 973 249 58 Stewart
1571 975 66 53 F.
1690 975 149 68 Ball,
1887 974 266 69 director,

144 1055 135 56 Carl
377 1097 9 10 R.
426 1054 214 67 Krans,
679 1053 148 54 ass’t.
869 1054 277 66 director;
1190 1053 211 54 Ernest
1443 1052 62 57 C.
1547 1054 307 67 Hartwell,
141 1049 1988 142 superintendent
402 1131 66 54 of
491 1131 238 68 schools,
755 1131 240 53 Francis
1021 1132 78 52 H.
1125 1131 197 69 Wing,
1348 1132 220 70 deputy
1591 1131 477 70 superintendent
2091 1133 63 52 in

141 1212 208 68 charge
384 1209 65 54 of
481 1208 324 55 vocational
840 1209 319 54 education.
1241 1209 270 69 [Buffalo,
1548 1213 153 63 1929]

211 1295 24 39 1
301 1327 8 8 v.
369 1293 145 48 illus.,
543 1293 120 42 fold.
691 1292 144 42 form.
894 1293 147 47 28½ᶜᵐ,

212 1349 288 43 Loose-leaf.

211 1407 225 41 Lettered
467 1418 58 29 on
557 1416 168 33 cover:
758 1407 162 41 Board
952 1406 52 39 of
1031 1405 274 48 education,
1338 1406 210 47 Buffalo,
1579 1407 56 41 N.
1665 1408 54 40 Y.

211 1463 301 42 “Industrial
542 1465 105 40 arts
678 1463 249 41 reference
958 1464 149 41 books
1135 1463 81 41 for
1243 1464 122 47 shop
1393 1462 324 42 instructors”:
1778 1475 43 37 p.
1869 1464 195 51 [22]-[23]

143 1516 2007 58 © Jan. 4, 1929; 2c. Jan. 12; aff. Jan. 10; A 2812; Board of education.
209 1577 211 49 Buffalo,
455 1577 55 41 N.
546 1579 53 38 Y.
672 1577 254 49 (29-2111)

139 1671 277 65 Carhart,
454 1671 236 56 Arthur
727 1673 74 53 H.

211 1749 122 54 The
359 1750 196 53 ordeal
582 1748 65 56 of
674 1750 161 53 Brad
865 1749 223 71 Ogden,
1117 1769 32 34 a
1179 1769 263 35 romance
1470 1749 65 55 of
1563 1752 96 53 the
1689 1750 181 55 forest
1898 1770 255 52 rangers,

139 1828 76 69 by
250 1827 226 54 Arthur
509 1827 78 53 H.
625 1824 266 57 Carhart.
967 1828 141 54 New
1143 1828 182 69 York,
1359 1828 55 55 J.
1452 1829 77 53 H.
1569 1829 168 56 Sears
1771 1832 47 51 &
1852 1848 300 53 company,

141 1906 338 68 inc. [ ᶜ19 29]
207 1987 473 52 2 p. l., 315 p. 20 ᶜᵐ.
143 2040 52 54 ©
228 2046 111 41 Jan.
370 2046 69 46 15,
473 2045 114 41 1929;
648 2045 68 42 2c.
750 2046 111 40 Jan.
893 2046 56 40 25;
1013 2044 83 43 aff.
1129 2048 111 39 Jan.
1273 2047 56 40 17;
1391 2047 41 40 A
1464 2046 115 43 3913;
1643 2048 44 41 J.
1721 2048 62 42 H.
1820 2048 145 43 Sears
1998 2049 37 42 &
2066 2061 84 38 co.,

209 2101 92 42 inc.
370 2101 252 50 (29-2378)

143 2194 240 57 Central
416 2195 350 55 conference
798 2196 63 53 of
893 2196 317 55 American
1244 2197 222 56 rabbis.

214 2272 1938 78 [Year book] … 39th annual convention, June 27th to July
140 2356 104 63 1st,
285 2356 153 64 1928,
479 2352 274 71 Chicago,
794 2355 246 53 Illinois,
1118 2375 50 33 v.
1213 2359 81 51 38.
1374 2357 110 53 Ed.
1526 2357 76 69 by
1644 2355 188 56 Rabbi
1875 2358 165 54 Isaac
2081 2359 68 54 E.

137 2430 322 55 Marcuson.
531 2431 240 69 [Griffin,
799 2432 125 69 Ga.,
954 2432 287 57 Southern
1270 2439 174 49 states
1473 2434 267 72 printing
1768 2456 98 48 co.,
1897 2440 153 65 1928]

207 2512 792 52 654 p. front. (port.) 23½ᶜᵐ.
141 2566 1992 115 © Dec. 18, 1928; 2c. Dec. 26; aff. Jan. 10, 1929; A 2758; Central conference of Amer, rabbis, Macon, Ga.
140 2727 217 65 Cohen,
389 2728 273 55 Solomon
691 2730 170 65 Solis,
895 2732 173 56 1857-

207 2804 186 55 When
433 2807 127 53 love
596 2808 204 68 passed
837 2809 96 69 by,
970 2811 114 53 and
1122 2811 164 53 other
1324 2831 205 49 verses,
1566 2813 303 71 including
138 2812 1989 129 translations

315 2883 155 54 from
490 2885 248 54 Hebrew
764 2893 160 62 poets
948 2887 65 54 of
1036 2889 97 53 the
1155 2889 218 55 middle
1399 2909 150 52 ages,
1572 2892 76 69 by
1675 2891 273 57 Solomon
1976 2893 173 56 Solis-

139 2960 210 58 Cohen.
429 2962 429 73 Philadelphia,
900 2966 140 55 New
1082 2967 183 69 York,
1307 2969 122 54 The
1471 2968 333 57 Rosenbach
1851 2990 300 53 company,

228 3044 82 49 ᶜ19 29.
207 3123 488 51 5 p. l., 104 p. 22 ᶜᵐ.
141 3176 52 52 ©
222 3181 112 40 Jan.
362 3181 68 47 16,
459 3181 142 47 1929;
631 3181 68 43 2c.
728 3185 95 39 and
853 3184 82 41 aff.
964 3186 112 42 Jan.
1104 3186 83 42 18:
1217 3187 41 40 A
1285 3187 143 48 3799;
1460 3189 286 42 Bosenbach
1777 3201 68 31 co.

217 3237 253 49 (29-2143)

142 3328 356 56 Committee
529 3348 73 37 on
635 3349 124 37 war
790 3336 308 54 memorial
1132 3341 62 50 to
1226 3338 319 55 American
1577 3341 334 65 engineers.

207 3405 123 55 The
359 3406 310 57 American
702 3411 313 68 engineers’
1048 3432 118 35 war
1198 3418 297 53 memorial
1527 3418 62 53 in
1621 3420 96 53 the
1748 3425 177 49 tower
1958 3420 66 53 of
2055 3422 97 53 the

137 3483 263 55 Louvain
437 3486 236 71 library.
769 3491 122 53 The
927 3492 149 54 book
1113 3492 66 54 of
1214 3513 210 36 names,
1546 3540 8 8 I.
1595 3497 321 71 Engineers
1952 3498 65 54 of
2052 3499 99 54 the

138 3561 218 56 United
393 3563 191 56 States
617 3565 65 54 of
713 3565 269 58 America
1016 3570 128 54 who
1177 3591 144 51 gave
1354 3574 151 54 their
1538 3576 142 54 lives
1714 3576 62 53 in
1807 3578 99 53 the
1939 3578 213 54 service

138 3639 65 54 of
229 3639 152 56 their
406 3648 243 66 country
676 3646 115 54 and
817 3646 76 56 its
918 3648 181 69 allies,
1125 3670 277 51 overseas,
1428 3672 74 36 on
1527 3653 99 55 the
1651 3674 93 35 sea
1772 3655 114 53 and
1913 3655 61 55 in
1998 3658 153 53 their

132 3717 323 72 homeland,
477 3720 61 54 in
559 3722 97 55 the
677 3730 165 63 great
867 3745 115 34 war
1008 3731 328 53 1914-1918.
1447 3774 10 9 II.
1481 3731 285 57 Members
1790 3734 114 54 and
1928 3734 224 56 friends

137 3795 65 53 of
238 3796 311 56 American
588 3800 372 74 engineering
998 3804 256 57 societies
1293 3808 128 54 who
1460 3810 363 56 contributed
1862 3813 98 55 the
2001 3813 149 56 fund

139 3872 95 56 for
269 3875 97 54 the
403 3878 297 54 memorial
738 3880 159 54 clock
935 3883 113 53 and
1087 3885 257 54 carillon.
1420 3888 312 56 Presented
1771 3896 60 48 to
1868 3891 98 55 the
138 3886 1986 140 University

399 3954 65 53 of
508 3956 263 55 Louvain
815 3959 77 70 by
936 3962 99 53 the
1080 3961 342 58 Committee
1466 3985 74 35 on
1585 3986 120 35 war
1747 3968 298 56 memorial
2090 3976 60 52 to
