<alto xmlns="http://www.loc.gov/standards/alto/ns-v3#" xmlns:xlink="http://www.w3.org/1999/xlink" xmlns:xsi="http://www.w3.org/2001/XMLSchema-instance" xsi:schemaLocation="http://www.loc.gov/standards/alto/ns-v3# http://www.loc.gov/alto/v3/alto-3-0.xsd"><Description>
<MeasurementUnit>pixel</MeasurementUnit>
<sourceImageInformation>
<fileName>1929_v26_part001.pdf</fileName>
</sourceImageInformation>
<OCRProcessing ID="IdOcr">
<ocrProcessingStep>
<processingDateTime>2019-04-18</processingDateTime>
<processingSoftware>
<softwareCreator>ABBYY</softwareCreator>
<softwareName>ABBYY Recognition Server</softwareName>
<softwareVersion>4.0</softwareVersion>
</processingSoftware>
</ocrProcessingStep>
</OCRProcessing>
</Description>
<Styles>
<ParagraphStyle ID="StyleId-FFFFFFFF-FFFF-FFFF-FFFF-FFFFFFFFFFFF-" ALIGN="Left" LEFT="0." RIGHT="0." FIRSTLINE="0."/>
<ParagraphStyle ID="StyleId-11A520CB-49B0-4D42-A675-089886D5B704-" ALIGN="Center" LEFT="0." RIGHT="0." FIRSTLINE="0." LINESPACE="7.699999809"/>
<ParagraphStyle ID="StyleId-2AEC4724-E584-48A1-8E6D-86B1AA154223-" ALIGN="Left" LEFT="0." RIGHT="0." FIRSTLINE="0." LINESPACE="12.19999981"/>
<ParagraphStyle ID="StyleId-5ADCDE1D-F34B-405C-A765-E9B51F6229BD-" ALIGN="Left" LEFT="0." RIGHT="0." FIRSTLINE="-13." LINESPACE="8.050000191"/>
<ParagraphStyle ID="StyleId-D0AEFB96-F81D-4367-8545-C0AC945FA34C-" ALIGN="Block" LEFT="0." RIGHT="0." FIRSTLINE="-13." LINESPACE="8.899999619"/>
<ParagraphStyle ID="StyleId-9A3BB592-4BA4-4F85-B157-B9A7F1FC9680-" ALIGN="Left" LEFT="0." RIGHT="0." FIRSTLINE="0."/>
<ParagraphStyle ID="StyleId-E9D6144A-CFDC-4919-911D-02B0461DB967-" ALIGN="Left" LEFT="0." RIGHT="0." FIRSTLINE="-13." LINESPACE="23.43000031"/>
<ParagraphStyle ID="StyleId-EEECFC68-AAC5-42B1-B3BF-987799B5B74A-" ALIGN="Block" LEFT="0." RIGHT="0." FIRSTLINE="0." LINESPACE="23.43000031"/>
<ParagraphStyle ID="StyleId-98D20B11-A9BB-4FAB-8DC8-DC8C43F3755E-" ALIGN="Left" LEFT="0." RIGHT="0." FIRSTLINE="0." LINESPACE="10.5"/>
<ParagraphStyle ID="StyleId-C279DBAD-2656-4352-93E6-C942618B09B1-" ALIGN="Block" LEFT="0." RIGHT="0." FIRSTLINE="-13." LINESPACE="8.770000458"/>
<ParagraphStyle ID="StyleId-A539B2D0-654F-45BA-9385-D7E681D9BD87-" ALIGN="Block" LEFT="0." RIGHT="0." FIRSTLINE="0." LINESPACE="8.18999958"/>
<ParagraphStyle ID="StyleId-CFE66565-54F2-45CF-9511-65151219B0BC-" ALIGN="Left" LEFT="0." RIGHT="0." FIRSTLINE="-12." LINESPACE="12.19999981"/>
<ParagraphStyle ID="StyleId-37B60A95-D7B9-4720-9D46-F2E763AAD699-" ALIGN="Block" LEFT="0." RIGHT="0." FIRSTLINE="0." LINESPACE="12.19999981"/>
<ParagraphStyle ID="StyleId-255154CA-71AA-47B9-A5EB-ED90642010CE-" ALIGN="Block" LEFT="0." RIGHT="0." FIRSTLINE="13." LINESPACE="7.900000095"/>
<ParagraphStyle ID="StyleId-4618FB06-20CA-4F95-9CA2-829603EE887D-" ALIGN="Block" LEFT="0." RIGHT="0." FIRSTLINE="0." LINESPACE="10."/>
<ParagraphStyle ID="StyleId-61F9B98E-BA82-4DCF-809A-0C5481162321-" ALIGN="Left" LEFT="0." RIGHT="0." FIRSTLINE="-13." LINESPACE="8.479999542"/>
<ParagraphStyle ID="StyleId-16A4FB0C-4CB7-44C8-846E-AF89DD76FC73-" ALIGN="Left" LEFT="0." RIGHT="0." FIRSTLINE="0." LINESPACE="11.10000038"/>
<ParagraphStyle ID="StyleId-8CC01B24-9D1D-45D5-B954-83ECA9EA3425-" ALIGN="Left" LEFT="0." RIGHT="0." FIRSTLINE="-13." LINESPACE="8.050000191"/>
<ParagraphStyle ID="StyleId-3DB8CD3F-AD17-4DD7-8361-787A6A426C72-" ALIGN="Block" LEFT="0." RIGHT="0." FIRSTLINE="13." LINESPACE="7.900000095"/>
</Styles>
<Layout>
<Page ID="Page86" PHYSICAL_IMG_NR="86" HEIGHT="4377" WIDTH="2582">
<TopMargin HEIGHT="379" WIDTH="2582" VPOS="0" HPOS="0">
</TopMargin>
<LeftMargin HEIGHT="3791" WIDTH="338" VPOS="379" HPOS="0">
</LeftMargin>
<RightMargin HEIGHT="3791" WIDTH="155" VPOS="379" HPOS="2427">
</RightMargin>
<BottomMargin HEIGHT="207" WIDTH="2582" VPOS="4170" HPOS="0">
</BottomMargin>
<PrintSpace HEIGHT="3791" WIDTH="2089" VPOS="379" HPOS="338">
<TextBlock ID="Page86_Block1" HEIGHT="172" WIDTH="252" VPOS="3998" HPOS="1259" LANG="en-US" STYLEREFS="StyleId-33B502D2-8499-4396-A447-239F5B7479BC-">
<Shape>
<Polygon POINTS="1415,3998 1511,3998 1511,4169 1417,4169 1417,4170 1259,4170 1259,3999 1415,3999 1415,3998"/>
</Shape>
<TextLine HEIGHT="51" WIDTH="65" VPOS="4027" HPOS="1361">
<String CONTENT="86" HEIGHT="51" WIDTH="65" VPOS="4027" HPOS="1361"/>
</TextLine>
</TextBlock>
<TextBlock ID="Page86_Block2" HEIGHT="3660" WIDTH="2089" VPOS="379" HPOS="338" LANG="en-US" CS="1" STYLEREFS="StyleId-C57776D1-2101-4120-B04D-41B72A9F4852-">
<Shape>
<Polygon POINTS="2166,379 2412,379 2412,437 2413,437 2413,687 2414,687 2414,937 2415,937 2415,1187 2416,1187 2416,1437 2417,1437 2417,1687 2418,1687 2418,1937 2419,1937 2419,2188 2420,2188 2420,2438 2421,2438 2421,2688 2422,2688 2422,2938 2423,2938 2423,3188 2424,3188 2424,3438 2425,3438 2425,3688 2426,3688 2426,3938 2427,3938 2427,4030 2418,4030 2418,4031 2167,4031 2167,4032 1917,4032 1917,4033 1667,4033 1667,4034 1417,4034 1417,4035 1167,4035 1167,4036 917,4036 917,4037 667,4037 667,4038 416,4038 416,4039 353,4039 353,3940 352,3940 352,3690 351,3690 351,3440 350,3440 350,3190 349,3190 349,2940 348,2940 348,2690 347,2690 347,2440 346,2440 346,2189 345,2189 345,1939 344,1939 344,1689 343,1689 343,1439 342,1439 342,1189 341,1189 341,939 340,939 340,689 339,689 339,439 338,439 338,387 415,387 415,386 665,386 665,385 915,385 915,384 1165,384 1165,383 1415,383 1415,382 1665,382 1665,381 1915,381 1915,380 2166,380 2166,379"/>
</Shape>
<TextLine HEIGHT="57" WIDTH="1002" VPOS="471" HPOS="425" CS="1">
<String LANG="la" CONTENT="vii," HEIGHT="48" WIDTH="81" VPOS="480" HPOS="425"/>
<SP/>
<String CONTENT="291" HEIGHT="41" WIDTH="85" VPOS="479" HPOS="537"/>
<SP HEIGHT="49" WIDTH="30" VPOS="479" HPOS="623"/>
<String CONTENT="p." HEIGHT="39" WIDTH="44" VPOS="489" HPOS="654"/>
<SP HEIGHT="41" WIDTH="56" VPOS="478" HPOS="699"/>
<String CONTENT="front.," HEIGHT="49" WIDTH="166" VPOS="477" HPOS="756"/>
<SP HEIGHT="38" WIDTH="30" VPOS="487" HPOS="923"/>
<String CONTENT="plates," HEIGHT="48" WIDTH="171" VPOS="476" HPOS="954"/>
<SP HEIGHT="37" WIDTH="31" VPOS="485" HPOS="1126"/>
<String CONTENT="maps." HEIGHT="39" WIDTH="152" VPOS="483" HPOS="1158"/>
<SP HEIGHT="40" WIDTH="58" VPOS="473" HPOS="1311"/>
<String CS="1" CONTENT="17&#189;&#7580;&#7504;." HEIGHT="42" WIDTH="57" VPOS="471" HPOS="1370"/>
</TextLine>
<TextLine HEIGHT="64" WIDTH="1999" VPOS="522" HPOS="357" CS="1">
<String CONTENT="&#169;" HEIGHT="52" WIDTH="52" VPOS="534" HPOS="357"/>
<SP HEIGHT="52" WIDTH="26" VPOS="533" HPOS="410"/>
<String CONTENT="Jan." HEIGHT="39" WIDTH="111" VPOS="539" HPOS="437"/>
<SP HEIGHT="41" WIDTH="26" VPOS="537" HPOS="549"/>
<String CONTENT="7," HEIGHT="47" WIDTH="39" VPOS="537" HPOS="576"/>
<SP HEIGHT="46" WIDTH="26" VPOS="538" HPOS="616"/>
<String CONTENT="1929;" HEIGHT="47" WIDTH="141" VPOS="535" HPOS="643"/>
<SP HEIGHT="46" WIDTH="28" VPOS="535" HPOS="785"/>
<String CONTENT="2c." HEIGHT="39" WIDTH="68" VPOS="535" HPOS="814"/>
<SP HEIGHT="40" WIDTH="27" VPOS="534" HPOS="883"/>
<String CONTENT="Jan." HEIGHT="39" WIDTH="110" VPOS="534" HPOS="911"/>
<SP HEIGHT="41" WIDTH="27" VPOS="532" HPOS="1022"/>
<String CONTENT="9;" HEIGHT="47" WIDTH="53" VPOS="532" HPOS="1050"/>
<SP HEIGHT="37" WIDTH="29" VPOS="542" HPOS="1104"/>
<String CS="1" CONTENT="aff."/>
<SP HEIGHT="41" WIDTH="27" VPOS="531" HPOS="1217"/>
<String CONTENT="Jan." HEIGHT="39" WIDTH="111" VPOS="531" HPOS="1245"/>
<SP HEIGHT="40" WIDTH="25" VPOS="530" HPOS="1357"/>
<String CONTENT="10;" HEIGHT="48" WIDTH="82" VPOS="528" HPOS="1383"/>
<SP HEIGHT="47" WIDTH="30" VPOS="528" HPOS="1466"/>
<!-- cceid 88604006-6CFA-1014-9C3C-CEA95E7AA542 --><String CONTENT="A" HEIGHT="39" WIDTH="42" VPOS="528" HPOS="1497"/>
<SP HEIGHT="39" WIDTH="24" VPOS="528" HPOS="1540"/>
<String CONTENT="2747;" HEIGHT="47" WIDTH="142" VPOS="527" HPOS="1565"/>
<SP HEIGHT="47" WIDTH="30" VPOS="526" HPOS="1708"/>
<String CONTENT="Henry" HEIGHT="47" WIDTH="169" VPOS="526" HPOS="1739"/>
<SP HEIGHT="47" WIDTH="29" VPOS="526" HPOS="1909"/>
<String CONTENT="Holt" HEIGHT="40" WIDTH="118" VPOS="525" HPOS="1939"/>
<SP HEIGHT="41" WIDTH="27" VPOS="524" HPOS="2058"/>
<String CONTENT="&amp;" HEIGHT="40" WIDTH="37" VPOS="524" HPOS="2086"/>
<SP HEIGHT="40" WIDTH="26" VPOS="524" HPOS="2124"/>
<String CONTENT="co.," HEIGHT="39" WIDTH="82" VPOS="533" HPOS="2151"/>
<SP HEIGHT="49" WIDTH="29" VPOS="522" HPOS="2234"/>
<String CONTENT="inc." HEIGHT="41" WIDTH="92" VPOS="522" HPOS="2264"/>
</TextLine>
<TextLine HEIGHT="66" WIDTH="1488" VPOS="579" HPOS="428">
<String CONTENT="[&#169;" HEIGHT="55" WIDTH="68" VPOS="590" HPOS="428"/>
<SP HEIGHT="52" WIDTH="31" VPOS="590" HPOS="497"/>
<String CONTENT="direct" HEIGHT="43" WIDTH="157" VPOS="592" HPOS="529"/>
<SP HEIGHT="39" WIDTH="26" VPOS="594" HPOS="687"/>
<String CONTENT="method" HEIGHT="40" WIDTH="195" VPOS="591" HPOS="714"/>
<SP HEIGHT="39" WIDTH="30" VPOS="590" HPOS="910"/>
<String CONTENT="exercises" HEIGHT="42" WIDTH="241" VPOS="587" HPOS="941"/>
<SP HEIGHT="41" WIDTH="31" VPOS="587" HPOS="1183"/>
<String CONTENT="&amp;" HEIGHT="40" WIDTH="36" VPOS="587" HPOS="1215"/>
<SP HEIGHT="40" WIDTH="27" VPOS="587" HPOS="1252"/>
<String CONTENT="vocabulary]" HEIGHT="49" WIDTH="312" VPOS="585" HPOS="1280"/>
<SP HEIGHT="49" WIDTH="71" VPOS="584" HPOS="1593"/>
<String CONTENT="(29-1214)" HEIGHT="53" WIDTH="251" VPOS="579" HPOS="1665"/>
</TextLine>
<TextLine HEIGHT="67" WIDTH="524" VPOS="672" HPOS="351" STYLEREFS="StyleId-02855951-17A1-4A47-8012-65CB9C9706AA-">
<String CONTENT="Dunn," HEIGHT="64" WIDTH="195" VPOS="675" HPOS="351"/>
<SP HEIGHT="64" WIDTH="40" VPOS="674" HPOS="546"/>
<String CONTENT="Flora" HEIGHT="54" WIDTH="174" VPOS="672" HPOS="586"/>
<SP HEIGHT="52" WIDTH="36" VPOS="673" HPOS="760"/>
<String CONTENT="M." HEIGHT="52" WIDTH="79" VPOS="673" HPOS="796"/>
</TextLine>
<TextLine HEIGHT="82" WIDTH="1937" VPOS="738" HPOS="424" STYLEREFS="StyleId-B3F2F853-4FF3-47EE-9A52-96CEC411DDED-" CS="1">
<String CONTENT="Ninth" HEIGHT="54" WIDTH="186" VPOS="752" HPOS="424"/>
<SP HEIGHT="67" WIDTH="31" VPOS="753" HPOS="611"/>
<String CONTENT="grade" HEIGHT="68" WIDTH="176" VPOS="752" HPOS="643"/>
<SP HEIGHT="34" WIDTH="32" VPOS="769" HPOS="820"/>
<String CONTENT="mathematics," HEIGHT="71" WIDTH="414" VPOS="746" HPOS="853"/>
<SP HEIGHT="68" WIDTH="30" VPOS="747" HPOS="1268"/>
<String CONTENT="by" HEIGHT="67" WIDTH="76" VPOS="747" HPOS="1299"/>
<SP HEIGHT="68" WIDTH="32" VPOS="746" HPOS="1376"/>
<String CONTENT="Flora" HEIGHT="55" WIDTH="176" VPOS="743" HPOS="1409"/>
<SP HEIGHT="54" WIDTH="33" VPOS="743" HPOS="1586"/>
<String CONTENT="M." HEIGHT="54" WIDTH="80" VPOS="742" HPOS="1620"/>
<SP HEIGHT="52" WIDTH="35" VPOS="743" HPOS="1701"/>
<String CONTENT="Dunn" HEIGHT="52" WIDTH="177" VPOS="742" HPOS="1737"/>
<SP HEIGHT="35" WIDTH="39" VPOS="759" HPOS="1915"/>
<String CS="1" CONTENT="&#8230;"/>
<SP HEIGHT="52" WIDTH="41" VPOS="741" HPOS="2012"/>
<String CONTENT="Emmy" HEIGHT="69" WIDTH="209" VPOS="740" HPOS="2054"/>
<SP HEIGHT="70" WIDTH="37" VPOS="738" HPOS="2264"/>
<String CONTENT="S." HEIGHT="56" WIDTH="59" VPOS="738" HPOS="2302"/>
</TextLine>
<TextLine HEIGHT="80" WIDTH="2009" VPOS="816" HPOS="354" STYLEREFS="StyleId-B3F2F853-4FF3-47EE-9A52-96CEC411DDED-" CS="1">
<String CONTENT="Huebner" HEIGHT="55" WIDTH="275" VPOS="830" HPOS="354"/>
<SP HEIGHT="33" WIDTH="33" VPOS="849" HPOS="630"/>
<String CS="1" CONTENT="&#8230;"/>
<SP HEIGHT="32" WIDTH="38" VPOS="848" HPOS="720"/>
<String CONTENT="and" HEIGHT="51" WIDTH="113" VPOS="829" HPOS="759"/>
<SP HEIGHT="54" WIDTH="31" VPOS="827" HPOS="873"/>
<String CONTENT="John" HEIGHT="55" WIDTH="157" VPOS="826" HPOS="905"/>
<SP HEIGHT="55" WIDTH="34" VPOS="824" HPOS="1063"/>
<String CONTENT="S." HEIGHT="55" WIDTH="56" VPOS="824" HPOS="1098"/>
<SP HEIGHT="56" WIDTH="33" VPOS="823" HPOS="1155"/>
<String CONTENT="Goldthwaite" HEIGHT="57" WIDTH="392" VPOS="821" HPOS="1189"/>
<SP HEIGHT="34" WIDTH="38" VPOS="841" HPOS="1582"/>
<String CS="1" CONTENT="&#8230;"/>
<SP HEIGHT="51" WIDTH="78" VPOS="821" HPOS="1678"/>
<String CONTENT="Boston," HEIGHT="70" WIDTH="236" VPOS="820" HPOS="1757"/>
<SP HEIGHT="70" WIDTH="31" VPOS="819" HPOS="1994"/>
<String CONTENT="New" HEIGHT="53" WIDTH="138" VPOS="818" HPOS="2026"/>
<SP HEIGHT="53" WIDTH="33" VPOS="817" HPOS="2165"/>
<String CONTENT="York" HEIGHT="54" WIDTH="164" VPOS="816" HPOS="2199"/>
</TextLine>
<TextLine HEIGHT="73" WIDTH="1007" VPOS="904" HPOS="359" STYLEREFS="StyleId-B3F2F853-4FF3-47EE-9A52-96CEC411DDED-" CS="1">
<String CONTENT="[etc.]" HEIGHT="62" WIDTH="139" VPOS="915" HPOS="359"/>
<SP HEIGHT="69" WIDTH="35" VPOS="907" HPOS="498"/>
<String CONTENT="Ginn" HEIGHT="56" WIDTH="155" VPOS="906" HPOS="533"/>
<SP HEIGHT="34" WIDTH="29" VPOS="925" HPOS="688"/>
<String CONTENT="and" HEIGHT="52" WIDTH="114" VPOS="907" HPOS="717"/>
<SP HEIGHT="52" WIDTH="26" VPOS="907" HPOS="831"/>
<String CONTENT="company" HEIGHT="52" WIDTH="284" VPOS="922" HPOS="857"/>
<SP/>
<String CS="1" CONTENT="[&#7580;1929]" HEIGHT="64" WIDTH="84" VPOS="904" HPOS="1282"/>
</TextLine>
<TextLine HEIGHT="54" WIDTH="815" VPOS="983" HPOS="426" CS="1">
<String CONTENT="viii," HEIGHT="47" WIDTH="100" VPOS="990" HPOS="426"/>
<SP/>
<String CONTENT="290" HEIGHT="40" WIDTH="87" VPOS="989" HPOS="554"/>
<SP HEIGHT="49" WIDTH="26" VPOS="988" HPOS="642"/>
<String CONTENT="p." HEIGHT="37" WIDTH="42" VPOS="999" HPOS="669"/>
<SP HEIGHT="39" WIDTH="59" VPOS="988" HPOS="712"/>
<String CONTENT="illus.," HEIGHT="47" WIDTH="143" VPOS="987" HPOS="772"/>
<SP HEIGHT="47" WIDTH="28" VPOS="986" HPOS="916"/>
<String CONTENT="diagrs." HEIGHT="48" WIDTH="180" VPOS="985" HPOS="945"/>
<SP HEIGHT="41" WIDTH="58" VPOS="984" HPOS="1126"/>
<String CONTENT="19" HEIGHT="41" WIDTH="56" VPOS="983" HPOS="1185"/>
<String STYLE="superscript" CS="1" CONTENT="&#7580;&#7504;."/>
</TextLine>
<TextLine HEIGHT="61" WIDTH="2000" VPOS="1035" HPOS="363" STYLEREFS="StyleId-6D2102D4-7B4B-42D6-988B-22EBAA046EE6-">
<String CONTENT="&#169;" HEIGHT="52" WIDTH="52" VPOS="1044" HPOS="363"/>
<SP HEIGHT="51" WIDTH="35" VPOS="1044" HPOS="416"/>
<String CONTENT="Jan." HEIGHT="39" WIDTH="110" VPOS="1048" HPOS="452"/>
<SP HEIGHT="39" WIDTH="34" VPOS="1048" HPOS="563"/>
<String CONTENT="2," HEIGHT="46" WIDTH="41" VPOS="1048" HPOS="598"/>
<SP HEIGHT="48" WIDTH="35" VPOS="1046" HPOS="640"/>
<String CONTENT="1929;" HEIGHT="49" WIDTH="141" VPOS="1043" HPOS="676"/>
<SP HEIGHT="46" WIDTH="36" VPOS="1046" HPOS="818"/>
<String CONTENT="2c." HEIGHT="39" WIDTH="68" VPOS="1045" HPOS="855"/>
<SP HEIGHT="39" WIDTH="35" VPOS="1044" HPOS="924"/>
<String CONTENT="Jan." HEIGHT="39" WIDTH="111" VPOS="1044" HPOS="960"/>
<SP HEIGHT="41" WIDTH="33" VPOS="1042" HPOS="1072"/>
<String CONTENT="25;" HEIGHT="48" WIDTH="83" VPOS="1040" HPOS="1106"/>
<SP HEIGHT="36" WIDTH="40" VPOS="1051" HPOS="1190"/>
<String LANG="de" CONTENT="aff." HEIGHT="40" WIDTH="82" VPOS="1040" HPOS="1231"/>
<SP HEIGHT="41" WIDTH="37" VPOS="1039" HPOS="1314"/>
<String CONTENT="Jan." HEIGHT="42" WIDTH="110" VPOS="1038" HPOS="1352"/>
<SP HEIGHT="40" WIDTH="34" VPOS="1039" HPOS="1463"/>
<String CONTENT="21;" HEIGHT="45" WIDTH="83" VPOS="1039" HPOS="1498"/>
<SP HEIGHT="46" WIDTH="38" VPOS="1038" HPOS="1582"/>
<!-- cceid 88614212-6CFA-1014-9C3C-CEA95E7AA542 --><String CONTENT="A" HEIGHT="41" WIDTH="43" VPOS="1037" HPOS="1621"/>
<SP HEIGHT="40" WIDTH="31" VPOS="1037" HPOS="1665"/>
<String CONTENT="3903;" HEIGHT="47" WIDTH="141" VPOS="1037" HPOS="1697"/>
<SP HEIGHT="47" WIDTH="40" VPOS="1037" HPOS="1839"/>
<String LANG="fr" CONTENT="F." HEIGHT="42" WIDTH="51" VPOS="1036" HPOS="1880"/>
<SP HEIGHT="40" WIDTH="37" VPOS="1037" HPOS="1932"/>
<String CONTENT="M." HEIGHT="39" WIDTH="63" VPOS="1037" HPOS="1970"/>
<SP HEIGHT="40" WIDTH="37" VPOS="1036" HPOS="2034"/>
<String CONTENT="Dunn," HEIGHT="49" WIDTH="160" VPOS="1035" HPOS="2072"/>
<SP HEIGHT="48" WIDTH="36" VPOS="1035" HPOS="2233"/>
<String CONTENT="Los" HEIGHT="39" WIDTH="93" VPOS="1035" HPOS="2270"/>
</TextLine>
<TextLine HEIGHT="116" WIDTH="1918" VPOS="1090" HPOS="429" STYLEREFS="StyleId-6D2102D4-7B4B-42D6-988B-22EBAA046EE6-" CS="1">
<String CONTENT="Angeles," HEIGHT="48" WIDTH="220" VPOS="1104" HPOS="429"/>
<SP HEIGHT="46" WIDTH="40" VPOS="1103" HPOS="650"/>
<String CONTENT="Emmy" HEIGHT="45" WIDTH="172" VPOS="1103" HPOS="691"/>
<SP HEIGHT="48" WIDTH="40" VPOS="1100" HPOS="864"/>
<String CONTENT="S." HEIGHT="43" WIDTH="44" VPOS="1099" HPOS="905"/>
<SP HEIGHT="42" WIDTH="40" VPOS="1099" HPOS="950"/>
<String CONTENT="Huebner," HEIGHT="48" WIDTH="244" VPOS="1097" HPOS="991"/>
<SP HEIGHT="47" WIDTH="41" VPOS="1097" HPOS="1236"/>
<String CONTENT="Hollywood," HEIGHT="48" WIDTH="302" VPOS="1096" HPOS="1278"/>
<SP HEIGHT="50" WIDTH="42" VPOS="1093" HPOS="1581"/>
<String CONTENT="Calif.," HEIGHT="50" WIDTH="159" VPOS="1092" HPOS="1624"/>
<SP HEIGHT="37" WIDTH="41" VPOS="1104" HPOS="1784"/>
<String CONTENT="and" HEIGHT="40" WIDTH="95" VPOS="1093" HPOS="1826"/>
<SP HEIGHT="40" WIDTH="41" VPOS="1093" HPOS="1922"/>
<String CONTENT="John" HEIGHT="40" WIDTH="127" VPOS="1093" HPOS="1964"/>
<SP HEIGHT="41" WIDTH="44" VPOS="1091" HPOS="2092"/>
<String CONTENT="S." HEIGHT="42" WIDTH="44" VPOS="1090" HPOS="2137"/>
<SP HEIGHT="40" WIDTH="42" VPOS="1091" HPOS="2182"/>
<String CONTENT="Goldthwaite," HEIGHT="115" WIDTH="1917" VPOS="1091" HPOS="430"/>
<SP HEIGHT="47" WIDTH="34" VPOS="1159" HPOS="646"/>
<String CONTENT="Alhambra," HEIGHT="49" WIDTH="282" VPOS="1156" HPOS="680"/>
<SP HEIGHT="49" WIDTH="35" VPOS="1155" HPOS="962"/>
<String CONTENT="Calif." HEIGHT="40" WIDTH="147" VPOS="1155" HPOS="997"/>
<SP HEIGHT="48" WIDTH="70" VPOS="1156" HPOS="1144"/>
<String CONTENT="(29-2485)" HEIGHT="52" WIDTH="255" VPOS="1151" HPOS="1214"/>
</TextLine>
<TextLine HEIGHT="67" WIDTH="766" VPOS="1235" HPOS="361" STYLEREFS="StyleId-8444A5AA-7247-469F-9296-64D3905E3239-">
<String CONTENT="Fleischer," HEIGHT="64" WIDTH="317" VPOS="1238" HPOS="361"/>
<SP HEIGHT="63" WIDTH="31" VPOS="1237" HPOS="679"/>
<String CONTENT="Nathaniel" HEIGHT="54" WIDTH="325" VPOS="1235" HPOS="711"/>
<SP HEIGHT="54" WIDTH="32" VPOS="1235" HPOS="1037"/>
<String CONTENT="S." HEIGHT="54" WIDTH="57" VPOS="1235" HPOS="1070"/>
</TextLine>
<TextLine HEIGHT="79" WIDTH="1934" VPOS="1306" HPOS="431" STYLEREFS="StyleId-C762034B-9C78-4541-84DD-01F66AAC93CE-" CS="1">
<String CONTENT="Training" HEIGHT="69" WIDTH="284" VPOS="1316" HPOS="431"/>
<SP HEIGHT="70" WIDTH="25" VPOS="1314" HPOS="716"/>
<String CONTENT="for" HEIGHT="54" WIDTH="94" VPOS="1314" HPOS="742"/>
<SP HEIGHT="52" WIDTH="24" VPOS="1315" HPOS="837"/>
<String CONTENT="boxers," HEIGHT="68" WIDTH="221" VPOS="1314" HPOS="862"/>
<SP HEIGHT="68" WIDTH="21" VPOS="1313" HPOS="1084"/>
<String CONTENT="by" HEIGHT="69" WIDTH="76" VPOS="1312" HPOS="1106"/>
<SP HEIGHT="68" WIDTH="26" VPOS="1312" HPOS="1183"/>
<String CONTENT="Nat" HEIGHT="52" WIDTH="117" VPOS="1312" HPOS="1210"/>
<SP HEIGHT="53" WIDTH="24" VPOS="1311" HPOS="1328"/>
<String CONTENT="Fleischer" HEIGHT="55" WIDTH="290" VPOS="1310" HPOS="1353"/>
<SP HEIGHT="34" WIDTH="30" VPOS="1329" HPOS="1644"/>
<String CS="1" CONTENT="&#8230;"/>
<SP HEIGHT="34" WIDTH="71" VPOS="1342" HPOS="1732"/>
<String CS="1" CONTENT="[New" HEIGHT="55" WIDTH="139" VPOS="1307" HPOS="1821"/>
<SP HEIGHT="52" WIDTH="26" VPOS="1308" HPOS="1961"/>
<String CONTENT="York," HEIGHT="70" WIDTH="182" VPOS="1306" HPOS="1988"/>
<SP HEIGHT="68" WIDTH="23" VPOS="1307" HPOS="2171"/>
<String CONTENT="Press" HEIGHT="52" WIDTH="170" VPOS="1307" HPOS="2195"/>
</TextLine>
<TextLine HEIGHT="73" WIDTH="911" VPOS="1391" HPOS="359" STYLEREFS="StyleId-C762034B-9C78-4541-84DD-01F66AAC93CE-" CS="1">
<String CONTENT="of" HEIGHT="52" WIDTH="66" VPOS="1396" HPOS="359"/>
<SP HEIGHT="54" WIDTH="30" VPOS="1396" HPOS="425"/>
<String CONTENT="C." HEIGHT="54" WIDTH="61" VPOS="1396" HPOS="455"/>
<SP HEIGHT="54" WIDTH="31" VPOS="1396" HPOS="516"/>
<String CONTENT="J." HEIGHT="54" WIDTH="58" VPOS="1396" HPOS="547"/>
<SP HEIGHT="55" WIDTH="33" VPOS="1394" HPOS="605"/>
<String CONTENT="O&#8217;Brien," HEIGHT="70" WIDTH="271" VPOS="1393" HPOS="638"/>
<SP HEIGHT="69" WIDTH="27" VPOS="1393" HPOS="909"/>
<String CONTENT="inc.," HEIGHT="67" WIDTH="128" VPOS="1393" HPOS="936"/>
<SP HEIGHT="62" WIDTH="30" VPOS="1398" HPOS="1064"/>
<String STYLE="superscript" CS="1" CONTENT="&#7580;19"/>
<String CONTENT="29]" HEIGHT="63" WIDTH="85" VPOS="1394" HPOS="1185"/>
</TextLine>
<TextLine HEIGHT="116" WIDTH="1994" VPOS="1467" HPOS="360" STYLEREFS="StyleId-6D2102D4-7B4B-42D6-988B-22EBAA046EE6-" CS="1">
<String CONTENT="3" HEIGHT="39" WIDTH="27" VPOS="1478" HPOS="431"/>
<SP HEIGHT="48" WIDTH="29" VPOS="1478" HPOS="459"/>
<String LANG="la" CONTENT="p." HEIGHT="38" WIDTH="43" VPOS="1488" HPOS="489"/>
<SP HEIGHT="39" WIDTH="31" VPOS="1479" HPOS="533"/>
<String CS="1" CONTENT="l.,"/>
<SP HEIGHT="31" WIDTH="37" VPOS="1495" HPOS="610"/>
<String CONTENT="[5]-101" HEIGHT="52" WIDTH="174" VPOS="1474" HPOS="648"/>
<SP HEIGHT="48" WIDTH="32" VPOS="1476" HPOS="823"/>
<String CONTENT="p." HEIGHT="37" WIDTH="43" VPOS="1487" HPOS="856"/>
<SP HEIGHT="42" WIDTH="58" VPOS="1474" HPOS="900"/>
<String CONTENT="illus." HEIGHT="40" WIDTH="130" VPOS="1474" HPOS="959"/>
<SP HEIGHT="48" WIDTH="28" VPOS="1473" HPOS="1090"/>
<String CONTENT="(incl." HEIGHT="49" WIDTH="133" VPOS="1472" HPOS="1119"/>
<SP HEIGHT="37" WIDTH="32" VPOS="1483" HPOS="1253"/>
<String CONTENT="ports.)" HEIGHT="49" WIDTH="175" VPOS="1471" HPOS="1286"/>
<SP HEIGHT="48" WIDTH="66" VPOS="1471" HPOS="1462"/>
<String CS="1" CONTENT="23&#7580;&#7504;." HEIGHT="41" WIDTH="117" VPOS="1471" HPOS="1529"/>
<SP HEIGHT="31" WIDTH="63" VPOS="1490" HPOS="1647"/>
<String CONTENT="[&#8220;The" HEIGHT="50" WIDTH="144" VPOS="1470" HPOS="1711"/>
<SP HEIGHT="39" WIDTH="34" VPOS="1470" HPOS="1856"/>
<String CS="1" CONTENT="Ring&#8221;" HEIGHT="47" WIDTH="108" VPOS="1469" HPOS="1935"/>
<SP HEIGHT="39" WIDTH="34" VPOS="1469" HPOS="2044"/>
<String CONTENT="athletic" HEIGHT="41" WIDTH="203" VPOS="1468" HPOS="2079"/>
<SP HEIGHT="39" WIDTH="32" VPOS="1469" HPOS="2283"/>
<String CONTENT="library," HEIGHT="116" WIDTH="1994" VPOS="1467" HPOS="360"/>
<SP HEIGHT="46" WIDTH="27" VPOS="1535" HPOS="521"/>
<String CONTENT="book" HEIGHT="41" WIDTH="121" VPOS="1533" HPOS="549"/>
<SP HEIGHT="40" WIDTH="26" VPOS="1533" HPOS="671"/>
<String CONTENT="no." HEIGHT="29" WIDTH="75" VPOS="1544" HPOS="698"/>
<SP HEIGHT="39" WIDTH="24" VPOS="1533" HPOS="774"/>
<String CONTENT="2]" HEIGHT="48" WIDTH="42" VPOS="1533" HPOS="799"/>
<SP/>
<String CONTENT="$1.00" HEIGHT="50" WIDTH="131" VPOS="1530" HPOS="960"/>
</TextLine>
<TextLine HEIGHT="57" WIDTH="692" VPOS="1587" HPOS="433" STYLEREFS="StyleId-6D2102D4-7B4B-42D6-988B-22EBAA046EE6-">
<String CONTENT="&#8220;Third" HEIGHT="41" WIDTH="180" VPOS="1591" HPOS="433"/>
<SP HEIGHT="40" WIDTH="29" VPOS="1593" HPOS="614"/>
<String CONTENT="edition&#8212;revised.&#8221;" HEIGHT="57" WIDTH="481" VPOS="1587" HPOS="644"/>
</TextLine>
<TextLine HEIGHT="61" WIDTH="2007" VPOS="1639" HPOS="366" STYLEREFS="StyleId-6D2102D4-7B4B-42D6-988B-22EBAA046EE6-" CS="1">
<String CONTENT="&#169;" HEIGHT="54" WIDTH="54" VPOS="1646" HPOS="366"/>
<SP HEIGHT="53" WIDTH="26" VPOS="1646" HPOS="420"/>
<String CONTENT="Jan." HEIGHT="40" WIDTH="111" VPOS="1651" HPOS="446"/>
<SP HEIGHT="41" WIDTH="25" VPOS="1650" HPOS="558"/>
<String CONTENT="11," HEIGHT="46" WIDTH="70" VPOS="1650" HPOS="584"/>
<SP HEIGHT="46" WIDTH="28" VPOS="1650" HPOS="654"/>
<String CS="1" CONTENT="1929;" HEIGHT="40" WIDTH="113" VPOS="1648" HPOS="682"/>
<SP HEIGHT="47" WIDTH="27" VPOS="1648" HPOS="824"/>
<String CONTENT="2c." HEIGHT="42" WIDTH="69" VPOS="1647" HPOS="851"/>
<SP HEIGHT="41" WIDTH="25" VPOS="1647" HPOS="921"/>
<String CONTENT="Jan." HEIGHT="40" WIDTH="112" VPOS="1647" HPOS="947"/>
<SP HEIGHT="40" WIDTH="24" VPOS="1647" HPOS="1060"/>
<String CONTENT="23;" HEIGHT="48" WIDTH="83" VPOS="1645" HPOS="1085"/>
<SP HEIGHT="37" WIDTH="30" VPOS="1655" HPOS="1168"/>
<String LANG="de" CONTENT="aff." HEIGHT="42" WIDTH="83" VPOS="1644" HPOS="1198"/>
<SP HEIGHT="41" WIDTH="25" VPOS="1645" HPOS="1282"/>
<String CONTENT="Jan." HEIGHT="42" WIDTH="111" VPOS="1644" HPOS="1308"/>
<SP HEIGHT="40" WIDTH="25" VPOS="1645" HPOS="1420"/>
<String CONTENT="26;" HEIGHT="47" WIDTH="85" VPOS="1644" HPOS="1446"/>
<SP HEIGHT="47" WIDTH="28" VPOS="1644" HPOS="1531"/>
<!-- cceid 886258BF-6CFA-1014-9C3C-CEA95E7AA542 --><String CONTENT="A" HEIGHT="38" WIDTH="41" VPOS="1644" HPOS="1559"/>
<SP HEIGHT="40" WIDTH="23" VPOS="1644" HPOS="1601"/>
<String CONTENT="4071;" HEIGHT="49" WIDTH="145" VPOS="1642" HPOS="1625"/>
<SP HEIGHT="47" WIDTH="29" VPOS="1643" HPOS="1770"/>
<String LANG="fr" CONTENT="N." HEIGHT="41" WIDTH="58" VPOS="1643" HPOS="1799"/>
<SP HEIGHT="42" WIDTH="28" VPOS="1642" HPOS="1858"/>
<String CONTENT="S." HEIGHT="43" WIDTH="46" VPOS="1641" HPOS="1887"/>
<SP HEIGHT="40" WIDTH="27" VPOS="1642" HPOS="1934"/>
<String CONTENT="Fleischer," HEIGHT="44" WIDTH="261" VPOS="1641" HPOS="1962"/>
<SP HEIGHT="43" WIDTH="29" VPOS="1641" HPOS="2224"/>
<String CONTENT="New" HEIGHT="39" WIDTH="118" VPOS="1641" HPOS="2254"/>
</TextLine>
<TextLine HEIGHT="51" WIDTH="466" VPOS="1704" HPOS="435" STYLEREFS="StyleId-6D2102D4-7B4B-42D6-988B-22EBAA046EE6-">
<String CONTENT="York." HEIGHT="41" WIDTH="144" VPOS="1706" HPOS="435"/>
<SP HEIGHT="48" WIDTH="68" VPOS="1707" HPOS="580"/>
<String CONTENT="(29-2724)" HEIGHT="51" WIDTH="252" VPOS="1704" HPOS="649"/>
</TextLine>
<TextLine HEIGHT="69" WIDTH="944" VPOS="1783" HPOS="367" STYLEREFS="StyleId-02855951-17A1-4A47-8012-65CB9C9706AA-">
<String CONTENT="Folk," HEIGHT="65" WIDTH="162" VPOS="1787" HPOS="367"/>
<SP HEIGHT="64" WIDTH="27" VPOS="1787" HPOS="530"/>
<String CONTENT="Humphrey" HEIGHT="64" WIDTH="353" VPOS="1786" HPOS="558"/>
<SP HEIGHT="63" WIDTH="26" VPOS="1785" HPOS="912"/>
<String CONTENT="Bate," HEIGHT="63" WIDTH="170" VPOS="1785" HPOS="939"/>
<SP HEIGHT="58" WIDTH="29" VPOS="1790" HPOS="1110"/>
<String CONTENT="1875-" HEIGHT="55" WIDTH="171" VPOS="1783" HPOS="1140"/>
</TextLine>
<TextLine HEIGHT="76" WIDTH="1923" VPOS="1857" HPOS="441" STYLEREFS="StyleId-B3F2F853-4FF3-47EE-9A52-96CEC411DDED-" CS="1">
<String CONTENT="The" HEIGHT="52" WIDTH="121" VPOS="1866" HPOS="441"/>
<SP HEIGHT="52" WIDTH="42" VPOS="1866" HPOS="563"/>
<String CONTENT="Petersburg" HEIGHT="70" WIDTH="349" VPOS="1863" HPOS="606"/>
<SP HEIGHT="51" WIDTH="39" VPOS="1880" HPOS="956"/>
<String CONTENT="mine," HEIGHT="69" WIDTH="168" VPOS="1862" HPOS="996"/>
<SP HEIGHT="50" WIDTH="41" VPOS="1880" HPOS="1165"/>
<String CONTENT="and" HEIGHT="53" WIDTH="113" VPOS="1861" HPOS="1207"/>
<SP HEIGHT="52" WIDTH="42" VPOS="1861" HPOS="1321"/>
<String CONTENT="other" HEIGHT="53" WIDTH="163" VPOS="1860" HPOS="1364"/>
<SP HEIGHT="52" WIDTH="41" VPOS="1860" HPOS="1528"/>
<String CONTENT="letters" HEIGHT="54" WIDTH="194" VPOS="1859" HPOS="1570"/>
<SP HEIGHT="47" WIDTH="45" VPOS="1879" HPOS="1765"/>
<String CS="1" CONTENT="[by]" HEIGHT="69" WIDTH="93" VPOS="1859" HPOS="1811"/>
<SP HEIGHT="68" WIDTH="46" VPOS="1858" HPOS="1922"/>
<String LANG="fr" CONTENT="H." HEIGHT="53" WIDTH="77" VPOS="1858" HPOS="1969"/>
<SP HEIGHT="52" WIDTH="43" VPOS="1859" HPOS="2047"/>
<String CONTENT="B." HEIGHT="51" WIDTH="66" VPOS="1859" HPOS="2091"/>
<SP HEIGHT="52" WIDTH="42" VPOS="1858" HPOS="2158"/>
<String CONTENT="Folk." HEIGHT="52" WIDTH="163" VPOS="1857" HPOS="2201"/>
</TextLine>
<TextLine HEIGHT="73" WIDTH="1026" VPOS="1939" HPOS="369" STYLEREFS="StyleId-B3F2F853-4FF3-47EE-9A52-96CEC411DDED-" CS="1">
<String CONTENT="Boston," HEIGHT="67" WIDTH="234" VPOS="1945" HPOS="369"/>
<SP HEIGHT="68" WIDTH="29" VPOS="1943" HPOS="604"/>
<String LANG="fr" CONTENT="R." HEIGHT="53" WIDTH="69" VPOS="1942" HPOS="634"/>
<SP HEIGHT="55" WIDTH="32" VPOS="1941" HPOS="704"/>
<String CONTENT="C." HEIGHT="55" WIDTH="62" VPOS="1941" HPOS="737"/>
<SP HEIGHT="33" WIDTH="39" VPOS="1975" HPOS="800"/>
<String CONTENT="[!]" HEIGHT="67" WIDTH="55" VPOS="1941" HPOS="840"/>
<SP HEIGHT="66" WIDTH="39" VPOS="1942" HPOS="896"/>
<String CONTENT="Badger" HEIGHT="69" WIDTH="231" VPOS="1940" HPOS="936"/>
<SP HEIGHT="47" WIDTH="35" VPOS="1959" HPOS="1168"/>
<String CS="1" CONTENT="["/>
<String STYLE="superscript" CS="1" CONTENT="&#7580;19"/>
<String CONTENT="28]" HEIGHT="63" WIDTH="83" VPOS="1942" HPOS="1312"/>
</TextLine>
<TextLine HEIGHT="50" WIDTH="477" VPOS="2023" HPOS="438" CS="1">
<String CONTENT="2" HEIGHT="38" WIDTH="26" VPOS="2026" HPOS="438"/>
<SP/>
<String CONTENT="p." HEIGHT="37" WIDTH="43" VPOS="2036" HPOS="494"/>
<SP HEIGHT="39" WIDTH="27" VPOS="2026" HPOS="538"/>
<String CS="1" CONTENT="l.,"/>
<SP HEIGHT="47" WIDTH="29" VPOS="2025" HPOS="612"/>
<String CONTENT="105" HEIGHT="42" WIDTH="85" VPOS="2023" HPOS="642"/>
<SP HEIGHT="48" WIDTH="27" VPOS="2023" HPOS="728"/>
<String CONTENT="p." HEIGHT="37" WIDTH="43" VPOS="2034" HPOS="756"/>
<SP HEIGHT="42" WIDTH="58" VPOS="2023" HPOS="800"/>
<String CONTENT="21" HEIGHT="40" WIDTH="56" VPOS="2023" HPOS="859"/>
<String STYLE="superscript" CS="1" CONTENT="&#7580;&#7504;."/>
</TextLine>
<TextLine HEIGHT="56" WIDTH="1931" VPOS="2073" HPOS="444">
<String CONTENT="&#8220;Letters" HEIGHT="39" WIDTH="221" VPOS="2082" HPOS="444"/>
<SP HEIGHT="30" WIDTH="24" VPOS="2090" HPOS="666"/>
<String CONTENT="written" HEIGHT="40" WIDTH="198" VPOS="2080" HPOS="691"/>
<SP HEIGHT="39" WIDTH="23" VPOS="2080" HPOS="890"/>
<String CONTENT="by" HEIGHT="48" WIDTH="59" VPOS="2079" HPOS="914"/>
<SP HEIGHT="44" WIDTH="25" VPOS="2082" HPOS="974"/>
<String CONTENT="the" HEIGHT="40" WIDTH="82" VPOS="2079" HPOS="1000"/>
<SP HEIGHT="30" WIDTH="26" VPOS="2089" HPOS="1083"/>
<String CONTENT="author" HEIGHT="42" WIDTH="179" VPOS="2077" HPOS="1110"/>
<SP HEIGHT="37" WIDTH="26" VPOS="2080" HPOS="1290"/>
<String CONTENT="to" HEIGHT="37" WIDTH="48" VPOS="2080" HPOS="1317"/>
<SP HEIGHT="37" WIDTH="25" VPOS="2080" HPOS="1366"/>
<String CONTENT="the" HEIGHT="42" WIDTH="81" VPOS="2076" HPOS="1392"/>
<SP HEIGHT="41" WIDTH="26" VPOS="2076" HPOS="1474"/>
<String CONTENT="held" HEIGHT="41" WIDTH="111" VPOS="2076" HPOS="1501"/>
<SP HEIGHT="40" WIDTH="26" VPOS="2077" HPOS="1613"/>
<String CONTENT="force" HEIGHT="41" WIDTH="134" VPOS="2076" HPOS="1640"/>
<SP HEIGHT="30" WIDTH="27" VPOS="2086" HPOS="1775"/>
<String CONTENT="of" HEIGHT="40" WIDTH="51" VPOS="2076" HPOS="1803"/>
<SP HEIGHT="40" WIDTH="25" VPOS="2076" HPOS="1855"/>
<String CONTENT="the" HEIGHT="41" WIDTH="82" VPOS="2075" HPOS="1881"/>
<SP HEIGHT="29" WIDTH="26" VPOS="2086" HPOS="1964"/>
<String CONTENT="company" HEIGHT="39" WIDTH="236" VPOS="2084" HPOS="1991"/>
<SP HEIGHT="37" WIDTH="26" VPOS="2085" HPOS="2228"/>
<String CONTENT="with" HEIGHT="41" WIDTH="120" VPOS="2074" HPOS="2255"/>
</TextLine>
<TextLine HEIGHT="58" WIDTH="2002" VPOS="2130" HPOS="373">
<String CONTENT="which" HEIGHT="41" WIDTH="159" VPOS="2138" HPOS="373"/>
<SP HEIGHT="38" WIDTH="37" VPOS="2139" HPOS="533"/>
<String CONTENT="he" HEIGHT="38" WIDTH="59" VPOS="2139" HPOS="571"/>
<SP HEIGHT="41" WIDTH="38" VPOS="2136" HPOS="631"/>
<String CONTENT="is" HEIGHT="41" WIDTH="42" VPOS="2136" HPOS="670"/>
<SP HEIGHT="31" WIDTH="36" VPOS="2146" HPOS="713"/>
<String CONTENT="connected," HEIGHT="48" WIDTH="277" VPOS="2136" HPOS="750"/>
<SP HEIGHT="45" WIDTH="38" VPOS="2138" HPOS="1028"/>
<String CONTENT="the" HEIGHT="40" WIDTH="83" VPOS="2136" HPOS="1067"/>
<SP HEIGHT="41" WIDTH="38" VPOS="2135" HPOS="1151"/>
<String CONTENT="Life" HEIGHT="40" WIDTH="109" VPOS="2134" HPOS="1190"/>
<SP HEIGHT="30" WIDTH="39" VPOS="2144" HPOS="1300"/>
<String CONTENT="and" HEIGHT="40" WIDTH="96" VPOS="2134" HPOS="1340"/>
<SP HEIGHT="40" WIDTH="38" VPOS="2134" HPOS="1437"/>
<String CONTENT="casualty" HEIGHT="48" WIDTH="226" VPOS="2133" HPOS="1476"/>
<SP HEIGHT="47" WIDTH="40" VPOS="2133" HPOS="1703"/>
<String CONTENT="insurance" HEIGHT="41" WIDTH="261" VPOS="2132" HPOS="1744"/>
<SP HEIGHT="29" WIDTH="39" VPOS="2143" HPOS="2006"/>
<String CONTENT="company" HEIGHT="40" WIDTH="236" VPOS="2141" HPOS="2046"/>
<SP HEIGHT="37" WIDTH="39" VPOS="2141" HPOS="2283"/>
<String CONTENT="of" HEIGHT="40" WIDTH="52" VPOS="2131" HPOS="2323"/>
</TextLine>
<TextLine HEIGHT="43" WIDTH="654" VPOS="2192" HPOS="375">
<String CONTENT="Tennessee.&#8221;&#8212;Foreword." HEIGHT="43" WIDTH="654" VPOS="2192" HPOS="375"/>
</TextLine>
<TextLine HEIGHT="62" WIDTH="2004" VPOS="2241" HPOS="373">
<String CONTENT="&#169;" HEIGHT="55" WIDTH="52" VPOS="2248" HPOS="373"/>
<SP HEIGHT="54" WIDTH="29" VPOS="2248" HPOS="426"/>
<String CONTENT="Dec." HEIGHT="42" WIDTH="112" VPOS="2252" HPOS="456"/>
<SP HEIGHT="40" WIDTH="28" VPOS="2253" HPOS="569"/>
<String CONTENT="11," HEIGHT="47" WIDTH="68" VPOS="2253" HPOS="598"/>
<SP HEIGHT="47" WIDTH="28" VPOS="2252" HPOS="667"/>
<String CONTENT="1928;" HEIGHT="49" WIDTH="141" VPOS="2250" HPOS="696"/>
<SP HEIGHT="49" WIDTH="29" VPOS="2250" HPOS="838"/>
<String CONTENT="2c." HEIGHT="43" WIDTH="68" VPOS="2249" HPOS="868"/>
<SP HEIGHT="30" WIDTH="28" VPOS="2261" HPOS="937"/>
<String CONTENT="and" HEIGHT="40" WIDTH="95" VPOS="2250" HPOS="966"/>
<SP HEIGHT="40" WIDTH="29" VPOS="2250" HPOS="1062"/>
<String CONTENT="a" HEIGHT="28" WIDTH="22" VPOS="2261" HPOS="1092"/>
<SP HEIGHT="40" WIDTH="9" VPOS="2249" HPOS="1115"/>
<String CONTENT="if." HEIGHT="44" WIDTH="49" VPOS="2248" HPOS="1125"/>
<SP HEIGHT="41" WIDTH="29" VPOS="2250" HPOS="1175"/>
<String CONTENT="Jan." HEIGHT="40" WIDTH="111" VPOS="2250" HPOS="1205"/>
<SP HEIGHT="40" WIDTH="26" VPOS="2250" HPOS="1317"/>
<String CONTENT="4," HEIGHT="48" WIDTH="42" VPOS="2250" HPOS="1344"/>
<SP HEIGHT="48" WIDTH="27" VPOS="2250" HPOS="1387"/>
<String CONTENT="1929:" HEIGHT="43" WIDTH="142" VPOS="2248" HPOS="1415"/>
<SP HEIGHT="42" WIDTH="30" VPOS="2248" HPOS="1558"/>
<!-- cceid 88636991-6CFA-1014-9C3C-CEA95E7AA542 --><String CONTENT="A" HEIGHT="40" WIDTH="41" VPOS="2248" HPOS="1589"/>
<SP HEIGHT="42" WIDTH="28" VPOS="2248" HPOS="1631"/>
<String CONTENT="3506;" HEIGHT="49" WIDTH="142" VPOS="2247" HPOS="1660"/>
<SP HEIGHT="48" WIDTH="33" VPOS="2247" HPOS="1803"/>
<String CONTENT="Richard" HEIGHT="43" WIDTH="215" VPOS="2246" HPOS="1837"/>
<SP HEIGHT="41" WIDTH="31" VPOS="2247" HPOS="2053"/>
<String CONTENT="G." HEIGHT="42" WIDTH="53" VPOS="2247" HPOS="2085"/>
<SP HEIGHT="42" WIDTH="30" VPOS="2247" HPOS="2139"/>
<String CONTENT="Badger." HEIGHT="48" WIDTH="207" VPOS="2246" HPOS="2170"/>
</TextLine>
<TextLine HEIGHT="50" WIDTH="252" VPOS="2308" HPOS="451">
<String CONTENT="(29-2711)" HEIGHT="50" WIDTH="252" VPOS="2308" HPOS="451"/>
</TextLine>
<TextLine HEIGHT="70" WIDTH="1125" VPOS="2386" HPOS="372" STYLEREFS="StyleId-B3F2F853-4FF3-47EE-9A52-96CEC411DDED-">
<String CONTENT="Ford," HEIGHT="66" WIDTH="173" VPOS="2390" HPOS="372"/>
<SP HEIGHT="65" WIDTH="32" VPOS="2390" HPOS="545"/>
<String CONTENT="Antoinette" HEIGHT="54" WIDTH="353" VPOS="2388" HPOS="577"/>
<SP HEIGHT="51" WIDTH="30" VPOS="2389" HPOS="930"/>
<String CONTENT="Elizabeth," HEIGHT="66" WIDTH="329" VPOS="2387" HPOS="960"/>
<SP HEIGHT="59" WIDTH="35" VPOS="2393" HPOS="1289"/>
<String CONTENT="1876-" HEIGHT="55" WIDTH="173" VPOS="2388" HPOS="1324"/>
</TextLine>
<TextLine HEIGHT="77" WIDTH="1932" VPOS="2462" HPOS="445" STYLEREFS="StyleId-B3F2F853-4FF3-47EE-9A52-96CEC411DDED-" CS="1">
<String CONTENT="My" HEIGHT="70" WIDTH="104" VPOS="2469" HPOS="445"/>
<SP HEIGHT="70" WIDTH="38" VPOS="2469" HPOS="550"/>
<String CONTENT="Minnesota," HEIGHT="69" WIDTH="345" VPOS="2467" HPOS="589"/>
<SP HEIGHT="67" WIDTH="37" VPOS="2467" HPOS="935"/>
<String CONTENT="by" HEIGHT="69" WIDTH="74" VPOS="2467" HPOS="973"/>
<SP HEIGHT="69" WIDTH="40" VPOS="2467" HPOS="1048"/>
<String CONTENT="Antoinette" HEIGHT="55" WIDTH="339" VPOS="2465" HPOS="1089"/>
<SP HEIGHT="52" WIDTH="40" VPOS="2466" HPOS="1429"/>
<String CONTENT="E." HEIGHT="52" WIDTH="68" VPOS="2466" HPOS="1470"/>
<SP HEIGHT="53" WIDTH="41" VPOS="2465" HPOS="1539"/>
<String CONTENT="Ford" HEIGHT="54" WIDTH="156" VPOS="2464" HPOS="1581"/>
<SP HEIGHT="52" WIDTH="45" VPOS="2465" HPOS="1738"/>
<String CS="1" CONTENT="&#8230;"/>
<SP HEIGHT="55" WIDTH="83" VPOS="2464" HPOS="1841"/>
<String CONTENT="Chicago," HEIGHT="69" WIDTH="271" VPOS="2463" HPOS="1925"/>
<SP HEIGHT="68" WIDTH="40" VPOS="2463" HPOS="2197"/>
<String CONTENT="New" HEIGHT="52" WIDTH="139" VPOS="2463" HPOS="2238"/>
</TextLine>
<TextLine HEIGHT="73" WIDTH="1124" VPOS="2543" HPOS="374" STYLEREFS="StyleId-B3F2F853-4FF3-47EE-9A52-96CEC411DDED-" CS="1">
<String CONTENT="York," HEIGHT="69" WIDTH="181" VPOS="2547" HPOS="374"/>
<SP HEIGHT="68" WIDTH="30" VPOS="2547" HPOS="556"/>
<String CONTENT="Lyons" HEIGHT="69" WIDTH="192" VPOS="2546" HPOS="587"/>
<SP HEIGHT="36" WIDTH="29" VPOS="2564" HPOS="780"/>
<String CONTENT="and" HEIGHT="52" WIDTH="113" VPOS="2547" HPOS="810"/>
<SP HEIGHT="54" WIDTH="33" VPOS="2545" HPOS="924"/>
<String CONTENT="Carnahan" HEIGHT="55" WIDTH="309" VPOS="2544" HPOS="958"/>
<SP HEIGHT="48" WIDTH="36" VPOS="2563" HPOS="1268"/>
<String CONTENT="[" HEIGHT="33" WIDTH="12" VPOS="2578" HPOS="1305"/>
<String STYLE="superscript" CS="1" CONTENT="&#7580;19"/>
<String CONTENT="29]" HEIGHT="65" WIDTH="85" VPOS="2546" HPOS="1413"/>
</TextLine>
<TextLine HEIGHT="53" WIDTH="1031" VPOS="2623" HPOS="448" CS="1">
<String CONTENT="416" HEIGHT="40" WIDTH="88" VPOS="2628" HPOS="448"/>
<SP HEIGHT="48" WIDTH="28" VPOS="2628" HPOS="537"/>
<String CONTENT="p." HEIGHT="37" WIDTH="43" VPOS="2639" HPOS="566"/>
<SP HEIGHT="42" WIDTH="57" VPOS="2627" HPOS="610"/>
<String CONTENT="front.," HEIGHT="48" WIDTH="165" VPOS="2626" HPOS="668"/>
<SP HEIGHT="47" WIDTH="31" VPOS="2627" HPOS="834"/>
<String CONTENT="illus," HEIGHT="42" WIDTH="130" VPOS="2626" HPOS="866"/>
<SP HEIGHT="46" WIDTH="25" VPOS="2627" HPOS="997"/>
<String CONTENT="(incl." HEIGHT="48" WIDTH="134" VPOS="2625" HPOS="1023"/>
<SP HEIGHT="29" WIDTH="32" VPOS="2637" HPOS="1158"/>
<String CONTENT="maps)" HEIGHT="48" WIDTH="164" VPOS="2625" HPOS="1191"/>
<SP HEIGHT="49" WIDTH="66" VPOS="2624" HPOS="1356"/>
<String CONTENT="19" HEIGHT="41" WIDTH="56" VPOS="2624" HPOS="1423"/>
<String STYLE="superscript" CS="1" CONTENT="&#7580;&#7504;."/>
</TextLine>
<TextLine HEIGHT="51" WIDTH="621" VPOS="2682" HPOS="448">
<String CONTENT="Maps" HEIGHT="47" WIDTH="140" VPOS="2686" HPOS="448"/>
<SP HEIGHT="30" WIDTH="27" VPOS="2695" HPOS="589"/>
<String CONTENT="on" HEIGHT="30" WIDTH="60" VPOS="2695" HPOS="617"/>
<SP HEIGHT="39" WIDTH="27" VPOS="2685" HPOS="677"/>
<String CONTENT="lining-papers." HEIGHT="50" WIDTH="365" VPOS="2682" HPOS="704"/>
</TextLine>
<TextLine HEIGHT="61" WIDTH="1863" VPOS="2732" HPOS="379" CS="1">
<String CONTENT="&#169;" HEIGHT="52" WIDTH="52" VPOS="2739" HPOS="379"/>
<SP HEIGHT="51" WIDTH="28" VPOS="2739" HPOS="432"/>
<String CONTENT="Jan." HEIGHT="40" WIDTH="110" VPOS="2743" HPOS="461"/>
<SP HEIGHT="40" WIDTH="28" VPOS="2743" HPOS="572"/>
<String CONTENT="18," HEIGHT="50" WIDTH="69" VPOS="2741" HPOS="601"/>
<SP HEIGHT="48" WIDTH="28" VPOS="2742" HPOS="671"/>
<String CS="1" CONTENT="1929;" HEIGHT="40" WIDTH="115" VPOS="2741" HPOS="700"/>
<SP HEIGHT="47" WIDTH="28" VPOS="2741" HPOS="842"/>
<String CONTENT="2c." HEIGHT="41" WIDTH="69" VPOS="2740" HPOS="871"/>
<SP HEIGHT="29" WIDTH="27" VPOS="2751" HPOS="941"/>
<String CONTENT="and" HEIGHT="39" WIDTH="94" VPOS="2741" HPOS="969"/>
<SP HEIGHT="38" WIDTH="30" VPOS="2741" HPOS="1064"/>
<String CS="1" CONTENT="aff."/>
<SP HEIGHT="40" WIDTH="27" VPOS="2741" HPOS="1179"/>
<String CONTENT="Jan." HEIGHT="39" WIDTH="111" VPOS="2741" HPOS="1207"/>
<SP HEIGHT="40" WIDTH="27" VPOS="2740" HPOS="1319"/>
<String CONTENT="28;" HEIGHT="50" WIDTH="84" VPOS="2738" HPOS="1347"/>
<SP HEIGHT="47" WIDTH="30" VPOS="2740" HPOS="1432"/>
<!-- cceid 88645F7C-6CFA-1014-9C3C-CEA95E7AA542 --><String CONTENT="A" HEIGHT="38" WIDTH="40" VPOS="2740" HPOS="1463"/>
<SP HEIGHT="40" WIDTH="28" VPOS="2740" HPOS="1504"/>
<String CS="1" CONTENT="3987;" HEIGHT="41" WIDTH="115" VPOS="2739" HPOS="1533"/>
<SP HEIGHT="46" WIDTH="32" VPOS="2740" HPOS="1675"/>
<String CONTENT="Lyons" HEIGHT="47" WIDTH="160" VPOS="2740" HPOS="1708"/>
<SP HEIGHT="40" WIDTH="28" VPOS="2740" HPOS="1869"/>
<String CONTENT="&amp;" HEIGHT="41" WIDTH="37" VPOS="2739" HPOS="1898"/>
<SP HEIGHT="41" WIDTH="29" VPOS="2738" HPOS="1936"/>
<String CONTENT="Carnahan." HEIGHT="42" WIDTH="276" VPOS="2737" HPOS="1966"/>
</TextLine>
<TextLine HEIGHT="51" WIDTH="252" VPOS="2797" HPOS="457">
<String CONTENT="(29-2717)" HEIGHT="51" WIDTH="252" VPOS="2797" HPOS="457"/>
</TextLine>
<TextLine HEIGHT="79" WIDTH="1650" VPOS="2873" HPOS="380" STYLEREFS="StyleId-02C1CA0B-B4F9-4684-B4D3-FC29DC9F5BF9-">
<String LANG="fr" CONTENT="Frigidaire," HEIGHT="67" WIDTH="352" VPOS="2878" HPOS="380"/>
<SP HEIGHT="64" WIDTH="23" VPOS="2879" HPOS="732"/>
<String LANG="en-US" CONTENT="ltd." HEIGHT="53" WIDTH="104" VPOS="2879" HPOS="755"/>
<SP HEIGHT="52" WIDTH="75" VPOS="2880" HPOS="860"/>
<String LANG="en-US" CONTENT="European" HEIGHT="68" WIDTH="311" VPOS="2879" HPOS="936"/>
<SP HEIGHT="35" WIDTH="20" VPOS="2897" HPOS="1247"/>
<String LANG="en-US" CONTENT="advertising" HEIGHT="70" WIDTH="358" VPOS="2878" HPOS="1268"/>
<SP HEIGHT="67" WIDTH="23" VPOS="2880" HPOS="1626"/>
<String LANG="en-US" CONTENT="department." HEIGHT="69" WIDTH="381" VPOS="2878" HPOS="1649"/>
</TextLine>
<TextLine HEIGHT="158" WIDTH="2002" VPOS="2952" HPOS="382" STYLEREFS="StyleId-B3F2F853-4FF3-47EE-9A52-96CEC411DDED-" CS="1">
<String LANG="en-US" CONTENT="How" HEIGHT="52" WIDTH="150" VPOS="2959" HPOS="452"/>
<SP HEIGHT="48" WIDTH="31" VPOS="2965" HPOS="603"/>
<String LANG="en-US" CONTENT="to" HEIGHT="49" WIDTH="58" VPOS="2964" HPOS="635"/>
<SP HEIGHT="35" WIDTH="31" VPOS="2976" HPOS="694"/>
<String LANG="en-US" CONTENT="use" HEIGHT="35" WIDTH="97" VPOS="2976" HPOS="726"/>
<SP HEIGHT="53" WIDTH="32" VPOS="2959" HPOS="824"/>
<String LANG="en-US" CONTENT="direct-mail." HEIGHT="57" WIDTH="363" VPOS="2956" HPOS="857"/>
<SP HEIGHT="54" WIDTH="69" VPOS="2957" HPOS="1221"/>
<String LANG="en-US" CONTENT="Issued" HEIGHT="54" WIDTH="197" VPOS="2956" HPOS="1291"/>
<SP HEIGHT="51" WIDTH="34" VPOS="2958" HPOS="1489"/>
<String LANG="en-US" CONTENT="by" HEIGHT="68" WIDTH="75" VPOS="2958" HPOS="1524"/>
<SP HEIGHT="63" WIDTH="33" VPOS="2963" HPOS="1600"/>
<String LANG="en-US" CONTENT="the" HEIGHT="54" WIDTH="94" VPOS="2956" HPOS="1634"/>
<SP HEIGHT="53" WIDTH="32" VPOS="2956" HPOS="1729"/>
<String LANG="en-US" CONTENT="European" HEIGHT="70" WIDTH="309" VPOS="2955" HPOS="1762"/>
<SP HEIGHT="34" WIDTH="34" VPOS="2975" HPOS="2072"/>
<String LANG="en-US" CONTENT="advertising" HEIGHT="153" WIDTH="1976" VPOS="2955" HPOS="382"/>
<SP HEIGHT="69" WIDTH="28" VPOS="3038" HPOS="484"/>
<String LANG="en-US" CONTENT="department" HEIGHT="68" WIDTH="363" VPOS="3037" HPOS="513"/>
<SP HEIGHT="48" WIDTH="26" VPOS="3042" HPOS="877"/>
<String LANG="en-US" CONTENT="of" HEIGHT="54" WIDTH="64" VPOS="3036" HPOS="904"/>
<SP HEIGHT="51" WIDTH="28" VPOS="3036" HPOS="969"/>
<String LANG="fr" CONTENT="Frigidaire," HEIGHT="69" WIDTH="347" VPOS="3035" HPOS="998"/>
<SP HEIGHT="58" WIDTH="27" VPOS="3035" HPOS="1346"/>
<String LANG="en-US" CONTENT="ltd." HEIGHT="54" WIDTH="102" VPOS="3034" HPOS="1374"/>
<SP HEIGHT="9" WIDTH="34" VPOS="3078" HPOS="1477"/>
<String LANG="en-US" CS="1" CONTENT="&#8230;"/>
<SP HEIGHT="33" WIDTH="83" VPOS="3068" HPOS="1569"/>
<String LANG="en-US" CONTENT="[Paris," HEIGHT="70" WIDTH="204" VPOS="3034" HPOS="1653"/>
<SP HEIGHT="69" WIDTH="27" VPOS="3034" HPOS="1858"/>
<String LANG="fr" CONTENT="Frigidaire," HEIGHT="72" WIDTH="348" VPOS="3032" HPOS="1886"/>
<SP HEIGHT="68" WIDTH="25" VPOS="3034" HPOS="2235"/>
<String LANG="en-US" CONTENT="ltd.," HEIGHT="67" WIDTH="123" VPOS="3034" HPOS="2261"/>
</TextLine>
<TextLine HEIGHT="65" WIDTH="152" VPOS="3118" HPOS="378" STYLEREFS="StyleId-B3F2F853-4FF3-47EE-9A52-96CEC411DDED-">
<String CONTENT="1928]" HEIGHT="65" WIDTH="152" VPOS="3118" HPOS="378"/>
</TextLine>
<TextLine HEIGHT="50" WIDTH="453" VPOS="3195" HPOS="449" CS="1">
<String CONTENT="13" HEIGHT="40" WIDTH="56" VPOS="3197" HPOS="449"/>
<SP HEIGHT="48" WIDTH="35" VPOS="3197" HPOS="506"/>
<String CONTENT="p." HEIGHT="39" WIDTH="44" VPOS="3206" HPOS="542"/>
<SP HEIGHT="41" WIDTH="64" VPOS="3196" HPOS="587"/>
<String CONTENT="illus." HEIGHT="43" WIDTH="129" VPOS="3195" HPOS="652"/>
<SP HEIGHT="41" WIDTH="62" VPOS="3196" HPOS="782"/>
<String CONTENT="27" HEIGHT="39" WIDTH="57" VPOS="3196" HPOS="845"/>
<String STYLE="superscript" CS="1" CONTENT="&#7580;&#7504;."/>
</TextLine>
<TextLine HEIGHT="44" WIDTH="296" VPOS="3250" HPOS="451">
<String CONTENT="Cover-title." HEIGHT="44" WIDTH="296" VPOS="3250" HPOS="451"/>
</TextLine>
<TextLine HEIGHT="64" WIDTH="1999" VPOS="3298" HPOS="385" CS="1">
<String CONTENT="&#169;" HEIGHT="52" WIDTH="52" VPOS="3305" HPOS="385"/>
<SP/>
<String CS="1" CONTENT="1c."/>
<SP/>
<String CONTENT="Jan." HEIGHT="40" WIDTH="110" VPOS="3309" HPOS="569"/>
<SP HEIGHT="39" WIDTH="31" VPOS="3309" HPOS="680"/>
<String CONTENT="11," HEIGHT="47" WIDTH="69" VPOS="3309" HPOS="712"/>
<SP HEIGHT="47" WIDTH="31" VPOS="3309" HPOS="782"/>
<String CONTENT="1929;" HEIGHT="49" WIDTH="141" VPOS="3306" HPOS="814"/>
<SP HEIGHT="46" WIDTH="34" VPOS="3308" HPOS="956"/>
<!-- cceid 88656570-6CFA-1014-9C3C-CEA95E7AA542 --><String CONTENT="A" HEIGHT="39" WIDTH="40" VPOS="3308" HPOS="991"/>
<SP HEIGHT="39" WIDTH="31" VPOS="3308" HPOS="1032"/>
<String CONTENT="ad" HEIGHT="38" WIDTH="61" VPOS="3309" HPOS="1064"/>
<SP HEIGHT="38" WIDTH="31" VPOS="3309" HPOS="1126"/>
<String CONTENT="int." HEIGHT="42" WIDTH="86" VPOS="3308" HPOS="1158"/>
<SP HEIGHT="40" WIDTH="33" VPOS="3309" HPOS="1245"/>
<String CS="1" CONTENT="12251;" HEIGHT="40" WIDTH="136" VPOS="3307" HPOS="1279"/>
<SP HEIGHT="37" WIDTH="35" VPOS="3318" HPOS="1449"/>
<String CONTENT="pubd." HEIGHT="47" WIDTH="143" VPOS="3308" HPOS="1485"/>
<SP HEIGHT="40" WIDTH="31" VPOS="3308" HPOS="1629"/>
<String CONTENT="Nov." HEIGHT="41" WIDTH="118" VPOS="3307" HPOS="1661"/>
<SP HEIGHT="40" WIDTH="32" VPOS="3307" HPOS="1780"/>
<String CONTENT="14," HEIGHT="47" WIDTH="68" VPOS="3307" HPOS="1813"/>
<SP HEIGHT="46" WIDTH="34" VPOS="3308" HPOS="1882"/>
<String CONTENT="1928;" HEIGHT="47" WIDTH="140" VPOS="3306" HPOS="1917"/>
<SP HEIGHT="46" WIDTH="36" VPOS="3306" HPOS="2058"/>
<String LANG="fr" CONTENT="Frigidaire," HEIGHT="51" WIDTH="289" VPOS="3304" HPOS="2095"/>
</TextLine>
<TextLine HEIGHT="40" WIDTH="88" VPOS="3366" HPOS="451">
<String CONTENT="ltd." HEIGHT="40" WIDTH="88" VPOS="3366" HPOS="451"/>
</TextLine>
<TextLine HEIGHT="69" WIDTH="909" VPOS="3428" HPOS="385" STYLEREFS="StyleId-02855951-17A1-4A47-8012-65CB9C9706AA-">
<String CONTENT="Gee," HEIGHT="65" WIDTH="135" VPOS="3431" HPOS="385"/>
<SP HEIGHT="63" WIDTH="33" VPOS="3432" HPOS="520"/>
<String CONTENT="Ernest" HEIGHT="53" WIDTH="221" VPOS="3431" HPOS="553"/>
<SP HEIGHT="52" WIDTH="32" VPOS="3431" HPOS="774"/>
<String CONTENT="Richard," HEIGHT="65" WIDTH="279" VPOS="3430" HPOS="806"/>
<SP HEIGHT="57" WIDTH="37" VPOS="3437" HPOS="1085"/>
<String CONTENT="1878-" HEIGHT="55" WIDTH="172" VPOS="3432" HPOS="1122"/>
</TextLine>
<TextLine HEIGHT="82" WIDTH="1937" VPOS="3500" HPOS="454" STYLEREFS="StyleId-B3F2F853-4FF3-47EE-9A52-96CEC411DDED-">
<String CONTENT="Early" HEIGHT="70" WIDTH="182" VPOS="3507" HPOS="454"/>
<SP HEIGHT="71" WIDTH="35" VPOS="3506" HPOS="637"/>
<String CONTENT="American" HEIGHT="56" WIDTH="307" VPOS="3505" HPOS="673"/>
<SP HEIGHT="35" WIDTH="36" VPOS="3526" HPOS="981"/>
<String CONTENT="sporting" HEIGHT="71" WIDTH="266" VPOS="3508" HPOS="1018"/>
<SP HEIGHT="70" WIDTH="31" VPOS="3508" HPOS="1285"/>
<String CONTENT="books," HEIGHT="70" WIDTH="193" VPOS="3507" HPOS="1317"/>
<SP HEIGHT="65" WIDTH="37" VPOS="3511" HPOS="1511"/>
<String CONTENT="1734" HEIGHT="55" WIDTH="137" VPOS="3507" HPOS="1549"/>
<SP HEIGHT="50" WIDTH="29" VPOS="3511" HPOS="1687"/>
<String CONTENT="to" HEIGHT="48" WIDTH="59" VPOS="3513" HPOS="1717"/>
<SP HEIGHT="49" WIDTH="37" VPOS="3512" HPOS="1777"/>
<String CONTENT="1844;" HEIGHT="68" WIDTH="163" VPOS="3509" HPOS="1815"/>
<SP HEIGHT="51" WIDTH="38" VPOS="3525" HPOS="1979"/>
<String CONTENT="a" HEIGHT="36" WIDTH="31" VPOS="3525" HPOS="2018"/>
<SP HEIGHT="55" WIDTH="36" VPOS="3506" HPOS="2050"/>
<String CONTENT="few" HEIGHT="56" WIDTH="113" VPOS="3505" HPOS="2087"/>
<SP HEIGHT="54" WIDTH="35" VPOS="3506" HPOS="2201"/>
<String CONTENT="brief" HEIGHT="54" WIDTH="154" VPOS="3506" HPOS="2237"/>
</TextLine>
<TextLine HEIGHT="80" WIDTH="2004" VPOS="3578" HPOS="385" STYLEREFS="StyleId-B3F2F853-4FF3-47EE-9A52-96CEC411DDED-">
<String CONTENT="notes," HEIGHT="63" WIDTH="176" VPOS="3592" HPOS="385"/>
<SP HEIGHT="68" WIDTH="29" VPOS="3586" HPOS="562"/>
<String CONTENT="by" HEIGHT="68" WIDTH="75" VPOS="3586" HPOS="592"/>
<SP HEIGHT="70" WIDTH="29" VPOS="3584" HPOS="668"/>
<String CONTENT="Ernest" HEIGHT="54" WIDTH="211" VPOS="3584" HPOS="698"/>
<SP HEIGHT="53" WIDTH="28" VPOS="3586" HPOS="910"/>
<String CONTENT="R." HEIGHT="52" WIDTH="69" VPOS="3586" HPOS="939"/>
<SP HEIGHT="55" WIDTH="32" VPOS="3585" HPOS="1009"/>
<String CONTENT="Gee;" HEIGHT="70" WIDTH="144" VPOS="3584" HPOS="1042"/>
<SP HEIGHT="49" WIDTH="33" VPOS="3604" HPOS="1187"/>
<String CONTENT="with" HEIGHT="53" WIDTH="140" VPOS="3586" HPOS="1221"/>
<SP HEIGHT="67" WIDTH="30" VPOS="3587" HPOS="1362"/>
<String CONTENT="portraits" HEIGHT="67" WIDTH="277" VPOS="3587" HPOS="1393"/>
<SP HEIGHT="36" WIDTH="30" VPOS="3604" HPOS="1671"/>
<String CONTENT="and" HEIGHT="52" WIDTH="113" VPOS="3587" HPOS="1702"/>
<SP HEIGHT="54" WIDTH="32" VPOS="3585" HPOS="1816"/>
<String CONTENT="facsimiles." HEIGHT="57" WIDTH="328" VPOS="3583" HPOS="1849"/>
<SP HEIGHT="54" WIDTH="70" VPOS="3584" HPOS="2178"/>
<String CONTENT="New" HEIGHT="54" WIDTH="140" VPOS="3584" HPOS="2249"/>
</TextLine>
<TextLine HEIGHT="78" WIDTH="1057" VPOS="3658" HPOS="390" STYLEREFS="StyleId-B3F2F853-4FF3-47EE-9A52-96CEC411DDED-">
<String CONTENT="York," HEIGHT="71" WIDTH="177" VPOS="3662" HPOS="390"/>
<SP HEIGHT="67" WIDTH="28" VPOS="3665" HPOS="567"/>
<String CONTENT="The" HEIGHT="54" WIDTH="121" VPOS="3663" HPOS="595"/>
<SP HEIGHT="53" WIDTH="26" VPOS="3663" HPOS="716"/>
<String CONTENT="Derrydale" HEIGHT="69" WIDTH="321" VPOS="3662" HPOS="742"/>
<SP HEIGHT="49" WIDTH="27" VPOS="3682" HPOS="1063"/>
<String CONTENT="press," HEIGHT="53" WIDTH="177" VPOS="3680" HPOS="1090"/>
<SP HEIGHT="64" WIDTH="29" VPOS="3668" HPOS="1267"/>
<String CONTENT="1928." HEIGHT="52" WIDTH="151" VPOS="3665" HPOS="1296"/>
</TextLine>
<TextLine HEIGHT="57" WIDTH="1426" VPOS="3742" HPOS="456" CS="1">
<String CONTENT="8" HEIGHT="40" WIDTH="26" VPOS="3747" HPOS="456"/>
<SP HEIGHT="48" WIDTH="27" VPOS="3747" HPOS="483"/>
<String LANG="fr" CONTENT="p." HEIGHT="37" WIDTH="43" VPOS="3758" HPOS="511"/>
<SP HEIGHT="40" WIDTH="30" VPOS="3748" HPOS="555"/>
<String CS="1" CONTENT="l.,"/>
<SP HEIGHT="47" WIDTH="29" VPOS="3747" HPOS="631"/>
<String CONTENT="61" HEIGHT="41" WIDTH="55" VPOS="3746" HPOS="661"/>
<SP HEIGHT="46" WIDTH="30" VPOS="3748" HPOS="717"/>
<String LANG="fr" CS="1" CONTENT="p.,"/>
<SP/>
<String LANG="fr" CS="1" CONTENT="1"/>
<SP/>
<String LANG="fr" CS="1" CONTENT="l."/>
<SP HEIGHT="39" WIDTH="58" VPOS="3746" HPOS="924"/>
<String CONTENT="front.," HEIGHT="47" WIDTH="164" VPOS="3746" HPOS="983"/>
<SP HEIGHT="47" WIDTH="30" VPOS="3746" HPOS="1148"/>
<String CONTENT="illus.," HEIGHT="48" WIDTH="144" VPOS="3746" HPOS="1179"/>
<SP HEIGHT="37" WIDTH="29" VPOS="3758" HPOS="1324"/>
<String CONTENT="ports,," HEIGHT="47" WIDTH="164" VPOS="3749" HPOS="1354"/>
<SP HEIGHT="48" WIDTH="26" VPOS="3747" HPOS="1519"/>
<String CONTENT="facsims." HEIGHT="42" WIDTH="218" VPOS="3746" HPOS="1546"/>
<SP HEIGHT="39" WIDTH="58" VPOS="3748" HPOS="1765"/>
<String CONTENT="25" HEIGHT="39" WIDTH="58" VPOS="3747" HPOS="1824"/>
<String STYLE="superscript" CS="1" CONTENT="&#7580;&#7504;."/>
</TextLine>
<TextLine HEIGHT="60" WIDTH="1930" VPOS="3796" HPOS="459" CS="1">
<String CONTENT="&#8220;Chronological" HEIGHT="49" WIDTH="398" VPOS="3802" HPOS="459"/>
<SP HEIGHT="38" WIDTH="26" VPOS="3804" HPOS="858"/>
<String CONTENT="list" HEIGHT="42" WIDTH="85" VPOS="3802" HPOS="885"/>
<SP HEIGHT="39" WIDTH="25" VPOS="3804" HPOS="971"/>
<String CONTENT="of" HEIGHT="40" WIDTH="51" VPOS="3803" HPOS="997"/>
<SP HEIGHT="39" WIDTH="26" VPOS="3803" HPOS="1049"/>
<String CONTENT="early" HEIGHT="48" WIDTH="136" VPOS="3803" HPOS="1076"/>
<SP HEIGHT="47" WIDTH="26" VPOS="3803" HPOS="1213"/>
<String CONTENT="American" HEIGHT="42" WIDTH="257" VPOS="3802" HPOS="1240"/>
<SP HEIGHT="30" WIDTH="28" VPOS="3813" HPOS="1498"/>
<String CONTENT="sporting" HEIGHT="50" WIDTH="221" VPOS="3802" HPOS="1527"/>
<SP HEIGHT="48" WIDTH="26" VPOS="3803" HPOS="1749"/>
<String CS="1" CONTENT="books&#8221;:" HEIGHT="43" WIDTH="175" VPOS="3801" HPOS="1776"/>
<SP HEIGHT="36" WIDTH="30" VPOS="3814" HPOS="1981"/>
<String CONTENT="prelim," HEIGHT="48" WIDTH="186" VPOS="3802" HPOS="2012"/>
<SP HEIGHT="39" WIDTH="26" VPOS="3804" HPOS="2199"/>
<String CONTENT="leaves" HEIGHT="39" WIDTH="163" VPOS="3804" HPOS="2226"/>
</TextLine>
<TextLine HEIGHT="42" WIDTH="97" VPOS="3859" HPOS="388">
<String CONTENT="7-8." HEIGHT="42" WIDTH="97" VPOS="3859" HPOS="388"/>
</TextLine>
<TextLine HEIGHT="66" WIDTH="2002" VPOS="3903" HPOS="391" CS="1">
<String CONTENT="&#169;" HEIGHT="55" WIDTH="54" VPOS="3910" HPOS="391"/>
<SP HEIGHT="54" WIDTH="37" VPOS="3910" HPOS="445"/>
<String CONTENT="Dec." HEIGHT="40" WIDTH="113" VPOS="3916" HPOS="482"/>
<SP HEIGHT="39" WIDTH="34" VPOS="3916" HPOS="595"/>
<String CONTENT="21," HEIGHT="50" WIDTH="71" VPOS="3915" HPOS="629"/>
<SP HEIGHT="47" WIDTH="37" VPOS="3917" HPOS="700"/>
<String CONTENT="1928;" HEIGHT="46" WIDTH="141" VPOS="3916" HPOS="737"/>
<SP HEIGHT="47" WIDTH="37" VPOS="3915" HPOS="878"/>
<String CONTENT="2c." HEIGHT="43" WIDTH="69" VPOS="3914" HPOS="915"/>
<SP HEIGHT="30" WIDTH="36" VPOS="3926" HPOS="984"/>
<String CONTENT="and" HEIGHT="38" WIDTH="98" VPOS="3917" HPOS="1020"/>
<SP HEIGHT="39" WIDTH="35" VPOS="3917" HPOS="1118"/>
<String CS="1" CONTENT="aff."/>
<SP HEIGHT="39" WIDTH="37" VPOS="3917" HPOS="1237"/>
<String CONTENT="Jan." HEIGHT="40" WIDTH="112" VPOS="3917" HPOS="1274"/>
<SP HEIGHT="41" WIDTH="35" VPOS="3916" HPOS="1386"/>
<String CONTENT="9," HEIGHT="50" WIDTH="43" VPOS="3915" HPOS="1421"/>
<SP HEIGHT="47" WIDTH="35" VPOS="3917" HPOS="1464"/>
<String CONTENT="1929;" HEIGHT="48" WIDTH="144" VPOS="3915" HPOS="1499"/>
<SP HEIGHT="48" WIDTH="39" VPOS="3915" HPOS="1643"/>
<!-- cceid 8866615B-6CFA-1014-9C3C-CEA95E7AA542 --><String CONTENT="A" HEIGHT="39" WIDTH="41" VPOS="3915" HPOS="1682"/>
<SP HEIGHT="40" WIDTH="34" VPOS="3915" HPOS="1723"/>
<String CONTENT="3766;" HEIGHT="49" WIDTH="144" VPOS="3914" HPOS="1757"/>
<SP HEIGHT="47" WIDTH="40" VPOS="3916" HPOS="1901"/>
<String LANG="fr" CONTENT="E." HEIGHT="39" WIDTH="54" VPOS="3916" HPOS="1941"/>
<SP HEIGHT="40" WIDTH="37" VPOS="3915" HPOS="1995"/>
<String CONTENT="R." HEIGHT="41" WIDTH="56" VPOS="3915" HPOS="2032"/>
<SP HEIGHT="41" WIDTH="37" VPOS="3915" HPOS="2088"/>
<String CONTENT="Gee," HEIGHT="48" WIDTH="110" VPOS="3914" HPOS="2125"/>
<SP HEIGHT="47" WIDTH="37" VPOS="3914" HPOS="2235"/>
<String CONTENT="New" HEIGHT="41" WIDTH="121" VPOS="3914" HPOS="2272"/>
</TextLine>
<TextLine HEIGHT="51" WIDTH="465" VPOS="3970" HPOS="460">
<String CONTENT="York." HEIGHT="39" WIDTH="144" VPOS="3973" HPOS="460"/>
<SP HEIGHT="47" WIDTH="67" VPOS="3974" HPOS="605"/>
<String CONTENT="(29-2500)" HEIGHT="51" WIDTH="252" VPOS="3970" HPOS="673"/>
</TextLine>
</TextBlock>
</PrintSpace>
</Page>
</Layout>
</alto>