2512 4377
1267 4028 101 51 634

317 373 239 65 Nelson,
585 373 220 53 Harold
837 374 254 52 Edward
1121 373 268 64 Hughes,
1422 375 172 54 1871-

387 451 349 68 Bookplates
762 451 76 68 by
865 451 226 53 Harold
1121 451 231 67 Nelson,
1380 451 283 68 arranged
1693 452 113 52 and
1835 452 190 52 edited
2052 451 77 68 by
316 451 1978 131 Clarence

488 530 252 52 Pearson
783 528 307 70 Hornung,
1134 529 140 53 with
1321 548 31 34 a
1398 528 287 54 foreword
1728 530 35 53 by
1847 528 156 56 John
2048 529 272 53 Malcolm

316 606 1553 69 Bulloch … New York, Caxton press, inc., 1929.
547 689 523 49 6 p. l. , 40 pl., 1 l. 28½ᶜᵐ.
386 760 94 41 “Of
512 760 98 40 this
645 760 185 41 edition
862 760 91 40 five
985 760 222 41 hundred
1243 759 297 48 twenty-five
1574 760 160 48 copies
1768 760 124 40 have
1927 761 117 39 been
2081 759 237 49 printed.”

313 816 118 40 This
460 827 118 38 copy
607 819 84 38 not
718 818 279 39 numbered.

314 883 52 51 ©
396 887 111 48 Apr.
536 888 69 46 22,
635 887 140 42 1929;
805 888 68 40 2c.
901 888 95 39 and
1056 887 51 41 aff.
1135 888 114 47 Apr.
1279 887 81 42 26;
1391 888 39 38 A
1460 887 84 40 7726;
1634 887 188 40 Caxton
1854 898 149 38 press,
2035 887 90 41 inc.
392 943 282 49 (29-10383)

312 1052 108 53 Old
453 1051 339 64 Stoughton
826 1052 248 53 musical
1106 1052 245 63 society.

382 1130 122 52 The
543 1130 115 54 Old
701 1129 329 69 Stoughton
1068 1130 238 53 musical
1347 1130 240 68 society;
1631 1148 72 33 an
1744 1130 296 52 historical
2081 1130 113 53 and
313 1130 1982 130 informative

657 1209 196 51 record
890 1207 64 53 of
989 1208 97 52 the
1121 1208 185 52 oldest
1339 1208 195 52 choral
1571 1208 212 68 society
1818 1208 60 51 in
1915 1207 286 67 America,
309 1213 1986 142 together
612 1286 83 52 with
746 1286 342 69 interesting

1136 1286 135 52 data
1322 1285 65 53 of
1435 1286 74 52 its
1558 1285 418 69 organization,
2026 1286 294 69 meetings,

311 1365 266 52 reunions
610 1365 112 51 and
755 1364 249 69 outings,
1036 1364 113 52 and
1183 1383 30 33 a
1247 1365 278 66 complete
1556 1364 98 52 list
1686 1363 64 53 of
1783 1369 129 62 past
1945 1364 114 52 and
2093 1370 228 62 present

309 1442 209 53 officers
557 1443 113 51 and
709 1442 304 67 members;
1055 1442 346 67 illustrated,
1438 1442 284 68 compiled
1762 1443 112 51 and
1915 1441 305 70 published
2260 1443 59 52 in

311 1521 342 52 accordance
710 1520 139 52 with
907 1539 31 33 a
996 1526 125 47 vote
1179 1519 64 53 of
1299 1520 97 52 the
1451 1520 232 69 society,
1739 1520 263 68 January
2063 1524 48 64 1,
2170 1523 150 50 1928.

314 1597 1799 70 [Stoughton, Mass., Stoughton printing company, ᶜ1 929]
379 1680 1471 49 3 p. l., 9-188 p., 1 l. illus. (incl. ports., facsims.) 24 ᶜᵐ.
380 1753 147 40 “This
557 1753 302 48 publication
889 1763 103 30 was
1022 1752 156 49 begun
1211 1763 130 31 some
1370 1752 117 40 four
1517 1763 143 37 years
1693 1763 89 38 ago
1816 1753 152 39 under
2002 1753 82 41 the
309 1752 1989 99 inspiration
455 1810 95 40 and
595 1810 220 48 untiring
857 1810 171 41 efforts
1072 1810 51 40 of

1166 1811 91 39 Mr.
1302 1810 218 40 William
1565 1810 61 40 H.
1673 1809 402 49 Capen.”—Pref.
2121 1810 195 47 signed:
309 1867 195 40 Lemuel
535 1868 71 40 W.
638 1867 249 48 Standish,
917 1867 173 40 editor.

381 1923 119 41 “Old
528 1924 117 39 New
674 1925 222 47 England
926 1922 305 50 composers”
1250 1935 9 28 :
1290 1935 43 37 p.
1362 1923 219 42 117-125.

381 1981 1889 48 “List of music books mentioned in the records of the society …
309 2038 162 47 copies
498 2038 51 40 of
578 2038 157 40 which
764 2048 86 30 are
878 2039 50 39 in
959 2038 80 42 the
1068 2038 225 48 society’s
1322 2037 218 49 library”
1558 2049 9 29 :
1600 2050 43 37 p.
1673 2037 100 42 126.

311 2104 51 52 ©
389 2108 115 49 Apr.
529 2109 40 47 4,
597 2109 141 46 1929;
766 2110 68 40 2c.
860 2110 115 47 Apr.
1002 2109 53 47 6;
1085 2109 82 41 aff.
1194 2109 115 49 Apr.
1334 2110 84 46 24;
1448 2110 42 38 A
1515 2110 141 47 7742;
1688 2109 91 41 Old
1811 2109 273 48 Stoughton
2111 2109 204 40 musical

377 2175 93 31 soc.
539 2165 282 49 (29-10444)

308 2273 200 64 Paine,
539 2273 211 53 Albert
778 2274 278 65 Bigelow,
1091 2280 170 50 1861-

376 2351 122 52 The
531 2350 322 54 Arkansaw
886 2351 153 68 bear,
1073 2353 294 66 complete,
1400 2352 172 68 being
1606 2353 157 51 “The
1796 2353 323 52 Arkansaw
2153 2352 169 51 bear”

305 2428 2016 71 and “The Arkansaw bear and Elsie” … told in song and story
304 2506 75 69 by
409 2507 207 52 Albert
648 2507 258 69 Bigelow
935 2508 180 52 Paine
1148 2508 108 51 and
1293 2508 58 52 in
1385 2507 251 69 pictures
1665 2508 76 68 by
1771 2508 199 51 Frank
2001 2509 117 52 Ver
2152 2507 167 53 Beck.

305 2585 429 68 Philadelphia,
766 2585 204 69 Henry
1002 2585 263 53 Altemus
1298 2604 284 50 company
1668 2588 144 64 [ᶜ1929]

377 2668 1579 48 297 p. incl. col. front., illus. (incl. music) col. plates. 24 ᶜᵐ.
380 2740 288 38 Illustrated
698 2738 365 49 lining-papers.

309 2804 51 52 ©
397 2809 114 48 Apr.
548 2808 56 40 24,
656 2809 118 39 1929;
835 2810 69 39 2c.
941 2810 98 39 and
1073 2809 84 41 aff.
1194 2809 115 48 Apr.
1346 2809 83 42 26;
1469 2809 41 39 A
1547 2809 113 40 7755;
1730 2810 215 39 Howard
1986 2811 53 39 E.
2078 2810 236 40 Altemus.

381 2861 66 55 [©
479 2867 167 39 eleven
677 2875 107 31 new
813 2866 98 40 and
941 2865 208 49 original
1184 2865 332 41 illustrations
1547 2865 51 40 in
1630 2866 130 40 color]
386 2921 282 50 (29-10439)

310 3018 340 63 Patterson,
682 3018 260 52 Frances
970 3017 234 64 Taylor,
1236 3020 84 52 ed.

378 3096 223 51 Motion
628 3095 223 68 picture
877 3095 367 53 continuities
1264 3114 10 33 :
1300 3096 56 51 A
1380 3096 117 53 kiss
1527 3095 93 52 for
1648 3094 346 69 Cinderella,
2021 3097 123 52 The
306 3113 1988 112 scarlet
417 3174 184 64 letter,

635 3174 121 51 The
789 3174 109 52 last
932 3174 296 51 command;
1298 3174 139 51 with
1474 3174 388 52 introduction
1902 3174 114 52 and
2050 3179 159 47 notes
2242 3174 76 68 by

308 3250 2010 71 Frances Taylor Patterson … New York, Columbia university
307 3347 175 50 press,
516 3332 150 50 1929.

376 3389 1044 71 ix p., 3 l., 3-246 p. front., plates. 19½ ᶜᵐ.
310 3478 51 52 ©
400 3483 115 48 Apr.
553 3484 68 42 17,
660 3483 142 47 1929;
841 3484 70 40 2c.
949 3484 114 47 Apr.
1102 3483 55 39 19;
1226 3483 83 41 aff.
1347 3484 115 48 Apr.
1501 3483 60 40 20;
1626 3484 41 39 A
1703 3484 143 42 7736;
1890 3483 251 41 Columbia
2183 3483 130 42 univ.

378 3549 150 41 press,
597 3539 282 48 (29-10320)

308 3634 252 63 Pittaro,
592 3633 155 54 John
780 3635 78 53 M.

440 3710 1876 71 … Beginners’ Spanish, by John M. Pittaro and Alexander
309 3788 217 66 Green;
562 3789 325 53 illustrated
921 3790 35 52 by
1030 3790 253 53 Herbert
1319 3791 225 51 Deland
1581 3790 290 53 Williams
1909 3790 111 53 and
2059 3790 254 52 Norman

310 3867 228 51 Braley.
612 3868 235 56 Boston,
882 3867 139 52 New
1057 3868 164 51 York
1280 3873 120 61 [etc.]
1440 3869 72 51 D.
1552 3867 62 54 C.
1651 3868 196 52 Heath
1884 3868 111 52 and
2033 3886 241 49 company

315 3947 193 64 [ ᶜ1 929]
