2512 4377
1235 4013 99 50 558

359 455 82 47 vii,
468 454 88 41 208
583 464 44 38 p.
686 453 56 41 19½ᶜᵐ.

294 523 52 51 ©
373 526 114 48 Apr.
514 526 68 46 12,
609 525 142 46 1929;
778 525 68 40 2,c.
874 526 95 38 and
997 524 83 42 aff.
1106 525 115 48 Apr.
1247 524 81 47 16;
1358 524 41 40 A
1425 524 141 47 6592;
1598 525 262 39 Frederick
1887 526 172 39 Pustet
2086 536 82 35 co.,
2197 524 91 41 inc.

371 582 251 49 (29-9633)

294 693 247 62 Rogers,
575 692 206 53 James
814 692 261 63 Harvey.

360 782 122 53 The
527 799 225 51 process
797 782 64 52 of
905 781 266 53 inflation
1215 782 62 52 in
1319 782 238 69 France,
1604 782 329 68 1914-1927,
1976 781 77 68 by
2098 781 196 54 James

289 859 2004 70 Harvey Rogers … with the assistance of his students, August
287 938 220 69 Maffry
541 938 115 53 and
691 937 216 53 Robert
942 937 67 52 E.
1045 938 319 52 Landman.
1438 938 141 52 New
1614 936 180 69 York,

1831 936 302 55 Columbia
288 937 1978 148 university
532 1034 175 50 press,
739 1018 150 50 1929.

430 1097 1863 50 xx, 378 p. incl. tables, diagrs. 22½ ᶜᵐ. (Half-title: Social and economic
289 1156 188 41 studies
501 1155 52 40 of
577 1156 233 47 post-war
834 1153 201 49 France,
1059 1155 238 47 prepared
1323 1154 154 40 under
1501 1155 81 39 the
1608 1153 223 49 auspices
1854 1154 52 41 of
1930 1155 84 40 the
2038 1155 253 41 Columbia

288 1211 287 49 university,
610 1210 201 42 Council
844 1210 81 41 for
958 1211 227 40 research
1217 1210 50 40 in
1302 1211 83 40 the
1417 1209 151 41 social
1602 1210 226 48 sciences,
1861 1211 73 40 ed.
1968 1211 62 48 by
2065 1210 51 42 C.
2151 1211 45 42 J.
2229 1212 63 41 H.

289 1266 493 50 Hayes … vol. II)
359 1324 379 49 Bibliography:
768 1334 44 38 p.
844 1322 250 51 [355]-366.

292 1393 52 51 ©
382 1397 123 38 Mar.
540 1395 69 46 23,
647 1394 141 46 1929;
827 1394 69 41 2c.
933 1395 122 40 Mar.
1091 1394 83 46 27;
1213 1392 83 41 aff.
1333 1393 113 48 Apr.
1484 1393 83 46 15;
1606 1393 42 39 A
1684 1393 140 47 7469;
1866 1393 250 41 Columbia
2157 1394 130 42 univ.

360 1462 149 38 press.
581 1450 252 49 (29-9592)

291 1560 242 63 Rollins,
565 1560 204 62 Hyder
800 1559 272 64 Edward,
1103 1561 84 52 ed.

365 1650 277 68 [Preface,
671 1655 177 62 notes,
880 1651 113 51 and
1025 1651 78 51 all
1135 1650 267 53 editorial
1434 1655 225 61 matter,
1690 1651 75 67 by
1797 1651 204 67 Hyder
2034 1651 254 52 Edward

289 1728 1937 69 Rollins in the book entitled] The Pepys ballads … v. 1, 2 …
290 1807 364 68 Cambridge,
687 1807 192 66 Mass.,
914 1807 275 51 Harvard
1225 1806 319 68 university
1579 1825 176 49 press,
1792 1809 150 50 1929.

355 1888 783 49 2 v. illus., double pl. 28½ᶜᵐ.
291 1956 1959 51 © Apr. 10, 1929; 2c. each Apr. 18; aff. Apr. 19; A 7542; President &
355 2016 192 40 fellows
577 2015 52 40 of
658 2015 231 39 Harvard
919 2015 193 47 college,
1147 2013 301 48 Cambridge,
1482 2015 148 40 Mass.

287 2125 171 55 Saint
492 2124 146 53 Paul
676 2124 265 63 foundry
974 2140 308 46 company.

414 2216 1873 70 … Handbook of tables and information … appertaining to
282 2299 95 52 the
406 2317 95 33 use
532 2297 64 53 of
624 2303 117 47 cast
773 2297 126 52 iron
929 2298 112 52 and
1073 2297 310 53 structural
1413 2298 136 51 steel
1580 2298 112 51 and
1723 2296 64 54 of
1816 2296 115 54 this
1963 2296 326 71 company’s

283 2377 271 68 products
591 2376 94 52 for
719 2375 310 68 engineers,
1065 2375 319 67 architects,
1418 2373 268 55 builders.
1765 2373 82 56 St.
1886 2375 166 72 Paul,
2085 2375 203 69 Minn.,

283 2454 1064 68 St. Paul foundry company [ 19 29]
351 2536 88 40 350
466 2546 44 38 p.
569 2535 165 47 front.,
765 2534 143 48 illus.,
937 2533 182 47 diagrs.
1178 2534 56 39 17½ᶜᵐ.

353 2607 169 39 “Fifth
551 2606 185 40 edition
773 2604 277 49 (revised)”

289 2673 1993 53 © Apr. 4, 1929; 2c. and aff. Apr. 8; A 7546; St. Paul foundry co., St.
355 2735 138 39 Paul.
564 2732 253 49 (29-9575)

285 2826 266 64 Schwob,
583 2825 238 64 Marcel,
856 2826 326 54 1867-1905.

353 2918 123 52 The
519 2917 149 53 book
714 2916 64 53 of
824 2917 267 67 Monelle,
1138 2917 73 68 by
1258 2917 216 52 Marcel
1525 2915 269 68 Schwob;
1843 2917 317 52 translated
2209 2914 75 70 by

282 2997 262 54 William
570 2997 212 50 Brown
808 2996 263 67 Meloney
1097 3014 61 47 v;
1187 2995 140 52 with
1355 2993 231 69 preface
1610 2994 78 69 by
1711 2994 157 54 John
1897 2993 245 54 Erskine
2169 2994 113 53 and

283 3093 72 33 an
390 3073 391 53 introduction
815 3072 75 69 by
922 3073 95 52 the
1052 3073 327 52 translator.
1455 3072 420 68 Indianapolis,
1909 3072 122 54 The
2066 3070 214 56 Bobbs-

281 3152 227 52 Merrill
541 3169 280 50 company
967 3154 84 63 [ᶜ1929]

352 3235 83 40 181
469 3244 44 38 p.
573 3233 55 39 21½ᶜᵐ.

287 3300 52 51 ©
369 3303 115 48 Apr.
515 3304 40 46 4,
588 3302 118 40 1929;
762 3303 69 40 2c.
862 3302 114 48 Apr.
1008 3302 52 46 8;
1095 3302 81 40 aff.
1210 3303 114 47 Apr.
1356 3302 82 46 10;
1473 3303 43 38 A
1546 3303 141 46 7380;
1723 3302 216 41 William
1973 3304 178 39 Brown
350 3304 1912 102 Meloney
523 3369 39 38 v,
595 3359 120 39 New
744 3359 144 39 York.
959 3358 251 49 (29-9531)

284 3452 427 63 Shakespeare,
739 3451 275 65 William,
1048 3457 325 52 1564-1616.

351 3543 256 67 Hamlet,
663 3543 198 68 prince
917 3543 64 52 of
1037 3543 313 68 Denmark,
1406 3543 74 70 by
1537 3544 261 53 William
1859 3543 416 70 Shakespeare;

283 3619 1989 71 edited by Joseph Quincy Adams … Boston, New York [etc.]
281 3708 1092 71 Houghton Mifflin company [ ᶜ19 29]
351 3787 875 49 vii p., 3 l., [5]-356 p. front. 19½ᶜᵐ.
285 3853 1989 55 © Apr. 15, 1929; 2c. Apr. 19; aff. Apr. 17; A 7544; Joseph Quincy
352 3911 194 48 Adams,
582 3913 184 47 Ithaca,
799 3912 56 41 N.
889 3914 53 39 Y.
1024 3910 52 51 [©
1109 3914 198 49 editing]
1381 3915 250 49 (29-9534)
