2542 4389
1153 4003 100 50 925

186 361 312 65 Presbrey,
532 362 199 53 Frank
763 364 274 65 Spencer,
1070 370 171 49 1855-

253 439 123 52 The
399 439 223 69 history
645 441 114 52 and
784 441 398 69 development
1204 441 66 53 of
1293 441 372 69 advertising,
1688 441 75 69 by
1789 442 198 53 Frank
183 443 1967 141 Presbrey;

392 515 140 53 with
571 535 158 35 more
766 517 143 53 than
947 518 158 54 three
1146 518 263 53 hundred
1450 519 114 52 and
1604 518 137 70 fifty
1779 519 397 55 illustrations.

184 592 233 56 Garden
448 592 153 70 City,
628 594 69 53 N.
727 594 92 68 Y.,
846 594 358 70 Doubleday,
1232 595 199 53 Doran
1460 597 51 51 &
1542 612 296 52 company,
1868 597 126 67 inc.,
2025 600 149 52 1929.

255 674 1869 52 ix p., 1 l., 642 p. front., illus., plates, ports., facsims., diagrs. 26 ᶜᵐ .
187 740 51 52 ©
274 745 128 39 June
435 744 39 48 7,
510 744 113 40 1929;
686 745 68 41 2c.
788 746 96 40 and
919 743 84 43 aff.
1038 747 126 40 June
1198 746 56 40 15;
1319 746 42 39 A
1394 746 113 41 8701;
1574 746 165 41 Frank
1773 748 251 48 Presbrey,
2060 749 118 41 New

255 801 145 40 York.
471 799 280 48 (29-13321)

243 909 210 65 Reiland,
492 910 163 64 Karl,
698 911 171 55 1872-

255 988 123 52 The
413 987 227 53 world’s
674 988 250 68 miracle,
962 990 114 52 and
1113 990 162 52 other
1311 989 406 69 observations,
1751 991 78 69 by
1863 991 147 53 Karl
185 992 1969 126 Reiland

419 1064 1761 73 … with a foreword by Robert Norwood … New York,
185 1142 947 69 H. Holt and company [ ᶜ1 929]
253 1223 658 49 xii p., 1 l., 193 p. 21 ᶜᵐ .
191 1288 51 52 ©
268 1293 127 39 June
420 1293 69 46 14,
516 1292 113 40 1929;
682 1293 68 39 2c.
776 1293 96 40 and
897 1292 83 42 aff.
1006 1293 127 41 June
1158 1293 82 48 19;
1266 1294 43 39 A
1332 1293 115 42 9777;
1502 1294 167 49 Henry
1695 1296 121 40 Holt
1841 1296 36 40 &
1900 1307 83 37 co.,
2009 1297 91 40 inc.

267 1349 280 49 (29-13314)

191 1443 274 65 Sassoon,
495 1445 99 53 Sir
619 1443 213 65 Philip,
900 1453 127 62 bart.,
1056 1449 170 49 1888-

186 1522 1975 148 The third route, by Philip Sassoon … London, W. Heinemann, ltd., 1929.
257 1682 1184 50 viii, 291 p. front., plates, fold. map. 23 ᶜᵐ .
258 1755 140 48 Maps
427 1764 60 29 on
516 1752 366 49 lining-papers.

259 1812 101 39 The
401 1810 219 40 author’s
661 1821 108 29 own
809 1812 135 46 story
982 1810 54 41 of
1074 1812 82 38 the
1195 1809 161 49 17,000
1393 1811 139 41 miles
1570 1811 149 48 flying
1757 1813 111 39 tour
1907 1812 52 40 of
1998 1812 190 41 British

190 1879 198 30 oversea
428 1868 75 40 air
539 1867 210 41 stations
787 1867 50 40 in
876 1868 172 48 Egypt,
1088 1868 82 40 the
1211 1867 179 49 Sudan,
1430 1868 402 48 Transjordania,
1873 1869 131 48 Irak,
2045 1869 141 41 India

189 1928 95 38 and
317 1926 171 48 Malta.

192 1992 1991 53 © 1c. June 28, 1929; A ad int. 12825; pubd. Apr. 30; Doubleday, Doran
260 2054 36 40 &
320 2065 83 37 co.,
430 2054 105 47 inc.,
563 2053 195 41 Garden
785 2052 124 49 City,
937 2052 56 40 N.
1020 2053 54 41 Y.
1139 2051 281 50 (29-14152)

193 2147 281 65 Schmitz,
511 2148 118 52 Leo
664 2149 238 63 Ernest,
944 2151 171 50 1905-

261 2223 1926 71 A brief course of study in elementary printing … by Leo E.
195 2304 271 56 Schmitz.
534 2302 289 70 Saginaw,
851 2303 194 68 Mich.,
1073 2302 244 53 Printed
1344 2302 61 52 in
1434 2302 98 53 the
1559 2301 236 56 Central
1824 2302 195 69 junior
2046 2303 141 70 high

192 2384 415 66 school, ᶜ1 929.
261 2462 1158 50 48 1. illus., blue-prints, form. 25½ × 18 ᶜᵐ .
265 2535 137 47 Text,
440 2534 193 48 printed
671 2544 60 30 on
770 2543 89 31 one
897 2532 103 41 side
1037 2533 52 39 of
1125 2532 102 41 leaf
1263 2533 127 47 only,
1426 2543 118 29 runs
1580 2533 204 47 parallel
1823 2532 120 40 with
1980 2533 122 39 back
2140 2533 52 40 of

194 2601 156 31 cover.

266 2647 350 48 Bibliography
633 2657 9 29 :
676 2646 102 40 leaf
808 2645 72 42 26.

198 2713 52 53 ©
277 2718 127 40 June
429 2718 40 46 7,
497 2716 139 47 1929;
666 2717 68 39 2c.
761 2716 126 40 June
914 2716 57 40 17;
1027 2715 82 41 aff.
1137 2715 129 40 June
1291 2715 82 47 14;
1402 2715 41 38 A
1469 2714 141 48 9731;
1639 2715 51 41 L.
1719 2716 53 40 E.
1802 2714 224 49 Schmitz,
264 2714 1906 108 Saginaw,

413 2773 142 41 Mich.
618 2772 282 50 (29-13388)

198 2867 306 65 Seymour,
538 2866 234 53 Arthur
804 2865 175 65 Bliss,
1018 2870 170 51 1859-
1402 2883 178 51 comp.

272 2947 151 53 Host
449 2948 170 52 index
644 2946 64 54 of
732 2947 96 52 the
853 2945 196 68 Fungi
1071 2945 66 53 of
1160 2943 187 53 North
1372 2943 284 70 America,
1680 2944 282 68 compiled
1985 2946 77 68 by
196 2945 1975 131 Arthur

369 3023 154 53 Bliss
561 3022 294 70 Seymour.
932 3021 364 69 Cambridge,
1332 3020 192 68 Mass.,
1561 3020 275 54 Harvard
1873 3020 318 71 university

197 3120 175 50 press,
405 3104 148 50 1929.

267 3183 477 49 xiii, 732 p. 26 ᶜᵐ .
267 3254 102 40 The
398 3255 220 39 contents
647 3253 51 39 of
727 3252 68 40 “A
822 3251 298 49 provisional
1150 3250 277 41 host-index
1454 3251 52 40 of
1533 3252 81 39 the
1640 3251 161 48 Fungi
1827 3251 51 40 of
1904 3251 83 40 the
2016 3251 178 42 United

203 3310 206 48 States”,
441 3311 61 47 by
534 3311 71 40 W.
638 3309 54 41 G.
724 3310 194 40 Farlow
949 3310 96 38 and
1077 3308 55 41 A.
1165 3309 54 39 B.
1255 3307 246 47 Seymour,
1534 3306 254 48 published
1820 3307 217 49 1888-91,
2070 3309 124 40 have

200 3367 117 40 been
344 3366 225 41 included
596 3365 50 40 in
673 3367 81 39 the
781 3367 195 47 present
1002 3366 191 39 volume.
1268 3363 61 49 cf.
1356 3363 131 41 Pref.

203 3432 51 52 ©
281 3437 128 39 June
432 3435 68 49 10,
526 3435 139 47 1929;
693 3436 68 40 2c.
788 3436 125 39 June
940 3436 57 39 17;
1050 3434 82 40 aff.
1159 3435 128 39 June
1312 3433 81 46 19;
1422 3433 42 39 A
1489 3432 140 47 9789;
1657 3433 258 41 President
1939 3434 36 40 &
2001 3434 190 41 fellows

272 3493 51 40 of
348 3493 230 40 Harvard
604 3493 192 47 college,
826 3491 301 48 Cambridge,
1157 3492 146 39 Mass.
1369 3488 277 50 (29-13385)

205 3587 211 63 Sharp,
456 3587 277 54 Clarence
769 3586 356 54 Alexander.

268 3659 1866 73 April ploughing and other poems, by Clarence Sharp …
200 3738 1684 71 Madison, N. J., The Country bard company, ᶜ1 929.
272 3823 334 49 96 p. 23½ ᶜᵐ .
209 3889 51 52 ©
286 3894 110 40 Feb.
420 3894 39 47 1,
484 3894 113 40 1929;
649 3894 67 41 2c.
740 3894 95 39 and
860 3893 82 41 aff.
967 3893 126 40 June
1117 3892 56 39 19;
1224 3891 42 39 A
1289 3891 116 41 9787;
1457 3890 50 42 C.
1530 3891 56 41 A.
1613 3891 169 49 Sharp,
1807 3891 237 48 Madison,
2069 3891 57 41 N.
2151 3892 44 42 J.

286 3950 278 49 (29-13443)
