2512 4335
1280 4049 97 50 148

289 402 287 64 Silliman,
623 401 175 55 Vera.

359 479 277 53 Haunted
660 478 186 54 Wood
871 477 251 67 Hollow,
1146 476 76 69 by
1245 476 153 54 Vera
1426 474 285 56 Silliman.
1779 474 338 68 [Anderson,
2141 473 151 67 Ind.]

292 553 1444 69 Commercial service company, printers [ ᶜ1 928]
361 640 62 48 vi,
455 639 145 42 7-248
627 650 44 37 p.
732 638 56 40 19½ᶜᵐ.

298 705 52 54 ©
381 711 129 40 June
537 710 40 48 7,
607 708 141 48 1928;
780 707 68 42 2c.
879 708 112 40 Dec.
1021 707 83 48 17;
1136 706 83 42 aff.
1250 706 113 41 Feb.
1393 705 39 49 6,
1463 705 142 48 1929;
1639 705 41 40 A
1709 704 143 49 4262;
1884 705 54 42 V.
1970 706 54 41 E.
2058 703 238 49 Silliman,

367 767 212 48 Garrett,
612 766 105 39 Ind.
785 764 252 49 (29-3598)

295 859 241 66 Smiley,
566 860 165 52 Dean
764 857 303 64 Franklin,
1101 862 171 49 1895-

365 932 1937 73 Community hygiene, by Dean Franklin Smiley … and
293 1011 1986 151 Adrian Gordon Gould … New York, The Macmillan company, 1929.
401 1170 1515 54 x p., 1 l., 350 p. illus., double map, diagrs. (1 fold.) 20½ᶜᵐ.
369 1246 380 48 “Bibliography
779 1245 95 39 and
903 1242 304 42 references”
1238 1245 52 38 at
1318 1244 92 39 end
1441 1242 51 41 of
1520 1242 119 41 each
1669 1242 217 47 chapter.

304 1313 51 53 ©
382 1318 110 39 Jan.
518 1316 70 48 29,
613 1316 118 40 1929;
782 1316 69 40 2c.
878 1316 97 39 and
1001 1315 83 41 aff.
1111 1315 110 40 Jan.
1247 1314 84 47 30;
1360 1314 41 39 A
1427 1313 143 47 5046;
1600 1312 284 41 Macmillan
1911 1324 67 29 co.

381 1372 253 50 (29-3663)

301 1466 215 65 Smith,
545 1465 222 65 Joseph
794 1465 253 65 Russell,
1079 1465 169 55 1874-

369 1548 143 51 Tree
549 1564 194 50 crops;
785 1564 31 34 a
858 1550 336 63 permanent
1234 1544 369 71 agriculture,
1638 1544 77 68 by
1752 1544 56 54 J.
1850 1544 228 53 Russell
2119 1542 190 55 Smith

360 1623 1701 70 … New York, Harcourt, Brace and company [ ᶜ1 929]
369 1702 1682 52 xii, 333 p. front., illus., plates, maps (1 fold.) diagrs. 22½ ᶜᵐ.
373 1778 134 39 “List
535 1777 52 40 of
617 1776 197 40 articles
844 1776 48 39 in
923 1776 159 39 which
1112 1776 82 40 the
1223 1777 102 38 tree
1354 1784 142 37 crops
1523 1774 109 40 idea
1663 1775 90 40 has
1783 1775 119 39 been
1930 1773 351 41 broadcasted”:

301 1846 42 37 p.
379 1833 87 42 295;
532 1834 380 47 “Bibliography
947 1844 59 28 on
1045 1833 90 40 soil
1171 1832 192 41 erosion
1399 1833 95 39 and
1530 1832 66 40 its
1630 1831 315 49 prevention”:
2012 1842 43 36 p.
2094 1831 219 42 296-301.

308 1902 54 52 ©
392 1906 110 41 Jan.
532 1906 71 47 24,
634 1905 142 46 1929;
808 1905 68 40 2c.
907 1905 111 39 Jan.
1049 1904 84 46 31;
1167 1903 82 41 aff.
1281 1903 111 40 Jan.
1424 1903 83 46 29;
1542 1903 41 38 A
1611 1902 142 47 4165;
1789 1904 264 46 Harcourt,
2087 1904 154 38 Brace
2273 1902 37 40 &

374 1973 82 38 co.,
487 1962 92 41 inc.
647 1960 252 51 (29-3528)

307 2056 248 64 Snyder,
587 2056 207 63 Henry
823 2054 292 64 Rossiter,
1151 2057 171 52 1888-

381 2132 151 56 Cash
558 2132 154 54 from
737 2151 144 51 your
908 2150 222 35 camera;
1186 2131 129 53 how
1341 2136 59 48 to
1425 2130 165 55 make
1619 2132 113 53 and
1760 2132 103 53 sell
1890 2130 424 72 photographic

308 2213 207 67 prints,
546 2211 140 53 with
719 2229 31 34 a
781 2210 224 53 market
1036 2210 98 53 list:
1195 2211 137 67 also,
1363 2210 128 52 how
1524 2215 59 48 to
1615 2209 165 54 make
1814 2210 114 53 and
1962 2210 103 54 sell
2095 2210 218 54 motion

310 2291 222 67 picture
557 2290 298 52 newsreels
881 2289 113 52 and
1021 2288 213 68 special
1259 2287 168 68 films,
1451 2288 76 69 by
1553 2288 78 52 H.
1660 2287 258 54 Rossiter
1947 2287 227 71 Snyder
2201 2289 114 53 and

311 2369 149 51 Karl
499 2367 72 53 A.
613 2366 301 67 Barieben,
955 2366 92 70 jr.,
1129 2409 9 9 A.
1219 2409 9 9 R.
1308 2409 9 9 P.
1393 2409 9 9 S.
1494 2367 238 67 Boston,
1773 2367 193 67 Mass.,
2007 2366 309 54 American

310 2445 423 69 photographic
764 2444 338 69 publishing
1131 2461 301 51 company,
1466 2447 151 50 1929.

381 2525 542 50 4 p. l. , 7-152 p. 20½ ᶜᵐ.
315 2593 51 53 ©
397 2598 110 39 Jan.
535 2598 69 48 21,
635 2597 115 40 1929;
806 2597 68 41 2c.
904 2597 111 41 Jan.
1044 2596 56 40 23;
1160 2595 82 41 aff.
1272 2597 111 40 Jan.
1412 2597 55 38 24;
1527 2596 42 39 A
1596 2596 116 40 4055;
1773 2597 145 40 Amer.
1963 2598 354 48 photographic

381 2655 111 47 pub.
520 2664 68 31 co.
654 2653 253 50 (29-3775)

314 2748 233 65 Starks,
576 2748 208 53 Edwin
815 2748 248 64 Chapin,
1095 2750 171 52 1867-

447 2826 1872 72 … The dissection of the toad, with remarks on the anatomy
316 2905 2000 69 of the frog and the salamander, by Edwin C. Starks … and
314 2985 110 53 Lot
461 2985 71 52 D.
569 2983 277 54 Howard.
922 2983 283 55 Stanford
1244 2982 357 71 University,
1639 2983 197 71 Calif.,
1874 2984 283 56 Stanford
313 2987 1979 146 university
565 3081 157 49 press
764 3065 172 64 [1929]

314 3144 1989 106 34 p. 22 ᶜᵐ. ([Leland Stanford junior university] Stanford laboratory guides. Biological series)
385 3273 116 40 Two
528 3273 166 40 folded
724 3273 157 47 plates
911 3272 102 40 laid
1042 3271 63 42 in.

322 3337 52 53 ©
402 3343 110 40 Jan.
540 3343 70 47 14,
637 3342 142 47 1929;
808 3343 67 39 2c.
903 3343 110 41 Jan.
1040 3343 83 46 22;
1153 3342 82 41 aff.
1264 3343 111 41 Jan.
1403 3343 82 42 23;
1516 3343 41 39 A
1582 3343 143 47 3878;
1756 3345 163 40 Board
1948 3344 52 41 of
2028 3348 213 38 trustees
2270 3347 51 39 of

390 3399 81 40 the
499 3399 184 40 Leland
715 3399 235 40 Stanford
979 3399 167 47 junior
1176 3399 145 48 univ.,
1354 3400 236 40 Stanford
1622 3400 298 49 University,
1953 3401 144 42 Calif.

401 3454 253 51 (29-3539)

319 3549 285 65 Starrett,
642 3549 253 55 William
929 3549 212 65 Aiken,
1180 3551 171 55 1877-

391 3626 380 70 Skyscrapers
810 3629 113 52 and
962 3629 97 52 the
1097 3647 127 34 men
1264 3630 127 52 who
1431 3630 162 53 build
1632 3631 173 66 them,
1842 3630 76 69 by
1959 3630 121 55 Col.
2120 3631 90 55 W.
2251 3632 72 53 A.

320 3705 2001 71 Starrett … with one hundred and thirty-two illustrations.
320 3784 138 53 New
489 3783 181 68 York,
699 3784 260 66 London,
990 3782 63 55 C.
1087 3783 313 56 Scribner’s
1431 3803 147 50 sons,
1612 3788 150 51 1928.

456 3866 992 48 xv p., 1 l., 347 p. incl. front., illus. 21 ᶜᵐ.
327 3930 52 53 ©
407 3935 119 40 Nov.
553 3934 69 49 30,
651 3935 115 41 1928;
822 3936 67 40 2c.
918 3936 111 41 Jan.
1056 3936 69 48 31,
1155 3936 114 40 1929;
1327 3936 83 41 aff.
1440 3937 109 40 Jan.
1578 3936 57 41 30;
1693 3937 41 39 A
1759 3937 118 41 4237;
1935 3938 201 41 Charles
394 3938 1910 93 Scribner’s
547 4002 126 30 sons.
738 3992 251 50 (29-3961)
