2542 4389
1104 4032 133 48 1511

176 382 284 64 Gilkison,
491 381 204 54 Grace.

236 459 138 52 Two
402 458 143 53 mice
574 458 114 52 and
718 476 31 33 a
780 457 159 68 king,
970 457 75 67 by
1076 456 183 54 Grace
1291 455 285 67 Gilkison,
1608 455 326 52 illustrated
1965 455 76 68 by
2073 456 94 52 the

166 537 223 52 author.
458 536 138 52 New
632 535 180 67 York,
846 535 121 51 The
999 533 337 52 Macmillan
1371 550 299 51 company,
1708 535 151 49 1929.

238 613 1846 53 3 p. l., 54, [3] p. incl. illus., col. plates. 16½ᶜᵐ. [The little library]
176 671 51 53 ©
257 676 121 47 Aug.
409 675 69 46 27,
510 675 83 39 1929:
683 674 66 40 2c.
782 674 94 39 and
909 673 82 40 aff.
1022 673 117 47 Aug.
1173 672 56 40 28;
1287 672 42 39 A
1360 671 171 47 13084;
1565 671 283 39 Macmillan
1878 681 69 31 co.

251 731 282 50 (29-20243).

175 825 259 64 Glaeser,
463 825 204 63 Ernst,
698 829 169 49 1902-

298 899 1874 71 … Class of 1902, translated by Willa and Edwin Muir. New
169 980 177 67 York,
375 979 121 52 The
525 979 221 68 Viking
772 997 174 48 press,
977 979 149 51 1929.

235 1060 654 49 4 p. l. , 3-397 p., 1 l. 19½ᶜᵐ.
175 1114 51 52 ©
257 1118 128 48 Sept.
411 1118 70 46 21,
509 1118 139 46 1929;
677 1118 67 40 2c.
776 1117 128 47 Sept.
930 1117 56 39 27;
1043 1115 82 41 aff.
1157 1116 128 48 Sept.
1313 1116 82 47 25;
1426 1116 40 39 A
1495 1116 168 47 13676;
1695 1115 179 48 Viking
1900 1126 150 38 press,
2080 1116 91 40 inc.

250 1174 281 49 (29-20116)

172 1268 331 63 Goodridge
534 1268 274 63 Roberts,
834 1267 323 64 Theodore,
1191 1268 170 54 1877-

236 1345 121 52 The
406 1345 207 67 golden
662 1343 375 69 highlander;
1090 1361 81 49 or,
1220 1344 122 52 The
1391 1344 279 52 romantic
1720 1345 341 52 adventures
2111 1347 63 49 of

164 1420 2005 70 Alastair MacIver, by Theodore Goodridge Roberts … with a
169 1499 369 68 frontispiece
577 1499 60 52 in
677 1499 112 52 full
828 1500 153 51 color
1019 1499 74 69 by
1132 1499 76 53 H.
1250 1498 68 55 G.
1357 1499 299 53 Edwards.
1731 1501 234 66 Boston,
2003 1501 63 51 L.
2110 1500 61 54 C.

165 1578 755 68 Page & company [ ᶜ1 929]
235 1659 716 49 xii, 308 p. col. front. 21 ᶜᵐ.
173 1712 51 52 ©
254 1717 120 47 Aug.
404 1717 68 47 12,
504 1716 139 47 1929;
675 1716 67 40 2c.
776 1716 127 48 Sept.
933 1716 83 46 30;
1049 1715 82 41 aff.
1161 1716 120 48 Aug.
1310 1716 83 46 15;
1425 1716 42 38 A
1525 1717 140 46 13761;
1699 1717 49 41 L.
1782 1717 48 41 C.
1862 1718 129 44 Page
2020 1718 36 40 &
2087 1729 81 32 co.,

241 1773 89 41 inc.
402 1773 280 49 (29-20118)

172 1868 281 63 Graham,
484 1867 245 64 Evelyn.

241 1947 1930 70 Albert, king of the Belgians, by Evelyn Graham … an
171 2025 1979 149 authorized biography … New York, Dodd, Mead & company, 1929.
238 2185 27 40 3
292 2195 42 37 p.
383 2217 7 7 l.,
432 2185 85 39 314
544 2195 41 37 p.
645 2184 165 48 front.,
839 2195 77 37 pl.,
944 2186 148 46 ports.
1153 2185 57 39 24½ᶜᵐ.

175 2237 51 53 ©
267 2241 128 49 Sept.
432 2241 68 48 27,
538 2241 139 47 1929;
718 2242 66 40 2c.
822 2242 95 39 and
955 2241 82 42 aff.
1077 2241 103 41 Oct.
1216 2243 52 41 1;
1310 2243 40 38 A
1387 2243 170 47 12662;
1598 2245 52 39 E.
1691 2244 228 50 Graham,
1960 2247 212 41 London.

251 2298 281 49 (29-20234)

241 2392 123 53 The
396 2391 224 54 famous
652 2392 164 53 trials
848 2391 65 54 of
944 2393 156 52 Lord
1132 2393 266 69 Darling.
1468 2395 122 52 The
1620 2402 232 64 strange
1886 2416 121 34 case
2042 2398 64 53 of
2140 2418 31 33 a

170 2489 133 33 man
338 2471 126 51 who
498 2470 248 52 married
782 2475 59 47 to
875 2472 247 51 murder.
1196 2471 293 68 Prepared
1524 2473 76 68 by
1635 2474 224 69 Evelyn
1897 2475 276 70 Graham,

171 2548 181 53 under
384 2548 97 52 the
514 2549 263 67 personal
809 2549 360 67 supervision
1204 2548 65 53 of
1300 2549 158 53 Lord
1493 2551 267 69 Darling.

248 2631 83 47 (In
369 2627 201 43 London
609 2627 203 52 Sunday
853 2627 232 52 express)

175 2681 51 53 ©
283 2698 37 30 1c.
348 2687 118 40 Nov.
494 2686 39 49 5,
560 2686 114 40 1929;
731 2687 41 39 A
798 2688 59 38 ad
886 2687 87 40 int.
1000 2687 171 46 13174;
1202 2688 143 47 pubd.
1376 2688 128 48 Sept.
1533 2689 53 47 8;
1618 2691 51 39 E.
1699 2690 229 49 Graham,
1959 2693 211 39 London.

173 2765 282 66 Graham,
485 2765 242 56 Willard
757 2767 56 54 J.

244 2843 137 55 Cost
437 2845 340 68 accounting
833 2847 112 51 and
1003 2844 150 54 office
1210 2846 356 69 equipment;
1627 2869 31 33 a
1714 2851 461 67 comprehensive

173 2922 230 53 treatise
431 2940 72 36 on
532 2941 223 49 process
784 2928 118 48 cost
930 2925 359 68 accounting,
1317 2925 226 68 specific
1570 2929 167 52 order
1764 2937 118 46 cost
173 2935 1977 134 accounting,

337 3001 127 51 how
511 3006 145 48 costs
704 3020 95 33 are
846 3002 269 53 collected
1164 3004 113 52 and
1326 3004 297 70 allocated,
1671 3007 342 70 accounting
2060 3011 110 52 and

173 3078 394 69 bookkeeping
622 3078 306 69 machines,
987 3081 496 69 correspondence,
1542 3081 164 72 filing
1762 3087 112 52 and
1933 3087 243 71 mailing

174 3155 1998 76 equipment, by Willard J. Graham … Chicago, American
172 3235 281 52 technical
480 3234 228 69 society,
741 3237 150 49 1929.

239 3314 690 48 272 p. illus., diagrs. 21½ ᶜᵐ.
176 3367 52 51 ©
263 3371 127 47 Sept.
422 3372 67 43 11,
550 3371 111 47 1929;
693 3372 68 40 2c.
796 3372 128 48 Sept.
955 3373 82 47 13;
1071 3373 80 40 aff.
1188 3373 127 49 Sept.
1348 3376 23 38 16;
1465 3377 39 38 A
1563 3377 141 48 13387;
1739 3380 145 40 Amer.
1931 3383 240 41 technical

243 3437 93 31 soc.
405 3427 280 50 (29-20228)

176 3507 230 64 Greinz,
434 3507 220 53 Rudolf
681 3507 305 66 Heinrich,
1018 3515 170 49 1866-

243 3586 366 54 Versunkene
659 3587 127 69 zeit,
835 3589 381 53 romantische
1263 3591 535 69 liebesgeschiehten
1848 3617 99 37 aus
1994 3601 179 54 Tirol,

175 3683 109 33 von
313 3665 224 53 Rudolf
565 3664 226 54 Greinz.
868 3666 258 69 Leipzig,
1154 3667 64 51 L.
1253 3667 403 76 Staackmann,
1689 3678 150 52 1929.

241 3744 278 48 319 p. 19 ᶜᵐ.
521 3801 286 41 CONTENTS.—Susanna
853 3802 382 49 Rainsanger.—
1238 3806 98 39 Der
1381 3808 424 45 herrenschreiber
1846 3827 93 28 von
1982 3818 190 42 Hall.—

176 3858 88 40 Die
292 3869 106 29 rose
426 3868 92 30 von
546 3858 249 47 Altspaur.

177 3910 51 52 ©
258 3915 113 47 Apr.
399 3915 68 44 23,
498 3915 139 46 1929;
668 3916 66 40 1c.
765 3916 127 40 June
918 3917 60 40 28;
1032 3918 312 49 A—Foreign
1373 3921 142 49 3673;
1547 3925 49 41 L.
1630 3925 326 46 Staackmann
1988 3934 130 39 vorlag

245 3982 41 38 g.
318 3983 60 29 m.
410 3973 42 40 b.
483 3972 46 42 h.
596 3971 282 50 (29-20560)
