2533 4342
1318 4018 135 50 1364

375 449 1984 105 “The printing of twelve hundred copies of this book … was completed by the Pynson printers …
1302 506 50 40 in
1379 508 82 38 the
1488 507 169 39 month
1685 505 53 41 of
1763 506 131 47 July,
1921 505 226 41 nineteen
373 507 2002 96 twenty-nine.”

380 627 1994 51 © Aug. 12, 1929; 2c. and aff. Aug. 31: A 12096; Pynson printers, inc.
455 687 279 48 (29-18370)

383 782 195 62 Cross,
608 781 169 53 Allen
809 783 311 63 Eastman,
1151 787 171 49 1864-

443 859 140 52 Pass
612 877 72 34 on
712 859 96 52 the
835 860 162 51 torch;
1058 860 173 68 lyrics
1260 859 64 53 of
1354 859 224 68 reality,
1608 860 340 52 adventures
1979 859 59 51 in
2070 857 122 54 free
2222 876 158 35 verse

396 937 92 67 [by]
519 936 172 53 Allen
720 937 279 53 Eastman
1028 936 188 69 Cross,
1244 938 140 51 with
1413 956 30 33 a
1473 937 288 52 foreword
1787 938 77 67 by
1888 937 138 51 Rev.
2056 935 223 69 George
2306 935 71 52 A.

373 1013 1897 71 Gordon, D. D. Boston, Chicago, The Pilgrim press [ᶜ192 9]
444 1096 582 51 xi, [13]-101 p. 18½ ᶜᵐ .
448 1167 130 40 “The
610 1167 105 40 free
747 1178 139 29 verse
920 1169 96 39 and
1052 1169 135 39 older
1220 1178 163 38 poems
1418 1178 83 30 are
1537 1168 258 47 presented
1830 1167 119 40 with
1986 1167 82 40 the
2103 1164 275 49 hymns.”—

376 1224 129 40 Pref.

381 1277 1978 109 © Aug. 31, 1929; 2c. Sept. 7: aff. Sept. 5; A 13123: A. E. Cross, Manchester,
679 1339 56 40 N.
762 1340 59 39 H.
888 1339 282 50 (29-18351)

382 1433 436 66 Cunningham,
849 1434 265 64 Christy.

451 1514 122 52 The
602 1533 252 50 message
882 1514 152 52 from
1064 1515 280 67 nowhere,
1372 1516 74 67 by
1478 1514 236 69 Christy
1746 1513 423 68 Cunningham.
382 1513 1978 140 Boston,

523 1592 1208 69 Mass., The Stratford company [ ᶜ192 9 ]
448 1672 500 49 4 p. l. , 93 p. 20 ᶜᵐ .
383 1725 1979 109 © Aug. 28, 1929; 2c. Aug. 31: aff. Sept. 6; A 12210: Stratford co., publishers. (20-18331)
380 1879 266 65 Darling,
676 1881 72 53 H.
776 1880 282 55 Maurice.

451 1959 150 53 Who
631 1960 136 66 kept
803 1960 93 52 the
931 1960 214 53 United
1187 1961 188 53 States
1409 1967 98 47 out
1540 1961 64 52 of
1637 1970 94 44 the
1764 1962 227 66 League
2023 1960 64 52 of
2118 1958 261 55 nations?

460 2038 84 48 (In
571 2036 256 45 Canadian
855 2038 259 43 historical
1143 2038 182 43 review
1355 2038 276 53 magazine,
1663 2039 151 52 Sept.,
1845 2039 144 49 1929)

384 2082 1998 65 © 1c. Oct. 9, 1929; A ad int. 13092: pubd. Sept. 30; H. M. Darling, New
450 2154 144 39 York.

383 2247 202 61 Davis,
616 2250 173 61 Mary
821 2250 206 54 Gould.

475 2327 325 57 [Foreword,
831 2330 71 67 by
934 2330 170 69 Mary
1135 2331 187 52 Could
1357 2332 198 56 Davis,
1589 2332 52 50 in
1676 2332 93 51 the
1798 2331 147 53 book
1972 2331 257 65 entitled]
2265 2330 121 53 The

383 2406 127 52 blue
541 2406 155 66 fairy
722 2406 165 60 book,
915 2408 188 52 edited
1132 2410 73 68 by
1237 2408 250 53 Andrew
1514 2410 184 65 Lang,
1730 2410 133 51 with

1895 2427 302 36 numerous
383 2410 1979 126 illustrations
658 2485 34 51 by
762 2485 75 51 H.
872 2485 55 54 J.
963 2486 152 53 Ford
1151 2488 111 52 and
1295 2486 69 54 G.
1396 2488 64 50 P.
1492 2488 240 52 Jacomb
1764 2487 189 52 Hood.
2030 2486 350 52 Authorized

385 2561 205 54 Crown
633 2564 83 50 ed.
792 2564 259 56 London,
1091 2565 137 51 New
1269 2564 163 52 York
1495 2570 119 62 [etc.]
1658 2565 347 65 Longmans,
2045 2564 187 53 Green
2271 2564 114 52 and

383 2658 98 37 co.,
513 2643 148 51 1929.

453 2720 1249 51 xi, 475 p. col. front., illus., col. plates. 21 ᶜᵐ .
384 2772 1996 57 © Sept. 4, 1929; 2c. and aff. Sept. 9; A 13168; Longmans, Green & co.
460 2930 345 65 [Foreword,
832 2933 75 66 by
935 2932 173 69 Mary
1137 2933 190 53 Gould
1358 2934 197 55 Davis,
1583 2936 60 51 in
1673 2936 96 52 the
1794 2934 148 54 book
1971 2935 255 66 entitled]
2263 2934 123 52 The

384 3026 170 49 green
590 3008 157 70 fairy
777 3010 163 53 book,
975 3011 189 52 edited
1197 3012 76 68 by
1307 3011 252 53 Andrew
1590 3012 184 69 Lang,
1809 3012 140 53 with
1982 3032 303 35 numerous
384 3011 1976 128 illustrations

755 3088 74 68 by
865 3088 76 53 H.
981 3089 55 52 J.
1077 3088 171 53 Ford.
1325 3089 355 54 Authorized
1722 3090 207 54 Crown
1967 3091 84 53 ed.
2125 3090 261 68 London,

385 3163 138 52 New
554 3164 163 52 York
771 3170 120 61 [etc.]
927 3166 347 66 Longmans,
1306 3166 184 53 Green
1524 3169 112 52 and
1669 3188 97 37 co.,
1801 3172 148 48 1929.

453 3244 1304 53 xvi, 420 p. col. front., illus., col. plates. 21 ᶜᵐ .
386 3296 1995 57 © Sept. 4, 1929; 2c. and aff. Sept. 9: A 13170; Longmans, Green & co.
461 3454 344 66 [Foreword,
832 3457 76 68 by
937 3457 171 68 Mary
1136 3457 190 54 Gould
1358 3459 198 58 Davis,
1586 3461 58 51 in
1674 3461 94 51 the
1797 3460 147 53 book
1972 3461 256 65 entitled]
2263 3460 123 51 The

386 3533 97 51 red
517 3532 156 69 fairy
701 3533 164 55 book,
896 3535 188 53 edited
1115 3537 77 68 by
1223 3536 252 52 Andrew
1507 3537 183 63 Lang,
1722 3538 139 51 with
1891 3556 302 35 numerous

385 3539 1975 125 illustrations
680 3612 77 68 by
807 3611 76 51 H.
937 3613 56 56 J.
1048 3613 155 53 Ford
1258 3616 111 51 and
1424 3615 272 53 Lancelot
1752 3615 200 68 Speed.
2028 3615 357 53 Authorized

389 3687 206 54 Crown
634 3690 82 51 ed.
793 3690 259 59 London,
1091 3691 138 51 New
1270 3692 164 51 York
1478 3697 136 62 [etc.]
1660 3693 345 68 Longmans,
2046 3694 186 52 Green
2271 3694 112 52 and

386 3784 98 40 co.,
514 3769 150 51 1929.

453 3845 1260 53 xi, 436 p. col. front., illus., col. plates. 21 ᶜᵐ .
387 3897 1638 59 © Sept. 4. 1929; 2c. and aff. Sept. 9: A 13169; Longmans.
2056 3909 154 39 Green
2245 3910 35 39 &
2310 3920 73 29 co.
