2512 4377
1340 4013 99 51 198

400 378 746 69 Texas. Laws , statutes , etc.
469 455 279 54 Vernon’s
785 455 343 53 cumulative
1163 456 294 67 quarterly
1493 460 210 48 statute
1741 456 210 52 service
1990 454 93 54 for
2118 455 279 54 Vernon’s

400 534 309 53 annotated
746 534 243 53 Revised
1027 534 135 52 civil
1199 534 112 53 and
1346 533 264 53 criminal
1646 538 240 49 statutes
1922 532 64 54 of
2021 533 95 53 the
2153 538 143 49 state
2334 532 64 54 of

399 613 201 66 Texas,
642 612 299 69 including
985 612 366 53 annotations
1396 611 153 52 from
1591 611 95 53 the
1731 630 150 35 cases
1926 611 334 68 construing
2301 612 96 52 the

399 688 1999 68 statutes of the state of Texas … to January 1, 1929. Kansas
400 767 152 63 City,
581 768 135 62 Mo.,
745 769 232 52 Vernon
1008 769 109 50 law
1147 768 148 52 book
1325 785 298 45 company,
1656 769 149 50 1929.

466 849 417 49 vii, 86 p. 25 ᶜᵐ .
401 915 52 52 ©
482 920 110 40 Jan.
621 919 69 48 16,
720 918 118 41 1929;
893 919 68 41 2c.
991 920 112 40 Feb.
1133 919 52 47 9;
1218 918 82 41 aff.
1331 919 111 40 Feb.
1472 919 82 46 11;
1586 919 42 38 A
1655 917 142 48 5239;
1830 919 192 40 Vernon
2051 919 96 40 law
2175 920 124 38 book
2328 928 68 31 co.

394 1028 355 63 Thompson,
780 1027 248 55 Charles
1054 1027 206 65 Willis,
1293 1029 171 54 1871-

462 1108 332 53 Presidents
825 1106 119 54 I’ve
976 1106 209 53 known
1218 1109 112 52 and
1364 1113 113 48 two
1511 1123 137 36 near
1683 1107 336 70 presidents,
2052 1108 75 66 by
2163 1106 237 55 Charles

391 1186 195 54 Willis
615 1187 347 65 Thompson.
1037 1184 419 69 Indianapolis,
1487 1186 122 53 The
1642 1184 445 54 Bobbs-Merrill
2120 1204 281 50 company

437 1266 133 50 [ᶜ1929
575 1297 12 34 ]

461 1344 643 50 6 p. l., 15-386 p. 22½ ᶜᵐ .
735 1449 8 7 CONTENTS.
759 1438 60 5 —
835 1416 195 39 Hanna.
1047 1438 60 5 —
1125 1415 272 47 McKinley.
1415 1438 60 5 —
1491 1416 243 46 Bryan.—
390 1413 1991 108 Roosevelt.—Taft.—Wilson.—Harding.—Coolidge.

397 1541 1999 52 © Feb. 14, 1929; 2c. and aff. Feb. 18; A 5338; C. W. Thompson. New
466 1602 143 40 York.
680 1600 251 50 (29-4678)

391 1696 247 64 Tucker,
672 1695 214 54 Louise
922 1696 238 64 Emery,
1198 1696 170 55 1877-
1583 1714 179 50 comp.

458 1775 328 52 Literature
833 1774 94 52 for
974 1774 241 69 reading
1263 1774 113 52 and
1425 1773 433 53 memorization
1907 1772 94 54 for
2049 1773 348 70 elementary

389 1853 220 53 schools
649 1871 61 35 as
747 1853 430 52 recommended
1216 1853 61 51 in
1316 1853 96 52 the
1453 1852 101 68 city
1610 1851 64 53 of
1714 1853 139 52 New
1894 1851 164 53 York
2098 1869 193 35 course
2332 1850 65 54 of

389 1931 172 68 study
613 1930 61 53 in
726 1931 314 67 literature,
1093 1932 177 68 grade
1327 1933 215 64 1A[-6B]
1602 1929 284 69 compiled
1938 1929 77 69 by
2066 1929 209 53 Louise
2326 1929 69 53 E.

389 2007 2008 71 Tucker … Syracuse, N. Y., Iroquois publishing company,
385 2088 108 52 inc.
532 2090 173 66 [1929]

454 2170 57 40 12
578 2202 10 10 v.
649 2170 117 42 19ᶜᵐ.

393 2241 187 40 Grades
614 2242 160 47 1A-6B,
813 2237 52 51 ©
901 2241 109 40 Jan.
1046 2241 68 47 17,
1149 2239 141 48 1929;
1327 2241 176 47 grades
1537 2239 166 49 1A-6A,
1738 2240 158 47 2B-6B,
1932 2241 69 40 2C.
2036 2240 119 40 each
2193 2239 110 41 Feb.
2339 2239 26 40 6;

461 2295 1932 50 affs. Feb. 4; 1B, 1C. Feb. 13; 1c. Feb. 6; aff. Feb. 4; A 4275-4285,
461 2354 140 47 5266;
634 2355 224 47 Iroquois
886 2355 109 47 pub.
1027 2365 67 29 co.
1162 2353 252 50 (29-4659)

383 2449 303 63 Turnbull,
720 2449 320 53 Archibald
1077 2448 281 64 Douglas.

463 2525 311 68 Cochrane,
809 2526 94 52 the
939 2525 471 68 unconquerable,
1443 2525 36 53 by
1555 2525 322 53 Archibald
1912 2526 260 69 Douglas
389 2526 1980 130 Turnbull

544 2604 114 52 and
691 2603 257 53 Norman
982 2603 185 53 Reeve
1202 2604 130 53 Van
1367 2605 102 51 der
1503 2604 162 53 Veer.
1742 2604 140 52 New
1920 2603 179 67 York,
2134 2604 261 68 London,

389 2681 120 53 The
541 2681 257 69 Century
828 2699 80 35 co.
987 2683 153 66 [ᶜ1929]

459 2761 878 49 4 p. l., 3-319 p. 19½ ᶜᵐ . $2.50
391 2816 52 52 ©
472 2820 110 40 Feb.
610 2821 67 47 15,
706 2819 117 41 1929;
876 2820 67 40 2c.
972 2821 95 39 and
1096 2820 82 41 aff.
1207 2820 111 42 Feb.
1347 2821 56 40 18;
1459 2821 39 38 A
1525 2820 114 41 5359;
1699 2821 215 49 Century
1942 2832 68 30 co.

469 2877 251 50 (29-4536)

391 2973 72 54 U.
494 2973 57 54 S.
616 2974 185 68 Laws,
832 2980 257 61 statutes,
1120 2981 99 46 etc.

459 3050 217 54 United
709 3049 190 56 States
929 3049 153 55 Code
1111 3051 325 52 annotated.
1503 3052 124 52 The
1654 3052 136 52 code
1818 3051 65 54 of
1910 3053 95 52 the
2035 3054 139 52 laws
2204 3052 63 53 of
2296 3053 95 52 the

389 3128 218 55 United
644 3128 189 55 States
867 3129 60 52 in
963 3127 155 54 force
1153 3129 309 52 December
1495 3129 50 67 7,
1582 3132 152 63 1925,
1770 3148 60 35 as
1864 3131 234 52 enacted
2132 3130 76 68 by
388 3130 1980 145 Congress

389 3207 1977 145 June 28 and approved June 30, 1926 … Title 49. Transportation.
763 3284 82 55 St.
872 3286 166 65 Paul,
1063 3285 203 67 Minn.,
1290 3286 159 53 West
1476 3285 337 70 publishing
1839 3304 309 50 company;
389 3286 1977 145 Northport,
563 3363 165 69 Long
753 3364 218 66 Island,

995 3364 69 52 N.
1094 3364 90 66 Y.,
1210 3364 256 51 Edward
1491 3364 333 67 Thompson
1852 3382 298 50 company,
2180 3367 150 50 1929.

455 3445 280 41 2 v. 24 ᶜᵐ .
390 3497 52 52 ©
472 3502 110 39 Jan.
612 3502 69 47 17,
711 3501 68 47 18,
809 3502 116 39 1929;
981 3502 68 41 2c.
1079 3502 118 41 each
1227 3502 111 40 Feb.
1368 3502 26 39 9;
1453 3502 109 41 affs.
1592 3502 112 41 Feb.
1735 3503 53 38 11;
1849 3503 43 39 A
1920 3502 128 48 5240,
2079 3501 113 41 5242;
2253 3504 137 39 West

457 3558 109 48 pub.
596 3569 81 37 co.,
708 3559 211 39 Edward
947 3559 276 47 Thompson
1253 3569 67 30 co.

386 3652 130 54 Van
546 3653 289 64 Blarcom,
870 3654 252 63 Carolyn
1157 3656 249 53 Conant.

460 3730 241 70 Getting
732 3733 177 68 ready
940 3738 59 47 to
1029 3733 69 52 be
1129 3752 32 33 a
1193 3733 251 66 mother;
1480 3753 31 33 a
1545 3734 151 52 little
1726 3733 149 54 book
1909 3733 65 54 of
2005 3733 380 54 information

391 3811 112 51 and
541 3811 195 52 advice
774 3809 94 54 for
902 3811 96 52 the
1032 3829 194 51 young
1260 3829 222 34 woman
1517 3812 127 53 who
1678 3812 50 53 is
1762 3812 238 69 looking
2035 3811 257 54 forward
2327 3817 58 48 to

389 3888 1996 70 motherhood, by Carolyn Conant Van Blarcom … with an in-
