2547 4384
1337 4002 135 50 1290

407 353 214 65 Lowie,
650 354 224 53 Robert
903 354 219 64 Harry,
1155 359 173 49 1883-

471 430 118 54 Are
627 450 82 34 we
747 429 297 55 civilized?
1118 431 237 52 Human
1393 431 220 53 culture
1648 431 61 51 in
1746 430 370 68 perspective,
2150 430 77 68 by
402 429 1986 132 Robert

524 508 1890 69 H. Lowie … New York, Harcourt, Brace and company
483 589 118 64 [ ᶜ1 929]
470 669 105 48 xiii,
603 669 88 41 306
718 679 44 38 p.
820 668 144 47 illus.,
991 668 120 41 fold.
1138 678 126 38 map.
1321 668 56 39 22½ᶜᵐ.

473 725 178 40 “Hints
680 725 81 39 for
789 723 199 41 further
1020 723 229 49 reading”:
1312 735 43 37 p.
1386 723 219 41 297-301.

407 777 53 54 ©
487 782 120 49 Aug.
632 781 70 49 22,
731 780 141 48 1929;
902 781 68 41 2c.
997 781 121 47 Aug.
1144 781 83 47 28;
1258 781 81 40 aff.
1367 781 120 47 Aug.
1515 781 83 47 27;
1628 781 40 39 A
1695 781 144 41 11907;
1898 781 262 49 Harcourt,
2191 783 155 39 Brace
2373 781 38 42 &

474 851 82 37 co.,
586 839 92 42 inc.
746 838 282 49 (29-17850)

403 919 211 65 Lubin,
645 920 225 64 Isador,
902 925 171 50 1896-

531 997 1882 69 … The absorption of the unemployed by American industry,
398 1075 76 67 by
523 1074 206 54 Isador
779 1074 208 53 Lubin.
1073 1075 406 69 Washington,
1528 1075 123 53 The
1702 1075 328 70 Brookings
2081 1076 333 53 institution

476 1155 119 65 [ ᶜ1 929]
471 1234 1943 50 5 p. l. , 42 p. incl. tables, form. 23 ᶜᵐ. (The Brookings institution.
399 1292 258 48 Pamphlet
683 1292 166 48 series,
877 1293 92 40 vol.
1019 1323 8 16 I,
1055 1303 76 31 no.
1156 1292 53 48 3)

469 1348 254 41 Half-title:
783 1349 102 40 The
915 1348 236 41 Institute
1180 1348 53 41 of
1260 1348 271 41 economics
1559 1348 53 41 of
1640 1349 84 39 the
1753 1348 275 49 Brookings
2058 1348 298 41 institution.

404 1402 51 53 ©
486 1407 117 48 July
630 1407 69 48 12,
731 1406 141 48 1929;
902 1406 69 41 2c.
1002 1407 116 47 July
1147 1407 82 46 18;
1262 1406 83 42 aff.
1375 1407 117 47 July
1522 1407 54 39 17;
1636 1407 41 39 A
1706 1406 171 47 10274;
1912 1406 274 48 Brookings
474 1404 1918 100 institution.

657 1463 283 49 (29-17744)

402 1545 169 63 Lust,
602 1545 261 52 Herbert
899 1544 278 55 Canfield.

471 1623 303 70 Abridged
799 1629 224 64 reports
1049 1625 113 52 and
1186 1625 294 69 quarterly
1507 1625 187 68 digest
1719 1625 65 53 of
1808 1624 279 55 decisions
2111 1623 184 54 under
2318 1624 96 53 the

402 1702 312 53 Interstate
744 1721 307 35 commerce
1080 1709 105 46 act.
1263 1721 49 35 v.
1345 1706 82 65 10,
1454 1721 89 35 no.
1574 1705 49 67 3,
1651 1702 194 69 April,
1875 1704 152 67 1929,
2056 1703 74 68 by
2160 1702 253 53 Herbert

404 1779 2009 70 C. Lust … Fowler, Ind., H. C. Lust publishing company
485 1862 118 63 [ ᶜ1 929]
468 1940 595 49 2 p. l. , 223, [1] p. 22½ᶜᵐ.
405 1992 51 53 ©
481 1997 121 48 Aug.
630 1996 69 49 10,
726 1996 116 41 1929;
896 1997 68 41 2c.
992 1998 96 39 and
1116 1997 82 40 aff.
1229 1996 129 48 Sept.
1384 1997 26 40 3;
1468 1997 42 38 A
1536 1997 145 40 13244;
1738 1997 61 40 H.
1829 1996 48 41 C.
1905 1997 135 48 Lust,
2070 1996 203 49 Fowler,
2304 1996 104 41 Ind.

400 2062 306 65 Malchow,
738 2062 247 55 Charles
1012 2062 276 65 William,
1320 2068 173 49 1864-

465 2140 122 53 The
617 2141 196 52 sexual
846 2139 123 69 life,
1003 2140 330 69 embracing
1364 2141 95 52 the
1493 2142 231 50 natural
1758 2142 196 51 sexual
1986 2140 264 71 impulse,
393 2158 1995 113 normal

535 2220 196 51 sexual
759 2219 191 52 habits
977 2218 113 53 and
1118 2218 407 69 propagation,
1550 2219 264 68 together
1843 2219 142 52 with
2013 2219 197 53 sexual
393 2220 1995 145 physiology

614 2295 1798 70 and hygiene, by C. W. Malchow … 7th ed. St. Louis,
395 2374 61 56 C.
486 2376 69 54 V.
584 2374 206 71 Mosby
819 2393 300 52 company,
1149 2378 152 51 1928.

464 2457 578 50 2 p. l., [7]-317 p. 20½ᶜᵐ.
467 2514 368 48 “Twenty-fifth
867 2514 261 49 printing.”

403 2569 2006 52 © Dec. 20, 1928; 2c. June 20, 1929; aff. July 11; A 11244; C. V. Mosby
470 2641 67 29 co.
605 2629 283 49 (29-17863)

400 2696 393 64 Malinowski,
823 2695 349 65 Bronislaw,
1205 2702 172 49 1884-

463 2774 123 52 The
622 2774 196 52 sexual
855 2772 107 54 life
998 2773 65 53 of
1099 2792 237 51 savages
1374 2774 60 52 in
1469 2774 443 52 north-western
1951 2773 344 69 Melanesia;
2337 2791 73 35 an

393 2851 420 69 ethnographic
850 2856 237 48 account
1124 2850 65 54 of
1225 2851 314 69 courtship,
1577 2852 290 68 marriage
1903 2852 114 52 and
2056 2850 211 71 family
2303 2851 107 53 life

394 2947 210 51 among
648 2929 97 53 the
791 2929 223 53 natives
1062 2928 65 54 of
1173 2930 96 52 the
1318 2929 327 53 Trobriand
1695 2929 249 68 Islands,
1994 2929 227 53 British
2269 2929 140 53 New

392 3005 1993 133 Guinea, by Bronislaw Malinowski … with a preface by Havelock
555 3086 165 53 Ellis.
793 3086 140 53 New
970 3085 181 68 York,
1188 3085 77 53 H.
1303 3084 334 70 Liveright;
1676 3085 261 68 London,
1976 3084 71 56 G.
2085 3085 324 69 Routledge

391 3163 579 68 & sons, ltd. [ ᶜ1 929]
462 3245 26 39 2
516 3256 43 29 v.
618 3245 166 47 front.,
814 3244 129 41 illus.
972 3244 164 48 (plan)
1173 3245 172 47 plates,
1373 3255 153 38 maps.
1586 3244 58 40 22½ᶜᵐ.

466 3301 73 41 On
565 3312 140 30 verso
734 3301 53 41 of
813 3303 98 47 t.-p.:
971 3302 182 40 Robert
1184 3303 146 38 Mond
1359 3301 280 49 expedition
1671 3303 48 39 to
1749 3302 119 40 New
1897 3300 202 49 Guinea,
2130 3300 278 42 1914-1918.

463 3359 162 46 Paged
657 3357 356 49 continuously.

465 3415 147 41 “This
637 3415 185 40 edition
849 3415 44 40 is
918 3414 194 48 strictly
1138 3413 190 42 limited
1354 3416 50 39 to
1432 3413 117 42 2200
1575 3414 203 48 copies.”

402 3468 51 53 ©
479 3474 127 39 June
628 3474 68 47 17,
721 3473 142 47 1929;
888 3473 69 40 2c.
981 3473 119 39 each
1123 3473 118 47 July
1264 3472 54 40 13;
1372 3472 83 40 aff.
1480 3472 117 48 July
1620 3472 82 48 16;
1730 3472 41 39 A
1796 3471 144 41 11265;
1997 3473 53 40 B.
2077 3468 325 50 Malinowski,

468 3530 120 40 New
610 3530 147 40 York.
822 3529 282 49 (29-17862)

401 3597 183 63 Marr,
613 3596 195 52 Mabel
839 3597 239 64 Emery,
1112 3597 171 53 1877-

472 3675 329 69 Comrades,
866 3676 114 52 and
1046 3675 162 53 other
1274 3693 210 51 poems,
1548 3675 76 69 by
1687 3675 193 53 Mabel
1948 3674 212 69 Emery
2227 3673 179 53 Marr.

403 3751 373 70 Springfield,
805 3753 121 53 The
956 3752 171 55 Snow
1156 3771 175 51 press,
1361 3754 126 67 inc.,
1518 3755 149 53 1929.

465 3833 55 40 69
551 3844 42 37 p.
651 3833 56 39 22½ᶜᵐ.

405 3885 51 51 ©
481 3890 120 47 Aug.
624 3889 71 47 26,
719 3889 119 40 1929;
888 3890 66 39 2c.
980 3889 120 48 Aug.
1124 3889 60 40 28;
1234 3889 82 41 aff.
1341 3889 120 48 Aug.
1486 3889 57 40 27;
1596 3889 41 39 A
1661 3888 143 40 11901;
1861 3890 63 39 M.
1951 3891 53 38 E.
2031 3890 148 47 Marr,
468 3888 1918 107 Springfield,

620 3947 149 41 Mass.
833 3945 282 52 (29-18025)
