2512 4377
1297 4029 103 50 452

409 467 254 40 Half-title;
720 467 118 39 each
866 467 193 41 volume
1084 466 90 40 has
1202 467 107 39 also
1336 465 180 49 special
1546 467 97 47 t.-p.

345 519 1996 52 © Nov. 28, 1928; 2c. and aff. Feb. 15, 1929'; A 4544; Doubleclay, Doran
413 585 37 40 &
474 592 81 37 co.,
584 581 92 40 inc.

343 646 268 64 O’Brien,
655 646 241 56 Robert.

413 722 375 68 Chauffeurs’,
835 724 375 67 pedestrians’
1258 724 114 52 and
1418 723 364 53 motormen’s
1829 724 200 69 guide;
2081 743 33 33 a
340 724 1979 129 handbook
529 800 65 53 of

636 801 96 52 the
775 801 205 68 theory
1023 802 114 52 and
1181 802 250 67 practice
1476 801 64 52 of
1584 800 192 70 safety
1820 801 142 68 first,
2005 800 76 70 by
2127 801 216 53 Robert

340 877 280 68 O’Brien;
652 878 61 52 in
742 880 345 52 accordance
1115 880 142 51 with
1286 880 97 52 the
1411 879 195 52 Model
1635 878 317 68 municipal
1983 878 179 54 traffic
337 879 1982 130 ordinance.

601 955 1074 69 St. Louis, Mo., R. O’Brien, ᶜ1 929.
407 1036 87 41 236
524 1048 43 37 p.
628 1038 181 47 diagrs.
868 1037 117 42 16ᶜᵐ.

412 1093 1931 49 “137 diagrams have been inserted … The specific violation of the
343 1152 159 39 Model
537 1150 267 49 municipal
840 1151 156 40 traffic
1035 1150 261 41 ordinance
1334 1150 43 41 is
1414 1150 217 41 inserted
1669 1151 155 40 under
1859 1151 122 40 each
2017 1150 330 49 diagram.”—

340 1208 185 40 Introd.

409 1264 264 40 Published
703 1263 115 41 1928
847 1264 154 39 under
1029 1264 82 39 the
1140 1274 133 29 same
1304 1264 109 39 title
1443 1262 210 41 without
1684 1262 273 42 references
1989 1267 49 37 to
2069 1264 82 40 the
2185 1264 159 40 Model

338 1320 266 49 municipal
633 1321 155 40 traffic
815 1320 277 40 ordinance.

343 1374 1592 110 © Mar. 15, 1929; 2c. and aff. Apr. 1; A 7169; R. O’Brien. (29-8428)
343 1501 280 64 Overton,
661 1501 208 54 Grant.

416 1579 345 67 [Foreword,
788 1579 75 68 by
891 1578 189 54 Grant
1107 1578 273 68 Overton,
1407 1579 61 51 in
1495 1578 98 52 the
1617 1578 149 52 book
1793 1578 257 67 entitled]
2083 1578 122 53 The
339 1576 1980 149 Argonaut

592 1657 358 67 manuscript
987 1656 225 53 limited
1251 1657 218 52 edition
1508 1655 65 53 of
1613 1655 199 52 Frank
1850 1655 250 54 Norris’s
2139 1654 204 54 works.

346 1769 68 33 [v.
443 1736 47 53 7.
521 1736 120 52 The
669 1736 474 68 responsibilities
1171 1734 64 54 of
1262 1736 99 52 the
1386 1735 260 52 novelist.
1712 1735 123 52 The
1863 1733 202 70 joyous
2093 1734 249 52 miracle.

341 1813 233 55 Garden
605 1813 153 68 City,
786 1813 68 53 N.
887 1814 91 67 Y.,
1006 1813 359 68 Doubleday,
1394 1813 199 51 Doran
1622 1815 46 49 &
1699 1830 298 50 company,
2027 1812 127 67 inc.,
2187 1815 152 63 1928]

409 1895 416 49 xliv, 236 p 22½ ᶜᵐ.
345 1948 2002 52 © Nov. 28, 1928; 2c. and aff. Feb. 15, 1929; A 4548; Doubleday, Doran
412 2009 36 40 &
477 2019 82 38 co.,
590 2009 91 40 inc.

339 2077 279 62 Propper,
658 2075 210 53 Milton
908 2076 79 54 M.

408 2152 122 54 The
568 2157 231 64 strange
838 2151 448 69 disappearance
1323 2151 65 54 of
1424 2151 174 69 Mary
1634 2151 230 69 Young,
1900 2151 77 70 by
2013 2151 216 53 Milton
2262 2150 82 54 M.

337 2231 280 67 Propper.
693 2229 139 54 New
872 2229 166 53 York
1072 2229 115 53 and
1225 2229 259 69 London,
1522 2229 235 69 Harper
1793 2230 47 51 &
1875 2228 279 69 brothers,
2193 2231 151 51 1929.

411 2312 567 49 5 p. l., 326 p. 19½ᶜᵐ.
410 2370 41 38 A
486 2370 195 47 Harper
716 2369 160 40 sealed
912 2371 218 45 mystery
1163 2371 135 45 story
1343 2367 67 49 (p.
1444 2368 208 40 251-326
1683 2368 189 47 sealed)

343 2421 1981 109 © Apr. 3, 1929; 2c. Apr. 3; aff. Apr. 5; A 7247; M. M. Propper, Philadelphia. (29-8546)
341 2557 336 62 Quatrelles
708 2547 277 75 L’Épine,
1021 2558 281 54 Maurice.

341 2631 1976 147 … Le maréchal de Saint- Arnaud … [t. 1] 1798-1850. Paris,
466 2712 376 66 Plon [ ᶜ1 928]
409 2795 24 37 1
461 2805 43 29 V.
559 2793 164 48 front.,
753 2796 164 45 ports.,
946 2793 119 41 fold.
1095 2803 125 37 map.
1275 2793 119 41 23ᶜᵐ.

409 2859 64 40 At
501 2858 125 41 head
654 2857 51 42 of
734 2857 109 42 title
861 2868 10 30 :
904 2857 279 49 Quatrelles
1210 2847 225 60 L’Épine.

413 2913 262 41 “Sources”
704 2917 52 37 at
783 2914 92 40 end
903 2914 51 40 of
982 2914 118 40 each
1129 2915 126 46 part.

345 2967 1888 52 © Nov. 5, 1928; 1c. Jan. 18, 1929; A—Foreign 1544; Librairie Plon.
421 3027 251 49 (29-8522)

341 3094 335 64 Rathenau,
710 3093 287 65 Walther,
1034 3095 324 55 1867-1922.

472 3170 1650 69 … Nachgelassene Schriften. Berlin, S. Fischer, 1928.
409 3252 1369 50 2 V. 21 ½ ᶜᵐ. ( Added t.-p.: Gesammelte Schriften)
414 3311 171 39 “Erste
613 3310 74 40 bis
716 3309 155 41 vierte
901 3310 234 48 auflage.”

687 3364 105 42 CONTENTS.—1.
829 3363 78 43 bd.
943 3366 264 40 Politische
1245 3366 240 40 aufsätze.
1551 3365 512 49 Wirtschaftsfragen.
342 3366 1982 105 Reparationspolitik.

719 3422 214 49 Sprüche
959 3423 99 39 und
1081 3421 422 49 aussprüche.—2.
1526 3419 79 44 bd.
1632 3424 95 39 Zur
1751 3422 408 49 kolonialpolitik.
341 3422 1987 97 Weltanschauliches.

789 3478 371 41 Literarisches.
1220 3479 164 40 Kunst
1414 3479 98 40 und
1543 3478 238 42 künstler.
1841 3479 173 48 Leben,
2049 3479 180 47 schule,
339 3478 1988 105 bildung.
542 3534 395 41 Verschiedenes.

345 3587 1994 52 © Oct. 18, 1928; 1c. each Jan. 11, 1929; A—Foreign 1248; S. Fischer,
411 3650 168 46 verlag
607 3658 43 30 a.
680 3659 42 37 g.
791 3646 252 51 (29-8409)

346 3714 609 64 Rathlef-Keilmann,
984 3714 159 53 Frau
1173 3713 246 54 Harriet
1449 3730 132 38 von.

413 3791 327 67 Anastasia,
767 3791 75 69 by
868 3791 78 52 H.
976 3810 112 34 von
1114 3791 543 53 Rathlef-Keilman;
1715 3792 319 53 translated
2065 3790 153 54 from
2245 3791 97 53 the

345 3868 251 55 German
626 3868 76 69 by
734 3870 66 51 F.
834 3867 57 56 S.
925 3869 180 52 Flint.
1179 3868 140 54 New
1350 3867 181 70 York,
1565 3869 229 69 Payson
1828 3869 115 53 and
1977 3868 208 55 Clarke
2219 3869 123 67 ltd.,

346 3949 150 50 1929.
