2542 4389
1099 4031 137 56 1877

146 462 158 54 word
324 461 77 71 by
425 461 244 56 General
692 462 188 53 Henri
905 460 294 56 Gouraud.
1259 460 233 56 Garden
1516 458 154 70 City,
1692 459 71 53 N.
1788 458 92 68 Y.,
146 457 1979 153 Doubleday,

304 541 199 52 Doran
531 541 45 52 &
602 558 299 51 company,
928 539 128 68 inc.,
1086 542 151 50 1929.

287 623 316 49 xx, 173 p. 20 ᶜᵐ.
153 690 51 53 ©
232 694 120 41 Nov.
379 694 40 48 8,
446 693 114 40 1929;
616 693 69 41 2c.
714 694 96 39 and
838 692 83 42 aff.
948 693 119 40 Nov.
1095 692 56 40 15;
1208 692 43 40 A
1277 691 143 41 14821;
1480 691 45 42 J.
1556 691 53 41 G.
1639 689 212 50 Scapini,
1881 690 156 40 Paris.

233 748 282 51 (29-25760)

149 857 426 65 Shakespeare,
608 856 276 65 William,
919 862 327 50 1564-1616.

154 934 1972 134 … As you like it, by William Shakespeare; with an introduction
418 1010 1732 71 and notes by Hallie D. Walker … Philadelphia and
151 1090 1363 69 London, J. B. Lippincott company [ ᶜ1 929]
221 1171 1035 51 108 p. 17½ ᶜᵐ. (Lippincott’s classics)
222 1242 351 49 Bibliography:
628 1253 45 38 p.
699 1241 70 42 11.

156 1309 51 52 ©
239 1313 129 48 Sept.
396 1313 70 47 23,
495 1312 114 40 1929;
664 1312 67 40 2c.
761 1312 96 40 and
885 1311 83 41 aff.
997 1312 120 40 Nov.
1145 1311 57 40 22;
1259 1311 43 40 A
1329 1311 145 41 14955;
1534 1312 44 39 J.
1607 1312 54 39 B.
1691 1309 280 50 Lippincott
2001 1321 67 29 co.

227 1365 69 54 [©
326 1367 331 42 introduction
688 1369 96 39 and
814 1369 155 48 notes]
1039 1367 282 49 (29-25766)

221 1464 122 54 The
382 1464 390 68 Shakespeare
809 1482 188 51 songs,
1032 1463 173 69 being
1243 1483 31 33 a
1312 1463 277 69 complete
1625 1463 295 54 collection
1959 1463 65 53 of
2059 1463 95 52 the

151 1560 169 52 songs
348 1542 228 54 written
603 1543 77 69 by
706 1562 66 34 or
797 1542 316 54 attributed
1141 1547 60 49 to
1224 1540 263 55 William
1517 1539 389 70 Shakespeare;
1965 1541 189 55 edited

152 1621 76 69 by
271 1620 225 54 Tucker
539 1619 244 71 Brooke,
825 1619 141 53 with
1011 1639 73 34 an
1124 1619 394 54 introduction
1558 1621 76 69 by
1676 1619 224 54 Walter
1940 1619 87 54 De
2068 1619 85 53 La

151 1697 1635 71 Mare. New York, W. Morrow & company [ ᶜ1 929]
220 1778 154 49 xxxii,
403 1778 88 41 168
517 1790 44 38 p.
620 1778 58 41 18½ᶜᵐ.

224 1849 188 41 “Books
443 1849 52 40 of
525 1849 277 41 reference”:
861 1861 44 37 p.
936 1849 218 42 167-168.

158 1915 51 53 ©
238 1920 120 41 Nov.
385 1919 69 48 14,
483 1919 141 47 1929;
653 1919 69 41 2c.
750 1920 97 40 and
875 1919 82 42 aff.
986 1920 119 41 Nov.
1135 1919 82 48 16;
1249 1920 41 39 A
1318 1919 171 47 15841;
1520 1919 218 41 William
1768 1920 212 40 Morrow
2008 1919 37 41 &
2072 1929 83 37 co.,

227 1976 91 41 inc.
385 1975 282 50 (29-25496)

225 2067 176 57 Short
427 2087 186 35 scenes
641 2068 153 54 from
824 2067 390 71 Shakespeare
1242 2070 113 53 and
1380 2070 130 52 how
1535 2076 59 46 to
1623 2075 89 47 act
1737 2069 175 68 them,
1936 2069 77 69 by
153 2068 1982 133 Isabel

154 2146 1982 149 McReynolds Gray … New York, The Macmillan company, 1929.
222 2309 104 48 xiii,
358 2309 87 41 371
476 2320 44 38 p.
579 2310 173 48 plates.
812 2309 57 41 19½ᶜᵐ.

225 2380 377 49 Bibliography:
639 2392 44 37 p.
719 2381 218 41 361-362.

162 2446 53 54 ©
244 2452 119 40 Nov.
392 2451 69 49 19,
492 2451 116 41 1929;
664 2452 69 41 2c.
764 2453 97 39 and
892 2452 84 41 aff.
1006 2452 119 41 Nov.
1156 2452 83 47 20;
1272 2452 42 40 A
1343 2452 173 49 15942;
1551 2452 283 42 Macmillan
1866 2464 68 30 co.

239 2507 281 51 (29-25768)

156 2599 155 67 Sipe,
344 2601 250 56 Chester
625 2601 167 66 Hale,
829 2608 171 50 1880-

225 2682 122 53 The
375 2681 213 54 Indian
616 2701 145 36 wars
791 2683 65 53 of
880 2684 428 68 Pennsylvania;
1370 2701 72 36 an
1470 2691 236 47 account
1731 2684 66 55 of
1822 2685 96 53 the
1945 2683 215 55 Indian

157 2764 212 65 events,
423 2759 60 53 in
538 2759 447 71 Pennsylvania,
1039 2761 66 54 of
1157 2761 97 54 the
1308 2762 226 53 French
1589 2763 113 54 and
1757 2761 215 55 Indian
2025 2780 139 50 war,

158 2836 289 56 Pontiac’s
490 2857 136 51 war,
668 2838 157 54 Lord
869 2839 341 55 Dunmore’s
1254 2858 137 51 war,
1434 2841 95 53 the
1573 2841 430 70 revolutionary
2044 2859 120 35 war

160 2917 113 53 and
306 2917 96 53 the
436 2916 214 54 Indian
684 2915 268 72 uprising
988 2917 154 53 from
1181 2918 133 54 1789
1349 2925 60 48 to
1446 2918 163 68 1795;
1645 2918 287 69 tragedies
1968 2919 65 53 of
2065 2919 98 55 the

158 2994 425 70 Pennsylvania
615 2994 248 54 frontier
892 2996 172 53 based
1095 2996 307 70 primarily
1433 3015 74 35 on
1536 2997 95 53 the
1660 2997 198 53 Penna.
1906 2997 257 55 archives

159 3071 2003 75 and colonial records, by C. Hale Sipe … introduction by Dr.
158 3148 2008 73 George P. Donehoo … for schools, colleges, libraries and lovers
159 3228 65 54 of
269 3228 373 56 informative
687 3229 314 53 literature.
1076 3228 381 72 Harrisburg,
1502 3231 122 67 Pa.,
1669 3230 121 55 The
1838 3231 326 70 Telegraph

161 3325 174 51 press,
367 3310 148 51 1929.

234 3387 1839 51 793 p. incl. front. plates, ports., fold, map (in pocket) plan. 23½ᶜᵐ.
232 3456 302 50 Tail-pieces.

236 3513 277 49 “Principal
539 3525 195 30 sources
761 3515 202 41 utilized
987 3515 50 40 in
1066 3515 82 41 the
1176 3515 314 49 preparation
1521 3515 53 42 of
1600 3516 99 42 this
1726 3517 164 41 work”:
1948 3529 45 38 p.
2039 3519 41 49 [6]

237 3570 225 42 “Officers
490 3571 54 41 of
572 3571 84 41 the
684 3571 210 42 colonies
925 3571 53 42 of
1005 3572 84 41 the
1119 3572 259 42 Delaware
1407 3573 168 41 before
1606 3574 81 41 the
1717 3574 117 42 time
1864 3576 52 40 of
1948 3576 215 40 William

167 3627 146 47 Penn,
348 3629 96 39 and
478 3627 82 41 the
592 3638 263 38 governors
889 3629 53 40 of
976 3629 82 41 the
1090 3629 230 49 province
1353 3630 97 40 and
1484 3630 82 41 the
1600 3632 401 41 commonwealth
2035 3632 129 41 from

166 3683 113 41 1681
314 3686 49 39 to
398 3683 172 42 1799”:
608 3696 44 37 p.
705 3685 235 49 [745]-746.

238 3739 276 49 “Principal
542 3740 177 41 Indian
746 3743 156 39 towns
929 3741 51 41 in
1007 3741 391 49 Pennsylvania”:
1456 3753 44 39 p.
1546 3744 233 50 [747]-754.

238 3796 134 41 “List
413 3796 53 41 of
506 3797 318 41 blockhouses
866 3800 84 39 not
993 3798 279 41 mentioned
1313 3798 49 40 in
1407 3799 82 41 the
1532 3802 104 40 text
1679 3801 53 41 of
1774 3801 99 41 this
1915 3801 218 49 history”:

167 3862 40 36 p.
244 3851 249 51 [755]-761.

171 3916 51 52 ©
250 3918 119 43 Nov.
398 3921 68 47 15,
496 3922 116 40 1929;
666 3923 67 40 2c.
763 3925 95 39 and
887 3923 82 41 aff.
1000 3925 117 39 Nov.
1148 3924 58 40 16;
1263 3925 40 39 A
1330 3925 144 41 15853;
1535 3926 49 41 C.
1613 3927 62 41 H.
1706 3927 125 49 Sipe,
1861 3927 186 43 Butler.
2079 3928 83 41 Pa.

248 3976 282 50 (29-25484)
