2547 4384
1330 3988 102 52 994

359 350 283 64 Baldwin,
676 350 257 55 William
967 349 273 62 Edward,
1275 352 170 49 1883-
1658 348 84 52 ed.

489 422 1617 72 … New York banking law, annotated; containing all
357 421 1979 137 amendments
579 511 57 46 to
677 505 281 67 January,
1000 506 151 63 1930,
1192 502 141 52 with
1374 500 366 53 annotations
1783 499 152 52 from
1978 499 278 53 decisions
2297 499 65 52 of

358 583 95 52 the
491 588 206 61 courts,
736 582 222 68 rulings
997 579 64 54 of
1098 581 95 51 the
1233 584 263 63 attorney
1535 578 230 68 general
1803 577 113 52 and
1957 596 72 33 an
2069 577 292 68 appendix

358 660 333 68 containing
726 660 229 68 general
992 657 321 68 provisions
1346 655 249 69 relating
1627 661 59 46 to
1719 655 257 69 banking
2009 656 129 66 law,
2172 655 190 52 edited

358 732 2004 75 by William Edward Baldwin … New York, The Banks law
361 816 334 68 publishing
723 832 298 50 company,
1054 816 150 49 1929.

430 893 1703 54 4 p. l., 347 (i. e. 353), [36], 89 (i. e. 91), [13] p., 1 l., 23 p. 23½ ᶜᵐ.
433 970 154 37 Extra
618 967 263 40 numbered
909 976 147 38 pages
1085 965 230 40 inserted.

432 1025 62 40 At
523 1024 124 39 head
675 1024 53 39 of
753 1023 108 40 title:
918 1021 114 41 1929
1060 1021 198 41 edition.

435 1080 141 40 “1929
614 1080 326 47 Supplement,
976 1077 283 47 containing
1293 1078 67 38 all
1395 1077 336 40 amendments
1767 1078 48 39 to
1852 1075 236 49 January,
2125 1076 129 49 1930,

363 1078 1982 99 edited
491 1137 62 47 by
582 1138 100 37 Eva
714 1136 61 40 H.
806 1133 206 41 Dirkes”
1053 1134 48 47 (1
1131 1133 114 46 leaf,
1276 1133 55 40 23
1360 1132 68 49 p.)
1468 1134 90 39 has
1585 1133 181 48 special
1796 1135 98 46 t.-p.

371 1202 1995 52 © June 29, 1929; 2c. July 3: aff. July 2; A 10041; W. E. Baldwin, New
436 1263 145 40 York.
654 1260 280 50 (29-14163)

433 1343 138 52 New
604 1343 163 52 York
798 1342 298 52 insurance
1127 1342 126 51 law.
1324 1344 132 49 1929
1488 1342 85 52 ed.
1642 1340 353 69 Containing
2028 1341 78 52 all
362 1340 1979 133 amendments

578 1425 58 47 to
670 1420 281 68 January,
989 1422 152 64 1930,
1176 1419 141 52 with
1352 1438 72 33 an
1458 1419 292 67 appendix
1784 1418 334 70 containing
364 1418 1979 133 miscellaneous

632 1499 138 52 laws
809 1496 273 70 affecting
1118 1496 317 67 insurance,
1474 1496 189 53 edited
1700 1497 76 68 by
1811 1497 263 54 William
2112 1497 256 52 Edward

365 1574 2004 70 Baldwin … New York, The Banks law publishing company,
367 1656 150 51 1929.

435 1736 61 47 vi,
526 1736 88 40 480
643 1746 43 38 p.
747 1735 146 41 23½ᶜᵐ.

438 1806 95 39 “To
567 1807 99 38 Eva
703 1804 278 41 Hutchison
1013 1804 178 40 Dirkes
1224 1804 154 40 credit
1412 1804 42 40 is
1487 1805 93 39 due
1610 1804 80 40 for
1723 1805 81 40 the
1836 1804 187 46 editing
2056 1804 51 40 of
2140 1806 84 39 the
2257 1806 115 40 1929

367 1864 334 39 amendments
743 1863 96 38 and
880 1861 80 40 for
1002 1862 81 38 the
1123 1860 315 49 preparation
1480 1861 52 40 of
1574 1861 81 40 the
1698 1861 302 48 manuscript
2042 1862 79 40 for
368 1862 1984 97 publication.”—Pref.

375 1984 50 52 ©
455 1989 125 39 June
606 1988 69 46 27,
703 1987 115 40 1929;
873 1988 66 39 2c.
969 1987 116 48 July
1112 1988 25 39 3;
1196 1986 82 40 aff.
1306 1986 117 48 July
1449 1986 27 39 2;
1532 1987 41 38 A
1600 1986 144 40 10042;
1802 1988 71 40 W.
1903 1989 52 40 E.
1985 1988 240 47 Baldwin,
2255 1990 117 39 New

440 2045 145 40 York.
651 2043 281 50 (29-14164)

371 2124 169 65 Barr,
574 2124 169 53 Arvil
776 2124 325 65 Sylvester,
1138 2129 171 52 1892-

442 2204 444 55 Characteristic
931 2202 332 56 differences
1308 2204 60 52 in
1412 2204 97 53 the
1553 2205 268 69 teaching
1866 2204 399 69 performance
2308 2203 66 54 of

377 2282 1937 71 good and poor teachers of the social studies, by A. S. Barr …
377 2361 427 70 Bloomington,
827 2361 114 69 Ill.,
965 2360 205 55 Public
1196 2361 190 55 school
1411 2361 337 70 publishing
1773 2380 282 53 company
2086 2364 194 67 [1929]

438 2442 100 48 viii,
567 2442 86 40 127
680 2454 43 37 p.
785 2441 57 42 19½ᶜᵐ.

439 2513 379 48 Bibliography:
848 2523 43 38 p.
919 2512 218 42 125-126.

379 2581 51 51 ©
459 2585 126 39 June
613 2585 68 47 15,
711 2583 113 41 1929;
882 2585 68 40 2c.
979 2585 126 39 June
1134 2586 55 39 17;
1247 2584 81 40 aff.
1361 2585 125 40 June
1513 2585 56 39 26;
1627 2585 42 39 A
1698 2585 141 48 9930;
1871 2586 173 40 Public
2071 2586 165 40 school
2265 2585 109 49 pub.

442 2652 67 30 co.
576 2641 281 49 (29-14134)

378 2722 168 64 Bass,
577 2722 256 54 William
863 2723 198 63 Louis,
1094 2728 172 49 1865-

449 2801 1929 71 Astronomical commentaries … [by] W. L. Bass. [no. 2, 3.
382 2881 150 65 1928]
613 2880 388 68 Branchville,
1028 2880 69 54 N.
1127 2881 54 54 J.
1246 2883 166 65 [ᶜ1929]

445 2959 1142 53 2 v. 21 ᶜᵐ. (His Celestial growth series)
377 3027 75 30 no.
482 3017 40 48 2,
555 3012 51 53 ©
638 3017 123 41 Mar.
789 3017 70 48 20,
891 3017 140 47 1929;
1064 3029 76 30 no.
1170 3020 40 47 3,
1246 3014 51 53 ©
1330 3019 114 48 May
1475 3020 55 39 17;
1590 3019 68 41 2c.
1690 3019 119 41 each
1842 3020 126 42 June
1998 3019 84 47 26;
2116 3019 109 42 affs.
2259 3020 116 49 July

446 3073 54 44 2;
528 3073 42 40 A
595 3073 159 49 10014,
782 3074 143 42 10015;
983 3076 73 41 W.
1082 3076 50 41 L.
1162 3076 138 49 Bass,
1329 3075 327 50 Branchville,
1684 3077 58 41 N.
1771 3077 43 41 J.

377 3138 255 65 Bernay,
665 3139 205 56 Henri.

506 3217 1873 74 … Le secret de la Sunbeam Valley … Paris, Larousse
380 3299 191 64 [1928]

447 3377 1933 54 1 p. l., [7]-251 p. 18½ᶜᵐ. (Contes et romans pour tous. [Série pour
377 3434 41 39 la
451 3435 224 46 jeunesse
711 3435 203 47 (reliure
944 3448 146 37 rouge
1116 3441 48 37 et
1191 3438 78 45 or)
1338 3439 54 38 n°
1418 3438 68 49 8])

383 3487 1993 58 © Nov. 24, 1928; 1c. Jan. 18, 1929; A— Foreign 1512; Augé, Gillon, Hollier
449 3548 368 50 -Larousse,
846 3551 199 40 Moreau
1075 3552 37 40 &
1138 3552 86 40 cie.
1263 3552 264 48 (Librairie
1555 3553 267 49 Larousse)

475 3603 282 51 (29-14083)

382 3667 250 65 Bonner,
662 3670 174 64 Mary
865 3671 281 65 Graham,
1179 3678 170 49 1890-

447 3745 236 54 Madam
718 3748 125 53 Bed
877 3751 210 66 Apple,
1122 3751 75 69 by
1232 3752 172 68 Mary
1439 3751 257 54 Graham
1734 3753 246 67 Bonner,
2016 3752 250 68 pictures
2303 3752 75 68 by

377 3822 175 53 Janet
593 3824 190 52 Laura
831 3825 176 55 Scott.
1090 3827 372 70 Springfield,
1507 3829 189 53 Mass..
1742 3829 212 52 Milton
1998 3830 254 68 Bradley
2298 3847 80 35 co.

384 3903 191 65 [ᶜ1929]
