<alto xmlns="http://www.loc.gov/standards/alto/ns-v3#" xmlns:xlink="http://www.w3.org/1999/xlink" xmlns:xsi="http://www.w3.org/2001/XMLSchema-instance" xsi:schemaLocation="http://www.loc.gov/standards/alto/ns-v3# http://www.loc.gov/alto/v3/alto-3-0.xsd"><Description>
<MeasurementUnit>pixel</MeasurementUnit>
<sourceImageInformation>
<fileName>1929_v26_part001.pdf</fileName>
</sourceImageInformation>
<OCRProcessing ID="IdOcr">
<ocrProcessingStep>
<processingDateTime>2019-04-18</processingDateTime>
<processingSoftware>
<softwareCreator>ABBYY</softwareCreator>
<softwareName>ABBYY Recognition Server</softwareName>
<softwareVersion>4.0</softwareVersion>
</processingSoftware>
</ocrProcessingStep>
</OCRProcessing>
</Description>
<Styles>
<ParagraphStyle ID="StyleId-FFFFFFFF-FFFF-FFFF-FFFF-FFFFFFFFFFFF-" ALIGN="Left" LEFT="0." RIGHT="0." FIRSTLINE="0."/>
<ParagraphStyle ID="StyleId-11A520CB-49B0-4D42-A675-089886D5B704-" ALIGN="Center" LEFT="0." RIGHT="0." FIRSTLINE="0." LINESPACE="7.699999809"/>
<ParagraphStyle ID="StyleId-2AEC4724-E584-48A1-8E6D-86B1AA154223-" ALIGN="Left" LEFT="0." RIGHT="0." FIRSTLINE="0." LINESPACE="12.19999981"/>
<ParagraphStyle ID="StyleId-5ADCDE1D-F34B-405C-A765-E9B51F6229BD-" ALIGN="Left" LEFT="0." RIGHT="0." FIRSTLINE="-13." LINESPACE="8.050000191"/>
<ParagraphStyle ID="StyleId-D0AEFB96-F81D-4367-8545-C0AC945FA34C-" ALIGN="Block" LEFT="0." RIGHT="0." FIRSTLINE="-13." LINESPACE="8.899999619"/>
<ParagraphStyle ID="StyleId-9A3BB592-4BA4-4F85-B157-B9A7F1FC9680-" ALIGN="Left" LEFT="0." RIGHT="0." FIRSTLINE="0."/>
<ParagraphStyle ID="StyleId-E9D6144A-CFDC-4919-911D-02B0461DB967-" ALIGN="Left" LEFT="0." RIGHT="0." FIRSTLINE="-13." LINESPACE="23.43000031"/>
<ParagraphStyle ID="StyleId-EEECFC68-AAC5-42B1-B3BF-987799B5B74A-" ALIGN="Block" LEFT="0." RIGHT="0." FIRSTLINE="0." LINESPACE="23.43000031"/>
<ParagraphStyle ID="StyleId-98D20B11-A9BB-4FAB-8DC8-DC8C43F3755E-" ALIGN="Left" LEFT="0." RIGHT="0." FIRSTLINE="0." LINESPACE="10.5"/>
<ParagraphStyle ID="StyleId-C279DBAD-2656-4352-93E6-C942618B09B1-" ALIGN="Block" LEFT="0." RIGHT="0." FIRSTLINE="-13." LINESPACE="8.770000458"/>
<ParagraphStyle ID="StyleId-A539B2D0-654F-45BA-9385-D7E681D9BD87-" ALIGN="Block" LEFT="0." RIGHT="0." FIRSTLINE="0." LINESPACE="8.18999958"/>
<ParagraphStyle ID="StyleId-CFE66565-54F2-45CF-9511-65151219B0BC-" ALIGN="Left" LEFT="0." RIGHT="0." FIRSTLINE="-12." LINESPACE="12.19999981"/>
<ParagraphStyle ID="StyleId-37B60A95-D7B9-4720-9D46-F2E763AAD699-" ALIGN="Block" LEFT="0." RIGHT="0." FIRSTLINE="0." LINESPACE="12.19999981"/>
<ParagraphStyle ID="StyleId-255154CA-71AA-47B9-A5EB-ED90642010CE-" ALIGN="Block" LEFT="0." RIGHT="0." FIRSTLINE="13." LINESPACE="7.900000095"/>
<ParagraphStyle ID="StyleId-4618FB06-20CA-4F95-9CA2-829603EE887D-" ALIGN="Block" LEFT="0." RIGHT="0." FIRSTLINE="0." LINESPACE="10."/>
<ParagraphStyle ID="StyleId-61F9B98E-BA82-4DCF-809A-0C5481162321-" ALIGN="Left" LEFT="0." RIGHT="0." FIRSTLINE="-13." LINESPACE="8.479999542"/>
<ParagraphStyle ID="StyleId-16A4FB0C-4CB7-44C8-846E-AF89DD76FC73-" ALIGN="Left" LEFT="0." RIGHT="0." FIRSTLINE="0." LINESPACE="11.10000038"/>
<ParagraphStyle ID="StyleId-8CC01B24-9D1D-45D5-B954-83ECA9EA3425-" ALIGN="Left" LEFT="0." RIGHT="0." FIRSTLINE="-13." LINESPACE="8.050000191"/>
<ParagraphStyle ID="StyleId-3DB8CD3F-AD17-4DD7-8361-787A6A426C72-" ALIGN="Block" LEFT="0." RIGHT="0." FIRSTLINE="13." LINESPACE="7.900000095"/>
</Styles>
<Layout>
<Page ID="Page1628" PHYSICAL_IMG_NR="1628" HEIGHT="4342" WIDTH="2533">
<TopMargin HEIGHT="354" WIDTH="2533" VPOS="0" HPOS="0">
</TopMargin>
<LeftMargin HEIGHT="3807" WIDTH="406" VPOS="354" HPOS="0">
</LeftMargin>
<RightMargin HEIGHT="3807" WIDTH="83" VPOS="354" HPOS="2450">
</RightMargin>
<BottomMargin HEIGHT="181" WIDTH="2533" VPOS="4161" HPOS="0">
</BottomMargin>
<PrintSpace HEIGHT="3807" WIDTH="2044" VPOS="354" HPOS="406">
<TextBlock ID="Page1628_Block1" HEIGHT="174" WIDTH="383" VPOS="3987" HPOS="1294" LANG="en-US" STYLEREFS="StyleId-1C414507-A093-491E-872F-E51157418683-">
<TextLine HEIGHT="50" WIDTH="133" VPOS="4016" HPOS="1365">
<String CONTENT="1628" HEIGHT="50" WIDTH="133" VPOS="4016" HPOS="1365"/>
</TextLine>
</TextBlock>
<TextBlock ID="Page1628_Block2" HEIGHT="3722" WIDTH="2044" VPOS="354" HPOS="406" LANG="en-US" CS="1" STYLEREFS="StyleId-9A3D48C3-977C-4F3C-8633-34FE81F9C794-">
<Shape>
<Polygon POINTS="406,354 2450,354 2450,3966 1134,3966 1134,4076 406,4076 406,354"/>
</Shape>
<TextLine HEIGHT="65" WIDTH="769" VPOS="364" HPOS="422" STYLEREFS="StyleId-51FB10B0-F558-4C5B-BB8C-3F9485461724-">
<String LANG="de" CONTENT="Panter-Downes," HEIGHT="64" WIDTH="522" VPOS="365" HPOS="422"/>
<SP HEIGHT="64" WIDTH="30" VPOS="365" HPOS="945"/>
<String LANG="en-US" CONTENT="Mollie." HEIGHT="55" WIDTH="215" VPOS="364" HPOS="976"/>
</TextLine>
<TextLine HEIGHT="67" WIDTH="1063" VPOS="443" HPOS="494">
<String CONTENT="Storm" HEIGHT="56" WIDTH="193" VPOS="443" HPOS="494"/>
<SP HEIGHT="52" WIDTH="28" VPOS="444" HPOS="688"/>
<String CONTENT="bird." HEIGHT="53" WIDTH="147" VPOS="443" HPOS="717"/>
<SP HEIGHT="33" WIDTH="81" VPOS="477" HPOS="865"/>
<String CONTENT="[Instalments" HEIGHT="67" WIDTH="390" VPOS="443" HPOS="947"/>
<SP HEIGHT="51" WIDTH="28" VPOS="445" HPOS="1338"/>
<String CONTENT="22-27]" HEIGHT="66" WIDTH="190" VPOS="443" HPOS="1367"/>
</TextLine>
<TextLine HEIGHT="54" WIDTH="710" VPOS="519" HPOS="528" STYLEREFS="StyleId-F3DFDF1F-B3A3-40AB-9FF5-3C719DC9B0D5-" CS="1">
<String CS="1" CONTENT="(In" HEIGHT="38" WIDTH="62" VPOS="526" HPOS="528"/>
<SP HEIGHT="43" WIDTH="26" VPOS="521" HPOS="591"/>
<String CONTENT="London" HEIGHT="43" WIDTH="204" VPOS="521" HPOS="618"/>
<SP HEIGHT="42" WIDTH="27" VPOS="521" HPOS="823"/>
<String CONTENT="Daily" HEIGHT="54" WIDTH="150" VPOS="519" HPOS="851"/>
<SP HEIGHT="39" WIDTH="27" VPOS="534" HPOS="1002"/>
<String CONTENT="mirror)" HEIGHT="51" WIDTH="208" VPOS="520" HPOS="1030"/>
</TextLine>
<TextLine HEIGHT="109" WIDTH="1985" VPOS="577" HPOS="428" STYLEREFS="StyleId-FC666B8A-8DE3-46D1-A4BF-6BE2716E0143-" CS="1">
<String CONTENT="&#169;" HEIGHT="53" WIDTH="52" VPOS="577" HPOS="428"/>
<SP/>
<String CS="1" CONTENT="1c."/>
<SP HEIGHT="30" WIDTH="29" VPOS="591" HPOS="578"/>
<String CONTENT="each" HEIGHT="40" WIDTH="119" VPOS="581" HPOS="608"/>
<SP HEIGHT="41" WIDTH="28" VPOS="579" HPOS="728"/>
<String CONTENT="Oct." HEIGHT="42" WIDTH="104" VPOS="579" HPOS="757"/>
<SP HEIGHT="40" WIDTH="27" VPOS="581" HPOS="862"/>
<String CONTENT="30." HEIGHT="41" WIDTH="68" VPOS="580" HPOS="890"/>
<SP HEIGHT="39" WIDTH="30" VPOS="582" HPOS="959"/>
<String CONTENT="1929;" HEIGHT="48" WIDTH="143" VPOS="579" HPOS="990"/>
<SP HEIGHT="47" WIDTH="29" VPOS="580" HPOS="1134"/>
<!-- cceid A6527B93-6CFA-1014-9C3C-CEA95E7AA542 --><String CONTENT="A" HEIGHT="38" WIDTH="41" VPOS="580" HPOS="1164"/>
<SP HEIGHT="39" WIDTH="30" VPOS="580" HPOS="1206"/>
<String CONTENT="ad" HEIGHT="38" WIDTH="61" VPOS="581" HPOS="1237"/>
<SP HEIGHT="39" WIDTH="28" VPOS="580" HPOS="1299"/>
<String CONTENT="int." HEIGHT="40" WIDTH="87" VPOS="580" HPOS="1328"/>
<SP HEIGHT="39" WIDTH="28" VPOS="581" HPOS="1416"/>
<String CONTENT="13154;" HEIGHT="46" WIDTH="172" VPOS="580" HPOS="1445"/>
<SP HEIGHT="38" WIDTH="31" VPOS="590" HPOS="1618"/>
<String CONTENT="pubd." HEIGHT="48" WIDTH="146" VPOS="580" HPOS="1650"/>
<SP HEIGHT="40" WIDTH="31" VPOS="580" HPOS="1797"/>
<String CONTENT="Sept." HEIGHT="48" WIDTH="128" VPOS="580" HPOS="1829"/>
<SP HEIGHT="41" WIDTH="29" VPOS="580" HPOS="1958"/>
<String CS="1" CONTENT="2-7;" HEIGHT="41" WIDTH="86" VPOS="580" HPOS="1988"/>
<SP/>
<String CONTENT="Glare" HEIGHT="40" WIDTH="142" VPOS="581" HPOS="2136"/>
<SP HEIGHT="40" WIDTH="29" VPOS="581" HPOS="2279"/>
<String CONTENT="Robinson," HEIGHT="105" WIDTH="1917" VPOS="581" HPOS="496"/>
<SP HEIGHT="49" WIDTH="28" VPOS="637" HPOS="652"/>
<String CONTENT="London." HEIGHT="41" WIDTH="215" VPOS="637" HPOS="681"/>
</TextLine>
<TextLine HEIGHT="72" WIDTH="2011" VPOS="729" HPOS="426">
<String CONTENT="Present-day" HEIGHT="64" WIDTH="398" VPOS="730" HPOS="426"/>
<SP HEIGHT="62" WIDTH="20" VPOS="732" HPOS="825"/>
<String CONTENT="American" HEIGHT="53" WIDTH="310" VPOS="731" HPOS="846"/>
<SP HEIGHT="33" WIDTH="22" VPOS="752" HPOS="1157"/>
<String CONTENT="stories," HEIGHT="68" WIDTH="218" VPOS="732" HPOS="1180"/>
<SP HEIGHT="68" WIDTH="22" VPOS="732" HPOS="1399"/>
<String CONTENT="by" HEIGHT="69" WIDTH="76" VPOS="732" HPOS="1422"/>
<SP HEIGHT="70" WIDTH="23" VPOS="731" HPOS="1499"/>
<String CONTENT="Ernest" HEIGHT="52" WIDTH="211" VPOS="731" HPOS="1523"/>
<SP HEIGHT="53" WIDTH="20" VPOS="729" HPOS="1735"/>
<String CONTENT="Hemingway," HEIGHT="72" WIDTH="405" VPOS="729" HPOS="1756"/>
<SP HEIGHT="69" WIDTH="23" VPOS="732" HPOS="2162"/>
<String CONTENT="Thomas" HEIGHT="51" WIDTH="251" VPOS="732" HPOS="2186"/>
</TextLine>
<TextLine HEIGHT="71" WIDTH="1943" VPOS="804" HPOS="493">
<String CONTENT="Boyd," HEIGHT="68" WIDTH="184" VPOS="807" HPOS="493"/>
<SP HEIGHT="70" WIDTH="58" VPOS="804" HPOS="678"/>
<String CONTENT="Stark" HEIGHT="57" WIDTH="176" VPOS="804" HPOS="737"/>
<SP HEIGHT="52" WIDTH="54" VPOS="806" HPOS="914"/>
<String CONTENT="Young," HEIGHT="67" WIDTH="230" VPOS="807" HPOS="969"/>
<SP HEIGHT="66" WIDTH="54" VPOS="807" HPOS="1200"/>
<String CONTENT="Morley" HEIGHT="68" WIDTH="227" VPOS="807" HPOS="1255"/>
<SP HEIGHT="70" WIDTH="56" VPOS="805" HPOS="1483"/>
<String CONTENT="Callaghan," HEIGHT="69" WIDTH="341" VPOS="805" HPOS="1540"/>
<SP HEIGHT="67" WIDTH="58" VPOS="807" HPOS="1882"/>
<String CONTENT="Conrad" HEIGHT="55" WIDTH="231" VPOS="807" HPOS="1941"/>
<SP HEIGHT="51" WIDTH="53" VPOS="808" HPOS="2173"/>
<String CONTENT="Aiken," HEIGHT="68" WIDTH="209" VPOS="807" HPOS="2227"/>
</TextLine>
<TextLine HEIGHT="71" WIDTH="1942" VPOS="883" HPOS="494">
<String CONTENT="Struthers" HEIGHT="55" WIDTH="298" VPOS="884" HPOS="494"/>
<SP HEIGHT="53" WIDTH="25" VPOS="885" HPOS="793"/>
<String CONTENT="Burt," HEIGHT="67" WIDTH="167" VPOS="885" HPOS="819"/>
<SP HEIGHT="67" WIDTH="25" VPOS="885" HPOS="987"/>
<String CONTENT="Ring" HEIGHT="69" WIDTH="158" VPOS="884" HPOS="1013"/>
<SP HEIGHT="69" WIDTH="21" VPOS="884" HPOS="1172"/>
<String CONTENT="W." HEIGHT="54" WIDTH="89" VPOS="884" HPOS="1194"/>
<SP HEIGHT="52" WIDTH="26" VPOS="884" HPOS="1284"/>
<String CONTENT="Lardner," HEIGHT="67" WIDTH="279" VPOS="884" HPOS="1311"/>
<SP HEIGHT="66" WIDTH="24" VPOS="885" HPOS="1591"/>
<String CONTENT="F." HEIGHT="52" WIDTH="66" VPOS="885" HPOS="1616"/>
<SP HEIGHT="55" WIDTH="29" VPOS="883" HPOS="1683"/>
<String CONTENT="Scott" HEIGHT="55" WIDTH="161" VPOS="883" HPOS="1713"/>
<SP HEIGHT="52" WIDTH="24" VPOS="885" HPOS="1875"/>
<String CONTENT="Fitzgerald." HEIGHT="70" WIDTH="350" VPOS="884" HPOS="1900"/>
<SP HEIGHT="52" WIDTH="44" VPOS="885" HPOS="2251"/>
<String CONTENT="New" HEIGHT="52" WIDTH="140" VPOS="885" HPOS="2296"/>
</TextLine>
<TextLine HEIGHT="70" WIDTH="991" VPOS="961" HPOS="493">
<String CONTENT="York," HEIGHT="69" WIDTH="180" VPOS="962" HPOS="493"/>
<SP HEIGHT="70" WIDTH="32" VPOS="961" HPOS="674"/>
<String CONTENT="C." HEIGHT="55" WIDTH="62" VPOS="961" HPOS="707"/>
<SP HEIGHT="55" WIDTH="31" VPOS="961" HPOS="770"/>
<String CONTENT="Scribner&#8217;s" HEIGHT="55" WIDTH="315" VPOS="961" HPOS="802"/>
<SP HEIGHT="33" WIDTH="32" VPOS="981" HPOS="1118"/>
<String CONTENT="sons," HEIGHT="50" WIDTH="147" VPOS="979" HPOS="1151"/>
<SP HEIGHT="64" WIDTH="33" VPOS="965" HPOS="1299"/>
<String CONTENT="1929." HEIGHT="51" WIDTH="151" VPOS="964" HPOS="1333"/>
</TextLine>
<TextLine HEIGHT="51" WIDTH="630" VPOS="1044" HPOS="491" STYLEREFS="StyleId-FC666B8A-8DE3-46D1-A4BF-6BE2716E0143-" CS="1">
<String CONTENT="5" HEIGHT="40" WIDTH="25" VPOS="1046" HPOS="491"/>
<SP HEIGHT="49" WIDTH="28" VPOS="1046" HPOS="517"/>
<String CONTENT="p." HEIGHT="39" WIDTH="43" VPOS="1056" HPOS="546"/>
<SP HEIGHT="41" WIDTH="27" VPOS="1046" HPOS="590"/>
<String CS="1" CONTENT="l.,"/>
<SP HEIGHT="50" WIDTH="28" VPOS="1045" HPOS="664"/>
<String CONTENT="3-345" HEIGHT="41" WIDTH="146" VPOS="1045" HPOS="693"/>
<SP HEIGHT="49" WIDTH="28" VPOS="1045" HPOS="840"/>
<String CONTENT="p." HEIGHT="38" WIDTH="43" VPOS="1056" HPOS="869"/>
<SP HEIGHT="41" WIDTH="58" VPOS="1045" HPOS="913"/>
<String CS="1" CONTENT="19&#189;&#7580;&#7504;." HEIGHT="43" WIDTH="149" VPOS="1044" HPOS="972"/>
</TextLine>
<TextLine HEIGHT="110" WIDTH="1988" VPOS="1098" HPOS="428" STYLEREFS="StyleId-FC666B8A-8DE3-46D1-A4BF-6BE2716E0143-" CS="1">
<String CONTENT="&#169;" HEIGHT="53" WIDTH="52" VPOS="1098" HPOS="428"/>
<SP HEIGHT="53" WIDTH="36" VPOS="1098" HPOS="481"/>
<String CONTENT="Sept." HEIGHT="49" WIDTH="129" VPOS="1102" HPOS="518"/>
<SP HEIGHT="40" WIDTH="31" VPOS="1104" HPOS="648"/>
<String CONTENT="13," HEIGHT="47" WIDTH="69" VPOS="1103" HPOS="680"/>
<SP HEIGHT="46" WIDTH="31" VPOS="1104" HPOS="750"/>
<String CS="1" CONTENT="1929;" HEIGHT="40" WIDTH="115" VPOS="1102" HPOS="782"/>
<SP HEIGHT="47" WIDTH="34" VPOS="1102" HPOS="924"/>
<String CONTENT="2c." HEIGHT="41" WIDTH="70" VPOS="1102" HPOS="959"/>
<SP HEIGHT="41" WIDTH="35" VPOS="1102" HPOS="1030"/>
<String CONTENT="Sept." HEIGHT="48" WIDTH="130" VPOS="1102" HPOS="1066"/>
<SP HEIGHT="41" WIDTH="29" VPOS="1102" HPOS="1197"/>
<String CONTENT="25;" HEIGHT="47" WIDTH="83" VPOS="1102" HPOS="1227"/>
<SP HEIGHT="37" WIDTH="36" VPOS="1112" HPOS="1311"/>
<String CONTENT="aff." HEIGHT="42" WIDTH="83" VPOS="1101" HPOS="1348"/>
<SP HEIGHT="42" WIDTH="35" VPOS="1101" HPOS="1432"/>
<String CONTENT="Sept." HEIGHT="48" WIDTH="129" VPOS="1101" HPOS="1468"/>
<SP HEIGHT="40" WIDTH="33" VPOS="1102" HPOS="1598"/>
<String CONTENT="18;" HEIGHT="47" WIDTH="83" VPOS="1102" HPOS="1632"/>
<SP HEIGHT="48" WIDTH="35" VPOS="1101" HPOS="1716"/>
<!-- cceid A652C9A9-6CFA-1014-9C3C-CEA95E7AA542 --><String CONTENT="A" HEIGHT="40" WIDTH="42" VPOS="1101" HPOS="1752"/>
<SP HEIGHT="40" WIDTH="32" VPOS="1101" HPOS="1795"/>
<String CONTENT="13883;" HEIGHT="48" WIDTH="169" VPOS="1102" HPOS="1828"/>
<SP HEIGHT="49" WIDTH="39" VPOS="1101" HPOS="1998"/>
<String CONTENT="Charles" HEIGHT="42" WIDTH="204" VPOS="1101" HPOS="2038"/>
<SP HEIGHT="41" WIDTH="35" VPOS="1102" HPOS="2243"/>
<String CONTENT="Scribner&#8217;s" HEIGHT="97" WIDTH="1920" VPOS="1102" HPOS="496"/>
<SP HEIGHT="29" WIDTH="26" VPOS="1170" HPOS="625"/>
<String CONTENT="sons." HEIGHT="30" WIDTH="128" VPOS="1169" HPOS="652"/>
<SP HEIGHT="49" WIDTH="66" VPOS="1158" HPOS="781"/>
<String CONTENT="(29-20795)" HEIGHT="50" WIDTH="283" VPOS="1158" HPOS="848"/>
</TextLine>
<TextLine HEIGHT="65" WIDTH="968" VPOS="1253" HPOS="427" STYLEREFS="StyleId-51FB10B0-F558-4C5B-BB8C-3F9485461724-">
<String CONTENT="Sabin," HEIGHT="65" WIDTH="199" VPOS="1253" HPOS="427"/>
<SP HEIGHT="64" WIDTH="29" VPOS="1254" HPOS="627"/>
<String CONTENT="Edwin" HEIGHT="52" WIDTH="208" VPOS="1253" HPOS="657"/>
<SP HEIGHT="50" WIDTH="27" VPOS="1254" HPOS="866"/>
<String CONTENT="Legrand," HEIGHT="64" WIDTH="296" VPOS="1253" HPOS="894"/>
<SP HEIGHT="57" WIDTH="31" VPOS="1260" HPOS="1191"/>
<String CONTENT="1870-" HEIGHT="53" WIDTH="172" VPOS="1254" HPOS="1223"/>
</TextLine>
<TextLine HEIGHT="150" WIDTH="2015" VPOS="1329" HPOS="419" CS="1">
<String CONTENT="Gold!" HEIGHT="56" WIDTH="183" VPOS="1329" HPOS="491"/>
<SP HEIGHT="53" WIDTH="73" VPOS="1330" HPOS="675"/>
<String CONTENT="A" HEIGHT="52" WIDTH="58" VPOS="1330" HPOS="749"/>
<SP HEIGHT="53" WIDTH="29" VPOS="1330" HPOS="808"/>
<String CONTENT="tale" HEIGHT="52" WIDTH="115" VPOS="1331" HPOS="838"/>
<SP HEIGHT="35" WIDTH="34" VPOS="1348" HPOS="954"/>
<String CONTENT="of" HEIGHT="53" WIDTH="66" VPOS="1330" HPOS="989"/>
<SP HEIGHT="69" WIDTH="31" VPOS="1330" HPOS="1056"/>
<String CONTENT="great" HEIGHT="64" WIDTH="164" VPOS="1335" HPOS="1088"/>
<SP HEIGHT="47" WIDTH="34" VPOS="1335" HPOS="1253"/>
<String CONTENT="and" HEIGHT="52" WIDTH="114" VPOS="1331" HPOS="1288"/>
<SP HEIGHT="52" WIDTH="35" VPOS="1331" HPOS="1403"/>
<String CONTENT="romantic" HEIGHT="52" WIDTH="281" VPOS="1331" HPOS="1439"/>
<SP HEIGHT="33" WIDTH="35" VPOS="1350" HPOS="1721"/>
<String CONTENT="adventurings" HEIGHT="70" WIDTH="416" VPOS="1331" HPOS="1757"/>
<SP HEIGHT="52" WIDTH="33" VPOS="1333" HPOS="2174"/>
<String CONTENT="by" HEIGHT="68" WIDTH="77" VPOS="1333" HPOS="2208"/>
<SP HEIGHT="68" WIDTH="34" VPOS="1333" HPOS="2286"/>
<String CONTENT="Argonauts" HEIGHT="144" WIDTH="1990" VPOS="1333" HPOS="419"/>
<SP HEIGHT="35" WIDTH="27" VPOS="1426" HPOS="666"/>
<String CONTENT="upon" HEIGHT="50" WIDTH="157" VPOS="1426" HPOS="694"/>
<SP HEIGHT="34" WIDTH="26" VPOS="1427" HPOS="852"/>
<String CONTENT="sea" HEIGHT="35" WIDTH="92" VPOS="1426" HPOS="879"/>
<SP HEIGHT="35" WIDTH="30" VPOS="1426" HPOS="972"/>
<String CONTENT="and" HEIGHT="53" WIDTH="113" VPOS="1408" HPOS="1003"/>
<SP HEIGHT="53" WIDTH="27" VPOS="1408" HPOS="1117"/>
<String CONTENT="land" HEIGHT="53" WIDTH="139" VPOS="1408" HPOS="1145"/>
<SP HEIGHT="53" WIDTH="27" VPOS="1408" HPOS="1285"/>
<String CONTENT="in" HEIGHT="53" WIDTH="62" VPOS="1408" HPOS="1313"/>
<SP HEIGHT="47" WIDTH="25" VPOS="1414" HPOS="1376"/>
<String CONTENT="that" HEIGHT="53" WIDTH="129" VPOS="1408" HPOS="1402"/>
<SP HEIGHT="48" WIDTH="27" VPOS="1413" HPOS="1532"/>
<String CONTENT="eternal" HEIGHT="52" WIDTH="220" VPOS="1409" HPOS="1560"/>
<SP HEIGHT="68" WIDTH="27" VPOS="1409" HPOS="1781"/>
<String CONTENT="quest" HEIGHT="63" WIDTH="161" VPOS="1414" HPOS="1809"/>
<SP HEIGHT="48" WIDTH="28" VPOS="1414" HPOS="1971"/>
<String CONTENT="of" HEIGHT="54" WIDTH="65" VPOS="1408" HPOS="2000"/>
<SP HEIGHT="54" WIDTH="28" VPOS="1408" HPOS="2066"/>
<String CONTENT="the" HEIGHT="53" WIDTH="97" VPOS="1409" HPOS="2095"/>
<SP HEIGHT="51" WIDTH="30" VPOS="1428" HPOS="2193"/>
<String CONTENT="golden" HEIGHT="69" WIDTH="210" VPOS="1410" HPOS="2224"/>
</TextLine>
<TextLine HEIGHT="70" WIDTH="2014" VPOS="1486" HPOS="418">
<String CONTENT="fleece" HEIGHT="53" WIDTH="164" VPOS="1486" HPOS="418"/>
<SP HEIGHT="34" WIDTH="37" VPOS="1505" HPOS="583"/>
<String CONTENT="which" HEIGHT="53" WIDTH="187" VPOS="1486" HPOS="621"/>
<SP HEIGHT="52" WIDTH="39" VPOS="1486" HPOS="809"/>
<String CONTENT="lured" HEIGHT="52" WIDTH="165" VPOS="1486" HPOS="849"/>
<SP HEIGHT="52" WIDTH="39" VPOS="1486" HPOS="1015"/>
<String CONTENT="captains" HEIGHT="68" WIDTH="262" VPOS="1486" HPOS="1055"/>
<SP HEIGHT="34" WIDTH="39" VPOS="1505" HPOS="1318"/>
<String CONTENT="and" HEIGHT="53" WIDTH="115" VPOS="1486" HPOS="1358"/>
<SP HEIGHT="53" WIDTH="39" VPOS="1486" HPOS="1474"/>
<String CONTENT="companies" HEIGHT="68" WIDTH="328" VPOS="1486" HPOS="1514"/>
<SP HEIGHT="53" WIDTH="40" VPOS="1486" HPOS="1843"/>
<String CONTENT="into" HEIGHT="54" WIDTH="122" VPOS="1486" HPOS="1884"/>
<SP HEIGHT="48" WIDTH="40" VPOS="1492" HPOS="2007"/>
<String CONTENT="the" HEIGHT="53" WIDTH="96" VPOS="1487" HPOS="2048"/>
<SP HEIGHT="53" WIDTH="41" VPOS="1487" HPOS="2145"/>
<String CONTENT="dragon-" HEIGHT="69" WIDTH="245" VPOS="1487" HPOS="2187"/>
</TextLine>
<TextLine HEIGHT="149" WIDTH="2016" VPOS="1562" HPOS="417" CS="1">
<String CONTENT="guarded" HEIGHT="70" WIDTH="259" VPOS="1564" HPOS="418"/>
<SP HEIGHT="53" WIDTH="31" VPOS="1564" HPOS="678"/>
<String CONTENT="unknown" HEIGHT="53" WIDTH="291" VPOS="1564" HPOS="710"/>
<SP HEIGHT="34" WIDTH="32" VPOS="1582" HPOS="1002"/>
<String CONTENT="and" HEIGHT="51" WIDTH="115" VPOS="1565" HPOS="1035"/>
<SP HEIGHT="51" WIDTH="32" VPOS="1565" HPOS="1151"/>
<String CONTENT="altered" HEIGHT="53" WIDTH="218" VPOS="1564" HPOS="1184"/>
<SP HEIGHT="53" WIDTH="31" VPOS="1564" HPOS="1403"/>
<String CONTENT="the" HEIGHT="53" WIDTH="97" VPOS="1564" HPOS="1435"/>
<SP HEIGHT="55" WIDTH="34" VPOS="1562" HPOS="1533"/>
<String CONTENT="face" HEIGHT="55" WIDTH="127" VPOS="1562" HPOS="1568"/>
<SP HEIGHT="35" WIDTH="34" VPOS="1582" HPOS="1696"/>
<String CONTENT="of" HEIGHT="54" WIDTH="64" VPOS="1563" HPOS="1731"/>
<SP HEIGHT="54" WIDTH="31" VPOS="1563" HPOS="1796"/>
<String CONTENT="this" HEIGHT="53" WIDTH="117" VPOS="1564" HPOS="1828"/>
<SP HEIGHT="34" WIDTH="33" VPOS="1583" HPOS="1946"/>
<String CONTENT="western" HEIGHT="49" WIDTH="242" VPOS="1569" HPOS="1980"/>
<SP HEIGHT="35" WIDTH="31" VPOS="1583" HPOS="2223"/>
<String CONTENT="continent," HEIGHT="146" WIDTH="1992" VPOS="1564" HPOS="417"/>
<SP HEIGHT="68" WIDTH="30" VPOS="1642" HPOS="573"/>
<String CONTENT="by" HEIGHT="69" WIDTH="74" VPOS="1642" HPOS="604"/>
<SP HEIGHT="69" WIDTH="32" VPOS="1642" HPOS="679"/>
<String CONTENT="Edwin" HEIGHT="53" WIDTH="213" VPOS="1642" HPOS="712"/>
<SP HEIGHT="52" WIDTH="28" VPOS="1642" HPOS="926"/>
<String CONTENT="L." HEIGHT="53" WIDTH="66" VPOS="1642" HPOS="955"/>
<SP HEIGHT="57" WIDTH="35" VPOS="1640" HPOS="1022"/>
<String CONTENT="Sabin;" HEIGHT="69" WIDTH="208" VPOS="1640" HPOS="1058"/>
<SP HEIGHT="49" WIDTH="36" VPOS="1660" HPOS="1267"/>
<String CONTENT="with" HEIGHT="53" WIDTH="142" VPOS="1641" HPOS="1304"/>
<SP HEIGHT="52" WIDTH="31" VPOS="1642" HPOS="1447"/>
<String CONTENT="illustrations" HEIGHT="53" WIDTH="386" VPOS="1642" HPOS="1479"/>
<SP HEIGHT="53" WIDTH="30" VPOS="1642" HPOS="1866"/>
<String CONTENT="by" HEIGHT="69" WIDTH="76" VPOS="1642" HPOS="1897"/>
<SP HEIGHT="71" WIDTH="33" VPOS="1640" HPOS="1974"/>
<String CONTENT="Charles" HEIGHT="56" WIDTH="237" VPOS="1640" HPOS="2008"/>
<SP HEIGHT="53" WIDTH="33" VPOS="1642" HPOS="2246"/>
<String CONTENT="Hargens" HEIGHT="53" WIDTH="153" VPOS="1642" HPOS="2280"/>
</TextLine>
<TextLine HEIGHT="72" WIDTH="1737" VPOS="1718" HPOS="417" CS="1">
<String CONTENT="," HEIGHT="51" WIDTH="157" VPOS="1739" HPOS="417"/>
<SP HEIGHT="69" WIDTH="20" VPOS="1720" HPOS="575"/>
<String CONTENT="jr." HEIGHT="69" WIDTH="71" VPOS="1720" HPOS="596"/>
<SP HEIGHT="52" WIDTH="60" VPOS="1720" HPOS="668"/>
<String CONTENT="Philadelphia," HEIGHT="68" WIDTH="431" VPOS="1720" HPOS="729"/>
<SP HEIGHT="69" WIDTH="23" VPOS="1719" HPOS="1161"/>
<String CONTENT="Macrae" HEIGHT="53" WIDTH="232" VPOS="1719" HPOS="1185"/>
<SP HEIGHT="57" WIDTH="26" VPOS="1718" HPOS="1418"/>
<String CONTENT="Smith" HEIGHT="57" WIDTH="192" VPOS="1718" HPOS="1445"/>
<SP HEIGHT="53" WIDTH="24" VPOS="1720" HPOS="1638"/>
<String CONTENT="company" HEIGHT="51" WIDTH="284" VPOS="1737" HPOS="1663"/>
<SP HEIGHT="50" WIDTH="29" VPOS="1738" HPOS="1948"/>
<String CS="1" CONTENT="["/>
<String STYLE="superscript" CS="1" CONTENT="&#7580;1"/>
<String CS="1" CONTENT="929]" HEIGHT="50" WIDTH="100" VPOS="1722" HPOS="2054"/>
</TextLine>
<TextLine HEIGHT="51" WIDTH="1033" VPOS="1800" HPOS="490" CS="1">
<String CONTENT="336" HEIGHT="41" WIDTH="87" VPOS="1802" HPOS="490"/>
<SP HEIGHT="49" WIDTH="26" VPOS="1802" HPOS="578"/>
<String CONTENT="p." HEIGHT="38" WIDTH="44" VPOS="1813" HPOS="605"/>
<SP HEIGHT="31" WIDTH="59" VPOS="1812" HPOS="650"/>
<String CONTENT="col." HEIGHT="40" WIDTH="87" VPOS="1803" HPOS="710"/>
<SP HEIGHT="42" WIDTH="26" VPOS="1801" HPOS="798"/>
<String CONTENT="front.," HEIGHT="48" WIDTH="167" VPOS="1801" HPOS="825"/>
<SP HEIGHT="36" WIDTH="30" VPOS="1813" HPOS="993"/>
<String CONTENT="col." HEIGHT="40" WIDTH="87" VPOS="1802" HPOS="1024"/>
<SP HEIGHT="38" WIDTH="29" VPOS="1812" HPOS="1112"/>
<String CONTENT="plates." HEIGHT="48" WIDTH="173" VPOS="1802" HPOS="1142"/>
<SP HEIGHT="41" WIDTH="58" VPOS="1800" HPOS="1316"/>
<String CS="1" CONTENT="21&#189;&#7580;&#7504;." HEIGHT="41" WIDTH="148" VPOS="1800" HPOS="1375"/>
</TextLine>
<TextLine HEIGHT="53" WIDTH="1788" VPOS="1856" HPOS="428" STYLEREFS="StyleId-FC666B8A-8DE3-46D1-A4BF-6BE2716E0143-">
<String CONTENT="&#169;" HEIGHT="53" WIDTH="52" VPOS="1856" HPOS="428"/>
<SP HEIGHT="53" WIDTH="27" VPOS="1856" HPOS="481"/>
<String CONTENT="Sept." HEIGHT="49" WIDTH="130" VPOS="1860" HPOS="509"/>
<SP HEIGHT="39" WIDTH="22" VPOS="1861" HPOS="640"/>
<String CONTENT="30," HEIGHT="48" WIDTH="71" VPOS="1859" HPOS="663"/>
<SP HEIGHT="46" WIDTH="24" VPOS="1861" HPOS="735"/>
<String CONTENT="1929;" HEIGHT="46" WIDTH="143" VPOS="1859" HPOS="760"/>
<SP HEIGHT="45" WIDTH="25" VPOS="1860" HPOS="904"/>
<String CONTENT="2c." HEIGHT="39" WIDTH="69" VPOS="1860" HPOS="930"/>
<SP HEIGHT="29" WIDTH="24" VPOS="1869" HPOS="1000"/>
<String CONTENT="and" HEIGHT="39" WIDTH="98" VPOS="1860" HPOS="1025"/>
<SP HEIGHT="39" WIDTH="24" VPOS="1860" HPOS="1124"/>
<String CONTENT="aff." HEIGHT="41" WIDTH="83" VPOS="1858" HPOS="1149"/>
<SP HEIGHT="41" WIDTH="26" VPOS="1858" HPOS="1233"/>
<String CONTENT="Oct." HEIGHT="41" WIDTH="104" VPOS="1858" HPOS="1260"/>
<SP HEIGHT="41" WIDTH="24" VPOS="1858" HPOS="1365"/>
<String CONTENT="5;" HEIGHT="42" WIDTH="53" VPOS="1858" HPOS="1390"/>
<SP HEIGHT="42" WIDTH="26" VPOS="1858" HPOS="1444"/>
<!-- cceid A6532351-6CFA-1014-9C3C-CEA95E7AA542 --><String CONTENT="A" HEIGHT="39" WIDTH="42" VPOS="1858" HPOS="1471"/>
<SP HEIGHT="39" WIDTH="24" VPOS="1858" HPOS="1514"/>
<String CONTENT="12762;" HEIGHT="42" WIDTH="172" VPOS="1858" HPOS="1539"/>
<SP HEIGHT="40" WIDTH="29" VPOS="1860" HPOS="1712"/>
<String CONTENT="Macrae-Smith" HEIGHT="41" WIDTH="381" VPOS="1858" HPOS="1742"/>
<SP HEIGHT="41" WIDTH="23" VPOS="1858" HPOS="2124"/>
<String CONTENT="co." HEIGHT="29" WIDTH="68" VPOS="1870" HPOS="2148"/>
</TextLine>
<TextLine HEIGHT="51" WIDTH="282" VPOS="1915" HPOS="503" STYLEREFS="StyleId-FC666B8A-8DE3-46D1-A4BF-6BE2716E0143-">
<String CONTENT="(29-20774)" HEIGHT="51" WIDTH="282" VPOS="1915" HPOS="503"/>
</TextLine>
<TextLine HEIGHT="64" WIDTH="432" VPOS="2011" HPOS="424" STYLEREFS="StyleId-51FB10B0-F558-4C5B-BB8C-3F9485461724-">
<String CONTENT="Sale," HEIGHT="64" WIDTH="152" VPOS="2011" HPOS="424"/>
<SP HEIGHT="64" WIDTH="26" VPOS="2011" HPOS="577"/>
<String CONTENT="John" HEIGHT="54" WIDTH="156" VPOS="2011" HPOS="604"/>
<SP HEIGHT="52" WIDTH="28" VPOS="2011" HPOS="761"/>
<String CONTENT="B." HEIGHT="54" WIDTH="66" VPOS="2011" HPOS="790"/>
</TextLine>
<TextLine HEIGHT="70" WIDTH="1944" VPOS="2086" HPOS="491">
<String CONTENT="The" HEIGHT="53" WIDTH="122" VPOS="2088" HPOS="491"/>
<SP HEIGHT="48" WIDTH="35" VPOS="2093" HPOS="614"/>
<String CONTENT="tree" HEIGHT="47" WIDTH="118" VPOS="2093" HPOS="650"/>
<SP HEIGHT="34" WIDTH="35" VPOS="2106" HPOS="769"/>
<String CONTENT="named" HEIGHT="53" WIDTH="209" VPOS="2087" HPOS="805"/>
<SP HEIGHT="54" WIDTH="36" VPOS="2087" HPOS="1015"/>
<String CONTENT="John," HEIGHT="67" WIDTH="175" VPOS="2087" HPOS="1052"/>
<SP HEIGHT="66" WIDTH="35" VPOS="2088" HPOS="1228"/>
<String CONTENT="by" HEIGHT="68" WIDTH="76" VPOS="2088" HPOS="1264"/>
<SP HEIGHT="69" WIDTH="37" VPOS="2087" HPOS="1341"/>
<String CONTENT="John" HEIGHT="54" WIDTH="159" VPOS="2087" HPOS="1379"/>
<SP HEIGHT="52" WIDTH="36" VPOS="2088" HPOS="1539"/>
<String CONTENT="B." HEIGHT="52" WIDTH="68" VPOS="2088" HPOS="1576"/>
<SP HEIGHT="55" WIDTH="44" VPOS="2086" HPOS="1645"/>
<String CONTENT="Sale;" HEIGHT="69" WIDTH="160" VPOS="2086" HPOS="1690"/>
<SP HEIGHT="49" WIDTH="42" VPOS="2106" HPOS="1851"/>
<String CONTENT="with" HEIGHT="53" WIDTH="141" VPOS="2087" HPOS="1894"/>
<SP HEIGHT="52" WIDTH="38" VPOS="2088" HPOS="2036"/>
<String CONTENT="twenty-two" HEIGHT="64" WIDTH="360" VPOS="2092" HPOS="2075"/>
</TextLine>
<TextLine HEIGHT="149" WIDTH="1991" VPOS="2164" HPOS="419" CS="1">
<String CONTENT="silhouettes" HEIGHT="54" WIDTH="334" VPOS="2165" HPOS="419"/>
<SP HEIGHT="53" WIDTH="25" VPOS="2166" HPOS="754"/>
<String CONTENT="by" HEIGHT="67" WIDTH="76" VPOS="2166" HPOS="780"/>
<SP HEIGHT="68" WIDTH="26" VPOS="2165" HPOS="857"/>
<String CONTENT="Joseph" HEIGHT="68" WIDTH="220" VPOS="2165" HPOS="884"/>
<SP HEIGHT="55" WIDTH="28" VPOS="2164" HPOS="1105"/>
<String CONTENT="Cranston" HEIGHT="55" WIDTH="287" VPOS="2164" HPOS="1134"/>
<SP HEIGHT="54" WIDTH="25" VPOS="2165" HPOS="1422"/>
<String CONTENT="Jones." HEIGHT="54" WIDTH="192" VPOS="2165" HPOS="1448"/>
<SP HEIGHT="55" WIDTH="69" VPOS="2164" HPOS="1641"/>
<String CONTENT="Chapel" HEIGHT="69" WIDTH="220" VPOS="2164" HPOS="1711"/>
<SP HEIGHT="52" WIDTH="27" VPOS="2165" HPOS="1932"/>
<String CONTENT="Hill," HEIGHT="69" WIDTH="150" VPOS="2164" HPOS="1960"/>
<SP HEIGHT="68" WIDTH="26" VPOS="2165" HPOS="2111"/>
<String CONTENT="The" HEIGHT="52" WIDTH="122" VPOS="2165" HPOS="2138"/>
<SP HEIGHT="54" WIDTH="26" VPOS="2165" HPOS="2261"/>
<String CONTENT="University" HEIGHT="148" WIDTH="1991" VPOS="2165" HPOS="419"/>
</TextLine>
<TextLine HEIGHT="69" WIDTH="972" VPOS="2242" HPOS="663">
<String CONTENT="of" HEIGHT="54" WIDTH="65" VPOS="2242" HPOS="663"/>
<SP HEIGHT="53" WIDTH="24" VPOS="2242" HPOS="729"/>
<String CONTENT="North" HEIGHT="51" WIDTH="191" VPOS="2244" HPOS="754"/>
<SP HEIGHT="55" WIDTH="26" VPOS="2242" HPOS="946"/>
<String CONTENT="Carolina" HEIGHT="55" WIDTH="275" VPOS="2242" HPOS="973"/>
<SP HEIGHT="50" WIDTH="26" VPOS="2261" HPOS="1249"/>
<String CONTENT="press," HEIGHT="50" WIDTH="176" VPOS="2261" HPOS="1276"/>
<SP HEIGHT="63" WIDTH="29" VPOS="2247" HPOS="1453"/>
<String CONTENT="1929." HEIGHT="50" WIDTH="152" VPOS="2245" HPOS="1483"/>
</TextLine>
<TextLine HEIGHT="50" WIDTH="1358" VPOS="2324" HPOS="491" STYLEREFS="StyleId-FC666B8A-8DE3-46D1-A4BF-6BE2716E0143-" CS="1">
<String CONTENT="3" HEIGHT="39" WIDTH="26" VPOS="2327" HPOS="491"/>
<SP HEIGHT="47" WIDTH="23" VPOS="2327" HPOS="518"/>
<String CONTENT="p." HEIGHT="38" WIDTH="44" VPOS="2336" HPOS="542"/>
<SP HEIGHT="40" WIDTH="25" VPOS="2326" HPOS="587"/>
<String CS="1" CONTENT="l.," HEIGHT="17" WIDTH="9" VPOS="2356" HPOS="649"/>
<SP HEIGHT="48" WIDTH="25" VPOS="2325" HPOS="659"/>
<String CONTENT="ix-xii," HEIGHT="48" WIDTH="169" VPOS="2325" HPOS="685"/>
<SP HEIGHT="48" WIDTH="26" VPOS="2325" HPOS="855"/>
<String CONTENT="151" HEIGHT="41" WIDTH="84" VPOS="2324" HPOS="882"/>
<SP HEIGHT="48" WIDTH="28" VPOS="2325" HPOS="967"/>
<String CONTENT="p." HEIGHT="38" WIDTH="44" VPOS="2335" HPOS="996"/>
<SP HEIGHT="41" WIDTH="57" VPOS="2324" HPOS="1041"/>
<String CONTENT="front.," HEIGHT="48" WIDTH="166" VPOS="2324" HPOS="1099"/>
<SP HEIGHT="48" WIDTH="25" VPOS="2324" HPOS="1266"/>
<String CONTENT="illus.," HEIGHT="48" WIDTH="146" VPOS="2324" HPOS="1292"/>
<SP HEIGHT="38" WIDTH="26" VPOS="2334" HPOS="1439"/>
<String CONTENT="plates." HEIGHT="48" WIDTH="174" VPOS="2324" HPOS="1466"/>
<SP HEIGHT="41" WIDTH="58" VPOS="2324" HPOS="1641"/>
<String CS="1" CONTENT="21&#189;&#7580;&#7504;." HEIGHT="43" WIDTH="149" VPOS="2324" HPOS="1700"/>
</TextLine>
<TextLine HEIGHT="51" WIDTH="2007" VPOS="2380" HPOS="428" STYLEREFS="StyleId-FC666B8A-8DE3-46D1-A4BF-6BE2716E0143-">
<String CONTENT="&#169;" HEIGHT="51" WIDTH="51" VPOS="2380" HPOS="428"/>
<SP HEIGHT="51" WIDTH="37" VPOS="2380" HPOS="480"/>
<String CONTENT="Sept." HEIGHT="48" WIDTH="130" VPOS="2383" HPOS="518"/>
<SP HEIGHT="41" WIDTH="31" VPOS="2383" HPOS="649"/>
<String CONTENT="2," HEIGHT="48" WIDTH="40" VPOS="2383" HPOS="681"/>
<SP HEIGHT="48" WIDTH="33" VPOS="2383" HPOS="722"/>
<String CONTENT="1929;" HEIGHT="48" WIDTH="143" VPOS="2382" HPOS="756"/>
<SP HEIGHT="48" WIDTH="34" VPOS="2382" HPOS="900"/>
<String CONTENT="2c." HEIGHT="40" WIDTH="69" VPOS="2382" HPOS="935"/>
<SP HEIGHT="30" WIDTH="34" VPOS="2392" HPOS="1005"/>
<String CONTENT="and" HEIGHT="39" WIDTH="97" VPOS="2383" HPOS="1040"/>
<SP HEIGHT="39" WIDTH="34" VPOS="2383" HPOS="1138"/>
<String CONTENT="aff." HEIGHT="41" WIDTH="83" VPOS="2381" HPOS="1173"/>
<SP HEIGHT="41" WIDTH="34" VPOS="2381" HPOS="1257"/>
<String CONTENT="Sept." HEIGHT="48" WIDTH="130" VPOS="2381" HPOS="1292"/>
<SP HEIGHT="39" WIDTH="33" VPOS="2383" HPOS="1423"/>
<String CONTENT="30;" HEIGHT="48" WIDTH="83" VPOS="2380" HPOS="1457"/>
<SP HEIGHT="47" WIDTH="36" VPOS="2381" HPOS="1541"/>
<!-- cceid A65372E6-6CFA-1014-9C3C-CEA95E7AA542 --><String CONTENT="A" HEIGHT="40" WIDTH="42" VPOS="2381" HPOS="1578"/>
<SP HEIGHT="40" WIDTH="34" VPOS="2381" HPOS="1621"/>
<String CONTENT="13774;" HEIGHT="47" WIDTH="173" VPOS="2382" HPOS="1656"/>
<SP HEIGHT="47" WIDTH="37" VPOS="2382" HPOS="1830"/>
<String CONTENT="University" HEIGHT="47" WIDTH="285" VPOS="2382" HPOS="1868"/>
<SP HEIGHT="36" WIDTH="35" VPOS="2393" HPOS="2154"/>
<String CONTENT="of" HEIGHT="40" WIDTH="51" VPOS="2382" HPOS="2190"/>
<SP HEIGHT="39" WIDTH="33" VPOS="2382" HPOS="2242"/>
<String CONTENT="North" HEIGHT="39" WIDTH="159" VPOS="2382" HPOS="2276"/>
</TextLine>
<TextLine HEIGHT="49" WIDTH="763" VPOS="2438" HPOS="499" STYLEREFS="StyleId-FC666B8A-8DE3-46D1-A4BF-6BE2716E0143-">
<String CONTENT="Carolina" HEIGHT="42" WIDTH="227" VPOS="2439" HPOS="499"/>
<SP HEIGHT="37" WIDTH="30" VPOS="2450" HPOS="727"/>
<String CONTENT="press." HEIGHT="38" WIDTH="151" VPOS="2449" HPOS="758"/>
<SP HEIGHT="49" WIDTH="68" VPOS="2438" HPOS="910"/>
<String CONTENT="(29-20773)" HEIGHT="49" WIDTH="283" VPOS="2438" HPOS="979"/>
</TextLine>
<TextLine HEIGHT="65" WIDTH="936" VPOS="2518" HPOS="422" STYLEREFS="StyleId-51FB10B0-F558-4C5B-BB8C-3F9485461724-">
<String LANG="de" CONTENT="Scheidemann," HEIGHT="64" WIDTH="450" VPOS="2518" HPOS="422"/>
<SP HEIGHT="63" WIDTH="27" VPOS="2519" HPOS="873"/>
<String LANG="en-US" CONTENT="Philipp," HEIGHT="65" WIDTH="254" VPOS="2518" HPOS="901"/>
<SP HEIGHT="58" WIDTH="31" VPOS="2525" HPOS="1156"/>
<String LANG="en-US" CONTENT="1865-" HEIGHT="50" WIDTH="170" VPOS="2523" HPOS="1188"/>
</TextLine>
<TextLine HEIGHT="72" WIDTH="1948" VPOS="2594" HPOS="491">
<String CONTENT="The" HEIGHT="53" WIDTH="123" VPOS="2598" HPOS="491"/>
<SP HEIGHT="34" WIDTH="46" VPOS="2617" HPOS="615"/>
<String CONTENT="making" HEIGHT="69" WIDTH="239" VPOS="2597" HPOS="662"/>
<SP HEIGHT="50" WIDTH="47" VPOS="2616" HPOS="902"/>
<String CONTENT="of" HEIGHT="53" WIDTH="65" VPOS="2598" HPOS="950"/>
<SP HEIGHT="51" WIDTH="47" VPOS="2598" HPOS="1016"/>
<String CONTENT="new" HEIGHT="34" WIDTH="124" VPOS="2615" HPOS="1064"/>
<SP HEIGHT="55" WIDTH="50" VPOS="2596" HPOS="1189"/>
<String CONTENT="Germany;" HEIGHT="67" WIDTH="320" VPOS="2596" HPOS="1240"/>
<SP HEIGHT="59" WIDTH="54" VPOS="2604" HPOS="1561"/>
<String CONTENT="the" HEIGHT="52" WIDTH="96" VPOS="2598" HPOS="1616"/>
<SP HEIGHT="34" WIDTH="48" VPOS="2616" HPOS="1713"/>
<String CONTENT="memoirs" HEIGHT="53" WIDTH="267" VPOS="2598" HPOS="1762"/>
<SP HEIGHT="35" WIDTH="47" VPOS="2616" HPOS="2030"/>
<String CONTENT="of" HEIGHT="52" WIDTH="65" VPOS="2597" HPOS="2078"/>
<SP HEIGHT="52" WIDTH="48" VPOS="2596" HPOS="2144"/>
<String CONTENT="Philipp" HEIGHT="68" WIDTH="246" VPOS="2594" HPOS="2193"/>
</TextLine>
<TextLine HEIGHT="73" WIDTH="2014" VPOS="2672" HPOS="423" CS="1">
<String LANG="de" CONTENT="Scheidemann;" HEIGHT="66" WIDTH="446" VPOS="2676" HPOS="423"/>
<SP HEIGHT="62" WIDTH="35" VPOS="2680" HPOS="870"/>
<String LANG="en-US" CONTENT="translated" HEIGHT="53" WIDTH="320" VPOS="2676" HPOS="906"/>
<SP HEIGHT="53" WIDTH="31" VPOS="2676" HPOS="1227"/>
<String LANG="en-US" CONTENT="by" HEIGHT="69" WIDTH="76" VPOS="2676" HPOS="1259"/>
<SP HEIGHT="70" WIDTH="31" VPOS="2675" HPOS="1336"/>
<String LANG="en-US" CONTENT="J." HEIGHT="54" WIDTH="56" VPOS="2675" HPOS="1368"/>
<SP HEIGHT="51" WIDTH="36" VPOS="2675" HPOS="1425"/>
<String LANG="en-US" CONTENT="E." HEIGHT="54" WIDTH="67" VPOS="2675" HPOS="1462"/>
<SP HEIGHT="54" WIDTH="33" VPOS="2675" HPOS="1530"/>
<String LANG="en-US" CONTENT="Michell" HEIGHT="53" WIDTH="238" VPOS="2674" HPOS="1564"/>
<SP HEIGHT="53" WIDTH="36" VPOS="2675" HPOS="1803"/>
<String LANG="en-US" CS="1" CONTENT="&#8230;"/>
<SP HEIGHT="53" WIDTH="77" VPOS="2674" HPOS="1898"/>
<String LANG="en-US" CONTENT="New" HEIGHT="52" WIDTH="141" VPOS="2674" HPOS="1976"/>
<SP HEIGHT="52" WIDTH="31" VPOS="2674" HPOS="2118"/>
<String LANG="en-US" CONTENT="York," HEIGHT="68" WIDTH="182" VPOS="2673" HPOS="2150"/>
<SP HEIGHT="69" WIDTH="31" VPOS="2672" HPOS="2333"/>
<String LANG="en-US" CONTENT="D." HEIGHT="53" WIDTH="72" VPOS="2672" HPOS="2365"/>
</TextLine>
<TextLine HEIGHT="69" WIDTH="954" VPOS="2754" HPOS="418">
<String CONTENT="Appleton" HEIGHT="69" WIDTH="299" VPOS="2754" HPOS="418"/>
<SP HEIGHT="34" WIDTH="27" VPOS="2774" HPOS="718"/>
<String CONTENT="and" HEIGHT="53" WIDTH="113" VPOS="2755" HPOS="746"/>
<SP HEIGHT="53" WIDTH="28" VPOS="2755" HPOS="860"/>
<String CONTENT="company," HEIGHT="52" WIDTH="299" VPOS="2770" HPOS="889"/>
<SP HEIGHT="62" WIDTH="31" VPOS="2757" HPOS="1189"/>
<String CONTENT="1929." HEIGHT="52" WIDTH="151" VPOS="2755" HPOS="1221"/>
</TextLine>
<TextLine HEIGHT="49" WIDTH="1088" VPOS="2832" HPOS="491" STYLEREFS="StyleId-FC666B8A-8DE3-46D1-A4BF-6BE2716E0143-" CS="1">
<String CONTENT="2" HEIGHT="39" WIDTH="27" VPOS="2834" HPOS="491"/>
<SP HEIGHT="40" WIDTH="26" VPOS="2834" HPOS="519"/>
<String CONTENT="V." HEIGHT="29" WIDTH="42" VPOS="2845" HPOS="546"/>
<SP HEIGHT="39" WIDTH="58" VPOS="2834" HPOS="589"/>
<String CONTENT="fronts.," HEIGHT="47" WIDTH="192" VPOS="2834" HPOS="648"/>
<SP HEIGHT="49" WIDTH="28" VPOS="2832" HPOS="841"/>
<String CONTENT="illus.," HEIGHT="48" WIDTH="146" VPOS="2832" HPOS="870"/>
<SP HEIGHT="37" WIDTH="31" VPOS="2843" HPOS="1017"/>
<String CONTENT="plates," HEIGHT="48" WIDTH="172" VPOS="2832" HPOS="1049"/>
<SP HEIGHT="37" WIDTH="29" VPOS="2843" HPOS="1222"/>
<String CONTENT="ports." HEIGHT="47" WIDTH="151" VPOS="2833" HPOS="1252"/>
<SP HEIGHT="40" WIDTH="57" VPOS="2832" HPOS="1404"/>
<String CS="1" CONTENT="24&#7580;&#7504;." HEIGHT="39" WIDTH="117" VPOS="2832" HPOS="1462"/>
</TextLine>
<TextLine HEIGHT="53" WIDTH="1837" VPOS="2886" HPOS="430" STYLEREFS="StyleId-FC666B8A-8DE3-46D1-A4BF-6BE2716E0143-" CS="1">
<String CONTENT="&#169;" HEIGHT="53" WIDTH="52" VPOS="2886" HPOS="430"/>
<SP HEIGHT="53" WIDTH="28" VPOS="2886" HPOS="483"/>
<String CONTENT="Oct." HEIGHT="41" WIDTH="103" VPOS="2891" HPOS="512"/>
<SP HEIGHT="39" WIDTH="27" VPOS="2893" HPOS="616"/>
<String CS="1" CONTENT="18," HEIGHT="16" WIDTH="9" VPOS="2922" HPOS="704"/>
<SP HEIGHT="45" WIDTH="26" VPOS="2893" HPOS="714"/>
<String CONTENT="1929;" HEIGHT="48" WIDTH="143" VPOS="2890" HPOS="741"/>
<SP HEIGHT="48" WIDTH="29" VPOS="2890" HPOS="885"/>
<String CONTENT="2c." HEIGHT="41" WIDTH="67" VPOS="2890" HPOS="915"/>
<SP HEIGHT="30" WIDTH="29" VPOS="2901" HPOS="983"/>
<String CONTENT="and" HEIGHT="39" WIDTH="96" VPOS="2891" HPOS="1013"/>
<SP HEIGHT="39" WIDTH="28" VPOS="2891" HPOS="1110"/>
<String CONTENT="aff." HEIGHT="42" WIDTH="83" VPOS="2889" HPOS="1139"/>
<SP HEIGHT="41" WIDTH="28" VPOS="2890" HPOS="1223"/>
<String CONTENT="Oct." HEIGHT="41" WIDTH="102" VPOS="2890" HPOS="1252"/>
<SP HEIGHT="39" WIDTH="27" VPOS="2890" HPOS="1355"/>
<String CONTENT="22;" HEIGHT="46" WIDTH="84" VPOS="2890" HPOS="1383"/>
<SP HEIGHT="46" WIDTH="30" VPOS="2890" HPOS="1468"/>
<!-- cceid A653C022-6CFA-1014-9C3C-CEA95E7AA542 --><String CONTENT="A" HEIGHT="38" WIDTH="41" VPOS="2890" HPOS="1499"/>
<SP HEIGHT="39" WIDTH="27" VPOS="2889" HPOS="1541"/>
<String CONTENT="15193;" HEIGHT="48" WIDTH="172" VPOS="2888" HPOS="1569"/>
<SP HEIGHT="46" WIDTH="31" VPOS="2890" HPOS="1742"/>
<String CONTENT="D." HEIGHT="41" WIDTH="59" VPOS="2890" HPOS="1774"/>
<SP HEIGHT="41" WIDTH="28" VPOS="2890" HPOS="1834"/>
<String CONTENT="Appleton" HEIGHT="48" WIDTH="241" VPOS="2890" HPOS="1863"/>
<SP HEIGHT="39" WIDTH="27" VPOS="2890" HPOS="2105"/>
<String CONTENT="&amp;" HEIGHT="39" WIDTH="37" VPOS="2890" HPOS="2133"/>
<SP HEIGHT="39" WIDTH="26" VPOS="2890" HPOS="2171"/>
<String CONTENT="co." HEIGHT="30" WIDTH="69" VPOS="2900" HPOS="2198"/>
</TextLine>
<TextLine HEIGHT="49" WIDTH="282" VPOS="2947" HPOS="504" STYLEREFS="StyleId-FC666B8A-8DE3-46D1-A4BF-6BE2716E0143-">
<String CONTENT="(29-22415)" HEIGHT="49" WIDTH="282" VPOS="2947" HPOS="504"/>
</TextLine>
<TextLine HEIGHT="65" WIDTH="957" VPOS="3026" HPOS="420" STYLEREFS="StyleId-51FB10B0-F558-4C5B-BB8C-3F9485461724-">
<String CONTENT="Schindler," HEIGHT="65" WIDTH="326" VPOS="3026" HPOS="420"/>
<SP HEIGHT="63" WIDTH="28" VPOS="3028" HPOS="747"/>
<String CONTENT="Anton" HEIGHT="51" WIDTH="202" VPOS="3028" HPOS="776"/>
<SP HEIGHT="51" WIDTH="29" VPOS="3028" HPOS="979"/>
<String CONTENT="Karl," HEIGHT="63" WIDTH="164" VPOS="3028" HPOS="1009"/>
<SP HEIGHT="58" WIDTH="30" VPOS="3033" HPOS="1174"/>
<String CONTENT="1879-" HEIGHT="53" WIDTH="172" VPOS="3028" HPOS="1205"/>
</TextLine>
<TextLine HEIGHT="69" WIDTH="1944" VPOS="3106" HPOS="492">
<String LANG="en-US" CONTENT="Der" HEIGHT="51" WIDTH="118" VPOS="3108" HPOS="492"/>
<SP HEIGHT="48" WIDTH="44" VPOS="3127" HPOS="611"/>
<String LANG="de" CONTENT="garten" HEIGHT="62" WIDTH="203" VPOS="3113" HPOS="656"/>
<SP HEIGHT="34" WIDTH="43" VPOS="3125" HPOS="860"/>
<String LANG="de" CONTENT="und" HEIGHT="51" WIDTH="120" VPOS="3108" HPOS="904"/>
<SP HEIGHT="52" WIDTH="41" VPOS="3108" HPOS="1025"/>
<String LANG="en-US" CONTENT="seine" HEIGHT="54" WIDTH="151" VPOS="3106" HPOS="1067"/>
<SP HEIGHT="68" WIDTH="42" VPOS="3106" HPOS="1219"/>
<String LANG="en-US" CONTENT="jahreszeiten;" HEIGHT="68" WIDTH="408" VPOS="3106" HPOS="1262"/>
<SP HEIGHT="65" WIDTH="49" VPOS="3108" HPOS="1671"/>
<String LANG="de" CONTENT="das" HEIGHT="52" WIDTH="100" VPOS="3108" HPOS="1721"/>
<SP HEIGHT="50" WIDTH="45" VPOS="3125" HPOS="1822"/>
<String LANG="de" CONTENT="grosse" HEIGHT="50" WIDTH="192" VPOS="3125" HPOS="1868"/>
<SP HEIGHT="50" WIDTH="43" VPOS="3125" HPOS="2061"/>
<String LANG="de" CONTENT="praktische" HEIGHT="69" WIDTH="331" VPOS="3106" HPOS="2105"/>
</TextLine>
<TextLine HEIGHT="71" WIDTH="2013" VPOS="3182" HPOS="420" LANG="de">
<String CONTENT="gartenbuch" HEIGHT="67" WIDTH="354" VPOS="3186" HPOS="420"/>
<SP HEIGHT="51" WIDTH="31" VPOS="3186" HPOS="775"/>
<String CONTENT="mit" HEIGHT="52" WIDTH="106" VPOS="3186" HPOS="807"/>
<SP HEIGHT="49" WIDTH="34" VPOS="3189" HPOS="914"/>
<String CONTENT="1600" HEIGHT="51" WIDTH="136" VPOS="3186" HPOS="949"/>
<SP HEIGHT="49" WIDTH="32" VPOS="3187" HPOS="1086"/>
<String CONTENT="abbildungen," HEIGHT="69" WIDTH="407" VPOS="3184" HPOS="1119"/>
<SP HEIGHT="66" WIDTH="31" VPOS="3185" HPOS="1527"/>
<String CONTENT="bearbeitet" HEIGHT="52" WIDTH="315" VPOS="3185" HPOS="1559"/>
<SP HEIGHT="47" WIDTH="30" VPOS="3190" HPOS="1875"/>
<String CONTENT="von" HEIGHT="35" WIDTH="113" VPOS="3201" HPOS="1906"/>
<SP HEIGHT="50" WIDTH="30" VPOS="3202" HPOS="2020"/>
<String LANG="en-US" CONTENT="prof." HEIGHT="70" WIDTH="153" VPOS="3182" HPOS="2051"/>
<SP HEIGHT="52" WIDTH="36" VPOS="3184" HPOS="2205"/>
<String LANG="en-US" CONTENT="dr." HEIGHT="52" WIDTH="85" VPOS="3184" HPOS="2242"/>
<SP HEIGHT="51" WIDTH="32" VPOS="3184" HPOS="2328"/>
<String CONTENT="A." HEIGHT="53" WIDTH="72" VPOS="3184" HPOS="2361"/>
</TextLine>
<TextLine HEIGHT="70" WIDTH="2010" VPOS="3260" HPOS="426" LANG="de">
<String CONTENT="K." HEIGHT="51" WIDTH="74" VPOS="3263" HPOS="426"/>
<SP HEIGHT="55" WIDTH="32" VPOS="3261" HPOS="501"/>
<String CONTENT="Schindler" HEIGHT="55" WIDTH="305" VPOS="3261" HPOS="534"/>
<SP HEIGHT="34" WIDTH="25" VPOS="3280" HPOS="840"/>
<String CONTENT="und" HEIGHT="51" WIDTH="119" VPOS="3263" HPOS="866"/>
<SP HEIGHT="51" WIDTH="29" VPOS="3263" HPOS="986"/>
<String CONTENT="staatl." HEIGHT="52" WIDTH="189" VPOS="3262" HPOS="1016"/>
<SP HEIGHT="52" WIDTH="30" VPOS="3261" HPOS="1206"/>
<String CONTENT="dipl." HEIGHT="68" WIDTH="141" VPOS="3261" HPOS="1237"/>
<SP HEIGHT="51" WIDTH="28" VPOS="3279" HPOS="1379"/>
<String CONTENT="gartenbauinspektor" HEIGHT="69" WIDTH="621" VPOS="3261" HPOS="1408"/>
<SP HEIGHT="51" WIDTH="26" VPOS="3263" HPOS="2030"/>
<String CONTENT="Paul" HEIGHT="53" WIDTH="150" VPOS="3261" HPOS="2057"/>
<SP HEIGHT="53" WIDTH="28" VPOS="3260" HPOS="2208"/>
<String CONTENT="Kache" HEIGHT="53" WIDTH="199" VPOS="3260" HPOS="2237"/>
</TextLine>
<TextLine HEIGHT="69" WIDTH="1055" VPOS="3340" HPOS="483" LANG="de" CS="1">
<String CS="1" CONTENT="&#8230;"/>
<SP HEIGHT="49" WIDTH="77" VPOS="3344" HPOS="483"/>
<String CONTENT="2." HEIGHT="50" WIDTH="48" VPOS="3344" HPOS="561"/>
<SP HEIGHT="53" WIDTH="27" VPOS="3341" HPOS="610"/>
<String CONTENT="bd." HEIGHT="52" WIDTH="93" VPOS="3341" HPOS="638"/>
<SP HEIGHT="52" WIDTH="75" VPOS="3341" HPOS="732"/>
<String CONTENT="Berlin," HEIGHT="69" WIDTH="220" VPOS="3340" HPOS="808"/>
<SP HEIGHT="69" WIDTH="27" VPOS="3340" HPOS="1029"/>
<String CONTENT="Ullstein" HEIGHT="52" WIDTH="254" VPOS="3340" HPOS="1057"/>
<SP HEIGHT="48" WIDTH="32" VPOS="3358" HPOS="1312"/>
<String CONTENT="[" HEIGHT="33" WIDTH="13" VPOS="3373" HPOS="1345"/>
<String STYLE="superscript" CS="1" CONTENT="&#7580;1"/>
<String CONTENT="929]" HEIGHT="65" WIDTH="118" VPOS="3341" HPOS="1420"/>
</TextLine>
<TextLine HEIGHT="50" WIDTH="1262" VPOS="3420" HPOS="495" STYLEREFS="StyleId-FC666B8A-8DE3-46D1-A4BF-6BE2716E0143-" CS="1">
<String LANG="de" CONTENT="4" HEIGHT="38" WIDTH="29" VPOS="3423" HPOS="495"/>
<SP HEIGHT="47" WIDTH="27" VPOS="3423" HPOS="525"/>
<String LANG="de" CONTENT="p." HEIGHT="37" WIDTH="43" VPOS="3433" HPOS="553"/>
<SP HEIGHT="39" WIDTH="29" VPOS="3423" HPOS="597"/>
<String LANG="de" CS="1" CONTENT="l.,"/>
<SP HEIGHT="29" WIDTH="34" VPOS="3441" HPOS="673"/>
<String LANG="de" CONTENT="[513]-1060" HEIGHT="50" WIDTH="265" VPOS="3420" HPOS="708"/>
<SP HEIGHT="49" WIDTH="30" VPOS="3420" HPOS="974"/>
<String LANG="de" CONTENT="p." HEIGHT="37" WIDTH="44" VPOS="3432" HPOS="1005"/>
<SP HEIGHT="41" WIDTH="58" VPOS="3420" HPOS="1050"/>
<String LANG="de" CONTENT="illus.," HEIGHT="48" WIDTH="144" VPOS="3420" HPOS="1109"/>
<SP HEIGHT="36" WIDTH="30" VPOS="3432" HPOS="1254"/>
<String LANG="en-US" CONTENT="col." HEIGHT="40" WIDTH="88" VPOS="3421" HPOS="1285"/>
<SP HEIGHT="37" WIDTH="29" VPOS="3431" HPOS="1374"/>
<String LANG="en-US" CONTENT="plates." HEIGHT="47" WIDTH="173" VPOS="3421" HPOS="1404"/>
<SP HEIGHT="40" WIDTH="58" VPOS="3421" HPOS="1578"/>
<String LANG="de" CONTENT="30" HEIGHT="40" WIDTH="59" VPOS="3420" HPOS="1637"/>
<String STYLE="superscript" LANG="de" CONTENT="cm" HEIGHT="22" WIDTH="44" VPOS="3422" HPOS="1698"/>
<String LANG="de" CONTENT="." HEIGHT="8" WIDTH="9" VPOS="3453" HPOS="1748"/>
</TextLine>
<TextLine HEIGHT="53" WIDTH="2004" VPOS="3473" HPOS="430" STYLEREFS="StyleId-FC666B8A-8DE3-46D1-A4BF-6BE2716E0143-" LANG="de" CS="1">
<String CONTENT="&#169;" HEIGHT="53" WIDTH="52" VPOS="3473" HPOS="430"/>
<SP HEIGHT="53" WIDTH="31" VPOS="3473" HPOS="483"/>
<String CONTENT="June" HEIGHT="40" WIDTH="127" VPOS="3478" HPOS="515"/>
<SP HEIGHT="39" WIDTH="29" VPOS="3478" HPOS="643"/>
<String CONTENT="20," HEIGHT="49" WIDTH="70" VPOS="3477" HPOS="673"/>
<SP HEIGHT="47" WIDTH="31" VPOS="3479" HPOS="744"/>
<String CONTENT="1929;" HEIGHT="47" WIDTH="141" VPOS="3477" HPOS="776"/>
<SP/>
<String CS="1" CONTENT="1c."/>
<SP HEIGHT="39" WIDTH="30" VPOS="3478" HPOS="1020"/>
<String CONTENT="Aug." HEIGHT="47" WIDTH="121" VPOS="3478" HPOS="1051"/>
<SP HEIGHT="39" WIDTH="31" VPOS="3479" HPOS="1173"/>
<String CONTENT="14;" HEIGHT="46" WIDTH="83" VPOS="3478" HPOS="1205"/>
<SP HEIGHT="47" WIDTH="33" VPOS="3477" HPOS="1289"/>
<!-- cceid A6540FDD-6CFA-1014-9C3C-CEA95E7AA542 --><String LANG="en-US" CONTENT="A" HEIGHT="39" WIDTH="42" VPOS="3477" HPOS="1323"/>
<String CONTENT="&#8212;Foreign" HEIGHT="48" WIDTH="275" VPOS="3476" HPOS="1365"/>
<SP HEIGHT="38" WIDTH="26" VPOS="3478" HPOS="1641"/>
<String CONTENT="4299;" HEIGHT="48" WIDTH="144" VPOS="3476" HPOS="1668"/>
<SP HEIGHT="47" WIDTH="36" VPOS="3477" HPOS="1813"/>
<String CONTENT="Ullstein" HEIGHT="40" WIDTH="212" VPOS="3477" HPOS="1850"/>
<SP HEIGHT="28" WIDTH="32" VPOS="3488" HPOS="2063"/>
<String CONTENT="a.-g.," HEIGHT="38" WIDTH="119" VPOS="3487" HPOS="2096"/>
<SP HEIGHT="46" WIDTH="33" VPOS="3477" HPOS="2216"/>
<String CONTENT="Berlin." HEIGHT="40" WIDTH="184" VPOS="3476" HPOS="2250"/>
</TextLine>
<TextLine HEIGHT="66" WIDTH="1132" VPOS="3555" HPOS="423" STYLEREFS="StyleId-51FB10B0-F558-4C5B-BB8C-3F9485461724-">
<String LANG="de" CONTENT="Schneider," HEIGHT="64" WIDTH="341" VPOS="3557" HPOS="423"/>
<SP HEIGHT="63" WIDTH="25" VPOS="3558" HPOS="765"/>
<String LANG="de" CONTENT="Herbert" HEIGHT="52" WIDTH="261" VPOS="3557" HPOS="791"/>
<SP HEIGHT="53" WIDTH="25" VPOS="3557" HPOS="1053"/>
<String LANG="en-US" CONTENT="Wallace," HEIGHT="66" WIDTH="274" VPOS="3555" HPOS="1079"/>
<SP HEIGHT="57" WIDTH="30" VPOS="3564" HPOS="1354"/>
<String LANG="de" CONTENT="1892-" HEIGHT="50" WIDTH="170" VPOS="3561" HPOS="1385"/>
</TextLine>
<TextLine HEIGHT="70" WIDTH="1945" VPOS="3634" HPOS="494">
<String CONTENT="Making" HEIGHT="68" WIDTH="245" VPOS="3636" HPOS="494"/>
<SP HEIGHT="69" WIDTH="31" VPOS="3635" HPOS="740"/>
<String CONTENT="fascists," HEIGHT="69" WIDTH="247" VPOS="3635" HPOS="772"/>
<SP HEIGHT="69" WIDTH="30" VPOS="3635" HPOS="1020"/>
<String CONTENT="by" HEIGHT="69" WIDTH="77" VPOS="3635" HPOS="1051"/>
<SP HEIGHT="69" WIDTH="31" VPOS="3635" HPOS="1129"/>
<String CONTENT="Herbert" HEIGHT="53" WIDTH="252" VPOS="3635" HPOS="1161"/>
<SP HEIGHT="54" WIDTH="29" VPOS="3635" HPOS="1414"/>
<String CONTENT="W." HEIGHT="54" WIDTH="91" VPOS="3635" HPOS="1444"/>
<SP HEIGHT="55" WIDTH="36" VPOS="3634" HPOS="1536"/>
<String CONTENT="Schneider" HEIGHT="55" WIDTH="314" VPOS="3634" HPOS="1573"/>
<SP HEIGHT="35" WIDTH="33" VPOS="3653" HPOS="1888"/>
<String CONTENT="and" HEIGHT="51" WIDTH="113" VPOS="3637" HPOS="1922"/>
<SP HEIGHT="55" WIDTH="34" VPOS="3635" HPOS="2036"/>
<String CONTENT="Shepard" HEIGHT="67" WIDTH="266" VPOS="3635" HPOS="2071"/>
<SP HEIGHT="54" WIDTH="32" VPOS="3634" HPOS="2338"/>
<String CONTENT="B." HEIGHT="51" WIDTH="68" VPOS="3634" HPOS="2371"/>
</TextLine>
<TextLine HEIGHT="71" WIDTH="2007" VPOS="3711" HPOS="425">
<String CONTENT="Clough." HEIGHT="69" WIDTH="243" VPOS="3713" HPOS="425"/>
<SP HEIGHT="54" WIDTH="76" VPOS="3713" HPOS="669"/>
<String CONTENT="Chicago," HEIGHT="69" WIDTH="272" VPOS="3713" HPOS="746"/>
<SP HEIGHT="69" WIDTH="24" VPOS="3713" HPOS="1019"/>
<String CONTENT="Ill.," HEIGHT="68" WIDTH="114" VPOS="3713" HPOS="1044"/>
<SP HEIGHT="68" WIDTH="25" VPOS="3713" HPOS="1159"/>
<String CONTENT="The" HEIGHT="53" WIDTH="121" VPOS="3713" HPOS="1185"/>
<SP HEIGHT="54" WIDTH="23" VPOS="3712" HPOS="1307"/>
<String CONTENT="University" HEIGHT="70" WIDTH="341" VPOS="3712" HPOS="1331"/>
<SP HEIGHT="53" WIDTH="24" VPOS="3729" HPOS="1673"/>
<String CONTENT="of" HEIGHT="52" WIDTH="65" VPOS="3712" HPOS="1698"/>
<SP HEIGHT="55" WIDTH="25" VPOS="3711" HPOS="1764"/>
<String CONTENT="Chicago" HEIGHT="69" WIDTH="253" VPOS="3711" HPOS="1790"/>
<SP HEIGHT="50" WIDTH="23" VPOS="3730" HPOS="2044"/>
<String CONTENT="press" HEIGHT="50" WIDTH="158" VPOS="3730" HPOS="2068"/>
<SP HEIGHT="47" WIDTH="31" VPOS="3731" HPOS="2227"/>
<String CONTENT="[1929]" HEIGHT="65" WIDTH="173" VPOS="3713" HPOS="2259"/>
</TextLine>
<TextLine HEIGHT="51" WIDTH="1777" VPOS="3790" HPOS="565" CS="1">
<String CS="1" CONTENT="xv," HEIGHT="16" WIDTH="9" VPOS="3824" HPOS="565"/>
<SP HEIGHT="48" WIDTH="28" VPOS="3792" HPOS="575"/>
<String CONTENT="211" HEIGHT="39" WIDTH="83" VPOS="3792" HPOS="604"/>
<SP HEIGHT="48" WIDTH="29" VPOS="3792" HPOS="688"/>
<String CONTENT="p." HEIGHT="37" WIDTH="44" VPOS="3803" HPOS="718"/>
<SP HEIGHT="42" WIDTH="57" VPOS="3791" HPOS="763"/>
<String CS="1" CONTENT="24&#189;&#7580;&#7504;." HEIGHT="42" WIDTH="148" VPOS="3791" HPOS="821"/>
<SP HEIGHT="48" WIDTH="69" VPOS="3791" HPOS="970"/>
<String CS="1" CONTENT="(Half-title:" HEIGHT="50" WIDTH="280" VPOS="3791" HPOS="1063"/>
<SP HEIGHT="42" WIDTH="30" VPOS="3791" HPOS="1344"/>
<String CONTENT="Studies" HEIGHT="42" WIDTH="196" VPOS="3791" HPOS="1375"/>
<SP HEIGHT="41" WIDTH="29" VPOS="3790" HPOS="1572"/>
<String CONTENT="in" HEIGHT="41" WIDTH="53" VPOS="3790" HPOS="1602"/>
<SP HEIGHT="39" WIDTH="29" VPOS="3793" HPOS="1656"/>
<String CONTENT="the" HEIGHT="41" WIDTH="83" VPOS="3791" HPOS="1686"/>
<SP HEIGHT="30" WIDTH="29" VPOS="3802" HPOS="1770"/>
<String CONTENT="making" HEIGHT="48" WIDTH="201" VPOS="3791" HPOS="1800"/>
<SP HEIGHT="38" WIDTH="28" VPOS="3801" HPOS="2002"/>
<String CONTENT="of" HEIGHT="42" WIDTH="54" VPOS="3790" HPOS="2031"/>
<SP HEIGHT="42" WIDTH="26" VPOS="3790" HPOS="2086"/>
<String CONTENT="citizens)" HEIGHT="49" WIDTH="229" VPOS="3790" HPOS="2113"/>
</TextLine>
<TextLine HEIGHT="50" WIDTH="847" VPOS="3847" HPOS="498">
<String CONTENT="&#8220;Bibliographical" HEIGHT="49" WIDTH="445" VPOS="3848" HPOS="498"/>
<SP HEIGHT="38" WIDTH="25" VPOS="3849" HPOS="944"/>
<String CONTENT="note&#8221;:" HEIGHT="41" WIDTH="172" VPOS="3847" HPOS="970"/>
<SP HEIGHT="38" WIDTH="30" VPOS="3858" HPOS="1143"/>
<String CONTENT="p." HEIGHT="37" WIDTH="43" VPOS="3859" HPOS="1174"/>
<SP HEIGHT="40" WIDTH="26" VPOS="3847" HPOS="1218"/>
<String CONTENT="205." HEIGHT="41" WIDTH="100" VPOS="3847" HPOS="1245"/>
</TextLine>
<TextLine HEIGHT="53" WIDTH="2001" VPOS="3902" HPOS="431" STYLEREFS="StyleId-FC666B8A-8DE3-46D1-A4BF-6BE2716E0143-">
<String CONTENT="&#169;" HEIGHT="52" WIDTH="52" VPOS="3903" HPOS="431"/>
<SP HEIGHT="52" WIDTH="31" VPOS="3903" HPOS="484"/>
<String CONTENT="Sept." HEIGHT="47" WIDTH="129" VPOS="3907" HPOS="516"/>
<SP HEIGHT="42" WIDTH="26" VPOS="3905" HPOS="646"/>
<String CONTENT="24," HEIGHT="48" WIDTH="69" VPOS="3905" HPOS="673"/>
<SP HEIGHT="46" WIDTH="29" VPOS="3907" HPOS="743"/>
<String CONTENT="1929;" HEIGHT="44" WIDTH="141" VPOS="3905" HPOS="773"/>
<SP HEIGHT="43" WIDTH="29" VPOS="3906" HPOS="915"/>
<String CONTENT="2c." HEIGHT="40" WIDTH="70" VPOS="3906" HPOS="945"/>
<SP HEIGHT="31" WIDTH="28" VPOS="3915" HPOS="1016"/>
<String CONTENT="and" HEIGHT="38" WIDTH="96" VPOS="3906" HPOS="1045"/>
<SP HEIGHT="38" WIDTH="28" VPOS="3906" HPOS="1142"/>
<String CONTENT="aff." HEIGHT="42" WIDTH="82" VPOS="3904" HPOS="1171"/>
<SP HEIGHT="41" WIDTH="29" VPOS="3905" HPOS="1254"/>
<String CONTENT="Oct." HEIGHT="40" WIDTH="103" VPOS="3905" HPOS="1284"/>
<SP HEIGHT="40" WIDTH="29" VPOS="3905" HPOS="1388"/>
<String CONTENT="18;" HEIGHT="46" WIDTH="82" VPOS="3905" HPOS="1418"/>
<SP HEIGHT="46" WIDTH="31" VPOS="3905" HPOS="1501"/>
<!-- cceid A654666D-6CFA-1014-9C3C-CEA95E7AA542 --><String CONTENT="A" HEIGHT="38" WIDTH="41" VPOS="3905" HPOS="1533"/>
<SP HEIGHT="38" WIDTH="27" VPOS="3905" HPOS="1575"/>
<String CONTENT="15106;" HEIGHT="48" WIDTH="172" VPOS="3903" HPOS="1603"/>
<SP HEIGHT="46" WIDTH="32" VPOS="3905" HPOS="1776"/>
<String CONTENT="University" HEIGHT="47" WIDTH="286" VPOS="3904" HPOS="1809"/>
<SP HEIGHT="36" WIDTH="29" VPOS="3915" HPOS="2096"/>
<String CONTENT="of" HEIGHT="41" WIDTH="51" VPOS="3903" HPOS="2126"/>
<SP HEIGHT="41" WIDTH="29" VPOS="3902" HPOS="2178"/>
<String CONTENT="Chicago," HEIGHT="49" WIDTH="224" VPOS="3902" HPOS="2208"/>
</TextLine>
<TextLine HEIGHT="50" WIDTH="575" VPOS="3960" HPOS="502" STYLEREFS="StyleId-FC666B8A-8DE3-46D1-A4BF-6BE2716E0143-">
<String CONTENT="Chicago." HEIGHT="48" WIDTH="225" VPOS="3962" HPOS="502"/>
<SP HEIGHT="49" WIDTH="65" VPOS="3961" HPOS="728"/>
<String CONTENT="(29-22410)" HEIGHT="50" WIDTH="283" VPOS="3960" HPOS="794"/>
</TextLine>
</TextBlock>
</PrintSpace>
</Page>
</Layout>
</alto>