2542 4361
1091 4010 100 54 743

133 419 192 53 solved
353 419 96 51 the
474 423 253 64 mystery
755 418 63 52 of
844 419 95 52 the
968 419 256 52 deserted
1254 419 171 65 hotel,
1453 419 76 68 by
1556 419 161 53 Alice
1746 420 145 54 Dale
1920 422 207 69 Hardy

195 495 1934 69 … illustrated by Walter S. Rogers. New York, Grosset &
133 573 465 67 Dunlap [ᶜ 1929 ]
203 653 1862 51 2 p. l., 244 p. front., plates. 19½ᶜᵐ. (Her The Riddle club books)
135 707 51 52 ©
213 713 114 46 May
350 711 69 48 10,
446 710 140 47 1929;
612 710 69 41 2c.
707 713 96 38 and
829 711 82 39 aff.
940 712 113 47 May
1080 711 81 46 13;
1192 712 41 37 A
1258 710 140 48 8082;
1430 713 200 39 Grosset
1655 713 38 39 &
1718 713 209 47 Dunlap,
1955 714 91 40 inc.

212 766 280 50 (29-11016)

138 862 228 62 Hayne,
399 861 113 53 Coe
543 859 215 64 Smith,
793 864 170 51 1875-

203 937 1926 70 Red men on the Bighorn, by Coe Hayne … contains the
133 1023 159 61 story
317 1015 64 54 of
407 1014 176 56 Swift
610 1016 199 68 Eagle,
833 1016 172 52 based
1033 1034 71 33 on
1133 1015 167 54 Crow
1325 1016 233 69 legends
1586 1036 59 34 as
1671 1018 121 52 told
1818 1018 76 68 by
1920 1020 211 68 Plenty

135 1092 196 56 Crows
379 1093 150 69 (Red
567 1092 184 69 Neck)
799 1098 58 47 to
895 1093 90 53 his
1021 1112 101 34 son
1160 1093 208 68 Alvin;
1410 1094 189 53 edited
1636 1095 75 69 by
1750 1096 95 53 the
133 1097 1975 130 Department

336 1171 64 54 of
446 1171 344 68 missionary
840 1171 318 68 education,
1210 1172 195 53 Board
1456 1172 63 53 of
1570 1173 300 53 education
1922 1175 64 52 of
2035 1176 95 52 the

133 1249 1993 71 Northern Baptist convention … Philadelphia, Boston [etc.]
133 1328 798 67 The Judson press [ ᶜ1 929]
205 1408 1132 49 5 p. l., 123 p. front., plates. ports. 20 ᶜᵐ .
134 1463 51 52 ©
216 1468 114 47 May
358 1467 69 48 15,
456 1466 140 48 1929;
626 1467 69 41 2c.
722 1467 96 39 and
848 1466 82 41 aff.
961 1467 113 47 May
1104 1466 82 47 18;
1217 1466 41 39 A
1287 1466 140 47 9153;
1460 1467 189 41 Judson
1675 1478 150 38 press.

213 1522 282 50 (29-11522)

135 1617 216 64 Heller,
382 1616 185 53 Helen
594 1617 185 54 West.

205 1695 328 69 Migratory
574 1713 168 50 urge;
789 1695 286 52 wood-cut
1119 1713 210 51 poems,
1370 1696 76 69 by
1488 1696 186 53 Helen
1714 1697 159 53 West
1915 1699 215 52 Heller.

138 1773 270 70 Chicago,
437 1773 64 53 F.
534 1774 55 53 J.
620 1773 208 69 Meine,
860 1776 150 50 1928.

206 1853 798 48 57 l. incl. illus., plates. 20 ᶜᵐ .
205 1911 202 40 Printed
433 1921 61 30 on
519 1921 88 29 one
634 1911 104 39 side
764 1910 52 40 of
842 1910 101 40 leaf
969 1921 59 29 on
1057 1910 218 48 opposite
1302 1921 161 38 pages.

209 1968 242 40 “Number
488 1968 26 40 9
553 1967 52 40 of
643 1978 89 29 one
770 1967 222 40 hundred
1034 1968 95 39 and
1170 1967 111 39 nine
1322 1967 167 48 signed
1532 1969 94 39 and
1668 1968 262 41 numbered
1973 1969 159 49 copies

135 2024 193 48 printed
371 2025 127 39 from
544 2025 81 39 the
669 2025 135 39 wood
851 2024 164 40 blocks
1060 2035 59 29 on
1168 2023 209 48 Spanish
1424 2025 291 39 hand-made
1761 2036 150 38 paper
1955 2029 52 37 at
2052 2027 81 39 the

136 2082 226 47 Hogarth
391 2081 178 49 press.”

137 2135 51 52 ©
219 2140 119 39 Nov.
365 2139 41 47 2,
438 2139 140 47 1928;
609 2139 69 40 2c.
707 2139 116 48 Apr.
853 2139 69 47 15,
953 2138 142 47 1929;
1129 2137 83 41 aff.
1243 2138 114 48 Apr.
1388 2137 82 49 16;
1504 2139 41 39 A
1576 2139 140 47 6600;
1750 2140 60 41 H.
1843 2140 73 40 W.
1947 2140 182 42 Heller,

205 2195 223 49 Chicago.
497 2194 280 50 (29-10050)

135 2289 322 64 Holloway,
489 2289 258 53 Thomas
779 2289 64 55 T.

200 2369 178 53 What
420 2369 48 54 is
511 2387 199 51 wrong
754 2369 141 53 with
938 2387 123 35 new
1105 2367 282 69 thought?
1484 2369 54 52 A
1583 2367 204 55 review
1832 2370 63 52 of
1940 2369 194 69 Ralph

130 2447 210 54 Waldo
375 2445 221 57 Trine’s
630 2446 164 69 book,
831 2447 108 53 “In
972 2454 135 47 tune
1144 2446 139 54 with
1320 2449 95 51 the
1453 2446 286 70 Infinite”,
1775 2448 75 69 by
1886 2448 248 52 Thomas

130 2527 65 53 T.
222 2527 323 68 Holloway.
620 2527 113 52 Los
750 2526 267 69 Angeles,
1036 2525 195 67 Calif.,
1250 2527 120 52 The
1401 2526 166 53 Biola
1593 2526 148 53 book
1766 2543 174 52 room,
1967 2526 165 53 Bible

130 2604 993 69 institute of Los Angeles [ ᶜ1 928]
200 2685 306 49 30 p. 20 ᶜᵐ .
137 2739 51 52 ©
225 2743 102 41 Oct.
360 2744 69 47 11,
464 2743 117 41 1928;
641 2743 68 41 2c.
743 2743 96 39 and
873 2742 83 41 aff.
991 2743 113 47 May
1140 2744 38 46 1,
1213 2741 142 48 1929;
1391 2742 41 38 A
1467 2741 140 46 7851;
1644 2741 139 40 Bible
1816 2741 228 39 institute
2078 2741 51 39 of

203 2799 94 39 Los
327 2800 220 47 Angeles.
617 2798 281 49 (29-10768)

134 2894 252 62 Hoover,
418 2891 282 56 Latharo.

206 2970 121 52 The
357 2968 311 69 Camp-fire
695 2968 140 70 boys
862 2969 61 52 in
950 2969 95 53 the
1075 2969 296 52 Brazilian
1401 2968 344 65 wilderness,
1773 2968 75 68 by
1876 2967 255 53 Latharo

136 3046 1609 68 Hoover … New York, A. L. Burt company [ ᶜ1 929]
205 3126 1406 51 255 p. front. 19½ ᶜᵐ . (His Camp-fire boys series)
138 3183 51 52 ©
218 3188 114 46 May
359 3186 67 46 10,
455 3186 116 39 1929;
624 3186 67 42 2c.
719 3187 96 39 and
842 3185 83 41 aff.
954 3186 114 47 May
1096 3186 55 38 14;
1208 3184 41 39 A
1276 3184 114 40 9073;
1447 3184 53 40 A.
1530 3184 51 40 L.
1610 3185 123 39 Burt
1763 3195 67 29 co.

215 3241 281 50 (29-11019)

205 3332 1865 71 The Camp-fire boys in the South Seas, by Latharo Hoover …
137 3411 1265 69 New York, A. L. Burt company [ ᶜ1 929]
207 3491 1403 50 227 p. front. 19½ ᶜᵐ . (His Camp-fire boys series)
139 3547 51 52 ©
221 3552 113 47 May
361 3550 40 48 9,
429 3550 114 41 1929;
598 3550 67 42 2c.
693 3552 96 39 and
816 3550 83 42 aff.
928 3552 114 46 May
1069 3551 56 38 14;
1181 3549 41 39 A
1249 3548 117 41 9074;
1420 3549 55 39 A.
1503 3551 51 38 L.
1582 3549 126 39 Burt
1734 3559 68 30 co.

216 3606 280 49 (29-11018)

138 3701 183 63 Hope,
358 3700 196 53 Laura
592 3701 133 55 Lee.

207 3780 212 69 Bunny
458 3780 211 53 Brown
710 3782 112 51 and
861 3780 89 54 his
990 3780 165 53 sister
1196 3778 111 55 Sue
1349 3785 58 46 at
1446 3779 185 68 Berry
1667 3777 124 67 hill,
1827 3777 77 70 by
1942 3778 191 52 Laura

135 3854 1998 71 Lee Hope … illustrated by Walter S. Rogers. New York,
137 3932 771 71 Grosset & Dunlap [ᶜ 1929]
