2533 4384
1079 4014 104 55 227

111 432 324 56 illustrated
476 432 141 52 with
660 436 101 48 134
798 431 168 54 black
1006 431 113 53 and
1161 430 174 53 white
1376 429 220 55 textual
1637 430 212 69 figures
1891 431 113 54 and
2047 436 68 49 20

110 513 199 67 plates,
338 513 29 49 9
395 508 64 56 of
484 510 186 52 which
699 529 95 33 are
822 510 59 52 in
910 509 197 54 colors.
1184 508 72 52 3d
1286 509 106 66 ed.,
1420 507 340 69 completely
1789 526 114 36 rev.
110 507 1980 151 Baltimore,
353 589 121 51 The
497 588 291 53 Williams
811 590 45 49 &
879 585 252 56 Wilkins
1157 604 300 51 company,
1485 588 150 51 1929.

181 664 1438 56 xvii, 187 p. illus., xx pl. (part col.) on 15 l. 23½ cm .
114 738 53 52 ©
198 741 112 40 Feb.
338 740 71 48 22,
438 739 116 41 1929;
610 740 71 40 2c.
710 740 97 39 and
838 738 84 42 aff.
954 738 111 42 Feb.
1096 739 82 40 28;
1213 738 42 39 A
1283 737 145 48 5534;
1459 736 246 44 Williams
1734 740 39 40 &
1801 739 214 41 Wilkins
2044 751 70 31 co.

191 797 253 51 (29-5805)

111 906 279 64 Beeding,
425 906 263 63 Francis,
722 907 196 67 pseud.

181 985 206 66 Pretty
456 982 247 69 sinister,
773 982 77 69 by
919 981 241 55 Francis
1231 982 276 70 Beeding.
1614 984 238 67 Boston,
1922 984 197 69 Little,

111 1063 229 66 Brown,
370 1060 114 54 and
513 1079 300 50 company,
845 1064 150 50 1929.

177 1142 663 53 4 p. l., [3]-317 p. 19½ᶜᵐ.
114 1212 52 52 ©
195 1215 112 41 Feb.
337 1214 68 48 16,
435 1214 141 46 1929;
606 1215 68 39 2c.
704 1215 96 39 and
831 1213 82 42 aff.
944 1212 112 43 Feb.
1086 1213 83 47 19;
1200 1214 42 39 A
1270 1214 144 47 4520;
1447 1214 164 49 Little,
1642 1216 193 49 Brown,
1867 1220 95 39 and
181 1225 1917 98 company.
390 1269 252 51 (29-4642)

110 1380 175 63 Benz,
314 1380 202 62 Harry
546 1380 274 54 Edward.

241 1456 1817 74 … The efficiency book for high schools, by Η. H. [!] Benz …
109 1534 1988 153 and F. B. Knight … New York, Chicago [etc.] Rand, McNally & company [ ᶜ1 929 ]
180 1697 55 40 76
268 1708 44 37 p.
345 1695 110 45 incl.
489 1696 143 47 illus.,
666 1707 48 29 iv
745 1697 174 40 double
954 1706 152 40 maps,
1140 1696 196 49 diagrs.,
1368 1697 143 41 form.
1572 1700 148 40 30½ᶜᵐ.

180 1768 63 40 At
272 1767 125 41 head
425 1768 53 40 of
506 1767 135 40 title:
673 1766 185 49 Pupil’s
887 1766 199 42 edition.

182 1823 266 44 “Contains
483 1823 155 48 thirty
675 1824 347 41 standardized
1062 1824 177 41 review
1275 1824 244 42 exercises
1556 1837 60 30 on
1656 1827 80 40 the
1773 1828 262 41 essentials
2072 1830 51 39 of

111 1884 197 39 content
349 1880 108 43 first
500 1882 176 47 taught
718 1881 51 39 in
811 1881 84 40 the
935 1880 300 49 elementary
1279 1883 98 40 and
1418 1882 345 43 intermediate
1804 1885 178 48 grades
2026 1888 96 39 and

110 1940 49 39 in
186 1939 166 49 junior
380 1938 118 49 high
525 1937 233 42 schools.”

117 2007 52 52 ©
198 2011 113 40 Feb.
338 2010 71 47 21,
438 2009 141 47 1929;
607 2009 70 41 2c.
708 2010 95 39 and
834 2009 80 40 aff.
947 2008 110 43 Feb.
1086 2009 84 47 25;
1202 2010 42 39 A
1272 2009 142 48 5497;
1446 2010 141 42 Rand
1619 2012 226 49 McNally
1876 2013 36 40 &
1942 2025 66 29 co.

192 2065 253 52 (29-5800)

113 2175 224 64 Bierce,
368 2173 310 66 Ambrose,
711 2179 174 50 1842-

182 2252 95 52 An
305 2250 345 69 invocation,
676 2251 76 70 by
781 2251 281 55 Ambrose
1092 2252 227 68 Bierce;
1352 2254 137 53 with
1523 2273 31 35 a
1583 2255 222 53 critical
112 2253 1988 133 introduction
267 2331 77 69 by
375 2329 223 71 George
634 2329 274 71 Sterling,
943 2330 112 54 and
1089 2350 71 33 an
1195 2332 372 70 explanation
1599 2333 76 70 by
1711 2333 180 56 Oscar
1922 2337 201 52 Lewis.

117 2408 116 56 San
275 2409 325 67 Francisco,
639 2410 245 53 Printed
928 2408 93 55 for
1063 2411 95 53 the
1200 2411 164 53 Book
1405 2411 129 55 club
1577 2412 64 53 of
1684 2413 328 56 California
2049 2416 77 70 by

113 2488 55 54 J.
200 2489 78 52 H.
310 2487 176 69 Nash,
519 2490 151 51 1928.

182 2572 98 47 xvi,
310 2573 54 40 13
395 2582 43 39 p.
498 2572 147 41 28½ᶜᵐ.

184 2642 95 41 “Of
308 2640 99 43 this
436 2642 124 40 book
589 2643 138 39 three
757 2643 222 41 hundred
1011 2643 159 48 copies
1198 2654 129 31 were
1356 2645 194 48 printed
1581 2647 79 40 for
1690 2648 239 42 members
1962 2649 51 41 of
2041 2652 83 40 the

114 2699 134 40 Book
280 2699 109 40 club
421 2699 50 40 of
504 2699 289 41 California.
853 2698 119 41 This
1004 2711 119 36 copy
1154 2700 42 40 is
1227 2702 204 40 number
1461 2702 128 42 198.”

185 2755 103 39 “An
318 2754 228 42 editorial
575 2756 126 40 from
736 2755 98 41 San
864 2755 261 43 Francisco
1156 2758 280 40 examiner”:
1498 2771 43 37 p.
1572 2760 127 41 9-13.

119 2821 53 52 ©
206 2826 112 40 Dec.
351 2826 40 45 1,
423 2825 142 47 1928;
600 2827 68 40 2c.
701 2827 112 41 Jan.
846 2827 69 46 14,
949 2825 142 45 1929;
1125 2827 83 41 aff.
1243 2828 111 41 Jan.
1388 2829 83 44 15;
1506 2830 42 40 A
1579 2831 142 43 2842;
1759 2833 136 41 Book
1928 2834 109 40 club
2071 2836 53 39 of

189 2881 287 43 California.
542 2882 253 49 (29-2049)

121 2975 343 67 Billington,
498 2978 35 53 J
822 2978 71 56 A.

185 3054 359 55 Investment
587 3054 459 61 fundamentals;
1092 3058 127 53 how
1263 3064 60 48 to
1367 3059 186 56 invest
1593 3081 146 51 your
1783 3083 223 52 money,
2050 3065 77 71 by

117 3132 55 53 J.
215 3132 72 53 A.
329 3131 345 71 Billington,
718 3134 262 55 Bernard
1023 3136 182 70 Krog.
1296 3136 273 73 Chicago,
1612 3140 115 71 Ill.,
1769 3141 359 58 Investment

116 3210 357 69 advertising
508 3229 301 51 company,
845 3216 151 52 1928.

186 3291 102 48 viii,
317 3291 83 40 151
432 3303 43 37 p.
536 3293 154 48 diagr.
750 3293 58 40 19½
840 3297 43 21 cm
889 3327 9 8 .

123 3358 52 52 ©
205 3363 114 41 Dec.
348 3364 69 47 10,
477 3364 85 41 1928;
620 3365 67 40 2c.
718 3367 96 39 and
845 3366 84 41 aff.
960 3366 109 42 Jan.
1100 3368 69 48 18,
1200 3368 143 46 1929;
1376 3369 41 40 A
1447 3371 142 47 3791;
1625 3373 302 42 Investment
191 3374 1919 96 advertising
368 3430 68 31 co.
504 3421 252 48 (29-5488)

124 3512 210 64 Booth,
365 3513 185 54 Grace
580 3516 244 55 Estella.

190 3588 53 53 A
288 3591 271 54 teachers’
601 3592 308 54 handbook
953 3593 96 55 for
1092 3595 245 55 Goode’s
1378 3599 193 54 school
1616 3601 165 69 atlas,
1822 3602 78 70 by
1944 3604 186 56 Grace

121 3667 2010 85 Estella Booth … New York, Chicago [etc.] Rand, McNally &
121 3749 508 65 company [ ᶜ1 929]
190 3826 62 48 iv,
282 3827 54 40 72
363 3838 43 38 p.
466 3827 57 41 19
525 3830 43 22 cm
574 3861 9 8 .

127 3892 52 52 ©
206 3897 112 41 Feb.
343 3897 68 48 13,
438 3898 141 49 1929;
606 3900 68 41 2c.
701 3903 95 39 and
823 3902 82 42 aff.
931 3903 112 42 Feb.
1068 3905 83 46 21;
1181 3906 40 38 A
1246 3906 142 47 5447;
1417 3907 142 43 Rand
1586 3911 226 48 McNally
1839 3916 37 40 &
1901 3923 68 29 co.

204 3953 252 52 (29-5491)
