2512 4377
1237 4002 101 50 556

358 455 472 49 3 p. l., 240 p. 23 ᶜᵐ.
294 520 51 52 ©
377 525 111 40 Feb.
518 525 40 47 1,
589 525 115 39 1929;
763 524 68 41 2c.
862 527 123 39 Mar.
1016 526 25 38 1;
1103 524 82 42 aff.
1217 526 122 40 Mar.
1370 526 47 37 11;
1486 525 40 39 A
1555 525 116 40 4853;
1734 526 94 47 Jay
1859 526 94 39 Leo
1988 526 301 48 Rothschild,

359 582 118 40 New
506 582 144 40 York.
718 580 252 48 (29-9684)

289 688 269 64 O’Brien,
586 689 146 52 Paul
760 689 196 64 Peter,
987 696 171 48 1885-

355 765 241 53 Manual
634 765 65 52 of
737 764 222 55 federal
998 769 289 66 appellate
1324 768 329 67 procedure.
1737 767 100 70 (2d
1875 767 114 69 ed.)
2072 768 58 51 A
287 785 1981 110 concise

424 844 113 51 and
565 843 279 68 practical
870 844 248 68 treatise,
1147 845 328 70 annotated,
1503 864 72 34 on
1604 846 78 51 all
1710 846 371 68 proceedings
286 864 1982 124 necessary

448 938 74 35 on
551 923 224 66 appeal,
806 921 273 68 petitions
1107 928 59 47 to
1195 922 207 53 review
1431 923 194 53 orders
1656 923 66 52 of
1747 924 99 52 the
1875 924 196 51 Board
2099 923 66 52 of
2193 929 100 47 tax

286 999 253 68 appeals,
572 998 244 54 Federal
848 1000 166 52 trade
1047 999 378 69 commission,
1459 1000 311 53 Interstate
1806 1018 306 35 commerce
282 1018 1988 126 commission,
574 1076 243 53 Federal

853 1094 220 36 reserve
1108 1078 198 67 board,
1343 1077 278 55 decisions
1657 1078 65 53 of
1756 1078 247 53 District
2038 1084 161 47 court
2233 1079 60 52 in

286 1155 223 53 awards
557 1153 64 53 of
667 1154 362 68 arbitration,
1078 1156 113 52 and
1237 1157 236 66 appeals
1519 1156 59 52 in
1626 1156 314 69 admiralty
1982 1173 151 36 cases
2180 1157 113 53 and

284 1231 250 68 practice
562 1250 72 34 on
664 1232 207 53 review
896 1232 77 69 by
1000 1233 96 52 the
1128 1232 276 69 Supreme
1432 1238 162 48 court
1622 1233 65 53 of
1712 1234 96 52 the
1835 1234 221 54 United
2087 1234 207 68 States,

285 1308 2008 72 including pertinent statutes, and rules of courts … By Paul
284 1386 1983 142 P. O’Brien … [San Francisco, The Filmer brothers electrotype company, ᶜ 1929]
355 1549 440 50 xlv, 333 p. 24 ᶜᵐ .
289 1613 1998 55 © Apr. 12, 1929; 2c. Apr. 19; aff. Apr. 20; A 6657; P . P. O'Brien, San
356 1674 276 41 Francisco.
701 1674 252 49 (29-9600)

286 1784 242 63 Onions,
556 1783 216 65 Oliver,
802 1786 194 67 pseud.

356 1875 122 53 The
515 1874 237 68 painted
794 1874 143 68 face,
974 1874 76 70 by
1092 1875 199 54 Oliver
1332 1874 235 55 Onions.
1649 1877 259 67 London,
1946 1877 90 53 W.
283 1877 1983 127 Heinemann

484 1953 122 67 ltd.,
637 1955 152 51 1929.

354 2035 27 39 4
413 2045 42 37 p.
523 2066 8 16 l.,
560 2034 147 40 3-294
738 2045 43 37 p.
841 2034 56 40 19½ᶜᵐ.

635 2105 163 39 CONTENTS.—The
835 2105 200 48 painted
1070 2105 290 40 face.—The
1399 2107 247 39 rosewood
1686 2107 296 40 door.—The
2019 2109 185 39 master
2241 2108 51 40 of

285 2163 83 38 the
397 2164 163 38 house.

287 2228 51 52 ©
377 2234 66 40 1c.
479 2233 114 48 Apr.
629 2233 70 48 26,
737 2232 141 48 1929;
917 2233 37 38 A
995 2234 61 38 ad
1093 2233 86 40 int.
1218 2232 171 46 12597;
1430 2233 143 48 pubd.
1611 2233 112 41 Feb.
1760 2234 83 47 28;
1885 2234 188 47 George
2109 2233 178 49 Oliver,

354 2289 241 48 Windsor,
626 2289 168 48 Berks,
825 2290 237 46 England.
1131 2289 282 49 (29-10173)

284 2413 199 62 Owen,
523 2412 387 64 Marguerite.

350 2506 217 52 Muscle
598 2505 204 55 Shoals
832 2507 107 51 and
973 2506 94 52 the
1100 2505 192 68 public
1322 2505 253 69 welfare,
1603 2506 75 69 by
1709 2505 356 69 Marguerite
2096 2506 193 54 Owen.

279 2584 404 68 Washington,
709 2585 70 52 D.
811 2583 80 62 C.,
919 2583 340 54 Committee
1288 2603 68 32 on
1386 2584 187 68 living
1599 2590 163 62 costs,
1790 2584 271 54 National
2095 2587 195 67 league

281 2663 63 52 of
374 2681 215 34 women
621 2668 205 62 voters,
859 2665 149 49 1929.

349 2741 583 51 45 p. 20½ ᶜᵐ. $0.15
352 2813 350 41 “References”:
761 2825 43 37 p.
831 2812 162 43 44-45.

286 2881 1999 53 © Apr. 9, 1929; 2c. and aff. Apr. 13; A 6530; Natl. league of women
351 2946 178 37 voters.
599 2942 253 48 (2:9-9578)

286 3037 212 63 Peake,
534 3035 198 54 Frank
768 3036 189 54 Allen.

354 3128 122 52 The
499 3128 187 52 riddle
708 3126 65 54 of
794 3128 96 52 the
913 3145 149 50 ages,
1084 3127 35 53 by
1184 3127 199 52 Frank
1405 3127 173 53 Allen
1602 3127 206 68 Peake,
1873 3170 10 10 A.
1965 3169 11 10 M.
2052 3129 236 66 Boston,

284 3204 1329 71 The Christopher publishing house [ ᶜ19 29]
352 3288 250 48 80 p. 20½ ᶜᵐ.
285 3353 51 52 ©
362 3358 114 47 Apr.
500 3358 39 42 6,
565 3357 117 40 1929;
732 3358 67 40 2:c.
824 3358 115 47 Apr.
965 3358 27 39 8;
1044 3358 82 39 aff.
1150 3358 115 47 Apr.
1291 3358 57 39 16;
1402 3358 41 39 A
1467 3357 118 41 6599;
1639 3357 319 49 Christopher
1982 3358 110 48 pub.
2119 3358 164 39 house.

363 3412 251 49 (29-9538)

287 3508 1934 69 The Pepys ballads, edited by Hyder Edward Rollins …
359 3619 67 32 [v.
461 3589 45 63 1,
535 3589 49 62 2]
656 3585 364 69 Cambridge,
1049 3586 191 67 Mass.,
1269 3586 277 52 Harvard
1576 3586 321 68 university
1926 3604 175 49 press,
2133 3588 149 49 1929.

351 3667 710 45 2 v. illus., double pl. 23 ᶜᵐ.
630 3761 60 3 CONTENTS.—
692 3747 44 29 v.
765 3735 41 41 1.
834 3737 275 48 1535-1625,
1138 3748 75 30 no.
1242 3737 236 40 1-45.—v.
1509 3736 39 41 2.
1580 3737 275 47 1625-1640,
1885 3748 74 30 no.
1988 3736 159 41 46-90.

286 3788 1997 53 © Apr. 10, 1929; 2c. each Apr. 18; aff. Apr. 16; A 7542; President &
351 3848 191 41 fellows
569 3849 50 39 of
646 3849 231 39 Harvard
905 3850 192 47 college,
1128 3848 301 48 Cambridge,
1459 3850 147 40 Mass,
1669 3845 72 54 r©
1767 3848 209 49 preface,
2005 3851 151 44 notes,
2186 3849 96 38 and

352 3905 67 39 all
450 3904 229 41 editorial
710 3905 194 48 matter]
975 3905 252 50 (29-9535)
