2561 4405
1117 4043 66 50 49

157 367 215 64 Abbot,
416 365 246 56 Charles
701 364 266 65 Greeley,
1010 363 101 56 1872-

155 456 1983 136 The sun, by Charles G. Abbot … with numerous illustrations.
413 538 139 52 New
595 536 164 54 York
800 538 113 52 and
954 536 260 68 London,
1255 536 71 53 D.
1369 535 297 69 Appleton
1709 538 113 52 and
1864 555 299 52 company,

153 620 149 50 1929.

223 695 1825 52 xxvi, [1], 433 p. front., illus., XXVII (i. e. 28) pl., diagrs. 19½ᶜᵐ.
224 769 208 41 Revised
462 767 200 42 edition.

156 837 52 52 ©
232 841 110 40 Jan.
365 840 69 48 11,
458 838 143 49 1929;
626 839 68 41 2c.
718 840 96 39 and
838 838 82 41 aff.
946 839 110 40 Jan.
1081 839 82 45 17;
1190 838 42 39 A
1254 837 144 48 2865;
1425 838 58 41 D.
1508 838 241 49 Appleton
1775 839 36 40 &
1835 850 68 30 co.
1977 835 52 52 [©
2055 850 108 31 new

221 897 197 48 preface
450 898 96 39 and
578 897 133 48 plate
743 896 311 49 corrections]
1126 895 252 49 (29-1821)

147 1023 265 64 Acklom,
453 1022 265 65 Moreby.

284 1113 1875 65 … Winter vigil [by] Moreby Acklom. New York, H. Vinal
146 1193 459 68 limited [ ᶜ192 8 ]
218 1275 1150 51 4 p. l., 30 p. 16 ᶜᵐ . (The friendly books)
219 1350 186 40 Poems.

151 1417 52 52 ©
234 1421 113 40 Dec.
376 1420 70 47 24,
475 1419 141 46 1928;
647 1419 68 41 2c.
746 1419 109 40 Jan.
885 1418 70 47 14,
986 1417 142 47 1929;
1161 1417 83 41 aff.
1275 1417 111 42 Jan.
1416 1417 83 47 15;
1532 1418 42 39 A
1603 1417 142 47 3730;
1778 1419 190 39 Harold
1999 1418 161 48 Vinal,

218 1479 86 39 ltd.
373 1476 252 49 (29-1856)

146 1601 318 54 American
499 1600 214 66 digest.

278 1692 1878 70 … 1926. Third decennial edition of the American digest;
146 1793 32 34 a
223 1773 275 69 complete
544 1772 186 68 digest
775 1772 64 53 of
884 1774 77 51 all
1007 1773 266 67 reported
1318 1790 151 35 cases
1517 1772 152 53 from
1719 1776 135 49 1916
1898 1777 59 48 to
2007 1776 151 50 1926.

145 1872 50 34 V.
229 1856 81 63 15,
341 1855 79 50 16.
490 1851 82 56 St.
602 1851 167 68 Paul,
795 1852 161 53 West
986 1850 338 71 publishing
1354 1869 98 50 co.,
1485 1854 152 51 1928.

214 1934 282 42 2 V. 26 ᶜᵐ .
591 2035 11 11 CONTENTS.—v.
646 2003 71 43 15.
761 2004 693 50 Hospitals-Inspection.—v.
1499 2003 73 43 16.
1617 2006 267 41 Insurance
1929 2008 50 39 to
2023 2005 137 42 Joint

144 2066 310 39 adventures.

145 2147 43 29 v.
222 2136 69 47 15,
328 2131 52 52 ©
415 2135 113 40 Dec.
564 2135 68 47 12,
666 2134 143 45 1928;
845 2145 42 30 v.
922 2134 69 47 16,
1030 2130 52 53 ©
1118 2134 113 42 Dec.
1267 2134 82 47 20;
1387 2135 68 40 2c.
1490 2134 119 41 each
1644 2134 112 41 Jan.
1792 2135 40 48 8,
1867 2134 142 43 1929;
2048 2134 109 43 affs.

217 2192 109 41 Jan.
356 2192 53 41 9:
438 2192 41 39 A
506 2192 129 47 2738,
663 2192 143 45 2739;
837 2192 136 41 West
999 2192 111 49 pub.
1141 2202 68 31 co.

152 2314 318 56 American
506 2317 221 54 federal
762 2322 99 49 tax
895 2320 253 65 reports;
1187 2337 31 33 a
1255 2317 336 55 convenient
1627 2316 299 55 collection
1960 2317 64 55 of
214 2335 1922 129 unabridged

531 2400 161 48 court
731 2395 278 54 decisions
1049 2395 154 53 from
1241 2414 169 49 every
1446 2394 309 54 American
1794 2399 180 53 court,
2012 2401 146 48 state

215 2475 112 52 and
363 2472 240 70 federal,
636 2474 128 52 that
798 2474 102 53 has
934 2474 114 53 had
1084 2474 197 53 before
1317 2475 46 52 it
1398 2473 287 69 problems
1721 2473 222 70 arising
1976 2475 182 53 under

214 2554 95 52 the
340 2552 222 53 federal
591 2558 99 47 tax
718 2553 168 64 laws;
920 2553 279 53 decisions
1230 2553 144 53 have
1405 2553 139 53 been
1574 2553 269 53 included
1876 2551 154 55 from
2061 2553 96 53 the

215 2631 1880 69 date of the earliest acts up to November, 1928. v. 6 …
213 2711 140 52 New
385 2709 181 55 York,
598 2709 455 55 Prentice-Hall,
1085 2710 127 58 inc.,
1246 2712 152 52 1928.

211 2792 604 49 v. 6291-8177 p. 25 ᶜᵐ .
147 2859 52 53 ©
232 2864 112 40 Dec.
377 2864 69 41 24.
479 2863 143 43 1928;
656 2864 68 41 2c.
758 2864 110 40 Jan.
903 2863 39 43 8.
975 2863 142 43 1929;
1155 2863 83 41 aff.
1271 2864 111 40 Jan.
1415 2864 54 46 9;
1504 2865 42 39 A
1577 2864 144 42 2740;
1757 2866 136 39 West
1928 2865 109 48 pub.
2073 2875 82 34 co.,

218 2920 68 42 St.
312 2921 139 41 Paul.

146 3046 528 64 Ammers-Küller,
722 3046 72 54 Jo
841 3062 135 39 van.

215 3140 121 52 The
366 3138 152 53 rebel
549 3137 352 71 generation,
930 3138 77 69 by
1037 3138 75 54 Jo
1142 3156 111 35 van
1284 3138 521 69 Ammers-Küller,
1835 3141 319 54 translated

145 3215 2004 72 by M. W. Hoper. New York, E. P. Dutton & co., inc. [ ᶜ192 8]
215 3297 465 50 xiv, 387 p. 20 ᶜᵐ .
218 3369 182 41 “Third
433 3368 231 50 printing,
700 3368 220 49 October,
954 3368 159 42 1928.”

147 3438 52 52 ©
228 3442 112 41 Dec.
368 3441 71 48 20,
467 3441 142 46 1928;
639 3441 67 40 2c.
736 3441 114 41 Dee.
878 3440 84 47 26;
993 3440 83 42 aff.
1107 3441 110 41 Jan.
1247 3442 39 47 7,
1316 3440 142 48 1929;
1490 3441 41 40 A
1559 3442 114 40 2683
1693 3453 8 35 ;
1735 3444 53 40 E.
1819 3444 51 41 P.
1901 3444 189 41 Dutton
2120 3449 36 41 &

213 3510 82 31 co..
327 3498 92 41 inc.
490 3497 253 49 (29-1965)

142 3606 329 65 Anderson,
504 3606 331 55 Katherine
870 3605 315 67 Finnigan.

279 3698 1874 74 … The seer of Concord, and other poems [by] Katherine
144 3778 294 68 Finnigan
471 3777 321 53 Anderson.
869 3778 140 52 New
1044 3777 182 69 York,
1260 3777 77 54 H.
1374 3779 178 54 Vinal
1586 3779 226 55 limited
1894 3784 153 66 [ᶜ1928]

217 3857 27 42 5
270 3870 44 37 p.
377 3891 8 16 l.,
413 3859 59 41 36
496 3870 44 37 p.
600 3858 117 41 16ᶜᵐ.
788 3859 127 49 (The
941 3858 217 49 friendly
1186 3859 176 49 books)

147 3927 51 53 ©
229 3932 112 40 Dec.
370 3931 70 43 24,
470 3931 142 47 1928;
643 3931 67 41 2c.
741 3932 111 39 Jan.
882 3931 69 49 14,
981 3930 143 42 1929;
1156 3930 84 42 aff.
1270 3932 112 40 Jan.
1412 3932 82 48 15;
1527 3933 42 40 A
1597 3934 143 48 3732;
1773 3936 190 43 Harold
1993 3936 160 51 Vinal,

212 3989 87 40 ltd.
368 3987 253 50 (29-1865)
