<alto xmlns="http://www.loc.gov/standards/alto/ns-v3#" xmlns:xlink="http://www.w3.org/1999/xlink" xmlns:xsi="http://www.w3.org/2001/XMLSchema-instance" xsi:schemaLocation="http://www.loc.gov/standards/alto/ns-v3# http://www.loc.gov/alto/v3/alto-3-0.xsd"><Description>
<MeasurementUnit>pixel</MeasurementUnit>
<sourceImageInformation>
<fileName>1929_v26_part001.pdf</fileName>
</sourceImageInformation>
<OCRProcessing ID="IdOcr">
<ocrProcessingStep>
<processingDateTime>2019-04-18</processingDateTime>
<processingSoftware>
<softwareCreator>ABBYY</softwareCreator>
<softwareName>ABBYY Recognition Server</softwareName>
<softwareVersion>4.0</softwareVersion>
</processingSoftware>
</ocrProcessingStep>
</OCRProcessing>
</Description>
<Styles>
<ParagraphStyle ID="StyleId-FFFFFFFF-FFFF-FFFF-FFFF-FFFFFFFFFFFF-" ALIGN="Left" LEFT="0." RIGHT="0." FIRSTLINE="0."/>
<ParagraphStyle ID="StyleId-11A520CB-49B0-4D42-A675-089886D5B704-" ALIGN="Center" LEFT="0." RIGHT="0." FIRSTLINE="0." LINESPACE="7.699999809"/>
<ParagraphStyle ID="StyleId-2AEC4724-E584-48A1-8E6D-86B1AA154223-" ALIGN="Left" LEFT="0." RIGHT="0." FIRSTLINE="0." LINESPACE="12.19999981"/>
<ParagraphStyle ID="StyleId-5ADCDE1D-F34B-405C-A765-E9B51F6229BD-" ALIGN="Left" LEFT="0." RIGHT="0." FIRSTLINE="-13." LINESPACE="8.050000191"/>
<ParagraphStyle ID="StyleId-D0AEFB96-F81D-4367-8545-C0AC945FA34C-" ALIGN="Block" LEFT="0." RIGHT="0." FIRSTLINE="-13." LINESPACE="8.899999619"/>
<ParagraphStyle ID="StyleId-9A3BB592-4BA4-4F85-B157-B9A7F1FC9680-" ALIGN="Left" LEFT="0." RIGHT="0." FIRSTLINE="0."/>
<ParagraphStyle ID="StyleId-E9D6144A-CFDC-4919-911D-02B0461DB967-" ALIGN="Left" LEFT="0." RIGHT="0." FIRSTLINE="-13." LINESPACE="23.43000031"/>
<ParagraphStyle ID="StyleId-EEECFC68-AAC5-42B1-B3BF-987799B5B74A-" ALIGN="Block" LEFT="0." RIGHT="0." FIRSTLINE="0." LINESPACE="23.43000031"/>
<ParagraphStyle ID="StyleId-98D20B11-A9BB-4FAB-8DC8-DC8C43F3755E-" ALIGN="Left" LEFT="0." RIGHT="0." FIRSTLINE="0." LINESPACE="10.5"/>
<ParagraphStyle ID="StyleId-C279DBAD-2656-4352-93E6-C942618B09B1-" ALIGN="Block" LEFT="0." RIGHT="0." FIRSTLINE="-13." LINESPACE="8.770000458"/>
<ParagraphStyle ID="StyleId-A539B2D0-654F-45BA-9385-D7E681D9BD87-" ALIGN="Block" LEFT="0." RIGHT="0." FIRSTLINE="0." LINESPACE="8.18999958"/>
<ParagraphStyle ID="StyleId-CFE66565-54F2-45CF-9511-65151219B0BC-" ALIGN="Left" LEFT="0." RIGHT="0." FIRSTLINE="-12." LINESPACE="12.19999981"/>
<ParagraphStyle ID="StyleId-37B60A95-D7B9-4720-9D46-F2E763AAD699-" ALIGN="Block" LEFT="0." RIGHT="0." FIRSTLINE="0." LINESPACE="12.19999981"/>
<ParagraphStyle ID="StyleId-255154CA-71AA-47B9-A5EB-ED90642010CE-" ALIGN="Block" LEFT="0." RIGHT="0." FIRSTLINE="13." LINESPACE="7.900000095"/>
<ParagraphStyle ID="StyleId-4618FB06-20CA-4F95-9CA2-829603EE887D-" ALIGN="Block" LEFT="0." RIGHT="0." FIRSTLINE="0." LINESPACE="10."/>
<ParagraphStyle ID="StyleId-61F9B98E-BA82-4DCF-809A-0C5481162321-" ALIGN="Left" LEFT="0." RIGHT="0." FIRSTLINE="-13." LINESPACE="8.479999542"/>
<ParagraphStyle ID="StyleId-16A4FB0C-4CB7-44C8-846E-AF89DD76FC73-" ALIGN="Left" LEFT="0." RIGHT="0." FIRSTLINE="0." LINESPACE="11.10000038"/>
<ParagraphStyle ID="StyleId-8CC01B24-9D1D-45D5-B954-83ECA9EA3425-" ALIGN="Left" LEFT="0." RIGHT="0." FIRSTLINE="-13." LINESPACE="8.050000191"/>
<ParagraphStyle ID="StyleId-3DB8CD3F-AD17-4DD7-8361-787A6A426C72-" ALIGN="Block" LEFT="0." RIGHT="0." FIRSTLINE="13." LINESPACE="7.900000095"/>
</Styles>
<Layout>
<Page ID="Page774" PHYSICAL_IMG_NR="774" HEIGHT="4384" WIDTH="2547">
<TopMargin HEIGHT="336" WIDTH="2547" VPOS="0" HPOS="0">
</TopMargin>
<LeftMargin HEIGHT="3633" WIDTH="310" VPOS="336" HPOS="0">
</LeftMargin>
<RightMargin HEIGHT="3633" WIDTH="207" VPOS="336" HPOS="2340">
</RightMargin>
<BottomMargin HEIGHT="415" WIDTH="2547" VPOS="3969" HPOS="0">
<TextBlock ID="Page774_Block1" HEIGHT="90" WIDTH="290" VPOS="3995" HPOS="1231" LANG="en-US" STYLEREFS="StyleId-68160B71-98B3-4167-AFB9-5BF74B62171A-">
<TextLine HEIGHT="55" WIDTH="103" VPOS="3996" HPOS="1278">
<String CONTENT="774" HEIGHT="55" WIDTH="103" VPOS="3996" HPOS="1278"/>
</TextLine>
</TextBlock>
<GraphicalElement ID="Page774_Block2" HEIGHT="26" WIDTH="831" VPOS="4358" HPOS="1716"/>
</BottomMargin>
<PrintSpace HEIGHT="3633" WIDTH="2030" VPOS="336" HPOS="310">
<TextBlock ID="Page774_Block3" HEIGHT="3633" WIDTH="2030" VPOS="336" HPOS="310" CS="1" STYLEREFS="StyleId-C72830C6-7FE2-47D2-B7AD-61C35FD74B37-">
<TextLine HEIGHT="50" WIDTH="688" VPOS="446" HPOS="392" STYLEREFS="StyleId-341DB4D0-88B0-49A5-B45D-009BDDF377AA-" LANG="en-US" CS="1">
<String CONTENT="xii" HEIGHT="40" WIDTH="71" VPOS="448" HPOS="392"/>
<SP HEIGHT="48" WIDTH="26" VPOS="448" HPOS="464"/>
<String LANG="fr" CONTENT="p.," HEIGHT="37" WIDTH="58" VPOS="459" HPOS="491"/>
<SP HEIGHT="46" WIDTH="26" VPOS="449" HPOS="550"/>
<String CONTENT="1" HEIGHT="38" WIDTH="25" VPOS="449" HPOS="577"/>
<SP HEIGHT="39" WIDTH="26" VPOS="449" HPOS="603"/>
<String CS="1" CONTENT="l.," HEIGHT="17" WIDTH="10" VPOS="478" HPOS="665"/>
<SP HEIGHT="47" WIDTH="26" VPOS="448" HPOS="676"/>
<String CONTENT="113," HEIGHT="47" WIDTH="100" VPOS="448" HPOS="703"/>
<SP HEIGHT="30" WIDTH="30" VPOS="466" HPOS="804"/>
<String CONTENT="[1]" HEIGHT="48" WIDTH="56" VPOS="448" HPOS="835"/>
<SP HEIGHT="39" WIDTH="27" VPOS="457" HPOS="892"/>
<String CONTENT="p." HEIGHT="38" WIDTH="44" VPOS="457" HPOS="920"/>
<SP HEIGHT="40" WIDTH="53" VPOS="448" HPOS="965"/>
<String CS="1" CONTENT="20&#189;&#7580;&#7504;." HEIGHT="40" WIDTH="61" VPOS="446" HPOS="1019"/>
</TextLine>
<TextLine HEIGHT="100" WIDTH="1978" VPOS="514" HPOS="325" STYLEREFS="StyleId-341DB4D0-88B0-49A5-B45D-009BDDF377AA-" LANG="en-US" CS="1">
<String CONTENT="&#169;" HEIGHT="52" WIDTH="52" VPOS="514" HPOS="325"/>
<SP HEIGHT="52" WIDTH="27" VPOS="514" HPOS="378"/>
<String CONTENT="May" HEIGHT="47" WIDTH="114" VPOS="519" HPOS="406"/>
<SP HEIGHT="48" WIDTH="24" VPOS="518" HPOS="521"/>
<String CONTENT="9," HEIGHT="47" WIDTH="39" VPOS="518" HPOS="546"/>
<SP HEIGHT="47" WIDTH="24" VPOS="518" HPOS="586"/>
<String CS="1" CONTENT="1929;" HEIGHT="40" WIDTH="119" VPOS="517" HPOS="611"/>
<SP HEIGHT="46" WIDTH="25" VPOS="517" HPOS="754"/>
<String CONTENT="2c." HEIGHT="39" WIDTH="67" VPOS="517" HPOS="780"/>
<SP HEIGHT="37" WIDTH="25" VPOS="518" HPOS="848"/>
<String CONTENT="May" HEIGHT="46" WIDTH="115" VPOS="518" HPOS="874"/>
<SP HEIGHT="47" WIDTH="23" VPOS="517" HPOS="990"/>
<String CS="1" CONTENT="14;" HEIGHT="38" WIDTH="56" VPOS="517" HPOS="1014"/>
<SP HEIGHT="36" WIDTH="26" VPOS="527" HPOS="1097"/>
<String CONTENT="aff." HEIGHT="40" WIDTH="83" VPOS="516" HPOS="1124"/>
<SP HEIGHT="39" WIDTH="26" VPOS="517" HPOS="1208"/>
<String CONTENT="May" HEIGHT="46" WIDTH="114" VPOS="517" HPOS="1235"/>
<SP HEIGHT="46" WIDTH="24" VPOS="517" HPOS="1350"/>
<String CS="1" CONTENT="11;" HEIGHT="38" WIDTH="51" VPOS="517" HPOS="1375"/>
<SP HEIGHT="47" WIDTH="27" VPOS="516" HPOS="1456"/>
<!-- cceid 99CF4830-6CFA-1014-9C3C-CEA95E7AA542 --><String CONTENT="A" HEIGHT="39" WIDTH="40" VPOS="516" HPOS="1484"/>
<SP HEIGHT="40" WIDTH="24" VPOS="516" HPOS="1525"/>
<String CONTENT="8208;" HEIGHT="48" WIDTH="142" VPOS="515" HPOS="1550"/>
<SP HEIGHT="46" WIDTH="28" VPOS="517" HPOS="1693"/>
<String CONTENT="New" HEIGHT="39" WIDTH="118" VPOS="517" HPOS="1722"/>
<SP HEIGHT="39" WIDTH="23" VPOS="516" HPOS="1841"/>
<String CONTENT="Jersey" HEIGHT="47" WIDTH="172" VPOS="516" HPOS="1865"/>
<SP HEIGHT="38" WIDTH="25" VPOS="525" HPOS="2038"/>
<String CONTENT="state" HEIGHT="38" WIDTH="130" VPOS="517" HPOS="2064"/>
<SP HEIGHT="40" WIDTH="24" VPOS="514" HPOS="2195"/>
<String CONTENT="federation" HEIGHT="100" WIDTH="1910" VPOS="514" HPOS="393"/>
</TextLine>
<TextLine HEIGHT="49" WIDTH="816" VPOS="572" HPOS="607" STYLEREFS="StyleId-341DB4D0-88B0-49A5-B45D-009BDDF377AA-" LANG="en-US">
<String CONTENT="of" HEIGHT="40" WIDTH="51" VPOS="573" HPOS="607"/>
<SP HEIGHT="40" WIDTH="20" VPOS="573" HPOS="659"/>
<String CONTENT="women&#8217;s" HEIGHT="40" WIDTH="227" VPOS="573" HPOS="680"/>
<SP HEIGHT="30" WIDTH="23" VPOS="583" HPOS="908"/>
<String CONTENT="clubs." HEIGHT="40" WIDTH="148" VPOS="574" HPOS="932"/>
<SP HEIGHT="48" WIDTH="61" VPOS="573" HPOS="1081"/>
<String CONTENT="(29-11605)" HEIGHT="49" WIDTH="280" VPOS="572" HPOS="1143"/>
</TextLine>
<TextLine HEIGHT="64" WIDTH="472" VPOS="668" HPOS="324" LANG="en-US">
<String CONTENT="Nidergang," HEIGHT="64" WIDTH="367" VPOS="668" HPOS="324"/>
<SP HEIGHT="64" WIDTH="39" VPOS="668" HPOS="692"/>
<String CONTENT="F." HEIGHT="54" WIDTH="64" VPOS="668" HPOS="732"/>
</TextLine>
<TextLine HEIGHT="71" WIDTH="1875" VPOS="743" HPOS="453" LANG="fr" CS="1">
<String LANG="en-US" CS="1" CONTENT="&#8230;"/>
<SP HEIGHT="54" WIDTH="41" VPOS="747" HPOS="453"/>
<String CONTENT="D&#233;fendez" HEIGHT="54" WIDTH="295" VPOS="745" HPOS="495"/>
<SP HEIGHT="33" WIDTH="36" VPOS="765" HPOS="791"/>
<String CONTENT="votre" HEIGHT="48" WIDTH="159" VPOS="750" HPOS="828"/>
<SP HEIGHT="35" WIDTH="36" VPOS="764" HPOS="988"/>
<String CONTENT="sant&#233;;" HEIGHT="67" WIDTH="188" VPOS="747" HPOS="1025"/>
<SP HEIGHT="51" WIDTH="39" VPOS="763" HPOS="1214"/>
<String CONTENT="ce" HEIGHT="35" WIDTH="58" VPOS="763" HPOS="1254"/>
<SP HEIGHT="51" WIDTH="33" VPOS="763" HPOS="1313"/>
<String CONTENT="que" HEIGHT="51" WIDTH="106" VPOS="763" HPOS="1347"/>
<SP HEIGHT="45" WIDTH="34" VPOS="751" HPOS="1454"/>
<String CONTENT="tout" HEIGHT="47" WIDTH="124" VPOS="749" HPOS="1489"/>
<SP HEIGHT="52" WIDTH="35" VPOS="744" HPOS="1614"/>
<String CONTENT="le" HEIGHT="52" WIDTH="51" VPOS="744" HPOS="1650"/>
<SP HEIGHT="36" WIDTH="35" VPOS="763" HPOS="1702"/>
<String CONTENT="monde" HEIGHT="54" WIDTH="204" VPOS="745" HPOS="1738"/>
<SP HEIGHT="53" WIDTH="33" VPOS="745" HPOS="1943"/>
<String CONTENT="doit" HEIGHT="54" WIDTH="123" VPOS="744" HPOS="1977"/>
<SP HEIGHT="48" WIDTH="35" VPOS="748" HPOS="2101"/>
<String CONTENT="savoir" HEIGHT="53" WIDTH="191" VPOS="743" HPOS="2137"/>
</TextLine>
<TextLine HEIGHT="70" WIDTH="1600" VPOS="823" HPOS="321" LANG="fr" CS="1">
<String CONTENT="au" HEIGHT="37" WIDTH="72" VPOS="843" HPOS="321"/>
<SP HEIGHT="36" WIDTH="31" VPOS="844" HPOS="394"/>
<String CONTENT="sujet" HEIGHT="69" WIDTH="150" VPOS="824" HPOS="426"/>
<SP HEIGHT="52" WIDTH="31" VPOS="826" HPOS="577"/>
<String CONTENT="des" HEIGHT="52" WIDTH="95" VPOS="826" HPOS="609"/>
<SP HEIGHT="52" WIDTH="34" VPOS="825" HPOS="705"/>
<String CONTENT="dents." HEIGHT="52" WIDTH="180" VPOS="825" HPOS="740"/>
<SP HEIGHT="51" WIDTH="74" VPOS="826" HPOS="921"/>
<String CONTENT="Paris," HEIGHT="66" WIDTH="185" VPOS="825" HPOS="996"/>
<SP HEIGHT="65" WIDTH="33" VPOS="826" HPOS="1182"/>
<String CONTENT="E." HEIGHT="51" WIDTH="66" VPOS="826" HPOS="1216"/>
<SP HEIGHT="51" WIDTH="34" VPOS="826" HPOS="1283"/>
<String CONTENT="Le" HEIGHT="51" WIDTH="80" VPOS="826" HPOS="1318"/>
<SP HEIGHT="51" WIDTH="33" VPOS="826" HPOS="1399"/>
<String CONTENT="Fran&#231;ois" HEIGHT="65" WIDTH="275" VPOS="823" HPOS="1433"/>
<SP HEIGHT="48" WIDTH="38" VPOS="843" HPOS="1709"/>
<String CS="1" CONTENT="["/>
<String STYLE="superscript" CS="1" CONTENT="&#7580;1"/>
<String CS="1" CONTENT="929]" HEIGHT="50" WIDTH="99" VPOS="826" HPOS="1822"/>
</TextLine>
<TextLine HEIGHT="49" WIDTH="587" VPOS="906" HPOS="391" STYLEREFS="StyleId-341DB4D0-88B0-49A5-B45D-009BDDF377AA-" LANG="fr" CS="1">
<String CONTENT="117" HEIGHT="40" WIDTH="86" VPOS="908" HPOS="391"/>
<SP HEIGHT="47" WIDTH="23" VPOS="908" HPOS="478"/>
<String CONTENT="p.," HEIGHT="38" WIDTH="58" VPOS="917" HPOS="502"/>
<SP HEIGHT="46" WIDTH="26" VPOS="908" HPOS="561"/>
<String CS="1" CONTENT="1"/>
<SP/>
<String CS="1" CONTENT="l."/>
<SP HEIGHT="41" WIDTH="59" VPOS="906" HPOS="673"/>
<String CONTENT="illus." HEIGHT="41" WIDTH="129" VPOS="906" HPOS="733"/>
<SP HEIGHT="41" WIDTH="58" VPOS="906" HPOS="863"/>
<String CONTENT="18" HEIGHT="41" WIDTH="56" VPOS="906" HPOS="922"/>
<String LANG="en-US" CS="1" CONTENT="&#189;"/>
<String STYLE="superscript" CS="1" CONTENT="&#7580;&#7504;."/>
</TextLine>
<TextLine HEIGHT="49" WIDTH="1045" VPOS="977" HPOS="390" STYLEREFS="StyleId-341DB4D0-88B0-49A5-B45D-009BDDF377AA-" CS="1">
<String LANG="en-US" CONTENT="At" HEIGHT="40" WIDTH="64" VPOS="979" HPOS="390"/>
<SP HEIGHT="40" WIDTH="24" VPOS="979" HPOS="455"/>
<String LANG="en-US" CONTENT="head" HEIGHT="39" WIDTH="125" VPOS="979" HPOS="480"/>
<SP HEIGHT="38" WIDTH="23" VPOS="979" HPOS="606"/>
<String LANG="en-US" CONTENT="of" HEIGHT="39" WIDTH="51" VPOS="978" HPOS="630"/>
<SP HEIGHT="40" WIDTH="25" VPOS="978" HPOS="682"/>
<String LANG="en-US" CS="1" CONTENT="title:" HEIGHT="40" WIDTH="110" VPOS="978" HPOS="708"/>
<SP HEIGHT="41" WIDTH="28" VPOS="978" HPOS="847"/>
<String LANG="fr" CONTENT="L&#8217;hygi&#232;ne" HEIGHT="48" WIDTH="260" VPOS="977" HPOS="876"/>
<SP HEIGHT="38" WIDTH="24" VPOS="988" HPOS="1137"/>
<String LANG="fr" CONTENT="pour" HEIGHT="38" WIDTH="123" VPOS="988" HPOS="1162"/>
<SP HEIGHT="38" WIDTH="24" VPOS="979" HPOS="1286"/>
<String LANG="fr" CONTENT="tous." HEIGHT="38" WIDTH="124" VPOS="979" HPOS="1311"/>
</TextLine>
<TextLine HEIGHT="52" WIDTH="1998" VPOS="1046" HPOS="326" STYLEREFS="StyleId-341DB4D0-88B0-49A5-B45D-009BDDF377AA-" LANG="fr" CS="1">
<String CONTENT="&#169;" HEIGHT="52" WIDTH="52" VPOS="1046" HPOS="326"/>
<SP HEIGHT="52" WIDTH="26" VPOS="1046" HPOS="379"/>
<String LANG="de" CONTENT="Jan." HEIGHT="40" WIDTH="109" VPOS="1051" HPOS="406"/>
<SP HEIGHT="40" WIDTH="24" VPOS="1051" HPOS="516"/>
<String CONTENT="14," HEIGHT="46" WIDTH="69" VPOS="1051" HPOS="541"/>
<SP HEIGHT="46" WIDTH="25" VPOS="1051" HPOS="611"/>
<String CONTENT="1929;" HEIGHT="47" WIDTH="142" VPOS="1050" HPOS="637"/>
<SP/>
<String CS="1" CONTENT="1c."/>
<SP HEIGHT="38" WIDTH="25" VPOS="1052" HPOS="874"/>
<String CONTENT="Mar." HEIGHT="38" WIDTH="122" VPOS="1052" HPOS="900"/>
<SP HEIGHT="41" WIDTH="24" VPOS="1050" HPOS="1023"/>
<String CONTENT="8;" HEIGHT="46" WIDTH="52" VPOS="1050" HPOS="1048"/>
<SP HEIGHT="46" WIDTH="27" VPOS="1050" HPOS="1101"/>
<!-- cceid 99D011BE-6CFA-1014-9C3C-CEA95E7AA542 --><String CONTENT="A&#8212;" HEIGHT="38" WIDTH="102" VPOS="1050" HPOS="1129"/>
<String LANG="de" CONTENT="Foreign" HEIGHT="47" WIDTH="207" VPOS="1049" HPOS="1234"/>
<SP HEIGHT="39" WIDTH="23" VPOS="1048" HPOS="1442"/>
<String CONTENT="2219;" HEIGHT="47" WIDTH="141" VPOS="1048" HPOS="1466"/>
<SP HEIGHT="46" WIDTH="26" VPOS="1049" HPOS="1608"/>
<String CONTENT="Librairie" HEIGHT="40" WIDTH="245" VPOS="1048" HPOS="1635"/>
<SP HEIGHT="38" WIDTH="22" VPOS="1050" HPOS="1881"/>
<String CONTENT="E." HEIGHT="38" WIDTH="53" VPOS="1050" HPOS="1904"/>
<SP HEIGHT="40" WIDTH="25" VPOS="1048" HPOS="1958"/>
<String CONTENT="Le" HEIGHT="39" WIDTH="65" VPOS="1048" HPOS="1984"/>
<SP HEIGHT="39" WIDTH="24" VPOS="1048" HPOS="2050"/>
<String CONTENT="Fran&#231;ois." HEIGHT="48" WIDTH="249" VPOS="1047" HPOS="2075"/>
</TextLine>
<TextLine HEIGHT="50" WIDTH="282" VPOS="1106" HPOS="403" STYLEREFS="StyleId-341DB4D0-88B0-49A5-B45D-009BDDF377AA-" LANG="fr">
<String CONTENT="(29-12292)" HEIGHT="50" WIDTH="282" VPOS="1106" HPOS="403"/>
</TextLine>
<TextLine HEIGHT="65" WIDTH="1251" VPOS="1199" HPOS="323">
<String LANG="fr" CONTENT="Nilsen," HEIGHT="65" WIDTH="225" VPOS="1199" HPOS="323"/>
<SP HEIGHT="64" WIDTH="27" VPOS="1200" HPOS="549"/>
<String LANG="de" CONTENT="Anthon" HEIGHT="52" WIDTH="245" VPOS="1200" HPOS="577"/>
<SP HEIGHT="52" WIDTH="27" VPOS="1200" HPOS="823"/>
<String LANG="de" CONTENT="Bernhard" HEIGHT="53" WIDTH="312" VPOS="1200" HPOS="851"/>
<SP HEIGHT="52" WIDTH="26" VPOS="1201" HPOS="1164"/>
<String LANG="fr" CONTENT="Elias," HEIGHT="65" WIDTH="180" VPOS="1199" HPOS="1191"/>
<SP HEIGHT="57" WIDTH="31" VPOS="1207" HPOS="1372"/>
<String LANG="fr" CONTENT="1855-" HEIGHT="49" WIDTH="170" VPOS="1205" HPOS="1404"/>
</TextLine>
<TextLine HEIGHT="72" WIDTH="1870" VPOS="1277" HPOS="456" CS="1">
<String LANG="fr" CS="1" CONTENT="&#8230;"/>
<SP HEIGHT="54" WIDTH="37" VPOS="1278" HPOS="456"/>
<String LANG="fr" CONTENT="Asylet;" HEIGHT="71" WIDTH="231" VPOS="1278" HPOS="494"/>
<SP HEIGHT="48" WIDTH="36" VPOS="1297" HPOS="726"/>
<String LANG="fr" CONTENT="roman" HEIGHT="34" WIDTH="200" VPOS="1298" HPOS="763"/>
<SP HEIGHT="34" WIDTH="37" VPOS="1298" HPOS="964"/>
<String LANG="fr" CS="1" CONTENT="&#8230;"/>
<SP HEIGHT="56" WIDTH="79" VPOS="1277" HPOS="1058"/>
<String LANG="en-US" CONTENT="Oslo," HEIGHT="71" WIDTH="157" VPOS="1277" HPOS="1138"/>
<SP HEIGHT="70" WIDTH="31" VPOS="1278" HPOS="1296"/>
<String LANG="en-US" CONTENT="Gyldendal," HEIGHT="70" WIDTH="347" VPOS="1278" HPOS="1328"/>
<SP HEIGHT="69" WIDTH="29" VPOS="1278" HPOS="1676"/>
<String LANG="en-US" CONTENT="Norsk" HEIGHT="54" WIDTH="191" VPOS="1277" HPOS="1706"/>
<SP HEIGHT="53" WIDTH="30" VPOS="1277" HPOS="1898"/>
<String LANG="fr" CONTENT="forlag," HEIGHT="68" WIDTH="212" VPOS="1278" HPOS="1929"/>
<SP HEIGHT="64" WIDTH="33" VPOS="1282" HPOS="2142"/>
<String LANG="fr" CONTENT="1928." HEIGHT="51" WIDTH="150" VPOS="1278" HPOS="2176"/>
</TextLine>
<TextLine HEIGHT="49" WIDTH="274" VPOS="1359" HPOS="389" STYLEREFS="StyleId-341DB4D0-88B0-49A5-B45D-009BDDF377AA-" LANG="fr" CS="1">
<String CONTENT="378" HEIGHT="42" WIDTH="87" VPOS="1359" HPOS="389"/>
<SP HEIGHT="49" WIDTH="24" VPOS="1359" HPOS="477"/>
<String CONTENT="p." HEIGHT="38" WIDTH="43" VPOS="1370" HPOS="502"/>
<SP HEIGHT="42" WIDTH="58" VPOS="1359" HPOS="546"/>
<String CS="1" CONTENT="20&#189;&#7580;&#7504;." HEIGHT="41" WIDTH="58" VPOS="1359" HPOS="605"/>
</TextLine>
<TextLine HEIGHT="50" WIDTH="1539" VPOS="1429" HPOS="392" STYLEREFS="StyleId-341DB4D0-88B0-49A5-B45D-009BDDF377AA-">
<String LANG="en-US" CONTENT="Author&#8217;s" HEIGHT="40" WIDTH="231" VPOS="1431" HPOS="392"/>
<SP HEIGHT="37" WIDTH="32" VPOS="1442" HPOS="624"/>
<String LANG="en-US" CONTENT="pseudonym," HEIGHT="46" WIDTH="311" VPOS="1433" HPOS="657"/>
<SP HEIGHT="46" WIDTH="30" VPOS="1432" HPOS="969"/>
<String LANG="fr" CONTENT="Elias" HEIGHT="41" WIDTH="137" VPOS="1430" HPOS="1000"/>
<SP HEIGHT="40" WIDTH="30" VPOS="1431" HPOS="1138"/>
<String LANG="fr" CONTENT="Kr&#230;mmer," HEIGHT="47" WIDTH="282" VPOS="1431" HPOS="1169"/>
<SP HEIGHT="37" WIDTH="32" VPOS="1441" HPOS="1452"/>
<String LANG="en-US" CONTENT="at" HEIGHT="38" WIDTH="52" VPOS="1433" HPOS="1485"/>
<SP HEIGHT="41" WIDTH="29" VPOS="1430" HPOS="1538"/>
<String LANG="en-US" CONTENT="head" HEIGHT="41" WIDTH="125" VPOS="1430" HPOS="1568"/>
<SP HEIGHT="40" WIDTH="31" VPOS="1431" HPOS="1694"/>
<String LANG="en-US" CONTENT="of" HEIGHT="42" WIDTH="53" VPOS="1429" HPOS="1726"/>
<SP HEIGHT="42" WIDTH="28" VPOS="1429" HPOS="1780"/>
<String LANG="en-US" CONTENT="title." HEIGHT="42" WIDTH="122" VPOS="1429" HPOS="1809"/>
</TextLine>
<TextLine HEIGHT="49" WIDTH="336" VPOS="1488" HPOS="390" STYLEREFS="StyleId-341DB4D0-88B0-49A5-B45D-009BDDF377AA-" LANG="en-US">
<String CONTENT="Head-pieces." HEIGHT="49" WIDTH="336" VPOS="1488" HPOS="390"/>
</TextLine>
<TextLine HEIGHT="50" WIDTH="728" VPOS="1544" HPOS="392" STYLEREFS="StyleId-341DB4D0-88B0-49A5-B45D-009BDDF377AA-" LANG="en-US" CS="1">
<String CONTENT="On" HEIGHT="41" WIDTH="73" VPOS="1546" HPOS="392"/>
<SP HEIGHT="29" WIDTH="23" VPOS="1557" HPOS="466"/>
<String CONTENT="verso" HEIGHT="30" WIDTH="141" VPOS="1556" HPOS="490"/>
<SP HEIGHT="30" WIDTH="26" VPOS="1556" HPOS="632"/>
<String CONTENT="of" HEIGHT="41" WIDTH="52" VPOS="1545" HPOS="659"/>
<SP HEIGHT="41" WIDTH="25" VPOS="1545" HPOS="712"/>
<String CS="1" CONTENT="t.-p.:" HEIGHT="47" WIDTH="98" VPOS="1547" HPOS="738"/>
<SP HEIGHT="41" WIDTH="28" VPOS="1544" HPOS="867"/>
<String CONTENT="6." HEIGHT="43" WIDTH="41" VPOS="1544" HPOS="896"/>
<SP HEIGHT="40" WIDTH="26" VPOS="1547" HPOS="938"/>
<String CONTENT="tusen." HEIGHT="38" WIDTH="155" VPOS="1547" HPOS="965"/>
</TextLine>
<TextLine HEIGHT="52" WIDTH="2000" VPOS="1613" HPOS="325" STYLEREFS="StyleId-341DB4D0-88B0-49A5-B45D-009BDDF377AA-" LANG="en-US" CS="1">
<String CONTENT="&#169;" HEIGHT="52" WIDTH="52" VPOS="1613" HPOS="325"/>
<SP HEIGHT="52" WIDTH="33" VPOS="1613" HPOS="378"/>
<String CONTENT="Oct." HEIGHT="40" WIDTH="102" VPOS="1618" HPOS="412"/>
<SP HEIGHT="40" WIDTH="28" VPOS="1618" HPOS="515"/>
<String CONTENT="20," HEIGHT="48" WIDTH="70" VPOS="1617" HPOS="544"/>
<SP HEIGHT="47" WIDTH="29" VPOS="1618" HPOS="615"/>
<String CONTENT="1928;" HEIGHT="47" WIDTH="142" VPOS="1617" HPOS="645"/>
<SP HEIGHT="46" WIDTH="31" VPOS="1618" HPOS="788"/>
<String CS="1" CONTENT="1c." HEIGHT="30" WIDTH="37" VPOS="1627" HPOS="849"/>
<SP HEIGHT="40" WIDTH="29" VPOS="1617" HPOS="887"/>
<String CONTENT="Jan." HEIGHT="40" WIDTH="110" VPOS="1617" HPOS="917"/>
<SP HEIGHT="40" WIDTH="28" VPOS="1617" HPOS="1028"/>
<String CONTENT="19," HEIGHT="47" WIDTH="68" VPOS="1616" HPOS="1057"/>
<SP HEIGHT="46" WIDTH="30" VPOS="1617" HPOS="1126"/>
<String CONTENT="1929;" HEIGHT="47" WIDTH="140" VPOS="1616" HPOS="1157"/>
<SP HEIGHT="47" WIDTH="30" VPOS="1616" HPOS="1298"/>
<!-- cceid 99D0D4F8-6CFA-1014-9C3C-CEA95E7AA542 --><String CONTENT="A&#8212;Foreign" HEIGHT="48" WIDTH="312" VPOS="1615" HPOS="1329"/>
<SP HEIGHT="38" WIDTH="29" VPOS="1616" HPOS="1642"/>
<String CONTENT="2204;" HEIGHT="47" WIDTH="141" VPOS="1615" HPOS="1672"/>
<SP HEIGHT="47" WIDTH="34" VPOS="1615" HPOS="1814"/>
<String CONTENT="Gyldendal," HEIGHT="48" WIDTH="284" VPOS="1615" HPOS="1849"/>
<SP HEIGHT="47" WIDTH="29" VPOS="1614" HPOS="2134"/>
<String CONTENT="Norsk" HEIGHT="40" WIDTH="161" VPOS="1614" HPOS="2164"/>
</TextLine>
<TextLine HEIGHT="49" WIDTH="530" VPOS="1673" HPOS="392" STYLEREFS="StyleId-341DB4D0-88B0-49A5-B45D-009BDDF377AA-" LANG="en-US">
<String CONTENT="forlag." HEIGHT="48" WIDTH="176" VPOS="1674" HPOS="392"/>
<SP HEIGHT="48" WIDTH="69" VPOS="1674" HPOS="569"/>
<String CONTENT="(29-12309)" HEIGHT="49" WIDTH="283" VPOS="1673" HPOS="639"/>
</TextLine>
<TextLine HEIGHT="65" WIDTH="2002" VPOS="1766" HPOS="325" LANG="en-US">
<String CONTENT="Order" HEIGHT="53" WIDTH="188" VPOS="1769" HPOS="325"/>
<SP HEIGHT="35" WIDTH="24" VPOS="1786" HPOS="514"/>
<String CONTENT="of" HEIGHT="52" WIDTH="64" VPOS="1769" HPOS="539"/>
<SP HEIGHT="52" WIDTH="24" VPOS="1769" HPOS="604"/>
<String CONTENT="the" HEIGHT="52" WIDTH="104" VPOS="1769" HPOS="629"/>
<SP HEIGHT="53" WIDTH="26" VPOS="1768" HPOS="734"/>
<String CONTENT="fellowship" HEIGHT="64" WIDTH="334" VPOS="1767" HPOS="761"/>
<SP HEIGHT="46" WIDTH="25" VPOS="1785" HPOS="1096"/>
<String CONTENT="of" HEIGHT="53" WIDTH="64" VPOS="1768" HPOS="1122"/>
<SP HEIGHT="52" WIDTH="26" VPOS="1768" HPOS="1187"/>
<String CONTENT="the" HEIGHT="52" WIDTH="102" VPOS="1768" HPOS="1214"/>
<SP HEIGHT="52" WIDTH="24" VPOS="1768" HPOS="1317"/>
<String CONTENT="knights" HEIGHT="65" WIDTH="251" VPOS="1766" HPOS="1342"/>
<SP HEIGHT="36" WIDTH="25" VPOS="1784" HPOS="1594"/>
<String CONTENT="of" HEIGHT="53" WIDTH="65" VPOS="1767" HPOS="1620"/>
<SP HEIGHT="53" WIDTH="25" VPOS="1767" HPOS="1686"/>
<String CONTENT="the" HEIGHT="52" WIDTH="103" VPOS="1768" HPOS="1712"/>
<SP HEIGHT="52" WIDTH="24" VPOS="1768" HPOS="1816"/>
<String CONTENT="Round" HEIGHT="52" WIDTH="210" VPOS="1768" HPOS="1841"/>
<SP HEIGHT="52" WIDTH="23" VPOS="1768" HPOS="2052"/>
<String CONTENT="table" HEIGHT="54" WIDTH="160" VPOS="1766" HPOS="2076"/>
<SP HEIGHT="37" WIDTH="25" VPOS="1782" HPOS="2237"/>
<String CONTENT="of" HEIGHT="53" WIDTH="64" VPOS="1766" HPOS="2263"/>
</TextLine>
<TextLine HEIGHT="64" WIDTH="446" VPOS="1847" HPOS="394" LANG="en-US">
<String CONTENT="King" HEIGHT="64" WIDTH="160" VPOS="1847" HPOS="394"/>
<SP HEIGHT="64" WIDTH="31" VPOS="1847" HPOS="555"/>
<String CONTENT="Arthur." HEIGHT="55" WIDTH="253" VPOS="1847" HPOS="587"/>
</TextLine>
<TextLine HEIGHT="70" WIDTH="1931" VPOS="1923" HPOS="395" LANG="en-US">
<String CONTENT="The" HEIGHT="51" WIDTH="122" VPOS="1927" HPOS="395"/>
<SP HEIGHT="56" WIDTH="36" VPOS="1924" HPOS="518"/>
<String CONTENT="Order" HEIGHT="56" WIDTH="188" VPOS="1924" HPOS="555"/>
<SP HEIGHT="33" WIDTH="35" VPOS="1944" HPOS="744"/>
<String CONTENT="of" HEIGHT="53" WIDTH="64" VPOS="1924" HPOS="780"/>
<SP HEIGHT="53" WIDTH="33" VPOS="1924" HPOS="845"/>
<String CONTENT="the" HEIGHT="52" WIDTH="96" VPOS="1925" HPOS="879"/>
<SP HEIGHT="53" WIDTH="35" VPOS="1924" HPOS="976"/>
<String CONTENT="fellowship" HEIGHT="69" WIDTH="327" VPOS="1924" HPOS="1012"/>
<SP HEIGHT="51" WIDTH="36" VPOS="1942" HPOS="1340"/>
<String CONTENT="of" HEIGHT="54" WIDTH="65" VPOS="1923" HPOS="1377"/>
<SP HEIGHT="53" WIDTH="32" VPOS="1923" HPOS="1443"/>
<String CONTENT="the" HEIGHT="53" WIDTH="100" VPOS="1924" HPOS="1476"/>
<SP HEIGHT="54" WIDTH="31" VPOS="1923" HPOS="1577"/>
<String CONTENT="knights" HEIGHT="69" WIDTH="239" VPOS="1923" HPOS="1609"/>
<SP HEIGHT="35" WIDTH="34" VPOS="1942" HPOS="1849"/>
<String CONTENT="of" HEIGHT="54" WIDTH="64" VPOS="1923" HPOS="1884"/>
<SP HEIGHT="53" WIDTH="34" VPOS="1923" HPOS="1949"/>
<String CONTENT="the" HEIGHT="53" WIDTH="97" VPOS="1924" HPOS="1984"/>
<SP HEIGHT="53" WIDTH="33" VPOS="1924" HPOS="2082"/>
<String CONTENT="Round" HEIGHT="52" WIDTH="210" VPOS="1924" HPOS="2116"/>
</TextLine>
<TextLine HEIGHT="71" WIDTH="2003" VPOS="2001" HPOS="325" LANG="en-US">
<String CONTENT="table" HEIGHT="53" WIDTH="153" VPOS="2003" HPOS="325"/>
<SP HEIGHT="33" WIDTH="18" VPOS="2023" HPOS="479"/>
<String CONTENT="of" HEIGHT="53" WIDTH="65" VPOS="2003" HPOS="498"/>
<SP HEIGHT="52" WIDTH="20" VPOS="2003" HPOS="564"/>
<String CONTENT="King" HEIGHT="68" WIDTH="163" VPOS="2004" HPOS="585"/>
<SP HEIGHT="69" WIDTH="21" VPOS="2003" HPOS="749"/>
<String CONTENT="Arthur." HEIGHT="52" WIDTH="241" VPOS="2003" HPOS="771"/>
<SP HEIGHT="51" WIDTH="74" VPOS="2004" HPOS="1013"/>
<String CONTENT="Tintagel" HEIGHT="68" WIDTH="271" VPOS="2003" HPOS="1088"/>
<SP HEIGHT="66" WIDTH="28" VPOS="2003" HPOS="1360"/>
<String CONTENT="[Frederick" HEIGHT="68" WIDTH="330" VPOS="2001" HPOS="1389"/>
<SP HEIGHT="53" WIDTH="15" VPOS="2001" HPOS="1720"/>
<String CONTENT="Thomas" HEIGHT="53" WIDTH="249" VPOS="2002" HPOS="1736"/>
<SP HEIGHT="56" WIDTH="16" VPOS="2001" HPOS="1986"/>
<String CONTENT="Glasscock," HEIGHT="69" WIDTH="325" VPOS="2001" HPOS="2003"/>
</TextLine>
<TextLine HEIGHT="63" WIDTH="151" VPOS="2085" HPOS="325" LANG="en-US">
<String CONTENT="1929]" HEIGHT="63" WIDTH="151" VPOS="2085" HPOS="325"/>
</TextLine>
<TextLine HEIGHT="49" WIDTH="319" VPOS="2164" HPOS="391" STYLEREFS="StyleId-341DB4D0-88B0-49A5-B45D-009BDDF377AA-" LANG="en-US" CS="1">
<String CONTENT="vi," HEIGHT="48" WIDTH="63" VPOS="2164" HPOS="391"/>
<SP HEIGHT="48" WIDTH="19" VPOS="2164" HPOS="455"/>
<String CONTENT="38" HEIGHT="41" WIDTH="56" VPOS="2164" HPOS="475"/>
<SP HEIGHT="48" WIDTH="18" VPOS="2165" HPOS="532"/>
<String CONTENT="p." HEIGHT="38" WIDTH="44" VPOS="2175" HPOS="551"/>
<SP HEIGHT="41" WIDTH="57" VPOS="2164" HPOS="596"/>
<String CS="1" CONTENT="21&#189;&#7580;&#7504;." HEIGHT="40" WIDTH="56" VPOS="2164" HPOS="654"/>
</TextLine>
<TextLine HEIGHT="53" WIDTH="1998" VPOS="2230" HPOS="326" STYLEREFS="StyleId-341DB4D0-88B0-49A5-B45D-009BDDF377AA-" LANG="en-US" CS="1">
<String CONTENT="&#169;" HEIGHT="52" WIDTH="52" VPOS="2230" HPOS="326"/>
<SP/>
<String CS="1" CONTENT="1c."/>
<SP HEIGHT="39" WIDTH="29" VPOS="2235" HPOS="477"/>
<String CONTENT="June" HEIGHT="40" WIDTH="128" VPOS="2235" HPOS="507"/>
<SP HEIGHT="39" WIDTH="25" VPOS="2236" HPOS="636"/>
<String CONTENT="1," HEIGHT="46" WIDTH="40" VPOS="2236" HPOS="662"/>
<SP HEIGHT="46" WIDTH="28" VPOS="2236" HPOS="703"/>
<String CONTENT="1929;" HEIGHT="48" WIDTH="141" VPOS="2234" HPOS="732"/>
<SP HEIGHT="47" WIDTH="28" VPOS="2235" HPOS="874"/>
<!-- cceid 99D18B7A-6CFA-1014-9C3C-CEA95E7AA542 --><String CONTENT="A" HEIGHT="38" WIDTH="41" VPOS="2235" HPOS="903"/>
<SP HEIGHT="39" WIDTH="27" VPOS="2235" HPOS="945"/>
<String CONTENT="ad" HEIGHT="39" WIDTH="62" VPOS="2236" HPOS="973"/>
<SP HEIGHT="41" WIDTH="28" VPOS="2234" HPOS="1036"/>
<String CONTENT="int." HEIGHT="41" WIDTH="87" VPOS="2234" HPOS="1065"/>
<SP HEIGHT="40" WIDTH="28" VPOS="2235" HPOS="1153"/>
<String CONTENT="12829;" HEIGHT="48" WIDTH="170" VPOS="2233" HPOS="1182"/>
<SP HEIGHT="38" WIDTH="31" VPOS="2245" HPOS="1353"/>
<String CONTENT="pubd." HEIGHT="48" WIDTH="142" VPOS="2235" HPOS="1385"/>
<SP HEIGHT="38" WIDTH="30" VPOS="2236" HPOS="1528"/>
<String CONTENT="May" HEIGHT="46" WIDTH="114" VPOS="2236" HPOS="1559"/>
<SP HEIGHT="47" WIDTH="27" VPOS="2235" HPOS="1674"/>
<String CONTENT="21;" HEIGHT="46" WIDTH="83" VPOS="2235" HPOS="1702"/>
<SP HEIGHT="46" WIDTH="32" VPOS="2235" HPOS="1786"/>
<String CONTENT="Frederick" HEIGHT="40" WIDTH="263" VPOS="2234" HPOS="1819"/>
<SP HEIGHT="38" WIDTH="28" VPOS="2235" HPOS="2083"/>
<String CONTENT="Thomas" HEIGHT="39" WIDTH="212" VPOS="2235" HPOS="2112"/>
</TextLine>
<TextLine HEIGHT="42" WIDTH="275" VPOS="2290" HPOS="395" STYLEREFS="StyleId-341DB4D0-88B0-49A5-B45D-009BDDF377AA-" LANG="en-US">
<String CONTENT="Glasscock." HEIGHT="42" WIDTH="275" VPOS="2290" HPOS="395"/>
</TextLine>
<TextLine HEIGHT="69" WIDTH="820" VPOS="2382" HPOS="323" LANG="en-US">
<String CONTENT="Potter," HEIGHT="68" WIDTH="227" VPOS="2382" HPOS="323"/>
<SP HEIGHT="64" WIDTH="32" VPOS="2386" HPOS="551"/>
<String CONTENT="La" HEIGHT="53" WIDTH="85" VPOS="2386" HPOS="584"/>
<SP HEIGHT="52" WIDTH="33" VPOS="2387" HPOS="670"/>
<String CONTENT="Forest," HEIGHT="64" WIDTH="229" VPOS="2387" HPOS="704"/>
<SP HEIGHT="57" WIDTH="36" VPOS="2394" HPOS="934"/>
<String CONTENT="1855-" HEIGHT="48" WIDTH="172" VPOS="2393" HPOS="971"/>
</TextLine>
<TextLine HEIGHT="70" WIDTH="1926" VPOS="2466" HPOS="395" LANG="en-US" CS="1">
<String CONTENT="A" HEIGHT="52" WIDTH="55" VPOS="2466" HPOS="395"/>
<SP HEIGHT="52" WIDTH="55" VPOS="2466" HPOS="451"/>
<String CONTENT="new" HEIGHT="35" WIDTH="123" VPOS="2484" HPOS="507"/>
<SP HEIGHT="46" WIDTH="59" VPOS="2472" HPOS="631"/>
<String CONTENT="treatment" HEIGHT="48" WIDTH="309" VPOS="2471" HPOS="691"/>
<SP HEIGHT="48" WIDTH="55" VPOS="2471" HPOS="1001"/>
<String CONTENT="of" HEIGHT="53" WIDTH="65" VPOS="2466" HPOS="1057"/>
<SP HEIGHT="53" WIDTH="58" VPOS="2466" HPOS="1123"/>
<String CONTENT="cancer" HEIGHT="35" WIDTH="198" VPOS="2485" HPOS="1182"/>
<SP HEIGHT="33" WIDTH="58" VPOS="2486" HPOS="1381"/>
<String CONTENT="and" HEIGHT="53" WIDTH="112" VPOS="2467" HPOS="1440"/>
<SP HEIGHT="53" WIDTH="60" VPOS="2467" HPOS="1553"/>
<String CONTENT="chronic" HEIGHT="53" WIDTH="231" VPOS="2467" HPOS="1614"/>
<SP HEIGHT="52" WIDTH="57" VPOS="2468" HPOS="1846"/>
<String CONTENT="diseases" HEIGHT="54" WIDTH="242" VPOS="2466" HPOS="1904"/>
<SP HEIGHT="47" WIDTH="64" VPOS="2487" HPOS="2147"/>
<String CS="1" CONTENT="[by]" HEIGHT="70" WIDTH="93" VPOS="2466" HPOS="2228"/>
</TextLine>
<TextLine HEIGHT="71" WIDTH="1705" VPOS="2543" HPOS="329" LANG="en-US" CS="1">
<String CONTENT="La" HEIGHT="52" WIDTH="83" VPOS="2545" HPOS="329"/>
<SP HEIGHT="52" WIDTH="24" VPOS="2545" HPOS="413"/>
<String CONTENT="Forest" HEIGHT="53" WIDTH="200" VPOS="2545" HPOS="438"/>
<SP HEIGHT="53" WIDTH="25" VPOS="2545" HPOS="639"/>
<String CONTENT="Potter," HEIGHT="68" WIDTH="220" VPOS="2545" HPOS="665"/>
<SP HEIGHT="52" WIDTH="21" VPOS="2561" HPOS="886"/>
<String CS="1" CONTENT="M." HEIGHT="8" WIDTH="8" VPOS="2590" HPOS="965"/>
<SP HEIGHT="35" WIDTH="26" VPOS="2563" HPOS="974"/>
<String CS="1" CONTENT="D." HEIGHT="10" WIDTH="10" VPOS="2588" HPOS="1039"/>
<SP HEIGHT="53" WIDTH="75" VPOS="2545" HPOS="1050"/>
<String CONTENT="Boston," HEIGHT="68" WIDTH="235" VPOS="2545" HPOS="1126"/>
<SP HEIGHT="69" WIDTH="23" VPOS="2544" HPOS="1362"/>
<String LANG="fr" CONTENT="R." HEIGHT="54" WIDTH="68" VPOS="2544" HPOS="1386"/>
<SP HEIGHT="56" WIDTH="26" VPOS="2543" HPOS="1455"/>
<String CONTENT="G." HEIGHT="56" WIDTH="69" VPOS="2543" HPOS="1482"/>
<SP HEIGHT="52" WIDTH="27" VPOS="2546" HPOS="1552"/>
<String CONTENT="Badger" HEIGHT="68" WIDTH="231" VPOS="2546" HPOS="1580"/>
<SP HEIGHT="47" WIDTH="29" VPOS="2565" HPOS="1812"/>
<String CS="1" CONTENT="["/>
<String STYLE="superscript" CS="1" CONTENT="&#7580;1"/>
<String CONTENT="929]" HEIGHT="65" WIDTH="118" VPOS="2547" HPOS="1916"/>
</TextLine>
<TextLine HEIGHT="48" WIDTH="831" VPOS="2626" HPOS="393" STYLEREFS="StyleId-341DB4D0-88B0-49A5-B45D-009BDDF377AA-" LANG="en-US" CS="1">
<String CONTENT="12" HEIGHT="38" WIDTH="55" VPOS="2626" HPOS="393"/>
<SP HEIGHT="47" WIDTH="26" VPOS="2626" HPOS="449"/>
<String LANG="fr" CONTENT="p.," HEIGHT="37" WIDTH="57" VPOS="2636" HPOS="476"/>
<SP HEIGHT="47" WIDTH="26" VPOS="2626" HPOS="534"/>
<String CS="1" CONTENT="1"/>
<SP/>
<String CS="1" CONTENT="l.," HEIGHT="16" WIDTH="9" VPOS="2657" HPOS="647"/>
<SP HEIGHT="46" WIDTH="26" VPOS="2627" HPOS="657"/>
<String CONTENT="17-149" HEIGHT="40" WIDTH="177" VPOS="2626" HPOS="684"/>
<SP HEIGHT="48" WIDTH="21" VPOS="2626" HPOS="862"/>
<String CONTENT="p." HEIGHT="38" WIDTH="44" VPOS="2636" HPOS="884"/>
<SP HEIGHT="40" WIDTH="54" VPOS="2626" HPOS="929"/>
<String CONTENT="illus." HEIGHT="40" WIDTH="129" VPOS="2626" HPOS="984"/>
<SP HEIGHT="39" WIDTH="53" VPOS="2627" HPOS="1114"/>
<String CS="1" CONTENT="21&#189;" HEIGHT="38" WIDTH="56" VPOS="2627" HPOS="1168"/>
<String STYLE="superscript" CS="1" CONTENT="&#7580;&#7504;."/>
</TextLine>
<TextLine HEIGHT="97" WIDTH="1990" VPOS="2695" HPOS="322" STYLEREFS="StyleId-341DB4D0-88B0-49A5-B45D-009BDDF377AA-" LANG="en-US" CS="1">
<String CONTENT="&#8220;Comments" HEIGHT="41" WIDTH="306" VPOS="2695" HPOS="395"/>
<SP HEIGHT="30" WIDTH="33" VPOS="2706" HPOS="702"/>
<String CONTENT="on" HEIGHT="29" WIDTH="60" VPOS="2707" HPOS="736"/>
<SP HEIGHT="39" WIDTH="31" VPOS="2696" HPOS="797"/>
<String CONTENT="The" HEIGHT="40" WIDTH="102" VPOS="2696" HPOS="829"/>
<SP HEIGHT="37" WIDTH="28" VPOS="2707" HPOS="932"/>
<String CONTENT="psychology" HEIGHT="48" WIDTH="293" VPOS="2697" HPOS="961"/>
<SP HEIGHT="37" WIDTH="32" VPOS="2707" HPOS="1255"/>
<String CONTENT="of" HEIGHT="39" WIDTH="51" VPOS="2697" HPOS="1288"/>
<SP HEIGHT="39" WIDTH="32" VPOS="2697" HPOS="1340"/>
<String CONTENT="health" HEIGHT="39" WIDTH="169" VPOS="2697" HPOS="1373"/>
<SP HEIGHT="39" WIDTH="32" VPOS="2697" HPOS="1543"/>
<String CONTENT="and" HEIGHT="40" WIDTH="95" VPOS="2697" HPOS="1576"/>
<SP HEIGHT="40" WIDTH="32" VPOS="2697" HPOS="1672"/>
<String CONTENT="happiness," HEIGHT="48" WIDTH="276" VPOS="2697" HPOS="1705"/>
<SP HEIGHT="47" WIDTH="33" VPOS="2697" HPOS="1982"/>
<String CONTENT="by" HEIGHT="48" WIDTH="61" VPOS="2697" HPOS="2016"/>
<SP HEIGHT="48" WIDTH="32" VPOS="2697" HPOS="2078"/>
<String CONTENT="La" HEIGHT="40" WIDTH="69" VPOS="2697" HPOS="2111"/>
<SP HEIGHT="40" WIDTH="35" VPOS="2697" HPOS="2181"/>
<String CONTENT="Forest" HEIGHT="95" WIDTH="1990" VPOS="2697" HPOS="322"/>
</TextLine>
<TextLine HEIGHT="48" WIDTH="715" VPOS="2753" HPOS="423" STYLEREFS="StyleId-341DB4D0-88B0-49A5-B45D-009BDDF377AA-" LANG="en-US" CS="1">
<String CONTENT="Potter," HEIGHT="46" WIDTH="183" VPOS="2753" HPOS="423"/>
<SP HEIGHT="37" WIDTH="29" VPOS="2762" HPOS="607"/>
<String CS="1" CONTENT="M"/>
<String LANG="fr" CONTENT="." HEIGHT="9" WIDTH="8" VPOS="2783" HPOS="683"/>
<SP HEIGHT="30" WIDTH="26" VPOS="2762" HPOS="692"/>
<String CS="1" CONTENT="D.&#8221;:"/>
<SP HEIGHT="38" WIDTH="27" VPOS="2763" HPOS="819"/>
<String CONTENT="p." HEIGHT="38" WIDTH="43" VPOS="2763" HPOS="847"/>
<SP HEIGHT="39" WIDTH="28" VPOS="2754" HPOS="891"/>
<String CONTENT="147-149." HEIGHT="40" WIDTH="218" VPOS="2753" HPOS="920"/>
</TextLine>
<TextLine HEIGHT="54" WIDTH="1996" VPOS="2818" HPOS="327" STYLEREFS="StyleId-341DB4D0-88B0-49A5-B45D-009BDDF377AA-" LANG="en-US" CS="1">
<String CONTENT="&#169;" HEIGHT="52" WIDTH="52" VPOS="2818" HPOS="327"/>
<SP HEIGHT="52" WIDTH="28" VPOS="2818" HPOS="380"/>
<String CONTENT="Apr." HEIGHT="47" WIDTH="114" VPOS="2824" HPOS="409"/>
<SP HEIGHT="40" WIDTH="26" VPOS="2824" HPOS="524"/>
<String CONTENT="26," HEIGHT="47" WIDTH="70" VPOS="2823" HPOS="551"/>
<SP HEIGHT="46" WIDTH="27" VPOS="2824" HPOS="622"/>
<String CS="1" CONTENT="1929;" HEIGHT="40" WIDTH="119" VPOS="2823" HPOS="650"/>
<SP HEIGHT="46" WIDTH="29" VPOS="2824" HPOS="793"/>
<String CONTENT="2c." HEIGHT="40" WIDTH="67" VPOS="2824" HPOS="823"/>
<SP HEIGHT="39" WIDTH="29" VPOS="2825" HPOS="891"/>
<String CONTENT="May" HEIGHT="46" WIDTH="117" VPOS="2825" HPOS="921"/>
<SP HEIGHT="46" WIDTH="21" VPOS="2825" HPOS="1039"/>
<String CS="1" CONTENT="20;" HEIGHT="41" WIDTH="59" VPOS="2823" HPOS="1061"/>
<SP HEIGHT="37" WIDTH="29" VPOS="2834" HPOS="1146"/>
<String CONTENT="aff." HEIGHT="41" WIDTH="83" VPOS="2823" HPOS="1176"/>
<SP HEIGHT="39" WIDTH="26" VPOS="2825" HPOS="1260"/>
<String CONTENT="May" HEIGHT="46" WIDTH="116" VPOS="2825" HPOS="1287"/>
<SP HEIGHT="46" WIDTH="25" VPOS="2825" HPOS="1404"/>
<String CS="1" CONTENT="17;" HEIGHT="39" WIDTH="57" VPOS="2825" HPOS="1430"/>
<SP HEIGHT="47" WIDTH="29" VPOS="2824" HPOS="1514"/>
<!-- cceid 99D243E4-6CFA-1014-9C3C-CEA95E7AA542 --><String CONTENT="A" HEIGHT="39" WIDTH="42" VPOS="2824" HPOS="1544"/>
<SP HEIGHT="41" WIDTH="24" VPOS="2824" HPOS="1587"/>
<String CS="1" CONTENT="8211;" HEIGHT="41" WIDTH="114" VPOS="2824" HPOS="1612"/>
<SP HEIGHT="47" WIDTH="30" VPOS="2824" HPOS="1754"/>
<String CONTENT="Richard" HEIGHT="41" WIDTH="215" VPOS="2824" HPOS="1785"/>
<SP HEIGHT="41" WIDTH="29" VPOS="2824" HPOS="2001"/>
<String CONTENT="G." HEIGHT="42" WIDTH="53" VPOS="2824" HPOS="2031"/>
<SP HEIGHT="41" WIDTH="29" VPOS="2825" HPOS="2085"/>
<String CONTENT="Badger." HEIGHT="47" WIDTH="208" VPOS="2825" HPOS="2115"/>
</TextLine>
<TextLine HEIGHT="50" WIDTH="282" VPOS="2879" HPOS="404" STYLEREFS="StyleId-341DB4D0-88B0-49A5-B45D-009BDDF377AA-" LANG="en-US">
<String CONTENT="(29-11568)" HEIGHT="50" WIDTH="282" VPOS="2879" HPOS="404"/>
</TextLine>
<TextLine HEIGHT="64" WIDTH="871" VPOS="2974" HPOS="326" LANG="en-US">
<String CONTENT="Rowe," HEIGHT="63" WIDTH="193" VPOS="2975" HPOS="326"/>
<SP HEIGHT="64" WIDTH="28" VPOS="2974" HPOS="520"/>
<String CONTENT="John" HEIGHT="53" WIDTH="157" VPOS="2974" HPOS="549"/>
<SP HEIGHT="53" WIDTH="30" VPOS="2975" HPOS="707"/>
<String CONTENT="Gabriel," HEIGHT="63" WIDTH="254" VPOS="2975" HPOS="738"/>
<SP HEIGHT="56" WIDTH="31" VPOS="2982" HPOS="993"/>
<String CONTENT="1874-" HEIGHT="53" WIDTH="172" VPOS="2977" HPOS="1025"/>
</TextLine>
<TextLine HEIGHT="75" WIDTH="1936" VPOS="3053" HPOS="394" LANG="en-US">
<String CONTENT="Sergeant" HEIGHT="69" WIDTH="277" VPOS="3053" HPOS="394"/>
<SP HEIGHT="53" WIDTH="46" VPOS="3055" HPOS="672"/>
<String CONTENT="Dick" HEIGHT="53" WIDTH="152" VPOS="3054" HPOS="719"/>
<SP HEIGHT="54" WIDTH="46" VPOS="3054" HPOS="872"/>
<String CONTENT="of" HEIGHT="53" WIDTH="64" VPOS="3055" HPOS="919"/>
<SP HEIGHT="52" WIDTH="46" VPOS="3055" HPOS="984"/>
<String CONTENT="the" HEIGHT="52" WIDTH="96" VPOS="3055" HPOS="1031"/>
<SP HEIGHT="52" WIDTH="46" VPOS="3055" HPOS="1128"/>
<String CONTENT="Royal" HEIGHT="69" WIDTH="186" VPOS="3055" HPOS="1175"/>
<SP HEIGHT="51" WIDTH="46" VPOS="3056" HPOS="1362"/>
<String CONTENT="mounted," HEIGHT="58" WIDTH="277" VPOS="3057" HPOS="1409"/>
<SP HEIGHT="49" WIDTH="41" VPOS="3075" HPOS="1687"/>
<String CONTENT="police," HEIGHT="73" WIDTH="201" VPOS="3055" HPOS="1729"/>
<SP HEIGHT="53" WIDTH="47" VPOS="3075" HPOS="1931"/>
<String CONTENT="a" HEIGHT="34" WIDTH="32" VPOS="3075" HPOS="1979"/>
<SP HEIGHT="47" WIDTH="46" VPOS="3062" HPOS="2012"/>
<String CONTENT="thrilling" HEIGHT="71" WIDTH="271" VPOS="3057" HPOS="2059"/>
</TextLine>
<TextLine HEIGHT="70" WIDTH="2007" VPOS="3132" HPOS="321" LANG="en-US" CS="1">
<String CONTENT="story" HEIGHT="63" WIDTH="159" VPOS="3137" HPOS="321"/>
<SP HEIGHT="49" WIDTH="41" VPOS="3151" HPOS="481"/>
<String CONTENT="of" HEIGHT="54" WIDTH="64" VPOS="3132" HPOS="523"/>
<SP HEIGHT="53" WIDTH="41" VPOS="3132" HPOS="588"/>
<String CONTENT="the" HEIGHT="52" WIDTH="96" VPOS="3133" HPOS="630"/>
<SP HEIGHT="55" WIDTH="45" VPOS="3132" HPOS="727"/>
<String CONTENT="Canadian" HEIGHT="55" WIDTH="300" VPOS="3132" HPOS="773"/>
<SP HEIGHT="33" WIDTH="44" VPOS="3152" HPOS="1074"/>
<String CONTENT="woods," HEIGHT="68" WIDTH="209" VPOS="3134" HPOS="1119"/>
<SP HEIGHT="70" WIDTH="41" VPOS="3132" HPOS="1329"/>
<String CONTENT="by" HEIGHT="70" WIDTH="77" VPOS="3132" HPOS="1371"/>
<SP HEIGHT="69" WIDTH="39" VPOS="3133" HPOS="1449"/>
<String CONTENT="John" HEIGHT="54" WIDTH="159" VPOS="3133" HPOS="1489"/>
<SP HEIGHT="55" WIDTH="45" VPOS="3133" HPOS="1649"/>
<String CONTENT="G." HEIGHT="55" WIDTH="68" VPOS="3133" HPOS="1695"/>
<SP HEIGHT="53" WIDTH="47" VPOS="3134" HPOS="1764"/>
<String CONTENT="Rowe" HEIGHT="53" WIDTH="173" VPOS="3134" HPOS="1812"/>
<SP HEIGHT="34" WIDTH="48" VPOS="3153" HPOS="1986"/>
<String CS="1" CONTENT="&#8230;"/>
<SP HEIGHT="52" WIDTH="95" VPOS="3135" HPOS="2093"/>
<String CONTENT="New" HEIGHT="52" WIDTH="139" VPOS="3135" HPOS="2189"/>
</TextLine>
<TextLine HEIGHT="70" WIDTH="1247" VPOS="3210" HPOS="322" LANG="en-US" CS="1">
<String CONTENT="York," HEIGHT="69" WIDTH="180" VPOS="3210" HPOS="322"/>
<SP HEIGHT="69" WIDTH="25" VPOS="3210" HPOS="503"/>
<String CONTENT="Cupples" HEIGHT="68" WIDTH="254" VPOS="3210" HPOS="529"/>
<SP HEIGHT="52" WIDTH="24" VPOS="3212" HPOS="784"/>
<String CONTENT="&amp;" HEIGHT="50" WIDTH="46" VPOS="3212" HPOS="809"/>
<SP HEIGHT="51" WIDTH="22" VPOS="3211" HPOS="856"/>
<String CONTENT="Leon" HEIGHT="51" WIDTH="155" VPOS="3211" HPOS="879"/>
<SP HEIGHT="34" WIDTH="28" VPOS="3229" HPOS="1035"/>
<String CONTENT="company" HEIGHT="50" WIDTH="281" VPOS="3229" HPOS="1064"/>
<SP HEIGHT="49" WIDTH="29" VPOS="3230" HPOS="1346"/>
<String CS="1" CONTENT="["/>
<String STYLE="superscript" CS="1" CONTENT="&#7580;1"/>
<String CONTENT="929]" HEIGHT="67" WIDTH="118" VPOS="3213" HPOS="1451"/>
</TextLine>
<TextLine HEIGHT="49" WIDTH="1012" VPOS="3291" HPOS="391" STYLEREFS="StyleId-341DB4D0-88B0-49A5-B45D-009BDDF377AA-" LANG="en-US" CS="1">
<String CONTENT="4" HEIGHT="38" WIDTH="28" VPOS="3292" HPOS="391"/>
<SP/>
<String LANG="fr" CS="1" CONTENT="p."/>
<SP/>
<String LANG="fr" CS="1" CONTENT="l."/>
<String CONTENT="," HEIGHT="17" WIDTH="9" VPOS="3322" HPOS="553"/>
<SP HEIGHT="48" WIDTH="24" VPOS="3291" HPOS="563"/>
<String CONTENT="296" HEIGHT="40" WIDTH="89" VPOS="3291" HPOS="588"/>
<SP HEIGHT="48" WIDTH="23" VPOS="3291" HPOS="678"/>
<String CONTENT="p." HEIGHT="38" WIDTH="44" VPOS="3301" HPOS="702"/>
<SP HEIGHT="31" WIDTH="58" VPOS="3301" HPOS="747"/>
<String CONTENT="col." HEIGHT="40" WIDTH="87" VPOS="3292" HPOS="806"/>
<SP HEIGHT="41" WIDTH="25" VPOS="3291" HPOS="894"/>
<String CONTENT="front.," HEIGHT="47" WIDTH="165" VPOS="3291" HPOS="920"/>
<SP HEIGHT="38" WIDTH="27" VPOS="3302" HPOS="1086"/>
<String CONTENT="plates." HEIGHT="46" WIDTH="171" VPOS="3294" HPOS="1114"/>
<SP HEIGHT="40" WIDTH="58" VPOS="3292" HPOS="1286"/>
<String CONTENT="20" HEIGHT="41" WIDTH="58" VPOS="3291" HPOS="1345"/>
<String STYLE="superscript" CS="1" CONTENT="&#7580;&#7504;."/>
</TextLine>
<TextLine HEIGHT="53" WIDTH="1941" VPOS="3358" HPOS="328" STYLEREFS="StyleId-341DB4D0-88B0-49A5-B45D-009BDDF377AA-" LANG="en-US" CS="1">
<String CONTENT="&#169;" HEIGHT="52" WIDTH="52" VPOS="3358" HPOS="328"/>
<SP HEIGHT="52" WIDTH="26" VPOS="3358" HPOS="381"/>
<String CONTENT="Feb." HEIGHT="41" WIDTH="111" VPOS="3362" HPOS="408"/>
<SP HEIGHT="40" WIDTH="23" VPOS="3363" HPOS="520"/>
<String CONTENT="20," HEIGHT="47" WIDTH="70" VPOS="3363" HPOS="544"/>
<SP HEIGHT="47" WIDTH="24" VPOS="3363" HPOS="615"/>
<String CS="1" CONTENT="1929;" HEIGHT="40" WIDTH="115" VPOS="3362" HPOS="640"/>
<SP HEIGHT="46" WIDTH="24" VPOS="3363" HPOS="782"/>
<String CONTENT="2c." HEIGHT="40" WIDTH="68" VPOS="3363" HPOS="807"/>
<SP HEIGHT="39" WIDTH="25" VPOS="3364" HPOS="876"/>
<String CONTENT="May" HEIGHT="46" WIDTH="114" VPOS="3364" HPOS="902"/>
<SP HEIGHT="46" WIDTH="22" VPOS="3364" HPOS="1017"/>
<String CS="1" CONTENT="20;" HEIGHT="40" WIDTH="59" VPOS="3362" HPOS="1040"/>
<SP HEIGHT="36" WIDTH="26" VPOS="3373" HPOS="1124"/>
<String CONTENT="aff." HEIGHT="41" WIDTH="82" VPOS="3362" HPOS="1151"/>
<SP HEIGHT="38" WIDTH="26" VPOS="3365" HPOS="1234"/>
<String CONTENT="May" HEIGHT="45" WIDTH="114" VPOS="3365" HPOS="1261"/>
<SP HEIGHT="46" WIDTH="22" VPOS="3364" HPOS="1376"/>
<String CS="1" CONTENT="18;" HEIGHT="40" WIDTH="57" VPOS="3363" HPOS="1399"/>
<SP HEIGHT="45" WIDTH="27" VPOS="3364" HPOS="1482"/>
<!-- cceid 99D30193-6CFA-1014-9C3C-CEA95E7AA542 --><String CONTENT="A" HEIGHT="38" WIDTH="41" VPOS="3364" HPOS="1510"/>
<SP HEIGHT="40" WIDTH="22" VPOS="3363" HPOS="1552"/>
<String CS="1" CONTENT="9179;" HEIGHT="42" WIDTH="118" VPOS="3362" HPOS="1575"/>
<SP HEIGHT="47" WIDTH="29" VPOS="3363" HPOS="1717"/>
<String CONTENT="Cupples" HEIGHT="48" WIDTH="213" VPOS="3363" HPOS="1747"/>
<SP HEIGHT="41" WIDTH="21" VPOS="3363" HPOS="1961"/>
<String CONTENT="&amp;" HEIGHT="41" WIDTH="36" VPOS="3363" HPOS="1983"/>
<SP HEIGHT="41" WIDTH="24" VPOS="3363" HPOS="2020"/>
<String CONTENT="Leon" HEIGHT="40" WIDTH="128" VPOS="3364" HPOS="2045"/>
<SP HEIGHT="29" WIDTH="27" VPOS="3374" HPOS="2174"/>
<String CONTENT="co." HEIGHT="29" WIDTH="67" VPOS="3374" HPOS="2202"/>
</TextLine>
<TextLine HEIGHT="49" WIDTH="280" VPOS="3418" HPOS="406" STYLEREFS="StyleId-341DB4D0-88B0-49A5-B45D-009BDDF377AA-" LANG="en-US">
<String CONTENT="(29-11403)" HEIGHT="49" WIDTH="280" VPOS="3418" HPOS="406"/>
</TextLine>
<TextLine HEIGHT="66" WIDTH="764" VPOS="3512" HPOS="326">
<String LANG="la" CONTENT="Sabatini," HEIGHT="65" WIDTH="289" VPOS="3512" HPOS="326"/>
<SP HEIGHT="63" WIDTH="33" VPOS="3514" HPOS="616"/>
<String LANG="en-US" CONTENT="Rafael," HEIGHT="65" WIDTH="231" VPOS="3513" HPOS="650"/>
<SP HEIGHT="58" WIDTH="35" VPOS="3520" HPOS="882"/>
<String LANG="en-US" CONTENT="1875-" HEIGHT="54" WIDTH="172" VPOS="3515" HPOS="918"/>
</TextLine>
<TextLine HEIGHT="69" WIDTH="1867" VPOS="3591" HPOS="458" LANG="en-US" CS="1">
<String CS="1" CONTENT="&#8230;"/>
<SP HEIGHT="50" WIDTH="39" VPOS="3592" HPOS="458"/>
<String CONTENT="The" HEIGHT="51" WIDTH="121" VPOS="3592" HPOS="498"/>
<SP HEIGHT="33" WIDTH="33" VPOS="3610" HPOS="620"/>
<String CONTENT="writings" HEIGHT="68" WIDTH="264" VPOS="3592" HPOS="654"/>
<SP HEIGHT="33" WIDTH="33" VPOS="3611" HPOS="919"/>
<String CONTENT="of" HEIGHT="53" WIDTH="64" VPOS="3591" HPOS="953"/>
<SP HEIGHT="52" WIDTH="31" VPOS="3591" HPOS="1018"/>
<String CONTENT="Rafael" HEIGHT="53" WIDTH="209" VPOS="3591" HPOS="1050"/>
<SP HEIGHT="54" WIDTH="37" VPOS="3591" HPOS="1260"/>
<String LANG="la" CS="1" CONTENT="Sabatini." HEIGHT="54" WIDTH="263" VPOS="3591" HPOS="1298"/>
<SP HEIGHT="33" WIDTH="76" VPOS="3611" HPOS="1577"/>
<String CONTENT="v." HEIGHT="33" WIDTH="49" VPOS="3611" HPOS="1654"/>
<SP HEIGHT="48" WIDTH="37" VPOS="3596" HPOS="1704"/>
<String CONTENT="23." HEIGHT="48" WIDTH="82" VPOS="3596" HPOS="1742"/>
<SP HEIGHT="32" WIDTH="46" VPOS="3627" HPOS="1825"/>
<String CS="1" CONTENT="[The" HEIGHT="52" WIDTH="123" VPOS="3593" HPOS="1890"/>
<SP HEIGHT="33" WIDTH="30" VPOS="3612" HPOS="2014"/>
<String CONTENT="romantic" HEIGHT="53" WIDTH="280" VPOS="3592" HPOS="2045"/>
</TextLine>
<TextLine HEIGHT="70" WIDTH="1999" VPOS="3669" HPOS="327" LANG="en-US" CS="1">
<String CONTENT="prince" HEIGHT="67" WIDTH="196" VPOS="3669" HPOS="327"/>
<SP HEIGHT="32" WIDTH="30" VPOS="3688" HPOS="524"/>
<String CS="1" CONTENT="&#8230;"/>
<SP HEIGHT="50" WIDTH="79" VPOS="3671" HPOS="610"/>
<String CONTENT="Boston" HEIGHT="50" WIDTH="218" VPOS="3671" HPOS="690"/>
<SP HEIGHT="33" WIDTH="25" VPOS="3688" HPOS="909"/>
<String CONTENT="and" HEIGHT="52" WIDTH="113" VPOS="3670" HPOS="935"/>
<SP HEIGHT="52" WIDTH="24" VPOS="3670" HPOS="1049"/>
<String CONTENT="New" HEIGHT="52" WIDTH="139" VPOS="3670" HPOS="1074"/>
<SP HEIGHT="50" WIDTH="26" VPOS="3671" HPOS="1214"/>
<String CONTENT="York," HEIGHT="67" WIDTH="181" VPOS="3670" HPOS="1241"/>
<SP HEIGHT="66" WIDTH="24" VPOS="3671" HPOS="1423"/>
<String CONTENT="Houghton" HEIGHT="68" WIDTH="320" VPOS="3671" HPOS="1448"/>
<SP HEIGHT="51" WIDTH="24" VPOS="3671" HPOS="1769"/>
<String CONTENT="Mifflin" HEIGHT="51" WIDTH="205" VPOS="3671" HPOS="1794"/>
<SP HEIGHT="34" WIDTH="25" VPOS="3689" HPOS="2000"/>
<String CONTENT="company," HEIGHT="51" WIDTH="300" VPOS="3688" HPOS="2026"/>
</TextLine>
<TextLine HEIGHT="63" WIDTH="152" VPOS="3749" HPOS="329" LANG="en-US">
<String CONTENT="1929]" HEIGHT="63" WIDTH="152" VPOS="3749" HPOS="329"/>
</TextLine>
<TextLine HEIGHT="50" WIDTH="946" VPOS="3828" HPOS="395" STYLEREFS="StyleId-341DB4D0-88B0-49A5-B45D-009BDDF377AA-" LANG="en-US" CS="1">
<String CONTENT="vi" HEIGHT="40" WIDTH="49" VPOS="3828" HPOS="395"/>
<SP HEIGHT="48" WIDTH="23" VPOS="3828" HPOS="445"/>
<String CONTENT="p.," HEIGHT="37" WIDTH="57" VPOS="3839" HPOS="469"/>
<SP HEIGHT="48" WIDTH="25" VPOS="3828" HPOS="527"/>
<String CONTENT="2" HEIGHT="39" WIDTH="30" VPOS="3828" HPOS="553"/>
<SP HEIGHT="40" WIDTH="20" VPOS="3828" HPOS="584"/>
<String CS="1" CONTENT="l.," HEIGHT="16" WIDTH="22" VPOS="3859" HPOS="627"/>
<SP HEIGHT="29" WIDTH="30" VPOS="3849" HPOS="650"/>
<String CONTENT="[3]-353" HEIGHT="49" WIDTH="173" VPOS="3829" HPOS="681"/>
<SP HEIGHT="48" WIDTH="24" VPOS="3830" HPOS="855"/>
<String CONTENT="p." HEIGHT="38" WIDTH="44" VPOS="3840" HPOS="880"/>
<SP HEIGHT="39" WIDTH="52" VPOS="3830" HPOS="925"/>
<String CONTENT="front.," HEIGHT="47" WIDTH="164" VPOS="3830" HPOS="978"/>
<SP HEIGHT="37" WIDTH="25" VPOS="3841" HPOS="1143"/>
<String CS="1" CONTENT="pl." HEIGHT="37" WIDTH="62" VPOS="3841" HPOS="1169"/>
<SP HEIGHT="40" WIDTH="52" VPOS="3830" HPOS="1232"/>
<String CONTENT="23" HEIGHT="40" WIDTH="56" VPOS="3830" HPOS="1285"/>
<String STYLE="superscript" CS="1" CONTENT="&#7580;&#7504;."/>
</TextLine>
<TextLine HEIGHT="51" WIDTH="1230" VPOS="3899" HPOS="397" STYLEREFS="StyleId-341DB4D0-88B0-49A5-B45D-009BDDF377AA-" LANG="en-US" CS="1">
<String CS="1" CONTENT="Half-title;" HEIGHT="40" WIDTH="253" VPOS="3899" HPOS="397"/>
<SP HEIGHT="35" WIDTH="27" VPOS="3911" HPOS="677"/>
<String CONTENT="each" HEIGHT="39" WIDTH="119" VPOS="3901" HPOS="705"/>
<SP HEIGHT="39" WIDTH="27" VPOS="3901" HPOS="825"/>
<String CONTENT="volume" HEIGHT="39" WIDTH="193" VPOS="3902" HPOS="853"/>
<SP HEIGHT="40" WIDTH="23" VPOS="3901" HPOS="1047"/>
<String CONTENT="has" HEIGHT="40" WIDTH="90" VPOS="3901" HPOS="1071"/>
<SP HEIGHT="30" WIDTH="25" VPOS="3911" HPOS="1162"/>
<String CONTENT="also" HEIGHT="39" WIDTH="104" VPOS="3902" HPOS="1188"/>
<SP HEIGHT="31" WIDTH="26" VPOS="3911" HPOS="1293"/>
<String CONTENT="special" HEIGHT="49" WIDTH="181" VPOS="3901" HPOS="1320"/>
<SP HEIGHT="39" WIDTH="27" VPOS="3903" HPOS="1502"/>
<String CONTENT="t.-p." HEIGHT="46" WIDTH="97" VPOS="3904" HPOS="1530"/>
</TextLine>
</TextBlock>
</PrintSpace>
</Page>
</Layout>
</alto>