2542 4389
1088 4026 135 55 1217

162 360 299 54 Havelock
490 359 163 65 Ellis,
681 362 60 52 in
768 363 413 69 appreciation,
1205 364 77 68 by
1310 363 130 52 Elie
1465 362 206 69 Faure,
1697 363 291 53 Bertrand
224 363 1912 143 Russell,

370 437 1757 69 H. L. Mencken … and … other important contributors;
225 516 141 52 with
399 534 74 34 an
505 515 387 68 unpublished
924 516 168 52 letter
1125 515 77 70 by
1237 516 250 53 Thomas
1522 515 209 70 Hardy
1767 521 59 48 to
1861 516 299 54 Havelock

226 585 166 77 Ellis,
424 594 114 52 and
572 612 32 33 a
638 591 289 54 foreword
961 594 76 68 by
1070 594 165 52 Isaac
1269 593 296 69 Goldberg
1598 595 46 51 &
1679 593 480 55 embellishments

225 672 76 68 by
328 671 176 53 Louis
532 670 254 53 Moreau.
864 669 320 70 Compiled,
1213 671 191 54 edited
1434 671 113 53 and
1576 670 233 70 printed
1835 671 77 70 by
1942 671 221 71 Joseph

225 749 188 53 Ishill.
487 748 281 69 Berkeley
805 747 271 70 Heights,
1115 749 71 55 N.
1225 749 77 68 J.,
1340 749 144 53 Pub.
1523 749 147 69 priv.
1712 748 76 70 by
1825 749 98 54 the
1964 748 198 56 Oriole

226 845 176 51 press,
436 829 150 50 1929.

229 908 118 49 xlvi,
378 907 100 49 299,
515 908 53 50 [1]
603 918 44 38 p.
706 908 232 40 mounted
970 907 165 49 front.,
1168 907 145 50 illus.,
1413 939 10 18 pl.,
1455 909 166 48 ports.,
1652 907 218 42 facsims.
1929 908 117 43 21ᶜᵐ.

231 979 133 39 “The
391 977 183 41 edition
607 977 42 41 is
681 976 190 41 limited
904 979 49 39 to
986 977 90 40 450
1106 977 160 49 copies
1300 977 195 50 printed
1529 990 61 29 on
1624 977 259 41 American
1918 988 89 39 egg
2039 980 125 40 shell

158 1045 149 39 paper
331 1036 97 39 and
451 1033 57 41 50
532 1033 159 49 copies
716 1045 60 29 on
802 1034 281 40 Alexandra
1112 1034 161 48 Japan
1298 1035 195 40 vellum.
1554 1034 118 41 This
1698 1034 43 41 is
1765 1046 77 30 no.
1869 1034 100 42 69.”

228 1092 76 40 An
343 1091 353 41 international
737 1090 184 40 tribute
960 1091 211 47 planned
1212 1091 262 48 originally
1516 1093 49 39 to
1607 1092 57 39 be
1703 1091 166 41 issued
1908 1102 131 38 upon
2081 1093 84 39 the

156 1148 274 41 seventieth
460 1148 230 47 birthday
719 1147 54 41 of
800 1146 252 42 Havelock
1081 1147 136 49 Ellis,
1249 1148 252 48 February
1531 1148 41 48 2,
1604 1147 128 42 1929.
1793 1149 61 49 cf.
1887 1148 277 42 Foreword.

163 1216 52 53 ©
242 1221 116 47 July
385 1220 41 49 1,
452 1219 142 48 1929;
621 1219 70 41 2c.
717 1219 117 47 July
860 1219 83 46 31;
974 1218 82 41 aff.
1085 1219 116 48 July
1229 1218 82 49 30;
1341 1219 43 39 A
1410 1219 171 48 11633;
1614 1219 164 42 Oriole
1803 1229 151 39 press,
231 1218 1912 107 Berkeley

337 1277 222 48 Heights,
588 1276 56 40 N.
674 1276 44 41 J.
785 1274 283 51 (29-17034)

161 1372 411 64 Hildebrandt,
603 1371 177 55 Kurt.

233 1450 1927 70 Staat und rasse. Drei vorträge … Breslau, F. Hirt, 1928.
230 1532 25 40 1
290 1542 42 31 v.

164 1599 52 53 ©
243 1603 128 41 June
393 1603 71 48 27,
489 1601 142 49 1928;
658 1602 68 41 1c.
751 1602 119 41 Nov.
897 1601 53 48 6;
978 1600 43 40 A
1021 1601 272 49 —Foreign
1318 1601 112 47 733;
1460 1602 279 40 Ferdinand
1764 1602 132 41 Hirt.

161 1697 271 65 Holland,
461 1697 228 63 Rupert
720 1697 276 63 Sargent,
1030 1697 172 54 1878-

224 1773 1938 71 Drake’s lad, by Rupert Sargent Holland … illustrated by
154 1851 2002 71 Henry Pitz. New York & London, The Century co. [ ᶜ19 29 ]
227 1932 1309 51 ix, 213 p. front., illus., plates. 19 ½ ᶜᵐ . $1.75
164 2001 52 53 ©
243 2006 120 48 Aug.
390 2005 69 48 16,
487 2005 114 40 1929;
656 2005 68 41 2c.
752 2005 96 39 and
875 2003 84 41 aff.
986 2005 122 47 Aug.
1134 2004 56 40 21;
1248 2005 42 38 A
1317 2003 145 41 10854;
1521 2004 214 48 Century
1763 2016 69 30 co.

243 2061 281 51 (29-17041)

236 2155 68 53 In
335 2156 148 70 spite
514 2157 64 53 of
609 2157 79 53 all
720 2156 307 70 rejoicing;
1066 2175 31 34 a
1128 2155 257 55 soldier’s
1417 2156 168 70 diary
1615 2156 63 54 of
1708 2157 96 53 the
1836 2162 164 64 great
2030 2173 136 49 war,

163 2236 142 52 with
330 2255 73 34 an
430 2235 393 54 introduction
846 2236 77 69 by
948 2235 207 70 Henry
1180 2234 382 55 Williamson.
1636 2234 139 53 New
1804 2233 181 70 York,
162 2233 1979 134 Duffield

324 2315 114 52 and
465 2332 299 52 company,
792 2315 151 51 1929.

297 2392 375 50 xx, 260 p. 20 ᶜᵐ .
164 2460 52 53 ©
243 2465 119 44 Aug.
390 2465 70 48 13,
488 2465 117 40 1929;
658 2465 68 41 2c.
755 2466 96 39 and
879 2465 83 42 aff.
989 2466 122 47 Aug.
1138 2465 56 39 14;
1250 2464 41 40 A
1317 2463 146 42 10754;
1520 2465 207 39 Duffield
1755 2464 37 41 &
1818 2474 68 31 co.

241 2521 282 51 (29-16938)

161 2616 230 65 Jessen,
425 2617 185 55 Arnd.

162 2692 1978 152 … Finanzen und steuern, von dr. Arnd Jessen; ein nachschlagebuch
576 2775 99 52 für
710 2773 217 55 theorie
961 2775 120 53 und
1116 2773 212 70 praxis.
1404 2773 397 69 Halberstadt,
1835 2773 78 55 H.
1948 2772 216 70 Meyer,

165 2855 149 51 1929.

226 2932 1578 51 xxxii, 249, [3] p. 17 ᶜᵐ . (Meyer’s w örterbücher, [bd. 7])
162 2998 1978 102 © Jan. 2, 1929; 1c. Mar. 20; A —Foreign 2497; H. Meyer’s buchdruekerei.
381 3059 281 50 (29-16987)

158 3154 234 65 Kühne,
425 3155 211 64 Georg.

228 3233 329 54 Handbuch
594 3236 100 52 der
732 3234 719 54 landmaschinentechnik.
1529 3238 45 49 1.
1613 3234 92 53 bd.
1783 3237 46 49 1.
1867 3232 109 70 lfg.
2051 3231 111 54 Die

159 3318 193 63 geräte
377 3314 120 52 und
519 3313 329 53 maschinen
872 3331 101 35 zur
995 3312 376 69 bearbeitung
1395 3313 97 52 des
1514 3312 213 53 bodens
1748 3312 108 52 mit
157 3329 1979 115 gespannkraft

352 3392 119 52 und
502 3391 107 53 mit
639 3391 400 53 motorischem
1071 3391 231 68 seilzug.
1378 3390 217 68 Berlin,
1630 3389 195 55 Julius
1860 3389 300 69 Springer,
161 3471 150 51 1928.

227 3549 666 49 vi, 132 p. diagrs. 28 ᶜᵐ .
161 3615 1735 53 © May 10, 1928; 1c. Sept. 19; A —Foreign 35; Julius Springer.
158 3713 180 65 Kurz,
371 3714 207 65 Isolde,
614 3721 173 49 1853-

228 3792 296 56 Nachbars
558 3794 259 70 Werner,
852 3794 314 69 erzählung
1200 3810 112 36 von
1346 3792 192 54 Isolde
1572 3792 178 52 Kurz.
1824 3791 115 55 Mit
1976 3793 181 53 einem

158 3871 616 69 autobiographischen
829 3873 296 52 nachwort
1179 3872 100 52 der
1337 3870 363 54 Verfasserin.
1774 3871 260 71 Leipzig,
2088 3872 67 53 P.

159 3947 610 70 Reclam jun. [ ᶜ19 28]
