2582 4377
1297 3995 66 50 96

337 362 296 64 Whitney,
661 362 128 63 Roy
819 360 225 64 Edwin,
1076 366 171 49 1886-

401 438 279 68 Morality
714 438 61 52 in
808 438 96 52 the
939 437 253 69 making,
1227 438 76 67 by
1339 438 127 67 Roy
1503 437 68 52 E.
1606 436 291 69 Whitney.
1973 437 138 53 New
2155 436 172 68 York,

334 516 990 66 The Macmillan company, 1929.
401 598 363 49 167 p. 19½ ᶜᵐ .
336 652 1669 52 © Jan. 22, 1929 ; 2c. and aff. Jan. 23; A 3866; Macmillan co.
413 710 249 49 (29-2494)
2153 708 89 42 647

334 803 197 55 Who’s
560 804 127 53 who
719 805 59 51 in
809 804 307 53 American
1149 804 328 65 education;
1511 823 31 33 a
1572 803 397 68 biographical
2002 803 322 68 dictionary

400 881 64 53 of
504 882 247 52 eminent
791 882 186 69 living
1016 883 297 52 educators
1352 881 64 53 of
1455 882 97 52 the
1592 882 219 53 United
1856 880 203 56 States,
2137 882 109 52 vol.
2289 898 40 51 I,

398 959 1905 147 1928 … New York, N. Y., Who’s who in American education [ ᶜ192 8]
398 1121 610 49 3 p. l., 9-368 p. 23 ᶜᵐ .
330 1178 199 40 Editor;
564 1178 127 48 1928,
727 1178 56 40 R.
818 1177 50 41 C.
903 1177 144 41 Cook.

333 1230 51 52 ©
413 1235 112 40 Dec.
552 1234 69 48 30,
651 1234 140 46 1928;
822 1235 69 39 2c.
919 1236 96 38 and
1043 1234 82 40 aff.
1157 1235 109 39 Jan.
1295 1234 70 47 21,
1394 1233 142 48 1929;
1566 1234 41 39 A
1635 1233 141 47 2975;
1810 1234 182 40 Robert
2023 1234 127 40 Cecil
2184 1233 143 49 Cook,

399 1291 118 40 New
548 1292 145 40 York.
763 1290 250 49 (29-2351)

330 1386 287 64 Wieman,
647 1386 206 63 Henry
881 1385 240 64 Nelson,
1154 1390 170 50 1884-

399 1463 267 53 Methods
698 1461 65 54 of
795 1462 228 68 private
1052 1462 273 69 religious
1356 1462 203 69 living,
1591 1462 75 69 by
1698 1463 204 69 Henry
1935 1463 209 53 Nelson

327 1464 1980 146 Wieman … New York, The Macmillan company, 1929.
395 1626 87 40 219
517 1636 43 38 p.
624 1625 145 41 19½ᶜᵐ.

401 1683 193 40 “Under
624 1682 82 41 the
736 1682 109 40 title
875 1682 53 40 of
957 1681 341 49 Experiments
1329 1681 50 40 in
1411 1683 226 46 personal
1670 1681 203 49 religion
1909 1682 150 49 [these
2089 1682 235 49 methods]

379 1738 1950 49 … were prepared during the year 1927-8 for the monthly bulletin of
328 1796 82 40 the
448 1795 234 40 Institute
718 1795 53 40 of
805 1796 171 39 sacred
1011 1795 259 40 literature
1307 1794 256 49 published
1601 1797 51 38 at
1691 1794 82 41 the
1810 1794 283 49 University
2131 1795 52 40 of
324 1795 1986 104 Chicago.”—Pref.

331 1905 1675 52 © Jan. 15, 1929; 2c. and aff. Jan. 16; A 3745; Macmillan co.
409 1965 250 49 (29-2621)

323 2058 215 64 Wirth,
576 2059 197 54 Louis.

399 2136 121 53 The
547 2136 215 69 ghetto,
787 2137 75 68 by
889 2137 174 52 Louis
1089 2136 224 66 Wirth;
1344 2136 382 54 illustrations
1755 2135 153 54 from
1935 2136 289 54 woodcuts
2252 2136 74 69 by

330 2214 221 54 Todros
602 2212 208 57 Geller.
903 2213 271 71 Chicago,
1225 2215 113 67 Ill.,
1391 2215 121 53 The
1563 2214 339 70 University
1955 2213 65 56 of
2073 2213 252 73 Chicago

328 2310 157 50 press
520 2294 171 65 [1928]

328 2373 1981 104 xvi, 306 p. illus. 20 ᶜᵐ . (Half-title: The University of Chicago sociological
608 2429 176 48 series)

399 2485 377 49 Bibliography;
808 2497 44 37 p.
882 2487 218 43 292-300.

330 2539 51 52 ©
414 2544 111 40 Dec.
555 2544 68 47 31,
655 2544 141 47 1928;
827 2544 67 42 2c.
926 2545 111 40 Jan.
1068 2546 69 46 21,
1169 2545 141 46 1929;
1343 2545 83 42 aff.
1457 2546 110 40 Jan.
1599 2546 82 46 14;
1715 2546 40 40 A
1786 2547 141 41 2981;
1962 2547 282 41 University
2276 2547 52 40 of

397 2599 222 49 Chicago,
652 2601 223 47 Chicago.
944 2600 252 50 (29-2559)

325 2694 311 66 Woolrich,
666 2695 189 55 Willis
886 2697 327 63 Raymond,
1249 2702 170 50 1889-

397 2771 329 54 Handbook
754 2772 65 53 of
847 2771 415 72 refrigerating
1290 2774 387 70 engineering,
1706 2776 76 68 by
1810 2776 89 54 W.
1931 2776 69 52 R.
2031 2777 294 53 Woolrich

390 2848 1645 74 … New York, D. Van Nostrand company, inc., 1929.
399 2931 27 40 5
451 2943 43 36 p.
553 2962 8 16 l.,
586 2932 85 40 331
697 2943 43 37 p.
766 2932 109 40 incl.
901 2932 143 48 illus.,
1070 2934 170 41 tables,
1301 2933 181 49 diagrs.
1510 2933 135 50 (part
1670 2935 145 48 fold.)
1883 2936 147 42 18½ᶜᵐ.

330 2983 51 52 ©
418 2988 111 41 Jan.
564 2989 68 46 10,
668 2988 119 41 1929
801 3000 9 36 ;
847 2990 68 41 2c.
951 2990 111 41 Jan.
1098 2991 82 46 18;
1220 2990 82 42 aff.
1339 2992 110 40 Jan.
1484 2993 83 46 23;
1605 2993 41 39 A
1682 2993 142 48 3877;
1863 2995 73 40 W.
1973 2995 55 41 R.
2065 2996 259 47 Woolrich,

396 3045 274 48 Knoxville,
698 3046 149 41 Tenn.
913 3046 251 50 (29-2613)

328 3138 204 65 Wylie,
565 3139 104 53 Ida
699 3139 189 54 Alena
916 3141 170 64 Ross,
1120 3147 169 49 1885-

396 3216 122 53 The
544 3216 170 53 silver
743 3218 211 69 virgin,
980 3219 76 69 by
1083 3220 108 52 Ida
1219 3220 71 52 A.
1321 3221 67 52 R.
1417 3221 206 68 Wylie.
1690 3222 230 55 Garden
1954 3222 153 70 City,
2135 3224 69 52 N.
2236 3224 92 68 Y.,

323 3294 357 68 Doubleday,
711 3296 199 52 Doran
940 3298 47 51 &
1017 3316 298 46 company,
1347 3298 128 64 inc.,
1508 3302 149 50 1929.

393 3377 545 48 3 p. l.. 317 p. 20 ᶜᵐ .
329 3428 51 52 ©
414 3433 110 40 Jan.
554 3433 69 47 25,
656 3434 117 39 1929
788 3444 9 36 ;
830 3435 68 40 2c.
932 3437 95 38 and
1060 3435 82 41 aff.
1176 3437 110 40 Jan.
1317 3438 83 45 31;
1434 3438 41 39 A
1506 3438 142 47 4146;
1686 3440 37 39 I.
1756 3439 55 40 A.
1844 3440 56 40 R.
1933 3440 170 48 Wylie,
2137 3441 188 40 Pocono

398 3490 184 47 Manor,
613 3490 83 40 Pa.
764 3489 251 52 (29-2965)

327 3583 124 53 The
479 3584 222 53 Yellow
727 3584 170 56 book.

397 3660 120 53 The
549 3661 222 53 Yellow
802 3663 162 53 book.
1040 3664 56 52 A
1127 3666 285 67 selection,
1444 3667 191 54 edited
1666 3668 76 68 by
1776 3668 204 54 Cedric
2013 3669 314 53 Ellsworth

329 3737 206 55 Smith.
609 3738 313 70 Hartford,
954 3741 197 68 Conn.,
1183 3743 66 53 E.
1281 3744 70 54 V.
1380 3744 280 68 Mitchell,
1691 3749 150 50 1928.

394 3822 1351 53 2 p. l., 413, [1] p. col. front., plates, ports. 21 ᶜᵐ .
330 3873 51 52 ©
415 3878 112 41 Dec.
560 3879 68 47 12,
661 3879 141 47 1928;
838 3880 67 40 2c.
939 3881 97 39 and
1069 3881 82 41 aff.
1185 3883 111 41 Jan.
1327 3883 69 49 23,
1431 3883 141 49 1929;
1608 3885 41 39 A
1683 3885 141 48 3881;
1861 3886 173 40 Edwin
2068 3887 257 41 Valentine

398 3934 233 49 Mitchell,
659 3935 91 41 inc.
818 3935 250 51 (29-2577)
