2582 4377
1328 4027 68 51 26

350 396 342 61 Montague,
728 391 245 56 Charles
1007 389 273 53 Edward.

418 471 324 68 Wodjabet.
818 467 332 69 [Published
1183 465 452 68 posthumously]

427 555 81 48 (In
539 550 232 44 Windsor
805 547 278 52 magazine,
1115 546 132 50 Dec.,
1282 544 145 50 1928)

353 602 1999 57 © 1c. Jan. 23, 1929; A ad int. 12252; pubd. Nov. 27, 1928; Doubleday,
419 668 166 39 Doran
610 666 36 40 &
671 676 80 36 co.,
779 665 105 46 inc.,
912 663 195 40 Garden
1135 661 123 48 City,
1285 661 57 41 N.
1369 661 55 40 Y.

347 746 312 63 Morrison,
697 743 257 55 William
995 742 155 55 Eric.

425 816 1930 73 A French grammar, by William Eric Morrison … and Jean
356 894 2001 70 Ch. Gauthier … New York, Cincinnati [etc .] American book
353 996 281 51 company
774 979 84 64 [ᶜ1929]

424 1055 865 52 ix, 479 p. incl. front., illus. 19 ᶜᵐ.
350 1113 52 53 ©
427 1118 109 39 Jan.
559 1117 40 47 2,
625 1116 141 46 1929;
793 1116 67 40 2c.
887 1115 110 39 Jan.
1022 1116 27 37 4;
1104 1114 82 41 aff.
1213 1115 110 39 Jan.
1349 1114 25 39 5;
1430 1114 42 38 A
1495 1113 115 41 2605;
1665 1113 161 41 Amer,
1854 1113 122 40 book
2002 1123 67 30 co.
2145 1109 51 51 [©
421 1111 1915 109 thorough
578 1172 226 49 revision]
875 1171 252 49 (29-1218)

350 1254 228 62 Muller,
610 1252 194 54 Julius
836 1252 417 64 Washington,
1288 1253 171 53 1867-

422 1330 187 52 “Ever
638 1329 211 67 thine”,
880 1348 31 33 a
940 1329 128 52 title
1097 1334 101 47 not
1227 1329 502 69 inappropriately
1759 1329 205 53 chosen
1994 1327 95 54 for
2118 1347 32 34 a
2180 1329 179 67 fairly

351 1409 263 52 coherent
645 1407 267 53 selection
944 1407 63 52 of
1039 1412 258 62 excerpts
1331 1407 154 51 from
1516 1407 96 52 the
1643 1408 184 51 travel
1858 1407 195 53 letters
2086 1407 63 51 of
2181 1406 57 54 J.
2269 1408 89 53 W.

350 1487 239 66 Muller;
630 1486 165 52 made
833 1485 121 51 into
990 1485 150 52 book
1177 1485 153 51 form
1366 1485 216 69 wholly
1619 1485 247 52 without
1899 1485 89 53 his
2026 1485 334 69 knowledge

352 1582 65 36 or
456 1569 231 49 consent
729 1563 95 53 for
863 1563 97 53 the
1002 1563 288 53 diversion
1333 1562 64 53 of
1441 1562 222 54 friends
1706 1563 63 53 of
1811 1563 97 53 the
1949 1563 255 53 Bartlett
2247 1562 117 56 Orr

352 1662 172 49 press.
600 1642 139 53 New
773 1641 179 68 York,
987 1644 151 50 1928.

420 1724 543 50 5 p. l., 3-123 p. 21 ᶜᵐ.
422 1783 112 40 “400
561 1782 160 48 copies
748 1781 194 48 printed
969 1792 61 29 on
1057 1780 200 48 antique
1284 1780 124 40 book
1434 1780 192 48 paper.”

351 1837 51 51 ©
438 1840 112 40 Dec.
584 1839 69 47 28,
688 1838 142 48 1928;
865 1839 69 40 2c.
969 1839 110 39 Jan.
1114 1838 39 47 9,
1189 1836 142 47 1929;
1368 1836 84 41 aff.
1488 1837 110 39 Jan.
1635 1836 82 47 10;
1753 1837 43 38 A
1829 1837 144 46 2755;
2011 1838 216 39 Bartlett
2264 1837 92 40 Orr

416 1907 149 37 press,
595 1896 118 39 New
738 1895 146 40 York.
952 1893 251 50 (29-1320)

353 1975 282 52 National
669 1975 237 52 electric
938 1974 156 64 light
1129 1974 380 55 association.

486 2053 1875 70 … Proceedings, v. 85. 51st convention, Million dollar pier,
354 2130 2006 71 Atlantic City, New Jersey, June 4 to 8, 1928 … New York,
350 2211 314 54 Published
694 2212 76 68 by
800 2210 121 54 The
950 2209 381 69 Association,
1366 2212 151 54 1928.

420 2292 1939 50 2 p. l., ix-xiv p., 1 l., 1745 p. front. (port.) illus., maps, tables,
349 2350 179 48 diagrs.
591 2350 57 39 28½ᶜᵐ.

351 2403 2008 52 © Dec. 17, 1928; 2c. Dec. 28; aff. Dec. 27; A 3477; Natl. electric light
419 2473 142 38 assn.,
589 2463 118 39 New
733 2463 145 41 York.

358 2544 122 52 The
512 2543 406 53 Netherlands
951 2546 113 52 and
1098 2545 95 55 the
1228 2546 182 52 world
1445 2563 117 34 war;
1629 2545 214 55 studies
1875 2547 62 52 in
1969 2547 95 53 the
2098 2565 119 34 war
427 2547 1909 144 history
596 2622 63 52 of
697 2642 28 33 a
765 2624 245 65 neutral,
1046 2623 224 53 volume
1371 2666 9 9 IV.
1455 2624 121 54 The
1614 2623 165 55 effect
1814 2625 64 53 of
1914 2626 96 53 the
2048 2644 119 34 war
2203 2644 156 50 upon

425 2700 1933 72 banking and currency, by Dr. G. Vissering … and Dr. J.
425 2778 1937 74 Westerman Holstijn … War finances in the Netherlands,
425 2857 1938 74 1918-1922: The costs of the war, by … H. W. C. Bordewyk
488 2937 1873 74 … New Haven, Yale university press; London, Humphrey
427 3015 267 56 Milford,
732 3014 231 55 Oxford
1000 3017 322 68 university
1359 3035 157 49 press
1555 3018 95 52 for
1685 3018 96 53 the
1821 3018 280 70 Carnegie
426 3021 1912 125 endowment
610 3093 94 53 for

729 3094 411 53 international
1166 3112 185 51 peace,
1378 3095 270 54 Dhdsion
1674 3097 62 53 of
1765 3099 312 53 economics
2106 3099 114 52 and
421 3099 1915 142 history,
611 3175 150 50 1928.

351 3254 1993 167 x p., 3 l., [5]-226 p. tables. 25 ᶜᵐ. [Carnegie endowment for international peace. Division of economics and history. Economic and social history of the world war. Netherlands series]
354 3417 2005 60 © Dec. 14, 1928; 2c. and aff. Jan. 2, 1929; A 3482; Carnegie endowment
424 3477 80 40 for
531 3477 250 41 internati,
810 3489 158 38 peace,
998 3481 338 48 Washington.

351 3557 150 65 Nye,
536 3559 148 52 Jean
720 3560 253 56 Palmer.

427 3636 214 53 Leaves
675 3637 152 52 from
857 3639 98 52 the
982 3640 148 52 book
1160 3640 64 53 of
1255 3642 125 54 love
1417 3643 92 68 [by]
1563 3644 146 53 Jean
1744 3646 231 51 Palmer
2008 3647 140 68 Nye.
2225 3648 137 51 New

359 3714 178 66 York,
569 3714 77 52 H.
679 3715 194 68 Vinal,
905 3717 122 67 ltd.,
1062 3721 150 51 1928.

428 3795 526 49 5 p. l., 58 p., 1 l. 21 ᶜᵐ.
429 3854 185 40 Poems.

361 3905 1998 60 © Dec. 20. 1928; 2c. and aff. Jan. 11, 1929; A 3646; Harold Vinal, ltd.
438 3965 251 49 (29-1475)
