2533 4342
1329 3984 134 50 1698

389 419 190 47 liverer,
618 419 62 46 by
720 418 52 40 G.
813 419 53 39 E.
905 417 449 40 Darlaston.—The
1393 416 202 40 historic
1634 417 160 45 Jesus,
1831 417 62 47 by
1931 417 55 39 A.
2025 416 52 39 T.
2118 415 278 41 Cadoux.—

388 475 101 40 The
516 475 166 40 Christ
708 474 51 39 of
785 473 237 48 apostolic
1049 473 297 48 experience,
1365 473 61 47 by
1452 474 61 39 H.
1533 473 51 39 T.
1603 473 415 39 Andrews.—The
2045 472 226 48 meaning
2297 473 97 39 and

389 531 112 41 task
528 531 52 40 of
606 530 323 47 Christology.
986 530 103 39 The
1116 529 178 39 earlier
1323 529 365 47 Christologies.
1744 529 102 39 The
1873 530 127 39 later
2030 528 363 49 Christologies,

388 587 61 48 by
477 588 44 40 J.
594 618 8 10 V.
632 586 313 40 Bartlet.—A
971 585 310 48 Christology
1309 585 51 39 in
1387 587 201 38 modern
1616 587 164 46 terms,
1811 586 61 47 by
1901 587 57 39 D.
1989 586 63 39 M.
2082 586 314 40 Edwards.—

389 643 166 41 Christ
581 643 51 39 in
658 644 196 46 present
878 641 300 48 experience,
1205 641 61 48 by
1293 642 52 40 F.
1373 641 49 41 C.
1450 641 452 48 Bryan.—Christ’s
1929 641 131 49 right
2086 643 49 39 to
2162 652 90 30 our
389 652 1988 95 worship,

542 699 60 47 by
630 699 62 39 H.
720 699 62 40 H.
811 698 383 40 Farmer.—The
1222 697 223 40 church’s
1473 698 201 40 witness
1704 700 47 38 to
1780 699 87 39 her
1896 698 143 48 Lord,
2067 699 61 47 by
2156 699 64 39 M.
388 698 1989 98 Spencer.

395 806 52 52 ©
477 810 102 41 Oct.
608 811 69 46 15,
706 810 141 47 1929;
878 810 67 41 2c.
974 811 96 38 and
1100 809 83 41 aff.
1213 809 103 42 Oct.
1344 809 84 48 16;
1458 810 43 38 A
1529 809 171 48 14188;
1733 810 283 39 Macmillan
2045 821 69 31 co.

471 865 280 50 (29-22696)

387 959 267 65 Ludwig,
682 960 174 54 Emil.

462 1037 251 54 Michael
742 1037 244 70 Angelo,
1017 1037 98 54 the
1144 1038 247 53 colossus
1422 1037 64 53 of
1517 1043 105 48 art.
1692 1043 82 63 pt.
1807 1041 48 50 2.
1948 1039 98 52 [Tr.
2076 1038 75 69 by
2182 1036 214 55 Muriel

393 1115 266 69 Clayton]

494 1199 63 39 (In
582 1194 265 43 Britannia
874 1195 97 43 and
998 1194 105 43 Eve
1130 1194 279 52 magazine,
1438 1194 123 51 Oct.,
1590 1195 146 50 1929)

395 1250 1997 52 © 1c. Nov. 29, 1929; A ad int. 13290; pubd. Oct. 3; E. Ludwig, Ascona,
464 1309 335 42 Switzerland.

388 1403 169 64 Lutz,
584 1402 225 64 Harley
836 1402 186 65 Leist,
1053 1408 172 50 1882-

458 1480 1937 69 Public finance, by Harley Leist Lutz … 2d ed. New
391 1558 176 69 York,
602 1558 259 70 London,
896 1559 70 53 D.
1005 1558 300 68 Appleton
1340 1559 114 52 and
1490 1575 299 52 company,
1826 1561 150 50 1929.

525 1639 649 48 xv, 759 p. diagrs. 21½ ᶜᵐ .
461 1695 349 41 “References”
837 1699 52 37 at
913 1696 94 39 end
1032 1695 52 40 of
1108 1696 120 39 each
1254 1695 218 48 chapter.

396 1749 52 52 ©
482 1753 102 41 Oct.
618 1753 40 47 9,
691 1752 114 41 1929;
868 1753 69 39 2c.
971 1752 104 40 Oct.
1109 1751 58 40 16;
1228 1751 83 41 aff.
1347 1752 102 40 Oct.
1483 1752 57 39 24;
1604 1752 42 39 A
1678 1752 145 41 15317;
1887 1752 57 41 D.
1980 1753 240 47 Appleton
2256 1752 36 40 &
2326 1762 67 30 co.

470 1809 282 48 (29-22654)

385 1902 274 65 Mackail,
688 1901 184 54 Denis
901 1902 248 63 George.

462 1980 260 53 Barbara
762 1981 175 67 drops
976 1998 35 34 a
1048 1979 192 54 brick!

493 2063 62 39 (In
593 2059 263 43 Pearson’s
899 2059 279 52 magazine,
1220 2059 142 51 Nov.,
1405 2059 144 50 1929)

397 2114 1982 101 © 1c. Nov. 29, 1929; A ad int. 13284; pubd. Nov. 1; D. G. Mackail, London.
386 2268 322 65 Masefield,
737 2268 174 55 John.

464 2346 123 52 The
609 2346 324 64 hawbucks,
957 2346 75 68 by
1057 2346 158 53 John
1239 2345 312 54 Masefield.
1614 2346 141 53 New
1781 2346 181 68 York,
1988 2346 122 52 The
394 2345 1979 130 Macmillan

519 2440 298 51 company,
849 2426 152 50 1929.

462 2504 564 48 3 p. L, 336 p. 19½ ᶜᵐ .
396 2556 52 52 ©
478 2560 101 41 Oct.
607 2560 69 48 28,
705 2560 115 40 1929;
876 2561 69 40 2c.
975 2562 96 38 and
1100 2560 83 42 aff.
1215 2560 101 42 Oct.
1345 2560 56 40 29;
1459 2561 42 38 A
1529 2560 146 41 15347;
1733 2561 45 40 J.
1809 2560 264 49 Masefield,
2104 2560 106 40 Hill
2240 2559 154 44 Crest,

464 2616 171 41 Boar’s
662 2616 118 49 Hill,
810 2616 203 49 Oxford,
1042 2618 238 47 England.
1347 2616 280 49 (29-22433)

388 2695 305 64 Meagher,
721 2695 155 54 John
907 2695 249 54 Francis
1183 2695 273 66 Wallace,
1489 2702 173 49 1880-

457 2773 57 53 A
540 2773 172 68 study
739 2773 65 52 of
828 2773 422 53 masturbation
1277 2775 113 52 and
1416 2775 98 51 the
1543 2775 414 67 psychosexual
1985 2774 123 67 life,
2137 2775 74 68 by
2238 2775 159 54 John

386 2851 1985 145 F. W. Meagher … 2d ed. New York, W. Wood and company, 1929.
458 3008 363 49 130 p. 20½ ᶜᵐ .
398 3061 52 52 ©
480 3066 129 48 Sept.
634 3066 40 47 9,
701 3065 118 40 1929;
870 3065 69 40 2c.
967 3065 105 41 Oct.
1097 3066 57 39 25;
1211 3065 82 42 aff.
1323 3065 102 41 Oct.
1452 3066 59 39 26;
1565 3067 41 38 A
1633 3065 145 41 15307;
1835 3066 219 41 William
2082 3066 151 40 Wood
2263 3065 36 40 &
2328 3076 68 29 co.

472 3121 281 49 (29-22657)

388 3201 266 66 Merwin,
683 3202 256 65 Samuel,
967 3206 174 51 1874-

465 3278 1932 70 Lady can do, by Samuel Merwin … Boston and New York,
394 3357 320 68 Houghton
746 3356 205 53 Mifflin
983 3374 300 52 company,
1316 3359 152 50 1929.

464 3437 723 51 4 p. l., 3-232, [1] p. 19½ᶜᵐ.
400 3489 52 53 ©
480 3494 102 41 Oct.
608 3494 70 48 25,
706 3493 141 47 1929;
874 3494 69 40 2c.
971 3493 104 42 Oct.
1101 3495 83 46 28;
1214 3494 83 40 aff.
1325 3493 103 41 Oct.
1454 3490 84 52 26;
1567 3494 45 40 A
1636 3495 173 47 15337;
1842 3495 45 41 S.
1916 3495 218 47 Merwin,
2165 3493 231 47 Concord,

464 3551 147 39 Mass.
682 3549 281 49 (29-22430)

390 3629 211 65 Miller,
630 3630 221 62 Casper
879 3629 163 65 Otto,
1072 3631 172 54 1857-

463 3707 123 52 The
626 3706 159 52 ether
828 3706 61 52 in
932 3706 77 53 its
1053 3707 245 52 relation
1341 3712 59 48 to
1443 3709 98 51 the
1585 3713 285 48 structure
1915 3707 65 54 of
2024 3711 209 49 matter
2280 3706 116 54 and

392 3783 2003 70 the transmission of force, by Casper Otto Miller … New
390 3859 247 69 Market,
664 3861 124 67 Va.,
817 3861 122 53 The
966 3860 230 54 Henkel
1223 3879 176 51 press,
1427 3861 128 69 inc.,
1586 3865 151 50 1929.
