<alto xmlns="http://www.loc.gov/standards/alto/ns-v3#" xmlns:xlink="http://www.w3.org/1999/xlink" xmlns:xsi="http://www.w3.org/2001/XMLSchema-instance" xsi:schemaLocation="http://www.loc.gov/standards/alto/ns-v3# http://www.loc.gov/alto/v3/alto-3-0.xsd"><Description>
<MeasurementUnit>pixel</MeasurementUnit>
<sourceImageInformation>
<fileName>1929_v26_part001.pdf</fileName>
</sourceImageInformation>
<OCRProcessing ID="IdOcr">
<ocrProcessingStep>
<processingDateTime>2019-04-18</processingDateTime>
<processingSoftware>
<softwareCreator>ABBYY</softwareCreator>
<softwareName>ABBYY Recognition Server</softwareName>
<softwareVersion>4.0</softwareVersion>
</processingSoftware>
</ocrProcessingStep>
</OCRProcessing>
</Description>
<Styles>
<ParagraphStyle ID="StyleId-FFFFFFFF-FFFF-FFFF-FFFF-FFFFFFFFFFFF-" ALIGN="Left" LEFT="0." RIGHT="0." FIRSTLINE="0."/>
<ParagraphStyle ID="StyleId-11A520CB-49B0-4D42-A675-089886D5B704-" ALIGN="Center" LEFT="0." RIGHT="0." FIRSTLINE="0." LINESPACE="7.699999809"/>
<ParagraphStyle ID="StyleId-2AEC4724-E584-48A1-8E6D-86B1AA154223-" ALIGN="Left" LEFT="0." RIGHT="0." FIRSTLINE="0." LINESPACE="12.19999981"/>
<ParagraphStyle ID="StyleId-5ADCDE1D-F34B-405C-A765-E9B51F6229BD-" ALIGN="Left" LEFT="0." RIGHT="0." FIRSTLINE="-13." LINESPACE="8.050000191"/>
<ParagraphStyle ID="StyleId-D0AEFB96-F81D-4367-8545-C0AC945FA34C-" ALIGN="Block" LEFT="0." RIGHT="0." FIRSTLINE="-13." LINESPACE="8.899999619"/>
<ParagraphStyle ID="StyleId-9A3BB592-4BA4-4F85-B157-B9A7F1FC9680-" ALIGN="Left" LEFT="0." RIGHT="0." FIRSTLINE="0."/>
<ParagraphStyle ID="StyleId-E9D6144A-CFDC-4919-911D-02B0461DB967-" ALIGN="Left" LEFT="0." RIGHT="0." FIRSTLINE="-13." LINESPACE="23.43000031"/>
<ParagraphStyle ID="StyleId-EEECFC68-AAC5-42B1-B3BF-987799B5B74A-" ALIGN="Block" LEFT="0." RIGHT="0." FIRSTLINE="0." LINESPACE="23.43000031"/>
<ParagraphStyle ID="StyleId-98D20B11-A9BB-4FAB-8DC8-DC8C43F3755E-" ALIGN="Left" LEFT="0." RIGHT="0." FIRSTLINE="0." LINESPACE="10.5"/>
<ParagraphStyle ID="StyleId-C279DBAD-2656-4352-93E6-C942618B09B1-" ALIGN="Block" LEFT="0." RIGHT="0." FIRSTLINE="-13." LINESPACE="8.770000458"/>
<ParagraphStyle ID="StyleId-A539B2D0-654F-45BA-9385-D7E681D9BD87-" ALIGN="Block" LEFT="0." RIGHT="0." FIRSTLINE="0." LINESPACE="8.18999958"/>
<ParagraphStyle ID="StyleId-CFE66565-54F2-45CF-9511-65151219B0BC-" ALIGN="Left" LEFT="0." RIGHT="0." FIRSTLINE="-12." LINESPACE="12.19999981"/>
<ParagraphStyle ID="StyleId-37B60A95-D7B9-4720-9D46-F2E763AAD699-" ALIGN="Block" LEFT="0." RIGHT="0." FIRSTLINE="0." LINESPACE="12.19999981"/>
<ParagraphStyle ID="StyleId-255154CA-71AA-47B9-A5EB-ED90642010CE-" ALIGN="Block" LEFT="0." RIGHT="0." FIRSTLINE="13." LINESPACE="7.900000095"/>
<ParagraphStyle ID="StyleId-4618FB06-20CA-4F95-9CA2-829603EE887D-" ALIGN="Block" LEFT="0." RIGHT="0." FIRSTLINE="0." LINESPACE="10."/>
<ParagraphStyle ID="StyleId-61F9B98E-BA82-4DCF-809A-0C5481162321-" ALIGN="Left" LEFT="0." RIGHT="0." FIRSTLINE="-13." LINESPACE="8.479999542"/>
<ParagraphStyle ID="StyleId-16A4FB0C-4CB7-44C8-846E-AF89DD76FC73-" ALIGN="Left" LEFT="0." RIGHT="0." FIRSTLINE="0." LINESPACE="11.10000038"/>
<ParagraphStyle ID="StyleId-8CC01B24-9D1D-45D5-B954-83ECA9EA3425-" ALIGN="Left" LEFT="0." RIGHT="0." FIRSTLINE="-13." LINESPACE="8.050000191"/>
<ParagraphStyle ID="StyleId-3DB8CD3F-AD17-4DD7-8361-787A6A426C72-" ALIGN="Block" LEFT="0." RIGHT="0." FIRSTLINE="13." LINESPACE="7.900000095"/>
</Styles>
<Layout>
<Page ID="Page196" PHYSICAL_IMG_NR="196" HEIGHT="4377" WIDTH="2512">
<TopMargin HEIGHT="363" WIDTH="2512" VPOS="0" HPOS="0">
</TopMargin>
<LeftMargin HEIGHT="3717" WIDTH="296" VPOS="363" HPOS="0">
</LeftMargin>
<RightMargin HEIGHT="3717" WIDTH="147" VPOS="363" HPOS="2365">
</RightMargin>
<BottomMargin HEIGHT="297" WIDTH="2512" VPOS="4080" HPOS="0">
</BottomMargin>
<PrintSpace HEIGHT="3717" WIDTH="2069" VPOS="363" HPOS="296">
<TextBlock ID="Page196_Block1" HEIGHT="72" WIDTH="120" VPOS="4008" HPOS="1299" LANG="en-US" CS="1" STYLEREFS="StyleId-2D68C1D7-647C-483C-80F9-494FAF6915EE-">
<TextLine HEIGHT="49" WIDTH="64" VPOS="4020" HPOS="1309" CS="1">
<String CS="1" CONTENT="196" HEIGHT="49" WIDTH="64" VPOS="4020" HPOS="1309"/>
</TextLine>
</TextBlock>
<TextBlock ID="Page196_Block2" HEIGHT="3616" WIDTH="2069" VPOS="363" HPOS="296" LANG="en-US" CS="1" STYLEREFS="StyleId-BC51BA1F-4BD0-41F8-AA36-4A93957A9D48-">
<Shape>
<Polygon POINTS="2279,363 2354,363 2354,481 2355,481 2355,822 2356,822 2356,1163 2357,1163 2357,1505 2358,1505 2358,1846 2359,1846 2359,2187 2360,2187 2360,2529 2361,2529 2361,2870 2362,2870 2362,3211 2363,3211 2363,3553 2364,3553 2364,3894 2365,3894 2365,3973 2281,3973 2281,3974 1940,3974 1940,3975 1599,3975 1599,3976 1257,3976 1257,3977 916,3977 916,3978 575,3978 575,3979 307,3979 307,3896 306,3896 306,3555 305,3555 305,3214 304,3214 304,2872 303,2872 303,2531 302,2531 302,2190 301,2190 301,1848 300,1848 300,1507 299,1507 299,1166 298,1166 298,824 297,824 297,483 296,483 296,369 572,369 572,368 913,368 913,367 1255,367 1255,366 1596,366 1596,365 1937,365 1937,364 2279,364 2279,363"/>
</Shape>
<TextLine HEIGHT="68" WIDTH="732" VPOS="379" HPOS="307" STYLEREFS="StyleId-EBF204DF-7F2D-46D7-BBB7-212753573112-">
<String CONTENT="Saunders," HEIGHT="66" WIDTH="317" VPOS="381" HPOS="307"/>
<SP HEIGHT="64" WIDTH="34" VPOS="382" HPOS="625"/>
<String CONTENT="Richard" HEIGHT="54" WIDTH="258" VPOS="379" HPOS="660"/>
<SP HEIGHT="53" WIDTH="31" VPOS="379" HPOS="919"/>
<String CONTENT="W." HEIGHT="54" WIDTH="88" VPOS="379" HPOS="951"/>
</TextLine>
<TextLine HEIGHT="81" WIDTH="1934" VPOS="443" HPOS="379" STYLEREFS="StyleId-2D68C1D7-647C-483C-80F9-494FAF6915EE-">
<String CONTENT="The" HEIGHT="52" WIDTH="122" VPOS="461" HPOS="379"/>
<SP HEIGHT="54" WIDTH="30" VPOS="459" HPOS="501"/>
<String CONTENT="first" HEIGHT="55" WIDTH="127" VPOS="458" HPOS="531"/>
<SP HEIGHT="48" WIDTH="27" VPOS="463" HPOS="658"/>
<String CONTENT="thousand" HEIGHT="54" WIDTH="285" VPOS="456" HPOS="685"/>
<SP HEIGHT="53" WIDTH="29" VPOS="455" HPOS="970"/>
<String CONTENT="dollars," HEIGHT="67" WIDTH="234" VPOS="455" HPOS="999"/>
<SP HEIGHT="51" WIDTH="27" VPOS="471" HPOS="1233"/>
<String CONTENT="and" HEIGHT="54" WIDTH="115" VPOS="451" HPOS="1260"/>
<SP HEIGHT="54" WIDTH="30" VPOS="451" HPOS="1375"/>
<String CONTENT="other" HEIGHT="54" WIDTH="163" VPOS="450" HPOS="1405"/>
<SP HEIGHT="36" WIDTH="28" VPOS="467" HPOS="1568"/>
<String CONTENT="essays," HEIGHT="51" WIDTH="206" VPOS="467" HPOS="1596"/>
<SP HEIGHT="69" WIDTH="28" VPOS="447" HPOS="1802"/>
<String CONTENT="by" HEIGHT="69" WIDTH="76" VPOS="447" HPOS="1830"/>
<SP HEIGHT="69" WIDTH="29" VPOS="447" HPOS="1906"/>
<String CONTENT="Richard" HEIGHT="54" WIDTH="257" VPOS="445" HPOS="1935"/>
<SP HEIGHT="56" WIDTH="29" VPOS="444" HPOS="2192"/>
<String CONTENT="W." HEIGHT="57" WIDTH="92" VPOS="443" HPOS="2221"/>
</TextLine>
<TextLine HEIGHT="79" WIDTH="2002" VPOS="524" HPOS="313" STYLEREFS="StyleId-2D68C1D7-647C-483C-80F9-494FAF6915EE-">
<String CONTENT="Saunders." HEIGHT="59" WIDTH="305" VPOS="535" HPOS="313"/>
<SP HEIGHT="55" WIDTH="89" VPOS="535" HPOS="619"/>
<String CONTENT="New" HEIGHT="54" WIDTH="139" VPOS="535" HPOS="709"/>
<SP HEIGHT="53" WIDTH="52" VPOS="535" HPOS="849"/>
<String CONTENT="York," HEIGHT="70" WIDTH="182" VPOS="532" HPOS="902"/>
<SP HEIGHT="69" WIDTH="51" VPOS="532" HPOS="1085"/>
<String CONTENT="The" HEIGHT="54" WIDTH="122" VPOS="531" HPOS="1137"/>
<SP HEIGHT="53" WIDTH="52" VPOS="531" HPOS="1260"/>
<String CONTENT="Bankers" HEIGHT="55" WIDTH="258" VPOS="528" HPOS="1313"/>
<SP HEIGHT="52" WIDTH="53" VPOS="546" HPOS="1572"/>
<String CONTENT="publishing" HEIGHT="72" WIDTH="336" VPOS="525" HPOS="1626"/>
<SP HEIGHT="51" WIDTH="53" VPOS="544" HPOS="1963"/>
<String CONTENT="company," HEIGHT="53" WIDTH="298" VPOS="540" HPOS="2017"/>
</TextLine>
<TextLine HEIGHT="50" WIDTH="151" VPOS="620" HPOS="314" STYLEREFS="StyleId-2D68C1D7-647C-483C-80F9-494FAF6915EE-">
<String CONTENT="1928." HEIGHT="50" WIDTH="151" VPOS="620" HPOS="314"/>
</TextLine>
<TextLine HEIGHT="53" WIDTH="535" VPOS="695" HPOS="380" CS="1">
<String LANG="en-US" CONTENT="4" HEIGHT="39" WIDTH="27" VPOS="701" HPOS="380"/>
<SP HEIGHT="47" WIDTH="26" VPOS="701" HPOS="408"/>
<String LANG="fr" CONTENT="p." HEIGHT="37" WIDTH="43" VPOS="711" HPOS="435"/>
<SP/>
<String LANG="fr" CS="1" CONTENT="l.,"/>
<SP/>
<String LANG="en-US" CONTENT="168" HEIGHT="41" WIDTH="86" VPOS="698" HPOS="580"/>
<SP HEIGHT="47" WIDTH="26" VPOS="698" HPOS="667"/>
<String LANG="en-US" CONTENT="p." HEIGHT="37" WIDTH="43" VPOS="708" HPOS="694"/>
<SP HEIGHT="42" WIDTH="58" VPOS="696" HPOS="738"/>
<String LANG="en-US" CONTENT="20" HEIGHT="40" WIDTH="56" VPOS="696" HPOS="797"/>
<String STYLE="superscript" LANG="en-US" CS="1" CONTENT="&#7580;&#7504;"/>
<String LANG="en-US" CONTENT="." HEIGHT="9" WIDTH="10" VPOS="728" HPOS="905"/>
</TextLine>
<TextLine HEIGHT="62" WIDTH="1998" VPOS="743" HPOS="317" CS="1">
<String CONTENT="&#169;" HEIGHT="53" WIDTH="53" VPOS="752" HPOS="317"/>
<SP HEIGHT="53" WIDTH="27" VPOS="752" HPOS="371"/>
<String CONTENT="Oct." HEIGHT="41" WIDTH="103" VPOS="756" HPOS="399"/>
<SP HEIGHT="41" WIDTH="25" VPOS="756" HPOS="503"/>
<String CONTENT="8," HEIGHT="48" WIDTH="39" VPOS="756" HPOS="529"/>
<SP HEIGHT="48" WIDTH="26" VPOS="755" HPOS="569"/>
<String CONTENT="1928;" HEIGHT="42" WIDTH="142" VPOS="754" HPOS="596"/>
<SP HEIGHT="45" WIDTH="29" VPOS="751" HPOS="739"/>
<String CONTENT="2c." HEIGHT="42" WIDTH="67" VPOS="751" HPOS="769"/>
<SP HEIGHT="41" WIDTH="27" VPOS="752" HPOS="837"/>
<String CS="1" CONTENT="Feb." HEIGHT="41" WIDTH="111" VPOS="751" HPOS="865"/>
<SP HEIGHT="40" WIDTH="27" VPOS="751" HPOS="977"/>
<String CONTENT="6," HEIGHT="46" WIDTH="39" VPOS="751" HPOS="1005"/>
<SP HEIGHT="46" WIDTH="29" VPOS="751" HPOS="1045"/>
<String CONTENT="1929;" HEIGHT="43" WIDTH="140" VPOS="748" HPOS="1075"/>
<SP HEIGHT="31" WIDTH="29" VPOS="760" HPOS="1216"/>
<String CONTENT="aff." HEIGHT="42" WIDTH="83" VPOS="748" HPOS="1246"/>
<SP HEIGHT="41" WIDTH="28" VPOS="748" HPOS="1330"/>
<String CONTENT="Feb." HEIGHT="40" WIDTH="111" VPOS="748" HPOS="1359"/>
<SP HEIGHT="40" WIDTH="27" VPOS="747" HPOS="1471"/>
<String CS="1" CONTENT="11;" HEIGHT="40" WIDTH="51" VPOS="747" HPOS="1499"/>
<SP HEIGHT="42" WIDTH="32" VPOS="747" HPOS="1582"/>
<!-- cceid 8B960CF0-6CFA-1014-9C3C-CEA95E7AA542 --><String CONTENT="A" HEIGHT="38" WIDTH="38" VPOS="747" HPOS="1615"/>
<SP HEIGHT="39" WIDTH="27" VPOS="746" HPOS="1654"/>
<String CS="1" CONTENT="5248;" HEIGHT="39" WIDTH="85" VPOS="746" HPOS="1682"/>
<SP HEIGHT="46" WIDTH="29" VPOS="746" HPOS="1824"/>
<String CONTENT="Bankers" HEIGHT="41" WIDTH="223" VPOS="744" HPOS="1854"/>
<SP HEIGHT="38" WIDTH="28" VPOS="754" HPOS="2078"/>
<String CONTENT="pub." HEIGHT="48" WIDTH="110" VPOS="744" HPOS="2107"/>
<SP HEIGHT="29" WIDTH="27" VPOS="754" HPOS="2218"/>
<String CONTENT="co." HEIGHT="32" WIDTH="69" VPOS="752" HPOS="2246"/>
</TextLine>
<TextLine HEIGHT="50" WIDTH="254" VPOS="811" HPOS="394">
<String CONTENT="(29-4551)" HEIGHT="50" WIDTH="254" VPOS="811" HPOS="394"/>
</TextLine>
<TextLine HEIGHT="68" WIDTH="798" VPOS="901" HPOS="316" STYLEREFS="StyleId-EBF204DF-7F2D-46D7-BBB7-212753573112-">
<String CONTENT="Scott," HEIGHT="61" WIDTH="185" VPOS="908" HPOS="316"/>
<SP HEIGHT="63" WIDTH="30" VPOS="906" HPOS="502"/>
<String CONTENT="Henry" HEIGHT="63" WIDTH="206" VPOS="905" HPOS="533"/>
<SP HEIGHT="63" WIDTH="29" VPOS="904" HPOS="740"/>
<String CONTENT="Dickerson." HEIGHT="55" WIDTH="344" VPOS="901" HPOS="770"/>
</TextLine>
<TextLine HEIGHT="75" WIDTH="1752" VPOS="973" HPOS="385" STYLEREFS="StyleId-2D68C1D7-647C-483C-80F9-494FAF6915EE-" CS="1">
<String CONTENT="Iron" HEIGHT="51" WIDTH="139" VPOS="984" HPOS="385"/>
<SP HEIGHT="50" WIDTH="31" VPOS="985" HPOS="525"/>
<String CONTENT="&amp;" HEIGHT="51" WIDTH="46" VPOS="984" HPOS="557"/>
<SP HEIGHT="50" WIDTH="31" VPOS="984" HPOS="604"/>
<String CONTENT="steel" HEIGHT="53" WIDTH="136" VPOS="981" HPOS="636"/>
<SP HEIGHT="51" WIDTH="33" VPOS="981" HPOS="773"/>
<String CONTENT="in" HEIGHT="51" WIDTH="58" VPOS="981" HPOS="807"/>
<SP HEIGHT="54" WIDTH="33" VPOS="980" HPOS="866"/>
<String CONTENT="Wheeling," HEIGHT="69" WIDTH="323" VPOS="978" HPOS="900"/>
<SP HEIGHT="68" WIDTH="32" VPOS="977" HPOS="1224"/>
<String CONTENT="by" HEIGHT="68" WIDTH="75" VPOS="977" HPOS="1257"/>
<SP HEIGHT="69" WIDTH="33" VPOS="976" HPOS="1333"/>
<String CONTENT="Henry" HEIGHT="68" WIDTH="204" VPOS="976" HPOS="1367"/>
<SP HEIGHT="68" WIDTH="33" VPOS="976" HPOS="1572"/>
<String CONTENT="Dickerson" HEIGHT="52" WIDTH="317" VPOS="975" HPOS="1606"/>
<SP HEIGHT="56" WIDTH="37" VPOS="973" HPOS="1924"/>
<String CONTENT="Scott." HEIGHT="55" WIDTH="175" VPOS="973" HPOS="1962"/>
</TextLine>
<TextLine HEIGHT="157" WIDTH="1978" VPOS="971" HPOS="315" STYLEREFS="StyleId-2D68C1D7-647C-483C-80F9-494FAF6915EE-" CS="1">
<String CONTENT="Toledo," HEIGHT="157" WIDTH="1978" VPOS="971" HPOS="315"/>
<SP HEIGHT="68" WIDTH="28" VPOS="1060" HPOS="461"/>
<String CONTENT="O.," HEIGHT="68" WIDTH="89" VPOS="1059" HPOS="490"/>
<SP HEIGHT="66" WIDTH="27" VPOS="1060" HPOS="580"/>
<String CONTENT="Printed" HEIGHT="53" WIDTH="242" VPOS="1059" HPOS="608"/>
<SP HEIGHT="53" WIDTH="28" VPOS="1058" HPOS="851"/>
<String CONTENT="by" HEIGHT="70" WIDTH="75" VPOS="1057" HPOS="880"/>
<SP HEIGHT="64" WIDTH="28" VPOS="1062" HPOS="956"/>
<String CONTENT="the" HEIGHT="52" WIDTH="95" VPOS="1057" HPOS="985"/>
<SP HEIGHT="55" WIDTH="32" VPOS="1054" HPOS="1081"/>
<String CONTENT="Caslon" HEIGHT="56" WIDTH="210" VPOS="1053" HPOS="1114"/>
<SP HEIGHT="34" WIDTH="29" VPOS="1073" HPOS="1325"/>
<String CS="1" CONTENT="company" HEIGHT="51" WIDTH="240" VPOS="1070" HPOS="1355"/>
<SP/>
<String CS="1" CONTENT="[&#7580;1929]" HEIGHT="63" WIDTH="152" VPOS="1056" HPOS="1714"/>
</TextLine>
<TextLine HEIGHT="57" WIDTH="1631" VPOS="1134" HPOS="387" CS="1">
<String CONTENT="5" HEIGHT="40" WIDTH="28" VPOS="1144" HPOS="387"/>
<SP HEIGHT="47" WIDTH="27" VPOS="1144" HPOS="415"/>
<String LANG="fr" CONTENT="p." HEIGHT="37" WIDTH="43" VPOS="1154" HPOS="442"/>
<SP HEIGHT="40" WIDTH="26" VPOS="1144" HPOS="485"/>
<String LANG="fr" CS="1" CONTENT="l"/>
<String CONTENT=".," HEIGHT="16" WIDTH="22" VPOS="1174" HPOS="535"/>
<SP HEIGHT="46" WIDTH="15" VPOS="1143" HPOS="569"/>
<String CONTENT="176" HEIGHT="40" WIDTH="89" VPOS="1142" HPOS="584"/>
<SP HEIGHT="47" WIDTH="25" VPOS="1142" HPOS="673"/>
<String LANG="fr" CONTENT="p.," HEIGHT="37" WIDTH="57" VPOS="1152" HPOS="698"/>
<SP HEIGHT="47" WIDTH="29" VPOS="1142" HPOS="755"/>
<String CONTENT="1" HEIGHT="37" WIDTH="23" VPOS="1142" HPOS="784"/>
<SP HEIGHT="38" WIDTH="30" VPOS="1141" HPOS="807"/>
<String CS="1" CONTENT="l." HEIGHT="10" WIDTH="9" VPOS="1172" HPOS="859"/>
<SP HEIGHT="42" WIDTH="28" VPOS="1140" HPOS="868"/>
<String CONTENT="incl." HEIGHT="41" WIDTH="111" VPOS="1139" HPOS="896"/>
<SP HEIGHT="41" WIDTH="27" VPOS="1138" HPOS="1007"/>
<String CONTENT="front.," HEIGHT="47" WIDTH="166" VPOS="1138" HPOS="1034"/>
<SP HEIGHT="38" WIDTH="28" VPOS="1149" HPOS="1200"/>
<String CONTENT="plates," HEIGHT="50" WIDTH="174" VPOS="1137" HPOS="1228"/>
<SP HEIGHT="37" WIDTH="26" VPOS="1148" HPOS="1402"/>
<String CONTENT="ports.," HEIGHT="47" WIDTH="165" VPOS="1138" HPOS="1428"/>
<SP HEIGHT="48" WIDTH="29" VPOS="1136" HPOS="1593"/>
<String CONTENT="facsim." HEIGHT="40" WIDTH="191" VPOS="1135" HPOS="1622"/>
<SP HEIGHT="40" WIDTH="57" VPOS="1135" HPOS="1813"/>
<String CS="1" CONTENT="31&#189;&#7580;&#7504;." HEIGHT="41" WIDTH="148" VPOS="1134" HPOS="1870"/>
</TextLine>
<TextLine HEIGHT="55" WIDTH="1932" VPOS="1189" HPOS="390" CS="1">
<String CONTENT="&#8220;This" HEIGHT="41" WIDTH="148" VPOS="1199" HPOS="390"/>
<SP HEIGHT="31" WIDTH="34" VPOS="1209" HPOS="539"/>
<String CONTENT="edition" HEIGHT="40" WIDTH="183" VPOS="1198" HPOS="574"/>
<SP HEIGHT="38" WIDTH="36" VPOS="1198" HPOS="758"/>
<String CONTENT="is" HEIGHT="39" WIDTH="42" VPOS="1198" HPOS="795"/>
<SP HEIGHT="40" WIDTH="35" VPOS="1197" HPOS="838"/>
<String CONTENT="limited" HEIGHT="42" WIDTH="190" VPOS="1196" HPOS="874"/>
<SP HEIGHT="39" WIDTH="37" VPOS="1198" HPOS="1065"/>
<String CONTENT="to" HEIGHT="37" WIDTH="50" VPOS="1198" HPOS="1103"/>
<SP HEIGHT="39" WIDTH="34" VPOS="1196" HPOS="1154"/>
<String CS="1" CONTENT="1600" HEIGHT="37" WIDTH="19" VPOS="1196" HPOS="1189"/>
<SP HEIGHT="40" WIDTH="33" VPOS="1194" HPOS="1307"/>
<String CONTENT="numbered" HEIGHT="41" WIDTH="264" VPOS="1193" HPOS="1341"/>
<SP HEIGHT="39" WIDTH="35" VPOS="1193" HPOS="1606"/>
<String CONTENT="copies," HEIGHT="48" WIDTH="173" VPOS="1192" HPOS="1642"/>
<SP HEIGHT="36" WIDTH="40" VPOS="1203" HPOS="1816"/>
<String CONTENT="of" HEIGHT="40" WIDTH="51" VPOS="1191" HPOS="1857"/>
<SP HEIGHT="42" WIDTH="35" VPOS="1190" HPOS="1909"/>
<String CONTENT="which" HEIGHT="40" WIDTH="157" VPOS="1191" HPOS="1945"/>
<SP HEIGHT="39" WIDTH="38" VPOS="1191" HPOS="2103"/>
<String CONTENT="this" HEIGHT="40" WIDTH="100" VPOS="1190" HPOS="2142"/>
<SP HEIGHT="41" WIDTH="36" VPOS="1189" HPOS="2243"/>
<String CONTENT="is" HEIGHT="41" WIDTH="42" VPOS="1189" HPOS="2280"/>
</TextLine>
<TextLine HEIGHT="43" WIDTH="389" VPOS="1254" HPOS="317">
<String CONTENT="number" HEIGHT="40" WIDTH="202" VPOS="1257" HPOS="317"/>
<SP HEIGHT="38" WIDTH="29" VPOS="1257" HPOS="520"/>
<String CONTENT="1602.&#8221;" HEIGHT="42" WIDTH="156" VPOS="1254" HPOS="550"/>
</TextLine>
<TextLine HEIGHT="52" WIDTH="788" VPOS="1308" HPOS="388">
<String CONTENT="Bibliography" HEIGHT="49" WIDTH="350" VPOS="1311" HPOS="388"/>
<SP HEIGHT="38" WIDTH="17" VPOS="1321" HPOS="739"/>
<String CONTENT=":" HEIGHT="29" WIDTH="9" VPOS="1321" HPOS="757"/>
<SP HEIGHT="39" WIDTH="30" VPOS="1311" HPOS="767"/>
<String CONTENT="1" HEIGHT="38" WIDTH="26" VPOS="1311" HPOS="798"/>
<SP HEIGHT="39" WIDTH="28" VPOS="1310" HPOS="825"/>
<String CONTENT="leaf" HEIGHT="41" WIDTH="103" VPOS="1309" HPOS="854"/>
<SP HEIGHT="40" WIDTH="28" VPOS="1309" HPOS="958"/>
<String CONTENT="at" HEIGHT="40" WIDTH="54" VPOS="1310" HPOS="987"/>
<SP HEIGHT="40" WIDTH="26" VPOS="1310" HPOS="1042"/>
<String CONTENT="end." HEIGHT="42" WIDTH="107" VPOS="1308" HPOS="1069"/>
</TextLine>
<TextLine HEIGHT="60" WIDTH="1997" VPOS="1358" HPOS="324" CS="1">
<String CONTENT="&#169;" HEIGHT="52" WIDTH="52" VPOS="1366" HPOS="324"/>
<SP HEIGHT="52" WIDTH="30" VPOS="1366" HPOS="377"/>
<String CONTENT="Jan." HEIGHT="39" WIDTH="110" VPOS="1370" HPOS="408"/>
<SP HEIGHT="39" WIDTH="30" VPOS="1370" HPOS="519"/>
<String CONTENT="15," HEIGHT="49" WIDTH="69" VPOS="1368" HPOS="550"/>
<SP HEIGHT="46" WIDTH="31" VPOS="1370" HPOS="620"/>
<String CS="1" CONTENT="1929;" HEIGHT="40" WIDTH="116" VPOS="1367" HPOS="652"/>
<SP HEIGHT="45" WIDTH="31" VPOS="1367" HPOS="794"/>
<String CONTENT="2c." HEIGHT="40" WIDTH="69" VPOS="1367" HPOS="826"/>
<SP HEIGHT="30" WIDTH="31" VPOS="1377" HPOS="896"/>
<String CONTENT="and" HEIGHT="39" WIDTH="95" VPOS="1367" HPOS="928"/>
<SP HEIGHT="38" WIDTH="32" VPOS="1367" HPOS="1024"/>
<String CONTENT="aff." HEIGHT="41" WIDTH="82" VPOS="1365" HPOS="1057"/>
<SP HEIGHT="41" WIDTH="32" VPOS="1365" HPOS="1140"/>
<String CONTENT="Feb." HEIGHT="42" WIDTH="110" VPOS="1364" HPOS="1173"/>
<SP HEIGHT="39" WIDTH="32" VPOS="1366" HPOS="1284"/>
<String CS="1" CONTENT="11;" HEIGHT="37" WIDTH="53" VPOS="1366" HPOS="1317"/>
<SP HEIGHT="47" WIDTH="33" VPOS="1364" HPOS="1400"/>
<!-- cceid 8B974669-6CFA-1014-9C3C-CEA95E7AA542 --><String CONTENT="A" HEIGHT="39" WIDTH="40" VPOS="1364" HPOS="1434"/>
<SP HEIGHT="39" WIDTH="32" VPOS="1364" HPOS="1475"/>
<String CS="1" CONTENT="5207;" HEIGHT="43" WIDTH="114" VPOS="1361" HPOS="1508"/>
<SP HEIGHT="46" WIDTH="35" VPOS="1363" HPOS="1650"/>
<String LANG="fr" CONTENT="H." HEIGHT="40" WIDTH="60" VPOS="1363" HPOS="1686"/>
<SP HEIGHT="41" WIDTH="31" VPOS="1362" HPOS="1747"/>
<String CONTENT="D." HEIGHT="41" WIDTH="57" VPOS="1362" HPOS="1779"/>
<SP HEIGHT="42" WIDTH="36" VPOS="1361" HPOS="1837"/>
<String CONTENT="Scott," HEIGHT="48" WIDTH="147" VPOS="1360" HPOS="1874"/>
<SP HEIGHT="47" WIDTH="33" VPOS="1360" HPOS="2022"/>
<String CONTENT="Wheeling," HEIGHT="48" WIDTH="265" VPOS="1358" HPOS="2056"/>
</TextLine>
<TextLine HEIGHT="52" WIDTH="510" VPOS="1422" HPOS="392" CS="1">
<String LANG="fr" CONTENT="W." HEIGHT="40" WIDTH="71" VPOS="1427" HPOS="392"/>
<SP HEIGHT="40" WIDTH="29" VPOS="1426" HPOS="464"/>
<String LANG="fr" CONTENT="Va." HEIGHT="41" WIDTH="86" VPOS="1425" HPOS="494"/>
<SP HEIGHT="48" WIDTH="68" VPOS="1425" HPOS="581"/>
<String LANG="en-US" CS="1" CONTENT="(29-4770)" HEIGHT="51" WIDTH="252" VPOS="1422" HPOS="650"/>
</TextLine>
<TextLine HEIGHT="66" WIDTH="887" VPOS="1516" HPOS="319" STYLEREFS="StyleId-EBF204DF-7F2D-46D7-BBB7-212753573112-">
<String CONTENT="Scott," HEIGHT="59" WIDTH="184" VPOS="1523" HPOS="319"/>
<SP HEIGHT="62" WIDTH="30" VPOS="1520" HPOS="504"/>
<String CONTENT="John" HEIGHT="54" WIDTH="155" VPOS="1519" HPOS="535"/>
<SP HEIGHT="53" WIDTH="31" VPOS="1518" HPOS="691"/>
<String CONTENT="William," HEIGHT="64" WIDTH="275" VPOS="1516" HPOS="723"/>
<SP HEIGHT="57" WIDTH="34" VPOS="1522" HPOS="999"/>
<String CONTENT="1871-" HEIGHT="53" WIDTH="172" VPOS="1517" HPOS="1034"/>
</TextLine>
<TextLine HEIGHT="76" WIDTH="1934" VPOS="1587" HPOS="394" STYLEREFS="StyleId-2D68C1D7-647C-483C-80F9-494FAF6915EE-">
<String CONTENT="Outlines" HEIGHT="57" WIDTH="264" VPOS="1595" HPOS="394"/>
<SP HEIGHT="55" WIDTH="36" VPOS="1593" HPOS="659"/>
<String CONTENT="for" HEIGHT="53" WIDTH="95" VPOS="1593" HPOS="696"/>
<SP HEIGHT="52" WIDTH="36" VPOS="1594" HPOS="792"/>
<String CONTENT="laboratory" HEIGHT="69" WIDTH="331" VPOS="1593" HPOS="829"/>
<SP HEIGHT="50" WIDTH="36" VPOS="1611" HPOS="1161"/>
<String CONTENT="work" HEIGHT="53" WIDTH="159" VPOS="1592" HPOS="1198"/>
<SP HEIGHT="52" WIDTH="36" VPOS="1592" HPOS="1358"/>
<String CONTENT="in" HEIGHT="52" WIDTH="59" VPOS="1592" HPOS="1395"/>
<SP HEIGHT="50" WIDTH="38" VPOS="1610" HPOS="1455"/>
<String CONTENT="general" HEIGHT="69" WIDTH="231" VPOS="1591" HPOS="1494"/>
<SP HEIGHT="51" WIDTH="36" VPOS="1591" HPOS="1726"/>
<String CONTENT="zoology," HEIGHT="70" WIDTH="258" VPOS="1589" HPOS="1763"/>
<SP HEIGHT="68" WIDTH="35" VPOS="1588" HPOS="2022"/>
<String CONTENT="by" HEIGHT="70" WIDTH="76" VPOS="1588" HPOS="2058"/>
<SP HEIGHT="70" WIDTH="36" VPOS="1588" HPOS="2135"/>
<String CONTENT="John" HEIGHT="56" WIDTH="156" VPOS="1587" HPOS="2172"/>
</TextLine>
<TextLine HEIGHT="78" WIDTH="2010" VPOS="1665" HPOS="321" STYLEREFS="StyleId-2D68C1D7-647C-483C-80F9-494FAF6915EE-" CS="1">
<String CONTENT="W." HEIGHT="55" WIDTH="91" VPOS="1675" HPOS="321"/>
<SP HEIGHT="55" WIDTH="31" VPOS="1674" HPOS="413"/>
<String CONTENT="Scott" HEIGHT="56" WIDTH="159" VPOS="1673" HPOS="445"/>
<SP HEIGHT="47" WIDTH="33" VPOS="1679" HPOS="605"/>
<String CS="1" CONTENT="&#8230;"/>
<SP HEIGHT="53" WIDTH="77" VPOS="1672" HPOS="696"/>
<String CONTENT="Laramie," HEIGHT="70" WIDTH="284" VPOS="1671" HPOS="774"/>
<SP HEIGHT="70" WIDTH="23" VPOS="1670" HPOS="1059"/>
<String CONTENT="Wyo.," HEIGHT="71" WIDTH="186" VPOS="1669" HPOS="1083"/>
<SP HEIGHT="69" WIDTH="25" VPOS="1670" HPOS="1270"/>
<String CONTENT="The" HEIGHT="53" WIDTH="122" VPOS="1670" HPOS="1296"/>
<SP HEIGHT="53" WIDTH="25" VPOS="1670" HPOS="1419"/>
<String CONTENT="Laramie" HEIGHT="54" WIDTH="267" VPOS="1669" HPOS="1445"/>
<SP HEIGHT="51" WIDTH="26" VPOS="1687" HPOS="1713"/>
<String CONTENT="printing" HEIGHT="73" WIDTH="264" VPOS="1666" HPOS="1740"/>
<SP HEIGHT="52" WIDTH="26" VPOS="1686" HPOS="2005"/>
<String CONTENT="company," HEIGHT="53" WIDTH="299" VPOS="1684" HPOS="2032"/>
</TextLine>
<TextLine HEIGHT="51" WIDTH="149" VPOS="1756" HPOS="328" STYLEREFS="StyleId-2D68C1D7-647C-483C-80F9-494FAF6915EE-">
<String CONTENT="1928." HEIGHT="51" WIDTH="149" VPOS="1756" HPOS="328"/>
</TextLine>
<TextLine HEIGHT="49" WIDTH="335" VPOS="1836" HPOS="394" CS="1">
<String CONTENT="86" HEIGHT="40" WIDTH="58" VPOS="1837" HPOS="394"/>
<SP HEIGHT="48" WIDTH="26" VPOS="1837" HPOS="452"/>
<String CONTENT="p." HEIGHT="38" WIDTH="45" VPOS="1847" HPOS="478"/>
<SP HEIGHT="41" WIDTH="58" VPOS="1836" HPOS="523"/>
<String CS="1" CONTENT="23&#189;" HEIGHT="41" WIDTH="56" VPOS="1836" HPOS="581"/>
<String STYLE="superscript" CS="1" CONTENT="&#7580;&#7504;"/>
<String CONTENT="." HEIGHT="9" WIDTH="8" VPOS="1866" HPOS="721"/>
</TextLine>
<TextLine HEIGHT="59" WIDTH="1999" VPOS="1883" HPOS="331">
<String CONTENT="&#169;" HEIGHT="53" WIDTH="52" VPOS="1889" HPOS="331"/>
<SP HEIGHT="53" WIDTH="35" VPOS="1889" HPOS="384"/>
<String CONTENT="Nov." HEIGHT="39" WIDTH="118" VPOS="1894" HPOS="420"/>
<SP HEIGHT="42" WIDTH="35" VPOS="1891" HPOS="539"/>
<String CONTENT="5," HEIGHT="48" WIDTH="38" VPOS="1891" HPOS="575"/>
<SP HEIGHT="45" WIDTH="34" VPOS="1894" HPOS="614"/>
<String CONTENT="1928;" HEIGHT="46" WIDTH="140" VPOS="1891" HPOS="649"/>
<SP HEIGHT="46" WIDTH="37" VPOS="1891" HPOS="790"/>
<String CONTENT="2c." HEIGHT="40" WIDTH="68" VPOS="1891" HPOS="828"/>
<SP HEIGHT="41" WIDTH="36" VPOS="1890" HPOS="897"/>
<String CONTENT="Dec." HEIGHT="40" WIDTH="112" VPOS="1890" HPOS="934"/>
<SP HEIGHT="39" WIDTH="34" VPOS="1891" HPOS="1047"/>
<String CONTENT="12;" HEIGHT="47" WIDTH="81" VPOS="1889" HPOS="1082"/>
<SP HEIGHT="36" WIDTH="39" VPOS="1900" HPOS="1164"/>
<String CONTENT="aff." HEIGHT="42" WIDTH="82" VPOS="1888" HPOS="1204"/>
<SP HEIGHT="40" WIDTH="36" VPOS="1889" HPOS="1287"/>
<String CONTENT="Feb." HEIGHT="39" WIDTH="112" VPOS="1889" HPOS="1324"/>
<SP HEIGHT="40" WIDTH="35" VPOS="1888" HPOS="1437"/>
<String CONTENT="9," HEIGHT="48" WIDTH="39" VPOS="1888" HPOS="1473"/>
<SP HEIGHT="45" WIDTH="36" VPOS="1891" HPOS="1513"/>
<String CONTENT="1929;" HEIGHT="49" WIDTH="141" VPOS="1887" HPOS="1550"/>
<SP HEIGHT="46" WIDTH="38" VPOS="1889" HPOS="1692"/>
<!-- cceid 8B989908-6CFA-1014-9C3C-CEA95E7AA542 --><String CONTENT="A" HEIGHT="38" WIDTH="40" VPOS="1889" HPOS="1731"/>
<SP HEIGHT="39" WIDTH="34" VPOS="1889" HPOS="1772"/>
<String CONTENT="5224;" HEIGHT="45" WIDTH="141" VPOS="1887" HPOS="1807"/>
<SP HEIGHT="42" WIDTH="40" VPOS="1889" HPOS="1949"/>
<String LANG="fr" CONTENT="J." HEIGHT="39" WIDTH="43" VPOS="1889" HPOS="1990"/>
<SP HEIGHT="40" WIDTH="35" VPOS="1888" HPOS="2034"/>
<String CONTENT="W." HEIGHT="40" WIDTH="72" VPOS="1888" HPOS="2070"/>
<SP HEIGHT="40" WIDTH="38" VPOS="1887" HPOS="2143"/>
<String CONTENT="Scott." HEIGHT="43" WIDTH="148" VPOS="1886" HPOS="2182"/>
</TextLine>
<TextLine HEIGHT="52" WIDTH="699" VPOS="1945" HPOS="399">
<String CONTENT="Laramie," HEIGHT="46" WIDTH="240" VPOS="1949" HPOS="399"/>
<SP HEIGHT="45" WIDTH="30" VPOS="1949" HPOS="640"/>
<String CONTENT="Wy." HEIGHT="46" WIDTH="105" VPOS="1949" HPOS="671"/>
<SP HEIGHT="48" WIDTH="69" VPOS="1948" HPOS="777"/>
<String CONTENT="(29-4558)" HEIGHT="51" WIDTH="251" VPOS="1945" HPOS="847"/>
</TextLine>
<TextLine HEIGHT="75" WIDTH="1443" VPOS="2024" HPOS="331" STYLEREFS="StyleId-EBF204DF-7F2D-46D7-BBB7-212753573112-">
<String CONTENT="Security" HEIGHT="64" WIDTH="276" VPOS="2029" HPOS="331"/>
<SP HEIGHT="61" WIDTH="24" VPOS="2031" HPOS="608"/>
<String CONTENT="trust" HEIGHT="51" WIDTH="163" VPOS="2030" HPOS="633"/>
<SP HEIGHT="53" WIDTH="22" VPOS="2027" HPOS="797"/>
<String CONTENT="&amp;" HEIGHT="53" WIDTH="52" VPOS="2027" HPOS="820"/>
<SP HEIGHT="53" WIDTH="22" VPOS="2027" HPOS="873"/>
<String CONTENT="savings" HEIGHT="65" WIDTH="246" VPOS="2026" HPOS="896"/>
<SP HEIGHT="53" WIDTH="23" VPOS="2026" HPOS="1143"/>
<String CONTENT="bank," HEIGHT="66" WIDTH="175" VPOS="2025" HPOS="1167"/>
<SP HEIGHT="63" WIDTH="27" VPOS="2027" HPOS="1343"/>
<String CONTENT="Los" HEIGHT="53" WIDTH="111" VPOS="2027" HPOS="1371"/>
<SP HEIGHT="54" WIDTH="24" VPOS="2026" HPOS="1483"/>
<String CONTENT="Angeles." HEIGHT="71" WIDTH="266" VPOS="2025" HPOS="1508"/>
</TextLine>
<TextLine HEIGHT="77" WIDTH="1938" VPOS="2100" HPOS="398" STYLEREFS="StyleId-2D68C1D7-647C-483C-80F9-494FAF6915EE-" CS="1">
<String CONTENT="The" HEIGHT="52" WIDTH="121" VPOS="2108" HPOS="398"/>
<SP HEIGHT="53" WIDTH="21" VPOS="2107" HPOS="520"/>
<String CONTENT="bank" HEIGHT="54" WIDTH="153" VPOS="2106" HPOS="542"/>
<SP HEIGHT="51" WIDTH="21" VPOS="2107" HPOS="696"/>
<String CONTENT="and" HEIGHT="52" WIDTH="112" VPOS="2106" HPOS="718"/>
<SP HEIGHT="52" WIDTH="22" VPOS="2106" HPOS="831"/>
<String CONTENT="the" HEIGHT="55" WIDTH="97" VPOS="2104" HPOS="854"/>
<SP HEIGHT="35" WIDTH="21" VPOS="2123" HPOS="952"/>
<String CS="1" CONTENT="community;" HEIGHT="69" WIDTH="353" VPOS="2104" HPOS="974"/>
<SP HEIGHT="47" WIDTH="26" VPOS="2122" HPOS="1355"/>
<String CONTENT="a" HEIGHT="34" WIDTH="31" VPOS="2122" HPOS="1382"/>
<SP HEIGHT="52" WIDTH="24" VPOS="2104" HPOS="1414"/>
<String CONTENT="history" HEIGHT="70" WIDTH="222" VPOS="2103" HPOS="1439"/>
<SP HEIGHT="51" WIDTH="22" VPOS="2121" HPOS="1662"/>
<String CONTENT="of" HEIGHT="54" WIDTH="66" VPOS="2102" HPOS="1685"/>
<SP HEIGHT="54" WIDTH="20" VPOS="2102" HPOS="1752"/>
<String CONTENT="the" HEIGHT="52" WIDTH="96" VPOS="2104" HPOS="1773"/>
<SP HEIGHT="56" WIDTH="25" VPOS="2102" HPOS="1870"/>
<String CONTENT="Security" HEIGHT="72" WIDTH="264" VPOS="2101" HPOS="1896"/>
<SP HEIGHT="64" WIDTH="23" VPOS="2108" HPOS="2161"/>
<String CONTENT="trust" HEIGHT="50" WIDTH="151" VPOS="2107" HPOS="2185"/>
</TextLine>
<TextLine HEIGHT="77" WIDTH="2010" VPOS="2178" HPOS="328" STYLEREFS="StyleId-2D68C1D7-647C-483C-80F9-494FAF6915EE-">
<String CONTENT="&amp;" HEIGHT="50" WIDTH="46" VPOS="2188" HPOS="328"/>
<SP HEIGHT="51" WIDTH="29" VPOS="2188" HPOS="374"/>
<String CONTENT="savings" HEIGHT="71" WIDTH="232" VPOS="2184" HPOS="403"/>
<SP HEIGHT="54" WIDTH="30" VPOS="2184" HPOS="635"/>
<String CONTENT="bank" HEIGHT="52" WIDTH="154" VPOS="2184" HPOS="665"/>
<SP HEIGHT="52" WIDTH="31" VPOS="2184" HPOS="819"/>
<String CONTENT="of" HEIGHT="54" WIDTH="66" VPOS="2182" HPOS="850"/>
<SP HEIGHT="52" WIDTH="31" VPOS="2182" HPOS="916"/>
<String CONTENT="Los" HEIGHT="53" WIDTH="113" VPOS="2183" HPOS="947"/>
<SP HEIGHT="54" WIDTH="31" VPOS="2182" HPOS="1060"/>
<String CONTENT="Angeles," HEIGHT="70" WIDTH="270" VPOS="2181" HPOS="1091"/>
<SP HEIGHT="65" WIDTH="32" VPOS="2185" HPOS="1361"/>
<String CONTENT="1889-1929," HEIGHT="66" WIDTH="330" VPOS="2184" HPOS="1393"/>
<SP HEIGHT="68" WIDTH="32" VPOS="2181" HPOS="1723"/>
<String CONTENT="by" HEIGHT="69" WIDTH="76" VPOS="2181" HPOS="1755"/>
<SP HEIGHT="69" WIDTH="32" VPOS="2181" HPOS="1831"/>
<String LANG="fr" CONTENT="J." HEIGHT="55" WIDTH="56" VPOS="2181" HPOS="1863"/>
<SP HEIGHT="54" WIDTH="37" VPOS="2181" HPOS="1919"/>
<String CONTENT="R." HEIGHT="53" WIDTH="68" VPOS="2181" HPOS="1956"/>
<SP HEIGHT="53" WIDTH="35" VPOS="2181" HPOS="2024"/>
<String CONTENT="Douglas," HEIGHT="70" WIDTH="279" VPOS="2180" HPOS="2059"/>
</TextLine>
<TextLine HEIGHT="74" WIDTH="1427" VPOS="2258" HPOS="330" STYLEREFS="StyleId-2D68C1D7-647C-483C-80F9-494FAF6915EE-">
<String CONTENT="assistant" HEIGHT="54" WIDTH="269" VPOS="2263" HPOS="330"/>
<SP HEIGHT="48" WIDTH="29" VPOS="2268" HPOS="600"/>
<String CONTENT="vice" HEIGHT="52" WIDTH="118" VPOS="2263" HPOS="630"/>
<SP HEIGHT="49" WIDTH="32" VPOS="2281" HPOS="749"/>
<String CONTENT="president." HEIGHT="70" WIDTH="308" VPOS="2260" HPOS="782"/>
<SP HEIGHT="52" WIDTH="67" VPOS="2261" HPOS="1091"/>
<String CONTENT="Los" HEIGHT="54" WIDTH="111" VPOS="2260" HPOS="1159"/>
<SP HEIGHT="54" WIDTH="31" VPOS="2259" HPOS="1271"/>
<String CONTENT="Angeles," HEIGHT="70" WIDTH="268" VPOS="2259" HPOS="1303"/>
<SP HEIGHT="63" WIDTH="33" VPOS="2264" HPOS="1572"/>
<String CONTENT="1929." HEIGHT="50" WIDTH="151" VPOS="2262" HPOS="1606"/>
</TextLine>
<TextLine HEIGHT="52" WIDTH="1008" VPOS="2342" HPOS="401" CS="1">
<String CONTENT="3" HEIGHT="40" WIDTH="25" VPOS="2347" HPOS="401"/>
<SP HEIGHT="47" WIDTH="28" VPOS="2347" HPOS="427"/>
<String LANG="fr" CONTENT="p." HEIGHT="37" WIDTH="43" VPOS="2357" HPOS="456"/>
<SP/>
<String LANG="fr" CS="1" CONTENT="l.,"/>
<SP/>
<String CONTENT="9-61" HEIGHT="40" WIDTH="114" VPOS="2345" HPOS="604"/>
<SP HEIGHT="48" WIDTH="28" VPOS="2345" HPOS="719"/>
<String CONTENT="p." HEIGHT="38" WIDTH="43" VPOS="2355" HPOS="748"/>
<SP HEIGHT="37" WIDTH="58" VPOS="2355" HPOS="792"/>
<String CONTENT="plates," HEIGHT="49" WIDTH="171" VPOS="2343" HPOS="851"/>
<SP HEIGHT="38" WIDTH="30" VPOS="2354" HPOS="1023"/>
<String CONTENT="ports." HEIGHT="47" WIDTH="149" VPOS="2345" HPOS="1054"/>
<SP HEIGHT="40" WIDTH="57" VPOS="2344" HPOS="1204"/>
<String CS="1" CONTENT="23&#189;" HEIGHT="40" WIDTH="55" VPOS="2343" HPOS="1262"/>
<String STYLE="superscript" CS="1" CONTENT="&#7580;&#7504;"/>
<String CONTENT="." HEIGHT="8" WIDTH="8" VPOS="2375" HPOS="1401"/>
</TextLine>
<TextLine HEIGHT="56" WIDTH="1932" VPOS="2395" HPOS="406">
<String CONTENT="&#8220;Prepared" HEIGHT="47" WIDTH="271" VPOS="2403" HPOS="406"/>
<SP HEIGHT="39" WIDTH="28" VPOS="2403" HPOS="678"/>
<String CONTENT="and" HEIGHT="38" WIDTH="95" VPOS="2403" HPOS="707"/>
<SP HEIGHT="45" WIDTH="25" VPOS="2403" HPOS="803"/>
<String CONTENT="published" HEIGHT="48" WIDTH="256" VPOS="2400" HPOS="829"/>
<SP HEIGHT="40" WIDTH="25" VPOS="2400" HPOS="1086"/>
<String CONTENT="by" HEIGHT="47" WIDTH="61" VPOS="2400" HPOS="1112"/>
<SP HEIGHT="45" WIDTH="27" VPOS="2402" HPOS="1174"/>
<String CONTENT="the" HEIGHT="42" WIDTH="80" VPOS="2398" HPOS="1202"/>
<SP HEIGHT="41" WIDTH="27" VPOS="2399" HPOS="1283"/>
<String CONTENT="Security" HEIGHT="48" WIDTH="224" VPOS="2398" HPOS="1311"/>
<SP HEIGHT="45" WIDTH="26" VPOS="2401" HPOS="1536"/>
<String CONTENT="trust" HEIGHT="40" WIDTH="130" VPOS="2400" HPOS="1563"/>
<SP HEIGHT="40" WIDTH="26" VPOS="2399" HPOS="1694"/>
<String CONTENT="&amp;" HEIGHT="40" WIDTH="37" VPOS="2399" HPOS="1721"/>
<SP HEIGHT="40" WIDTH="25" VPOS="2399" HPOS="1759"/>
<String CONTENT="savings" HEIGHT="50" WIDTH="197" VPOS="2397" HPOS="1785"/>
<SP HEIGHT="40" WIDTH="25" VPOS="2399" HPOS="1983"/>
<String CONTENT="bank" HEIGHT="40" WIDTH="130" VPOS="2399" HPOS="2009"/>
<SP HEIGHT="40" WIDTH="26" VPOS="2399" HPOS="2140"/>
<String CONTENT="of" HEIGHT="40" WIDTH="51" VPOS="2399" HPOS="2167"/>
<SP HEIGHT="40" WIDTH="26" VPOS="2399" HPOS="2219"/>
<String CONTENT="Los" HEIGHT="42" WIDTH="92" VPOS="2398" HPOS="2246"/>
</TextLine>
<TextLine HEIGHT="53" WIDTH="1466" VPOS="2454" HPOS="333">
<String CONTENT="Angeles" HEIGHT="47" WIDTH="206" VPOS="2460" HPOS="333"/>
<SP HEIGHT="29" WIDTH="27" VPOS="2470" HPOS="540"/>
<String CONTENT="on" HEIGHT="30" WIDTH="59" VPOS="2469" HPOS="568"/>
<SP HEIGHT="37" WIDTH="30" VPOS="2461" HPOS="628"/>
<String CONTENT="the" HEIGHT="40" WIDTH="82" VPOS="2458" HPOS="659"/>
<SP HEIGHT="29" WIDTH="26" VPOS="2468" HPOS="742"/>
<String CONTENT="occasion" HEIGHT="42" WIDTH="223" VPOS="2456" HPOS="769"/>
<SP HEIGHT="29" WIDTH="30" VPOS="2468" HPOS="993"/>
<String CONTENT="of" HEIGHT="41" WIDTH="51" VPOS="2456" HPOS="1024"/>
<SP HEIGHT="40" WIDTH="27" VPOS="2456" HPOS="1076"/>
<String CONTENT="its" HEIGHT="40" WIDTH="65" VPOS="2456" HPOS="1104"/>
<SP HEIGHT="40" WIDTH="26" VPOS="2456" HPOS="1170"/>
<String CONTENT="fortieth" HEIGHT="42" WIDTH="207" VPOS="2455" HPOS="1197"/>
<SP HEIGHT="40" WIDTH="29" VPOS="2455" HPOS="1405"/>
<String CONTENT="anniversary.&#8221;" HEIGHT="50" WIDTH="364" VPOS="2454" HPOS="1435"/>
</TextLine>
<TextLine HEIGHT="59" WIDTH="2001" VPOS="2506" HPOS="338" CS="1">
<String CONTENT="&#169;" HEIGHT="52" WIDTH="52" VPOS="2512" HPOS="338"/>
<SP HEIGHT="52" WIDTH="31" VPOS="2512" HPOS="390"/>
<String CONTENT="Feb." HEIGHT="40" WIDTH="112" VPOS="2516" HPOS="421"/>
<SP HEIGHT="41" WIDTH="29" VPOS="2515" HPOS="533"/>
<String CONTENT="6," HEIGHT="45" WIDTH="40" VPOS="2514" HPOS="562"/>
<SP HEIGHT="41" WIDTH="29" VPOS="2517" HPOS="602"/>
<String CONTENT="1929;" HEIGHT="42" WIDTH="144" VPOS="2514" HPOS="631"/>
<SP HEIGHT="41" WIDTH="30" VPOS="2515" HPOS="775"/>
<String CONTENT="2c." HEIGHT="39" WIDTH="70" VPOS="2515" HPOS="805"/>
<SP HEIGHT="29" WIDTH="30" VPOS="2525" HPOS="875"/>
<String CONTENT="and" HEIGHT="39" WIDTH="96" VPOS="2515" HPOS="905"/>
<SP HEIGHT="38" WIDTH="30" VPOS="2515" HPOS="1001"/>
<String CONTENT="aff." HEIGHT="40" WIDTH="85" VPOS="2513" HPOS="1031"/>
<SP HEIGHT="39" WIDTH="30" VPOS="2513" HPOS="1116"/>
<String CONTENT="Feb." HEIGHT="42" WIDTH="114" VPOS="2512" HPOS="1146"/>
<SP HEIGHT="40" WIDTH="30" VPOS="2513" HPOS="1260"/>
<String CS="1" CONTENT="11;" HEIGHT="38" WIDTH="49" VPOS="2513" HPOS="1290"/>
<SP HEIGHT="42" WIDTH="33" VPOS="2512" HPOS="1373"/>
<!-- cceid 8B99C6DF-6CFA-1014-9C3C-CEA95E7AA542 --><String CONTENT="A" HEIGHT="40" WIDTH="40" VPOS="2512" HPOS="1406"/>
<SP HEIGHT="40" WIDTH="31" VPOS="2512" HPOS="1446"/>
<String CONTENT="5254;" HEIGHT="48" WIDTH="143" VPOS="2512" HPOS="1477"/>
<SP HEIGHT="48" WIDTH="36" VPOS="2511" HPOS="1620"/>
<String CONTENT="Security" HEIGHT="50" WIDTH="225" VPOS="2511" HPOS="1656"/>
<SP HEIGHT="46" WIDTH="34" VPOS="2515" HPOS="1881"/>
<String CONTENT="trust" HEIGHT="39" WIDTH="128" VPOS="2514" HPOS="1915"/>
<SP HEIGHT="39" WIDTH="31" VPOS="2513" HPOS="2043"/>
<String CONTENT="&amp;" HEIGHT="39" WIDTH="38" VPOS="2513" HPOS="2074"/>
<SP HEIGHT="39" WIDTH="29" VPOS="2513" HPOS="2112"/>
<String CONTENT="savings" HEIGHT="45" WIDTH="198" VPOS="2510" HPOS="2141"/>
</TextLine>
<TextLine HEIGHT="50" WIDTH="461" VPOS="2570" HPOS="404" CS="1">
<String CONTENT="bank." HEIGHT="40" WIDTH="143" VPOS="2572" HPOS="404"/>
<SP HEIGHT="48" WIDTH="64" VPOS="2572" HPOS="548"/>
<String CS="1" CONTENT="(29-4447)" HEIGHT="49" WIDTH="252" VPOS="2570" HPOS="613"/>
</TextLine>
<TextLine HEIGHT="65" WIDTH="793" VPOS="2650" HPOS="336" STYLEREFS="StyleId-EBF204DF-7F2D-46D7-BBB7-212753573112-">
<String CONTENT="Slomanson," HEIGHT="64" WIDTH="366" VPOS="2651" HPOS="336"/>
<SP HEIGHT="63" WIDTH="31" VPOS="2651" HPOS="703"/>
<String CONTENT="A" HEIGHT="52" WIDTH="53" VPOS="2651" HPOS="735"/>
<SP HEIGHT="54" WIDTH="286" VPOS="2650" HPOS="789"/>
<String CONTENT="J." HEIGHT="55" WIDTH="53" VPOS="2650" HPOS="1076"/>
</TextLine>
<TextLine HEIGHT="77" WIDTH="1869" VPOS="2723" HPOS="411" STYLEREFS="StyleId-2D68C1D7-647C-483C-80F9-494FAF6915EE-" CS="1">
<String CONTENT="Selling" HEIGHT="72" WIDTH="222" VPOS="2727" HPOS="411"/>
<SP HEIGHT="51" WIDTH="23" VPOS="2747" HPOS="634"/>
<String CONTENT="and" HEIGHT="52" WIDTH="113" VPOS="2729" HPOS="658"/>
<SP HEIGHT="53" WIDTH="22" VPOS="2728" HPOS="772"/>
<String CONTENT="buying" HEIGHT="70" WIDTH="219" VPOS="2727" HPOS="795"/>
<SP HEIGHT="51" WIDTH="23" VPOS="2745" HPOS="1015"/>
<String CONTENT="advertising" HEIGHT="70" WIDTH="359" VPOS="2727" HPOS="1039"/>
<SP HEIGHT="51" WIDTH="19" VPOS="2745" HPOS="1399"/>
<String CONTENT="space," HEIGHT="51" WIDTH="185" VPOS="2744" HPOS="1419"/>
<SP HEIGHT="68" WIDTH="20" VPOS="2726" HPOS="1605"/>
<String CONTENT="by" HEIGHT="70" WIDTH="76" VPOS="2726" HPOS="1626"/>
<SP HEIGHT="69" WIDTH="23" VPOS="2727" HPOS="1703"/>
<String CONTENT="A." HEIGHT="53" WIDTH="72" VPOS="2727" HPOS="1727"/>
<SP HEIGHT="55" WIDTH="24" VPOS="2727" HPOS="1800"/>
<String CONTENT="J." HEIGHT="55" WIDTH="56" VPOS="2727" HPOS="1825"/>
<SP HEIGHT="54" WIDTH="27" VPOS="2728" HPOS="1882"/>
<String CONTENT="Slomanson" HEIGHT="55" WIDTH="339" VPOS="2727" HPOS="1910"/>
<SP HEIGHT="34" WIDTH="30" VPOS="2746" HPOS="2250"/>
<String CS="1" CONTENT="&#8230;"/>
</TextLine>
<TextLine HEIGHT="75" WIDTH="1574" VPOS="2802" HPOS="340" STYLEREFS="StyleId-2D68C1D7-647C-483C-80F9-494FAF6915EE-">
<String CONTENT="New" HEIGHT="53" WIDTH="139" VPOS="2807" HPOS="340"/>
<SP HEIGHT="51" WIDTH="25" VPOS="2807" HPOS="480"/>
<String CONTENT="York" HEIGHT="54" WIDTH="164" VPOS="2805" HPOS="506"/>
<SP HEIGHT="53" WIDTH="23" VPOS="2805" HPOS="671"/>
<String CONTENT="city," HEIGHT="69" WIDTH="136" VPOS="2805" HPOS="695"/>
<SP HEIGHT="67" WIDTH="21" VPOS="2805" HPOS="831"/>
<String CONTENT="Lloyd" HEIGHT="70" WIDTH="188" VPOS="2804" HPOS="853"/>
<SP HEIGHT="66" WIDTH="30" VPOS="2806" HPOS="1041"/>
<String CONTENT="publishing" HEIGHT="72" WIDTH="337" VPOS="2803" HPOS="1071"/>
<SP HEIGHT="51" WIDTH="26" VPOS="2823" HPOS="1408"/>
<String CONTENT="company," HEIGHT="52" WIDTH="300" VPOS="2822" HPOS="1434"/>
<SP HEIGHT="63" WIDTH="30" VPOS="2809" HPOS="1734"/>
<String CONTENT="1928." HEIGHT="51" WIDTH="149" VPOS="2807" HPOS="1764"/>
</TextLine>
<TextLine HEIGHT="55" WIDTH="1332" VPOS="2885" HPOS="413" CS="1">
<String CONTENT="157," HEIGHT="46" WIDTH="97" VPOS="2890" HPOS="413"/>
<SP HEIGHT="32" WIDTH="30" VPOS="2908" HPOS="511"/>
<String CONTENT="[1]" HEIGHT="51" WIDTH="54" VPOS="2889" HPOS="542"/>
<SP HEIGHT="38" WIDTH="29" VPOS="2899" HPOS="597"/>
<String CONTENT="p." HEIGHT="37" WIDTH="42" VPOS="2899" HPOS="627"/>
<SP HEIGHT="41" WIDTH="27" VPOS="2888" HPOS="670"/>
<String CONTENT="incl." HEIGHT="40" WIDTH="110" VPOS="2888" HPOS="698"/>
<SP HEIGHT="40" WIDTH="25" VPOS="2888" HPOS="809"/>
<String CONTENT="illus.," HEIGHT="48" WIDTH="144" VPOS="2887" HPOS="835"/>
<SP HEIGHT="35" WIDTH="28" VPOS="2899" HPOS="980"/>
<String CONTENT="maps," HEIGHT="37" WIDTH="150" VPOS="2898" HPOS="1009"/>
<SP HEIGHT="46" WIDTH="28" VPOS="2889" HPOS="1160"/>
<String CONTENT="tables," HEIGHT="49" WIDTH="170" VPOS="2887" HPOS="1189"/>
<SP HEIGHT="47" WIDTH="27" VPOS="2888" HPOS="1360"/>
<String CONTENT="diagrs." HEIGHT="48" WIDTH="179" VPOS="2887" HPOS="1388"/>
<SP HEIGHT="41" WIDTH="60" VPOS="2887" HPOS="1568"/>
<String CONTENT="22" HEIGHT="40" WIDTH="55" VPOS="2887" HPOS="1629"/>
<String STYLE="superscript" CS="1" CONTENT="&#7580;&#7504;"/>
<String CONTENT="." HEIGHT="8" WIDTH="8" VPOS="2920" HPOS="1737"/>
</TextLine>
<TextLine HEIGHT="42" WIDTH="415" VPOS="2944" HPOS="414">
<String CONTENT="&#8220;First" HEIGHT="42" WIDTH="163" VPOS="2944" HPOS="414"/>
<SP HEIGHT="39" WIDTH="24" VPOS="2946" HPOS="578"/>
<String CONTENT="edition.&#8221;" HEIGHT="41" WIDTH="226" VPOS="2944" HPOS="603"/>
</TextLine>
<TextLine HEIGHT="57" WIDTH="1868" VPOS="2995" HPOS="345" CS="1">
<String CONTENT="&#169;" HEIGHT="48" WIDTH="52" VPOS="3000" HPOS="345"/>
<SP HEIGHT="48" WIDTH="28" VPOS="3000" HPOS="398"/>
<String CONTENT="Oct." HEIGHT="41" WIDTH="102" VPOS="3003" HPOS="427"/>
<SP HEIGHT="40" WIDTH="27" VPOS="3004" HPOS="530"/>
<String CONTENT="1," HEIGHT="48" WIDTH="39" VPOS="3003" HPOS="558"/>
<SP HEIGHT="46" WIDTH="29" VPOS="3004" HPOS="598"/>
<String CONTENT="1928;" HEIGHT="46" WIDTH="140" VPOS="3002" HPOS="628"/>
<SP HEIGHT="46" WIDTH="30" VPOS="3002" HPOS="769"/>
<String CONTENT="2c." HEIGHT="40" WIDTH="68" VPOS="3002" HPOS="800"/>
<SP HEIGHT="39" WIDTH="28" VPOS="3002" HPOS="869"/>
<String CONTENT="Jan." HEIGHT="41" WIDTH="110" VPOS="3001" HPOS="898"/>
<SP HEIGHT="38" WIDTH="27" VPOS="3003" HPOS="1009"/>
<String CONTENT="19," HEIGHT="48" WIDTH="69" VPOS="3001" HPOS="1037"/>
<SP HEIGHT="47" WIDTH="30" VPOS="3002" HPOS="1107"/>
<String CONTENT="1929;" HEIGHT="48" WIDTH="140" VPOS="3000" HPOS="1138"/>
<SP HEIGHT="36" WIDTH="31" VPOS="3011" HPOS="1279"/>
<String CONTENT="aff." HEIGHT="42" WIDTH="82" VPOS="2999" HPOS="1311"/>
<SP HEIGHT="40" WIDTH="29" VPOS="3001" HPOS="1394"/>
<String CONTENT="Dec." HEIGHT="40" WIDTH="112" VPOS="3001" HPOS="1424"/>
<SP HEIGHT="39" WIDTH="29" VPOS="3002" HPOS="1537"/>
<String CONTENT="21," HEIGHT="45" WIDTH="69" VPOS="3001" HPOS="1567"/>
<SP HEIGHT="43" WIDTH="29" VPOS="3002" HPOS="1637"/>
<String CS="1" CONTENT="1928;" HEIGHT="41" WIDTH="84" VPOS="3001" HPOS="1667"/>
<SP HEIGHT="46" WIDTH="31" VPOS="3002" HPOS="1809"/>
<!-- cceid 8B9B2BB3-6CFA-1014-9C3C-CEA95E7AA542 --><String CONTENT="A" HEIGHT="39" WIDTH="40" VPOS="3002" HPOS="1841"/>
<SP HEIGHT="40" WIDTH="25" VPOS="3002" HPOS="1882"/>
<String CS="1" CONTENT="4337;" HEIGHT="41" WIDTH="117" VPOS="3002" HPOS="1908"/>
<SP HEIGHT="40" WIDTH="32" VPOS="3003" HPOS="2051"/>
<String CONTENT="A." HEIGHT="38" WIDTH="54" VPOS="3003" HPOS="2084"/>
<SP HEIGHT="38" WIDTH="30" VPOS="3003" HPOS="2139"/>
<String CONTENT="J." HEIGHT="41" WIDTH="43" VPOS="3003" HPOS="2170"/>
</TextLine>
<TextLine HEIGHT="110" WIDTH="1914" VPOS="3001" HPOS="412" CS="1">
<String CONTENT="Slomanson," HEIGHT="106" WIDTH="1914" VPOS="3001" HPOS="412"/>
<SP HEIGHT="47" WIDTH="32" VPOS="3059" HPOS="629"/>
<String CONTENT="Forest" HEIGHT="40" WIDTH="172" VPOS="3059" HPOS="662"/>
<SP HEIGHT="39" WIDTH="30" VPOS="3059" HPOS="835"/>
<String CONTENT="Hills," HEIGHT="50" WIDTH="143" VPOS="3057" HPOS="866"/>
<SP HEIGHT="48" WIDTH="31" VPOS="3058" HPOS="1010"/>
<String CONTENT="L." HEIGHT="40" WIDTH="52" VPOS="3058" HPOS="1042"/>
<SP HEIGHT="39" WIDTH="31" VPOS="3059" HPOS="1095"/>
<String CONTENT="I.," HEIGHT="47" WIDTH="51" VPOS="3059" HPOS="1127"/>
<SP HEIGHT="48" WIDTH="30" VPOS="3058" HPOS="1179"/>
<String LANG="fr" CONTENT="N." HEIGHT="41" WIDTH="57" VPOS="3057" HPOS="1210"/>
<SP HEIGHT="39" WIDTH="30" VPOS="3058" HPOS="1268"/>
<String CONTENT="Y." HEIGHT="40" WIDTH="53" VPOS="3058" HPOS="1299"/>
<SP HEIGHT="48" WIDTH="70" VPOS="3058" HPOS="1353"/>
<String CS="1" CONTENT="(29-4873)" HEIGHT="51" WIDTH="252" VPOS="3057" HPOS="1424"/>
</TextLine>
<TextLine HEIGHT="67" WIDTH="682" VPOS="3137" HPOS="342" STYLEREFS="StyleId-EBF204DF-7F2D-46D7-BBB7-212753573112-">
<String CONTENT="Smith," HEIGHT="64" WIDTH="215" VPOS="3139" HPOS="342"/>
<SP HEIGHT="63" WIDTH="29" VPOS="3140" HPOS="558"/>
<String CONTENT="George" HEIGHT="63" WIDTH="228" VPOS="3140" HPOS="588"/>
<SP HEIGHT="52" WIDTH="26" VPOS="3140" HPOS="817"/>
<String CONTENT="Hoyt." HEIGHT="64" WIDTH="180" VPOS="3139" HPOS="844"/>
</TextLine>
<TextLine HEIGHT="150" WIDTH="1980" VPOS="3212" HPOS="343" STYLEREFS="StyleId-2D68C1D7-647C-483C-80F9-494FAF6915EE-" CS="1">
<String CONTENT="High" HEIGHT="68" WIDTH="163" VPOS="3218" HPOS="411"/>
<SP HEIGHT="53" WIDTH="33" VPOS="3217" HPOS="575"/>
<String CONTENT="tide" HEIGHT="52" WIDTH="118" VPOS="3217" HPOS="609"/>
<SP HEIGHT="33" WIDTH="33" VPOS="3236" HPOS="728"/>
<String CONTENT="and" HEIGHT="51" WIDTH="112" VPOS="3218" HPOS="762"/>
<SP HEIGHT="51" WIDTH="35" VPOS="3218" HPOS="875"/>
<String CONTENT="other" HEIGHT="53" WIDTH="161" VPOS="3217" HPOS="911"/>
<SP HEIGHT="34" WIDTH="33" VPOS="3236" HPOS="1073"/>
<String CONTENT="stories," HEIGHT="68" WIDTH="219" VPOS="3216" HPOS="1107"/>
<SP HEIGHT="66" WIDTH="31" VPOS="3217" HPOS="1327"/>
<String CONTENT="by" HEIGHT="69" WIDTH="76" VPOS="3217" HPOS="1359"/>
<SP HEIGHT="70" WIDTH="33" VPOS="3216" HPOS="1436"/>
<String CONTENT="George" HEIGHT="72" WIDTH="224" VPOS="3215" HPOS="1470"/>
<SP HEIGHT="52" WIDTH="31" VPOS="3218" HPOS="1695"/>
<String CONTENT="Hoyt" HEIGHT="68" WIDTH="164" VPOS="3218" HPOS="1727"/>
<SP HEIGHT="56" WIDTH="34" VPOS="3217" HPOS="1892"/>
<String CONTENT="Smith." HEIGHT="57" WIDTH="207" VPOS="3216" HPOS="1927"/>
<SP HEIGHT="50" WIDTH="72" VPOS="3220" HPOS="2135"/>
<String CONTENT="Boston," HEIGHT="143" WIDTH="1980" VPOS="3219" HPOS="343"/>
</TextLine>
<TextLine HEIGHT="75" WIDTH="1334" VPOS="3291" HPOS="489" STYLEREFS="StyleId-2D68C1D7-647C-483C-80F9-494FAF6915EE-" CS="1">
<String CONTENT="The" HEIGHT="54" WIDTH="121" VPOS="3294" HPOS="489"/>
<SP HEIGHT="55" WIDTH="32" VPOS="3294" HPOS="611"/>
<String CONTENT="Christopher" HEIGHT="70" WIDTH="377" VPOS="3293" HPOS="644"/>
<SP HEIGHT="49" WIDTH="29" VPOS="3313" HPOS="1022"/>
<String CONTENT="publishing" HEIGHT="71" WIDTH="336" VPOS="3293" HPOS="1052"/>
<SP HEIGHT="68" WIDTH="28" VPOS="3295" HPOS="1389"/>
<String CONTENT="house" HEIGHT="53" WIDTH="173" VPOS="3295" HPOS="1418"/>
<SP HEIGHT="49" WIDTH="37" VPOS="3314" HPOS="1592"/>
<String STYLE="subscript" CS="1" CONTENT="[&#7580;"/>
<String CONTENT="1929" HEIGHT="50" WIDTH="133" VPOS="3298" HPOS="1671"/>
<String STYLE="subscript" CONTENT="]" HEIGHT="34" WIDTH="13" VPOS="3328" HPOS="1810"/>
</TextLine>
<TextLine HEIGHT="51" WIDTH="734" VPOS="3376" HPOS="413" CS="1">
<String CONTENT="79" HEIGHT="41" WIDTH="56" VPOS="3378" HPOS="413"/>
<SP HEIGHT="48" WIDTH="31" VPOS="3378" HPOS="470"/>
<String CONTENT="p." HEIGHT="38" WIDTH="43" VPOS="3388" HPOS="502"/>
<SP HEIGHT="41" WIDTH="59" VPOS="3377" HPOS="546"/>
<String CS="1" CONTENT="front."/>
<SP HEIGHT="48" WIDTH="27" VPOS="3378" HPOS="757"/>
<String CONTENT="(port.)" HEIGHT="49" WIDTH="173" VPOS="3377" HPOS="785"/>
<SP HEIGHT="47" WIDTH="68" VPOS="3377" HPOS="959"/>
<String CONTENT="21" HEIGHT="40" WIDTH="56" VPOS="3377" HPOS="1028"/>
<String STYLE="superscript" CS="1" CONTENT="&#7580;&#7504;"/>
<String CONTENT="." HEIGHT="9" WIDTH="10" VPOS="3409" HPOS="1137"/>
</TextLine>
<TextLine HEIGHT="57" WIDTH="1666" VPOS="3428" HPOS="683" CS="1">
<String CS="1" CONTENT="CONTENTS.&#8212;High" HEIGHT="48" WIDTH="204" VPOS="3433" HPOS="683"/>
<SP HEIGHT="43" WIDTH="32" VPOS="3432" HPOS="888"/>
<String CONTENT="tide.&#8212;On" HEIGHT="41" WIDTH="251" VPOS="3433" HPOS="921"/>
<SP HEIGHT="38" WIDTH="33" VPOS="3436" HPOS="1173"/>
<String CONTENT="the" HEIGHT="41" WIDTH="81" VPOS="3433" HPOS="1207"/>
<SP HEIGHT="47" WIDTH="32" VPOS="3434" HPOS="1289"/>
<String CONTENT="just" HEIGHT="47" WIDTH="104" VPOS="3434" HPOS="1322"/>
<SP HEIGHT="39" WIDTH="33" VPOS="3435" HPOS="1427"/>
<String CONTENT="and" HEIGHT="39" WIDTH="94" VPOS="3435" HPOS="1461"/>
<SP HEIGHT="41" WIDTH="34" VPOS="3435" HPOS="1556"/>
<String CONTENT="the" HEIGHT="42" WIDTH="82" VPOS="3434" HPOS="1591"/>
<SP HEIGHT="30" WIDTH="33" VPOS="3445" HPOS="1674"/>
<String CONTENT="unjust.&#8212;At" HEIGHT="48" WIDTH="312" VPOS="3434" HPOS="1708"/>
<SP HEIGHT="39" WIDTH="34" VPOS="3436" HPOS="2021"/>
<String CONTENT="the" HEIGHT="40" WIDTH="80" VPOS="3435" HPOS="2056"/>
<SP HEIGHT="30" WIDTH="34" VPOS="3445" HPOS="2137"/>
<String CONTENT="end" HEIGHT="39" WIDTH="89" VPOS="3436" HPOS="2172"/>
<SP HEIGHT="41" WIDTH="35" VPOS="3435" HPOS="2262"/>
<String CONTENT="of" HEIGHT="41" WIDTH="51" VPOS="3434" HPOS="2298"/>
</TextLine>
<TextLine HEIGHT="61" WIDTH="2002" VPOS="3484" HPOS="346">
<String CONTENT="the" HEIGHT="40" WIDTH="81" VPOS="3491" HPOS="346"/>
<SP HEIGHT="30" WIDTH="29" VPOS="3501" HPOS="428"/>
<String CONTENT="rainbow.&#8212;The" HEIGHT="42" WIDTH="395" VPOS="3489" HPOS="458"/>
<SP HEIGHT="40" WIDTH="29" VPOS="3490" HPOS="854"/>
<String CONTENT="Isle" HEIGHT="42" WIDTH="97" VPOS="3489" HPOS="884"/>
<SP HEIGHT="31" WIDTH="29" VPOS="3499" HPOS="982"/>
<String CONTENT="of" HEIGHT="41" WIDTH="51" VPOS="3489" HPOS="1012"/>
<SP HEIGHT="42" WIDTH="27" VPOS="3489" HPOS="1064"/>
<String CONTENT="somewhere.&#8212;When" HEIGHT="43" WIDTH="527" VPOS="3489" HPOS="1092"/>
<SP HEIGHT="39" WIDTH="30" VPOS="3492" HPOS="1620"/>
<String CONTENT="departed" HEIGHT="47" WIDTH="233" VPOS="3492" HPOS="1651"/>
<SP HEIGHT="40" WIDTH="30" VPOS="3492" HPOS="1885"/>
<String CONTENT="spirits" HEIGHT="50" WIDTH="170" VPOS="3490" HPOS="1916"/>
<SP HEIGHT="29" WIDTH="31" VPOS="3503" HPOS="2087"/>
<String CONTENT="staged" HEIGHT="49" WIDTH="168" VPOS="3491" HPOS="2119"/>
<SP HEIGHT="40" WIDTH="32" VPOS="3491" HPOS="2288"/>
<String CONTENT="a" HEIGHT="29" WIDTH="27" VPOS="3502" HPOS="2321"/>
</TextLine>
<TextLine HEIGHT="38" WIDTH="182" VPOS="3549" HPOS="346">
<String CONTENT="return." HEIGHT="38" WIDTH="182" VPOS="3549" HPOS="346"/>
</TextLine>
<TextLine HEIGHT="64" WIDTH="1996" VPOS="3593" HPOS="351">
<String CONTENT="&#169;" HEIGHT="52" WIDTH="52" VPOS="3599" HPOS="351"/>
<SP HEIGHT="52" WIDTH="37" VPOS="3599" HPOS="404"/>
<String CONTENT="Feb." HEIGHT="40" WIDTH="111" VPOS="3604" HPOS="442"/>
<SP HEIGHT="41" WIDTH="35" VPOS="3603" HPOS="554"/>
<String CONTENT="9," HEIGHT="42" WIDTH="39" VPOS="3603" HPOS="590"/>
<SP HEIGHT="40" WIDTH="37" VPOS="3605" HPOS="630"/>
<String CONTENT="1929;" HEIGHT="47" WIDTH="140" VPOS="3602" HPOS="668"/>
<SP HEIGHT="45" WIDTH="36" VPOS="3604" HPOS="809"/>
<String CONTENT="2c." HEIGHT="40" WIDTH="69" VPOS="3604" HPOS="846"/>
<SP HEIGHT="41" WIDTH="36" VPOS="3603" HPOS="916"/>
<String CONTENT="Feb." HEIGHT="40" WIDTH="111" VPOS="3603" HPOS="953"/>
<SP HEIGHT="38" WIDTH="36" VPOS="3605" HPOS="1065"/>
<String CONTENT="16;" HEIGHT="47" WIDTH="81" VPOS="3603" HPOS="1102"/>
<SP HEIGHT="36" WIDTH="40" VPOS="3614" HPOS="1184"/>
<String CONTENT="aff." HEIGHT="43" WIDTH="82" VPOS="3601" HPOS="1225"/>
<SP HEIGHT="39" WIDTH="37" VPOS="3604" HPOS="1308"/>
<String CONTENT="Feb." HEIGHT="40" WIDTH="111" VPOS="3604" HPOS="1346"/>
<SP HEIGHT="39" WIDTH="38" VPOS="3605" HPOS="1458"/>
<String CONTENT="19;" HEIGHT="46" WIDTH="81" VPOS="3604" HPOS="1497"/>
<SP HEIGHT="47" WIDTH="40" VPOS="3603" HPOS="1579"/>
<!-- cceid 8B9C7652-6CFA-1014-9C3C-CEA95E7AA542 --><String CONTENT="A" HEIGHT="40" WIDTH="40" VPOS="3603" HPOS="1620"/>
<SP HEIGHT="40" WIDTH="34" VPOS="3603" HPOS="1661"/>
<String CONTENT="4502;" HEIGHT="48" WIDTH="143" VPOS="3602" HPOS="1696"/>
<SP HEIGHT="46" WIDTH="41" VPOS="3604" HPOS="1840"/>
<String CONTENT="Christopher" HEIGHT="50" WIDTH="318" VPOS="3603" HPOS="1882"/>
<SP HEIGHT="37" WIDTH="36" VPOS="3615" HPOS="2201"/>
<String CONTENT="pub." HEIGHT="49" WIDTH="109" VPOS="3603" HPOS="2238"/>
</TextLine>
<TextLine HEIGHT="51" WIDTH="487" VPOS="3658" HPOS="418" CS="1">
<String CONTENT="house." HEIGHT="41" WIDTH="164" VPOS="3659" HPOS="418"/>
<SP HEIGHT="49" WIDTH="69" VPOS="3659" HPOS="583"/>
<String CS="1" CONTENT="(29-4756)" HEIGHT="50" WIDTH="252" VPOS="3658" HPOS="653"/>
</TextLine>
<TextLine HEIGHT="82" WIDTH="1997" VPOS="3733" HPOS="354" STYLEREFS="StyleId-2D68C1D7-647C-483C-80F9-494FAF6915EE-">
<String CONTENT="South" HEIGHT="54" WIDTH="188" VPOS="3739" HPOS="354"/>
<SP HEIGHT="55" WIDTH="46" VPOS="3738" HPOS="543"/>
<String CONTENT="western" HEIGHT="48" WIDTH="238" VPOS="3746" HPOS="590"/>
<SP HEIGHT="33" WIDTH="42" VPOS="3760" HPOS="829"/>
<String CONTENT="reporter." HEIGHT="64" WIDTH="274" VPOS="3745" HPOS="872"/>
<SP HEIGHT="54" WIDTH="83" VPOS="3741" HPOS="1147"/>
<String CONTENT="Second" HEIGHT="55" WIDTH="218" VPOS="3740" HPOS="1231"/>
<SP HEIGHT="51" WIDTH="42" VPOS="3743" HPOS="1450"/>
<String CONTENT="series." HEIGHT="54" WIDTH="185" VPOS="3741" HPOS="1493"/>
<SP HEIGHT="54" WIDTH="84" VPOS="3741" HPOS="1679"/>
<String CONTENT="Cases" HEIGHT="54" WIDTH="168" VPOS="3741" HPOS="1764"/>
<SP HEIGHT="35" WIDTH="42" VPOS="3761" HPOS="1933"/>
<String CONTENT="argued" HEIGHT="68" WIDTH="216" VPOS="3742" HPOS="1976"/>
<SP HEIGHT="53" WIDTH="44" VPOS="3742" HPOS="2193"/>
<String CONTENT="and" HEIGHT="53" WIDTH="113" VPOS="3742" HPOS="2238"/>
</TextLine>
<TextLine HEIGHT="79" WIDTH="1929" VPOS="3812" HPOS="424" STYLEREFS="StyleId-2D68C1D7-647C-483C-80F9-494FAF6915EE-">
<String CONTENT="determined" HEIGHT="53" WIDTH="351" VPOS="3817" HPOS="424"/>
<SP HEIGHT="51" WIDTH="40" VPOS="3818" HPOS="776"/>
<String CONTENT="in" HEIGHT="51" WIDTH="58" VPOS="3818" HPOS="817"/>
<SP HEIGHT="45" WIDTH="40" VPOS="3824" HPOS="876"/>
<String CONTENT="the" HEIGHT="54" WIDTH="96" VPOS="3817" HPOS="917"/>
<SP HEIGHT="55" WIDTH="41" VPOS="3817" HPOS="1014"/>
<String CONTENT="Supreme" HEIGHT="69" WIDTH="274" VPOS="3816" HPOS="1056"/>
<SP HEIGHT="34" WIDTH="42" VPOS="3837" HPOS="1331"/>
<String CONTENT="courts" HEIGHT="48" WIDTH="188" VPOS="3823" HPOS="1374"/>
<SP HEIGHT="33" WIDTH="39" VPOS="3837" HPOS="1563"/>
<String CONTENT="of" HEIGHT="53" WIDTH="65" VPOS="3817" HPOS="1603"/>
<SP HEIGHT="53" WIDTH="37" VPOS="3817" HPOS="1669"/>
<String CONTENT="Arkansas," HEIGHT="70" WIDTH="315" VPOS="3817" HPOS="1707"/>
<SP HEIGHT="67" WIDTH="39" VPOS="3819" HPOS="2023"/>
<String CONTENT="Missouri," HEIGHT="66" WIDTH="290" VPOS="3818" HPOS="2063"/>
</TextLine>
<TextLine HEIGHT="78" WIDTH="1927" VPOS="3890" HPOS="424" STYLEREFS="StyleId-2D68C1D7-647C-483C-80F9-494FAF6915EE-">
<String CONTENT="Tennessee," HEIGHT="68" WIDTH="329" VPOS="3895" HPOS="424"/>
<SP HEIGHT="48" WIDTH="32" VPOS="3914" HPOS="754"/>
<String CONTENT="and" HEIGHT="51" WIDTH="113" VPOS="3897" HPOS="787"/>
<SP HEIGHT="52" WIDTH="34" VPOS="3896" HPOS="901"/>
<String CONTENT="Texas;" HEIGHT="66" WIDTH="212" VPOS="3896" HPOS="936"/>
<SP HEIGHT="67" WIDTH="38" VPOS="3895" HPOS="1148"/>
<String CONTENT="Courts" HEIGHT="56" WIDTH="208" VPOS="3894" HPOS="1186"/>
<SP HEIGHT="34" WIDTH="33" VPOS="3914" HPOS="1395"/>
<String CONTENT="of" HEIGHT="53" WIDTH="65" VPOS="3895" HPOS="1429"/>
<SP HEIGHT="53" WIDTH="33" VPOS="3895" HPOS="1495"/>
<String CONTENT="appeals" HEIGHT="68" WIDTH="234" VPOS="3897" HPOS="1529"/>
<SP HEIGHT="34" WIDTH="34" VPOS="3915" HPOS="1764"/>
<String CONTENT="of" HEIGHT="53" WIDTH="63" VPOS="3896" HPOS="1799"/>
<SP HEIGHT="52" WIDTH="33" VPOS="3896" HPOS="1863"/>
<String CONTENT="Kentucky" HEIGHT="68" WIDTH="307" VPOS="3896" HPOS="1897"/>
<SP HEIGHT="48" WIDTH="33" VPOS="3915" HPOS="2205"/>
<String CONTENT="and" HEIGHT="53" WIDTH="112" VPOS="3896" HPOS="2239"/>
</TextLine>
</TextBlock>
</PrintSpace>
</Page>
</Layout>
</alto>