2561 4405
1155 4024 66 55 17

170 368 263 65 Aldrich,
467 367 259 54 Thomas
757 366 225 63 Bailey,
1017 363 328 56 1836-1907.

307 436 1876 77 … The story of a bad boy [by] Thomas Bailey Aldrich,
174 524 327 54 illustrated
539 523 76 68 by
654 522 206 67 Henry
900 519 64 56 C.
1003 518 224 55 Kiefer.
1303 518 140 53 New
1483 515 183 69 York,
1706 517 57 54 J.
1804 516 79 53 H.
1927 514 169 57 Sears
2136 518 48 50 &

171 600 667 71 company, inc. [ ᶜ19 28 ]
245 677 1929 55 vi p., 1 l., 245 p. front., plates. 21½ ᶜᵐ. (The father and son library)
174 749 2011 56 © Oct. 10, 1928; 2c. Jan. 14, 1929; aff. Jan. 11; A 3717; J. H. Sears &
239 824 81 37 co.,
353 813 91 39 inc.
509 806 68 55 [©
611 809 347 49 illustrations]
1031 807 253 50 (29-1565)

170 905 318 54 American
534 903 362 54 association
938 903 65 53 of
1047 901 339 65 university
1429 901 359 65 professors.
1867 900 146 54 Yale
237 899 1923 154 university
495 984 251 69 chapter.

243 1064 262 52 Incomes
539 1063 114 53 and
688 1061 190 70 living
911 1067 147 48 costs
1094 1060 65 54 of
1196 1080 31 34 a
1262 1060 324 69 university
1623 1059 254 69 faculty;
1919 1079 31 34 a
1989 1065 197 63 report

171 1142 166 52 made
364 1141 77 68 by
470 1161 31 34 a
534 1139 342 56 Committee
907 1159 72 34 on
1010 1140 96 53 the
1139 1139 288 53 academic
1457 1139 280 53 standard
1769 1137 66 55 of
1864 1137 189 70 living
173 1157 1986 131 appointed
439 1219 76 67 by

543 1219 98 53 the
670 1218 147 54 Yale
846 1217 322 70 university
1200 1218 238 68 chapter
1470 1216 65 55 of
1564 1217 98 53 the
1693 1217 310 53 American
174 1236 1986 115 association
427 1296 66 54 of
531 1296 323 69 university

893 1295 342 69 professors,
1277 1296 141 53 with
1463 1315 32 34 a
1538 1295 289 55 foreword
1870 1297 77 69 by
1989 1297 196 54 James

172 1375 2014 69 Rowland Angell … edited by Yandell Henderson & Maurice
173 1455 69 52 R.
270 1453 202 53 Davie.
548 1453 141 53 New
716 1452 227 69 Haven,
972 1453 148 53 Yale
1147 1453 322 70 university
1499 1471 177 51 press,
1707 1456 152 52 1928.

242 1534 912 50 X, 170 p. incl. tables, diagrs. 21 ᶜᵐ.
246 1606 131 41 “The
418 1607 166 40 actual
624 1606 232 41 financial
897 1607 97 40 and
1037 1606 235 42 domestic
1313 1607 276 41 conditions
1630 1607 160 42 which
1832 1608 229 42 confront
2103 1610 85 41 the

171 1664 239 41 members
442 1665 52 40 of
525 1665 83 40 the
640 1665 121 40 Yale
791 1664 579 49 faculty.”—Foreword.

174 1732 52 53 ©
254 1737 114 40 Dec.
394 1737 69 48 14,
492 1736 141 48 1928;
663 1738 68 40 2c.
758 1738 95 39 and
882 1736 82 41 aff.
993 1737 111 41 Jan.
1133 1738 40 48 2,
1202 1737 142 48 1929;
1374 1738 41 39 A
1442 1738 143 47 3481;
1616 1739 121 42 Yale
1763 1738 133 43 univ.
1924 1750 152 39 press.

253 1793 252 50 (29-1324)

171 1888 257 64 Auman,
466 1888 177 55 Orrin
679 1888 277 65 William,
995 1890 173 55 1873-

245 1968 93 69 By
377 1968 97 53 the
514 1969 135 68 help
691 1967 66 55 of
795 1969 97 55 the
933 1968 265 65 Infinite;
1244 1988 31 34 a
1319 1970 272 68 spiritual
1633 1971 446 69 interpretation
2122 1972 65 55 of

172 2046 2007 74 life [by] Orrin William Auman. Boston. R. G. Badger [ ᶜ19 28 ]
241 2107 251 71 87 p. 19½ ᶜᵐ.
174 2196 52 53 ©
258 2201 112 41 Dec.
399 2200 70 42 17,
499 2200 116 42 1928;
671 2201 68 42 2c.
770 2202 95 40 and
896 2201 83 41 aff.
1010 2203 111 40 Jan.
1150 2202 41 43 4,
1222 2202 115 41 1929;
1397 2203 41 39 A
1466 2203 117 41 3505;
1644 2204 217 41 Richard
1892 2205 55 42 G.
1978 2207 208 47 Badger.

253 2257 254 49 (29-1308)

172 2352 213 66 Ayres,
423 2353 176 65 Ruby
632 2354 270 65 Mildred,
942 2360 172 50 1883-

241 2430 1947 78 Life steps in, by Ruby M. Ayres … Garden City, N. Y.,
170 2510 360 68 Doubleday,
562 2511 201 53 Doran
796 2514 46 51 &
874 2530 300 48 company,
1207 2513 128 65 inc.,
1372 2516 151 52 1929.

241 2593 483 49 3 p. l., 327 p, 19½ ᶜᵐ.
175 2660 53 53 ©
260 2665 110 41 Jan.
401 2665 38 47 5,
472 2664 115 41 1929;
647 2665 68 41 2c.
746 2666 96 40 and
875 2665 83 41 aff.
991 2668 110 40 Jan.
1133 2667 58 39 12;
1251 2666 40 40 A
1322 2667 115 41 2789;
1792 2703 8 10 Doubleday,
1834 2671 169 41 Doran
2036 2676 38 40 &
2105 2683 83 37 co.,

243 2721 93 41 inc.
405 2721 253 49 (29-1193)

169 2814 278 67 Barkley,
487 2816 183 56 Alice.

247 2894 1942 76 Towards the stars [by] Alice Barkley. New York, H. Vinal
174 2973 122 67 ltd.,
330 2975 152 52 1928.

246 3057 559 49 8 p. l., 106 p., 1 l. 21 ᶜᵐ.
246 3115 186 40 Poems.

177 3166 52 53 ©
260 3172 114 40 Dec.
405 3172 69 46 11,
505 3172 25 39 1928;
676 3172 71 42 2c.
778 3175 96 38 and
905 3174 83 41 aff.
1021 3174 111 42 Jan.
1162 3175 70 48 10,
1264 3176 143 47 1929;
1440 3177 40 39 A
1511 3178 144 41 2723:
1688 3180 191 40 Harold
1910 3181 159 45 Vinal,
2100 3184 72 40 ltd

255 3227 253 50 (29-1460)

172 3322 280 64 Bennett,
483 3323 245 56 Arnold.

242 3402 338 69 Piccadilly.
661 3403 201 69 [Chap.]
907 3407 48 53 9,
996 3408 81 51 10.

254 3484 84 48 (In
368 3481 130 43 Film
529 3481 191 53 weekly
754 3483 288 53 magazine)

178 3536 2010 63 © 1c. Jan. 21, 1929; A ad int. 12245; pubd. Nov. 26, 1928; A. Bennett,
246 3598 216 42 London.

173 3693 255 63 Benson,
469 3694 256 54 Edward
762 3695 294 56 Frederic.

246 3771 231 70 Paying
503 3778 208 63 guests,
777 3773 163 69 chap.
973 3777 47 65 6,
1048 3773 49 56 7.

255 3854 85 48 (In
368 3851 211 43 Woman
611 3852 280 52 magazine,
924 3853 131 52 Dec.,
1090 3856 145 50 1928)

180 3906 1994 65 © 1c. Jan. 17, 1929; A ad int. 12236; pubd. Nov. 20, 1928; E, F. Benson
247 3968 214 41 London.
