2533 4342
1325 4021 140 50 2054

455 459 146 41 “This
635 470 143 37 essay
811 470 102 30 was
949 460 257 47 published
1243 459 260 47 originally
1542 458 49 40 in
1627 459 83 40 the
1748 459 196 47 Sunday
1980 458 154 41 music
2168 459 218 39 columns

382 517 52 40 of
464 517 81 40 the
575 517 119 39 New
723 516 131 40 York
884 517 171 39 herald
1087 515 207 41 tribune.
1354 516 46 39 It
1431 525 101 30 was
1561 514 286 41 occasioned

1880 516 59 46 by
1970 515 83 40 the
2084 525 302 38 appearance

382 573 53 40 of
465 573 78 41 Sir
569 573 167 47 Henry
765 571 231 41 Hadow’s
1023 571 253 41 collection
1304 571 52 40 of
1380 571 77 40 his
1483 570 191 41 critical
1701 581 168 38 essays
1907 571 197 48 (chiefly
2132 571 256 48 musical),

383 628 163 41 issued
572 629 50 39 in
647 627 393 49 1928.”—prelim.
1080 627 103 41 leaf
1205 628 43 42 4.

390 682 52 52 ©
480 687 116 39 Nov.
634 686 70 48 25,
742 685 140 46 1929;
920 685 68 40 2c.
1026 685 119 39 Nov.
1182 684 83 47 23;
1305 683 83 42 aff.
1426 683 112 41 Dec.
1575 683 53 47 6;
1668 683 42 39 A
1747 683 170 47 16192;
1958 683 216 42 William
2213 682 175 42 Edwin

458 742 182 48 Rudge.
710 741 283 49 (29-29561)

382 835 244 64 Haidar,
660 837 263 53 Princess
955 834 249 55 Rahme.

452 912 1939 71 Under Syrian stars … by Princess Rahme Haidar … New
383 991 1834 70 York, Chicago [etc. ] Fleming H. Revell company [ᶜ192 9]
457 1069 1194 52 192 p. front., 1 illus., plates, ports. 20½ ᶜᵐ .
392 1126 1997 52 © Nov. 30, 1929; 2c. and aff. Dec. 9; A 17270; Fleming H. Revell co.
468 1186 281 49 (29-29861)

384 1277 241 66 Halsey,
658 1280 206 62 Henry
897 1278 301 64 Rowland,
1233 1284 172 49 1885-

456 1358 345 69 Borrowing
839 1377 205 50 money
1086 1358 92 53 for
1219 1359 94 52 the
1355 1357 193 69 public
1587 1359 248 65 schools;
1880 1376 31 33 a
1952 1360 172 68 study
2163 1359 64 51 of
385 1360 1985 145 borrowing

651 1437 277 68 practices
971 1437 61 52 in
1076 1438 95 51 the
1216 1435 466 54 administration
1729 1436 63 53 of
1835 1437 194 67 public
2071 1438 218 52 schools
2334 1438 60 51 in

391 1512 1622 70 Florida, by Henry Rowland Halsey … New York
2029 1512 134 69 city,
385 1512 1984 134 Teachers
502 1593 229 68 college.
764 1592 300 54 Columbia
1095 1592 336 67 university,
1464 1594 150 49 1929.

459 1672 1932 49 viii, 127 p. diagrs. 23½ ᶜᵐ . (Teachers college, Columbia university.
393 1729 368 41 Contributions
798 1731 50 38 to
884 1728 275 48 education,
1195 1739 73 30 no.
1307 1728 111 47 368)

461 1785 263 42 Published
760 1786 107 39 also
900 1795 55 30 as
990 1785 156 40 thesis
1173 1784 107 48 (PH.
1348 1785 33 47 D.)
1409 1784 253 41 Columbia
1699 1784 288 49 university.

460 1841 378 48 Bibliography:
875 1852 43 37 p.
953 1840 219 41 115-127.

394 1893 51 52 ©
480 1898 102 40 Oct.
614 1898 59 39 22,
721 1897 141 47 1929;
898 1898 67 42 2c.
1003 1898 113 41 Dec.
1149 1898 54 47 4;
1242 1897 81 41 aff.
1359 1898 118 39 Nov.
1514 1898 82 46 38;
1634 1897 41 39 A
1710 1897 171 47 17195;
1920 1897 243 40 Teachers
2196 1898 195 47 college,

462 1953 251 41 Columbia
747 1954 130 41 univ.
949 1953 281 50 (29-29595)

386 2047 337 65 Hanthorn,
754 2046 182 56 Alice.

459 2125 1938 71 Billy Boy on the farm, by Alice Hanthorn … illustrated by
388 2203 1823 70 Vera Stone Norman. Chicago, New York [etc. ] B. H.
386 2204 1985 132 Sanborn
556 2285 46 49 &
628 2301 98 51 co.,
755 2286 150 49 1929.

458 2361 692 50 v, 122 p. col. illus. 20 ᶜᵐ .
396 2415 52 52 ©
481 2420 112 41 Dec.
624 2420 40 47 2,
697 2420 117 39 1929;
872 2420 68 40 2c.
974 2421 95 38 and
1103 2419 82 42 aff.
1218 2420 112 40 Dec.
1363 2420 54 46 4;
1453 2420 42 39 A
1525 2419 171 42 16162:
1733 2420 124 47 Benj
1907 2420 61 40 H.
2004 2420 220 40 Sanborn
2257 2419 36 40 &
2326 2430 67 30 co.

471 2475 281 49 (29-29557)

390 2570 225 63 Hardy,
642 2572 140 53 Mrs.
809 2571 174 62 Mary
1019 2569 237 66 (Earle)
1294 2575 170 49 1846-

462 2648 311 55 Columbus
819 2650 113 51 and
979 2666 246 51 pepper;
1273 2667 81 50 or,
1401 2649 121 54 The
1569 2649 151 54 little
1767 2649 154 54 folks
1968 2649 152 53 from
2170 2649 227 56 Science

389 2728 197 65 Town,
624 2727 77 69 by
739 2726 171 70 Mary
949 2726 174 53 Earle
1163 2726 226 70 Hardy.
1464 2726 263 55 Pictures
1765 2728 77 69 by
1885 2726 266 56 Cornelia
2194 2728 205 54 Norris

389 2803 1439 70 Gilbert. Chicago, A. Whitman & co. [ ᶜ192 9 ]
459 2884 807 49 111 p. incl. front., illus. 21 ᶜᵐ .
397 2937 52 52 ©
481 2942 119 39 Nov.
633 2942 68 43 13,
734 2941 141 46 1929;
908 2941 68 40 2c.
1011 2942 96 38 and
1140 2940 83 41 aff.
1255 2941 111 40 Dec.
1399 2942 53 46 7;
1488 2941 40 39 A
1560 2941 171 47 17263;
1767 2942 169 40 Albert
1970 2942 251 40 Whitman
2254 2944 36 39 &
2326 2954 66 28 co.

475 2997 280 48 (29-29546)

391 3087 315 67 Hartman,
735 3092 138 54 Mrs.
903 3090 261 53 Blanche
1200 3090 328 65 (Taggart)
1567 3096 172 49 1863-

459 3168 56 52 A
551 3168 315 69 genealogy
901 3167 65 53 of
1001 3169 96 51 the
1133 3167 219 68 Nesbit,
1387 3170 161 64 Ross,
1585 3171 224 64 Porter,
1848 3172 260 65 Taggart
2145 3169 251 53 families

389 3244 65 53 of
491 3245 443 69 Pennsylvania,
975 3245 77 70 by
1094 3245 254 54 Blanche
1386 3248 63 51 T.
1491 3248 307 52 Hartman.
1874 3245 361 71 Pittsburgh,
2275 3248 121 68 Pa.,

391 3322 155 55 Priv.
577 3323 195 69 print.,
805 3327 149 49 1929.

461 3404 51 40 xi
547 3415 57 37 p.,
638 3405 26 38 1
734 3436 9 16 l.,
776 3404 99 47 229,
914 3405 54 49 [1]
1007 3415 43 37 p.
1110 3404 164 48 front.,
1310 3405 172 47 plates,
1518 3407 166 45 ports.,
1716 3405 233 47 facsims.,
1985 3405 55 39 21
2076 3406 184 47 geneal.
2296 3405 98 40 tab.

401 3459 489 50 (part fold.) 24 ᶜᵐ .
464 3517 287 46 “Including
775 3517 83 39 the
885 3517 149 39 allied
1060 3516 216 41 families
1302 3517 52 39 of
1380 3516 254 40 Hamilton
1663 3518 95 39 and
1785 3518 254 39 Kneeland
2068 3527 54 30 or
2150 3516 245 41 Cleland.”

399 3569 52 52 ©
486 3575 111 39 Dec.
631 3573 40 48 9,
704 3573 141 47 1929;
880 3573 67 40 2c.
982 3574 97 38 and
1113 3573 83 41 aff.
1229 3573 113 40 Dec.
1377 3572 81 42 16:
1495 3573 41 38 A
1570 3573 172 47 16537;
1778 3574 53 41 B.
1867 3574 52 40 T.
1954 3574 258 45 Hartman,

464 3573 1913 105 Pittsburgh.
706 3628 281 49 (29-29960)

390 3709 253 62 Hauser,
674 3708 304 56 Heinrich.

464 3785 190 52 Bitter
693 3790 222 62 waters,
953 3785 77 68 by
1071 3786 281 54 Heinrich
1394 3786 245 65 Hauser,
1683 3786 317 53 translated
2041 3785 76 68 by
2158 3785 237 53 Patrick

392 3861 262 66 Kirwan,
689 3861 231 68 preface
954 3862 77 69 by
1067 3863 166 52 Liam
1273 3862 367 69 O’Flaherty.
1720 3863 136 52 New
1896 3863 179 67 York,
2113 3862 77 53 H.
393 3862 1978 146 Liveright

735 3942 49 65 [ᶜ192 9]
