2533 4342
1313 3999 133 49 1622

364 349 204 64 Glenn,
597 348 147 53 Paul
771 349 53 53 J.

431 428 310 54 Dialectics
757 446 11 48 ;
800 447 31 33 a
859 427 146 53 class
1029 428 232 51 manual
1289 427 61 52 in
1377 427 213 52 formal
1617 427 169 68 logic,
1813 428 74 69 by
1915 428 150 51 Paul
2089 427 57 54 J.
2175 425 189 55 Glenn

425 503 1806 71 … St. Louis, Mo. and London, B. Herder book co., 1929.
494 582 847 52 xx p., 1 l., 187 p. diagrs. 19½ᶜᵐ.
427 655 378 48 Bibliography:
836 664 43 39 p.
910 654 100 42 181.

364 722 1886 52 © Oct. 1, 1929; 2c. Oct. 5; aff. Oct. 4; A 13944; B. Herder book co.
439 781 281 49 (29-20804)

365 875 427 65 Grabenhorst,
822 876 213 64 Georg,
1066 881 171 50 1899-

428 953 139 51 Zero
599 952 162 68 hour,
792 952 75 68 by
899 951 193 69 Georg
1123 952 411 68 Grabenhorst,
1564 953 319 53 translated
1917 952 153 52 from
2101 952 95 52 the
358 950 1985 133 German.

574 1030 236 68 Boston,
836 1029 198 69 Little,
1064 1030 231 69 Brown,
1325 1030 113 52 and
1467 1048 301 51 company,
1800 1032 150 50 1929.

428 1113 631 49 5 p. l., [3]-306 p. 20ᶜᵐ.
365 1164 52 53 ©
446 1169 103 41 Oct.
578 1169 38 48 5,
646 1169 140 48 1929;
817 1170 66 39 2c.
914 1170 98 39 and
1041 1169 62 40 af
1103 1169 8 16 f
1115 1203 8 8 .
1153 1169 103 41 Oct.
1285 1170 54 47 9;
1370 1170 43 39 A
1439 1169 171 46 14050;
1644 1170 164 48 Little,
1840 1170 191 48 Brown,
2063 1169 38 40 &
2128 1179 69 30 co.

444 1224 281 49 (29-20791)

360 1319 282 64 Graham,
675 1318 246 65 Evelyn.

430 1399 123 52 The
582 1399 227 53 famous
836 1400 166 53 trials
1031 1400 64 53 of
1123 1400 156 53 Lord
1309 1398 266 69 Darling.
1651 1400 113 53 His
1795 1401 181 52 stolen
2005 1399 153 52 wife.
361 1400 1986 144 Prepared
578 1478 76 68 by
693 1477 224 67 Evelyn
955 1475 258 55 Graham
1251 1478 182 51 under
1469 1478 96 52 the
1603 1479 266 66 personal
1909 1476 359 69 supervision
2306 1476 66 54 of

359 1555 157 53 Lord
548 1555 266 68 Darling.

465 1636 62 39 (In
558 1632 202 43 London
792 1632 204 53 Sunday
1029 1633 233 52 express)

369 1686 1985 103 © 1c. Nov. 13, 1929; A ad int. 33209; pubd. Sept. 15; E. Graham, London.
371 1843 245 63 Greene,
646 1842 282 54 Graham.

433 1918 1942 71 The man within, by Graham Greene … Garden City, N. Y.,
365 1996 356 64 Doubleday,
749 1996 199 52 Doran
978 1998 46 51 &
1054 2014 299 46 company,
1383 1997 127 63 inc.,
1541 2000 150 50 1929.

432 2079 622 48 3 p. l., 3-316 p. 19½ᶜᵐ.
436 2136 161 39 “First
630 2135 227 40 edition.”

370 2187 2001 53 © Sept. 27, 1929; 2c. and aff. Oct. 5; A 12926; Donbleday. Doran & co.,
440 2248 92 41 inc.
597 2247 282 49 (29-20792)

366 2343 230 63 Hague.
671 2342 306 63 Academy
1007 2342 64 53 of
1099 2342 427 52 international
1553 2343 131 55 law.

499 2422 1876 68 … Recueil des cours. t. 1, 1928. Tome 21 de la collection.
366 2500 187 69 Paris,
581 2500 304 68 Hachette,
915 2502 150 51 1929.

438 2579 910 50 2 p. l., 542, [2] p. ports. 24½ᶜᵐ.
443 2636 1431 41 At head of title: Académie de droit international …
376 2688 52 53 ©
460 2694 114 46 May
604 2692 39 49 8,
674 2692 140 47 1929;
848 2694 66 38 3c.
946 2692 119 47 July
1092 2692 83 47 27;
1209 2691 314 49 A—Foreign
1553 2692 143 48 3985;
1731 2693 243 42 Librairie
2005 2694 258 41 Hachette.

371 2801 393 64 Havemeyer,
792 2799 258 65 Loomis,
1084 2805 170 50 1886-

439 2877 1938 70 Ethnography, by Loomis Havemeyer … Boston, New York
391 2955 1002 69 [etc.] Ginn and company [ ᶜ1 929]
440 3038 63 47 vi,
534 3037 85 40 522
649 3048 43 37 p.
752 3037 143 48 illus.,
926 3047 141 38 maps
1105 3036 48 50 (1
1185 3036 198 48 double)
1451 3036 117 41 24ᶜᵐ.

444 3094 199 41 Sixteen
672 3094 228 48 chapters
928 3093 53 41 of
1010 3093 100 41 this
1137 3093 124 40 book
1289 3103 127 31 were
1445 3092 246 50 privately
1719 3093 195 49 printed
1943 3095 149 40 about
2123 3096 81 39 ten
2233 3104 146 39 years

372 3161 104 38 ago.
536 3152 61 47 cf.
628 3149 131 42 Pref.

442 3206 378 49 Bibliography;
849 3217 42 38 p.
920 3205 218 42 509-510.

378 3261 52 53 ©
465 3265 129 49 Sept.
625 3266 69 42 23,
728 3265 141 40 1929:
902 3265 68 39 2c.
1008 3264 129 48 Sept.
1170 3264 82 47 30;
1289 3264 83 40 aff.
1408 3263 128 49 Sept.
1569 3263 84 48 26;
1690 3264 41 39 A
1765 3264 169 48 13756;
1971 3265 52 40 L.
2057 3265 319 47 Havemeyer,

444 3322 119 40 New
591 3322 188 40 Haven.
848 3319 282 49 (29-20771)

371 3417 254 62 Heaton,
652 3414 189 56 Willis
868 3415 221 64 Edgar,
1120 3418 170 51 1861-

505 3492 1875 68 … The procedure and law of Surrogates’ courts of the state
379 3567 2003 72 of New York, by Willis E. Heaton … v. 1. 5th ed., rev. by
378 3644 2002 71 Wm. Fenton Myers … with foreword by Hon. James A.
381 3722 1940 71 Foley … with introduction by Hon. George Albert Wingate …
381 3802 251 69 Albany,
662 3802 70 52 N.
766 3803 72 51 Y.
872 3802 114 52 and
1018 3802 140 52 New
1190 3801 182 67 York,
1403 3801 69 52 N.
1508 3801 91 67 Y.,
1631 3801 79 51 M.
1746 3800 230 53 Bender
2006 3802 47 50 &
2084 3817 300 50 company,

378 3879 420 69 incorporated,
837 3882 150 50 1929.
