2542 4361
1048 4025 101 56 721

96 379 293 65 Acheson,
418 379 168 53 Edna
611 379 217 64 Lucile,
858 385 171 49 1891-

166 457 121 52 The
313 455 384 54 construction
722 455 65 54 of
811 456 194 69 junior
1030 457 212 53 church
1268 456 192 53 school
1487 456 301 70 curricula,
1812 457 76 68 by
1917 457 168 54 Edna

94 533 1967 146 Lucile Acheson … New York city, Teachers college, Columbia university, 1929.
166 691 100 49 viii,
300 691 85 42 185
418 703 44 37 p.
521 691 146 41 23½ᶜᵐ.
737 691 265 48 (Teachers
1038 693 191 48 college,
1268 691 251 42 Columbia
1555 691 286 49 university.
96 692 1974 97 Contributions
317 750 49 39 to
392 748 271 48 education,
689 758 76 31 no.
791 747 112 49 331)

166 818 265 41 Published
459 819 101 39 also
589 828 54 30 as
672 817 153 42 thesis
864 819 14 48 (PH.
1033 819 34 48 D.)
1105 818 251 41 Columbia
1386 818 286 49 university.

168 875 288 47 “Summary
484 874 52 41 of
561 874 149 41 books
738 874 314 41 examined”:
1084 886 43 38 p.
1157 876 41 40 7.

94 944 1986 53 © Mar. 17, 1929; 2c. Apr. 23; aff. Apr. 27; A 6801; Teachers college,
162 1004 253 41 Columbia
446 1003 130 41 univ.
644 1003 280 50 (29-11485)

95 1098 264 64 Bibesco,
385 1097 237 53 Marthe
649 1096 178 54 Lucie
846 1097 376 64 (Lahovary)
1242 1099 326 54 “Princesse
1598 1098 65 55 G.
1690 1098 70 55 Y.
1786 1098 303 55 Bibesco.”

160 1178 121 53 The
321 1195 171 51 green
531 1182 217 64 parrot,
787 1177 78 69 by
904 1176 263 55 Princess
1206 1177 231 54 Marthe
1477 1177 254 71 Bibesco,
1772 1181 315 54 translated

88 1255 78 71 by
198 1257 271 53 Malcolm
510 1255 244 70 Cowley.
829 1255 139 53 New
1006 1255 181 70 York,
1224 1256 311 70 Harcourt,
1572 1258 179 53 Brace
1790 1259 113 52 and
88 1277 1975 128 company
280 1337 192 65 [ᶜ1929]

159 1416 88 41 246
272 1427 43 38 p.
483 1448 9 9 20ᶜᵐ.

95 1484 1987 52 © May 16, 1929; 2c. and aff. May 22; A 8247; Harcourt, Brace & co.,
160 1543 93 42 inc.
318 1543 280 49 (29-11438)

93 1638 175 63 Bliss,
299 1638 206 62 Henry
537 1636 244 63 Evelyn,
816 1637 170 54 1870-

164 1715 121 53 The
343 1713 397 70 organization
798 1712 65 54 of
918 1713 335 69 knowledge
1312 1713 114 53 and
1471 1714 96 52 the
1613 1719 207 64 system
1881 1713 64 55 of
1992 1715 95 53 the

93 1791 1995 72 sciences, by Henry Evelyn Bliss … with an introduction by
93 1871 157 55 John
273 1871 229 67 Dewey.
562 1869 140 53 New
728 1869 181 68 York,
933 1869 79 53 H.
1038 1869 148 52 Holt
1212 1870 112 52 and
1352 1886 280 52 company
1706 1872 152 65 [ᶜ1929]

236 1985 8 15 xx,
272 1952 86 41 433
385 1963 43 37 p.
488 1951 142 49 illus.,
660 1951 180 49 diagrs.
899 1950 149 42 22½ᶜᵐ.

167 2021 441 49 “Bibliographical
637 2020 167 42 notes”:
865 2031 43 38 p.
938 2019 219 42 415-417.

97 2077 51 52 ©
180 2081 115 48 May
325 2080 68 47 13,
426 2079 139 47 1929;
598 2079 68 41 2c.
698 2079 115 47 May
842 2078 83 47 21;
960 2075 83 43 aff.
1075 2078 116 47 May
1221 2077 81 49 22;
1337 2078 41 39 A
1409 2078 140 48 8235;
1585 2079 167 48 Henry
1783 2079 121 41 Holt
1934 2080 37 40 &
2003 2091 82 37 co.,

165 2137 91 41 inc.
325 2134 280 52 (29-11489)

99 2232 250 68 [Brown,
384 2228 273 57 Coleman
691 2227 46 54 T]

162 2307 294 55 Portfolio
499 2306 64 54 of
608 2306 200 54 official
854 2305 279 69 portraits
1180 2304 64 54 of
1290 2305 99 53 the
1433 2306 319 68 presidents
1800 2309 113 52 and
1961 2307 126 55 first

91 2381 1972 152 ladies. American progress ed. … Chicago, Coleman engraving co., 1929.
162 2546 56 41 31
246 2547 32 39 1.
333 2544 132 42 illus.
491 2543 198 50 (ports.)
726 2543 59 42 30
812 2544 126 48 port.
995 2542 118 43 52ᶜᵐ.

163 2601 239 41 “Limited
431 2603 49 39 to
511 2599 159 50 10,000
699 2598 203 51 copies.”

163 2653 794 54 “Copyright … Ο. T. Brown.”
97 2710 52 53 ©
175 2714 115 49 Apr.
315 2713 71 49 29,
413 2713 141 47 1929;
582 2712 68 42 2c.
678 2713 116 47 May
818 2712 82 48 15;
931 2710 82 42 aff.
1042 2712 115 48 May
1183 2711 82 48 17;
1295 2710 41 40 A
1364 2710 140 48 8195;
1537 2712 49 41 Ο.
1614 2711 51 42 T.
1694 2712 192 49 Brown,
162 2713 1908 105 Poseyville,

323 2771 106 39 Ind.
499 2769 279 49 (29-11432)

92 2861 305 65 Corneille,
431 2861 221 65 Pierre,
690 2864 326 51 1606-1684.

158 2942 326 69 Polyeucte,
527 2944 239 64 martyr,
810 2939 68 54 de
923 2938 198 54 Pierre
1168 2937 313 69 Corneille;
1531 2939 187 55 edited
1763 2941 79 70 by
1883 2942 92 56 W.
2020 2944 67 54 P.

89 3016 1975 151 Graham … Milwaukee, New York [etc.] The Bruce publishing company [ᶜ1929]
160 3180 85 41 205
277 3191 44 38 p.
411 3180 119 41 17½ᶜᵐ.

97 3233 52 53 ©
180 3238 112 41 Feb.
322 3236 39 49 5,
392 3237 142 46 1929;
564 3236 67 40 2c.
663 3236 123 41 Mar.
816 3235 53 47 9;
903 3234 82 42 aff.
1015 3234 114 48 Apr.
1161 3233 82 48 10;
1277 3234 41 39 A
1345 3234 143 48 4810;
1522 3236 156 41 Bruce
1708 3238 109 47 pub.
1849 3250 68 30 co.

169 3288 68 55 [©
266 3292 209 49 preface,
504 3290 344 49 introduction,
880 3292 84 39 des
992 3290 193 48 figures,
1215 3290 253 48 exercises,
1500 3293 309 51 vocabulary]

176 3348 250 50 (29-6892)

100 3442 271 64 Cornish,
406 3441 232 53 Hubert
673 3441 148 62 Ray.

93 3515 1999 150 History of the United States for schools, by Hubert R. Cornish … and Thomas H. Hughes … Philadelphia, New York
120 3680 119 61 [etc.]
273 3674 212 67 Hinds,
512 3673 249 68 Hayden
790 3673 46 50 &
865 3671 307 68 Eldredge,
1201 3670 125 67 inc.,
1360 3674 151 51 1929.

168 3757 100 48 viii,
304 3756 84 41 601
423 3766 45 38 p.
530 3755 86 40 col.
649 3754 165 48 front.,
850 3753 129 40 illus.
1008 3752 135 49 (incl.
1177 3754 163 47 ports.,
1376 3755 162 48 maps)
1583 3758 85 40 col.
1704 3760 170 49 plates,
1912 3763 178 48 diagrs.

96 3813 148 42 20½ᶜᵐ.

169 3868 296 48 “Suggested
499 3866 271 40 additional
804 3863 255 50 readings”
1092 3865 53 40 at
1177 3865 93 39 end
1302 3865 51 39 of
1385 3867 118 40 each
1537 3869 213 48 chapter.

102 3921 52 52 ©
200 3925 110 40 Feb.
353 3923 69 47 20,
467 3922 140 46 1929;
652 3922 67 38 2c.
763 3922 95 38 and
901 3920 82 40 aff.
1028 3922 114 45 May
1184 3920 82 47 21;
1312 3921 43 38 A
1396 3922 141 49 9215;
1583 3925 172 51 Hinds,
1802 3929 206 47 Hayden
2052 3933 36 40 &

169 3980 251 47 Eldredge,
452 3979 90 39 inc.
611 3975 281 50 (29-11468)
