2542 4389
1031 4031 137 49 2093

146 468 842 52 xix, 764 p. illus., diagrs. 21½ ᶜᵐ.
82 530 1823 58 © Sept. 27, 1929; 1c. Dec. 3; A—Foreign 5557; Julius Springer.
79 690 117 54 San
235 688 332 54 Francisco.
645 688 185 54 Grace
869 685 323 55 cathedral.
1267 684 249 54 Mission
1553 683 63 53 of
1652 680 257 66 healing.

149 768 207 70 Wings
386 769 64 53 of
477 768 248 69 healing,
755 784 32 34 a
817 766 249 68 thought
1096 766 94 52 for
1217 782 169 41 every
1415 763 154 52 week
1599 763 152 52 from
1782 760 121 55 The
83 759 1980 158 healing

223 865 346 49 messenger;
609 843 143 55 with
792 862 29 33 a
862 850 132 47 note
1032 862 73 35 on
1143 841 138 55 each
1317 841 252 68 thought
1601 841 76 68 by
1714 840 164 52 Dean
81 838 1982 140 Gresham.

307 915 1779 75 4th ed. … San Francisco, Calif., Grace cathedral.
81 1002 243 56 Mission
352 1001 65 55 of
442 1003 250 67 healing,
723 1003 149 51 1929.

152 1082 392 52 325, [3] p. 16 ᶜᵐ.
86 1149 52 53 ©
174 1152 120 50 Aug.
328 1153 70 46 24,
434 1151 140 47 1929;
614 1151 66 40 2c.
716 1150 117 42 Nov.
872 1149 25 41 5:
962 1150 82 39 aff.
1082 1150 119 40 Nov.
1238 1149 54 46 4;
1331 1148 42 39 A
1409 1147 172 47 14645;
1623 1147 154 40 Grace
1813 1145 268 48 cathedral,

152 1208 203 42 mission
384 1208 53 41 of
464 1208 208 48 healing,
707 1206 99 43 San
836 1206 275 41 Francisco,
1182 1205 14 49 (CA
1281 1204 175 40 29-711
1475 1203 236 47 Unrev'd)

79 1303 203 64 Sauer,
314 1300 267 54 Elfrieda
610 1317 112 36 von
752 1300 181 64 Rohr,
965 1319 179 51 comp.

149 1381 123 53 The
311 1379 278 70 Wingold
630 1379 140 54 cook
808 1379 166 65 book,
1016 1376 282 70 compiled
1340 1378 77 67 by
1459 1375 269 54 Elfrieda
1772 1393 109 36 von
1925 1375 163 53 Rohr

82 1456 195 70 Sauer,
324 1456 237 54 assisted
606 1457 77 70 by
730 1455 239 55 friends.
1046 1457 71 51 3d
1163 1456 104 68 ed.,
1315 1454 107 54 enl.
1470 1455 112 53 and
1629 1471 114 34 rev.
1818 1453 267 69 Winona,

79 1534 202 69 Minn.,
317 1535 176 54 Jones
530 1537 46 51 &
608 1534 260 70 Kroeger
903 1552 98 46 co.,
1038 1531 268 70 printers,
1346 1535 150 51 1929.

149 1615 373 52 239, [7] p. 23½ ᶜᵐ.
89 1682 52 53 ©
174 1686 113 42 Dec.
319 1687 68 47 11,
420 1685 141 47 1929;
596 1686 68 41 2c.
696 1685 99 41 and
825 1685 82 41 aff.
940 1685 112 40 Dec.
1087 1684 82 47 16;
1205 1684 42 38 A
1278 1683 170 47 16826;
1486 1683 54 40 E.
1572 1683 54 39 V.
1663 1681 167 49 Sauer,
1864 1681 222 48 Winona,

156 1742 151 42 Minn.
378 1742 220 48 (30-791)

88 1836 186 65 Scott,
300 1837 138 53 Mrs.
466 1835 211 54 Adelin
716 1834 258 66 (White)
1016 1840 168 50 1890-

157 1915 57 54 A
252 1916 390 68 comparative
679 1915 173 71 study
889 1915 65 53 of
993 1932 295 50 responses
1325 1913 65 54 of
1427 1912 260 54 children
1725 1912 66 53 of
1827 1910 270 54 different

87 1994 390 54 nationalities
526 1995 105 52 and
684 1993 426 55 environments
1154 2012 71 33 on
1274 1990 360 70 intelligence
1682 1991 113 54 and
88 1990 1985 137 achievement

87 2066 1987 154 tests, by Adelin White Scott … New York city, Teachers college,
466 2149 296 56 Columbia
796 2150 338 67 university.
1166 2150 148 51 1929.

92 2227 1981 103 3 p. l., 30 p. 23½ ᶜᵐ. (Lettered on cover: Columbia university. Contributions
393 2291 50 38 to
477 2287 271 44 education.
785 2288 99 40 367.
950 2287 243 40 Teachers
1227 2287 182 48 college
1443 2285 177 49 series)

95 2349 1997 57 © Oct. 29, 1929; 2c. Dec. 4; aff. Nov. 18; A 17192; Teachers college,
162 2412 252 43 Columbia
444 2413 128 41 univ.

86 2506 257 66 Seadler,
371 2506 155 56 Silas
552 2507 63 55 F.

159 2583 121 54 The
337 2602 275 50 anagram
666 2583 149 54 book;
901 2584 97 53 the
1054 2584 123 53 first
1236 2585 278 68 complete
1572 2583 401 68 compendium
2032 2581 65 54 of

89 2660 312 55 America’s
447 2667 209 48 newest
703 2661 244 69 pastime
992 2661 278 70 bringing
1314 2680 113 50 you
1476 2665 133 49 1001
1659 2660 255 71 alluring
89 2679 1982 129 anagram

288 2740 158 52 word
481 2740 244 69 puzzles,
759 2739 373 70 introducing
1168 2757 276 52 anagram
1480 2757 314 51 sequences,
1830 2739 267 67 multiple

92 2814 2005 76 anagrams and missing word anagrams … together with the
93 2890 1942 76 official code of the Amateur anagram society of America …
92 2971 75 70 by
206 2970 154 56 Silas
397 2973 66 51 F.
505 2970 253 57 Seadler.
834 2973 140 52 New
1014 2973 181 67 York,
1239 2971 199 58 Simon
1481 2973 113 53 and
1638 2970 291 71 Schuster,
1971 2972 128 67 inc.,

97 3051 147 52 1929.

164 3130 560 51 4 p. l., 124 p. 19½ᶜᵐ.
100 3184 52 53 ©
185 3188 113 43 Dec.
331 3189 38 47 5,
404 3188 140 47 1929;
577 3190 66 41 2c.
680 3190 111 42 Dec.
826 3191 53 46 7;
914 3190 83 40 aff.
1031 3190 111 40 Jan.
1175 3191 41 45 4,
1250 3189 141 49 1930;
1429 3190 41 39 A
1502 3189 171 42 17259:
1714 3189 45 41 S.
1793 3188 50 41 F.
1883 3188 213 49 Seadler,

167 3244 119 42 New
312 3246 143 39 York.
524 3244 280 50 (29-29111)

93 3336 194 67 Shaw,
316 3337 229 65 Albert,
578 3341 170 53 1857-

164 3413 1939 79 Abraham Lincoln … by Albert Shaw; profusely illustrated
95 3492 140 55 with
260 3501 438 65 contemporary
723 3500 282 67 cartoons,
1030 3496 279 69 portraits
1334 3499 115 51 and
1475 3515 201 36 scenes.
1752 3497 141 53 New
1920 3497 181 70 York,

97 3571 119 55 The
249 3571 227 54 Review
508 3573 64 53 of
600 3573 235 56 reviews
865 3573 384 70 corporation,
1282 3578 150 51 1929.

171 3651 964 53 2 v. illus. (incl. ports., maps) 28 ᶜᵐ.
172 3708 228 42 Lettered
427 3720 61 29 on
513 3720 142 29 cover:
710 3710 41 39 A
778 3713 201 37 cartoon
1007 3709 205 49 history.

452 3776 104 30 CONTENTS.—v.
592 3763 40 43 1.
666 3765 92 41 His
792 3767 118 47 path
942 3768 50 38 to
1026 3766 83 40 the
1141 3765 411 50 presidency.—v.
1584 3766 43 43 2.
1658 3768 102 41 The
1792 3778 118 39 year
1942 3768 54 41 of
2027 3767 78 42 his

102 3819 219 44 election.

105 3869 1991 61 © Dec. 23. 1929; v. 3. 2c. Dec. 27; v. 2, 2c. Dec. 28; affs. Dec. 26:
170 3934 41 40 A
240 3935 156 41 17570,
427 3935 146 40 17582;
628 3936 53 39 A.
713 3934 159 43 Shaw.
901 3935 118 40 New
1048 3936 145 41 York.
1264 3934 222 52 (30-572)
