2533 4384
1102 3997 100 50 195

227 437 349 47 Bibliography
594 448 8 27 :
634 447 43 37 p.
723 437 236 48 [227]-232.

163 505 52 52 ©
241 509 111 39 Jan.
378 509 68 46 25,
474 507 114 41 1929;
643 509 67 39 2c.
739 508 112 40 Feb.
877 508 54 47 2;
961 507 82 40 aff.
1071 507 112 40 Feb.
1212 507 53 46 6;
1295 506 42 39 A
1363 506 141 47 5163;
1535 506 120 40 Yale
1682 505 131 42 univ.
1843 515 150 38 press.

241 564 250 48 (29-4687)

156 674 188 64 Riley,
373 672 256 55 William
658 673 145 64 Bell,
835 678 170 49 1861-

224 750 242 54 Revival
499 767 279 50 sermons;
811 750 291 53 essentials
1134 749 62 53 in
1226 748 258 55 effective
1515 748 366 70 evangelism,
1911 748 76 69 by

154 748 2005 149 William Bell Riley … New York, Chicago [etc.] Fleming H.
154 906 198 53 Revell
383 924 281 50 company
743 909 135 49 [ᶜ1929]

223 989 364 49 190 p. 19½ ᶜᵐ .
159 1058 52 52 ©
240 1062 110 40 Jan.
377 1061 69 47 26,
475 1060 113 40 1929;
645 1061 67 39 2c.
742 1061 95 38 and
865 1059 82 41 aff.
977 1059 111 40 Feb.
1117 1059 55 39 14;
1228 1059 41 39 A
1296 1058 116 40 4404;
1470 1060 221 47 Fleming
1718 1060 61 40 H.
1808 1060 170 40 Revell
2007 1070 67 31 co.

236 1117 251 50 (29-4474)

155 1213 231 62 Rivers,
418 1211 180 64 Hugh
629 1211 199 54 Ward.

225 1287 1869 70 Ancient advertising and publicity, by Hugh W. Rivers …
155 1366 271 69 Chicago,
456 1366 261 68 Kroch’s,
751 1368 152 54 1929.

226 1420 1009 92 6 p. l., 11-68 p. incl. facsims. 28½ ᶜᵐ .
157 1516 51 51 ©
242 1520 111 40 Jan.
385 1519 40 49 9,
457 1519 118 40 1929;
630 1520 68 39 2c.
731 1519 113 40 Feb.
877 1519 53 39 11;
994 1518 83 41 aff.
1110 1519 110 41 Jan.
1254 1520 55 39 17;
1371 1520 42 39 A
1443 1519 115 40 4377;
1622 1520 60 40 H.
1717 1521 71 40 W.
1823 1520 188 47 Rivers,
223 1520 1915 105 Chicago.
423 1575 251 50 (29-4879)

146 1671 352 63 Robertson,
530 1670 318 64 Benjamin
882 1671 205 64 Perry,
1125 1675 171 50 1863-

220 1749 1936 71 The Holy Spirit [by] B. P. Robertson … Boston, R. G.
149 1829 458 68 Badger [ᶜ 1928 ]
217 1909 338 49 90 p. 20½ ᶜᵐ .
156 1976 1999 53 © Jan. 5, 1929; 1c. Jan. 24; 1c. Feb. 7; aff. Jan. 22; A 4253; Richard G.
219 2038 208 48 Badger.
494 2036 252 50 (29-4603)

150 2133 172 63 Root,
354 2132 187 52 Amos
570 2132 152 64 Ives,
759 2137 328 49 1839-1923.

219 2210 122 53 The
364 2210 56 52 A
444 2211 48 51 B
521 2209 45 55 C
591 2210 114 52 and
730 2210 61 52 X
817 2210 57 53 Y
899 2210 43 51 Z
968 2209 64 54 of
1055 2210 97 53 bee
1179 2211 218 52 culture;
1456 2229 31 33 a
1515 2211 329 68 cyclopedia
1871 2211 66 54 of
147 2230 1984 128 everything

362 2288 332 69 pertaining
740 2293 59 48 to
846 2289 96 52 the
991 2306 127 36 care
1165 2288 65 53 of
1277 2289 96 53 the
1421 2289 315 68 honeybee:
1785 2290 145 69 bees,
1978 2291 178 69 hives,

146 2367 203 70 honey,
376 2367 379 69 implements,
782 2367 187 69 honey
996 2368 211 68 plants,
1236 2372 104 49 etc.
1404 2367 172 55 Facts
1606 2369 241 69 gleaned
1878 2367 153 55 from
2059 2370 96 54 the

147 2446 328 68 experience
506 2445 64 53 of
599 2446 315 54 thousands
945 2445 65 54 of
1038 2446 353 69 beekeepers,
1425 2447 112 53 and
1570 2446 318 55 afterward
1919 2447 235 55 verified

147 2523 75 70 by
257 2524 94 53 the
390 2524 250 53 authors.
713 2525 92 67 By
840 2524 71 53 A.
949 2525 49 52 I.
1036 2525 113 52 and
1189 2525 66 52 E.
1294 2526 69 51 R.
1402 2525 166 53 Root.
1642 2525 170 53 213th
1850 2526 302 54 thousand.

145 2602 254 68 Medina,
427 2601 88 69 O.,
542 2603 121 53 The
690 2602 72 53 A.
794 2603 48 52 I.
872 2603 151 52 Root
1052 2620 300 52 company,
1383 2607 151 49 1929.

217 2685 1936 50 7 p. l. , 815 p. illus., port., diagrs. 24 ᶜᵐ . (Lettered on cover: The
144 2742 56 40 A.
232 2743 37 38 I.
302 2742 126 40 Root
456 2742 86 40 bee
571 2742 212 48 library)

217 2810 235 41 Contains
484 2811 288 42 references.

153 2878 52 52 ©
234 2882 111 40 Jan.
374 2882 40 47 3,
444 2881 141 47 1929;
616 2882 69 40 2c.
713 2883 112 39 Jan.
927 2893 9 36 18;
968 2882 82 40 aff.
1080 2884 110 39 Jan.
1221 2885 81 46 17;
1336 2884 40 39 A
1406 2885 142 46 5277;
1580 2886 54 40 A.
1665 2886 38 39 I.
1735 2886 126 41 Root
1890 2896 67 31 co.

228 2937 252 50 (29-4435)

150 3034 170 62 Ross,
353 3033 221 64 James,
608 3035 149 53 illus.

225 3112 449 66 [Illuminations
712 3111 76 69 by
826 3113 194 53 James
1060 3114 144 52 Ross
1244 3113 60 53 in
1345 3114 96 52 the
1481 3114 148 53 book
1667 3116 241 54 entitled
1948 3117 204 55 Verses

151 3188 2000 77 from the New Testament, Matthew II and Luke II, relating to
147 3267 96 53 the
267 3268 156 52 birth
449 3268 64 52 of
538 3267 211 55 Christ.
811 3269 421 68 Indianapolis,
1257 3271 243 52 Printed
1524 3271 76 69 by
1627 3273 260 52 Benham
1912 3275 46 50 &
148 3273 1977 140 Munday,
335 3349 151 64 ᶜ1928]

221 3428 303 50 [8] p. 43 ᶜᵐ .
151 3493 52 52 ©
227 3498 114 42 Dec.
363 3498 69 49 20,
457 3499 115 40 1928;
624 3500 68 40 2c.
717 3500 111 40 Jan.
854 3500 69 48 10,
948 3500 115 40 1929;
1117 3499 82 42 aff.
1225 3501 111 39 Jan.
1360 3501 57 41 28;
1471 3502 41 39 A
1537 3503 115 39 3624;
1707 3504 220 39 Benham
1954 3509 36 40 &
219 3507 1913 96 Munday.

150 3649 289 63 Sabatini,
476 3650 230 55 Rafael.

218 3727 123 52 The
371 3728 280 52 romantic
683 3728 212 68 prince.
987 3730 162 68 [chap.
1183 3733 68 49 20
1296 3730 400 70 (contd.)]-26.

226 3810 83 47 (In
339 3805 356 45 Hutchinson’s
728 3808 277 52 magazine,
1038 3809 132 51 Feb.,
1204 3810 144 50 1929)

150 3873 1997 61 © 1c. Mar. 1, 1929; A ad int. 12371; pubd. Jan. 12; R. Sabatini, London.
