2533 4384
1092 4052 102 54 367

199 481 66 47 xi,
301 479 85 41 313
421 489 43 37 p.
528 477 59 41 20½ᶜᵐ.

200 549 152 39 Lined
382 558 145 38 pages
556 547 79 39 for
666 543 363 49 “Vocabulary”
1072 542 252 51 (307-310)

202 605 234 41 Contains
468 602 396 49 bibliographies.

133 672 51 52 ©
214 677 123 38 Mar.
364 675 69 41 12,
462 673 139 47 1929;
632 673 68 40 2c.
728 673 97 39 and
853 671 83 41 aff.
966 672 122 39 Mar.
1115 670 83 47 20;
1229 670 40 39 A
1298 669 143 47 5984;
1474 669 57 41 D.
1562 669 49 41 C.
1641 669 165 40 Heath
1837 669 37 40 &
1901 679 67 30 co.

211 731 252 49 (29-7623)

132 828 121 52 The
289 826 264 63 Inquiry,
588 826 139 51 New
766 826 177 52 York.

201 905 269 52 Business
512 903 114 52 and
666 902 208 67 ideals;
920 920 30 33 a
992 900 252 69 syllabus
1287 899 65 54 of
1394 899 315 53 discussion
1752 899 245 53 outlines
2042 898 94 53 for

128 1000 214 52 groups
374 980 64 53 of
469 981 255 52 business
760 980 334 68 employees.
1171 978 138 52 New
1348 977 162 52 York
1545 977 134 69 city,
1714 978 124 51 The
1874 977 263 68 Inquiry,

132 1064 149 49 1929.

197 1140 441 50 4 p. l., 91 p. 20 ᶜᵐ.
134 1210 51 51 ©
220 1215 122 38 Mar.
374 1212 68 46 19,
476 1211 140 47 1929;
650 1210 68 41 2c.
751 1211 96 38 and
879 1209 83 40 aff.
996 1210 122 40 Mar.
1149 1208 82 43 23;
1267 1209 39 38 A
1340 1207 140 46 6107;
1517 1208 211 40 Edward
1762 1207 149 41 Clark
1944 1207 188 42 Carter,

202 1270 118 40 New
351 1269 145 40 York.
565 1266 253 50 (29-8059)

128 1364 273 63 Jacques,
435 1362 279 62 Norbert,
751 1365 171 50 1880-

205 1444 118 51 Der
348 1442 195 68 hafen,
570 1459 198 35 roman
796 1459 110 33 von
932 1440 248 53 Norbert
1204 1440 261 66 Jacques.
1527 1439 260 68 Leipzig,
1812 1439 66 53 P.
1906 1438 232 53 Reclam

126 1522 351 68 jun. [ ᶜ1 928]
200 1601 98 47 216,
345 1601 54 48 [1]
446 1611 43 37 p.
564 1599 55 40 15½ᶜᵐ.
795 1598 99 48 (On
937 1610 164 29 cover:
1144 1598 227 40 Reclams
1416 1597 246 41 universal
1709 1597 284 41 bibliothek.
2066 1609 72 30 nr.

130 1657 287 48 6851-6853)

135 1726 1865 51 © June 16, 1928; 1c. Oct. 29; A—Foreign 624; Philipp Reclam jun.
212 1785 252 49 (29-7871)

135 1879 291 65 Keigwin,
456 1878 245 55 Charles
731 1877 230 65 Albert,
995 1881 170 50 1862-

205 1957 169 55 Cases
418 1976 72 33 on
535 1962 162 62 torts,
742 1956 140 52 with
928 1955 333 54 summaries
1307 1955 65 52 of
1418 1955 257 53 doctrine
1720 1974 156 49 upon
1922 1955 217 54 several

132 2032 1944 70 heads of that subject, by Charles A. Keigwin. 3d ed. …
133 2115 327 66 Rochester,
495 2114 70 52 N.
604 2114 91 67 Y.,
730 2113 125 52 The
890 2112 267 68 Lawyers
1194 2111 385 68 co-operative
1617 2110 339 71 publishing
133 2130 1982 131 company,
339 2195 150 50 1929.

202 2274 417 49 xxi, 739 p. 26 ᶜᵐ.
136 2341 51 53 ©
225 2347 122 38 Mar.
444 2376 9 18 18,
490 2344 141 48 1929;
669 2344 68 39 2c.
774 2344 123 39 Mar.
933 2343 83 47 26;
1055 2342 83 42 aff.
1176 2344 122 40 Mar.
1335 2343 83 49 27;
1458 2343 40 39 A
1534 2342 140 47 7095;
1717 2342 49 41 C.
1805 2343 54 40 A.
1896 2343 240 49 Keigwin,

203 2402 337 48 Washington.
612 2401 252 50 (29-7944)

135 2498 179 63 King,
348 2496 275 54 Willford
659 2495 194 64 Isbell,
892 2500 170 49 1880-

202 2572 1941 70 Economics in rhyme [by] Willford Isbell King … Boston,
133 2652 659 68 R. G. Badger [ ᶜ1 928]
202 2736 53 39 51
288 2746 43 38 p.
392 2734 55 41 19½ᶜᵐ.

137 2802 2001 52 © Jan. 5, 1929; 1c. Jan. 24; 1c. Feb. 7; aff. Jan. 22; A 4251; Richard G.
206 2863 205 47 Badger.
480 2860 251 50 (29-7950)

137 2956 252 61 Krutch,
423 2955 221 63 Joseph
679 2956 200 61 Wood,
918 2959 169 52 1893-

209 3035 123 51 The
369 3033 235 53 modern
643 3036 249 64 temper;
934 3051 32 34 a
1005 3033 172 68 study
1216 3033 114 53 and
1372 3051 30 34 a
1444 3032 322 55 confession
1806 3034 77 69 by
1923 3035 217 68 Joseph

131 3112 188 53 Wood
364 3111 244 52 Krutch.
698 3111 140 52 New
885 3109 180 68 York,
1111 3111 312 67 Harcourt,
1470 3112 180 52 Brace
1698 3113 112 52 and
1860 3131 282 52 company

212 3192 101 50 [ ᶜ1 929]
204 3269 398 48 xvi, 249 p. 21 ᶜᵐ.
210 3327 67 39 “A
312 3328 146 46 study
493 3327 51 39 of
579 3327 81 39 the
695 3326 199 40 various
929 3325 277 41 tendencies
1242 3326 50 40 in
1328 3328 371 47 contemporary
1735 3329 210 48 thought
1980 3330 96 40 and
2113 3341 27 29 a

136 3383 276 41 confession
449 3383 52 39 of
537 3383 82 39 the
655 3384 137 38 mood
832 3382 156 40 which
1027 3382 294 41 submission
1360 3385 48 38 to
1445 3383 137 41 these
1622 3384 278 41 tendencies
1937 3386 90 40 has
133 3397 1991 88 engendered.”—Foreword.

139 3493 51 52 ©
223 3499 123 39 Mar.
375 3497 70 48 21,
476 3497 113 40 1929;
649 3497 67 39 2c.
747 3497 96 39 and
874 3496 83 41 aff.
988 3497 123 40 Mar.
1141 3497 55 40 23;
1257 3497 41 38 A
1328 3497 115 40 6115;
1505 3498 262 49 Harcourt,
1800 3499 156 40 Brace
1989 3500 36 39 &
2056 3510 82 36 co.,

207 3553 92 42 inc.
366 3552 250 50 (29-8012)

144 3648 368 68 [Lattimore,
540 3647 213 52 Porine
783 3648 289 52 Fournier
1099 3648 307 67 Schofield]

208 3725 258 53 Dolores’
494 3725 105 52 life
629 3725 113 52 and
771 3726 169 51 loves.
1008 3725 102 69 My
1140 3743 261 35 romance
1433 3726 140 53 with
1607 3726 233 55 Charlie
1872 3727 267 69 Chaplin.

139 3804 90 68 By
261 3803 240 52 Dolores
563 3803 208 67 [pseud.]

217 3884 83 47 (In
323 3881 205 51 Weekly
554 3881 198 50 record)

142 3936 1996 58 © 1c. Mar. 23, 1929; A ad int. 12532: pubd. Jan. 26; American weekly,
209 3997 106 48 inc.,
344 3998 117 40 New
489 3998 144 40 York.
