2533 4384
1086 4053 99 49 303

116 387 617 63 Studdert-Kennedy,
771 385 279 63 Geoffrey
1084 382 296 66 Anketell,
1416 388 325 50 1883-1929.

180 468 121 52 The
342 465 256 67 warrior,
639 464 97 52 the
776 481 241 49 woman,
1060 462 112 52 and
1212 461 100 53 the
1354 460 225 67 Christ;
1626 479 30 33 a
1699 460 174 69 study
1915 460 64 52 of
2021 462 96 51 the

110 537 2007 74 leadership of Christ, by G. A. Studdert Kennedy … Garden
113 624 150 68 City,
293 623 69 52 N.
395 622 90 66 Y.,
515 620 358 67 Doubleday,
903 619 199 52 Doran
1133 619 45 51 &
1208 635 300 50 company,
1537 618 128 66 inc.,
1697 620 151 50 1929.

179 707 97 46 xiv,
313 705 85 39 274
437 715 42 37 p.
546 703 146 41 19½ᶜᵐ.

119 770 1996 56 © Feb. 21. 1929: 2c. and aff. Mar. 5; A 5619; Doubleday, Doran & co.,
186 834 91 39 inc.
345 831 251 49 (29-6364)

111 928 254 62 Talbott,
399 926 259 55 Carlton.

183 1007 283 68 Ballyhoo
499 1006 93 53 for
622 1025 30 33 a
681 1004 345 58 mendicant,
1056 1022 191 50 poems
1275 1003 78 69 by
1384 1002 238 55 Carlton
1654 1003 252 54 Talbott.
1981 1004 140 52 New

114 1086 178 61 York,
320 1086 78 52 H.
428 1084 320 68 Liveright,
779 1086 151 49 1929.

183 1167 61 42 vi.
273 1165 84 41 102
386 1177 43 38 p.
489 1166 55 40 19½ᶜᵐ

120 1221 50 52 ©
199 1225 109 40 Feb.
335 1224 68 40 23.
431 1223 114 40 1929:
601 1223 68 40 2c.
696 1222 123 40 Mar.
846 1222 52 45 1;
929 1220 83 41 aff.
1039 1222 122 39 Mar.
1190 1220 51 42 5:
1272 1221 35 38 A
1340 1220 140 39 5647:
1512 1221 191 39 Horace
1732 1220 266 47 Liveright.
2028 1220 91 41 inc.

198 1280 251 48 (29-6490)

120 1376 274 62 Thomas,
424 1375 150 52 Alan
608 1375 220 52 Ernest
857 1372 392 64 Wentworth,
1285 1377 171 49 1896-

191 1454 122 53 The
339 1453 171 54 death
539 1451 64 54 of
628 1453 291 52 Laurence
946 1451 224 69 Yining
1218 1450 95 69 [by]
1348 1449 153 54 Alan
1532 1450 265 53 Thomas.
1863 1450 262 67 London,

123 1534 65 50 E.
220 1534 180 65 Benn,
429 1532 103 53 ltd.
590 1534 152 64 [1928]

191 1613 854 50 286, [ 2] p. illus. (plan) 19½ᶜᵐ.
122 1668 1998 52 © 1c. Feb. 11, 1929: A ad int. 12406; pubd. Jan. 6; A. E. W. Thomas,
188 1729 212 40 London.
468 1727 252 49 (29-7396)

115 1823 239 63 Tonelli,
386 1822 277 63 Leonida,
699 1826 171 49 1885-

188 1900 157 55 Serie
371 1899 521 69 trigonometriche.
971 1900 279 68 Bologna,
1276 1899 71 52 N.
1377 1898 332 68 Zanichelli,
1738 1901 151 51 1928.

185 1980 1187 51 2 p. l., [vii]-viii. 526 p., 1 l. diagrs. 23½ᶜᵐ.
189 2040 159 39 Based
376 2050 60 28 on
462 2040 211 38 lectures
701 2039 112 40 held
842 2040 51 38 at
921 2039 82 39 the
1033 2037 285 48 University
1345 2037 52 41 of
1426 2038 231 47 Bologna,
1687 2036 220 41 1924-25.

186 2096 415 47 Bibliographical
630 2095 279 40 foot-notes.

123 2150 2001 49 © Dec. 1, 1928; 1c. Dec. 31: A—Foreign 1191; Casa ed. N. Zanichelli.
201 2210 252 48 (29-7063)

119 2306 219 53 United
369 2305 351 64 typothetae
751 2305 65 52 of
845 2305 293 53 America.
1216 2306 171 67 Dept,
1419 2306 64 68 of
1509 2306 317 53 education.

249 2381 1877 72 … The standard book on estimating for printers, by Fred W.
118 2460 1985 146 Hoch … Chicago, Department of education, United typothetae of America, 1929.
191 2621 100 44 viii,
319 2621 84 40 273
431 2632 41 37 p.
501 2621 109 40 incl.
636 2621 142 44 illus.,
808 2621 170 47 tables,
1005 2621 194 48 diagrs.,
1225 2621 171 40 forms.
1457 2620 116 41 29ᶜᵐ.
1644 2621 329 48 (Typothetae
121 2633 1991 92 management
371 2678 176 46 series)

193 2735 187 47 “Paper
405 2734 239 48 samples”:
702 2734 55 40 18
783 2735 177 46 leaves,
989 2735 215 39 between
1233 2745 43 37 p.
1307 2734 86 50 [18]
1422 2735 95 39 and
1545 2735 70 40 19.

192 2792 101 39 The
330 2791 226 40 material
599 2791 255 48 published
893 2790 116 41 1925
1045 2791 62 47 by
1146 2792 81 39 the
1268 2791 179 41 United
1489 2792 284 47 typothetae
1815 2792 52 40 of
1907 2792 222 41 America

124 2849 153 39 under
310 2849 81 39 the
425 2848 162 40 titles:
626 2848 247 40 Standard
909 2847 285 48 estimating
1229 2858 171 30 course
1435 2847 80 41 for
1550 2848 242 48 printers;
1832 2849 111 46 and,
124 2849 1990 95 Typothetae

325 2915 207 34 average
570 2904 287 48 production
896 2907 208 45 records,
1142 2904 42 41 is
1221 2904 265 48 combined,
1525 2904 204 48 revised,
1768 2906 97 40 and
1902 2905 231 49 enlarged

124 2962 59 43 by
212 2962 53 40 F.
293 2963 71 41 W.
395 2963 151 39 Hoch.

128 3015 50 52 ©
207 3020 112 40 Feb.
345 3019 69 46 20,
442 3019 118 40 1929;
611 3019 69 41 2c.
707 3021 124 38 Mar.
858 3019 52 47 9;
941 3018 82 42 aff.
1052 3020 123 39 Mar.
1203 3020 81 44 11;
1316 3020 40 38 A
1384 3019 142 46 5769;
1556 3019 178 41 United
1765 3019 284 48 typothetae
2079 3019 51 41 of

194 3076 239 40 America.
507 3076 251 49 (29-6562)

121 3171 400 63 Upanishads.

194 3250 342 53 Devotional
585 3269 265 45 passages
896 3251 153 53 from
1095 3251 96 53 the
1234 3249 207 55 Hindu
1488 3251 183 66 Bible,
1718 3252 248 67 adapted
2013 3251 122 53 into

124 3327 1987 146 English by Dhan Gopal Mukerji … New York, E. P. Dutton & co., inc. [ ᶜ1 929]
194 3487 56 40 57
277 3499 43 36 p.
380 3487 52 40 21½
468 3490 44 21 cm
518 3520 9 8 .

131 3539 1998 53 © Mar. l. 1929; 2c. Mar. 7; aff. Mar. 8; A 5674: E. P. Dutton & co.,
198 3601 91 41 inc.
355 3601 250 47 (29-6479)

131 3695 282 62 Waddell,
440 3696 153 52 John
623 3696 337 53 Alexander
986 3697 156 64 Low,
1173 3702 173 49 1854-

197 3771 273 53 Memoirs
514 3774 111 51 and
673 3774 293 52 addresses
1010 3772 65 54 of
1119 3779 112 47 two
1277 3774 255 68 decades,
1576 3774 76 69 by
1696 3775 104 53 Dr.
1847 3774 56 55 J.
1950 3774 72 53 A.
2067 3775 66 52 L.

126 3848 2009 71 Waddell … edited by Frank W. Skinner … 1st ed. Easton,
127 3926 99 52 Pa.,
281 3927 170 52 Mack
483 3928 263 70 printing
778 3947 299 51 company,
1113 3931 149 51 1928.
