2542 4389
1054 4026 135 54 1783

110 445 163 39 Roads
308 443 52 41 of
396 444 82 40 the
515 442 182 41 Greeks
733 442 96 40 and
865 441 214 39 Romans:
1202 449 143 29 Marcus
1383 448 61 30 on
1482 437 81 40 the
1600 437 189 39 Roman
1825 435 287 40 frontier.—

111 500 145 41 Cross
291 501 97 38 and
426 498 228 41 Crescent:
722 497 216 41 Genevra
981 497 95 39 and
1116 496 81 40 the
1237 495 212 41 Saracen
1486 493 331 40 lad.—Better
1854 501 168 30 means
2060 490 51 39 of

110 555 262 48 spreading
396 555 282 47 knowledge:
734 554 137 40 Dick,
901 553 81 40 the
1010 552 229 48 printer’s
1265 549 441 48 hoy.—Neighbors
1735 549 65 38 all:
1859 548 101 38 The
106 550 1987 109 cast-aways
316 611 53 40 of
413 611 82 40 the
541 609 221 42 “Italia”.

113 673 1997 56 © Aug. 13. 1929; 2c. Aug. 19; aff. Aug. 27; A 11873: World book co.
189 736 280 49 (29-23929)

111 832 185 62 Scott,
327 833 97 52 Sir
451 829 242 61 Walter,
760 838 126 51 bart.,
915 831 326 52 1771-1832.

179 909 254 52 Ivanhoe
490 908 91 68 [by]
627 907 95 56 Sir
756 908 223 52 Walter
1018 906 177 55 Scott,
1230 906 147 52 bart.;
1449 905 186 52 edited
1671 904 76 68 by
1782 902 212 54 Alfred
2033 904 80 52 M.

107 986 339 54 Hitchcock,
494 985 214 53 revised
757 986 75 66 by
880 987 76 51 H.
1006 986 71 52 Y.
1126 982 248 54 Moffett,
1421 983 323 53 illustrated
1792 982 76 70 by
1918 981 68 55 G.
2034 982 77 52 M.

107 1060 1861 71 Richards. [New York] The Macmillan company [ ᶜ19 29]
179 1141 1938 53 xxii, 801 p. incl. front., illus. (map) plates. 17 ᶜᵐ. (Half-title: New
109 1202 172 46 pockot
311 1201 226 49 classics)

113 1251 1982 112 © Sept. 3. 1929; 2c. and aff. Sept. 4: A 13196; Macmillan co. [© revised introduction and new illustrations] (20-20591)
180 1410 121 53 The
341 1409 135 68 lady
518 1408 64 51 of
620 1409 95 52 the
753 1408 128 53 lake
944 1408 74 68 [by]
1086 1407 95 55 Sir
1221 1408 224 51 Walter
1487 1406 176 55 Scott,
1705 1406 175 58 bart.;
1927 1405 184 53 edited

109 1483 1984 229 by Elizabeth A. Packard, revised by H. Y. Moffett, illustrated by A. Gladys Peck. [New York] The Macmillan company [ ᶜ19 29]
179 1722 1938 52 xlviii, 235 p. incl. front., illus. (map) plates. 17 ᶜᵐ. (Half-title: New
111 1782 170 47 pocket
312 1781 225 47 classics)

180 1822 1937 61 With this Is bound his The lay of the last minstrel. New York, ᶜ19 29.
182 1894 172 40 “Chief
383 1893 222 49 writings
632 1894 52 40 of
713 1892 163 42 Scott”:
936 1904 42 37 p.
1008 1892 207 40 xli-xlii.

116 1945 1982 102 © Sept. 3. 1929; 2c. and aff. Sept. 4: A 13203: Macmillan co. [© revised introductions and
862 2017 107 29 new
999 2005 347 48 illustrations]
1418 2005 79 41 (29
1520 2005 179 45 -20540)

108 2102 367 63 Sermoneta,
502 2100 262 54 Vittoria
799 2101 320 64 (Colonna)
1154 2101 267 60 Caetani,
1449 2103 272 53 duchessa
1749 2099 77 64 di,
1856 2105 172 50 1880-

182 2179 222 69 Things
446 2184 147 63 past,
634 2179 76 68 by
753 2178 257 54 Vittoria
1055 2177 277 58 Colonna,
1378 2178 237 53 duchess
1659 2177 65 54 of
1768 2177 352 56 Sermoneta,

113 2256 137 53 with
294 2276 28 33 a
368 2256 285 54 foreword
696 2257 75 68 by
812 2256 215 53 Robert
1069 2256 276 57 Hichens,
1388 2256 140 52 with
1573 2255 373 68 frontispiece
111 2275 1985 112 portrait
289 2337 51 50 &
380 2334 353 69 twenty-five

772 2335 165 52 other
975 2334 398 53 illustrations.
1451 2334 260 55 London,
1750 2333 369 54 Hutchinson

110 2414 46 50 &
182 2430 77 35 co.
292 2412 102 53 ltd.
431 2415 172 64 [1929]

184 2493 945 49 287 p. front., plates, ports. 24 ᶜᵐ .
119 2547 1969 52 © 1c. Oct. 2. 1929; A ad int. 13077: pubd. Sept. 13: D. Appleton & co.,
185 2609 118 38 New
331 2609 145 40 York.
542 2607 281 48 (29-24865)

117 2702 428 64 Shakespeare,
576 2701 276 65 William,
886 2707 327 50 1564-1616.

180 2778 1938 72 Julius Cæsar [ by] William Shakespeare; edited by George W.
119 2858 113 52 and
262 2857 135 53 Lois
428 2856 68 56 G.
528 2856 275 56 Hufford,
834 2857 218 53 revised
1085 2858 76 68 by
1189 2857 78 53 H.
1301 2858 72 52 Y.
1404 2857 250 67 Moffett,
1686 2858 326 54 illustrated
2045 2856 76 70 by

116 2934 158 53 John
322 2935 71 51 A.
446 2933 275 55 Gincano.
908 2953 81 34 [New
1041 2935 180 67 York]
1279 2936 121 52 The
1451 2936 335 52 Macmillan
1838 2953 282 50 company

123 3015 192 65 [ ᶜ19 29]
187 3093 1924 50 xli, 167 p. incl. front., plates. 17 ᶜᵐ. (Half-title: New pocket classics)
189 3150 1553 49 With this is bound his As you like it. New York, ᶜ19 29.
191 3206 249 47 “Reading
469 3206 165 48 helps”:
695 3217 43 37 p.
769 3206 272 42 xxxix-xli.

123 3257 1980 102 © Sept. 3. 1929; 2c. and aff. Sept. 4: A 13198; Macmillan co. [© illustrations in
525 3319 162 40 Julius
727 3319 182 40 Caesar
946 3320 94 39 and
1080 3330 96 29 rev.
1213 3320 178 39 introd.
1430 3320 95 39 and
1561 3330 106 27 new
1704 3319 331 40 illustrations
2074 3320 45 38 in

190 3375 65 38 As
285 3385 93 36 you
410 3375 97 40 like
537 3375 53 48 it]
662 3374 282 48 (29-20419)

186 3467 122 53 The
343 3468 294 53 merchant
672 3468 65 53 of
771 3468 212 54 Venice
1024 3469 110 68 [by]
1174 3469 261 53 William
1476 3469 417 64 Shakespeare:
1933 3469 185 53 edited

116 3545 75 67 by
223 3545 62 55 C.
313 3546 90 52 W.
435 3546 383 53 Underwood,
850 3547 218 53 revised
1097 3547 78 65 by
1203 3547 77 52 H.
1313 3548 72 51 Y.
1416 3547 246 57 Moffett,
1692 3547 325 53 illustrated
2047 3546 77 69 by

118 3622 1980 70 G. M. Richards. [New York] The Macmillan company [ ᶜ19 29]
186 3706 1927 50 XXX. 185 p. incl. front., plates. 17ᶜᵐ. (Half-title: New pocket classics)
186 3761 1936 44 With this is bound his A midsummer night’s dream. New York. ᶜ19 29.
126 3813 1977 100 © Sept. 3. 1929; 2c. and aff. Sept. 4: A 13206; Macmillan co. © illustrations in
525 3876 98 37 The
661 3876 251 39 merchant
952 3876 51 39 of
1040 3876 203 40 Venice:
1284 3876 188 40 revised
1514 3877 329 39 introduction
1882 3878 93 37 and
2016 3887 102 28 new

193 3930 327 39 illustrations
550 3932 49 38 in
631 3932 36 38 A
699 3932 311 39 midsummer
1043 3932 180 43 night's
1254 3934 164 38 dreain]
1508 3933 281 47 (29-20542)
