2542 4389
1089 4029 134 51 1131

175 371 1967 129 The Boy scouts year book [1929] Ed. by Franklin K. Mathiews …
522 446 309 69 Profusely
856 446 327 52 illustrated
1206 445 76 68 by
1307 444 350 68 Remington
1686 442 295 71 Schuyler,
2008 442 174 66 John,

236 525 68 53 R.
340 525 172 68 Neill,
546 525 67 53 E.
648 525 89 53 W.
776 523 240 53 Kemble
1058 524 130 66 [and
1226 523 208 65 others]
1515 522 137 52 New
1690 521 181 70 York,
1907 521 260 66 London,

237 603 313 54 Published
585 602 93 53 for
709 602 96 52 the
838 603 126 68 Boy
998 606 186 49 scouts
1216 600 64 54 of
1312 599 267 54 America
1634 599 92 69 [by]
1764 600 73 54 D.
1871 600 298 68 Appleton

236 683 113 51 and
379 699 280 51 company
694 682 171 64 [1929]

230 762 100 47 225,
365 762 54 49 [1]
451 772 43 37 p.
525 761 109 41 incl.
664 760 165 48 front.,
860 759 144 48 illus.,
1034 761 173 47 plates.
1266 759 117 40 26ᶜᵐ.

167 815 53 52 ©
246 819 121 47 Aug.
396 818 67 48 16,
493 817 113 40 1929;
665 818 67 40 2c.
760 818 121 47 Aug.
909 818 56 40 17;
1023 817 83 41 aff.
1135 817 122 48 Aug.
1284 816 83 47 22;
1399 816 41 39 A
1468 816 170 47 11756;
1672 817 57 40 D.
1760 816 239 48 Appleton
2030 817 36 40 &
2094 827 68 31 co.

162 929 262 64 Brahdy,
456 927 238 65 Joseph.

225 1004 1938 70 Perspective drawing, by Joseph Brahdy … New York,
153 1085 72 52 D.
253 1085 131 53 Van
410 1084 292 53 Nostrand
729 1100 299 52 company,
1056 1082 126 68 inc.,
1212 1085 152 50 1929.

226 1164 837 50 xi, 104 p. illus., diagrs. 24 ᶜᵐ .
226 1223 176 40 Tables
433 1233 60 30 on
523 1222 338 48 lining-paper.

163 1276 1998 53 © June 10, 1929; 2c. July 26; aff. July 24; A 10397; D. Van Nostrand
230 1349 82 38 co.,
336 1338 90 41 inc.
489 1336 281 50 (29-15729)

159 1435 297 63 Brandon,
487 1434 201 63 Edgar
716 1431 229 65 Ewing.

234 1513 185 56 Series
472 1514 210 52 lessons
736 1512 93 52 for
880 1512 303 68 beginners
1235 1510 61 54 in
1348 1511 224 53 French
1626 1511 140 53 with
1818 1513 347 67 elementary

161 1591 398 69 grammatical
616 1591 114 53 and
787 1589 379 69 composition
1223 1590 289 69 exercises,
1565 1591 75 68 by
1696 1590 201 69 Edgar
1956 1591 210 69 Ewing

164 1667 2000 71 Brandon, a. m. … pt. II. Rev. ed. New York, Milwaukee
184 1746 1404 70 [etc.] The Bruce publishing company [ᶜ192 9]
228 1828 554 49 4 p. l. , 96 p. 19½ᶜᵐ.
163 1882 51 53 ©
240 1887 129 40 June
391 1886 69 48 27,
485 1885 113 40 1929;
652 1885 68 40 2c.
746 1885 96 40 and
867 1884 83 40 aff.
976 1884 120 49 Aug.
1122 1884 83 48 22;
1233 1884 42 40 A
1299 1884 143 42 11761;
1498 1885 159 41 Bruce
1682 1885 110 49 pub.
1818 1896 69 32 co.

158 1981 408 65 Brumbaugh,
598 1982 129 63 Roy
756 1981 301 64 Talmage.

152 2058 1984 149 The faith that wins, by Roy Talmage Brumbaugh … Chicago,
338 2136 1381 70 The Bible institute colportage ass’n [ᶜ192 9]
225 2219 332 49 125 p. 19 ᶜᵐ .
161 2274 51 53 ©
251 2278 116 48 July
406 2277 68 46 12,
514 2277 140 46 1929;
695 2277 67 41 2c.
802 2277 97 39 and
938 2276 83 41 aff.
1062 2277 116 48 July
1218 2277 82 47 27;
1342 2277 41 39 A
1421 2277 172 48 10412;
1636 2278 55 40 R.
1733 2279 52 40 T.
1826 2279 331 50 Brumbaugh,

232 2335 306 46 Coatesville,
568 2335 82 39 Pa.
719 2332 283 51 (29-15725)

156 2430 248 64 Burton,
438 2430 308 63 Margaret
783 2429 337 65 Ernestine,
1160 2435 172 49 1885-

229 2509 193 54 Mabel
456 2509 223 69 Cratty,
713 2509 191 53 leader
938 2509 60 52 in
1030 2509 97 55 the
1162 2516 90 46 art
1285 2510 64 53 of
1381 2511 344 70 leadership,
1756 2512 77 70 by
1865 2511 299 71 Margaret

160 2588 67 55 E.
266 2589 240 51 Burton.
581 2587 139 53 New
758 2586 181 69 York,
977 2588 121 52 The
1134 2587 275 55 Womans
1447 2607 175 51 press,
1662 2591 150 53 1929.

222 2667 1301 50 viii p., 2 l., 3-248 p., 1 l. front., ports. 20ᶜᵐ.
225 2724 150 41 “Miss
411 2725 189 39 Burton
637 2724 90 40 has
765 2724 236 48 gathered
1037 2725 130 40 from
1204 2726 87 39 her
1329 2726 252 47 notebook,
1617 2727 129 40 from
1783 2728 84 40 the
1904 2729 255 41 memories

153 2782 53 40 of
240 2781 204 47 friends,
482 2781 127 39 from
647 2782 185 46 letters,
872 2782 96 39 and
1004 2781 131 41 from
1173 2782 83 40 the
1292 2782 218 41 columns
1545 2783 55 40 of
1635 2784 84 40 the
1754 2785 231 40 Womans
2023 2796 136 38 press

154 2839 96 39 and
275 2837 129 40 from
433 2837 120 41 Miss
582 2837 215 48 Cratty’s
826 2848 108 30 own
962 2847 189 39 papers,
1183 2839 83 40 the
1293 2839 228 41 material
1550 2839 80 41 for
1658 2841 100 41 this
153 2841 1989 94 hook.”—Foreword.

163 2946 51 53 ©
242 2950 127 40 June
396 2949 70 49 28,
493 2946 141 50 1929;
663 2949 68 43 2c.
760 2950 116 48 July
904 2950 82 47 19;
1016 2950 82 42 aff.
1128 2951 117 47 July
1272 2953 83 45 24;
1385 2952 41 39 A
1455 2952 170 48 10356;
1655 2954 131 41 Natl.
1816 2955 150 40 board
1996 2956 53 41 of
2076 2957 84 40 the

229 3008 172 47 Young
424 3007 224 41 women’s
676 3007 253 41 Christian
954 3019 116 29 assn.
1111 3009 52 40 of
1189 3010 82 40 the
1298 3010 180 40 United
1508 3010 164 42 States
1696 3012 54 41 of
1774 3012 239 47 America,
2041 3014 118 41 New

229 3065 144 41 York.
444 3064 281 50 (29-15937)

160 3146 181 65 Cady,
373 3145 208 54 Edwin
612 3146 269 66 Welling.

229 3226 1867 78 200 cases for the practice court, by Edwin Welling Cady …
158 3303 315 70 Brooklyn,
504 3304 69 55 N.
605 3305 90 69 Y.,
729 3307 150 53 1929.

223 3384 322 42 203 l. 28 ᶜᵐ .
227 3441 149 41 Cases
404 3443 118 39 used
552 3441 49 40 in
636 3443 82 39 the
746 3442 214 48 practice
990 3447 139 38 court
1161 3445 52 40 of
1242 3445 247 49 Brooklyn
1520 3447 97 40 law
1647 3448 161 41 school
1841 3449 52 40 of
1925 3449 67 43 St.
154 3451 1988 88 Lawrence
321 3498 286 48 university.

162 3551 51 53 ©
240 3556 116 47 July
381 3556 68 47 12,
477 3555 115 41 1929;
645 3556 66 40 2c.
738 3558 96 39 and
861 3556 82 41 aff.
970 3558 115 48 July
1112 3557 55 41 16;
1223 3559 42 39 A
1290 3559 144 41 11275;
1492 3561 52 41 E.
1572 3561 71 42 W.
1672 3561 148 51 Cady,
1849 3564 304 49 Tarrytown,

227 3613 56 41 N.
313 3613 53 40 Y.
436 3612 280 50 (29-15678)

163 3694 251 68 [Carter,
445 3695 275 68 Howard]

231 3772 138 53 New
402 3779 280 49 treasures
720 3775 152 53 from
908 3777 486 55 Tutankhamen's
1430 3781 171 52 tomb.
1680 3784 84 52 1st
1799 3782 186 54 series.

237 3852 83 48 (In
357 3850 293 45 Illustrated
690 3852 201 44 London
929 3867 136 31 news
1106 3856 289 52 magazine)

163 3904 1989 63 © 1c. Aug. 9, 1929; A ad int. 12980; pubd. July 6; Illustrated London
228 3977 145 39 news,
408 3968 213 41 London.
