<alto xmlns="http://www.loc.gov/standards/alto/ns-v3#" xmlns:xlink="http://www.w3.org/1999/xlink" xmlns:xsi="http://www.w3.org/2001/XMLSchema-instance" xsi:schemaLocation="http://www.loc.gov/standards/alto/ns-v3# http://www.loc.gov/alto/v3/alto-3-0.xsd"><Description>
<MeasurementUnit>pixel</MeasurementUnit>
<sourceImageInformation>
<fileName>1929_v26_part001.pdf</fileName>
</sourceImageInformation>
<OCRProcessing ID="IdOcr">
<ocrProcessingStep>
<processingDateTime>2019-04-18</processingDateTime>
<processingSoftware>
<softwareCreator>ABBYY</softwareCreator>
<softwareName>ABBYY Recognition Server</softwareName>
<softwareVersion>4.0</softwareVersion>
</processingSoftware>
</ocrProcessingStep>
</OCRProcessing>
</Description>
<Styles>
<ParagraphStyle ID="StyleId-FFFFFFFF-FFFF-FFFF-FFFF-FFFFFFFFFFFF-" ALIGN="Left" LEFT="0." RIGHT="0." FIRSTLINE="0."/>
<ParagraphStyle ID="StyleId-11A520CB-49B0-4D42-A675-089886D5B704-" ALIGN="Center" LEFT="0." RIGHT="0." FIRSTLINE="0." LINESPACE="7.699999809"/>
<ParagraphStyle ID="StyleId-2AEC4724-E584-48A1-8E6D-86B1AA154223-" ALIGN="Left" LEFT="0." RIGHT="0." FIRSTLINE="0." LINESPACE="12.19999981"/>
<ParagraphStyle ID="StyleId-5ADCDE1D-F34B-405C-A765-E9B51F6229BD-" ALIGN="Left" LEFT="0." RIGHT="0." FIRSTLINE="-13." LINESPACE="8.050000191"/>
<ParagraphStyle ID="StyleId-D0AEFB96-F81D-4367-8545-C0AC945FA34C-" ALIGN="Block" LEFT="0." RIGHT="0." FIRSTLINE="-13." LINESPACE="8.899999619"/>
<ParagraphStyle ID="StyleId-9A3BB592-4BA4-4F85-B157-B9A7F1FC9680-" ALIGN="Left" LEFT="0." RIGHT="0." FIRSTLINE="0."/>
<ParagraphStyle ID="StyleId-E9D6144A-CFDC-4919-911D-02B0461DB967-" ALIGN="Left" LEFT="0." RIGHT="0." FIRSTLINE="-13." LINESPACE="23.43000031"/>
<ParagraphStyle ID="StyleId-EEECFC68-AAC5-42B1-B3BF-987799B5B74A-" ALIGN="Block" LEFT="0." RIGHT="0." FIRSTLINE="0." LINESPACE="23.43000031"/>
<ParagraphStyle ID="StyleId-98D20B11-A9BB-4FAB-8DC8-DC8C43F3755E-" ALIGN="Left" LEFT="0." RIGHT="0." FIRSTLINE="0." LINESPACE="10.5"/>
<ParagraphStyle ID="StyleId-C279DBAD-2656-4352-93E6-C942618B09B1-" ALIGN="Block" LEFT="0." RIGHT="0." FIRSTLINE="-13." LINESPACE="8.770000458"/>
<ParagraphStyle ID="StyleId-A539B2D0-654F-45BA-9385-D7E681D9BD87-" ALIGN="Block" LEFT="0." RIGHT="0." FIRSTLINE="0." LINESPACE="8.18999958"/>
<ParagraphStyle ID="StyleId-CFE66565-54F2-45CF-9511-65151219B0BC-" ALIGN="Left" LEFT="0." RIGHT="0." FIRSTLINE="-12." LINESPACE="12.19999981"/>
<ParagraphStyle ID="StyleId-37B60A95-D7B9-4720-9D46-F2E763AAD699-" ALIGN="Block" LEFT="0." RIGHT="0." FIRSTLINE="0." LINESPACE="12.19999981"/>
<ParagraphStyle ID="StyleId-255154CA-71AA-47B9-A5EB-ED90642010CE-" ALIGN="Block" LEFT="0." RIGHT="0." FIRSTLINE="13." LINESPACE="7.900000095"/>
<ParagraphStyle ID="StyleId-4618FB06-20CA-4F95-9CA2-829603EE887D-" ALIGN="Block" LEFT="0." RIGHT="0." FIRSTLINE="0." LINESPACE="10."/>
<ParagraphStyle ID="StyleId-61F9B98E-BA82-4DCF-809A-0C5481162321-" ALIGN="Left" LEFT="0." RIGHT="0." FIRSTLINE="-13." LINESPACE="8.479999542"/>
<ParagraphStyle ID="StyleId-16A4FB0C-4CB7-44C8-846E-AF89DD76FC73-" ALIGN="Left" LEFT="0." RIGHT="0." FIRSTLINE="0." LINESPACE="11.10000038"/>
<ParagraphStyle ID="StyleId-8CC01B24-9D1D-45D5-B954-83ECA9EA3425-" ALIGN="Left" LEFT="0." RIGHT="0." FIRSTLINE="-13." LINESPACE="8.050000191"/>
<ParagraphStyle ID="StyleId-3DB8CD3F-AD17-4DD7-8361-787A6A426C72-" ALIGN="Block" LEFT="0." RIGHT="0." FIRSTLINE="13." LINESPACE="7.900000095"/>
</Styles>
<Layout>
<Page ID="Page238" PHYSICAL_IMG_NR="238" HEIGHT="4377" WIDTH="2512">
<TopMargin HEIGHT="354" WIDTH="2512" VPOS="0" HPOS="0">
</TopMargin>
<LeftMargin HEIGHT="3630" WIDTH="340" VPOS="354" HPOS="0">
</LeftMargin>
<RightMargin HEIGHT="3630" WIDTH="140" VPOS="354" HPOS="2372">
</RightMargin>
<BottomMargin HEIGHT="393" WIDTH="2512" VPOS="3984" HPOS="0">
<TextBlock ID="Page238_Block1" HEIGHT="72" WIDTH="122" VPOS="4016" HPOS="1300" LANG="en-US" STYLEREFS="StyleId-73981637-46DF-4E60-AD40-2B4F80F20CE8-">
<TextLine HEIGHT="51" WIDTH="102" VPOS="4027" HPOS="1310">
<String CONTENT="238" HEIGHT="51" WIDTH="102" VPOS="4027" HPOS="1310"/>
</TextLine>
</TextBlock>
</BottomMargin>
<PrintSpace HEIGHT="3630" WIDTH="2032" VPOS="354" HPOS="340">
<TextBlock ID="Page238_Block2" HEIGHT="3630" WIDTH="2032" VPOS="354" HPOS="340" LANG="en-US" CS="1" STYLEREFS="StyleId-D71C3BB4-1B32-4C3C-9B24-99F045D48A1E-">
<TextLine HEIGHT="49" WIDTH="598" VPOS="446" HPOS="421" CS="1">
<String LANG="de" CONTENT="96," HEIGHT="48" WIDTH="69" VPOS="446" HPOS="421"/>
<SP HEIGHT="47" WIDTH="32" VPOS="447" HPOS="491"/>
<String LANG="de" CONTENT="96" HEIGHT="40" WIDTH="56" VPOS="447" HPOS="524"/>
<SP HEIGHT="48" WIDTH="28" VPOS="447" HPOS="581"/>
<String LANG="fr" CONTENT="p." HEIGHT="37" WIDTH="43" VPOS="458" HPOS="610"/>
<SP HEIGHT="41" WIDTH="58" VPOS="447" HPOS="654"/>
<String LANG="fr" CONTENT="illus." HEIGHT="40" WIDTH="128" VPOS="447" HPOS="713"/>
<SP HEIGHT="40" WIDTH="59" VPOS="447" HPOS="842"/>
<String LANG="fr" CONTENT="19" HEIGHT="40" WIDTH="55" VPOS="446" HPOS="902"/>
<String STYLE="superscript" LANG="fr" CS="1" CONTENT="&#7580;&#7504;"/>
<String LANG="fr" CONTENT="." HEIGHT="10" WIDTH="10" VPOS="477" HPOS="1009"/>
</TextLine>
<TextLine HEIGHT="52" WIDTH="1665" VPOS="499" HPOS="690" CS="1">
<String LANG="fr" CS="1" CONTENT="CONTENTS." HEIGHT="7" WIDTH="7" VPOS="535" HPOS="690"/>
<SP HEIGHT="16" WIDTH="14" VPOS="526" HPOS="698"/>
<String LANG="fr" CONTENT="&#8212;" HEIGHT="4" WIDTH="60" VPOS="526" HPOS="713"/>
<SP HEIGHT="41" WIDTH="16" VPOS="501" HPOS="774"/>
<String LANG="fr" CONTENT="1st" HEIGHT="43" WIDTH="78" VPOS="501" HPOS="791"/>
<SP HEIGHT="44" WIDTH="34" VPOS="500" HPOS="870"/>
<String LANG="fr" CONTENT="bk." HEIGHT="43" WIDTH="79" VPOS="499" HPOS="905"/>
<SP HEIGHT="39" WIDTH="37" VPOS="503" HPOS="985"/>
<String LANG="en-US" CONTENT="For" HEIGHT="39" WIDTH="95" VPOS="503" HPOS="1023"/>
<SP HEIGHT="38" WIDTH="35" VPOS="513" HPOS="1119"/>
<String LANG="en-US" CONTENT="primary" HEIGHT="48" WIDTH="217" VPOS="503" HPOS="1155"/>
<SP HEIGHT="37" WIDTH="36" VPOS="513" HPOS="1373"/>
<String LANG="fr" CONTENT="grades.&#8212;2d" HEIGHT="51" WIDTH="313" VPOS="499" HPOS="1410"/>
<SP HEIGHT="43" WIDTH="36" VPOS="499" HPOS="1724"/>
<String LANG="fr" CONTENT="bk." HEIGHT="43" WIDTH="79" VPOS="499" HPOS="1761"/>
<SP HEIGHT="39" WIDTH="37" VPOS="503" HPOS="1841"/>
<String LANG="en-US" CONTENT="For" HEIGHT="40" WIDTH="95" VPOS="503" HPOS="1879"/>
<SP HEIGHT="39" WIDTH="36" VPOS="503" HPOS="1975"/>
<String LANG="en-US" CONTENT="intermediate" HEIGHT="41" WIDTH="343" VPOS="503" HPOS="2012"/>
</TextLine>
<TextLine HEIGHT="47" WIDTH="187" VPOS="561" HPOS="351" LANG="fr">
<String CONTENT="grades." HEIGHT="47" WIDTH="187" VPOS="561" HPOS="351"/>
</TextLine>
<TextLine HEIGHT="109" WIDTH="1977" VPOS="613" HPOS="357" CS="1">
<String LANG="fr" CONTENT="&#169;" HEIGHT="52" WIDTH="52" VPOS="613" HPOS="357"/>
<SP HEIGHT="52" WIDTH="26" VPOS="613" HPOS="410"/>
<String LANG="de" CONTENT="Jan." HEIGHT="40" WIDTH="110" VPOS="618" HPOS="437"/>
<SP HEIGHT="39" WIDTH="26" VPOS="618" HPOS="548"/>
<String LANG="fr" CS="1" CONTENT="31," HEIGHT="39" WIDTH="54" VPOS="618" HPOS="575"/>
<SP HEIGHT="41" WIDTH="26" VPOS="618" HPOS="645"/>
<String LANG="fr" CONTENT="1929;" HEIGHT="44" WIDTH="141" VPOS="618" HPOS="672"/>
<SP HEIGHT="44" WIDTH="27" VPOS="618" HPOS="814"/>
<String LANG="fr" CS="1" CONTENT="2c." HEIGHT="39" WIDTH="68" VPOS="618" HPOS="842"/>
<SP HEIGHT="39" WIDTH="29" VPOS="618" HPOS="911"/>
<String LANG="fr" CONTENT="Feb." HEIGHT="39" WIDTH="110" VPOS="618" HPOS="941"/>
<SP HEIGHT="39" WIDTH="26" VPOS="618" HPOS="1052"/>
<String LANG="fr" CS="1" CONTENT="26;" HEIGHT="39" WIDTH="60" VPOS="617" HPOS="1079"/>
<SP HEIGHT="30" WIDTH="30" VPOS="628" HPOS="1162"/>
<String LANG="fr" CONTENT="aff." HEIGHT="40" WIDTH="83" VPOS="617" HPOS="1193"/>
<SP HEIGHT="40" WIDTH="27" VPOS="617" HPOS="1277"/>
<String LANG="fr" CONTENT="Feb." HEIGHT="41" WIDTH="111" VPOS="616" HPOS="1305"/>
<SP HEIGHT="39" WIDTH="25" VPOS="618" HPOS="1417"/>
<String LANG="fr" CONTENT="25;" HEIGHT="46" WIDTH="83" VPOS="617" HPOS="1443"/>
<SP HEIGHT="47" WIDTH="28" VPOS="616" HPOS="1527"/>
<!-- cceid 8D16B3CA-6CFA-1014-9C3C-CEA95E7AA542 --><String LANG="fr" CONTENT="A" HEIGHT="39" WIDTH="41" VPOS="616" HPOS="1556"/>
<SP HEIGHT="39" WIDTH="24" VPOS="616" HPOS="1598"/>
<String LANG="fr" CONTENT="4606;" HEIGHT="48" WIDTH="143" VPOS="616" HPOS="1623"/>
<SP HEIGHT="46" WIDTH="30" VPOS="618" HPOS="1767"/>
<String LANG="fr" CONTENT="E." HEIGHT="39" WIDTH="52" VPOS="618" HPOS="1798"/>
<SP HEIGHT="38" WIDTH="29" VPOS="619" HPOS="1851"/>
<String LANG="fr" CONTENT="E." HEIGHT="39" WIDTH="52" VPOS="619" HPOS="1881"/>
<SP HEIGHT="40" WIDTH="28" VPOS="618" HPOS="1934"/>
<String LANG="fr" CONTENT="Lewis," HEIGHT="49" WIDTH="170" VPOS="616" HPOS="1963"/>
<SP HEIGHT="48" WIDTH="32" VPOS="617" HPOS="2134"/>
<String LANG="en-US" CONTENT="Columbus," HEIGHT="105" WIDTH="1910" VPOS="617" HPOS="424"/>
</TextLine>
<TextLine HEIGHT="50" WIDTH="371" VPOS="673" HPOS="560" LANG="fr">
<String CONTENT="O." HEIGHT="41" WIDTH="52" VPOS="674" HPOS="560"/>
<SP HEIGHT="48" WIDTH="66" VPOS="675" HPOS="613"/>
<String CONTENT="(29-5846)" HEIGHT="50" WIDTH="251" VPOS="673" HPOS="680"/>
</TextLine>
<TextLine HEIGHT="64" WIDTH="688" VPOS="768" HPOS="351" STYLEREFS="StyleId-39C4BD01-A694-47FA-A4C5-F69FD6A69CD5-">
<String LANG="en-US" CONTENT="Libby," HEIGHT="63" WIDTH="206" VPOS="769" HPOS="351"/>
<SP HEIGHT="62" WIDTH="30" VPOS="770" HPOS="558"/>
<String LANG="fr" CONTENT="Walter," HEIGHT="64" WIDTH="243" VPOS="768" HPOS="589"/>
<SP HEIGHT="57" WIDTH="35" VPOS="775" HPOS="833"/>
<String LANG="fr" CONTENT="1867-" HEIGHT="54" WIDTH="170" VPOS="769" HPOS="869"/>
</TextLine>
<TextLine HEIGHT="71" WIDTH="1934" VPOS="844" HPOS="422" STYLEREFS="StyleId-3ECCDB1E-EBB3-4A75-A0AF-8D5416537380-">
<String LANG="fr" CONTENT="Introduction" HEIGHT="53" WIDTH="404" VPOS="846" HPOS="422"/>
<SP HEIGHT="49" WIDTH="44" VPOS="849" HPOS="827"/>
<String LANG="en-US" CONTENT="to" HEIGHT="48" WIDTH="58" VPOS="849" HPOS="872"/>
<SP HEIGHT="35" WIDTH="46" VPOS="863" HPOS="931"/>
<String LANG="en-US" CONTENT="contemporary" HEIGHT="64" WIDTH="437" VPOS="851" HPOS="978"/>
<SP HEIGHT="51" WIDTH="44" VPOS="864" HPOS="1416"/>
<String LANG="en-US" CONTENT="civilization;" HEIGHT="59" WIDTH="382" VPOS="845" HPOS="1461"/>
<SP HEIGHT="40" WIDTH="48" VPOS="864" HPOS="1844"/>
<String LANG="fr" CONTENT="an" HEIGHT="34" WIDTH="72" VPOS="864" HPOS="1893"/>
<SP HEIGHT="34" WIDTH="44" VPOS="864" HPOS="1966"/>
<String LANG="fr" CONTENT="orientation" HEIGHT="55" WIDTH="345" VPOS="844" HPOS="2011"/>
</TextLine>
<TextLine HEIGHT="70" WIDTH="2005" VPOS="923" HPOS="352" STYLEREFS="StyleId-3ECCDB1E-EBB3-4A75-A0AF-8D5416537380-" CS="1">
<String LANG="fr" CONTENT="course" HEIGHT="35" WIDTH="195" VPOS="942" HPOS="352"/>
<SP HEIGHT="54" WIDTH="34" VPOS="923" HPOS="548"/>
<String LANG="fr" CONTENT="for" HEIGHT="52" WIDTH="93" VPOS="923" HPOS="583"/>
<SP HEIGHT="34" WIDTH="35" VPOS="942" HPOS="677"/>
<String LANG="fr" CONTENT="college" HEIGHT="68" WIDTH="210" VPOS="924" HPOS="713"/>
<SP HEIGHT="34" WIDTH="36" VPOS="942" HPOS="924"/>
<String LANG="en-US" CONTENT="students," HEIGHT="55" WIDTH="276" VPOS="924" HPOS="961"/>
<SP HEIGHT="55" WIDTH="33" VPOS="924" HPOS="1238"/>
<String LANG="en-US" CONTENT="by" HEIGHT="69" WIDTH="76" VPOS="924" HPOS="1272"/>
<SP HEIGHT="68" WIDTH="32" VPOS="925" HPOS="1349"/>
<String LANG="fr" CONTENT="Walter" HEIGHT="53" WIDTH="223" VPOS="924" HPOS="1382"/>
<SP HEIGHT="51" WIDTH="31" VPOS="924" HPOS="1606"/>
<String LANG="en-US" CONTENT="Libby" HEIGHT="69" WIDTH="188" VPOS="923" HPOS="1638"/>
<SP HEIGHT="50" WIDTH="39" VPOS="942" HPOS="1827"/>
<String LANG="fr" CS="1" CONTENT="&#8230;"/>
<SP HEIGHT="51" WIDTH="77" VPOS="924" HPOS="1923"/>
<String LANG="fr" CONTENT="New" HEIGHT="52" WIDTH="139" VPOS="924" HPOS="2001"/>
<SP HEIGHT="52" WIDTH="36" VPOS="923" HPOS="2141"/>
<String LANG="fr" CONTENT="York," HEIGHT="68" WIDTH="179" VPOS="923" HPOS="2178"/>
</TextLine>
<TextLine HEIGHT="69" WIDTH="895" VPOS="1001" HPOS="352" STYLEREFS="StyleId-3ECCDB1E-EBB3-4A75-A0AF-8D5416537380-">
<String LANG="fr" CONTENT="London," HEIGHT="67" WIDTH="259" VPOS="1002" HPOS="352"/>
<SP HEIGHT="67" WIDTH="25" VPOS="1002" HPOS="612"/>
<String LANG="fr" CONTENT="A." HEIGHT="52" WIDTH="72" VPOS="1002" HPOS="638"/>
<SP HEIGHT="53" WIDTH="27" VPOS="1001" HPOS="711"/>
<String LANG="fr" CONTENT="A." HEIGHT="53" WIDTH="72" VPOS="1001" HPOS="739"/>
<SP HEIGHT="52" WIDTH="26" VPOS="1002" HPOS="812"/>
<String LANG="de" CONTENT="Knopf," HEIGHT="69" WIDTH="225" VPOS="1001" HPOS="839"/>
<SP HEIGHT="62" WIDTH="31" VPOS="1006" HPOS="1065"/>
<String LANG="fr" CONTENT="1929." HEIGHT="50" WIDTH="150" VPOS="1004" HPOS="1097"/>
</TextLine>
<TextLine HEIGHT="48" WIDTH="809" VPOS="1085" HPOS="419" STYLEREFS="StyleId-3ECCDB1E-EBB3-4A75-A0AF-8D5416537380-" LANG="fr" CS="1">
<String CONTENT="xiii" HEIGHT="40" WIDTH="92" VPOS="1085" HPOS="419"/>
<SP HEIGHT="47" WIDTH="26" VPOS="1086" HPOS="512"/>
<String CONTENT="p.," HEIGHT="37" WIDTH="59" VPOS="1096" HPOS="539"/>
<SP HEIGHT="47" WIDTH="29" VPOS="1086" HPOS="599"/>
<String CONTENT="1" HEIGHT="39" WIDTH="23" VPOS="1086" HPOS="629"/>
<SP HEIGHT="39" WIDTH="30" VPOS="1086" HPOS="653"/>
<String CS="1" CONTENT="l.," HEIGHT="15" WIDTH="9" VPOS="1116" HPOS="720"/>
<SP HEIGHT="45" WIDTH="28" VPOS="1086" HPOS="730"/>
<String CONTENT="272," HEIGHT="45" WIDTH="100" VPOS="1086" HPOS="759"/>
<SP HEIGHT="35" WIDTH="29" VPOS="1096" HPOS="860"/>
<String CONTENT="xix" HEIGHT="40" WIDTH="86" VPOS="1085" HPOS="890"/>
<SP HEIGHT="38" WIDTH="29" VPOS="1095" HPOS="977"/>
<String CONTENT="p." HEIGHT="38" WIDTH="44" VPOS="1095" HPOS="1007"/>
<SP HEIGHT="39" WIDTH="57" VPOS="1086" HPOS="1052"/>
<String CONTENT="22" HEIGHT="38" WIDTH="55" VPOS="1086" HPOS="1110"/>
<String STYLE="superscript" CS="1" CONTENT="&#7580;&#7504;"/>
<String CONTENT="." HEIGHT="10" WIDTH="9" VPOS="1116" HPOS="1219"/>
</TextLine>
<TextLine HEIGHT="48" WIDTH="1028" VPOS="1141" HPOS="424">
<String CONTENT="&#8220;References&#8221;" HEIGHT="42" WIDTH="351" VPOS="1141" HPOS="424"/>
<SP HEIGHT="40" WIDTH="29" VPOS="1141" HPOS="776"/>
<String CONTENT="at" HEIGHT="37" WIDTH="52" VPOS="1144" HPOS="806"/>
<SP HEIGHT="37" WIDTH="25" VPOS="1144" HPOS="859"/>
<String CONTENT="end" HEIGHT="38" WIDTH="91" VPOS="1143" HPOS="885"/>
<SP HEIGHT="39" WIDTH="29" VPOS="1143" HPOS="977"/>
<String CONTENT="of" HEIGHT="41" WIDTH="51" VPOS="1141" HPOS="1007"/>
<SP HEIGHT="40" WIDTH="27" VPOS="1141" HPOS="1059"/>
<String CONTENT="each" HEIGHT="40" WIDTH="118" VPOS="1142" HPOS="1087"/>
<SP HEIGHT="40" WIDTH="29" VPOS="1142" HPOS="1206"/>
<String CONTENT="chapter." HEIGHT="47" WIDTH="216" VPOS="1142" HPOS="1236"/>
</TextLine>
<TextLine HEIGHT="52" WIDTH="1997" VPOS="1195" HPOS="357" CS="1">
<String CONTENT="&#169;" HEIGHT="52" WIDTH="52" VPOS="1195" HPOS="357"/>
<SP HEIGHT="52" WIDTH="29" VPOS="1195" HPOS="410"/>
<String CONTENT="Feb." HEIGHT="39" WIDTH="110" VPOS="1200" HPOS="440"/>
<SP HEIGHT="39" WIDTH="29" VPOS="1200" HPOS="551"/>
<String CONTENT="1," HEIGHT="46" WIDTH="39" VPOS="1200" HPOS="581"/>
<SP HEIGHT="46" WIDTH="27" VPOS="1200" HPOS="621"/>
<String CS="1" CONTENT="1929;" HEIGHT="40" WIDTH="115" VPOS="1199" HPOS="649"/>
<SP/>
<String CONTENT="2c." HEIGHT="40" WIDTH="67" VPOS="1199" HPOS="822"/>
<SP HEIGHT="40" WIDTH="28" VPOS="1199" HPOS="890"/>
<String CONTENT="Feb." HEIGHT="39" WIDTH="112" VPOS="1199" HPOS="919"/>
<SP HEIGHT="39" WIDTH="28" VPOS="1200" HPOS="1032"/>
<String CS="1" CONTENT="7;" HEIGHT="39" WIDTH="25" VPOS="1200" HPOS="1061"/>
<SP/>
<String CONTENT="aff." HEIGHT="41" WIDTH="82" VPOS="1198" HPOS="1146"/>
<SP HEIGHT="40" WIDTH="29" VPOS="1199" HPOS="1229"/>
<String CONTENT="Feb." HEIGHT="40" WIDTH="111" VPOS="1199" HPOS="1259"/>
<SP HEIGHT="40" WIDTH="29" VPOS="1199" HPOS="1371"/>
<String CS="1" CONTENT="28;" HEIGHT="40" WIDTH="59" VPOS="1199" HPOS="1401"/>
<SP/>
<!-- cceid 8D17FADF-6CFA-1014-9C3C-CEA95E7AA542 --><String CONTENT="A" HEIGHT="38" WIDTH="41" VPOS="1199" HPOS="1517"/>
<SP HEIGHT="39" WIDTH="29" VPOS="1199" HPOS="1559"/>
<String CS="1" CONTENT="5544;" HEIGHT="40" WIDTH="114" VPOS="1198" HPOS="1589"/>
<SP/>
<String CONTENT="Alfred" HEIGHT="41" WIDTH="172" VPOS="1198" HPOS="1761"/>
<SP HEIGHT="39" WIDTH="30" VPOS="1199" HPOS="1934"/>
<String CONTENT="A." HEIGHT="41" WIDTH="54" VPOS="1199" HPOS="1965"/>
<SP HEIGHT="40" WIDTH="30" VPOS="1200" HPOS="2020"/>
<String CONTENT="Knopf," HEIGHT="48" WIDTH="180" VPOS="1198" HPOS="2051"/>
<SP HEIGHT="42" WIDTH="31" VPOS="1200" HPOS="2232"/>
<String CONTENT="inc." HEIGHT="40" WIDTH="90" VPOS="1200" HPOS="2264"/>
</TextLine>
<TextLine HEIGHT="49" WIDTH="251" VPOS="1255" HPOS="435">
<String CONTENT="(29-5895)" HEIGHT="49" WIDTH="251" VPOS="1255" HPOS="435"/>
</TextLine>
<TextLine HEIGHT="63" WIDTH="1195" VPOS="1336" HPOS="355" STYLEREFS="StyleId-39C4BD01-A694-47FA-A4C5-F69FD6A69CD5-">
<String LANG="en-US" CONTENT="Loomis," HEIGHT="63" WIDTH="254" VPOS="1336" HPOS="355"/>
<SP HEIGHT="62" WIDTH="30" VPOS="1337" HPOS="610"/>
<String LANG="de" CONTENT="Leander" HEIGHT="52" WIDTH="268" VPOS="1337" HPOS="641"/>
<SP HEIGHT="52" WIDTH="31" VPOS="1336" HPOS="910"/>
<String LANG="en-US" CONTENT="Vaness," HEIGHT="63" WIDTH="248" VPOS="1336" HPOS="942"/>
<SP HEIGHT="56" WIDTH="33" VPOS="1343" HPOS="1191"/>
<String LANG="en-US" CONTENT="1827-1909." HEIGHT="53" WIDTH="325" VPOS="1337" HPOS="1225"/>
</TextLine>
<TextLine HEIGHT="133" WIDTH="1980" VPOS="1412" HPOS="353" STYLEREFS="StyleId-3ECCDB1E-EBB3-4A75-A0AF-8D5416537380-" CS="1">
<String CONTENT="A" HEIGHT="52" WIDTH="56" VPOS="1413" HPOS="422"/>
<SP HEIGHT="69" WIDTH="22" VPOS="1413" HPOS="479"/>
<String CONTENT="journal" HEIGHT="69" WIDTH="231" VPOS="1413" HPOS="502"/>
<SP HEIGHT="51" WIDTH="23" VPOS="1414" HPOS="734"/>
<String CONTENT="of" HEIGHT="53" WIDTH="65" VPOS="1412" HPOS="758"/>
<SP HEIGHT="53" WIDTH="24" VPOS="1412" HPOS="824"/>
<String CONTENT="the" HEIGHT="52" WIDTH="95" VPOS="1414" HPOS="849"/>
<SP HEIGHT="52" WIDTH="25" VPOS="1414" HPOS="945"/>
<String CONTENT="Birmingham" HEIGHT="68" WIDTH="406" VPOS="1413" HPOS="971"/>
<SP HEIGHT="34" WIDTH="26" VPOS="1432" HPOS="1378"/>
<String CONTENT="emigrating" HEIGHT="69" WIDTH="349" VPOS="1413" HPOS="1405"/>
<SP HEIGHT="50" WIDTH="24" VPOS="1432" HPOS="1755"/>
<String CONTENT="company;" HEIGHT="51" WIDTH="310" VPOS="1432" HPOS="1780"/>
<SP HEIGHT="62" WIDTH="28" VPOS="1418" HPOS="2091"/>
<String CONTENT="the" HEIGHT="52" WIDTH="96" VPOS="1415" HPOS="2120"/>
<SP HEIGHT="35" WIDTH="26" VPOS="1432" HPOS="2217"/>
<String CONTENT="record" HEIGHT="113" WIDTH="1980" VPOS="1432" HPOS="353"/>
</TextLine>
<TextLine HEIGHT="146" WIDTH="1981" VPOS="1491" HPOS="353" STYLEREFS="StyleId-3ECCDB1E-EBB3-4A75-A0AF-8D5416537380-" CS="1">
<String CONTENT="of" HEIGHT="53" WIDTH="64" VPOS="1491" HPOS="480"/>
<SP HEIGHT="53" WIDTH="23" VPOS="1491" HPOS="545"/>
<String CONTENT="a" HEIGHT="34" WIDTH="33" VPOS="1510" HPOS="569"/>
<SP HEIGHT="47" WIDTH="24" VPOS="1497" HPOS="603"/>
<String CONTENT="trip" HEIGHT="67" WIDTH="118" VPOS="1492" HPOS="628"/>
<SP HEIGHT="68" WIDTH="25" VPOS="1491" HPOS="747"/>
<String CONTENT="from" HEIGHT="52" WIDTH="154" VPOS="1491" HPOS="773"/>
<SP HEIGHT="51" WIDTH="25" VPOS="1492" HPOS="928"/>
<String CONTENT="Birmingham," HEIGHT="68" WIDTH="423" VPOS="1491" HPOS="954"/>
<SP HEIGHT="67" WIDTH="23" VPOS="1491" HPOS="1378"/>
<String CONTENT="Iowa," HEIGHT="68" WIDTH="176" VPOS="1491" HPOS="1402"/>
<SP HEIGHT="63" WIDTH="23" VPOS="1496" HPOS="1579"/>
<String CONTENT="to" HEIGHT="47" WIDTH="59" VPOS="1496" HPOS="1603"/>
<SP HEIGHT="54" WIDTH="28" VPOS="1491" HPOS="1663"/>
<String CONTENT="Sacramento," HEIGHT="66" WIDTH="386" VPOS="1491" HPOS="1692"/>
<SP HEIGHT="66" WIDTH="27" VPOS="1491" HPOS="2079"/>
<String CONTENT="California," HEIGHT="146" WIDTH="1981" VPOS="1491" HPOS="353"/>
</TextLine>
<TextLine HEIGHT="69" WIDTH="1858" VPOS="1569" HPOS="501" STYLEREFS="StyleId-3ECCDB1E-EBB3-4A75-A0AF-8D5416537380-" CS="1">
<String CONTENT="in" HEIGHT="52" WIDTH="58" VPOS="1570" HPOS="501"/>
<SP HEIGHT="49" WIDTH="36" VPOS="1573" HPOS="560"/>
<String CONTENT="1850," HEIGHT="65" WIDTH="151" VPOS="1572" HPOS="597"/>
<SP HEIGHT="68" WIDTH="31" VPOS="1569" HPOS="749"/>
<String CONTENT="by" HEIGHT="69" WIDTH="75" VPOS="1569" HPOS="781"/>
<SP HEIGHT="68" WIDTH="32" VPOS="1570" HPOS="857"/>
<String LANG="de" CONTENT="Leander" HEIGHT="53" WIDTH="260" VPOS="1569" HPOS="890"/>
<SP HEIGHT="53" WIDTH="32" VPOS="1570" HPOS="1151"/>
<String LANG="fr" CS="1" CONTENT="V." HEIGHT="10" WIDTH="10" VPOS="1611" HPOS="1245"/>
<SP HEIGHT="52" WIDTH="33" VPOS="1569" HPOS="1256"/>
<String CONTENT="Loomis;" HEIGHT="67" WIDTH="258" VPOS="1569" HPOS="1290"/>
<SP HEIGHT="62" WIDTH="35" VPOS="1574" HPOS="1549"/>
<String CONTENT="together" HEIGHT="69" WIDTH="261" VPOS="1569" HPOS="1585"/>
<SP HEIGHT="33" WIDTH="34" VPOS="1588" HPOS="1847"/>
<String CONTENT="with" HEIGHT="53" WIDTH="140" VPOS="1569" HPOS="1882"/>
<SP HEIGHT="51" WIDTH="33" VPOS="1570" HPOS="2023"/>
<String CONTENT="five" HEIGHT="52" WIDTH="108" VPOS="1569" HPOS="2057"/>
<SP HEIGHT="34" WIDTH="34" VPOS="1588" HPOS="2166"/>
<String CONTENT="early" HEIGHT="68" WIDTH="158" VPOS="1570" HPOS="2201"/>
</TextLine>
<TextLine HEIGHT="149" WIDTH="1983" VPOS="1646" HPOS="353" STYLEREFS="StyleId-3ECCDB1E-EBB3-4A75-A0AF-8D5416537380-" CS="1">
<String CONTENT="itineraries" HEIGHT="53" WIDTH="321" VPOS="1648" HPOS="354"/>
<SP HEIGHT="35" WIDTH="40" VPOS="1666" HPOS="676"/>
<String CONTENT="covered" HEIGHT="53" WIDTH="237" VPOS="1647" HPOS="717"/>
<SP HEIGHT="54" WIDTH="42" VPOS="1646" HPOS="955"/>
<String CONTENT="in" HEIGHT="53" WIDTH="59" VPOS="1646" HPOS="998"/>
<SP HEIGHT="49" WIDTH="42" VPOS="1666" HPOS="1058"/>
<String CONTENT="part" HEIGHT="63" WIDTH="131" VPOS="1652" HPOS="1101"/>
<SP HEIGHT="53" WIDTH="40" VPOS="1646" HPOS="1233"/>
<String CONTENT="by" HEIGHT="69" WIDTH="76" VPOS="1646" HPOS="1274"/>
<SP HEIGHT="63" WIDTH="38" VPOS="1652" HPOS="1351"/>
<String CONTENT="this" HEIGHT="53" WIDTH="116" VPOS="1647" HPOS="1390"/>
<SP HEIGHT="35" WIDTH="40" VPOS="1665" HPOS="1507"/>
<String CONTENT="company." HEIGHT="51" WIDTH="298" VPOS="1665" HPOS="1548"/>
<SP HEIGHT="54" WIDTH="75" VPOS="1648" HPOS="1847"/>
<String CONTENT="With" HEIGHT="55" WIDTH="164" VPOS="1647" HPOS="1923"/>
<SP HEIGHT="52" WIDTH="42" VPOS="1648" HPOS="2088"/>
<String CONTENT="supplementary" HEIGHT="147" WIDTH="1983" VPOS="1648" HPOS="353"/>
</TextLine>
<TextLine HEIGHT="71" WIDTH="1711" VPOS="1723" HPOS="648" STYLEREFS="StyleId-3ECCDB1E-EBB3-4A75-A0AF-8D5416537380-">
<String CONTENT="data" HEIGHT="53" WIDTH="135" VPOS="1726" HPOS="648"/>
<SP HEIGHT="34" WIDTH="31" VPOS="1744" HPOS="784"/>
<String CONTENT="compiled" HEIGHT="71" WIDTH="283" VPOS="1723" HPOS="816"/>
<SP HEIGHT="54" WIDTH="34" VPOS="1724" HPOS="1100"/>
<String CONTENT="from" HEIGHT="54" WIDTH="153" VPOS="1724" HPOS="1135"/>
<SP HEIGHT="53" WIDTH="30" VPOS="1725" HPOS="1289"/>
<String CONTENT="historical" HEIGHT="54" WIDTH="296" VPOS="1724" HPOS="1320"/>
<SP HEIGHT="55" WIDTH="33" VPOS="1725" HPOS="1617"/>
<String CONTENT="sources" HEIGHT="37" WIDTH="222" VPOS="1743" HPOS="1651"/>
<SP HEIGHT="35" WIDTH="32" VPOS="1744" HPOS="1874"/>
<String CONTENT="and" HEIGHT="53" WIDTH="113" VPOS="1726" HPOS="1907"/>
<SP HEIGHT="53" WIDTH="30" VPOS="1726" HPOS="2021"/>
<String CONTENT="notes" HEIGHT="48" WIDTH="159" VPOS="1731" HPOS="2052"/>
<SP HEIGHT="33" WIDTH="34" VPOS="1746" HPOS="2212"/>
<String CONTENT="and" HEIGHT="54" WIDTH="112" VPOS="1726" HPOS="2247"/>
</TextLine>
<TextLine HEIGHT="71" WIDTH="2005" VPOS="1803" HPOS="355" STYLEREFS="StyleId-3ECCDB1E-EBB3-4A75-A0AF-8D5416537380-">
<String CONTENT="photographs" HEIGHT="69" WIDTH="395" VPOS="1805" HPOS="355"/>
<SP HEIGHT="48" WIDTH="31" VPOS="1809" HPOS="751"/>
<String CONTENT="taken" HEIGHT="54" WIDTH="171" VPOS="1803" HPOS="783"/>
<SP HEIGHT="34" WIDTH="35" VPOS="1822" HPOS="955"/>
<String CONTENT="along" HEIGHT="69" WIDTH="172" VPOS="1804" HPOS="991"/>
<SP HEIGHT="64" WIDTH="32" VPOS="1809" HPOS="1164"/>
<String CONTENT="the" HEIGHT="52" WIDTH="96" VPOS="1804" HPOS="1197"/>
<SP HEIGHT="52" WIDTH="31" VPOS="1804" HPOS="1294"/>
<String CONTENT="line" HEIGHT="53" WIDTH="115" VPOS="1803" HPOS="1326"/>
<SP HEIGHT="35" WIDTH="33" VPOS="1821" HPOS="1442"/>
<String CONTENT="of" HEIGHT="53" WIDTH="65" VPOS="1803" HPOS="1476"/>
<SP HEIGHT="53" WIDTH="31" VPOS="1803" HPOS="1542"/>
<String CONTENT="travel;" HEIGHT="67" WIDTH="213" VPOS="1804" HPOS="1574"/>
<SP HEIGHT="49" WIDTH="35" VPOS="1822" HPOS="1788"/>
<String CONTENT="edited" HEIGHT="55" WIDTH="190" VPOS="1803" HPOS="1824"/>
<SP HEIGHT="54" WIDTH="32" VPOS="1804" HPOS="2015"/>
<String CONTENT="by" HEIGHT="70" WIDTH="75" VPOS="1804" HPOS="2048"/>
<SP HEIGHT="69" WIDTH="35" VPOS="1805" HPOS="2124"/>
<String CONTENT="Edgar" HEIGHT="69" WIDTH="200" VPOS="1805" HPOS="2160"/>
</TextLine>
<TextLine HEIGHT="71" WIDTH="2001" VPOS="1881" HPOS="353" STYLEREFS="StyleId-3ECCDB1E-EBB3-4A75-A0AF-8D5416537380-" CS="1">
<String CONTENT="M." HEIGHT="52" WIDTH="78" VPOS="1884" HPOS="353"/>
<SP HEIGHT="52" WIDTH="28" VPOS="1884" HPOS="432"/>
<String CS="1" CONTENT="Ledyard." HEIGHT="53" WIDTH="284" VPOS="1883" HPOS="461"/>
<SP HEIGHT="56" WIDTH="77" VPOS="1881" HPOS="746"/>
<String CONTENT="Salt" HEIGHT="56" WIDTH="126" VPOS="1881" HPOS="824"/>
<SP HEIGHT="53" WIDTH="26" VPOS="1881" HPOS="951"/>
<String CONTENT="Lake" HEIGHT="54" WIDTH="155" VPOS="1881" HPOS="978"/>
<SP HEIGHT="55" WIDTH="28" VPOS="1881" HPOS="1134"/>
<String CONTENT="City," HEIGHT="69" WIDTH="154" VPOS="1881" HPOS="1163"/>
<SP HEIGHT="67" WIDTH="24" VPOS="1882" HPOS="1318"/>
<String CONTENT="Utah" HEIGHT="55" WIDTH="160" VPOS="1881" HPOS="1343"/>
<SP HEIGHT="68" WIDTH="33" VPOS="1881" HPOS="1504"/>
<String CONTENT="[Legal" HEIGHT="69" WIDTH="194" VPOS="1881" HPOS="1538"/>
<SP HEIGHT="68" WIDTH="29" VPOS="1882" HPOS="1733"/>
<String CONTENT="printing" HEIGHT="71" WIDTH="264" VPOS="1881" HPOS="1763"/>
<SP HEIGHT="51" WIDTH="26" VPOS="1901" HPOS="2028"/>
<String CONTENT="company]" HEIGHT="51" WIDTH="299" VPOS="1901" HPOS="2055"/>
</TextLine>
<TextLine HEIGHT="51" WIDTH="149" VPOS="1964" HPOS="356" STYLEREFS="StyleId-3ECCDB1E-EBB3-4A75-A0AF-8D5416537380-">
<String CONTENT="1928." HEIGHT="51" WIDTH="149" VPOS="1964" HPOS="356"/>
</TextLine>
<TextLine HEIGHT="51" WIDTH="1255" VPOS="2043" HPOS="421" CS="1">
<String CONTENT="7" HEIGHT="40" WIDTH="27" VPOS="2046" HPOS="421"/>
<SP HEIGHT="48" WIDTH="25" VPOS="2046" HPOS="449"/>
<String LANG="fr" CONTENT="p." HEIGHT="38" WIDTH="43" VPOS="2056" HPOS="475"/>
<SP HEIGHT="41" WIDTH="25" VPOS="2045" HPOS="519"/>
<String CS="1" CONTENT="l.," HEIGHT="17" WIDTH="10" VPOS="2075" HPOS="580"/>
<SP HEIGHT="47" WIDTH="25" VPOS="2045" HPOS="591"/>
<String CONTENT="198" HEIGHT="40" WIDTH="85" VPOS="2044" HPOS="617"/>
<SP HEIGHT="48" WIDTH="23" VPOS="2044" HPOS="703"/>
<String CONTENT="p." HEIGHT="38" WIDTH="43" VPOS="2054" HPOS="727"/>
<SP HEIGHT="37" WIDTH="60" VPOS="2054" HPOS="771"/>
<String CONTENT="plates," HEIGHT="47" WIDTH="171" VPOS="2044" HPOS="832"/>
<SP HEIGHT="38" WIDTH="28" VPOS="2053" HPOS="1004"/>
<String CONTENT="ports.," HEIGHT="46" WIDTH="163" VPOS="2045" HPOS="1033"/>
<SP HEIGHT="44" WIDTH="27" VPOS="2043" HPOS="1197"/>
<String CONTENT="fold." HEIGHT="41" WIDTH="119" VPOS="2043" HPOS="1225"/>
<SP HEIGHT="31" WIDTH="26" VPOS="2053" HPOS="1345"/>
<String CONTENT="map." HEIGHT="39" WIDTH="127" VPOS="2052" HPOS="1372"/>
<SP HEIGHT="40" WIDTH="58" VPOS="2043" HPOS="1500"/>
<String CONTENT="24" HEIGHT="39" WIDTH="56" VPOS="2043" HPOS="1559"/>
<String STYLE="superscript" CS="1" CONTENT="&#7580;&#7504;"/>
<String CONTENT="." HEIGHT="9" WIDTH="9" VPOS="2075" HPOS="1667"/>
</TextLine>
<TextLine HEIGHT="50" WIDTH="1010" VPOS="2099" HPOS="423">
<String CONTENT="Running" HEIGHT="47" WIDTH="231" VPOS="2102" HPOS="423"/>
<SP HEIGHT="47" WIDTH="27" VPOS="2102" HPOS="655"/>
<String CONTENT="title;" HEIGHT="41" WIDTH="135" VPOS="2100" HPOS="683"/>
<SP HEIGHT="40" WIDTH="33" VPOS="2101" HPOS="819"/>
<String CONTENT="Birmingham" HEIGHT="49" WIDTH="338" VPOS="2099" HPOS="853"/>
<SP HEIGHT="47" WIDTH="27" VPOS="2100" HPOS="1192"/>
<String CONTENT="journal." HEIGHT="47" WIDTH="213" VPOS="2100" HPOS="1220"/>
</TextLine>
<TextLine HEIGHT="51" WIDTH="1766" VPOS="2155" HPOS="423">
<String CONTENT="&#8220;Edition" HEIGHT="41" WIDTH="228" VPOS="2158" HPOS="423"/>
<SP HEIGHT="39" WIDTH="27" VPOS="2159" HPOS="652"/>
<String CONTENT="limited" HEIGHT="41" WIDTH="190" VPOS="2157" HPOS="680"/>
<SP HEIGHT="39" WIDTH="28" VPOS="2158" HPOS="871"/>
<String CONTENT="to" HEIGHT="38" WIDTH="50" VPOS="2159" HPOS="900"/>
<SP HEIGHT="40" WIDTH="26" VPOS="2157" HPOS="951"/>
<String CONTENT="1000" HEIGHT="41" WIDTH="118" VPOS="2156" HPOS="978"/>
<SP HEIGHT="41" WIDTH="25" VPOS="2156" HPOS="1097"/>
<String CONTENT="copies" HEIGHT="48" WIDTH="160" VPOS="2156" HPOS="1123"/>
<SP HEIGHT="30" WIDTH="28" VPOS="2167" HPOS="1284"/>
<String CONTENT="of" HEIGHT="41" WIDTH="52" VPOS="2156" HPOS="1313"/>
<SP HEIGHT="40" WIDTH="27" VPOS="2156" HPOS="1366"/>
<String CONTENT="which" HEIGHT="42" WIDTH="158" VPOS="2155" HPOS="1394"/>
<SP HEIGHT="40" WIDTH="28" VPOS="2157" HPOS="1553"/>
<String CONTENT="300" HEIGHT="40" WIDTH="88" VPOS="2157" HPOS="1582"/>
<SP HEIGHT="40" WIDTH="25" VPOS="2157" HPOS="1671"/>
<String CONTENT="are" HEIGHT="29" WIDTH="84" VPOS="2167" HPOS="1697"/>
<SP HEIGHT="29" WIDTH="28" VPOS="2167" HPOS="1782"/>
<String CONTENT="autographed.&#8221;" HEIGHT="49" WIDTH="378" VPOS="2157" HPOS="1811"/>
</TextLine>
<TextLine HEIGHT="50" WIDTH="1933" VPOS="2212" HPOS="424" CS="1">
<String CONTENT="&#8220;The" HEIGHT="39" WIDTH="129" VPOS="2216" HPOS="424"/>
<SP HEIGHT="40" WIDTH="24" VPOS="2215" HPOS="554"/>
<String CONTENT="Latter-day" HEIGHT="46" WIDTH="288" VPOS="2215" HPOS="579"/>
<SP HEIGHT="36" WIDTH="22" VPOS="2225" HPOS="868"/>
<String CONTENT="saints&#8217;" HEIGHT="42" WIDTH="173" VPOS="2212" HPOS="891"/>
<SP HEIGHT="41" WIDTH="20" VPOS="2212" HPOS="1065"/>
<String CONTENT="emigrants&#8217;" HEIGHT="49" WIDTH="283" VPOS="2212" HPOS="1086"/>
<SP HEIGHT="49" WIDTH="23" VPOS="2212" HPOS="1370"/>
<String CONTENT="guide" HEIGHT="48" WIDTH="145" VPOS="2213" HPOS="1394"/>
<SP HEIGHT="29" WIDTH="24" VPOS="2224" HPOS="1540"/>
<String CS="1" CONTENT="&#8230;"/>
<SP HEIGHT="40" WIDTH="26" VPOS="2213" HPOS="1613"/>
<String CONTENT="by" HEIGHT="47" WIDTH="62" VPOS="2213" HPOS="1640"/>
<SP HEIGHT="46" WIDTH="22" VPOS="2214" HPOS="1703"/>
<String CONTENT="W." HEIGHT="40" WIDTH="72" VPOS="2214" HPOS="1726"/>
<SP HEIGHT="42" WIDTH="24" VPOS="2213" HPOS="1799"/>
<String CONTENT="Clayton." HEIGHT="49" WIDTH="220" VPOS="2213" HPOS="1824"/>
<SP HEIGHT="41" WIDTH="56" VPOS="2214" HPOS="2045"/>
<String CONTENT="St." HEIGHT="41" WIDTH="67" VPOS="2214" HPOS="2102"/>
<SP HEIGHT="40" WIDTH="25" VPOS="2215" HPOS="2170"/>
<String CONTENT="Louis," HEIGHT="47" WIDTH="161" VPOS="2215" HPOS="2196"/>
</TextLine>
<TextLine HEIGHT="101" WIDTH="1974" VPOS="2269" HPOS="351" CS="1">
<String CONTENT="Mo.," HEIGHT="46" WIDTH="106" VPOS="2274" HPOS="353"/>
<SP HEIGHT="47" WIDTH="26" VPOS="2273" HPOS="460"/>
<String CONTENT="Republican" HEIGHT="49" WIDTH="301" VPOS="2271" HPOS="487"/>
<SP HEIGHT="30" WIDTH="24" VPOS="2281" HPOS="789"/>
<String CONTENT="steam" HEIGHT="39" WIDTH="154" VPOS="2272" HPOS="814"/>
<SP HEIGHT="37" WIDTH="27" VPOS="2281" HPOS="969"/>
<String CONTENT="power" HEIGHT="38" WIDTH="161" VPOS="2280" HPOS="997"/>
<SP HEIGHT="37" WIDTH="25" VPOS="2280" HPOS="1159"/>
<String CONTENT="press," HEIGHT="37" WIDTH="151" VPOS="2280" HPOS="1185"/>
<SP HEIGHT="47" WIDTH="26" VPOS="2269" HPOS="1337"/>
<String CONTENT="Chambers" HEIGHT="41" WIDTH="264" VPOS="2269" HPOS="1364"/>
<SP HEIGHT="40" WIDTH="27" VPOS="2270" HPOS="1629"/>
<String CONTENT="&amp;" HEIGHT="40" WIDTH="36" VPOS="2270" HPOS="1657"/>
<SP HEIGHT="40" WIDTH="23" VPOS="2270" HPOS="1694"/>
<String CONTENT="Knapp," HEIGHT="48" WIDTH="191" VPOS="2270" HPOS="1718"/>
<SP HEIGHT="45" WIDTH="26" VPOS="2271" HPOS="1910"/>
<String CS="1" CONTENT="1848&#8221;:" HEIGHT="41" WIDTH="142" VPOS="2270" HPOS="1937"/>
<SP/>
<String CONTENT="p." HEIGHT="37" WIDTH="43" VPOS="2282" HPOS="2138"/>
<SP HEIGHT="30" WIDTH="30" VPOS="2291" HPOS="2182"/>
<String CS="1" CONTENT="[137]-176." HEIGHT="98" WIDTH="1974" VPOS="2272" HPOS="351"/>
</TextLine>
<TextLine HEIGHT="103" WIDTH="1989" VPOS="2381" HPOS="353" CS="1">
<String CONTENT="The" HEIGHT="40" WIDTH="103" VPOS="2386" HPOS="422"/>
<SP HEIGHT="41" WIDTH="25" VPOS="2385" HPOS="526"/>
<String CONTENT="itinerary" HEIGHT="47" WIDTH="243" VPOS="2384" HPOS="552"/>
<SP HEIGHT="48" WIDTH="25" VPOS="2383" HPOS="796"/>
<String CONTENT="from" HEIGHT="41" WIDTH="129" VPOS="2383" HPOS="822"/>
<SP HEIGHT="41" WIDTH="29" VPOS="2383" HPOS="952"/>
<String CONTENT="Salt" HEIGHT="41" WIDTH="105" VPOS="2383" HPOS="982"/>
<SP HEIGHT="40" WIDTH="28" VPOS="2383" HPOS="1088"/>
<String CONTENT="Lake" HEIGHT="40" WIDTH="133" VPOS="2383" HPOS="1117"/>
<SP HEIGHT="42" WIDTH="27" VPOS="2382" HPOS="1251"/>
<String CONTENT="City" HEIGHT="48" WIDTH="111" VPOS="2382" HPOS="1279"/>
<SP HEIGHT="47" WIDTH="27" VPOS="2383" HPOS="1391"/>
<String CONTENT="to" HEIGHT="39" WIDTH="50" VPOS="2383" HPOS="1419"/>
<SP HEIGHT="41" WIDTH="30" VPOS="2381" HPOS="1470"/>
<String CONTENT="Sacramento" HEIGHT="42" WIDTH="316" VPOS="2381" HPOS="1501"/>
<SP HEIGHT="29" WIDTH="26" VPOS="2394" HPOS="1818"/>
<String CONTENT="and" HEIGHT="40" WIDTH="95" VPOS="2384" HPOS="1845"/>
<SP HEIGHT="40" WIDTH="30" VPOS="2384" HPOS="1941"/>
<String CONTENT="Benicia" HEIGHT="41" WIDTH="199" VPOS="2384" HPOS="1972"/>
<SP HEIGHT="29" WIDTH="28" VPOS="2395" HPOS="2172"/>
<String CONTENT="as" HEIGHT="29" WIDTH="55" VPOS="2395" HPOS="2201"/>
<SP HEIGHT="39" WIDTH="26" VPOS="2386" HPOS="2257"/>
<String CONTENT="described" HEIGHT="98" WIDTH="1989" VPOS="2386" HPOS="353"/>
</TextLine>
<TextLine HEIGHT="49" WIDTH="1782" VPOS="2439" HPOS="575">
<String CONTENT="in" HEIGHT="40" WIDTH="51" VPOS="2441" HPOS="575"/>
<SP HEIGHT="39" WIDTH="32" VPOS="2442" HPOS="627"/>
<String CONTENT="Marcy&#8217;s" HEIGHT="48" WIDTH="209" VPOS="2440" HPOS="660"/>
<SP HEIGHT="40" WIDTH="31" VPOS="2440" HPOS="870"/>
<String CONTENT="Prairie" HEIGHT="41" WIDTH="192" VPOS="2439" HPOS="902"/>
<SP HEIGHT="39" WIDTH="33" VPOS="2441" HPOS="1095"/>
<String CONTENT="traveller," HEIGHT="46" WIDTH="246" VPOS="2439" HPOS="1129"/>
<SP HEIGHT="35" WIDTH="33" VPOS="2450" HPOS="1376"/>
<String CONTENT="edited" HEIGHT="41" WIDTH="163" VPOS="2439" HPOS="1410"/>
<SP HEIGHT="40" WIDTH="30" VPOS="2439" HPOS="1574"/>
<String CONTENT="by" HEIGHT="48" WIDTH="61" VPOS="2439" HPOS="1605"/>
<SP HEIGHT="47" WIDTH="34" VPOS="2440" HPOS="1667"/>
<String CONTENT="Richard" HEIGHT="41" WIDTH="215" VPOS="2439" HPOS="1702"/>
<SP HEIGHT="40" WIDTH="34" VPOS="2440" HPOS="1918"/>
<String CONTENT="F." HEIGHT="41" WIDTH="51" VPOS="2440" HPOS="1953"/>
<SP HEIGHT="40" WIDTH="32" VPOS="2441" HPOS="2005"/>
<String CONTENT="Burton" HEIGHT="41" WIDTH="189" VPOS="2441" HPOS="2038"/>
<SP HEIGHT="29" WIDTH="34" VPOS="2453" HPOS="2228"/>
<String CONTENT="and" HEIGHT="39" WIDTH="94" VPOS="2443" HPOS="2263"/>
</TextLine>
<TextLine HEIGHT="53" WIDTH="1130" VPOS="2495" HPOS="353" CS="1">
<String CONTENT="published" HEIGHT="49" WIDTH="254" VPOS="2499" HPOS="353"/>
<SP HEIGHT="41" WIDTH="29" VPOS="2497" HPOS="608"/>
<String CONTENT="in" HEIGHT="40" WIDTH="49" VPOS="2497" HPOS="638"/>
<SP HEIGHT="40" WIDTH="25" VPOS="2497" HPOS="688"/>
<String CONTENT="London" HEIGHT="40" WIDTH="198" VPOS="2497" HPOS="714"/>
<SP HEIGHT="40" WIDTH="28" VPOS="2496" HPOS="913"/>
<String CONTENT="in" HEIGHT="40" WIDTH="50" VPOS="2496" HPOS="942"/>
<SP HEIGHT="39" WIDTH="25" VPOS="2497" HPOS="993"/>
<String CS="1" CONTENT="1863:" HEIGHT="41" WIDTH="114" VPOS="2495" HPOS="1019"/>
<SP/>
<String CONTENT="p." HEIGHT="37" WIDTH="43" VPOS="2507" HPOS="1193"/>
<SP HEIGHT="40" WIDTH="27" VPOS="2496" HPOS="1237"/>
<String CONTENT="177-182." HEIGHT="41" WIDTH="218" VPOS="2495" HPOS="1265"/>
</TextLine>
<TextLine HEIGHT="53" WIDTH="2000" VPOS="2552" HPOS="359" CS="1">
<String CONTENT="&#169;" HEIGHT="52" WIDTH="52" VPOS="2553" HPOS="359"/>
<SP HEIGHT="52" WIDTH="25" VPOS="2553" HPOS="412"/>
<String CONTENT="Oct." HEIGHT="40" WIDTH="102" VPOS="2557" HPOS="438"/>
<SP HEIGHT="38" WIDTH="23" VPOS="2557" HPOS="541"/>
<String CONTENT="25," HEIGHT="47" WIDTH="69" VPOS="2556" HPOS="565"/>
<SP HEIGHT="47" WIDTH="24" VPOS="2556" HPOS="635"/>
<String CS="1" CONTENT="1928;" HEIGHT="40" WIDTH="116" VPOS="2555" HPOS="660"/>
<SP HEIGHT="42" WIDTH="26" VPOS="2554" HPOS="802"/>
<String CONTENT="2c." HEIGHT="40" WIDTH="67" VPOS="2554" HPOS="829"/>
<SP HEIGHT="39" WIDTH="26" VPOS="2554" HPOS="897"/>
<String CONTENT="Feb." HEIGHT="39" WIDTH="110" VPOS="2554" HPOS="924"/>
<SP HEIGHT="40" WIDTH="25" VPOS="2553" HPOS="1035"/>
<String CS="1" CONTENT="25," HEIGHT="38" WIDTH="55" VPOS="2553" HPOS="1061"/>
<SP/>
<String CS="1" CONTENT="1929;"/>
<SP/>
<String CONTENT="aff." HEIGHT="41" WIDTH="82" VPOS="2552" HPOS="1327"/>
<SP HEIGHT="40" WIDTH="25" VPOS="2553" HPOS="1410"/>
<String CONTENT="Feb." HEIGHT="39" WIDTH="111" VPOS="2553" HPOS="1436"/>
<SP HEIGHT="39" WIDTH="24" VPOS="2553" HPOS="1548"/>
<String CS="1" CONTENT="23;" HEIGHT="38" WIDTH="55" VPOS="2553" HPOS="1573"/>
<SP/>
<!-- cceid 8D193133-6CFA-1014-9C3C-CEA95E7AA542 --><String CS="1" CONTENT="A"/>
<SP HEIGHT="40" WIDTH="26" VPOS="2552" HPOS="1724"/>
<String CS="1" CONTENT="5481;" HEIGHT="40" WIDTH="106" VPOS="2552" HPOS="1751"/>
<SP/>
<String CONTENT="Virginia" HEIGHT="45" WIDTH="219" VPOS="2554" HPOS="1922"/>
<SP HEIGHT="38" WIDTH="28" VPOS="2557" HPOS="2142"/>
<String CONTENT="Barnes" HEIGHT="39" WIDTH="188" VPOS="2557" HPOS="2171"/>
</TextLine>
<TextLine HEIGHT="49" WIDTH="1931" VPOS="2610" HPOS="426" CS="1">
<String CONTENT="McCormick," HEIGHT="46" WIDTH="317" VPOS="2612" HPOS="426"/>
<SP HEIGHT="46" WIDTH="30" VPOS="2612" HPOS="744"/>
<String LANG="fr" CONTENT="Des" HEIGHT="39" WIDTH="96" VPOS="2612" HPOS="775"/>
<SP HEIGHT="38" WIDTH="28" VPOS="2612" HPOS="872"/>
<String CONTENT="Moines," HEIGHT="47" WIDTH="201" VPOS="2610" HPOS="901"/>
<SP HEIGHT="46" WIDTH="29" VPOS="2611" HPOS="1103"/>
<String CS="1" CONTENT="Ia.," HEIGHT="32" WIDTH="57" VPOS="2620" HPOS="1160"/>
<SP HEIGHT="32" WIDTH="29" VPOS="2620" HPOS="1218"/>
<String CONTENT="and" HEIGHT="39" WIDTH="96" VPOS="2610" HPOS="1248"/>
<SP HEIGHT="39" WIDTH="28" VPOS="2610" HPOS="1345"/>
<String CONTENT="Edgar" HEIGHT="46" WIDTH="162" VPOS="2611" HPOS="1374"/>
<SP HEIGHT="38" WIDTH="30" VPOS="2611" HPOS="1537"/>
<String CONTENT="M." HEIGHT="39" WIDTH="62" VPOS="2611" HPOS="1568"/>
<SP HEIGHT="40" WIDTH="29" VPOS="2610" HPOS="1631"/>
<String CONTENT="Ledyard," HEIGHT="49" WIDTH="238" VPOS="2610" HPOS="1661"/>
<SP HEIGHT="48" WIDTH="32" VPOS="2611" HPOS="1900"/>
<String CONTENT="Salt" HEIGHT="41" WIDTH="105" VPOS="2611" HPOS="1933"/>
<SP HEIGHT="39" WIDTH="29" VPOS="2613" HPOS="2039"/>
<String CONTENT="Lake" HEIGHT="40" WIDTH="132" VPOS="2613" HPOS="2069"/>
<SP HEIGHT="41" WIDTH="30" VPOS="2612" HPOS="2202"/>
<String CS="1" CONTENT="City." HEIGHT="41" WIDTH="124" VPOS="2612" HPOS="2233"/>
</TextLine>
<TextLine HEIGHT="50" WIDTH="251" VPOS="2668" HPOS="436">
<String CONTENT="(29-5575)" HEIGHT="50" WIDTH="251" VPOS="2668" HPOS="436"/>
</TextLine>
<TextLine HEIGHT="63" WIDTH="966" VPOS="2748" HPOS="357" STYLEREFS="StyleId-39C4BD01-A694-47FA-A4C5-F69FD6A69CD5-">
<String LANG="fr" CONTENT="McGraw," HEIGHT="62" WIDTH="290" VPOS="2749" HPOS="357"/>
<SP HEIGHT="61" WIDTH="29" VPOS="2750" HPOS="648"/>
<String LANG="en-US" CONTENT="Hiram" HEIGHT="52" WIDTH="211" VPOS="2749" HPOS="678"/>
<SP HEIGHT="52" WIDTH="26" VPOS="2749" HPOS="890"/>
<String LANG="en-US" CONTENT="Ward," HEIGHT="63" WIDTH="200" VPOS="2748" HPOS="917"/>
<SP HEIGHT="58" WIDTH="32" VPOS="2753" HPOS="1118"/>
<String LANG="en-US" CONTENT="1891-" HEIGHT="49" WIDTH="172" VPOS="2753" HPOS="1151"/>
</TextLine>
<TextLine HEIGHT="70" WIDTH="1938" VPOS="2825" HPOS="422" STYLEREFS="StyleId-3ECCDB1E-EBB3-4A75-A0AF-8D5416537380-">
<String CONTENT="The" HEIGHT="52" WIDTH="121" VPOS="2828" HPOS="422"/>
<SP HEIGHT="47" WIDTH="28" VPOS="2833" HPOS="544"/>
<String CONTENT="teaching" HEIGHT="66" WIDTH="268" VPOS="2827" HPOS="573"/>
<SP HEIGHT="49" WIDTH="28" VPOS="2844" HPOS="842"/>
<String CONTENT="of" HEIGHT="54" WIDTH="64" VPOS="2825" HPOS="871"/>
<SP HEIGHT="53" WIDTH="28" VPOS="2825" HPOS="936"/>
<String CONTENT="literature" HEIGHT="52" WIDTH="297" VPOS="2826" HPOS="965"/>
<SP HEIGHT="53" WIDTH="29" VPOS="2825" HPOS="1263"/>
<String CONTENT="in" HEIGHT="53" WIDTH="59" VPOS="2825" HPOS="1293"/>
<SP HEIGHT="47" WIDTH="29" VPOS="2831" HPOS="1353"/>
<String CONTENT="the" HEIGHT="52" WIDTH="96" VPOS="2826" HPOS="1383"/>
<SP HEIGHT="52" WIDTH="29" VPOS="2826" HPOS="1480"/>
<String CONTENT="high" HEIGHT="70" WIDTH="140" VPOS="2825" HPOS="1510"/>
<SP HEIGHT="53" WIDTH="31" VPOS="2825" HPOS="1651"/>
<String CONTENT="school;" HEIGHT="57" WIDTH="219" VPOS="2826" HPOS="1683"/>
<SP HEIGHT="39" WIDTH="35" VPOS="2844" HPOS="1903"/>
<String CONTENT="a" HEIGHT="34" WIDTH="31" VPOS="2845" HPOS="1939"/>
<SP HEIGHT="34" WIDTH="29" VPOS="2845" HPOS="1971"/>
<String CONTENT="manual" HEIGHT="52" WIDTH="232" VPOS="2827" HPOS="2001"/>
<SP HEIGHT="53" WIDTH="31" VPOS="2825" HPOS="2234"/>
<String CONTENT="for" HEIGHT="54" WIDTH="94" VPOS="2825" HPOS="2266"/>
</TextLine>
<TextLine HEIGHT="72" WIDTH="2007" VPOS="2903" HPOS="353" STYLEREFS="StyleId-3ECCDB1E-EBB3-4A75-A0AF-8D5416537380-" CS="1">
<String CONTENT="teachers," HEIGHT="64" WIDTH="269" VPOS="2908" HPOS="353"/>
<SP HEIGHT="65" WIDTH="51" VPOS="2907" HPOS="623"/>
<String CONTENT="by" HEIGHT="67" WIDTH="73" VPOS="2907" HPOS="675"/>
<SP HEIGHT="68" WIDTH="52" VPOS="2906" HPOS="749"/>
<String CONTENT="H." HEIGHT="53" WIDTH="76" VPOS="2906" HPOS="802"/>
<SP HEIGHT="53" WIDTH="54" VPOS="2906" HPOS="879"/>
<String CONTENT="Ward" HEIGHT="52" WIDTH="182" VPOS="2906" HPOS="934"/>
<SP HEIGHT="52" WIDTH="53" VPOS="2906" HPOS="1117"/>
<String LANG="fr" CONTENT="McGraw" HEIGHT="56" WIDTH="273" VPOS="2903" HPOS="1171"/>
<SP HEIGHT="32" WIDTH="60" VPOS="2924" HPOS="1445"/>
<String CS="1" CONTENT="&#8230;"/>
<SP HEIGHT="53" WIDTH="93" VPOS="2904" HPOS="1561"/>
<String CONTENT="New" HEIGHT="54" WIDTH="139" VPOS="2904" HPOS="1655"/>
<SP HEIGHT="51" WIDTH="54" VPOS="2906" HPOS="1795"/>
<String CONTENT="York," HEIGHT="68" WIDTH="182" VPOS="2905" HPOS="1850"/>
<SP HEIGHT="69" WIDTH="55" VPOS="2904" HPOS="2033"/>
<String CONTENT="Chicago," HEIGHT="71" WIDTH="271" VPOS="2904" HPOS="2089"/>
</TextLine>
<TextLine HEIGHT="68" WIDTH="1137" VPOS="2984" HPOS="353" STYLEREFS="StyleId-3ECCDB1E-EBB3-4A75-A0AF-8D5416537380-" CS="1">
<String CONTENT="Charles" HEIGHT="55" WIDTH="239" VPOS="2984" HPOS="353"/>
<SP HEIGHT="52" WIDTH="27" VPOS="2986" HPOS="593"/>
<String CONTENT="E." HEIGHT="51" WIDTH="67" VPOS="2986" HPOS="621"/>
<SP HEIGHT="52" WIDTH="30" VPOS="2985" HPOS="689"/>
<String CONTENT="Merrill" HEIGHT="52" WIDTH="227" VPOS="2984" HPOS="720"/>
<SP HEIGHT="52" WIDTH="29" VPOS="2985" HPOS="948"/>
<String CONTENT="company" HEIGHT="50" WIDTH="283" VPOS="3002" HPOS="978"/>
<SP HEIGHT="50" WIDTH="35" VPOS="3002" HPOS="1262"/>
<String CONTENT="[" HEIGHT="33" WIDTH="12" VPOS="3017" HPOS="1298"/>
<String STYLE="superscript" CS="1" CONTENT="&#7580;19"/>
<String CONTENT="29]" HEIGHT="63" WIDTH="84" VPOS="2986" HPOS="1406"/>
</TextLine>
<TextLine HEIGHT="49" WIDTH="555" VPOS="3067" HPOS="422" CS="1">
<String CONTENT="3" HEIGHT="40" WIDTH="26" VPOS="3069" HPOS="422"/>
<SP HEIGHT="47" WIDTH="32" VPOS="3069" HPOS="449"/>
<String LANG="fr" CONTENT="p." HEIGHT="37" WIDTH="42" VPOS="3079" HPOS="482"/>
<SP HEIGHT="38" WIDTH="31" VPOS="3069" HPOS="525"/>
<String CS="1" CONTENT="l.," HEIGHT="14" WIDTH="8" VPOS="3100" HPOS="595"/>
<SP HEIGHT="46" WIDTH="32" VPOS="3068" HPOS="604"/>
<String CONTENT="165" HEIGHT="40" WIDTH="85" VPOS="3067" HPOS="637"/>
<SP HEIGHT="49" WIDTH="30" VPOS="3067" HPOS="723"/>
<String CONTENT="p." HEIGHT="38" WIDTH="44" VPOS="3078" HPOS="754"/>
<SP HEIGHT="40" WIDTH="60" VPOS="3068" HPOS="799"/>
<String CONTENT="16" HEIGHT="40" WIDTH="56" VPOS="3067" HPOS="860"/>
<String STYLE="superscript" CS="1" CONTENT="&#7580;&#7504;"/>
<String CONTENT="." HEIGHT="8" WIDTH="9" VPOS="3099" HPOS="968"/>
</TextLine>
<TextLine HEIGHT="48" WIDTH="1109" VPOS="3123" HPOS="426" CS="1">
<String CONTENT="&#8220;A" HEIGHT="39" WIDTH="70" VPOS="3125" HPOS="426"/>
<SP HEIGHT="39" WIDTH="24" VPOS="3125" HPOS="497"/>
<String CONTENT="short" HEIGHT="39" WIDTH="136" VPOS="3125" HPOS="522"/>
<SP HEIGHT="38" WIDTH="27" VPOS="3126" HPOS="659"/>
<String CONTENT="list" HEIGHT="40" WIDTH="84" VPOS="3124" HPOS="687"/>
<SP HEIGHT="38" WIDTH="28" VPOS="3126" HPOS="772"/>
<String CONTENT="of" HEIGHT="39" WIDTH="52" VPOS="3124" HPOS="801"/>
<SP HEIGHT="39" WIDTH="27" VPOS="3124" HPOS="854"/>
<String CS="1" CONTENT="references&#8221;:" HEIGHT="41" WIDTH="302" VPOS="3123" HPOS="882"/>
<SP/>
<String CONTENT="p." HEIGHT="37" WIDTH="42" VPOS="3134" HPOS="1245"/>
<SP HEIGHT="39" WIDTH="29" VPOS="3124" HPOS="1288"/>
<String CONTENT="143-145." HEIGHT="40" WIDTH="217" VPOS="3123" HPOS="1318"/>
</TextLine>
<TextLine HEIGHT="52" WIDTH="1997" VPOS="3178" HPOS="359">
<String CONTENT="&#169;" HEIGHT="52" WIDTH="52" VPOS="3178" HPOS="359"/>
<SP HEIGHT="52" WIDTH="29" VPOS="3178" HPOS="412"/>
<String CONTENT="Jan." HEIGHT="40" WIDTH="110" VPOS="3182" HPOS="442"/>
<SP HEIGHT="39" WIDTH="28" VPOS="3183" HPOS="553"/>
<String CONTENT="7," HEIGHT="46" WIDTH="40" VPOS="3183" HPOS="582"/>
<SP HEIGHT="47" WIDTH="29" VPOS="3182" HPOS="623"/>
<String CONTENT="1929;" HEIGHT="47" WIDTH="141" VPOS="3180" HPOS="653"/>
<SP HEIGHT="46" WIDTH="31" VPOS="3181" HPOS="795"/>
<String CONTENT="2c." HEIGHT="40" WIDTH="67" VPOS="3181" HPOS="827"/>
<SP HEIGHT="40" WIDTH="30" VPOS="3181" HPOS="895"/>
<String CONTENT="Feb." HEIGHT="40" WIDTH="112" VPOS="3181" HPOS="926"/>
<SP HEIGHT="40" WIDTH="29" VPOS="3181" HPOS="1039"/>
<String CONTENT="8;" HEIGHT="46" WIDTH="53" VPOS="3181" HPOS="1069"/>
<SP HEIGHT="36" WIDTH="32" VPOS="3191" HPOS="1123"/>
<String CONTENT="aff." HEIGHT="41" WIDTH="82" VPOS="3180" HPOS="1156"/>
<SP HEIGHT="40" WIDTH="30" VPOS="3181" HPOS="1239"/>
<String CONTENT="Feb." HEIGHT="41" WIDTH="112" VPOS="3180" HPOS="1270"/>
<SP HEIGHT="39" WIDTH="29" VPOS="3182" HPOS="1383"/>
<String CONTENT="7;" HEIGHT="45" WIDTH="53" VPOS="3182" HPOS="1413"/>
<SP HEIGHT="46" WIDTH="33" VPOS="3181" HPOS="1467"/>
<!-- cceid 8D1A72B1-6CFA-1014-9C3C-CEA95E7AA542 --><String CONTENT="A" HEIGHT="38" WIDTH="41" VPOS="3181" HPOS="1501"/>
<SP HEIGHT="38" WIDTH="27" VPOS="3181" HPOS="1543"/>
<String CONTENT="4286;" HEIGHT="47" WIDTH="142" VPOS="3180" HPOS="1571"/>
<SP HEIGHT="47" WIDTH="34" VPOS="3180" HPOS="1714"/>
<String CONTENT="Charles" HEIGHT="41" WIDTH="201" VPOS="3180" HPOS="1749"/>
<SP HEIGHT="39" WIDTH="32" VPOS="3182" HPOS="1951"/>
<String CONTENT="E." HEIGHT="39" WIDTH="51" VPOS="3182" HPOS="1984"/>
<SP HEIGHT="39" WIDTH="33" VPOS="3182" HPOS="2036"/>
<String CONTENT="Merrill" HEIGHT="40" WIDTH="187" VPOS="3182" HPOS="2070"/>
<SP HEIGHT="39" WIDTH="31" VPOS="3183" HPOS="2258"/>
<String CONTENT="co." HEIGHT="31" WIDTH="66" VPOS="3192" HPOS="2290"/>
</TextLine>
<TextLine HEIGHT="48" WIDTH="252" VPOS="3238" HPOS="436">
<String CONTENT="(29-5938)" HEIGHT="48" WIDTH="252" VPOS="3238" HPOS="436"/>
</TextLine>
<TextLine HEIGHT="62" WIDTH="879" VPOS="3318" HPOS="354" STYLEREFS="StyleId-39C4BD01-A694-47FA-A4C5-F69FD6A69CD5-">
<String CONTENT="McMorrow," HEIGHT="61" WIDTH="369" VPOS="3319" HPOS="354"/>
<SP HEIGHT="62" WIDTH="29" VPOS="3318" HPOS="724"/>
<String CONTENT="Thomas," HEIGHT="62" WIDTH="277" VPOS="3318" HPOS="754"/>
<SP HEIGHT="55" WIDTH="30" VPOS="3325" HPOS="1032"/>
<String CONTENT="1886-" HEIGHT="50" WIDTH="170" VPOS="3322" HPOS="1063"/>
</TextLine>
<TextLine HEIGHT="131" WIDTH="1979" VPOS="3394" HPOS="357" STYLEREFS="StyleId-3ECCDB1E-EBB3-4A75-A0AF-8D5416537380-" CS="1">
<String CONTENT="The" HEIGHT="52" WIDTH="121" VPOS="3395" HPOS="425"/>
<SP HEIGHT="35" WIDTH="24" VPOS="3413" HPOS="547"/>
<String CONTENT="sinister" HEIGHT="54" WIDTH="230" VPOS="3394" HPOS="572"/>
<SP HEIGHT="52" WIDTH="22" VPOS="3395" HPOS="803"/>
<String CONTENT="history" HEIGHT="69" WIDTH="224" VPOS="3394" HPOS="826"/>
<SP HEIGHT="50" WIDTH="23" VPOS="3413" HPOS="1051"/>
<String CONTENT="of" HEIGHT="53" WIDTH="66" VPOS="3394" HPOS="1075"/>
<SP HEIGHT="52" WIDTH="20" VPOS="3394" HPOS="1142"/>
<String CONTENT="Ambrose" HEIGHT="53" WIDTH="278" VPOS="3394" HPOS="1163"/>
<SP HEIGHT="52" WIDTH="26" VPOS="3395" HPOS="1442"/>
<String CONTENT="Hinkle," HEIGHT="63" WIDTH="236" VPOS="3394" HPOS="1469"/>
<SP HEIGHT="62" WIDTH="23" VPOS="3395" HPOS="1706"/>
<String CONTENT="by" HEIGHT="67" WIDTH="77" VPOS="3395" HPOS="1730"/>
<SP HEIGHT="66" WIDTH="24" VPOS="3396" HPOS="1808"/>
<String CONTENT="Thomas" HEIGHT="53" WIDTH="249" VPOS="3396" HPOS="1833"/>
<SP HEIGHT="54" WIDTH="23" VPOS="3395" HPOS="2083"/>
<String CONTENT="McMorrow" HEIGHT="130" WIDTH="1979" VPOS="3395" HPOS="357"/>
<SP HEIGHT="32" WIDTH="33" VPOS="3491" HPOS="475"/>
<String CS="1" CONTENT="&#8230;"/>
<SP HEIGHT="52" WIDTH="78" VPOS="3472" HPOS="565"/>
<String CONTENT="New" HEIGHT="52" WIDTH="140" VPOS="3472" HPOS="644"/>
</TextLine>
<TextLine HEIGHT="69" WIDTH="1367" VPOS="3470" HPOS="817" STYLEREFS="StyleId-3ECCDB1E-EBB3-4A75-A0AF-8D5416537380-" CS="1">
<String CONTENT="York," HEIGHT="57" WIDTH="181" VPOS="3471" HPOS="817"/>
<SP HEIGHT="56" WIDTH="29" VPOS="3472" HPOS="999"/>
<String LANG="fr" CONTENT="J." HEIGHT="54" WIDTH="55" VPOS="3472" HPOS="1029"/>
<SP HEIGHT="52" WIDTH="31" VPOS="3472" HPOS="1085"/>
<String CONTENT="H." HEIGHT="52" WIDTH="76" VPOS="3472" HPOS="1117"/>
<SP HEIGHT="56" WIDTH="36" VPOS="3470" HPOS="1194"/>
<String CONTENT="Sears" HEIGHT="56" WIDTH="167" VPOS="3470" HPOS="1231"/>
<SP HEIGHT="51" WIDTH="31" VPOS="3474" HPOS="1399"/>
<String CONTENT="&amp;" HEIGHT="50" WIDTH="51" VPOS="3474" HPOS="1431"/>
<SP HEIGHT="51" WIDTH="30" VPOS="3474" HPOS="1483"/>
<String CONTENT="company," HEIGHT="50" WIDTH="299" VPOS="3489" HPOS="1514"/>
<SP HEIGHT="66" WIDTH="31" VPOS="3472" HPOS="1814"/>
<String CONTENT="inc." HEIGHT="53" WIDTH="107" VPOS="3472" HPOS="1846"/>
<SP HEIGHT="33" WIDTH="37" VPOS="3506" HPOS="1954"/>
<String CS="1" CONTENT="["/>
<String STYLE="superscript" CS="1" CONTENT="&#7580;19"/>
<String CONTENT="29]" HEIGHT="63" WIDTH="84" VPOS="3476" HPOS="2100"/>
</TextLine>
<TextLine HEIGHT="49" WIDTH="593" VPOS="3555" HPOS="423" CS="1">
<String CONTENT="3" HEIGHT="40" WIDTH="26" VPOS="3556" HPOS="423"/>
<SP HEIGHT="47" WIDTH="28" VPOS="3556" HPOS="450"/>
<String LANG="fr" CONTENT="p." HEIGHT="37" WIDTH="44" VPOS="3566" HPOS="479"/>
<SP HEIGHT="40" WIDTH="24" VPOS="3556" HPOS="524"/>
<String CS="1" CONTENT="l.," HEIGHT="14" WIDTH="8" VPOS="3586" HPOS="586"/>
<SP HEIGHT="44" WIDTH="26" VPOS="3556" HPOS="595"/>
<String CONTENT="3-311" HEIGHT="41" WIDTH="144" VPOS="3555" HPOS="622"/>
<SP HEIGHT="49" WIDTH="27" VPOS="3555" HPOS="767"/>
<String CONTENT="p." HEIGHT="38" WIDTH="43" VPOS="3566" HPOS="795"/>
<SP HEIGHT="39" WIDTH="57" VPOS="3555" HPOS="839"/>
<String CONTENT="20" HEIGHT="40" WIDTH="59" VPOS="3555" HPOS="897"/>
<String STYLE="superscript" CS="1" CONTENT="&#7580;&#7504;"/>
<String CONTENT="." HEIGHT="8" WIDTH="10" VPOS="3587" HPOS="1006"/>
</TextLine>
<TextLine HEIGHT="52" WIDTH="1996" VPOS="3608" HPOS="360" CS="1">
<String CONTENT="&#169;" HEIGHT="52" WIDTH="52" VPOS="3608" HPOS="360"/>
<SP HEIGHT="52" WIDTH="26" VPOS="3608" HPOS="413"/>
<String CONTENT="Feb." HEIGHT="40" WIDTH="111" VPOS="3613" HPOS="440"/>
<SP HEIGHT="41" WIDTH="24" VPOS="3612" HPOS="552"/>
<String CS="1" CONTENT="27," HEIGHT="39" WIDTH="56" VPOS="3612" HPOS="577"/>
<SP/>
<String CS="1" CONTENT="1929;"/>
<SP HEIGHT="41" WIDTH="27" VPOS="3612" HPOS="815"/>
<String CONTENT="2c." HEIGHT="40" WIDTH="67" VPOS="3612" HPOS="843"/>
<SP HEIGHT="39" WIDTH="27" VPOS="3613" HPOS="911"/>
<String CONTENT="Mar." HEIGHT="38" WIDTH="121" VPOS="3613" HPOS="939"/>
<SP HEIGHT="40" WIDTH="27" VPOS="3611" HPOS="1061"/>
<String CS="1" CONTENT="2;" HEIGHT="39" WIDTH="25" VPOS="3611" HPOS="1089"/>
<SP/>
<String CONTENT="aff." HEIGHT="41" WIDTH="83" VPOS="3611" HPOS="1171"/>
<SP HEIGHT="40" WIDTH="26" VPOS="3612" HPOS="1255"/>
<String CONTENT="Mar." HEIGHT="39" WIDTH="122" VPOS="3612" HPOS="1282"/>
<SP HEIGHT="39" WIDTH="27" VPOS="3612" HPOS="1405"/>
<String CS="1" CONTENT="1;" HEIGHT="38" WIDTH="17" VPOS="3612" HPOS="1433"/>
<SP/>
<!-- cceid 8D1BB24C-6CFA-1014-9C3C-CEA95E7AA542 --><String CONTENT="A" HEIGHT="39" WIDTH="41" VPOS="3612" HPOS="1515"/>
<SP HEIGHT="39" WIDTH="25" VPOS="3612" HPOS="1557"/>
<String CS="1" CONTENT="4664;" HEIGHT="40" WIDTH="115" VPOS="3612" HPOS="1583"/>
<SP HEIGHT="40" WIDTH="30" VPOS="3613" HPOS="1725"/>
<String LANG="fr" CONTENT="J." HEIGHT="39" WIDTH="42" VPOS="3613" HPOS="1756"/>
<SP HEIGHT="39" WIDTH="28" VPOS="3613" HPOS="1799"/>
<String CONTENT="H." HEIGHT="40" WIDTH="60" VPOS="3613" HPOS="1828"/>
<SP HEIGHT="40" WIDTH="30" VPOS="3613" HPOS="1889"/>
<String CONTENT="Sears" HEIGHT="40" WIDTH="143" VPOS="3613" HPOS="1920"/>
<SP HEIGHT="40" WIDTH="27" VPOS="3613" HPOS="2064"/>
<String CONTENT="&amp;" HEIGHT="40" WIDTH="35" VPOS="3613" HPOS="2092"/>
<SP HEIGHT="40" WIDTH="25" VPOS="3613" HPOS="2128"/>
<String CONTENT="co.," HEIGHT="34" WIDTH="82" VPOS="3624" HPOS="2154"/>
<SP HEIGHT="45" WIDTH="27" VPOS="3613" HPOS="2237"/>
<String CONTENT="inc." HEIGHT="40" WIDTH="91" VPOS="3613" HPOS="2265"/>
</TextLine>
<TextLine HEIGHT="49" WIDTH="251" VPOS="3668" HPOS="439">
<String CONTENT="(29-5707)" HEIGHT="49" WIDTH="251" VPOS="3668" HPOS="439"/>
</TextLine>
<TextLine HEIGHT="63" WIDTH="992" VPOS="3747" HPOS="356" STYLEREFS="StyleId-39C4BD01-A694-47FA-A4C5-F69FD6A69CD5-">
<String CONTENT="Mann," HEIGHT="62" WIDTH="200" VPOS="3748" HPOS="356"/>
<SP HEIGHT="62" WIDTH="28" VPOS="3748" HPOS="557"/>
<String CONTENT="Carleton" HEIGHT="54" WIDTH="276" VPOS="3747" HPOS="586"/>
<SP HEIGHT="51" WIDTH="27" VPOS="3749" HPOS="863"/>
<String CONTENT="Hunter," HEIGHT="59" WIDTH="253" VPOS="3749" HPOS="891"/>
<SP HEIGHT="53" WIDTH="31" VPOS="3755" HPOS="1145"/>
<String CONTENT="1886-" HEIGHT="50" WIDTH="171" VPOS="3752" HPOS="1177"/>
</TextLine>
<TextLine HEIGHT="69" WIDTH="1933" VPOS="3825" HPOS="429" STYLEREFS="StyleId-3ECCDB1E-EBB3-4A75-A0AF-8D5416537380-">
<String CONTENT="How" HEIGHT="52" WIDTH="151" VPOS="3825" HPOS="429"/>
<SP HEIGHT="34" WIDTH="31" VPOS="3844" HPOS="581"/>
<String CONTENT="schools" HEIGHT="52" WIDTH="220" VPOS="3826" HPOS="613"/>
<SP HEIGHT="34" WIDTH="30" VPOS="3844" HPOS="834"/>
<String CONTENT="use" HEIGHT="34" WIDTH="97" VPOS="3844" HPOS="865"/>
<SP HEIGHT="47" WIDTH="29" VPOS="3831" HPOS="963"/>
<String CONTENT="their" HEIGHT="52" WIDTH="151" VPOS="3826" HPOS="993"/>
<SP HEIGHT="46" WIDTH="32" VPOS="3831" HPOS="1145"/>
<String CONTENT="time;" HEIGHT="65" WIDTH="164" VPOS="3826" HPOS="1178"/>
<SP HEIGHT="60" WIDTH="35" VPOS="3831" HPOS="1343"/>
<String CONTENT="time" HEIGHT="52" WIDTH="137" VPOS="3826" HPOS="1379"/>
<SP HEIGHT="34" WIDTH="32" VPOS="3844" HPOS="1517"/>
<String CONTENT="allotment" HEIGHT="53" WIDTH="297" VPOS="3826" HPOS="1550"/>
<SP HEIGHT="62" WIDTH="34" VPOS="3832" HPOS="1848"/>
<String CONTENT="practice" HEIGHT="68" WIDTH="249" VPOS="3826" HPOS="1883"/>
<SP HEIGHT="52" WIDTH="33" VPOS="3827" HPOS="2133"/>
<String CONTENT="in" HEIGHT="52" WIDTH="59" VPOS="3827" HPOS="2167"/>
<SP HEIGHT="49" WIDTH="31" VPOS="3830" HPOS="2227"/>
<String CONTENT="444" HEIGHT="49" WIDTH="103" VPOS="3830" HPOS="2259"/>
</TextLine>
<TextLine HEIGHT="71" WIDTH="2002" VPOS="3903" HPOS="357" STYLEREFS="StyleId-3ECCDB1E-EBB3-4A75-A0AF-8D5416537380-">
<String CONTENT="cities," HEIGHT="67" WIDTH="175" VPOS="3903" HPOS="357"/>
<SP HEIGHT="67" WIDTH="25" VPOS="3903" HPOS="533"/>
<String CONTENT="including" HEIGHT="69" WIDTH="302" VPOS="3903" HPOS="559"/>
<SP HEIGHT="50" WIDTH="22" VPOS="3922" HPOS="862"/>
<String CONTENT="a" HEIGHT="34" WIDTH="30" VPOS="3922" HPOS="885"/>
<SP HEIGHT="34" WIDTH="26" VPOS="3922" HPOS="916"/>
<String CONTENT="study" HEIGHT="68" WIDTH="172" VPOS="3904" HPOS="943"/>
<SP HEIGHT="50" WIDTH="25" VPOS="3922" HPOS="1116"/>
<String CONTENT="of" HEIGHT="54" WIDTH="65" VPOS="3903" HPOS="1142"/>
<SP HEIGHT="54" WIDTH="23" VPOS="3903" HPOS="1208"/>
<String CONTENT="trends" HEIGHT="53" WIDTH="196" VPOS="3904" HPOS="1232"/>
<SP HEIGHT="54" WIDTH="25" VPOS="3903" HPOS="1429"/>
<String CONTENT="from" HEIGHT="53" WIDTH="153" VPOS="3903" HPOS="1455"/>
<SP HEIGHT="49" WIDTH="29" VPOS="3908" HPOS="1609"/>
<String CONTENT="1826" HEIGHT="50" WIDTH="134" VPOS="3907" HPOS="1639"/>
<SP HEIGHT="50" WIDTH="24" VPOS="3907" HPOS="1774"/>
<String CONTENT="to" HEIGHT="48" WIDTH="58" VPOS="3909" HPOS="1799"/>
<SP HEIGHT="48" WIDTH="28" VPOS="3909" HPOS="1858"/>
<String CONTENT="1926," HEIGHT="64" WIDTH="152" VPOS="3907" HPOS="1887"/>
<SP HEIGHT="67" WIDTH="23" VPOS="3904" HPOS="2040"/>
<String CONTENT="by" HEIGHT="70" WIDTH="76" VPOS="3904" HPOS="2064"/>
<SP HEIGHT="71" WIDTH="28" VPOS="3903" HPOS="2141"/>
<String CONTENT="Carle-" HEIGHT="56" WIDTH="189" VPOS="3903" HPOS="2170"/>
</TextLine>
</TextBlock>
</PrintSpace>
</Page>
</Layout>
</alto>