<alto xmlns="http://www.loc.gov/standards/alto/ns-v3#" xmlns:xlink="http://www.w3.org/1999/xlink" xmlns:xsi="http://www.w3.org/2001/XMLSchema-instance" xsi:schemaLocation="http://www.loc.gov/standards/alto/ns-v3# http://www.loc.gov/alto/v3/alto-3-0.xsd"><Description>
<MeasurementUnit>pixel</MeasurementUnit>
<sourceImageInformation>
<fileName>1929_v26_part001.pdf</fileName>
</sourceImageInformation>
<OCRProcessing ID="IdOcr">
<ocrProcessingStep>
<processingDateTime>2019-04-18</processingDateTime>
<processingSoftware>
<softwareCreator>ABBYY</softwareCreator>
<softwareName>ABBYY Recognition Server</softwareName>
<softwareVersion>4.0</softwareVersion>
</processingSoftware>
</ocrProcessingStep>
</OCRProcessing>
</Description>
<Styles>
<ParagraphStyle ID="StyleId-FFFFFFFF-FFFF-FFFF-FFFF-FFFFFFFFFFFF-" ALIGN="Left" LEFT="0." RIGHT="0." FIRSTLINE="0."/>
<ParagraphStyle ID="StyleId-11A520CB-49B0-4D42-A675-089886D5B704-" ALIGN="Center" LEFT="0." RIGHT="0." FIRSTLINE="0." LINESPACE="7.699999809"/>
<ParagraphStyle ID="StyleId-2AEC4724-E584-48A1-8E6D-86B1AA154223-" ALIGN="Left" LEFT="0." RIGHT="0." FIRSTLINE="0." LINESPACE="12.19999981"/>
<ParagraphStyle ID="StyleId-5ADCDE1D-F34B-405C-A765-E9B51F6229BD-" ALIGN="Left" LEFT="0." RIGHT="0." FIRSTLINE="-13." LINESPACE="8.050000191"/>
<ParagraphStyle ID="StyleId-D0AEFB96-F81D-4367-8545-C0AC945FA34C-" ALIGN="Block" LEFT="0." RIGHT="0." FIRSTLINE="-13." LINESPACE="8.899999619"/>
<ParagraphStyle ID="StyleId-9A3BB592-4BA4-4F85-B157-B9A7F1FC9680-" ALIGN="Left" LEFT="0." RIGHT="0." FIRSTLINE="0."/>
<ParagraphStyle ID="StyleId-E9D6144A-CFDC-4919-911D-02B0461DB967-" ALIGN="Left" LEFT="0." RIGHT="0." FIRSTLINE="-13." LINESPACE="23.43000031"/>
<ParagraphStyle ID="StyleId-EEECFC68-AAC5-42B1-B3BF-987799B5B74A-" ALIGN="Block" LEFT="0." RIGHT="0." FIRSTLINE="0." LINESPACE="23.43000031"/>
<ParagraphStyle ID="StyleId-98D20B11-A9BB-4FAB-8DC8-DC8C43F3755E-" ALIGN="Left" LEFT="0." RIGHT="0." FIRSTLINE="0." LINESPACE="10.5"/>
<ParagraphStyle ID="StyleId-C279DBAD-2656-4352-93E6-C942618B09B1-" ALIGN="Block" LEFT="0." RIGHT="0." FIRSTLINE="-13." LINESPACE="8.770000458"/>
<ParagraphStyle ID="StyleId-A539B2D0-654F-45BA-9385-D7E681D9BD87-" ALIGN="Block" LEFT="0." RIGHT="0." FIRSTLINE="0." LINESPACE="8.18999958"/>
<ParagraphStyle ID="StyleId-CFE66565-54F2-45CF-9511-65151219B0BC-" ALIGN="Left" LEFT="0." RIGHT="0." FIRSTLINE="-12." LINESPACE="12.19999981"/>
<ParagraphStyle ID="StyleId-37B60A95-D7B9-4720-9D46-F2E763AAD699-" ALIGN="Block" LEFT="0." RIGHT="0." FIRSTLINE="0." LINESPACE="12.19999981"/>
<ParagraphStyle ID="StyleId-255154CA-71AA-47B9-A5EB-ED90642010CE-" ALIGN="Block" LEFT="0." RIGHT="0." FIRSTLINE="13." LINESPACE="7.900000095"/>
<ParagraphStyle ID="StyleId-4618FB06-20CA-4F95-9CA2-829603EE887D-" ALIGN="Block" LEFT="0." RIGHT="0." FIRSTLINE="0." LINESPACE="10."/>
<ParagraphStyle ID="StyleId-61F9B98E-BA82-4DCF-809A-0C5481162321-" ALIGN="Left" LEFT="0." RIGHT="0." FIRSTLINE="-13." LINESPACE="8.479999542"/>
<ParagraphStyle ID="StyleId-16A4FB0C-4CB7-44C8-846E-AF89DD76FC73-" ALIGN="Left" LEFT="0." RIGHT="0." FIRSTLINE="0." LINESPACE="11.10000038"/>
<ParagraphStyle ID="StyleId-8CC01B24-9D1D-45D5-B954-83ECA9EA3425-" ALIGN="Left" LEFT="0." RIGHT="0." FIRSTLINE="-13." LINESPACE="8.050000191"/>
<ParagraphStyle ID="StyleId-3DB8CD3F-AD17-4DD7-8361-787A6A426C72-" ALIGN="Block" LEFT="0." RIGHT="0." FIRSTLINE="13." LINESPACE="7.900000095"/>
</Styles>
<Layout>
<Page ID="Page979" PHYSICAL_IMG_NR="979" HEIGHT="4389" WIDTH="2542">
<TopMargin HEIGHT="338" WIDTH="2542" VPOS="0" HPOS="0">
</TopMargin>
<LeftMargin HEIGHT="3724" WIDTH="118" VPOS="338" HPOS="0">
</LeftMargin>
<RightMargin HEIGHT="3724" WIDTH="360" VPOS="338" HPOS="2182">
</RightMargin>
<BottomMargin HEIGHT="327" WIDTH="2542" VPOS="4062" HPOS="0">
</BottomMargin>
<PrintSpace HEIGHT="3724" WIDTH="2064" VPOS="338" HPOS="118">
<TextBlock ID="Page979_Block1" HEIGHT="84" WIDTH="252" VPOS="3977" HPOS="1063" LANG="en-US" STYLEREFS="StyleId-96D80E4A-2D86-4BAF-A620-D45F025E9FFD-">
<TextLine HEIGHT="53" WIDTH="101" VPOS="3998" HPOS="1108">
<String CONTENT="979" HEIGHT="53" WIDTH="101" VPOS="3998" HPOS="1108"/>
</TextLine>
</TextBlock>
<TextBlock ID="Page979_Block2" HEIGHT="3724" WIDTH="2064" VPOS="338" HPOS="118" LANG="en-US" CS="1" STYLEREFS="StyleId-664C8615-AAB1-4CDD-B4AC-004EE3C1EB7F-">
<Shape>
<Polygon POINTS="118,338 2182,338 2182,3956 989,3956 989,4062 118,4062 118,338"/>
</Shape>
<TextLine HEIGHT="65" WIDTH="1000" VPOS="348" HPOS="155" STYLEREFS="StyleId-EAD26097-4877-4E1D-AF5C-C18DA80ED5AB-" LANG="de">
<String CONTENT="Brown," HEIGHT="63" WIDTH="232" VPOS="350" HPOS="155"/>
<SP HEIGHT="63" WIDTH="27" VPOS="350" HPOS="388"/>
<String CONTENT="Joseph," HEIGHT="65" WIDTH="237" VPOS="348" HPOS="416"/>
<SP HEIGHT="58" WIDTH="30" VPOS="355" HPOS="654"/>
<String CONTENT="1901-" HEIGHT="50" WIDTH="172" VPOS="353" HPOS="685"/>
<SP HEIGHT="34" WIDTH="213" VPOS="367" HPOS="858"/>
<String CONTENT="ed." HEIGHT="53" WIDTH="83" VPOS="350" HPOS="1072"/>
</TextLine>
<TextLine HEIGHT="72" WIDTH="1919" VPOS="423" HPOS="232" STYLEREFS="StyleId-F75CF014-E82B-40B7-8F42-9DFB1A1147F0-" CS="1">
<String CONTENT="[Introduction," HEIGHT="66" WIDTH="437" VPOS="429" HPOS="232"/>
<SP HEIGHT="49" WIDTH="34" VPOS="446" HPOS="670"/>
<String CONTENT="notes" HEIGHT="48" WIDTH="158" VPOS="431" HPOS="705"/>
<SP HEIGHT="33" WIDTH="37" VPOS="447" HPOS="864"/>
<String CONTENT="and" HEIGHT="52" WIDTH="112" VPOS="428" HPOS="902"/>
<SP HEIGHT="52" WIDTH="36" VPOS="428" HPOS="1015"/>
<String CONTENT="vocabulary," HEIGHT="61" WIDTH="361" VPOS="426" HPOS="1052"/>
<SP HEIGHT="55" WIDTH="34" VPOS="427" HPOS="1414"/>
<String CS="1" CONTENT="by" HEIGHT="51" WIDTH="34" VPOS="427" HPOS="1449"/>
<SP HEIGHT="54" WIDTH="34" VPOS="426" HPOS="1525"/>
<String CONTENT="Joseph" HEIGHT="68" WIDTH="217" VPOS="425" HPOS="1560"/>
<SP HEIGHT="51" WIDTH="36" VPOS="425" HPOS="1778"/>
<String CONTENT="Brown," HEIGHT="64" WIDTH="231" VPOS="427" HPOS="1815"/>
<SP HEIGHT="68" WIDTH="33" VPOS="423" HPOS="2047"/>
<String CONTENT="jr." HEIGHT="68" WIDTH="70" VPOS="423" HPOS="2081"/>
</TextLine>
<TextLine HEIGHT="72" WIDTH="1999" VPOS="502" HPOS="156" STYLEREFS="StyleId-F75CF014-E82B-40B7-8F42-9DFB1A1147F0-">
<String CONTENT="and" HEIGHT="52" WIDTH="113" VPOS="508" HPOS="156"/>
<SP HEIGHT="53" WIDTH="36" VPOS="507" HPOS="270"/>
<String CONTENT="Dwight" HEIGHT="68" WIDTH="238" VPOS="506" HPOS="307"/>
<SP HEIGHT="52" WIDTH="37" VPOS="506" HPOS="546"/>
<String CONTENT="Ingersoll" HEIGHT="68" WIDTH="285" VPOS="506" HPOS="584"/>
<SP HEIGHT="53" WIDTH="36" VPOS="505" HPOS="870"/>
<String CONTENT="Chapman," HEIGHT="67" WIDTH="319" VPOS="505" HPOS="907"/>
<SP HEIGHT="66" WIDTH="36" VPOS="504" HPOS="1227"/>
<String CONTENT="in" HEIGHT="52" WIDTH="59" VPOS="504" HPOS="1264"/>
<SP HEIGHT="46" WIDTH="36" VPOS="510" HPOS="1324"/>
<String CONTENT="the" HEIGHT="51" WIDTH="95" VPOS="505" HPOS="1361"/>
<SP HEIGHT="51" WIDTH="33" VPOS="505" HPOS="1457"/>
<String CONTENT="book" HEIGHT="53" WIDTH="147" VPOS="503" HPOS="1491"/>
<SP HEIGHT="53" WIDTH="35" VPOS="503" HPOS="1639"/>
<String CONTENT="entitled]" HEIGHT="67" WIDTH="257" VPOS="502" HPOS="1675"/>
<SP HEIGHT="67" WIDTH="45" VPOS="502" HPOS="1933"/>
<String CONTENT="Short" HEIGHT="55" WIDTH="176" VPOS="502" HPOS="1979"/>
</TextLine>
<TextLine HEIGHT="71" WIDTH="1996" VPOS="581" HPOS="158" STYLEREFS="StyleId-F75CF014-E82B-40B7-8F42-9DFB1A1147F0-" CS="1">
<String CONTENT="stories" HEIGHT="54" WIDTH="202" VPOS="583" HPOS="158"/>
<SP HEIGHT="53" WIDTH="38" VPOS="584" HPOS="361"/>
<String CONTENT="by" HEIGHT="68" WIDTH="76" VPOS="584" HPOS="400"/>
<SP HEIGHT="69" WIDTH="42" VPOS="583" HPOS="477"/>
<String CONTENT="Gaston" HEIGHT="54" WIDTH="218" VPOS="583" HPOS="520"/>
<SP HEIGHT="55" WIDTH="45" VPOS="582" HPOS="739"/>
<String CONTENT="Cherau" HEIGHT="55" WIDTH="226" VPOS="582" HPOS="785"/>
<SP HEIGHT="33" WIDTH="47" VPOS="602" HPOS="1012"/>
<String CS="1" CONTENT="&#8230;"/>
<SP HEIGHT="52" WIDTH="77" VPOS="581" HPOS="1117"/>
<String CONTENT="New" HEIGHT="52" WIDTH="139" VPOS="581" HPOS="1195"/>
<SP HEIGHT="51" WIDTH="44" VPOS="582" HPOS="1335"/>
<String CONTENT="York," HEIGHT="69" WIDTH="180" VPOS="581" HPOS="1380"/>
<SP HEIGHT="69" WIDTH="42" VPOS="581" HPOS="1561"/>
<String CONTENT="Henry" HEIGHT="70" WIDTH="202" VPOS="581" HPOS="1604"/>
<SP HEIGHT="70" WIDTH="42" VPOS="581" HPOS="1807"/>
<String CONTENT="Holt" HEIGHT="53" WIDTH="146" VPOS="581" HPOS="1850"/>
<SP HEIGHT="44" WIDTH="44" VPOS="590" HPOS="1997"/>
<String CONTENT="and" HEIGHT="53" WIDTH="112" VPOS="581" HPOS="2042"/>
</TextLine>
<TextLine HEIGHT="66" WIDTH="520" VPOS="664" HPOS="156" STYLEREFS="StyleId-F75CF014-E82B-40B7-8F42-9DFB1A1147F0-" CS="1">
<String CONTENT="company" HEIGHT="51" WIDTH="280" VPOS="679" HPOS="156"/>
<SP HEIGHT="49" WIDTH="48" VPOS="681" HPOS="437"/>
<String CONTENT="[" HEIGHT="34" WIDTH="13" VPOS="694" HPOS="486"/>
<String STYLE="superscript" CS="1" CONTENT="&#7580;1"/>
<String CONTENT="929]" HEIGHT="63" WIDTH="117" VPOS="664" HPOS="559"/>
</TextLine>
<TextLine HEIGHT="50" WIDTH="1257" VPOS="740" HPOS="288" CS="1">
<String CS="1" CONTENT="xv"/>
<SP HEIGHT="37" WIDTH="24" VPOS="753" HPOS="288"/>
<String CONTENT="p.," HEIGHT="37" WIDTH="57" VPOS="753" HPOS="313"/>
<SP HEIGHT="48" WIDTH="25" VPOS="742" HPOS="371"/>
<String CONTENT="2" HEIGHT="38" WIDTH="29" VPOS="742" HPOS="397"/>
<SP HEIGHT="38" WIDTH="23" VPOS="742" HPOS="427"/>
<String CS="1" CONTENT="l.,"/>
<SP HEIGHT="47" WIDTH="25" VPOS="742" HPOS="497"/>
<String CONTENT="3-184" HEIGHT="41" WIDTH="145" VPOS="741" HPOS="523"/>
<SP HEIGHT="47" WIDTH="24" VPOS="742" HPOS="669"/>
<String CONTENT="p." HEIGHT="37" WIDTH="44" VPOS="752" HPOS="694"/>
<SP HEIGHT="41" WIDTH="53" VPOS="741" HPOS="739"/>
<String CS="1" CONTENT="front." HEIGHT="40" WIDTH="137" VPOS="741" HPOS="793"/>
<SP HEIGHT="49" WIDTH="28" VPOS="740" HPOS="944"/>
<String CONTENT="(map)" HEIGHT="49" WIDTH="159" VPOS="740" HPOS="973"/>
<SP HEIGHT="47" WIDTH="34" VPOS="742" HPOS="1133"/>
<String CONTENT="plates." HEIGHT="47" WIDTH="173" VPOS="741" HPOS="1168"/>
<SP HEIGHT="39" WIDTH="55" VPOS="741" HPOS="1342"/>
<String CS="1" CONTENT="17&#189;" HEIGHT="39" WIDTH="57" VPOS="741" HPOS="1398"/>
<String STYLE="superscript" CONTENT="cm" HEIGHT="21" WIDTH="44" VPOS="742" HPOS="1486"/>
<String CONTENT="." HEIGHT="8" WIDTH="9" VPOS="772" HPOS="1536"/>
</TextLine>
<TextLine HEIGHT="52" WIDTH="1992" VPOS="808" HPOS="156">
<String CONTENT="&#169;" HEIGHT="52" WIDTH="52" VPOS="808" HPOS="156"/>
<SP HEIGHT="52" WIDTH="28" VPOS="808" HPOS="209"/>
<String CONTENT="June" HEIGHT="39" WIDTH="125" VPOS="813" HPOS="238"/>
<SP HEIGHT="40" WIDTH="26" VPOS="812" HPOS="364"/>
<String CONTENT="24," HEIGHT="48" WIDTH="71" VPOS="812" HPOS="391"/>
<SP HEIGHT="48" WIDTH="29" VPOS="812" HPOS="463"/>
<String CONTENT="1929;" HEIGHT="47" WIDTH="139" VPOS="812" HPOS="493"/>
<SP HEIGHT="47" WIDTH="30" VPOS="812" HPOS="633"/>
<String CONTENT="2c." HEIGHT="40" WIDTH="69" VPOS="812" HPOS="664"/>
<SP HEIGHT="40" WIDTH="28" VPOS="812" HPOS="734"/>
<String CONTENT="June" HEIGHT="40" WIDTH="126" VPOS="812" HPOS="763"/>
<SP HEIGHT="40" WIDTH="26" VPOS="812" HPOS="890"/>
<String CONTENT="29;" HEIGHT="47" WIDTH="84" VPOS="811" HPOS="917"/>
<SP HEIGHT="36" WIDTH="31" VPOS="822" HPOS="1002"/>
<String CONTENT="aff." HEIGHT="41" WIDTH="83" VPOS="811" HPOS="1034"/>
<SP HEIGHT="41" WIDTH="28" VPOS="811" HPOS="1118"/>
<String CONTENT="July" HEIGHT="48" WIDTH="116" VPOS="811" HPOS="1147"/>
<SP HEIGHT="48" WIDTH="26" VPOS="811" HPOS="1264"/>
<String CONTENT="2;" HEIGHT="47" WIDTH="53" VPOS="811" HPOS="1291"/>
<SP HEIGHT="47" WIDTH="31" VPOS="811" HPOS="1345"/>
<!-- cceid 9D9904A2-6CFA-1014-9C3C-CEA95E7AA542 --><!-- cceid 9D9B6698-6CFA-1014-9C3C-CEA95E7AA542 --><String CONTENT="A" HEIGHT="39" WIDTH="42" VPOS="811" HPOS="1377"/>
<SP HEIGHT="39" WIDTH="27" VPOS="811" HPOS="1420"/>
<String CONTENT="10016;" HEIGHT="49" WIDTH="171" VPOS="809" HPOS="1448"/>
<SP HEIGHT="46" WIDTH="31" VPOS="812" HPOS="1620"/>
<String CONTENT="Henry" HEIGHT="47" WIDTH="169" VPOS="812" HPOS="1652"/>
<SP HEIGHT="47" WIDTH="28" VPOS="812" HPOS="1822"/>
<String CONTENT="Holt" HEIGHT="40" WIDTH="122" VPOS="812" HPOS="1851"/>
<SP HEIGHT="41" WIDTH="26" VPOS="811" HPOS="1974"/>
<String CONTENT="&amp;" HEIGHT="40" WIDTH="36" VPOS="811" HPOS="2001"/>
<SP HEIGHT="40" WIDTH="26" VPOS="811" HPOS="2038"/>
<String CONTENT="co.," HEIGHT="38" WIDTH="83" VPOS="822" HPOS="2065"/>
</TextLine>
<TextLine HEIGHT="42" WIDTH="91" VPOS="868" HPOS="222">
<String CONTENT="inc." HEIGHT="42" WIDTH="91" VPOS="868" HPOS="222"/>
</TextLine>
<TextLine HEIGHT="65" WIDTH="922" VPOS="977" HPOS="152" STYLEREFS="StyleId-EAD26097-4877-4E1D-AF5C-C18DA80ED5AB-">
<String CONTENT="Buchner," HEIGHT="65" WIDTH="293" VPOS="977" HPOS="152"/>
<SP HEIGHT="64" WIDTH="31" VPOS="978" HPOS="446"/>
<String CONTENT="Maximilian," HEIGHT="65" WIDTH="388" VPOS="977" HPOS="478"/>
<SP HEIGHT="58" WIDTH="34" VPOS="984" HPOS="867"/>
<String CONTENT="1881-" HEIGHT="50" WIDTH="172" VPOS="984" HPOS="902"/>
</TextLine>
<TextLine HEIGHT="69" WIDTH="1934" VPOS="1055" HPOS="217" STYLEREFS="StyleId-F75CF014-E82B-40B7-8F42-9DFB1A1147F0-">
<String LANG="en-US" CONTENT="Kaiser" HEIGHT="54" WIDTH="208" VPOS="1056" HPOS="217"/>
<SP HEIGHT="54" WIDTH="24" VPOS="1056" HPOS="426"/>
<String LANG="en-US" CONTENT="Wilhelm" HEIGHT="54" WIDTH="275" VPOS="1056" HPOS="451"/>
<SP HEIGHT="34" WIDTH="24" VPOS="1074" HPOS="727"/>
<String LANG="en-US" CONTENT="ii.," HEIGHT="51" WIDTH="82" VPOS="1073" HPOS="752"/>
<SP HEIGHT="49" WIDTH="26" VPOS="1075" HPOS="835"/>
<String LANG="en-US" CONTENT="seine" HEIGHT="54" WIDTH="150" VPOS="1055" HPOS="862"/>
<SP HEIGHT="33" WIDTH="27" VPOS="1075" HPOS="1013"/>
<String LANG="de" CONTENT="Weltanschauung" HEIGHT="68" WIDTH="508" VPOS="1056" HPOS="1041"/>
<SP HEIGHT="51" WIDTH="25" VPOS="1073" HPOS="1550"/>
<String LANG="de" CONTENT="und" HEIGHT="54" WIDTH="119" VPOS="1055" HPOS="1576"/>
<SP HEIGHT="54" WIDTH="26" VPOS="1055" HPOS="1696"/>
<String LANG="en-US" CONTENT="die" HEIGHT="54" WIDTH="92" VPOS="1055" HPOS="1723"/>
<SP HEIGHT="54" WIDTH="27" VPOS="1055" HPOS="1816"/>
<String LANG="de" CONTENT="deutschen" HEIGHT="54" WIDTH="307" VPOS="1055" HPOS="1844"/>
</TextLine>
<TextLine HEIGHT="70" WIDTH="2003" VPOS="1133" HPOS="149" STYLEREFS="StyleId-F75CF014-E82B-40B7-8F42-9DFB1A1147F0-" CS="1">
<String CONTENT="katholiken," HEIGHT="69" WIDTH="352" VPOS="1133" HPOS="149"/>
<SP HEIGHT="49" WIDTH="43" VPOS="1153" HPOS="502"/>
<String CONTENT="von" HEIGHT="35" WIDTH="111" VPOS="1152" HPOS="546"/>
<SP HEIGHT="52" WIDTH="45" VPOS="1134" HPOS="658"/>
<String CONTENT="Max" HEIGHT="52" WIDTH="139" VPOS="1134" HPOS="704"/>
<SP HEIGHT="51" WIDTH="45" VPOS="1135" HPOS="844"/>
<String CONTENT="Buchner" HEIGHT="52" WIDTH="267" VPOS="1134" HPOS="890"/>
<SP HEIGHT="32" WIDTH="51" VPOS="1154" HPOS="1158"/>
<String CS="1" CONTENT="&#8230;"/>
<SP HEIGHT="52" WIDTH="85" VPOS="1134" HPOS="1267"/>
<String CONTENT="Leipzig," HEIGHT="70" WIDTH="260" VPOS="1133" HPOS="1353"/>
<SP HEIGHT="68" WIDTH="45" VPOS="1133" HPOS="1614"/>
<String CONTENT="K." HEIGHT="54" WIDTH="74" VPOS="1133" HPOS="1660"/>
<SP HEIGHT="52" WIDTH="49" VPOS="1135" HPOS="1735"/>
<String CONTENT="F." HEIGHT="52" WIDTH="66" VPOS="1135" HPOS="1785"/>
<SP HEIGHT="53" WIDTH="46" VPOS="1134" HPOS="1852"/>
<String CONTENT="Koehler" HEIGHT="53" WIDTH="253" VPOS="1134" HPOS="1899"/>
</TextLine>
<TextLine HEIGHT="65" WIDTH="193" VPOS="1215" HPOS="154" STYLEREFS="StyleId-F75CF014-E82B-40B7-8F42-9DFB1A1147F0-" CS="1">
<String CONTENT="[" HEIGHT="34" WIDTH="13" VPOS="1245" HPOS="154"/>
<String STYLE="superscript" CS="1" CONTENT="&#7580;1"/>
<String CONTENT="929]" HEIGHT="65" WIDTH="119" VPOS="1215" HPOS="228"/>
</TextLine>
<TextLine HEIGHT="51" WIDTH="440" VPOS="1293" HPOS="218" CS="1">
<String CONTENT="202," HEIGHT="49" WIDTH="99" VPOS="1293" HPOS="218"/>
<SP HEIGHT="31" WIDTH="33" VPOS="1313" HPOS="318"/>
<String CONTENT="[1]" HEIGHT="49" WIDTH="55" VPOS="1295" HPOS="352"/>
<SP HEIGHT="39" WIDTH="29" VPOS="1305" HPOS="408"/>
<String CONTENT="p." HEIGHT="37" WIDTH="42" VPOS="1305" HPOS="438"/>
<SP HEIGHT="41" WIDTH="59" VPOS="1294" HPOS="481"/>
<String CS="1" CONTENT="22&#7580;&#7504;." HEIGHT="9" WIDTH="9" VPOS="1326" HPOS="649"/>
</TextLine>
<TextLine HEIGHT="54" WIDTH="1995" VPOS="1361" HPOS="158" CS="1">
<String CONTENT="&#169;" HEIGHT="53" WIDTH="52" VPOS="1361" HPOS="158"/>
<SP HEIGHT="53" WIDTH="27" VPOS="1361" HPOS="211"/>
<String CONTENT="Jan." HEIGHT="40" WIDTH="110" VPOS="1367" HPOS="239"/>
<SP HEIGHT="40" WIDTH="25" VPOS="1367" HPOS="350"/>
<String CONTENT="22," HEIGHT="48" WIDTH="70" VPOS="1367" HPOS="376"/>
<SP HEIGHT="48" WIDTH="26" VPOS="1367" HPOS="447"/>
<String CONTENT="1929;" HEIGHT="48" WIDTH="140" VPOS="1366" HPOS="474"/>
<SP HEIGHT="46" WIDTH="29" VPOS="1368" HPOS="615"/>
<String CS="1" CONTENT="1c." HEIGHT="29" WIDTH="39" VPOS="1378" HPOS="675"/>
<SP HEIGHT="40" WIDTH="25" VPOS="1367" HPOS="715"/>
<String CONTENT="Mar." HEIGHT="40" WIDTH="124" VPOS="1367" HPOS="741"/>
<SP HEIGHT="41" WIDTH="26" VPOS="1366" HPOS="866"/>
<String CONTENT="20;" HEIGHT="49" WIDTH="83" VPOS="1365" HPOS="893"/>
<SP HEIGHT="48" WIDTH="27" VPOS="1366" HPOS="977"/>
<!-- cceid 9D99BBD0-6CFA-1014-9C3C-CEA95E7AA542 --><String CONTENT="A&#8212;Foreign" HEIGHT="49" WIDTH="313" VPOS="1365" HPOS="1005"/>
<SP HEIGHT="39" WIDTH="26" VPOS="1366" HPOS="1319"/>
<String CONTENT="2463;" HEIGHT="48" WIDTH="142" VPOS="1365" HPOS="1346"/>
<SP HEIGHT="47" WIDTH="31" VPOS="1366" HPOS="1489"/>
<String CONTENT="K." HEIGHT="40" WIDTH="58" VPOS="1366" HPOS="1521"/>
<SP HEIGHT="40" WIDTH="29" VPOS="1366" HPOS="1580"/>
<String CONTENT="F." HEIGHT="41" WIDTH="52" VPOS="1366" HPOS="1610"/>
<SP HEIGHT="40" WIDTH="26" VPOS="1367" HPOS="1663"/>
<String CONTENT="Koehler," HEIGHT="41" WIDTH="228" VPOS="1366" HPOS="1690"/>
<SP HEIGHT="37" WIDTH="27" VPOS="1377" HPOS="1919"/>
<String CONTENT="g." HEIGHT="37" WIDTH="43" VPOS="1377" HPOS="1947"/>
<SP HEIGHT="30" WIDTH="27" VPOS="1377" HPOS="1991"/>
<String CONTENT="m." HEIGHT="30" WIDTH="62" VPOS="1377" HPOS="2019"/>
<SP HEIGHT="40" WIDTH="27" VPOS="1367" HPOS="2082"/>
<String CS="1" CONTENT="b." HEIGHT="9" WIDTH="8" VPOS="1399" HPOS="2145"/>
</TextLine>
<TextLine HEIGHT="49" WIDTH="389" VPOS="1423" HPOS="224">
<String CONTENT="h." HEIGHT="41" WIDTH="46" VPOS="1423" HPOS="224"/>
<SP HEIGHT="49" WIDTH="62" VPOS="1423" HPOS="271"/>
<String CONTENT="(29-14043)" HEIGHT="49" WIDTH="279" VPOS="1423" HPOS="334"/>
</TextLine>
<TextLine HEIGHT="65" WIDTH="1068" VPOS="1532" HPOS="159" STYLEREFS="StyleId-F75CF014-E82B-40B7-8F42-9DFB1A1147F0-">
<String CONTENT="Cannon," HEIGHT="65" WIDTH="259" VPOS="1532" HPOS="159"/>
<SP HEIGHT="63" WIDTH="29" VPOS="1534" HPOS="419"/>
<String CONTENT="Walter" HEIGHT="54" WIDTH="225" VPOS="1533" HPOS="449"/>
<SP HEIGHT="52" WIDTH="28" VPOS="1533" HPOS="675"/>
<String CONTENT="Bradford," HEIGHT="63" WIDTH="318" VPOS="1533" HPOS="704"/>
<SP HEIGHT="58" WIDTH="32" VPOS="1538" HPOS="1023"/>
<String CONTENT="1871-" HEIGHT="53" WIDTH="171" VPOS="1534" HPOS="1056"/>
</TextLine>
<TextLine HEIGHT="70" WIDTH="1929" VPOS="1612" HPOS="227" STYLEREFS="StyleId-F75CF014-E82B-40B7-8F42-9DFB1A1147F0-">
<String CONTENT="Bodily" HEIGHT="69" WIDTH="213" VPOS="1613" HPOS="227"/>
<SP HEIGHT="50" WIDTH="30" VPOS="1632" HPOS="441"/>
<String CONTENT="changes" HEIGHT="68" WIDTH="244" VPOS="1614" HPOS="472"/>
<SP HEIGHT="53" WIDTH="31" VPOS="1613" HPOS="717"/>
<String CONTENT="in" HEIGHT="52" WIDTH="59" VPOS="1613" HPOS="749"/>
<SP HEIGHT="50" WIDTH="34" VPOS="1631" HPOS="809"/>
<String CONTENT="pain," HEIGHT="69" WIDTH="156" VPOS="1612" HPOS="844"/>
<SP HEIGHT="68" WIDTH="28" VPOS="1613" HPOS="1001"/>
<String CONTENT="hunger," HEIGHT="68" WIDTH="241" VPOS="1613" HPOS="1030"/>
<SP HEIGHT="68" WIDTH="32" VPOS="1612" HPOS="1272"/>
<String CONTENT="fear" HEIGHT="53" WIDTH="126" VPOS="1612" HPOS="1305"/>
<SP HEIGHT="32" WIDTH="33" VPOS="1632" HPOS="1432"/>
<String CONTENT="and" HEIGHT="53" WIDTH="112" VPOS="1613" HPOS="1466"/>
<SP HEIGHT="53" WIDTH="33" VPOS="1613" HPOS="1579"/>
<String CONTENT="rage;" HEIGHT="50" WIDTH="163" VPOS="1631" HPOS="1613"/>
<SP HEIGHT="47" WIDTH="34" VPOS="1631" HPOS="1777"/>
<String CONTENT="an" HEIGHT="35" WIDTH="72" VPOS="1631" HPOS="1812"/>
<SP HEIGHT="35" WIDTH="33" VPOS="1631" HPOS="1885"/>
<String CONTENT="account" HEIGHT="49" WIDTH="237" VPOS="1617" HPOS="1919"/>
</TextLine>
<TextLine HEIGHT="67" WIDTH="2000" VPOS="1690" HPOS="155" STYLEREFS="StyleId-F75CF014-E82B-40B7-8F42-9DFB1A1147F0-">
<String CONTENT="of" HEIGHT="53" WIDTH="64" VPOS="1691" HPOS="155"/>
<SP HEIGHT="52" WIDTH="25" VPOS="1691" HPOS="220"/>
<String CONTENT="recent" HEIGHT="46" WIDTH="188" VPOS="1698" HPOS="246"/>
<SP HEIGHT="46" WIDTH="26" VPOS="1698" HPOS="435"/>
<String CONTENT="researches" HEIGHT="54" WIDTH="317" VPOS="1691" HPOS="462"/>
<SP HEIGHT="53" WIDTH="26" VPOS="1692" HPOS="780"/>
<String CONTENT="into" HEIGHT="52" WIDTH="121" VPOS="1692" HPOS="807"/>
<SP HEIGHT="47" WIDTH="26" VPOS="1697" HPOS="929"/>
<String CONTENT="the" HEIGHT="52" WIDTH="96" VPOS="1692" HPOS="956"/>
<SP HEIGHT="53" WIDTH="28" VPOS="1690" HPOS="1053"/>
<String CONTENT="function" HEIGHT="54" WIDTH="263" VPOS="1690" HPOS="1082"/>
<SP HEIGHT="34" WIDTH="28" VPOS="1710" HPOS="1346"/>
<String CONTENT="of" HEIGHT="54" WIDTH="64" VPOS="1690" HPOS="1375"/>
<SP HEIGHT="54" WIDTH="24" VPOS="1690" HPOS="1440"/>
<String CONTENT="emotional" HEIGHT="52" WIDTH="308" VPOS="1692" HPOS="1465"/>
<SP HEIGHT="52" WIDTH="25" VPOS="1692" HPOS="1774"/>
<String CONTENT="excitement," HEIGHT="66" WIDTH="355" VPOS="1691" HPOS="1800"/>
</TextLine>
<TextLine HEIGHT="70" WIDTH="2001" VPOS="1768" HPOS="155" STYLEREFS="StyleId-F75CF014-E82B-40B7-8F42-9DFB1A1147F0-" CS="1">
<String CONTENT="by" HEIGHT="69" WIDTH="75" VPOS="1769" HPOS="155"/>
<SP HEIGHT="68" WIDTH="39" VPOS="1770" HPOS="231"/>
<String CONTENT="Walter" HEIGHT="53" WIDTH="222" VPOS="1770" HPOS="271"/>
<SP HEIGHT="51" WIDTH="38" VPOS="1771" HPOS="494"/>
<String CONTENT="B." HEIGHT="52" WIDTH="66" VPOS="1771" HPOS="533"/>
<SP HEIGHT="55" WIDTH="45" VPOS="1769" HPOS="600"/>
<String CONTENT="Cannon" HEIGHT="55" WIDTH="239" VPOS="1769" HPOS="646"/>
<SP HEIGHT="33" WIDTH="48" VPOS="1789" HPOS="886"/>
<String CS="1" CONTENT="&#8230;"/>
<SP HEIGHT="48" WIDTH="83" VPOS="1773" HPOS="990"/>
<String CONTENT="2d" HEIGHT="52" WIDTH="72" VPOS="1770" HPOS="1074"/>
<SP HEIGHT="52" WIDTH="41" VPOS="1770" HPOS="1147"/>
<String CONTENT="ed." HEIGHT="52" WIDTH="84" VPOS="1770" HPOS="1189"/>
<SP HEIGHT="52" WIDTH="78" VPOS="1768" HPOS="1274"/>
<String CONTENT="New" HEIGHT="53" WIDTH="139" VPOS="1768" HPOS="1353"/>
<SP HEIGHT="52" WIDTH="41" VPOS="1769" HPOS="1493"/>
<String CONTENT="York" HEIGHT="52" WIDTH="163" VPOS="1769" HPOS="1535"/>
<SP HEIGHT="54" WIDTH="41" VPOS="1769" HPOS="1699"/>
<String CONTENT="and" HEIGHT="53" WIDTH="113" VPOS="1770" HPOS="1741"/>
<SP HEIGHT="53" WIDTH="39" VPOS="1769" HPOS="1855"/>
<String CONTENT="London," HEIGHT="67" WIDTH="261" VPOS="1769" HPOS="1895"/>
</TextLine>
<TextLine HEIGHT="69" WIDTH="1067" VPOS="1848" HPOS="152" STYLEREFS="StyleId-F75CF014-E82B-40B7-8F42-9DFB1A1147F0-">
<String CONTENT="D." HEIGHT="54" WIDTH="72" VPOS="1848" HPOS="152"/>
<SP HEIGHT="54" WIDTH="31" VPOS="1848" HPOS="225"/>
<String CONTENT="Appleton" HEIGHT="68" WIDTH="295" VPOS="1848" HPOS="257"/>
<SP HEIGHT="33" WIDTH="34" VPOS="1867" HPOS="553"/>
<String CONTENT="and" HEIGHT="52" WIDTH="113" VPOS="1849" HPOS="588"/>
<SP HEIGHT="52" WIDTH="31" VPOS="1849" HPOS="702"/>
<String CONTENT="company," HEIGHT="52" WIDTH="298" VPOS="1865" HPOS="734"/>
<SP HEIGHT="64" WIDTH="34" VPOS="1851" HPOS="1033"/>
<String CONTENT="1929." HEIGHT="53" WIDTH="151" VPOS="1849" HPOS="1068"/>
</TextLine>
<TextLine HEIGHT="50" WIDTH="1097" VPOS="1928" HPOS="221" STYLEREFS="StyleId-F75CF014-E82B-40B7-8F42-9DFB1A1147F0-" CS="1">
<String CONTENT="xvi" HEIGHT="40" WIDTH="83" VPOS="1929" HPOS="221"/>
<SP HEIGHT="49" WIDTH="25" VPOS="1929" HPOS="305"/>
<String CONTENT="p.," HEIGHT="37" WIDTH="57" VPOS="1941" HPOS="331"/>
<SP HEIGHT="47" WIDTH="25" VPOS="1930" HPOS="389"/>
<String CONTENT="1" HEIGHT="38" WIDTH="25" VPOS="1930" HPOS="415"/>
<SP HEIGHT="39" WIDTH="27" VPOS="1930" HPOS="441"/>
<String CS="1" CONTENT="l.,"/>
<SP HEIGHT="47" WIDTH="26" VPOS="1930" HPOS="514"/>
<String CONTENT="404" HEIGHT="40" WIDTH="86" VPOS="1929" HPOS="541"/>
<SP HEIGHT="48" WIDTH="24" VPOS="1930" HPOS="628"/>
<String CONTENT="p." HEIGHT="39" WIDTH="44" VPOS="1939" HPOS="653"/>
<SP HEIGHT="41" WIDTH="58" VPOS="1928" HPOS="698"/>
<String CONTENT="illus.," HEIGHT="48" WIDTH="144" VPOS="1928" HPOS="757"/>
<SP HEIGHT="47" WIDTH="28" VPOS="1929" HPOS="902"/>
<String CONTENT="diagrs." HEIGHT="48" WIDTH="179" VPOS="1928" HPOS="931"/>
<SP HEIGHT="41" WIDTH="59" VPOS="1928" HPOS="1111"/>
<String CS="1" CONTENT="21&#189;&#7580;&#7504;." HEIGHT="41" WIDTH="147" VPOS="1928" HPOS="1171"/>
</TextLine>
<TextLine HEIGHT="49" WIDTH="1014" VPOS="1999" HPOS="225">
<String CONTENT="&#8220;References&#8221;" HEIGHT="41" WIDTH="347" VPOS="1999" HPOS="225"/>
<SP HEIGHT="41" WIDTH="27" VPOS="1999" HPOS="573"/>
<String CONTENT="at" HEIGHT="38" WIDTH="51" VPOS="2002" HPOS="601"/>
<SP HEIGHT="38" WIDTH="24" VPOS="2002" HPOS="653"/>
<String CONTENT="end" HEIGHT="40" WIDTH="91" VPOS="2000" HPOS="678"/>
<SP HEIGHT="40" WIDTH="27" VPOS="2000" HPOS="770"/>
<String CONTENT="of" HEIGHT="40" WIDTH="51" VPOS="2000" HPOS="798"/>
<SP HEIGHT="40" WIDTH="23" VPOS="2000" HPOS="850"/>
<String CONTENT="each" HEIGHT="40" WIDTH="119" VPOS="2000" HPOS="874"/>
<SP HEIGHT="40" WIDTH="27" VPOS="2000" HPOS="994"/>
<String CONTENT="chapter." HEIGHT="48" WIDTH="217" VPOS="2000" HPOS="1022"/>
</TextLine>
<TextLine HEIGHT="51" WIDTH="1930" VPOS="2056" HPOS="226">
<String CONTENT="&#8220;A" HEIGHT="41" WIDTH="68" VPOS="2057" HPOS="226"/>
<SP HEIGHT="40" WIDTH="30" VPOS="2058" HPOS="295"/>
<String CONTENT="list" HEIGHT="41" WIDTH="84" VPOS="2057" HPOS="326"/>
<SP HEIGHT="39" WIDTH="32" VPOS="2059" HPOS="411"/>
<String CONTENT="of" HEIGHT="40" WIDTH="52" VPOS="2058" HPOS="444"/>
<SP HEIGHT="48" WIDTH="28" VPOS="2058" HPOS="497"/>
<String CONTENT="published" HEIGHT="49" WIDTH="253" VPOS="2057" HPOS="526"/>
<SP HEIGHT="39" WIDTH="34" VPOS="2058" HPOS="780"/>
<String CONTENT="researches" HEIGHT="41" WIDTH="281" VPOS="2057" HPOS="815"/>
<SP HEIGHT="40" WIDTH="31" VPOS="2057" HPOS="1097"/>
<String CONTENT="from" HEIGHT="39" WIDTH="129" VPOS="2057" HPOS="1129"/>
<SP HEIGHT="40" WIDTH="32" VPOS="2057" HPOS="1259"/>
<String CONTENT="the" HEIGHT="40" WIDTH="83" VPOS="2057" HPOS="1292"/>
<SP HEIGHT="38" WIDTH="29" VPOS="2067" HPOS="1376"/>
<String CONTENT="physiological" HEIGHT="50" WIDTH="349" VPOS="2056" HPOS="1406"/>
<SP HEIGHT="39" WIDTH="33" VPOS="2059" HPOS="1756"/>
<String CONTENT="laboratory" HEIGHT="49" WIDTH="282" VPOS="2058" HPOS="1790"/>
<SP HEIGHT="48" WIDTH="33" VPOS="2059" HPOS="2073"/>
<String CONTENT="in" HEIGHT="39" WIDTH="49" VPOS="2059" HPOS="2107"/>
</TextLine>
<TextLine HEIGHT="51" WIDTH="2004" VPOS="2113" HPOS="153">
<String CONTENT="the" HEIGHT="40" WIDTH="84" VPOS="2115" HPOS="153"/>
<SP HEIGHT="39" WIDTH="25" VPOS="2116" HPOS="238"/>
<String CONTENT="Medical" HEIGHT="41" WIDTH="207" VPOS="2115" HPOS="264"/>
<SP HEIGHT="41" WIDTH="27" VPOS="2115" HPOS="472"/>
<String CONTENT="school" HEIGHT="41" WIDTH="162" VPOS="2115" HPOS="500"/>
<SP HEIGHT="39" WIDTH="26" VPOS="2116" HPOS="663"/>
<String CONTENT="of" HEIGHT="40" WIDTH="52" VPOS="2115" HPOS="690"/>
<SP HEIGHT="39" WIDTH="23" VPOS="2115" HPOS="743"/>
<String CONTENT="Harvard" HEIGHT="39" WIDTH="231" VPOS="2115" HPOS="767"/>
<SP HEIGHT="39" WIDTH="27" VPOS="2115" HPOS="999"/>
<String CONTENT="university," HEIGHT="48" WIDTH="286" VPOS="2113" HPOS="1027"/>
<SP HEIGHT="37" WIDTH="27" VPOS="2124" HPOS="1314"/>
<String CONTENT="on" HEIGHT="30" WIDTH="60" VPOS="2124" HPOS="1342"/>
<SP HEIGHT="28" WIDTH="28" VPOS="2126" HPOS="1403"/>
<String CONTENT="which" HEIGHT="41" WIDTH="158" VPOS="2114" HPOS="1432"/>
<SP HEIGHT="40" WIDTH="28" VPOS="2115" HPOS="1591"/>
<String CONTENT="the" HEIGHT="40" WIDTH="81" VPOS="2116" HPOS="1620"/>
<SP HEIGHT="37" WIDTH="26" VPOS="2127" HPOS="1702"/>
<String CONTENT="present" HEIGHT="46" WIDTH="195" VPOS="2118" HPOS="1729"/>
<SP HEIGHT="38" WIDTH="26" VPOS="2118" HPOS="1925"/>
<String CONTENT="account" HEIGHT="39" WIDTH="205" VPOS="2118" HPOS="1952"/>
</TextLine>
<TextLine HEIGHT="50" WIDTH="596" VPOS="2171" HPOS="153" CS="1">
<String CONTENT="is" HEIGHT="41" WIDTH="42" VPOS="2171" HPOS="153"/>
<SP HEIGHT="40" WIDTH="26" VPOS="2172" HPOS="196"/>
<String CS="1" CONTENT="based&#8221;:" HEIGHT="42" WIDTH="174" VPOS="2171" HPOS="223"/>
<SP HEIGHT="38" WIDTH="31" VPOS="2183" HPOS="428"/>
<String CONTENT="p." HEIGHT="37" WIDTH="44" VPOS="2184" HPOS="460"/>
<SP HEIGHT="40" WIDTH="26" VPOS="2173" HPOS="505"/>
<String CONTENT="393-396." HEIGHT="42" WIDTH="217" VPOS="2171" HPOS="532"/>
</TextLine>
<TextLine HEIGHT="112" WIDTH="1978" VPOS="2239" HPOS="159" CS="1">
<String CONTENT="&#169;" HEIGHT="53" WIDTH="52" VPOS="2239" HPOS="159"/>
<SP HEIGHT="53" WIDTH="25" VPOS="2239" HPOS="212"/>
<String CONTENT="June" HEIGHT="40" WIDTH="126" VPOS="2244" HPOS="238"/>
<SP HEIGHT="39" WIDTH="22" VPOS="2245" HPOS="365"/>
<String CONTENT="21," HEIGHT="47" WIDTH="69" VPOS="2245" HPOS="388"/>
<SP HEIGHT="46" WIDTH="23" VPOS="2246" HPOS="458"/>
<String CONTENT="1929;" HEIGHT="47" WIDTH="140" VPOS="2243" HPOS="482"/>
<SP HEIGHT="46" WIDTH="26" VPOS="2244" HPOS="623"/>
<String CONTENT="2c." HEIGHT="40" WIDTH="70" VPOS="2244" HPOS="650"/>
<SP HEIGHT="41" WIDTH="22" VPOS="2243" HPOS="721"/>
<String CONTENT="June" HEIGHT="41" WIDTH="129" VPOS="2243" HPOS="744"/>
<SP HEIGHT="41" WIDTH="21" VPOS="2243" HPOS="874"/>
<String CONTENT="24:" HEIGHT="41" WIDTH="83" VPOS="2243" HPOS="896"/>
<SP HEIGHT="31" WIDTH="26" VPOS="2253" HPOS="980"/>
<String CONTENT="aff." HEIGHT="43" WIDTH="82" VPOS="2242" HPOS="1007"/>
<SP HEIGHT="42" WIDTH="25" VPOS="2243" HPOS="1090"/>
<String CONTENT="June" HEIGHT="41" WIDTH="128" VPOS="2243" HPOS="1116"/>
<SP HEIGHT="41" WIDTH="21" VPOS="2243" HPOS="1245"/>
<String CONTENT="22;" HEIGHT="48" WIDTH="84" VPOS="2242" HPOS="1267"/>
<SP HEIGHT="47" WIDTH="26" VPOS="2243" HPOS="1352"/>
<!-- cceid 9D9A96F8-6CFA-1014-9C3C-CEA95E7AA542 --><String CONTENT="A" HEIGHT="39" WIDTH="40" VPOS="2243" HPOS="1379"/>
<SP HEIGHT="40" WIDTH="24" VPOS="2243" HPOS="1420"/>
<String CONTENT="9868;" HEIGHT="48" WIDTH="142" VPOS="2243" HPOS="1445"/>
<SP HEIGHT="46" WIDTH="27" VPOS="2245" HPOS="1588"/>
<String CONTENT="W." HEIGHT="40" WIDTH="71" VPOS="2245" HPOS="1616"/>
<SP HEIGHT="40" WIDTH="26" VPOS="2245" HPOS="1688"/>
<String CONTENT="B." HEIGHT="39" WIDTH="54" VPOS="2245" HPOS="1715"/>
<SP HEIGHT="41" WIDTH="27" VPOS="2245" HPOS="1770"/>
<String CONTENT="Cannon," HEIGHT="44" WIDTH="214" VPOS="2245" HPOS="1798"/>
<SP HEIGHT="44" WIDTH="26" VPOS="2245" HPOS="2013"/>
<String CONTENT="Boston." HEIGHT="98" WIDTH="1910" VPOS="2245" HPOS="227"/>
<SP HEIGHT="49" WIDTH="66" VPOS="2301" HPOS="326"/>
<String CONTENT="(29-13978)" HEIGHT="51" WIDTH="279" VPOS="2300" HPOS="393"/>
</TextLine>
<TextLine HEIGHT="66" WIDTH="744" VPOS="2410" HPOS="158" STYLEREFS="StyleId-EAD26097-4877-4E1D-AF5C-C18DA80ED5AB-">
<String CONTENT="Cherau," HEIGHT="66" WIDTH="252" VPOS="2410" HPOS="158"/>
<SP HEIGHT="65" WIDTH="37" VPOS="2411" HPOS="411"/>
<String CONTENT="Gaston," HEIGHT="63" WIDTH="243" VPOS="2411" HPOS="449"/>
<SP HEIGHT="56" WIDTH="38" VPOS="2418" HPOS="693"/>
<String CONTENT="1872-" HEIGHT="54" WIDTH="170" VPOS="2414" HPOS="732"/>
</TextLine>
<TextLine HEIGHT="73" WIDTH="1930" VPOS="2487" HPOS="227" STYLEREFS="StyleId-F75CF014-E82B-40B7-8F42-9DFB1A1147F0-" CS="1">
<String CONTENT="Short" HEIGHT="56" WIDTH="174" VPOS="2487" HPOS="227"/>
<SP HEIGHT="48" WIDTH="26" VPOS="2495" HPOS="402"/>
<String CONTENT="stories" HEIGHT="54" WIDTH="199" VPOS="2490" HPOS="429"/>
<SP HEIGHT="53" WIDTH="25" VPOS="2491" HPOS="629"/>
<String CONTENT="by" HEIGHT="69" WIDTH="76" VPOS="2491" HPOS="655"/>
<SP HEIGHT="70" WIDTH="24" VPOS="2490" HPOS="732"/>
<String CONTENT="Gaston" HEIGHT="56" WIDTH="220" VPOS="2490" HPOS="757"/>
<SP HEIGHT="55" WIDTH="29" VPOS="2491" HPOS="978"/>
<String CONTENT="Cherau" HEIGHT="55" WIDTH="223" VPOS="2491" HPOS="1008"/>
<SP HEIGHT="35" WIDTH="33" VPOS="2510" HPOS="1232"/>
<String CS="1" CONTENT="&#8230;"/>
<SP HEIGHT="35" WIDTH="34" VPOS="2511" HPOS="1323"/>
<String CONTENT="edited" HEIGHT="54" WIDTH="189" VPOS="2492" HPOS="1358"/>
<SP HEIGHT="52" WIDTH="27" VPOS="2492" HPOS="1548"/>
<String CONTENT="with" HEIGHT="53" WIDTH="141" VPOS="2491" HPOS="1576"/>
<SP HEIGHT="54" WIDTH="27" VPOS="2490" HPOS="1718"/>
<String CONTENT="introduction," HEIGHT="68" WIDTH="411" VPOS="2490" HPOS="1746"/>
</TextLine>
<TextLine HEIGHT="150" WIDTH="1998" VPOS="2567" HPOS="153" STYLEREFS="StyleId-F75CF014-E82B-40B7-8F42-9DFB1A1147F0-" CS="1">
<String CONTENT="notes" HEIGHT="49" WIDTH="159" VPOS="2571" HPOS="153"/>
<SP HEIGHT="36" WIDTH="24" VPOS="2585" HPOS="313"/>
<String CONTENT="and" HEIGHT="54" WIDTH="113" VPOS="2567" HPOS="338"/>
<SP HEIGHT="53" WIDTH="26" VPOS="2567" HPOS="452"/>
<String CONTENT="vocabulary," HEIGHT="69" WIDTH="362" VPOS="2568" HPOS="479"/>
<SP HEIGHT="68" WIDTH="23" VPOS="2569" HPOS="842"/>
<String CONTENT="by" HEIGHT="69" WIDTH="75" VPOS="2569" HPOS="866"/>
<SP HEIGHT="68" WIDTH="24" VPOS="2570" HPOS="942"/>
<String CONTENT="Joseph" HEIGHT="68" WIDTH="218" VPOS="2570" HPOS="967"/>
<SP HEIGHT="52" WIDTH="25" VPOS="2570" HPOS="1186"/>
<String CONTENT="Brown" HEIGHT="53" WIDTH="212" VPOS="2571" HPOS="1212"/>
<SP HEIGHT="34" WIDTH="31" VPOS="2589" HPOS="1425"/>
<String CS="1" CONTENT="&#8230;"/>
<SP HEIGHT="35" WIDTH="31" VPOS="2588" HPOS="1515"/>
<String CONTENT="and" HEIGHT="54" WIDTH="113" VPOS="2569" HPOS="1547"/>
<SP HEIGHT="54" WIDTH="23" VPOS="2569" HPOS="1661"/>
<String CONTENT="Dwight" HEIGHT="70" WIDTH="245" VPOS="2568" HPOS="1685"/>
<SP HEIGHT="54" WIDTH="22" VPOS="2568" HPOS="1931"/>
<String CONTENT="Ingersoll" HEIGHT="129" WIDTH="1978" VPOS="2568" HPOS="154"/>
<SP HEIGHT="56" WIDTH="37" VPOS="2643" HPOS="262"/>
<String CONTENT="Chapman" HEIGHT="71" WIDTH="302" VPOS="2643" HPOS="300"/>
<SP HEIGHT="34" WIDTH="39" VPOS="2665" HPOS="603"/>
<String CS="1" CONTENT="&#8230;"/>
<SP HEIGHT="52" WIDTH="77" VPOS="2647" HPOS="699"/>
<String CONTENT="New" HEIGHT="53" WIDTH="140" VPOS="2647" HPOS="777"/>
<SP HEIGHT="52" WIDTH="37" VPOS="2648" HPOS="918"/>
<String CONTENT="York," HEIGHT="68" WIDTH="181" VPOS="2647" HPOS="956"/>
<SP HEIGHT="66" WIDTH="34" VPOS="2649" HPOS="1138"/>
<String CONTENT="H." HEIGHT="52" WIDTH="78" VPOS="2649" HPOS="1173"/>
<SP HEIGHT="52" WIDTH="36" VPOS="2649" HPOS="1252"/>
<String CONTENT="Holt" HEIGHT="52" WIDTH="146" VPOS="2649" HPOS="1289"/>
<SP HEIGHT="47" WIDTH="40" VPOS="2654" HPOS="1436"/>
<String CONTENT="and" HEIGHT="54" WIDTH="114" VPOS="2648" HPOS="1477"/>
<SP HEIGHT="54" WIDTH="37" VPOS="2648" HPOS="1592"/>
<String CONTENT="company" HEIGHT="52" WIDTH="281" VPOS="2665" HPOS="1630"/>
<SP HEIGHT="52" WIDTH="44" VPOS="2665" HPOS="1912"/>
<String CS="1" CONTENT="["/>
<String STYLE="superscript" CS="1" CONTENT="&#7580;1"/>
<String CONTENT="929]" HEIGHT="65" WIDTH="120" VPOS="2649" HPOS="2031"/>
</TextLine>
<TextLine HEIGHT="51" WIDTH="1180" VPOS="2727" HPOS="289" STYLEREFS="StyleId-F75CF014-E82B-40B7-8F42-9DFB1A1147F0-" CS="1">
<String CS="1" CONTENT="xv"/>
<SP HEIGHT="37" WIDTH="25" VPOS="2738" HPOS="289"/>
<String CONTENT="p.," HEIGHT="37" WIDTH="58" VPOS="2738" HPOS="315"/>
<SP HEIGHT="48" WIDTH="26" VPOS="2727" HPOS="374"/>
<String CONTENT="2" HEIGHT="39" WIDTH="27" VPOS="2727" HPOS="401"/>
<SP HEIGHT="40" WIDTH="23" VPOS="2727" HPOS="429"/>
<String CS="1" CONTENT="l.,"/>
<SP HEIGHT="48" WIDTH="27" VPOS="2727" HPOS="498"/>
<String CONTENT="3-184" HEIGHT="42" WIDTH="146" VPOS="2727" HPOS="526"/>
<SP HEIGHT="48" WIDTH="25" VPOS="2729" HPOS="673"/>
<String CONTENT="p." HEIGHT="37" WIDTH="44" VPOS="2740" HPOS="699"/>
<SP HEIGHT="41" WIDTH="56" VPOS="2728" HPOS="744"/>
<String CS="1" CONTENT="front." HEIGHT="42" WIDTH="137" VPOS="2728" HPOS="801"/>
<SP HEIGHT="49" WIDTH="26" VPOS="2729" HPOS="954"/>
<String CONTENT="(map)" HEIGHT="49" WIDTH="160" VPOS="2729" HPOS="981"/>
<SP HEIGHT="48" WIDTH="37" VPOS="2730" HPOS="1142"/>
<String CONTENT="plates." HEIGHT="47" WIDTH="172" VPOS="2731" HPOS="1180"/>
<SP HEIGHT="40" WIDTH="58" VPOS="2731" HPOS="1353"/>
<String CS="1" CONTENT="17&#189;&#7580;&#7504;." HEIGHT="41" WIDTH="57" VPOS="2731" HPOS="1412"/>
</TextLine>
<TextLine HEIGHT="53" WIDTH="1411" VPOS="2796" HPOS="228" CS="1">
<String CONTENT="Stories" HEIGHT="41" WIDTH="185" VPOS="2796" HPOS="228"/>
<SP HEIGHT="39" WIDTH="30" VPOS="2799" HPOS="414"/>
<String CONTENT="taken" HEIGHT="40" WIDTH="146" VPOS="2798" HPOS="445"/>
<SP HEIGHT="40" WIDTH="27" VPOS="2798" HPOS="592"/>
<String CONTENT="from" HEIGHT="41" WIDTH="129" VPOS="2798" HPOS="620"/>
<SP HEIGHT="38" WIDTH="29" VPOS="2802" HPOS="750"/>
<String CONTENT="the" HEIGHT="40" WIDTH="82" VPOS="2800" HPOS="780"/>
<SP HEIGHT="29" WIDTH="29" VPOS="2811" HPOS="863"/>
<String CONTENT="author&#8217;s" HEIGHT="40" WIDTH="220" VPOS="2800" HPOS="893"/>
<SP HEIGHT="39" WIDTH="29" VPOS="2801" HPOS="1114"/>
<String CONTENT="La" HEIGHT="40" WIDTH="69" VPOS="2801" HPOS="1144"/>
<SP HEIGHT="40" WIDTH="31" VPOS="2801" HPOS="1214"/>
<String CS="1" CONTENT="desp&#233;louqu&#233;ro." HEIGHT="48" WIDTH="393" VPOS="2801" HPOS="1246"/>
</TextLine>
<TextLine HEIGHT="58" WIDTH="1993" VPOS="2862" HPOS="161">
<String CONTENT="&#169;" HEIGHT="53" WIDTH="52" VPOS="2862" HPOS="161"/>
<SP HEIGHT="53" WIDTH="28" VPOS="2862" HPOS="214"/>
<String CONTENT="June" HEIGHT="41" WIDTH="128" VPOS="2868" HPOS="243"/>
<SP HEIGHT="41" WIDTH="25" VPOS="2868" HPOS="372"/>
<String CONTENT="24," HEIGHT="49" WIDTH="70" VPOS="2868" HPOS="398"/>
<SP HEIGHT="47" WIDTH="29" VPOS="2870" HPOS="469"/>
<String CONTENT="1929;" HEIGHT="47" WIDTH="140" VPOS="2869" HPOS="499"/>
<SP HEIGHT="46" WIDTH="29" VPOS="2870" HPOS="640"/>
<String CONTENT="2c." HEIGHT="41" WIDTH="68" VPOS="2870" HPOS="670"/>
<SP HEIGHT="40" WIDTH="29" VPOS="2871" HPOS="739"/>
<String CONTENT="June" HEIGHT="40" WIDTH="128" VPOS="2871" HPOS="769"/>
<SP HEIGHT="40" WIDTH="24" VPOS="2871" HPOS="898"/>
<String CONTENT="29;" HEIGHT="47" WIDTH="83" VPOS="2871" HPOS="923"/>
<SP HEIGHT="36" WIDTH="31" VPOS="2882" HPOS="1007"/>
<String CONTENT="aff." HEIGHT="40" WIDTH="83" VPOS="2871" HPOS="1039"/>
<SP HEIGHT="40" WIDTH="28" VPOS="2872" HPOS="1123"/>
<String CONTENT="July" HEIGHT="48" WIDTH="117" VPOS="2872" HPOS="1152"/>
<SP HEIGHT="49" WIDTH="26" VPOS="2871" HPOS="1270"/>
<String CONTENT="2;" HEIGHT="47" WIDTH="53" VPOS="2871" HPOS="1297"/>
<SP HEIGHT="46" WIDTH="31" VPOS="2872" HPOS="1351"/>
<!-- cceid 9D9904A2-6CFA-1014-9C3C-CEA95E7AA542 --><!-- cceid 9D9B6698-6CFA-1014-9C3C-CEA95E7AA542 --><String CONTENT="A" HEIGHT="39" WIDTH="42" VPOS="2872" HPOS="1383"/>
<SP HEIGHT="39" WIDTH="27" VPOS="2872" HPOS="1426"/>
<String CONTENT="10016;" HEIGHT="47" WIDTH="170" VPOS="2871" HPOS="1454"/>
<SP HEIGHT="46" WIDTH="32" VPOS="2872" HPOS="1625"/>
<String CONTENT="Henry" HEIGHT="47" WIDTH="169" VPOS="2872" HPOS="1658"/>
<SP HEIGHT="48" WIDTH="27" VPOS="2871" HPOS="1828"/>
<String CONTENT="Holt" HEIGHT="40" WIDTH="123" VPOS="2870" HPOS="1856"/>
<SP HEIGHT="40" WIDTH="25" VPOS="2870" HPOS="1980"/>
<String CONTENT="&amp;" HEIGHT="40" WIDTH="36" VPOS="2870" HPOS="2006"/>
<SP HEIGHT="40" WIDTH="27" VPOS="2870" HPOS="2043"/>
<String CONTENT="co.," HEIGHT="38" WIDTH="83" VPOS="2879" HPOS="2071"/>
</TextLine>
<TextLine HEIGHT="57" WIDTH="1565" VPOS="2921" HPOS="228">
<String CONTENT="inc." HEIGHT="43" WIDTH="92" VPOS="2923" HPOS="228"/>
<SP HEIGHT="30" WIDTH="55" VPOS="2945" HPOS="321"/>
<String CONTENT="[&#169;" HEIGHT="54" WIDTH="69" VPOS="2921" HPOS="377"/>
<SP HEIGHT="52" WIDTH="25" VPOS="2921" HPOS="447"/>
<String CONTENT="introduction," HEIGHT="49" WIDTH="344" VPOS="2926" HPOS="473"/>
<SP HEIGHT="36" WIDTH="26" VPOS="2939" HPOS="818"/>
<String CONTENT="notes" HEIGHT="40" WIDTH="139" VPOS="2930" HPOS="845"/>
<SP HEIGHT="31" WIDTH="24" VPOS="2939" HPOS="985"/>
<String CONTENT="and" HEIGHT="39" WIDTH="96" VPOS="2929" HPOS="1010"/>
<SP HEIGHT="40" WIDTH="25" VPOS="2929" HPOS="1107"/>
<String CONTENT="vocabulary]" HEIGHT="49" WIDTH="310" VPOS="2929" HPOS="1133"/>
<SP HEIGHT="50" WIDTH="68" VPOS="2928" HPOS="1444"/>
<String CONTENT="(29-14068)" HEIGHT="50" WIDTH="280" VPOS="2927" HPOS="1513"/>
</TextLine>
<TextLine HEIGHT="74" WIDTH="1489" VPOS="3033" HPOS="223" STYLEREFS="StyleId-F75CF014-E82B-40B7-8F42-9DFB1A1147F0-" CS="1">
<String CS="1" CONTENT="&#8230;"/>
<SP HEIGHT="55" WIDTH="39" VPOS="3033" HPOS="223"/>
<String CONTENT="Chroniques." HEIGHT="67" WIDTH="386" VPOS="3033" HPOS="263"/>
<SP HEIGHT="54" WIDTH="73" VPOS="3038" HPOS="650"/>
<String CONTENT="7." HEIGHT="54" WIDTH="47" VPOS="3038" HPOS="724"/>
<SP HEIGHT="33" WIDTH="32" VPOS="3059" HPOS="772"/>
<String LANG="la" CONTENT="numero." HEIGHT="34" WIDTH="252" VPOS="3058" HPOS="805"/>
<SP HEIGHT="51" WIDTH="74" VPOS="3041" HPOS="1058"/>
<String CONTENT="Paris," HEIGHT="68" WIDTH="186" VPOS="3039" HPOS="1133"/>
<SP HEIGHT="66" WIDTH="32" VPOS="3041" HPOS="1320"/>
<String CONTENT="Plon" HEIGHT="51" WIDTH="148" VPOS="3041" HPOS="1353"/>
<SP HEIGHT="47" WIDTH="39" VPOS="3059" HPOS="1502"/>
<String CS="1" CONTENT="[1929]" HEIGHT="65" WIDTH="150" VPOS="3042" HPOS="1562"/>
</TextLine>
<TextLine HEIGHT="53" WIDTH="1921" VPOS="3116" HPOS="230" CS="1">
<String CONTENT="3" HEIGHT="40" WIDTH="26" VPOS="3116" HPOS="230"/>
<SP HEIGHT="48" WIDTH="25" VPOS="3116" HPOS="257"/>
<String LANG="la" CONTENT="p." HEIGHT="37" WIDTH="43" VPOS="3127" HPOS="283"/>
<SP HEIGHT="40" WIDTH="24" VPOS="3117" HPOS="327"/>
<String CS="1" CONTENT="l.,"/>
<SP HEIGHT="47" WIDTH="25" VPOS="3117" HPOS="397"/>
<String CONTENT="360" HEIGHT="41" WIDTH="88" VPOS="3117" HPOS="423"/>
<SP HEIGHT="49" WIDTH="23" VPOS="3117" HPOS="512"/>
<String CONTENT="p.," HEIGHT="37" WIDTH="56" VPOS="3129" HPOS="536"/>
<SP HEIGHT="47" WIDTH="26" VPOS="3119" HPOS="593"/>
<String CONTENT="2." HEIGHT="39" WIDTH="40" VPOS="3119" HPOS="620"/>
<SP HEIGHT="38" WIDTH="26" VPOS="3120" HPOS="661"/>
<String CONTENT="1." HEIGHT="39" WIDTH="29" VPOS="3120" HPOS="688"/>
<SP HEIGHT="40" WIDTH="54" VPOS="3119" HPOS="718"/>
<String CS="1" CONTENT="20&#7580;&#7504;." HEIGHT="9" WIDTH="9" VPOS="3153" HPOS="880"/>
<SP HEIGHT="50" WIDTH="63" VPOS="3119" HPOS="890"/>
<String CONTENT="(Le" HEIGHT="50" WIDTH="90" VPOS="3119" HPOS="954"/>
<SP HEIGHT="30" WIDTH="24" VPOS="3131" HPOS="1045"/>
<String CONTENT="roseau" HEIGHT="31" WIDTH="175" VPOS="3130" HPOS="1070"/>
<SP HEIGHT="39" WIDTH="26" VPOS="3122" HPOS="1246"/>
<String CONTENT="d&#8217;or;" HEIGHT="49" WIDTH="129" VPOS="3119" HPOS="1273"/>
<SP HEIGHT="37" WIDTH="28" VPOS="3131" HPOS="1403"/>
<String CONTENT="oeuvres" HEIGHT="31" WIDTH="202" VPOS="3131" HPOS="1432"/>
<SP HEIGHT="31" WIDTH="26" VPOS="3131" HPOS="1635"/>
<String CONTENT="et" HEIGHT="39" WIDTH="48" VPOS="3123" HPOS="1662"/>
<SP HEIGHT="39" WIDTH="25" VPOS="3123" HPOS="1711"/>
<String CONTENT="chroniques." HEIGHT="49" WIDTH="305" VPOS="3119" HPOS="1737"/>
<SP HEIGHT="41" WIDTH="54" VPOS="3118" HPOS="2043"/>
<String CONTENT="3)" HEIGHT="49" WIDTH="53" VPOS="3117" HPOS="2098"/>
</TextLine>
<TextLine HEIGHT="51" WIDTH="234" VPOS="3172" HPOS="162" CS="1">
<String LANG="el" CONTENT="[4" HEIGHT="49" WIDTH="42" VPOS="3172" HPOS="162"/>
<String LANG="en-US" CS="1" CONTENT="&#7497;"/>
<SP HEIGHT="40" WIDTH="29" VPOS="3173" HPOS="227"/>
<String LANG="en-US" CS="1" CONTENT="s&#233;rie]" HEIGHT="50" WIDTH="139" VPOS="3173" HPOS="257"/>
</TextLine>
<TextLine HEIGHT="60" WIDTH="1747" VPOS="3224" HPOS="163" CS="1">
<String CONTENT="&#169;" HEIGHT="52" WIDTH="51" VPOS="3224" HPOS="163"/>
<SP HEIGHT="52" WIDTH="25" VPOS="3224" HPOS="215"/>
<String CONTENT="Feb." HEIGHT="42" WIDTH="111" VPOS="3229" HPOS="241"/>
<SP HEIGHT="39" WIDTH="24" VPOS="3232" HPOS="353"/>
<String CONTENT="25," HEIGHT="49" WIDTH="68" VPOS="3230" HPOS="378"/>
<SP HEIGHT="47" WIDTH="26" VPOS="3232" HPOS="447"/>
<String CONTENT="1929;" HEIGHT="48" WIDTH="140" VPOS="3231" HPOS="474"/>
<SP HEIGHT="45" WIDTH="26" VPOS="3234" HPOS="615"/>
<String CS="1" CONTENT="1c." HEIGHT="29" WIDTH="38" VPOS="3245" HPOS="672"/>
<SP HEIGHT="39" WIDTH="24" VPOS="3235" HPOS="711"/>
<String CONTENT="Mar." HEIGHT="39" WIDTH="124" VPOS="3235" HPOS="736"/>
<SP HEIGHT="39" WIDTH="23" VPOS="3235" HPOS="861"/>
<String CS="1" CONTENT="22;" HEIGHT="39" WIDTH="57" VPOS="3235" HPOS="885"/>
<SP HEIGHT="48" WIDTH="26" VPOS="3234" HPOS="970"/>
<!-- cceid 9D9C0BFA-6CFA-1014-9C3C-CEA95E7AA542 --><String CONTENT="A&#8212;Foreign" HEIGHT="50" WIDTH="312" VPOS="3234" HPOS="997"/>
<SP HEIGHT="41" WIDTH="24" VPOS="3235" HPOS="1310"/>
<String CONTENT="2575;" HEIGHT="47" WIDTH="142" VPOS="3235" HPOS="1335"/>
<SP HEIGHT="47" WIDTH="28" VPOS="3235" HPOS="1478"/>
<String CONTENT="Librairie" HEIGHT="42" WIDTH="243" VPOS="3234" HPOS="1507"/>
<SP HEIGHT="41" WIDTH="24" VPOS="3235" HPOS="1751"/>
<String CONTENT="Plon." HEIGHT="39" WIDTH="134" VPOS="3235" HPOS="1776"/>
</TextLine>
<TextLine HEIGHT="65" WIDTH="710" VPOS="3338" HPOS="165" STYLEREFS="StyleId-EAD26097-4877-4E1D-AF5C-C18DA80ED5AB-">
<String CONTENT="Clark," HEIGHT="65" WIDTH="194" VPOS="3338" HPOS="165"/>
<SP HEIGHT="63" WIDTH="41" VPOS="3340" HPOS="360"/>
<String CONTENT="Victor" HEIGHT="54" WIDTH="205" VPOS="3340" HPOS="402"/>
<SP HEIGHT="54" WIDTH="37" VPOS="3343" HPOS="608"/>
<String CONTENT="Seldon." HEIGHT="56" WIDTH="229" VPOS="3343" HPOS="646"/>
</TextLine>
<TextLine HEIGHT="132" WIDTH="2001" VPOS="3416" HPOS="166" STYLEREFS="StyleId-F75CF014-E82B-40B7-8F42-9DFB1A1147F0-" CS="1">
<String CONTENT="History" HEIGHT="72" WIDTH="247" VPOS="3416" HPOS="230"/>
<SP HEIGHT="49" WIDTH="26" VPOS="3439" HPOS="478"/>
<String CONTENT="of" HEIGHT="53" WIDTH="63" VPOS="3420" HPOS="505"/>
<SP HEIGHT="53" WIDTH="22" VPOS="3420" HPOS="569"/>
<String CONTENT="manufactures" HEIGHT="56" WIDTH="429" VPOS="3422" HPOS="592"/>
<SP HEIGHT="51" WIDTH="28" VPOS="3426" HPOS="1022"/>
<String CONTENT="in" HEIGHT="52" WIDTH="58" VPOS="3426" HPOS="1051"/>
<SP HEIGHT="48" WIDTH="26" VPOS="3430" HPOS="1110"/>
<String CONTENT="the" HEIGHT="52" WIDTH="95" VPOS="3427" HPOS="1137"/>
<SP HEIGHT="53" WIDTH="26" VPOS="3426" HPOS="1233"/>
<String CONTENT="United" HEIGHT="54" WIDTH="218" VPOS="3426" HPOS="1260"/>
<SP HEIGHT="56" WIDTH="30" VPOS="3425" HPOS="1479"/>
<String CONTENT="States," HEIGHT="56" WIDTH="204" VPOS="3425" HPOS="1510"/>
<SP HEIGHT="33" WIDTH="73" VPOS="3443" HPOS="1715"/>
<String CONTENT="v." HEIGHT="35" WIDTH="51" VPOS="3443" HPOS="1789"/>
<SP HEIGHT="50" WIDTH="26" VPOS="3428" HPOS="1841"/>
<String CONTENT="3." HEIGHT="47" WIDTH="48" VPOS="3428" HPOS="1868"/>
<SP HEIGHT="48" WIDTH="78" VPOS="3426" HPOS="1917"/>
<String CONTENT="1893-1928." HEIGHT="124" WIDTH="2001" VPOS="3424" HPOS="166"/>
</TextLine>
<TextLine HEIGHT="74" WIDTH="1772" VPOS="3497" HPOS="394" STYLEREFS="StyleId-F75CF014-E82B-40B7-8F42-9DFB1A1147F0-">
<String CONTENT="By" HEIGHT="68" WIDTH="90" VPOS="3497" HPOS="394"/>
<SP HEIGHT="67" WIDTH="48" VPOS="3498" HPOS="485"/>
<String CONTENT="Victor" HEIGHT="54" WIDTH="200" VPOS="3498" HPOS="534"/>
<SP HEIGHT="55" WIDTH="52" VPOS="3500" HPOS="735"/>
<String CONTENT="S." HEIGHT="56" WIDTH="55" VPOS="3500" HPOS="788"/>
<SP HEIGHT="55" WIDTH="53" VPOS="3501" HPOS="844"/>
<String CONTENT="Clark," HEIGHT="61" WIDTH="193" VPOS="3501" HPOS="898"/>
<SP HEIGHT="39" WIDTH="50" VPOS="3523" HPOS="1092"/>
<String CONTENT="with" HEIGHT="53" WIDTH="142" VPOS="3503" HPOS="1143"/>
<SP HEIGHT="56" WIDTH="51" VPOS="3506" HPOS="1286"/>
<String CONTENT="an" HEIGHT="38" WIDTH="70" VPOS="3524" HPOS="1338"/>
<SP HEIGHT="51" WIDTH="51" VPOS="3506" HPOS="1409"/>
<String CONTENT="introductory" HEIGHT="67" WIDTH="398" VPOS="3504" HPOS="1461"/>
<SP HEIGHT="51" WIDTH="47" VPOS="3520" HPOS="1860"/>
<String CONTENT="note" HEIGHT="48" WIDTH="132" VPOS="3506" HPOS="1908"/>
<SP HEIGHT="56" WIDTH="48" VPOS="3498" HPOS="2041"/>
<String CONTENT="by" HEIGHT="68" WIDTH="76" VPOS="3498" HPOS="2090"/>
</TextLine>
<TextLine HEIGHT="71" WIDTH="2003" VPOS="3572" HPOS="162" STYLEREFS="StyleId-F75CF014-E82B-40B7-8F42-9DFB1A1147F0-">
<String CONTENT="Henry" HEIGHT="71" WIDTH="205" VPOS="3572" HPOS="162"/>
<SP HEIGHT="69" WIDTH="22" VPOS="3574" HPOS="368"/>
<String CONTENT="W." HEIGHT="55" WIDTH="90" VPOS="3574" HPOS="391"/>
<SP HEIGHT="54" WIDTH="28" VPOS="3575" HPOS="482"/>
<String CONTENT="Farnam." HEIGHT="55" WIDTH="267" VPOS="3575" HPOS="511"/>
<SP HEIGHT="47" WIDTH="79" VPOS="3583" HPOS="779"/>
<String CONTENT="1929" HEIGHT="48" WIDTH="132" VPOS="3583" HPOS="859"/>
<SP HEIGHT="51" WIDTH="28" VPOS="3583" HPOS="992"/>
<String CONTENT="ed." HEIGHT="52" WIDTH="84" VPOS="3582" HPOS="1021"/>
<SP HEIGHT="51" WIDTH="75" VPOS="3582" HPOS="1106"/>
<String CONTENT="New" HEIGHT="52" WIDTH="140" VPOS="3582" HPOS="1182"/>
<SP HEIGHT="51" WIDTH="28" VPOS="3583" HPOS="1323"/>
<String CONTENT="York," HEIGHT="58" WIDTH="181" VPOS="3583" HPOS="1352"/>
<SP HEIGHT="58" WIDTH="26" VPOS="3583" HPOS="1534"/>
<String CONTENT="London," HEIGHT="56" WIDTH="260" VPOS="3581" HPOS="1561"/>
<SP HEIGHT="55" WIDTH="28" VPOS="3582" HPOS="1822"/>
<String CONTENT="Published" HEIGHT="55" WIDTH="314" VPOS="3578" HPOS="1851"/>
</TextLine>
<TextLine HEIGHT="80" WIDTH="2001" VPOS="3649" HPOS="166" STYLEREFS="StyleId-F75CF014-E82B-40B7-8F42-9DFB1A1147F0-">
<String CONTENT="for" HEIGHT="53" WIDTH="93" VPOS="3649" HPOS="166"/>
<SP HEIGHT="47" WIDTH="32" VPOS="3657" HPOS="260"/>
<String CONTENT="the" HEIGHT="52" WIDTH="97" VPOS="3652" HPOS="293"/>
<SP HEIGHT="56" WIDTH="33" VPOS="3650" HPOS="391"/>
<String CONTENT="Carnegie" HEIGHT="72" WIDTH="279" VPOS="3650" HPOS="425"/>
<SP HEIGHT="51" WIDTH="34" VPOS="3657" HPOS="705"/>
<String CONTENT="institution" HEIGHT="54" WIDTH="330" VPOS="3657" HPOS="740"/>
<SP HEIGHT="34" WIDTH="33" VPOS="3678" HPOS="1071"/>
<String CONTENT="of" HEIGHT="52" WIDTH="64" VPOS="3660" HPOS="1105"/>
<SP HEIGHT="53" WIDTH="33" VPOS="3660" HPOS="1170"/>
<String CONTENT="Washington" HEIGHT="68" WIDTH="386" VPOS="3660" HPOS="1204"/>
<SP HEIGHT="52" WIDTH="35" VPOS="3661" HPOS="1591"/>
<String CONTENT="by" HEIGHT="68" WIDTH="77" VPOS="3661" HPOS="1627"/>
<SP HEIGHT="66" WIDTH="32" VPOS="3663" HPOS="1705"/>
<String CONTENT="the" HEIGHT="52" WIDTH="96" VPOS="3659" HPOS="1738"/>
<SP HEIGHT="52" WIDTH="33" VPOS="3659" HPOS="1835"/>
<String CONTENT="McGraw-" HEIGHT="54" WIDTH="298" VPOS="3657" HPOS="1869"/>
</TextLine>
<TextLine HEIGHT="76" WIDTH="977" VPOS="3726" HPOS="162" STYLEREFS="StyleId-F75CF014-E82B-40B7-8F42-9DFB1A1147F0-">
<String CONTENT="Hill" HEIGHT="54" WIDTH="130" VPOS="3726" HPOS="162"/>
<SP HEIGHT="52" WIDTH="27" VPOS="3729" HPOS="293"/>
<String CONTENT="book" HEIGHT="52" WIDTH="149" VPOS="3729" HPOS="321"/>
<SP HEIGHT="54" WIDTH="27" VPOS="3729" HPOS="471"/>
<String CONTENT="company," HEIGHT="53" WIDTH="297" VPOS="3749" HPOS="499"/>
<SP HEIGHT="66" WIDTH="29" VPOS="3735" HPOS="797"/>
<String CONTENT="inc.," HEIGHT="58" WIDTH="126" VPOS="3735" HPOS="827"/>
<SP HEIGHT="53" WIDTH="34" VPOS="3740" HPOS="954"/>
<String CONTENT="1929." HEIGHT="50" WIDTH="150" VPOS="3739" HPOS="989"/>
</TextLine>
<TextLine HEIGHT="50" WIDTH="669" VPOS="3808" HPOS="228" STYLEREFS="StyleId-F75CF014-E82B-40B7-8F42-9DFB1A1147F0-" CS="1">
<String CONTENT="vi," HEIGHT="47" WIDTH="63" VPOS="3808" HPOS="228"/>
<SP HEIGHT="46" WIDTH="30" VPOS="3809" HPOS="292"/>
<String CONTENT="467" HEIGHT="40" WIDTH="88" VPOS="3809" HPOS="323"/>
<SP HEIGHT="48" WIDTH="31" VPOS="3810" HPOS="412"/>
<String CONTENT="p." HEIGHT="37" WIDTH="43" VPOS="3821" HPOS="444"/>
<SP HEIGHT="38" WIDTH="57" VPOS="3813" HPOS="488"/>
<String CONTENT="tables." HEIGHT="42" WIDTH="172" VPOS="3811" HPOS="546"/>
<SP HEIGHT="40" WIDTH="58" VPOS="3813" HPOS="719"/>
<String CS="1" CONTENT="26&#7580;&#7504;." HEIGHT="43" WIDTH="119" VPOS="3813" HPOS="778"/>
</TextLine>
<TextLine HEIGHT="71" WIDTH="2008" VPOS="3872" HPOS="163">
<String CONTENT="&#169;" HEIGHT="53" WIDTH="52" VPOS="3872" HPOS="163"/>
<SP HEIGHT="53" WIDTH="29" VPOS="3872" HPOS="216"/>
<String CONTENT="July" HEIGHT="48" WIDTH="118" VPOS="3878" HPOS="246"/>
<SP HEIGHT="47" WIDTH="27" VPOS="3879" HPOS="365"/>
<String CONTENT="9," HEIGHT="48" WIDTH="39" VPOS="3879" HPOS="393"/>
<SP HEIGHT="45" WIDTH="29" VPOS="3882" HPOS="433"/>
<String CONTENT="1929;" HEIGHT="47" WIDTH="141" VPOS="3881" HPOS="463"/>
<SP HEIGHT="44" WIDTH="32" VPOS="3884" HPOS="605"/>
<String CONTENT="2c." HEIGHT="40" WIDTH="67" VPOS="3884" HPOS="638"/>
<SP HEIGHT="30" WIDTH="30" VPOS="3894" HPOS="706"/>
<String CONTENT="and" HEIGHT="39" WIDTH="97" VPOS="3885" HPOS="737"/>
<SP HEIGHT="40" WIDTH="30" VPOS="3885" HPOS="835"/>
<String CONTENT="aff." HEIGHT="40" WIDTH="82" VPOS="3886" HPOS="866"/>
<SP HEIGHT="40" WIDTH="30" VPOS="3887" HPOS="949"/>
<String CONTENT="July" HEIGHT="48" WIDTH="116" VPOS="3887" HPOS="980"/>
<SP HEIGHT="45" WIDTH="31" VPOS="3890" HPOS="1097"/>
<String CONTENT="17;" HEIGHT="45" WIDTH="82" VPOS="3890" HPOS="1129"/>
<SP HEIGHT="45" WIDTH="36" VPOS="3890" HPOS="1212"/>
<!-- cceid 9D9CC6E7-6CFA-1014-9C3C-CEA95E7AA542 --><String CONTENT="A" HEIGHT="39" WIDTH="42" VPOS="3890" HPOS="1249"/>
<SP HEIGHT="39" WIDTH="28" VPOS="3890" HPOS="1292"/>
<String CONTENT="10276;" HEIGHT="48" WIDTH="171" VPOS="3889" HPOS="1321"/>
<SP HEIGHT="47" WIDTH="37" VPOS="3890" HPOS="1493"/>
<String CONTENT="Carnegie" HEIGHT="54" WIDTH="238" VPOS="3889" HPOS="1531"/>
<SP HEIGHT="48" WIDTH="28" VPOS="3889" HPOS="1770"/>
<String CONTENT="institution" HEIGHT="47" WIDTH="287" VPOS="3887" HPOS="1799"/>
<SP HEIGHT="30" WIDTH="27" VPOS="3897" HPOS="2087"/>
<String CONTENT="of" HEIGHT="42" WIDTH="56" VPOS="3885" HPOS="2115"/>
</TextLine>
<TextLine HEIGHT="54" WIDTH="700" VPOS="3935" HPOS="230">
<String CONTENT="Washington," HEIGHT="51" WIDTH="334" VPOS="3935" HPOS="230"/>
<SP HEIGHT="47" WIDTH="26" VPOS="3939" HPOS="565"/>
<String CONTENT="Washington." HEIGHT="50" WIDTH="338" VPOS="3939" HPOS="592"/>
</TextLine>
</TextBlock>
</PrintSpace>
</Page>
</Layout>
</alto>