2533 4342
1297 4041 138 50 2000

364 469 1941 75 term, 1928, by Gregory Hankin … and Charlotte A. Hankin …
364 553 401 68 Washington,
794 552 71 52 D.
897 551 82 70 C.,
1008 551 180 69 Legal
1215 551 258 52 research
1503 548 230 68 service,
1764 551 151 51 1929.

430 631 460 50 xi, 324 p. 20 ½ᶜᵐ .
432 688 314 48 Advertising
771 690 180 38 matter:
1008 699 44 37 p.
1076 686 220 42 323-324.

434 746 177 39 “Table
639 745 52 40 of
717 742 166 43 cases”:
942 755 43 37 p.
1014 742 220 42 303-316.

368 799 52 52 ©
458 803 112 40 Dec.
606 803 70 47 11,
713 800 142 47 1929;
893 800 69 40 2c.
999 801 114 40 Dec.
1149 799 81 48 12;
1271 799 82 40 aff.
1391 799 113 40 Dec.
1541 799 82 47 13;
1664 799 41 39 A
1742 799 171 47 16431;
1953 799 149 47 Legal
2140 798 227 40 research

437 859 198 40 service.
705 856 282 50 (29-30417)

365 949 263 66 Hawley,
658 949 197 65 Emily
883 950 224 66 Carrie,
1139 956 172 50 1855-

432 1030 225 52 Annals
694 1029 64 52 of
796 1029 351 68 Brookfield,
1185 1028 278 54 Fairfield
1501 1029 247 70 County,
1786 1027 391 70 Connecticut,
363 1027 1983 134 written
484 1108 114 53 and

626 1105 1743 71 published by Emily C. Hawley … Brookfield, Conn.,
364 1189 150 50 1929.

432 1266 97 49 xiv,
557 1266 86 41 656
668 1277 44 37 p.
771 1266 165 47 front.,
961 1267 160 47 plates.
1163 1276 125 37 map.
1348 1265 117 40 26ᶜᵐ.

369 1319 52 52 ©
454 1324 113 40 Dec.
598 1323 70 48 21,
700 1322 141 43 1929;
875 1323 69 41 2c.
977 1323 97 39 and
1105 1322 86 42 aff.
1221 1322 113 41 Dec.
1366 1322 83 47 26;
1482 1323 43 38 A
1555 1321 172 48 17546;
1764 1322 53 40 E.
1852 1321 50 41 C.
1935 1320 220 48 Hawley,
435 1320 1918 99 Brookfield

579 1378 189 49 Center,
800 1378 148 41 Conn.
1017 1378 194 50 (30-13)

365 1471 272 68 Horsley,
665 1473 156 55 John
850 1472 266 67 Shelton,
1148 1475 173 55 1870-

435 1553 282 54 Research
768 1555 113 53 and
931 1553 245 54 medical
1225 1572 284 51 progress,
1560 1555 116 53 and
1725 1553 163 54 other
1940 1552 309 67 addresses,
2298 1552 78 70 by

364 1630 2011 73 J. Shelton Horsley … St. Louis, The C. V. Mosby company,
365 1712 152 52 1929.

435 1789 86 42 208
552 1801 44 37 p.
655 1789 145 49 illus.,
830 1792 173 47 plates.
1064 1790 148 41 20½ᶜᵐ.

438 1846 351 41 “References”
819 1849 52 38 at
899 1847 91 40 end
1019 1846 53 41 of
1098 1849 127 38 most
1254 1846 52 40 of
1335 1848 82 39 the
1445 1848 246 46 chapters.

370 1899 52 52 ©
452 1905 113 40 Dec.
595 1905 39 47 7,
664 1904 118 40 1929;
838 1904 67 41 2c.
935 1905 98 39 and
1061 1904 83 41 aff.
1176 1904 113 41 Dec.
1317 1904 59 39 12;
1432 1904 44 41 A
1503 1903 146 41 17320;
1710 1904 49 42 C.
1791 1904 53 40 V.
1876 1904 171 48 Mosby
2077 1913 68 31 со.

447 1959 281 50 (29-30676)

364 2052 251 64 Horton,
646 2052 227 65 George
904 2053 263 65 Firman,
1200 2059 326 50 1806-1886.

499 2132 1877 71 … The Hortons in America; being a corrected reprint of the
369 2209 134 54 1876
536 2210 160 52 work
725 2212 76 69 by
833 2212 104 53 Dr.
971 2210 137 55 Geo.
1140 2212 65 51 F.
1237 2212 250 69 Horton,
1518 2211 142 53 with
1690 2229 175 53 many
1896 2213 65 52 of
1992 2211 96 54 the
365 2211 1985 146 succeeding

497 2289 362 68 generations
889 2290 252 69 brought
1172 2290 167 53 down
1371 2296 58 47 to
1463 2291 97 53 the
1591 2296 231 62 present
1853 2291 154 52 time.
2080 2287 165 57 With
2278 2288 98 54 the

366 2366 222 69 history
630 2368 114 52 and
785 2385 152 35 some
977 2368 144 53 lines
1163 2368 64 53 of
1268 2369 98 52 the
1404 2368 282 69 posterity
1728 2368 65 54 of
1833 2368 250 54 Thomas
2124 2367 251 69 Horton,

365 2444 97 52 the
501 2443 372 70 Springfield,
909 2446 191 67 Mass.,
1137 2445 355 69 immigrant,
1532 2449 153 50 1636.
1758 2445 137 55 And
1932 2446 118 54 also
2089 2462 32 35 a
2157 2445 116 54 line
2310 2445 65 54 of

366 2522 96 53 the
490 2523 281 69 posterity
800 2523 64 53 of
890 2522 142 54 Levi
1059 2523 249 69 Horton,
1337 2544 32 33 a
1397 2524 346 53 descendant
1772 2525 65 52 of
1864 2524 234 70 Jeremy
2125 2524 249 65 Horton,

364 2600 97 53 the
499 2619 91 34 sea
629 2601 248 68 captain.
955 2600 303 69 Compiled
1295 2602 76 69 by
1409 2600 252 55 Adaline
1697 2601 231 54 Horton
1965 2601 224 67 White;
365 2601 1985 131 published

583 2678 1792 72 by Herson D. and Adaline Horton White … Seattle,
364 2756 214 68 Wash.,
614 2756 280 55 Sherman
928 2756 266 70 printing
1225 2759 46 50 &
1300 2757 246 69 binding
1576 2776 100 51 со.,
1711 2760 151 51 1929.

514 2832 1549 55 liii , [1], 650 p. plates, ports., coats of arms (1 col.) 23 ᶜᵐ .
435 2893 158 40 Ruled
621 2903 147 38 pages
794 2893 81 40 for
904 2893 376 41 “Memoranda”
1318 2893 253 49 (587-606)

436 2949 134 40 First
600 2950 257 47 published
889 2950 156 40 under
1075 2950 109 40 title:
1244 2950 192 40 Horton
1467 2952 265 46 genealogy;
1793 2962 67 37 or,
1894 2950 282 42 Chronicles
2208 2951 51 40 of
2288 2952 84 39 the

365 3006 322 40 descendants
720 3006 52 41 of
803 3006 258 41 Barnabas
1095 3006 207 48 Horton,
1334 3006 53 40 of
1423 3006 251 49 Southold,
1709 3007 52 41 L.
1796 3008 39 40 I.

434 3062 351 48 Bibliography:
843 3073 44 38 p.
917 3061 219 42 649-650.

371 3115 52 52 ©
455 3120 118 39 Nov.
607 3120 70 47 25,
710 3119 141 45 1929;
887 3119 67 41 2c.
988 3119 114 40 Dec.
1135 3118 53 48 2;
1225 3118 83 42 aff.
1341 3118 113 41 Dec.
1487 3119 83 47 38;
1606 3119 41 39 A
1680 3120 171 46 17543;
1888 3120 194 40 Herson
2115 3120 57 40 D.
2206 3118 164 42 White

440 3176 97 39 and
567 3175 207 40 Adaline
807 3175 194 40 Horton
1032 3174 178 49 White,
1243 3174 210 49 Bothell,
1487 3176 166 40 Wash.
1726 3175 222 49 (30-127)

366 3255 218 64 House,
614 3253 189 54 Elwin
831 3254 262 66 Lincoln,
1125 3261 172 49 1861-

437 3333 176 55 God’s
637 3335 203 53 sun-lit
866 3336 142 52 road
1034 3340 58 48 to
1118 3334 214 66 health,
1359 3340 121 49 text
1505 3337 76 68 by
1606 3335 140 56 Rev.
1773 3337 193 53 Elwin
1991 3337 215 66 House,
2268 3380 11 10 D.
2343 3380 29 26 D.,

367 3411 315 69 Scripture,
718 3413 239 53 selected
998 3431 253 50 prayers,
1291 3411 369 57 affirmations
1695 3414 76 70 by
1808 3413 184 53 Edith
2028 3415 90 54 W.
2155 3414 217 54 Keller.

371 3489 203 68 [South
602 3491 182 67 Bend,
812 3490 149 68 Ind.,
994 3493 152 64 1929]

436 3568 538 49 l p. l., 106 p. 17ᶜᵐ.
371 3622 52 52 ©
459 3627 117 47 July
609 3626 69 48 15,
713 3625 142 44 1929;
891 3626 68 41 2c.
994 3627 120 41 Nov.
1149 3628 54 45 7;
1240 3627 83 41 aff.
1357 3627 120 41 Nov.
1512 3628 53 47 5;
1601 3628 43 39 A
1680 3628 171 48 14690;
1890 3630 149 39 Edith
2076 3630 72 40 W.
2185 3631 181 46 Keller,

441 3681 153 41 South
623 3682 150 48 Bend,
805 3683 104 39 Ind.
978 3681 281 49 (29-30579)

364 3760 186 63 Hunt,
579 3760 204 54 James
811 3763 209 62 Henry
1047 3763 207 64 Leigh,
1287 3766 326 54 1784-1859.

438 3838 167 55 Some
647 3841 195 53 letters
887 3841 152 53 from
1082 3861 97 50 my
1222 3843 181 67 Leigh
1449 3843 169 55 Hunt
1663 3844 326 68 portfolios,
2032 3844 141 54 with
2216 3845 154 54 brief

365 3920 279 49 comment
691 3918 76 70 by
815 3917 220 55 Luther
1085 3920 70 52 A.
1205 3920 246 52 Brewer.
1528 3919 188 56 Cedar
1766 3922 239 71 Rapids,
2091 3940 69 53 Ia.,
2210 3922 159 54 Priv.
