2547 4384
1295 4051 100 54 778

404 477 1929 49 74 p. 20 ᶜᵐ. (The Abingdon religious education monographs, J. W.
333 534 260 47 Langdale,
625 534 198 47 general
854 533 171 48 editor,
1057 533 53 41 G.
1142 535 61 39 H.
1235 535 154 46 Betts,
1422 533 182 47 editor)

404 604 351 48 Bibliography:
813 614 44 37 p.
884 604 70 40 74.

340 671 52 51 ©
417 676 112 46 Apr.
554 674 68 46 15,
647 673 116 41 1929;
815 674 67 40 2c.
908 675 96 39 and
1028 674 82 40 aff.
1135 674 113 48 Apr.
1272 674 56 40 23;
1382 675 41 38 A
1446 674 117 40 9236;
1617 674 52 40 G.
1696 675 61 39 H.
1782 675 153 46 Betts,
1963 675 264 45 Evanston,
2255 675 75 38 Ill.

411 731 280 49 (29-11732)

335 855 264 64 Blachly,
631 854 245 55 Charles
907 854 221 65 Dallas,
1160 856 169 53 1878-

407 947 1867 71 The mechanics of heredity, by Charles Dallas Blachly …
342 1025 1563 71 [Oklahoma City, A. M. Boles printing co.] ᶜ1 929.
407 1109 68 47 17,
505 1109 55 48 [1]
587 1118 43 39 p.
690 1108 181 48 diagrs.
932 1108 55 41 23½ᶜᵐ.

405 1179 351 49 Bibliography:
864 1199 11 30 [1]
899 1192 43 36 p.
964 1182 52 38 at
1037 1180 106 41 end.

335 1248 52 52 ©
417 1254 113 45 May
557 1253 68 46 11,
654 1252 140 47 1929;
825 1252 68 40 2c.
922 1253 115 46 May
1062 1253 81 45 14,
1175 1252 82 40 aff.
1286 1253 114 47 May
1429 1252 80 46 13;
1539 1252 41 39 A
1608 1251 141 47 8116;
1781 1251 49 41 C.
1859 1252 56 40 D.
1943 1251 219 48 Blachly,
405 1251 1909 98 Oklahoma
574 1309 124 47 City.
762 1308 281 49 (29-11698)

335 1417 263 64 Bonney,
630 1416 278 56 Thérèse.

402 1508 56 52 A
489 1508 292 69 shopping
811 1508 172 69 guide
1013 1513 58 48 to
1102 1508 185 67 Paris,
1317 1508 77 69 by
1424 1508 243 54 Thérèse
1700 1508 113 53 and
1842 1508 209 53 Louise
2082 1509 255 66 Bonney.

334 1586 139 53 New
503 1585 179 69 York,
712 1586 69 52 R.
812 1586 78 53 M.
922 1586 278 53 McBride
1228 1588 46 50 &
1301 1604 298 50 company,
1631 1589 150 49 1929.

404 1668 1210 49 xiii p., 1 l., 281 p. front., plates, ports. 20 ᶜᵐ.
405 1733 290 39 Illustrated
729 1731 366 49 lining-papers.

337 1799 52 52 ©
418 1803 114 48 Apr.
560 1802 69 48 18,
659 1801 117 41 1929;
832 1802 67 40 2c.
930 1804 114 46 May
1073 1802 54 40 23;
1188 1802 81 41 aff.
1301 1803 113 46 May
1443 1802 55 39 22;
1557 1803 41 38 A
1628 1802 113 40 8267;
1802 1803 181 40 Robert
2014 1804 63 39 M.
2107 1803 230 41 McBride

405 1860 36 39 &
469 1870 67 30 co.
603 1859 283 49 (29-11736)

337 1967 235 65 Bowen,
603 1968 174 64 Ezra,
809 1973 171 50 1891-

406 2058 189 57 Social
623 2077 269 52 economy;
952 2080 30 34 a
1010 2064 122 49 text
1159 2060 60 54 in
1250 2060 284 69 problems
1563 2060 63 53 of
1654 2059 307 55 American
1990 2061 349 68 democracy,

332 2137 2007 71 by Ezra Bowen … New York, Boston [etc.] Silver, Burdett
335 2218 112 52 and
473 2235 283 52 company
788 2220 191 64 [ᶜ1929]

407 2297 1557 50 viii, 572, xi p. illus. (incl. maps, facsims.) diagrs. 20 ᶜᵐ.
408 2369 190 41 “Books
632 2369 80 41 for
750 2380 27 30 a
815 2370 127 40 class
980 2368 216 50 library”:
1267 2381 42 37 p.
1348 2368 204 42 553-555;
1621 2368 236 49 “Library
1893 2367 356 50 assignments”
2289 2369 52 39 at

336 2427 91 40 end
455 2427 52 40 of
534 2427 119 40 each
680 2428 217 48 chapter.

339 2494 52 52 ©
420 2499 113 48 May
561 2499 67 46 15,
654 2498 142 47 1929;
823 2499 68 40 2c.
918 2500 95 38 and
1040 2498 82 41 aff.
1151 2500 114 46 May
1363 2509 8 36 18;
1401 2498 40 40 A
1466 2497 115 42 9167;
1639 2498 169 47 Silver,
1836 2499 212 39 Burdett
2071 2497 37 41 &
2132 2508 68 29 co.

419 2554 280 46 (29-11684)

340 2663 185 64 Cahn,
558 2664 212 52 Lester
801 2663 279 56 Richard.

410 2757 123 52 The
563 2756 154 54 basic
750 2757 312 68 principles
1093 2758 64 53 of
1188 2759 230 67 general
1452 2758 113 52 and
1599 2758 122 52 oral
1752 2757 343 69 pathology;
2130 2775 33 34 a
339 2760 1977 127 textbook

526 2834 94 53 for
655 2836 98 52 the
791 2837 194 51 dental
1022 2835 291 69 hygienist
1350 2837 112 52 and
1501 2836 97 52 the
1634 2835 242 53 medical
1913 2853 197 49 nurse;
2154 2835 112 52 and
2307 2854 30 33 a

341 2913 469 68 supplementary
848 2919 120 47 text
1010 2913 93 53 for
1141 2915 95 51 the
1275 2915 195 51 dental
1507 2914 231 53 student
1777 2915 112 52 and
1927 2913 96 53 the
2061 2914 280 68 graduate

343 2990 1994 70 dentist, by Lester Richard Cahn … with 89 illustrations.
342 3068 313 69 Brooklyn,
683 3073 70 52 N.
783 3070 90 66 Y.,
899 3070 213 52 Dental
1139 3070 164 53 items
1330 3069 63 54 of
1418 3070 236 53 interest
1681 3069 335 69 publishing
2041 3088 298 50 company,

341 3147 418 68 incorporated,
793 3151 149 50 1929.

409 3228 732 49 xi p., 1 l., 152 p. illus. 25 ᶜᵐ.
341 3294 52 52 ©
426 3300 114 47 May
569 3300 39 46 5,
640 3299 118 41 1929;
814 3300 68 40 2c.
913 3301 96 39 and
1039 3300 82 40 aff.
1154 3301 114 47 May
1299 3301 59 38 22;
1415 3301 41 38 A
1488 3299 114 42 8260;
1664 3301 178 40 Dental
1875 3300 143 40 items
2050 3300 51 40 of
2131 3300 209 40 interest

408 3357 109 46 pub.
543 3367 81 35 co.,
650 3356 92 40 inc.
804 3357 280 47 (29-11694)

343 3462 342 64 Carnovale,
715 3463 194 64 Luigi.

408 3552 121 54 The
552 3559 147 47 most
723 3554 185 69 tragic
934 3556 257 68 struggle
1213 3555 65 52 of
1301 3555 97 53 the
1422 3555 296 67 centuries,
1743 3555 96 52 the
1862 3555 217 53 Italian
339 3553 1975 145 risorgimento,

581 3631 380 69 culminating
997 3632 59 52 in
1093 3633 96 52 the
1226 3632 108 53 fall
1370 3633 64 52 of
1469 3633 97 52 the
1599 3633 283 67 temporal
1917 3651 190 49 power
2144 3633 65 51 of
2245 3633 95 50 the

340 3726 191 49 popes,
564 3708 76 70 by
673 3709 176 69 Luigi
885 3709 333 55 Carnovale.
1295 3710 290 69 [Chicago,
1619 3710 350 53 Humanitas
2005 3710 336 68 publishing

339 3789 502 65 company, ᶜ1 929]
411 3868 541 49 1 p. l. , v, 161 p. 19½ᶜᵐ.
341 3933 52 53 ©
419 3939 113 47 May
555 3939 67 41 14,
648 3939 117 40 1929;
816 3941 66 39 2c.
907 3941 96 39 and
1027 3940 82 41 aff.
1135 3941 116 48 May
1273 3939 82 41 20;
1373 3941 49 38 A
1445 3940 140 49 8222;
1616 3941 50 40 L.
1694 3940 282 49 Carnovale,
2004 3941 224 47 Chicago.

420 3995 279 50 (29-11738)
