2533 4342
1281 3988 134 53 1476

346 423 101 69 ing
475 423 60 53 in
563 424 96 52 the
688 423 244 53 Federal
962 427 259 64 reporter
1250 423 168 52 down
1448 429 57 46 to
1537 423 228 52 volume
1792 427 84 63 20,
1910 423 221 55 Second
2160 424 189 65 series,

347 502 112 52 and
491 502 78 51 all
599 502 311 51 Tennessee
941 519 152 35 cases
1125 501 280 67 appealed
1434 506 59 46 to
1524 501 95 51 the
1656 499 277 69 Supreme
1964 506 162 47 court
2156 500 65 54 of
2252 501 97 53 the

347 579 217 54 United
599 577 207 67 States,
839 579 166 51 down
1038 584 58 46 to
1128 578 224 52 volume
1384 578 121 66 277,
1539 578 182 52 either
1755 576 154 54 from
1940 578 96 52 the
2074 577 278 69 Supreme

347 662 161 46 court
532 656 64 52 of
619 656 330 56 Tennessee,
975 674 65 34 or
1066 655 153 52 from
1244 655 95 52 the
1365 655 403 52 intermediate
1793 653 222 55 federal
2040 663 207 59 courts,
2273 654 78 70 by

347 731 1978 147 T. D. Crawford … v. 2. Champerty and maintenance to Depositions. St. Louis, Thomas law book company, 1929.
414 891 656 49 3 p. l., 1029-2041 p. 26 ᶜᵐ.
349 959 52 52 ©
430 963 102 41 Oct.
560 962 38 47 5,
626 962 116 40 1929;
796 963 68 41 2c.
892 962 103 41 Oct.
1022 964 26 39 7;
1106 961 82 41 aff.
1217 962 103 41 Oct.
1348 962 56 40 10:
1461 962 41 39 A
1528 961 146 41 12918;
1731 963 51 39 T.
1812 963 58 40 D.
1900 962 270 44 Crawford,
2200 962 150 40 Little

418 1018 146 50 Rock,
593 1020 116 39 Ark.

349 1116 184 63 Crew,
561 1117 140 51 Mrs.
729 1115 186 52 Helen
944 1114 193 55 Coale.

418 1194 201 54 Under
653 1200 111 47 two
800 1193 204 69 eagles,
1038 1194 76 69 by
1146 1194 187 52 Helen
1372 1194 170 53 Coale
1580 1193 181 68 Crew,
1796 1193 139 53 with
1972 1192 382 54 illustrations

349 1273 73 68 by
447 1272 205 68 Henry
677 1271 63 55 C.
768 1272 147 52 Pitz.
993 1272 234 53 Boston.
1252 1271 196 67 Little,
1478 1273 229 67 Brown,
1734 1272 112 52 and
1874 1290 299 51 company,
2203 1274 151 50 1929.

453 1352 970 49 x, 298 p. incl. plates, col. front. 21 ᶜᵐ.
417 1425 115 47 Map
561 1434 60 30 on
652 1423 366 49 lining-papers.

351 1491 52 52 ©
442 1494 127 49 Sept.
605 1495 70 42 21,
711 1494 141 46 1929;
891 1494 67 40 2c.
996 1494 93 39 and
1129 1493 82 40 aff.
1250 1493 129 47 Sept.
1414 1493 57 41 28;
1537 1494 38 38 A
1612 1494 172 46 13724;
1825 1494 162 47 Little,
2026 1495 191 47 Brown,
2256 1496 93 39 and

416 1561 249 37 company.
733 1550 282 49 (29-19781)

348 1644 232 65 Culver,
610 1645 195 64 Garry
835 1645 263 64 Eugene,
1132 1650 171 49 1849-

411 1721 1876 70 Organic and food chemistry, by Garry Eugene Culver …
340 1800 2011 68 and Thomas Arthur Rogers … Philadelphia, P. Blakiston’s
339 1897 100 34 son
465 1880 46 50 &
535 1896 80 36 co.
642 1878 108 53 inc.
892 1881 86 64 [ᶜ1929]

412 1960 385 49 vii, 212 p. 20 ᶜᵐ.
415 2029 133 41 “List
575 2029 52 41 of
651 2030 149 41 books
828 2029 281 42 consulted”:
1167 2041 44 38 p.
1238 2029 220 43 207-208.

351 2097 52 52 ©
436 2102 128 48 Sept.
595 2102 37 44 5,
663 2102 141 42 1929;
836 2102 68 40 2c.
937 2102 129 48 Sept.
1097 2102 52 46 6;
1183 2101 81 42 aff.
1299 2102 128 47 Sept.
1458 2101 83 46 14;
1575 2102 40 39 A
1645 2102 171 46 13351;
1853 2103 48 39 P.
1936 2102 298 41 Blakiston’s
2265 2114 86 27 son

419 2158 37 40 &
483 2170 82 36 co.,
595 2158 90 41 inc.
753 2157 281 49 (29-19766)

349 2253 632 64 Defontin-Maxange,

419 2332 81 54 Le
544 2334 186 67 grand
774 2332 223 69 Ismaïl,
1043 2351 295 49 empereur
1382 2333 76 51 du
1504 2333 217 69 Maroc,
1769 2351 104 50 par
349 2331 1983 149 Defontin-Maxange.

625 2411 849 69 Paris, Marpon & cⁱᵉ [ ᶜ19 29]
348 2491 1991 107 5 p. l ., [3]-316 p., 2 l. incl. 1 illus., XII pl. (incl. front., ports., facsim.) 25½ ᶜᵐ. (On cover: Figures du passé barbaresque)
418 2605 140 40 Head
586 2606 96 40 and
709 2605 90 41 tail
826 2606 173 47 pieces.

418 2662 423 49 “Bibliographie”:
901 2674 43 37 p.
995 2662 234 49 [311]-312.

351 2715 1776 55 © Mar. 25. 1929; 1c. Apr. 26: A—Foreign 2969: Marpon & cie.
427 2775 280 49 (29-20318)

349 2869 243 65 Dennis,
625 2868 174 56 Clara
830 2870 67 56 G.

420 2947 122 54 The
574 2949 370 68 all-holidays
974 2950 151 53 book
1155 2951 64 53 of
1251 2951 149 54 Jane
1432 2953 113 52 and
1577 2951 176 69 John,
1785 2952 76 69 by
1894 2951 173 55 Clara
2101 2950 68 55 G.
348 2951 1982 143 Dennis,

487 3027 326 54 illustrated
845 3028 75 68 by
953 3027 264 55 Beatrice
1251 3028 252 55 Stevens.
1580 3031 236 68 Boston,
1848 3030 192 69 Mass.,
2071 3028 284 54 Marshall

350 3103 718 72 Jones company [ ᶜ19 29 ]
421 3183 1009 52 [96] p. col. front., illus., plates. 26½ ᶜᵐ.
419 3241 161 40 Blank
606 3251 147 39 pages
781 3244 49 39 to
858 3242 58 40 be
942 3242 133 42 filled
1104 3243 49 40 in
1181 3243 62 49 by
1272 3244 82 40 the
1383 3254 163 31 owner
1576 3244 52 42 of
1658 3245 81 40 the
1767 3245 192 40 volume
1998 3243 111 51 ([20]
2143 3246 51 39 at
2223 3243 119 49 end)

422 3297 161 41 “First
614 3298 229 41 edition.”

352 3348 52 52 ©
439 3353 129 49 Sept.
597 3354 70 43 25.
698 3354 141 48 1929;
873 3356 68 41 2c.
975 3357 130 48 Sept.
1136 3358 82 46 24;
1254 3357 82 41 aff.
1371 3357 128 49 Sept.
1531 3358 56 40 25;
1650 3358 41 40 A
1724 3357 170 47 12560;
1930 3357 239 41 Marshall
2202 3357 150 40 Jones

420 3420 80 37 co.,
526 3410 92 41 inc.
684 3411 281 51 (29-19793)

351 3501 260 66 Dewart,
638 3506 139 53 Mrs.
808 3505 310 54 Elizabeth
1147 3508 228 64 Haven,
1407 3508 169 55 1877-

421 3581 122 53 The
575 3585 197 51 march
802 3585 65 53 of
896 3585 125 68 life,
1053 3586 75 70 by
1162 3586 302 54 Elizabeth
1498 3587 78 54 H.
1610 3587 254 66 Dewart,
1897 3586 140 53 with
2070 3606 72 34 an
351 3586 1979 126 introduction
619 3661 75 69 by
731 3661 240 56 Elwood
1005 3663 339 70 Worcester,
1418 3707 9 10 D.
1504 3709 9 9 D.
1591 3665 220 53 Boston
1848 3666 112 52 and
1998 3665 140 52 New
2175 3661 181 70 York,

350 3736 319 70 Houghton
697 3739 204 54 Mifflin
928 3759 300 52 company,
1259 3745 149 50 1929.

418 3817 65 47 xi,
516 3819 72 48 [1],
618 3818 99 48 183,
752 3839 54 30 [1]
838 3832 43 37 p.
940 3820 59 41 19½ᶜᵐ.

352 3869 52 52 ©
436 3873 128 49 Sept.
591 3875 69 42 20,
688 3875 118 41 1929;
859 3877 67 41 2c.
956 3879 96 39 and
1081 3879 82 41 aff.
1195 3879 127 48 Sept.
1351 3880 81 47 23;
1464 3880 40 39 A
1534 3880 172 46 13524;
1737 3881 53 39 E.
1820 3881 60 40 H.
1910 3880 214 44 Dewart,
2154 3880 197 39 Boston.

427 3929 280 49 (29-19709)
