<alto xmlns="http://www.loc.gov/standards/alto/ns-v3#" xmlns:xlink="http://www.w3.org/1999/xlink" xmlns:xsi="http://www.w3.org/2001/XMLSchema-instance" xsi:schemaLocation="http://www.loc.gov/standards/alto/ns-v3# http://www.loc.gov/alto/v3/alto-3-0.xsd"><Description>
<MeasurementUnit>pixel</MeasurementUnit>
<sourceImageInformation>
<fileName>1929_v26_part001.pdf</fileName>
</sourceImageInformation>
<OCRProcessing ID="IdOcr">
<ocrProcessingStep>
<processingDateTime>2019-04-18</processingDateTime>
<processingSoftware>
<softwareCreator>ABBYY</softwareCreator>
<softwareName>ABBYY Recognition Server</softwareName>
<softwareVersion>4.0</softwareVersion>
</processingSoftware>
</ocrProcessingStep>
</OCRProcessing>
</Description>
<Styles>
<ParagraphStyle ID="StyleId-FFFFFFFF-FFFF-FFFF-FFFF-FFFFFFFFFFFF-" ALIGN="Left" LEFT="0." RIGHT="0." FIRSTLINE="0."/>
<ParagraphStyle ID="StyleId-11A520CB-49B0-4D42-A675-089886D5B704-" ALIGN="Center" LEFT="0." RIGHT="0." FIRSTLINE="0." LINESPACE="7.699999809"/>
<ParagraphStyle ID="StyleId-2AEC4724-E584-48A1-8E6D-86B1AA154223-" ALIGN="Left" LEFT="0." RIGHT="0." FIRSTLINE="0." LINESPACE="12.19999981"/>
<ParagraphStyle ID="StyleId-5ADCDE1D-F34B-405C-A765-E9B51F6229BD-" ALIGN="Left" LEFT="0." RIGHT="0." FIRSTLINE="-13." LINESPACE="8.050000191"/>
<ParagraphStyle ID="StyleId-D0AEFB96-F81D-4367-8545-C0AC945FA34C-" ALIGN="Block" LEFT="0." RIGHT="0." FIRSTLINE="-13." LINESPACE="8.899999619"/>
<ParagraphStyle ID="StyleId-9A3BB592-4BA4-4F85-B157-B9A7F1FC9680-" ALIGN="Left" LEFT="0." RIGHT="0." FIRSTLINE="0."/>
<ParagraphStyle ID="StyleId-E9D6144A-CFDC-4919-911D-02B0461DB967-" ALIGN="Left" LEFT="0." RIGHT="0." FIRSTLINE="-13." LINESPACE="23.43000031"/>
<ParagraphStyle ID="StyleId-EEECFC68-AAC5-42B1-B3BF-987799B5B74A-" ALIGN="Block" LEFT="0." RIGHT="0." FIRSTLINE="0." LINESPACE="23.43000031"/>
<ParagraphStyle ID="StyleId-98D20B11-A9BB-4FAB-8DC8-DC8C43F3755E-" ALIGN="Left" LEFT="0." RIGHT="0." FIRSTLINE="0." LINESPACE="10.5"/>
<ParagraphStyle ID="StyleId-C279DBAD-2656-4352-93E6-C942618B09B1-" ALIGN="Block" LEFT="0." RIGHT="0." FIRSTLINE="-13." LINESPACE="8.770000458"/>
<ParagraphStyle ID="StyleId-A539B2D0-654F-45BA-9385-D7E681D9BD87-" ALIGN="Block" LEFT="0." RIGHT="0." FIRSTLINE="0." LINESPACE="8.18999958"/>
<ParagraphStyle ID="StyleId-CFE66565-54F2-45CF-9511-65151219B0BC-" ALIGN="Left" LEFT="0." RIGHT="0." FIRSTLINE="-12." LINESPACE="12.19999981"/>
<ParagraphStyle ID="StyleId-37B60A95-D7B9-4720-9D46-F2E763AAD699-" ALIGN="Block" LEFT="0." RIGHT="0." FIRSTLINE="0." LINESPACE="12.19999981"/>
<ParagraphStyle ID="StyleId-255154CA-71AA-47B9-A5EB-ED90642010CE-" ALIGN="Block" LEFT="0." RIGHT="0." FIRSTLINE="13." LINESPACE="7.900000095"/>
<ParagraphStyle ID="StyleId-4618FB06-20CA-4F95-9CA2-829603EE887D-" ALIGN="Block" LEFT="0." RIGHT="0." FIRSTLINE="0." LINESPACE="10."/>
<ParagraphStyle ID="StyleId-61F9B98E-BA82-4DCF-809A-0C5481162321-" ALIGN="Left" LEFT="0." RIGHT="0." FIRSTLINE="-13." LINESPACE="8.479999542"/>
<ParagraphStyle ID="StyleId-16A4FB0C-4CB7-44C8-846E-AF89DD76FC73-" ALIGN="Left" LEFT="0." RIGHT="0." FIRSTLINE="0." LINESPACE="11.10000038"/>
<ParagraphStyle ID="StyleId-8CC01B24-9D1D-45D5-B954-83ECA9EA3425-" ALIGN="Left" LEFT="0." RIGHT="0." FIRSTLINE="-13." LINESPACE="8.050000191"/>
<ParagraphStyle ID="StyleId-3DB8CD3F-AD17-4DD7-8361-787A6A426C72-" ALIGN="Block" LEFT="0." RIGHT="0." FIRSTLINE="13." LINESPACE="7.900000095"/>
</Styles>
<Layout>
<Page ID="Page1249" PHYSICAL_IMG_NR="1249" HEIGHT="4389" WIDTH="2542">
<TopMargin HEIGHT="349" WIDTH="2542" VPOS="0" HPOS="0">
</TopMargin>
<LeftMargin HEIGHT="3666" WIDTH="112" VPOS="349" HPOS="0">
</LeftMargin>
<RightMargin HEIGHT="3666" WIDTH="374" VPOS="349" HPOS="2168">
</RightMargin>
<BottomMargin HEIGHT="374" WIDTH="2542" VPOS="4015" HPOS="0">
<TextBlock ID="Page1249_Block1" HEIGHT="132" WIDTH="283" VPOS="4035" HPOS="1011" LANG="en-US" STYLEREFS="StyleId-156B99DE-9F49-4D78-B460-3C30BD586FA9-">
<TextLine HEIGHT="51" WIDTH="137" VPOS="4055" HPOS="1056">
<String CONTENT="1249" HEIGHT="51" WIDTH="137" VPOS="4055" HPOS="1056"/>
</TextLine>
</TextBlock>
</BottomMargin>
<PrintSpace HEIGHT="3666" WIDTH="2056" VPOS="349" HPOS="112">
<TextBlock ID="Page1249_Block2" HEIGHT="3666" WIDTH="2056" VPOS="349" HPOS="112" LANG="en-US" CS="1" STYLEREFS="StyleId-F682E502-7E5E-4BA0-9B84-D3B8ED0D3915-">
<TextLine HEIGHT="78" WIDTH="1998" VPOS="371" HPOS="160" STYLEREFS="StyleId-0B32B2DB-18C3-42F7-90AA-A662C2FB63A9-" LANG="fr">
<String CONTENT="Aberdeen" HEIGHT="53" WIDTH="310" VPOS="371" HPOS="160"/>
<SP HEIGHT="35" WIDTH="37" VPOS="389" HPOS="471"/>
<String CONTENT="and" HEIGHT="52" WIDTH="114" VPOS="372" HPOS="509"/>
<SP HEIGHT="52" WIDTH="38" VPOS="372" HPOS="624"/>
<String CONTENT="Temair," HEIGHT="65" WIDTH="255" VPOS="373" HPOS="663"/>
<SP HEIGHT="64" WIDTH="37" VPOS="374" HPOS="919"/>
<String CONTENT="John" HEIGHT="53" WIDTH="156" VPOS="374" HPOS="957"/>
<SP HEIGHT="53" WIDTH="38" VPOS="376" HPOS="1114"/>
<String CONTENT="Campbell" HEIGHT="63" WIDTH="300" VPOS="375" HPOS="1153"/>
<SP HEIGHT="55" WIDTH="38" VPOS="375" HPOS="1454"/>
<String CONTENT="Gordon," HEIGHT="67" WIDTH="252" VPOS="375" HPOS="1493"/>
<SP HEIGHT="60" WIDTH="36" VPOS="382" HPOS="1746"/>
<String CONTENT="1st" HEIGHT="50" WIDTH="87" VPOS="382" HPOS="1783"/>
<SP HEIGHT="47" WIDTH="33" VPOS="385" HPOS="1871"/>
<String CONTENT="marquis" HEIGHT="67" WIDTH="253" VPOS="382" HPOS="1905"/>
</TextLine>
<TextLine HEIGHT="70" WIDTH="284" VPOS="450" HPOS="227" STYLEREFS="StyleId-0B32B2DB-18C3-42F7-90AA-A662C2FB63A9-">
<String LANG="en-US" CONTENT="of" HEIGHT="69" WIDTH="65" VPOS="451" HPOS="227"/>
<String LANG="fr" CONTENT="," HEIGHT="24" WIDTH="10" VPOS="495" HPOS="296"/>
<SP HEIGHT="64" WIDTH="31" VPOS="455" HPOS="307"/>
<String LANG="fr" CONTENT="1847-" HEIGHT="55" WIDTH="172" VPOS="450" HPOS="339"/>
</TextLine>
<TextLine HEIGHT="77" WIDTH="1935" VPOS="526" HPOS="216" STYLEREFS="StyleId-61DAC17E-AD9C-460B-AD91-CA5159FC57CB-">
<String LANG="fr" CONTENT="Jokes" HEIGHT="55" WIDTH="175" VPOS="526" HPOS="216"/>
<SP HEIGHT="34" WIDTH="23" VPOS="546" HPOS="392"/>
<String LANG="en-US" CONTENT="cracked" HEIGHT="54" WIDTH="238" VPOS="526" HPOS="416"/>
<SP HEIGHT="52" WIDTH="22" VPOS="528" HPOS="655"/>
<String LANG="en-US" CONTENT="by" HEIGHT="68" WIDTH="76" VPOS="528" HPOS="678"/>
<SP HEIGHT="69" WIDTH="20" VPOS="527" HPOS="755"/>
<String LANG="fr" CONTENT="Lord" HEIGHT="54" WIDTH="157" VPOS="527" HPOS="776"/>
<SP HEIGHT="53" WIDTH="23" VPOS="528" HPOS="934"/>
<String LANG="fr" CONTENT="Aberdeen;" HEIGHT="69" WIDTH="329" VPOS="528" HPOS="958"/>
<SP HEIGHT="67" WIDTH="27" VPOS="530" HPOS="1288"/>
<String LANG="en-US" CONTENT="illustrated" HEIGHT="54" WIDTH="326" VPOS="530" HPOS="1316"/>
<SP HEIGHT="52" WIDTH="24" VPOS="532" HPOS="1643"/>
<String LANG="en-US" CONTENT="by" HEIGHT="68" WIDTH="77" VPOS="532" HPOS="1668"/>
<SP HEIGHT="68" WIDTH="22" VPOS="532" HPOS="1746"/>
<String LANG="fr" CONTENT="D." HEIGHT="53" WIDTH="72" VPOS="532" HPOS="1769"/>
<SP HEIGHT="55" WIDTH="28" VPOS="532" HPOS="1842"/>
<String LANG="fr" CONTENT="C." HEIGHT="55" WIDTH="62" VPOS="532" HPOS="1871"/>
<SP HEIGHT="52" WIDTH="25" VPOS="534" HPOS="1934"/>
<String LANG="fr" CONTENT="Eyles." HEIGHT="69" WIDTH="191" VPOS="534" HPOS="1960"/>
</TextLine>
<TextLine HEIGHT="74" WIDTH="2002" VPOS="605" HPOS="148" STYLEREFS="StyleId-61DAC17E-AD9C-460B-AD91-CA5159FC57CB-">
<String LANG="fr" CONTENT="1st" HEIGHT="50" WIDTH="86" VPOS="608" HPOS="148"/>
<SP HEIGHT="48" WIDTH="40" VPOS="610" HPOS="235"/>
<String LANG="fr" CONTENT="ed.," HEIGHT="67" WIDTH="103" VPOS="605" HPOS="276"/>
<SP HEIGHT="64" WIDTH="45" VPOS="608" HPOS="380"/>
<String LANG="fr" CONTENT="1929." HEIGHT="50" WIDTH="149" VPOS="607" HPOS="426"/>
<SP HEIGHT="52" WIDTH="80" VPOS="606" HPOS="576"/>
<String LANG="fr" CONTENT="Dundee" HEIGHT="52" WIDTH="239" VPOS="606" HPOS="657"/>
<SP HEIGHT="34" WIDTH="47" VPOS="624" HPOS="897"/>
<String LANG="fr" CONTENT="and" HEIGHT="53" WIDTH="113" VPOS="607" HPOS="945"/>
<SP HEIGHT="53" WIDTH="44" VPOS="607" HPOS="1059"/>
<String LANG="fr" CONTENT="London," HEIGHT="69" WIDTH="260" VPOS="607" HPOS="1104"/>
<SP HEIGHT="67" WIDTH="43" VPOS="609" HPOS="1365"/>
<String LANG="en-US" CONTENT="Valentine" HEIGHT="53" WIDTH="308" VPOS="609" HPOS="1409"/>
<SP HEIGHT="51" WIDTH="44" VPOS="611" HPOS="1718"/>
<String LANG="fr" CONTENT="&amp;" HEIGHT="51" WIDTH="46" VPOS="611" HPOS="1763"/>
<SP HEIGHT="52" WIDTH="43" VPOS="611" HPOS="1810"/>
<String LANG="en-US" CONTENT="sons," HEIGHT="51" WIDTH="148" VPOS="628" HPOS="1854"/>
<SP HEIGHT="67" WIDTH="40" VPOS="612" HPOS="2003"/>
<String LANG="en-US" CONTENT="ltd." HEIGHT="54" WIDTH="106" VPOS="612" HPOS="2044"/>
</TextLine>
<TextLine HEIGHT="65" WIDTH="172" VPOS="685" HPOS="149" STYLEREFS="StyleId-61DAC17E-AD9C-460B-AD91-CA5159FC57CB-" LANG="fr">
<String CONTENT="[1929]" HEIGHT="65" WIDTH="172" VPOS="685" HPOS="149"/>
</TextLine>
<TextLine HEIGHT="48" WIDTH="526" VPOS="764" HPOS="213" LANG="fr" CS="1">
<String CONTENT="36" HEIGHT="41" WIDTH="59" VPOS="764" HPOS="213"/>
<SP HEIGHT="48" WIDTH="27" VPOS="764" HPOS="273"/>
<String CONTENT="p." HEIGHT="37" WIDTH="43" VPOS="775" HPOS="301"/>
<SP HEIGHT="41" WIDTH="58" VPOS="764" HPOS="345"/>
<String CONTENT="illus." HEIGHT="42" WIDTH="130" VPOS="764" HPOS="404"/>
<SP HEIGHT="42" WIDTH="56" VPOS="764" HPOS="535"/>
<String CONTENT="22" HEIGHT="40" WIDTH="57" VPOS="764" HPOS="592"/>
<String LANG="en-US" CS="1" CONTENT="&#189;&#7580;&#7504;"/>
<String CONTENT="." HEIGHT="9" WIDTH="8" VPOS="797" HPOS="731"/>
</TextLine>
<TextLine HEIGHT="56" WIDTH="1994" VPOS="833" HPOS="152" CS="1">
<String LANG="fr" CONTENT="&#169;" HEIGHT="52" WIDTH="52" VPOS="833" HPOS="152"/>
<SP/>
<String LANG="fr" CS="1" CONTENT="1c."/>
<SP/>
<String LANG="en-US" CONTENT="July" HEIGHT="47" WIDTH="117" VPOS="837" HPOS="344"/>
<SP HEIGHT="47" WIDTH="33" VPOS="837" HPOS="462"/>
<String LANG="fr" CONTENT="1," HEIGHT="48" WIDTH="39" VPOS="837" HPOS="496"/>
<SP HEIGHT="47" WIDTH="34" VPOS="838" HPOS="536"/>
<String LANG="fr" CS="1" CONTENT="1929;" HEIGHT="41" WIDTH="115" VPOS="836" HPOS="571"/>
<SP HEIGHT="47" WIDTH="36" VPOS="837" HPOS="714"/>
<!-- cceid A206F705-6CFA-1014-9C3C-CEA95E7AA542 --><String LANG="fr" CONTENT="A" HEIGHT="39" WIDTH="41" VPOS="837" HPOS="751"/>
<SP HEIGHT="39" WIDTH="34" VPOS="837" HPOS="793"/>
<String LANG="fr" CONTENT="ad" HEIGHT="39" WIDTH="62" VPOS="840" HPOS="828"/>
<SP HEIGHT="42" WIDTH="36" VPOS="837" HPOS="891"/>
<String LANG="fr" CONTENT="int." HEIGHT="41" WIDTH="87" VPOS="837" HPOS="928"/>
<SP HEIGHT="39" WIDTH="37" VPOS="839" HPOS="1016"/>
<String LANG="fr" CS="1" CONTENT="12832;" HEIGHT="41" WIDTH="143" VPOS="838" HPOS="1054"/>
<SP HEIGHT="37" WIDTH="36" VPOS="850" HPOS="1226"/>
<String LANG="fr" CONTENT="pubd." HEIGHT="47" WIDTH="144" VPOS="840" HPOS="1263"/>
<SP HEIGHT="39" WIDTH="37" VPOS="840" HPOS="1408"/>
<String LANG="en-US" CONTENT="June" HEIGHT="40" WIDTH="126" VPOS="840" HPOS="1446"/>
<SP HEIGHT="40" WIDTH="36" VPOS="840" HPOS="1573"/>
<String LANG="fr" CS="1" CONTENT="13;" HEIGHT="40" WIDTH="54" VPOS="840" HPOS="1610"/>
<SP HEIGHT="46" WIDTH="38" VPOS="841" HPOS="1693"/>
<String LANG="en-US" CONTENT="Dingwall-Rock," HEIGHT="49" WIDTH="414" VPOS="840" HPOS="1732"/>
</TextLine>
<TextLine HEIGHT="50" WIDTH="761" VPOS="893" HPOS="220">
<String LANG="en-US" CONTENT="ltd.," HEIGHT="48" WIDTH="99" VPOS="894" HPOS="220"/>
<SP HEIGHT="48" WIDTH="25" VPOS="894" HPOS="320"/>
<String LANG="fr" CONTENT="New" HEIGHT="41" WIDTH="120" VPOS="894" HPOS="346"/>
<SP HEIGHT="41" WIDTH="22" VPOS="894" HPOS="467"/>
<String LANG="fr" CONTENT="York." HEIGHT="40" WIDTH="144" VPOS="894" HPOS="490"/>
<SP HEIGHT="48" WIDTH="64" VPOS="895" HPOS="635"/>
<String LANG="fr" CONTENT="(29-17097)" HEIGHT="50" WIDTH="281" VPOS="893" HPOS="700"/>
</TextLine>
<TextLine HEIGHT="65" WIDTH="983" VPOS="988" HPOS="150" STYLEREFS="StyleId-61DAC17E-AD9C-460B-AD91-CA5159FC57CB-">
<String LANG="fr" CONTENT="Allen," HEIGHT="65" WIDTH="189" VPOS="988" HPOS="150"/>
<SP HEIGHT="65" WIDTH="27" VPOS="988" HPOS="340"/>
<String LANG="en-US" CONTENT="Lyman" HEIGHT="64" WIDTH="230" VPOS="988" HPOS="368"/>
<SP HEIGHT="53" WIDTH="25" VPOS="989" HPOS="599"/>
<String LANG="en-US" CONTENT="Whitney," HEIGHT="65" WIDTH="303" VPOS="988" HPOS="625"/>
<SP HEIGHT="58" WIDTH="30" VPOS="995" HPOS="929"/>
<String LANG="fr" CONTENT="1854-" HEIGHT="49" WIDTH="173" VPOS="995" HPOS="960"/>
</TextLine>
<TextLine HEIGHT="74" WIDTH="1928" VPOS="1066" HPOS="218" STYLEREFS="StyleId-61DAC17E-AD9C-460B-AD91-CA5159FC57CB-" CS="1">
<String LANG="fr" CONTENT="An" HEIGHT="54" WIDTH="95" VPOS="1066" HPOS="218"/>
<SP HEIGHT="35" WIDTH="38" VPOS="1085" HPOS="314"/>
<String CONTENT="epic" HEIGHT="68" WIDTH="123" VPOS="1067" HPOS="353"/>
<SP HEIGHT="48" WIDTH="35" VPOS="1072" HPOS="477"/>
<String CONTENT="trilogy" HEIGHT="69" WIDTH="217" VPOS="1067" HPOS="513"/>
<SP HEIGHT="50" WIDTH="42" VPOS="1085" HPOS="731"/>
<String LANG="fr" CS="1" CONTENT="&#8230;"/>
<SP HEIGHT="52" WIDTH="40" VPOS="1068" HPOS="830"/>
<String CONTENT="by" HEIGHT="67" WIDTH="77" VPOS="1068" HPOS="871"/>
<SP HEIGHT="68" WIDTH="35" VPOS="1067" HPOS="949"/>
<String CONTENT="Lyman" HEIGHT="68" WIDTH="225" VPOS="1067" HPOS="985"/>
<SP HEIGHT="54" WIDTH="37" VPOS="1068" HPOS="1211"/>
<String CONTENT="Whitney" HEIGHT="70" WIDTH="278" VPOS="1068" HPOS="1249"/>
<SP HEIGHT="69" WIDTH="35" VPOS="1069" HPOS="1528"/>
<String CONTENT="Allen" HEIGHT="53" WIDTH="173" VPOS="1069" HPOS="1564"/>
<SP HEIGHT="35" WIDTH="42" VPOS="1088" HPOS="1738"/>
<String CS="1" CONTENT="&#8230;"/>
<SP HEIGHT="34" WIDTH="78" VPOS="1090" HPOS="1837"/>
<String LANG="fr" CONTENT="v." HEIGHT="34" WIDTH="52" VPOS="1090" HPOS="1916"/>
<SP HEIGHT="49" WIDTH="41" VPOS="1075" HPOS="1969"/>
<String LANG="fr" CS="1" CONTENT="1"/>
<String CONTENT="," HEIGHT="26" WIDTH="12" VPOS="1114" HPOS="2047"/>
<SP HEIGHT="65" WIDTH="38" VPOS="1075" HPOS="2060"/>
<String CONTENT="3." HEIGHT="50" WIDTH="47" VPOS="1075" HPOS="2099"/>
</TextLine>
<TextLine HEIGHT="71" WIDTH="1510" VPOS="1144" HPOS="146" STYLEREFS="StyleId-61DAC17E-AD9C-460B-AD91-CA5159FC57CB-">
<String CONTENT="New" HEIGHT="53" WIDTH="140" VPOS="1144" HPOS="146"/>
<SP HEIGHT="51" WIDTH="26" VPOS="1145" HPOS="287"/>
<String CONTENT="York," HEIGHT="67" WIDTH="180" VPOS="1144" HPOS="314"/>
<SP HEIGHT="66" WIDTH="27" VPOS="1145" HPOS="495"/>
<String CONTENT="Thornton" HEIGHT="53" WIDTH="300" VPOS="1144" HPOS="523"/>
<SP HEIGHT="55" WIDTH="27" VPOS="1144" HPOS="824"/>
<String CONTENT="W." HEIGHT="55" WIDTH="88" VPOS="1144" HPOS="852"/>
<SP HEIGHT="52" WIDTH="28" VPOS="1145" HPOS="941"/>
<String CONTENT="Allen" HEIGHT="52" WIDTH="175" VPOS="1145" HPOS="970"/>
<SP HEIGHT="34" WIDTH="28" VPOS="1164" HPOS="1146"/>
<String CONTENT="company," HEIGHT="52" WIDTH="298" VPOS="1163" HPOS="1175"/>
<SP HEIGHT="63" WIDTH="32" VPOS="1151" HPOS="1474"/>
<String CONTENT="1929." HEIGHT="50" WIDTH="149" VPOS="1150" HPOS="1507"/>
</TextLine>
<TextLine HEIGHT="50" WIDTH="867" VPOS="1225" HPOS="215" CS="1">
<String CONTENT="2" HEIGHT="39" WIDTH="26" VPOS="1226" HPOS="215"/>
<SP HEIGHT="41" WIDTH="28" VPOS="1226" HPOS="242"/>
<String CS="1" CONTENT="v"/>
<String LANG="fr" CONTENT="." HEIGHT="8" WIDTH="7" VPOS="1259" HPOS="307"/>
<SP HEIGHT="41" WIDTH="55" VPOS="1226" HPOS="315"/>
<String CONTENT="fronts," HEIGHT="40" WIDTH="176" VPOS="1226" HPOS="371"/>
<SP HEIGHT="48" WIDTH="26" VPOS="1226" HPOS="548"/>
<String CONTENT="(ports.)" HEIGHT="49" WIDTH="199" VPOS="1225" HPOS="575"/>
<SP HEIGHT="50" WIDTH="37" VPOS="1225" HPOS="775"/>
<String CS="1" CONTENT="pl." HEIGHT="38" WIDTH="63" VPOS="1237" HPOS="813"/>
<SP HEIGHT="40" WIDTH="59" VPOS="1227" HPOS="877"/>
<String CS="1" CONTENT="19&#189;&#7580;&#7504;." HEIGHT="42" WIDTH="145" VPOS="1225" HPOS="937"/>
</TextLine>
<TextLine HEIGHT="53" WIDTH="1933" VPOS="1295" HPOS="216" CS="1">
<String CONTENT="&#8220;Only" HEIGHT="48" WIDTH="153" VPOS="1295" HPOS="216"/>
<SP HEIGHT="48" WIDTH="31" VPOS="1295" HPOS="370"/>
<String CONTENT="five" HEIGHT="41" WIDTH="93" VPOS="1295" HPOS="402"/>
<SP HEIGHT="39" WIDTH="30" VPOS="1297" HPOS="496"/>
<String CONTENT="hundred" HEIGHT="39" WIDTH="222" VPOS="1297" HPOS="527"/>
<SP HEIGHT="39" WIDTH="32" VPOS="1297" HPOS="750"/>
<String CONTENT="copies" HEIGHT="49" WIDTH="161" VPOS="1295" HPOS="783"/>
<SP HEIGHT="30" WIDTH="34" VPOS="1307" HPOS="945"/>
<String CONTENT="of" HEIGHT="40" WIDTH="53" VPOS="1296" HPOS="980"/>
<SP HEIGHT="40" WIDTH="31" VPOS="1296" HPOS="1034"/>
<String CONTENT="&#8216;An" HEIGHT="40" WIDTH="88" VPOS="1296" HPOS="1066"/>
<SP HEIGHT="30" WIDTH="32" VPOS="1307" HPOS="1155"/>
<String CONTENT="epic" HEIGHT="50" WIDTH="105" VPOS="1296" HPOS="1188"/>
<SP HEIGHT="39" WIDTH="31" VPOS="1299" HPOS="1294"/>
<String CONTENT="trilogy&#8217;" HEIGHT="49" WIDTH="191" VPOS="1297" HPOS="1326"/>
<SP HEIGHT="40" WIDTH="40" VPOS="1297" HPOS="1518"/>
<String CS="1" CONTENT="&#8230;"/>
<SP HEIGHT="39" WIDTH="34" VPOS="1298" HPOS="1605"/>
<String CONTENT="have" HEIGHT="41" WIDTH="126" VPOS="1298" HPOS="1640"/>
<SP HEIGHT="39" WIDTH="32" VPOS="1300" HPOS="1767"/>
<String CONTENT="been" HEIGHT="40" WIDTH="119" VPOS="1300" HPOS="1800"/>
<SP HEIGHT="37" WIDTH="32" VPOS="1311" HPOS="1920"/>
<String CONTENT="printed" HEIGHT="48" WIDTH="196" VPOS="1300" HPOS="1953"/>
</TextLine>
<TextLine HEIGHT="51" WIDTH="2001" VPOS="1352" HPOS="144">
<String CONTENT="in" HEIGHT="40" WIDTH="50" VPOS="1352" HPOS="144"/>
<SP HEIGHT="40" WIDTH="21" VPOS="1354" HPOS="195"/>
<String CONTENT="this" HEIGHT="41" WIDTH="101" VPOS="1353" HPOS="217"/>
<SP HEIGHT="42" WIDTH="18" VPOS="1352" HPOS="319"/>
<String CONTENT="first" HEIGHT="42" WIDTH="110" VPOS="1352" HPOS="338"/>
<SP HEIGHT="39" WIDTH="19" VPOS="1354" HPOS="449"/>
<String CONTENT="and" HEIGHT="39" WIDTH="95" VPOS="1354" HPOS="469"/>
<SP HEIGHT="39" WIDTH="22" VPOS="1354" HPOS="565"/>
<String CONTENT="autographed" HEIGHT="49" WIDTH="337" VPOS="1353" HPOS="588"/>
<SP HEIGHT="40" WIDTH="22" VPOS="1354" HPOS="926"/>
<String CONTENT="edition," HEIGHT="48" WIDTH="198" VPOS="1353" HPOS="949"/>
<SP HEIGHT="37" WIDTH="25" VPOS="1364" HPOS="1148"/>
<String CONTENT="each" HEIGHT="40" WIDTH="118" VPOS="1354" HPOS="1174"/>
<SP HEIGHT="40" WIDTH="24" VPOS="1354" HPOS="1293"/>
<String CONTENT="copy" HEIGHT="38" WIDTH="119" VPOS="1365" HPOS="1318"/>
<SP HEIGHT="46" WIDTH="22" VPOS="1356" HPOS="1438"/>
<String CONTENT="bound" HEIGHT="40" WIDTH="161" VPOS="1355" HPOS="1461"/>
<SP HEIGHT="41" WIDTH="23" VPOS="1354" HPOS="1623"/>
<String CONTENT="in" HEIGHT="41" WIDTH="50" VPOS="1354" HPOS="1647"/>
<SP HEIGHT="39" WIDTH="23" VPOS="1357" HPOS="1698"/>
<String CONTENT="three" HEIGHT="40" WIDTH="138" VPOS="1356" HPOS="1722"/>
<SP HEIGHT="31" WIDTH="23" VPOS="1366" HPOS="1861"/>
<String CONTENT="volumes.&#8221;" HEIGHT="43" WIDTH="260" VPOS="1357" HPOS="1885"/>
</TextLine>
<TextLine HEIGHT="50" WIDTH="1280" VPOS="1409" HPOS="140">
<String CONTENT="This" HEIGHT="42" WIDTH="119" VPOS="1409" HPOS="140"/>
<SP HEIGHT="29" WIDTH="27" VPOS="1422" HPOS="260"/>
<String CONTENT="copy" HEIGHT="38" WIDTH="119" VPOS="1421" HPOS="288"/>
<SP HEIGHT="37" WIDTH="25" VPOS="1421" HPOS="408"/>
<String CONTENT="neither" HEIGHT="41" WIDTH="192" VPOS="1409" HPOS="434"/>
<SP HEIGHT="29" WIDTH="29" VPOS="1421" HPOS="627"/>
<String CONTENT="autographed" HEIGHT="49" WIDTH="337" VPOS="1410" HPOS="657"/>
<SP HEIGHT="39" WIDTH="27" VPOS="1411" HPOS="995"/>
<String CONTENT="nor" HEIGHT="30" WIDTH="90" VPOS="1421" HPOS="1023"/>
<SP HEIGHT="29" WIDTH="26" VPOS="1421" HPOS="1114"/>
<String CONTENT="numbered." HEIGHT="40" WIDTH="279" VPOS="1412" HPOS="1141"/>
</TextLine>
<TextLine HEIGHT="42" WIDTH="186" VPOS="1467" HPOS="209">
<String CONTENT="Poems." HEIGHT="42" WIDTH="186" VPOS="1467" HPOS="209"/>
</TextLine>
<TextLine HEIGHT="106" WIDTH="1990" VPOS="1537" HPOS="141" CS="1">
<String CS="1" CONTENT="CONTENTS.&#8212;I." HEIGHT="10" WIDTH="11" VPOS="1569" HPOS="572"/>
<SP HEIGHT="40" WIDTH="26" VPOS="1539" HPOS="584"/>
<String CONTENT="The" HEIGHT="40" WIDTH="101" VPOS="1539" HPOS="611"/>
<SP HEIGHT="30" WIDTH="25" VPOS="1549" HPOS="713"/>
<String CS="1" CONTENT="commander-in-chief;" HEIGHT="42" WIDTH="534" VPOS="1537" HPOS="739"/>
<SP HEIGHT="46" WIDTH="27" VPOS="1540" HPOS="1300"/>
<String CONTENT="the" HEIGHT="41" WIDTH="82" VPOS="1539" HPOS="1328"/>
<SP HEIGHT="31" WIDTH="26" VPOS="1549" HPOS="1411"/>
<String CONTENT="story" HEIGHT="47" WIDTH="136" VPOS="1540" HPOS="1438"/>
<SP HEIGHT="37" WIDTH="25" VPOS="1550" HPOS="1575"/>
<String CONTENT="of" HEIGHT="41" WIDTH="51" VPOS="1539" HPOS="1601"/>
<SP HEIGHT="42" WIDTH="26" VPOS="1539" HPOS="1653"/>
<String CONTENT="George" HEIGHT="49" WIDTH="184" VPOS="1540" HPOS="1680"/>
<SP HEIGHT="40" WIDTH="26" VPOS="1542" HPOS="1865"/>
<String CONTENT="Washington;" HEIGHT="102" WIDTH="1990" VPOS="1541" HPOS="141"/>
<SP HEIGHT="48" WIDTH="29" VPOS="1595" HPOS="253"/>
<String CONTENT="in" HEIGHT="41" WIDTH="52" VPOS="1595" HPOS="283"/>
</TextLine>
<TextLine HEIGHT="108" WIDTH="1991" VPOS="1594" HPOS="140" CS="1">
<String CONTENT="commemoration" HEIGHT="41" WIDTH="426" VPOS="1595" HPOS="365"/>
<SP HEIGHT="29" WIDTH="29" VPOS="1607" HPOS="792"/>
<String CONTENT="of" HEIGHT="42" WIDTH="53" VPOS="1594" HPOS="822"/>
<SP HEIGHT="42" WIDTH="26" VPOS="1594" HPOS="876"/>
<String CONTENT="the" HEIGHT="42" WIDTH="84" VPOS="1594" HPOS="903"/>
<SP HEIGHT="39" WIDTH="28" VPOS="1597" HPOS="988"/>
<String CONTENT="two" HEIGHT="39" WIDTH="96" VPOS="1597" HPOS="1017"/>
<SP HEIGHT="41" WIDTH="30" VPOS="1595" HPOS="1114"/>
<String CONTENT="hundredth" HEIGHT="41" WIDTH="281" VPOS="1595" HPOS="1145"/>
<SP HEIGHT="40" WIDTH="29" VPOS="1596" HPOS="1427"/>
<String CONTENT="anniversary" HEIGHT="50" WIDTH="321" VPOS="1595" HPOS="1457"/>
<SP HEIGHT="37" WIDTH="29" VPOS="1608" HPOS="1779"/>
<String CONTENT="of" HEIGHT="41" WIDTH="53" VPOS="1597" HPOS="1809"/>
<SP HEIGHT="41" WIDTH="27" VPOS="1597" HPOS="1863"/>
<String CONTENT="Washington&#8217;s" HEIGHT="97" WIDTH="1991" VPOS="1597" HPOS="140"/>
<SP HEIGHT="29" WIDTH="26" VPOS="1665" HPOS="267"/>
<String CONTENT="nativity," HEIGHT="49" WIDTH="227" VPOS="1653" HPOS="294"/>
<SP HEIGHT="49" WIDTH="29" VPOS="1653" HPOS="522"/>
<String CONTENT="February" HEIGHT="48" WIDTH="252" VPOS="1653" HPOS="552"/>
<SP HEIGHT="48" WIDTH="27" VPOS="1653" HPOS="805"/>
<String CONTENT="22," HEIGHT="48" WIDTH="70" VPOS="1653" HPOS="833"/>
<SP HEIGHT="48" WIDTH="31" VPOS="1653" HPOS="904"/>
<String CONTENT="1732." HEIGHT="41" WIDTH="128" VPOS="1653" HPOS="936"/>
</TextLine>
<TextLine HEIGHT="52" WIDTH="1996" VPOS="1721" HPOS="143">
<String CONTENT="&#169;" HEIGHT="52" WIDTH="52" VPOS="1721" HPOS="143"/>
<SP HEIGHT="52" WIDTH="29" VPOS="1721" HPOS="196"/>
<String CONTENT="Aug." HEIGHT="46" WIDTH="120" VPOS="1725" HPOS="226"/>
<SP HEIGHT="40" WIDTH="29" VPOS="1725" HPOS="347"/>
<String CONTENT="3," HEIGHT="46" WIDTH="39" VPOS="1725" HPOS="377"/>
<SP HEIGHT="47" WIDTH="29" VPOS="1724" HPOS="417"/>
<String CONTENT="1929;" HEIGHT="47" WIDTH="140" VPOS="1723" HPOS="447"/>
<SP HEIGHT="46" WIDTH="30" VPOS="1724" HPOS="588"/>
<String CONTENT="2c." HEIGHT="40" WIDTH="68" VPOS="1724" HPOS="619"/>
<SP HEIGHT="30" WIDTH="29" VPOS="1734" HPOS="688"/>
<String CONTENT="each" HEIGHT="40" WIDTH="119" VPOS="1724" HPOS="718"/>
<SP HEIGHT="39" WIDTH="28" VPOS="1724" HPOS="838"/>
<String CONTENT="Aug." HEIGHT="47" WIDTH="121" VPOS="1724" HPOS="867"/>
<SP HEIGHT="41" WIDTH="30" VPOS="1723" HPOS="989"/>
<String CONTENT="6;" HEIGHT="48" WIDTH="52" VPOS="1723" HPOS="1020"/>
<SP HEIGHT="37" WIDTH="33" VPOS="1734" HPOS="1073"/>
<String CONTENT="affs." HEIGHT="41" WIDTH="108" VPOS="1723" HPOS="1107"/>
<SP HEIGHT="40" WIDTH="30" VPOS="1724" HPOS="1216"/>
<String CONTENT="Aug." HEIGHT="48" WIDTH="121" VPOS="1724" HPOS="1247"/>
<SP HEIGHT="40" WIDTH="29" VPOS="1725" HPOS="1369"/>
<String CONTENT="16;" HEIGHT="47" WIDTH="83" VPOS="1724" HPOS="1399"/>
<SP HEIGHT="47" WIDTH="31" VPOS="1724" HPOS="1483"/>
<!-- cceid A2077C8C-6CFA-1014-9C3C-CEA95E7AA542 --><String CONTENT="A" HEIGHT="39" WIDTH="39" VPOS="1724" HPOS="1515"/>
<SP HEIGHT="40" WIDTH="31" VPOS="1724" HPOS="1555"/>
<String CONTENT="11709," HEIGHT="50" WIDTH="156" VPOS="1723" HPOS="1587"/>
<SP HEIGHT="47" WIDTH="31" VPOS="1726" HPOS="1744"/>
<String CONTENT="11710;" HEIGHT="47" WIDTH="171" VPOS="1725" HPOS="1776"/>
<SP HEIGHT="46" WIDTH="32" VPOS="1726" HPOS="1948"/>
<String LANG="fr" CONTENT="T." HEIGHT="41" WIDTH="52" VPOS="1726" HPOS="1981"/>
<SP HEIGHT="40" WIDTH="31" VPOS="1727" HPOS="2034"/>
<String CONTENT="W." HEIGHT="41" WIDTH="73" VPOS="1727" HPOS="2066"/>
</TextLine>
<TextLine HEIGHT="50" WIDTH="827" VPOS="1779" HPOS="209">
<String CONTENT="Allen," HEIGHT="49" WIDTH="155" VPOS="1780" HPOS="209"/>
<SP HEIGHT="48" WIDTH="28" VPOS="1781" HPOS="365"/>
<String CONTENT="New" HEIGHT="40" WIDTH="119" VPOS="1781" HPOS="394"/>
<SP HEIGHT="40" WIDTH="26" VPOS="1781" HPOS="514"/>
<String CONTENT="York." HEIGHT="40" WIDTH="144" VPOS="1781" HPOS="541"/>
<SP HEIGHT="48" WIDTH="68" VPOS="1781" HPOS="686"/>
<String CONTENT="(29-17098)" HEIGHT="50" WIDTH="281" VPOS="1779" HPOS="755"/>
</TextLine>
<TextLine HEIGHT="70" WIDTH="2002" VPOS="1874" HPOS="139" STYLEREFS="StyleId-61DAC17E-AD9C-460B-AD91-CA5159FC57CB-">
<String CONTENT="American" HEIGHT="54" WIDTH="319" VPOS="1874" HPOS="139"/>
<SP HEIGHT="38" WIDTH="27" VPOS="1892" HPOS="459"/>
<String CONTENT="civic" HEIGHT="54" WIDTH="142" VPOS="1876" HPOS="487"/>
<SP HEIGHT="34" WIDTH="26" VPOS="1896" HPOS="630"/>
<String CONTENT="annual;" HEIGHT="66" WIDTH="240" VPOS="1877" HPOS="657"/>
<SP HEIGHT="48" WIDTH="32" VPOS="1895" HPOS="898"/>
<String CONTENT="a" HEIGHT="34" WIDTH="30" VPOS="1895" HPOS="931"/>
<SP HEIGHT="34" WIDTH="24" VPOS="1895" HPOS="962"/>
<String CONTENT="record" HEIGHT="53" WIDTH="199" VPOS="1877" HPOS="987"/>
<SP HEIGHT="53" WIDTH="27" VPOS="1877" HPOS="1187"/>
<String CONTENT="of" HEIGHT="55" WIDTH="64" VPOS="1875" HPOS="1215"/>
<SP HEIGHT="54" WIDTH="25" VPOS="1875" HPOS="1280"/>
<String CONTENT="recent" HEIGHT="48" WIDTH="190" VPOS="1882" HPOS="1306"/>
<SP HEIGHT="47" WIDTH="24" VPOS="1882" HPOS="1497"/>
<String CONTENT="civic" HEIGHT="53" WIDTH="143" VPOS="1877" HPOS="1522"/>
<SP HEIGHT="34" WIDTH="25" VPOS="1896" HPOS="1666"/>
<String CONTENT="advance;" HEIGHT="66" WIDTH="277" VPOS="1878" HPOS="1692"/>
<SP HEIGHT="47" WIDTH="31" VPOS="1897" HPOS="1970"/>
<String CONTENT="with" HEIGHT="54" WIDTH="139" VPOS="1877" HPOS="2002"/>
</TextLine>
<TextLine HEIGHT="69" WIDTH="1923" VPOS="1953" HPOS="210" STYLEREFS="StyleId-61DAC17E-AD9C-460B-AD91-CA5159FC57CB-" CS="1">
<String CONTENT="a" HEIGHT="34" WIDTH="32" VPOS="1972" HPOS="210"/>
<SP HEIGHT="51" WIDTH="37" VPOS="1955" HPOS="243"/>
<String CONTENT="list" HEIGHT="54" WIDTH="99" VPOS="1953" HPOS="281"/>
<SP HEIGHT="48" WIDTH="38" VPOS="1958" HPOS="381"/>
<String CONTENT="of" HEIGHT="53" WIDTH="65" VPOS="1953" HPOS="420"/>
<SP HEIGHT="53" WIDTH="36" VPOS="1953" HPOS="486"/>
<String CONTENT="who&#8217;s" HEIGHT="54" WIDTH="173" VPOS="1953" HPOS="523"/>
<SP HEIGHT="35" WIDTH="40" VPOS="1972" HPOS="697"/>
<String CONTENT="who" HEIGHT="52" WIDTH="127" VPOS="1954" HPOS="738"/>
<SP HEIGHT="52" WIDTH="39" VPOS="1954" HPOS="866"/>
<String CONTENT="in" HEIGHT="52" WIDTH="61" VPOS="1954" HPOS="906"/>
<SP HEIGHT="34" WIDTH="39" VPOS="1972" HPOS="968"/>
<String CONTENT="civic" HEIGHT="53" WIDTH="146" VPOS="1953" HPOS="1008"/>
<SP HEIGHT="35" WIDTH="39" VPOS="1971" HPOS="1155"/>
<String CONTENT="achievement" HEIGHT="53" WIDTH="388" VPOS="1953" HPOS="1195"/>
<SP HEIGHT="48" WIDTH="45" VPOS="1958" HPOS="1584"/>
<String CS="1" CONTENT="&#8230;"/>
<SP HEIGHT="34" WIDTH="88" VPOS="1987" HPOS="1686"/>
<String CS="1" CONTENT="[1929," HEIGHT="64" WIDTH="151" VPOS="1957" HPOS="1794"/>
<SP HEIGHT="48" WIDTH="42" VPOS="1973" HPOS="1946"/>
<String LANG="fr" CONTENT="v." HEIGHT="34" WIDTH="51" VPOS="1973" HPOS="1989"/>
<SP HEIGHT="49" WIDTH="42" VPOS="1958" HPOS="2041"/>
<String CONTENT="1]" HEIGHT="64" WIDTH="49" VPOS="1958" HPOS="2084"/>
</TextLine>
<TextLine HEIGHT="70" WIDTH="1868" VPOS="2030" HPOS="206" STYLEREFS="StyleId-61DAC17E-AD9C-460B-AD91-CA5159FC57CB-">
<String CONTENT="Washington," HEIGHT="69" WIDTH="404" VPOS="2031" HPOS="206"/>
<SP HEIGHT="63" WIDTH="29" VPOS="2031" HPOS="611"/>
<String LANG="fr" CONTENT="D." HEIGHT="53" WIDTH="72" VPOS="2031" HPOS="641"/>
<SP HEIGHT="55" WIDTH="32" VPOS="2030" HPOS="714"/>
<String CONTENT="C.," HEIGHT="68" WIDTH="80" VPOS="2030" HPOS="747"/>
<SP HEIGHT="68" WIDTH="28" VPOS="2030" HPOS="828"/>
<String CONTENT="American" HEIGHT="54" WIDTH="310" VPOS="2030" HPOS="857"/>
<SP HEIGHT="35" WIDTH="29" VPOS="2049" HPOS="1168"/>
<String CONTENT="civic" HEIGHT="53" WIDTH="144" VPOS="2031" HPOS="1198"/>
<SP HEIGHT="36" WIDTH="31" VPOS="2048" HPOS="1343"/>
<String CONTENT="association," HEIGHT="69" WIDTH="358" VPOS="2030" HPOS="1375"/>
<SP HEIGHT="68" WIDTH="27" VPOS="2031" HPOS="1734"/>
<String CONTENT="inc.," HEIGHT="68" WIDTH="128" VPOS="2031" HPOS="1762"/>
<SP HEIGHT="64" WIDTH="32" VPOS="2035" HPOS="1891"/>
<String CONTENT="1929." HEIGHT="50" WIDTH="150" VPOS="2034" HPOS="1924"/>
</TextLine>
<TextLine HEIGHT="49" WIDTH="1440" VPOS="2112" HPOS="208" CS="1">
<String CONTENT="xiii," HEIGHT="48" WIDTH="103" VPOS="2113" HPOS="208"/>
<SP HEIGHT="48" WIDTH="29" VPOS="2113" HPOS="312"/>
<String CONTENT="288" HEIGHT="41" WIDTH="87" VPOS="2113" HPOS="342"/>
<SP HEIGHT="48" WIDTH="25" VPOS="2113" HPOS="430"/>
<String CONTENT="p." HEIGHT="37" WIDTH="43" VPOS="2124" HPOS="456"/>
<SP HEIGHT="41" WIDTH="52" VPOS="2112" HPOS="500"/>
<String CONTENT="front.," HEIGHT="49" WIDTH="165" VPOS="2112" HPOS="553"/>
<SP HEIGHT="48" WIDTH="29" VPOS="2113" HPOS="719"/>
<String CONTENT="illus." HEIGHT="41" WIDTH="129" VPOS="2113" HPOS="749"/>
<SP HEIGHT="48" WIDTH="27" VPOS="2112" HPOS="879"/>
<String CONTENT="(incl." HEIGHT="48" WIDTH="134" VPOS="2112" HPOS="907"/>
<SP HEIGHT="31" WIDTH="27" VPOS="2123" HPOS="1042"/>
<String CONTENT="maps)" HEIGHT="48" WIDTH="164" VPOS="2113" HPOS="1070"/>
<SP HEIGHT="48" WIDTH="36" VPOS="2113" HPOS="1235"/>
<String CONTENT="plates." HEIGHT="47" WIDTH="173" VPOS="2114" HPOS="1272"/>
<SP HEIGHT="40" WIDTH="55" VPOS="2113" HPOS="1446"/>
<String CS="1" CONTENT="20&#189;&#7580;&#7504;." HEIGHT="40" WIDTH="146" VPOS="2112" HPOS="1502"/>
</TextLine>
<TextLine HEIGHT="48" WIDTH="824" VPOS="2169" HPOS="136">
<String CONTENT="Editor:" HEIGHT="40" WIDTH="200" VPOS="2170" HPOS="136"/>
<SP HEIGHT="39" WIDTH="30" VPOS="2171" HPOS="337"/>
<String CONTENT="1929," HEIGHT="48" WIDTH="128" VPOS="2169" HPOS="368"/>
<SP HEIGHT="47" WIDTH="30" VPOS="2170" HPOS="497"/>
<String CONTENT="Harlean" HEIGHT="40" WIDTH="221" VPOS="2170" HPOS="528"/>
<SP HEIGHT="40" WIDTH="28" VPOS="2170" HPOS="750"/>
<String CONTENT="James." HEIGHT="40" WIDTH="181" VPOS="2170" HPOS="779"/>
</TextLine>
<TextLine HEIGHT="52" WIDTH="1995" VPOS="2236" HPOS="139" CS="1">
<String CONTENT="&#169;" HEIGHT="52" WIDTH="52" VPOS="2236" HPOS="139"/>
<SP HEIGHT="52" WIDTH="31" VPOS="2236" HPOS="192"/>
<String CONTENT="July" HEIGHT="47" WIDTH="116" VPOS="2241" HPOS="224"/>
<SP HEIGHT="47" WIDTH="28" VPOS="2241" HPOS="341"/>
<String CS="1" CONTENT="19," HEIGHT="40" WIDTH="55" VPOS="2240" HPOS="370"/>
<SP HEIGHT="43" WIDTH="30" VPOS="2240" HPOS="439"/>
<String CONTENT="1929;" HEIGHT="49" WIDTH="140" VPOS="2239" HPOS="470"/>
<SP HEIGHT="48" WIDTH="30" VPOS="2240" HPOS="611"/>
<String CONTENT="2c." HEIGHT="41" WIDTH="69" VPOS="2240" HPOS="642"/>
<SP HEIGHT="31" WIDTH="28" VPOS="2250" HPOS="712"/>
<String CONTENT="and" HEIGHT="39" WIDTH="97" VPOS="2241" HPOS="741"/>
<SP HEIGHT="39" WIDTH="29" VPOS="2241" HPOS="839"/>
<String CONTENT="aff." HEIGHT="41" WIDTH="83" VPOS="2239" HPOS="869"/>
<SP HEIGHT="40" WIDTH="30" VPOS="2240" HPOS="953"/>
<String CONTENT="July" HEIGHT="48" WIDTH="117" VPOS="2240" HPOS="984"/>
<SP HEIGHT="49" WIDTH="25" VPOS="2239" HPOS="1102"/>
<String CONTENT="24;" HEIGHT="48" WIDTH="83" VPOS="2239" HPOS="1128"/>
<SP HEIGHT="48" WIDTH="33" VPOS="2239" HPOS="1212"/>
<!-- cceid A2080DF2-6CFA-1014-9C3C-CEA95E7AA542 --><String CONTENT="A" HEIGHT="40" WIDTH="43" VPOS="2239" HPOS="1246"/>
<SP HEIGHT="40" WIDTH="27" VPOS="2239" HPOS="1290"/>
<String CONTENT="10363;" HEIGHT="47" WIDTH="171" VPOS="2239" HPOS="1318"/>
<SP HEIGHT="47" WIDTH="31" VPOS="2239" HPOS="1490"/>
<String LANG="fr" CONTENT="Amer," HEIGHT="42" WIDTH="160" VPOS="2239" HPOS="1522"/>
<SP HEIGHT="30" WIDTH="30" VPOS="2251" HPOS="1683"/>
<String CONTENT="civic" HEIGHT="41" WIDTH="125" VPOS="2239" HPOS="1714"/>
<SP HEIGHT="30" WIDTH="27" VPOS="2250" HPOS="1840"/>
<String CONTENT="assn.," HEIGHT="35" WIDTH="143" VPOS="2249" HPOS="1868"/>
<SP HEIGHT="44" WIDTH="29" VPOS="2240" HPOS="2012"/>
<String CONTENT="inc." HEIGHT="41" WIDTH="92" VPOS="2240" HPOS="2042"/>
</TextLine>
<TextLine HEIGHT="50" WIDTH="282" VPOS="2296" HPOS="218">
<String CONTENT="(29-15873)" HEIGHT="50" WIDTH="282" VPOS="2296" HPOS="218"/>
</TextLine>
<TextLine HEIGHT="65" WIDTH="1026" VPOS="2390" HPOS="134" STYLEREFS="StyleId-61DAC17E-AD9C-460B-AD91-CA5159FC57CB-">
<String CONTENT="Baldwin," HEIGHT="62" WIDTH="287" VPOS="2390" HPOS="134"/>
<SP HEIGHT="60" WIDTH="24" VPOS="2392" HPOS="422"/>
<String CONTENT="William" HEIGHT="55" WIDTH="253" VPOS="2391" HPOS="447"/>
<SP HEIGHT="52" WIDTH="28" VPOS="2392" HPOS="701"/>
<String CONTENT="Henry," HEIGHT="63" WIDTH="225" VPOS="2392" HPOS="730"/>
<SP HEIGHT="57" WIDTH="30" VPOS="2398" HPOS="956"/>
<String CONTENT="1891-" HEIGHT="49" WIDTH="173" VPOS="2397" HPOS="987"/>
</TextLine>
<TextLine HEIGHT="72" WIDTH="1937" VPOS="2467" HPOS="200" STYLEREFS="StyleId-61DAC17E-AD9C-460B-AD91-CA5159FC57CB-">
<String CONTENT="The" HEIGHT="53" WIDTH="120" VPOS="2468" HPOS="200"/>
<SP HEIGHT="35" WIDTH="37" VPOS="2487" HPOS="321"/>
<String CONTENT="shopping" HEIGHT="69" WIDTH="290" VPOS="2469" HPOS="359"/>
<SP HEIGHT="70" WIDTH="32" VPOS="2468" HPOS="650"/>
<String CONTENT="book," HEIGHT="62" WIDTH="165" VPOS="2468" HPOS="683"/>
<SP HEIGHT="60" WIDTH="36" VPOS="2470" HPOS="849"/>
<String CONTENT="by" HEIGHT="69" WIDTH="76" VPOS="2470" HPOS="886"/>
<SP HEIGHT="69" WIDTH="34" VPOS="2470" HPOS="963"/>
<String CONTENT="William" HEIGHT="53" WIDTH="261" VPOS="2469" HPOS="998"/>
<SP HEIGHT="52" WIDTH="38" VPOS="2469" HPOS="1260"/>
<String CONTENT="H." HEIGHT="52" WIDTH="77" VPOS="2469" HPOS="1299"/>
<SP HEIGHT="52" WIDTH="39" VPOS="2469" HPOS="1377"/>
<String CONTENT="Baldwin." HEIGHT="54" WIDTH="284" VPOS="2467" HPOS="1417"/>
<SP HEIGHT="54" WIDTH="74" VPOS="2467" HPOS="1702"/>
<String CONTENT="New" HEIGHT="53" WIDTH="139" VPOS="2467" HPOS="1777"/>
<SP HEIGHT="53" WIDTH="38" VPOS="2467" HPOS="1917"/>
<String CONTENT="York," HEIGHT="69" WIDTH="181" VPOS="2467" HPOS="1956"/>
</TextLine>
<TextLine HEIGHT="71" WIDTH="1002" VPOS="2546" HPOS="129" STYLEREFS="StyleId-61DAC17E-AD9C-460B-AD91-CA5159FC57CB-">
<String CONTENT="The" HEIGHT="53" WIDTH="120" VPOS="2546" HPOS="129"/>
<SP HEIGHT="52" WIDTH="31" VPOS="2547" HPOS="250"/>
<String CONTENT="Macmillan" HEIGHT="52" WIDTH="335" VPOS="2547" HPOS="282"/>
<SP HEIGHT="35" WIDTH="27" VPOS="2565" HPOS="618"/>
<String CONTENT="company," HEIGHT="52" WIDTH="298" VPOS="2565" HPOS="646"/>
<SP HEIGHT="63" WIDTH="35" VPOS="2551" HPOS="945"/>
<String CONTENT="1929." HEIGHT="51" WIDTH="150" VPOS="2549" HPOS="981"/>
</TextLine>
<TextLine HEIGHT="49" WIDTH="669" VPOS="2629" HPOS="198" STYLEREFS="StyleId-61DAC17E-AD9C-460B-AD91-CA5159FC57CB-" CS="1">
<String CONTENT="xii" HEIGHT="40" WIDTH="69" VPOS="2630" HPOS="198"/>
<SP HEIGHT="48" WIDTH="27" VPOS="2630" HPOS="268"/>
<String CONTENT="p.," HEIGHT="37" WIDTH="57" VPOS="2641" HPOS="296"/>
<SP HEIGHT="42" WIDTH="25" VPOS="2630" HPOS="354"/>
<String CONTENT="2" HEIGHT="39" WIDTH="26" VPOS="2630" HPOS="380"/>
<SP HEIGHT="40" WIDTH="25" VPOS="2630" HPOS="407"/>
<String CS="1" CONTENT="l.," HEIGHT="11" WIDTH="9" VPOS="2662" HPOS="469"/>
<SP HEIGHT="44" WIDTH="24" VPOS="2629" HPOS="479"/>
<String CONTENT="301" HEIGHT="41" WIDTH="82" VPOS="2629" HPOS="504"/>
<SP HEIGHT="47" WIDTH="28" VPOS="2631" HPOS="587"/>
<String CONTENT="p." HEIGHT="37" WIDTH="44" VPOS="2641" HPOS="616"/>
<SP HEIGHT="39" WIDTH="59" VPOS="2631" HPOS="661"/>
<String CS="1" CONTENT="19&#189;&#7580;&#7504;." HEIGHT="42" WIDTH="146" VPOS="2630" HPOS="721"/>
</TextLine>
<TextLine HEIGHT="53" WIDTH="1747" VPOS="2697" HPOS="135" CS="1">
<String CONTENT="&#169;" HEIGHT="52" WIDTH="52" VPOS="2697" HPOS="135"/>
<SP HEIGHT="52" WIDTH="26" VPOS="2697" HPOS="188"/>
<String CONTENT="Aug." HEIGHT="46" WIDTH="120" VPOS="2702" HPOS="215"/>
<SP HEIGHT="42" WIDTH="27" VPOS="2701" HPOS="336"/>
<String CONTENT="13," HEIGHT="43" WIDTH="69" VPOS="2701" HPOS="364"/>
<SP HEIGHT="42" WIDTH="27" VPOS="2702" HPOS="434"/>
<String CS="1" CONTENT="1929;" HEIGHT="41" WIDTH="114" VPOS="2701" HPOS="462"/>
<SP HEIGHT="48" WIDTH="29" VPOS="2701" HPOS="604"/>
<String CONTENT="2c." HEIGHT="41" WIDTH="67" VPOS="2701" HPOS="634"/>
<SP HEIGHT="30" WIDTH="28" VPOS="2712" HPOS="702"/>
<String CONTENT="and" HEIGHT="40" WIDTH="96" VPOS="2702" HPOS="731"/>
<SP HEIGHT="40" WIDTH="26" VPOS="2702" HPOS="828"/>
<String CONTENT="aff." HEIGHT="41" WIDTH="82" VPOS="2701" HPOS="855"/>
<SP HEIGHT="40" WIDTH="27" VPOS="2702" HPOS="938"/>
<String CONTENT="Aug." HEIGHT="48" WIDTH="121" VPOS="2702" HPOS="966"/>
<SP HEIGHT="40" WIDTH="28" VPOS="2701" HPOS="1088"/>
<String CS="1" CONTENT="14;" HEIGHT="39" WIDTH="55" VPOS="2701" HPOS="1117"/>
<SP HEIGHT="48" WIDTH="28" VPOS="2700" HPOS="1200"/>
<!-- cceid A2089451-6CFA-1014-9C3C-CEA95E7AA542 --><String CONTENT="A" HEIGHT="40" WIDTH="43" VPOS="2700" HPOS="1229"/>
<SP HEIGHT="40" WIDTH="25" VPOS="2700" HPOS="1273"/>
<String CS="1" CONTENT="10736;" HEIGHT="41" WIDTH="145" VPOS="2699" HPOS="1299"/>
<SP HEIGHT="46" WIDTH="32" VPOS="2701" HPOS="1470"/>
<String CONTENT="Macmillan" HEIGHT="41" WIDTH="283" VPOS="2699" HPOS="1503"/>
<SP HEIGHT="30" WIDTH="26" VPOS="2711" HPOS="1787"/>
<String LANG="ru" CONTENT="&#1089;&#1086;." HEIGHT="31" WIDTH="68" VPOS="2711" HPOS="1814"/>
</TextLine>
<TextLine HEIGHT="50" WIDTH="281" VPOS="2757" HPOS="212">
<String CONTENT="(29-17332)" HEIGHT="50" WIDTH="281" VPOS="2757" HPOS="212"/>
</TextLine>
<TextLine HEIGHT="65" WIDTH="973" VPOS="2851" HPOS="132" STYLEREFS="StyleId-0B32B2DB-18C3-42F7-90AA-A662C2FB63A9-">
<String CONTENT="Barbour," HEIGHT="63" WIDTH="288" VPOS="2852" HPOS="132"/>
<SP HEIGHT="62" WIDTH="29" VPOS="2853" HPOS="421"/>
<String CONTENT="Ralph" HEIGHT="65" WIDTH="190" VPOS="2851" HPOS="451"/>
<SP HEIGHT="53" WIDTH="29" VPOS="2852" HPOS="642"/>
<String CONTENT="Henry," HEIGHT="62" WIDTH="226" VPOS="2853" HPOS="672"/>
<SP HEIGHT="54" WIDTH="33" VPOS="2859" HPOS="899"/>
<String CONTENT="1870-" HEIGHT="54" WIDTH="172" VPOS="2853" HPOS="933"/>
</TextLine>
<TextLine HEIGHT="149" WIDTH="1977" VPOS="2930" HPOS="133" STYLEREFS="StyleId-61DAC17E-AD9C-460B-AD91-CA5159FC57CB-" CS="1">
<String CONTENT="Giles" HEIGHT="56" WIDTH="160" VPOS="2930" HPOS="204"/>
<SP HEIGHT="34" WIDTH="40" VPOS="2951" HPOS="365"/>
<String CONTENT="of" HEIGHT="54" WIDTH="64" VPOS="2931" HPOS="406"/>
<SP HEIGHT="53" WIDTH="39" VPOS="2931" HPOS="471"/>
<String CONTENT="the" HEIGHT="53" WIDTH="94" VPOS="2932" HPOS="511"/>
<SP HEIGHT="53" WIDTH="41" VPOS="2932" HPOS="606"/>
<String CONTENT="Mayflower," HEIGHT="69" WIDTH="351" VPOS="2931" HPOS="648"/>
<SP HEIGHT="54" WIDTH="38" VPOS="2933" HPOS="1000"/>
<String CONTENT="by" HEIGHT="66" WIDTH="75" VPOS="2933" HPOS="1039"/>
<SP HEIGHT="67" WIDTH="41" VPOS="2932" HPOS="1115"/>
<String CONTENT="Ralph" HEIGHT="67" WIDTH="191" VPOS="2931" HPOS="1157"/>
<SP HEIGHT="52" WIDTH="44" VPOS="2930" HPOS="1349"/>
<String CONTENT="Henry" HEIGHT="68" WIDTH="203" VPOS="2930" HPOS="1394"/>
<SP HEIGHT="66" WIDTH="38" VPOS="2932" HPOS="1598"/>
<String CONTENT="Barbour;" HEIGHT="58" WIDTH="292" VPOS="2930" HPOS="1637"/>
<SP HEIGHT="56" WIDTH="44" VPOS="2932" HPOS="1930"/>
<String CONTENT="illustrated" HEIGHT="132" WIDTH="1977" VPOS="2931" HPOS="133"/>
<SP HEIGHT="52" WIDTH="30" VPOS="3011" HPOS="320"/>
<String CONTENT="by" HEIGHT="68" WIDTH="76" VPOS="3011" HPOS="351"/>
</TextLine>
<TextLine HEIGHT="68" WIDTH="1670" VPOS="3008" HPOS="456" STYLEREFS="StyleId-61DAC17E-AD9C-460B-AD91-CA5159FC57CB-">
<String CONTENT="A." HEIGHT="54" WIDTH="70" VPOS="3010" HPOS="456"/>
<SP HEIGHT="55" WIDTH="30" VPOS="3009" HPOS="527"/>
<String CONTENT="O." HEIGHT="56" WIDTH="67" VPOS="3009" HPOS="558"/>
<SP HEIGHT="56" WIDTH="36" VPOS="3009" HPOS="626"/>
<String CONTENT="Scott." HEIGHT="56" WIDTH="174" VPOS="3009" HPOS="663"/>
<SP HEIGHT="52" WIDTH="75" VPOS="3010" HPOS="838"/>
<String CONTENT="New" HEIGHT="52" WIDTH="140" VPOS="3010" HPOS="914"/>
<SP HEIGHT="51" WIDTH="30" VPOS="3010" HPOS="1055"/>
<String CONTENT="York." HEIGHT="55" WIDTH="181" VPOS="3009" HPOS="1086"/>
<SP HEIGHT="55" WIDTH="28" VPOS="3009" HPOS="1268"/>
<String CONTENT="London," HEIGHT="61" WIDTH="260" VPOS="3009" HPOS="1297"/>
<SP HEIGHT="61" WIDTH="28" VPOS="3009" HPOS="1558"/>
<String CONTENT="D." HEIGHT="53" WIDTH="70" VPOS="3009" HPOS="1587"/>
<SP HEIGHT="54" WIDTH="32" VPOS="3008" HPOS="1658"/>
<String CONTENT="Appleton" HEIGHT="68" WIDTH="293" VPOS="3008" HPOS="1691"/>
<SP HEIGHT="35" WIDTH="34" VPOS="3026" HPOS="1985"/>
<String CONTENT="and" HEIGHT="51" WIDTH="106" VPOS="3009" HPOS="2020"/>
</TextLine>
<TextLine HEIGHT="66" WIDTH="480" VPOS="3090" HPOS="133" STYLEREFS="StyleId-61DAC17E-AD9C-460B-AD91-CA5159FC57CB-">
<String CONTENT="company," HEIGHT="50" WIDTH="298" VPOS="3106" HPOS="133"/>
<SP HEIGHT="51" WIDTH="32" VPOS="3093" HPOS="432"/>
<String CONTENT="1929." HEIGHT="52" WIDTH="148" VPOS="3090" HPOS="465"/>
</TextLine>
<TextLine HEIGHT="48" WIDTH="848" VPOS="3168" HPOS="194" CS="1">
<String CONTENT="4" HEIGHT="39" WIDTH="27" VPOS="3169" HPOS="194"/>
<SP HEIGHT="47" WIDTH="25" VPOS="3169" HPOS="222"/>
<String CONTENT="p." HEIGHT="37" WIDTH="43" VPOS="3179" HPOS="248"/>
<SP HEIGHT="39" WIDTH="24" VPOS="3170" HPOS="292"/>
<String CS="1" CONTENT="l.," HEIGHT="15" WIDTH="8" VPOS="3199" HPOS="353"/>
<SP HEIGHT="46" WIDTH="27" VPOS="3168" HPOS="362"/>
<String CONTENT="158." HEIGHT="42" WIDTH="97" VPOS="3168" HPOS="390"/>
<SP HEIGHT="29" WIDTH="31" VPOS="3187" HPOS="488"/>
<String CS="1" CONTENT="[1]"/>
<SP HEIGHT="37" WIDTH="28" VPOS="3179" HPOS="574"/>
<String LANG="fr" CS="1" CONTENT="p"/>
<String CONTENT="." HEIGHT="8" WIDTH="8" VPOS="3201" HPOS="638"/>
<SP HEIGHT="41" WIDTH="58" VPOS="3168" HPOS="647"/>
<String CONTENT="illus." HEIGHT="42" WIDTH="131" VPOS="3168" HPOS="706"/>
<SP HEIGHT="41" WIDTH="57" VPOS="3169" HPOS="838"/>
<String CS="1" CONTENT="19&#189;&#7580;&#7504;." HEIGHT="41" WIDTH="146" VPOS="3168" HPOS="896"/>
</TextLine>
<TextLine HEIGHT="52" WIDTH="1995" VPOS="3236" HPOS="133" CS="1">
<String CONTENT="&#169;" HEIGHT="52" WIDTH="52" VPOS="3236" HPOS="133"/>
<SP HEIGHT="52" WIDTH="27" VPOS="3236" HPOS="186"/>
<String CONTENT="Aug." HEIGHT="46" WIDTH="120" VPOS="3239" HPOS="214"/>
<SP HEIGHT="40" WIDTH="27" VPOS="3239" HPOS="335"/>
<String CONTENT="16," HEIGHT="48" WIDTH="68" VPOS="3238" HPOS="363"/>
<SP HEIGHT="46" WIDTH="28" VPOS="3240" HPOS="432"/>
<String CONTENT="1929;" HEIGHT="47" WIDTH="140" VPOS="3239" HPOS="461"/>
<SP HEIGHT="47" WIDTH="28" VPOS="3239" HPOS="602"/>
<String CONTENT="2c." HEIGHT="41" WIDTH="66" VPOS="3239" HPOS="631"/>
<SP HEIGHT="41" WIDTH="27" VPOS="3239" HPOS="698"/>
<String CONTENT="Aug." HEIGHT="49" WIDTH="121" VPOS="3239" HPOS="726"/>
<SP HEIGHT="39" WIDTH="27" VPOS="3241" HPOS="848"/>
<String CS="1" CONTENT="17;" HEIGHT="38" WIDTH="56" VPOS="3241" HPOS="876"/>
<SP HEIGHT="36" WIDTH="30" VPOS="3250" HPOS="960"/>
<String CONTENT="aff." HEIGHT="42" WIDTH="82" VPOS="3239" HPOS="991"/>
<SP HEIGHT="42" WIDTH="26" VPOS="3239" HPOS="1074"/>
<String CONTENT="Aug." HEIGHT="48" WIDTH="121" VPOS="3239" HPOS="1101"/>
<SP HEIGHT="40" WIDTH="27" VPOS="3239" HPOS="1223"/>
<String CONTENT="22;" HEIGHT="46" WIDTH="83" VPOS="3239" HPOS="1251"/>
<SP HEIGHT="47" WIDTH="30" VPOS="3238" HPOS="1335"/>
<!-- cceid A2092552-6CFA-1014-9C3C-CEA95E7AA542 --><String CONTENT="A" HEIGHT="39" WIDTH="41" VPOS="3238" HPOS="1366"/>
<SP HEIGHT="39" WIDTH="26" VPOS="3238" HPOS="1408"/>
<String CONTENT="11754;" HEIGHT="48" WIDTH="171" VPOS="3237" HPOS="1435"/>
<SP HEIGHT="47" WIDTH="30" VPOS="3238" HPOS="1607"/>
<String CONTENT="D." HEIGHT="40" WIDTH="57" VPOS="3238" HPOS="1638"/>
<SP HEIGHT="41" WIDTH="28" VPOS="3237" HPOS="1696"/>
<String CONTENT="Appleton" HEIGHT="49" WIDTH="239" VPOS="3237" HPOS="1725"/>
<SP HEIGHT="39" WIDTH="29" VPOS="3239" HPOS="1965"/>
<String CONTENT="&amp;" HEIGHT="39" WIDTH="35" VPOS="3239" HPOS="1995"/>
<SP HEIGHT="40" WIDTH="28" VPOS="3239" HPOS="2031"/>
<String LANG="ru" CONTENT="&#1089;&#1086;." HEIGHT="31" WIDTH="68" VPOS="3249" HPOS="2060"/>
</TextLine>
<TextLine HEIGHT="49" WIDTH="281" VPOS="3295" HPOS="209">
<String CONTENT="(29-17281)" HEIGHT="49" WIDTH="281" VPOS="3295" HPOS="209"/>
</TextLine>
<TextLine HEIGHT="65" WIDTH="1108" VPOS="3388" HPOS="129" STYLEREFS="StyleId-61DAC17E-AD9C-460B-AD91-CA5159FC57CB-">
<String CONTENT="Beckwith," HEIGHT="65" WIDTH="326" VPOS="3388" HPOS="129"/>
<SP HEIGHT="62" WIDTH="30" VPOS="3391" HPOS="456"/>
<String CONTENT="Martha" HEIGHT="54" WIDTH="243" VPOS="3389" HPOS="487"/>
<SP HEIGHT="52" WIDTH="28" VPOS="3391" HPOS="731"/>
<String CONTENT="Warren," HEIGHT="62" WIDTH="269" VPOS="3391" HPOS="760"/>
<SP HEIGHT="58" WIDTH="34" VPOS="3395" HPOS="1030"/>
<String CONTENT="1871-" HEIGHT="52" WIDTH="172" VPOS="3391" HPOS="1065"/>
</TextLine>
<TextLine HEIGHT="72" WIDTH="1930" VPOS="3464" HPOS="195" STYLEREFS="StyleId-61DAC17E-AD9C-460B-AD91-CA5159FC57CB-">
<String CONTENT="Black" HEIGHT="54" WIDTH="182" VPOS="3467" HPOS="195"/>
<SP HEIGHT="54" WIDTH="29" VPOS="3467" HPOS="378"/>
<String CONTENT="roadways;" HEIGHT="67" WIDTH="325" VPOS="3467" HPOS="408"/>
<SP HEIGHT="43" WIDTH="36" VPOS="3487" HPOS="734"/>
<String CONTENT="a" HEIGHT="33" WIDTH="31" VPOS="3487" HPOS="771"/>
<SP HEIGHT="33" WIDTH="31" VPOS="3487" HPOS="803"/>
<String CONTENT="study" HEIGHT="69" WIDTH="172" VPOS="3467" HPOS="835"/>
<SP HEIGHT="51" WIDTH="31" VPOS="3485" HPOS="1008"/>
<String CONTENT="of" HEIGHT="53" WIDTH="64" VPOS="3466" HPOS="1040"/>
<SP HEIGHT="53" WIDTH="33" VPOS="3466" HPOS="1105"/>
<String CONTENT="Jamaican" HEIGHT="54" WIDTH="302" VPOS="3465" HPOS="1139"/>
<SP HEIGHT="54" WIDTH="32" VPOS="3464" HPOS="1442"/>
<String CONTENT="folk" HEIGHT="53" WIDTH="127" VPOS="3464" HPOS="1475"/>
<SP HEIGHT="52" WIDTH="28" VPOS="3465" HPOS="1603"/>
<String CONTENT="life," HEIGHT="61" WIDTH="122" VPOS="3465" HPOS="1632"/>
<SP HEIGHT="59" WIDTH="30" VPOS="3467" HPOS="1755"/>
<String CONTENT="by" HEIGHT="67" WIDTH="74" VPOS="3467" HPOS="1786"/>
<SP HEIGHT="67" WIDTH="31" VPOS="3467" HPOS="1861"/>
<String CONTENT="Martha" HEIGHT="52" WIDTH="232" VPOS="3467" HPOS="1893"/>
</TextLine>
<TextLine HEIGHT="71" WIDTH="2006" VPOS="3543" HPOS="123" STYLEREFS="StyleId-61DAC17E-AD9C-460B-AD91-CA5159FC57CB-">
<String CONTENT="Warren" HEIGHT="53" WIDTH="244" VPOS="3545" HPOS="123"/>
<SP HEIGHT="51" WIDTH="45" VPOS="3547" HPOS="368"/>
<String CONTENT="Beckwith." HEIGHT="54" WIDTH="312" VPOS="3544" HPOS="414"/>
<SP HEIGHT="56" WIDTH="86" VPOS="3546" HPOS="727"/>
<String CONTENT="Chapel" HEIGHT="68" WIDTH="222" VPOS="3546" HPOS="814"/>
<SP HEIGHT="53" WIDTH="43" VPOS="3545" HPOS="1037"/>
<String CONTENT="Hill," HEIGHT="67" WIDTH="146" VPOS="3544" HPOS="1081"/>
<SP HEIGHT="66" WIDTH="47" VPOS="3545" HPOS="1228"/>
<String CONTENT="The" HEIGHT="54" WIDTH="122" VPOS="3543" HPOS="1276"/>
<SP HEIGHT="54" WIDTH="45" VPOS="3544" HPOS="1399"/>
<String CONTENT="University" HEIGHT="70" WIDTH="339" VPOS="3543" HPOS="1445"/>
<SP HEIGHT="50" WIDTH="44" VPOS="3563" HPOS="1785"/>
<String CONTENT="of" HEIGHT="54" WIDTH="65" VPOS="3543" HPOS="1830"/>
<SP HEIGHT="55" WIDTH="43" VPOS="3543" HPOS="1896"/>
<String CONTENT="North" HEIGHT="54" WIDTH="189" VPOS="3544" HPOS="1940"/>
</TextLine>
<TextLine HEIGHT="67" WIDTH="650" VPOS="3623" HPOS="125" STYLEREFS="StyleId-61DAC17E-AD9C-460B-AD91-CA5159FC57CB-">
<String CONTENT="Carolina" HEIGHT="55" WIDTH="271" VPOS="3623" HPOS="125"/>
<SP HEIGHT="49" WIDTH="24" VPOS="3641" HPOS="397"/>
<String CONTENT="press," HEIGHT="49" WIDTH="173" VPOS="3641" HPOS="422"/>
<SP HEIGHT="61" WIDTH="29" VPOS="3628" HPOS="596"/>
<String CONTENT="1929." HEIGHT="50" WIDTH="149" VPOS="3627" HPOS="626"/>
</TextLine>
<TextLine HEIGHT="52" WIDTH="1934" VPOS="3702" HPOS="194" CS="1">
<String CONTENT="xvii," HEIGHT="47" WIDTH="115" VPOS="3705" HPOS="194"/>
<SP HEIGHT="30" WIDTH="34" VPOS="3724" HPOS="310"/>
<String CONTENT="[1]" HEIGHT="49" WIDTH="54" VPOS="3705" HPOS="345"/>
<SP HEIGHT="38" WIDTH="30" VPOS="3716" HPOS="400"/>
<String LANG="fr" CONTENT="p.," HEIGHT="38" WIDTH="57" VPOS="3716" HPOS="431"/>
<SP HEIGHT="46" WIDTH="28" VPOS="3705" HPOS="489"/>
<String CONTENT="1" HEIGHT="39" WIDTH="24" VPOS="3705" HPOS="518"/>
<SP HEIGHT="40" WIDTH="27" VPOS="3705" HPOS="543"/>
<String CS="1" CONTENT="l.," HEIGHT="10" WIDTH="7" VPOS="3737" HPOS="608"/>
<SP HEIGHT="42" WIDTH="31" VPOS="3705" HPOS="616"/>
<String CONTENT="243" HEIGHT="41" WIDTH="84" VPOS="3705" HPOS="648"/>
<SP HEIGHT="48" WIDTH="27" VPOS="3706" HPOS="733"/>
<String CONTENT="p." HEIGHT="38" WIDTH="43" VPOS="3716" HPOS="761"/>
<SP HEIGHT="41" WIDTH="58" VPOS="3705" HPOS="805"/>
<String CONTENT="illus.," HEIGHT="48" WIDTH="144" VPOS="3705" HPOS="864"/>
<SP HEIGHT="38" WIDTH="29" VPOS="3715" HPOS="1009"/>
<String CS="1" CONTENT="XXII"/>
<SP HEIGHT="38" WIDTH="25" VPOS="3714" HPOS="1155"/>
<String CS="1" CONTENT="pl." HEIGHT="38" WIDTH="62" VPOS="3714" HPOS="1181"/>
<SP HEIGHT="48" WIDTH="28" VPOS="3703" HPOS="1244"/>
<String CS="1" CONTENT="(incl." HEIGHT="48" WIDTH="102" VPOS="3703" HPOS="1273"/>
<SP HEIGHT="41" WIDTH="28" VPOS="3703" HPOS="1408"/>
<String CONTENT="front.)" HEIGHT="48" WIDTH="175" VPOS="3702" HPOS="1437"/>
<SP HEIGHT="48" WIDTH="34" VPOS="3702" HPOS="1613"/>
<String CONTENT="fold." HEIGHT="41" WIDTH="120" VPOS="3703" HPOS="1648"/>
<SP HEIGHT="30" WIDTH="27" VPOS="3714" HPOS="1769"/>
<String CONTENT="map." HEIGHT="38" WIDTH="127" VPOS="3713" HPOS="1797"/>
<SP HEIGHT="41" WIDTH="55" VPOS="3703" HPOS="1925"/>
<String CS="1" CONTENT="21&#189;&#7580;&#7504;." HEIGHT="42" WIDTH="147" VPOS="3703" HPOS="1981"/>
</TextLine>
<TextLine HEIGHT="46" WIDTH="741" VPOS="3775" HPOS="194">
<String CONTENT="Includes" HEIGHT="40" WIDTH="227" VPOS="3777" HPOS="194"/>
<SP HEIGHT="29" WIDTH="26" VPOS="3787" HPOS="422"/>
<String CONTENT="songs" HEIGHT="35" WIDTH="143" VPOS="3786" HPOS="449"/>
<SP HEIGHT="29" WIDTH="24" VPOS="3787" HPOS="593"/>
<String CONTENT="with" HEIGHT="40" WIDTH="117" VPOS="3775" HPOS="618"/>
<SP HEIGHT="39" WIDTH="28" VPOS="3776" HPOS="736"/>
<String CONTENT="music." HEIGHT="40" WIDTH="170" VPOS="3776" HPOS="765"/>
</TextLine>
<TextLine HEIGHT="50" WIDTH="729" VPOS="3832" HPOS="195" CS="1">
<String CS="1" CONTENT="&#8220;References&#8221;:" HEIGHT="42" WIDTH="349" VPOS="3832" HPOS="195"/>
<SP HEIGHT="38" WIDTH="26" VPOS="3844" HPOS="573"/>
<String CONTENT="p." HEIGHT="38" WIDTH="44" VPOS="3844" HPOS="600"/>
<SP HEIGHT="30" WIDTH="28" VPOS="3852" HPOS="645"/>
<String CONTENT="[229]-233." HEIGHT="50" WIDTH="250" VPOS="3832" HPOS="674"/>
</TextLine>
<TextLine HEIGHT="54" WIDTH="1998" VPOS="3900" HPOS="127">
<String CONTENT="&#169;" HEIGHT="53" WIDTH="52" VPOS="3901" HPOS="127"/>
<SP HEIGHT="53" WIDTH="36" VPOS="3901" HPOS="180"/>
<String CONTENT="Aug." HEIGHT="47" WIDTH="121" VPOS="3906" HPOS="217"/>
<SP HEIGHT="41" WIDTH="35" VPOS="3905" HPOS="339"/>
<String CONTENT="10," HEIGHT="47" WIDTH="70" VPOS="3904" HPOS="375"/>
<SP HEIGHT="46" WIDTH="36" VPOS="3905" HPOS="446"/>
<String CONTENT="1929;" HEIGHT="47" WIDTH="140" VPOS="3904" HPOS="483"/>
<SP HEIGHT="46" WIDTH="39" VPOS="3905" HPOS="624"/>
<String CONTENT="2c." HEIGHT="40" WIDTH="67" VPOS="3905" HPOS="664"/>
<SP HEIGHT="41" WIDTH="38" VPOS="3904" HPOS="732"/>
<String CONTENT="Aug." HEIGHT="48" WIDTH="120" VPOS="3904" HPOS="771"/>
<SP HEIGHT="41" WIDTH="36" VPOS="3903" HPOS="892"/>
<String CONTENT="10;" HEIGHT="46" WIDTH="82" VPOS="3902" HPOS="929"/>
<SP HEIGHT="36" WIDTH="39" VPOS="3912" HPOS="1012"/>
<String CONTENT="aff." HEIGHT="42" WIDTH="83" VPOS="3901" HPOS="1052"/>
<SP HEIGHT="42" WIDTH="39" VPOS="3901" HPOS="1136"/>
<String CONTENT="Aug." HEIGHT="48" WIDTH="120" VPOS="3901" HPOS="1176"/>
<SP HEIGHT="38" WIDTH="36" VPOS="3902" HPOS="1297"/>
<String CONTENT="12;" HEIGHT="48" WIDTH="83" VPOS="3901" HPOS="1334"/>
<SP HEIGHT="48" WIDTH="38" VPOS="3901" HPOS="1418"/>
<!-- cceid A209B2C1-6CFA-1014-9C3C-CEA95E7AA542 --><String CONTENT="A" HEIGHT="40" WIDTH="42" VPOS="3901" HPOS="1457"/>
<SP HEIGHT="40" WIDTH="35" VPOS="3901" HPOS="1500"/>
<String CONTENT="10696;" HEIGHT="49" WIDTH="170" VPOS="3900" HPOS="1536"/>
<SP HEIGHT="46" WIDTH="40" VPOS="3903" HPOS="1707"/>
<String CONTENT="University" HEIGHT="47" WIDTH="286" VPOS="3901" HPOS="1748"/>
<SP HEIGHT="37" WIDTH="37" VPOS="3911" HPOS="2035"/>
<String CONTENT="of" HEIGHT="41" WIDTH="52" VPOS="3901" HPOS="2073"/>
</TextLine>
<TextLine HEIGHT="52" WIDTH="953" VPOS="3957" HPOS="193">
<String CONTENT="North" HEIGHT="40" WIDTH="157" VPOS="3962" HPOS="193"/>
<SP HEIGHT="41" WIDTH="31" VPOS="3961" HPOS="351"/>
<String CONTENT="Carolina" HEIGHT="41" WIDTH="227" VPOS="3961" HPOS="383"/>
<SP HEIGHT="38" WIDTH="30" VPOS="3971" HPOS="611"/>
<String CONTENT="press." HEIGHT="38" WIDTH="151" VPOS="3971" HPOS="642"/>
<SP HEIGHT="48" WIDTH="69" VPOS="3960" HPOS="794"/>
<String CONTENT="(29-17106)" HEIGHT="51" WIDTH="282" VPOS="3957" HPOS="864"/>
</TextLine>
</TextBlock>
</PrintSpace>
</Page>
</Layout>
</alto>