2542 4389
1069 4039 99 49 821

115 383 302 64 Garrison,
448 383 219 63 Sidney
698 383 296 66 Clarence,
1028 386 171 53 1887-

180 460 121 52 The
329 459 352 69 psychology
707 460 64 52 of
799 461 346 54 elementary
1172 461 190 53 school
1391 460 262 67 subjects,
1680 461 75 68 by
1785 460 55 54 S.
1873 460 61 54 C.
112 460 1973 131 Garrison

363 537 1739 69 … and K. C. Garrison … Richmond, New York [etc.]
108 614 1191 70 Johnson publishing company [ ᶜ1 929]
110 697 1980 103 xx p., 1 l., 569 p. 1 illus., diagrs. 20 ᶜᵐ. (Half-title: Johnson education series)
183 808 246 41 “Selected
460 809 271 40 references”
791 812 51 37 at
870 811 91 38 end
991 810 52 40 of
1071 811 118 39 each
1217 810 215 47 chapter.

115 861 51 52 ©
200 866 114 47 May
343 865 69 47 25,
446 864 113 41 1929;
620 865 67 40 2c.
720 867 93 37 and
845 866 82 40 aff.
960 868 113 46 May
1103 867 82 45 28;
1219 867 39 38 A
1290 866 140 47 9350;
1467 867 217 38 Johnson
1716 867 106 47 pub.
1857 878 81 35 co.,
182 867 1912 96 Richmond.
412 921 280 49 (29-12157)

114 1015 319 65 Ginsburg,
469 1016 286 55 Bernard.

179 1094 176 53 Notes
383 1113 70 34 on
482 1112 121 35 new
632 1112 142 50 poor
801 1095 200 52 debtor
1029 1096 108 50 law
1165 1096 59 51 in
1255 1095 461 69 Massachusetts,
1746 1096 72 67 by
1851 1098 256 50 Bernard

110 1171 1535 71 Ginsburg, LL . B. Boston, E. W. Hildreth, 1929.
179 1253 572 49 3 p. l., 220 p. 23 ½ᶜᵐ .
116 1307 52 53 ©
192 1312 114 48 Apr.
331 1313 68 45 17,
427 1311 140 47 1929;
593 1312 69 39 2c.
689 1313 114 45 May
828 1312 25 37 8;
908 1311 82 41 aff.
1017 1313 112 46 May
1154 1312 26 39 9;
1234 1313 41 38 A
1299 1312 114 40 9006;
1472 1314 194 46 Eugene
1691 1314 71 39 W.
1789 1313 244 40 Hildreth.

192 1369 282 49 (29-12184)

114 1462 204 65 Gould,
350 1463 271 54 Eleanor.

188 1541 439 67 [Introduction,
649 1541 75 68 by
749 1541 252 52 Eleanor
1022 1540 191 55 Gould
1237 1541 60 52 in
1319 1541 96 52 the
1435 1541 148 53 book
1604 1542 254 66 entitled]
113 1542 1975 130 Adventures

112 1618 1976 147 of Lafayette, by E. Cecil. Chicago, A. Whitman & company [ ᶜ1 929]
184 1779 1742 51 254 p. incl. front. (port.) illus., plates. 22½ ᶜᵐ. [Just right book]
116 1832 51 52 ©
193 1838 114 46 May
330 1836 68 48 24,
423 1836 140 47 1929;
589 1837 67 40 2c.
681 1839 114 45 May
818 1837 56 40 27;
930 1837 82 40 aff.
1038 1839 114 45 May
1175 1837 54 40 31;
1285 1838 41 38 A
1348 1838 114 39 9377;
1516 1838 168 38 Albert
1709 1837 251 40 Whitman
1985 1839 36 38 &
2044 1848 67 30 co.

117 1946 228 64 Haden,
378 1946 233 52 Russell
643 1946 319 65 Landram,
1000 1951 171 50 1888-

182 2024 1868 70 Clinical laboratory methods, by Russell Landram Haden …
114 2103 138 52 with
295 2107 63 49 69
400 2102 381 54 illustrations
825 2104 112 51 and
980 2107 33 49 4
1053 2103 154 51 color
1249 2103 197 67 plates.
1523 2104 70 51 3d
1634 2104 84 51 ed.
1796 2103 82 55 St.
1921 2104 191 66 Louis,

112 2180 1049 69 The C. V . Mosby company, 1929.
181 2262 1367 49 317 p. illus., IV col. pl. (incl. front.) diagrs. 24 ᶜᵐ.
117 2316 1864 52 © May 20, 1929; 2c. May 27; aff. May 31; A 9408; C . V. Mosby co.
195 2377 281 49 (29-12290)

115 2471 325 65 Hamilton,
470 2472 191 52 David
692 2472 283 54 Osborne.

186 2548 1928 69 Pale warriors, a novel, by David Hamilton … New York,
116 2627 61 53 C.
210 2626 312 55 Scribner’s
549 2646 148 50 sons,
728 2631 150 49 1929.

184 2710 502 48 5 p. l., 3-332 p. 19½ ᶜᵐ.
119 2761 1993 53 © Mar. 1, 1929; 2c. Mar. 12; aff. Mar. 9; A 4837; Charles Scribner’s son.
116 2876 285 63 Hispanic
429 2876 228 64 society
684 2877 64 52 of
777 2877 294 54 America.

243 2971 162 51 Vergos
430 2954 58 52 in
516 2954 95 53 the
637 2953 294 54 collection
960 2953 65 54 of
1051 2954 95 52 the
1175 2953 283 68 Hispanic
1486 2953 210 69 society
1724 2952 64 53 of
1816 2953 291 53 America:

115 3031 88 51 six
228 3031 274 67 prophets
540 3031 371 69 (attributed)
985 3031 137 53 New
1153 3030 180 68 York,
1359 3030 243 53 Printed
1629 3030 75 69 by
1731 3031 167 52 order
1926 3030 64 53 of
2016 3031 94 53 the

116 3114 257 64 trustees,
407 3111 150 51 1928.

116 3188 1979 106 v, 29 p. illus., VI pl. 17ᶜᵐ. (Half-title: Hispanic notes & monographs; essays, studies, and brief
1111 3246 309 48 biographies
1457 3246 162 40 issued
1657 3246 61 47 by
1755 3247 82 39 the
1876 3245 235 49 Hispanic
117 3302 181 47 society
331 3302 53 40 of
414 3302 249 49 America)

190 3358 348 42 “References”
557 3370 9 29 :
597 3370 42 37 p.
667 3359 159 41 28-29.

119 3411 52 53 ©
197 3417 118 40 Nov.
341 3417 68 47 27,
436 3417 140 47 1928;
603 3417 69 40 2c.
698 3419 122 38 Mar.
848 3417 38 46 9,
915 3417 139 42 1929;
1086 3416 81 40 aff.
1196 3417 107 38 Mar.
1345 3416 52 46 8;
1427 3416 40 38 A
1493 3415 140 47 5701;
1664 3416 236 48 Hispanic
1929 3416 180 47 society

187 3473 51 40 of
264 3473 237 49 America,
529 3475 116 39 New
670 3475 145 40 York.
882 3473 279 50 (29-12170)

122 3566 205 64 Hoyle,
363 3567 155 53 John
554 3568 276 64 Thomas,
872 3570 170 54 1873-

191 3645 328 57 Versatility;
606 3649 94 51 the
741 3648 269 68 keystone
1054 3647 64 52 of
1161 3667 30 33 a
1235 3647 342 66 Pittsburgh
1620 3647 263 68 printing
1923 3648 190 58 house,

120 3723 171 69 being
314 3743 31 33 a
368 3725 150 53 little
539 3725 241 69 journey
803 3732 58 45 to
886 3727 94 51 the
1004 3727 163 51 home
1192 3725 63 53 of
1278 3725 95 52 the
1396 3725 255 52 Herbick
1674 3727 51 49 &
1749 3725 154 53 Held
122 3726 1965 143 printing

248 3821 279 50 company
553 3822 70 34 on
650 3803 94 53 the
772 3803 256 53 occasion
1056 3803 63 53 of
1144 3803 149 52 their
1319 3802 376 68 twenty-fifth
1725 3804 387 68 anniversary,

122 3879 1990 70 by John T. Hoyle … Pittsburgh, Printed by Herbick & Held
122 3956 798 72 printing company [ ᶜ1 928]
