2542 4389
1102 3986 100 50 949

137 341 311 70 [Salomon,
485 341 287 69 Gerhard]
814 347 171 52 1903-

127 419 1974 131 … Der schattenkönig; das leben Ludwigs XVII. von Frankreich
315 497 119 52 und
470 497 90 52 die
596 497 309 53 Schicksale
942 499 100 51 der
1080 497 223 53 familie
1338 497 644 68 Naundorff-Bourbon,
2020 499 105 51 mit

131 578 62 49 16
218 573 313 53 bildtafeln
557 575 119 51 und
705 577 30 49 6
764 573 336 55 faksimiles.
1162 575 259 69 Leipzig,
1451 575 397 68 Insel-verlag,
1880 578 150 50 1928.

197 655 1931 50 323, [1] p. incl. geneal. tables. front., pl., 14 port., 5 fold. facsim.
127 713 147 40 21 ½ ᶜᵐ .
198 781 231 41 Author’s
455 783 180 47 pseud.,
663 782 140 41 Hans
830 783 158 48 Roger
1017 784 177 47 Madol,
1224 785 52 38 at
1303 783 125 39 head
1456 783 52 39 of
1533 782 123 40 title.

201 839 235 41 Contains
470 839 343 47 reproduction
846 839 51 39 of
930 842 98 46 t.-p.
1064 840 51 40 of
1148 838 187 49 Abrégé
1369 840 58 39 de
1461 838 240 41 l’histoire
1734 839 83 40 des
1853 838 277 42 infortunes

129 895 849 49 du Dauphin … Londres, 1836.
202 951 612 41 “Literaturverzeichnis”
832 963 10 29 :
876 963 43 37 p.
951 951 218 42 302-306.

135 1020 1836 52 © Nov. 24, 1928; 1c. Mar. 20, 1929; A— Foreign 2515; Insel-verlag.
215 1079 282 51 (29-13789)

135 1203 205 63 Sayre,
375 1202 246 54 Francis
653 1203 226 64 Bowes,
916 1208 170 50 1885-

202 1280 56 52 A
298 1280 267 53 selection
607 1279 64 53 of
712 1298 152 34 cases
904 1297 72 35 on
1018 1280 96 53 the
1154 1280 110 52 law
1304 1279 64 53 of
1409 1280 328 68 admiralty,
1778 1279 76 69 by
1895 1280 240 52 Francis

133 1356 2003 72 Bowes Sayre … Rochester, N. Y., The Lawyers co-operative
134 1435 337 71 publishing
500 1453 297 52 company,
831 1438 150 51 1929.

273 1518 617 50 xv, 884 p. diagrs. 26 ᶜᵐ .
139 1586 51 53 ©
221 1591 128 40 June
375 1590 69 47 15,
471 1589 115 40 1929;
642 1589 69 40 2c.
740 1589 127 40 June
894 1589 83 46 21;
1008 1587 84 42 aff.
1121 1588 127 40 June
1275 1588 82 47 22;
1389 1588 41 40 A
1458 1588 142 48 8855;
1632 1589 52 40 F.
1713 1589 55 40 B.
1800 1588 165 49 Sayre,
209 1589 1905 106 Cambridge,
418 1647 147 39 Mass.
630 1644 281 50 (29-13541)

139 1771 185 63 Scott,
359 1771 202 62 Harry
594 1768 357 65 Alexander,
989 1774 170 49 1894-

209 1848 312 54 Personnel
551 1849 174 67 study
756 1847 65 53 of
851 1847 276 53 directors
1159 1846 64 54 of
1254 1847 261 69 physical
1547 1847 299 54 education
1881 1847 95 54 for
2009 1867 124 33 men

143 1924 1932 72 in colleges and universities, by Harry Alexander Scott …
142 2005 137 53 New
316 2004 165 53 York
518 2004 133 69 city,
688 2003 280 53 Teachers
1005 2003 229 69 college,
1272 2001 300 55 Columbia
1610 2002 337 70 university,
1987 2006 149 50 1929.

210 2083 1927 51 3 p. l., 90 p. incl. tables, diagrs., form. 23½ ᶜᵐ . (Teachers college,
142 2143 252 41 Columbia
434 2141 287 49 university.
790 2141 369 41 Contributions
1201 2141 48 40 to
1290 2140 273 48 education,
1603 2150 76 30 no.
1719 2139 111 49 339)

213 2214 264 40 Published
505 2214 103 39 also
636 2223 54 30 as
721 2212 152 41 thesis
911 2212 15 48 (PH.
1101 2211 14 46 D.)
1154 2211 251 41 Columbia
1436 2211 285 47 university.

214 2270 147 41 “This
403 2268 348 49 investigation
794 2279 101 29 was
939 2268 263 48 sponsored
1245 2268 60 46 by
1351 2268 82 39 the
1478 2266 190 48 Society
1711 2267 52 40 of
1807 2267 237 41 directors
2089 2268 50 40 of

145 2327 217 47 physical
393 2326 258 41 education
683 2325 50 40 in
764 2324 311 49 colleges.”—
1078 2335 43 37 p.
1153 2325 41 40 1.

146 2393 51 53 ©
233 2399 122 39 Mar.
389 2399 70 46 17,
491 2397 142 46 1929;
668 2397 69 39 2c.
770 2396 130 40 June
931 2395 52 47 5;
1020 2395 83 41 aff.
1138 2395 127 41 June
1298 2395 82 46 11;
1416 2394 41 40 A
1491 2393 141 48 8624;
1667 2394 242 40 Teachers
1943 2393 194 50 college,

215 2454 250 41 Columbia
495 2453 130 41 univ.
691 2451 280 51 (29-13517)

147 2579 195 62 Sears,
376 2576 246 55 Charles
655 2576 218 64 Hatch,
911 2577 170 54 1870-

212 2655 122 52 The
375 2654 262 53 crowded
678 2671 172 51 ways,
889 2653 76 68 by
1008 2651 237 55 Charles
1285 2651 193 53 Hatch
1524 2650 181 55 Sears.
1782 2651 139 51 New
1964 2649 179 62 York,

145 2732 239 55 Council
409 2731 65 53 of
498 2749 216 35 women
741 2730 94 54 for
857 2731 165 52 home
1045 2729 262 53 missions
1333 2729 112 52 and
1471 2728 347 67 Missionary
1843 2729 297 51 education

143 2812 554 65 movement [ ᶜ1 929]
214 2892 721 49 xii, 193 p. diagrs. 19½ ᶜᵐ .
219 2963 76 39 “It
333 2962 42 40 is
416 2963 81 39 the
536 2971 207 39 purpose
782 2961 53 40 of
873 2960 99 40 this
1011 2961 146 46 study
1196 2961 48 38 to
1284 2959 236 47 interpret
1560 2959 80 39 the
1679 2957 97 47 city
1816 2957 47 39 in
1906 2961 149 35 terms
2094 2959 50 37 of

147 3017 683 50 personality.”—Foreword.

219 3074 68 40 “A
314 3074 129 41 brief
469 3074 202 48 reading
698 3072 113 42 list”
831 3084 9 28 :
872 3084 43 37 p.
947 3072 249 50 [190]-193.

153 3141 52 52 ©
237 3146 114 47 May
382 3144 69 48 14,
484 3144 141 47 1929;
658 3144 69 40 2c.
760 3145 96 38 and
889 3142 83 42 aff.
1004 3143 128 39 June
1162 3141 84 46 20;
1280 3141 41 38 A
1412 3139 55 41 8805;
1531 3139 198 41 Council
1762 3141 52 40 of
1847 3151 185 30 women
2064 3142 79 40 for

220 3202 140 40 home
383 3201 227 41 missions
632 3202 96 39 and
754 3201 296 46 Missionary
1073 3198 258 41 education
1354 3199 286 39 movement.

231 3258 282 49 (29-13552)

151 3364 493 64 Selwyn-Brown,
678 3365 252 53 Arthur.

223 3443 122 52 The
378 3443 299 69 physician
711 3442 354 69 throughout
1098 3441 98 52 the
1229 3457 158 51 ages;
1426 3457 31 33 a
1492 3439 198 53 record
1721 3438 66 54 of
1819 3439 97 53 the
1949 3439 198 52 doctor

154 3519 153 53 from
339 3521 96 52 the
470 3521 223 53 earliest
727 3520 298 53 historical
1058 3515 600 71 period—embracing
1693 3535 32 33 a
1761 3516 230 68 general
154 3534 1971 132 survey
288 3598 64 53 of
379 3598 97 53 the

502 3598 251 68 practice
781 3597 64 53 of
873 3595 448 55 medicine—the
1348 3594 173 53 social
1548 3593 223 68 history
1799 3593 65 53 of
1894 3593 98 53 the
153 3594 1969 134 doctor—with

488 3675 242 53 medical
759 3675 351 67 chronology
1140 3673 113 52 and
1282 3671 366 69 biographies
1680 3670 65 54 of
1774 3670 374 69 outstanding

157 3745 1992 77 physicians. v. 2 … by Arthur Selwyn-Brown … assisted by
155 3825 1969 150 distinguished medical specialists … New York, N. Y., Capehart-Brown co., inc., 1928.
