2542 4389
1107 4049 100 49 845

145 368 295 65 Renwick,
470 371 137 53 Mrs.
639 369 186 53 Helen
863 370 341 65 (Goodwin)
1244 376 171 49 1845-

214 447 285 54 Heaven’s
532 467 125 34 own
688 449 228 69 mosaic,
949 451 113 52 and
1095 450 161 53 other
1289 467 209 51 poems,
1529 450 76 68 by
1636 449 187 53 Helen
1856 448 281 55 Goodwin

144 526 287 54 Renwick.
506 527 110 53 Los
647 526 267 70 Angeles,
948 527 194 68 Calif.,
1173 529 121 51 The
1325 527 426 53 Times-mirror
1781 546 174 50 press,
1987 530 149 50 1929.

211 605 726 51 95 p. front. (port.) 23 ᶜᵐ .
145 661 52 52 ©
223 664 115 49 Apr.
365 663 70 49 10,
462 663 118 41 1929;
632 665 69 39 2c.
729 666 113 47 May
869 665 27 40 7;
954 665 84 41 aff.
1065 667 114 46 May
1206 666 28 39 6;
1288 664 41 40 A
1357 665 117 40 9319;
1529 666 60 39 H.
1621 665 52 41 G.
1701 665 244 48 Renwick,
212 665 1907 104 Claremont,

387 721 145 41 Calif.
594 721 281 50 (29-12303)

147 787 271 64 Richarz,
451 786 280 66 Stephen,
768 789 171 54 1874-

278 865 1859 71 … The age of the human race in the light of geology, by
145 943 1971 147 Stephen Richarz, S. V. D. Washington, D. C., Catholic anthropological
462 1020 348 69 conference,
844 1024 150 50 1929.

214 1103 284 48 cover-title,
529 1113 42 38 p.
601 1103 188 40 99-115.
848 1103 129 41 illus.
1006 1104 133 47 (incl.
1169 1105 137 47 map)
1372 1104 147 40 25½ᶜᵐ.
1588 1103 356 49 (Publications
1976 1104 51 40 of
2059 1104 80 40 the

146 1159 1362 49 Catholic anthropological conference, vol. I , no. 2)
147 1212 1993 52 © Mar. 14, 1929; 1c. Apr. 25; 1c. May 17; aff. Mar. 15; A 9225; Catholic
214 1272 417 48 anthropological
657 1272 299 42 conference.
1021 1273 280 48 (29-12577)

146 1340 269 62 Roemer,
449 1339 239 64 Joseph,
726 1344 172 50 1884-

215 1415 268 69 Syllabus
518 1416 64 52 of
614 1434 31 35 a
679 1434 195 36 course
906 1416 60 53 in
1001 1417 504 53 extra-curricular
1538 1417 309 68 activities;
1886 1437 31 33 a
1952 1435 194 35 course

145 1493 94 54 for
275 1495 270 66 teachers,
584 1494 335 70 principals,
958 1495 112 53 and
1109 1496 189 52 others
1336 1496 306 52 interested
1679 1496 61 52 in
1776 1496 99 52 the
1909 1495 133 53 field
2080 1495 65 53 of

143 1571 2002 70 extra-curricular activities, by Joseph Roemer … and Charles
144 1649 1976 148 Forrest Allen … Richmond, New York [etc.] Johnson publishing
390 1731 510 65 company [ ᶜ19 29]
216 1794 1865 66 xiii p., 1 l., 120 p. 19½ᶜᵐ. (Half-title: Johnson’s education series)
217 1869 101 39 The
352 1867 185 41 outline
568 1867 233 48 parallels
835 1868 81 39 the
951 1869 130 38 table
1114 1868 51 39 of
1197 1869 222 39 contents
1452 1868 53 40 of
1534 1870 82 38 the
1647 1868 218 40 authors’
1900 1869 246 48 Readings

146 1924 49 40 in
226 1923 436 41 extra-curricular
692 1923 259 47 activities,
984 1923 257 49 published
1272 1923 128 42 1929.

409 1979 638 31 “List of referenecs”: p. xi-x iii.
150 2033 52 52 ©
229 2037 114 47 May
368 2037 70 47 27,
463 2036 139 47 1929;
631 2037 68 39 2c.
727 2037 95 39 and
848 2035 83 41 aff.
959 2037 114 46 May
1098 2035 83 42 29;
1212 2036 39 38 A
1306 2035 113 46 8408;
1450 2036 217 40 Johnson
1693 2036 110 48 pub.
1829 2047 69 30 co.

227 2093 282 49 (29-12509)

150 2160 170 61 Roof,
358 2159 334 53 Katharine
728 2159 264 54 Metcalf.

225 2239 232 55 Colonel
500 2239 261 53 William
804 2239 189 54 Smith
1037 2240 113 52 and
1192 2240 163 67 lady;
1401 2239 96 53 the
1539 2258 258 34 romance
1840 2239 64 54 of
152 2238 1969 149 Washington’s

427 2318 127 52 aide
579 2318 112 52 and
715 2336 194 51 young
935 2316 236 69 Abigail
1198 2316 236 69 Adams,
1458 2318 75 68 by
1558 2316 322 54 Katharine
1905 2316 243 54 Metcalf

151 2393 1644 71 Roof … Boston, Houghton Mifflin company, 1929.
219 2477 97 48 xiv,
353 2477 87 41 347
476 2487 44 38 p.
593 2476 165 48 front.,
796 2477 171 47 plates,
1006 2477 165 47 ports.,
1209 2475 217 43 facsims.
1486 2477 146 41 23½ᶜᵐ.

153 2531 52 52 ©
230 2535 126 42 June
379 2536 40 46 1,
444 2534 113 41 1929;
611 2534 69 40 2c.
706 2535 126 39 June
857 2533 26 40 5;
938 2534 84 40 aff.
1047 2534 126 40 June
1198 2534 25 39 3;
1278 2534 42 39 A
1344 2533 113 40 9483;
1513 2534 59 41 K.
1600 2535 60 39 M.
1688 2534 141 48 Roof,
1857 2535 117 39 New
2000 2535 144 39 York.

230 2591 281 49 (29-12431)

152 2658 315 64 Rushmer,
501 2658 278 55 Clarence
813 2659 261 63 Eugene.

222 2738 165 69 High
438 2739 188 52 school
679 2737 248 69 algebra.
1004 2738 157 53 First
1211 2756 209 34 course.
1497 2739 88 65 By
1636 2737 62 54 C.
1750 2738 68 53 E.
1868 2736 281 54 Rushmer

215 2813 1932 69 … and C. J. Dence … New York, Cincinnati [etc.] American
153 2894 684 69 book company [ ᶜ19 29 ]
221 2974 740 50 416 p. illus., diagrs. 19 ᶜᵐ .
154 3028 52 52 ©
238 3032 126 40 June
394 3032 38 48 5,
464 3031 117 41 1929;
636 3033 68 39 2c.
735 3033 96 39 and
862 3031 84 41 aff.
976 3032 126 40 June
1134 3034 52 44 7;
1219 3031 42 39 A
1291 3031 141 47 9544;
1465 3030 147 40 Amer.
1655 3031 124 39 book
1810 3042 67 29 co.
1958 3026 52 52 [©
2041 3041 107 30 new

222 3091 194 47 matter]
489 3088 281 50 (29-12590)

155 3153 210 64 Russo,
399 3154 220 64 Joseph
652 3154 198 64 Louis,
887 3160 172 50 1884-

286 3231 1802 70 … Elementary Italian grammar, by Joseph Louis Russo …
158 3311 138 53 New
329 3312 84 52 ed.
489 3313 234 66 Boston,
754 3312 140 52 New
926 3311 163 53 York
1145 3317 119 60 [etc.]
1299 3311 71 53 D.
1407 3310 61 54 C.
1500 3311 195 51 Heath
1727 3311 113 52 and
1871 3327 281 51 company

268 3390 85 64 [ ᶜ19 29]
224 3467 1923 50 xiii, 342 p. front., illus. (incl. ports.) maps. 19 ᶜᵐ . (Heath’s modern
155 3525 239 48 language
427 3525 175 48 series)

159 3578 52 52 ©
235 3583 115 47 May
372 3584 69 46 27,
466 3583 113 40 1929;
633 3583 67 41 2c.
726 3584 95 39 and
846 3583 82 41 aff.
954 3585 114 45 May
1090 3583 55 39 31;
1200 3582 39 38 A
1265 3581 115 41 9370;
1435 3583 58 39 D.
1518 3581 49 41 C.
1594 3582 162 40 Heath
1783 3583 36 39 &
1842 3593 69 29 co.

236 3638 280 50 (29-12521)

159 3704 86 54 St.
281 3704 179 54 Louis
495 3706 246 53 medical
777 3706 243 64 society.

232 3785 268 53 Trudeau
529 3786 126 52 club
686 3804 272 50 program
988 3786 93 52 for
1113 3784 82 56 St.
1224 3785 174 53 Louis
1427 3785 240 52 medical
1696 3785 228 68 society,
1952 3783 203 53 March

163 3861 1961 132 5, 1929 … [St. Louis] Advisory medical staff of the Tuberculosis
321 3942 112 52 and
459 3942 194 52 health
679 3942 211 68 society
917 3941 65 53 of
1011 3941 82 54 St.
1120 3940 174 53 Louis
1400 3943 99 49 [ᶜ1929
1505 3973 12 33 ]
