2547 4384
1301 3956 132 51 1110

443 390 463 50 viii, 9-287 p. 20 ᶜᵐ.
381 459 51 52 ©
463 463 127 40 June
619 463 68 48 19,
718 463 141 47 1929;
891 464 67 40 2c.
990 463 96 40 and
1116 462 83 41 aff.
1229 463 116 46 July
1376 461 82 46 19;
1492 461 40 39 A
1562 460 170 48 10294;
1767 461 174 48 Gospel
1975 463 214 46 trumpet
2221 473 67 29 co.

457 518 282 50 (29-15233)

376 616 172 63 Rose,
577 615 268 53 Bernard
874 614 423 54 Rosenblueth.

449 695 121 52 The
603 695 432 53 Northwestern
1068 712 155 34 more
1258 693 339 69 completely
1630 692 342 68 unmasked;
2010 711 73 35 an
377 692 1976 135 arraignment
567 773 64 54 of
664 773 97 54 the

795 773 432 53 Northwestern
1259 772 222 52 mutual
1518 770 106 55 life
1658 771 299 54 insurance
1993 789 282 53 company
2311 769 65 56 of

377 851 342 54 Milwaukee
763 853 113 52 and
918 870 32 34 a
992 852 245 52 demand
1280 850 92 53 for
1415 850 359 68 reparations
1816 852 113 52 and
1971 849 236 70 reform,
379 867 1971 132 prepared
603 931 93 52 for
739 931 96 52 the
880 929 281 54 attention
1205 929 64 53 of
1310 929 96 52 the
1447 929 299 53 insurance
1790 928 338 55 authorities
2172 929 65 53 of
2280 929 97 55 the

378 1015 240 63 country
649 1010 114 52 and
794 1008 93 53 for
915 1008 96 52 the
1039 1007 107 54 life
1175 1008 298 52 insurance
1502 1007 182 53 world
1713 1008 77 69 by
1818 1008 262 53 Bernard
2109 1007 69 55 R.
2209 1008 164 54 Rose.

376 1086 1438 69 New York, Vechten Waring company [ ᶜ19 29]
441 1165 531 51 2 p. l., 7-112 p. 24 ᶜᵐ.
379 1236 51 52 ©
463 1240 116 46 July
610 1240 40 47 1,
682 1238 116 40 1929;
857 1238 68 41 2c.
957 1238 96 39 and
1084 1236 83 41 aff.
1200 1237 116 47 July
1349 1236 56 41 10;
1465 1237 41 38 A
1539 1236 142 41 10305;
1745 1238 54 39 B.
1832 1238 54 39 R.
1923 1238 137 47 Rose,
2096 1237 275 49 Montclair,

444 1297 56 40 N.
530 1296 44 40 J.
644 1294 281 50 (29-15276)

375 1390 289 64 Roselius,
696 1390 205 54 Ernst.

510 1467 1866 70 … Der könig reist, tagebuch von der Südamerikafahrt des
378 1545 1936 70 zaren Ferdinand von Bulgarien, dez. 1927-april 1928 …
377 1624 546 70 München/Berlin,
954 1625 139 52 Drei
1125 1624 227 53 masken
1387 1625 198 68 verlag
1615 1644 48 34 a.
1692 1643 72 50 g.,
1795 1628 151 51 1929.

441 1705 1245 50 5 p. l., 3-205 p. incl. front. (port.) illus. 23 ᶜᵐ.
377 1762 1993 51 © Jan. 1, 1929; 1c. Mar. 20; A —Foreign 2555; Drei masken verlag, a. g.
453 1821 282 49 (29-15226)

375 1916 430 63 Rosenberger,
836 1915 168 53 Jesse
1032 1914 289 65 Leonard,
1352 1920 172 49 1860-

437 1994 73 52 In
549 1991 708 69 Pennsylvania-German
1296 1993 155 67 land,
1495 1996 257 65 1928-29,
1791 1992 76 70 by
1907 1994 158 54 Jesse
2107 1994 265 54 Leonard

368 2070 2003 71 Rosenberger … Chicago, Ill., The University of Chicago
365 2169 157 49 press
558 2152 173 65 [1929]

438 2230 858 50 xiii, 90, [1] p. front., illus. 21 ᶜᵐ.
443 2288 147 40 “This
629 2288 109 39 first
776 2287 198 47 edition,
1015 2287 194 48 printed
1250 2298 59 29 on
1351 2289 286 46 permanent
1678 2288 177 48 all-rag
1895 2298 162 38 paper,
2098 2288 44 41 is
2184 2288 186 42 limited

369 2347 48 38 to
446 2345 91 40 five
565 2345 222 39 hundred
816 2342 398 51 copies.”—Pref.

440 2403 101 39 The
582 2401 166 49 region
790 2401 250 40 described
1082 2400 263 49 comprises
1386 2401 184 47 mainly
1613 2402 82 40 the
1736 2401 219 41 counties
1997 2402 54 41 of
2091 2403 282 47 Lancaster,

369 2459 144 47 York,
543 2459 170 47 Berks,
746 2459 96 39 and
871 2459 336 47 Montgomery
1237 2458 95 40 and
1364 2468 131 30 some
1527 2457 218 49 portions
1776 2458 52 40 of
1859 2459 163 40 Bucks
2054 2460 95 40 and
2184 2461 184 39 several

369 2516 140 41 other
543 2514 232 48 counties,
813 2514 211 41 without
1056 2515 285 47 completely
1377 2514 228 47 covering
1640 2525 95 36 any
1770 2517 193 45 county.

426 2573 102 39 The
561 2573 98 39 last
694 2572 204 47 chapter
932 2571 223 40 contains
1192 2581 28 30 a
1258 2571 127 40 brief
1422 2572 204 40 account
1663 2571 52 41 of
1753 2572 81 40 the
1872 2572 219 40 author’s
2127 2573 241 40 maternal

368 2629 497 48 great-grandfather,
895 2628 239 40 Matthias
1163 2628 143 40 Heim
1334 2627 52 41 of
1413 2627 260 49 Freeburg,
1703 2628 85 41 Pa.

373 2683 1994 53 © June 25, 1929; 2c. and aff. July 24; A 10358: University of Chicago.
451 2743 282 49 (29-15292)

371 2839 190 63 Ryan,
593 2838 165 53 Alice
788 2838 58 54 S.

435 2913 115 54 Art
588 2914 64 52 of
691 2914 184 69 finger
916 2915 256 69 waving;
1219 2914 400 54 fundamental
1660 2916 211 52 lessons
1914 2915 95 53 for
2047 2915 321 70 beginners,

366 2993 118 52 also
513 2993 291 52 advanced
835 2993 342 53 instruction
1208 2993 114 53 and
1351 3012 123 34 new
1505 2994 172 68 styles
1710 2993 93 53 for
1833 2992 429 70 professionals,
2292 2995 76 68 by

366 3068 1999 73 Alice S. Ryan … New York, N. Y., Alice S. Ryan co., 1929.
438 3151 434 49 64 p. illus. 19½ ᶜᵐ.
374 3205 51 52 ©
457 3210 115 46 July
602 3210 68 46 15,
701 3209 141 47 1929;
874 3209 68 41 2c.
972 3210 115 47 July
1118 3211 81 45 17;
1232 3209 82 41 aff.
1346 3210 116 47 July
1492 3210 82 47 18;
1607 3211 41 38 A
1678 3210 170 47 11278;
1881 3211 133 40 Alice
2049 3211 44 41 S.
2126 3211 141 46 Ryan
2298 3221 67 31 co.

453 3265 281 49 (29-15124)

374 3357 288 65 Schmidt,
694 3359 248 54 Charles
971 3361 324 63 Christian,
1330 3366 171 50 1859-

438 3435 293 69 Teaching
782 3437 114 52 and
946 3437 264 70 learning
1260 3439 97 52 the
1408 3456 256 35 common
1715 3439 292 67 branches,
2057 3439 77 69 by
2188 3439 61 53 C.
2305 3440 62 53 C.

371 3511 1998 74 Schmidt … New York, London, D. Appleton and company
480 3591 85 66 [ᶜ19 29]
439 3671 99 47 xix,
581 3672 85 40 418
708 3683 44 37 p.
812 3673 143 42 illus..
999 3675 180 46 diagrs.
1239 3674 57 40 19½ᶜᵐ.
1454 3675 300 49 (Half-title:
1810 3676 241 48 Appleton
2108 3676 151 40 series
2316 3677 50 40 in

368 3728 180 48 special
577 3729 236 48 methods,
843 3731 72 39 ed.
944 3731 62 47 by
1034 3731 122 40 Paul
1186 3730 242 49 Klapper)

439 3784 353 49 Bibliography
820 3788 52 38 at
904 3788 91 39 end
1027 3787 53 41 of
1110 3788 120 40 each
1262 3788 215 48 chapter.

375 3838 51 52 ©
458 3842 116 47 July
603 3842 69 41 12,
704 3842 142 48 1929;
879 3844 65 39 2c.
978 3845 96 39 and
1104 3844 82 41 aff.
1219 3845 115 47 July
1364 3844 81 41 16:
1479 3844 41 39 A
1552 3845 169 47 11263;
1756 3846 56 39 D.
1843 3845 240 49 Appleton
2115 3845 35 41 &
2183 3856 66 29 co.

452 3897 282 50 (29-15108)
