2533 4342
1350 4002 134 50 1638

472 433 51 40 xi
552 443 57 38 p.,
637 434 25 38 1
723 463 10 17 l.,
762 432 85 40 167
872 443 44 37 p.
975 431 151 41 front.
1296 463 8 8 20ᶜᵐ.

474 490 377 48 Bibliography:
881 499 44 38 p.
954 488 220 42 153-158.

408 543 52 53 ©
490 547 102 41 Oct.
618 549 40 46 2,
686 547 142 41 1929:
858 548 68 39 2c.
956 546 104 41 Oct.
1087 548 54 45 1;
1173 544 83 42 aff.
1285 545 104 41 Oct.
1416 546 54 46 4;
1500 545 43 39 A
1570 544 172 47 13879;
1775 545 198 47 Harper
1998 544 38 40 &
2063 545 125 39 bros.

485 602 280 51 (29-20893)

400 685 523 63 Panter-Downes,
950 683 216 55 Mollie.

478 762 196 55 Storm
698 762 146 52 bird.
914 761 394 67 [Instalments
1336 763 188 64 16-21]

484 845 85 48 (In
602 840 204 44 London
840 839 148 53 Daily
1025 839 208 51 mirror)

408 897 1985 108 © 1c. each Oct. 23, 1929; A ad int. 13220: pubd. Aug. 26-31; Clare Robinson, London.
406 1037 166 67 Paul,
600 1037 180 54 Elliot
805 1038 73 55 H.

476 1118 139 52 Low
649 1136 109 34 run
790 1117 119 53 tide
942 1119 116 52 and
1090 1117 159 53 Lava
1281 1117 137 53 rock
1471 1117 94 68 [by]
1605 1116 185 51 Elliot
1821 1116 165 52 Paul.
2062 1115 139 53 New
2237 1114 180 67 York,

406 1197 77 52 H.
511 1196 322 69 Liveright,
859 1196 128 66 inc.,
1017 1198 151 50 1929.

473 1273 658 52 5 p. l ., [9]-311 p. 19½ᶜᵐ.
409 1329 52 53 ©
491 1334 103 41 Oct.
620 1334 40 47 5,
689 1333 142 47 1929;
860 1334 68 39 2c.
958 1332 104 42 Oct.
1090 1334 81 41 11;
1202 1332 83 42 aff.
1317 1332 102 41 Oct.
1448 1332 52 46 9;
1532 1333 41 38 A
1600 1331 173 47 14108;
1805 1332 194 40 Horace
2025 1331 266 48 Liveright,
2323 1331 90 40 inc.

485 1390 282 49 (29-20891)

406 1469 188 66 Perri,
626 1470 347 64 Francesco,
1007 1474 172 51 1885-

541 1546 1878 73 … Enough of dreams, by Francesco Perri, translated with
407 1648 74 33 an
519 1628 393 53 introduction
950 1628 76 69 by
1068 1627 237 55 Charles
1347 1628 113 53 and
1501 1627 282 68 Marjorie
1823 1628 159 52 Tutt.
2056 1626 140 54 New
2237 1624 182 69 York,

407 1705 359 70 Brentano’s,
796 1708 150 51 1929.

472 1786 66 48 ix,
570 1787 71 50 [1],
669 1786 87 41 284
783 1796 44 39 p.
887 1785 149 42 19½ᶜᵐ.

410 1840 52 52 ©
491 1844 103 41 Oct.
623 1841 38 47 5,
691 1843 114 40 1929;
862 1844 68 41 2c.
959 1844 95 39 and
1085 1843 82 41 aff.
1196 1843 102 40 Oct.
1329 1843 51 47 S;
1411 1843 43 39 A
1481 1843 173 47 12838;
1685 1843 305 48 Brentano’s,
2019 1843 92 40 inc.

486 1899 281 50 (29-20888)

407 1982 135 64 Poe,
572 1981 203 64 Edgar
803 1980 195 66 Allan,
1028 1986 327 50 1809-1849.

545 2058 1876 73 … Doings of Gotham, by Edgar Allan Poe, as described
415 2138 58 54 in
508 2158 31 34 a
576 2140 170 53 series
782 2139 64 54 of
881 2139 196 54 letters
1114 2146 59 47 to
1207 2140 96 52 the
1339 2139 214 54 editors
1589 2138 66 54 of
1689 2140 96 53 the
1823 2138 303 55 Columbia
2162 2155 135 51 spy;
410 2143 1987 144 together
637 2218 140 52 with
806 2218 231 52 various
1065 2217 268 52 editorial
1362 2222 310 49 comments
1701 2218 113 52 and
1843 2215 302 55 criticisms
2171 2217 75 69 by
2274 2218 144 64 Poe;

413 2296 118 53 also
557 2314 31 34 a
614 2314 165 50 poem
805 2296 237 52 entitled
1072 2294 171 53 “New
1273 2294 198 55 Year’s
1500 2296 235 53 address
1761 2295 64 54 of
1849 2296 97 53 the
1970 2294 241 54 carriers
2237 2295 63 53 of
2327 2294 94 53 the

412 2374 301 55 Columbia
751 2372 157 70 spy”.
985 2373 145 52 Now
1168 2372 125 55 first
1331 2374 270 53 collected
1638 2374 76 70 by
1752 2374 182 54 Jacob
1971 2374 68 51 E.
2080 2371 337 70 Spannuth;

416 2453 137 52 with
585 2471 31 34 a
648 2452 249 69 preface,
929 2451 394 53 introduction
1355 2452 114 53 and
1501 2458 310 47 comments
1842 2452 76 69 by
1949 2452 250 53 Thomas
2230 2450 191 55 Ollive

410 2531 280 54 Mabbott.
767 2531 165 52 Potts
938 2529 153 70 ville,
1118 2530 120 67 Pa.,
1263 2530 57 53 J.
1351 2529 66 52 E.
1449 2528 328 71 Spannuth,
1808 2532 151 51 1929.

473 2612 100 47 xxi,
607 2610 176 41 23-126
816 2620 43 39 p.
919 2609 118 42 31ᶜᵐ.

474 2669 65 38 At
573 2668 124 39 head
735 2667 50 40 of
820 2666 136 41 title:
994 2665 137 41 Poe’s
1166 2665 358 41 contributions
1561 2669 48 37 to
1646 2667 82 40 the
1765 2666 252 41 Columbia
2054 2676 102 38 spy.

477 2723 183 41 “Seven
688 2724 224 38 hundred
940 2723 97 39 and
1064 2722 269 47 forty-nine
1359 2722 265 41 numbered
1650 2722 162 48 copies
1838 2722 52 41 of
1917 2723 184 48 Doings
2129 2723 52 40 of
2209 2724 211 39 Gotham

405 2781 122 39 have
557 2780 118 39 been
705 2779 195 48 printed
928 2778 130 41 from
1088 2781 113 46 type
1231 2778 159 41 which
1420 2779 89 39 has
1539 2780 119 39 been
1689 2779 311 40 distributed.
2059 2780 241 39 Numbers
2330 2790 89 31 one

405 2843 49 33 to
483 2836 255 47 thirty-six
766 2845 85 30 are
879 2836 135 47 large
1044 2844 149 39 paper
1223 2834 160 49 copies
1413 2835 168 48 signed
1612 2836 61 47 by
1702 2836 83 39 the
1812 2836 160 40 editor
1999 2837 97 39 and
2123 2836 295 48 publisher.”

404 2892 119 40 This
551 2902 121 38 copy
699 2892 42 39 is
770 2892 168 47 signed
966 2892 89 39 but
1083 2893 83 38 not
1194 2891 280 40 numbered.

413 2944 52 53 ©
497 2948 102 41 Oct.
628 2949 40 47 3,
699 2948 117 39 1929;
873 2948 66 40 2c.
970 2949 98 38 and
1097 2947 83 42 aff.
1211 2947 103 41 Oct.
1343 2948 54 47 4;
1429 2948 43 39 A
1500 2947 173 48 13897;
1707 2948 151 40 Jacob
1890 2950 53 38 E.
1976 2948 271 49 Spannuth.

490 3004 280 50 (29-20829)

410 3070 193 65 Poole,
634 3069 318 54 Frederick
981 3070 253 64 Arthur,
1266 3075 172 50 1908-

476 3147 215 53 Horses
724 3147 31 52 I
787 3147 145 52 have
963 3147 219 66 owned,
1211 3146 74 68 by
1318 3147 312 53 Frederick
1661 3148 227 52 Arthur
1919 3150 192 69 Poole,
2142 3149 71 68 jr.
407 3149 1988 145 Chicago,
593 3224 158 54 Priv.
784 3224 196 69 print.,
1015 3226 150 52 1929.

475 3308 58 41 35
561 3319 43 37 p.
632 3308 111 40 incl.
771 3308 165 48 front.,
963 3307 131 41 illus.
1150 3308 118 41 26ᶜᵐ.

479 3365 153 46 “Only
667 3364 296 48 twenty-five
997 3363 161 48 copies
1192 3364 52 40 of
1275 3364 98 40 this
1406 3365 124 39 book
1562 3365 125 39 have
1722 3366 117 39 been
1874 3366 207 48 printed,
2115 3367 81 39 for
2228 3367 191 47 private

407 3419 362 41 distribution.”

416 3472 53 52 ©
502 3477 128 47 Sept.
660 3477 40 47 2,
731 3476 141 46 1929;
905 3476 67 41 2c.
1006 3476 103 40 Oct.
1140 3476 29 41 8;
1227 3475 82 41 aff.
1342 3475 103 42 Oct.
1476 3476 52 47 9;
1563 3476 42 39 A
1632 3475 173 50 14030;
1840 3477 52 41 F.
1923 3479 55 40 A.
2010 3479 159 48 Poole,
2200 3479 76 47 jr.,
484 3479 1914 102 Chicago.
680 3532 281 50 (29-20964)

407 3597 231 65 Powys,
668 3598 155 53 John
857 3599 262 63 Cowper,
1151 3599 173 54 1872-

485 3675 121 52 The
650 3676 270 68 meaning
965 3675 66 53 of
1074 3677 238 66 culture,
1356 3676 77 68 by
1478 3677 158 53 John
1685 3676 243 70 Cowper
1971 3678 224 68 Powys.
2278 3677 142 55 New

417 3752 1412 70 York, W. W. Norton & company, inc. [ ᶜ1 929]
482 3834 64 48 \ix,
580 3834 87 40 275
699 3845 43 37 p.
804 3835 147 40 22½ᶜᵐ.

419 3885 52 53 ©
502 3890 129 48 Sept.
658 3890 70 48 26,
757 3890 141 46 1929;
929 3891 69 39 2c.
1029 3890 102 41 Oct.
1157 3892 54 46 4;
1243 3890 84 42 aff.
1357 3891 103 41 Oct.
1489 3892 53 47 3;
1575 3892 40 39 A
1643 3892 172 41 12778:
1848 3893 71 39 W.
1950 3893 73 40 W.
2051 3893 188 39 Norton
2268 3893 37 39 &
2335 3903 82 37 co.,

485 3946 92 40 inc.
648 3945 281 49 (29-20875)
