2512 4335
1122 4034 99 49 149

157 403 249 64 Strebel,
441 401 191 64 Ralph
666 400 337 65 Frederick,
1041 405 171 49 1894-

219 495 120 50 The
374 497 203 47 nature
612 492 113 52 and
760 491 270 68 meaning
1065 490 65 53 of
1164 488 284 69 teaching,
1486 489 75 67 by
1598 488 194 68 Ralph
1829 488 66 51 F.
1935 487 221 55 Strebel

150 565 1984 139 … and Grover C. Morehart … 1st ed. New York [etc.] McGraw-Hill
507 647 148 53 book
684 665 298 51 company,
1011 647 127 64 inc.,
1170 649 151 49 1929.

218 727 953 51 xix, 273 p. diagrs. 21 ᶜᵐ. $2.50
221 802 322 39 “References
578 800 80 39 for
690 800 199 39 further
927 798 174 48 study”
1141 802 51 37 at
1230 799 93 40 end
1359 798 51 40 of
1446 799 119 39 each
1601 799 217 46 chapter.

158 868 52 52 ©
243 873 110 40 Jan.
383 872 71 47 29,
488 871 113 40 1929;
664 872 68 39 2c.
765 872 97 38 and
895 870 83 41 aff.
1012 870 111 41 Jan.
1156 870 82 46 31;
1275 870 41 38 A
1347 868 144 48 4150;
1529 868 354 41 McGraw-Hill
1917 869 124 39 book
2075 878 82 37 co.,

224 928 91 41 inc.
382 928 253 48 (29-3519)

156 1052 329 53 Television.
573 1072 50 34 v.
655 1057 46 62 1,
727 1071 89 34 no.
849 1055 81 65 12,
959 1052 154 67 Feb.,
1145 1054 150 50 1929.

158 1144 2001 53 © 1c. Feb. 20, 1929; A ad int. 12353; pubd. Jan. 25; Television press,
224 1206 101 47 ltd.,
353 1205 213 40 London.

153 1313 218 64 Thorn,
401 1312 165 54 Alice
599 1312 212 64 Green,
845 1316 172 50 1890-

225 1402 1939 70 Music for young children, by Alice G. Thorn … New York,
158 1480 1239 71 Chicago [etc.] C. Scribner’s sons [ ᶜ1 929]
293 1562 1871 50 xv p., 2 l., 158 p. illus. (music) plates. 19½ ᶜᵐ. (Half-title: Series on
157 1620 259 41 childhood
442 1620 273 47 education,
742 1621 72 39 ed.
841 1621 61 46 by
927 1621 149 46 Patty
1106 1620 44 40 S.
1178 1620 130 47 Hill)

230 1690 351 48 Bibliography
627 1694 51 37 at
723 1692 92 39 end
862 1690 51 41 of
960 1701 131 30 some
1139 1690 51 40 of
1238 1691 82 40 the
1367 1691 228 48 chapters;
1675 1691 298 40 “Reference
2021 1690 113 41 list”:

158 1758 43 37 p.
231 1747 219 41 155-156.

160 1815 52 52 ©
247 1820 110 40 Jan.
389 1820 40 48 2,
464 1819 142 48 1929;
644 1818 66 41 2c.
746 1820 110 39 Jan.
891 1818 82 48 16;
1011 1818 83 42 aff.
1129 1819 112 40 Jan.
1276 1819 82 47 10;
1397 1820 41 38 A
1471 1819 143 48 3761;
1654 1819 204 42 Charles
1897 1820 267 41 Scribner’s

227 1885 126 31 sons.
419 1874 251 51 (29-3788)

152 1988 324 63 Thurman,
507 1986 273 65 Wallace,
815 1991 172 50 1902-

225 2083 121 51 The
386 2080 229 53 blacker
655 2081 95 52 the
791 2082 197 68 berry;
1034 2100 31 33 a
1105 2081 166 52 novel
1313 2080 63 54 of
1415 2098 177 52 negro
1633 2081 124 69 life,
1799 2082 73 70 by
1914 2082 254 54 Wallace

155 2161 313 52 Thurman.
544 2161 139 51 New
721 2160 181 68 York,
937 2161 122 51 The
1093 2160 308 69 Macaulay
1437 2178 300 54 company,
1774 2164 151 49 1929.

226 2241 545 49 6 p. l. , 9-262 p. 19½ ᶜᵐ.
162 2309 52 53 ©
242 2314 113 40 Feb.
382 2315 39 47 1,
450 2314 113 40 1929;
620 2313 69 41 2c.
718 2314 96 39 and
841 2312 84 42 aff.
954 2313 113 41 Feb.
1095 2313 26 41 8;
1179 2314 41 38 A
1248 2313 115 40 5181;
1423 2315 261 48 Macaulay
1714 2325 67 30 co.

239 2370 252 50 (29-3978)

157 2480 203 63 Trent,
393 2479 201 63 Lucia,
631 2479 171 55 1897-
1009 2480 84 52 ed.

230 2571 151 53 How
414 2577 58 47 to
507 2571 174 69 profit
714 2571 153 52 from
900 2571 127 53 that
1058 2572 243 67 impulse;
1366 2591 32 34 a
1431 2573 355 68 symposium
1815 2592 74 35 on
162 2584 1982 135 contemporary

409 2650 185 68 poetic
631 2650 249 68 practice
917 2650 113 52 and
1066 2669 73 34 on
1172 2650 95 53 the
1305 2651 247 53 creative
1587 2670 243 51 process,
1866 2653 191 54 edited
2091 2654 78 70 by

160 2727 2007 71 Lucia Trent, Ralph Cheyney [and] Benjamin Musser … New
159 2808 181 67 York,
369 2808 163 52 Dean
563 2809 46 50 &
638 2825 298 51 company,
970 2810 150 50 1928.

229 2891 55 40 63
314 2901 44 37 p.
417 2890 57 40 20½ᶜᵐ.

232 2961 146 40 “This
412 2960 107 40 first
553 2960 185 40 edition
772 2960 209 41 consists
1014 2961 52 40 of
1098 2961 87 40 200
1216 2962 265 40 numbered
1513 2963 204 48 copies.”
1779 2964 119 41 This
1932 2976 119 37 copy
2086 2971 83 36 not

159 3019 279 39 numbered.

167 3085 52 52 ©
248 3090 112 40 Dec.
388 3089 70 46 24,
489 3089 140 46 1928;
660 3089 67 39 2c.
758 3089 110 39 Jan.
896 3089 70 48 25,
997 3088 141 48 1929;
1170 3089 83 41 aff.
1284 3089 112 41 Feb.
1426 3090 53 47 2;
1510 3090 41 39 A
1579 3091 143 47 4178;
1755 3092 139 40 Dean
1923 3093 37 40 &
1988 3104 68 30 co.

244 3144 251 50 (29-3511)

161 3254 137 64 Uhl,
334 3254 189 54 Willis
554 3254 241 64 Lemon,
834 3260 171 50 1885-
1222 3258 84 52 ed.

231 3348 121 51 The
389 3346 356 68 supervision
783 3346 63 53 of
883 3347 313 69 secondary
1231 3347 265 69 subjects,
1534 3349 189 53 edited
1761 3349 77 70 by
1871 3351 195 54 Willis
2104 3352 66 52 L.

165 3423 2003 74 Uhl … Contributors, the editor and E. G. Blackstone, Ethel-
164 3501 1981 147 wyn Bradish, John R. Clark [and others] … New York, London,
323 3581 1064 70 D. Appleton and company [ ᶜ1 929]
230 3664 1940 53 xvi, 673 p. incl. 1 illus., diagr., forms, plates. 19½ ᶜᵐ. (Half-title:
165 3721 239 48 Appleton
427 3720 151 41 series
602 3720 49 40 in
677 3721 305 48 supervision
1009 3723 95 38 and
1130 3722 239 48 teaching,
1396 3724 72 41 ed.
1494 3724 60 47 by
1580 3724 54 41 A.
1664 3724 44 41 S.
1737 3725 126 39 Barr
1889 3727 96 39 and
2011 3727 73 40 W.
2109 3728 62 39 H.

163 3778 214 48 Burton)

235 3847 234 41 Contains
505 3848 393 49 bibliographies.

172 3914 52 52 ©
254 3918 112 40 Feb.
395 3919 39 47 1,
465 3919 141 43 1929;
639 3920 67 40 2c.
736 3921 96 39 and
862 3920 83 41 aff.
977 3921 111 40 Feb.
1119 3923 52 45 5;
1204 3922 39 38 A
1274 3921 142 47 4224;
1451 3922 57 41 D.
1539 3922 241 49 Appleton
1811 3924 35 40 &
1877 3935 67 30 co.

249 3974 251 48 (29-3749)
