2542 4389
1018 4025 133 55 1407

62 385 263 60 Watson,
359 384 138 53 Mrs.
532 382 126 51 Eva
688 382 308 63 Margaret
1038 378 307 67 (Watson)
1387 379 172 54 1847-

129 460 289 68 Glimpses
452 458 64 53 of
548 459 96 52 the
677 458 106 53 life
820 460 110 52 and
966 460 159 51 work
1158 457 65 53 of
1257 458 222 67 George
1512 457 258 68 Douglas
1803 459 258 65 Watson,

60 540 74 70 by
171 541 124 50 Eva
332 539 80 51 M.
448 539 257 52 Watson.
783 536 349 68 Cincinnati,
1172 536 87 56 O.,
1296 535 145 54 Pub.
1480 534 94 53 for
1609 535 96 51 the
1742 535 207 51 author
1985 534 75 69 by

60 617 174 55 God’s
267 615 167 54 Bible
468 615 190 52 school
693 615 113 51 and
843 614 296 53 revivalist
1178 617 191 65 [ᶜ1929]

131 698 85 40 169
245 709 43 37 p.
347 697 137 41 front.
526 695 172 49 (port.)
768 696 145 42 19½ᶜᵐ.

66 765 52 52 ©
147 770 114 47 Apr.
291 769 68 47 20,
390 768 116 40 1929;
560 767 68 40 2c.
660 768 129 47 Sept.
818 767 53 47 9;
904 767 81 41 aff.
1020 768 127 47 Sept.
1179 769 52 44 7;
1263 768 41 38 A
1333 766 145 39 12220;
1539 767 52 39 E.
1625 767 61 38 M.
1717 766 218 46 Watson,
1967 765 93 39 Los

134 826 219 48 Angeles.
422 824 281 49 (29-19214)

66 917 636 65 Wheeler-Nicholson,
733 917 290 64 Malcolm,
1056 923 171 50 1890-

134 998 122 53 The
288 999 184 52 corral
506 997 63 53 of
601 997 189 56 death,
821 998 76 68 by
930 998 267 52 Malcolm
1232 995 619 54 Wheeler-Nicholson.
67 995 1975 135 Boston
194 1077 111 53 and
335 1076 140 52 New
505 1075 178 68 York,
710 1075 320 68 Houghton
1057 1073 205 55 Mifflin
1290 1093 299 50 company,
1620 1076 149 51 1929.

130 1156 534 50 3 p. l., 238 p. 19½ᶜᵐ.
68 1225 51 51 ©
151 1229 127 47 Sept.
306 1227 70 49 20,
405 1227 114 41 1929;
575 1227 67 41 2c.
671 1229 96 38 and
795 1227 81 40 aff.
910 1228 129 47 Sept.
1067 1228 55 39 23;
1180 1228 41 38 A
1248 1227 143 40 13523;
1451 1229 62 39 M.
1542 1226 521 48 Wheeler-Nicholson,

137 1286 117 39 New
280 1285 145 39 York.
490 1284 281 49 (29-19254)

66 1380 306 64 Williams,
401 1379 317 53 Lawrence
746 1380 56 54 S.

133 1457 188 53 Robin
368 1457 112 53 and
526 1457 147 53 Jean
722 1457 58 52 in
829 1458 292 68 England,
1166 1457 75 70 by
1286 1457 306 53 Lawrence
1639 1455 57 56 S.
1742 1456 320 67 Williams;

63 1535 290 69 drawings
378 1535 76 68 by
483 1533 111 57 Sue
619 1535 267 69 Runyon.
950 1535 139 52 New
1116 1534 182 68 York,
1326 1534 329 55 Cincinnati
1691 1538 139 63 [etc.]
63 1533 1978 132 American

215 1612 148 54 book
388 1631 282 50 company
705 1616 193 64 [ᶜ1929]

136 1693 1117 50 2 p. l., ix-xiv, 242 p. front., illus. 19ᶜᵐ.
72 1763 51 52 ©
161 1768 127 47 Sept.
323 1768 27 39 6,
398 1767 117 40 1929;
574 1767 66 40 2c.
678 1767 128 48 Sept.
842 1766 80 41 10;
960 1766 82 40 aff.
1081 1767 128 47 Sept.
1252 1767 74 45 11;
1363 1766 40 39 A
1444 1767 129 38 13241;
1648 1767 158 39 Amer.
1843 1767 121 39 book
2000 1779 67 27 со.
148 1823 280 47 (29-19309)

68 1922 120 50 The
220 1918 237 54 world’s
486 1922 116 52 best
638 1922 153 52 short
829 1920 200 52 stories
1063 1921 62 51 of
1167 1923 126 49 1929;
1357 1921 212 51 sixteen
1606 1920 200 54 stories
1835 1920 239 53 selected

137 1998 1912 131 by the editors of leading American magazines … with a foreword
331 2078 75 68 by
444 2078 141 51 Paul
629 2077 245 51 Palmer.
952 2077 136 50 New
1128 2077 178 53 York.
1347 2077 246 59 Minton,
1630 2077 176 52 Baleh
1845 2079 44 49 &
138 2095 1912 128 company,
342 2157 149 50 1929.

140 2236 100 46 viii,
272 2235 88 40 302
391 2247 43 37 p.
495 2234 115 42 20ᶜᵐ.

75 2304 50 52 ©
156 2307 119 47 Aug.
305 2308 69 47 23,
405 2308 140 42 1929;
577 2309 67 40 2c.
679 2310 128 46 Sept.
838 2308 83 47 10;
953 2308 81 40 aff.
1068 2308 128 48 Sept.
1229 2309 53 38 14;
1343 2308 39 39 A
1414 2309 169 41 12305;
1617 2309 203 40 Minton.
1853 2310 150 39 Batch
2035 2309 37 39 &

142 2376 65 29 со.

74 2459 256 65 Wright,
361 2461 221 52 Harold
612 2460 144 63 Bell,
791 2461 171 54 1872-

140 2538 163 68 Long
329 2556 108 50 ago
462 2538 120 52 told
623 2537 320 68 (Huh-kew
972 2538 243 67 ah-kah)
1247 2539 233 68 legends
1506 2539 64 53 of
1591 2539 95 53 the
1712 2540 239 67 Papago
71 2539 1981 135 Indians,

289 2617 283 66 arranged
609 2615 76 69 by
722 2615 226 54 Harold
991 2617 125 51 Bell
1157 2617 236 67 Wright;
1461 2617 325 52 illustrated
1823 2617 76 68 by
1936 2617 140 53 Mrs.

72 2693 318 53 Katherine
422 2693 66 53 F.
522 2694 149 52 Kitt.
740 2694 259 58 London,
1032 2695 140 51 New
1206 2694 181 66 York,
1419 2695 72 51 D.
1525 2695 294 67 Appleton
1853 2697 47 49 &
74 2713 1979 125 company,
272 2774 151 50 1929.

143 2853 116 49 xvii,
293 2855 71 49 [1],
394 2854 100 48 289,
526 2856 54 48 [1]
613 2865 42 37 p.
713 2855 166 46 front.,
909 2854 129 40 illus.
1096 2854 147 41 21½ᶜᵐ.

144 2925 102 39 The
272 2925 197 47 legends
497 2935 125 30 were
649 2926 231 40 collected
909 2926 62 46 by
1000 2927 116 39 Mrs.
1145 2926 124 40 Kitt.
1326 2927 62 46 cf.
1418 2926 273 40 Foreword.

82 2990 50 52 ©
162 2995 120 48 Aug.
313 2995 69 48 23,
413 2995 140 47 1929;
585 2996 68 41 2c.
685 2997 95 38 and
813 2996 82 40 aff.
928 2997 118 47 Aug.
1078 2996 82 42 29;
1193 2997 40 38 A
1264 2995 171 47 11924;
1469 2997 57 39 D.
1558 2997 239 48 Appleton
1831 2998 35 39 &
1895 3008 68 29 со.
157 3051 281 49 (29-17845)

74 3147 280 64 Wrigley,
386 3148 130 63 Roy
546 3148 288 65 Fielding.

149 3225 234 55 Outline
420 3227 65 53 of
517 3228 95 53 the
648 3228 138 52 New
824 3228 164 52 York
1022 3229 111 51 law
1168 3229 63 51 of
1267 3232 301 55 contracts,
1605 3231 149 49 1929.
1831 3230 91 67 By
1956 3229 127 68 Roy

78 3303 2006 73 Fielding Wrigley … [Brooklyn, N. Y., F. Weidner printing
78 3384 43 49 &
150 3383 351 68 publishing,
529 3384 125 67 inc.,
686 3387 150 63 1929]

150 3463 57 39 34
238 3474 43 37 p.
342 3463 147 41 23½ᶜᵐ.

87 3514 50 52 ©
166 3519 127 40 June
317 3521 39 42 7,
383 3519 141 42 1929;
552 3521 68 39 2c.
648 3522 95 39 and
771 3521 81 41 aff.
881 3522 127 40 June
1034 3522 54 38 11;
1146 3521 40 39 A
1213 3521 142 47 8635;
1386 3522 95 47 Jay
1508 3522 94 40 Leo
1632 3522 301 44 Rothschild,
1963 3524 117 40 New

152 3576 144 40 York.

85 3669 128 63 Wu,
246 3670 320 66 Chao-chu,
600 3677 171 50 1886-

157 3750 1866 73 The Nationalist program for China, by Chao-Chu Wu …
88 3827 138 53 New
258 3828 225 56 Haven.
517 3830 144 52 Yale
693 3830 320 68 university
1047 3849 185 48 press;
1267 3831 259 55 London,
1559 3832 76 53 H.
1669 3832 268 56 Milford,

90 3830 1972 128 Oxford
252 3907 316 69 university
599 3926 174 49 press,
807 3911 150 51 1929.
