2542 4361
1077 3993 101 56 739

146 325 314 63 Chamson,
492 324 221 56 Andre.

210 405 121 51 The
377 405 158 67 road,
577 403 76 70 by
697 404 200 53 Andre
943 406 306 69 Chamson,
1294 406 317 54 translated
1657 406 75 71 by
1778 409 130 53 Van
1955 411 183 69 Wyck

142 481 236 70 Brooks,
423 480 140 54 with
608 499 30 34 a
685 481 287 56 foreword
1014 484 76 68 by
1135 484 210 51 Ernest
1389 485 183 67 Boyd.
1664 486 139 52 New
1849 487 181 71 York,
2073 490 63 54 C.

141 559 312 55 Scribner’s
484 576 145 53 sons,
664 562 151 51 1929.

206 639 832 50 xii p., 2 l., 3-245, [1] p. 19½ᶜᵐ.
141 693 55 52 ©
226 698 122 41 Mar.
377 698 70 47 22,
477 696 141 48 1929;
651 697 68 41 2c.
750 698 115 48 Apr.
893 698 85 47 26;
1011 697 84 42 aff.
1125 699 115 46 May
1270 697 82 48 10;
1385 698 42 39 A
1457 698 142 48 9151;
1634 699 202 42 Charles
1870 700 265 43 Scribner’s

209 763 127 31 sons.
402 752 280 50 (29-26491)

140 833 228 64 Clarke,
403 833 246 54 Charles
682 834 307 63 Cameron,
1024 836 84 53 ed.

267 911 1868 72 … [Introduction, notes, questionnaire and vocabulary] by
137 988 1999 69 Charles Cameron Clarke … [in the book entitled] … Petite
134 1066 1976 146 pluie, comedie en un acte … New York & London, The Century co. [ᶜ1929]
202 1226 65 48 ix,
297 1226 85 40 105
408 1237 44 37 p.
507 1225 147 41 19½ᶜᵐ.
721 1226 125 48 (The
875 1226 216 48 Century
1117 1228 200 39 modern
1344 1228 242 48 language
1613 1227 174 48 series)

202 1282 64 41 At
297 1282 126 40 head
455 1282 52 40 of
537 1282 136 41 title:
708 1282 263 41 Pailleron.

136 1333 52 53 ©
218 1339 115 47 May
359 1339 40 47 3,
429 1337 140 48 1929;
597 1338 71 40 2c.
697 1340 96 39 and
821 1338 84 41 aff.
935 1339 115 47 May
1078 1339 53 46 7;
1163 1338 42 39 A
1233 1338 141 48 6962;
1408 1339 216 48 Century
1652 1350 69 30 co.

134 1419 318 63 Conquest,
486 1417 168 55 Joan.

205 1495 269 70 Chastity
511 1515 66 33 <a
616 1496 200 52 drama
855 1494 66 55 of
957 1497 98 51 the
1093 1495 117 54 East>
1308 1496 77 69 by
1422 1496 152 54 Joan
1617 1495 300 70 Conquest.
1993 1499 139 52 New

131 1573 184 69 York,
345 1574 121 53 The
494 1574 308 69 Macaulay
832 1592 300 51 company,
1165 1577 150 50 1929.

202 1654 89 41 308
318 1666 43 36 p.
422 1655 116 44 20ᶜᵐ.

127 1705 60 55 ©
213 1712 116 48 Apr.
357 1711 70 48 11,
455 1711 141 49 1929;
627 1712 69 41 2c.
725 1713 96 39 and
851 1711 83 43 aff.
963 1712 115 49 Apr.
1108 1712 83 48 13;
1222 1712 43 40 A
1293 1712 140 47 6512;
1468 1713 259 48 Macaulay
1757 1723 67 31 co.

212 1767 280 49 (29-11017)

134 1848 245 64 Crosby,
419 1848 188 64 Percy
645 1848 136 55 Leo.

207 1926 245 71 Skippy,
483 1927 77 69 by
591 1929 183 68 Percy
810 1927 238 70 Crosby,
1081 1928 141 52 with
1257 1928 382 54 illustrations
1671 1929 77 69 by
1778 1929 95 53 the
1907 1931 221 52 author.

134 2006 139 53 New
305 2006 180 69 York,
514 2007 259 65 London,
805 2005 69 55 G.
906 2007 66 53 P.
1005 2006 298 54 Putnam’s
1334 2025 147 49 sons,
1514 2009 149 51 1929.

201 2096 42 37 V,
275 2085 89 41 335
392 2096 43 38 p.
494 2086 164 48 front.,
691 2087 26 39 1
750 2086 129 42 illus.
907 2086 203 49 (music)
1153 2087 172 48 plates.
1385 2086 146 41 19½ᶜᵐ.

206 2142 213 42 “Second
453 2143 219 49 printing
703 2143 167 41 before
904 2143 344 49 publication.”

131 2196 52 52 ©
214 2201 115 49 Apr.
359 2201 69 49 12,
460 2201 140 47 1929;
633 2202 67 40 2c.
731 2201 116 49 Apr.
878 2202 82 47 13;
994 2201 83 42 aff.
1108 2201 115 49 Apr.
1254 2201 83 47 18;
1371 2201 42 39 A
1443 2201 141 48 6619;
1619 2202 151 48 Percy
1802 2201 196 49 Crosby,
199 2203 1909 102 McLean,
373 2258 87 40 Va.
528 2257 252 50 (29-9372)

130 2336 260 65 Darwin,
424 2337 247 55 Charles
699 2337 243 66 Robert,
978 2342 325 50 1809-1882.

196 2417 121 53 The
345 2416 461 71 autobiography
833 2417 64 55 of
925 2418 238 54 Charles
1189 2415 269 69 Darwin;
1487 2416 171 70 being
1685 2414 445 58 “Recollections

126 2494 64 53 of
229 2496 96 52 the
363 2495 397 69 development
800 2496 65 54 of
904 2515 97 50 my
1039 2495 162 54 mind
1241 2497 112 52 and
1395 2494 327 54 character”
1760 2495 229 54 written
2033 2496 94 54 for

124 2572 2004 71 his children, included as chapter II in the “Life and letters of
127 2650 237 56 Charles
405 2652 276 54 Darwin”
722 2651 190 55 edited
954 2654 77 68 by
1072 2652 91 55 his
1205 2671 100 35 son
1350 2651 240 55 Francis
1632 2651 256 54 Darwin.
1961 2651 164 55 With

126 2730 1999 70 an introduction by Robert C. Whitford … New York, D.
124 2807 295 70 Appleton
449 2810 113 52 and
592 2827 298 52 company,
921 2811 150 50 1929.

193 2889 63 48 vi,
286 2889 57 41 64
371 2900 45 37 p.
475 2888 146 42 19½ᶜᵐ.

129 2941 52 53 ©
213 2946 114 49 Apr.
359 2946 69 49 15,
461 2946 140 48 1929;
633 2947 69 41 2c.
733 2946 114 49 Apr.
879 2947 82 46 17;
996 2946 84 41 aff.
1111 2946 115 49 Apr.
1258 2945 83 48 30;
1374 2946 42 39 A
1446 2945 142 47 7476;
1623 2946 57 40 D.
1712 2944 241 49 Appleton
1985 2944 36 41 &
2053 2955 67 31 co.

200 2998 69 55 [©
301 3002 347 50 introduction]
722 3002 251 49 (29-9870)

133 3082 255 69 [Davies,
420 3084 237 67 Ernest]
697 3084 172 55 1873-

192 3161 225 54 Middle
464 3161 270 70 distance,
779 3162 77 69 by
902 3161 200 56 Oliver
1149 3159 220 54 Martin
1440 3159 194 68 [pseud.]
1750 3160 258 66 London,
2055 3161 69 52 E.

124 3240 162 53 Benn
315 3239 225 54 limited
592 3244 153 64 [1929]

193 3322 99 48 285,
371 3342 11 30 [1]
414 3333 44 38 p.
517 3322 117 42 19ᶜᵐ.

127 3374 1992 53 © 1c. May 18, 1929; A ad int. 12687; pubd. Mar. 22; E. Davies, London.
205 3435 280 49 (29-12052)

126 3515 274 64 Dawson,
437 3515 200 54 Elmer
672 3516 71 55 A.

191 3594 192 70 Garry
416 3594 263 69 Grayson
710 3595 220 67 hitting
960 3596 96 52 the
1088 3594 143 66 line;
1267 3612 80 51 or,
1382 3591 238 70 Stanley
1652 3609 143 52 prep
1829 3612 72 35 on
1936 3612 31 33 a
1999 3609 124 37 new

120 3668 1998 74 gridiron, by Elmer A. Dawson … illustrated by Walter S.
120 3749 1487 70 Rogers. New York, Grosset & Dunlap [ ᶜ1 929]
191 3828 1641 52 2 p. l., 214 p. front. 19½ᶜᵐ. (His Garry Grayson stories)
127 3885 52 51 ©
206 3890 114 46 May
343 3889 69 46 10,
439 3889 112 39 1929;
607 3890 68 39 2c.
701 3890 96 38 and
823 3887 84 41 aff.
934 3890 114 45 May
1074 3888 82 45 13;
1185 3887 42 38 A
1252 3885 141 46 8085;
1423 3885 200 41 Grosset
1649 3887 37 38 &
1712 3887 209 48 Dunlap,
1948 3885 91 40 inc.

203 3943 280 49 (29-10963)
