2535 4403
1092 4078 103 50 485

148 420 237 64 Globus,
418 419 221 64 Joseph
674 418 197 64 Haim,
908 423 168 49 1884-

211 497 495 67 Neuroanatomy;
747 514 31 32 a
814 494 330 69 laboratory
1182 494 172 69 guide
1392 494 139 52 with
1569 499 124 47 text
1728 496 45 50 &
1812 497 65 49 80
1914 493 226 70 figures,

142 571 1997 72 by J. H. Globus … 4th ed., rev. and enl. New York, P. B.
140 652 245 65 Hoeber,
415 651 127 66 inc.,
574 653 150 48 1929.

212 729 1164 49 lxvi numb. l., 48 p. incl. illus., 64 pl. 27 ᶜᵐ .
212 786 1373 50 Text (48 p. 23 ᶜᵐ ) mounted on inside back cover.
211 845 165 40 Plates
406 844 267 41 loose-leaf.

215 901 183 41 Second
431 900 198 48 edition,
662 899 190 40 revised
887 900 96 39 and
1016 900 231 46 enlarged
1280 897 130 49 1925,
1444 897 258 49 published
1737 899 154 39 under
1927 898 110 40 title
2054 910 10 28 :
2101 899 42 40 A

142 959 282 46 laboratory
449 958 81 39 aid
554 956 80 40 for
661 957 82 40 the
767 956 147 47 study
940 956 52 39 of
1016 957 418 45 neuro-anatomy.

213 1016 9 15 ‘
241 1015 160 40 Books
426 1014 81 39 for
533 1012 277 41 reference”
830 1023 9 28 :
869 1012 250 47 foot-note,
1149 1022 45 38 p.
1222 1012 71 39 13.

143 1069 52 52 ©
224 1073 115 47 Apr.
365 1072 40 47 1,
434 1070 117 41 1929;
605 1071 68 40 2c.
702 1070 95 40 and
826 1069 83 41 aff.
938 1069 113 48 Apr.
1079 1070 54 46 3;
1165 1069 41 39 A
1234 1069 141 47 7213;
1408 1070 123 38 Paul
1560 1070 56 39 B.
1645 1069 206 42 Hoeber.
1883 1068 92 41 inc.

221 1127 252 50 (29-8879)

142 1209 270 64 Gnamm,
444 1208 284 54 Hellmut.

210 1288 111 51 Die
365 1285 280 54 fettstoffe
688 1287 60 50 in
792 1286 101 53 der
935 1285 456 53 lederindustrie.
1475 1284 313 69 Stuttgart,
1833 1284 310 69 Germany,

139 1363 571 56 Wissenschaftliche
775 1361 558 70 verlagsgesellschaft
1357 1382 73 33 m.
1458 1362 51 53 b.
1537 1362 74 68 h.,
1639 1365 150 50 1926.

210 1447 25 38 1
295 1478 9 8 v.
368 1445 409 49 (Monographien
800 1455 90 30 aus
916 1446 107 39 dem
1047 1442 189 50 gebiete
1261 1445 84 40 der
1371 1443 316 42 fett-chemie.
1742 1444 77 41 bd.
1904 1445 13 48 VI)

143 1498 1998 52 © Dec. 31, 1926; 1c. Jan. 25, 1928; A —Foreign 37047; Wissenschaftliche
241 1558 481 49 verlagsgesellschaft
747 1569 62 29 m.
836 1559 43 40 b.
907 1558 47 41 h.

210 1640 111 52 Die
342 1638 307 70 gerbstoffe
671 1639 118 52 und
815 1638 343 69 gerbmittel.
1221 1637 313 70 Stuttgart,
1560 1637 309 70 Germany,
140 1638 1980 132 Wissenschaftliche

549 1715 558 70 verlagsgesellschaft
1133 1735 73 33 m.
1235 1716 52 52 b.
1316 1716 74 67 h.,
1421 1719 151 50 1925.

210 1801 25 38 1
297 1832 9 9 v.
371 1799 220 49 (Chemie
617 1799 50 39 in
695 1799 537 47 einzeldarstellungen.
1369 1831 9 8 XII.
1405 1799 104 48 bd.)

142 1852 2000 52 © Dec. 31, 1925; 1c. Jan. 25, 1928; A —Foreign 37046; Wissenschaftliche
242 1912 482 49 verlagsgesellschaft
752 1924 62 29 m.
843 1913 43 40 b.
917 1912 46 41 h.

143 1992 240 63 Goazec,
413 1993 65 53 P.

209 2069 227 52 L’oncle
489 2068 477 69 Croquemitaine.
1053 2069 186 67 Paris,
1292 2069 269 53 Editions
140 2069 1983 145 Gautier-Languereau,
326 2147 150 53 1927.

209 2229 646 49 122 p., 3 l. illus. 22 ᶜᵐ .
144 2284 1998 114 © Nov. 15, 1927; 1c. Feb. 10, 1928; A —Foreign 37469; Éditions Gautier-Languereau.
144 2429 359 64 Goodspeed,
535 2430 202 64 Edgar
765 2430 285 63 Johnson,
1085 2432 169 53 1871-

215 2509 121 53 The
378 2509 337 69 University
756 2510 64 52 of
863 2509 252 69 Chicago
1156 2511 229 66 chapel;
1430 2530 31 33 a
1502 2511 191 68 guide,
1732 2512 76 69 by
1848 2511 201 69 Edgar
2087 2512 55 54 J.

145 2585 353 70 Goodspeed.
571 2587 271 70 Chicago,
875 2589 119 52 The
1027 2588 338 70 University
1398 2590 64 52 of
1496 2588 254 70 Chicago
1784 2608 175 49 press,
1993 2593 150 49 1928.

210 2668 1286 50 xi, 64, [2] p. front., illus. (plan) plates. 24 ᶜᵐ .
143 2720 52 52 ©
229 2725 102 41 Oct.
363 2725 70 48 26,
466 2725 117 41 1928;
640 2726 67 40 2c.
740 2727 94 39 and
869 2726 83 42 aff.
984 2727 113 47 Apr.
1130 2728 39 46 5,
1204 2727 140 46 1929;
1381 2729 39 37 A
1453 2728 141 45 7262;
1633 2728 248 40 University
1947 2729 54 39 of
211 2729 1911 101 Chicago.
411 2781 252 50 (29-8827)

142 2862 198 63 Hahn,
375 2861 343 65 Archibald,
756 2866 83 52 ed.

140 2941 1980 145 … How to sprint, the theory of sprint racing; being a compilation
435 3020 64 52 of
547 3021 96 52 the
693 3021 121 53 best
863 3022 258 53 methods
1173 3022 64 53 of
1285 3021 370 69 competition
1706 3025 113 52 and
1868 3023 276 70 training,

139 3097 1979 147 edited by Archie Hahn … with an instructive chapter on keeping
263 3176 96 52 the
385 3177 211 52 athlete
622 3175 80 70 fit,
727 3177 75 67 by
831 3176 234 56 Charles
1091 3178 205 52 Pelton
1323 3178 309 70 Hutchins,
1715 3222 10 9 M.
1789 3223 29 24 D.,
1844 3181 301 68 including

139 3252 124 54 first
310 3255 95 52 aid
452 3259 306 48 treatment
805 3256 113 52 and
964 3254 276 69 practical
1285 3256 287 67 questions
1620 3274 72 36 on
1738 3255 260 73 training

140 3277 1979 108 answered
391 3334 76 67 by
503 3333 103 53 Dr.
646 3333 306 53 Hutchins.
1029 3334 140 52 New
1209 3334 179 68 York,
1427 3333 308 55 American
1775 3341 188 63 sports
141 3336 1978 142 publishing

380 3412 504 66 company [ ᶜ1 929 ]
212 3490 1932 50 245 p. front. (port ) illus. 17 ᶜᵐ . (Spalding track and field series of
143 3547 202 40 athletic
372 3548 270 47 textbooks,
670 3559 76 30 no.
773 3548 155 47 500B)

213 3604 72 41 On
311 3615 140 30 cover
470 3616 8 27 :
516 3604 273 49 Spalding’s
815 3605 203 40 athletic
1043 3606 199 47 library,
1270 3617 76 29 no.
1373 3605 144 42 500B.

146 3656 52 52 ©
225 3661 114 48 Apr.
365 3661 40 48 2,
432 3661 114 40 1929;
602 3662 69 40 2c.
698 3663 95 38 and
821 3661 83 40 aff.
930 3663 115 47 Apr.
1071 3663 26 38 5;
1154 3663 41 38 A
1222 3662 116 40 7266;
1394 3663 146 38 Amer.
1582 3666 161 45 sports
1772 3664 109 47 pub.
1910 3674 69 30 co.

225 3717 252 49 (29-8945)

146 3797 356 64 Harbrecht,
530 3797 156 53 John
716 3798 220 63 James,
968 3804 170 49 1892-

215 3873 121 53 The
365 3875 96 67 lay
492 3876 315 66 apostolate;
872 3894 28 33 a
937 3876 173 52 social
1142 3877 208 52 ethical
1382 3877 172 69 study
1587 3877 64 53 of
1683 3878 198 67 parish
1917 3878 225 68 charity

147 3952 394 67 organization
584 3951 94 54 for
717 3953 158 68 large
918 3954 114 68 city
1073 3954 277 67 parishes,
1390 3954 76 70 by
1508 3956 137 52 Rev.
1689 3955 157 54 John
1888 3956 55 53 J.
1987 3955 153 53 Har-
