2542 4389
1033 4006 137 51 2115

161 445 87 40 168
273 455 43 38 p.
376 443 57 42 19½ᶜᵐ.

165 516 185 39 “These
379 524 217 30 sermons
630 524 125 30 were
791 512 244 40 delivered
1070 522 59 28 on
1164 510 272 41 successive
1474 509 195 47 Sunday
1705 509 231 47 evenings
1969 508 128 40 from

93 573 127 39 June
251 571 41 48 2,
327 572 50 39 to
412 570 206 42 October
650 569 69 41 13.
756 567 128 49 1929,
920 578 113 30 over
1070 567 128 40 WJZ
1233 567 96 39 and
1365 565 273 41 associated
1677 564 210 42 stations
1926 565 52 41 of
2013 565 84 41 the

92 628 233 40 National
357 625 346 48 broadcasting
734 622 620 50 company.”—Foreword.

97 692 1995 55 © Dec. 21, 1929; 2c. and aff. Dec. 30; A 16842; Fleming H. Revell co.
175 753 221 50 (30-9155)

94 875 288 63 Griming,
415 877 186 52 Irene.

166 954 111 52 Die
310 953 277 53 russische
622 952 328 52 öffentliche
982 951 274 69 meinung
1288 952 120 52 und
1442 952 125 52 ihre
1628 952 224 68 stellung
1884 968 69 34 zu
1987 951 109 52 den

96 1031 426 68 grossmächten
578 1029 327 57 1878-1894,
959 1047 108 33 von
1123 1028 169 53 Irene
1346 1027 286 70 Grüning.
1724 1029 202 52 Berlin
1979 1029 118 52 und

96 1108 367 69 Königsberg
491 1108 116 64 Pr.,
637 1106 616 68 Ost-Europa-verlag,
1285 1107 150 51 1929.

162 1185 1933 53 219 p. 23 ᶜᵐ. ( Added t.-p.: Osteuropäische forschungen … neue folge,
94 1247 76 39 bd.
200 1245 53 50 3)

97 1310 1882 53 © Jan. 15, 1929; 1c. July 3; A —Foreign 3924; Ost-Europa-verlag.
93 1437 297 63 Hagreen,
421 1435 212 64 Philip.

167 1515 242 67 Twenty
444 1531 210 51 poems,
689 1513 75 68 by
800 1513 201 68 Philip
1038 1513 289 69 Hagreen.
1402 1513 255 54 Lourdes
97 1513 1978 146 (Hautes-Pyrénées)
353 1591 236 67 France,
615 1590 202 68 Philip
844 1590 293 68 Hagreen,
1164 1592 152 52 1928.

164 1672 459 49 2 p. l., 25 p. 16½ ᶜᵐ.
99 1737 1997 55 © 1c. Jan. 5, 1929; A ad int. 12357: pubd. Dec. 30, 1928; P. Hagreen.
94 1863 248 64 Haight,
373 1863 170 52 Anne
572 1863 183 63 Lyon.

174 1940 1927 74 [Bibliographical note] by Anne Lyon Haight [ in the book
98 2019 256 65 entitled]
394 2019 201 51 Punch
631 2019 110 51 and
778 2018 178 67 Judy,
992 2019 140 52 with
1168 2019 406 70 twenty-eight
1608 2021 382 56 illustrations
2026 2023 74 69 by

98 2098 224 67 George
352 2095 384 67 Cruikshank,
768 2096 404 67 accompanied
1201 2096 74 69 by
1307 2098 97 52 the
1435 2097 266 70 dialogue
1733 2098 64 54 of
1827 2101 96 51 the
98 2119 1977 122 puppet-show;

451 2191 72 34 an
564 2179 236 46 account
844 2171 64 53 of
949 2174 75 52 its
1065 2173 209 69 origin,
1317 2174 114 53 and
1475 2173 64 55 of
1581 2177 415 69 puppet-plays
2040 2180 60 52 in

99 2251 272 69 England
399 2250 75 68 by
503 2250 156 53 John
688 2251 199 66 Payne
917 2249 232 69 Collier,
1178 2252 264 68 together
1471 2253 141 52 with
1643 2271 33 35 a
1707 2253 288 55 foreword
2025 2255 75 69 by

99 2327 1772 72 Tony Sarg … New York, Rimington & Hooper, 1929.
166 2409 1204 49 xviii. 148 p., 1 l. front., illus., plates. 21 ᶜᵐ.
101 2475 52 52 ©
185 2480 119 40 Nov.
335 2479 69 47 25,
439 2478 138 48 1929;
611 2479 68 39 2c.
714 2480 94 37 and
842 2478 82 40 aff.
959 2479 110 39 Dee.
1103 2478 83 48 30;
1222 2480 40 38 A
1295 2479 171 48 16834;
1503 2481 283 49 Rimington
1820 2487 37 41 &
1890 2485 207 49 Hooper.

95 2599 353 66 Higginson,
476 2599 337 53 Alexander
839 2601 225 64 Henry,
1095 2605 172 51 1876-

165 2681 221 53 Letters
416 2679 151 53 from
595 2699 70 33 an
695 2681 96 52 old
821 2686 326 62 sportsman
1174 2687 58 48 to
1262 2701 30 33 a
1323 2701 193 51 young
1545 2702 120 53 one,
1694 2685 75 71 by
1795 2687 73 54 A.
1897 2688 202 71 Henry

96 2759 348 69 Higginson,
471 2758 137 52 with
635 2778 31 33 a
694 2759 285 52 foreword
1008 2759 72 68 by
1109 2759 300 55 Redmond
1437 2760 63 55 C.
1529 2761 249 57 Stewart
1801 2767 115 53 and
95 2765 1982 125 illustrated
319 2838 73 67 by
430 2836 200 54 Lionel
668 2836 299 54 Edwards.
1044 2836 232 54 Garden
1315 2838 153 70 City,
1506 2840 70 54 N.
1616 2841 89 70 Y.,
1741 2842 361 75 Doubleday,

96 2915 198 51 Doran
322 2916 46 50 &
395 2932 298 52 company,
724 2915 125 69 inc.,
880 2916 149 54 1929.

164 2994 1852 55 xviii, 248, [1] p., 1 l. col. front., illus., plates (1 in pocket) 24ᶜᵐ.
163 3065 290 41 Illustrated
479 3064 363 49 lining-papers.

165 3122 148 40 “This
346 3122 123 40 book
506 3122 41 39 is
582 3124 74 38 set
693 3121 50 40 in
782 3121 303 41 Scotch-face
1123 3124 96 39 and
1256 3123 192 48 printed
1486 3137 61 29 on
1583 3127 231 42 Aurelian
1854 3141 149 39 paper
2040 3133 58 49 by

95 3181 57 39 D.
182 3180 54 40 B.
268 3178 204 48 Updike,
503 3178 81 40 the
614 3179 336 46 Merrymount
980 3189 150 37 press.
1161 3179 198 42 Boston.
1421 3181 133 41 First
1587 3184 252 47 published
1871 3197 58 31 on
97 3189 1986 87 October
210 3235 69 48 11,
313 3234 128 48 1929,
474 3234 50 40 in
555 3245 63 29 an
650 3233 184 41 edition
868 3234 52 40 of
952 3233 83 40 201
1070 3235 173 47 copies,
1277 3237 52 39 of
1365 3237 156 41 which
1559 3239 96 41 this
1690 3240 41 41 is
1764 3245 203 40 number
2001 3246 69 41 98."

97 3291 176 49 Signed
300 3292 63 47 by
391 3291 84 42 the
504 3291 192 40 author.

167 3346 1934 54 “The author … has … given to those who are interested … in cross
97 3403 1989 99 country racing as well as hunting, his … views on the subjects."—Foreword.
105 3527 52 53 ©
194 3532 101 40 Oct.
331 3532 68 40 28.
436 3529 140 47 1929;
612 3529 68 41 2c.
716 3530 96 38 and
848 3529 81 40 aff.
967 3530 111 40 Dec.
1114 3529 58 40 30;
1237 3532 40 38 A
1311 3531 171 49 16835;
1523 3534 299 53 Doubleday,
1865 3540 163 40 Doran
2064 3542 37 40 &

172 3599 81 37 co.,
285 3587 91 41 inc.
448 3585 220 50 (39-948)

98 3695 278 63 Jefferys,
405 3693 249 64 Ulysses
680 3694 250 62 Morgan
960 3693 209 66 Grant,
1201 3701 172 49 1864-

173 3773 119 52 The
333 3777 157 62 story
533 3769 63 53 of
635 3771 96 51 the
772 3770 138 52 Man
954 3768 64 54 of
1060 3772 95 52 the
1196 3790 149 50 ages,
1387 3776 282 68 compiled
1713 3782 114 52 and
1873 3784 229 55 written

99 3846 1978 150 by U. M. Grant Jefferys. Boston, The Christopher publishing house [ ᶜ19 29]
