2533 4342
1326 3988 135 51 1680

451 419 1933 50 xvii, 108 p. col. front., plates (1 col., 1 fold.) diagrs. 28 ᶜᵐ . (The
381 475 155 39 Johns
567 475 223 48 Hopkins
820 476 277 48 university
1126 476 189 39 studies
1344 475 51 40 in
1426 476 337 48 archaeology,
1794 487 75 30 no.
1901 476 52 48 6)

450 529 309 42 “Conducted
798 531 59 47 by
897 532 82 39 the
1019 530 155 41 Johns
1212 530 224 48 Hopkins
1475 531 274 48 university
1789 530 280 49 expedition
2107 532 155 39 under
2299 532 85 39 the

377 586 224 48 auspices
632 587 51 40 of
714 588 81 40 the
824 587 260 40 American
1116 587 163 40 school
1310 586 52 40 of
1393 586 224 41 classical
1650 587 188 40 studies
1870 589 52 38 at
1954 587 201 49 Athens,
2190 586 192 42 Greece.

378 642 230 42 Directed
632 645 98 39 and
754 644 163 40 edited
940 645 62 47 by
1027 643 162 41 David
1214 644 64 40 M.
1304 642 423 50 Robinson.”—pt.
1776 674 9 17 I,
1812 653 44 39 p.
1885 643 66 50 [ii]

448 697 1936 51 Part I published in part as thesis (PH. D.) Johns Hopkins university.
384 753 2002 53 © July 3, 1929; 2c. Sept. 30; aff. July 11; A 13772; Johns Hopkins
451 824 151 37 press.
673 813 280 49 (29-21489)

382 906 283 65 Johnsen,
695 907 160 54 Julia
884 907 47 52 E
1220 927 180 50 comp.

515 984 1875 72 … Thirteen-month calendar, compiled by Julia E. Johnsen.
384 1065 138 53 New
549 1064 180 69 York,
756 1065 123 53 The
904 1064 76 53 H.
1009 1064 91 55 W.
1127 1062 225 56 Wilson
1380 1082 300 51 company,
1709 1066 150 50 1929.

451 1144 1395 49 201 p. 20 ᶜᵐ . (The reference shelf, vol. VI , no. 4)
451 1202 350 48 Bibliography
819 1212 9 29 :
858 1212 44 37 p.
945 1201 178 49 [33]-46.

386 1255 1999 52 © Sept. 28, 1929; 2c. Oct. 2; aff. Oct. 9; A 12912; H. W. Wilson co., inc.
462 1315 281 49 (29-21385)

378 1395 285 65 Johnson,
691 1396 177 63 Mary
894 1395 257 65 Hooker,
1185 1398 172 52 1875-

452 1476 123 52 The
616 1476 145 52 dean
803 1476 59 51 in
902 1476 97 52 the
1040 1474 143 70 high
1224 1475 220 68 school;
1487 1493 32 34 a
1560 1477 201 52 record
1801 1476 64 52 of
1907 1474 330 69 experience
2278 1474 115 54 and

380 1552 1950 71 experiment in secondary schools, by Mary Hooker Johnson …
382 1630 1577 70 New York, Professional & technical press [ ᶜ1 929]
451 1709 1398 50 viii p., 5 l., 366 p. incl. illus., diagrs., forms. 22½ ᶜᵐ .
452 1767 249 40 “Selected
732 1766 230 48 reading”
981 1777 11 30 :
1023 1778 44 37 p.
1095 1766 220 42 341-354.

387 1820 1828 52 © June 19, 1929; 1c. Sept. 13; 1c. Oct. 7; aff. Sept. 13; A 12830;
454 1824 1917 97 Professional
717 1881 37 41 &
780 1880 241 41 technical
1049 1890 151 39 press.
1267 1880 282 48 (29-21499)

386 1961 306 65 Kennedy,
721 1962 229 54 Walter
977 1962 69 55 B.

459 2038 169 55 Cases
662 2058 73 33 on
767 2039 96 52 the
896 2040 112 51 law
1041 2038 66 53 of
1139 2040 265 67 personal
1438 2044 296 63 property,
1766 2040 77 68 by
1875 2038 225 56 Walter
2133 2040 67 52 B.
386 2038 1981 147 Kennedy

634 2115 1575 70 … pt. 1. 1929. New York city, The Law book
384 2134 1986 129 company,
604 2197 151 50 1929.

452 2276 485 48 vi, 275 p. 23½ ᶜᵐ .
391 2328 52 52 ©
478 2332 129 48 Sept.
638 2332 69 47 14,
739 2332 115 40 1929;
914 2332 67 40 2c.
1016 2332 94 39 and
1143 2332 83 40 aff.
1262 2332 128 47 Sept.
1421 2331 56 40 21;
1539 2332 41 39 A
1611 2332 146 41 12484;
1818 2332 118 40 Law
1967 2332 124 39 book
2123 2342 70 30 co.

468 2388 281 49 (29-21427)

387 2468 253 65 Künkel,
673 2467 183 56 Fritz.

459 2547 154 54 Let’s
642 2549 67 52 be
740 2548 224 51 normal
983 2546 12 53 !
1075 2548 123 52 The
1229 2548 392 68 psychologist
1656 2566 181 35 comes
1870 2553 60 49 to
1964 2548 89 54 his
2084 2566 205 49 senses,
2320 2546 75 70 by

385 2622 2012 73 Fritz Künkel, M . D.; translated by Eleanore Jensen. New
391 2703 180 69 York,
600 2703 46 52 I.
675 2702 349 69 Washburn,
1054 2705 150 51 1929.

455 2782 1061 50 xxviii p., 1 l., 31-299 p. diagrs. 21 ᶜᵐ .
456 2840 351 48 Bibliography
825 2850 9 30 :
864 2852 43 37 p.
935 2839 101 42 293.

393 2893 52 52 ©
484 2897 102 41 Oct.
623 2898 69 47 11,
729 2897 115 40 1929;
909 2898 67 40 2c.
1015 2898 96 39 and
1148 2897 83 41 aff.
1270 2897 102 41 Oct.
1409 2898 59 39 12;
1532 2898 40 39 A
1609 2897 147 41 12990;
1821 2899 110 40 Ives
1968 2898 292 48 Washburn,
2299 2898 92 41 inc.

469 2954 281 49 (29-21378)

386 3033 408 65 Lindworsky,
821 3033 323 64 Johannes,
1177 3037 171 52 1875-

453 3111 123 52 The
596 3110 261 70 training
880 3110 64 53 of
966 3112 97 52 the
1087 3111 138 67 will,
1247 3111 76 68 by
1345 3111 235 54 Johann
1605 3111 403 69 Lindworsky,
2065 3155 9 10 S.
2138 3155 9 10 J.;
383 3117 1983 124 translated

577 3189 77 69 by
691 3188 207 70 Arpad
940 3187 228 56 Steiner
1209 3189 114 52 and
1365 3188 257 53 Edward
1662 3188 72 53 A.
1775 3189 393 69 Fitzpatrick;
384 3189 1984 130 introduction

646 3266 1746 70 by Edward A. Fitzpatrick … Milwaukee, Wis., New
386 3343 1606 71 York [etc.] The Bruce publishing company [ ᶜ1 929]
456 3425 1925 50 226 p. 18½ ᶜᵐ . (Half-title: The Marquette monographs on education.
386 3491 75 31 no.
491 3481 52 48 4)

394 3535 52 52 ©
476 3539 129 48 Sept.
632 3540 69 46 30,
730 3538 114 42 1929;
899 3539 71 41 2c.
997 3541 97 39 and
1121 3539 83 41 aff.
1234 3539 103 41 Oct.
1365 3539 56 39 12;
1479 3539 41 39 A
1547 3539 146 41 12968;
1751 3540 157 40 Bruce
1937 3539 110 48 pub.
2077 3549 67 31 co.

471 3595 280 49 (29-21566)

387 3675 169 63 Lutz,
586 3674 209 53 Edwin
826 3675 247 64 George,
1107 3681 172 49 1868-

456 3751 288 53 Practical
775 3757 91 47 art
895 3753 300 68 lettering;
1229 3771 31 35 a
1291 3753 231 52 treatise
1552 3771 72 34 on
1655 3753 96 52 the
1782 3752 386 54 construction
2201 3751 64 54 of
2294 3753 100 52 the

386 3830 248 68 symbols
666 3828 64 54 of
758 3830 97 52 the
885 3830 290 70 alphabet,
1204 3831 77 68 by
1313 3831 67 51 E.
1413 3829 68 55 G.
1514 3830 165 52 Lutz.
1747 3829 139 53 New
1919 3829 182 69 York,
2131 3829 262 67 London,

387 3906 62 56 C.
481 3906 313 56 Scribner’s
823 3926 147 50 sons,
1002 3910 151 50 1929.
