2512 4377
1281 4000 101 49 540

403 433 85 39 312
521 443 43 37 p.
624 432 56 40 19½ᶜᵐ.

339 484 1995 52 © 1c. Jan. 11, 1929; A ad int. 12565; pubd. Jan. S; Doubleday, Doran &
404 556 82 38 co.,
515 545 105 49 inc.,
652 544 196 42 Garden
877 545 124 48 Oily,
1032 545 57 41 N.
1120 546 53 40 Y.
1240 543 282 51 (29-10006)

335 640 257 63 Pennell,
621 641 174 62 Mary
826 640 67 52 E.

405 718 122 51 The
554 717 304 52 children’s
886 736 127 33 own
1043 717 242 53 readers.
1351 717 263 66 Friends,
1642 735 31 33 a
1704 717 231 68 primer,
1962 718 76 67 by
2065 718 171 68 Mary
2264 716 69 53 E.

333 794 2004 69 Pennell … and Alice M. Cusack … illustrated by Marguerite
334 871 1898 70 Davis. Boston, New York [etc.] Ginn and company [ᶜ19 29]
402 954 574 48 146 p. col. illus. 19 ᶜᵐ.
335 1006 52 52 ©
420 1012 122 40 Mar.
574 1012 68 46 19,
675 1010 141 48 1929;
849 1011 68 40 2c.
949 1011 114 47 Apr.
1096 1010 51 47 8;
1183 1010 83 41 aff.
1298 1011 114 47 Apr.
1444 1011 54 46 6;
1533 1010 42 39 A
1606 1010 142 47 6897;
1784 1011 63 39 Μ.
1882 1011 52 39 E.
1967 1010 213 48 Pennell,
2214 1010 118 41 New

403 1068 144 46 York,
578 1069 95 38 and
705 1068 135 41 Alice
870 1068 62 40 M.
965 1068 202 47 Cusack,
1200 1068 195 39 Kansas
1429 1067 123 48 City,
1585 1069 93 39 Mo.

337 1163 426 62 Philadelphia.
836 1162 295 54 Chamber
1163 1163 63 51 of
1258 1178 344 38 commerce.

400 1240 429 68 Philadelphia,
875 1240 72 53 its
992 1240 435 67 contributions,
1472 1241 74 52 its
1592 1244 245 63 present,
1882 1240 73 53 its
2002 1238 212 70 future,
2257 1239 76 70 by

330 1318 1978 145 Thomas D. Richter. [Philadelphia] The Philadelphia chamber of commerce [ᶜ19 29]
400 1478 735 49 64 p. incl. front., illus. 19 ᶜᵐ.
399 1535 265 40 Published
694 1535 115 40 1924
841 1536 154 40 under
1026 1535 109 40 title:
1196 1534 356 49 Philadelphia,
1585 1537 110 46 past
1728 1534 374 49 achievements,
2135 1536 197 47 present

330 1595 251 44 greatness
611 1593 96 39 and
736 1592 172 40 future
936 1591 332 49 possibilities.

335 1644 52 52 ©
414 1650 123 38 Mar.
563 1648 71 49 28,
661 1648 140 47 1929;
831 1649 68 40 2c.
926 1649 97 39 and
1050 1648 83 41 aff.
1161 1649 115 47 Apr.
1303 1648 83 46 10;
1415 1648 43 39 A
1483 1649 117 40 7337;
1655 1648 342 48 Philadelphia
2026 1649 227 40 chamber
2283 1648 51 40 of

401 1714 277 32 commerce.
748 1704 252 52 (29-9414)

332 1800 330 64 Pourtalès,
693 1800 133 63 Guy
854 1801 89 64 de,
973 1809 178 46 comte
1158 1846 11 24 ,
1198 1806 171 49 1881-

329 1876 1979 149 … Louis II de Bavière; ou, Hamlet-roi, par Guy de Pourtalès … Paris, Gallimard, 1928.
329 2038 1987 104 2 p. l., [7]-251 p., 2 l. front (port.) 19 ᶜᵐ. (Vies des hommes illustres. n° 22)
333 2147 52 52 ©
416 2151 118 40 Nov.
564 2151 40 47 2,
637 2151 139 46 1928;
811 2152 65 39 1c.
909 2151 111 40 Dec.
1053 2151 53 40 17;
1166 2151 102 39 A—
1270 2150 207 48 Foreign
1510 2150 140 46 1613;
1686 2151 241 40 Librairie
1961 2151 286 41 Gallimard.

409 2207 252 49 (29-9447)

331 2303 222 52 Punch,
670 2349 10 10 v.
712 2303 115 59 176,
854 2323 90 34 no.
973 2303 155 64 4575,
1156 2304 145 52 Mar.
1335 2307 81 64 13,
1447 2307 148 49 1929.

331 2380 1997 53 © 1c. May 10, 1929; A ad int. 12658; pubd. Mar. 13; Herbert Heather,
399 2442 212 40 London.

328 2538 353 62 Remarque,
715 2536 179 53 Erich
928 2537 210 53 Maria.

325 2613 1982 147 … All quiet on the western front; translated from the German by A. W. Wheen. London, G. P. Putnam’s sons [1929]
398 2774 99 47 319,
530 2776 55 48 [1]
615 2785 43 37 p.
719 2774 55 40 19½ᶜᵐ.

331 2826 1996 52 © 1c. Apr. 19, 1929; A ad int. 12569; pubd. Apr. 15; Little, Brown, and
399 2898 247 38 company,
678 2888 198 39 Boston.
944 2887 282 49 (29-10005)

329 2984 245 62 Revere,
611 2983 165 63 Paul,
819 2985 325 53 1735-1818.

398 3063 148 51 Paul
575 3061 260 53 Revere’s
863 3080 127 33 own
1018 3066 159 63 story;
1238 3079 72 34 an
1339 3065 237 48 account
1604 3059 65 54 of
1695 3061 89 53 his
1813 3061 126 53 ride
1966 3080 60 35 as
2054 3062 124 53 told
2206 3062 60 52 in
2296 3080 32 35 a

329 3140 165 52 letter
523 3145 58 47 to
612 3158 31 33 a
675 3138 211 68 friend,
915 3140 261 68 together
1206 3139 140 52 with
1379 3157 31 33 a
1439 3137 155 54 brief
1620 3139 195 52 sketch
1847 3138 66 53 of
1943 3139 88 53 his
2063 3140 267 53 versatile

329 3236 205 48 career,
559 3217 281 68 compiled
864 3217 76 68 by
964 3217 243 52 Harriet
1230 3217 67 52 E.
1326 3216 267 54 O’Brien.
1662 3217 253 67 [Boston]
1946 3217 160 53 Priv.
2133 3218 195 67 print.,

327 3296 65 51 P.
422 3296 253 66 Walton,
707 3298 150 49 1929.

397 3376 1729 49 2 p. l., ix-xiv, 47 p. front. (port.) 1 illus., plates, facsims. 28½ ᶜᵐ.
394 3434 130 40 Title
554 3434 230 48 vignette.

398 3490 229 40 “Volume
654 3500 89 31 one
771 3490 53 41 of
851 3501 27 29 a
908 3490 150 41 series
1087 3490 53 40 of
1167 3500 112 30 rare
1306 3489 207 41 historic
1539 3491 97 40 and
1664 3491 206 47 literary
1899 3489 369 50 publications.”

399 3547 146 40 “This
572 3547 185 40 edition
783 3547 41 40 is
852 3547 189 40 limited
1070 3549 48 38 to
1147 3546 87 41 500
1260 3546 173 49 copies,
1462 3547 54 40 of
1541 3546 159 42 which
1729 3547 101 41 this
1857 3548 43 40 is
1927 3558 75 30 no.
2034 3547 70 42 a.”

397 3602 378 49 Bibliography:
810 3614 43 38 p.
884 3604 161 41 46-47.

665 3661 193 38 CONTENTS..—Paul
893 3660 226 41 Revere’s
1151 3671 107 30 own
1290 3660 315 47 story.—The
1637 3661 106 42 ride
1774 3672 56 29 as
1863 3661 186 40 related
2081 3662 62 46 by
328 3660 1980 96 Longfellow.—The
703 3716 219 41 versions
959 3717 53 40 of
1046 3717 186 40 Revere

1267 3718 96 39 and
1399 3717 301 48 Longfellow
1736 3718 501 47 compared.—Battle
2273 3717 53 41 of

329 3772 271 48 Lexington
625 3773 96 39 and
747 3773 119 48 fight
893 3776 53 37 at
972 3773 416 40 Concord.—Paul
1417 3774 198 48 Revere,
1644 3774 82 41 the
1752 3784 127 38 man,
1907 3775 85 40 the
2016 3774 184 49 patriot
2229 3774 94 40 and

329 3829 82 42 the
442 3828 204 41 artisan.

332 3880 52 52 ©
414 3885 113 47 Apr.
556 3886 39 41 8,
625 3885 118 40 1929;
795 3886 68 40 2c.
893 3889 95 39 and
1017 3887 83 40 aff.
1129 3887 114 47 Apr.
1273 3887 81 46 13;
1387 3887 40 38 A
1456 3886 140 47 6539;
1630 3888 151 47 Perry
1810 3888 210 40 Walton.

409 3941 251 48 (29-9413)
