2542 4389
1049 4003 98 53 973

79 364 286 64 Hispanic
393 364 227 63 society
647 365 64 51 of
739 365 295 55 America.

150 444 392 67 Manuscripts
567 444 61 51 in
655 444 95 52 the
778 444 220 69 library
1025 444 63 53 of
1115 445 96 52 the
1236 444 286 67 Hispanic
1549 445 210 68 society
1787 444 63 53 of
82 444 1972 130 America

252 520 1826 72 … edited by A. D. Savage … New York, Printed by order
81 600 64 52 of
173 601 95 50 the
298 606 256 60 trustees,
586 602 149 50 1928.

147 680 29 39 2
246 711 8 8 v.
319 679 137 39 front.
519 678 237 49 (facsim.)
830 679 146 40 16½ᶜᵐ.
1054 679 147 49 (Half
1204 680 149 40 -Wie:
1392 680 239 48 Hispanic
1668 682 137 38 notes
1845 681 36 39 &
79 691 1979 93 monographs;
324 745 181 37 essays,
543 735 199 48 studies,
780 737 96 38 and
912 736 128 40 brief
1075 736 309 48 biographies
1420 737 165 40 issued
1621 737 61 47 by
1719 737 82 41 the
1839 737 237 48 Hispanic

78 793 183 46 society
296 792 52 40 of
381 791 250 49 America)

425 867 131 30 CONTENTS.—[v.
591 847 40 50 2]
665 848 204 41 Alfonso
903 848 190 48 Garcia,
1125 849 230 40 widower
1385 849 53 40 of
1469 849 168 40 Elvira
1671 849 190 49 Garcia,
1897 849 181 41 Sevilla

79 906 27 40 9
145 905 279 48 September
461 905 139 46 1426;
641 905 303 48 manuscript
980 907 40 37 B
1056 907 165 48 1.—[v.
1260 905 41 50 3]
1340 906 203 40 Alfonso
1581 907 81 39 the
1700 907 140 39 tenth
1873 906 118 48 king
2027 907 52 40 of

80 963 221 40 Castilla.
360 962 42 38 A
432 961 254 48 privilegio
719 963 195 45 rodado,
948 962 120 40 with
1099 963 64 40 its
1195 964 110 38 lead
1337 963 116 40 seal.
1513 963 206 47 Aguilar
1749 964 57 39 de
1841 962 178 48 Campo
2052 963 27 40 8

80 1020 170 39 March
284 1018 141 47 1255;
463 1018 304 48 manuscript
801 1019 39 38 B
876 1019 69 40 13.

84 1096 57 30 [v.
173 1077 57 48 2],
266 1071 52 52 ©
351 1076 112 39 Dec.
495 1075 68 47 22,
596 1075 141 46 1928;
777 1087 56 37 [V.
867 1076 57 48 3],
961 1071 52 52 ©
1046 1076 112 40 Feb.
1191 1076 69 48 23,
1294 1075 141 47 1929;
1470 1076 68 40 2c.
1572 1076 118 40 each
1724 1077 123 39 Mar.
1881 1075 51 48 9;
1969 1074 109 41 affs.

152 1133 122 40 Mar.
301 1132 52 46 8;
383 1132 42 38 A
452 1131 127 49 5704,
608 1131 140 47 5705;
779 1132 239 48 Hispanic
1046 1143 93 29 soc.
1168 1133 51 39 of
1247 1133 238 47 America,
1514 1133 119 39 New
1659 1133 145 40 York.

160 1188 281 50 (27-18419)

84 1270 343 63 Holmgren,
470 1269 288 63 Ephraim
800 1270 38 53 S
1131 1274 171 49 1902-
1516 1287 178 50 comp.

150 1347 173 53 Rules
356 1345 93 53 for
479 1346 310 53 admission
819 1352 58 46 to
908 1347 95 52 the
1032 1347 105 52 bar
1165 1346 59 53 in
1254 1347 96 52 the
1380 1347 216 52 several
1626 1351 172 49 states
1829 1347 112 52 and
81 1352 1979 126 territories

343 1423 64 53 of
440 1425 97 51 the
570 1424 220 54 United
830 1423 188 55 States
1054 1424 60 52 in
1151 1423 157 54 force
1343 1425 176 67 April
1554 1428 47 64 1,
1638 1427 151 65 1929,
1824 1425 261 67 together

82 1503 139 52 with
250 1503 97 52 the
379 1501 154 54 Code
562 1502 66 52 of
658 1502 177 52 ethics
867 1502 248 67 adopted
1144 1502 76 68 by
1249 1502 97 52 the
1376 1502 308 52 American
1711 1502 104 52 bar
82 1502 1977 146 association,

254 1580 309 52 annotated
596 1584 58 48 to
685 1597 151 35 cases
869 1579 60 51 in
962 1579 164 68 point
1158 1580 113 52 and
1301 1579 99 53 list
1432 1579 64 52 of
1528 1580 109 51 law
1670 1579 236 68 schools,
82 1598 1980 130 compiled

269 1656 1814 70 by E. S. Holmgren … 16th ed. St. Paul, Minn., West
82 1736 336 69 publishing
449 1753 297 50 company,
780 1737 150 49 1929.

260 1851 8 16 xxx,
301 1820 86 38 211
421 1829 43 37 p.
524 1817 146 41 20½ᶜᵐ.

156 1876 254 40 “Includes
440 1874 226 40 valuable
697 1872 322 41 information
1048 1873 49 38 in
1125 1874 174 47 regard
1329 1875 49 38 to
1408 1874 81 38 the
1517 1874 124 39 local
1671 1876 188 46 reports
1889 1874 51 40 of
1968 1876 116 39 each

85 1934 142 46 state,
257 1933 97 38 and
385 1932 140 39 other
552 1931 95 39 law
677 1930 163 47 books,
872 1929 262 48 especially
1164 1929 225 40 valuable
1421 1931 48 38 to
1502 1931 79 39 the
1613 1931 181 47 lawyer
1822 1932 206 47 opening
2058 1943 28 28 a

85 1999 105 29 new
221 1987 371 42 office.”—Pref.

90 2040 1717 54 © May 18, 1929; 2c. and aff. June 10; A 8604; West pub. co.
165 2100 282 50 (29-13539)

88 2168 288 52 Institute
406 2167 63 53 of
500 2165 425 54 international
955 2164 304 55 relations.

158 2248 128 52 The
325 2245 213 55 Pacific
579 2264 158 35 area:
783 2246 309 66 addresses,
1135 2244 332 53 conference
1508 2262 205 50 papers
1754 2247 112 51 and
1908 2246 184 52 round

93 2322 1998 150 table reports of the northwest session … University of Washington, Seattle, July 22-27, 1928. Ed. by Charles E. Martin
94 2483 112 51 and
231 2481 74 53 K.
335 2480 62 55 C.
425 2479 288 54 Leebrick.
794 2478 231 70 Seattle,
1050 2478 215 68 Wash.,
1291 2479 121 51 The
1439 2479 335 70 University
1800 2480 63 53 of
94 2480 1972 148 Washington
329 2577 175 50 press,
540 2560 149 50 1929.

161 2640 103 47 xiii,
295 2639 85 40 405
412 2649 43 38 p.
515 2639 137 39 front.
708 2638 173 48 (port.)
950 2637 146 40 23½ᶜᵐ.

95 2692 52 52 ©
176 2697 122 39 Mar.
326 2696 68 47 18,
422 2695 140 47 1929;
591 2696 69 39 2c.
688 2695 129 39 June
841 2694 83 47 25;
986 2693 51 41 aff.
1066 2695 116 46 July
1210 2695 51 46 1;
1292 2694 41 38 A
1358 2693 141 48 9991;
1531 2694 282 48 University
1842 2695 51 40 of
161 2696 1910 105 Washington,
376 2752 198 41 Seattle.

98 2819 268 68 [Kaplan,
402 2819 220 67 Aaron]
666 2838 179 50 comp.

91 2915 1936 112 קינדער־דעקל אַ מ אַ ט אׇ ר פאר שול און היים. צוואמענ־
1739 3009 358 102 געשטעלט
1593 3041 96 94 פון
1353 3043 184 82 אהרן
1135 3011 170 94 הלוי.
591 3011 466 94 אילוסטרירט
445 3043 96 92 פון
335 3043 64 62 וו.
91 3011 210 102 סיגעל

91 3123 2008 118 און אנדערע. ניו י אׇ רס, היברו פ אׇ בלישינג ק אׇ מפ אַ ני
1825 3263 254 64 [תרפ״ט]

95 3333 137 53 New
272 3333 180 67 York,
491 3332 246 54 Hebrew
776 3331 336 69 publishing
1150 3347 297 52 company,
1489 3334 147 49 1929.

163 3415 87 41 288
277 3425 43 37 p.
381 3414 129 41 illus.
568 3415 119 39 24ᶜᵐ.

99 3472 127 40 Title
266 3471 420 50 (transliterated):
756 3471 528 39 Kinder-deklamator.

101 3524 52 52 ©
186 3529 126 40 June
343 3528 69 46 10,
445 3528 116 40 1929;
618 3529 69 39 2c.
721 3528 118 40 each
870 3528 97 39 and
999 3527 81 40 aff.
1114 3527 127 39 June
1273 3526 82 41 11:
1390 3526 41 38 A
1464 3525 139 41 8644:
1640 3526 209 40 Hebrew
1880 3527 110 47 pub.
2023 3536 67 30 co.

178 3585 281 48 (29-13590)

102 3651 133 64 Lee,
271 3651 311 64 Cuthbert,
618 3657 171 50 1891-

169 3727 454 70 Contemporary
659 3728 307 52 American
1001 3727 250 68 portrait
1287 3727 272 67 painters,
1592 3726 356 69 illustrating
1984 3725 111 53 and

99 3805 323 69 describing
452 3807 94 52 the
576 3805 159 53 work
766 3806 65 52 of
863 3805 135 69 fifty
1029 3804 185 68 living
1247 3804 270 67 painters,
1548 3804 76 68 by
1658 3803 279 55 Cuthbert
1968 3803 127 52 Lee.

100 3882 138 53 New
272 3884 179 67 York,
481 3884 88 54 W.
603 3884 66 52 E.
704 3884 220 68 Rudge,
959 3885 150 49 1929.
