2547 4384
1363 4077 102 50 910

418 426 240 63 Posner,
698 425 229 63 George
963 424 73 58 A.

490 505 203 55 Clever
734 504 206 70 replies
981 504 95 54 for
1115 505 97 53 the
1250 504 306 70 questions,
1594 511 326 63 comments,
1961 506 113 52 and
2114 505 305 55 situations

417 582 1941 70 of daily occurrence; author and compiler, George A. Posner …
423 660 1423 71 Chicago, T. S. Denison & company [ ᶜ19 29]
483 741 371 49 278 p. 18½ ᶜᵐ .
416 810 52 52 ©
492 814 127 40 June
642 813 38 47 8,
705 812 142 48 1929;
872 814 55 39 2c
965 814 95 39 and
1085 812 82 42 aff.
1192 814 126 40 June
1343 813 54 40 11;
1451 814 41 39 A
1516 813 114 40 8642;
1684 814 52 41 T.
1764 813 45 42 S.
1835 813 217 42 Denison
2074 814 37 40 &
2135 825 69 30 co.

496 870 282 49 (29-13166)

416 979 320 65 Robinson,
771 979 246 55 Charles
1048 980 54 52 A
1391 1000 180 50 comp.

489 1058 174 56 God’s
698 1059 261 54 loveliest
992 1059 309 67 creations;
1340 1079 31 34 a
1407 1060 156 53 child
1597 1061 113 52 and
1747 1080 31 33 a
1814 1058 206 55 flower.
2095 1059 328 70 Copyright

481 1137 1597 69 … by Charles A. Robinson … [New York] ᶜ19 29.
483 1218 499 49 64 p. illus. 22 ᶜᵐ .
483 1290 150 39 Verse
660 1299 60 30 on
748 1300 44 37 p.
819 1288 41 48 2,
888 1289 25 40 3
942 1289 97 40 and
1064 1289 29 39 4
1120 1288 52 41 of
1197 1298 155 32 cover.

485 1345 271 47 “Tributes,
795 1345 52 39 in
883 1347 172 46 poetry
1091 1346 95 39 and
1225 1355 154 38 prose,
1417 1345 114 49 paid
1568 1348 50 38 to
1656 1345 220 41 children
1910 1347 95 39 and
2043 1349 50 38 to
2129 1347 192 41 flowers
2358 1348 61 47 by

412 1401 215 40 eminent
660 1402 168 47 people
863 1401 51 40 of
949 1402 82 40 the
1065 1403 114 46 past
1212 1402 96 40 and
1343 1403 197 46 present
1571 1401 500 43 time.”—Foreword.

414 1468 2003 55 © June 3, 1929; 2c. and aff. June 13; A 8681; C. A. Robinson, East
483 1530 203 48 Orange,
712 1530 57 41 N.
794 1531 44 40 J.
901 1530 281 48 (29-13171)

415 1639 265 65 Rolland,
712 1640 272 63 Romain,
1018 1644 172 51 1866-

547 1720 1876 71 … Beethoven the creator, by Romain Rolland. The great
412 1796 2005 71 creative epochs … 1. From the Eroica to the Appassionata.
411 1875 259 67 London,
694 1875 72 53 V.
793 1874 274 55 Gollancz
1091 1875 124 68 ltd.,
1242 1878 151 50 1929.

476 1957 89 40 432
599 1968 43 37 p.
707 1956 130 41 illus.
866 1956 202 49 (music)
1095 1958 159 47 plates
1282 1957 137 49 (part
1455 1957 198 48 double)
1680 1960 164 46 ports.,
1882 1957 217 41 facsims.
2128 1958 138 49 (part
409 1960 1989 101 double;

542 2012 537 49 incl. music) 25½ ᶜᵐ .
479 2085 140 40 Head
649 2086 95 39 and
777 2084 89 41 tail
894 2085 173 48 pieces.

479 2143 64 40 At
572 2143 125 40 head
731 2142 51 40 of
812 2142 108 41 title:
981 2143 293 40 Translated
1308 2143 61 48 by
1400 2144 179 39 Ernest
1610 2143 248 41 Newman.

411 2210 2002 54 © 1c. June 11, 1929; A ad int. 12765; pubd. Apr. 18; Harper and bros.,
481 2272 119 39 New
623 2272 147 39 York.
834 2271 283 50 (29-13972)

412 2380 301 64 Rosenlof,
749 2380 228 65 George
1008 2381 246 64 Walter,
1289 2385 173 51 1891-

481 2461 250 69 Library
759 2460 272 55 facilities
1059 2460 65 54 of
1148 2461 514 69 teacher-training
1688 2461 376 69 institutions,
2090 2462 77 70 by
2195 2461 224 69 George

410 2538 1981 133 Walter Rosenlof … New York city, Teachers college, Columbia
657 2618 338 70 university,
1029 2619 149 52 1929.

480 2699 61 47 vi,
581 2698 86 41 159
706 2709 43 37 p.
789 2697 111 42 incl.
941 2698 171 41 tables.
1172 2698 148 41 23½ᶜᵐ.
1390 2698 267 48 (Teachers
1698 2699 193 48 college,
1934 2699 253 41 Columbia
409 2700 1992 104 university.

582 2755 370 42 Contributions
981 2758 49 38 to
1057 2756 273 49 education,
1358 2767 75 30 no.
1459 2756 112 48 347)

481 2825 1539 51 Published also as thesis (PH. D.) Columbia university.
483 2883 1934 50 “The American association of teachers colleges … sponsored this
408 2941 956 49 investigation.”—Acknowledgments.

479 2998 378 49 Bibliography:
889 3010 43 37 p.
962 2998 100 42 159.

412 3065 52 53 ©
498 3070 115 48 Apr.
647 3069 69 48 16,
751 3069 115 41 1929;
930 3070 67 40 2c.
1031 3069 115 49 Apr.
1180 3070 54 40 23;
1300 3069 82 41 aff.
1418 3070 114 48 Apr.
1566 3070 58 40 27;
1686 3069 41 39 A
1760 3068 115 42 6803;
1940 3069 241 41 Teachers
2217 3069 193 48 college,

482 3127 253 41 Columbia
762 3126 130 41 univ.
959 3127 282 49 (29-26618)

413 3221 194 64 Rueff,
644 3221 275 64 Jacques.

546 3298 1865 72 … From the physical to the social sciences; introduction
414 3375 1938 73 to a study of economic and ethical theory, by Jacques Rueff …
414 3457 317 53 translated
768 3456 77 69 by
881 3456 260 53 Herman
1178 3455 215 65 Green;
1435 3455 139 54 with
1615 3475 72 34 an
1725 3456 391 53 introduction
2151 3457 78 68 by
413 3454 1978 132 Herman

595 3533 287 69 Oliphant
928 3535 114 52 and
1088 3534 221 53 Abram
1355 3534 239 53 Hewitt.
1679 3534 334 68 Baltimore,
2060 3533 124 53 The
2228 3532 186 55 Johns

413 3611 271 69 Hopkins
715 3629 187 50 press;
934 3612 259 68 London,
1222 3611 78 54 H.
1331 3611 266 69 Milford,
1629 3609 231 56 Oxford
1889 3610 282 54 university
2240 3629 174 51 press,

414 3693 151 50 1929.

480 3769 776 49 xxxiv, 159 p. diagrs. 22 ᶜᵐ .
480 3839 64 40 At
585 3839 124 39 head
752 3838 53 41 of
846 3838 108 41 title:
1024 3833 102 47 The
1168 3840 155 40 Johns
1364 3839 223 49 Hopkins
1629 3839 273 49 university
1942 3839 227 41 institute
2208 3839 81 41 for
2329 3840 84 40 the

411 3896 146 46 study
586 3895 52 39 of
665 3896 111 39 law.

413 3960 52 53 ©
491 3964 126 41 June
641 3964 39 47 6,
705 3963 120 42 1929;
874 3966 68 40 2c.
969 3965 96 41 and
1089 3965 82 43 aff.
1199 3966 126 41 June
1350 3965 54 40 11;
1461 3966 40 39 A
1526 3965 140 47 8620;
1696 3965 156 42 Johns
1876 3965 224 50 Hopkins
2125 3976 151 40 press.

493 4020 281 50 (29-13172)
