2542 4389
1013 4018 133 51 1809

101 354 246 65 Abbott,
384 358 124 52 Mrs
513 399 10 10 .
560 356 148 53 Jane
747 355 241 54 Ludlow
1033 356 261 64 (Drake)
1340 361 172 51 1881-

173 434 181 52 Black
386 434 206 66 flower,
623 434 77 68 by
731 435 149 54 Jane
910 434 249 68 Abbott;
1193 434 327 53 illustrated
1551 435 74 68 by
1656 435 184 55 Jessie
1873 437 62 55 C.
1971 436 132 56 Sax.

101 511 1891 70 Philadelphia & London, J. B. Lippincott company [ ᶜ1 929]
171 592 86 41 248
287 604 44 37 p.
391 595 88 38 col.
508 592 163 48 front.,
701 593 173 49 plates.
934 592 146 41 19½ᶜᵐ.

108 659 51 51 ©
193 663 127 48 Sept.
352 663 68 47 13,
452 662 140 41 1929;
625 664 67 38 2c.
725 663 95 39 and
850 661 83 41 aff.
963 663 118 40 Nov.
1114 662 83 47 16;
1230 663 40 39 A
1301 662 169 47 15826;
1506 663 124 39 Jane
1662 663 194 48 Abbott,
1891 663 210 39 Buffalo.

184 719 279 48 (29-24588)

95 828 183 64 Agar,
308 827 316 54 Frederick
653 827 232 65 Alfred,
916 829 170 54 1872-

171 904 229 55 Church
448 904 453 70 profit-making.
987 905 61 53 Is
1096 905 47 52 it
1192 905 191 69 right?
1474 906 151 52 Does
1673 905 48 53 it
1770 905 148 70 pay?
2011 907 92 68 By

98 981 2002 71 Frederick A. Agar … New York, Chicago [etc.] Fleming H.
97 1060 739 68 Revell company [ ᶜ1 929 ]
168 1142 56 41 87
256 1152 43 37 p.
358 1141 147 41 19½ᶜᵐ.

103 1209 51 52 ©
189 1213 103 41 Oct.
324 1214 69 40 26,
427 1213 118 40 1929;
603 1214 67 39 2c.
705 1214 94 38 and
834 1213 82 40 aff.
951 1213 117 40 Nov.
1104 1213 52 46 9;
1194 1214 39 37 A
1268 1213 171 45 15617;
1477 1212 221 49 Fleming
1731 1214 60 40 H.
1827 1215 168 38 Revell
2029 1225 68 29 co.

178 1269 281 48 (29-24484)

90 1377 338 54 Alexander
456 1379 102 53 the
591 1379 182 53 Great
813 1380 359 70 (Romances,
1202 1381 131 67 etc.)

225 1456 1873 71 … A Middle Low German Alexander legend, from a newly
88 1534 1984 225 discovered manuscript, privately owned; edited, with introduction and notes, by A. J. Barnouw … New York, Columbia university press, 1929.
160 1771 1447 50 1 p. l., 78 p. 25ᶜᵐ. (Germanic review texts, no. 1)
163 1842 295 49 “Reprinted
487 1843 128 40 from
648 1843 82 40 the
763 1842 257 42 Germanic
1052 1841 191 48 review,
1275 1842 191 40 volume
1551 1842 37 40 IV.”

161 1899 175 41 Edited
368 1899 129 40 from
531 1910 26 30 a
590 1899 304 48 manuscript
926 1899 168 41 owned
1126 1900 62 46 by
1221 1899 63 40 M.
1321 1899 43 41 S.
1400 1899 276 40 Parkhurst
1709 1900 97 39 and
1838 1899 174 41 loaned
2046 1902 50 38 to

90 1957 80 39 the
198 1955 283 48 University
508 1956 53 40 of
587 1955 191 41 Illinois
804 1955 201 48 library.

161 2012 201 41 Printed
396 2012 50 40 in
479 2013 172 40 double
685 2013 245 46 columns;
965 2013 83 39 the
1081 2014 105 38 text
1218 2011 52 41 of
1304 2021 27 30 a
1365 2011 182 41 Middle
1581 2013 163 39 Dutch
1776 2012 318 49 manuscript,

89 2081 74 31 no.
214 2070 84 40 231
350 2069 361 48 Maatschappij
763 2069 85 40 der
896 2068 395 40 Nederlandsche
1339 2068 309 40 letterkunde
1696 2071 49 38 te
1793 2069 195 48 Leiden,
2039 2079 57 30 as

88 2127 162 41 edited
281 2127 61 47 by
378 2127 44 41 S.
458 2126 44 42 S.
535 2127 245 47 Hoogstra
814 2125 49 40 in
896 2124 77 41 his
1006 2124 546 48 “Proza-bewerkingen
1584 2135 94 30 van
1711 2126 83 40 het
1828 2127 137 38 leven
1999 2134 95 32 van

87 2185 278 39 Alexander
402 2184 91 39 den
534 2183 177 41 Groote
750 2182 49 40 in
839 2182 83 40 het
961 2180 585 49 Middelnederlandsch”,
1588 2181 127 48 1898,
1756 2181 194 49 printed
1991 2182 104 40 side

88 2242 59 46 by
179 2241 104 40 side
315 2240 119 41 with
466 2241 81 39 the
581 2239 192 40 Illinois
807 2240 119 40 text.
988 2238 61 39 At
1085 2239 81 40 the
1198 2237 107 41 foot
1338 2237 53 41 of
1423 2239 81 39 the
1537 2249 120 38 page
1693 2250 118 29 runs
1844 2249 27 29 a
1906 2238 188 49 reprint

86 2298 55 40 of
182 2298 50 40 P.
276 2298 44 40 J.
365 2295 177 41 Brun’s
584 2296 185 40 edition
812 2295 51 40 of
906 2306 28 29 a
980 2295 183 39 Middle
1205 2294 116 40 Low
1365 2295 211 40 German
1619 2295 317 48 manuscript,
1980 2307 113 29 mss.

86 2354 225 49 1311(6),
343 2351 643 50 Herz-August-bibliothek,
1016 2349 369 50 Wolfenbüttel,
1415 2361 55 31 as
1500 2351 256 49 published
1785 2352 50 39 in
1866 2351 77 41 his

87 2352 1989 100 “Romantische
395 2411 98 39 und
529 2410 178 39 andere
743 2408 222 48 gedichte
1001 2407 50 40 in
1087 2408 467 48 altplattdeutscher
1589 2408 247 50 sprache”,
1873 2408 128 42 1793.

93 2479 51 53 ©
173 2483 104 41 Oct.
301 2482 69 47 23,
398 2481 141 41 1929:
568 2480 67 41 2c.
666 2480 101 41 Oct.
796 2479 83 47 25;
909 2478 82 41 aff.
1021 2478 102 41 Oct.
1150 2477 83 47 29;
1264 2478 39 39 A
1331 2477 171 48 15364;
1535 2478 251 42 Columbia
1817 2478 274 48 university

158 2551 150 37 press.
379 2537 282 50 (29-24493)

84 2650 114 52 Art
226 2648 291 54 directors
545 2645 148 55 club.

216 2724 1878 68 … Annual of advertising art [8th] from advertisements
89 2807 196 51 shown
315 2810 55 47 at
401 2805 96 51 the
527 2803 317 53 exhibition
874 2801 65 52 of
966 2802 95 52 the
1092 2801 111 53 Art
1236 2801 277 53 directors
1544 2799 145 68 club,
1718 2801 113 53 Art
1866 2800 225 60 Center,

89 2884 139 52 New
259 2882 181 56 York,
470 2881 141 65 May
640 2884 33 48 4
704 2886 57 46 to
794 2882 84 53 29,
912 2883 150 49 1929.
1132 2879 140 52 New
1304 2878 181 56 York,
1516 2878 316 53 Published
1866 2878 94 52 for
1993 2879 96 53 the

83 2962 111 53 Art
224 2962 275 53 directors
527 2960 126 53 club
681 2960 64 52 of
773 2959 138 52 New
941 2958 164 52 York
1130 2959 75 68 by
1231 2958 120 52 The
1380 2956 163 53 Book
1571 2956 210 54 service
1810 2975 282 52 company

88 3043 192 65 [ ᶜ1 929 ]
156 3115 1481 55 7 p. l., 134. [43] p. col. front., illus. (part col.) 29ᶜᵐ.
89 3189 51 51 ©
173 3193 119 40 Nov.
322 3192 56 39 25,
425 3190 115 40 1929;
600 3191 66 40 2c.
701 3189 112 40 Dec.
846 3189 52 45 2;
935 3187 82 41 aff.
1050 3187 113 40 Dec.
1197 3187 52 47 3;
1286 3188 41 38 A
1358 3186 172 47 17159;
1566 3186 90 40 Art
1690 3186 238 42 directors
1961 3188 123 44 club,

154 3249 105 41 inc.,
289 3249 119 39 New
432 3246 145 41 York.

77 3373 244 63 Becker,
349 3370 255 55 Gabriel.

147 3445 609 57 Leichtmetallkolben;
831 3443 572 54 betriebstechnische
1449 3443 360 69 grundlagen
1856 3445 98 53 für
1996 3446 92 53 die

78 3526 427 68 durchbildung
558 3525 100 51 der
710 3523 235 63 kolben;
1000 3520 222 54 bericht
1275 3521 100 52 der
1429 3521 503 55 Versuchsanstalt
1988 3524 99 53 für

77 3604 469 67 kraftfahrzluge
598 3603 100 51 der
750 3600 389 54 Technischen
1189 3598 344 53 hochschule
1584 3617 68 35 zu
1704 3601 218 68 Berlin,
1975 3621 112 34 von

78 3683 151 69 prof,
279 3682 230 68 dr.-ing.
555 3679 237 55 Gabriel
838 3677 234 66 Becker,
1118 3676 107 52 mit
1268 3678 67 50 26
1382 3675 402 72 abbildungen.
1868 3681 217 65 Berlin,

76 3763 79 52 M.
185 3762 223 67 Krayn,
438 3761 150 51 1929.

147 3840 727 53 48 p. illus., diagrs. 24 ᶜᵐ .
85 3905 1769 60 © Apr. 30, 1929; 1c. July 3: A—Foreign 3933; Gabriel Becker.
161 3970 279 44 (29-24898)
