2533 4342
1348 3955 136 49 1556

483 387 1927 48 “Of this … volume … fifteen hundred and ninety copies have been
410 444 1076 48 printed … This copy is number 1590.”
416 513 50 52 ©
500 517 127 47 Sept.
655 517 68 41 15,
752 515 142 41 1929;
924 516 68 40 2c.
1024 515 102 41 Oct.
1155 516 81 40 17:
1269 515 80 41 aff.
1381 514 102 41 Oct.
1513 515 82 41 16:
1627 516 42 38 A
1697 514 170 48 14201;
1900 516 44 40 J.
1974 516 55 40 B.
2060 515 178 47 Cabell,

482 515 1909 97 Richmond.
708 568 69 54 [©
814 572 249 40 definitive
1100 572 196 41 edition,
1335 571 119 40 with
1493 572 240 39 revisions
1769 571 298 46 throughout
2105 573 95 38 and
2238 584 28 27 a
2303 583 107 29 new

482 630 210 48 preface]
758 628 282 48 (29-21798)

482 724 119 51 The
642 723 146 52 rivet
827 723 59 51 in
926 722 431 69 grandfather’s
1396 722 167 68 neck;
1609 741 28 33 a
1682 723 233 67 comedy
1955 721 62 51 of
2056 722 359 65 limitations,

410 801 74 67 by
557 820 150 33 James
744 801 224 52 Branch
1004 801 212 54 Cabell.
1294 802 138 51 New
1466 802 176 66 York,
1675 802 66 51 R.
1773 801 79 52 M.
1886 799 275 53 McBride
2192 804 43 48 &
410 817 1981 130 company,
617 882 147 50 1929.

483 958 1933 50 xxvi, 319 p., 1 l. 23½ᶜᵐ. (Lettered on cover: The works of James
412 1018 194 39 Branch
635 1017 179 41 Cabell,
967 1016 15 48 XIV)

484 1089 308 41 “Storisende
824 1088 199 41 edition,
1172 1088 39 42 XIV.”

486 1144 1931 48 “Of this … volume fifteen hundred and ninety copies have been
412 1201 1080 50 printed … This copy is number 1589.”
418 1270 51 53 ©
501 1275 128 48 Sept.
657 1275 68 48 15,
755 1274 140 48 1929;
926 1275 68 40 2c.
1025 1274 102 41 Oct.
1156 1275 83 46 17;
1269 1273 83 41 aff.
1382 1274 102 41 Oct.
1514 1273 82 47 10;
1629 1274 42 38 A
1699 1272 170 48 14202;
1902 1273 43 40 J.
1977 1273 54 40 B.

2062 1272 179 42 Cabell,
484 1270 1911 102 Richmond.
706 1327 68 54 [©
808 1331 250 41 definitive
1091 1332 72 39 ed.
1197 1331 121 39 with
1350 1331 239 39 revisions

1624 1330 299 48 throughout
1958 1330 95 39 and
2088 1339 22 28 a
2148 1339 106 29 new
485 1326 1913 111 preface]
653 1388 281 48 (29-21799)

412 1485 281 64 Cadman,
722 1484 237 55 Samuel
985 1483 244 64 Parkes,
1263 1488 170 50 1864-

481 1562 193 52 Peace.
710 1561 76 68 by
823 1560 55 55 S.
914 1560 217 52 Parkes
1168 1560 273 52 Cadman.
1517 1560 136 52 New
1693 1559 179 68 York,
1909 1559 65 51 E.
2012 1559 64 50 P.
2115 1559 219 51 Dutton
2373 1559 47 50 &

412 1639 460 66 co., inc. [ ᶜ192 9 ]
479 1722 557 48 3 p. l., 3-71 p. 17 ᶜᵐ .
482 1792 161 40 “First
673 1790 227 42 edition.”

418 1857 1997 53 © Sept. 13, 1929: 2c. and aff. Oct. 12; A 12963; E. P . Dutton & co., inc.
494 1918 282 47 (29-21687)

410 2012 344 54 California.
833 2015 243 52 District
1107 2020 188 47 courts
1326 2015 63 66 of
1419 2015 222 66 appeal.

479 2090 1938 71 Reports of cases determined … from April 12, 1928, to May
411 2170 81 55 17,
533 2173 147 49 1928.
758 2170 308 67 Randolph
1106 2170 67 51 V.
1213 2169 284 69 Whiting,
1535 2175 271 62 reporter.
1883 2170 204 70 Henry
2123 2170 63 52 F.
409 2169 1985 148 Wrigley,

550 2248 261 53 William
850 2248 63 53 F.
949 2250 300 55 Traverso,
1290 2247 134 54 Seth
1463 2248 67 52 E.
1566 2249 206 66 Tracy,
1809 2248 268 52 assistant
2114 2251 301 65 reporters.

409 2345 50 33 V.
491 2330 80 49 91.
651 2326 116 54 San
797 2326 324 57 Francisco,
1151 2327 122 50 Ban
1283 2325 455 69 croft-Whitney
1769 2343 298 51 company,
2098 2328 151 51 1929.

485 2406 549 50 xxviii, 920 p. 23 ᶜᵐ .
419 2474 52 52 ©
506 2478 101 41 Oct.
641 2477 68 48 19,
743 2478 140 45 1929;
918 2478 66 40 2c.
1019 2477 102 41 Oct.
1155 2477 81 46 28;
1273 2477 82 41 aff.
1389 2477 103 40 Oct.
1525 2477 82 46 25;
1645 2478 40 38 A
1718 2477 171 46 15349;
1926 2478 457 41 Bancroft-Whitney

487 2546 67 30 co.
2185 2532 149 43 10211

413 2628 344 55 California.
826 2631 167 54 Laws
998 2674 13 26 ,
1038 2636 259 64 statutes,
1325 2636 99 49 etc.

482 2707 121 51 The
635 2704 154 55 Civil
822 2707 135 52 code
990 2706 65 53 of
1085 2707 96 52 the
1213 2711 145 49 state
1391 2706 65 53 of
1490 2706 345 55 California.
1905 2706 271 69 Adopted
2212 2706 205 53 March

410 2786 84 67 21,
526 2784 150 52 1872.
741 2783 163 53 With
937 2785 391 52 amendments
1357 2803 79 49 up
1468 2791 58 46 to
1558 2785 114 52 and
1703 2784 300 69 including
2033 2784 160 53 those
2225 2783 64 54 of
2320 2784 97 53 the

413 2860 324 69 forty-fifth
768 2862 211 52 session
1011 2861 66 53 of
1107 2862 95 53 the
1233 2862 377 69 Legislature,
1644 2865 151 49 1923.
1864 2862 314 68 Including
2210 2880 71 34 an

411 2879 1980 126 appendix
651 2940 334 68 containing
1012 2940 389 53 amendments
1427 2940 164 53 made
1615 2940 78 69 by
1718 2940 96 52 the
1842 2938 361 70 forty-sixth,
411 2938 2003 131 forty-seventh

693 3017 111 51 and
855 3016 388 70 forty-eighth
1291 3017 239 53 sessions
1579 3016 65 54 of
1691 3018 95 53 the
1835 3016 379 70 Legislature,
2263 3019 153 63 1925,

413 3093 2003 71 1927, 1929. Edited by James H. Deering … San Francisco,
412 3170 588 70 Bancroft-Whitney
1033 3188 299 53 company,
1368 3175 149 50 1924.

482 3252 136 49 xviii,
647 3252 129 49 1427,
804 3252 62 48 vi,
895 3252 88 42 167
1009 3264 44 38 p.
1113 3253 147 43 21½ᶜᵐ.

483 3323 263 41 Published
780 3323 129 43 1929.

420 3390 52 52 ©
504 3395 120 48 Aug.
655 3396 70 47 21,
757 3395 140 47 1929;
932 3397 68 39 2c.
1033 3399 96 39 and
1161 3396 81 41 aff.
1275 3397 120 47 Aug.
1428 3397 82 41 29:
1545 3397 41 39 A
1619 3397 169 47 11925;
1826 3395 490 47 Bancroft-Whitney
2349 3405 68 30 co.

496 3451 282 49 (29-21819)

413 3545 208 63 Carey,
654 3545 253 54 Michael
937 3547 278 56 Thomas.

481 3621 180 68 Legal
692 3623 277 53 solutions
1005 3623 66 52 of
1101 3624 255 54 business
1393 3626 304 67 problems,
1731 3625 76 68 by
1841 3625 249 53 Michael
2127 3625 66 51 T.
2231 3623 186 69 Carey

471 3699 1944 72 … Philadelphia, The Business law publishing company, 1929.
480 3780 88 41 427
596 3790 44 38 p.
699 3779 118 43 24ᶜᵐ.

418 3832 52 52 ©
499 3837 127 48 Sept.
651 3838 40 43 1,
717 3838 141 42 1929:
883 3839 67 41 2c.
979 3839 129 49 Sept.
1133 3841 82 40 30:
1245 3841 81 41 aff.
1356 3841 128 48 Sept.
1512 3841 82 47 28;
1623 3841 41 39 A
1690 3840 170 47 12629;
1890 3841 62 44 M.
1979 3841 52 40 T.
2061 3839 167 41 Carev.
485 3838 1910 104 Philadelphia.

761 3896 282 49 (29-21815)
