2533 4384
1102 4034 101 51 389

138 383 427 63 Shakespeare,
597 380 277 65 William,
910 385 326 50 1564-1616.

268 470 1812 72 … Shakespeare’s As you like it, edited by C. B. Cooper …
135 553 322 56 Oklahoma
492 551 153 69 City,
676 551 243 53 Harlow
950 550 339 68 publishing
1321 568 299 50 company,
1654 553 151 51 1928.

204 632 1938 52 2 p. l., iii, [1], 103 p. front. (port.) 17 ᶜᵐ . (The Western series of
137 691 201 49 English
368 691 96 40 and
494 689 260 42 American
784 689 226 49 classics)

141 759 52 53 ©
220 762 103 42 Oct.
349 762 39 49 6,
414 761 118 42 1928;
582 762 69 40 2c.
678 761 124 41 Mar.
828 760 69 49 14,
924 759 117 42 1929;
1096 759 82 42 aff.
1207 761 123 40 Mar.
1357 760 54 39 11;
1468 759 42 40 A
1536 759 114 42 5854;
1706 761 204 40 Harlow
1937 761 111 49 pub.
2075 771 67 30 co.

211 815 71 55 [©
313 819 345 48 introduction,
691 820 153 46 notes,
877 819 222 47 glossary
1132 818 95 39 and
1261 817 238 41 teacher’s
1532 817 153 50 helps]

218 874 252 51 (29-6893)

268 1010 1876 71 … Shakespeare’s tragedy of Hamlet, edited by Hardin
136 1088 2009 73 Craig … Oklahoma City, Harlow publishing company, 1928.
206 1172 1939 52 2 p. l., X p., 1 l., 164 p. front. (port.) illus. 17 ᶜᵐ . (The Western
137 1232 151 41 series
317 1231 51 41 of
397 1230 203 49 English
628 1230 96 39 and
753 1228 260 41 American
1044 1228 224 49 classics)

142 1299 52 52 ©
221 1302 105 41 Oct.
350 1302 41 48 3,
417 1301 116 41 1928;
585 1302 68 39 2c.
680 1301 124 40 Mar.
829 1300 69 47 14,
925 1298 115 41 1929;
1096 1298 83 41 aff.
1207 1300 123 39 Mar.
1357 1300 55 38 11;
1469 1299 42 40 A
1536 1299 115 41 5855;
1709 1301 205 39 Harlow
1939 1301 110 48 pub.
2078 1312 68 29 co.

213 1355 69 54 [©
312 1358 346 47 introduction,
687 1358 153 47 notes,
871 1358 222 47 glossary
1124 1357 96 39 and
1249 1356 239 41 teacher’s
1518 1357 152 49 helps]

219 1414 253 50 (29-6894)

135 1540 301 63 Shannon,
467 1538 222 53 Robert
722 1538 208 63 Terry.

207 1634 123 52 The
362 1638 270 65 catspaw,
660 1632 76 69 by
768 1631 217 53 Robert
1016 1632 182 68 Terry
1233 1629 292 56 Shannon.
1601 1632 140 53 New
1776 1633 182 71 York,
1990 1634 69 53 E.
2092 1635 56 54 J.

139 1711 557 69 Clode, inc. [ ᶜ19 29]
206 1792 89 42 312
320 1802 45 39 p.
424 1790 148 42 19½ᶜᵐ.

143 1859 2003 53 © Feb. 14, 1929; 2c. Mar. 5; aff. Mar. 13; A 6045; Edward J. Clode,
209 1920 93 41 inc.
372 1918 252 51 (29-7085)

139 2044 264 63 Stanley,
438 2042 279 53 Florence
751 2041 180 55 Sholl.

139 2135 1988 151 Bits of truth (for those we love) by Florence Sholl Stanley … Sacramento,
835 2214 195 68 Calif.,
1067 2214 275 53 Florence
1383 2214 56 55 S.
1481 2213 238 70 Stanley
1784 2218 152 65 [1929]

211 2295 733 51 3 p. l. , [9]-24, [2] p. 11½ᶜᵐ.
145 2365 52 53 ©
227 2368 113 42 Feb.
370 2368 70 48 13,
469 2366 119 42 1929;
642 2367 68 41 2c.
742 2367 96 40 and
868 2365 83 43 aff.
981 2367 124 40 Mar.
1136 2366 53 47 1;
1220 2366 42 40 A
1292 2365 141 49 5910;
1469 2367 231 42 Florence
1733 2368 195 49 Massie,
214 2368 1918 98 Cincinnati.

402 2422 252 52 (29-7107)

143 2550 296 62 Stratton,
474 2548 297 64 Clarence,
810 2551 173 51 1880-

210 2640 236 53 Harbor
474 2638 234 70 pirates,
732 2639 77 69 by
839 2639 273 55 Clarence
1142 2638 283 70 Stratton,
1453 2640 328 54 illustrated
1808 2641 76 69 by
1917 2641 236 55 Charles

144 2719 73 53 K.
253 2717 254 56 Stevens.
578 2717 140 53 New
750 2717 182 67 York,
963 2717 123 53 The
1118 2717 338 53 Macmillan
1490 2736 299 52 company,
1825 2722 153 51 1929.

213 2801 27 41 5
267 2813 45 37 p.
373 2832 11 18 l.,
410 2800 87 41 265
524 2812 45 37 p.
595 2800 113 42 incl.
735 2802 175 46 plates,
970 2802 88 39 col.
1085 2800 153 41 front.
1297 2800 148 42 19½ᶜᵐ.

147 2868 52 52 ©
228 2873 123 39 Mar.
379 2871 69 48 19,
478 2871 117 41 1929;
647 2871 71 41 2c.
747 2871 96 40 and
872 2870 82 42 aff.
983 2871 124 40 Mar.
1135 2870 59 40 20;
1248 2871 42 39 A
1319 2871 115 40 5964;
1494 2873 283 40 Macmillan
1807 2885 68 29 co.

225 2927 253 50 (29-7299)

148 3052 379 64 Stravinsky,
560 3053 155 63 Igor.

214 3143 105 70 My
354 3143 105 53 life
494 3145 113 52 and
641 3144 195 53 music.
908 3144 159 53 First
1103 3145 186 53 series.
1362 3146 84 52 To
1483 3146 122 53 The
1641 3145 277 56 fire-bird.
1991 3148 162 54 Rolls

146 3225 49 64 3,
235 3225 49 49 4.
363 3223 342 53 Translated
748 3223 75 68 by
866 3223 210 52 Edwin
1120 3223 212 53 Evans.
1418 3223 275 69 [London]
1742 3226 126 53 The
1908 3226 245 53 Aeolian

147 3317 298 50 company,
491 3300 104 53 ltd.
650 3303 172 65 [1929]
940 3300 152 68 (The
1138 3301 228 53 world’s
1414 3302 195 53 music.
1712 3303 441 70 Audiographic

146 3377 195 53 music.
406 3378 252 52 Duo-art
686 3379 84 52 ed.
835 3378 216 69 D-763,
1077 3378 226 70 D-765)

151 3455 2001 56 © 1c. each Apr. 12, 1929; A ad int. 12561, 12562; pubd. Mar. 1; Aeolian
217 3527 83 38 co.,
331 3517 119 41 New
480 3517 145 41 York.

289 3639 1865 73 My life and music. First series. To The fire-bird. Roll 5. Translated by Edwin Evans. [London] The
148 3716 245 53 Aeolian
435 3735 298 51 company,
774 3719 105 52 ltd.
949 3721 151 65 [1929]
1197 3718 152 70 (The
1389 3721 227 53 world’s
1659 3722 196 54 music.
149 3723 1980 139 Audiographic

418 3795 195 53 music.
677 3796 253 53 Duo-art
956 3798 85 52 ed.
1106 3795 226 71 D-767)

152 3872 2001 56 © 1c. Apr. 12, 1929; A ad int. 12560; pubd. Mar. 1; Aeolian co., New
219 3932 146 43 York.
