2533 4342
1317 4025 134 49 1450

380 382 245 64 Berlioz,
655 384 239 62 Hector,
925 387 325 49 1803-1869.

454 462 292 67 Evenings
785 462 59 50 in
885 461 94 52 the
1021 461 287 52 orchestra
1355 493 11 33 [
1371 460 92 66 by]
1508 460 217 52 Hector
1767 460 254 66 Berlioz;
2063 458 316 54 translated

385 539 152 53 from
574 540 94 52 the
704 539 224 51 French
962 539 77 68 by
1077 538 237 54 Charles
1352 538 64 50 E.
1457 538 209 68 Roche,
1702 537 140 52 with
1881 557 72 33 an
1990 535 387 54 introduction

382 619 74 67 by
487 618 209 50 Ernest
727 617 290 51 Newman.
1095 616 137 52 New
1265 616 180 66 York,
1475 616 259 52 London,
1765 615 71 54 A.
1870 615 70 54 A.
1970 613 226 69 Knopf,
2229 616 152 50 1929.

451 694 1927 51 xxii p., 2 l., 366 p., 1 l. 24½ᶜᵐ. (Lettered on cover: Borzoi musical
381 754 164 47 series,
576 754 73 39 ed.
679 753 60 48 by
772 754 53 39 E.
854 753 259 47 Newman)

386 821 1992 51 © Sept. 13, 1929; 2c. Sept. 17: aff. Sept. 16; A 12344; Alfred A. Knopf,
452 881 90 39 inc.
609 879 280 49 (29-19529)
2174 877 119 42 9505

383 973 230 63 Bolton,
644 973 248 54 Charles
917 972 295 65 Knowles,
1244 974 170 53 1867-

450 1052 120 52 The
613 1051 118 53 real
777 1049 275 56 founders
1096 1051 64 53 of
1204 1053 138 52 New
1387 1051 302 69 England;
1735 1051 200 54 stories
1979 1050 64 55 of
2085 1052 149 53 their
2277 1051 107 54 life

380 1130 171 69 along
580 1130 95 52 the
704 1135 171 65 coast,
907 1133 328 64 1602-1628,
1266 1130 72 68 by
1371 1130 237 55 Charles
1638 1130 272 53 Knowles
1941 1130 226 53 Bolton.
380 1132 1980 139 Boston,
523 1210 64 51 F.
614 1209 89 52 W.
734 1209 201 51 Faxon
962 1226 299 50 company,
1291 1211 150 50 1929.

452 1266 1932 72 xiv p., 1 l.| 192 p. front., illus. (incl. maps, facsims.) 22 ᶜᵐ . (Half-
383 1347 128 39 title:
540 1346 171 41 Useful
741 1346 247 41 reference
1017 1346 165 48 series,
1209 1357 75 30 no.
1310 1346 82 47 38)

455 1417 68 40 “A
565 1416 239 41 tentative
843 1417 84 40 list
969 1417 53 40 of
1065 1418 77 40 old
1188 1419 218 46 planters
1447 1418 94 39 and
1586 1416 283 47 sojourners
1913 1416 47 39 in
2003 1417 116 39 New
2164 1417 221 47 England

382 1474 164 40 before
574 1475 27 39 6
629 1475 292 47 September,
951 1473 143 41 1628”:
1152 1485 43 38 p.
1222 1473 218 42 144-165.

454 1532 178 45 “Early
664 1532 305 39 settlements
1001 1532 96 39 and
1131 1530 129 41 their
1288 1530 293 41 founders”:
1614 1541 44 37 p.
1690 1530 218 41 166-177.

454 1588 177 47 “Early
658 1587 224 41 names”:
911 1599 44 38 p.
985 1588 217 41 183-184.

453 1646 168 39 “Some
651 1644 322 41 authorities”;
1036 1656 44 37 p.
1110 1644 217 42 178-182.

387 1712 1832 53 © Sept. 17, 1929; 2c. and aff. Sept. 21: A 12479: F. W. Faxon co.
465 1772 281 48 (29-19510)

410 1866 183 65 [Bond,
623 1866 145 53 Paul
797 1866 265 69 Stanley]
1099 1868 170 54 1879-

460 1945 170 54 Basic
670 1946 258 70 military
969 1946 286 69 training;
1301 1967 31 32 a
1374 1951 122 49 text
1534 1946 149 53 book
1725 1946 92 52 for
1856 1947 95 52 the
1993 1946 66 51 R.
2104 1943 68 56 O.
2212 1946 66 51 T.
2322 1944 63 55 C.

386 2024 155 53 basic
580 2043 211 49 course,
832 2026 283 67 prepared
1156 2025 181 52 under
1378 2025 93 52 the
1513 2024 279 53 direction
1833 2024 65 53 of
1938 2024 215 53 United
2200 2022 188 56 States

386 2102 266 68 infantry
681 2102 357 56 association,
1065 2102 403 68 Washington,
1497 2102 71 53 D.
1599 2101 63 55 C.
1738 2101 341 69 Annapolis,
2104 2102 141 67 Md.,

386 2101 1977 148 National service publishing company [ ᶜ192 9]
453 2260 902 49 viii, 620 p. illus., diagrs. 23½ ᶜᵐ .
457 2316 209 49 “Eighth
695 2316 198 49 edition,
924 2318 131 47 July,
1085 2316 157 41 1929.”

457 2373 145 40 “This
636 2374 190 39 volume
862 2373 90 41 has
987 2374 119 40 been
1140 2373 255 49 published
1432 2374 48 39 in
1518 2375 142 40 order
1698 2376 48 39 to
1782 2373 198 49 provide
2018 2385 59 28 an
2116 2374 268 47 up-to-date

385 2429 312 48 compilation
736 2431 51 40 of
823 2430 81 40 the
941 2431 118 40 War
1098 2431 307 48 department
1443 2430 220 49 training
1700 2430 300 48 regulations
2038 2430 227 47 covering
2303 2430 82 40 the

385 2486 1981 106 basic subjects for infantry training … In cases where no training regulations covering
862 2554 26 29 a
925 2554 171 31 course
1129 2544 123 41 have
1288 2546 82 46 yet
1402 2546 117 39 been
1555 2544 271 49 published,
1863 2544 81 41 the
1979 2544 228 40 material
2242 2544 42 40 is
2321 2554 61 29 an

386 2602 143 38 exact
554 2599 188 49 reprint
764 2599 129 41 from
920 2600 83 41 the
1031 2601 55 40 R.
1115 2600 50 41 O.
1194 2601 53 40 T.
1275 2600 49 41 C.
1351 2600 437 41 manual.”—Pref.

390 2652 1995 54 © Aug. 15, 1929; 2c. Sept. 13; aff. Sept. 14; A 12325; Natl. service pub.
457 2723 66 29 co.
591 2712 281 49 (29-19621)

458 2808 123 53 The
608 2807 69 53 R.
709 2807 68 56 O.
805 2810 65 51 T.
900 2809 63 55 C.
993 2811 247 52 manual.
1315 2810 295 70 Infantry.
1689 2811 130 52 12th
1850 2810 84 53 ed.
2008 2809 57 52 A
2093 2815 121 48 text
2241 2806 149 57 book

390 2885 1999 73 for the Reserve officers training corps … Annapolis, Md.,
388 2964 1415 72 National service publishing company [ᶜ1929 ]
454 3045 1287 50 4 v. illus. (incl. maps) diagrs., forms. 23½ ᶜᵐ .
457 3100 204 42 Preface
688 3102 167 47 signed:
911 3102 51 40 P.
993 3102 45 41 S.
1066 3103 150 48 Bond,
1246 3103 43 41 J.
1318 3104 54 40 B.
1403 3103 169 49 Sweet,
1601 3104 199 41 editors.

443 3158 237 39 Eleventh
714 3158 197 48 edition,
945 3159 257 48 published
1234 3160 127 41 1928.
1396 3160 90 41 has
1519 3160 136 41 title:
1690 3160 101 41 The
1824 3160 55 41 R.
1914 3160 53 40 O.
2000 3160 52 40 T.
2087 3159 50 41 C.
2170 3157 215 41 manual.

456 3213 116 40 Also
599 3213 165 41 issued
790 3213 51 40 in
868 3214 26 39 2
921 3216 120 41 vols.

810 3272 1199 49 CONTENTS.— I. 1st year basic.—II. 2d year basic. — III.
2045 3273 75 39 1st
2155 3281 116 37 year
386 3271 1979 95 advanced.—IV.
750 3327 59 40 2d
843 3337 116 38 year
995 3329 263 41 advanced.

422 3414 8 8 v.
464 3382 38 47 1,
537 3382 41 43 2,
615 3378 51 52 ©
701 3383 121 47 Aug.
854 3383 70 41 20.
959 3384 142 45 1929;
1137 3397 43 28 v.
1214 3385 40 48 3,
1289 3387 40 42 4,
1367 3381 53 52 ©
1455 3386 120 48 Aug.
1611 3385 83 48 25;
1732 3386 67 40 2c.
1834 3385 118 40 each
1992 3385 128 47 Sept.
2157 3384 81 46 13;
2274 3382 112 41 affs.

461 3437 127 48 Sept.
617 3439 82 45 14;
730 3439 40 38 A
798 3439 155 42 12319.
981 3439 158 50 12320,
1169 3441 157 41 12322.
1356 3442 171 40 12323:
1559 3443 115 39 Natl.
1720 3441 185 41 service
1932 3441 110 48 pub.
2071 3451 68 29 co.

468 3493 280 48 (29-19620)

387 3585 273 65 Bowden,
691 3587 311 54 Aberdeen
1035 3589 275 65 Orlando,
1344 3597 166 49 1881-

460 3664 340 56 Consumers
827 3686 125 35 uses
979 3669 65 53 of
1069 3670 326 53 arithmetic;
1455 3689 72 35 an
1554 3671 412 69 investigation
1992 3675 60 48 to
2078 3666 312 56 determine

388 3742 95 52 the
516 3745 188 50 actual
738 3762 124 36 uses
894 3746 165 52 made
1094 3747 64 53 of
1191 3747 325 54 arithmetic
1548 3750 59 51 in
1644 3750 165 52 adult
1841 3748 174 54 social

388 3743 2002 150 life, exclusive of vocational uses, by A. O. Bowden … New York city,
388 3897 277 54 Teachers
697 3901 228 67 college,
961 3901 300 54 Columbia
1293 3902 336 71 university,
1665 3907 150 49 1929.
