2542 4389
1132 4039 133 48 1499

249 471 338 50 348 p. 20 ᶜᵐ .
187 540 51 52 ©
273 544 127 48 Sept.
432 543 68 48 19,
533 542 112 40 1929;
706 543 66 39 2c.
805 542 96 39 and
931 540 82 42 aff.
1049 540 127 48 Sept.
1208 540 56 40 30;
1324 541 41 38 A
1396 539 144 41 13807;
1600 540 50 40 L.
1685 539 305 47 O’Flaherty,
253 537 1911 111 Wicklow,
389 600 210 39 Ireland.
667 597 280 50 (29-20012)

180 708 300 63 Oliphant,
507 707 122 54 Jas.
657 707 92 63 H.,
776 706 52 53 &
855 721 82 38 со.

258 785 229 55 Studies
541 785 61 51 in
653 784 308 67 securities,
1016 786 150 50 1929.
1256 782 186 53 Third
1496 783 161 52 issue.
1750 780 170 56 Some
1970 779 66 54 of
2088 780 98 52 the

182 865 216 54 studies
435 864 63 52 of
536 882 131 35 over
708 883 31 33 a
777 864 264 51 hundred
1081 860 270 55 different
1387 861 322 69 companies
1749 861 284 67 prepared
2072 859 114 53 and

180 943 303 69 published
513 943 75 68 by
617 940 116 56 this
762 940 130 52 firm
923 940 213 68 during
1166 940 96 53 the
1293 941 112 52 last
1438 940 111 52 few
1580 955 179 53 years.
1838 937 256 55 Selected
2127 955 61 36 as

181 1020 373 68 outstanding
613 1019 286 67 examples
960 1018 64 53 of
1081 1017 198 53 varied
1339 1017 329 67 enterprise.
1761 1017 142 53 Past
1961 1015 226 53 records

180 1094 2009 73 brought into relation with the present … [New York, N. Y.,
181 1177 242 53 Printed
449 1177 76 61 by
550 1176 64 51 L.
643 1174 258 52 Middled
911 1172 117 54 itch
1056 1189 299 49 company,
1385 1174 152 64 1929]

255 1257 85 40 120
372 1267 43 38 p.
476 1256 145 41 21½ᶜᵐ.

190 1322 51 53 ©
275 1327 128 47 Sept.
464 1358 7 11 6,
502 1325 112 39 1929;
674 1325 66 39 2c.
774 1324 129 48 Sept.
934 1324 55 39 13;
1080 1323 52 41 aff.
1165 1324 128 48 Sept.
1324 1323 54 40 11;
1440 1323 43 40 A
1510 1323 142 41 13871;
1715 1324 44 40 J.
1791 1324 61 40 H.
1885 1323 237 48 Oliphant
2149 1324 38 41 &

257 1393 82 38 со.,
368 1383 117 39 New
513 1382 143 39 York.

186 1491 266 64 Parrish,
484 1491 189 63 Anne,
707 1495 172 50 1888-

253 1566 1935 70 The Methodist faun, by Anne Parrish … New York and
183 1647 259 67 London,
472 1646 234 67 Harper
736 1647 46 50 &
811 1644 278 67 brothers,
1125 1647 150 51 1929.

253 1728 715 50 3 p. l., 3-334 p., 1 l. 20ᶜᵐ.
257 1800 162 40 “First
450 1798 227 41 edition.”

192 1865 51 53 ©
275 1869 103 41 Oct.
410 1869 39 48 2,
479 1868 141 48 1929;
652 1869 68 39 2c.
753 1867 102 42 Oct.
886 1868 52 46 3;
973 1867 82 41 aff.
1088 1867 102 41 Oct.
1221 1868 53 46 4;
1306 1867 43 39 A
1379 1867 173 48 13873;
1586 1868 136 40 Anne
1754 1868 204 40 Parrish
1989 1868 199 49 Corliss,

261 1927 118 39 New
406 1926 144 40 York.
618 1923 280 50 (29-20108)

191 2020 334 64 Partridge,
553 2019 285 64 Bellamy.

259 2099 354 68 Amundsen,
649 2098 94 53 the
778 2096 266 70 splendid
1084 2098 334 66 Norseman,
1453 2100 75 68 by
1567 2099 263 70 Bellamy
1864 2099 328 68 Partridge.

191 2178 138 53 New
357 2177 178 67 York,
562 2177 311 53 Frederick
897 2177 71 53 A.
1000 2176 202 55 Stokes
1229 2195 300 51 company,
1557 2179 150 52 1929.

260 2257 1269 49 xvi p., 2 l., 276 p. front., plates, ports. 21ᶜᵐ.
259 2330 139 47 Maps
437 2338 60 30 on
536 2327 366 49 lining-papers.

196 2395 51 53 ©
276 2400 128 48 Sept.
430 2399 68 48 19,
523 2399 140 46 1929;
690 2399 67 40 2c.
787 2400 128 47 Sept.
941 2398 84 47 26;
1051 2398 83 41 aff.
1162 2399 129 48 Sept.
1316 2400 57 38 24;
1422 2395 46 43 A
1494 2399 171 48 12573;
1694 2401 53 39 B.
1776 2401 271 47 Partridge,
2075 2401 117 40 New

263 2457 144 40 York.
476 2455 279 49 (29-20038)

192 2551 204 63 Perry,
428 2551 212 52 Maude
673 2549 291 55 Caldwell.

257 2628 145 52 Tide
426 2628 189 67 house,
641 2645 31 34 a
697 2627 167 53 novel
911 2627 94 69 [by]
1035 2627 213 53 Maude
1275 2627 279 55 Caldwell
1580 2630 199 67 Perry.
1843 2629 139 54 New
2010 2629 181 69 York,

187 2705 311 67 Harcourt,
525 2706 180 52 Brace
733 2706 113 52 and
873 2723 282 52 company
1229 2708 152 65 [ᶜ1929]

261 2787 636 49 5 p. l., 3-338 p. 19½ᶜᵐ.
197 2852 51 53 ©
280 2857 128 48 Sept.
435 2857 69 48 19,
532 2857 114 40 1929;
701 2858 67 40 2c.
797 2859 95 38 and
920 2857 83 41 aff.
1033 2858 128 48 Sept.
1189 2858 82 46 30;
1301 2858 41 39 A
1369 2857 170 49 13803;
1572 2859 261 45 Harcourt,
1864 2860 155 39 Brace
2047 2859 37 41 &
2109 2869 83 39 со.,

265 2913 91 41 inc.
421 2913 280 49 (29-20008)

196 3006 192 65 Pinto,
418 3006 214 54 Vivian
660 3009 71 51 de
758 3007 153 64 Sola,
940 3026 181 52 comp.

270 3087 121 51 The
434 3091 116 48 tree
595 3087 64 53 of
702 3086 133 67 life;
885 3104 72 35 an
1003 3088 315 70 anthology
1362 3088 165 53 made
1569 3089 76 69 by
1686 3087 218 55 Vivian
1947 3089 70 53 de
2062 3089 134 55 Sola

198 3165 174 52 Pinto
421 3165 112 53 and
580 3163 222 70 George
850 3165 153 52 Neill
1049 3165 252 69 Wright.
1377 3165 139 53 New
1565 3166 180 70 York,
1794 3165 230 55 Oxford
199 3167 1974 144 university
441 3261 173 49 press,
644 3244 150 50 1929.

265 3323 114 49 [315]
403 3334 45 37 p.
506 3323 117 41 18ᶜᵐ.

201 3389 51 52 ©
283 3393 128 48 Sept.
438 3393 70 49 26,
535 3393 115 40 1929;
704 3395 68 39 2c.
800 3395 96 39 and
925 3394 82 41 aff.
1036 3394 103 41 Oct.
1167 3395 25 39 1;
1250 3395 41 39 A
1318 3394 144 41 12652;
1522 3395 187 41 Oxford
1739 3396 128 41 univ.
1899 3408 149 38 press,
2077 3399 119 41 New

268 3451 144 46 York,
442 3450 90 40 inc.
599 3450 280 49 (29-20131)

200 3543 220 64 Pitkin,
450 3544 224 54 Walter
704 3545 337 63 Boughton.

267 3623 122 51 The
427 3627 90 47 art
551 3622 64 52 of
649 3623 170 67 rapid
856 3624 267 68 reading;
1164 3642 31 34 a
1229 3624 149 52 book
1417 3624 93 52 for
1546 3626 200 67 people
1784 3628 127 51 who
1948 3633 155 47 want
2139 3634 58 47 to

198 3698 1937 73 read faster and more accurately, by Walter B. Pitkin …
200 3780 84 50 1st
326 3778 85 52 ed.
486 3779 138 52 New
669 3779 162 53 York
897 3784 120 64 [etc.]
1065 3779 434 55 McGraw-Hill
1539 3782 147 52 book
1729 3801 299 51 company,
2073 3783 125 68 inc.,

200 3858 148 50 1929.

307 3968 8 11 x.
352 3937 85 39 233
472 3948 42 36 p.
550 3937 107 41 inch
695 3938 142 48 illus.,
874 3939 142 40 form,
1077 3940 171 46 plates.
1309 3940 117 41 21ᶜᵐ.
1543 3939 129 51 $2.50
