2542 4389
1051 4039 135 52 1883

144 377 277 66 Burdick,
451 378 209 54 Jennie
692 378 165 65 Ellis,
886 382 84 53 ed.

136 454 1982 149 … General index [to The history of nations] world chronology
394 535 115 52 and
554 534 411 70 bibliography
1013 532 65 56 of
1121 533 298 54 historical
1465 533 212 69 novels,
1724 532 191 55 edited
1960 533 78 72 by
2083 536 58 55 J.

137 610 1979 148 Ellis Burdick, additions by Adam Ward. Special modern index … [Memorial ed.]
1027 691 140 53 New
1216 690 181 69 York,
1443 692 65 52 P.
1558 691 67 52 F.
1676 688 215 58 Collier
1939 691 51 51 &
2039 708 102 35 son

135 785 507 51 company [ ᶜ1928 ]
207 848 1884 51 2 p. l., lxiv, 907 p. 23 ᶜᵐ. (The history of nations, H. C. Lodge …
134 906 394 42 editor-in-chief,
586 907 94 41 vol.
709 907 123 48 xxv)

206 977 378 49 “Bibliography
614 978 53 40 of
695 978 256 40 historical
982 977 225 41 novels”:
1239 989 44 37 p.
1318 977 261 51 [817]-900;
1613 978 210 40 “Recent
1855 977 150 40 books
134 988 1991 95 pertaining
351 1037 51 39 to
426 1045 146 37 many
598 1034 171 41 lands”:
826 1045 44 38 p.
901 1033 249 51 [901]-907.

138 1101 52 53 ©
215 1107 120 40 Nov.
360 1106 40 49 6,
425 1105 118 42 1928;
593 1106 69 41 2c.
690 1106 129 48 Sept.
845 1105 70 50 30,
941 1105 115 41 1929;
1112 1105 83 42 aft.
1224 1106 103 41 Oct.
1353 1105 58 41 30;
1465 1106 42 40 A
1532 1106 145 42 13887;
1731 1107 52 40 P.
1811 1106 53 41 F.
1893 1105 178 41 Collier
2098 1105 37 41 &

205 1172 87 31 son
317 1173 69 30 co.
449 1160 281 51 (29-21140)

130 1254 174 67 Burr,
331 1255 205 65 Agnes
562 1255 188 56 Rush.

205 1333 191 68 India,
426 1333 96 53 the
549 1335 138 52 land
717 1333 128 54 that
876 1334 151 53 lures;
1091 1352 32 34 a
1154 1332 350 70 description
1534 1331 67 56 of
1631 1333 101 54 her
1763 1330 216 57 marble

135 1331 1975 148 palaces,
307 1416 232 65 strange
570 1411 159 70 gods,
760 1410 289 54 beautiful
1081 1411 258 68 temples,
1373 1409 249 55 colorful
1653 1415 176 49 street
1860 1409 126 69 life,
2020 1409 115 55 and

134 1488 358 70 picturesque
514 1488 328 54 mountains;
897 1508 32 34 a
953 1506 207 51 survey
1183 1486 66 55 of
1270 1487 102 54 her
1398 1488 266 69 dynamic
1688 1493 149 63 past,
1861 1487 274 71 religious

133 1567 208 68 creeds,
368 1567 156 53 child
549 1567 332 68 marriages,
910 1565 156 54 chief
1093 1565 328 67 industries,
1449 1566 115 52 and
1592 1564 287 70 problems
1905 1564 67 54 of
134 1582 1977 130 government;

464 1663 72 34 an
575 1644 397 69 appreciation
1013 1643 66 53 of
1117 1643 97 54 the
1254 1643 224 69 kindly,
1519 1643 240 67 lovable,
1799 1641 337 55 indifferent

133 1723 201 68 people
361 1721 62 55 in
447 1722 116 54 this
587 1723 139 52 land
754 1721 66 54 of
845 1721 98 54 the
969 1720 224 70 mystic,
1221 1721 96 53 the
1345 1721 203 67 occult,
1577 1721 113 52 and
1718 1720 97 53 the
1844 1719 288 69 spiritual.

132 1796 2000 74 By Agnes Rush Burr … with a map, forty-eight plates in duo-
131 1882 149 63 tone,
316 1879 114 52 and
465 1896 103 34 one
604 1877 58 53 in
702 1876 113 54 full
852 1878 170 52 color.
1096 1877 237 66 Boston,
1368 1875 65 53 L.
1473 1873 64 56 C.
1573 1876 159 68 Page
1768 1875 47 52 &
1849 1892 283 52 company

135 1959 193 64 [ ᶜ19 29]
198 2033 1536 53 xiv p., 1 l. , 460 p. front., plates, ports.,· fold. map. 26½ ᶜᵐ.
198 2095 291 41 Illustrated
521 2093 365 50 lining-papers.

132 2146 52 53 ©
208 2151 119 41 Nov.
351 2151 40 47 8,
416 2150 117 41 1929;
583 2150 69 41 2c.
676 2151 120 40 Nov.
819 2149 59 41 16;
930 2148 83 42 aff.
1038 2150 118 40 Nov.
1182 2147 56 41 15;
1293 2147 41 41 A
1358 2147 145 41 14863;
1558 2147 52 41 L.
1636 2146 49 42 C.
1712 2147 128 48 Page
1867 2146 38 41 &
1929 2157 82 38 co.,
2037 2147 93 42 inc.

209 2206 281 49 (29-25947)

121 2301 201 64 Burtt,
350 2300 222 54 Harold
602 2302 239 62 Ernest,
872 2305 173 51 1890-

190 2379 363 71 Psychology
579 2380 114 52 and
718 2378 313 54 industrial
1056 2377 298 69 efficiency,
1377 2376 76 69 by
1480 2376 229 54 Harold
1728 2376 213 53 Ernest
1957 2376 179 52 Burtt

183 2455 1794 70 … New York, London, D. Appleton and company, 1929.
190 2540 842 50 xviii p., 1 l., 395 p. diagrs. 21 ᶜᵐ.
128 2593 52 54 ©
207 2598 121 49 Aug.
354 2599 71 48 23,
452 2597 114 41 1929;
622 2598 68 40 2c.
718 2597 121 49 Aug.
866 2598 57 40 27;
980 2596 83 42 aff.
1093 2595 131 49 Sept.
1251 2595 56 40 24;
1366 2595 40 39 A
1434 2593 144 41 14941;
1636 2592 58 41 D.
1722 2591 242 49 Appleton
1992 2591 36 41 &
2056 2602 68 30 co.

206 2654 282 49 (29-27516)

129 2747 203 65 Cabot,
362 2747 155 55 John
544 2747 354 65 Higginson,
932 2747 172 55 1877-
1320 2748 84 53 ed.

260 2818 1868 79 … Italy, including Merivale’s Rome, 44 B . C.-476 A. D., edited
124 2898 2003 78 by J. Higginson Cabot … [Memorial ed.] New York, P. F.
127 2983 953 70 Collier & son company [ ᶜ19 28]
256 3096 9 18 xv,
300 3065 86 40 452
423 3075 45 39 p.
533 3066 87 40 col.
656 3064 165 48 front.,
859 3063 130 41 illus.
1017 3061 188 50 (maps)
1252 3062 174 48 plates.
1491 3060 117 40 23ᶜᵐ.
1682 3059 124 48 (The
1845 3056 191 49 history
2074 3057 52 41 of

119 3121 208 48 nations,
359 3121 63 42 H.
453 3120 51 43 C.
535 3121 173 49 Lodge,
740 3119 395 42 editor-in-chief,
1195 3119 94 40 vol.
1380 3117 15 48 IV)

189 3177 333 49 Frontispiece
550 3176 344 49 accompanied
919 3177 63 48 by
1008 3177 155 47 guard
1192 3176 137 40 sheet
1357 3173 120 41 with
1505 3171 292 48 descriptive
1823 3172 301 47 letterpress.

188 3233 377 49 Bibliography:
598 3244 45 38 p.
676 3233 250 49 [447]-452.

126 3285 52 54 ©
202 3291 120 41 Nov.
346 3290 40 48 6,
412 3290 117 41 1928;
580 3291 69 40 2c.
678 3290 128 48 Sept.
832 3289 70 48 30,
928 3288 115 41 1929;
1099 3287 83 42 aff.
1211 3287 101 41 Oct.
1339 3285 58 42 30;
1452 3286 42 39 A
1518 3285 145 41 13887;
1718 3285 51 40 P.
1797 3284 53 41 F.
1878 3283 179 42 Collier
2084 3283 37 41 &

193 3358 86 29 son
304 3357 69 30 co.
443 3345 282 51 (29-21120)

121 3439 289 65 Carnegie
454 3440 371 54 endowment
869 3439 97 53 for
1009 3435 425 57 international
1478 3450 194 50 peace.
1745 3435 267 55 Division
2058 3434 66 69 of

185 3519 413 55 international
625 3521 124 52 law.

189 3594 258 54 Treaties
479 3596 114 52 and
625 3600 354 64 agreements
1010 3593 142 53 with
1185 3593 114 52 and
1332 3589 344 71 concerning
1709 3588 206 68 China,
1951 3591 167 51 1919-

122 3674 149 51 1929.
358 3672 404 69 Washington,
818 3670 280 70 Carnegie
1149 3670 358 53 endowment
1561 3665 94 55 for
1708 3666 414 54 international

119 3768 186 50 peace,
335 3752 149 50 1929.

190 3829 98 49 xiv,
321 3831 85 41 282
439 3840 42 38 p.
542 3830 145 40 24½ᶜᵐ.
758 3829 302 50 (Half-title:
1094 3826 258 50 Pamphlet
1387 3827 151 41 series
1573 3825 53 42 of
1657 3826 83 41 the
1775 3823 238 50 Carnegie
120 3834 1986 94 endowment

390 3886 80 41 for
498 3886 352 41 international
879 3895 159 39 peace.
1068 3883 225 41 Division
1323 3883 53 41 of
1403 3882 353 42 international
1784 3883 111 45 law,
1925 3891 76 31 no.
2032 3879 83 51 50)

192 3942 129 41 “The
356 3945 194 46 present
584 3942 255 41 collection
875 3942 52 39 of
962 3942 283 40 documents
1281 3940 58 49 is,
1375 3939 52 41 in
1462 3949 28 31 a
1527 3949 153 39 sense,
1718 3949 28 30 a
1782 3935 340 44 continuation
