2533 4342
1351 4026 135 50 1374

413 368 186 62 Scott,
627 367 187 53 Zenos
843 368 295 55 Edmund.

478 443 151 53 How
672 448 58 47 to
772 444 162 52 teach
978 443 277 69 English;
1303 464 30 33 a
1378 446 276 67 complete
1697 447 232 51 manual
1973 446 94 53 for
2108 447 96 53 the
2249 447 166 68 Open

409 520 1983 132 door language series, by Zenos E. Scott … Randolph T. Congdon
613 599 1803 71 … Harriet E. Peet … and Laura Frazee … Boston, New
411 676 1484 71 York [etc.] Houghton Mifflin company [ ᶜ1 929]
477 759 386 49 vii, 356 p. 19 ᶜᵐ.
480 815 264 41 Published
773 815 50 40 in
852 818 113 46 part
993 815 51 40 in
1073 815 115 41 1918
1217 817 154 39 under
1400 816 136 40 title:
1569 817 242 40 Teachers’
1856 818 143 47 guide
2027 818 80 40 for
2134 819 83 39 the
2248 829 85 31 use
2364 820 51 40 of

410 873 80 39 the
521 872 132 48 Open
684 872 118 40 door
829 872 242 48 language
1098 871 164 44 series,
1294 872 48 39 in
1374 873 161 39 school
1567 875 209 43 systems
1806 873 51 40 of
1887 884 143 30 seven
2060 876 187 40 grades.

416 925 51 52 ©
500 929 129 48 Sept.
658 929 40 47 3,
730 928 116 40 1929;
903 930 68 40 2c.
1005 929 129 48 Sept.
1164 929 55 39 11;
1280 928 82 42 aff.
1396 929 130 48 Sept.
1556 929 57 40 10;
1673 930 41 39 A
1743 929 145 41 13190;
1947 931 264 48 Houghton
2244 932 170 40 Mifflin

482 997 68 29 co.
615 985 282 49 (29-18459)

414 1083 306 62 Seymour,
752 1082 176 53 Flora
954 1082 269 55 Warren.

479 1160 1876 71 The boy’s life of Kit Carson, by Flora Warren Seymour …
409 1240 1427 68 New York, London, The Century co. [ ᶜ1 929]
481 1321 1576 49 ix, 238 p. front. (port.) 1 illus., plates. 19½ ᶜᵐ. $2.00
480 1381 140 47 Maps
648 1390 61 29 on
735 1379 367 49 lining-papers.

416 1433 51 52 ©
499 1438 127 48 Sept.
655 1438 39 47 6,
722 1437 115 40 1929;
892 1438 67 40 2c.
989 1439 96 38 and
1114 1437 83 41 aff.
1229 1437 128 48 Sept.
1386 1438 51 38 11;
1499 1438 41 39 A
1568 1438 170 42 13217;
1772 1438 215 48 Century
2015 1449 69 29 co.
492 1494 280 48 (29-18406)

414 1588 310 65 Sheridan,
754 1589 272 54 Solomon
1055 1589 173 63 Neill,
1261 1595 172 49 1859-

479 1667 1937 70 The little spotted seal, by Sol N. Sheridan … illustrated by
407 1745 241 53 Mahlon
685 1745 219 54 Blaine.
980 1746 141 53 New
1156 1747 164 52 York
1354 1747 111 51 and
1500 1747 261 57 London,
1793 1748 234 66 Harper
2062 1750 44 49 &
2137 1746 280 67 brothers,

411 1828 150 49 1929.

482 1906 1654 48 ix p., 1 l. . 192 p., 1 l. col. front., illus.. col. plates. 21½ᶜᵐ.
416 1958 51 53 ©
502 1963 127 48 Sept.
658 1964 41 46 4,
729 1963 114 40 1929;
901 1964 67 39 2c.
1003 1963 127 48 Sept.
1162 1963 25 37 5;
1247 1963 80 40 aff.
1363 1963 128 48 Sept.
1523 1963 29 40 6;
1610 1964 39 38 A
1681 1963 144 39 13017;
1886 1964 196 47 Harper
2112 1967 36 40 &
2178 1964 125 39 bros.

491 2020 281 48 (29-18319)

415 2115 226 55 Sisters
693 2115 64 52 of
808 2114 103 53 the
964 2115 189 53 Order
1208 2114 62 53 of
1325 2115 87 54 St.
1466 2114 289 62 Dominic,
1810 2116 355 67 Marywood,
2221 2115 199 53 Grand

483 2195 240 68 Rapids.

479 2269 334 55 Curricular
848 2270 243 64 studies;
1135 2270 276 67 practical
1450 2269 384 68 applications
1873 2268 64 54 of
1972 2270 96 52 the
2105 2269 312 68 principles

406 2348 65 51 of
502 2347 263 55 Catholic
794 2348 319 66 education,
1141 2348 76 68 by
1249 2346 209 56 Sisters
1488 2346 64 53 of
1580 2348 97 52 the
1706 2346 187 55 Order
1922 2346 64 53 of
2018 2346 82 56 St.
2131 2347 287 66 Dominic,

407 2426 354 68 Marywood,
797 2425 202 55 Grand
1033 2425 242 68 Rapids,
1309 2425 317 68 Michigan,
1662 2425 141 52 with
1838 2444 31 33 a
1905 2424 231 69 preface
2166 2424 76 69 by
2276 2426 140 51 Rev.

408 2505 222 68 George
658 2503 279 67 Johnson,
1056 2546 9 9 PH.
1136 2546 10 8 D.
1221 2503 140 52 New
1392 2503 180 58 York,
1603 2503 122 52 The
1753 2502 335 53 Macmillan
2119 2520 299 51 company,

410 2585 148 50 1929.

476 2665 593 48 xii p., 1 l. , 570 p. 19½ᶜᵐ.
478 2722 350 47 Bibliography
846 2732 9 28 :
888 2732 43 37 p.
963 2720 220 41 499-560.

414 2774 52 52 ©
496 2779 120 46 Aug.
646 2778 68 43 13,
747 2777 114 40 1929;
921 2778 67 39 2c.
1020 2778 96 39 and
1147 2776 82 41 aff.
1260 2777 119 45 Aug.
1412 2776 56 39 14;
1527 2776 40 38 A
1599 2776 145 39 10744;
1806 2776 283 39 Macmillan
2119 2786 68 30 co.

490 2833 281 50 (29-18460)

413 2915 297 64 Stebbins,
742 2915 222 53 Eunice
997 2915 174 54 Burr.

478 2992 120 52 The
633 2991 243 68 dolphin
909 2992 60 51 in
1003 2992 96 51 the
1132 2990 298 53 literature
1465 2992 113 51 and
1610 2996 92 47 art
1734 2990 64 53 of
1831 2990 209 55 Greece
2074 2990 112 52 and
2222 2991 194 66 Rome,

407 3067 2010 71 by Eunice Burr Stebbins … Menasha, Wis., The George
409 3148 190 52 Banta
629 3146 337 69 publishing
997 3164 297 51 company,
1330 3148 149 50 1929.

476 3229 574 51 4 p. l., 135, [1] p. 23 ᶜᵐ.
477 3287 173 41 Thesis
679 3288 106 46 (PH.
853 3287 262 46 D.)—Johns
1149 3286 223 48 Hopkins
1407 3286 287 47 university,
1730 3285 127 41 1927.

476 3345 130 40 Vita.

478 3400 351 48 Bibliography
856 3399 226 39 included
1112 3398 48 39 in
1191 3399 82 39 the
1299 3398 347 40 introduction.

416 3453 52 52 ©
503 3457 120 48 Aug.
655 3456 70 42 29.
760 3456 116 40 1929;
938 3456 68 40 2c.
1043 3456 95 39 and
1175 3455 82 41 aff.
1296 3455 128 47 Sept.
1460 3455 25 39 3;
1552 3456 41 38 A
1627 3454 145 40 12107;
1837 3455 61 40 H.
1934 3455 56 41 N.
2028 3455 175 47 Couch,
484 3455 1912 107 Champaign,
674 3513 75 39 Ill.
816 3512 282 48 (29-18303)

414 3592 993 65 Stef á nsson, Vilhj á lmur, 1879-
411 3671 1983 147 … Neuland in Norden; die bedeutung der Arktis für Siedlung,
599 3751 242 51 verkehr
871 3752 114 50 und
1021 3749 324 53 Wirtschaft
1379 3751 100 50 der
1542 3749 231 52 zukunft.
1848 3749 284 52 Deutsche
417 3747 1974 149 bearbeitung
600 3847 110 33 von
748 3830 84 51 dr.

872 3828 300 51 Hermann
1213 3826 273 68 Rüdiger.
1560 3827 116 51 Mit
1713 3830 65 49 31
1820 3824 404 71 abbildungen,
2261 3825 156 53 einer

413 3906 162 52 karte
605 3908 117 50 und
757 3907 179 51 einem
968 3905 337 67 diagramm.
1382 3904 257 69 Leipzig,
1674 3905 65 51 F.
1773 3904 70 52 A.
1876 3903 351 59 Brockhaus,
2262 3905 149 50 1928.
