2533 4384
1088 4001 100 50 193

122 366 251 64 Peattie,
408 365 227 53 Donald
670 364 258 64 Culross,
966 368 171 50 1898-

188 445 187 51 Down
408 442 182 67 wind;
626 447 205 48 secrets
863 440 64 54 of
959 441 95 53 the
1087 439 395 67 underwoods,
1514 439 75 69 by
1620 438 233 54 Donald
1889 437 233 55 Culross

120 522 113 52 and
265 520 206 54 Louise
559 519 204 53 Redfield
797 518 240 53 Peattie.
1112 518 140 52 New
1285 516 182 68 York,
1500 516 260 68 London,
1794 517 74 52 D.
121 515 1976 136 Appleton
244 601 45 50 &
316 615 297 51 company,
643 599 150 50 1929.

192 675 1054 53 5 p. l., 230, [1] p. front., plates. 20 ᶜᵐ .
122 747 1781 54 © Feb. 15, 1929; 2c. and aff. Feb. 16; A 4455; D. Appleton & co.
200 807 251 50 (29-4887)

119 931 439 63 Pennsylvania
585 946 272 37 museum
885 931 114 51 and
1028 929 198 54 school
1251 929 66 53 of
1343 928 319 54 industrial
1687 932 116 62 art,
189 929 1911 150 Philadelphia.

192 1087 317 68 Catalogue
543 1086 65 53 of
642 1087 96 52 the
774 1086 428 68 Pennsylvania
1238 1104 274 49 museum,
1549 1086 321 53 Fairmont.
121 1086 1979 148 January,
296 1169 150 49 1929.

540 1165 446 68 [Philadelphia]
1045 1165 122 52 The
1219 1163 430 70 Pennsylvania
1700 1182 256 35 museum
2012 1165 112 53 and

121 1244 192 53 school
340 1243 65 54 of
431 1243 309 53 industrial
770 1248 107 62 art,
928 1245 153 64 ᶜ1929]

190 1326 491 49 31 p. illus. 25 ᶜᵐ .
125 1393 52 52 ©
205 1398 112 39 Feb.
345 1398 40 43 2,
414 1396 140 46 1929;
585 1397 68 39 2c.
681 1396 96 39 and
807 1395 82 40 aff.
919 1396 112 40 Feb.
1059 1396 53 46 8;
1143 1396 42 39 A
1213 1395 141 46 5225;
1388 1394 360 49 Pennsylvania
1781 1406 218 29 museum
2029 1398 96 39 and

191 1454 162 40 school
382 1453 54 41 of
463 1452 262 41 industrial
753 1454 94 39 art.
915 1452 252 49 (29-4688)

119 1576 270 65 Perkins,
421 1577 175 63 Mary
623 1575 322 64 Hallowell,
979 1576 171 55 1878-

194 1654 123 53 The
349 1660 229 47 servant
613 1654 258 68 problem
907 1654 114 53 and
1054 1653 96 54 the
1185 1659 231 48 servant
1452 1654 59 52 in
1549 1654 247 69 English
1831 1654 300 53 literature

129 1731 1996 70 [by] Mary Hallowell Perkins … Boston, B. G. Badger [ᶜ1928]
192 1815 87 40 186
304 1826 43 37 p.
406 1814 164 48 front.,
595 1826 78 37 pl.,
699 1816 139 47 port.,
863 1814 191 41 facsim.
1113 1814 147 41 21½ᶜᵐ.

193 1887 228 40 Lettered
447 1896 60 30 on
532 1896 141 31 cover
691 1896 8 30 :
734 1886 102 40 The
859 1887 200 39 servant
1084 1886 214 48 problem
1325 1885 50 40 in
1402 1885 204 49 English
1629 1886 276 42 literature.

196 1943 146 41 “This
367 1944 146 46 study
538 1945 234 46 attempts
798 1946 49 37 to
870 1944 196 47 present
1090 1943 82 40 the
1194 1946 201 37 servant
1420 1953 54 30 as
1497 1943 60 40 he
1582 1943 243 48 appeared
1851 1942 51 41 in
1926 1943 204 50 English

123 2000 2008 48 literature since the sixteenth century … through the eighteenth.”—Introd.
193 2058 352 47 Bibliography
562 2068 9 29 :
604 2068 44 37 p.
670 2057 218 41 183-186.

126 2124 52 52 ©
211 2129 110 40 Jan.
352 2128 69 47 16,
453 2128 141 48 1929;
626 2128 68 40 2c.
725 2127 112 41 Feb.
869 2128 83 47 12;
986 2127 83 42 aff.
1102 2128 111 41 Feb.
1244 2127 54 47 9;
1332 2127 42 40 A
1404 2127 141 46 5262;
1581 2127 216 42 Richard
1831 2128 54 41 G.
1919 2129 207 47 Badger.

205 2184 253 49 (29-4458)

118 2306 217 65 Petrie,
364 2308 187 63 Irene,
581 2307 172 54 “Mrs.
783 2307 73 55 A.
886 2308 73 53 H.
988 2306 255 54 Petrie.”

191 2388 338 54 Jesus—the
555 2405 143 51 way,
724 2388 96 52 the
847 2387 157 54 truth
1038 2388 112 53 and
1176 2388 97 52 the
1300 2385 123 70 life,
1450 2387 75 70 by
1552 2387 138 55 Mrs.
1719 2387 71 56 A.
1816 2388 79 55 H.
1922 2389 208 54 Petrie.

128 2467 128 66 [Los
286 2466 266 68 Angeles,
605 2469 152 64 ᶜ1928]

193 2547 333 49 166 p. 20 ᶜᵐ .
128 2615 52 52 ©
214 2620 115 48 Apr.
362 2619 68 47 16,
464 2619 140 46 1928;
639 2619 67 41 2c.
740 2620 115 46 May
888 2617 58 40 10;
1005 2617 83 42 aff.
1124 2618 111 41 Feb.
1269 2618 42 48 9,
1344 2618 142 47 1929;
1521 2619 40 39 A
1593 2619 144 52 4348;
1775 2621 142 40 Irene
1952 2620 176 50 Petrie,

197 2677 271 47 Pasadena,
498 2674 144 43 Calif.
709 2674 253 48 (29-4591)

128 2785 217 65 Polley,
376 2787 175 63 Mary
581 2787 66 53 E.

256 2863 1815 74 … Rosa and her friends; first reader, by Mary E. Polley …
123 2941 1986 147 and Andres Batica … Manila, P. I. , The Associated publishers;
383 3021 139 53 New
548 3021 180 68 York,
753 3021 73 53 D.
855 3020 62 56 C.
945 3021 195 53 Heath
1168 3023 112 51 and
1307 3039 309 52 company;
1671 3029 120 63 [etc.,
1816 3029 120 62 etc.,
1978 3026 151 67 ᶜ1929]

196 3101 1589 51 140 p. col. illus. 19½ ᶜᵐ . (Philippine child life readers)
131 3171 52 52 ©
213 3176 113 40 Feb.
355 3176 68 40 14,
455 3175 116 40 1929;
627 3176 68 39 2c.
726 3175 112 39 Feb.
867 3174 57 40 20;
983 3173 82 41 aff.
1097 3174 111 40 Feb.
1240 3173 55 40 19;
1356 3174 41 39 A
1425 3174 119 41 4530;
1601 3175 287 41 Associated
198 3176 1916 96 publishers.
359 3231 252 50 (29-4981)

127 3340 227 64 Prince,
385 3341 255 61 Morton,
672 3344 172 50 1854-

198 3419 247 55 Clinical
475 3420 110 51 and
619 3418 411 68 experimental
1061 3418 214 54 studies
1308 3418 60 53 in
1397 3419 371 69 personality,
1798 3421 76 69 by
1903 3421 233 54 Morton

128 3495 1431 71 Prince … Cambridge, Mass., Sci-art, 1929.
197 3558 736 67 xvi, 559 p. diagrs. 24½ ᶜᵐ .
203 3649 248 41 “Selected
490 3658 177 39 papers
703 3647 131 40 from
871 3658 80 37 my
988 3647 225 48 writings
1253 3648 97 40 and
1388 3649 210 40 lectures
1638 3660 61 29 on
1736 3650 255 42 abnormal
130 3662 1989 91 psychology

377 3706 95 39 and
516 3704 148 41 allied
708 3705 217 47 subjects
969 3706 110 39 that
1123 3705 124 40 have
1290 3705 120 40 been
1456 3705 195 48 printed
1697 3707 49 40 in
1790 3707 207 41 medical
2041 3711 96 39 and

130 3763 356 48 psychological
521 3762 224 48 journals
781 3761 179 48 during
993 3763 83 39 the
1108 3763 100 39 last
1242 3762 139 48 forty
1413 3762 382 48 years.”—Pref.
1831 3766 97 39 and
130 3765 1990 95 historical
251 3821 283 47 retrospect.

135 3887 52 53 ©
215 3891 111 41 Jan.
354 3890 69 47 12,
451 3889 142 48 1929;
622 3889 67 41 2c.
718 3889 111 40 Jan.
857 3889 83 47 18;
971 3888 83 42 aff.
1083 3889 112 41 Feb.
1223 3890 83 46 13;
1337 3889 41 40 A
1407 3889 141 49 5308;
1583 3891 177 42 Sci-art
1789 3893 290 48 publishers.

216 3946 252 51 (29-4797)
