2542 4389
1063 4091 100 51 815

130 498 99 40 this
259 498 123 40 book
411 497 51 41 of
492 497 158 40 which
682 496 85 42 550
798 508 84 30 are
915 501 49 37 to
996 500 56 39 be
1084 499 293 40 distributed
1412 498 49 40 in
1495 499 221 40 America
1753 501 209 48 through
129 503 1974 92 Random
262 556 163 46 house,

452 554 119 40 each
598 564 119 38 copy
742 553 168 49 signed
937 555 62 47 by
1027 555 82 40 the
1136 556 192 46 author,
1358 555 100 40 this
1485 555 144 48 being
1653 558 202 39 number
1884 558 128 40 720.”

203 612 128 39 “The
370 611 281 47 lithograph
693 621 102 30 was
836 612 169 38 drawn
1048 622 60 29 on
1151 613 137 38 stone
1331 612 260 48 especially
1633 612 79 40 for
1754 613 100 41 this
1896 614 123 41 book
2061 617 60 45 by

132 669 193 46 Zhenya
358 668 104 46 Gay
493 668 96 39 and
621 667 120 40 each
773 667 142 48 proof
948 667 168 49 signed
1148 670 60 46 by
1242 669 81 39 the
1357 667 190 41 artist.”

132 737 52 51 ©
211 741 109 40 Feb.
347 741 68 47 28,
442 740 116 40 1920;
609 741 67 40 2c.
703 741 121 40 Mar.
850 742 23 37 1;
931 741 81 41 aff.
1041 738 126 60 Mag
1189 742 55 38 12;
1298 742 43 38 A
1366 741 115 41 9385;
1536 741 183 49 Crosby
1746 742 163 49 Gaige.
208 797 281 49 (29-12081)

131 894 71 53 U.
235 894 56 54 S.
366 895 183 68 Laws,
579 901 257 62 statutes,
867 902 99 47 etc.

259 971 1861 71 … Mason’s United States Code annotated [Supplement no. 1]
129 1049 357 70 Continuing
507 1052 95 51 the
621 1050 171 68 Code,
808 1052 138 52 both
972 1071 59 33 as
1054 1057 57 47 to
1136 1057 124 47 text
1281 1053 112 52 and
1420 1052 380 67 annotations,
1818 1057 59 47 to
126 1053 1976 129 December
257 1133 49 63 3,

343 1133 150 64 1928,
527 1130 181 52 under
741 1130 98 52 the
870 1130 399 54 classification
1307 1132 113 51 and
1452 1131 344 69 numbering
1829 1130 64 54 of
1926 1131 199 53 official

127 1210 361 66 supplement
508 1227 88 34 no.
620 1212 49 63 2,
693 1209 303 68 published
1019 1210 76 67 by
1117 1210 94 52 the
1235 1214 389 64 government,
1647 1211 117 51 also
1790 1210 337 69 continuing

126 1289 96 51 the
250 1288 250 52 features
527 1288 63 52 of
615 1288 250 52 Mason’s
895 1287 153 55 Code
1078 1289 295 52 embraced
1401 1289 61 51 in
1489 1290 98 51 the
1615 1289 358 67 appendices,
127 1307 1975 129 presenting

378 1367 364 53 annotations
764 1367 64 53 of
853 1368 98 51 the
971 1366 322 54 uncodified
1318 1368 155 65 laws,
1498 1367 247 67 treaties,
1770 1367 357 67 resolutions,

125 1446 442 68 proclamations
587 1447 112 51 and
720 1446 219 52 federal
959 1451 160 47 court
1138 1447 165 52 rules.
1374 1446 288 52 Editorial
1683 1445 135 53 staff
1836 1465 9 33 :
1865 1446 263 54 William

127 1526 75 51 H.
233 1526 221 57 Mason,
481 1525 471 65 editor-in-chief,
982 1525 249 52 Richard
1266 1525 186 69 Olney
1481 1525 221 67 Mason,
1730 1525 163 52 Prof.
1923 1526 203 67 Henry

126 1603 1993 69 Rottschaefer … St. Paul, Minn., Citer-digest company [ ᶜ1 929]
196 1686 474 50 2 p. l., 1002 p. 26½ ᶜᵐ.
130 1741 52 51 ©
211 1745 126 40 June
364 1746 41 45 4,
433 1744 140 46 1929;
601 1744 67 40 2c.
698 1744 126 40 June
852 1744 81 46 10;
964 1744 81 39 aff.
1077 1744 129 39 June
1231 1743 82 47 19;
1342 1743 39 39 A
1408 1743 142 48 9840;
1582 1743 311 48 Citer-digest
1923 1754 81 35 co.,
2033 1743 91 41 inc.

133 1854 295 69 [Vallette,
458 1856 168 53 Mme.
658 1852 368 65 Marguérite
1066 1853 350 67 (Eymery)]
1455 1859 172 49 1860-

255 1929 1867 71 … Madame de Lydone, assassin, roman. Paris, J. Ferenczi
123 2016 55 46 et
204 2009 89 54 fils
327 2012 171 64 [1929]

192 2093 274 48 225 p. 18½ ᶜᵐ.
193 2148 230 42 Author’s
453 2149 178 47 pseud.,
664 2148 250 48 Rachilde,
946 2149 51 39 at
1027 2149 124 39 head
1182 2148 53 40 of
1266 2148 123 40 title.

129 2201 1781 53 © Jan. 15, 1929; 1c. Mar. 8; A—Foreign 2313; J. Ferenczi & fils.
207 2263 280 48 (29-12478)

129 2358 350 64 Vartanian,
510 2358 314 53 Parounak
854 2358 216 56 Hatch.

192 2438 121 51 The
340 2436 111 53 law
477 2435 64 53 of
566 2435 393 68 corporations
988 2436 60 51 in
1074 2435 271 67 Virginia
1386 2436 60 68 (a
1474 2434 331 69 handbook)
1843 2434 75 70 by
1946 2437 66 53 P.
2043 2436 76 52 H.

121 2513 2000 69 Vartanian … Charlottesville, Va., The Michie company,
125 2597 148 51 1929.

260 2708 8 15 xv,
296 2676 86 41 719
411 2687 43 37 p,
514 2675 144 41 23½ᶜᵐ.

126 2729 54 53 ©
206 2735 114 46 May
343 2734 59 40 30,
441 2734 138 41 1929;
607 2733 67 40 2c.
701 2735 94 38 and
822 2733 81 40 aff.
930 2734 126 39 June
1083 2733 23 38 1;
1165 2734 39 38 A
1229 2733 140 46 8416;
1401 2732 176 40 Michie
1603 2744 65 28 co.
205 2790 280 49 (29-12181)

125 2886 182 63 Vilas,
335 2888 137 53 Mrs.
504 2885 176 53 Faith
710 2886 130 53 Van
869 2884 447 64 Valkenburgh.

193 2963 346 66 Aromancy,
581 2963 113 53 and
735 2964 164 52 other
939 2981 210 49 poems,
1189 2962 77 67 by
1308 2961 176 53 Faith
1526 2961 131 53 Van
1700 2959 413 69 Valkenburgh

122 3040 1684 68 Vilas. Philadelphia. Dorrance and company [ ᶜ1 929]
191 3118 1805 52 71 p. 19½ ᶜᵐ. (Half-title: Contemporary poets of Dorrance (75))
127 3178 52 51 ©
205 3182 120 39 Mar.
351 3182 68 41 15.
445 3181 115 40 1929;
611 3181 67 40 2c.
704 3181 114 46 May
841 3181 54 40 23;
949 3180 82 40 aff.
1057 3181 113 46 May
1196 3179 55 40 25;
1305 3179 40 39 A
1369 3178 113 41 9291;
1539 3179 247 39 Dorrance
1810 3177 36 40 &
1870 3188 82 36 co.,
1978 3177 90 40 inc.

203 3237 280 49 (29-12079)

124 3331 295 64 Vorwahl,
454 3332 302 62 Heinrich,
794 3337 171 49 1898-

125 3405 1988 152 … Geschichte der medizin unter berücksich tigung der volksmedizin, von dr. H. Vorwahl … Berlin, Dr. Madaus & co.
126 3571 190 63 [ ᶜ1 928]
189 3645 1671 51 216 p. 22 ᶜᵐ. (Medizinisch-biologische Schriftenreihe, hft. 9)
123 3701 1939 51 © Nov. 17. 1928; 1c. Mar. 2, 1929; A —Foreign 2151; Dr. Madaus & co.
199 3761 280 49 (29-12457)

118 3857 276 62 Wagner,
424 3857 183 62 Hans,
641 3856 171 54 1887-

118 3931 1991 148 Die körperfarben … Stuttgart, Wissenschaftliche verlags-gesellschaft m. b. h., 1928.
