2512 4377
1296 4013 100 49 166

407 441 350 49 Bibliography:
817 452 44 38 p.
892 441 219 41 425-428.

344 494 52 52 ©
431 499 119 40 Nov.
585 499 69 47 22,
691 498 140 46 1928;
868 498 68 40 2c.
971 498 111 41 Dec.
1119 497 81 47 15;
1240 497 82 41 aff.
1358 497 111 41 Feb.
1507 497 38 41 9.
1584 497 140 46 1929;
1764 497 41 39 A
1839 498 141 41 4314;
2019 498 246 40 Warwick
2301 498 36 40 &

411 555 144 49 York,
587 555 91 41 inc.
748 554 252 50 (29-3947)

341 636 305 64 Manning,
683 637 139 52 Earl
860 637 354 54 Grosvenor.

338 714 1977 146 This question of home profit, by Earl G. Manning … Boston,
478 794 189 67 Mass.,
696 795 122 52 The
842 793 267 54 Priscilla
1138 811 281 50 company
1526 796 118 63 [ᶜ1929]

407 874 991 50 23, [1] p. incl. front., double tab. 20½ ᶜᵐ.
411 932 67 39 “A
514 932 150 40 frank
699 932 273 40 discussion
1008 932 52 39 of
1095 942 27 29 a
1159 932 215 47 problem
1411 932 160 40 which
1606 932 136 40 faces
1778 942 143 38 every
1959 932 176 47 family
2170 932 51 39 in
2258 933 83 39 the

340 990 178 40 United
549 990 322 40 States—and
902 1000 27 29 a
963 990 257 47 suggested
1249 988 256 42 solution.”

344 1043 52 52 ©
423 1048 111 39 Jan.
560 1048 40 41 2.
628 1047 114 40 1929;
798 1048 68 40 2c.
895 1048 110 40 Jan.
1031 1048 54 44 4;
1116 1046 82 41 aff.
1227 1047 110 40 Jan.
1366 1047 53 46 5;
1448 1046 42 40 A
1515 1045 142 44 2659;
1689 1046 224 41 Priscilla
1943 1058 67 30 co.

421 1103 251 49 (29-4326)

337 1185 243 65 Martin,
614 1186 226 62 Evelyn
875 1186 246 63 George,
1159 1191 172 49 1881-

336 1263 1980 149 Deep water cruising, by E. G. Martin … New York, Yachting,
484 1345 126 67 inc.,
646 1346 150 51 1928.

407 1426 1923 49 6 p. l. , 162 p. front., illus., plates, ports., fold. map, diagrs. (1 fold.)
335 1484 57 41 19½ ᶜᵐ.
343 1537 52 52 ©
426 1542 112 40 Dec.
568 1541 70 47 29,
668 1541 141 47 1928;
841 1541 68 40 2c.
941 1544 96 39 and
1067 1540 82 41 aff.
1182 1541 110 40 Jan.
1324 1540 70 48 10,
1425 1539 114 41 1929;
1601 1541 40 39 A
1669 1541 144 47 2715;
1847 1541 255 48 Yachting,
2134 1541 91 41 inc.

420 1597 251 49 (29-4064)

337 1680 251 65 Massee,
619 1679 213 65 Jasper
863 1680 311 64 Cortenus,
1208 1679 170 56 1871-

406 1757 178 53 After
626 1758 112 52 His
782 1758 258 68 passion;
1088 1759 211 52 lessons
1345 1757 152 53 from
1541 1759 95 52 the
1684 1758 374 53 resurrection
337 1776 1981 113 appearances

532 1835 1805 71 of Jesus, by J. C. Massee … New York, Chicago [etc.]
338 1914 1146 70 Fleming H. Revell company [ ᶜ1 929]
407 1998 218 48 128 p. 19½ ᶜᵐ.
343 2051 52 53 ©
423 2055 110 40 Jan.
561 2055 70 44 26,
659 2055 141 42 1929;
831 2056 66 39 2c.
925 2056 95 39 and
1048 2055 83 42 aff.
1160 2055 112 41 Feb.
1300 2056 81 41 14;
1412 2056 41 39 A
1479 2055 143 42 4400;
1654 2056 221 48 Fleming
1955 2090 8 8 H.
1995 2058 166 40 Revell
2191 2068 68 28 co.

421 2112 253 49 (29-4473)

340 2192 312 63 Mathews,
684 2193 334 53 Ferdinand
1050 2193 305 64 Schuyler,
1391 2198 171 50 1854-

407 2272 164 54 Field
602 2273 148 53 book
776 2273 64 53 of
870 2273 304 53 American
1205 2273 133 53 wild
1370 2273 248 67 flowers;
1648 2273 171 69 being
1848 2295 30 33 a
1907 2276 159 52 short
338 2276 1981 129 description

489 2352 64 52 of
580 2353 151 52 their
760 2353 292 52 character
1082 2353 108 52 and
1224 2351 208 68 habits,
1462 2371 31 34 a
1522 2350 217 57 concise
1770 2351 298 55 definition
2100 2354 64 52 of
2194 2353 150 54 their

338 2431 198 64 colors,
580 2432 107 51 and
738 2430 310 54 incidental
1096 2431 314 54 references
1453 2437 59 47 to
1557 2432 95 52 the
1697 2431 205 54 insects
1947 2432 187 53 which
2178 2432 166 55 assist

339 2509 2004 68 in their fertilization, by F. Schuyler Mathews … New ed.,
339 2607 112 34 rev.
482 2589 110 52 and
625 2590 105 50 enl.
805 2588 159 53 With
997 2591 67 49 30
1093 2589 223 53 colored
1347 2589 183 68 plates
1560 2591 111 51 and
1702 2607 132 35 over
1863 2592 102 50 300
1995 2591 162 52 other
338 2589 1981 130 illustrations

616 2667 149 52 from
802 2668 214 53 studies
1053 2668 150 52 from
1236 2673 203 47 nature
1473 2669 75 65 by
1581 2669 95 53 the
1710 2669 222 53 author.
2007 2669 139 52 New
2182 2668 162 54 York

339 2744 1270 67 and London, G. P. Putnam’s sons [ ᶜ1 929]
408 2826 1928 51 3 p. l. . v-xxxii, 558 (i. e. 578) p. col. front., illus., plates (part col.)
338 2885 56 39 18 ᶜᵐ.
345 2938 51 53 ©
434 2942 128 49 Sept.
597 2942 69 44 15,
700 2942 142 41 1927;
877 2943 67 39 2c.
980 2944 94 39 and
1110 2942 82 41 aff.
1229 2944 111 40 Feb.
1376 2944 69 47 13,
1479 2944 142 47 1929;
1658 2945 42 39 A
1733 2945 143 43 4357;
1914 2945 52 41 F.
2004 2946 44 41 S.
2086 2945 251 48 Mathews,

412 2998 302 49 Cambridge,
745 3000 148 40 Mass.
961 2999 253 49 (29-4313)

343 3065 242 57 Merrill,
625 3066 165 52 Nelle
830 3066 267 55 Almeda.

412 3143 269 68 Hillsyde
720 3145 150 54 dew;
913 3163 210 50 poems,
1160 3146 76 69 by
1274 3145 162 53 Nelle
1474 3146 246 67 Merrill,
1759 3149 150 51 1928.
340 3146 1977 142 [Bloomington,

484 3222 357 67 Ind.] ᶜ1 929.
408 3304 1390 51 5 p. l., 9-10, 33-62 p. incl. col. mounted plates. 23½ ᶜᵐ.
346 3356 52 53 ©
430 3361 110 40 Jan.
570 3360 70 48 28,
672 3361 114 39 1929;
847 3361 67 40 2c.
948 3362 111 39 Feb.
1090 3363 54 45 2;
1179 3362 82 41 aff.
1296 3363 110 40 Feb.
1438 3363 55 46 4;
1526 3363 41 39 A
1599 3362 142 48 5100;
1775 3364 57 41 N.
1865 3364 53 41 A.
1953 3364 201 41 Merrill.
412 3365 1911 99 Nashville,

571 3418 104 39 Ind.
744 3417 253 49 (29-4094)

343 3483 321 63 Michigan.
739 3485 277 67 Supreme
1053 3494 174 44 court.

412 3560 1928 74 Michigan reports. Cases decided … from February 14 to
342 3639 151 53 June
536 3643 50 62 4,
632 3642 149 51 1928.
862 3640 255 53 Richard
1160 3641 90 53 W.
1298 3641 240 68 Cooper,
1583 3647 147 48 state
1772 3647 257 62 reporter.
2125 3662 51 33 v.
2222 3646 119 62 242,

346 3721 84 48 1st
459 3717 84 52 ed.
611 3717 270 69 Chicago,
913 3717 320 70 Callaghan
1267 3721 45 50 &
1343 3738 297 51 company,
1673 3723 149 49 1929.

413 3798 478 49 xxxiii, 784 p. 23 ᶜᵐ.
347 3850 52 52 ©
433 3856 111 40 Feb.
575 3856 27 38 2,
647 3855 141 48 1929;
823 3857 67 40 2c.
923 3859 95 38 and
1051 3857 81 40 aff.
1166 3858 112 40 Feb.
1310 3858 26 39 6;
1398 3858 42 39 A
1471 3858 141 42 5142;
1647 3859 128 39 John
1811 3858 44 41 S.
1890 3860 265 47 Haggerty,
414 3870 1908 88 secretary

555 3912 52 40 of
633 3914 129 39 state
790 3913 79 40 for
898 3914 81 40 the
1009 3916 129 38 state
1166 3914 52 41 of
1247 3914 259 49 Michigan,
1537 3915 227 48 Lansing,
1796 3915 143 41 Mich.
