2533 4342
1313 4005 136 51 1646

442 455 395 49 324 p., 1 l. 24½ᶜᵐ.
379 508 52 52 ©
458 512 103 41 Oct.
584 512 70 48 26,
681 510 114 41 1929;
850 511 68 40 2c.
947 511 128 47 Sept.
1103 510 54 39 13;
1214 507 82 41 aff.
1325 508 129 47 Sept.
1481 506 57 40 10;
1592 506 43 39 A
1661 505 146 41 12780;
1862 504 202 41 Charles
2083 503 50 41 C.
2151 502 227 40 Thomas.

457 567 281 51 (29-21104)

374 661 267 65 Gastine,
668 659 183 54 Louis
877 658 184 64 Jules,
1093 663 173 50 1858-

374 734 1986 137 … Les nuits galantes de Louis XV, de Madame de Pompadour
549 817 31 51 à
609 817 269 53 Madame
905 816 99 52 Du
1033 816 206 67 Barry.
1305 813 186 70 Paris,
1521 810 350 56 Baudinière
1906 812 173 66 [1929]

444 893 1091 53 3 p. l., [9]-317, [2] p. plates, ports. 19½ᶜᵐ.
382 947 1884 56 © June 20, 1929; 1c. July 27; A— Foreign 3842; L. Gastine, Paris.
458 1009 283 49 (29-22246)

381 1104 146 64 Gay,
556 1103 224 53 Robert
807 1101 291 66 Malcolm,
1131 1103 172 54 1879-
1522 1119 182 38 comp.

452 1183 121 53 The
600 1182 211 69 college
835 1181 149 54 book
1009 1181 65 54 of
1100 1199 182 51 prose,
1310 1182 317 68 1400-1929,
1655 1179 283 69 compiled
1960 1180 78 69 by
2063 1178 217 54 Robert
2304 1178 81 53 Μ.

380 1254 2007 76 Gay … Boston, New York [etc.] Houghton Mifflin company
462 1342 118 64 [ ᶜ1 929]
446 1418 399 50 xiv, 737 p. 17 ᶜᵐ.
450 1476 298 48 Companion
777 1476 191 39 volume
999 1478 49 37 to
1078 1476 82 39 the
1189 1473 271 49 compiler’s
1491 1474 193 47 College
1715 1474 123 40 book
1868 1473 52 41 of
1948 1483 139 30 verse.
2161 1474 62 46 cf.
2254 1473 132 40 Pref.

382 1529 52 52 ©
470 1534 129 48 Sept.
630 1533 70 48 20,
732 1532 115 41 1929;
907 1533 69 40 2c.
1009 1533 96 40 and
1137 1532 83 41 aff.
1256 1532 129 48 Sept.
1415 1532 56 40 23;
1533 1532 41 39 A
1605 1530 145 42 13522;
1812 1531 265 48 Houghton
2110 1530 169 40 Mifflin
2315 1540 67 30 co.

459 1588 281 51 (29-21006)

383 1682 129 66 Gill,
542 1682 194 54 Mabel
764 1682 221 65 Spicer.

448 1759 1940 72 Huttee Boy of the jungle, by Mabel Spicer Gill … illustrated
379 1841 77 69 by
483 1841 150 52 Paul
660 1840 68 53 R.
760 1839 298 55 Carmack.
1134 1839 140 52 New
1303 1838 181 70 York,
1513 1838 69 55 G.
1614 1838 167 69 Sully
1811 1840 114 52 and
1952 1855 299 51 company,
2279 1837 107 52 inc.

457 1920 100 51 [ ᶜ1 929]
449 1997 1115 49 xviii p., 1 l., 184 p. incl. front., illus. 19 ᶜᵐ.
383 2051 52 52 ©
466 2056 102 41 Oct.
597 2057 68 46 11,
695 2055 118 40 1929;
868 2056 68 41 2c.
966 2056 98 39 and
1091 2054 83 42 aff.
1206 2054 103 42 Oct.
1337 2054 55 41 15;
1451 2055 43 39 A
1522 2054 148 41 15019;
1729 2054 184 49 George
1946 2054 137 49 Sully
2113 2054 37 41 &
2178 2065 83 37 co.,
2291 2053 92 41 inc.

459 2111 282 50 (29-21175)

382 2205 289 70 [Golding,
703 2205 229 68 Albert]

446 2285 122 52 The
599 2286 238 51 modern
870 2284 276 55 student’s
1179 2286 246 53 exercise
1456 2285 149 54 book
1639 2285 95 53 for
1764 2285 344 53 homework.
2195 2284 190 70 (Type

375 2362 80 70 B)
546 2362 270 70 [Sydney,
846 2364 122 52 The
1002 2362 292 55 Students’
1323 2363 307 53 note-book
1661 2381 232 53 agency,
1927 2366 152 65 1929]

453 2443 325 50 [153] p. 23 ᶜᵐ.
383 2495 1999 54 © 1c. Nov. 12, 1929; A ad int. 13240; pubd. Oct. 16; A. Golding, Sydney,
448 2555 271 42 Australia.

447 2651 123 53 The
600 2652 239 52 modern
868 2651 277 55 student’s
1177 2653 195 52 tablet.
1447 2652 271 70 [Sydney,
1750 2653 121 53 The
1906 2652 291 56 Students’
376 2659 1985 123 notebook
554 2747 231 52 agency,
818 2733 152 64 1929]

454 2809 113 51 [202]
604 2821 43 38 p.
709 2810 58 40 25½ᶜᵐ.

384 2861 1999 55 © 1c. Nov. 12, 1929; A ad int. 13241; pubd. Oct. 16; A. Golding, Sydney,
450 2922 269 41 Australia.

384 3001 289 66 Goolrick,
701 3003 156 54 John
883 3004 314 65 Taquette,
1229 3007 171 53 1879-

454 3080 117 55 Old
594 3083 191 54 homes
809 3084 114 52 and
944 3083 225 69 history
1191 3085 221 52 around
1435 3084 517 69 Fredericksburg;
1976 3086 98 52 the
2096 3084 293 53 Northern

384 3158 156 54 Neck
579 3162 114 51 and
734 3161 97 52 the
872 3161 310 69 southside,
1227 3160 258 56 Stafford
1525 3164 113 52 and
1683 3162 411 70 Spotsylvania
2135 3160 252 55 counties

384 3239 114 52 and
523 3239 180 53 battle
731 3237 273 72 sketches,
1030 3240 76 70 by
1133 3239 158 55 John
1318 3241 66 54 T.
1414 3238 289 56 Goolrick.
1780 3240 341 71 Richmond,
2152 3240 237 56 Garrett

383 3316 654 69 & Massie, inc. [ ᶜ1 929]
450 3396 786 50 ix p., 1 l., 105 p. plates. 16 ᶜᵐ.
450 3454 141 46 Maps
617 3464 60 29 on
704 3453 367 50 lining-papers.

386 3505 51 53 ©
463 3510 120 49 Aug.
609 3511 70 47 26,
706 3511 141 47 1929;
875 3512 69 40 2c.
974 3512 129 48 Sept.
1130 3512 82 48 26;
1243 3512 81 42 aff.
1355 3514 128 47 Sept.
1510 3513 84 48 25;
1622 3514 44 39 A
1690 3514 144 41 13649;
1894 3514 200 42 Garrett
2123 3515 37 41 &
2186 3516 196 48 Massie,

452 3566 91 42 inc.
608 3566 281 50 (29-20989)

378 3645 281 65 Graham,
691 3647 246 65 Evelyn.

449 3725 123 52 The
608 3725 226 55 famous
869 3728 166 54 trials
1071 3729 65 52 of
1171 3729 157 54 Lord
1364 3730 266 70 Darling.
1707 3732 122 53 The
1866 3731 365 54 stockbroker
2268 3732 115 53 and

377 3802 97 53 the
502 3803 129 68 girl.
708 3804 294 68 Prepared
1033 3805 94 53 for
1154 3806 357 68 publication
1535 3809 77 68 by
1641 3808 227 68 Evelyn
1896 3808 275 70 Graham,
2200 3809 182 53 under

376 3880 97 54 the
498 3881 265 67 personal
789 3882 359 67 supervision
1174 3884 65 53 of
1264 3884 156 54 Lord
1446 3884 266 70 Darling.
