2542 4389
1050 4017 137 50 2039

98 377 235 64 Phelps,
365 377 226 64 George
621 376 311 56 Harrison.

169 452 378 54 Tomorrow’s
590 453 344 53 advertisers
973 453 113 52 and
1127 451 151 53 their
1319 450 357 69 advertising
1718 449 276 70 agencies,
2033 448 77 69 by

100 527 2009 73 George Harrison Phelps … New York and London, Harper
99 612 46 50 &
175 609 277 68 brothers,
488 611 150 51 1929.

204 691 853 50 x p., 1 l., 256 p. plates. 22½ ᶜᵐ .
110 759 51 52 ©
192 763 112 41 Dec.
334 763 39 47 5,
403 762 142 48 1929;
576 763 68 40 2c.
674 763 114 40 Dec.
818 762 54 47 5;
904 761 83 41 aff.
1017 762 112 40 Dec.
1159 763 52 45 7;
1244 761 42 39 A
1316 761 171 47 16334;
1521 761 196 47 Harper
1745 760 37 40 &
1811 760 127 40 bros.

185 818 281 50 (29-29372)

98 943 278 63 Putnam,
408 941 254 55 Samuel.

174 1019 123 53 The
340 1018 314 69 glistening
698 1018 232 69 bridge;
978 1019 259 67 Léopold
1287 1017 259 69 Survage
1596 1017 113 53 and
1756 1017 96 53 the
1899 1016 211 69 spatial

103 1096 259 68 problem
397 1096 61 52 in
494 1095 286 69 painting,
815 1095 77 70 by
930 1095 231 55 Samuel
1197 1097 270 51 Putnam.
1539 1094 165 55 With
1743 1113 74 34 an

104 1094 1982 149 autobiographic
375 1173 212 68 sketch,
617 1192 70 33 an
716 1192 161 49 essay
906 1174 113 52 and

1046 1178 161 48 notes
1233 1173 77 70 by
1339 1174 80 52 M.
1451 1173 277 69 Survage,
1759 1173 113 53 and
103 1173 2007 131 thirty-three

295 1251 449 68 reproductions.
816 1251 139 53 New
991 1250 180 68 York,
1205 1250 453 68 Covici-Friede,
1694 1252 151 51 1929.

177 1331 1099 50 xxii, 180 p. incl. front., XXXII pl. 25½ ᶜᵐ .
181 1403 128 40 “The
356 1402 184 41 edition
584 1402 209 42 consists
839 1403 53 40 of
937 1414 88 29 one
1072 1403 223 40 hundred
1343 1404 95 39 and
1488 1402 313 48 seventy-five
1850 1403 264 40 numbered

109 1458 202 49 copies.”
372 1459 120 41 This
519 1470 119 38 copy
664 1462 86 38 not
776 1459 280 41 numbered.

112 1525 52 53 ©
193 1531 117 40 Nov.
340 1530 69 47 22,
439 1530 140 40 1929:
611 1530 68 42 2c.
709 1531 118 39 Nov.
858 1530 81 47 26;
973 1530 81 40 aff.
1086 1531 113 40 Dec.
1228 1531 54 46 4;
1315 1530 39 38 A
1385 1530 171 41 16182:
1589 1529 177 49 Covici,
1799 1529 187 42 Friede,
2018 1529 92 41 inc.

189 1585 281 50 (29-29218)

104 1693 177 65 Reed,
311 1694 258 54 Thomas
600 1694 312 66 Harrison,
948 1701 171 49 1881-

174 1769 319 56 Essentials
533 1772 64 52 of
633 1773 155 68 loyal
829 1772 370 69 citizenship;
1243 1791 73 35 an
1356 1773 347 69 elementary
1745 1772 272 53 textbook
2056 1772 61 52 in

105 1849 2012 70 civil government, by Thomas Harrison Reed … illustrated
106 1927 140 54 with
284 1927 347 71 engravings
669 1928 152 53 from
860 1929 398 69 photographs
1295 1929 114 53 and
1447 1929 307 69 drawings.
105 1928 2011 146 Yonkers-on-Hudson,

496 2005 1135 71 N. Y., World book company [ᶜ192 9]
177 2089 1214 49 viii, 328 p. incl. front., illus., diagrs. 19½ ᶜᵐ .
177 2160 277 48 Published,
485 2160 127 49 1928,
643 2161 154 39 under
825 2161 136 40 title:
994 2161 150 47 Loyal
1174 2161 303 49 citizenship.

179 2216 303 49 “Readings”
513 2219 53 39 at
595 2218 92 39 end
718 2217 52 40 of
799 2218 120 40 each
948 2219 218 47 chapter.

115 2283 53 52 ©
204 2288 119 40 Nov.
357 2289 41 46 4,
434 2287 141 48 1929;
614 2289 67 41 2c.
717 2289 120 40 Nov.
873 2288 83 48 21;
995 2287 81 41 aff.
1113 2289 118 41 Nov.
1269 2289 83 46 25;
1390 2288 44 40 A
1469 2288 171 49 17046;
1679 2290 169 40 World
1886 2291 123 39 book
2046 2302 67 29 co.

192 2343 282 49 (29-29371)

109 2451 230 65 Rising,
366 2452 336 56 Lawrence.

241 2531 1487 71 … False youth. New York, H. Liveright, 1929.
179 2611 364 49 334 p. 19½ ᶜᵐ .
119 2678 51 52 ©
206 2681 129 49 Sept.
367 2682 69 48 20,
469 2682 116 41 1929;
646 2683 68 41 2c.
750 2683 128 48 Sept.
911 2683 83 47 25;
1031 2683 81 41 aff.
1147 2684 113 40 Dec.
1295 2684 82 46 11;
1413 2684 42 39 A
1488 2684 170 48 17302;
1694 2685 51 41 L.
1779 2685 186 48 Rising,
2000 2685 119 41 New

184 2739 144 40 York.
400 2738 281 50 (29-29432)

110 2844 266 66 Roemer,
407 2846 256 54 William
695 2848 266 64 Francis,
993 2854 173 50 1894-

180 2923 122 53 The
337 2923 208 54 ethical
579 2924 152 54 basis
765 2925 66 53 of
864 2926 413 53 international
1312 2928 129 66 law,
1476 2927 76 69 by
1584 2927 260 55 William
1881 2928 241 54 Francis

114 3001 1861 74 Roemer … Chicago, Ill., Loyola university press [ᶜ192 9]
181 3085 793 50 3 p. l., ix-xiii, 190 p. 20½ ᶜᵐ .
181 3156 265 40 Published
476 3158 103 39 also
609 3167 55 30 as
694 3158 154 40 thesis
877 3157 109 48 (PH.
1049 3159 34 47 D.)
1123 3159 285 48 University
1438 3159 52 41 of
1518 3160 150 40 Notre
1699 3160 169 42 Dame.

183 3212 377 49 Bibliography:
596 3224 42 37 p.
674 3213 218 42 182-185.

121 3277 51 52 ©
203 3281 103 42 Oct.
334 3282 69 49 10,
432 3283 140 48 1929;
603 3285 67 41 2c.
702 3285 102 41 Oct.
833 3285 82 47 21;
947 3284 83 42 aff.
1060 3287 120 41 Nov.
1209 3286 82 47 20;
1324 3287 41 38 A
1393 3286 171 48 16206;
1596 3288 180 48 Loyola
1805 3289 131 40 univ.
1967 3299 152 39 press.

190 3334 69 54 [©
285 3339 211 48 preface,
525 3341 244 47 appendix
818 3373 8 12 I,
855 3342 162 49 index]
1086 3342 282 48 (29-29365)

117 3445 177 64 Roth,
325 3447 220 53 Ernest
575 3448 211 65 David,
819 3451 171 55 1879-

244 3523 1877 76 … Ernest D. Roth, N. A., with an introduction by Elizabeth
112 3599 337 55 Whitmore.
521 3600 301 71 Compiled
857 3605 75 68 by
963 3606 97 52 the
1096 3605 249 55 Crafton
1379 3607 314 54 collection.
1764 3608 141 54 New
1941 3611 180 67 York,

113 3677 1932 79 T. S. Hutson; London, P. & D. Colnaghi & company [ᶜ192 9]
189 3759 1610 57 [11] p. 12 mounted pl. 31 ᶜᵐ . (American etchers, vol. I)
188 3830 164 41 “First
377 3831 262 50 printing.”

127 3896 51 52 ©
207 3901 127 41 June
361 3901 68 42 10.
459 3902 139 42 1929:
630 3904 66 40 2c.
728 3907 95 37 and
853 3905 82 41 aff.
965 3906 116 46 July
1112 3906 52 47 5;
1196 3906 40 39 A
1265 3906 171 48 11051;
1471 3908 206 42 Crafton
1707 3910 267 43 collection.
2005 3912 118 39 New

194 3957 145 41 York.
407 3958 279 52 (29-15730)
