2542 4389
1175 4011 137 53 1197

224 355 269 65 Railway
523 358 369 68 engineering
920 358 114 52 and
1061 357 394 53 maintenance
1484 355 329 70 cyclopedia;
1874 377 72 33 an
287 358 1914 128 authoritative

512 433 233 54 manual
791 432 65 54 of
899 433 388 69 engineering,
1333 433 395 52 maintenance
1777 435 112 52 and
1935 434 292 71 signaling

288 511 299 69 including
615 511 345 70 definitions,
988 511 397 69 descriptions,
1413 510 382 54 illustrations
1827 513 112 52 and
1968 513 258 54 methods

289 588 64 54 of
382 608 98 35 use
512 588 65 54 of
605 590 96 52 the
732 589 310 68 materials,
1075 589 328 70 equipment
1435 590 113 52 and
1582 588 218 54 devices
1834 589 299 69 employed
2166 590 61 53 in

288 668 98 52 the
419 667 387 53 construction
840 668 113 54 and
987 667 395 54 maintenance
1418 667 64 52 of
1516 666 208 62 tracks,
1757 666 248 70 bridges,
289 667 1914 149 buildings,

469 750 176 48 water
677 745 230 57 service,
940 745 217 69 signals
1191 745 113 53 and
1338 746 164 51 other
1537 745 149 52 fixed
1721 744 241 69 railway
288 763 1917 115 properties
423 825 112 53 and
565 823 290 54 facilities.

921 825 71 52 3d
1021 825 313 52 ed.—1929.
1399 822 227 67 Editor,
1655 822 199 54 Elmer
1880 825 64 51 T.
1974 825 256 52 Howson

352 900 1877 71 … managing editor, Walter F. Rench … associate editor,
291 978 1877 72 George E. Boyd … assisted by Philip George Lang, jr. …
290 1057 1879 70 Arthur L. Sparks … C. R. Knowles … A. H. McKeen …
293 1137 300 70 Compiled
619 1137 113 53 and
758 1137 190 53 edited
976 1137 60 52 in
1061 1135 391 70 co-operation
1476 1135 141 55 with
1642 1137 97 51 the
1763 1135 310 55 American
290 1135 1918 150 railway

450 1215 370 70 engineering
855 1214 341 54 association
1230 1215 113 53 and
1376 1215 97 52 the
1508 1213 204 71 Signal
1745 1214 231 67 section,
291 1214 1918 134 American

428 1292 1802 72 railway association … New York, N. Y., Chicago, Ill.
297 1379 138 63 [etc.]
476 1373 648 57 Simmons-Boardman
1154 1372 337 69 publishing
1521 1390 78 36 co.
1637 1374 193 66 [ᶜ1929]

295 1455 1103 51 1116 p. illus., fold, plates, diagrs. 30 ᶜᵐ .
232 1523 53 53 ©
312 1529 83 39 July
454 1528 69 47 20,
548 1526 142 48 1929;
718 1527 69 40 2c.
814 1527 96 39 and
937 1524 83 42 aff.
1048 1526 120 48 Aug.
1196 1527 27 39 7;
1280 1526 40 39 A
1347 1525 171 46 10648;
1553 1525 541 41 Simmons-Boardman
2122 1522 110 50 pub.

299 1596 66 30 co.
435 1584 281 50 (29-16481)

231 1680 384 65 Rondthaler,
646 1679 275 66 Edward,
990 1701 74 49 bp.,
1096 1684 173 51 1842-

302 1761 122 53 The
459 1759 401 55 Memorabilia
898 1759 65 54 of
998 1759 137 70 fifty
1170 1777 183 52 years,
1392 1758 134 56 1877
1562 1765 59 49 to
1660 1759 154 70 1927,
1848 1759 77 68 by
1962 1758 96 54 Rt.
2095 1760 139 53 Rev.

233 1836 2005 71 Edward Rondthaler … pastor of Salem congregation of the
231 1917 304 53 Moravian
586 1917 212 53 church
851 1920 57 48 at
958 1916 510 70 Winston-Salem,
1520 1916 186 53 North
1761 1915 288 56 Carolina.
231 1916 1982 149 Raleigh,

430 1995 283 54 Edwards
737 1997 47 50 &
808 1995 341 68 Broughton
1177 2014 299 51 company,
1506 1997 149 52 1928.

295 2075 1065 49 xi, 520 p. front., plates, ports. 23½ ᶜᵐ .
235 2143 53 53 ©
321 2147 103 41 Oct.
455 2148 57 39 17,
615 2147 83 48 1928;
730 2147 69 41 2c.
830 2148 117 48 July
978 2148 68 46 17,
1079 2146 142 48 1929;
1256 2147 84 42 aff.
1372 2148 117 47 July
1521 2147 81 43 16;
1637 2147 40 40 A
1709 2147 144 41 11365;
1916 2148 235 40 Adelaide
2183 2148 51 41 L.

302 2205 1930 48 Fries, M. A., archivist of the Moravian church in America, Southern
300 2263 241 48 province.
611 2262 282 49 (29-16783)

233 2360 280 62 Rosman,
545 2358 163 54 Alice
742 2359 208 54 Grant.

298 2435 249 54 Visitors
569 2439 59 49 to
653 2436 194 68 Hugo,
870 2435 77 69 by
971 2435 162 54 Alice
1159 2436 189 54 Grant
1371 2436 268 53 Rosman.
1715 2437 139 52 New
1881 2436 179 57 York,
228 2437 1984 142 Minton,

374 2514 180 52 Balch
583 2515 46 51 &
658 2532 299 51 company,
990 2517 150 49 1929.

300 2596 26 40 5
354 2607 44 38 p.
463 2628 9 17 l.,
501 2595 146 43 3-296
675 2607 44 38 p.
779 2595 147 43 19½ᶜᵐ.

302 2666 213 42 “Second
545 2666 231 49 printing,
809 2666 140 45 June,
980 2666 160 42 1929.”

238 2733 53 53 ©
319 2739 127 39 June
473 2737 69 48 28,
571 2737 142 46 1929;
743 2738 69 40 2c.
841 2739 116 46 July
985 2738 53 47 3;
1070 2737 83 41 aff.
1183 2739 117 47 July
1330 2737 53 48 6;
1413 2739 40 39 A
1482 2738 169 47 10707;
1685 2739 55 40 A.
1772 2739 53 40 G.
1856 2739 228 42 Rosman.
306 2739 1911 96 London.

479 2794 281 50 (29-16774)

237 2890 222 64 Rosny,
488 2889 52 56 J.
568 2890 91 64 H.,
689 2891 131 70 jne.,
849 2893 194 67 pseud,
1075 2893 64 69 of
1165 2891 57 55 S.
1252 2890 52 56 J.
1335 2891 65 54 F.
1428 2892 180 63 Boëx,
1638 2896 172 50 1859-

229 2967 1984 138 … Les amours d’Élisabeth d’Angleterre. [Paris] E. Flammarion
487 3055 193 65 [ ᶜ19 29]
302 3133 1414 51 183, [1] p., 2 l. 18 ᶜᵐ . (Collection “Leurs amours”)
317 3205 64 41 At
406 3205 126 40 head
557 3205 52 41 of
634 3205 110 41 title:
799 3206 128 42 J.-H.
955 3207 179 48 Rosny,
1161 3207 161 48 jeune.

240 3272 1913 54 © May 16, 1929; 1c. May 23; A—Foreign 3131; Ernest Flammarion.
317 3334 281 49 (29-16692)

243 3429 186 64 Royal
462 3429 226 64 society
719 3430 64 53 of
811 3430 314 54 literature
1155 3430 65 54 of
1250 3431 102 53 the
1385 3430 221 54 United
1636 3431 316 65 Kingdom,
1985 3435 257 54 London.

306 3507 122 52 The
480 3507 595 69 eighteen-seventies;
1132 3527 187 50 essays
1373 3508 78 68 by
1504 3507 222 56 fellows
1780 3508 66 54 of
1898 3510 96 54 the
2050 3512 187 69 Royal

235 3583 212 70 society
502 3583 65 54 of
616 3584 316 69 literature,
988 3586 190 53 edited
1231 3586 76 68 by
1362 3586 225 69 Harley
1640 3586 302 56 Granville
1961 3622 18 6 -
1999 3590 239 54 Barker.

235 3661 346 71 Cambridge
614 3663 187 69 [Eng.]
833 3663 342 69 University
1203 3682 176 50 press,
1411 3667 150 50 1929.

306 3743 487 49 xiv, 284 p. 22½ ᶜᵐ .
575 3801 201 41 CONTENTS.—Lord
829 3802 264 48 Houghton
1146 3802 96 39 and
1294 3801 77 41 his
1422 3801 157 49 circle,
1634 3804 60 47 by
1747 3805 83 40 the
1884 3806 258 48 Marquess
2191 3806 53 40 of

239 3856 179 41 Crewe.
441 3880 54 5 —
510 3857 246 41 Novelists
799 3858 52 40 of
893 3859 82 39 the
1018 3857 269 47 ’seventies,
1332 3858 61 47 by
1439 3859 61 40 H.
1546 3860 231 48 Walpole.
1794 3885 61 4 —
1874 3861 138 41 Some
2057 3873 185 29 women

240 3912 234 41 novelists
511 3914 50 40 of
597 3915 82 39 the
715 3914 269 48 ’seventies,
1021 3915 61 47 by
1119 3915 71 39 W.
1228 3915 72 40 De
1336 3915 67 40 La
1442 3916 425 42 Mare.—Andrew
1902 3919 136 48 Lang
2072 3919 49 39 in
2161 3921 82 39 the
