2547 4384
1248 3990 134 51 1068

313 356 713 70 Ohio. Laws, statutes, etc.
383 436 315 53 Baldwin’s
724 435 154 54 Code
904 434 64 54 of
991 433 263 53 criminal
1279 430 311 68 procedure
1614 428 64 54 of
1703 427 169 70 Ohio,
1893 426 302 70 including
2216 425 98 55 the

313 513 284 53 Habitual
638 512 264 54 criminal
945 517 117 61 act;
1105 511 140 51 with
1285 508 315 53 references
1640 513 60 47 to
1744 506 216 52 former
2002 505 312 67 analogous

315 592 257 67 sections,
617 609 195 35 source
854 595 177 63 notes,
1075 587 200 55 official
1320 584 246 55 General
1611 584 136 53 code
1792 583 214 55 section
2047 581 269 56 numbers

314 671 113 52 and
463 669 273 54 sectional
771 667 296 68 headings,
1104 664 513 68 cross-references,
1650 661 429 71 sub-headings,
314 659 1977 143 definitions

493 748 111 53 and
637 766 30 34 a
697 745 286 69 thorough
1016 745 199 65 index;
1248 742 140 52 with
1419 741 315 53 references
1763 747 60 47 to
1852 740 250 70 practice
2133 739 183 52 forms

314 827 61 52 in
404 825 314 54 Baldwin’s
748 824 264 53 criminal
1041 821 249 69 practice
1318 821 232 52 manual
1580 818 250 71 “keyed”
1859 826 59 47 to
1948 818 191 53 Bates’
313 834 1979 139 compact

471 903 150 54 Ohio
647 903 202 67 digest.
927 899 328 68 Cleveland,
1281 900 121 51 The
1426 898 269 53 Baldwin
1719 916 299 51 company,
315 897 1977 139 distributors

466 982 93 52 for
589 982 96 53 the
717 980 196 53 Banks
943 981 110 51 law
1084 977 337 69 publishing
1449 994 300 51 company,
1778 976 143 52 New
1948 974 183 70 York,
2163 977 152 51 1929.

378 1060 588 51 2 p. l., 5-74 p. 24½ᶜᵐ.
316 1129 52 52 ©
399 1134 125 39 June
553 1131 69 48 29,
653 1130 142 46 1929;
826 1130 68 40 2c.
924 1130 96 39 and
1050 1127 82 42 aff.
1165 1128 116 47 July
1310 1127 54 47 2;
1398 1128 41 38 A
1468 1125 172 49 10040;
1673 1126 218 42 William
1924 1127 212 40 Edward
383 1126 1909 112 Baldwin,
522 1188 276 42 Cleveland.
864 1185 281 50 (29-14895)

314 1283 187 54 Order
529 1282 63 53 of
620 1282 94 54 Sir
747 1280 284 55 Galahad.

378 1360 121 53 The
533 1359 186 55 Order
753 1357 65 54 of
852 1356 96 56 Sir
980 1356 267 55 Galahad
1279 1356 173 69 guide
1482 1355 203 68 books;
1723 1375 30 33 a
1788 1356 169 53 series
1991 1356 64 52 of
2085 1355 231 68 helpful

312 1439 333 54 handbooks
674 1439 93 52 for
795 1438 218 53 leaders
1044 1438 112 52 and
1183 1437 157 68 boys,
1366 1455 117 34 nos.
1516 1440 46 64 1,
1590 1439 47 49 2.
1715 1437 235 68 Boston,
1976 1436 191 66 Mass.,
2195 1435 123 52 The

315 1516 1074 68 Order of Sir Galahad, inc. [ ᶜ1 929]
382 1599 27 38 2
436 1609 43 29 v.
535 1598 129 40 illus.
701 1597 135 49 (incl.
865 1597 87 40 col.
980 1598 111 39 coat
1119 1596 51 40 of
1199 1594 157 49 arms)
1422 1595 117 42 17ᶜᵐ.

650 1677 149 29 CONTENTS.—no.
861 1696 9 10 1.
903 1666 275 39 Handbook
1206 1665 79 40 for
1314 1665 347 40 leaders.—no.
1695 1664 40 41 2.
1768 1665 274 40 Handbook
2071 1664 80 41 for
2181 1664 132 48 boys.

315 1734 52 52 ©
396 1738 116 47 July
541 1737 38 47 9,
608 1736 114 41 1929;
779 1737 69 40 2c.
877 1736 119 40 each
1024 1737 97 39 and
1149 1735 109 42 affs.
1289 1736 116 48 July
1435 1736 82 47 11;
1549 1735 42 40 A
1619 1736 158 48 11175,
1808 1735 171 49 11176;
2011 1736 113 40 Natl.
383 1745 1913 90 council
471 1794 51 41 of
547 1794 82 40 the
656 1794 155 40 Order
836 1794 53 41 of
916 1793 78 41 Sir
1022 1793 238 48 Galahad,
1286 1793 107 49 inc.,
1420 1794 198 41 Boston.

393 1850 279 51 (29-14721)

312 1946 456 64 Pennsylvania.
844 1948 197 53 Board
1068 1948 64 69 of
1158 1948 198 53 dental
1379 1948 333 54 examiners.

380 2025 268 55 Answers
674 2032 60 47 to
761 2026 96 53 the
883 2026 287 66 questions
1198 2025 64 54 of
1288 2026 427 67 Pennsylvania
1743 2031 147 48 state
1914 2027 180 52 board
2121 2024 195 55 dental

311 2104 317 53 examiners
668 2104 95 52 for
801 2104 337 67 sophomore
1174 2122 135 52 year
1351 2107 132 49 1919
1522 2110 59 47 to
1621 2106 134 51 1928
1793 2103 294 69 inclusive,
2124 2102 192 54 edited

312 2182 76 69 by
434 2183 102 53 Dr.
584 2182 89 54 W.
723 2182 66 53 F.
843 2181 291 55 Swanson.
1216 2181 381 70 [Pittsburgh]
1650 2182 64 54 L.
1762 2182 74 55 D.
1886 2181 188 56 Caulk
2121 2183 195 53 dental

311 2260 556 69 depot, inc. [ ᶜ1 929]
377 2340 283 48 cover-title,
693 2340 57 41 86
781 2351 44 38 p.
885 2340 129 42 illus.
1074 2340 117 42 24ᶜᵐ.

379 2398 237 41 “Revised
642 2398 116 41 1929
784 2400 61 47 by
871 2399 71 41 W.
973 2398 52 42 F.
1056 2398 277 42 Swanson.”

379 2456 203 40 Preface
615 2455 169 49 signed
817 2456 60 47 by
908 2456 74 42 W.
1016 2456 51 40 F.
1104 2455 235 42 Swanson
1374 2457 97 39 and
1507 2455 49 42 C.
1591 2456 55 40 R.
1680 2457 214 42 Walker.

317 2509 52 52 ©
404 2515 128 39 Juno
562 2514 40 47 4,
637 2512 142 48 1929;
814 2513 68 40 2c.
917 2514 95 38 and
1047 2513 82 42 aff.
1165 2514 116 47 July
1315 2514 52 45 5;
1404 2514 41 38 A
1479 2513 170 47 10206;
1687 2515 72 40 W.
1795 2514 51 41 F.
1884 2515 232 39 Swanson

383 2515 1914 104 Pittsburgh.
609 2566 69 54 [©
705 2570 114 41 1927
845 2571 96 39 and
967 2570 86 40 1928
1108 2581 220 30 answers
1352 2573 49 38 to
1427 2571 266 49 questions]
1760 2571 282 49 (29-14881)

311 2663 192 65 Pinto,
534 2664 216 54 Vivian
783 2664 69 53 de
883 2662 152 67 Sola,
1066 2684 179 52 comp.

378 2742 121 52 The
522 2746 116 48 tree
661 2740 65 53 of
748 2740 135 68 life;
912 2761 72 33 an
1009 2742 316 69 anthology
1346 2742 168 54 made
1536 2742 76 69 by
1635 2742 217 54 Vivian
1879 2744 68 52 de
1976 2742 135 56 Sola
2137 2743 177 53 Pinto

309 2819 112 52 and
461 2818 223 69 George
722 2819 155 53 Neill
915 2819 255 69 Wright.
1244 2820 261 71 London,
1546 2819 307 56 Constable
1894 2822 115 52 and
2051 2840 99 49 co.,
2191 2821 125 68 ltd.,

310 2900 151 49 1929.

383 2976 113 51 [315]
526 2988 44 38 p.
738 3009 9 10 18ᶜᵐ.

315 3031 1998 56 © 1c. July 3, 1929; A ad int. 12839; pubd. May 16; Oxford university
383 3102 149 39 press,
560 3092 119 40 New
705 3093 145 47 York,
880 3093 105 48 inc.,
1015 3094 119 39 New
1160 3093 146 43 York.
1373 3093 281 49 (29-15082)

311 3186 318 64 Prashker,
665 3187 198 55 Louis.

378 3263 239 67 Topical
645 3265 245 52 outlines
919 3264 63 53 of
1010 3266 96 52 the
1134 3267 139 52 New
1303 3266 164 52 York
1495 3266 204 54 lawof
1727 3267 283 69 evidence,
2040 3268 276 69 pleading

308 3340 1944 69 and practice, by Louis Prashker and Edward J. O’Toole …
307 3418 72 51 2d
406 3418 83 52 ed.
566 3418 316 69 Brooklyn,
908 3421 69 52 N.
1007 3421 91 68 Y.,
1126 3423 149 51 1929.

381 3498 56 40 27
465 3509 44 38 p.
676 3532 9 9 23ᶜᵐ.

319 3551 52 52 ©
403 3556 113 47 May
546 3556 68 48 18,
647 3556 142 48 1929;
820 3557 68 42 2c.
920 3559 96 39 and
1046 3558 82 41 aff.
1161 3560 118 47 July
1310 3560 52 41 8:
1395 3561 41 38 A
1466 3560 170 48 10119;
1671 3563 51 39 L.
1755 3561 247 40 Prashker
2033 3561 36 41 &
2101 3562 212 39 Edward

387 3613 44 41 J.
464 3613 216 49 O’Toole,
713 3614 118 40 New
863 3615 145 41 York.
1078 3616 281 50 (29-14917)

314 3705 208 65 Reilly,
553 3708 138 54 Mrs.
726 3708 222 53 Estelle
988 3708 375 67 (Mulqueen)

387 3784 1929 77 Children in the house, by Estelle M. Reilly … New York,
319 3861 1524 77 Chicago [etc.] Rand, McNally & company [ ᶜ1 929]
