2547 4384
1349 4041 102 54 766

380 376 149 54 Ohio
554 377 465 69 jurisprudence;
1050 394 30 33 a
1107 375 277 66 complete
1409 378 305 48 statement
1739 371 64 53 of
1827 371 99 53 the
1948 371 111 51 law
2084 370 114 53 and

445 385 1918 122 practice
576 453 65 54 of
662 454 97 52 the
782 458 145 47 state
950 450 65 54 of
1038 451 169 67 Ohio,
1230 450 140 52 with
1396 449 198 53 forms.
1671 448 210 52 Editor
1905 448 59 51 in
1989 445 172 69 chief,
2184 446 200 68 Henry

447 534 65 51 P.
564 532 311 52 Farnham.
953 529 344 68 Consulting
1346 528 204 65 editor,
1596 527 263 53 William
1905 525 81 53 M.
2037 524 348 68 McKinney.

446 610 323 69 Managing
794 609 203 66 editor,
1021 608 195 54 Willis
1241 607 70 51 A.
1339 606 233 53 Estrich.
1665 624 51 34 v.
1742 606 48 50 2.
1816 604 230 68 Appeal
2073 603 115 53 and
2212 621 175 35 error.

448 690 138 52 New
618 688 181 66 York,
828 687 327 66 Rochester,
1184 686 122 52 The
1335 685 270 66 Lawyers
1635 682 387 70 co-operative
2051 681 338 69 publishing

447 784 300 51 company,
777 767 151 52 1929.

451 847 1008 50 ix, 1248 p. incl. front. (port.) 24½ ᶜᵐ .
381 903 52 52 ©
463 908 115 47 May
604 906 70 47 23,
702 905 143 48 1929;
873 905 68 41 2c.
971 905 126 40 June
1125 904 52 47 5;
1208 904 85 41 aff.
1320 904 128 39 June
1476 903 52 47 6;
1560 904 44 42 A
1629 902 141 47 9510;
1803 902 230 47 Lawyers
2061 900 326 49 co-operative

448 964 110 48 pub.
580 974 68 29 co.

379 1058 279 52 Painters
689 1058 117 52 and
837 1056 298 63 sculptors
1165 1055 230 64 gallery
1422 1054 381 54 association.

451 1136 344 52 Exhibition
827 1134 64 52 of
921 1135 298 68 paintings
1252 1135 112 51 and
1396 1134 291 66 sculpture
1720 1132 363 52 contributed
2114 1131 77 68 by
2223 1129 170 53 artist

378 1214 293 53 members.
750 1214 155 51 Year
943 1213 164 65 book,
1149 1216 150 48 1929.
1376 1212 139 52 New
1560 1210 175 68 York,
1772 1211 122 51 The
1934 1208 201 55 Grand
2174 1208 218 53 central

378 1292 613 69 art galleries [ ᶜ1 929]
449 1372 1008 53 79, [1] p. illus., plates, ports. 30½ ᶜᵐ .
381 1427 52 52 ©
458 1433 114 47 Apr.
595 1431 69 48 30,
690 1430 116 41 1929;
858 1430 68 41 2c.
950 1432 96 38 and
1070 1430 82 40 aff.
1178 1431 115 47 May
1314 1430 57 40 29;
1422 1430 41 39 A
1486 1429 117 41 8390;
1653 1429 228 40 Painters
1906 1429 94 39 and
2025 1428 246 48 sculptors

448 1428 1924 108 gallery
575 1488 311 47 association,
911 1488 105 47 inc.,
1041 1488 117 40 New
1180 1488 145 40 York.

379 1583 378 64 Pemberton,
790 1582 224 53 Robert
1046 1583 263 64 Landon,
1345 1587 172 50 1860-

449 1661 57 52 A
529 1661 225 68 history
780 1659 64 54 of
869 1661 300 52 Pleasants
1200 1658 247 71 County,
1473 1660 160 53 West
1660 1659 292 69 Virginia,
1980 1659 74 68 by
2082 1657 218 54 Robert
2326 1658 64 51 L.

380 1739 362 52 Pemberton.
817 1737 85 56 St.
938 1738 219 69 Marys,
1191 1738 91 54 W.
1320 1738 126 67 Va.,
1482 1738 122 52 The
1641 1736 208 56 Oracle
1884 1754 176 51 press,
2100 1738 151 50 1929.

449 1818 1339 51 4 p. l., 272 p. front., illus. (incl. ports.) 20½ᶜᵐ.
382 1874 52 53 ©
459 1879 115 48 Apr.
598 1878 70 48 25,
693 1877 142 47 1929;
862 1878 68 40 2c.
955 1879 96 38 and
1075 1877 82 41 aff.
1178 1878 115 47 May
1310 1877 55 40 23;
1419 1878 43 38 A
1479 1877 117 40 9258;
1650 1877 57 41 R.
1725 1877 51 40 L.
1795 1876 305 47 Pemberton,
2122 1876 69 41 St.
2211 1876 180 47 Marys,

451 1936 72 40 W.
593 1946 43 30 Va.
707 1934 284 50 (29-11526)

387 2027 2011 72 Quarterly cumulative index medicus … [v. 4, 5] Chicago,
449 2110 310 52 American
791 2109 244 52 medical
1068 2108 343 53 association
1469 2110 151 65 [1929]

450 2191 300 42 2 v. 26½ ᶜᵐ .
721 2258 118 29 CONTENTS.—v.
872 2246 43 41 4.
949 2248 429 47 July-December,
1414 2246 237 41 3928.—v.
1686 2246 42 49 5,
1761 2257 77 29 no.
1876 2245 41 41 1.
1950 2247 443 47 January-March,

378 2304 128 42 1929.

384 2373 42 30 v.
449 2363 41 47 4,
517 2357 52 53 ©
596 2362 122 40 Mar.
744 2361 70 47 20,
839 2360 117 42 1929;
1009 2361 66 41 2c.
1101 2361 115 49 Apr.
1242 2360 26 41 6;
1322 2360 82 42 aff.
1428 2361 114 49 Apr.
1568 2361 26 42 8;
1646 2372 43 30 v.
1715 2361 39 47 5,
1782 2356 52 54 ©
1862 2361 126 41 June
2012 2361 26 40 5;
2092 2360 69 42 2c.
2187 2361 96 40 and
2309 2360 83 41 aff.

453 2420 127 39 June
606 2419 81 46 10;
716 2419 43 39 A
783 2418 128 48 8460,
937 2419 140 46 8593;
1106 2419 147 39 Amer.
1293 2419 207 40 medical
1527 2429 128 30 assn.

387 2514 259 52 Russian
675 2517 222 53 schools
927 2517 114 52 and
1069 2516 362 53 universities
1461 2516 58 52 in
1547 2517 98 51 the
1671 2516 183 53 world
1883 2534 134 34 war.
456 2515 1917 147 Introduction,

619 2593 1776 70 by Count Paul N. Ignatiev … Primary and secondary
455 2671 1942 70 schools, by Dimitry M. Odinetz … Universities and higher
457 2750 1940 70 technical schools, by Paul J. Novgorotsev … New Haven,
461 2829 147 53 Yale
651 2828 322 70 university
1019 2847 185 50 press;
1252 2829 260 68 London,
1558 2829 76 53 H.
1682 2828 267 68 Milford,
1998 2827 232 56 Oxford
459 2829 1916 147 university

705 2924 161 50 press
896 2907 95 53 for
1022 2907 96 53 the
1152 2906 283 70 Carnegie
1466 2908 359 52 endowment
1858 2907 94 53 for
1985 2907 410 53 international

461 3003 196 50 peace:
690 2985 269 54 Division
990 2985 64 53 of
1086 2985 312 53 economics
1430 2986 113 52 and
1575 2985 241 70 history,
1849 2989 152 51 1929.

558 3097 9 17 xxv,
612 3066 86 40 239
745 3077 43 37 p.
862 3067 117 39 25ᶜᵐ.
1057 3066 252 49 [Carnegie
1356 3067 308 40 endowment
1707 3067 80 40 for
1833 3067 352 41 international
2235 3077 157 39 peace.

386 3122 226 41 Division
641 3122 51 41 of
721 3122 270 41 economics
1022 3123 95 39 and
1148 3122 204 48 history.
1412 3122 257 41 Economic
1701 3124 97 40 and
1829 3123 151 40 social
2008 3123 193 48 history
2232 3124 52 40 of
2315 3124 81 40 the

387 3179 151 39 world
568 3189 117 29 war.
745 3178 215 40 Russian
988 3179 167 49 series]

390 3231 52 52 ©
472 3236 122 39 Mar.
623 3235 69 47 29,
721 3234 118 41 1929;
893 3235 67 41 2c.
989 3236 115 47 Apr.
1132 3235 55 40 15;
1245 3235 82 40 aff.
1358 3236 115 48 May
1499 3235 29 41 9;
1582 3236 43 39 A
1651 3235 117 42 8028;
1825 3236 240 48 Carnegie
2088 3237 307 40 endowment

457 3291 81 41 for
559 3291 219 41 internatl.
836 3302 159 37 peace.
1059 3291 281 49 (29-11264)

391 3373 274 63 Sargent,
698 3372 229 64 George
958 3373 195 64 Clark,
1185 3376 84 52 ed.

460 3450 121 53 The
606 3450 307 54 American
939 3450 258 67 political
1222 3452 226 52 classics
1467 3470 11 33 :
1502 3451 304 69 Jefferson,
1830 3452 406 69 Washington,

391 3452 1981 128 Lincoln.
598 3528 72 52 2d
700 3528 84 52 ed.
851 3529 213 52 Edited
1092 3528 77 68 by
1198 3527 223 70 George
1452 3527 179 55 Clark
1661 3528 265 70 Sargent,
1958 3529 94 53 for
2080 3530 99 53 the
2205 3547 97 35 use
2332 3529 65 53 of

390 3605 96 52 the
509 3605 127 51 Lux
659 3605 192 52 school
875 3604 64 54 of
961 3605 309 52 industrial
1293 3606 274 69 training.
1654 3605 118 56 [San
1796 3607 325 68 Francisco,
389 3607 1982 129 Pernau-Walsh

623 3682 268 69 printing
922 3701 78 34 co.]
1060 3685 151 50 1929.

461 3764 487 48 80 p., 1 l. 18½ ᶜᵐ .
463 3821 207 38 Extract
693 3819 131 40 from
848 3819 81 40 the
953 3819 316 41 Declaration
1296 3819 51 41 of
1372 3820 357 47 independence;
1786 3821 365 48 Washington’s
2173 3822 221 40 farewell

427 3876 196 45 address;
655 3874 245 41 Lincoln’s
929 3875 299 49 Gettysburg
1255 3875 186 49 speech,
1472 3877 96 39 and
1599 3877 174 40 second
1804 3877 262 47 inaugural
2096 3878 217 41 address.

396 3927 52 52 ©
478 3932 115 46 May
619 3931 68 46 15,
715 3930 118 41 1929;
888 3931 66 40 2c.
984 3933 96 38 and
1107 3931 82 41 aff.
1220 3933 114 46 May
1362 3932 56 39 22;
1476 3934 42 38 A
1546 3933 113 40 8261;
1718 3933 107 39 Lux
1854 3934 163 39 school
2047 3933 52 41 of
2126 3934 268 40 industrial

464 3988 230 48 training.
766 3988 282 50 (29-11586)
