2547 4384
1385 4015 102 50 832

606 429 336 49 xv, 719 p. 23 ᶜᵐ .
432 497 52 53 ©
510 503 116 47 May
647 502 71 48 31,
744 501 143 48 1929;
913 502 69 41 2c.
1008 503 96 39 and
1129 502 83 42 aff.
1237 503 128 39 June
1388 503 27 38 4;
1470 502 41 40 A
1564 502 87 41 8493;
1707 502 180 41 Michie
1913 513 68 31 co.

509 559 283 49 (29-12365)

432 654 266 65 Volkert,
735 654 156 54 John
929 656 64 54 F.

503 735 121 53 The
671 753 125 34 new
844 734 199 69 spirit;
1096 755 31 33 a
1176 736 227 54 drama.
1423 735 76 70 by
1548 735 157 54 John
1754 735 66 53 F.
1869 734 259 53 Volkert.
2205 735 236 67 Boston,

430 813 1367 70 Mass., Meador publishing company [ ᶜ19 29 ]
497 894 57 41 68
582 905 44 38 p.
686 894 130 41 illus.
844 893 162 50 (map)
1075 894 148 43 16½ᶜᵐ.

430 948 52 53 ©
507 953 116 47 May
643 953 70 47 21,
739 952 114 40 1929;
906 952 68 41 2c.
998 954 116 47 May
1135 952 58 41 27;
1247 952 81 42 aff.
1355 953 114 47 May
1491 952 59 41 28;
1601 953 42 39 A
1667 952 114 41 9359;
1836 953 44 41 J.
1900 952 52 41 F.
1971 953 216 47 Volkert,
2208 952 228 48 Orlando,

499 1010 104 40 Fla.
674 1009 283 49 (29-12300)

431 1104 199 61 Wade,
665 1104 223 53 Harold
922 1104 325 55 Hamilton.

497 1182 56 53 A
589 1182 178 53 dozen
806 1201 31 34 a
876 1184 115 68 day
1026 1183 59 52 in
1124 1183 266 70 spelling,
1428 1181 397 70 punctuation,
1865 1185 114 52 and
2020 1202 307 50 grammar,
2365 1184 76 70 by

427 1261 2013 69 Harold H. Wade … and John E. Blossom … Boston, New
427 1340 164 53 York
628 1345 119 63 [etc.]
806 1341 322 67 Houghton
1164 1341 206 52 Mifflin
1404 1359 282 51 company
1835 1344 84 67 [ᶜ1929]

495 1421 539 52 xi, [1], 219 p. 23 ᶜᵐ .
431 1476 52 53 ©
518 1481 115 48 May
666 1481 70 47 22,
771 1481 142 41 1929;
949 1482 68 39 2c.
1052 1482 115 45 May
1200 1481 83 46 25;
1396 1513 8 8 aff.
1439 1482 115 45 May
1588 1481 83 43 23;
1708 1481 40 39 A
1782 1481 142 41 8346;
1963 1482 59 39 H.
2059 1482 61 39 H.
2156 1481 153 40 Wade
2343 1482 96 39 and

499 1538 129 41 John
655 1539 52 40 E.
736 1539 236 47 Blossom,
1000 1539 289 47 Worcester,
1317 1540 149 38 Mass.
1524 1534 70 54 [©
1623 1538 212 41 revision
1863 1540 95 38 and
1987 1550 106 29 new
2120 1538 200 48 section]

507 1595 284 50 (29-11994)

429 1690 470 65 Wagenknecht,
932 1691 257 52 Edward
1222 1689 264 56 Charles.

497 1767 312 56 Geraldine
851 1768 235 67 Farrar,
1128 1786 72 34 an
1244 1768 336 52 authorized
1624 1768 198 53 record
1866 1767 65 53 of
1971 1768 103 52 her
2116 1786 208 46 career,
2365 1768 74 69 by

426 1846 255 53 Edward
713 1845 451 70 Wagenknecht.
1237 1844 234 70 Seattle,
1501 1845 341 70 University
1871 1846 148 53 book
2051 1851 168 63 store,
2254 1849 151 49 1929.

497 1928 978 50 5 p. l., 9-91 p. front., ports. 23 ᶜᵐ .
497 1986 119 40 This
643 1986 125 40 book
794 1985 42 40 is
863 1985 258 48 published
1149 1985 49 39 in
1227 1997 26 28 a
1282 1984 189 41 limited
1499 1984 184 41 edition
1711 1985 52 40 of
1791 1986 137 39 three
1956 1986 222 39 hundred
2205 1987 96 38 and
2330 1986 111 49 fifty

426 2043 174 48 copies.
660 2042 121 40 This
810 2042 42 41 is
880 2042 204 40 number
1111 2041 131 41 350.”

496 2100 350 47 Autographed
875 2099 62 47 by
967 2098 262 40 Geraldine
1259 2098 199 40 Farrar.

499 2157 131 39 “The
658 2156 166 40 device
850 2166 60 29 on
939 2156 82 39 the
1049 2164 142 30 cover
1217 2155 94 38 and
1345 2154 249 47 title-page
1623 2154 41 40 is
1694 2154 119 40 Miss
1844 2154 225 41 Farrar’s
2099 2155 232 48 insigne.”

498 2213 69 40 “A
600 2213 212 40 selected
844 2212 340 47 bibliography
1218 2211 51 39 of
1302 2211 148 40 books
1483 2212 94 38 and
1611 2210 199 41 articles
1844 2211 211 49 relating
2087 2214 48 38 to
2171 2213 122 40 Miss
429 2214 1995 95 Farrar”:
600 2279 44 38 p.
677 2268 161 41 89-91.

430 2322 52 53 ©
508 2328 115 44 May
646 2326 38 47 1,
711 2325 143 47 1929;
879 2326 68 39 2c.
974 2326 114 46 May
1111 2325 56 39 23;
1222 2323 84 42 aff.
1332 2325 114 45 May
1469 2323 55 39 22;
1580 2324 40 38 A
1647 2323 114 41 8303;
1819 2325 211 40 Edward
2058 2326 378 49 Wagenknecht,

500 2383 200 43 Seattle.
772 2381 281 51 (29-11776)

430 2481 272 62 Wallace,
733 2481 220 63 Edgar,
986 2485 168 50 1875-

497 2558 1944 71 The face in the night, by Edgar Wallace … Garden City,
426 2639 70 55 N.
537 2640 91 65 Y.,
666 2638 145 54 Pub.
851 2637 95 53 for
984 2639 121 51 The
1147 2637 193 55 Crime
1380 2636 146 68 club,
1565 2636 126 58 inc.,
1749 2655 57 53 by
1843 2637 360 70 Doubleday,
2241 2640 195 52 Doran

424 2719 46 51 &
496 2734 299 51 company,
824 2715 127 66 inc.,
983 2718 151 51 1929.

496 2799 47 40 vi
572 2810 58 38 p.,
659 2799 24 39 1
751 2830 8 16 l.,
786 2798 88 41 318
901 2809 42 37 p.
1005 2797 146 42 19½ᶜᵐ.

431 2853 52 52 ©
509 2857 127 40 June
661 2857 69 42 13,
755 2855 143 47 1929;
925 2857 68 39 2c.
1018 2856 97 39 and
1141 2854 81 41 aff.
1249 2855 129 40 June
1401 2855 82 40 28;
1513 2855 38 38 A
1577 2855 142 41 9934;
1750 2857 53 38 E.
1829 2856 230 47 Wallace,
2089 2856 212 39 London.

508 2912 283 50 (29-26572)

430 3009 268 62 Warner,
731 3009 207 62 Henry
970 3008 274 63 Edward,
1279 3009 172 53 1876-

502 3085 185 71 Songs
722 3086 65 53 of
819 3086 97 52 the
951 3085 172 67 craft,
1155 3085 76 68 by
1265 3085 205 68 Henry
1505 3085 256 53 Edward
1797 3084 260 54 Warner.
429 3084 1984 148 Washington,

574 3163 880 67 D. C., Ransdell, inc. [ ᶜ19 29]
499 3243 868 51 130 p. incl. front. (port.) 20 ᶜᵐ .
432 3298 52 53 ©
516 3303 113 46 May
659 3301 40 49 9,
730 3301 114 41 1929;
902 3301 70 40 2c.
1002 3301 97 39 and
1129 3300 83 40 aff.
1243 3299 128 41 June
1400 3301 54 45 4;
1487 3300 40 38 A
1558 3299 142 46 9460;
1734 3299 217 41 William
1984 3299 249 40 Bradford
500 3310 1918 89 memorial

622 3358 290 41 committee.
977 3357 281 49 (29-12389)

430 3454 254 64 Waugh,
713 3452 258 55 William
1000 3452 363 63 Templeton,
1398 3457 127 49 1884-

431 3529 1984 148 James Wolfe, man and soldier, by W. T. Waugh … Montreal,
619 3609 141 53 New
784 3609 180 67 York,
988 3609 66 52 L.
1082 3607 232 55 Carrier
1340 3610 51 50 &
1418 3626 98 48 co.,
1543 3609 151 51 1928.

501 3693 29 39 2
549 3703 44 38 p.
652 3724 8 16 l.,
684 3692 144 40 7-333
853 3702 43 38 p.
948 3692 87 40 col.
1059 3691 164 47 front.,
1249 3691 171 47 plates,
1446 3692 150 45 ports,
1624 3689 137 49 (part
1785 3689 112 48 col.)
1923 3689 119 40 fold,
2067 3699 151 37 maps,
2244 3688 191 42 facsim.

429 3750 146 39 24½ᶜᵐ.

502 3806 289 41 Illustrated
812 3805 365 48 lining-papers.

435 3858 1995 53 © Nov. 15, 1928; 1c. Feb. 7, 1929; 1c. Mar. 25; aff. Feb. 28; A 6678;
503 3920 147 40 Louis
675 3919 198 40 Carrier
898 3919 36 40 &
958 3930 67 28 co.
1090 3916 280 50 (29-26167)
