2542 4389
1102 4001 133 49 1219

148 363 285 65 Mauriac,
466 361 301 69 François,
800 368 172 50 1885-

279 440 1873 56 … La nuit du bourreau de soi-même. Dessins de Maxime
144 518 1983 70 Dethomas, gravés par Aubert. [Paris] E. Flammarion [ ᶜ19 29]
218 601 959 51 55, [1] p., 1 l. front., plates. 24 ᶜᵐ .
151 669 1891 54 © May 16, 1929; 1c. June 7; A— Foreign 3242; Ernest Flammarion.
231 729 280 51 (29-16900)

149 839 447 65 Meadowcroft,
624 837 258 56 William
912 839 225 65 Henry,
1169 844 173 50 1853-

215 914 1878 71 The boys’ life of Edison, by William H. Meadowcroft …
145 994 140 54 with
319 993 536 69 autobiographical
886 998 160 48 notes
1074 994 76 68 by
1180 993 111 53 Mr.
1324 994 248 68 Edison;
1609 994 189 53 edited
1828 994 76 69 by
1933 993 223 69 George

149 1069 2008 72 S. Carhart … School ed. New York and London, Harper
145 1151 564 65 & brothers [ ᶜ19 29]
217 1235 99 47 xix,
355 1233 85 41 289
478 1244 43 37 p.
579 1231 165 49 front.,
852 1262 9 17 pl.,
900 1233 150 46 ports.
1111 1232 146 40 19½ᶜᵐ.
1328 1232 255 48 (Lettered
1622 1243 60 30 on
1720 1241 164 32 cover:
1921 1232 237 49 Harper’s

147 1292 200 40 modern
376 1289 225 48 classics)

220 1360 429 48 “Books—useful,
681 1359 305 48 interesting,
1018 1360 97 39 and
1144 1359 243 49 exciting”:
1447 1372 44 37 p.
1520 1359 218 42 285-289.

155 1429 53 52 ©
234 1432 120 48 Aug.
380 1431 40 49 9,
447 1431 115 40 1929;
617 1432 67 39 2c.
712 1431 95 39 and
835 1429 83 41 aff.
945 1430 121 48 Aug.
1094 1431 55 39 13;
1207 1430 42 39 A
1272 1430 148 41 11638;
1474 1431 195 49 Harper
1695 1435 37 41 &
1759 1432 127 40 bros.

233 1488 282 51 (29-16949)

153 1584 233 65 Mehlis,
418 1584 212 63 Georg.

156 1661 1982 151 Die idee Mussolinis und der sinn des faschismus … Leipzig,
297 1743 65 51 E.
393 1742 357 69 Haberland,
782 1742 150 51 1928.

224 1824 26 39 1
316 1855 9 10 v.

157 1890 1683 53 © July 31, 1928; 1c. Oct. 29; A —Foreign 786; E. Haberland.
159 1991 218 63 Moore,
407 1988 190 55 Jessie
629 1988 272 55 Eleanor.

283 2065 1879 69 … First Bible stories, by Jessie Eleanor Moore … illustrated
150 2146 75 68 by
254 2145 76 52 H.
362 2144 71 53 D.
465 2143 223 55 Giesen.
764 2143 140 53 New
933 2143 181 68 York,
1145 2144 65 52 T.
1242 2143 213 53 Nelson
1485 2145 114 52 and
1628 2162 146 51 sons,
1807 2147 149 50 1929.

224 2226 1937 50 128 p. incl. col. front., col. illus. 19½ ᶜᵐ . (American standard Bible
154 2285 212 39 readers.
428 2282 91 42 Old
550 2283 285 41 Testament
868 2282 207 49 primer)

226 2355 288 40 Illustrated
544 2354 351 48 lining-papers
924 2354 52 39 in
1004 2355 171 39 colors.

227 2413 129 39 “The
397 2411 138 40 Bible
575 2413 107 37 text
721 2411 118 39 used
880 2410 51 40 in
969 2410 100 40 this
1109 2411 191 39 volume
1342 2411 42 39 is
1425 2411 148 40 taken
1613 2411 129 41 from
1782 2413 81 39 the
1903 2412 259 40 American

154 2468 239 41 standard
423 2467 185 40 edition
638 2467 52 40 of
720 2467 82 40 the
835 2467 191 40 revised
1056 2466 290 49 Bible.”—p.
1381 2469 55 48 [4]

226 2525 129 39 “The
384 2523 175 41 stories
588 2523 49 39 in
666 2523 139 41 Bible
834 2523 189 41 words”:
1082 2535 44 37 p.
1154 2523 218 41 126-128.

162 2591 52 53 ©
242 2596 121 48 Aug.
391 2595 39 48 6,
458 2594 113 40 1929;
628 2595 68 40 2c.
724 2595 97 39 and
849 2592 82 42 aff.
960 2594 122 48 Aug.
1111 2594 26 40 9;
1194 2595 42 38 A
1264 2593 147 41 10689;
1466 2595 211 40 Thomas
1705 2596 180 40 Nelson
1915 2597 38 40 &
1979 2606 126 31 sons.

241 2650 282 49 (29-16962)

161 2746 282 54 National
471 2747 225 53 bureau
723 2747 64 53 of
814 2746 297 54 economic
1136 2747 298 64 research,
1463 2748 111 56 inc.

230 2826 424 54 International
692 2826 359 69 migrations,
1156 2871 9 10 I.
1209 2825 289 56 Statistics
1538 2827 283 69 compiled
1859 2848 74 34 on
1967 2827 201 55 behalf

162 2904 65 53 of
263 2905 99 53 the
396 2904 425 53 International
860 2906 202 52 labour
1101 2903 168 72 office,
1307 2904 248 71 Geneva,
1595 2904 140 54 with
1774 2905 393 55 introduction

165 2985 115 52 and
321 2988 159 49 notes
519 2985 76 68 by
637 2983 48 53 I.
728 2983 290 69 Ferenczi,
1060 2984 191 53 edited
1293 3002 73 34 on
1406 2984 201 53 behalf
1647 2983 65 54 of
1753 2985 97 53 the
1891 2985 276 55 National

159 3060 214 53 bureau
394 3060 66 52 of
480 3060 283 54 economic
785 3061 259 53 research
1064 3062 76 67 by
1161 3060 224 56 Walter
1409 3061 67 55 F.
1498 3060 265 56 Willcox.
1823 3063 141 54 New
1987 3062 181 72 York,

165 3140 275 54 National
470 3141 213 52 bureau
715 3140 66 54 of
809 3140 285 54 economic
1124 3140 276 66 research,
1428 3140 127 69 inc.,
1588 3143 149 51 1929.

233 3221 113 40 1112
381 3232 43 38 p.
488 3222 168 47 tables,
693 3221 180 48 diagrs.
936 3221 147 41 23½ᶜᵐ.
1158 3220 301 50 (Half-title:
1494 3220 335 43 Publications
1866 3223 53 40 of
1953 3223 82 40 the
166 3225 1976 93 National

347 3279 185 39 bureau
559 3278 53 40 of
637 3278 243 40 economic
909 3277 240 47 research,
1178 3278 356 48 incorporated,
1590 3288 75 31 no.
1695 3278 80 49 14)

233 3347 120 41 This
380 3349 146 47 study
550 3348 90 40 has
665 3349 119 41 been
809 3349 268 40 conducted
1103 3348 79 41 for
1206 3349 82 40 the
1317 3348 287 41 Committee
1630 3359 59 30 on
1715 3349 236 41 scientific
1977 3353 192 46 aspects

163 3405 54 40 of
246 3406 183 39 human
460 3405 262 48 migration
754 3406 53 40 of
836 3406 84 40 the
952 3405 160 42 Social
1143 3405 186 41 science
1362 3406 226 40 research
1622 3406 203 42 council,
1885 3409 61 48 cf.
1981 3409 131 41 Pref.

235 3462 235 41 Contains
497 3462 395 49 bibliographies.

169 3527 52 53 ©
246 3533 117 48 July
387 3533 71 48 26,
483 3533 140 48 1929;
649 3534 70 40 2c.
745 3535 96 39 and
868 3534 82 40 aff.
976 3534 121 48 Aug.
1122 3534 54 47 3;
1205 3532 42 40 A
1273 3532 171 48 10760;
1473 3534 131 41 Natl,
1632 3534 184 40 bureau
1845 3535 52 41 of
1922 3535 244 41 economic

235 3590 241 48 research,
506 3590 91 40 inc.
666 3590 281 50 (29-16893)

169 3684 280 65 Overton,
479 3685 190 54 Grant
697 3686 244 65 Martin,
973 3688 172 53 1887-
1364 3688 83 54 ed.

241 3764 1932 72 The world’s fifty best short novels … Grant Overton,
168 3842 2002 72 editor-in-chief … New York and London, Funk & Wagnalls
172 3924 509 66 company [ ᶜ19 29 ]
