2533 4342
1348 3997 137 52 1884

400 426 54 41 of
511 428 90 40 Mr.
660 427 358 48 MacMurray’s
1078 427 358 49 compilation.”
1453 451 61 6 —
1528 427 264 49 Prefatory
1835 430 113 39 note
1994 428 196 49 signed:
2243 430 164 40 James

402 483 179 41 Brown
613 483 149 49 Scott,
792 483 214 41 director
1036 484 52 40 of
1118 485 82 39 the
1232 483 226 42 Division
1487 484 53 41 of
1570 483 353 42 international
1956 485 110 41 law.

473 539 396 49 “Supplemental
893 539 85 41 list
1005 540 52 40 of
1081 541 284 40 documents
1389 543 85 38 not
1499 540 195 49 printed
1720 540 50 40 in
1795 540 102 41 this
1920 541 278 48 pamphlet”:
2256 553 44 37 p.
400 540 2009 98 xi-xiv.

405 649 52 53 ©
486 653 102 42 Oct.
616 654 69 47 31,
715 653 116 41 1929;
885 653 68 41 2c.
982 654 97 40 and
1107 653 83 41 aff.
1218 654 119 40 Nov.
1367 653 28 41 6;
1450 653 41 40 A
1519 653 145 41 14889;
1725 654 236 48 Carnegie
1991 655 304 39 endowment
2323 654 81 40 for

473 711 252 40 internati,
754 720 159 38 peace.
983 709 282 49 (29-25930)

400 775 325 66 Chapman,
755 775 254 55 Michael
1038 776 278 56 Andrew.

474 853 56 53 A
560 854 246 69 garland
839 853 65 54 of
934 854 181 54 saints
1151 853 94 54 for
1277 855 278 58 children,
1587 855 76 69 by
1697 855 98 53 the
1825 855 298 53 Reverend
2157 854 251 54 Michael

403 930 1981 148 Andrew Chapman. New York and Cincinnati, Frederick Pustet co. (inc.) [ ᶜ19 29]
472 1091 1065 50 4 p. l., 11-130 p. incl. front., illus. 22 ᶜᵐ.
407 1144 53 53 ©
492 1150 118 39 Nov.
642 1149 69 47 14,
744 1148 115 41 1929;
919 1148 69 41 2c.
1023 1150 96 40 and
1152 1148 83 42 aff.
1268 1149 120 41 Nov.
1419 1149 84 47 16;
1538 1149 43 40 A
1612 1149 171 47 15846;
1821 1148 264 41 Frederick
2118 1149 171 40 Pustet
2325 1158 81 38 co.,

475 1204 91 42 inc.
653 1204 260 51 (29-25932)

409 1271 241 64 Creasy,
678 1272 102 53 Sir
807 1272 257 53 Edward
1095 1270 327 66 Shepherd,
1456 1272 326 55 1812-1878.

536 1348 1875 71 … Turkey, by Sir Edward S. Creasy, revised and edited
403 1426 1948 72 by Archibald Cary Coolidge … and W. Harold Claflin …
404 1505 1985 148 The Balkan states … [Memorial ed.] New York, P. F. Collier & son company [ ᶜ19 28]
408 1665 1990 106 xiii, 613 p. front., illus. (maps) plates. 23 ᶜᵐ. (The history of nations, H. C. Lodge … editor-in-chief, vol. XIV)
477 1780 334 49 Frontispiece
838 1780 344 49 accompanied
1211 1781 62 48 by
1298 1782 155 47 guard
1481 1782 137 40 sheet
1644 1781 122 40 with
1790 1780 297 49 descriptive
2114 1780 302 49 letterpress.

477 1837 351 48 Bibliography:
884 1849 45 37 p.
976 1837 236 50 [609]-613.

413 1891 54 52 ©
495 1896 120 41 Nov.
644 1896 38 48 6,
714 1895 117 42 1928;
887 1896 67 41 2c.
988 1895 129 49 Sept.
1146 1895 70 48 30,
1248 1895 115 40 1929;
1424 1894 83 42 aff.
1539 1895 103 41 Oct.
1674 1895 59 39 30;
1789 1895 42 40 A
1860 1896 144 40 13887;
2065 1896 52 39 P.
2148 1896 52 40 F.
2233 1894 179 43 Collier

480 1952 37 39 &
542 1962 87 31 son
656 1963 67 30 co.
794 1951 283 49 (29-21130)

411 2017 268 65 Deberle,
709 2018 212 54 Alfred
952 2018 242 65 Joseph,
1228 2019 327 54 1835-1877.

539 2095 1879 61 … South America; translated and edited from the work of
408 2173 1986 133 Alfred Joseph Deberlè by Philip Patterson Wells … [Memorial
647 2253 103 67 ed.]
830 2254 140 53 New
1008 2253 180 56 York.
1221 2255 66 52 P.
1323 2255 65 53 F.
1425 2252 216 57 Collier
1675 2255 52 51 &
1761 2271 101 35 son
1897 2271 282 52 company
2327 2257 85 64 [ᶜ1928]

479 2335 100 47 xxi,
618 2335 99 48 246,
759 2334 285 49 246a-246n,
1104 2335 236 50 [247]-254,
1381 2334 270 49 254a-254i,
1711 2334 237 50 [255]-260,
1988 2334 274 49 260a-260t,
2302 2335 118 41 261-

409 2391 2009 50 361 p. 23 ᶜᵐ. (The history of nations, H. C. Lodge … editor-in-chief,
410 2450 89 40 vol.
633 2449 16 47 XXI)

480 2505 335 49 Frontispiece
842 2506 345 48 accompanied
1212 2506 62 48 by
1302 2507 156 48 guard
1485 2507 138 40 sheet
1649 2506 122 41 with
1797 2506 294 50 descriptive
2117 2508 303 47 letterpress.

479 2563 380 48 Bibliography:
889 2574 44 37 p.
980 2562 237 50 [355]-361.

417 2617 52 53 ©
493 2622 119 41 Nov.
638 2621 40 48 6,
702 2620 116 41 1928;
872 2621 67 41 2c.
968 2621 129 48 Sept.
1125 2621 69 47 30,
1222 2620 118 41 1929;
1393 2620 82 42 aff.
1503 2621 103 41 Oct.
1633 2621 57 41 30;
1745 2622 41 39 A
1812 2622 146 41 13887;
2013 2623 52 39 P.
2093 2622 51 40 F.
2174 2621 180 42 Collier
2382 2621 36 40 &

484 2688 87 31 son
598 2689 68 30 co.
737 2677 284 50 (29-21137)

413 2742 296 65 Delmont,
738 2743 241 65 Joseph,
1011 2744 172 54 1873-

478 2819 234 67 Chains,
732 2820 79 68 by
830 2821 220 68 Joseph
1074 2821 291 67 Delmont,
1388 2822 319 53 translated
1731 2822 78 69 by
1831 2822 264 69 Huntley
2117 2822 297 53 Paterson.

408 2898 139 53 New
572 2898 181 67 York,
778 2898 65 53 L.
871 2898 356 70 MacVeagh,
1253 2900 123 53 The
1402 2899 137 54 Dial
1568 2918 177 50 press,
1775 2901 150 51 1929.

478 2978 560 51 3 p. l., 354 p. 19 ½ᶜᵐ .
481 3036 201 41 London
713 3035 185 42 edition
939 3036 337 47 (Hutchinson
1306 3036 37 41 &
1375 3047 84 36 co.,
1489 3035 114 49 ltd.)
1643 3037 92 41 has
1766 3036 139 41 title:
1940 3037 58 40 In
2029 3035 185 43 chains.

418 3090 52 53 ©
502 3094 129 48 Sept.
659 3094 69 42 25,
758 3092 143 45 1929;
931 3094 69 41 2c.
1031 3093 103 41 Oct.
1164 3094 53 47 2;
1249 3093 82 42 aff.
1363 3094 103 41 Oct.
1496 3094 83 47 30;
1612 3094 44 40 A
1682 3094 172 48 13820;
1887 3094 116 40 Dial
2030 3104 151 39 press,
2213 3094 91 39 inc.

496 3149 282 50 (29-20023)

418 3212 281 66 Douglas,
728 3215 101 55 Sir
856 3214 224 55 Robert
1109 3215 364 64 Kennaway,
1506 3220 327 51 1838-1913.

551 3291 1872 72 … China, by Sir Robert K. Douglas … with special article,
419 3370 1940 72 Late events and present conditions, by Jeremiah W. Jenks …
424 3448 320 69 [Memorial
793 3450 84 53 ed.]
977 3449 141 53 New
1165 3449 180 68 York,
1394 3450 66 52 P.
1510 3450 66 53 F.
1628 3449 215 55 Collier
1891 3449 51 51 &
1991 3468 100 34 son
2140 3466 281 52 company

424 3530 194 64 [ ᶜ19 28]
414 3606 1988 105 xiii, 350 p. front., illus. (maps) plates (1 col.) port. 23 ᶜᵐ. (The history of nations, H. C. Lodge … editor-in-chief, vol. VI)
484 3719 333 48 Frontispiece
860 3719 96 40 and
999 3720 191 40 colored
1233 3721 133 47 plate
1405 3720 344 48 accompanied
1792 3721 63 46 by
1896 3720 155 46 guard
2094 3720 162 40 sheets
2299 3719 122 40 with

415 3774 292 49 descriptive
734 3775 302 49 letterpress.

484 3830 378 48 Bibliography:
893 3841 44 37 p.
985 3830 237 50 [343]-350.

423 3881 52 53 ©
499 3887 118 40 Nov.
644 3886 38 48 6,
708 3886 141 47 1928;
877 3887 68 41 2c.
975 3887 129 48 Sept.
1130 3887 69 41 30.
1225 3887 114 40 1929;
1396 3886 83 40 aff.
1507 3887 102 41 Oct.
1636 3886 83 43 30:
1748 3887 42 40 A
1816 3887 170 48 13887;
2017 3889 50 39 P.
2096 3888 51 39 F.
2176 3887 181 41 Collier
2383 3888 36 40 &

491 3952 87 32 son
605 3953 67 30 co.
743 3942 282 49 (29-21122)
