2542 4361
1131 3994 99 54 673

174 346 114 50 Am
315 345 31 51 I
374 345 224 67 getting
623 364 71 33 an
722 344 334 54 education?
1136 345 90 66 By
1252 343 220 61 George
1504 346 67 53 A.
1601 346 129 65 Coe,
1756 347 154 50 John
1939 348 227 67 Dewey.

238 420 1909 70 William Lyon Phelps … [and others] Garden City, N. Y.,
240 498 1352 67 Doubleday, Doran & company, inc. [ ᶜ1 929 ]
242 577 1916 50 3 p. l., 5-92 p. 19½ ᶜᵐ . (Added t.-p.: Personal problems series, no. 8)
509 648 395 47 CONTENTS.—By-products
947 648 52 39 of
1040 650 82 37 the
1163 649 179 46 college
1383 649 276 41 classroom,
1705 649 58 45 by
1807 650 53 38 G.
1903 650 54 39 A.
2001 650 163 40 Coe.—

172 705 123 39 How
331 707 48 37 to
414 704 196 47 acquire
646 714 23 29 a
709 705 106 38 love
851 704 51 39 of
936 706 122 46 good
1095 704 214 46 reading,
1347 705 58 46 by
1442 705 70 39 W.
1550 705 52 40 L.
1638 705 295 47 Phelps.—A
1969 708 192 37 student

170 762 136 39 looks
337 764 54 37 at
420 760 270 44 education,
723 761 61 46 by
816 762 50 39 P.
898 761 351 40 Porter.—The
1280 760 228 45 meaning
1540 761 51 39 of
1624 761 271 43 education,
1929 762 59 45 by
2024 764 50 38 F.
2110 764 43 38 D

174 817 377 41 Slutz.—Soviet
598 817 273 46 education,
917 818 61 45 by
1024 818 44 39 J.
1116 817 292 47 Dewey.—A
1459 818 327 39 constructive
1835 818 231 39 criticism
2117 820 48 37 of

170 875 198 39 modern
395 874 271 48 education,
694 874 60 47 by
783 874 42 40 J.
858 874 44 40 S.
931 873 351 41 Wilson.—Am
1314 875 21 37 I
1364 874 189 47 getting
1580 885 60 28 an
1670 874 289 40 education?
2021 877 69 45 By
2123 875 29 41 S

170 932 152 46 Eddy.

174 999 51 52 ©
256 1004 110 40 Jan.
396 1004 69 47 31,
497 1003 139 41 1929;
669 1003 68 40 2c.
768 1003 95 39 and
894 1002 82 41 aff.
1009 1003 114 47 May
1153 1003 53 46 3;
1240 1002 41 39 A
1311 1001 140 48 7911;
1485 1002 299 48 Doubleday,
1819 1003 165 39 Doran
2016 1008 36 39 &
2083 1014 82 35 co.,

241 1059 90 40 inc.
398 1058 278 49 (29-10761)

172 1152 1998 71 American law reports annotated … v. 59. Rochester, N. Y.,
241 1231 123 52 The
394 1232 267 68 Lawyers
694 1231 382 68 co-operative
1112 1230 335 69 publishing
1482 1249 307 50 company;
1828 1231 340 68 Northport.

243 1310 62 51 L.
343 1309 66 67 I.,
445 1309 68 52 N.
552 1309 90 66 Y.,
680 1309 253 52 Edward
970 1309 331 67 Thompson
1339 1327 307 50 company:
1691 1308 116 53 San
1845 1309 324 66 Francisco,

245 1386 581 69 Bancroft-Whitney
861 1405 297 50 company,
1194 1389 150 50 1929.

242 1468 524 49 viii, 1599 p. 25½ ᶜᵐ .
175 1531 51 52 ©
256 1536 112 47 May
395 1536 39 41 8,
462 1535 138 42 1929;
630 1535 66 40 2c.
724 1536 96 38 and
847 1534 82 40 aff.
957 1535 115 47 May
1099 1535 82 45 14;
1210 1534 41 39 A
1278 1535 141 45 8124;
1451 1535 228 47 Lawyers
1707 1536 325 47 co-operative
2058 1537 109 46 pub.

241 1602 67 29 co.
327 1602 8 36 ;
373 1592 209 41 Edward
615 1591 276 47 Thompson
923 1602 67 29 co.
1009 1601 9 36 ;
1054 1590 490 48 Bancroft-Whitney
1577 1603 67 28 co.

170 1684 354 64 Arlesheim,
566 1683 405 55 Switzerland.
1048 1682 817 65 Klinisch-therapeutisches
1907 1686 262 52 institut.

237 1763 109 54 Die
380 1763 318 54 kochkunst
733 1764 60 52 in
826 1768 132 48 west
996 1765 114 51 und
1146 1768 114 61 ost;
1299 1770 221 61 rezepte
1557 1765 96 51 des
169 1765 1974 144 Klinisch-therapeutischem

554 1842 258 54 instituts
870 1841 321 53 Arlesheim
1246 1841 88 53 bei
1394 1843 183 52 Basel.
1673 1842 288 70 Stuttgart
2047 1851 119 62 [etc.]

169 1921 509 53 Orient-occident-
684 1921 213 68 verlag,
931 1923 150 51 1928.

238 2000 473 50 xvii, 182 p. 23 ᶜᵐ .
241 2073 40 39 A
319 2073 173 39 second
531 2073 204 46 volume,
775 2071 121 40 with
935 2070 203 41 subtitle
1177 2069 251 42 “Diätetik
1466 2072 124 39 nach
168 2072 1985 98 geisteswissenschaftlichen

355 2127 475 50 gesichtspunkton”,
857 2129 90 39 has
974 2128 118 40 been
1118 2128 264 48 projected.

242 2188 118 39 “Die
397 2185 272 47 gewählten
706 2187 95 38 und
839 2185 258 49 erprobten
1134 2187 190 45 rezepte
1362 2188 147 38 inussi
1521 2197 58 28 eu
1617 2186 426 42 übereinstimmen
2085 2190 87 40 mit

170 2246 92 38 den
293 2245 90 39 auf
413 2242 681 49 geisteswissenschaftlicher
1127 2243 268 46 grundlage
1427 2253 325 36 gewonnenen
1785 2246 180 39 erkenntn
2029 2247 143 47 issen,

171 2303 79 39 die
289 2303 84 39 der
412 2301 211 48 grüuder
663 2301 84 39 des
789 2300 373 45 Goetheanums,
1203 2300 70 39 dr.
1315 2300 184 40 Rudolf
1541 2300 204 48 Steiner,
1785 2302 49 39 in
1875 2303 181 40 seinem
171 2315 1984 84 gemeinsam
442 2358 90 40 mit
565 2359 71 39 dr.
674 2357 44 41 J.

756 2358 232 47 Wegman
1025 2358 277 39 verfassten
1341 2358 124 39 buch
1502 2358 410 47 ‘Grundlegendes
1948 2361 83 39 für
2067 2362 106 40 eine

169 2416 326 48 erweiterung
523 2416 84 39 der
636 2414 250 40 heilkunst
913 2415 125 39 nach
1067 2413 689 49 geisteswissenschaftlichen
1785 2418 387 41 erkenntnissen’

169 2474 329 48 niedergelegt
531 2471 431 48 hat.”—Vorwort,
996 2470 196 48 signed:
1229 2471 253 41 Elisabeth
1517 2474 63 39 M.
1618 2474 154 41 Dank.

177 2541 1994 109 © Apr. 30, 1928; 1c. Jan. 8, 1929; A —Foreign 1373; Orient-Occident-verlag. (29-10895)
181 2695 242 53 Around
453 2696 94 53 the
578 2695 180 53 world
788 2695 139 51 with
957 2695 93 52 the
1085 2692 140 68 fleet,
1258 2694 336 67 1907-1909;
1628 2716 29 32 a
1690 2697 265 67 pictorial
1988 2699 93 67 log
2111 2699 63 52 of

243 2774 96 51 the
374 2772 196 52 cruise.
642 2770 343 67 Annapolis,
1021 2770 140 66 Md.,
1198 2770 218 53 United
1456 2769 189 55 States
1684 2775 171 49 naval
1893 2774 278 54 institute.

246 2853 150 50 1929.

245 2928 1666 51 4 p. l., 280 p. of illus. (incl. ports., map) col. front. 27½ᶜᵐ.
247 2989 139 46 Maps
416 2998 61 29 on
506 2986 365 48 lining-papers.

178 3043 51 52 ©
259 3046 113 47 Apr.
402 3046 68 41 12,
500 3045 139 40 1929;
670 3044 67 40 2c.
768 3043 93 40 and
893 3042 82 40 aff.
1005 3043 114 47 Apr.
1149 3043 55 38 22;
1262 3043 42 38 A
1333 3044 139 46 7604;
1508 3044 54 40 U.
1595 3045 43 39 S.
1669 3047 145 37 naval
1845 3046 242 42 institute.

256 3101 280 48 (29-30684)

176 3195 220 64 Banks,
428 3192 244 56 Charles
703 3192 273 62 Edward,
1011 3197 169 48 1854-

243 3275 121 52 The
407 3272 244 69 English
699 3275 259 63 ancestry
1005 3272 107 51 and
1161 3271 192 53 homes
1396 3272 64 51 of
1503 3272 95 53 the
1640 3274 248 65 Pilgrim
1936 3275 238 68 fathers,

172 3354 126 52 who
330 3370 154 35 came
513 3356 56 47 to
599 3349 312 69 Plymouth
942 3367 72 35 on
1042 3350 95 51 the
1169 3348 401 69 “Mayflower”
1601 3351 58 52 in
1691 3355 152 67 1620,
1873 3355 94 52 the

173 3355 1976 128 “Fortune”
369 3430 61 52 in
459 3432 150 53 1621,
638 3428 112 52 and
779 3428 94 52 the
903 3426 236 52 “Anne”
1170 3427 112 53 and
1312 3428 94 52 the
1437 3426 211 55 “Little
1674 3429 230 54 James”
1933 3434 57 51 in
2024 3438 150 63 1623,

171 3505 2003 75 by Charles Edward Banks … New York, The Grafton press
253 3589 118 63 [ ᶜ1 929]
245 3662 1476 53 xi p., 1 l., 187 p. front. (facsim.) fold. map. 24½ᶜᵐ.
247 3724 152 47 “Only
432 3726 95 37 two
557 3721 222 40 hundred
812 3719 159 48 copies
1003 3720 52 39 of
1086 3719 98 40 this
1216 3720 123 39 book
1370 3720 124 40 have
1527 3722 117 40 been
1677 3724 191 47 printed
1902 3727 126 39 from
2064 3732 112 44 type

175 3783 95 39 and
301 3782 82 39 the
412 3784 112 43 type
550 3777 309 42 distributed.
919 3776 120 40 This
1068 3786 119 37 copy
1217 3776 42 39 is
1287 3777 203 39 number
1518 3778 130 40 168.”
1711 3781 203 48 Signed:
1948 3766 147 58 Chas.’
2123 3786 52 39 E.

178 3840 178 39 Ranks.

181 3893 51 51 ©
262 3897 113 45 Apr.
405 3894 69 45 26,
504 3892 115 40 1929;
674 3891 68 38 2c.
772 3891 96 38 and
897 3889 82 40 aff.
1010 3891 113 45 May
1154 3891 51 43 8;
1239 3889 41 38 A
1310 3889 115 40 7980
1442 3901 9 35 ;
1486 3891 49 40 C.
1566 3894 53 39 E.
1650 3895 180 49 Banks,
1864 3898 197 40 Boston.

258 3947 280 51 (29-10699)
