2542 4361
1112 4035 98 48 565

147 387 228 63 Fogler,
414 385 194 56 Doris.

214 464 185 67 Rusty
423 463 136 51 Pete
583 461 65 53 of
670 462 95 52 the
788 462 157 67 Lazy
969 462 126 66 AB,
1117 461 76 68 by
1216 459 173 53 Doris
1414 459 210 68 Fogler
1648 458 112 52 and
1785 458 153 52 Nina
1963 457 183 65 Nicol,

145 536 1974 150 illustrated by Doris Fogler. New York, The Macmillan company, 1929.
216 693 1818 54 5 p. l., 3-106 p. incl. illus., plates, col. front., col. pl. 21×19½ᶜᵐ.
215 768 290 40 Illustrated
538 767 364 48 lining-papers.

148 833 1696 52 © Apr. 23, 1929; 2c. and aff. Apr. 24; A 7651; Macmillan co.
228 892 252 50 (29-9920)

148 1002 208 63 Forge,
388 1002 207 62 Henry
624 1001 89 55 de.

274 1078 1561 71 … Coeurs embaumes … Paris, L. Querelle [ 1928]
212 1159 459 50 318 p., 1 l. 19 ᶜᵐ .
149 1228 1911 53 © Dec. 6, 1928; 1c. Jan. 25, 1929; A—Foreign 1753; Louis Querelle.
227 1288 252 49 (29-9609)

150 1396 249 64 Franck,
432 1396 201 63 Harry
661 1395 311 65 Alverson,
1007 1400 170 50 1881-

221 1475 31 52 I
292 1474 256 55 discover
586 1474 236 67 Greece;
864 1475 249 52 wherein
1153 1494 72 33 an
1263 1475 291 53 incurable
1591 1475 209 53 nomad
1837 1481 111 47 sets
1989 1474 160 54 forth

153 1554 154 52 what
347 1553 175 53 befell
561 1554 119 50 him
722 1554 112 52 and
877 1571 71 34 an
989 1553 168 53 artist
1200 1553 192 53 friend
1435 1554 212 67 during
1687 1572 25 34 a
1758 1554 392 68 labyrinthine

150 1649 246 35 summer
421 1631 240 68 journey
686 1631 251 67 through
965 1631 235 51 modern
1224 1630 221 69 Hellas,
1468 1631 76 69 by
1568 1631 196 69 Harry
1791 1631 72 53 A.
1889 1632 257 65 Franck;

149 1709 392 69 ninety-seven
569 1709 382 52 illustrations
980 1709 153 51 from
1160 1708 396 69 photographs
1580 1709 77 69 by
1681 1709 94 53 the
1803 1709 207 53 author
2036 1710 113 52 and

150 1806 31 34 a
226 1787 371 67 frontispiece
636 1787 77 68 by
753 1787 90 53 his
886 1786 357 68 companion.
1323 1786 139 52 New
1504 1787 178 68 York,
1725 1787 260 69 London,
2027 1788 121 52 The

143 1865 603 69 Century co. [ᶜ192 9]
218 1943 1165 50 xvii, 359 p. front., plates. 21 ᶜᵐ . $4.00
219 2017 140 47 Maps
391 2028 59 28 on
480 2015 365 49 lining-papers.

151 2083 52 52 ©
230 2088 114 47 Apr.
371 2087 69 47 12,
468 2087 140 47 1929;
637 2087 68 40 2c.
733 2087 94 39 and
856 2085 83 42 aff.
966 2087 114 47 Apr.
1108 2085 82 48 15;
1219 2086 41 39 A
1287 2086 140 47 7463;
1460 2086 214 48 Century
1701 2097 67 30 co.

230 2143 252 49 (29-9765)

151 2237 308 64 Frondaie,
493 2236 220 64 Pierre,
749 2241 172 50 1884-

282 2325 1867 71 … Deux fois vingt ans, roman. Paris, Émile-Paul frères,
146 2404 149 50 1928.

217 2481 527 49 5 p. l., 242 p. 39 ᶜᵐ .
149 2557 1998 109 © July 20, 1928; 1c. Jan. 25, 1929; A—Foreign 1751; Éditions Émile-Paul
370 2625 171 40 frères.
609 2625 229 49 (29-9608
847 2625 13 48 )

155 2717 415 65 Gevorkiantz,
604 2718 189 54 Suren
825 2718 329 54 Rubenian.

279 2797 1872 67 … Form and development of white pine stands in relation
149 2880 55 48 to
247 2875 262 69 growing
547 2893 194 50 space;
786 2895 31 33 a
859 2874 377 70 preliminary
1276 2874 170 69 study
1487 2874 140 53 with
1670 2873 323 55 form-class
146 2876 1981 130 volume

300 2954 179 53 tables
508 2953 64 54 of
600 2955 229 51 natural
860 2955 113 52 and
1003 2953 237 68 planted
1268 2953 196 54 stands
1493 2952 59 53 in
1582 2954 214 52 central
1825 2954 139 52 New

147 2954 1981 145 England,
338 3033 76 67 by
456 3031 55 55 S.
555 3032 66 53 R.
665 3030 388 56 Gevorkiantz
1094 3032 113 52 and
1248 3031 69 53 N.
1360 3031 90 53 W.
1491 3031 234 69 Hosley.
1800 3032 351 67 Petersham,

146 3109 190 69 Mass.,
366 3109 274 54 Harvard
672 3111 195 67 forest,
900 3111 150 50 1929.

220 3191 54 40 83
312 3202 42 36 p.
391 3190 110 41 incl.
539 3191 142 47 illus.,
722 3191 171 40 tables,
954 3190 179 48 diagrs.
1194 3190 147 41 23½ᶜᵐ.
1410 3190 256 48 (Harvard
1705 3189 169 41 forest.
1936 3190 217 40 Bulletin

150 3258 73 31 no.
261 3248 79 48 13)

222 3319 307 40 “Literature
558 3318 185 41 cited”:
776 3330 43 37 p.
849 3318 159 42 81-83.

154 3385 52 52 ©
234 3391 121 40 Mar.
383 3391 68 43 13,
478 3389 139 48 1929;
646 3391 68 40 2c.
741 3391 123 39 Mar.
889 3390 83 46 29;
1003 3389 83 42 aff.
1114 3391 122 39 Mar.
1262 3389 56 39 25;
1374 3388 41 39 A
1442 3388 140 43 6256:
1613 3388 255 40 President
1896 3389 36 40 &
1958 3388 190 41 fellows

225 3446 51 39 of
306 3447 231 39 Harvard
567 3447 192 48 college,
792 3446 304 48 Cambridge,
1130 3446 147 39 Mass.
1348 3444 251 50 (29-9855)

157 3539 305 63 Giddings,
493 3540 282 52 Franklin
806 3541 223 63 Henry,
1062 3545 171 48 1855-

225 3616 121 53 The
378 3616 227 69 mighty
636 3617 306 67 medicine;
980 3616 372 69 superstition
1387 3616 113 52 and
1535 3616 73 53 its
1644 3616 287 52 antidote:
1964 3634 31 33 a
2028 3634 124 33 new

157 3693 197 52 liberal
392 3694 317 68 education,
743 3695 76 68 by
854 3695 284 52 Franklin
1174 3695 205 68 Henry
1414 3693 306 68 Giddings.
1795 3694 140 52 New
1971 3693 181 64 York,

155 3770 998 70 The Macmillan company, 1929.
227 3852 26 39 5
283 3863 42 37 p.
390 3884 8 16 l.,
427 3854 85 39 147
540 3865 40 36 p.
641 3854 146 41 19½ᶜᵐ.

158 3918 1691 53 © Apr. 16, 1929; 2c. and aff. Apr. 17; A 7486; Macmillan co.
236 3976 252 52 (29-9852)
