2512 4377
1340 4013 64 50 336

369 471 221 71 (1920),
632 470 278 69 Hillyer’s
955 471 388 53 consolidated
1390 470 360 67 supplement
1807 468 394 70 (1921-1925),
2248 468 113 53 and

359 551 229 70 Hillyer
595 550 39 55 ’s
659 549 253 54 biennial
940 550 361 67 supplement
1341 546 191 71 (1927)
1571 547 282 69 prepared
1879 548 76 69 by
1985 546 194 56 Curtis

358 545 1979 153 Hillyer.
551 628 116 55 San
707 627 324 69 Francisco,
1071 627 409 53 Bender-Moss
1519 643 298 52 company,
1858 628 150 51 1929.

430 708 468 50 iii, 1176 p. 26 ᶜᵐ .
364 777 52 52 ©
445 782 123 40 Mar.
595 781 38 47 8,
662 779 114 40 1929
794 790 9 37 ;
833 779 67 40 2c.
931 780 123 39 Mar.
1081 778 56 39 15
1154 788 9 36 ;
1195 777 81 42 aff.
1307 777 123 40 Mar.
1458 777 56 38 14
1530 787 10 37 ;
1570 776 41 39 A
1637 775 116 41 4905
1771 787 9 37 ;
1812 775 345 40 Bender-Moss
2184 785 68 31 co.

442 837 252 49 (29-7482)

364 944 246 63 Hillyer,
644 943 192 64 Virgil
868 944 215 61 Mores,
1121 943 171 54 1875-

431 1022 224 52 French
684 1020 394 53 conversation
1107 1021 212 52 lessons
1347 1018 94 54 for
1470 1019 259 53 children
1779 1019 94 69 [by]
1906 1019 72 53 V.
2006 1018 80 53 M.
2115 1018 247 68 Hillyer.

361 1100 336 66 Baltimore,
731 1097 234 56 Calvert
997 1099 191 52 school
1273 1099 151 65 [ᶜ1929]

432 1180 744 51 3 p. l., [1], 36, 36 p. 16½ ᶜᵐ .
434 1251 188 41 French
650 1252 96 38 and
773 1250 203 49 English
1005 1261 60 30 on
1093 1249 218 49 opposite
1339 1260 147 37 pages
1514 1249 263 40 numbered
1807 1248 50 40 in
1885 1248 262 48 duplicate.

369 1317 51 52 ©
451 1323 123 39 Mar.
602 1321 38 47 5,
671 1320 118 41 1929
803 1331 9 36 ;
844 1321 69 40 2c.
941 1320 95 39 and
1066 1319 84 41 aff.
1181 1322 123 38 Mar.
1333 1319 53 47 9;
1419 1319 41 39 A
1489 1319 143 47 4754;
1665 1319 55 40 V.
1751 1321 63 38 M.
1844 1318 206 48 Hillyer,
2082 1318 283 40 Baltimore.

445 1376 253 50 (29-6899)

370 1471 221 64 Hoche,
621 1471 232 64 Alfred,
887 1476 172 49 1865-

439 1546 1933 70 Schlaf und traum, von dr. A. Hoche … Berlin, Ullstein
372 1629 193 65 [ᶜ1928]

438 1707 1700 53 149, [1] p., 1 l. 17½ ᶜᵐ . (Half-title: Wege zum wissen. [89])
371 1776 1666 52 © Oct. 4, 1928 ; 1c. Dec. 4 ; A—Foreign 1045 ; Ullstein a. g.
450 1836 253 50 (29-7517)

373 1930 240 55 Illinois.
683 1931 310 68 Appellate
1025 1937 203 47 courts.

442 2007 1752 70 Reports of cases determined … with a directory of the
373 2007 1975 147 judiciary
563 2085 64 53 of
659 2086 97 52 the
787 2091 143 48 state
966 2086 285 52 corrected
1286 2092 56 46 to
1378 2085 264 69 January
1679 2090 46 63 1,
1761 2088 152 65 1929,
1947 2086 115 52 and
2096 2085 278 54 abstracts

373 2163 64 53 of
465 2182 150 35 cases
646 2164 335 69 designated
1009 2164 74 68 by
1113 2164 97 52 the
1237 2168 189 48 courts
1456 2183 60 33 as
1544 2168 101 48 not
1674 2169 58 47 to
1761 2164 67 52 be
1857 2164 265 68 reported
2153 2164 60 52 in
2244 2163 128 53 full.

374 2240 1977 149 v. 249, A. D. 1929 … Reported by Basil Jones. Chicago, Callaghan & company, 1929.
442 2401 502 50 xlvii, 686 p. 23 ᶜᵐ .
377 2468 52 52 ©
459 2473 123 40 Mar.
610 2472 68 47 13,
707 2471 142 48 1929;
880 2472 68 40 2c.
977 2473 123 40 Mar.
1127 2471 83 48 16;
1241 2471 82 42 aff.
1354 2472 122 40 Mar.
1505 2471 83 47 15;
1619 2472 39 38 A
1687 2472 141 47 5874;
1862 2471 272 49 Callaghan
2162 2473 36 40 &
2226 2483 69 31 co.

380 2581 238 54 Illinois.
697 2583 279 66 Supreme
1015 2589 176 47 court.

449 2660 246 67 Reports
729 2658 63 53 of
825 2677 151 34 cases
1009 2664 59 47 at
1099 2660 110 51 law
1244 2659 112 52 and
1391 2659 60 52 in
1485 2659 279 68 chancery
1799 2660 214 68 argued
2048 2660 113 52 and
376 2661 1979 128 determined

658 2737 1720 69 … v. 332, containing cases in which opinions were filed
378 2815 59 51 in
470 2814 246 54 October
747 2815 113 52 and
891 2814 327 68 December,
1254 2817 151 65 1928,
1437 2816 113 52 and
1583 2833 150 35 cases
1766 2815 248 53 wherein
2049 2816 330 69 rehearings

380 2911 142 34 were
568 2893 202 53 denied
816 2899 59 46 at
918 2893 94 52 the
1057 2893 310 52 December
1411 2898 163 63 term,
1622 2897 149 50 1928.
1856 2894 231 55 Samuel
2132 2895 249 68 Pashley

379 2971 199 67 Irwin,
615 2976 257 63 reporter
910 2970 63 53 of
1010 2971 295 53 decisions.
1377 2972 430 69 Bloomington,
1844 2972 95 53 Ill.
2002 2972 379 69 [Pantagraph

381 3049 265 68 printing
675 3049 113 52 and
819 3049 318 68 stationery
1167 3067 97 48 co.]
1304 3051 151 50 1929.

484 3130 539 50 x, [11]-701 p. 22½ ᶜᵐ .
383 3197 52 52 ©
466 3202 123 39 Mar.
619 3200 68 49 18,
718 3201 115 40 1929
849 3212 9 36 ;
889 3202 69 40 2c.
989 3202 95 39 and
1115 3201 83 41 aff.
1229 3202 122 40 Mar.
1381 3201 83 47 21;
1497 3201 41 39 A
1568 3201 140 48 6078;
1745 3202 195 41 Samuel
1973 3204 210 47 Pashley
2214 3203 165 48 Irwin,

452 3258 355 49 Bloomington,
841 3259 75 39 Ill.

384 3362 287 52 Institute
714 3361 64 54 of
821 3362 316 53 American
1181 3366 159 49 meat
1383 3363 267 63 packers,
1697 3365 268 69 Chicago.
2046 3366 338 54 Committee

452 3457 72 34 on
557 3438 356 68 accounting.

451 3515 437 68 Packinghouse
932 3515 360 70 accounting,
1337 3516 283 67 prepared
1663 3516 76 69 by
1783 3518 98 52 the
1927 3516 340 56 Committee
2312 3536 71 35 on

384 3593 342 67 accounting
767 3591 64 53 of
875 3593 97 52 the
1012 3592 276 54 Institute
1332 3592 65 53 of
1440 3593 306 54 American
1792 3600 151 48 meat
1988 3595 264 69 packers;

384 3615 2001 126 revised and edited by Howard C. Greer … Chicago, Ill., The
382 3746 339 68 University
747 3746 64 53 of
841 3745 252 71 Chicago
1123 3766 157 49 press
1336 3750 152 65 [1929]

452 3827 743 49 xiii, 404 p. diagrs. 21½ ᶜᵐ .
389 3894 52 52 ©
468 3899 112 40 Feb.
602 3898 71 48 25,
700 3900 141 41 1929;
868 3900 69 41 2c.
964 3902 123 39 Mar.
1112 3900 52 47 9;
1193 3900 83 41 aff.
1303 3902 121 39 Mar.
1452 3901 52 46 8;
1532 3901 41 40 A
1599 3902 141 48 5729;
1770 3903 284 48 University
2081 3903 51 40 of
2160 3902 224 49 Chicago.

467 3954 251 51 (29-7051)
