2582 4377
1395 4092 67 49 42

414 527 427 57 Scandinavian
891 526 374 67 foundation;
1314 528 90 53 W.
1453 527 90 54 W.
1593 526 224 53 Norton
1864 528 47 51 &
1959 544 297 51 company,
2305 526 109 53 inc.

415 609 194 66 [ ᶜ192 8 ]
481 686 1932 51 xxvii, 377 p., 1 l. front. (port.) 19 ᶜᵐ . (Half-title: Scandinavian
410 745 213 48 classics,
656 746 91 40 vol.
913 744 15 47 XXXI)

415 812 2000 100 © Nov. 20, 1928; 2c. Jan. 16, 1929; aff. Dec. 13, 1928; A 2880; American-Scandinavian
878 869 307 41 foundation.
1260 868 282 50 (28-26939)

411 965 313 65 Laughlin,
762 964 203 56 Curtis
999 965 230 55 Stuart.

482 1044 59 52 It
574 1044 118 52 also
724 1043 156 52 rains
912 1043 61 51 in
1005 1042 168 52 Paris
1226 1042 94 68 [by·]
1361 1041 195 55 Curtis
1592 1041 201 55 Stuart
1824 1041 321 69 Laughlin;
2180 1041 173 70 being
2386 1059 31 35 a

412 1126 126 48 true
571 1138 145 50 copy
749 1119 65 53 of
845 1121 89 52 his
967 1120 231 69 journal
1231 1139 60 33 as
1325 1120 250 69 relating
1606 1126 59 46 to
1697 1120 90 52 his
1820 1119 328 53 immediate
412 1120 1981 132 impressions

608 1199 114 52 and
769 1198 356 68 experiences
1172 1197 65 53 of
1281 1198 167 53 Paris
1494 1198 61 52 in
1603 1197 349 69 September,
2001 1198 151 68 1927,
2198 1198 141 52 with
2387 1216 31 35 a

411 1276 155 54 brief
598 1276 408 53 introduction.
1081 1276 303 67 Portland,
1414 1275 131 68 Me.,
1581 1279 150 49 1928.

481 1359 709 51 v, [1], 21, [1] p., 1 l. 16 ᶜᵐ .
484 1430 94 42 “Of
605 1430 99 40 this
732 1430 125 40 book
882 1429 89 40 200
996 1429 160 47 copies
1185 1430 124 39 have
1337 1428 120 40 been
1482 1429 196 48 printed
1705 1430 61 47 by
1793 1430 83 40 the
1904 1430 178 39 author
2110 1429 130 40 from

411 1430 1988 98 handset
515 1488 126 47 type,
673 1486 99 41 this
803 1486 263 40 December
1097 1485 157 41 1928.”

416 1554 52 52 ©
497 1559 110 39 Jan.
635 1558 40 47 7,
704 1556 142 48 1929;
875 1558 69 39 2c.
974 1557 110 40 Jan.
1113 1556 82 47 12;
1227 1555 83 41 aff.
1340 1557 111 39 Jan.
1479 1556 83 46 11;
1593 1556 41 39 A
1662 1555 142 47 3664;
1839 1555 50 41 C.
1921 1555 45 42 S.
1995 1556 257 48 Laughlin,
482 1557 1920 106 Portland,

642 1616 91 39 Me.
801 1614 251 49 (29-1648)

411 1711 133 64 Lee,
581 1711 162 52 Reuel
800 1708 63 55 P.

483 1786 206 54 Burial
718 1792 262 62 customs,
1012 1787 227 52 ancient
1268 1788 114 52 and
1409 1787 255 67 modern,
1692 1785 77 70 by
1799 1787 68 52 R.

412 1786 1985 148 P. Lee … Minneapolis, Minn., The Ary a company, 1929.
483 1949 51 40 xi
565 1960 58 37 p.,
654 1949 26 39 1
747 1980 8 16 l.,
785 1950 56 39 74
871 1959 44 37 p.
975 1948 130 41 illus.
1166 1948 116 40 19ᶜᵐ.

417 2015 52 52 ©
498 2020 111 41 Jan.
635 2019 41 48 2,
705 2019 141 46 1929;
877 2019 68 40 2c.
973 2019 110 41 Jan.
1112 2019 53 46 5;
1196 2018 83 42 aff.
1309 2019 110 40 Jan.
1447 2019 55 46 4;
1532 2018 41 39 A
1601 2019 142 47 3538;
1776 2019 56 41 R.
1862 2019 51 40 P.
1943 2019 107 47 Lee,
2082 2018 339 48 Minneapolis.

495 2076 253 49 (29-1644)

411 2171 330 64 Lewinson,
776 2170 184 55 Ruth.

547 2249 1877 72 … Happy days Ruth Lewinson; decorations by Nat
415 2328 1492 71 Lowell. New York, H. Vinal limited [ᶜ192 8]
487 2410 1541 50 6 p. l., 32 p. front., illus. 16 ᶜᵐ . (The friendly books)
486 2483 183 41 Music:
700 2494 43 37 p.
771 2483 71 41 31.

487 2541 184 40 Poems.

420 2608 54 53 ©
497 2613 119 39 Nov.
643 2612 69 48 10,
739 2611 117 41 1928
871 2622 9 36 ;
909 2612 67 40 2c.
1003 2612 97 39 and
1127 2611 82 40 aff.
1237 2611 111 41 Jan.
1375 2611 40 48 5,
1442 2610 141 47 1929;
1613 2610 41 40 A
1680 2609 142 49 3554;
1853 2611 189 41 Harold
2070 2610 157 49 Yinal,
2255 2611 88 41 ltd.

498 2668 253 50 (29-1549)

415 2763 210 64 Lewis,
659 2763 275 55 Winston
967 2763 248 55 Barnes.

487 2845 306 52 Treasures
848 2843 113 53 and
1017 2843 162 53 other
1233 2859 209 53 poems,
1495 2842 76 70 by
1624 2842 271 54 Winston
1951 2843 218 53 Barnes
2222 2842 201 54 Lewis.

418 2921 1468 70 Boston, Mass., The Stratford company [ᶜ192 8]
488 3002 928 50 3 p. l., 48 p. front. (port.) 19 ᶜᵐ .
423 3057 52 52 ©
502 3061 119 41 Nov.
651 3061 69 47 14,
750 3060 141 47 1928;
920 3061 69 39 2c.
1018 3061 119 40 Nov.
1167 3061 81 46 17;
1282 3060 82 41 aff.
1394 3060 113 41 Dec.
1537 3060 82 47 19;
1652 3060 42 39 A
1722 3060 142 48 3566;
1899 3060 104 41 Ona
2034 3061 188 40 Barnes
2252 3060 172 49 Lewis,

489 3118 228 47 Daytona
750 3117 175 48 Beach,
960 3117 104 40 Fla.
1135 3116 253 50 (29-1548)

421 3211 69 52 Li
517 3211 96 52 Ah
641 3212 136 63 San,
805 3211 182 53 Edith
1015 3212 143 62 May
1183 3211 240 54 Forbes.

489 3288 104 68 My
626 3288 109 53 life
768 3308 59 33 as
860 3289 99 52 the
989 3288 138 53 wife
1161 3288 65 53 of
1261 3308 31 33 a
1330 3288 341 69 Chinaman,
1705 3289 76 69 by
1817 3289 183 52 Edith
2035 3290 140 68 May
2211 3288 214 55 Forbes

431 3366 166 69 (Mrs.
635 3367 183 52 Edith
853 3367 140 68 May
1027 3367 72 52 Li
1134 3366 97 53 Ah
1270 3366 145 69 San)
1505 3368 362 65 [Instalment
1904 3370 50 63 4]
2042 3367 266 68 (Hidden
420 3386 1981 111 secrets

595 3444 65 53 of
689 3444 366 70 Limehouse)

499 3528 83 49 (In
613 3523 292 46 Thomson’s
939 3523 191 54 weekly
1161 3524 163 52 news)

424 3580 2002 53 © 1c. Jan. 25, 1929; A ad int. 12260; pubd. Dec. 1, 1928; American
493 3641 197 47 weekly,
720 3640 105 49 inc.,
855 3642 118 39 New
1001 3641 146 41 York.

422 3733 205 65 Lilley,
660 3733 212 54 Alfred
903 3734 210 66 Leslie,
1149 3740 172 50 1860-

496 3810 388 68 Sacraments;
931 3831 31 33 a
1003 3813 173 68 study
1218 3813 65 53 of
1324 3832 151 34 some
1515 3819 278 49 moments
1837 3815 62 51 in
1940 3815 97 52 the
2080 3818 245 64 attempt
2365 3819 61 49 to

424 3888 1940 72 define their meaning for Christian worship, by A. L. Lilley …
424 3966 1382 72 New York, The Macmillan company, 1929.
