2542 4361
1101 4009 100 51 625

126 343 244 63 Adams,
400 340 236 56 Samuel
665 340 288 66 Hopkins,
984 342 171 54 1871-

190 419 121 53 The
347 418 247 68 flagrant
627 435 182 50 years,
843 436 31 34 a
908 418 166 52 novel
1108 417 65 53 of
1206 418 95 52 the
1334 417 208 69 beauty
1577 416 238 68 market,
1849 416 72 69 by
119 417 1977 133 Samuel
242 495 271 68 Hopkins

545 494 235 53 Adams.
857 495 138 53 New
1029 495 180 67 York,
1241 495 76 52 H.
1351 494 321 68 Liveright,
1706 497 148 49 1929.

191 578 87 41 304
310 589 43 37 p.
414 577 145 40 19½ᶜᵐ.

125 630 53 52 ©
207 634 114 48 Apr.
350 634 69 47 30,
450 632 117 41 1929;
622 633 67 40 2c.
718 633 95 39 and
844 632 83 41 aff.
958 634 113 46 May
1100 634 54 44 3;
1186 633 41 38 A
1257 632 139 47 7899;
1433 632 44 41 S.
1508 633 60 39 H.
1600 632 194 47 Adams,
1826 632 118 39 New
1975 634 143 39 York.
204 688 280 50 (29-10429)

124 783 331 63 Anderson,
488 781 335 64 Sherwood,
857 782 172 54 1876-

195 862 174 53 Hello
423 859 211 56 towns!
714 862 91 67 By
862 860 310 55 Sherwood
1224 860 320 54 Anderson.
1620 861 137 53 New
1812 859 180 70 York,
2045 862 77 53 H.

126 939 320 67 Liveright,
482 942 149 50 1929.

191 1019 1146 50 339 p. front. (map) plates, ports. 21½ᶜᵐ.
195 1078 238 41 “Articles
469 1078 95 39 and
604 1078 125 39 tales
767 1077 52 40 of
854 1076 89 41 life
981 1076 49 40 in
1069 1077 81 40 the
1188 1079 130 38 town
1360 1078 67 49 [of
1464 1078 204 47 Marion,
1707 1079 101 48 Va.]
1851 1080 95 38 and
1987 1079 139 40 other

123 1135 164 48 things
321 1135 124 40 built
480 1146 64 36 up
578 1136 84 38 out
698 1134 52 40 of
784 1134 82 40 the
900 1133 322 48 imagination
1258 1134 203 41 because
1495 1135 53 40 of
1578 1135 152 48 living
1764 1134 264 50 here.”—p.
2068 1136 55 49 [6]

127 1190 53 52 ©
212 1193 114 48 Apr.
359 1193 68 46 17,
461 1192 139 46 1929;
635 1192 67 39 2c.
735 1191 116 48 Apr.
882 1191 82 45 20;
1001 1190 82 42 aff.
1117 1191 113 49 Apr.
1263 1192 83 46 24;
1381 1192 41 39 A
1454 1192 118 41 7685;
1633 1193 189 40 Horace
1857 1193 264 47 Liveright,
194 1249 92 41 inc.
351 1247 281 50 (29-10490)

127 1341 214 65 Arène,
372 1341 146 53 Paul
545 1341 294 64 Auguste,
872 1346 326 50 1843-1896.

258 1418 1868 71 … La veine d’argile, contes inédits (1 ʳᵉ série) Avant-propos
126 1496 1288 69 de Hubert Dhumez. Paris, Plon [ ᶜ1 928]
192 1579 481 50 3 p. l., 264 p. 19 ᶜᵐ.
195 1637 65 41 At
288 1637 125 40 head
441 1636 52 41 of
522 1636 107 41 title
647 1646 9 30 :
688 1636 124 40 Paul
840 1634 174 43 Arène.

127 1689 1913 109 © Oct. 10, 1928; 1c. Jan. 19, 1929; A—Foreign 1542; Librairie Plon. (29-10542)
128 1844 180 63 Bahr,
346 1843 182 55 Fritz.

196 1923 162 53 Fritz
408 1922 204 54 Bahr’s
659 1921 358 54 commercial
1066 1922 378 58 floriculture;
1498 1942 31 34 a
1578 1923 272 68 practical
1900 1926 231 53 manual

127 1997 2003 72 for the retail grower, by Fritz Bahr … 3d (rev.) ed., with
125 2099 155 35 more
308 2080 139 54 than
479 2080 156 53 three
665 2080 258 52 hundred
958 2079 398 54 illustrations.
1433 2079 136 53 New
1605 2080 177 68 York,
1812 2081 120 53 The
1964 2081 70 54 A.
2065 2082 64 52 T.

125 2160 87 52 De
239 2160 83 52 La
350 2159 164 52 Mare
540 2175 298 54 company,
867 2157 106 53 inc.
1031 2159 151 64 [1929]

197 2238 926 50 615 p. incl. front., illus., port. 24 ᶜᵐ.
476 2294 1655 51 CONTENTS. — pt. I. The retail grower’s methods, pt. II. A cull oral
126 2357 197 39 manual
350 2354 80 39 for
458 2353 142 43 retail
629 2363 228 38 growers.

134 2409 51 53 ©
210 2412 115 49 Apr.
348 2413 70 46 25,
442 2411 140 46 1929;
608 2412 69 40 2c.
702 2411 113 48 Apr.
838 2409 83 47 29;
949 2409 83 41 aff.
1057 2409 113 49 Apr.
1194 2410 57 40 30;
1305 2409 38 39 A
1368 2410 114 39 6831;
1537 2410 56 42 A.
1617 2411 51 41 T.
1694 2411 71 40 De
1792 2412 65 39 La
1885 2413 136 39 Mare
2048 2423 81 36 co.,

200 2469 90 40 inc.
358 2467 281 50 (29-10568)

132 2563 246 63 Barker,
411 2561 150 53 Fred
594 2561 43 54 C
926 2564 173 50 1852-

200 2638 273 70 Hunting
501 2638 112 53 and
641 2637 282 69 trapping
949 2656 72 33 on
1048 2637 97 52 the
1173 2637 203 67 Upper
1401 2637 386 69 Magalloway
1816 2638 176 53 River
2021 2639 113 53 and

131 2717 419 53 Parmachenec
591 2715 184 60 Lake;
820 2733 31 34 a
895 2714 203 53 winter
1141 2714 59 51 in
1242 2714 95 52 the
1380 2714 344 69 wilderness,
1765 2716 75 68 by
1884 2715 250 69 Captain

131 2791 2003 70 F. C. Barker and John S. Danforth … Rev. ed. Boston,
131 2869 1111 71 Lo throp, Lee & Shepard co. [ ᶜ1 929]
203 2950 1206 53 238 p. front., pl., 2 port, on 1 pl., map. 19½ ᶜᵐ.
137 3008 51 53 ©
219 3013 115 48 Apr.
362 3012 38 47 1,
430 3010 140 47 1929;
602 3011 67 39 2c.
698 3011 96 38 and
823 3008 83 42 aff.
935 3008 114 48 Apr.
1078 3008 82 45 25;
1193 3007 41 40 A
1262 3007 140 45 6788;
1437 3008 50 39 F.
1519 3008 48 40 C.
1599 3009 200 43 Barker,
1833 3010 174 47 Bemis,
2042 3013 90 39 Me.

208 3064 69 55 [©
303 3067 258 47 foreword,
591 3066 137 40 three
756 3064 344 46 illustrations,
1130 3075 124 36 map,
1283 3063 265 41 incidental
1580 3064 251 51 revisions]
215 3122 281 51 (29-10150)

135 3219 216 63 Baron,
390 3218 196 62 Haym
622 3214 294 56 Salomon.

204 3296 196 67 Haym
439 3292 289 68 Salomon,
765 3290 337 70 immigrant
1141 3290 111 52 and
1293 3289 271 54 financier
1600 3290 63 52 of
1701 3292 93 53 the
1833 3293 303 54 American

136 3372 338 67 revolution,
520 3371 75 69 by
641 3370 77 53 H.
769 3369 56 55 S.
875 3370 210 51 Baron.
1162 3368 138 52 New
1349 3367 180 61 York,
1577 3370 180 52 Bloch
1805 3371 333 72 publishing

134 3470 98 48 co.,
266 3453 149 51 1929.

207 3530 628 50 3 p. l., 3-107 p. 19½ᶜᵐ.
143 3586 51 53 ©
223 3591 113 47 Apr.
365 3589 68 47 10,
461 3586 113 42 1929;
631 3588 68 39 2c.
727 3587 95 39 and
851 3584 82 43 aff.
962 3585 114 48 Apr.
1104 3583 56 41 27;
1217 3582 40 41 A
1285 3583 141 47 6820;
1457 3584 151 41 Bloch
1636 3587 109 47 pub.
1774 3598 82 38 co.,
1885 3588 91 41 inc.
219 3645 283 50 (29-10434)

142 3740 245 63 Barton,
417 3736 144 54 Levi
592 3736 194 63 Elder,
821 3735 172 54 1870-

142 3808 1976 138 Three dimensions of love, and other sermons [by] L. E. Barton …
409 3888 911 69 Boston, R. G. Badger [ ᶜ1 929 ]
