2533 4342
1319 4001 136 52 1964

362 370 213 65 Dufty,
604 371 139 53 Mrs.
775 369 178 54 Lucie
982 369 68 55 B.

431 443 1934 74 Both sides of the railings, by Lucie B. Dufty … illustrated
359 526 76 69 by
457 527 64 51 L.
546 527 78 51 M.
651 525 211 68 Dufty.
920 525 244 52 London
1211 528 120 63 [etc.]
1360 525 90 53 W.
1480 522 222 56 Collins
1725 540 130 35 sons
1879 526 46 50 &
1949 540 78 37 co.
2052 523 104 53 ltd.
2189 525 172 65 [1929]

430 604 760 52 2 p. l. , 7-258 p. illus. 19ᶜᵐ.
371 672 1348 53 © 1c. Nov, 30, 1929; A ad int. 13296; pubd. Nov.
1746 675 28 39 4;
1829 674 123 41 Wm.
1981 673 184 42 Collins
2192 684 113 30 sons
2333 676 37 41 &

440 743 81 37 co.,
550 733 101 48 ltd.,
680 733 117 39 New
824 732 146 40 York.
1037 730 283 50 (29-29429)

432 839 1939 71 Rainbows and railings, by Lucie B. Dufty … illustrated
363 919 73 69 by
479 921 65 51 L.
585 920 82 53 M.
711 917 211 70 Dufty.
1001 919 243 52 London
1295 921 139 65 [etc.]
1480 919 90 54 W.
1616 917 221 56 Collins
1880 934 130 36 sons
2054 919 47 52 &
2142 934 80 36 co.
2265 916 104 53 ltd.

367 1000 172 64 [1929]

433 1077 610 51 285, [1] p. illus. 19 ᶜᵐ .
374 1144 2001 53 © 1c. Nov. 30, 1929; A ad int. 13297; pubd. Nov. 4; Wm. Collins sons &
441 1216 82 39 co.,
550 1206 102 48 ltd.,
681 1205 119 40 New
828 1205 145 40 York.
1041 1203 282 50 (29-29427)

368 1312 233 65 Elkind,
639 1313 207 64 Henry
883 1313 221 64 Byron,
1143 1317 172 50 1893-
1528 1313 85 55 ed.

436 1391 120 52 The
599 1389 237 70 healthy
876 1389 193 68 mind;
1113 1390 215 52 mental
1367 1389 245 69 hygiene
1655 1389 94 53 for
1791 1389 209 69 adults,
2039 1389 75 69 by
2158 1390 218 68 Joseph

364 1468 270 68 Jastrow,
659 1468 259 69 Douglas
945 1468 204 67 Thom,
1174 1468 195 53 James
1393 1467 220 68 Walsh,
1639 1468 252 53 Thomas
1975 1485 161 35 Verner
2162 1468 216 68 Moore,

364 1547 151 53 Karl
541 1547 296 67 Bowman,
862 1545 302 53 Abraham
1186 1544 289 69 Myerson,
1501 1546 72 54 Y.
1598 1546 73 54 Y.
1695 1545 305 53 Anderson
2026 1546 113 53 and
2167 1546 213 53 Esther

365 1625 221 69 Loring
638 1624 303 53 Richards.
1029 1623 216 53 Edited
1295 1622 77 70 by
1423 1622 205 70 Henry
1681 1622 235 54 Elkind.
2003 1624 140 53 New
2197 1623 181 69 York,

366 1702 561 69 Greenberg [ᶜ192 9]
436 1785 570 50 2 p. l. . 269 p. 21½ᶜᵐ.
441 1856 147 41 “This
621 1856 124 40 book
779 1855 43 40 is
856 1865 63 29 an
954 1854 292 48 adaptation
1278 1854 52 41 of
1364 1854 227 40 material
1625 1854 145 49 given
1804 1855 50 39 in
1888 1865 29 30 a
1953 1865 170 31 course
2159 1856 51 41 of
2243 1856 135 49 eight

368 1915 211 40 lectures
625 1912 206 41 entitled
880 1910 234 49 ‘Keeping
1160 1912 236 46 mentally
1441 1910 55 41 fit:
1572 1912 185 39 mental
1804 1912 206 48 hygiene
2056 1912 80 41 for
2181 1913 196 49 adults’,

368 1971 142 49 given
542 1970 51 39 in
624 1970 185 39 Boston
840 1967 178 48 during
1051 1968 83 39 the
1166 1968 137 46 early
1336 1968 167 47 spring
1536 1967 52 40 of
1619 1967 117 41 1929
1770 1969 154 39 under
1957 1969 82 40 the
2071 1970 225 48 auspices
2328 1970 52 41 of

370 2029 82 41 the
490 2025 225 41 Division
751 2023 52 42 of
840 2023 276 48 university
1151 2022 255 41 extension
1444 2024 52 39 of
1533 2024 83 40 the
1657 2024 138 41 State
1831 2025 310 48 department
2179 2026 52 41 of
368 2028 1993 102 education,
585 2082 121 40 with
744 2082 83 39 the
863 2080 312 48 coöperation

1214 2080 52 40 of
1304 2080 83 40 the
1425 2081 392 40 Massachusetts
1855 2082 184 48 society
2076 2082 81 41 for
2194 2086 185 39 mental

369 2137 445 52 hygiene.”—Pref.

442 2194 249 49 “Reading
725 2194 276 40 references
1034 2203 62 30 on
1129 2192 183 41 mental
1346 2192 234 49 hygiene”:
1645 2204 45 38 p.
1741 2194 236 49 [257]-261.

380 2263 53 53 ©
465 2268 118 39 Nov.
616 2265 71 49 20,
720 2265 114 40 1929;
896 2264 69 42 2c.
998 2264 119 41 Nov.
1149 2263 56 40 29;
1270 2263 82 41 aff.
1386 2264 120 41 Nov.
1538 2264 58 41 27;
1659 2265 43 39 A
1732 2266 146 41 17144;
1943 2266 287 50 Greenberg,
447 2270 1915 100 publisher,

641 2322 93 41 inc.
800 2319 284 51 (29-28960)

371 2417 210 65 Flynn,
610 2415 202 56 Brian.

442 2492 1939 70 Invisible death, by Brian Flynn … London, J. Hamilton
370 2573 102 54 ltd.
505 2576 172 64 [1929]

442 2651 459 52 287, [1] p. 19½ ᶜᵐ .
445 2724 70 40 “A
542 2722 219 42 ‘Sundial
786 2721 244 42 edition’.”

384 2790 1818 54 © 1c. Dec, 4, 1929: A ad int. 13316; pubd. Oct. 9; B. Flynn, New
450 2796 1916 103 Barking,
576 2850 237 48 England.
882 2847 282 50 (29-29431)

375 2942 254 66 Gerwig,
659 2943 228 64 George
915 2941 276 66 William,
1224 2945 171 53 1867-

450 3020 436 69 Shakespeare’s
936 3020 180 53 ideals
1165 3019 64 54 of
1279 3020 395 69 womanhood,
1723 3021 75 70 by
1849 3021 223 71 George
2121 3023 263 55 William

378 3097 1929 72 Gerwig … East Aurora, N. Y., The Roycroft shops [ᶜ192 9]
449 3178 979 51 3 p. l. , [9]-229, [1] p. plates. 20½ ᶜᵐ .
801 3249 1589 46 CONTENTS.—Juliet.—Rosalind.—Cordelia.—Viola.—Beatrice—Portia.—

378 3308 219 50 Ophelia.
614 3331 61 5 —
690 3308 136 47 Lady
879 3307 644 48 Macbeth.—Cleopatra.—
1524 3308 279 41 Hermione.
1805 3309 444 41 —Desdemona.—
376 3311 1993 103 Imogen.—
543 3363 275 42 Volumnia.

386 3431 52 52 ©
472 3436 119 40 Nov.
626 3435 69 48 15,
731 3434 118 41 1929:
909 3435 68 39 2c.
1014 3435 97 39 and
1145 3433 82 42 aff.
1259 3434 118 42 Dec.
1413 3435 53 47 4;
1504 3435 44 39 A
1580 3435 172 49 16186;
1794 3435 51 42 G.
1881 3437 73 41 W.
1992 3437 206 48 Gerwig,

453 3437 1912 102 Pittsburgh.
694 3489 281 51 (29-28964)

380 3585 269 64 Guthrie,
680 3585 156 53 John
865 3585 52 52 D
1203 3587 87 53 ed.

452 3662 203 52 Forest
681 3661 103 53 fire
812 3662 114 52 and
955 3662 164 52 other
1149 3680 175 49 verse,
1354 3663 270 53 collected
1657 3663 113 53 and
1801 3664 190 53 edited
2019 3664 77 68 by
2125 3665 157 53 John
2311 3666 75 52 D.

384 3737 260 55 Guthrie.
720 3739 320 67 [Portland,
1075 3739 118 67 Or.,
1224 3740 273 52 Dunham
1529 3740 267 69 printing
1827 3758 298 52 company]
2169 3745 150 50 1929.

454 3819 1331 49 3 p. l. , [v]-ix p., 1 l., 321, xiii p. col. front. 21 ᶜᵐ .
392 3885 51 52 ©
472 3890 118 40 Nov.
618 3890 70 48 26,
717 3890 115 40 1929;
887 3891 68 40 2c.
985 3892 98 39 and
1109 3891 84 42 aff.
1222 3891 112 42 Dec.
1363 3891 27 39 2;
1448 3891 42 40 A
1517 3891 146 41 16157;
1721 3892 44 40 J.
1795 3893 56 39 D.
1885 3892 218 49 Guthrie,
2134 3892 251 49 Portland,

460 3945 79 42 Or.
607 3946 281 49 (29-28963)
