2561 4405
1147 4073 65 50 83

171 478 1986 107 viii p., 2 l., 184 p. incl. front. plates. 20 ᶜᵐ. (Half-title: The University of North Carolina. Social study series)
243 594 246 41 “Selected
525 593 368 49 bibliography”:
957 604 45 38 p.
1039 592 250 51 [175]-177.

172 648 52 52 ©
253 652 111 41 Jan.
390 652 70 48 21,
488 651 114 40 1929;
659 651 68 41 2c.
757 652 110 39 Jan.
895 651 83 46 24;
1010 650 82 41 aff.
1123 651 110 40 Jan.
1262 650 83 47 23;
1377 650 42 39 A
1445 649 142 48 3894;
1621 649 285 48 University
1936 649 52 42 of
2017 650 158 40 North

239 708 229 41 Carolina
498 718 153 38 press,
716 707 253 49 (29-2548)

166 800 243 65 Bruère,
442 800 224 54 Robert
700 802 107 63 W.,
843 802 83 53 ed.

249 878 208 70 [Study
484 880 163 67 helps
675 880 60 53 in
762 880 98 55 the
887 898 123 34 new
1039 880 340 67 impression
1404 880 78 69 by
1507 879 216 53 Robert
1750 879 90 53 W.
1871 878 218 52 Bruère
2114 878 63 52 in

169 954 1946 71 the book entitled] Quentin Durward, by Sir Walter Scott …
170 1035 1640 69 Boston, New York [etc.] Ginn and company [ ᶜ19 28]
235 1117 881 50 xxxi, 510 p. front. (port.) 19 ᶜᵐ.
171 1171 51 53 ©
252 1176 128 48 Sept.
406 1177 38 46 7,
471 1176 141 47 1928;
639 1176 68 40 2c.
733 1177 96 38 and
856 1175 83 41 aff.
965 1176 111 41 Jan.
1101 1176 69 48 19,
1198 1175 114 41 1929;
1370 1176 40 39 A
1435 1175 115 41 2955;
1610 1175 126 41 Ginn
1763 1175 37 40 &
1827 1185 67 31 co.

167 1271 251 63 Bryant,
447 1271 149 54 Sara
624 1271 175 63 Cone,
831 1271 171 54 1873-

239 1347 1937 71 The story reader … bk. 3. By Sara Cone Bryant (Mrs.
167 1426 1986 146 Theodore F. Borst) … illustrated by Virginia Grilley. Boston, New
487 1505 164 53 York
688 1511 138 61 [etc.]
862 1504 323 70 Houghton
1215 1505 205 53 Mifflin
1455 1524 282 50 company
1884 1508 84 64 [ᶜ1929]

235 1588 868 48 vi p., 1 l., 218 p. col. illus. 19 ᶜᵐ.
171 1640 51 54 ©
257 1645 111 41 Jan.
401 1645 39 49 9,
474 1645 114 41 1929;
650 1645 68 41 2c.
753 1646 95 40 and
884 1645 84 42 aff.
1002 1645 110 41 Jan.
1146 1645 83 48 14;
1265 1645 42 40 A
1338 1644 142 48 3670;
1520 1645 45 42 S.
1601 1644 49 42 C.
1686 1645 55 42 B.
1775 1646 161 48 Borst,
1971 1645 206 42 Newton

238 1702 190 49 Centre,
457 1703 147 40 Mass.
672 1702 251 49 (29-2431)

166 1796 286 66 Bunting,
486 1796 156 55 John
677 1797 430 55 Summerfield.

239 1875 122 53 The
392 1880 177 49 secret
601 1874 64 54 of
697 1894 31 33 a
759 1874 155 70 quiet
946 1875 180 67 mind,
1159 1875 96 53 the
1286 1875 269 69 building
1589 1874 64 54 of
1686 1876 97 53 the
1814 1874 107 54 life
1955 1876 223 68 within,

166 1952 2005 71 by the Rev. John S. Bunting … New York, Chicago [etc. ]
167 2031 1150 70 Fleming H. Revell company [ ᶜ19 29]
237 2114 276 49 127 p. 19½ ᶜᵐ.
170 2166 52 53 ©
252 2172 109 41 Jan.
389 2172 70 46 12,
486 2171 142 48 1929;
657 2172 68 41 2c.
754 2173 95 39 and
877 2170 83 42 aff.
989 2172 109 39 Jan.
1129 2171 83 47 19;
1242 2171 40 40 A
1311 2171 142 46 2917;
1486 2171 223 48 Fleming
1737 2172 61 40 H.
1828 2172 168 39 Revell
2027 2182 68 30 co.

248 2226 251 50 (29-2493)

167 2309 183 65 Burk,
383 2308 257 56 William
675 2309 278 67 Herbert,
993 2310 171 56 1867-

241 2389 208 67 Valley
478 2389 216 69 Forge:
726 2389 156 53 what
910 2390 47 52 it
985 2389 65 65 is,
1080 2389 188 53 where
1297 2390 47 52 it
1373 2389 65 62 is,
1469 2390 112 52 and
1613 2389 154 53 what
1797 2395 58 49 to
1884 2407 89 37 see
2000 2390 177 67 there,

170 2467 2007 71 by W. Herbert Burk … illustrated with photographs by the
171 2546 208 53 author
420 2547 112 52 and
575 2546 207 54 others.
861 2546 187 53 North
1088 2547 212 67 Wales,
1340 2547 121 68 Pa.,
1501 2547 69 53 N.
1614 2548 67 52 B.
1725 2548 169 67 Nuss,
1935 2548 241 68 printer,

166 2627 149 51 1928.

240 2706 87 40 160
355 2717 42 37 p.
458 2706 165 47 front.,
653 2706 143 48 illus.,
826 2706 119 42 fold.
975 2717 127 38 map.
1162 2706 57 41 19½ᶜᵐ.

171 2759 52 53 ©
261 2764 103 41 Oct.
402 2764 68 42 18.
508 2764 141 43 1928;
689 2764 67 41 2c.
793 2765 96 40 and
927 2764 83 42 aff.
1047 2765 113 40 Dec.
1196 2765 84 41 31:
1319 2766 40 38 A
1396 2765 143 47 3973;
1579 2767 72 40 W.
1690 2767 61 40 H.
1789 2767 178 48 Burke,
2007 2768 172 49 Valley

239 2821 167 48 Forge,
438 2821 84 39 Pa.
593 2821 252 49 (29-2716)

171 2902 240 64 Carver,
441 2902 260 53 Thomas
730 2902 218 62 Nixon,
983 2908 172 50 1865-

244 2979 331 54 Elementary
676 2980 331 69 economics,
1069 2980 77 70 by
1210 2982 249 54 Thomas
1525 2982 192 54 Nixon
1784 2983 217 56 Carver
2065 2984 113 55 and

169 3057 2008 73 Maude Carmichael. Rev. ed. Boston, New York [etc. ] Ginn
170 3136 665 69 and company [ ᶜ19 29]
242 3217 779 50 x, 588 p. illus., diagrs. 20 ᶜᵐ.
245 3273 350 42 “References”
627 3278 53 37 at
708 3276 93 40 end
831 3276 53 40 of
914 3277 119 40 each
1064 3276 217 49 chapter.

174 3326 1988 110 © Jan. 9. 1929; 2c. Jan. 25: aff. Jan. 22; A 3909; T. N. Carver. Cambridge. Mass, and Maude
972 3390 319 50 Carmichael,
1325 3392 99 40 Con
1430 3403 120 38 wav,
1583 3393 117 41 Ark.

251 3445 252 49 (29-2461)

171 3525 276 65 Chicago.
521 3526 371 66 University.

245 3603 122 53 The
411 3604 341 71 University
800 3604 66 56 of
914 3605 282 72 Chicago;
1250 3626 71 35 an
1371 3607 200 55 official
1620 3608 191 72 guide,
1856 3609 77 70 by
1982 3609 198 55 Frank

173 3680 270 55 Hurburt
481 3682 253 56 O’Hara.
813 3683 272 71 Chicago,
1124 3686 115 69 Ill.,
1278 3687 123 53 The
1440 3687 341 70 University
1821 3687 64 55 of
1926 3688 254 71 Chicago

172 3777 157 50 press
365 3763 173 65 [1928]

242 3841 882 51 x, 161 p. front., plates. 15 ½ᶜᵐ .
244 3897 123 41 Plan
396 3908 61 30 on
485 3898 138 42 front
650 3899 341 50 lining-paper.

176 3949 52 53 ©
259 3955 112 41 Dec.
401 3957 69 47 17,
501 3956 141 47 1928;
674 3957 68 42 2c.
773 3958 112 42 Jan.
914 3959 69 47 21,
1016 3959 141 48 1929;
1192 3959 83 42 aff.
1307 3961 111 41 Jan.
1448 3962 82 47 14;
1565 3962 41 39 A
1637 3961 141 49 2976;
1814 3962 286 49 University
2131 3963 53 41 of

244 4010 222 51 Chicago,
497 4012 224 50 Chicago.
788 4015 252 50 (29-2605)
