2533 4342
1312 4020 138 52 2030

460 460 272 48 “Designed
760 459 95 40 and
883 458 195 49 printed
1105 459 61 48 by
1194 459 216 41 Richard
1439 460 70 39 W.
1538 459 124 41 Ellis:
1718 460 102 40 The
1847 459 243 48 Georgian
2117 469 150 39 press,
2296 462 97 38 and

390 516 255 49 published
678 515 51 40 in
762 526 62 29 an
858 515 186 41 edition
1078 515 53 41 of
1162 516 87 40 375
1284 515 265 40 numbered
1584 515 175 49 copies,
1795 515 52 41 of
1879 516 159 40 which
2072 515 87 41 325
2195 527 84 30 are
2314 517 80 40 for

390 572 224 41 America
640 574 96 38 and
766 572 55 40 50
848 572 80 40 for
957 572 224 48 England.
1254 583 77 30 no.
1358 571 131 43 134.”

461 627 1930 47 “This edition … follows … the text of the first edition, London:
392 683 2001 49 1735 … The wood engravings designed by John Bewick and engraved
390 742 60 47 by
480 741 78 40 his
587 741 199 40 brother
816 740 227 48 Thomas,
1075 740 81 40 for
1189 742 81 38 the
1303 741 201 39 Bulmer
1535 739 185 41 edition
1754 740 52 40 of
1837 741 101 39 The
1970 741 160 47 chace,
2164 741 200 39 London:

390 797 127 48 1796,
560 798 125 39 have
730 798 119 39 been
894 797 312 48 reproduced.
1285 796 86 41 Six
1417 796 272 40 additional
1737 796 294 48 engravings
2074 797 61 47 by
2182 797 213 40 Thomas

393 854 193 40 Bewick
609 854 125 40 have
762 854 117 40 been
905 852 203 42 added.”

392 906 52 53 ©
472 912 119 40 Nov.
618 910 69 47 29,
716 910 142 47 1929;
887 911 68 39 2c.
984 914 97 38 and
1109 909 82 43 aff.
1220 910 113 40 Dec.
1362 911 53 45 7;
1445 909 42 40 A
1514 909 172 47 16299;
1718 910 300 48 Doubleday,
2048 911 168 39 Doran
2244 911 36 39 &
2308 920 83 37 co,

460 968 91 40 inc.
616 963 69 54 [©
719 966 349 49 introduction]
1142 965 281 50 (29-29247)

382 1061 199 64 Speer,
610 1061 222 53 Robert
859 1060 299 65 Kenneth,
1189 1065 172 50 1898-

459 1140 419 53 Measurement
909 1138 66 53 of
1005 1138 396 69 appreciation
1433 1138 60 53 in
1524 1143 224 64 poetry,
1778 1156 184 51 prose,
1993 1139 114 52 and
2137 1143 109 63 art,
2276 1139 110 52 and

389 1214 2005 71 studies in appreciation, by Robert K. Speer … New York
390 1295 134 68 city,
554 1295 280 52 Teachers
866 1294 232 68 college,
1130 1292 301 55 Columbia
1462 1292 339 69 university,
1835 1295 151 50 1929.

455 1376 102 48 viii,
587 1377 57 39 77
670 1387 43 37 p.
769 1376 55 40 23½ᶜᵐ.
983 1375 267 48 (Teachers
1279 1375 193 47 college,
1505 1374 253 41 Columbia
1789 1374 286 47 university.
389 1373 1981 100 Contributions

544 1434 52 38 to
619 1431 274 48 education,
918 1442 77 30 no.
1021 1430 113 50 362)

457 1488 266 41 Published
754 1489 104 39 also
888 1498 55 29 as
974 1487 156 41 thesis
1171 1487 109 49 (PH.
1344 1486 34 47 D.)
1422 1486 253 41 Columbia
1709 1486 286 47 university.

390 1540 51 52 ©
470 1543 120 49 Aug.
619 1544 70 48 22,
717 1544 142 46 1929;
889 1544 67 40 2c.
990 1543 128 48 Sept.
1148 1543 84 47 30;
1263 1543 81 40 aff.
1378 1542 129 49 Sept.
1536 1543 57 39 27;
1651 1543 41 38 A
1721 1543 171 46 13771;
1924 1543 245 40 Teachers
2195 1542 195 47 college,

459 1600 253 41 Columbia
742 1599 289 48 university.
1099 1598 223 49 (30-426)

382 1682 274 62 Spencer,
687 1682 140 53 Mrs.
861 1679 192 53 Lilian
1093 1678 260 66 (White)

452 1755 1939 71 Arrowheads, by Lilian White Spencer … New York, The
382 1835 226 52 Parade
637 1834 337 69 publishing
1005 1852 301 51 company,
1337 1837 149 50 1929.

454 1916 56 40 64
538 1926 43 39 p.
642 1916 25 39 1
699 1915 128 41 illus.
888 1915 58 42 19½ᶜᵐ.

456 1973 68 39 “A
548 1971 189 42 limited
765 1971 184 41 edition
976 1972 53 40 of
1056 1970 85 42 500
1168 1971 161 49 copies
1355 1970 157 49 only.”

454 2029 185 40 Poems.

388 2082 51 52 ©
468 2087 114 40 Dec.
609 2086 40 48 6,
678 2085 141 48 1929;
850 2086 67 41 2c.
947 2086 114 39 Dec.
1089 2084 83 47 18;
1204 2084 82 41 aff.
1316 2085 112 40 Dec.
1458 2084 82 47 16;
1573 2085 40 39 A
1642 2084 172 48 16602;
1847 2086 191 41 Parade
2066 2086 110 49 pub.
2206 2097 69 30 co.

464 2142 222 49 (30-292)

380 2221 281 64 Sterling,
693 2221 228 64 George
954 2221 69 54 E.

450 2301 121 52 The
602 2300 163 53 radio
795 2300 233 53 manual;
1091 2300 94 52 for
1215 2298 163 55 radio
1409 2300 314 69 engineers,
1753 2300 332 71 inspectors,
2113 2300 278 68 students,

380 2376 2010 73 operators and radio fans, by George E. Sterling … edited by
381 2455 1984 133 Robert S. Kruse, E. E. … 2d ed. New York, D. Van Nostrand
582 2535 663 68 company, inc. [ ᶜ1 929]
454 2613 1266 51 1 p. l. , vii-ix, 797 p. front., illus., diagrs. 20½ᶜᵐ.
388 2667 53 52 ©
472 2672 119 40 Nov.
623 2672 68 48 11,
722 2670 115 41 1929;
896 2672 67 39 2c.
996 2672 112 39 Dec.
1139 2671 56 41 13;
1255 2670 82 41 aff.
1370 2672 113 41 Dec.
1515 2672 56 39 14;
1631 2672 42 38 A
1704 2672 144 40 17343;
1910 2672 58 40 D.
2000 2672 107 39 Van
2138 2672 250 40 Nostrand

454 2738 83 37 co.,
564 2727 90 41 inc.
721 2725 223 51 (30-441)

379 2806 230 65 Stuart,
638 2805 256 55 William
925 2808 225 63 Morey,
1184 2812 165 49 1883-

454 2886 216 55 Stories
707 2886 64 52 of
804 2886 94 53 the
936 2885 280 54 Kanestio
1252 2886 225 69 Valley,
1513 2887 75 70 by
1620 2886 263 54 William
1919 2888 80 51 M.
2041 2887 199 55 Stuart
2288 2888 102 69 (2d

380 2962 1575 71 ed.) Canisteo, N. Y., The Canisteo times [ ᶜ1 929]
454 3042 189 48 iii-viii,
673 3043 87 41 146
787 3054 43 37 p.
890 3043 56 41 23½ᶜᵐ.

386 3096 52 52 ©
472 3101 127 48 Sept.
631 3102 70 47 14,
730 3100 119 40 1929;
903 3100 69 42 2c.
1005 3100 97 41 and
1131 3100 82 42 aff.
1247 3100 128 49 Sept.
1406 3101 56 40 16;
1520 3102 42 39 A
1591 3102 145 40 13375;
1797 3102 72 41 W.
1903 3103 63 40 M.
2000 3102 185 48 Stuart,
455 3102 1911 103 Canisteo,

573 3157 57 40 N.
656 3157 54 40 Y.
776 3156 224 49 (30-569)

378 3234 231 66 Stump,
638 3234 230 66 Albert,
903 3241 171 50 1888-

448 3312 121 53 The
609 3313 353 70 psychology
1003 3313 65 53 of
1105 3315 328 68 happiness,
1472 3315 74 69 by
1588 3315 207 53 Albert
1839 3315 224 69 Stump.
2143 3317 244 68 Fowler,

378 3389 150 68 Ind.,
554 3391 120 52 The
701 3391 227 53 Benton
954 3391 207 53 review
1187 3393 162 67 shop,
1378 3395 151 50 1929.

450 3471 1298 51 3 p. l. , vii p., 1 l., 106, [1] p. front. (port.) 19½ ᶜᵐ.
387 3523 52 53 ©
476 3528 128 48 Sept.
637 3529 70 48 26,
740 3529 141 47 1929,
914 3530 68 40 2c.
1018 3532 95 38 and
1145 3530 82 41 aff.
1260 3531 119 41 Nov.
1412 3531 56 40 23;
1531 3532 41 38 A
1604 3531 145 41 16013;
1813 3532 189 40 Benton
2038 3531 178 41 review
2249 3532 134 47 shop.

460 3583 223 49 (30-416)

380 3662 269 66 Swaffer,
678 3664 271 57 Hannen.

450 3740 251 53 Hannen
741 3741 287 56 Swaffer’s
1067 3744 176 53 who’s
1279 3746 144 67 who,
1460 3747 76 68 by
1573 3746 251 53 Hannen
1866 3745 267 69 Swaffer;
2174 3747 144 53 with
2355 3766 33 35 a

381 3817 389 72 frontispiece,
820 3823 114 51 and
985 3841 32 33 a
1069 3821 284 55 foreword
1405 3823 76 70 by
1531 3823 201 68 Edgar
1781 3824 271 54 Wallace.
2125 3824 261 70 London,

379 3896 368 56 Hutchinson
777 3900 45 51 &
850 3918 97 50 co.,
977 3901 103 52 ltd.
1139 3903 150 65 [1929]
