2512 4377
1352 4016 103 51 306

378 379 208 64 Beebe,
620 378 217 54 Lucius
866 378 236 64 Morris,
1135 382 173 50 1902-

450 457 243 69 Aspects
737 457 63 54 of
844 457 95 54 the
983 463 201 63 poetry
1227 457 65 53 of
1335 456 210 52 Edwin
1590 455 315 69 Arlington
1948 455 311 68 Robinson,
2301 455 76 70 by

381 537 209 54 Lucius
630 536 200 68 Beebe,
870 536 139 52 with
1052 555 31 34 a
1123 535 409 70 bibliography
1570 535 74 69 by
1685 535 253 68 Bradley
1978 533 157 55 Fisk.
382 533 1972 152 Cambridge,

647 616 191 66 Mass.,
884 615 157 52 Priv.
1088 615 197 67 print.,
1330 614 116 51 For
1491 614 115 53 sale
1649 613 74 69 by
1769 613 94 53 the
1908 614 254 52 Dunster
2205 613 174 53 house

373 693 311 68 bookshop,
718 695 149 50 1928.

445 774 86 40 110
563 785 58 38 p.,
655 774 24 39 l
714 774 31 40 l.
806 773 148 41 20½ᶜᵐ.

449 830 92 41 “Of
576 830 100 40 this
712 830 123 40 book
873 828 295 48 twenty-five
1206 828 160 49 copies
1403 828 264 40 numbered
1706 839 88 30 one
1833 831 48 38 to
1920 828 296 47 twenty-five
2254 828 123 39 have

377 888 118 38 been
524 886 164 41 issued
718 896 60 30 on
807 886 139 40 Tovil
975 886 131 39 hand
1136 886 139 39 made
1306 895 148 38 paper
1484 885 96 39 and
1611 885 168 48 signed
1809 885 61 47 by
1902 885 79 40 the
2013 884 192 41 author.
2263 884 114 41 Two

376 943 221 40 hundred
637 942 159 48 copies
835 942 265 40 numbered
1139 941 281 48 twenty-six
1460 944 49 38 to
1549 943 96 39 two
1684 941 222 42 hundred
1947 942 96 39 and
2085 940 294 47 twenty-five

377 1000 123 39 have
531 999 119 40 been
683 999 164 41 issued
881 1010 59 29 on
977 998 305 41 Strathmore
1315 1009 150 38 paper
1499 1000 95 39 and
1629 998 81 40 the
1744 1000 112 46 type
1890 997 309 41 distributed.
2262 996 118 40 This

377 1056 42 40 is
449 1056 205 40 number
684 1054 128 42 195.“

448 1114 155 47 Pages
629 1112 204 41 108-110
858 1112 92 41 left
975 1112 149 40 blank
1148 1112 80 41 for
1256 1112 111 41 “the
1391 1112 241 41 inclusion
1659 1112 52 40 of
1739 1111 271 41 additional
378 1110 1985 99 bibliographical
492 1168 272 42 material”.

448 1225 377 49 Bibliography:
860 1236 44 38 p.
954 1225 206 50 [69]-107.

386 1278 51 52 ©
470 1282 129 48 Sept.
627 1283 39 46 1,
695 1282 141 47 1928;
867 1283 67 41 2c.
964 1282 112 41 Feb.
1104 1282 70 48 18,
1203 1282 142 47 1929;
1376 1282 83 42 aff.
1490 1284 122 39 Mar.
1643 1282 52 48 8;
1726 1282 42 40 A
1798 1282 141 47 5724;
1970 1282 218 40 Dunster
2217 1281 164 41 house.

464 1338 253 50 (29-6709)

386 1431 218 65 Bemis,
633 1432 236 54 Samuel
898 1432 205 64 Flagg,
1132 1434 84 53 ed.

455 1510 122 53 The
599 1509 308 54 American
930 1511 325 52 secretaries
1282 1510 63 53 of
1369 1515 146 49 state
1541 1510 113 53 and
1678 1510 150 53 their
1854 1510 344 68 diplomacy,
385 1509 1977 131 Samuel
520 1588 189 69 Flagg
753 1589 210 66 Bemis,
1008 1589 203 66 editor,
1255 1590 64 50 T.
1367 1588 285 53 Franklin
1695 1589 291 66 Jameson,
2029 1588 76 52 H.
2154 1590 234 51 Barrett

385 1667 277 66 Learned,
705 1667 194 53 James
944 1668 213 51 Brown
1203 1666 178 68 Scott,
1427 1667 269 69 advisory
1740 1666 194 53 board.
2040 1684 51 34 [v.
2138 1668 47 50 9.
2230 1664 157 56 John

389 1745 298 67 Sherman,
723 1746 75 68 by
834 1746 64 52 L.
934 1745 81 53 M.
1055 1744 195 69 Sears;
1289 1746 261 54 William
1587 1745 192 53 Rufus
1816 1747 151 67 Day,
2001 1744 76 70 by
2113 1744 65 53 L.
2215 1746 66 51 B.
2320 1743 65 56 P.

387 1823 246 59 Dennis;
674 1823 177 53 Elihu
888 1824 169 67 Root,
1090 1824 74 68 by
1201 1823 56 55 J.
1294 1825 67 51 B.
1401 1823 188 67 Scott;
1629 1823 317 53 Philander
1986 1821 62 55 C.
2085 1822 193 67 Knox,
2314 1820 74 71 by

387 1900 1666 70 H. F. Wright] New York, Alfred A. Knopf [ ᶜ1 929 ]
457 1983 1075 49 ix p., 1 l., [3]—428 p., 1 l. ports. 21½ cm .
391 2035 51 52 ©
473 2039 112 41 Feb.
614 2041 40 46 1,
683 2039 141 47 1929;
855 2040 68 40 2c.
954 2040 111 41 Feb.
1094 2041 53 45 7;
1179 2039 83 42 aff.
1294 2040 112 40 Feb.
1436 2040 83 47 28;
1552 2040 40 40 A
1621 2040 142 47 5537;
1795 2040 173 40 Alfred
1998 2040 54 41 A.
2084 2039 180 48 Knopf,
2295 2039 92 42 inc.

386 2147 205 64 Benet,
625 2147 215 55 Laura.

457 2227 212 54 Noah’s
715 2229 159 57 dove,
919 2245 27 34 a
993 2227 149 55 book
1184 2227 64 52 of
1293 2247 192 50 poems
1530 2230 76 68 by
1650 2229 192 53 Laura
1889 2230 195 51 Benét.
2160 2227 233 56 Garden

389 2305 1774 73 City, N. Y., Doubleday, Doran & company, inc. [ ᶜ1 929]
458 2386 591 49 7 p. l., 3-50 p. 21½ᶜᵐ.
394 2439 51 53 ©
476 2445 123 39 Mar.
627 2444 40 47 8,
696 2444 140 46 1929;
868 2445 68 40 2c.
966 2445 95 39 and
1090 2443 83 42 aff.
1203 2446 122 40 Mar.
1355 2444 83 48 16;
1468 2444 41 40 A
1537 2444 143 47 4921;
1712 2445 300 48 Doubleday,
2043 2445 168 40 Doran
2241 2445 36 40 &
2307 2455 82 38 co.,

462 2500 92 41 inc.
619 2499 253 50 (29-7108)

393 2593 184 54 Bible.
643 2595 70 54 N.
747 2596 60 52 T.
875 2596 172 53 John.
1116 2596 264 53 German.

461 2672 119 53 Das
623 2671 385 70 Evangelium
1055 2672 84 55 St.
1184 2672 303 67 Johannis,
1530 2673 107 52 mit
1680 2673 108 53 den
1832 2691 150 34 neun
2026 2672 368 54 holzschnitt-

391 2748 389 70 zeichnungen
812 2749 99 53 der
944 2749 241 55 “Sieben
1217 2751 227 53 Zeichen
1475 2752 97 52 des
1605 2750 184 55 Sankt
392 2751 1981 129 Johannis-Evangeliums”
628 2845 111 35 von
770 2827 167 54 Hans
968 2828 415 53 Wildermann.
1460 2828 390 70 Regensburg,
1883 2828 68 55 G.
1985 2830 192 69 Bosse,
2210 2831 149 49 1922.

463 2910 69 41 94,
566 2911 55 49 [1]
655 2921 43 38 p.
729 2910 110 42 inch
869 2912 165 48 front.,
1066 2911 130 42 illus.
1363 2944 9 9 18ᶜᵐ.

397 2961 1995 56 © Nov. 21, 1927; 1c. Apr. 11, 1928; A —Foreign 38427; Gustav Bosse
466 3025 179 47 verlag.
714 3023 251 50 (29-7522)

400 3116 338 61 Blashfield,
775 3119 85 51 De
896 3118 151 54 Witt
1087 3118 253 55 Clinton.

528 3194 1870 71 … Cumulative service [1929] to Blashfield’s cyclopedia of
397 3273 344 52 automobile
767 3274 127 66 law,
919 3273 75 68 by
1021 3275 87 51 De
1132 3274 153 54 Witt
1310 3273 62 55 C.
1401 3273 332 54 Blashfield.
1797 3294 52 33 v.
1876 3278 47 49 4.
1987 3273 228 54 Kansas
2245 3274 152 70 City,

397 3350 135 59 Mo.,
564 3351 233 52 Vernon
832 3352 109 51 law
973 3351 147 52 book
1156 3370 307 50 company;
1505 3351 82 55 St.
1623 3353 167 66 Paul,
1824 3352 205 68 Minn.,
2060 3354 160 53 West
397 3352 1975 144 publishing
644 3446 299 50 company,
977 3431 149 51 1929.

467 3510 63 47 iv,
560 3510 86 40 437
678 3521 43 37 p.
888 3543 8 8 24ᶜᵐ.

402 3562 52 51 ©
485 3565 112 41 Feb.
625 3566 69 47 28,
723 3566 119 40 1929;
896 3567 68 40 2c.
995 3568 122 41 Mar.
1148 3566 52 48 8;
1233 3567 83 40 aff.
1346 3568 123 40 Mar.
1499 3567 53 47 9;
1585 3568 40 39 A
1653 3567 142 48 4776;
1828 3569 193 40 Vernon
2050 3568 96 40 law
2176 3569 122 40 book
2328 3580 67 30 co.

401 3644 188 64 Blatz,
619 3645 255 53 William
905 3646 194 62 Emet,
1133 3651 171 48 1895-

469 3721 1868 70 Parents and the pre-school child, by William E. Blatz …
397 3799 1940 72 and Helen Bott … with a foreword by Sidonie M. Gruenberg …
398 3876 1425 71 New York, W. Morrow and company [ ᶜ1 929]
467 3957 86 48 xii,
585 3958 87 40 340
704 3969 43 37 p.
779 3959 111 40 inch
921 3959 170 42 forms.
1150 3960 118 41 21ᶜᵐ.
