2533 4342
1342 4047 141 53 2156

400 381 215 65 Busch,
645 384 140 55 Mrs.
813 380 225 53 Bonnie
1076 377 402 68 (Melbourne)
1515 381 173 51 1884-

471 460 122 52 The
621 460 98 52 red
753 458 119 69 fog,
901 458 75 68 by
1009 457 222 52 Bonnie
1263 455 188 53 Busch
1487 455 112 53 and
1630 453 177 54 Lucia
1841 453 247 67 Ramsey
2118 450 290 53 Maxwell.

402 537 403 69 Washington,
834 536 71 52 D.
939 535 83 67 C.,
1051 535 120 51 The
1202 533 275 54 National
1507 530 273 70 patriotic
1810 532 197 66 league
2043 562 13 34 [
2083 531 135 50 ᶜ1929]

473 615 655 52 4 p. l., [3]-105 p. 19½ᶜᵐ.
409 672 53 52 ©
492 675 101 41 Oct.
624 675 57 39 20,
724 673 143 44 1929;
897 674 68 41 2c.
997 675 95 38 and
1124 673 80 39 aff.
1237 672 118 41 Nov.
1386 671 82 43 20;
1503 673 39 37 A
1572 670 171 46 15964;
1779 669 187 41 Bonnie
1998 667 160 41 Busch
2192 671 34 40 &
2261 667 145 40 Lucia

477 733 211 47 Ramsey
719 731 242 41 Maxwell,
995 728 336 49 Washington.
1403 727 252 49 (30-1267)

408 825 277 64 Canfield,
720 825 191 55 Mark.

478 906 120 52 The
623 905 282 53 madonna
937 904 64 53 of
1027 903 235 54 Avenue
1291 903 51 50 A:
1402 924 26 32 a
1458 903 162 52 heart
1647 900 242 69 stirring
1916 918 262 34 romance
2203 900 65 52 of
2293 900 127 50 love

409 985 111 52 and
556 982 222 69 pathos,
810 984 169 51 based
1015 1001 72 34 on
1119 983 94 51 the
1247 981 214 53 motion
1497 980 222 68 picture
1752 984 175 65 story,
1957 980 77 67 by
2065 977 173 54 Mark
406 977 1989 140 Canfield.

631 1061 54 53 A
709 1061 246 55 Warner
979 1061 147 53 bros.
1154 1059 222 71 picture
1406 1058 358 69 production.
1840 1057 138 53 New
2007 1056 180 69 York,
407 1053 1987 142 Jacobsen

534 1139 336 70 publishing
899 1156 284 52 company
1259 1140 152 64 [ᶜ1929]

477 1222 56 41 98
567 1232 44 38 p.
674 1220 147 43 20½ᶜᵐ.

478 1278 101 41 The
612 1276 170 50 bridge
815 1277 52 40 of
903 1277 98 41 San
1035 1276 117 41 Luis
1187 1275 116 49 Rey,
1339 1276 148 39 based
1523 1285 60 29 on
1619 1274 84 41 the
1737 1274 184 41 motion
1956 1273 189 48 picture
2182 1275 136 46 story
2353 1272 61 47 by

408 1335 126 40 Joan
568 1335 172 39 Weber:
805 1344 42 38 p.
883 1333 160 42 92-98.

412 1387 52 52 ©
494 1392 119 42 Aug.
645 1391 39 42 1,
716 1389 114 41 1929;
889 1390 67 40 2c.
988 1391 121 43 Aug.
1141 1389 80 40 10;
1256 1387 81 43 aff.
1370 1388 121 43 Aug.
1523 1388 81 45 12;
1638 1387 42 39 A
1711 1386 172 48 13130;
1917 1386 239 39 Jacobsen
2190 1385 107 49 pub.
2332 1395 81 33 со.,

479 1448 91 40 inc.

412 1539 263 64 Caswell,
707 1540 189 54 Hollis
926 1539 239 54 Leland.

483 1619 135 69 City
665 1619 191 54 school
905 1637 254 51 surveys,
1207 1637 70 35 an
1329 1618 440 67 interpretation
1823 1617 110 52 and
1985 1614 314 69 appraisal,
2346 1615 76 67 by

409 1697 194 54 Hollis
632 1696 219 55 Leland
884 1696 257 54 Caswell.
1218 1695 139 54 New
1389 1696 162 51 York
1580 1694 136 71 city.
1745 1694 280 54 Teachers
2055 1692 228 68 college,
409 1691 1989 138 Columbia

655 1775 337 69 university,
1024 1778 150 51 1929.

482 1858 23 38 1
573 1889 7 8 v.
652 1856 267 49 (Teachers
950 1858 192 45 college.
1179 1855 249 41 Columbia
1465 1854 289 48 university.
1818 1853 369 41 Contributions
2224 1856 45 35 to
409 1852 1988 108 education,
622 1924 74 29 no.
732 1911 111 48 358)

415 1966 52 52 ©
505 1969 102 42 Oct.
643 1971 28 38 4,
721 1968 117 41 1929;
901 1970 66 39 2c.
1006 1969 117 39 Nov.
1161 1969 20 38 1;
1254 1968 80 42 aff.
1372 1967 118 42 Nov.
1528 1968 82 46 15;
1650 1967 42 39 A
1729 1966 171 45 15437;
1941 1965 242 41 Teachers
2221 1965 193 47 college,

483 2025 252 42 Columbia
765 2025 130 41 univ.

408 2117 206 66 Celier,
647 2118 244 66 Léonce,
927 2124 171 50 1885-

539 2193 1688 72 … Les Filles de la charité … [Paris] B. Grasset [1929]
406 2275 1992 111 2 p. l., [7]-271 p., 1 l. 19 ᶜᵐ . (Collection “Les grands ordres monastiques”. [VIII] )
480 2392 199 41 “Livres
709 2392 28 41 à
766 2390 305 43 consulter”:
1104 2403 43 37 p.
1180 2391 249 49 [269]-271.

416 2443 1805 55 © Oct. 7, 1929; 1c. Nov. 22 ; A— Foreign 5238; Bernard Grasset.
494 2506 252 48 (30-3563)

416 2600 324 63 Chapman,
773 2599 52 54 J.
858 2599 71 54 A.

414 2674 1987 145 The royal road to friendship, by J. A. Chapman … [Detroit, Mich.. Printed
1093 2758 75 69 by
1197 2754 232 54 Garrett
1459 2758 46 49 &
1534 2757 227 54 Massie.
1790 2757 125 55 inc.,
1946 2758 134 50 1929]

480 2835 926 52 125 p. incl. front. (port.) 19 ½ᶜᵐ .
418 2891 52 52 ©
499 2894 102 41 Oct.
629 2894 69 42 15.
726 2894 115 41 1929;
896 2894 67 40 2c.
993 2896 96 38 and
1117 2893 81 41 aff.
1228 2892 102 42 Oct.
1358 2892 82 47 19;
1471 2894 39 38 A
1538 2894 146 39 15137;
1743 2893 42 41 J.
1814 2893 55 42 A.
1900 2893 265 48 Chapman.
2195 2893 221 43 Norfolk.
483 2950 88 41 Va.

416 3043 648 61 Clermont-Tonnerre,
1118 3043 307 54 Elisabeth
1486 3045 99 63 (de
1637 3044 321 65 Gramont)
2017 3046 267 53 duchesse
2336 3045 87 62 de,

489 3121 172 55 1875-

486 3202 185 68 Pomp
709 3202 111 54 and
856 3201 424 59 circumstance,
1313 3202 76 69 by
1424 3202 66 51 E.
1527 3203 68 52 de
1632 3200 284 57 Gramont
414 3201 1986 136 Clermont-Tonnerre,

626 3286 70 47 tr.
726 3282 77 67 by
833 3281 180 52 Brian
1044 3281 89 52 W.
1166 3280 231 54 Downs.
1471 3279 406 55 Introduction
1907 3283 76 67 by
2014 3281 175 53 Louis
2222 3281 201 53 Brom-

413 3356 150 54 field.
639 3357 139 54 New
813 3358 181 56 York,
1030 3358 290 54 Jonathan
1362 3357 155 69 Cape
1553 3360 112 51 and
1701 3357 287 55 Harrison
2027 3357 208 63 Smith,
2272 3359 152 52 1929.

484 3438 28 40 1
576 3470 7 9 v.

419 3486 1997 59 © July 1, 1929; 1c. July 5; 1c. Aug. 3 ; aff. Aug. 5; A 12666; Elisabeth
486 3551 58 41 de
575 3549 236 42 Gramont
839 3551 82 46 (ex
953 3551 238 40 duchesse
1221 3552 58 41 de
1312 3549 539 44 Clermont-Tonnerre)
1879 3551 156 41 Paris.

413 3641 404 57 Connecticut.
894 3643 297 55 Chamber
1217 3644 66 53 of
1311 3660 343 46 commerce,
1683 3645 310 68 Hartford.

482 3720 172 54 Facts
700 3721 169 54 about
921 3720 390 60 Connecticut,
1359 3723 282 68 compiled
1690 3724 113 52 and
1852 3722 303 68 published
2202 3724 76 68 by
2325 3722 95 54 the

414 3796 371 56 Connecticut
831 3799 267 53 chamber
1142 3801 64 51 of
1250 3818 325 52 commerce,
1620 3802 108 50 inc.
1804 3799 294 55 Hartford
2192 3801 153 67 [ᶜ1929]

484 3876 838 54 4 p. l., 196. [10] p., 2 l. 21 ½ᶜᵐ .
419 3925 1999 61 © Dec. 26, 1929; 2c. and aff. Dec. 31 ; A 17622; Connecticut chamber
486 3991 53 40 of
564 4000 276 39 commerce,
870 3992 90 40 inc.
1030 3991 250 51 (30-1255)
