2512 4377
1247 4007 99 51 510

374 454 202 39 “Issued
609 453 51 39 in
693 463 62 29 an
790 452 184 40 edition
1007 453 50 39 of
1089 452 87 40 425
1210 453 263 39 numbered
1508 453 97 39 and
1639 451 167 48 signed
1841 452 173 48 copies.
2076 454 46 38 It
2155 453 43 40 is
2231 455 75 38 set

304 521 64 38 up
410 511 50 38 in
503 509 294 41 Alderbrink
841 511 127 46 type,
1012 510 281 39 illustrated
1339 509 96 39 and
1479 509 230 47 designed
1753 511 62 45 by
1858 509 82 40 the
1985 510 179 40 author
2209 510 96 40 and

302 565 1952 51 printed for the Alderbrink press in Chicago. October, MCMXXVIII …
302 626 214 40 Number
541 624 129 41 292.”

307 679 52 52 ©
388 683 112 40 Dec.
528 683 39 41 1,
597 681 140 47 1928;
767 682 68 39 2c.
864 681 111 40 Jan.
1003 680 69 49 15,
1101 680 141 48 1929;
1274 680 83 41 aff.
1387 681 110 40 Jan.
1527 680 55 41 10;
1641 681 42 39 A
1710 681 113 41 6583;
1883 682 57 41 R.
1969 682 51 41 F.
2053 681 246 49 Seymour,

377 739 224 47 Chicago.
673 736 251 51 (29-9282)

306 833 215 62 Smith,
554 832 226 54 Walter
812 832 320 64 Robinson,
1167 833 172 54 1875-

371 910 97 51 An
497 910 391 52 introduction
917 914 59 48 to
1007 910 360 52 educational
1396 909 306 69 sociology,
1731 909 76 68 by
1834 909 224 54 Walter
303 909 1974 132 Robinson

448 986 1848 69 Smith … Rev. and enl. ed. Boston, New York [etc.]
301 1064 1081 70 Houghton Mifflin company [ ᶜ1 929]
306 1145 1979 106 xx, 456 p. diagrs. 19½ ᶜᵐ. (Half-title: Riverside textbooks in education, ed. by E. P. Cubberley)
375 1261 249 40 “Selected
652 1260 303 40 references”
984 1263 52 38 at
1064 1261 92 39 end
1182 1259 52 41 of
1261 1260 118 40 each
1407 1260 216 48 chapter.

305 1316 52 52 ©
389 1320 114 47 Apr.
536 1319 25 39 6,
608 1318 118 41 1929;
785 1319 68 40 2c.
886 1318 114 48 Apr.
1034 1318 54 40 10;
1153 1317 82 41 aff.
1273 1318 111 47 Apr.
1418 1316 53 48 9;
1506 1317 42 39 A
1582 1317 140 46 6448;
1758 1318 73 40 W.
1866 1318 56 41 R.
1960 1316 172 49 Smith,
371 1318 1912 105 Lawrence,
556 1376 126 39 Kan.
751 1373 252 51 (29-9199)

304 1472 348 63 Stevenson,
693 1470 212 64 Philip.

369 1546 1936 73 The edge of the nest, by Philip Stevenson … New York,
298 1628 553 67 Coward-McCann,
880 1628 125 68 inc.,
1041 1630 149 51 1929.

370 1708 534 51 5 p. l ., 3-336 p. 20 ᶜᵐ.
305 1765 52 52 ©
387 1770 114 47 Apr.
531 1768 39 47 5,
601 1768 114 40 1929;
773 1768 68 40 2c.
871 1767 114 48 Apr.
1015 1767 82 46 11;
1130 1766 83 40 aff.
1245 1767 113 48 Apr.
1389 1766 53 47 9;
1476 1766 39 39 A
1546 1766 140 46 6565;
1722 1765 457 42 Coward-McCann.
2210 1766 91 41 inc.

381 1825 252 49 (29-9287)

301 1919 289 64 Tamblyn
630 1919 52 52 &
719 1920 234 54 Brown.

371 1997 243 61 Raising
660 2015 203 43 money
911 1996 95 52 for
1053 1996 296 62 hospitals.
1434 1995 139 54 New
1623 1995 181 63 York,
1851 1995 286 63 Tamblyn
2187 1996 113 52 and

299 2077 431 66 Brown, ᶜ1 929.
369 2156 561 49 22 p., 1 l. illus. 24 ᶜᵐ.
304 2211 52 53 ©
386 2217 122 38 Mar.
534 2214 39 46 9,
602 2215 140 46 1929;
771 2216 68 39 2c.
866 2215 114 47 Apr.
1008 2215 54 45 4;
1093 2213 82 41 aff.
1202 2214 115 48 Apr.
1344 2215 53 46 2;
1428 2214 42 39 A
1496 2213 141 47 7279;
1668 2214 238 47 Tamblyn
1935 2217 37 40 &
1999 2215 192 39 Brown.

380 2271 251 49 (29-9263)

301 2366 227 64 Teeple,
567 2365 155 54 John
762 2367 219 63 Edgar,
1023 2366 170 56 1874-

370 2444 122 52 The
535 2443 310 53 industrial
887 2443 399 67 development
1329 2442 64 53 of
1440 2442 222 55 Searles
1705 2442 156 54 Lake
1904 2443 209 67 brines,
2158 2443 141 53 with

299 2521 2001 68 equilibrium data, by John E. Teeple … and associates of
298 2598 2001 69 the American potash and chemical corporation … New York,
299 2677 121 52 The
449 2676 290 54 Chemical
769 2677 225 68 catalog
1021 2695 299 49 company,
1349 2676 126 68 inc.,
1507 2679 150 50 1929.

370 2757 1929 49 182 p. incl. illus., map, tables, diagrs. 23½ ᶜᵐ. (American chemical
298 2814 197 46 society.
556 2815 299 47 Monograph
886 2813 165 42 series,
1115 2824 89 38 [no.
1231 2813 100 49 49])

650 2871 132 50 CONTENTS.—pt.
838 2903 10 10 I.
886 2870 206 49 History
1128 2872 95 39 and
1260 2871 335 48 development
1635 2871 65 50 [of
1737 2882 27 31 a
1800 2872 178 48 potash
2013 2872 96 41 and
2147 2872 153 43 borax

299 2929 374 48 business]—pt.
701 2936 54 33 II.
785 2928 327 49 Equilibrium
1140 2930 113 38 data
1286 2929 96 39 and
1410 2928 263 46 diagrams.

299 2983 52 52 ©
382 2987 114 48 Apr.
526 2987 40 46 1,
596 2986 141 48 1929;
770 2987 68 40 2c.
868 2987 97 40 and
995 2986 83 41 aff.
1109 2986 115 48 Apr.
1255 2987 53 45 3;
1341 2986 42 39 A
1412 2986 142 47 7206;
1589 2985 246 42 Chemical
1865 2987 193 48 catalog
2088 2997 82 37 co.,
2203 2987 90 41 inc.

378 3042 252 49 (29-9102)

299 3136 276 65 Thomas,
618 3136 224 64 Calvin,
886 3142 325 50 1854-1919.

371 3215 1927 70 Goethe, by Calvin Thomas … New ed. with a foreword by
300 3294 216 53 Robert
545 3294 281 53 Herndon
856 3294 152 53 Fife.
1075 3294 139 53 New
1245 3294 181 68 York,
1455 3294 69 54 A.
1555 3294 71 54 A.
1657 3294 226 69 Knopf,
1914 3298 150 50 1929.

365 3375 685 48 2 p. l ., iii-xvi, 368 p. 21½ ᶜᵐ.
368 3431 236 40 “Revised
634 3430 228 42 edition.”

367 3486 379 48 “Bibliography
776 3488 96 39 and
902 3486 165 41 notes”:
1130 3498 43 37 p.
1202 3487 217 41 355-361.

298 3538 52 53 ©
383 3544 122 40 Mar.
536 3543 68 47 15,
636 3543 118 40 1929;
810 3543 67 41 2c.
911 3544 122 41 Mar.
1063 3544 83 46 21;
1183 3543 81 41 aff.
1298 3544 123 39 Mar.
1452 3542 83 49 20;
1570 3543 41 40 A
1643 3543 141 48 6308;
1817 3544 172 40 Alfred
2023 3543 54 42 A.
2112 3543 166 49 Knopf.

366 3599 91 40 inc.
522 3599 252 50 (29-9144)

295 3692 262 53 Truscon
592 3694 148 51 steel
774 3709 308 48 company.

296 3768 1972 147 … Modern road construction; a Truscon data book featuring
426 3846 1866 71 highway building products … Youngstown, O., Truscon
295 3924 669 70 steel company, ᶜ1 929.
