2512 4335
1156 4040 99 49 143

186 378 200 64 Malot,
415 378 221 52 Hector
665 376 223 62 Henry,
921 371 326 56 1830-1907.

318 443 1859 78 … Sans famille, by Hector Malot, edited by Robert Fouré
183 522 1971 143 and Hélène Fouré … New York, Chicago, Charles E. Merrill
309 611 488 67 company [ ᶜ1 928]
253 685 1566 57 vii, 231 p. illus., plates. 17 ᶜᵐ. (Merrill’s French texts)
191 762 51 52 ©
271 766 118 39 Nov.
416 764 69 48 20,
514 763 114 40 1928;
685 763 68 40 2c.
781 761 113 40 Feb.
923 761 38 47 8,
990 760 114 40 1929;
1163 758 82 41 aff.
1275 758 112 40 Feb.
1414 759 28 39 7;
1499 758 41 39 A
1567 757 115 40 4297;
1742 757 202 40 Charles
1974 758 52 38 E.
259 758 1902 103 Merrill

365 832 68 29 co.
497 818 250 51 (29-3906)

187 914 244 54 Marcial
462 913 251 62 Dorado,
746 911 290 64 Carolina,
1070 916 171 49 1889-
1443 927 179 50 comp.

320 987 1854 70 … Libro cuarto de lectura, por Carolina Marcial Dorado;
191 1072 280 53 ilustrado
516 1088 105 50 por
665 1070 64 51 F.
774 1068 167 68 Liley
986 1067 228 68 Young.
1296 1067 236 66 Boston,
1576 1065 199 53 Nueva
1821 1064 165 54 York
2054 1071 120 61 [etc.]

186 1148 789 70 Ginn y compañía [ ᶜ1 928]
255 1226 1536 55 vii, [1], 238 p. illus. 17½ ᶜᵐ. (Serie hispanoamericana)
193 1299 51 52 ©
272 1303 118 40 Nov.
417 1300 67 48 10,
513 1300 116 41 1928;
681 1301 69 40 2c.
777 1300 110 40 Jan.
913 1298 70 49 25,
1011 1298 115 40 1929;
1184 1297 83 42 aff.
1295 1298 110 39 Jan.
1432 1298 56 38 21;
1546 1297 41 39 A
1613 1296 116 42 3904;
1788 1297 127 40 Ginn
1944 1297 36 40 &
2007 1308 68 29 co.

272 1357 250 49 (29-3503)

190 1453 183 62 Masa,
419 1452 178 63 Jorge
643 1451 65 54 O.

259 1529 121 52 The
418 1529 166 68 angel
626 1528 56 51 in
724 1527 209 68 ebony;
977 1546 81 48 or,
1097 1527 122 52 The
1257 1526 108 53 life
1403 1526 108 52 and
1556 1544 253 50 message
1846 1525 66 52 of
1953 1525 235 70 Sammy

192 1606 226 66 Morris,
446 1606 76 68 by
550 1606 178 67 Jorge
758 1604 67 56 O.
854 1605 194 64 Masa;
1079 1604 303 68 published
1410 1604 77 68 by
1514 1604 143 53 class
1687 1604 65 53 of
1782 1607 133 50 1928
1947 1604 65 53 of
191 1606 1972 131 Taylor

309 1682 1874 70 university. Upland, Ind., Taylor university press [ ᶜ1 928]
261 1767 874 48 131 p. front., plates, ports. 17½ ᶜᵐ.
197 1835 51 52 ©
276 1839 111 39 Dec.
414 1839 68 45 17,
509 1838 140 46 1928;
677 1839 67 39 2c.
771 1838 110 40 Jan.
908 1837 68 47 11,
1004 1836 141 48 1929;
1175 1836 83 41 aff.
1285 1837 109 40 Jan.
1422 1838 82 44 17;
1533 1837 40 39 A
1599 1837 142 41 2861:
1771 1838 180 48 Taylor
1979 1838 129 40 univ.

275 1894 250 49 (29-3768)

193 1990 354 61 Masterson,
576 1988 256 53 William
862 1988 272 54 Edward.

259 2068 378 53 Jurisdiction
693 2068 54 51 in
804 2066 283 69 marginal
1144 2086 138 38 seas,
1334 2067 139 52 with
1528 2066 211 69 special
1794 2068 288 55 reference
2134 2076 58 47 to

189 2146 2005 69 smuggling, by William E. Masterson … New York, The
193 2223 328 55 Macmillan
555 2243 297 48 company,
884 2228 149 49 1929.

261 2307 636 48 xxvi p., 1 l.. 423 p. 22½ ᶜᵐ.
263 2364 177 40 “Table
464 2363 53 41 of
542 2363 163 41 cases”:
764 2375 43 37 p.
833 2362 220 42 403-05.

539 2422 163 39 CONTENTS.—The
743 2422 335 46 development
1117 2420 52 40 of
1208 2421 82 40 the
1330 2421 203 46 English
1572 2423 275 40 law.—The
1885 2424 96 38 law
2021 2424 52 39 of
2112 2424 83 40 the

194 2479 186 39 British
412 2478 621 48 Empire.—Development
1062 2478 52 40 of
1143 2479 82 40 the
1255 2479 96 39 law
1381 2478 51 40 of
1462 2480 84 40 the
1578 2478 180 42 United
193 2480 1984 96 States.—Diplomatic

372 2536 435 47 correspondence;
840 2535 231 41 treaties:
1105 2534 351 41 international
1491 2535 336 43 arbitrations.

199 2589 52 53 ©
282 2593 109 40 Jan.
420 2593 69 47 29,
519 2592 114 40 1929;
692 2594 68 39 2c.
790 2594 95 38 and
916 2592 83 41 aff.
1030 2593 110 40 Jan.
1169 2592 84 41 30:
1285 2593 42 39 A
1357 2593 113 40 5043;
1531 2595 197 39 Bureau
1760 2595 52 40 of
1841 2594 217 41 internatl.
269 2606 1906 84 research

471 2650 51 38 of
550 2650 230 39 Harvard
812 2649 131 41 univ.
974 2650 96 39 and
1100 2649 243 41 Radcliffe
1374 2651 191 48 college,
1600 2650 301 50 Cambridge,
1935 2653 147 39 Mass.

279 2706 251 49 (29-3645)

195 2800 255 62 Meeker,
490 2800 251 61 Arthur,
779 2800 71 68 jr.

264 2876 302 54 American
593 2877 227 68 beauty,
844 2877 76 70 by
946 2877 223 54 Arthur
1193 2878 247 67 Meeker,
1464 2878 71 70 jr.
1611 2880 138 53 New
1776 2880 180 66 York,
1982 2880 216 68 Covici,

196 2955 223 66 Friede,
453 2958 149 50 1929.

264 3038 470 48 3 p. l., 298 p. 20 ᶜᵐ.
203 3091 51 52 ©
282 3096 109 40 Jan.
417 3096 69 41 25,
513 3095 141 47 1929;
682 3097 69 39 2c.
777 3096 112 40 Feb.
915 3096 53 47 8;
997 3096 83 41 aff.
1109 3096 112 41 Feb.
1249 3096 52 46 6;
1330 3096 41 40 A
1397 3097 143 47 4304;
1571 3097 177 49 Covici,
1778 3098 187 49 Friede,
1994 3099 93 42 inc.

281 3151 251 49 (29-3596)

200 3244 267 55 Mercier.
497 3245 180 53 Louis
705 3246 221 63 Joseph
955 3246 356 56 Alexandre.

331 3324 1867 75 … French pronunciation and diction, with a special study
203 3401 1994 72 of American speech-habits, by Louis J. A. Mercier … New
202 3480 1835 74 York, Newark [etc.] Silver, Burdett and company [ ᶜ1 929]
269 3562 1834 56 xii, 156 p. illus. 19 ᶜᵐ. (The oral-self-expression method series)
207 3615 51 52 ©
288 3620 108 40 Jan.
425 3620 68 44 26,
521 3620 142 47 1929;
692 3622 67 39 2c.
788 3625 94 38 and
912 3620 83 41 aff.
1024 3622 111 40 Jan.
1162 3622 83 47 29;
1274 3622 41 40 A
1342 3623 143 41 4112:
1519 3624 168 48 Silver,
1718 3626 210 41 Burdett
1955 3628 37 40 &
2021 3638 67 31 co.

283 3676 252 48 (29-3510)

203 3770 234 63 Michie,
464 3770 259 53 Thomas
750 3771 284 61 Johnson,
1063 3774 83 53 ed.

275 3848 122 52 The
429 3849 394 68 encyclopedic
860 3849 185 68 digest
1080 3850 64 53 of
1179 3852 309 53 Tennessee
1525 3860 238 61 reports.
1838 3855 364 56 Cumulative

205 3927 1996 73 supplement … Under the editorial supervision of Thomas
