2542 4361
1112 4011 101 55 717

229 443 490 49 xvi, 624 p. 11 ½ᶜᵐ.
232 515 169 39 Added
433 515 96 46 t.-p.
561 513 50 39 in
642 514 204 40 French.

228 568 316 49 Advertising
574 571 208 38 matter:
817 581 43 37 p.
894 570 217 41 623-624.

161 638 52 52 ©
239 642 115 47 Apr.
381 641 68 47 10,
476 641 140 47 1929;
644 642 68 39 2c.
741 643 96 38 and
863 642 83 39 aff.
972 642 114 47 Apr.
1113 642 83 46 27;
1226 642 41 38 A
1293 641 140 47 6796;
1465 640 161 40 David
1653 642 189 47 McKay
1871 651 68 30 co.

239 697 280 49 (29-11382)

161 790 292 65 Idelsohn,
486 790 306 53 Abraham
822 792 157 63 Zebi,
1012 798 171 48 1882-

162 867 1974 146 The ceremonies of Judaism, by A. Z. Idelsohn … Cincinnati,
328 946 123 52 The
473 945 276 53 National
775 945 324 53 federation
1126 946 64 53 of
1214 948 212 66 temple
1450 946 431 67 brotherhoods,
1911 948 151 50 1929.

234 1026 1229 50 1 p. l., v-vii, 56 p. illus. (incl. music) 23ᶜᵐ.
163 1094 1995 53 © Apr. 4, 1929; 2c. and aff. May 18; A 9165; Natl. federation of temple
229 1155 366 47 brotherhoods,
623 1154 293 41 Cincinnati.
988 1153 280 51 (29-11486)

163 1248 432 53 International
650 1248 348 53 conference
1054 1264 71 36 on
1184 1248 366 53 bituminous
1607 1248 141 53 coal.
235 1250 1904 146 Pittsburgh,
474 1330 148 52 1928.

234 1406 382 68 Proceedings
656 1405 64 52 of
757 1406 94 52 the
894 1407 201 52 second
1137 1406 423 53 International
1598 1405 332 54 conference
1969 1425 72 34 on

165 1406 2000 146 bituminous coal, November 19 to 24, 1928 … Carnegie institute of
165 1562 1893 70 technology, Pittsburgh, Pennsylvania. [Pittsburgh, ᶜ1 929 ]
229 1644 29 38 2
286 1654 42 29 V.
386 1644 143 46 illus.,
561 1643 181 47 diagrs.
770 1642 47 47 (1
849 1643 146 45 fold.)
1062 1643 146 40 23½ᶜᵐ.

160 1724 43 30 V.
227 1713 39 48 1,
293 1709 52 52 ©
370 1715 113 46 May
506 1713 39 48 9,
570 1712 141 47 1929;
737 1724 43 27 v.
804 1712 69 47 10,
901 1708 52 52 ©
980 1714 113 46 May
1117 1712 81 42 10;
1225 1714 68 39 2c.
1317 1713 118 39 each
1462 1714 96 38 and
1582 1712 107 40 affs.
1716 1714 114 46 May
1855 1713 82 47 15;
1964 1712 43 40 A
2031 1713 127 48 8121,

232 1769 141 48 8122;
407 1769 233 48 Carnegie
670 1769 228 40 institute
928 1769 52 39 of
1010 1769 298 47 technology.
1378 1768 279 50 (29-11310)

165 1864 344 63 Kleemann,
539 1863 243 53 Pauline
810 1863 232 63 Wiley-,
1071 1865 83 52 ed.

233 1942 305 54 Ramona’s
573 1941 546 69 Spanish-Mexican
1151 1942 268 68 cookery;
1455 1943 96 52 the
1584 1941 122 55 first
1740 1944 276 66 complete
2049 1944 112 52 and

165 2021 292 54 authentic
495 2020 543 69 Spanish-Mexican
1074 2021 140 51 cook
1246 2021 148 52 book
1427 2021 61 52 in
1524 2021 264 68 English,
1823 2022 190 52 edited
2049 2023 113 52 and

163 2100 364 53 modernized
593 2099 76 69 by
737 2099 243 53 Pauline
1045 2098 554 68 Wiley-Kleemann.
1715 2099 112 54 [Los
1896 2099 267 69 Angeles,

166 2177 1190 70 Printed by West coast pub. co., ᶜ1 929]
233 2259 86 41 115
348 2270 43 38 p.
448 2258 151 42 front,
627 2258 174 49 (port.)
974 2291 10 9 22ᶜᵐ.
1123 2255 132 51 $1.50

233 2329 236 42 Contains
499 2328 304 49 advertising
831 2330 196 39 matter.

165 2396 52 52 ©
248 2401 114 47 May
391 2400 40 48 1,
461 2399 140 47 1929;
633 2400 68 39 2c.
732 2399 97 39 and
859 2398 82 42 aff.
971 2399 115 47 May
1117 2397 81 47 11;
1232 2398 41 38 A
1303 2397 140 47 9031;
1478 2398 279 40 Ferdinand
1790 2399 50 39 F.
1874 2399 284 48 Kleemann,

231 2457 93 39 Los
354 2456 220 48 Angeles.
646 2455 281 49 (29-11312)

163 2550 208 64 Laing,
403 2552 138 53 Mrs.
570 2550 198 54 Janet.

231 2630 121 52 The
379 2629 159 55 Villa
562 2630 165 68 Jane,
752 2628 76 71 by
851 2629 140 53 Mrs.
1020 2629 173 54 Janet
1218 2625 203 72 Laing.
1497 2628 257 71 London,
1780 2629 241 53 Hodder
2048 2631 112 52 and

163 2706 324 70 Stoughton
519 2706 223 56 limited
802 2709 153 65 [1929]

230 2789 86 40 313
343 2799 45 37 p.
554 2819 9 10 19ᶜᵐ.

164 2841 1974 109 © 1c. May 17, 1929; A ad int. 12681; pubd. Mar. 21; J. Laing, St. Andrews, Fife, Scotland. (29-11677)
165 2994 222 64 Meisel,
426 2996 158 53 Max.

230 3073 57 53 A
323 3073 409 69 bibliography
772 3074 65 53 of
876 3072 311 53 American
1225 3073 229 52 natural
1496 3072 248 69 history;
1790 3074 98 51 the
1927 3073 230 68 pioneer

162 3156 253 63 century,
449 3150 335 67 1769-1865;
818 3151 98 52 the
946 3152 119 51 role
1095 3151 209 67 played
1335 3150 75 68 by
1440 3150 98 52 the
1568 3149 272 54 scientific
1873 3150 280 66 societies;

162 3227 272 53 scientific
465 3228 284 68 journals;
786 3230 231 50 natural
1049 3228 224 67 history
1304 3244 282 36 museums
1621 3228 112 52 and
1766 3226 228 55 botanic
162 3246 1970 112 gardens:

357 3311 146 47 state
529 3306 313 68 geological
871 3306 112 52 and
1012 3306 231 51 natural
1269 3305 223 63 history
1521 3323 259 50 surveys;
1815 3304 219 53 federal
162 3324 1970 127 exploring

423 3383 358 68 expeditions
808 3383 61 52 in
898 3384 97 51 the
1024 3383 112 52 rise
1165 3382 113 52 and
1309 3400 264 49 progress
1604 3380 63 54 of
1697 3381 306 54 American
162 3380 1973 148 botany,
325 3461 257 67 geology,
616 3460 375 69 mineralogy,
1026 3460 404 67 paleontology
1467 3459 112 51 and
1616 3459 255 68 zoology,
1905 3458 76 70 by
2015 3459 140 54 Max

159 3535 1994 147 Meisel … v. 3. The institutions founded or organized between 1845 and 1865. Bibliography of books. Chronological
160 3691 195 54 tables.
430 3692 184 52 Index
658 3691 64 53 of
764 3692 233 52 authors
1041 3694 45 49 &
1128 3690 372 53 institutions.
1577 3690 284 53 Addenda
1904 3697 58 46 to
2008 3709 50 35 v.
2108 3695 44 48 1.

162 3769 313 61 Brooklyn,
503 3769 68 53 N.
601 3770 91 60 Y.,
720 3769 120 52 The
868 3769 257 52 Premier
1154 3767 336 63 publishing
1517 3786 98 44 co.,
1645 3770 149 50 1929.

229 3849 84 49 xii,
346 3850 85 40 749
462 3861 44 38 p.
563 3850 148 41 23½ᶜᵐ.

164 3901 52 51 ©
243 3907 114 45 May
380 3906 70 45 31,
478 3905 139 47 1929;
646 3907 68 38 2c.
741 3907 96 38 and
863 3905 83 40 aff.
974 3906 127 39 June
1129 3906 51 44 1;
1210 3904 43 38 A
1278 3904 139 46 8441;
1449 3904 64 38 M.
1542 3904 180 48 Meisel,
1753 3906 261 45 Brooklyn.
