2512 4377
1327 4075 101 49 312

540 500 1344 54 xxv, 560 p . incl. illus., maps, tables, diagrs. 23½ᶜᵐ.
467 577 101 41 “The
611 576 187 42 studies
838 575 226 41 included
1103 575 116 40 here
1259 584 84 30 are
1383 573 139 40 those
1563 571 52 41 of
1654 571 152 49 Lynn,
1849 572 162 47 Mass.,
2052 570 316 47 Watertown,

367 636 57 41 N.
458 637 68 46 Y.,
560 636 119 39 Fort
711 634 107 47 Lee,
850 634 56 40 N.
942 633 58 47 J.,
1034 632 246 46 Paducah,
1313 631 107 46 Ky.,
1456 630 315 46 Greensboro,
1804 629 57 41 N.
1898 628 64 47 C.,
1996 628 236 47 Augusta,
2268 626 100 47 Ga.,

367 692 345 47 Jacksonville,
740 691 118 47 Fla.,
886 690 287 46 Beaumont,
1199 688 130 48 Tex.,
1358 688 136 40 West
1518 686 208 48 Aurora,
1755 686 91 48 Ill.,
1874 686 96 39 and
1999 686 116 47 Rye,
2143 684 57 41 N.
2227 683 145 40 Y.”—

367 751 186 40 Introd.

373 817 52 52 ©
463 821 109 40 Jan.
609 819 39 48 9,
684 818 142 47 1929;
864 818 68 40 2c.
969 817 109 40 Jan.
1115 818 82 45 11;
1237 815 83 40 aff.
1358 816 122 39 Mar.
1517 815 82 46 14;
1637 814 42 39 A
1712 812 143 48 4879;
1895 812 242 41 Teachers
2175 812 192 47 college,

442 876 251 42 Columbia
723 874 130 41 univ.
920 873 252 50 (29-7184)

373 970 361 64 Ergebnisse
771 970 99 52 der
904 968 241 53 exakten
1179 964 661 55 naturwissenschaften.
1911 964 176 68 Hrsg,
2125 980 110 35 von
2273 963 98 52 der

438 1040 1908 153 schriftleitung der “Naturwissenschaften”. 7. bd. … Berlin,
568 1125 56 54 J.
658 1123 299 70 Springer,
990 1125 150 51 1928.

440 1203 1074 53 2 p. l., 437, [1] p. illus., diagrs. 24 ½ᶜᵐ .
442 1277 235 42 Contains
709 1275 395 49 bibliographies.

373 1342 1941 54 © Oct. 29, 1928; 1c. Jan. 11, 1929; A —Foreign 1235; Julius Springer.
375 1498 354 63 Eulenberg,
764 1497 277 64 Herbert,
1080 1498 172 53 1876-

444 1576 291 53 Zwischen
778 1575 136 52 zwei
955 1578 295 62 männern,
1292 1574 122 52 eine
1455 1572 473 69 lebensdichtung
1970 1590 111 34 von
2123 1572 252 52 Herbert

377 1655 342 68 Eulenberg.
789 1652 312 69 Stuttgart,
1131 1653 56 53 J.
1219 1652 365 68 Engelhorns
1613 1649 213 69 nachf.,
1859 1653 150 50 1928.

445 1736 434 52 280, [1] p. 19 ᶜᵐ .
447 1808 197 40 “Erstes
675 1806 74 41 bis
778 1805 192 42 fünftes
1001 1804 251 43 tausend.”

374 1873 1998 53 © Sept. 14, 1928; 1c. Jan. 8, 1929; A —Foreign 1348; J. Engelhorns
441 1934 163 40 nachf.
672 1933 252 49 (29-7527)

377 2028 380 64 Farrington,
791 2027 198 53 Oliver
1020 2027 367 63 Cummings,
1423 2031 171 49 1864-

440 2103 1935 70 Famous diamonds, by Oliver C. Farrington … Chicago,
369 2184 168 52 Field
562 2201 256 35 museum
844 2182 65 54 of
933 2182 231 52 natural
1191 2182 240 68 history,
1459 2184 151 53 1929.

441 2265 285 47 cover-title,
768 2264 56 42 27
865 2275 43 37 p.
969 2266 157 46 plates
1177 2263 49 48 (1
1266 2263 113 47 col.)
1430 2265 150 46 ports.
1640 2264 147 40 21½ᶜᵐ.
1858 2262 164 49 (Field
2062 2273 220 30 museum
2325 2264 53 40 of

368 2324 199 38 natural
598 2321 203 47 history,
831 2320 226 48 Chicago.
1118 2319 210 49 Geology
1357 2319 164 41 leaflet
1549 2318 81 50 10)

377 2389 52 52 ©
458 2395 121 39 Mar.
607 2393 39 47 8,
675 2392 141 47 1929;
845 2392 68 40 2c.
941 2393 96 38 and
1065 2391 82 40 aff.
1176 2392 123 40 Mar.
1327 2393 82 44 11;
1439 2391 42 39 A
1508 2390 141 48 5744;
1681 2390 137 41 Field
1847 2401 220 30 museum
2095 2391 53 41 of
2175 2391 199 39 natural

443 2449 205 49 history.
715 2447 252 51 (29-7167)

377 2543 302 53 Financial
712 2543 344 63 publishing
1086 2559 307 47 company.

442 2619 177 56 Short
649 2621 136 53 time
817 2621 153 52 bond
1001 2621 194 52 values
1226 2620 181 53 tables
1439 2620 262 69 showing
1733 2621 95 52 the
1861 2626 96 47 net
1991 2626 197 48 return
2223 2620 152 52 from

370 2701 100 64 2%
508 2704 59 48 to
603 2701 131 64 10%
774 2717 72 33 on
880 2698 182 52 bonds
1098 2698 113 52 and
1245 2703 160 48 notes
1439 2698 218 69 having
1694 2717 31 33 a
1762 2698 357 53 semiannual
2155 2716 220 51 coupon

370 2777 266 52 attached
666 2776 244 68 payable
945 2782 57 47 at
1035 2775 298 69 maturity,
1366 2775 296 70 maturing
1695 2781 61 47 at
1787 2794 113 51 any
1932 2776 137 53 time
2104 2776 205 53 within
2345 2796 31 33 a

370 2855 201 69 period
603 2853 64 54 of
699 2854 87 54 six
816 2854 245 53 months.
1137 2853 207 55 Tables
1374 2854 261 69 showing
1668 2855 96 53 the
1795 2860 95 48 net
1924 2861 198 47 return
2158 2854 151 54 from
2344 2857 31 50 2

372 2940 59 46 to
470 2936 131 63 10%
642 2951 72 34 on
751 2932 181 53 bonds
970 2932 294 69 maturing
1303 2932 60 52 in
1404 2932 206 69 15-day
1649 2932 229 69 periods
1917 2938 59 48 to
2019 2937 27 48 1
2086 2952 136 51 year
2262 2934 112 52 and

370 3012 264 67 monthly
673 3016 59 47 to
771 3013 31 48 2
841 3028 180 51 years.
1135 3010 206 53 Tables
1382 3010 313 69 providing
1736 3009 266 69 adjusted
2045 3012 193 53 values
2283 3011 94 53 for

371 3091 160 52 short
566 3089 182 53 bonds
785 3089 182 52 called
1005 3106 64 34 or
1106 3087 239 54 callable
1383 3095 58 46 at
1482 3106 31 34 a
1553 3089 299 67 premium.
1942 3090 91 69 By
2073 3089 304 54 Financial

371 3166 338 69 publishing
745 3184 298 51 company.
1119 3166 136 52 Rev.
1298 3166 113 52 and
1451 3167 107 52 enl.
1598 3166 85 53 ed.
1724 3165 65 54 of
1828 3167 180 53 tables
2047 3168 76 68 by
2161 3167 214 54 Alfred

370 3244 343 68 Greenough
744 3244 114 53 and
891 3244 301 51 Financial
1227 3244 338 68 publishing
1596 3262 297 51 company.
1970 3246 234 67 Boston,
2237 3246 139 53 New

370 3322 165 53 York
590 3328 120 60 [etc.]
749 3321 302 52 Financial
1085 3321 336 69 publishing
1453 3339 310 52 company;
1798 3322 260 69 London,
2092 3322 70 56 G.
2197 3324 176 53 Rout-

370 3401 164 68 ledge
563 3402 46 50 &
635 3418 148 49 sons,
814 3400 104 52 ltd.
955 3401 193 65 [ᶜ1928]

442 3482 83 40 821
559 3492 43 37 p.
661 3481 119 41 31ᶜᵐ.

445 3538 134 40 First
605 3537 186 40 edition
816 3537 255 48 published
1099 3538 153 39 under
1282 3537 135 40 title:
1446 3536 176 41 Tables
1648 3537 53 40 of
1727 3538 138 41 short
1893 3538 116 41 time
2037 3540 126 40 bond
2191 3542 183 39 values.

378 3591 52 52 ©
459 3597 122 39 Mar.
608 3595 41 47 2,
678 3593 141 48 1929;
848 3594 68 41 2c.
945 3595 95 39 and
1069 3594 82 41 aff.
1181 3596 123 39 Mar.
1332 3596 82 45 11;
1445 3594 42 39 A
1515 3594 141 48 5721;
1688 3595 256 41 Financial
1973 3597 110 48 pub.
2113 3608 67 30 co.

456 3651 251 50 (29-6836)

377 3743 291 64 Fletcher,
701 3744 221 63 Joseph
953 3744 216 55 Smith.

445 3822 124 51 The
595 3822 205 52 button
831 3822 113 52 and
975 3823 98 52 the
1100 3822 303 54 banknote.

454 3904 83 47 (In
566 3899 184 44 Nash’s
783 3900 277 53 magazine,
1092 3902 133 50 Feb.,
1258 3902 145 50 1929)

380 3954 1990 59 © 1c. Mar. 15, 1929; A ad int. 12506; pubd. Jan. 18; J. S. Fletcher,
446 4015 300 50 Nutbourne,
779 4015 194 51 Sussex,
1005 4017 237 49 England.
