2542 4389
1032 4014 136 51 1953

73 387 262 66 Ludwig,
364 387 174 65 Emil,
570 391 169 50 1881-

137 458 1941 77 July ’14, by Emil Ludwig … translated from the German by
71 537 2009 75 C. A. Macartney … with 16 illustrations. New York, London,
71 623 67 55 G.
166 624 65 52 P.
259 621 297 54 Putnam’s
581 638 148 50 sons,
757 622 150 50 1929.

136 706 88 40 378
244 716 44 38 p.
347 704 165 47 front.,
534 705 149 47 ports.
744 703 56 39 22½
832 705 44 21 cm
882 734 8 8 .

78 771 52 52 ©
165 776 121 40 Nov.
319 775 70 48 11,
424 773 141 48 1929;
602 773 68 41 2c.
707 773 97 39 and
839 771 84 42 aff.
958 771 119 40 Nov.
1114 770 84 48 12;
1236 770 43 39 A
1314 769 171 48 16209;
1526 771 54 40 E.
1617 768 218 50 Ludwig,
1870 769 206 46 Ascona,

146 831 228 48 Schweiz,
409 829 334 41 Switzerland.
814 826 283 51 (29-28806)

71 924 185 64 Lyon,
285 923 260 53 Thomas
572 922 331 64 Lyttleton,
937 926 172 50 1869-

143 1004 122 52 The
289 1009 204 46 nature
518 1003 113 52 and
657 1001 321 69 properties
1002 1000 65 52 of
1090 1000 136 54 soils;
1284 1019 32 34 a
1339 1000 214 68 college
1576 1005 123 49 text
1722 999 66 54 of
74 997 1986 153 edaphology,

248 1076 1771 75 by T. Lyttleton Lyon … and Harry O. Buckman …
73 1160 138 54 Rev.
244 1160 84 53 ed.
454 1176 81 35 New
566 1157 181 64 York,
778 1157 123 53 The
929 1156 340 54 Macmillan
1298 1173 301 53 company,
1632 1158 151 53 1929.

148 1239 84 40 xiv
270 1249 58 38 p.,
368 1239 26 39 1
467 1269 9 15 l.,
515 1237 87 41 428
641 1248 43 38 p.
752 1238 144 47 illus.,
935 1247 140 33 maps
1102 1237 49 47 (1
1194 1236 199 48 double)
1443 1235 182 49 diagrs.
1693 1235 58 41 20½
1782 1238 45 21 cm
1832 1267 8 8 .
81 1236 2004 101 (Half-title:

236 1295 335 49 Agricultural
596 1294 187 41 science
808 1293 165 49 series,
1001 1293 50 41 L.
1080 1293 61 41 H.
1167 1292 188 49 Bailey,
1381 1292 184 48 editor)

81 1363 52 52 ©
164 1367 120 40 Nov.
313 1366 70 48 26,
413 1365 115 41 1929;
585 1366 69 41 2c.
684 1366 118 40 Nov.
834 1365 57 40 27;
952 1364 83 42 aff.
1066 1365 121 40 Nov.
1216 1364 57 40 29;
1333 1364 43 40 A
1405 1363 146 41 16115;
1613 1363 283 41 Macmillan
1927 1373 69 31 co.

162 1422 280 50 (29-28834)

78 1516 387 65 McCormick,
500 1516 297 65 Clarence,
830 1520 172 51 1888-

146 1595 122 53 The
321 1593 267 70 teaching
643 1593 65 53 of
764 1593 231 69 general
1050 1592 398 54 mathematics
1505 1593 63 52 in
1622 1593 97 53 the
1775 1593 312 69 secondary

75 1672 220 55 schools
325 1672 65 54 of
420 1672 96 53 the
546 1672 219 55 United
798 1671 219 68 States;
1052 1690 32 34 a
1115 1671 173 70 study
1319 1671 66 53 of
1415 1671 97 53 the
1543 1671 398 69 development
1974 1671 114 53 and

76 1748 1989 135 present status of general mathematics, by Clarence McCormick …
401 1829 138 53 New
576 1827 163 53 York
773 1827 136 69 city,
944 1827 280 54 Teachers
1257 1828 230 68 college,
1525 1827 302 56 Columbia
76 1827 1990 151 university,
243 1909 152 52 1929.

148 1992 26 40 3
209 2002 43 38 p.
320 2021 9 17 l.,
363 1990 84 40 173
478 2001 44 37 p.
580 1989 57 41 23½
670 1991 43 21 cm
720 2020 9 9 .
799 1987 267 49 (Teachers
1100 1989 195 48 college,
1331 1987 254 42 Columbia
1621 1987 287 50 university.
83 1989 1990 101 Contributions

377 2048 48 39 to
456 2045 273 48 education,
760 2055 76 31 no.
866 2045 113 49 386)

150 2116 265 41 Published
446 2116 103 40 also
579 2125 56 31 as
664 2115 155 40 thesis
858 2115 107 47 (ph.
997 2114 67 48 d.)
1103 2114 253 42 Columbia
1387 2115 287 49 university.

152 2173 307 40 “Annotated
490 2170 368 50 bibliography”:
921 2182 43 38 p.
995 2171 219 41 153-161.

89 2239 52 53 ©
178 2243 103 41 Oct.
316 2243 70 48 17,
421 2241 117 41 1929;
598 2242 69 41 2c.
702 2242 119 40 Nov.
857 2242 26 39 1;
949 2241 83 42 aff.
1069 2241 102 42 Oct.
1207 2241 58 41 30;
1329 2242 41 39 A
1406 2242 145 40 15441;
1616 2243 242 40 Teachers
1894 2243 194 49 college,

157 2299 252 42 Columbia
438 2298 128 42 univ.
633 2297 284 50 (29-27671)

83 2395 362 62 Macgowan,
477 2392 298 66 Kenneth,
810 2398 170 50 1888-

152 2470 331 70 Footlights
520 2487 187 37 across
742 2470 287 69 America,
1064 2471 252 54 towards
1352 2490 32 34 a
1420 2472 260 52 national
1715 2472 223 53 theater
1995 2473 75 69 [by]

83 2548 1987 149 Kenneth Macgowan. New York, Harcourt, Brace and company [ c 1929]
152 2711 137 47 xviii,
323 2710 57 41 398
442 2721 44 37 p.
545 2710 164 48 front.,
745 2710 129 40 illus.
903 2709 136 49 (incl.
1073 2720 152 38 maps,
1261 2711 154 48 plans,
1451 2710 241 48 facsims.)
1735 2711 173 49 plates,
1944 2715 148 46 ports,

83 2767 181 49 diagrs.
321 2767 58 40 22½
411 2769 45 22 cm
461 2799 9 9 .

156 2837 190 41 “Books
373 2848 75 37 on,
477 2837 52 40 of
554 2838 97 39 and
678 2837 62 47 by
767 2837 83 40 the
876 2837 125 41 local
1027 2837 222 41 theater”:
1307 2849 44 37 p.
1377 2838 219 41 380-381.

93 2904 52 53 ©
181 2909 118 40 Nov.
335 2908 70 48 21,
441 2907 114 41 1929;
618 2908 69 40 2c.
723 2909 97 38 and
856 2907 83 41 aff.
975 2908 120 42 Nov.
1131 2907 56 41 27;
1253 2909 41 38 A
1330 2907 145 42 17064;
1541 2909 59 40 K.
1637 2910 298 48 Macgowan,
1973 2911 120 40 New

162 2965 145 41 York.
378 2963 282 51 (29-28817)

85 3060 299 64 Magnien,
415 3059 224 56 Victor.

221 3148 1878 72 … Les mystères d’Éleusis: leurs origines, le rituel de leurs
88 3221 339 53 initiations.
502 3221 156 54 Avec
686 3224 31 51 6
743 3221 210 70 figures
981 3223 143 53 dans
1150 3223 52 52 le
1229 3228 168 47 texte.
1460 3223 187 67 Paris,
1674 3224 206 68 Payot,
1910 3227 151 50 1929.

158 3304 28 40 2
222 3315 44 38 p.
336 3335 9 17 l.,
385 3305 176 49 [7]-224
593 3316 44 37 p.
702 3305 130 41 illus.
895 3306 56 40 23
955 3307 45 22 cm
1005 3337 9 9 .
1087 3305 367 49 (Bibliothèque
1491 3305 327 49 scientifique)

97 3356 1547 54 © May 30, 1929; 1c. July 19; A— Foreign 4096; Payot.
174 3417 280 49 (29-28666)

91 3510 271 63 Melville,
391 3511 284 58 Herman,
704 3517 328 51 1819-1891.

163 3588 120 52 The
324 3587 199 69 piazza
563 3589 142 53 tales
752 3588 93 70 [by]
909 3589 263 53 Herman
1210 3589 277 69 Melville,
1530 3590 140 54 with
1713 3591 265 71 drawing
2018 3592 77 71 by

95 3665 142 69 Benj
281 3664 353 56 Greenstein.
709 3667 140 53 New
888 3667 182 69 York,
1109 3667 123 53 The
1272 3666 107 53 Elf
1418 3667 341 70 publishers,
1801 3671 151 51 1929.

166 3745 1081 52 5 p. l., 270 p., 1 l. front., plates. 24 cm .
168 3803 1932 53 “Of this edition … only seven hundred and fifty numbered copies
99 3870 125 29 were
253 3859 209 48 printed,
492 3860 79 40 for
601 3862 102 40 sale
733 3860 50 41 in
816 3862 83 39 the
930 3860 182 42 United
1145 3860 165 42 States
1342 3862 98 40 and
1470 3861 237 50 England,
1740 3863 98 41 and
1869 3864 83 41 the
1984 3866 117 48 type

97 3915 271 48 destroyed.
429 3916 118 42 This
574 3927 120 39 copy
722 3917 44 41 is
792 3927 77 31 no.
897 3915 130 44 750.”
