2542 4389
1042 4015 136 53 1379

91 351 296 65 Chappell,
418 349 194 55 Clovis
642 347 273 64 Gillham,
946 351 172 49 1882-

159 417 1929 81 Men that count, by Clovis G. Chappell … Garden City,
90 510 69 54 N.
190 508 89 68 Y.,
306 507 355 66 Doubleday,
687 504 198 53 Doran
911 505 46 50 &
983 519 298 53 company,
1313 503 149 50 1929.

151 587 481 49 4 p. l., 164 p. 19½ ᶜᵐ.
157 644 239 43 Sermons.

90 696 52 53 ©
171 700 128 49 Sept.
325 700 38 43 6,
390 699 141 42 1929:
557 699 68 40 2c.
651 698 95 41 and
773 697 81 41 aff.
885 697 127 47 Sept.
1038 696 83 40 13:
1151 695 40 39 A
1218 692 169 44 13304:
1418 693 298 46 Doubleday.
1745 692 166 40 Doran
1939 691 37 40 &
2002 701 81 36 co.,

159 757 90 41 inc.
317 755 280 50 (29-18909)

91 852 227 62 Clauss,
348 849 245 65 Ludwig
624 848 356 64 Ferdinand,
1014 853 171 49 1892-

154 930 129 53 Von
309 927 141 53 seele
474 928 116 51 und
618 926 204 53 antlitz
848 927 99 51 der
971 944 193 33 rassen
1189 924 117 53 und
1371 923 185 62 völker;
1587 923 119 53 eine
1734 921 356 68 einführung

84 1008 57 51 in
174 1007 91 54 die
294 1005 430 66 vergleichende
753 1001 650 70 ausdrucksforschung,
1432 1019 108 34 von
1574 1001 82 50 dr.
1687 999 201 53 Ludw.
1920 998 170 53 Ferd.

86 1083 218 56 Clauss.
380 1083 113 52 Mit
523 1085 99 49 231
658 1081 387 68 abbildungen
1081 1079 104 54 auf
1220 1082 65 50 86
1317 1079 201 52 tafeln.
1594 1077 305 68 München,
1933 1076 56 52 J.
2024 1077 66 51 F.

83 1162 314 66 Lehmann,
430 1163 148 50 1929.

224 1241 945 52 xv, 99, [1] p.. 1 1. 86 pl. on 44 l. 23 ½ ᶜᵐ.
157 1301 131 41 “Das
332 1301 124 39 buch
499 1309 102 30 war
643 1297 344 50 ursprünglich
1032 1297 73 39 als
1152 1296 380 41 umgearbeitete
1577 1294 287 47 neuauflage
1910 1294 182 40 meines

86 1358 179 42 bûches
303 1357 169 40 ‘Rasse
509 1357 98 39 und
643 1354 140 42 seele’
822 1354 220 47 gedacht.
1103 1352 184 41 Jedoch
1326 1353 77 39 die
1441 1351 330 49 bewältigung
1807 1361 150 30 neuer
85 1351 1989 112 forschungsgebiete

565 1407 1526 51 … führte dazu dass ich mich entschloss, ein neues buch
87 1481 23 29 a
120 1467 683 44 ufzubauen.”—Geleitwort.

157 1525 315 47 Advertising
504 1526 180 39 matter
717 1523 344 50 interspersed.

94 1576 1995 56 © Dec. 5, 1928; 1c. June 18, 1929; A — Foreign 3298; J. F. Lehmann.
172 1638 281 50 (29-18307)

94 1735 216 64 Coady,
341 1733 151 54 John
526 1733 239 63 Joseph,
801 1737 132 49 1894

223 1806 1809 74 … The appointment of pastors … by John Joseph Coady …
91 1890 405 69 Washington,
523 1890 71 51 D.
624 1888 83 68 C.,
736 1889 122 51 The
887 1887 266 54 Catholic
1180 1886 322 70 university
1530 1886 65 53 of
1624 1886 285 59 America,
1942 1890 150 49 1929.

164 1967 1931 54 viii, 150 p. 23 ᶜᵐ. (The Catholic university of America. Canon law
93 2029 201 42 studies,
357 2039 76 30 no.
468 2028 81 49 52)

164 2086 172 42 Thesis
378 2085 62 48 (J.
512 2118 8 8 U.
584 2082 326 48 D.)—Catholic
942 2083 274 49 university
1247 2082 53 42 of
1329 2082 239 42 America.
1600 2083 128 41 1929.

165 2142 344 50 Biographical
542 2143 127 40 note.

165 2199 350 49 Bibliography
533 2209 9 28 :
581 2210 43 37 p.
660 2198 218 42 140-143.

99 2253 53 52 ©
181 2256 129 41 June
336 2257 68 42 13,
435 2255 139 41 1929:
606 2256 68 39 2c.
705 2256 95 40 and
831 2255 82 40 aff.
945 2255 116 47 July
1092 2255 81 47 15;
1206 2255 41 40 A
1278 2253 170 48 10233;
1482 2255 43 39 J.
1557 2254 43 41 J.
1633 2254 177 42 Coadv.
166 2254 1914 100 Washington.
332 2312 281 49 (29-16782)

98 2407 300 55 Colorado.
475 2409 184 69 Laws,
685 2413 259 64 statutes,
971 2415 102 49 etc.

166 2484 169 54 Laws
373 2486 200 67 passed
613 2490 59 49 at
709 2485 95 54 the
842 2485 475 68 twenty-seventh
1360 2486 212 52 session
1611 2485 65 53 of
1716 2485 97 53 the
1851 2484 247 54 General

99 2564 280 69 assembly
414 2562 64 53 of
513 2563 94 53 the
644 2567 144 50 state
825 2563 64 54 of
927 2563 284 55 Colorado
1249 2564 287 53 convened
1575 2569 60 47 at
1668 2564 232 53 Denver
1936 2569 60 47 at
2033 2567 65 49 12

98 2639 211 56 o’clock
347 2660 150 33 noon
537 2659 72 35 on
647 2641 382 69 Wednesday,
1070 2640 264 70 January
1374 2645 49 58 2,
1506 2685 9 8 A.
1596 2684 9 9 D.
1684 2644 119 63 1929,
1844 2641 114 52 and
98 2641 1971 146 adjourned
374 2719 119 53 sine

526 2719 92 52 die
650 2724 59 47 at
743 2723 26 48 1
805 2719 212 53 o’clock
1091 2764 8 7 A.
1192 2762 9 9 M.
1239 2738 71 34 on
1346 2718 258 70 Sunday,
1634 2719 175 68 April
1843 2723 85 52 21,
2004 2762 9 9 A.
2089 2763 8 8 D.
103 2799 148 50 1929.
322 2797 313 53 Published

667 2796 76 70 by
778 2797 297 68 authority
1109 2796 64 54 of
1208 2796 167 55 Chas.
1409 2798 81 52 M.
1524 2795 367 72 Armstrong,
99 2814 1976 128 secretary
258 2873 64 54 of
349 2879 161 48 state.
575 2874 247 58 Denver,
851 2875 123 52 The

1004 2872 859 72 Smith-Brooks press [ ᶜ1 929 ]
168 2955 482 51 xxxiii, 736 p. 24 ᶜᵐ.
103 3009 53 53 ©
187 3013 120 49 Aug.
337 3013 39 48 8,
407 3013 117 40 1929
539 3024 8 29 :
579 3013 68 40 2c.
678 3014 96 40 and
805 3013 82 41 aff.
921 3013 119 48 Aug.
1071 3013 81 46 12;
1187 3015 41 39 A
1260 3013 170 44 10697;
1465 3013 203 41 Charles
1702 3015 62 38 M.
1797 3012 302 50 Armstrong,

171 3071 248 47 secretary
451 3069 52 41 of
533 3072 141 45 state,
706 3070 79 41 for
817 3070 82 41 the
931 3080 85 30 use
1048 3072 52 39 of
1131 3071 85 40 the
1246 3073 128 38 state
1408 3071 52 40 of
1492 3071 251 46 Colorado,
1779 3070 206 42 Denver.

103 3150 240 64 Cooper,
373 3150 147 52 Paul
548 3149 327 56 Fenimore.

170 3227 124 56 Tal,
342 3227 89 53 his
481 3226 320 54 marvelous
850 3229 342 52 adventures
1242 3229 140 52 with
1433 3228 551 57 Noom-Zor-Noom,
2031 3229 76 68 by

99 3306 148 54 Paul
266 3305 47 52 F
319 3305 246 53 enimore
586 3303 240 71 Cooper,
844 3306 326 54 illustrated
1186 3307 78 69 by
1280 3307 159 52 Ruth
1459 3308 227 52 Reeves.
1770 3307 140 53 New
1929 3306 182 68 York,

98 3381 792 73 W. Morrow & co. [ ᶜ1 929 ]
205 3465 1189 54 x p., 1 l. . 305 p. incl. front., illus., plates. 22 ᶜᵐ.
106 3519 54 53 ©
189 3521 129 52 Sept.
343 3523 41 47 5,
410 3523 116 41 1929;
580 3525 68 39 2c.
677 3524 130 49 Sept.
832 3525 57 40 10;
944 3525 83 41 aff.
1058 3526 131 48 Sept.
1215 3528 27 39 7
1260 3537 8 28 :
1299 3527 39 38 A
1366 3526 145 39 12425;
1569 3527 51 39 P.
1647 3527 53 40 F.
1729 3525 199 49 Cooper.
173 3524 1915 105 Cooperstown,
427 3579 57 40 N.
510 3581 55 40 Y.
630 3579 282 49 (29-19009)

107 3659 233 66 Cordts,
369 3660 175 53 Anna
572 3661 321 56 Dorothea.

177 3736 122 53 The
320 3755 124 34 new
468 3738 141 67 path
632 3745 58 47 to
716 3739 254 70 reading,
1033 3739 91 53 bk.
1152 3744 46 48 3.
1262 3741 91 69 By
1377 3739 173 55 Anna
1575 3741 294 55 Dorothea
1897 3740 210 55 Cordts

168 3811 1940 79 … Illustrated by Marguerite Davis, Elizabeth Tyler Wolcott.
110 3888 1608 79 Boston, New York [etc.] Ginn and company [ᶜ19 29]
