2542 4389
1116 4030 134 50 1169

175 374 221 64 Anton,
424 372 240 65 Joseph.

245 465 93 53 Im
385 464 218 54 dienste
651 463 202 55 Gottes
897 464 120 52 und
1065 463 100 53 der
1210 461 320 65 menschen,
1578 459 92 53 ein
1716 458 314 55 lebensbild
2078 462 99 52 des

175 543 223 54 dieners
437 543 201 55 Gottes
673 542 245 53 Konrad
954 538 350 56 Birndorfer
1342 557 112 34 von
1493 537 302 53 Parzham.
1868 535 307 69 München,

176 622 309 69 Germany,
512 621 168 55 Josef
706 619 177 54 Kösel
910 621 45 50 &
982 617 304 53 Friedrich
1313 618 220 67 Pustet,
1558 615 54 54 k.
1641 634 52 50 g.
1723 635 47 34 a.
1800 635 68 46 a.,
1895 617 150 50 1928.

241 703 26 39 1
299 713 44 30 v.

177 767 1978 105 © Apr. 12, 1928; 1c. July 18; A —Foreign 39734; Josef Kösel & Friedrich
379 831 185 48 Pustet,
592 830 46 41 k.
668 839 41 39 g.
740 839 43 31 a.
812 839 43 30 a.

181 940 254 70 [Applin,
465 939 253 69 Arthur]
754 945 172 50 1883-

238 1032 123 54 The
391 1031 313 54 chronicles
738 1031 65 53 of
835 1050 31 34 a
901 1031 212 69 gigolo,
1144 1030 78 70 by
1256 1029 204 55 Julian
1496 1028 178 56 Swift
1730 1028 216 69 [pseud.]
2034 1028 140 54 New

168 1110 180 69 York,
375 1110 78 53 H.
479 1109 323 70 Liveright,
830 1112 151 50 1929.

239 1191 274 50 288 p. 20 ᶜᵐ.
177 1261 52 53 ©
255 1265 121 49 Aug.
402 1265 40 46 2,
469 1263 114 41 1929;
637 1263 67 42 2c.
731 1263 121 49 Aug.
877 1262 28 40 2;
960 1261 82 42 aff.
1070 1261 120 50 Aug.
1218 1261 26 41 9;
1300 1260 42 41 A
1368 1261 138 42 10681;
1568 1261 193 42 Horace
1787 1259 266 50 Liveright,
2081 1260 94 42 inc.

254 1321 282 51 (29-16436)

175 1432 270 66 Atwood,
472 1431 256 56 Wallace
753 1430 246 66 Walter,
1030 1431 172 56 1872-

309 1523 1869 70 … Home life in far-away lands, by Wallace W. Atwood and
174 1604 189 54 Helen
410 1603 144 56 Goss
600 1604 268 68 Thomas,
913 1603 140 52 with
1100 1603 97 53 the
1244 1603 413 53 collaboration
1703 1604 65 52 of
1812 1601 245 55 Isabelle
2101 1601 76 53 K.

177 1679 1998 71 Hart … Boston, New York [etc.] Ginn and company [ᶜ19 29]
240 1773 43 38 v,
326 1763 72 49 [1],
434 1761 87 41 252
558 1772 43 38 p.
663 1763 86 39 col.
787 1761 166 48 front.,
992 1761 131 41 illus.
1150 1759 136 50 (incl.
1325 1760 163 50 maps)
1556 1761 59 41 26½ᶜᵐ.
1773 1760 230 50 (Atwood
171 1771 1992 97 geography
353 1818 178 49 series)

241 1891 66 40 At
330 1891 126 39 head
479 1889 54 41 of
553 1889 111 42 title
681 1900 10 30 :
718 1890 104 40 The
845 1890 143 40 earth
1013 1890 96 40 and
1134 1889 66 41 its
1227 1890 181 48 people,
1434 1889 125 41 book
1584 1900 104 30 one.

244 1947 69 40 “A
338 1947 85 41 list
450 1947 55 41 of
528 1947 149 41 books
702 1946 83 41 for
809 1946 192 42 outside
1029 1945 232 50 reading”
1279 1957 11 29 :
1320 1957 42 38 p.
1391 1946 102 42 246.

179 2016 52 53 ©
258 2021 117 47 July
399 2019 69 49 18,
495 2019 141 47 1929;
664 2019 68 41 2c.
759 2019 96 40 and
882 2018 83 41 aff.
992 2019 117 47 July
1134 2018 56 41 31;
1247 2018 41 40 A
1314 2018 171 48 10502;
1515 2019 73 41 W.
1615 2020 71 39 W.
1714 2019 217 49 Atwood,
247 2020 1912 105 Worcester,

367 2078 150 40 Mass,
546 2078 96 40 and
673 2077 157 41 Helen
861 2076 124 42 Goss
1012 2076 226 49 Thomas,
1273 2075 301 50 Cambridge,
1608 2077 147 40 Mass.
255 2133 281 51 (29-16463)

176 2244 227 66 Baillie,
433 2244 174 66 John,
640 2249 173 51 1886-

239 2338 122 53 The
392 2338 160 68 place
585 2336 66 55 of
679 2338 168 54 Jesus
880 2337 198 55 Christ
1109 2337 61 53 in
1202 2338 238 53 modern
1473 2337 404 70 Christianity,
1908 2338 77 70 by
2019 2338 158 55 John

170 2415 1502 70 Baillie … New York, C. Scribner’s sons, 1929.
242 2497 583 50 xii p., 1 l. , 219 p. 19½ᶜᵐ.
180 2566 52 53 ©
259 2571 116 48 July
400 2571 69 47 12,
496 2570 115 42 1929;
665 2571 68 41 2c.
760 2572 96 40 and
884 2571 82 41 aff.
995 2571 117 49 July
1138 2571 57 40 24;
1252 2571 41 40 A
1319 2570 146 42 10350;
1521 2571 202 41 Charles
1753 2570 267 42 Scribner’s
2047 2581 127 31 sons.

257 2628 282 50 (29-16512)

180 2738 286 66 Baldwin,
496 2739 255 54 Edward
783 2739 336 66 Chauncey,
1151 2740 173 56 1870-

249 2833 191 69 Types
494 2834 64 52 of
610 2834 299 54 literature
961 2835 62 53 in
1075 2836 98 52 the
1227 2833 116 56 Old
1396 2836 345 68 Testament,
1793 2834 77 70 by
1923 2834 254 54 Edward

181 2909 1997 72 Chauncey Baldwin … New York, T. Nelson and sons, 1929.
173 2991 1977 108 4 p. l., xi-xiv, 15-218 p. 18½ᶜᵐ. (Half-title: Nelson’s English series; general editor—E. Bernbaum)
245 3121 350 49 Bibliography
612 3132 10 30 :
650 3133 43 37 p.
720 3122 217 42 214-218.

182 3187 52 53 ©
266 3193 116 48 July
408 3193 71 48 24,
509 3193 114 41 1929;
681 3193 68 41 2c.
779 3195 97 39 and
905 3194 83 42 aff.
1018 3194 120 49 Aug.
1169 3196 27 38 2;
1255 3195 41 39 A
1326 3193 145 42 10533;
1529 3195 211 40 Thomas
1769 3195 181 41 Nelson
1982 3195 36 40 &
2049 3206 126 30 sons.

259 3249 281 50 (29-16388)

178 3359 183 54 Bible.
435 3362 72 55 N.
549 3363 64 52 T.
692 3363 254 69 Gospels.
1021 3364 328 54 Selections.
1426 3364 263 69 English.

245 3450 123 54 The
393 3451 349 70 philosophy
769 3453 65 53 of
860 3454 185 67 Jesus,
1070 3454 77 69 by
1173 3454 256 53 Edward
1456 3453 237 70 Owings
1720 3455 212 53 Towne;
1992 3474 31 34 a
177 3474 1978 108 narrative

386 3528 65 53 of
474 3530 96 52 the
596 3529 107 54 life
729 3531 113 53 and
867 3531 297 69 teachings
1190 3532 65 52 of
1279 3531 168 55 Jesus
1473 3532 64 52 of
1563 3532 306 70 Nazareth,
1896 3534 284 69 arranged

177 3605 153 53 from
355 3607 98 52 the
478 3606 241 69 Gospels
745 3608 66 53 of
834 3608 297 66 Matthew,
1157 3609 174 53 Mark
1356 3610 114 52 and
1495 3609 177 69 Luke,
1701 3629 60 35 as
1784 3611 187 69 newly

176 3615 1980 122 translated
360 3683 122 54 into
511 3685 238 53 modern
778 3685 265 69 English.
1118 3686 139 53 New
1289 3686 164 53 York
1484 3688 112 53 and
1626 3688 259 69 London,
1916 3689 140 53 New
2085 3707 95 35 era

176 3761 776 69 book corporation [ ᶜ1 929 ]
247 3843 500 50 4 p. l., 5-97 p. 24½ᶜᵐ.
187 3910 52 53 ©
266 3915 126 40 June
416 3915 71 48 26,
543 3915 112 48 1929;
683 3916 67 41 2c.
778 3916 118 48 July
921 3917 83 47 31;
1034 3916 82 42 aff.
1144 3917 120 48 Aug.
1291 3917 54 48 1;
1375 3918 41 39 A
1442 3918 171 50 11427;
1643 3921 119 41 New
1788 3932 83 30 era
1900 3921 125 41 book
2051 3931 129 38 corp.

262 3971 282 49 (29-16572)
