2533 4384
1094 4041 100 48 451

198 463 1726 52 136 p. incl. pl. 18 ᶜᵐ. (Lettered on cover: Stratford classics)
129 520 51 52 ©
209 525 112 40 Feb.
346 525 41 47 4,
413 523 114 41 1929;
581 523 69 41 2c.
676 525 96 38 and
800 522 83 42 aff.
909 523 123 40 Mar.
1058 523 59 40 28;
1170 523 41 38 A
1238 522 119 40 6225;
1410 522 161 47 Lyons
1598 521 38 41 &
1662 521 279 41 Carnahan.
198 576 69 54 [©
298 582 154 48 notes]
525 579 252 50 (29-8529)

126 675 266 62 Monsen,
420 673 315 64 Thormod,
765 672 53 53 &
845 688 126 48 son,
1000 673 132 63 inc.,
1163 673 268 67 Chicago.

198 749 1933 70 The Monsen type manual … Chicago, T. Monsen & son,
126 829 340 67 inc. [ ᶜ1 929]
195 909 1174 49 511 p. front. (port.) illus. (part col.) 26 ᶜᵐ.
200 967 392 48 “Lithographed
621 977 59 29 on
712 967 84 40 the
825 966 145 41 offset
999 966 179 49 press.”

198 1024 229 40 Lettered
463 1034 59 29 on
558 1034 141 29 cover
716 1034 9 29 :
763 1024 202 38 Monsen
1003 1025 112 46 type
1150 1023 201 39 manual
1386 1023 80 39 for
1502 1022 144 41 offset
1682 1022 331 48 lithography.

129 1077 51 52 ©
205 1083 124 40 Mar.
351 1081 71 48 30,
445 1080 114 41 1929;
611 1081 68 40 2c.
704 1082 97 38 and
826 1080 83 40 aff.
933 1080 113 48 Apr.
1072 1081 25 38 1;
1149 1081 44 38 A
1215 1080 119 40 7202;
1386 1081 175 47 Myron
1583 1080 53 39 T.
1662 1080 217 47 Monsen,
1907 1078 225 49 Chicago.

207 1137 253 50 (29-8482)

126 1231 245 64 Morley,
404 1230 392 64 Christopher
827 1230 375 64 Darlington.

203 1309 346 66 [Foreword,
573 1309 77 68 by
678 1307 379 69 Christopher
1083 1308 226 69 Morley
1336 1309 60 51 in
1422 1308 98 53 the
1545 1308 149 53 book
1720 1308 259 67 entitled]
2012 1307 122 53 The

127 1386 305 69 Argonaut
457 1386 357 68 manuscript
840 1386 223 52 limited
1090 1386 218 53 edition
1336 1385 64 53 of
1426 1386 200 52 Frank
1652 1385 250 54 Norris’s
1930 1384 202 55 works.

133 1497 67 33 [v.
233 1466 47 50 6.
309 1464 58 51 A
394 1463 178 53 man’s
603 1482 238 34 woman.
909 1464 321 52 Yvernelle.
1300 1462 236 56 Garden
1567 1462 154 70 City,
1752 1464 69 52 N.
1856 1464 90 66 Y.,
126 1464 1984 146 Doubleday,

380 1543 199 51 Doran
608 1543 46 50 &
681 1559 301 50 company,
1011 1541 128 68 inc.,
1172 1544 153 64 1928]

230 1622 522 50 x p. , 1 l., 314 p. 22½ ᶜᵐ.
197 1680 282 47 Half-title;
510 1680 118 40 each
656 1680 191 39 volume
875 1679 92 40 has
994 1680 106 39 also
1127 1679 181 48 special
1338 1682 100 46 t.-p.

131 1732 51 52 ©
212 1737 119 40 Nov.
358 1737 70 46 28,
460 1736 115 40 1928;
631 1737 68 40 2c.
729 1738 97 38 and
855 1736 83 40 aff.
970 1737 110 40 Feb.
1112 1736 68 49 15,
1211 1736 117 40 1929;
1387 1738 43 38 A
1456 1737 116 40 4547;
1634 1737 300 48 Doubleday,
1966 1737 167 40 Doran

197 1792 38 42 &
263 1803 82 39 co.,
373 1793 92 42 inc.

126 1887 265 63 Nathan,
425 1886 243 65 Robert,
705 1892 169 52 1894-

200 1964 57 53 A
287 1965 167 52 cedar
483 1964 128 68 box,
639 1965 77 68 by
746 1965 216 52 Robert
993 1965 263 68 Nathan;
1291 1965 143 53 with
1467 1985 30 33 a
1533 1964 288 55 foreword
1853 1967 77 69 by
1962 1965 175 55 Louis

129 2042 2009 145 Untermeyer. Indianapolis, The Bobbs - Merrill company [ ᶜ1 929]
202 2200 531 50 8 p. l., 15-48 p. 21 ᶜᵐ.
205 2258 1936 50 “Of this limited edition … fifteen hundred copies were printed for
130 2316 117 47 sale,
274 2315 52 40 of
350 2315 160 41 which
537 2315 98 40 this
662 2315 42 40 is
728 2326 77 30 no.
831 2313 129 42 250.”

203 2372 186 42 Poems.

135 2426 51 53 ©
221 2432 123 40 Mar.
376 2431 70 47 26,
479 2430 142 48 1929;
655 2431 68 41 2c.
758 2431 124 41 Mar.
915 2430 83 48 29;
1033 2429 83 41 aff.
1151 2431 123 40 Mar.
1307 2429 85 49 30;
1428 2432 42 38 A
1503 2430 141 48 6245;
1681 2431 57 40 R.
1772 2431 214 48 Nathan,
2020 2432 117 39 New

200 2487 146 41 York.
415 2487 252 49 (29-8531)

131 2566 231 65 Norris,
392 2566 218 66 Frank,
642 2568 326 55 1870-1902.

198 2647 123 53 The
348 2647 307 68 Argonaut
683 2648 357 67 manuscript
1069 2646 224 55 limited
1323 2647 219 54 edition
1570 2647 64 55 of
1662 2647 201 54 Frank
1892 2648 250 54 Norris’s

129 2724 202 54 works.
413 2724 252 68 [Garden
701 2725 154 70 City,
890 2725 70 55 N.
997 2725 92 70 Y.,
1124 2726 360 69 Doubleday,
1518 2726 200 52 Doran
1754 2727 52 50 &
1843 2743 299 52 company,

129 2803 126 69 inc.,
288 2806 152 64 1928]

199 2883 1025 50 10 V. front. (port.) illus. (map) 22½ ᶜᵐ.
201 2941 255 41 Half-title;
511 2942 120 40 each
655 2942 193 40 volume
873 2942 90 40 has
989 2943 105 39 also
1120 2940 181 50 special
1329 2943 99 47 t.-p.

203 2999 238 40 “Limited
467 3002 48 37 to
541 3000 97 39 two
663 2999 225 40 hundred
913 2999 97 40 and
1036 2998 248 48 forty-five
1311 2998 143 42 sets.”

482 3055 1664 50 CONTENTS.—I - II . The octopus.—III. Blix. Moran of the Lady Letty.—
133 3119 71 34 IV.
239 3113 103 40 The
379 3113 134 40 third
550 3112 159 41 circle.
768 3114 42 38 A
849 3113 109 40 deal
996 3112 50 40 in
1084 3113 176 48 wheat,
1298 3112 98 40 and
1433 3113 140 40 other
1612 3112 176 42 stories
1826 3113 53 39 of
1916 3114 84 39 the
2036 3123 107 31 new

133 3172 95 38 and
272 3171 78 40 old
393 3170 151 41 West.
559 3193 61 5 —
674 3200 11 10 V.
727 3171 258 39 Vandover
1028 3171 97 39 and
1168 3171 83 39 the
1292 3170 157 40 brute.
1465 3193 59 5 —
1602 3200 11 10 VI.
1656 3171 41 38 A
1741 3169 154 41 man’s
1939 3181 204 31 woman.

132 3228 331 40 Yvernelle.—VII
546 3257 11 10 .
590 3227 102 40 The
726 3226 407 49 responsibilities
1168 3227 52 39 of
1254 3227 84 40 the
1370 3226 224 42 novelist.
1654 3227 104 41 The
1790 3227 175 48 joyous
132 3227 1994 98 miracle.—VIII
383 3314 11 10 .

429 3285 420 47 McTeague.—IX.
884 3284 102 40 The
1019 3283 197 49 pit.—X.
1253 3283 244 41 Collected
1534 3284 237 49 writings,
1807 3284 218 41 hitherto
132 3295 1994 95 unpublished
416 3341 49 39 in
492 3341 124 41 book
642 3340 143 42 form.

138 3395 51 52 ©
218 3399 118 40 Nov.
363 3398 70 49 28,
460 3398 141 47 1928;
631 3398 66 41 2c.
724 3398 120 40 each
871 3399 97 39 and
995 3397 110 41 affs.
1132 3398 112 40 Feb.
1272 3397 70 48 15,
1371 3397 142 47 1929;
1544 3398 42 39 A
1610 3399 264 40 4543-4551;
205 3399 1916 104 Doubleday,
350 3455 168 40 Doran
551 3455 36 40 &
619 3465 82 37 co.,

735 3454 92 41 inc.
894 3449 69 55 [©
997 3455 285 48 forewords,
1320 3455 96 39 and
1449 3454 360 41 introductions
1844 3455 62 47 by
1941 3454 199 40 various
206 3512 219 48 authors]
493 3510 251 50 (29-5199)

135 3591 231 63 Norris,
399 3591 314 54 Kathleen.

213 3669 440 67 [Introduction,
678 3669 76 69 by
783 3669 289 52 Kathleen
1101 3669 203 53 Norris
1336 3669 60 51 in
1423 3669 98 51 the
1548 3668 149 53 book
1725 3669 258 66 entitled]
2019 3668 121 53 The

137 3745 305 70 Argonaut
466 3746 357 68 manuscript
848 3747 224 52 limited
1099 3746 219 53 edition
1344 3745 64 53 of
1434 3746 199 52 Frank
1660 3744 250 56 Norris’s
1937 3746 203 52 works.

143 3856 68 34 [v.
248 3827 47 48 3.
331 3824 152 52 Blix.
552 3824 208 52 Moran
795 3823 65 53 of
892 3824 96 52 the
1021 3824 166 68 Lady
1220 3824 189 67 Letty.
1481 3822 235 56 Garden
1753 3822 155 70 City,
1941 3823 70 53 N.
2049 3824 93 68 Y.,

137 3901 358 69 Doubleday,
525 3901 199 53 Doran
754 3903 47 50 &
831 3919 298 50 company,
1160 3901 128 67 inc.,
1322 3903 152 64 1928]

206 3983 603 50 xiii p., 1 l., 326 p. 22½ ᶜᵐ.
