2542 4389
1060 4031 98 51 831

119 375 274 63 Thomas,
434 374 172 52 Pearl
644 375 225 55 Edwin.

187 451 159 55 Sales
383 451 394 70 engineering:
818 472 31 33 a
886 458 121 48 text
1042 472 71 34 on
1150 453 280 53 technical
1466 453 204 69 selling
1706 454 94 51 for
1835 454 273 68 students,

115 529 1933 70 sales engineers and managers, by Pearl Edwin Thomas …
115 605 1623 71 Popular ed. … Chicago, Ill., P. E. Thomas [ ᶜ19 29]
184 690 1366 50 4 p. l., xiii-xxiii, 25-223 p. front. (port.) 17½ᶜᵐ.
186 747 160 39 Blank
374 756 147 38 pages
547 746 80 40 for
657 747 371 40 “Memoranda”
1070 748 250 47 (218-223)

120 799 51 52 ©
197 804 115 46 May
335 802 69 48 20,
430 801 115 41 1929;
597 804 65 39 2c.
691 805 95 38 and
886 836 9 9 aff.
920 804 115 48 May
1058 804 58 40 28;
1170 804 42 39 A
1234 804 115 40 9363;
1405 804 51 41 P.
1483 805 53 39 E.
1563 804 224 41 Thomas.

197 859 280 49 (29-12202)

117 954 232 64 Tobias,
381 954 233 53 Marvin
649 954 197 66 Elliot,
881 961 170 49 1905-

185 1033 121 52 The
331 1033 146 51 tools
503 1031 63 53 of
590 1032 168 53 retail
784 1033 372 70 advertising,
1181 1034 76 68 by
1283 1035 79 51 M.
1391 1035 68 51 E.
1489 1033 223 53 Tobias.
1802 1034 82 54 [St.
1913 1034 191 66 Louis]

171 1109 1342 70 Rice-Stix, Merchants’ service bureau [ ᶜ19 29 ]
186 1193 524 49 112 p. illus. 22 ᶜᵐ .
121 1246 51 52 ©
200 1251 114 47 May
340 1250 68 47 23,
435 1249 139 48 1929;
604 1251 67 40 2c.
699 1252 96 38 and
896 1284 8 7 aff.
932 1251 114 48 May
1071 1251 83 47 25;
1184 1251 40 40 A
1252 1250 140 48 9276;
1423 1251 245 41 Rice-Stix
1697 1255 89 44 dry
1814 1253 147 46 goods
1989 1264 68 28 co.

196 1306 280 50 (29-12204)

118 1402 219 65 Tuttle,
367 1402 193 54 Julius
588 1403 278 63 Herbert,
899 1405 170 54 1857-

181 1479 445 54 Massachusetts
651 1481 113 52 and
789 1481 101 53 her
969 1482 131 67 Royal
1124 1482 225 52 charter
1374 1482 241 68 granted
1638 1481 200 53 March
1864 1484 50 63 4,
113 1484 1999 142 1628-29,

221 1557 1891 71 by Julius Herbert Tuttle … Boston, Massachusetts society
113 1635 68 53 of
213 1636 96 52 the
347 1635 187 55 Order
571 1635 65 53 of
671 1637 96 52 the
806 1635 275 54 founders
1118 1638 113 52 and
1270 1637 245 68 patriots
1553 1636 64 54 of
1653 1637 284 70 America,
1977 1640 135 49 1924

119 1716 191 65 [ ᶜ19 29 ]
185 1797 24 39 1
241 1807 44 38 p.
352 1828 9 16 l.,
391 1796 56 41 25
479 1807 44 37 p.
580 1797 131 41 illus.
739 1795 199 49 (ports.)
1006 1797 146 41 18½ᶜᵐ.

188 1853 163 41 “Read
386 1855 52 39 at
471 1854 83 40 the
587 1853 213 48 meeting
834 1854 51 40 of
917 1854 83 40 the
1035 1854 389 40 Massachusetts
1458 1853 182 48 society
1673 1854 53 40 of
1759 1855 83 39 the
1876 1855 235 40 founders

115 1910 96 40 and
238 1909 210 49 patriots
477 1910 51 40 of
597 1909 179 40 America
806 1919 60 30 on
894 1910 224 48 January
1143 1910 70 45 24,
1240 1909 158 41 1923.”

188 1966 416 40 “Massachusetts
637 1966 94 39 and
764 1966 87 39 her
882 1965 108 40 first
1021 1965 237 47 charter”,
1291 1966 62 46 by
1385 1965 163 41 Julius
1580 1966 210 40 Herbert
1821 1966 193 46 Tuttle;
2048 1978 62 29 an

116 2023 202 40 address
350 2022 167 40 before
549 2022 82 40 the
661 2023 389 39 Massachusetts
1084 2020 182 48 society
1299 2022 51 40 of
1380 2022 81 40 the
1495 2021 153 41 Order
1680 2021 52 41 of
1763 2022 83 40 the
1876 2023 235 39 founders

116 2079 96 39 and
243 2078 211 48 patriots
485 2078 52 39 of
568 2077 237 47 America,
837 2088 61 30 on
931 2078 170 39 March
1130 2078 41 47 4,
1203 2077 128 46 1929,
1365 2079 51 39 at
1447 2077 130 41 their
1608 2079 179 39 annual
1820 2078 211 50 meeting
2061 2081 49 38 to

115 2136 372 39 commemorate
520 2135 81 40 the
632 2133 145 42 300th
810 2134 322 48 anniversary
1163 2135 52 39 of
1247 2135 82 39 the
1362 2133 336 41 confirmation
1731 2134 51 40 of
1811 2135 84 39 the
115 2136 1975 95 Massachusetts

361 2191 222 39 charter:
614 2201 43 37 p.
706 2190 175 49 [17]-25.

121 2244 51 52 ©
199 2249 115 46 May
337 2247 69 43 21,
433 2247 140 46 1929;
600 2248 69 40 2c.
694 2248 96 39 and
817 2246 82 42 aff.
927 2248 114 45 May
1066 2247 59 40 28;
1179 2246 40 40 A
1244 2245 140 48 9362;
1415 2247 386 41 Massachusetts
1828 2259 93 29 soc.
1950 2248 53 39 of
2028 2249 81 40 the

188 2304 154 41 Order
369 2305 51 40 of
447 2305 83 40 the
554 2305 236 39 founders
818 2305 95 39 and
942 2304 212 48 patriots
1181 2305 51 38 of
1260 2303 236 49 America,
1527 2304 273 48 Brookline,
1832 2306 145 39 Mass.
2057 2300 51 52 [©

186 2372 107 30 new
316 2363 193 45 matter,
535 2372 147 38 pages
707 2362 58 40 17
789 2363 48 39 to
863 2361 71 49 25]
1001 2360 280 49 (29-11980)

117 2458 70 54 U.
225 2458 56 54 S.
357 2459 182 53 Laws,
574 2464 258 54 statutes,
868 2465 99 47 etc.

248 2533 1862 71 … United States code annotated. [Cumulative pamphlet
116 2615 375 67 supplement.
624 2633 47 34 No.
696 2616 49 64 2,
770 2614 190 67 April,
988 2617 150 63 1929]
1221 2613 352 69 Containing
1598 2618 116 48 acts
1739 2613 63 52 of
1828 2632 31 34 a
1884 2615 228 64 general

117 2694 111 51 and
263 2699 334 62 permanent
629 2699 221 53 nature,
885 2693 128 52 70th
1054 2691 298 70 Congress,
1385 2692 201 52 second
1622 2692 225 66 session,
115 2693 1973 132 December

243 2775 49 64 3,
323 2775 151 62 1928,
503 2778 57 46 to
592 2772 200 52 March
824 2775 49 63 4,
907 2775 150 49 1929.
1089 2772 137 52 with
1261 2771 364 52 annotations
1655 2771 332 68 construing
2016 2771 96 52 the

115 2849 1697 69 laws … [St. Paul, Minn., West publishing co., 1929]
182 2933 86 41 290
292 2945 43 37 p.
394 2933 147 41 23½ᶜᵐ.

118 2986 51 52 ©
200 2992 114 46 May
341 2990 68 48 10,
439 2990 114 40 1929;
610 2991 67 40 2c.
707 2991 96 39 and
833 2990 81 40 aff.
945 2991 126 39 June
1099 2989 58 40 10;
1213 2990 41 38 A
1282 2988 140 43 8605;
1454 2989 135 40 West
1618 2989 108 47 pub.
1757 2999 81 36 co.,
1873 2988 67 40 St.
1969 2988 136 46 Paul,

186 3049 96 39 and
309 3048 213 39 Edward
548 3048 289 48 Thompson,
866 3047 282 48 Northport,
1178 3047 51 40 L.
1258 3047 51 46 I.,
1338 3047 57 40 N.
1424 3047 53 39 Y.

117 3128 129 53 Van
279 3129 288 63 Blarcom,
603 3129 253 63 Carolyn
892 3129 247 53 Conant.

113 3203 1971 134 … Building the baby; the foundation for robust and efficient
298 3283 1749 68 men and women, by Carolyn Conant Van Blarcom …
112 3362 324 54 illustrated
477 3363 75 67 by
592 3363 265 68 Dorothy
900 3362 169 66 Hope
1115 3361 205 55 Smith.
1406 3360 287 68 [Chicago]
1743 3361 120 52 The
1905 3360 203 53 Public

112 3439 1359 70 service office of the Chicago tribune [ ᶜ19 29]
182 3523 85 40 144
295 3534 43 37 p.
368 3524 110 40 incl.
508 3524 142 47 illus.,
682 3524 168 46 diagr.,
878 3524 170 40 forms.
1108 3524 146 39 23½ᶜᵐ.

116 3575 52 53 ©
194 3581 78 39 May
332 3580 59 40 16,
485 3581 56 39 1929;
593 3581 67 40 2c.
687 3581 96 39 and
808 3580 82 41 aff.
917 3582 113 38 May
1056 3579 53 40 31;
1167 3579 40 39 A
1233 3576 140 44 9380;
1402 3577 213 41 Tribune
1640 3590 82 36 co.,
1751 3578 222 42 Chicago.

193 3637 279 49 (29-12209)

117 3716 350 65 Vartanian,
503 3718 314 52 Parounak
854 3717 216 55 Hatch.

183 3794 120 52 The
332 3795 110 51 law
470 3794 64 54 of
561 3795 393 64 corporations
983 3795 59 52 in
1073 3793 249 66 Georgia
1363 3792 57 65 (a
1451 3793 331 69 handbook)
1821 3794 77 68 by
1928 3795 65 51 P.
2025 3794 77 52 H.

117 3870 1985 69 Vartanian … Charlottesville, Va., The Michie company.
116 3951 150 51 1929.
