2542 4389
1040 4041 101 53 837

91 400 205 64 Duffie,
332 401 130 51 Don
499 400 312 65 Hastings,
854 406 171 50 1880-

160 493 56 52 A
245 493 147 53 book
426 493 94 52 for
551 511 64 35 us
647 493 273 55 diabetics
952 496 112 52 and
1099 513 102 34 our
1233 495 243 67 doctors,
1507 495 75 68 by
1611 495 132 51 Don
1772 494 78 55 H.
1884 493 198 69 Duffie,

89 588 67 38 M.
186 589 47 34 D.
312 571 182 55 South
524 572 325 66 Lancaster,
878 572 191 64 Mass.,
1100 573 121 52 The
1252 573 223 67 author,
1506 575 149 51 1929.

155 664 1348 51 1 p. l., 5-120, [2] p. illus., diagrs. 20 ᶜᵐ . $1.50
157 736 181 41 “Third
367 735 227 41 edition.”

158 792 189 40 “Books
371 791 81 40 for
475 791 82 40 the
581 791 203 47 patient,
812 791 317 48 incidentally
1156 792 78 40 for
1262 793 80 39 the
1370 791 194 41 doctor”:
1622 803 42 37 p.
1692 792 143 40 84-85;
1894 793 186 40 “Books

87 848 79 40 for
192 847 82 41 the
299 847 206 39 medical
533 847 286 48 profession,
850 849 84 39 but
962 851 83 37 not
1072 848 78 40 for
1180 847 79 41 the
1288 847 216 49 patient”:
1565 859 41 37 p.
1635 848 68 40 85.

89 913 51 52 ©
167 917 115 47 May
306 917 69 47 21,
402 915 114 40 1920;
570 917 68 39 2c.
664 918 114 46 May
803 917 56 39 25;
915 917 83 41 aff.
1025 918 77 39 May
1164 918 47 39 31;
1275 918 40 38 A
1341 916 113 40 9419;
1512 917 57 41 D.
1597 919 58 39 H.
1684 918 168 47 Duffie,
1882 919 196 40 Central

155 974 145 47 Lake,
327 973 145 41 Mich.
535 973 280 49 (29-12453)

89 1084 251 63 Durant,
370 1082 255 54 William
655 1083 220 65 James,
910 1089 171 49 1885-

160 1177 121 52 The
320 1177 288 52 mansions
645 1177 65 52 of
749 1177 374 68 philosophy;
1165 1197 31 32 a
1236 1196 204 50 survey
1478 1178 63 52 of
1577 1179 209 51 human
1829 1176 105 54 life
1972 1177 112 52 and

89 1254 1994 70 destiny, by Will Durant … New York, Simon and Schuster.
87 1336 149 50 1929.

157 1425 464 48 xix, 704 p. 24 ᶜᵐ .
160 1495 440 48 “Bibliographical
629 1495 143 48 guide
804 1499 46 37 to
880 1496 209 41 editions
1119 1497 145 39 used”:
1325 1508 42 36 p.
1396 1497 215 40 674-680.

89 1563 53 52 ©
172 1568 114 47 May
314 1567 70 49 29,
414 1567 140 47 1929;
585 1568 69 40 2c.
684 1569 95 38 and
810 1568 82 40 aff.
924 1569 126 39 June
1079 1569 53 46 4;
1166 1569 41 38 A
1236 1568 141 47 8496;
1410 1569 72 41 W.
1514 1569 206 48 Durant,
1755 1569 147 40 Great
1935 1569 144 46 Neck,

154 1625 57 41 N.
236 1625 53 40 Y.
352 1624 280 49 (29-12414)

88 1721 400 62 Entrammes,
524 1719 253 64 Jacques
814 1721 35 52 d’.

219 1811 1862 69 … La chasse à l’oiseau d’or, roman. Paris, J. Tallandier
91 1891 193 65 [ ᶜ19 29 ]
156 1982 342 50 255 p. 19 ᶜᵐ .
89 2051 1775 53 © Jan. 24, 1929; 1c. Mar. 8; A— Foreign 2278; Jules Tallandier.
168 2112 281 50 (29-12525)

95 2207 306 69 [Fontaine
433 2208 69 51 de
532 2207 351 64 Bonnerive,
915 2208 261 63 Georges
1206 2207 187 53 Marie
1423 2207 219 64 Joseph
1673 2207 204 69 Henri]
1915 2213 169 49 1855-

217 2299 1639 69 … Un mensonge, roman. Paris, J. Tallandier [ ᶜ19 29]
154 2396 766 49 2 p. l., [7]-251 p., 1 l. 19 ᶜᵐ .
155 2465 231 40 Author’s
417 2467 178 47 pseud.,
627 2465 210 48 Georges
865 2467 57 38 de
953 2466 108 47 Lys,
1092 2467 52 38 at
1174 2467 123 38 head
1328 2466 52 40 of
1409 2466 122 40 title.

89 2531 51 53 ©
168 2536 109 40 Jan.
303 2536 70 47 31,
399 2536 117 40 1929;
568 2538 66 38 3c.
662 2537 121 39 Mar.
812 2536 53 46 8;
893 2536 312 47 A—Foreign
1231 2536 107 40 2281;
1402 2537 137 39 Jules
1567 2537 295 40 Tallandier.

167 2592 281 50 (29-12477)

92 2687 199 64 Foote,
322 2688 252 53 Edward
607 2689 228 65 Milton,
869 2695 171 49 1866-

161 2781 323 68 Principles
526 2783 112 52 and
680 2784 249 66 practice
971 2782 62 54 of
1074 2783 186 52 minor
1300 2800 264 50 surgery;
1609 2801 30 34 a
1680 2781 270 53 textbook
1990 2779 93 53 for

92 2859 1991 71 students and practitioners, by Edward Milton Foote … and
91 2936 1992 72 Edward Meakin Livingston … 6th ed., illustrated by four
93 3015 261 53 hundred
393 3017 113 52 and
545 3021 214 64 twenty
798 3017 346 67 engravings
1184 3014 203 71 chiefly
1427 3015 151 52 from
1616 3015 247 69 original
96 3016 1963 146 drawings

252 3095 112 52 and
395 3095 410 68 photographs.
881 3095 137 51 New
1053 3094 178 69 York,
1260 3094 257 68 London,
1548 3094 71 54 D.
1646 3094 296 67 Appleton
1973 3092 110 54 and

91 3190 296 51 company,
419 3175 147 51 1929.

158 3253 64 46 xl,
255 3253 85 41 787
371 3263 44 38 p.
475 3253 129 41 illus.
662 3253 149 41 25½ᶜᵐ.

161 3308 193 40 Earlier
380 3308 208 41 editions
617 3309 254 48 published
904 3310 152 39 under
1087 3309 107 40 title:
1253 3308 39 39 A
1324 3309 246 39 text-book
1600 3308 51 40 of
1679 3309 158 38 minor
1866 3319 217 38 surgery.

92 3371 51 53 ©
170 3378 114 47 May
307 3378 69 47 31,
403 3377 114 40 1929;
569 3378 67 40 2c.
663 3379 93 38 and
784 3378 82 40 aff.
893 3379 126 39 June
1044 3378 26 39 3;
1125 3377 41 39 A
1190 3378 113 40 9455;
1361 3377 57 41 D.
1445 3378 237 47 Appleton
1708 3378 36 40 &
1771 3389 66 29 co.

169 3433 279 48 (29-12456)

94 3527 284 66 Gardner,
418 3529 187 55 Anne.

165 3621 370 69 Deputation,
564 3642 30 33 a
626 3628 157 63 story
815 3623 63 53 of
909 3623 173 67 April
1112 3623 155 67 Low,
1297 3622 207 53 known
1535 3642 60 34 as
1658 3623 95 53 “the
1784 3621 301 53 wickedest

96 3717 220 34 woman
347 3699 60 53 in
439 3700 399 69 Hollywood”,
871 3702 75 68 by
977 3701 167 52 Anne
1176 3699 279 55 Gardner.
1531 3700 129 52 New
1703 3700 180 70 York,
1915 3702 72 52 A.
2019 3701 64 51 L.

97 3777 680 70 Burt company [ ᶜ19 29]
158 3857 87 41 350
270 3868 44 38 p.
373 3857 145 42 19½ᶜᵐ.

97 3923 51 53 ©
175 3929 126 39 June
326 3929 39 47 1,
391 3929 113 40 1929;
557 3930 67 40 2c.
651 3930 126 39 June
804 3929 51 48 6;
884 3929 82 41 aff.
993 3930 126 40 June
1144 3931 28 38 7;
1227 3929 40 39 A
1292 3927 113 41 9533;
1462 3929 54 40 A.
1543 3930 51 40 L.
1621 3931 125 39 Burt
1771 3941 68 31 co.

174 3985 280 50 (29-12486)
