2547 4384
1330 4025 103 55 764

385 370 269 68 [Hamon,
693 367 200 68 Louis]

450 442 1595 72 Cheiro’s year book for 1929. By Cheiro [pseud.] …
376 442 1982 136 Astronomical
647 527 45 49 &
717 523 366 69 astrological
1108 522 422 68 computations
1553 522 77 68 by
1654 522 68 51 R.
1741 521 78 52 H.
1838 522 65 51 T.
1924 521 236 69 Naylor.

377 521 1984 138 London,
526 603 188 52 North
734 601 366 69 Hollywood,
1120 600 196 67 Calif.,
1334 601 123 52 The
1476 600 245 53 London
1746 599 338 69 publishing
2106 617 282 51 company

383 684 171 64 [1929]

485 761 928 51 x, 208 p. front. (port.) illus. 20 ᶜᵐ .
378 817 2004 52 © 1c. Apr 6, 1929; A ad int. 12722; pubd. Mar. 28; London pub. co, inc.,
446 878 213 39 London.
731 876 282 49 (29-12724)

378 957 205 64 Hilles,
613 957 238 54 Samuel
882 957 111 64 Eli,
1026 962 173 50 1854-

446 1035 334 53 Memorials
847 1034 64 53 of
963 1036 95 52 the
1110 1035 190 53 Hilles
1370 1034 227 69 family,
1663 1052 155 35 more
1872 1034 382 70 particularly
2322 1033 66 54 of

379 1112 231 55 Samuel
647 1114 114 52 and
797 1114 299 68 Margaret
1131 1113 131 52 Hill
1297 1113 191 53 Hilles
1525 1112 65 53 of
1624 1112 406 70 Wilmington,
2068 1112 319 68 Delaware,

377 1190 142 53 with
557 1209 151 35 some
751 1196 238 48 account
1029 1190 64 53 of
1131 1191 152 52 their
1323 1197 262 63 ancestry
1627 1191 114 52 and
1783 1208 150 36 some
1975 1191 136 52 data
2152 1195 102 48 not
378 1191 1983 131 before

530 1269 307 68 published;
894 1271 120 51 also
1040 1270 280 52 extended
1348 1268 316 54 references
1691 1274 58 48 to
1778 1269 98 53 the
1901 1268 109 53 life
2037 1268 64 53 of
2129 1268 257 54 Richard

376 1347 190 53 Hilles
608 1366 66 33 or
715 1347 179 68 Hills,
937 1347 290 68 principal
1275 1346 248 54 founder
1569 1346 65 54 of
1677 1347 96 53 the
1820 1346 304 54 Merchant
2167 1352 220 48 taylors

376 1425 192 53 school
598 1425 59 52 in
684 1425 262 67 London,
978 1428 150 49 1561.
1195 1426 121 52 The
1348 1424 195 54 friend
1572 1424 65 54 of
1665 1425 169 53 Miles
1866 1424 334 69 Coverdale,
2231 1425 158 54 John

381 1502 226 69 Calvin,
660 1503 368 68 Archbishop
1086 1502 296 68 Cranmer,
1437 1503 221 68 Bishop
1715 1503 239 68 Hooper
2009 1504 115 52 and
2178 1504 209 68 others,

376 1581 330 68 prominent
734 1581 61 52 in
822 1582 96 52 the
948 1583 159 67 early
1136 1582 141 68 days
1308 1580 64 54 of
1401 1582 97 53 the
1526 1580 398 68 reformation,
1953 1583 263 67 together
2247 1583 140 52 with

377 1678 31 33 a
439 1659 255 53 hitherto
725 1659 387 68 unpublished
1144 1667 200 45 sonnet
1377 1661 114 52 and
1523 1659 253 69 portrait
1806 1659 65 54 of
1902 1660 159 54 John
2093 1659 69 56 G.
376 1660 1988 130 Whittier

574 1736 1028 69 … Cincinnati, S. E. Hilles, 1928.
445 1818 1941 51 xxi, [7]-96, 96a-c, [97]-182, 182a-b, [183]-239 p. front. illus., plates,
377 1876 1420 49 ports. (1 mounted) facsims., coats of arms. 23½ ᶜᵐ .
449 1933 146 40 “This
625 1933 42 40 is
696 1944 76 29 no.
802 1933 99 40 16.”

379 1987 52 52 ©
458 1993 114 47 Apr.
600 1992 69 47 13,
696 1991 142 48 1929;
867 1992 66 39 2c.
960 1992 116 47 May
1101 1992 82 45 11;
1212 1991 83 40 aff.
1323 1992 114 46 May
1464 1991 53 47 2;
1546 1993 41 38 A
1612 1991 141 47 9047;
1785 1991 45 41 S.
1859 1992 53 40 E.
1940 1992 173 41 Hilles.

457 2048 282 49 (29-11165)

378 2129 295 64 Idelsohn,
704 2129 309 52 Abraham
1044 2129 157 64 Zebi,
1234 2134 171 50 1882-

448 2206 218 54 Jewish
700 2206 181 53 music
918 2207 60 52 in
1014 2206 73 53 its
1124 2206 296 53 historical
1460 2207 415 68 development,
1912 2207 75 69 by
2025 2207 71 53 A.
2136 2209 58 51 Z.
377 2208 1985 129 Idelsohn

609 2283 1377 71 … New York, H. Holt and company [ ᶜ1 929 ]
447 2364 1378 51 xi p., 2 l., 3-535 p. illus. (facsims.. music) 24 ᶜᵐ .
449 2423 235 41 Contains
725 2423 395 49 bibliographies.

717 2482 145 47 CONTENTS.—pt.
895 2487 32 34 I.
960 2481 101 39 The
1094 2491 119 37 song
1245 2481 52 39 of
1331 2482 82 39 the
1446 2483 426 48 synagogue.—pt.
1906 2489 54 33 II.
1995 2483 276 48 Folk-song.

379 2535 1849 52 © May 7, 1929; 2c. and aff. May 11; A 9056; Henry Holt & co., inc.
457 2595 283 49 (29-11527)

378 2676 256 54 Kansas.
710 2679 278 68 Supreme
1025 2685 175 47 court.

445 2755 247 68 Reports
715 2755 65 53 of
802 2773 150 35 cases
976 2756 213 67 argued
1214 2756 114 52 and
1350 2756 354 52 determined
1727 2756 61 52 in
1810 2757 95 52 the
1927 2755 279 70 Supreme
2228 2761 162 49 court

376 2832 2006 72 of the state of Kansas … Earl H. Hatcher, official reporter.
418 2955 9 8 v.
462 2914 116 55 126,
610 2912 176 67 April
818 2914 84 65 20,
937 2914 133 50 1928,
1120 2917 59 47 to
1211 2912 321 53 November
1563 2916 48 64 3,
1647 2916 149 50 1928.
1874 2914 251 68 Topeka,
2158 2915 228 53 Kansas

375 2995 145 47 state
550 2990 266 70 printing
844 2992 183 67 plant,
1060 2993 150 50 1929.

444 3072 504 48 xxxii, 847 p. 23 ᶜᵐ .
379 3125 52 52 ©
457 3130 115 47 Apr.
598 3129 69 47 25,
694 3129 119 40 1929;
865 3130 67 40 2c.
960 3130 115 47 May
1101 3130 55 39 15;
1211 3129 84 41 aff.
1321 3130 127 40 June
1474 3131 55 39 15;
1583 3131 41 39 A
1649 3130 114 42 8723;
1820 3132 117 39 Earl
1962 3132 61 40 H.
2051 3133 233 46 Hatcher,

446 3143 1917 91 reporter
639 3186 80 40 for
748 3187 81 39 the
859 3185 177 41 benefit
1064 3186 51 40 of
1144 3187 84 40 the
1256 3189 129 38 state
1415 3187 53 40 of
1494 3188 212 40 Kansas.

377 3252 328 64 Kenngott,
740 3252 232 64 Alfred,
1007 3255 172 53 1878-

449 3329 345 69 Kenngott’s
828 3329 206 68 pocket
1063 3330 342 70 dictionary,
1441 3331 600 71 Esperanto-English
2077 3335 114 52 and
375 3336 1983 139 English-Esperanto.

932 3407 1449 73 Rockford, Ill. , Amerika Esperanto-instituto
457 3488 118 64 [ ᶜ1 929]
446 3566 308 49 80 p. 15 ᶜᵐ .
379 3620 1997 56 © Apr. 15, 1929; 2c. and aff. Apr. 27; A 6826; A. Kenngott, Austin, Tex.
458 3680 282 50 (29-11381)

378 3747 196 65 Kilby,
605 3748 235 54 Clinton
869 3749 233 63 Maury,
1135 3750 170 53 1874-

445 3825 1870 75 Introduction to college physics, by Clinton Maury Kilby …
376 3901 140 53 New
545 3902 180 68 York,
754 3902 72 53 D.
914 3922 73 33 Van
1018 3904 291 53 Nostrand
1340 3922 298 50 company,
1668 3906 126 67 inc.,
1827 3910 149 48 1929.
