2542 4389
1045 4039 133 49 1399

199 456 304 50 x, 284 p. 20 ᶜᵐ.
98 511 51 53 ©
178 515 120 48 Aug.
327 515 69 47 12,
425 513 140 46 1929;
596 513 67 41 2c.
696 513 127 47 Sept.
853 514 53 45 4;
938 512 82 40 aff.
1049 512 119 47 Aug.
1199 511 82 46 30;
1312 511 43 38 A
1383 510 143 40 13045;
1587 509 283 47 University
1900 508 53 40 of
165 509 1908 111 Chicago,
326 570 222 48 Chicago.
617 569 280 47 (29-18316)

89 665 239 52 Illinois.
404 665 183 68 Laws,
615 669 258 64 statutes,
902 670 100 47 etc.

161 744 367 68 Callaghan’s
573 741 228 53 Illinois
848 745 238 49 statutes
1135 740 323 54 annotated.
1539 742 130 49 1929
1717 739 379 67 supplement,

92 821 334 67 containing
463 821 94 51 the
599 819 327 68 legislation
969 820 249 66 adopted
1260 825 58 46 at
1358 818 96 52 the
1494 817 322 69 legislative
1857 815 240 55 sessions

93 900 153 52 from
287 902 131 50 1925
457 903 58 48 to
554 901 151 64 1929,
744 898 293 66 inclusive,
1076 898 113 51 and
1226 897 468 68 supplementary
1732 894 365 53 annotations

92 979 168 51 down
294 984 59 46 to
390 979 103 48 334
525 974 247 69 Illinois,
807 993 146 49 page
991 977 119 65 650,
1147 975 112 51 and
1294 977 102 49 252
1431 973 329 67 Appellate,
1795 991 147 50 page
1979 975 119 64 634,

90 1055 290 53 inclusive.
459 1053 197 67 Comp.
692 1054 45 49 &
772 1053 83 51 ed.
891 1052 76 68 by
1003 1052 162 51 Basil
1198 1052 192 53 Jones.
1469 1050 268 69 Chicago,
1775 1051 322 68 Callaghan

91 1134 112 52 and
232 1149 299 50 company,
557 1133 151 49 1929.

165 1211 561 48 2 p. l., 1244 p. 27ᶜᵐ.
99 1265 51 52 ©
183 1269 128 48 Sept.
340 1269 68 46 18,
439 1267 138 42 1929;
609 1268 68 39 2c.
707 1268 96 38 and
834 1266 81 40 aff.
948 1267 128 47 Sept.
1104 1267 83 45 21;
1219 1266 42 39 A
1293 1266 167 46 13518;
1496 1265 269 49 Callaghan
1794 1266 37 40 &
1859 1278 68 28 co.

96 1379 175 63 Judy,
301 1377 185 52 Helen
516 1375 328 65 Elizabeth,
877 1381 169 49 1892-

163 1456 222 52 Trencls
413 1456 113 51 and
551 1455 170 51 needs
751 1455 58 51 in
838 1455 164 50 home
1030 1459 425 62 management;
1487 1472 72 33 an
1588 1455 310 68 analytical
1925 1457 171 66 study

93 1533 65 53 of
187 1535 164 51 home
380 1538 398 62 management
808 1531 55 53 in
896 1532 206 67 higher
1134 1532 375 68 institutions,
1540 1532 57 51 in
1631 1533 166 51 order
1828 1538 58 46 to
92 1552 1982 112 ascertain

263 1612 196 51 trends
507 1611 112 51 and
668 1616 59 46 to
778 1610 310 52 formulate
1137 1610 251 68 policies,
1434 1611 76 68 by
1558 1612 185 52 Helen
1795 1611 301 53 Elizabeth

92 1688 1981 149 Judy … New York city, Teachers college, Columbia university, 1929.
166 1849 100 47 viii,
295 1849 85 40 128
409 1859 43 37 p.
481 1849 109 40 incl.
621 1859 125 37 map,
775 1848 143 40 form.
978 1848 147 40 23½ᶜᵐ.
1196 1848 266 48 (Teachers
1492 1849 191 47 college,
1714 1849 253 40 Columbia
95 1849 1984 103 university.
356 1905 367 41 Contributions
753 1907 48 37 to

830 1905 274 46 education,
1135 1915 75 30 no.
1238 1905 111 46 365)

166 1963 263 39 Published
462 1963 103 39 also
596 1973 55 29 as
685 1961 153 40 thesis
879 1961 108 48 (PH.
1055 1962 33 46 D.)
1131 1962 249 40 Columbia
1418 1962 285 48 university.

168 2020 304 40 “Textbooks
504 2019 117 39 used
650 2019 80 39 for
762 2019 133 38 work
928 2018 50 39 in
1010 2020 139 38 home
1181 2019 368 44 management”
1569 2031 9 27 :
1612 2031 41 37 p.
1685 2021 54 37 41
1758 2031 9 29 :
1805 2020 294 40 “Reference

97 2077 147 39 books
276 2078 116 38 used
425 2076 46 39 in
505 2077 138 39 home
675 2078 339 44 management
1049 2075 252 41 courses”:
1336 2087 43 37 p.
1411 2077 159 45 42-44,
1603 2077 99 41 128.

102 2129 51 53 ©
185 2135 117 47 July
331 2135 68 46 17,
432 2133 140 46 1929;
607 2133 67 40 2c.
708 2133 129 47 Sept.
869 2133 52 45 5;
957 2131 82 41 aff.
1076 2132 128 48 Sept.
1237 2133 81 42 10;
1352 2134 40 38 A
1425 2134 143 40 13277;
1630 2135 241 39 Teachers
1905 2135 191 47 college.

170 2190 252 42 Columbia
450 2190 130 40 univ.
647 2189 281 49 (29-19333)

94 2278 254 52 Kansas.
423 2279 277 67 Supreme
732 2285 175 47 court.

164 2357 1935 67 Reports of cases argued and determined … Earl H.
95 2435 275 54 Hatcher,
399 2433 199 54 official
625 2438 273 62 reporter,
962 2454 49 32 v.
1044 2435 115 53 127.
1223 2435 309 52 December
1560 2440 47 64 8,
1636 2440 152 64 1928,
1813 2444 59 46 to
1898 2437 202 51 March

98 2517 80 55 12,
226 2517 149 48 1929.
451 2513 252 67 Topeka,
747 2513 243 52 Printed
1034 2514 34 51 by
1154 2512 225 53 Kansas
1420 2517 146 50 state
1610 2515 264 68 printing
1919 2518 181 56 plant,

98 2595 149 50 1929.

170 2670 476 49 xxxiv, 911 p. 23 ᶜᵐ.
104 2724 51 52 ©
186 2729 116 46 July
328 2728 69 43 23,
427 2727 113 40 1929;
597 2728 66 39 2c.
696 2727 113 47 Sept.
853 2728 59 38 25;
968 2727 82 41 aff.
1083 2727 128 48 Sept.
1242 2728 57 38 19;
1355 2729 37 38 A
1426 2729 134 39 13601;
1628 2731 113 38 Earl
1826 2766 7 5 H.
1868 2732 229 44 Hatcher,

171 2787 232 45 reporter,
430 2784 80 39 for
540 2785 83 39 the
646 2785 177 39 benefit
853 2785 50 38 of
933 2785 82 38 the
1043 2787 129 37 state
1200 2786 51 38 of
1280 2786 209 42 Kansas,
1519 2787 208 47 Topeka.

101 2863 352 63 Kavanagh,
484 2864 238 52 Marcus
752 2864 52 51 A
1097 2869 168 49 1859-

166 2941 1931 75 You be the judge, by Marcus Kavanagh … Chicago, New
97 3018 1093 68 York, The Reilly & Lee co. [ ᶜ1 929 ]
168 3099 267 48 316 p. 21 ᶜᵐ.
170 3157 254 39 Half-title
442 3167 9 29 :
498 3157 103 39 You
646 3157 56 39 be
748 3157 82 40 the
874 3157 148 48 judge;
1098 3158 242 40 dramatic
1385 3159 278 41 narratives
1711 3162 52 39 of
1809 3173 130 31 some
1985 3165 114 49 high

101 3213 124 48 light
253 3223 136 30 cases
417 3213 200 39 decided
646 3213 177 48 during
850 3213 56 40 33
935 3223 144 37 years
1109 3224 59 29 on
1199 3215 81 39 the
1312 3214 231 48 Superior
1572 3217 165 40 bench.

173 3269 1929 49 “This book contains twenty-six stories of criminal cases … The
102 3327 163 39 actual
299 3326 241 40 decisions
572 3326 52 40 of
657 3326 83 40 the
775 3329 139 37 court
947 3326 49 39 in
1031 3327 82 39 the
1146 3326 107 40 first
1288 3327 297 47 twenty-five
1619 3340 136 31 cases
1790 3342 83 30 are
1908 3333 193 47 printed

101 3382 1568 50 on sealed pages [313-316] in the back of the book.”— p. 1 .
173 3439 161 40 Blank
358 3439 105 40 leaf
488 3442 52 37 at
566 3440 92 38 end
685 3439 51 39 of
763 3439 117 39 each
910 3449 109 30 case
1049 3442 170 44 except
1250 3440 81 39 the
1359 3440 98 40 last
1484 3440 81 40 for
1593 3442 109 48 “My
1732 3444 257 42 decision”.

108 3492 51 52 ©
193 3497 127 47 Sept.
349 3497 69 42 16,
446 3497 141 42 1929;
619 3497 67 40 2c.
719 3497 127 47 Sept.
877 3497 81 44 19;
992 3496 81 40 aff.
1106 3497 129 46 Sept.
1266 3497 58 39 18;
1381 3498 40 38 A
1449 3499 171 47 13434;
1652 3501 160 41 Reilly
1842 3507 36 39 &
1908 3504 92 38 Lee
2032 3515 66 29 co.
183 3553 280 48 (29-19235)

107 3632 379 64 Klingsberg,
518 3633 201 62 Harry
748 3633 78 55 M.

172 3709 130 68 Gay
327 3714 212 48 retreat
576 3709 220 68 (poems
824 3709 94 52 for
946 3710 95 52 the
1070 3711 269 68 evening)
1401 3712 93 69 [by]
1528 3714 200 71 Harry
1756 3719 80 51 M.
102 3719 1976 136 Klingsberg.

319 3787 428 68 Philadelphia,
775 3787 64 52 L.
869 3788 77 52 H.
976 3787 151 69 Kay,
1158 3791 150 50 1929.

175 3869 56 40 77
261 3879 43 37 p.
364 3868 145 40 20½ᶜᵐ.

111 3921 51 53 ©
188 3927 119 46 Aug.
331 3926 68 43 21,
426 3926 139 46 1929;
591 3927 68 39 2c.
686 3927 94 38 and
806 3925 82 41 aff.
915 3926 118 47 Aug.
1058 3926 81 46 22;
1170 3927 40 39 A
1236 3928 169 46 13048;
1433 3931 60 40 H.
1521 3933 62 39 M.
1610 3933 304 50 Klingsberg,
180 3937 1900 94 Philadelphia.
457 3982 279 49 (29-18361)
