2533 4342
1336 3972 135 46 1672

404 322 314 65 Townend,
745 322 276 66 William,
1054 328 172 50 1881-

402 400 1983 149 Once to Tiger Bay, by W. Townend … New York, I. Washburn, 1929.
469 561 369 48 306 p. 19½ ᶜᵐ .
406 629 52 52 ©
494 633 102 41 Oct.
630 634 41 47 4,
706 633 114 40 1929;
883 633 68 41 2c.
986 634 98 38 and
1118 631 54 41 aff.
1239 632 102 40 Oct.
1376 633 27 40 7;
1467 632 42 40 A
1543 632 146 40 12833;
1753 633 72 41 W.
1862 633 259 49 Townend,
474 633 1913 104 Crowborough,

648 689 193 42 Sussex,
874 690 236 47 England.
1180 688 281 49 (29-21205)

398 799 222 53 United
651 799 203 55 States
886 799 266 55 Catholic
1183 798 308 54 historical
1522 799 245 64 society.

533 877 1876 71 … Historical records and studies. Thomas F. Meehan,
401 957 184 69 Percy
638 958 55 53 J.
750 957 179 68 King,
981 957 205 69 Henry
1240 956 238 65 Kidder,
1529 956 225 69 editing
1806 956 320 53 committee.
2258 1000 10 9 v.
2325 959 80 50 19.

403 1035 349 69 September,
807 1038 150 50 1929.
1035 1035 139 53 New
1225 1035 179 56 York.
1457 1035 121 53 The
1630 1035 220 54 United
1904 1034 188 57 States
2146 1034 263 56 Catholic

398 1114 297 54 historical
727 1114 228 68 society,
990 1116 150 50 1929.

472 1194 824 50 139 p. illus., fold. pl. 24 ᶜᵐ .
407 1263 52 52 ©
488 1266 103 41 Oct.
617 1267 69 47 25,
715 1266 140 47 1929;
886 1266 67 40 2c.
982 1265 105 41 Oct.
1114 1266 82 46 25;
1227 1265 81 40 aff.
1340 1265 103 41 Oct.
1468 1265 85 46 29;
1583 1266 40 39 A
1653 1265 171 47 15710;
1856 1265 181 41 United
2069 1265 162 42 States
475 1266 1913 97 Catholic
593 1322 257 41 historical
877 1333 94 30 soc.

403 1434 72 54 U.
506 1434 58 55 S.
638 1436 190 51 Naval
857 1436 290 68 academy,
1177 1434 341 68 Annapolis.
1592 1435 159 68 Dept.
1802 1435 63 68 of
1894 1435 369 67 engineering
2295 1434 116 54 and

475 1514 371 53 aeronautics.

474 1591 226 54 Marine
743 1592 114 53 and
899 1591 173 52 naval
1112 1592 227 67 boilers,
1380 1592 286 67 prepared
1708 1594 59 49 at
1806 1592 97 51 the
1943 1595 223 63 request
2207 1589 64 53 of

2312 1590 99 52 the
403 1670 146 53 head
578 1670 64 53 of
670 1670 96 53 the
795 1670 383 68 Department
1206 1669 64 54 of
1298 1669 372 69 engineering
1699 1670 114 52 and
1842 1668 373 69 aeronautics,
2244 1668 73 53 U.
2352 1666 57 56 S.

403 1748 188 53 Naval
630 1749 285 67 academy.
992 1747 343 70 Annapolis,
1373 1748 140 68 Md.,
1551 1746 220 55 United
1810 1746 190 55 States
2036 1746 172 53 naval
404 1745 1981 150 institute,
573 1830 149 50 1929.

474 1906 1439 52 [194] p. incl. illus., tables, diagr. fold. plates. 24 ᶜᵐ .
470 1982 136 39 Each
634 1981 204 47 chapter
866 1980 157 49 paged
1053 1979 292 49 separately.

474 2037 146 41 “This
651 2038 124 39 book
805 2038 90 39 has
924 2037 120 40 been
1075 2036 237 48 compiled
1343 2037 59 46 by
1433 2036 186 40 officers
1650 2034 53 42 of
1732 2036 82 40 the
1846 2036 322 47 Department
2198 2034 53 41 of
400 2033 1992 109 engineering

634 2096 96 39 and
766 2094 325 48 aeronautics,
1129 2093 180 42 United
1347 2094 164 40 States
1543 2093 149 40 naval
1728 2092 276 49 academy.”

408 2164 51 52 ©
493 2168 130 48 Sept.
653 2167 68 43 13,
754 2167 116 40 1929;
928 2167 68 41 2c.
1031 2166 128 48 Sept.
1190 2167 56 39 27;
1307 2166 82 39 aff.
1425 2166 127 47 Sept.
1584 2165 59 40 26;
1701 2166 42 38 A
1773 2164 148 41 12609;
1979 2166 56 39 U.
2071 2164 45 41 S.
2148 2165 158 39 Naval
475 2165 1914 100 institute.
728 2223 281 49 (29-21373)]

398 2318 129 55 Van
557 2319 188 64 Dyke,
773 2319 226 63 Henry,
1033 2324 168 49 1852-

466 2397 122 53 The
636 2416 134 34 man
819 2396 216 53 behind
1085 2397 96 52 the
1229 2396 176 53 book:
1459 2414 187 50 essays
1698 2396 60 51 in
1808 2395 476 68 understanding,
2335 2394 76 70 by

395 2472 2015 74 Henry Van Dyke … New York, London, C. Scribner’s sons,
395 2559 150 50 1929.

465 2637 1093 50 xi p., 3 l., 3-357 p. front., ports. 19½ ᶜᵐ .
406 2706 1999 53 © Sept. 20, 1929; 2c. Oct. 9; aff. Oct. 8; A 12866; Charles Scribner’s
473 2778 126 29 sons.
668 2766 281 48 (29-21279)

396 2861 274 64 Wallace,
702 2862 220 63 Edgar.

468 2941 121 52 The
617 2958 171 51 green
815 2940 204 52 ribbon.
1111 2940 163 68 chap.
1304 2943 47 65 6,
1378 2939 47 54 7.

480 3021 84 48 (In
602 3018 203 43 London
843 3018 151 43 News
1034 3017 55 44 of
1125 3017 86 44 the
1250 3017 180 50 world)

406 3086 1982 101 © 1c. Nov. 20, 1929; A ad int. 13254; pubd. Sept. 22; E. Wallace, London.
400 3243 264 64 Watson,
692 3242 203 54 James
924 3242 436 64 Fraughtman.

470 3321 171 52 Basic
670 3320 313 69 principles
1011 3320 65 53 of
1103 3320 300 53 education
1435 3322 113 52 and
1578 3319 328 68 expression;
1965 3338 32 34 a
2023 3319 150 53 book
2201 3319 93 52 for

403 3336 1979 131 religious
657 3399 265 68 workers,
970 3399 261 69 training
1276 3398 236 68 schools,
1559 3397 386 69 professional
1993 3398 114 53 and
2150 3397 257 53 business

402 3493 143 51 men,
588 3495 216 35 women
845 3477 113 52 and
1003 3477 275 52 children.
1353 3478 92 67 By
1485 3478 196 53 James
1723 3475 401 70 Fraughtman
2164 3476 243 54 Watson

464 3552 1943 72 … [Atlanta, Printed by Walter W. Brown publishing co.,
456 3636 119 64 ᶜ1929]

469 3713 861 50 4 p. l., 11-128 p. diagrs. 20ᶜᵐ.
471 3784 316 49 Advertising
810 3787 183 38 matter
1009 3796 10 29 :
1047 3795 45 39 p.
1118 3784 218 42 126-128.

409 3854 1993 52 © Sept. 16, 1929; 2c. and aff. Sept. 23; A 12499; J. F. Watson, Atlanta,
477 3915 86 39 Ga.
631 3913 279 48 (29-21278)
