2547 4384
1287 3975 134 52 1002

419 423 58 38 In
505 422 233 48 portfolio;
798 422 108 40 title
934 422 128 40 from
1092 431 154 32 cover.

421 477 1933 50 “Fifteen easy methods of applied decoration [by] Pedro J. Lemos”
358 535 50 48 (4
441 536 68 48 p.)

355 589 1801 53 © June 6, 1929; 2c. and aff. June 24; A 9900; Davis press, inc.
433 650 279 49 (20-14237)

350 754 80 54 Le
463 756 222 64 Rouge,
719 755 284 64 Gustave,
1040 756 170 53 1867-

479 828 1562 69 … L’astre d’épouvante … Paris, Larousse [ ᶜ19 28]
418 909 1938 52 1 p. l., [7]-254 p. 18½ᶜᵐ. (Contes et romans pour tous. [Série pour
347 970 70 39 les
441 968 209 48 grandes
677 978 262 37 personnes
977 966 205 49 (reliure
1208 965 136 48 beige
1370 968 48 37 et
1446 965 78 47 or)
1592 967 56 38 n°
1676 966 68 49 7])

354 1022 1982 108 © July 7, 1928; 1c. Jan. 18, 1929; A— Foreign 1509; Augé, Gillon, Hollier-Larousse,
819 1082 201 39 Moreau
1051 1080 36 41 &
1115 1080 85 41 cie.
1241 1079 266 50 (Librairie
1536 1080 267 50 Larousse)

351 1177 206 64 Ligon,
591 1178 219 51 Ernest
843 1175 296 64 Mayfield.

348 1251 2010 149 … A comparative study of certain incentives in the learning of the white rat, by Ernest Mayfield Ligon. Baltimore,
347 1407 1221 70 Md., The Johns Hopkins press [ ᶜ19 29 ]
349 1489 1991 107 cover-title, 95 p. incl. illus., tables, diagrs. 26½ ᶜᵐ. (Comparative psychology monographs, v. 6,
1090 1546 148 40 serial
1267 1556 75 31 no.
1372 1546 71 48 28,
1474 1547 140 48 June,
1646 1546 139 49 1929)

421 1603 349 41 “References”:
832 1614 43 37 p.
907 1603 157 40 72-75.

353 1657 1740 52 © June 19, 1929; 2c. June 22; aff. June 24; A 9875; Johns
2129 1661 225 47 Hopkins
419 1728 150 38 press.
636 1716 281 49 (29-14174)

354 1798 383 64 MacDonald,
777 1800 139 53 Mrs.
959 1796 229 54 Jessica
1229 1796 223 53 Nelson
1501 1796 259 66 (North)
1808 1799 85 54 ed.

421 1878 245 69 History
699 1876 65 55 of
795 1877 197 68 Alpha
1025 1878 154 51 delta
1213 1877 78 68 pi,
1324 1877 154 52 from
1510 1877 95 53 the
1638 1876 290 70 founding
1959 1877 65 54 of
2054 1878 96 52 the
352 1876 1981 149 Adelphean

585 1956 212 69 society
844 1956 60 51 in
955 1958 134 49 1851
1138 1961 60 47 at
1242 1955 304 68 Wesleyan
1595 1955 209 53 female
1853 1956 229 69 college,
2130 1954 226 68 Macon,

352 2034 267 69 Georgia,
659 2039 59 48 to
758 2034 96 52 the
896 2032 429 55 establishment
1366 2033 66 52 of
1470 2034 97 52 the
1606 2032 369 70 fifty-fourth
2015 2035 239 68 chapter
2293 2034 66 54 of

353 2114 94 52 the
475 2113 260 52 national
764 2111 398 70 organization
1192 2118 59 46 at
1279 2112 96 53 the
1404 2110 341 71 University
1773 2112 65 53 of
1869 2111 182 56 South
2085 2110 273 56 Carolina

354 2192 60 52 in
458 2193 152 66 1928,
651 2191 191 52 edited
885 2191 114 52 and
1039 2190 284 68 compiled
1364 2190 76 69 by
1481 2188 219 55 Jessica
1743 2189 189 54 North
1973 2190 386 68 MacDonald,

355 2266 2004 73 with a foreword by Eugenia Tucker Fitzgerald … Ames, la.,
355 2349 120 52 The
504 2348 230 53 Powers
765 2365 175 51 press,
971 2348 150 52 1929.

521 2427 1837 51 xxv, 394 p., 1 l. front., illus., plates (incl. music) ports., facsims.
347 2487 56 40 26½ᶜᵐ.

354 2540 1999 54 © June 24, 1929; 2c. June 27; aff. June 26; A 9931; Alpha delta pi
420 2601 224 47 sorority,
681 2600 158 47 Ames,
904 2610 42 30 Ia.
1020 2598 282 50 (29-14137)

351 2682 343 65 McGregor,
728 2682 170 53 Anne
931 2682 217 65 Laura,
1183 2687 171 50 1883-

422 2761 1873 70 The junior high school teacher, by A. Laura McGregor …
354 2840 232 54 Garden
617 2839 155 71 City,
799 2840 70 54 N.
899 2841 91 68 Y.,
1018 2840 359 70 Doubleday,
1405 2840 202 54 Doran
1635 2841 51 49 &
1716 2858 299 51 company,
2045 2841 128 67 inc.,
2205 2841 151 51 1929.

485 2920 1870 50 xv p., 1 l., 284 p. front., illus., plates, tables (part double) diagrs.
348 2978 54 40 21 ᶜᵐ.
422 3035 301 48 “Readings”
758 3039 51 37 at
840 3036 93 39 end
964 3035 52 40 of
1047 3035 120 40 each
1198 3035 202 47 chapter
1432 3037 171 46 except
1633 3036 203 47 chapter
1926 3068 8 8 IX.

355 3089 1997 52 © June 20, 1929; 2c. and aff. June 25; A 8934; Doubleday, Doran & co.,
422 3150 91 41 inc.
581 3150 280 48 (29-14132)

355 3230 288 63 Mariotti,
676 3230 168 55 Jean.

481 3306 1876 70 … Au fil des jours; tout est peut-être inutile, roman. Paris,
352 3385 715 68 E. Flammarion [ᶜ19 29]
421 3467 620 49 viii, [9]-296 p., 1 l. 19 ᶜᵐ.
356 3520 1910 53 © Mar. 14, 1929; 1c. Apr. 4; A—Foreign 2560; Ernest Flammarion.
435 3581 279 49 (29-14095)

357 3662 284 52 Minerals
667 3663 153 53 from
847 3665 162 52 earth
1037 3666 113 52 and
1178 3664 120 69 sky.
1362 3665 145 52 Part
1558 3708 10 9 I.
1596 3664 122 52 The
1743 3669 157 63 story
1927 3662 64 54 of
2015 3660 339 68 meteorites,

421 3736 1933 72 by George P. Merrill … Part II. Gems and gem minerals,
419 3814 1911 147 by William F. Foshag … [New York, Smithsonian institution series, inc.] 1929.
