2512 4377
1293 4039 100 56 170

468 457 1863 50 xv, 551 p. 17 ᶜᵐ. ( Half-title : The Modern library of the world’s best
328 516 173 47 books)

401 573 252 41 Half-title:
717 572 378 41 Remembrance
1131 572 51 41 of
1217 572 164 48 things
1415 574 110 46 past
1577 574 67 46 [pt.
1677 572 41 49 1]
1759 572 218 42 Swann’s
2010 584 123 36 way.

336 628 52 52 ©
415 632 118 40 Nov.
558 631 70 47 25,
657 630 141 47 1928;
825 630 69 41 2c.
922 631 111 39 Feb.
1060 631 69 46 11,
1155 630 142 46 1929;
1327 630 82 40 aff.
1437 630 111 41 Feb.
1576 630 53 46 9;
1659 630 41 39 A
1725 630 144 47 4345;
1900 632 201 39 Modern
2128 631 200 47 library,

402 688 91 40 inc.
559 683 62 54 [©
662 686 347 50 introduction]
1084 685 251 50 (29-3969)

332 782 205 53 Punch.
622 802 50 33 v.
704 782 116 54 176.
846 801 89 36 no.
962 786 155 52 4565,
1144 783 132 51 Jan.
1304 784 49 55 2,
1382 784 150 52 1929.

336 860 52 52 ©
451 874 37 30 1c.
522 863 111 41 Feb.
666 863 69 48 27,
769 862 141 48 1929;
946 864 42 39 A
1019 866 61 38 ad
1113 863 86 41 int.
1233 862 171 47 12388;
1440 863 143 48 pubd.
1618 864 109 40 Jan.
1761 864 53 46 2;
1850 864 213 40 Herbert
2096 864 233 48 Heather,

402 921 212 40 London.

330 1015 247 64 Rainey,
616 1016 222 52 Homer
875 1014 186 63 Price,
1105 1020 169 50 1896-

466 1093 1868 70 … Public school finance, by Homer P. Rainey … New
334 1171 1297 68 York & London, The Century co. [ ᶜ1 929]
404 1254 1922 49 xix, 385 p. incl. tables, diagrs. 21 ᶜᵐ. (The Century education series)
331 1312 54 48 $3
403 1312 59 41 00

405 1370 351 48 Bibliography
779 1371 52 39 at
856 1370 91 39 end
974 1370 51 40 of
1050 1371 126 39 most
1200 1368 53 41 of
1277 1370 81 39 the
1382 1369 242 48 chapters.

337 1424 52 52 ©
418 1428 110 40 Feb.
556 1429 40 40 7,
623 1427 116 41 1929;
793 1428 68 40 2c.
889 1428 96 39 and
1014 1426 81 41 aff.
1124 1427 111 40 Feb.
1263 1426 26 41 9;
1346 1427 41 38 A
1412 1426 116 41 4319;
1586 1426 215 47 Century
1829 1436 67 30 co.

415 1484 250 49 (29-4177)

332 1580 285 61 Redman,
649 1578 267 65 Amabel,
950 1598 178 49 comp.

468 1657 1868 69 … Classified catalogue of text books in the social studies for
332 1736 1977 134 elementary and secondary schools, compiled by Amabel Redman …
635 1815 446 68 [Philadelphia,
1110 1815 315 68 McKinley
1455 1815 337 70 publishing
1821 1835 98 48 co.,
1950 1815 153 68 1927]

399 1897 1936 50 41 p. 23 ᶜᵐ. (Publication no. 2 of the National council for the social
331 1955 213 49 studies)

403 2012 268 45 Classified,
702 2011 120 42 with
851 2012 180 40 author
1061 2010 162 42 index.

404 2069 209 49 Imprint
639 2070 128 40 from
796 2069 127 40 label
951 2069 229 40 mounted
1209 2079 60 29 on
1299 2070 99 47 t.-p.

405 2126 162 41 “First
605 2125 256 49 published
900 2125 51 39 in
989 2136 25 29 a
1057 2126 194 39 shorter
1288 2124 127 41 form
1455 2126 96 39 and
1590 2125 208 41 without
1838 2126 288 40 annotation
2165 2126 51 40 in
2256 2127 80 41 the

333 2183 271 41 Historical
633 2183 198 40 outlook
858 2183 80 40 for
965 2182 285 44 November,
1279 2181 571 48 1926.”—Introductory
1877 2185 153 39 notes.

339 2237 52 52 ©
420 2241 116 48 July
564 2240 68 46 10,
661 2240 115 40 1927;
831 2240 67 40 2c.
927 2240 95 39 and
1051 2238 82 41 aff.
1163 2239 111 39 Feb.
1303 2238 28 40 9,
1372 2237 141 41 1929;
1546 2239 41 39 A
1613 2239 116 40 4315;
1787 2240 111 41 Nat.
1928 2241 188 39 council
2145 2241 79 38 for
2255 2242 81 39 the

405 2297 151 41 social
591 2297 199 47 studies,
826 2295 356 49 Philadelphia.
1257 2295 252 50 (29-4071)

335 2391 722 65 Reed, Frank Otis, e d.
411 2470 266 67 [Editing
700 2469 139 53 with
865 2468 410 58 introduction,
1300 2474 176 52 notes,
1503 2469 112 52 and
1642 2469 364 69 vocabulary]
2038 2470 76 70 by
2139 2470 201 54 Frank

337 2546 1993 71 Otis Reed … and Frances Eberling … [in the book entitled]
338 2625 269 55 Comedia
644 2625 218 54 famosa
901 2626 66 53 de
1001 2627 82 51 La
1120 2627 214 67 prueba
1370 2627 66 52 de
1471 2627 83 52 las
1590 2646 288 48 promesas
1912 2629 69 52 de
2014 2629 132 53 Don
2180 2629 157 55 Juan

337 2703 2002 74 Ruiz de Alarcón y Mendoza … New York, Alfred A. Knopf,
336 2785 150 51 1928.

407 2863 1932 56 xix, 155 p. front. (port.) 19 ½ ᶜᵐ. ( Half-title : The Borzoi Spanish
338 2921 156 41 texts)

407 2978 351 48 Bibliography:
818 2990 43 37 p.
892 2978 201 42 xiii-xv.

342 3029 54 53 ©
433 3034 115 49 Apr.
587 3034 70 44 16,
698 3034 141 48 1928;
879 3036 67 40 2c.
988 3036 110 41 Feb.
1139 3036 40 48 2,
1219 3036 118 40 1929;
1404 3037 82 41 aff.
1528 3038 110 40 Jan.
1678 3038 84 47 30;
1804 3039 41 39 A
1883 3040 143 45 4233;
2068 3040 173 41 Alfred
2281 3042 54 40 A.

407 3091 181 48 Knopf,
616 3091 91 41 inc.

339 3185 328 64 Reznikoff,
703 3185 262 65 Charles,
1002 3192 170 49 1894-

408 3264 91 64 By
542 3263 96 53 the
684 3269 203 49 waters
933 3263 65 54 of
1041 3266 376 57 Manhattan;
1467 3286 72 33 an
1587 3268 227 52 annual.
1941 3272 152 64 [1929]
2199 3270 140 53 New

337 3340 839 71 York, C. Reznikoff [ ᶜ1 929]
408 3422 277 48 272 p. 21 ᶜᵐ.
686 3481 135 46 CONTENTS.—By
865 3481 82 41 the
987 3484 181 38 waters
1211 3483 52 39 of
1305 3484 308 44 Manhattan,
1657 3486 61 46 by
1763 3486 201 40 Charles
2009 3486 330 42 Reznikoff.—

339 3534 413 50 Autobiography,
791 3538 62 43 by
895 3538 156 41 Sarah
1091 3540 534 46 Reznikoff.—Editing
1663 3544 95 38 and
1799 3544 195 47 glosses,
2036 3545 60 46 by
2136 3544 201 41 Charles

339 3591 269 41 Reznikoff.

343 3642 52 52 ©
423 3648 111 40 Jan.
563 3649 69 47 13,
661 3649 115 40 1929;
833 3650 68 41 2c.
931 3652 109 40 Jan.
1070 3652 53 39 21:
1185 3652 81 41 aff.
1297 3654 110 39 Jan.
1437 3654 55 40 19:
1551 3654 42 39 A
1619 3655 113 40 2951;
1794 3655 49 40 C.
1875 3656 267 40 Reznikoff.

336 3756 329 58 Rickword,
698 3758 224 65 Edgell,
958 3766 170 49 1898-

411 3834 368 55 Invocations
813 3841 59 48 to
908 3838 195 68 angels
1140 3839 111 53 and
1287 3840 121 53 The
1442 3840 198 69 happy
1675 3860 123 34 new
1833 3861 153 48 year,
2018 3843 76 69 by
2130 3844 209 67 Edgell

341 3911 324 55 Rickworcl.
739 3914 260 68 London,
1027 3917 260 54 Wishart
1317 3921 45 49 &
1389 3937 298 45 company,
1718 3923 149 50 1928.
