2533 4384
1107 4009 101 50 345

141 352 210 62 Adam,
379 352 139 52 Mrs.
548 349 172 53 Pearl
756 345 379 68 (Humphry)
1172 350 172 50 1882-

204 427 252 53 Kitchen
483 426 249 68 ranging;
791 443 31 34 a
848 423 150 54 book
1023 422 64 55 of
1113 422 404 69 dish-cover-y,
1542 421 76 69 by
1645 421 77 53 H.
1751 421 172 53 Pearl
1950 421 193 53 Adam

198 502 832 69 … London, J. Cape [1928]
203 588 88 40 402
325 598 44 38 p.
426 587 149 40 21½ᶜᵐ.

207 657 378 49 Bibliography:
617 666 43 39 p.
689 655 43 43 8.

143 725 2001 52 © 1c. Mar. 15, 1929; A ad int. 12426; pubd. Feb. 11; Jonathan Cape. ltd.
221 785 251 50 (29-8116)

140 882 291 53 Alabama
480 884 113 51 and
647 882 287 55 Southern
983 886 257 63 reporter
1291 881 205 66 digest,
1546 880 270 68 covering
1866 879 77 53 all
1993 898 152 35 cases

206 959 267 68 reported
522 958 61 53 in
630 957 284 54 Alabama
963 962 241 64 reports,
1251 956 285 54 Alabama
1586 955 290 69 appellate
1923 960 223 63 reports

210 1032 1936 73 and Southern reporter … v. 1. 2. St. Paul, Minn., West
208 1116 680 68 publishing co. [ᶜ 1929 ]
205 1198 282 41 2 v. 26 ᶜᵐ .
207 1269 229 41 Lettered
463 1278 60 31 on
551 1278 141 31 cover
709 1278 10 30 :
748 1267 117 42 1820
891 1270 49 39 to
968 1269 128 40 date.

208 1324 1937 49 “Cases supplementary … are digested currently on the Key-number
137 1384 114 48 plan
276 1382 50 40 in
355 1383 80 40 the
462 1382 173 48 pocket
659 1383 114 46 part
799 1382 54 39 at
879 1382 80 39 the
987 1381 123 40 back
1135 1380 53 41 of
1214 1381 119 40 each
1360 1379 646 49 volume.”—Explanation,
2033 1392 44 29 v.
2104 1380 41 40 1.

480 1476 70 16 CONTENTS.—
552 1464 44 28 v.
623 1451 40 41 1.
690 1453 589 47 Abandonment-Appeal
1307 1454 96 39 and
1430 1452 436 50 error—>492.—v.
1893 1451 41 41 2.
1962 1452 186 49 Appeal

141 1512 94 39 and
258 1510 310 51 error—>493
592 1513 49 38 to
663 1512 120 39 End.

144 1579 52 52 ©
224 1584 111 39 Feb.
364 1583 68 45 15,
460 1582 141 45 1929;
631 1582 67 40 2c.
727 1582 116 40 each
874 1583 121 39 Mar.
1023 1582 52 42 8;
1107 1581 107 41 affs.
1244 1582 123 40 Mar.
1395 1581 29 40 9;
1478 1581 39 39 A
1544 1581 129 47 4779,
1700 1581 118 40 4780;
1875 1582 137 39 West
2038 1580 108 49 pub.

212 1651 67 29 co.
351 1638 251 49 (29-7367)

139 1734 332 64 Anderson,
504 1734 191 54 Jessie
725 1733 357 54 Macmillan.

136 1811 1988 132 A new study of English words, by Jessie Macmillan Anderson …
410 1890 139 53 New
581 1890 181 66 York,
797 1888 326 56 Cincinnati
1167 1895 137 62 [etc.]
1344 1889 308 54 American
1687 1889 149 54 book
1867 1907 283 52 company

183 1972 152 63 [ᶜ1929]

205 2050 560 48 116 p. diagr. 19 ᶜᵐ .
148 2119 51 52 ©
226 2125 122 38 Mar.
374 2122 39 42 9,
439 2122 141 47 1929;
606 2122 68 40 2c.
700 2124 93 38 and
823 2122 82 40 aff.
933 2124 121 39 Mar.
1080 2122 56 40 20;
1191 2123 40 39 A
1255 2122 142 46 5930;
1429 2123 158 40 Amer,
1614 2123 122 40 book
1762 2134 67 29 co.

225 2180 252 49 (29-7414)

137 2274 264 53 Arabian
433 2274 227 65 nights.

211 2351 123 55 The
369 2350 150 56 book
555 2350 66 55 of
657 2351 95 55 the
792 2352 281 54 thousand
1116 2352 200 67 nights
1355 2353 112 54 and
1508 2371 104 36 one
1649 2353 189 68 night,
1876 2353 275 55 rendered

144 2429 154 54 from
331 2429 98 54 the
462 2430 191 53 literal
690 2431 110 53 and
839 2431 275 67 complete
1152 2430 226 54 version
1414 2431 66 54 of
1513 2432 103 53 Dr.
1654 2431 56 53 J.
1749 2431 63 56 C.
1848 2431 302 66 Mardrus;

142 2509 112 51 and
290 2508 239 54 collated
566 2508 142 53 with
739 2509 166 52 other
935 2527 251 38 sources;
1220 2509 77 67 by
1328 2509 68 53 E.
1430 2510 208 68 Powys
1670 2510 290 55 Mathers:
139 2509 1990 131 illustrations

425 2585 1712 72 from drawings by Roderick McRae … Priv. print.
146 2664 92 53 for
268 2665 362 53 subscribers.
695 2666 260 56 London,
987 2666 121 52 The
1141 2665 298 55 Casanova
1470 2667 215 68 society
1762 2671 152 64 [ᶜ1928]

217 2748 654 48 8 v. front., 2 pl. 23½ ᶜᵐ .
214 2815 1939 54 “This edition … is limited to 1000 sets of 8 volumes on clear spring
142 2872 202 49 antique
379 2873 100 40 laid
515 2883 162 38 paper,
714 2875 118 39 each
871 2876 74 39 set
981 2875 262 41 numbered
1280 2875 25 40 1
1345 2878 48 38 to
1428 2875 116 41 1000
1580 2875 54 41 of
1665 2875 159 41 which
1862 2876 100 41 this
1999 2877 42 40 is
2077 2880 75 38 set

141 2939 76 31 no.
247 2927 73 43 1.”

151 2994 52 52 ©
232 3000 111 39 Dec.
371 3000 69 45 17,
469 2999 117 41 1928;
639 3012 42 28 v.
709 3001 38 46 1,
775 3001 66 38 2c.
871 3002 95 39 and
993 3001 82 41 aff.
1104 3002 110 40 Feb.
1241 3003 39 41 1,
1311 3003 140 44 1929;
1482 3015 42 28 v.
1552 3003 86 40 2-8,
1680 3004 67 40 2c.
1776 3005 118 39 each
1923 3006 95 39 and
2045 3005 108 41 affs.

220 3057 122 39 Mar.
372 3057 55 38 15;
484 3059 39 37 A
551 3057 113 40 5353,
709 3058 287 42 7153-7159,
1028 3059 258 44 Dingwall.
1362 3061 100 46 Rock,
1492 3061 100 46 ltd.,
1620 3061 118 40 New
1764 3062 147 40 York.

229 3113 252 49 (29-6870)

142 3208 413 65 Armentrout,
587 3209 271 54 Winfield
891 3211 289 64 Dockery.

145 3288 1986 146 … The conduct of student teaching in state teachers colleges, by
480 3365 1677 76 Winfield Dockery Armentrout … Greeley, Col.,
146 3443 285 54 Colorado
458 3449 144 49 state
629 3446 254 53 teachers
912 3447 212 65 college
1197 3450 153 64 [ᶜ1928]

216 3524 1941 54 X, 209 p. tables (1 fold.) forms (1 fold.) 23½ ᶜᵐ . ([Colorado. State
147 3582 223 40 teachers
406 3583 191 47 college,
639 3583 218 49 Greeley]
935 3583 238 41 Colorado
1212 3585 224 40 teachers
1474 3587 179 47 college
1691 3587 259 41 education
1991 3588 164 47 series,

146 3649 74 29 no.
253 3638 53 47 2)

219 3709 182 40 “Third
426 3709 198 49 edition,
651 3709 159 43 1928.”

219 3766 382 48 “Bibliography
631 3777 59 29 on
721 3768 201 40 student
953 3768 227 49 teaching
1212 3770 96 39 and
1340 3769 513 48 professionalization
1886 3772 52 41 of
1967 3773 192 48 subject

147 3823 208 41 matter”
376 3835 9 28 :
417 3835 42 36 p.
487 3822 218 43 197-209.

156 3888 52 52 ©
236 3893 112 40 Dec.
377 3894 69 42 23,
475 3893 115 41 1928;
648 3894 53 39 2c
744 3897 123 38 Mar.
898 3895 38 46 5,
967 3894 114 42 1929;
1140 3896 81 40 aff.
1252 3897 123 40 Mar.
1404 3897 55 40 15;
1517 3898 40 39 A
1585 3898 115 40 5835;
1760 3899 238 41 Colorado
2029 3901 128 39 state

224 3951 223 41 teachers
473 3953 193 47 college.
732 3952 254 50 (29-6950)
