2542 4389
1084 4046 134 52 1963

159 393 231 66 Chiera,
420 394 273 65 Edward,
725 400 173 49 1885-

281 466 1879 74 … Sumerian lexical texts from the Temple school of Nippur,
155 542 1979 159 by Edward Chiera … Chicago, Ill., The University of Chicago press [1929]
159 701 1985 108 ix (i. e. xi), 19 p., 126 numb. l. 30½ ᶜᵐ . .([Chicago. University. Oriental
316 761 991 54 institute] Cuneiform series— vol. I )
222 835 63 40 At
315 835 125 40 head
470 834 52 40 of
552 834 136 41 title:
720 834 103 40 The
854 833 284 49 University
1169 835 54 40 of
1252 834 210 49 Chicago
1496 835 221 42 Oriental
1746 835 230 40 institute
155 829 1987 114 publications,
386 890 94 40 vol.
504 899 68 32 xi.

227 947 151 39 Error
402 945 50 40 in
477 945 179 50 paging:
710 957 43 37 p.
798 946 66 49 [xi]
891 946 265 40 numbered
1182 946 66 41 ix.

228 1003 106 40 “All
370 1004 80 40 the
483 1003 179 42 tablets
696 1004 115 39 here
845 1002 257 51 published
1136 1003 129 40 form
1299 1006 113 46 part
1448 1004 52 41 of
1534 1005 83 40 the
1651 1004 190 50 Nippur
1876 1003 282 43 collections

154 1067 111 31 now
297 1058 51 40 in
382 1059 83 40 the
500 1056 283 50 University
819 1068 220 31 museum
1077 1059 52 39 of
1165 1060 82 39 the
1284 1059 285 48 University
1606 1058 53 43 of
1694 1058 469 51 Pennsylvania.”—

156 1112 131 43 Pref.

159 1178 52 55 ©
239 1185 119 41 Nov.
387 1186 69 41 19,
486 1184 113 42 1929;
656 1185 70 41 2c.
755 1187 96 38 and
880 1185 83 41 aff.
993 1185 120 42 Nov.
1141 1186 57 39 23;
1257 1186 42 39 A
1328 1185 144 41 16043;
1532 1186 285 49 University
1847 1187 53 41 of
1930 1186 225 48 Chicago,

226 1241 227 49 Chicago.
515 1239 283 52 (29-28966)

154 1332 229 66 Clarke,
412 1334 228 53 Donald
669 1334 369 66 Henderson,
1070 1338 169 53 1887-

219 1410 1940 76 Louis Beretti, a novel by Donald Henderson Clarke … New
152 1488 1099 72 York, The Vanguard press [ ᶜ192 9 ]
220 1571 637 51 5 p. l. , 3-285 p. 19½ ᶜᵐ .
158 1637 53 54 ©
245 1641 103 43 Oct.
380 1643 70 47 31,
484 1641 142 49 1929;
661 1643 68 40 2c.
762 1643 114 40 Dec.
909 1643 84 47 10;
1030 1642 84 42 aff.
1146 1644 119 40 Nov.
1301 1644 83 47 12;
1420 1645 44 39 A
1496 1645 170 49 17287;
1704 1647 264 49 Vanguard
2003 1658 151 40 press,

225 1698 92 43 inc.
380 1697 282 51 (29-28946)

149 1792 175 64 Coxe,
353 1791 277 57 Howard.

222 1869 248 69 Passage
505 1875 58 48 to
598 1869 94 54 the
728 1870 123 69 sky,
886 1871 75 69 by
995 1870 262 55 Howard
1294 1871 170 55 Coxe.
1540 1873 139 55 New
1717 1876 180 68 York,
1935 1879 70 50 A.
2044 1879 111 53 and

152 1944 62 57 C.
243 1946 171 69 Boni,
444 1950 149 51 1929.

222 2028 622 50 4 p. l. , 3-282 p. 19½ᶜᵐ.
224 2084 254 41 Half-title:
539 2086 212 48 Passage
782 2089 49 37 to
864 2087 81 40 the
977 2087 104 47 sky.
1112 2098 67 36 or,
1210 2088 103 40 The
1344 2089 257 41 American
1634 2090 122 42 elect
1789 2092 199 42 abroad.

159 2135 53 54 ©
241 2142 122 49 Aug.
390 2142 70 49 23,
490 2141 115 42 1929;
662 2143 70 41 2c.
760 2143 122 48 Aug.
911 2143 57 41 15;
1028 2144 83 42 aff.
1141 2145 119 40 Nov.
1291 2145 57 40 26;
1406 2146 42 39 A
1478 2147 145 41 16303;
1682 2149 171 41 Albert
1884 2150 38 41 &
1954 2150 204 42 Charles

225 2198 138 48 Boni,
393 2199 90 40 inc.
550 2199 282 49 (29-29100)

151 2288 328 64 Crawford,
510 2290 258 53 Thomas
800 2291 264 65 Dwight.

224 2366 58 54 A
313 2367 189 69 digest
531 2366 66 55 of
628 2369 315 55 Tennessee
974 2371 297 69 decisions,
1305 2375 268 67 reported
1606 2375 61 55 in
1700 2377 312 56 Tennessee

156 2374 1977 143 Supreme
376 2449 164 49 court
567 2451 241 63 reports,
838 2448 253 53 volumes
1125 2454 27 48 1
1183 2455 59 47 to
1275 2450 99 54 157;
1440 2450 428 58 Southwestern
1898 2462 262 64 reporter

155 2522 1938 78 to volume 11, second series [etc.] … By T. D. Crawford …
195 2641 10 10 v.
252 2603 48 49 4.
346 2599 412 56 Garnishment
802 2606 60 48 to
907 2603 319 55 Lewdness.
1295 2604 168 56 Saint
1508 2607 193 70 Louis,
1748 2610 252 55 Thomas
2044 2612 112 54 law

151 2676 149 54 book
340 2695 299 52 company,
685 2681 151 51 1929.

222 2758 724 52 3 p. l. , 3063-4073 p. 26 ᶜᵐ .
157 2809 51 54 ©
243 2815 113 41 Dec.
388 2815 69 48 18,
491 2814 118 42 1929;
666 2816 69 42 2c.
768 2817 114 42 Dec.
915 2819 83 46 21;
1034 2819 84 41 aff.
1152 2820 113 42 Dec.
1298 2821 82 48 26;
1418 2823 41 39 A
1491 2822 171 49 17559;
1700 2825 51 41 T.
1788 2825 57 41 D.
1881 2825 271 53 Crawford,

223 2871 152 41 Little
399 2871 146 49 Rock,
573 2871 117 43 Ark.

149 2961 191 66 Croft,
365 2963 221 53 Terrell
615 2963 309 68 Williams,
955 2972 170 50 1880-

218 3039 287 54 Practical
546 3041 224 54 electric
806 3042 392 56 illumination
1240 3047 113 53 and
1395 3046 204 72 Signal
1637 3051 227 70 wiring,
1903 3054 77 69 by

148 3051 1983 218 Terrell Croft … 2d ed. New York [etc.] McGraw-Hill book company,
350 3195 339 70 inc. [ ᶜ192 9]
218 3278 1934 68 xii p., 1 l., 314 p. incl. front., illus., diagrs. 20 ᶜᵐ . (Half-title: Library
149 3333 50 41 of
229 3335 237 47 practical
496 3334 295 50 electricity)

156 3385 51 54 ©
238 3391 118 40 Nov.
385 3391 69 48 25,
484 3390 140 48 1929;
656 3392 67 40 2c.
753 3394 98 39 and
880 3393 82 41 aff.
992 3395 118 40 Nov.
1141 3395 83 48 30;
1256 3397 41 40 A
1327 3397 170 43 17095:
1532 3400 352 45 McGraw-Hill
1915 3408 123 41 book
2067 3421 69 30 co.

175 3479 14 8 .
223 3447 91 41 inc.
381 3446 281 50 (29-28955)

148 3538 203 65 Doyle,
376 3541 102 52 Sir
504 3540 234 54 Arthur
768 3543 220 64 Conan,
1018 3550 170 50 1859-

218 3617 123 55 Our
375 3618 247 54 African
659 3620 220 69 winter,
914 3623 76 68 by
1025 3624 226 52 Arthur
1287 3625 198 55 Conan
1523 3631 198 69 Doyle.
1798 3635 259 60 London.
2095 3643 53 53 J.

146 3695 243 69 Murray
425 3698 170 67 [1929]

219 3776 903 51 xi. 289 p. front. (ports.) 19½ ᶜᵐ .
219 3833 164 41 “First
410 3833 228 42 edition.”

160 3884 1991 75 © 1c. Nov. 15, 1929; A ad int. 13225; pubd. Sept. 19: Sir A. C. Doyle,
227 3945 370 50 Crowborough,
632 3947 194 48 Sussex,
860 3948 238 48 England.
1169 3950 282 53 (29-29119)
