2561 4405
1172 4044 66 52 61

304 459 60 48 xvi,
399 458 84 41 483
518 468 43 38 p.
622 456 59 40 22½ᶜᵐ.

205 526 51 53 ©
285 530 121 47 Aug.
435 528 69 47 18,
535 526 116 41 1928;
707 526 68 41 2c.
806 526 114 41 Dec.
949 525 26 40 3;
1036 523 83 41 aff.
1149 524 120 40 Nov.
1298 522 59 41 30;
1415 522 42 39 A
1485 521 115 41 3501;
1665 520 137 41 State
1834 520 53 41 of
1918 520 286 48 Oklahoma,

272 586 270 41 Oklahoma
574 584 124 48 City,
732 583 106 41 Okl.

200 683 253 62 Orange,
491 679 237 56 Samuel
764 678 65 56 P.

274 760 121 52 The
429 759 210 69 golden
668 757 149 54 book
850 756 95 53 for
977 756 261 53 children
1269 754 185 54 under
1487 756 67 51 14
1583 772 165 51 years
1782 751 65 54 of
1878 770 122 51 age,

203 751 2002 154 originated and written by Samuel P. Orange … Improved ed.
205 917 138 53 New
378 915 181 67 York,
591 915 71 52 N.
697 915 92 67 Y.,
820 914 77 53 H.
930 914 66 52 L.
1029 913 339 68 Harriman,
1400 912 110 56 inc.
1550 913 173 66 [1928]

304 995 1137 54 x p., 1 l., 165 p. incl. form, plates. 19½ᶜᵐ.
204 1067 2001 56 © Mar. 10, 1928; 2c. Nov. 27; aff. Jan. 15, 1929; A 3772; S. P. Orange,
271 1131 118 40 New
418 1130 145 41 York.
632 1128 253 50 (29-1988)

203 1226 177 63 Pape,
408 1224 156 64 Eric,
591 1223 149 55 illus.

275 1303 430 67 [Illustrations]
753 1303 76 67 by
874 1301 137 53 Eric
1055 1302 159 67 Pape
1266 1301 77 67 [in
1388 1301 97 53 the
1527 1299 150 54 book
1722 1298 257 68 entitled]
2030 1298 179 54 Notre

199 1383 183 52 Dame
407 1382 67 53 de
501 1381 168 53 Paris
701 1381 93 68 [by]
841 1381 202 53 Victor
1067 1380 193 64 Hugo.
1322 1379 165 54 With
1515 1377 394 54 introduction
1934 1376 77 70 by
200 1376 1986 138 Clayton

323 1456 1863 69 Hamilton … New York, Ives Washburn, publisher [ ᶜ19 28]
270 1539 1794 52 xxxi, 583 p. incl. illus., plates, ports, col. front., col. plates. 25 ᶜᵐ.
204 1611 2006 54 © Nov. 30, 1928; 2c. and aff. Jan. 9, 1929; A 3593; Ives Washburn. inc.
209 1725 269 69 [Palmer,
506 1725 69 54 R.
605 1726 107 66 W.]

271 1804 225 52 Tarzan
522 1802 64 53 of
608 1804 95 51 the
730 1821 148 49 apes.
947 1801 212 69 [Strips
1188 1804 185 50 11-20.
1437 1801 163 53 Illus.
1627 1802 77 68 by
1728 1801 230 53 Harold
1984 1802 221 66 Foster]

281 1886 83 47 (In
399 1881 207 45 Tit-bits
645 1880 289 53 magazine)

205 1953 1972 52 © 1c. each Dec. 8, 1928; A ad int. 12303: pubd. Nov. 10, 17, 24, Dec. 1;
273 2015 163 47 Edgar
466 2014 116 40 Pice
614 2013 299 48 Burroughs,
947 2013 105 47 inc.,
1085 2013 203 48 Reseda,
1324 2012 145 42 Calif.

202 2108 244 64 Parker,
478 2108 154 54 John
663 2108 185 63 Scott,
879 2109 86 54 ed.

271 2186 119 53 The
436 2186 365 61 corporation
846 2187 262 58 manual;
1156 2191 288 64 statutory
1489 2186 324 69 provisions
1859 2186 250 61 relating
2154 2192 56 48 to

200 2266 94 52 the
324 2264 416 70 organization,
769 2264 324 71 regulation
1125 2265 114 54 and
1269 2265 261 53 taxation
1561 2264 64 55 of
1655 2265 273 54 domestic
1956 2264 256 55 business

201 2344 411 68 corporations,
642 2345 113 53 and
785 2350 57 48 to
870 2346 96 52 the
997 2344 330 56 admission,
1356 2344 325 70 regulation
1713 2345 113 53 and
1856 2345 262 53 taxation
2150 2343 65 55 of

202 2421 228 68 foreign
462 2423 256 53 business
751 2423 412 61 corporations,
1197 2424 60 52 in
1290 2424 96 53 the
1419 2425 216 52 several
1670 2428 192 62 states,
1895 2423 318 54 territories

202 2502 113 52 and
347 2502 255 53 districts
634 2501 65 54 of
729 2502 96 53 the
857 2502 220 54 United
1113 2501 207 68 States,
1353 2502 284 68 arranged
1671 2502 183 54 under
1888 2521 32 35 a
1952 2501 260 54 uniform

201 2579 418 58 classification,
651 2581 96 53 the
780 2579 277 57 Uniform
1091 2580 159 54 stock
1282 2580 256 54 transfer
1571 2586 107 62 act,
1711 2582 138 52 laws
1884 2581 330 69 regulating

201 2658 341 54 investment
574 2659 324 61 companies
929 2659 112 53 and
1072 2659 96 53 the
1199 2659 115 53 sale
1345 2658 65 54 of
1439 2664 298 63 corporate
1769 2659 186 54 stocks
1988 2660 112 53 and

202 2679 1986 111 securities
465 2738 113 52 and
614 2736 220 54 federal
869 2738 114 53 and
1017 2743 145 48 state
1197 2737 299 55 anti-trust
1530 2738 139 54 laws
1703 2738 141 53 with
1882 2737 181 55 forms
2100 2738 113 54 and

202 2816 348 68 precedents,
581 2817 84 52 ed.
694 2816 78 69 by
801 2815 155 54 John
992 2815 57 57 S.
1080 2816 239 57 Parker,
1352 2817 238 53 assisted
1619 2817 77 68 by
1727 2817 55 54 J.
1817 2818 66 51 B.
1917 2818 70 52 R.
2021 2816 190 56 Smith

202 2894 113 53 and
350 2914 31 33 a
415 2894 180 53 board
631 2893 65 54 of
731 2894 314 54 associated
1081 2895 214 53 editors
1330 2895 60 53 in
1426 2896 97 52 the
1559 2896 218 52 several
1813 2900 192 49 states.
2078 2896 133 53 30th

201 2972 83 55 ed.
350 2972 140 54 New
519 2972 181 58 York,
728 2973 219 55 United
979 2972 189 57 States
1199 2973 366 70 corporation
1596 2993 300 51 company,
1928 2976 152 52 1929.

337 3056 557 49 xv p., 1 l., 2466 p. 26 ᶜᵐ.
205 3122 53 53 ©
293 3127 109 40 Jan.
436 3127 41 43 2,
511 3126 143 42 1929;
689 3126 68 42 2c.
793 3128 96 39 and
923 3126 82 43 aff.
1042 3127 110 41 Jan.
1185 3128 55 46 4;
1277 3128 42 39 A
1352 3127 144 47 3512;
1533 3127 322 50 Corporation
1892 3129 197 40 manual
2129 3140 82 36 co.,

272 3184 119 40 New
421 3184 145 41 York.

203 3276 224 55 Punch.
535 3323 7 8 v.
574 3278 117 68 175,
717 3298 88 34 no.
835 3283 154 51 4562,
1017 3280 134 53 Dec.
1184 3282 82 56 12,
1298 3282 150 51 1928.

205 3356 2005 55 © 1c. Feb. 7, 1929; A ad int. 12308: pubd. Dec. 12, 1928; Herbert
272 3417 221 42 Heather
521 3418 213 41 London.

200 3510 377 65 Riesemann,
613 3512 194 54 Oskar
840 3529 133 47 von,
1010 3518 172 51 1880-

268 3590 412 62 Moussorgsky
743 3592 94 68 [by]
888 3591 188 56 Oskar
1119 3612 111 35 von
1273 3592 373 69 Riesemann;
1691 3596 318 53 translated
2056 3595 153 53 from

197 3671 96 52 the
328 3669 250 56 German
613 3672 35 52 by
723 3672 148 53 Paul
906 3673 290 68 England.
1272 3673 140 53 New
1446 3673 166 53 York
1646 3674 51 51 &
1734 3673 260 70 London,
2028 3674 72 52 A.
2135 3674 73 53 A.

195 3747 225 68 Knopf.
455 3752 149 50 1929.

271 3829 1338 53 2 p. l., vii-ix, [1] p., 2 l., 3-412. xvii, [1] p. 22½ᶜᵐ.
269 3887 272 47 Originally
569 3888 257 48 published
855 3899 56 30 as
939 3900 42 30 v.
1009 3888 30 40 2
1064 3889 53 41 of
1144 3889 82 41 the
1255 3890 220 41 author’s
1505 3890 412 50 “Monographien
1947 3903 85 29 zur
199 3892 1991 92 russischen

379 3945 188 40 musik”
603 3945 120 41 with
758 3946 110 40 title:
931 3947 192 40 Modest
1157 3947 325 42 Petrowitsch
1517 3948 319 49 Mussorgski.
