2542 4389
1074 4029 135 51 1303

132 448 222 68 history
379 447 77 68 by
482 446 188 52 Acton
699 444 278 67 Griscom,
1062 486 9 9 M.
1142 485 29 25 A.,
1200 442 261 69 together
1489 441 141 51 with
1661 459 31 33 a
1722 439 193 53 literal
135 443 1967 136 translation

340 516 1790 73 of the Welsh manuscript n° LXI of Jesus college, Oxford,
134 595 1995 78 by Robert Ellis Jones … with 16 photographs of manuscripts.
133 683 258 66 London,
419 681 138 52 New
586 679 164 53 York
782 685 137 60 [etc.]
954 678 347 67 Longmans,
1329 675 187 54 Green
1543 676 112 51 and
1686 692 97 49 co.,
1814 676 149 50 1929.

200 756 1153 53 xiii, 672 p. XVI facsim. (incl. front.) 24 ᶜᵐ.
204 818 128 39 “The
360 816 253 47 following
642 815 146 40 Latin
818 817 106 37 text
954 814 44 40 is
1027 824 26 29 a
1085 812 209 41 faithful
1328 810 341 50 reproduction
1701 811 52 40 of
1784 821 28 29 a
1844 821 86 31 ms.
1963 811 50 38 in
2046 811 82 39 the

133 873 282 47 University
445 872 198 47 library,
676 870 301 48 Cambridge,
1009 881 75 28 no.
1114 868 128 49 1706,
1276 869 78 40 old
1384 868 205 39 number
1619 868 59 40 II.
1708 867 31 40 i.
1770 866 205 47 14.”—p.
2012 865 112 49 [218]

204 929 172 39 “Latin
406 927 327 47 manuscripts
766 926 51 40 of
847 926 82 40 the
961 925 225 40 Historia
1221 935 166 38 regum
1420 922 297 42 Britanniæ”:
1781 933 45 38 p.
1863 921 233 51 [550]-582:

134 985 128 41 “The
292 984 166 41 Welsh
489 982 303 48 manuscript
824 981 325 41 chronicles”:
1183 992 44 37 p.
1261 980 229 47 585-599;
1529 981 69 38 “A
1630 981 209 39 selected
131 978 1978 111 bibliography”:
314 1052 44 37 p.
385 1039 216 41 601-626.

135 1105 51 53 ©
212 1111 117 46 July
351 1110 40 47 3,
417 1109 113 40 1929;
583 1109 68 40 2c.
677 1109 96 39 and
798 1108 83 40 aff.
904 1108 122 48 Aug.
1050 1108 26 40 3;
1132 1108 40 38 A
1196 1106 144 41 10543;
1396 1107 156 40 Acton
1579 1106 231 47 Griscom,
1838 1106 118 38 New
1982 1105 145 39 York.

212 1165 281 50 (29-14821)

134 1259 227 64 George
386 1268 58 56 V,
471 1260 139 68 king
638 1261 64 69 of
731 1260 176 54 Great
933 1259 251 69 Britain,
1215 1263 171 49 1865-

199 1335 1932 71 The King’s pictures … from Buckingham palace, Windsor
129 1416 174 52 castle
350 1416 113 52 and
509 1416 301 67 Hampton
857 1420 178 62 court,
1084 1414 305 68 published
1435 1415 75 67 by
1561 1415 299 52 command
1908 1413 64 53 of
2019 1413 112 54 His

128 1493 253 69 Majesty
423 1494 162 68 King
628 1493 223 69 George
893 1513 46 33 v.
1033 1492 164 55 With
1241 1492 345 68 descriptive
1628 1497 158 48 notes
1829 1492 75 70 by
1949 1495 65 51 P.
2062 1492 69 56 G.

134 1571 1999 71 Konody, Sir Martin Conway, M. P., and Lionel Cust … v. 1.
132 1652 123 52 The
285 1652 194 52 Dutch
511 1650 311 53 collection.
901 1649 267 69 Original
1201 1650 84 52 ed.
1361 1650 307 68 Arranged
1698 1651 77 69 by
1808 1649 62 55 C.
1904 1649 230 52 Hubert

133 1730 177 52 Letts.
385 1729 257 65 London,
670 1729 122 51 The
820 1727 145 53 Fine
994 1735 117 46 arts
1138 1727 337 69 publishing
1502 1746 98 50 co.,
1628 1729 102 52 ltd.
1765 1729 172 65 [1929]

206 1810 53 50 [4]
292 1821 56 37 p.,
378 1809 59 41 36
485 1842 8 8 l.
549 1809 230 40 mounted
808 1819 63 37 pl.
898 1808 138 49 (part
1064 1808 112 48 col.)
1241 1807 59 42 39½ᶜᵐ.

136 1861 1992 52 © 1c. July 6, 1929; A ad int. 12996; pubd. June 10; Fine arts pub. co.,
202 1923 87 39 ltd.
354 1921 280 49 (29-18925)

136 2014 290 64 Glasgow,
458 2014 164 52 Ellen
651 2014 313 52 Anderson
995 2014 277 65 Gholson,
1305 2018 171 52 1874-

267 2091 1865 73 … They stooped to folly, a comedy of morals. Garden City,
134 2171 70 53 N.
236 2171 89 69 Y.,
353 2171 356 69 Doubleday,
737 2171 200 52 Doran
966 2173 45 49 &
1039 2189 298 52 company,
1367 2173 126 68 inc.,
1524 2175 149 51 1929.

203 2229 530 71 6 p. l. , 3-351 p. 20ᶜᵐ.
202 2308 64 40 At
295 2306 125 41 head
449 2307 54 41 of
531 2307 135 41 title:
700 2308 140 40 Ellen
871 2307 239 49 Glasgow.

137 2359 51 52 ©
219 2363 122 49 Aug.
369 2364 39 48 1,
439 2362 139 49 1929;
610 2364 68 40 2c.
707 2366 96 38 and
834 2363 82 42 aff.
947 2365 121 47 Aug.
1098 2364 82 47 10;
1215 2365 40 38 A
1285 2365 170 47 11675;
1490 2367 52 39 E.
1575 2365 237 49 Glasgow,
1846 2367 267 39 Richmond.

137 2471 203 64 Gluck,
378 2471 153 55 Carl.

208 2551 122 54 The
362 2550 150 70 logic
546 2551 64 53 of
644 2551 97 52 the
774 2551 185 69 Bible,
993 2552 76 69 by
1106 2551 136 55 Carl
1279 2551 203 55 Gluck.
1560 2553 270 71 Chicago,
1866 2555 113 65 Ill.,
2015 2556 121 51 The

136 2627 1079 71 Golden gate publishing co. [ ᶜ1 929]
204 2708 902 49 3 p. l., 166 p. incl. 1 illus., pl. 17½ᶜᵐ.
138 2761 51 52 ©
219 2767 120 47 Aug.
366 2766 70 47 20,
466 2764 140 49 1929;
637 2766 66 40 2c.
735 2767 94 39 and
860 2767 83 40 aff.
974 2767 118 46 Aug.
1123 2767 82 43 22;
1238 2768 38 38 A
1308 2769 135 40 11791;
1513 2770 49 40 C.
1595 2771 166 44 Gluck,
1793 2771 226 48 Chicago.

216 2821 281 49 (29-18006)

138 2914 195 64 Hahn,
366 2914 335 65 Frederick,
738 2920 171 50 1869-

208 2995 286 53 Practical
536 2995 179 52 violin
756 2997 199 67 study;
1000 3015 31 34 a
1074 2997 146 52 book
1261 2998 64 53 of
1367 2999 286 53 reference
1697 3000 94 53 for
1832 3002 78 51 all
1953 3004 184 52 lovers

137 3072 66 52 of
247 3073 95 53 the
387 3074 360 67 instrument,
793 3074 74 69 by
914 3073 310 54 Frederick
1271 3075 196 53 Halm.
1543 3079 427 68 Philadelphia,
2017 3081 120 67 Pa.,

137 3151 890 67 Theodore Presser co. [ ᶜ1 929]
202 3230 948 49 xii, 276 p. illus. (incl. music) 20 ᶜᵐ.
207 3293 237 50 Chapters
469 3306 194 30 xxv-xl
688 3306 84 30 are
799 3296 148 40 based
975 3307 128 38 upon
1130 3297 82 41 the
1239 3299 241 40 Kreutzer
1508 3291 182 51 Études.
1762 3305 63 49 cf.
1852 3316 44 38 p.
1923 3306 99 41 147.

205 3350 266 41 “Schedule
505 3351 50 40 of
588 3351 188 41 works”
813 3354 51 38 at
896 3353 92 39 end
1022 3353 52 40 of
1107 3365 131 29 some
1270 3354 52 40 of
1356 3357 82 38 the
1469 3357 240 47 chapters.

141 3403 51 51 ©
219 3408 120 48 Aug.
364 3407 70 48 29,
460 3407 113 40 1929;
627 3408 69 40 2c.
722 3411 95 38 and
844 3409 83 41 aff.
953 3410 121 46 Aug.
1100 3411 53 39 31;
1213 3412 40 38 A
1279 3411 141 41 12081:
1478 3413 251 42 Theodore
1756 3417 200 40 Presser
1984 3430 51 28 co.

220 3463 280 49 (29-18103)

139 3555 152 64 Hall,
321 3555 211 53 Albert
560 3556 206 65 Neely,
801 3563 171 50 1883-

204 3632 283 70 Building
527 3633 310 55 miniature
882 3635 220 69 airship
1148 3639 232 59 models,
1425 3640 75 69 by
1544 3642 72 52 A.
1661 3643 179 71 Neely
1884 3646 171 56 Hall:
2105 3667 31 34 a

134 3711 476 67 comprehensive,
659 3712 351 70 thoroughly
1059 3715 326 55 illustrated
1435 3720 158 52 work
1637 3725 234 51 manual
1919 3743 74 34 on
2041 3728 97 51 the

134 3787 386 53 construction
567 3790 113 52 and
726 3789 184 69 flying
957 3791 64 52 of
1067 3792 309 55 miniature
1423 3795 259 71 aircraft,
1729 3800 142 53 with
1919 3821 31 34 a
1999 3803 137 53 final

135 3866 1977 145 chapter on model boat building … [Denver, “Boy stuff” publications,
507 3946 117 65 ᶜ1 928]
