2512 4377
1370 4017 105 54 204

506 462 837 54 x, 379, [1] p. incl. forms. 21 ½ᶜᵐ .
405 540 52 53 ©
484 543 112 41 Feb.
622 543 68 48 15,
718 541 141 47 1929;
887 541 68 41 2c.
982 539 112 41 Feb.
1121 539 82 47 14;
1232 537 83 43 aff.
1342 537 112 40 Feb.
1480 536 82 47 18;
1592 535 40 39 A
1658 533 140 47 5371;
1828 534 194 47 Harper
2050 533 36 40 &
2112 533 126 39 bros.

484 598 250 52 (29-4971)

399 693 244 63 Bullett,
675 691 213 54 Gerald
916 689 276 64 William,
1225 694 172 50 1894-

474 769 346 68 Dreaming;
864 786 74 34 an
980 785 177 50 essay,
1197 766 76 68 by
1314 764 215 56 Gerald
1573 764 237 52 Bullett.
1900 761 139 54 New
2082 760 164 53 York
2288 760 113 53 and

399 848 259 66 London,
685 845 234 68 Harper
947 847 45 50 &
1017 844 279 67 brothers,
1328 845 149 50 1929.

472 919 1932 58 4 p. l., 88 p. front, (port.) 20ᶜᵐ. (On cover: The pleasures of life
404 984 175 48 series)

409 1053 51 53 ©
491 1057 112 40 Feb.
631 1056 69 47 15,
730 1055 120 40 1929;
902 1055 68 41 2c.
999 1054 111 41 Feb.
1139 1054 82 47 12;
1253 1053 82 41 aff.
1366 1053 111 40 Feb.
1508 1052 81 46 18;
1622 1051 41 39 A
1692 1050 140 47 5366;
1868 1050 52 41 G.
1951 1051 72 40 W.
2054 1049 200 45 Bullett,
477 1049 1909 105 London.
653 1110 251 51 (29-5088)

406 1206 226 65 Burtis,
663 1206 317 54 Thomson.

481 1277 1927 75 Rex Lee, sky trailer, by Thomson Burtis … New York,
403 1363 793 67 Grosset & Dunlap [ ᶜ1 929]
509 1478 8 16 v,
548 1446 89 39 244
667 1456 44 37 p.
770 1445 152 40 front.
981 1442 147 43 19½ᶜᵐ.

413 1513 52 52 ©
492 1516 111 40 Feb.
628 1515 70 49 20,
726 1515 117 40 1929;
895 1514 68 42 2c.
990 1515 96 40 and
1113 1513 82 42 aff.
1223 1514 111 41 Feb.
1360 1513 83 47 23;
1471 1512 41 40 A
1538 1512 141 47 5455;
1709 1512 201 41 Grosset
1937 1511 37 40 &
2000 1511 209 48 Dunlap,
2239 1510 90 41 inc.

490 1572 251 49 (29-5232)

474 1663 1940 71 … Callaghan’s Iowa digest, embodying all reported decisions
479 1745 67 53 of
568 1746 95 52 the
693 1744 274 68 Supreme
994 1749 158 48 court
1182 1743 64 53 of
1272 1744 157 51 Iowa
1449 1742 152 53 from
1620 1742 113 53 and
1752 1741 299 69 including
2069 1744 102 50 210
481 1740 1905 137 Northwestern
766 1828 274 63 reporter,
1086 1841 144 49 page
1276 1826 84 53 49,
1405 1821 251 69 through
1703 1824 103 48 220
1852 1820 431 53 Northwestern
481 1839 1907 131 reporter,
730 1920 147 50 page
910 1901 119 53 272.
1102 1900 199 68 Comp,
1338 1900 76 68 by
1450 1900 96 52 the
1581 1898 340 69 publishers’
1959 1898 265 52 editorial
2262 1897 150 54 staff.

483 1999 50 34 V.
563 1984 46 48 9.
645 1979 414 68 [Supplement]
1131 1978 272 69 Chicago,
1434 1977 323 69 Callaghan
1787 1977 113 52 and
1932 1993 298 51 company,
2263 1979 150 49 1929.

480 2061 534 50 2 p. l., 524 p. 26ᶜᵐ.
417 2128 52 52 ©
497 2133 111 41 Feb.
636 2132 39 48 9,
703 2132 114 40 1929;
874 2132 67 40 2c.
969 2132 97 40 and
1092 2131 82 40 aff.
1204 2131 111 40 Feb.
1343 2131 81 47 13;
1455 2130 41 40 A
1523 2130 141 47 5271;
1696 2129 271 49 Callaghan
1995 2129 37 41 &
2059 2140 66 30 co.

415 2227 308 62 Cameron,
752 2226 204 64 Jenks,
990 2227 170 53 1879-

540 2301 1875 71 … The Bureau of dairy industry; its history, activities and
415 2381 416 70 organization,
858 2382 75 68 by
961 2380 180 56 Jenks
1172 2381 296 54 Cameron.
1546 2380 335 66 Baltimore,
1909 2380 140 67 Md.,
2078 2380 121 52 The
2229 2380 186 53 Johns

414 2459 269 68 Hopkins
718 2477 175 50 press,
929 2461 151 51 1929.

484 2539 1933 50 viii p., 1 l., 74 p. 22½ᶜᵐ. (Institute for government research. Service
416 2598 325 47 monographs
769 2597 51 40 of
848 2598 83 39 the
959 2597 178 41 United
1168 2597 164 41 Stales
1362 2599 328 46 government,
1719 2608 76 30 no.
1826 2595 79 49 55)

487 2667 377 48 Bibliography:
894 2678 43 37 p.
967 2667 159 41 67-72.

420 2720 52 52 ©
500 2725 111 40 Feb.
638 2725 38 47 8,
704 2724 142 46 1929;
873 2726 68 40 2c.
969 2725 112 40 Feb.
1108 2725 82 47 13;
1219 2725 83 41 aff.
1330 2725 110 41 Feb.
1469 2725 81 47 15;
1579 2726 42 39 A
1647 2725 141 48 5279;
1819 2725 273 49 Brookings
2119 2725 297 47 institution,

485 2781 338 48 Washington.
891 2781 252 49 (29-5184)

419 2875 173 64 Cary,
622 2873 242 66 Lucian,
897 2880 169 51 1886-

483 2951 123 53 The
636 2951 168 54 Duke
834 2957 154 63 steps
1019 2958 116 63 out,
1165 2954 76 68 by
1272 2954 220 53 Lucian
1524 2954 169 70 Cary.
1769 2954 235 55 Garden
2037 2954 153 71 City,
2223 2955 70 53 N.
2329 2954 91 69 Y.,

414 3028 357 70 Doubleday,
809 3030 201 53 Doran
1045 3032 47 51 &
1130 3048 300 52 company,
1467 3031 128 69 inc.,
1636 3035 149 50 1929.

483 3112 567 49 3 p. l., 288 p. 19½ cm .
421 3163 51 53 ©
503 3169 109 40 Jan.
641 3168 69 48 25,
741 3169 140 42 1929:
913 3170 66 41 2c.
1010 3171 96 39 and
1136 3170 81 41 aff.
1249 3170 111 41 Feb.
1390 3170 81 48 16;
1503 3171 41 39 A
1571 3171 143 47 4542;
1747 3172 50 40 L.
1829 3171 140 49 Cary,
2001 3171 237 48 Winsted,
2269 3173 148 40 Conn.

498 3224 252 50 (29-4994)

413 3316 267 54 Catholic
712 3334 297 48 congress.
1084 3322 119 65 4th,
1232 3322 138 51 New
1405 3322 180 68 York,
1619 3326 149 50 1928.

485 3396 122 53 The
652 3398 262 54 Catholic
959 3400 133 66 life;
1140 3401 291 53 addresses
1478 3402 111 52 and
1638 3420 207 49 papers
1891 3403 286 54 delivered
2223 3411 60 47 at
2325 3406 96 53 the

416 3474 200 54 fourth
659 3478 211 51 annual
913 3476 263 55 Catholic
1218 3497 279 50 congress,
1539 3479 139 53 New
1721 3481 163 52 York
1925 3480 133 71 city,
2101 3482 342 54 November·

418 3554 131 51 13th
595 3559 59 48 to
702 3555 149 63 15th,
899 3558 149 50 1928.
1125 3555 278 70 Auspices
1450 3557 64 52 of
1558 3559 96 52 the
1701 3559 235 54 Central
1980 3560 331 54 conference
2355 3561 65 54 of

415 3631 1981 151 associated Catholic priests. Milwaukee, Morehouse publishing co.; London, A. R. Mowbray & co. t ᶜ1 929]
525 3821 8 17 x,
567 3790 87 40 140
684 3801 58 38 p.,
775 3791 25 39 1
833 3792 31 40 1.
1031 3824 9 9 19ᶜᵐ.

490 3845 150 41 Deals
667 3846 120 41 with
816 3847 82 42 the
927 3848 222 41 Catholic
1177 3852 272 38 movement
1478 3850 50 39 in
1558 3850 81 43 the
1668 3851 238 49 Anglican
1935 3853 319 41 communion.

422 3896 54 53 ©
503 3902 109 40 Jan.
639 3904 70 45 22,
737 3903 142 48 1929;
908 3905 68 40 2c.
1004 3906 96 39 and
1128 3905 82 43 aff.
1239 3906 110 41 Jan.
1378 3907 82 46 28;
1491 3907 41 39 A
1559 3908 142 48 3964;
1733 3909 289 41 Morehouse
2049 3910 109 48 pub.
2187 3921 67 30 co.

499 3957 252 51 (29-4589)
