2542 4389
988 4063 134 50 1593

64 421 235 64 Kelsey,
327 422 239 62 Rayner
595 419 233 55 Wicker
833 420 191 64 sham,
1054 421 172 53 1879-

195 496 1810 70 … Farm relief and its antecedents, by Rayner W. Kelsey …
64 576 427 68 Philadelphia,
526 578 120 64 Pa.,
678 575 316 69 McKinley
1032 575 337 68 publishing
1406 592 298 50 company,
1741 577 150 51 1929.

66 655 1986 101 32 p. 19 ᶜᵐ. (Handbooks of citizenship; topical supplements to textbooks
247 715 52 41 of
328 714 259 40 American
620 713 190 48 history
843 715 97 38 and
971 715 327 46 government,
1333 724 75 29 no.
1443 713 52 47 2)

135 786 215 41 “Second
379 785 196 48 edition,
604 784 234 41 revised.”

134 842 350 48 Bibliography
502 853 9 29 :
541 853 42 37 p.
612 841 159 41 29-32.

70 911 1995 51 © Sept. 20, 1929; 2c. Sept. 28; aff. Sept. 27; A 13715; R. W. Kelsey.
136 970 295 47 Haverford,
462 970 83 40 Pa.
614 968 281 49 (29-22235)

193 1090 1876 70 … Prohibition, by Rayner W. Kelsey … Philadelphia,
63 1172 119 69 Pa.,
209 1170 313 68 McKinley
551 1169 337 69 publishing
916 1187 300 50 company,
1246 1173 151 50 1929.

64 1250 1989 100 32 p. 19 ᶜᵐ. (Handbooks of citizenship; topical supplements to textbooks of
319 1308 259 40 American
607 1308 190 47 history
827 1310 97 38 and
952 1310 331 46 government,
1312 1317 77 32 no.
1419 1308 52 47 1)

133 1379 351 48 Bibliography
502 1389 9 29 :
543 1390 42 37 p.
616 1378 160 42 30-32.

68 1448 51 51 ©
156 1451 129 48 Sept.
317 1450 70 42 20.
422 1450 114 40 1929;
598 1451 68 39 2c.
704 1450 128 47 Sept.
864 1452 59 37 28;
987 1450 83 39 aff.
1108 1450 129 48 Sept.
1269 1450 58 40 27;
1390 1451 43 38 A
1465 1450 148 40 13716;
1673 1450 56 40 R.
1765 1450 73 40 W.
1873 1449 192 47 Kelsey,

135 1507 295 48 Haverford,
462 1507 83 41 Pa.
615 1506 282 49 (29-22236)

195 1628 1875 70 … The tariff, by Rayner W. Kelsey … Philadelphia, Pa.,
62 1709 312 67 McKinley
402 1708 336 69 publishing
766 1725 299 51 company,
1094 1710 151 51 1929.

132 1791 57 40 32
219 1801 42 37 p.
323 1790 115 40 19ᶜᵐ.
510 1790 323 47 (Handbooks
865 1789 52 40 of
945 1789 316 48 citizenship;
1294 1789 180 49 topical
1507 1790 331 48 supplements
1869 1791 47 37 to
63 1790 1991 98 textbooks
238 1848 51 39 of

313 1847 259 40 American
597 1847 191 47 history
815 1847 96 39 and
936 1848 331 46 government,
1294 1857 76 30 no.
1397 1847 51 47 3)

135 1918 238 41 “Revised
401 1917 227 43 edition.”

133 1975 351 48 Bibliography
503 1985 9 29 :
539 1986 43 37 p.
607 1974 159 41 29-32.

67 2043 51 51 ©
155 2047 129 47 Sept.
316 2046 70 47 20,
421 2046 119 40 1929;
596 2046 69 40 2c.
703 2046 129 48 Sept.
866 2045 83 47 28;
986 2045 83 40 aff.
1106 2046 129 47 Sept.
1268 2045 83 47 27;
1389 2046 42 38 A
1463 2046 171 45 13714;
1673 2045 56 41 R.
1764 2046 72 40 W.
1872 2045 194 47 Kelsey,

133 2103 296 41 Haverford.
458 2103 84 39 Pa.
607 2102 282 49 (29-22234)

60 2210 261 66 Kloerss,
350 2212 159 54 Frau
536 2211 215 63 Sophie
789 2210 303 67 (Kessler)
1132 2216 172 50 1866-

129 2287 116 52 Ein
275 2288 293 66 welthaus,
596 2305 112 35 von
740 2287 214 69 Sophie
986 2288 251 53 Kloerss.
1306 2288 219 67 Berlin,
1556 2289 73 52 A.
1662 2287 217 68 Scherl,
1910 2306 54 51 g.
1995 2307 74 33 m.

60 2366 48 52 b.
141 2366 53 52 h.
233 2369 192 64 [1929]

128 2448 377 50 300, [1] p. 19 ᶜᵐ.
68 2514 1998 53 © May 17, 1929; 1c. July 3 ; A—Foreign 3903; August Scherl, g. m. b. h.
141 2574 282 49 (29-21630)

58 2684 250 65 Laffert,
338 2685 146 52 Karl
512 2685 250 63 August
781 2701 134 48 von,
947 2686 173 54 1872-

129 2761 335 67 Giftküche,
500 2779 198 33 roman
733 2779 111 34 von
879 2761 407 69 Karl-August
1322 2780 112 34 von
1468 2761 236 53 Laffert.
1783 2765 43 48 1.
1861 2762 87 52 bis
1985 2766 81 48 10.

58 2839 1476 69 tausend. Berlin, A. Scherl, g. m. b. h. [ ᶜ1 929 ]
128 2922 352 50 236, [1] p. 18 ᶜᵐ.
65 2989 1996 53 © Apr. 17, 1929; 1c. July 3 ; A— Foreign 3899; August Scherl, g. m. b. h.
142 3049 279 48 (29-21629)

54 3157 291 64 Lebègue,
376 3158 328 63 Raymond,
737 3163 172 49 1895-

188 3235 1877 68 … Le mystère des Actes des apôtres, contribution à l’étude
57 3312 2005 68 de l’humanisme et du protestantisme français au XVI ᵉ siècle.
55 3390 186 67 Paris,
270 3390 77 52 H.
381 3389 342 69 Champion,
755 3393 150 50 1929.

158 3473 1413 49 x p., 2 l., [3]-262 p., 1 l. VI pl. (incl. facsims.) 25 ½ ᶜᵐ.
127 3544 101 39 The
258 3545 217 46 mystery
504 3543 51 40 of
585 3545 82 38 the
696 3543 173 41 “Actes
900 3545 84 39 des
1014 3544 225 48 apôtres”
1272 3545 90 39 has
1392 3545 119 39 been
1542 3545 221 41 ascribed
1792 3548 50 38 to
1874 3548 186 40 Arnoul

55 3601 96 39 and
187 3600 164 40 Simon
387 3598 191 41 Gréban
612 3610 55 29 as
700 3599 127 48 joint
861 3601 219 46 authors,
1114 3601 97 39 and
1245 3601 103 39 also
1382 3603 47 37 to
1465 3601 125 39 Jean
1624 3602 63 39 du
1723 3602 152 41 Prier.
1938 3605 46 39 It
2017 3604 43 41 is

54 3656 243 48 probable,
332 3655 258 48 according
625 3658 48 38 to
710 3657 83 39 the
826 3657 180 39 author
1041 3657 53 40 of
1127 3656 100 41 this
1261 3657 148 48 work,
1446 3659 110 39 that
1590 3659 81 39 the
1707 3658 213 50 existing
1953 3662 106 38 text

54 3712 42 40 is
125 3712 60 46 by
215 3711 164 41 Simon
409 3711 205 48 Gréban,
644 3712 225 47 assisted,
900 3712 228 48 possibly,
1156 3714 61 46 by
1245 3713 78 40 his
1351 3713 199 40 brother
1578 3715 185 39 Arnoul;
1823 3717 96 39 and
1949 3717 110 39 that

54 3768 124 40 Jean
205 3769 62 38 du
294 3767 138 40 Prier
457 3768 140 40 made
623 3778 63 29 an
710 3768 290 48 adaptation
1026 3769 52 40 of
1101 3770 54 39 it.
1210 3770 61 47 cf.
1298 3770 201 46 Introd.,
1525 3781 43 37 p.
1598 3771 95 49 [vii];
1752 3771 304 49 Conclusion,

53 3835 42 37 P.
122 3824 101 41 228.

126 3879 392 49 “Bibliographie
549 3881 83 39 des
663 3881 297 40 manuscrits
991 3883 48 38 et
1067 3882 84 39 des
1182 3880 239 42 éditions”
1440 3893 9 29 :
1481 3893 44 37 p.
1559 3883 190 49 [35]-73.

61 3945 1992 59 © June 1, 1929; 1c. June 28; A— Foreign 3722; R. Lebègue, Rennes,
130 4006 199 40 France.
396 4006 280 50 (29-21618)
