2542 4389
1105 4037 133 50 1083

231 458 1289 50 1 p. l., 533 p. incl. illus., tables, diagrs. 16½ ᶜᵐ .
231 516 234 41 Contains
497 515 394 49 bibliographies.

166 570 1991 52 © July 10, 1929; 2c. July 13; aff. July 11; A 11286; Edward Hart,
234 632 198 47 Easton,
461 630 84 41 Pa.
611 629 281 49 (29-15035)

161 726 307 62 Messmer,
500 724 187 55 Josef.

230 803 54 53 A
315 802 137 53 visit
481 808 58 47 to
566 804 97 52 the
692 803 362 69 stigmatized
1088 822 135 51 seer,
1254 804 245 52 Therese
1529 804 319 69 Neumann,
1876 804 77 68 by
1982 805 180 67 Msgr.

159 881 217 68 Joseph
426 881 273 52 Messmer
772 882 131 67 [and]
959 883 95 53 Rt.
1106 883 138 53 Rev.
1297 881 220 69 Bishop
1570 880 334 69 Sigismund
1953 881 211 67 Waitz,

196 1002 9 9 D.
274 1003 10 10 D.;
343 959 318 53 translated
689 959 152 54 from
870 960 95 52 the
995 960 252 55 German
1272 960 76 68 by
1376 978 31 33 a
1435 958 247 54 member
1709 958 65 53 of

159 959 1979 147 the Dominican order. Chicago, Ill., John P. Daleiden co. [ ᶜ1 929]
231 1118 779 50 117 p. front. (port.) 19½ᶜᵐ.
234 1177 129 40 “The
413 1187 219 37 message
684 1177 52 40 of
785 1177 386 47 Konnersreuth,
1224 1177 62 47 by
1340 1178 82 40 the
1475 1176 149 48 Right
1676 1177 253 40 Reverend
1983 1176 184 49 Bishop

163 1233 278 49 Sigismund
468 1233 190 41 Waitz”
677 1245 8 29 :
715 1245 44 37 p.
789 1233 188 42 79-110.

167 1288 1995 52 © May 31, 1929; 2c. and aff. July 11; A 11188; John P . Daleiden co.
245 1349 281 50 (29-15060)

165 1444 286 65 Milligan,
482 1444 277 55 Clarence
787 1445 64 54 P.

238 1525 145 51 Blue
407 1529 176 47 water
605 1524 249 61 ballads;
884 1524 95 52 the
1003 1524 201 53 inland
1227 1542 137 50 seas,
1386 1525 75 68 by
1490 1523 271 55 Clarence
1784 1525 66 53 P.
1876 1524 289 69 Milligan.

166 1602 1368 70 Philadelphia, Dorrance & company [ ᶜ1 928]
232 1681 1933 51 93 p. incl. front. 19 ᶜᵐ . (Half-title: Contemporary poets of Dorrance,
163 1738 81 49 77)

235 1796 170 39 Poems
434 1796 148 40 about
612 1797 81 39 the
724 1795 149 41 Great
903 1796 172 41 Lakes.

169 1850 52 52 ©
249 1854 127 39 June
402 1854 39 44 1,
469 1853 140 47 1929;
638 1853 67 41 2c.
731 1853 117 47 July
874 1853 82 47 10;
1018 1852 51 41 aff.
1097 1853 117 47 July
1238 1853 84 47 12;
1351 1853 39 39 A
1420 1853 170 47 10198;
1621 1853 249 41 Dorrance
1897 1858 37 40 &
1960 1865 83 32 co..
2072 1854 92 41 inc.

247 1910 281 49 (29-14938)

171 1991 354 53 Minnesota.
601 1993 277 68 Supreme
908 2000 175 46 court.

238 2070 324 54 Minnesota
602 2076 222 63 reports.
917 2089 50 35 v.
1010 2070 114 54 175.
1203 2070 170 55 Cases
1413 2073 214 66 argued
1666 2074 112 52 and
1818 2072 353 53 determined

232 2148 1824 71 … June 22-November 30, 1928. Henry Burleigh Wenzell,
171 2170 1974 125 reporter,
417 2227 172 52 Ethel
620 2227 79 53 M.
734 2227 239 59 Martin,
1008 2227 269 53 assistant
1311 2233 272 62 reporter.
1661 2229 164 54 Saint
1861 2231 166 58 Paul,
172 2231 1972 127 Lavallee
381 2306 110 51 law

519 2304 148 54 book
695 2324 98 49 co.,
827 2307 149 53 1929.

238 2385 173 49 lxxxii,
446 2386 86 40 710
563 2396 43 38 p.
669 2385 148 42 22½ᶜᵐ.

172 2437 52 53 ©
250 2443 121 40 Mar.
395 2442 70 48 20,
491 2442 112 40 1929;
657 2443 67 39 2c.
749 2443 121 48 Aug.
895 2444 53 46 7;
976 2442 82 42 aff.
1083 2443 121 48 Aug.
1230 2444 52 41 5;
1310 2444 40 38 A
1376 2444 169 42 11557;
1575 2445 130 40 Mike
1731 2446 159 48 Holm,
1919 2448 247 48 secretary

240 2499 52 41 of
327 2500 82 40 the
443 2501 128 39 state
606 2499 50 41 of
692 2500 290 48 Minnesota,
1018 2500 48 40 in
1101 2503 130 38 trust
1265 2501 79 40 for
1381 2502 80 40 the
1496 2502 177 40 benefit
1709 2503 52 40 of
1796 2503 85 40 the
1913 2505 168 47 people
2116 2505 51 39 of

239 2557 107 39 said
374 2558 141 47 state,
546 2556 67 42 St.
643 2557 138 40 Paul.

170 2637 188 52 Mirza
385 2636 144 54 Riza
558 2637 379 66 Khan-Arfa,
968 2641 300 68 princesse.

298 2715 1766 73 … Le roman d’un harem. Paris, E. Flammarion [ ᶜ1 929]
237 2795 88 42 280
351 2807 58 37 p.,
436 2796 27 41 3
513 2827 9 11 l.
581 2797 147 42 18½ᶜᵐ.

172 2849 1910 56 © Jan. 31, 1929; 1c. Feb. 18; A—Foreign 1842; Ernest Flammarion.
250 2910 281 50 (29-15083)

174 2991 218 64 Moore,
423 2991 172 65 Mary
624 2992 190 56 Anne.

300 3069 1871 76 … Senior method in the church school, by Mary Anne
167 3146 212 53 Moore.
474 3149 137 53 New
663 3149 180 67 York,
896 3150 331 55 Cincinnati
1283 3157 138 63 [etc.]
1478 3153 123 53 The
1648 3152 316 71 Abingdon
2014 3173 158 50 press

172 3229 192 64 [ ᶜ1 929]
308 3308 1865 52 xv, 360 p. 20 ᶜᵐ . (The Abingdon religious education texts, D. G.
170 3365 227 48 Downey,
427 3367 197 46 general
652 3366 171 42 editor.
886 3367 309 49 Community
1225 3368 219 49 training
1472 3371 163 39 school
1665 3370 165 49 series,
1861 3371 57 41 N.
1949 3372 53 40 E.
170 3372 1987 97 Richardson,
390 3422 182 47 editor)

241 3480 348 41 “References”
619 3484 51 37 at
695 3482 92 40 end
816 3481 51 40 of
894 3484 119 38 each
1039 3484 217 47 chapter.

177 3533 52 52 ©
257 3538 127 42 June
410 3540 25 38 7,
476 3537 115 41 1929;
645 3539 67 40 2c.
741 3540 95 39 and
865 3539 82 41 aff.
976 3541 116 47 July
1162 3551 9 36 8;
1201 3541 42 39 A
1270 3540 172 43 10099;
1474 3543 63 39 M.
1566 3542 53 40 A.
1649 3543 177 42 Moore.
1858 3542 309 47 Huntington

246 3596 142 46 Park,
419 3595 144 42 Calif.
630 3595 281 51 (29-15057)

177 3675 234 64 Morris,
440 3677 138 55 Mrs.
609 3677 132 53 Mae
770 3678 250 56 Norton.

247 3755 121 53 The
400 3756 403 66 stay-at-home
831 3757 161 55 birds
1023 3759 114 53 and
1167 3759 151 53 their
1348 3759 288 70 traveling
1667 3760 240 70 friends,
1935 3762 76 68 by
2041 3760 134 53 Mae

178 3832 222 53 Norton
445 3833 242 66 Morris;
736 3836 323 53 illustrated
1106 3837 77 68 by
1229 3836 296 70 Margaret
1577 3837 57 56 S.
1680 3839 279 54 Johnson.
2033 3839 140 52 New

180 3911 1365 73 York, Thomas Y. Crowell company [ ᶜ1 929]
