2542 4389
1022 4021 132 50 1393

114 356 187 64 Aldis,
330 357 140 53 Mrs.
499 355 288 63 Dorothy.

183 433 194 56 Jane’s
404 434 208 68 father,
636 435 76 68 by
736 435 266 69 Dorothy
1026 434 188 69 Aldis,
1237 434 141 52 with
1402 434 291 69 drawings
1717 435 75 69 by
1816 435 296 69 Margaret

112 513 294 52 Freeman.
482 512 138 52 New
653 512 180 69 York,
863 512 247 66 Minton,
1140 511 182 53 Batch
1353 513 112 51 and
1497 530 299 51 company,
1828 514 150 51 1929.

175 592 712 48 5 p. l., 3-142 p. illus. 19½ ᶜᵐ.
112 646 52 52 ©
196 651 128 47 Sept.
351 650 39 47 6,
418 649 114 40 1929;
588 649 67 40 2c.
687 650 128 47 Sept.
844 650 55 40 13;
956 649 81 41 aff.
1070 650 128 48 Sept.
1226 649 55 39 19;
1339 650 41 38 A
1408 649 144 41 12433;
1612 650 56 40 D.
1697 650 153 48 Aldis,
1882 650 225 49 Chicago.

187 706 281 49 (29-19255)

131 802 255 64 [Ashton,
416 801 312 67 Winifred]

174 879 305 53 Tradition
520 879 111 52 and
670 880 183 67 Hugh
890 880 283 67 Walpole,
1212 880 75 67 by
1329 880 293 54 Clemence
1661 881 164 51 Dane
1870 883 199 65 [pseud.]

104 958 232 55 Garden
369 957 152 63 City,
551 958 69 52 N.
653 958 90 62 Y.,
772 957 359 63 Doubleday,
1161 960 199 51 Doran
1391 961 45 49 &
1466 975 298 45 company,
1795 957 126 54 inc.,
1956 962 151 50 1929.

172 1038 473 49 4 p. l., 263 p. 19½ ᶜᵐ.
176 1097 161 41 “First
366 1095 226 41 edition.”

107 1150 52 52 ©
195 1155 128 47 Sept.
353 1154 68 47 13,
454 1153 114 40 1929;
627 1153 70 41 2c.
729 1155 95 38 and
856 1153 83 41 aff.
974 1154 129 47 Sept.
1136 1154 59 40 18;
1253 1154 40 38 A
1326 1154 145 40 12410;
1534 1155 298 48 Doubleday,
1867 1155 168 40 Doran
2068 1157 38 41 &

175 1222 80 37 co.,
281 1211 91 41 inc.
435 1210 280 48 (29-19321)

96 1307 222 62 Bayne,
348 1305 260 63 Stephen
638 1304 289 64 Fielding.

167 1383 1878 71 The Bavne-Sylvester arithmetic, by Stephen F. Bayne …
98 1461 2007 70 Emma Sylvester … Ruth T. Fitzell … 4th grade, 2d half.
97 1539 1904 79 Boston, New York [etc.] D. C. Heath and company [ ᶜ1 929]
171 1620 1368 50 vii p., 1 l. , 152, 12 p. illus., tables, diagrs. 19½ᶜᵐ.
103 1675 52 52 ©
188 1680 127 48 Sept.
345 1679 68 47 14,
443 1678 113 40 1929;
610 1678 71 40 2c.
710 1679 96 39 and
836 1677 81 41 aff.
950 1678 130 47 Sept.
1107 1677 55 40 23;
1220 1678 42 38 A
1290 1677 144 41 13521;
1493 1678 57 40 D.
1582 1678 49 41 C.
1661 1678 165 40 Heath
1856 1679 37 40 &
1921 1691 68 29 co.

99 1789 185 64 Behn,
317 1787 316 65 Siegfried,
666 1793 172 49 1884-

166 1868 122 52 The
321 1867 215 53 eternal
570 1870 338 64 magnet—a
943 1865 223 69 history
1199 1865 64 53 of
1299 1865 364 69 philosophy,
1696 1866 76 70 by
1807 1866 293 70 Siegfried

96 1943 2004 69 Behn … translated and adapted by George N. Shuster. New
96 2022 1300 69 York, The Devin-Adair company [ ᶜ1 929 ]
165 2104 601 50 xiii p., 2 l., 505 p. 22½ ᶜᵐ.
99 2160 52 52 ©
185 2164 128 47 Sept.
344 2163 68 47 12,
446 2162 138 47 1929;
617 2163 67 40 2c.
719 2162 128 48 Sept.
879 2162 82 46 14;
996 2161 83 41 aff.
1114 2162 128 46 Sept.
1273 2161 83 46 16;
1390 2162 40 38 A
1461 2161 171 47 13400;
1665 2162 331 39 Devin-Adair
2029 2173 66 29 co.

175 2220 280 49 (29-19201)

95 2314 302 65 Bernfeld,
429 2313 218 65 Simon,
681 2319 172 49 1860-
1067 2330 179 50 comp.

225 2388 1872 72 … The teachings of Judaism, from the sources, compiled
90 2473 35 52 by
194 2475 104 51 Dr.
333 2471 198 56 Simon
565 2468 279 55 Bernfeld
877 2468 95 53 for
1002 2469 95 52 the
1130 2467 195 57 Union
1356 2468 64 52 of
1450 2468 251 55 German
1733 2470 153 52 Jews
91 2469 1982 150 (Germany)

375 2549 356 53 Authorized
780 2546 347 54 translation
1175 2545 152 54 from
1377 2546 96 52 the
1522 2547 91 63 2d,
1662 2564 113 34 rev.
1826 2549 113 52 and
1988 2548 107 52 enl.

87 2624 1985 138 German ed., by Armin Ha jman Koller … v. 1. The foundations
270 2709 63 50 of
365 2707 214 54 Jewish
616 2705 192 53 ethics.
884 2705 139 52 New
1058 2704 182 66 York,
1274 2704 120 52 The
1429 2703 336 53 Macmillan
1798 2722 299 50 company,

90 2791 149 49 1929.

159 2867 85 41 265
277 2878 43 38 p.
383 2866 57 40 19½ᶜᵐ.

160 2922 263 44 “Sources”
443 2933 9 29 :
483 2934 43 29 v.
554 2922 40 47 1,
622 2932 44 37 p.
696 2919 219 43 236-245.

94 2978 52 52 ©
180 2981 129 49 Sept.
339 2982 69 46 17,
439 2979 116 41 1929;
613 2980 67 39 2c.
712 2979 96 39 and
840 2977 82 40 aff.
956 2977 128 47 Sept.
1117 2976 57 40 18;
1231 2975 43 39 A
1303 2975 144 39 12445;
1510 2975 283 40 Macmillan
1824 2987 69 30 co.
170 3036 281 50 (29-19216)

91 3133 184 53 Bible.
353 3133 65 54 O.
450 3134 64 51 T.
591 3131 249 53 Genesis.
917 3128 263 68 English.

157 3213 122 51 The
316 3211 125 52 first
479 3209 148 53 book
665 3207 64 53 of
766 3208 205 66 Moses,
1010 3205 182 52 called
1233 3203 250 54 Genesis.
1562 3205 222 52 Yellow
1828 3205 264 72 Springs,

88 3289 86 68 O.,
199 3289 203 53 Kahoe
428 3287 113 53 and
567 3303 298 50 company,
897 3287 150 51 1929.

157 3365 766 53 8 p. l., 162. [1] p. illus. 25½ᶜᵐ.
160 3428 146 40 “This
337 3426 185 41 edition
553 3425 51 40 of
635 3425 81 40 the
746 3423 124 41 book
903 3422 52 40 of
987 3419 201 43 Genesis
1218 3418 209 42 consists
1459 3419 52 41 of
1541 3420 86 40 950
1658 3421 160 49 copies
1849 3422 52 41 of
1933 3423 159 41 which

87 3487 98 40 this
210 3486 43 40 is
278 3495 76 30 no.
379 3482 71 42 3.”

159 3543 131 39 “The
323 3542 104 40 text
460 3539 118 41 used
612 3538 42 40 is
688 3538 109 39 that
832 3536 52 40 of
919 3536 82 40 the
1034 3533 132 49 King
1197 3533 167 41 James
1397 3531 237 43 version.”

91 3596 52 52 ©
175 3599 128 48 Sept.
330 3599 41 44 4,
400 3596 142 42 1929;
572 3596 68 39 2c.
670 3595 95 39 and
796 3593 82 40 aff.
913 3592 128 48 Sept.
1070 3591 84 46 16;
1185 3590 41 39 A
1255 3588 171 48 12375;
1459 3590 171 41 Kahoe
1660 3592 37 40 &
1725 3603 68 29 co.
1854 3589 74 53 [©
156 3594 1914 110 illustrations]
454 3650 280 52 (29-19213)

90 3750 171 65 Billy,
289 3747 220 66 André,
542 3752 170 50 1882-

82 3817 1982 154 … La vie amoureuse de Sophie Arnould (avec des documents inédits)
622 3895 965 73 [Paris] E. Flammarion [ ᶜ1 929]
