2547 4384
1311 4029 102 55 876

362 371 246 64 O’Dare,
649 369 176 56 Kain.

432 450 361 68 Philosophy
822 449 65 53 of
915 449 95 53 the
1041 449 163 69 dusk,
1230 450 78 68 by
1335 447 159 55 Kain
1526 447 256 68 O’Dare;
1813 449 328 53 illustrated
2167 450 78 69 by
2272 448 95 54 the

362 529 224 66 author,
635 529 143 51 with
828 547 73 33 an
950 527 393 53 introduction
1392 527 75 69 by
1518 524 133 72 Guy
1701 528 211 52 Pearce
1960 527 192 54 Jones.
2229 526 139 52 New

366 604 1234 70 York, London, The Century co. [ ᶜ1 929]
427 686 96 48 xvi,
553 687 87 40 247
670 697 43 37 p.
788 686 165 48 front.,
984 687 171 47 plates.
1324 718 10 9 19ᶜᵐ.
1451 683 132 51 $2.00

429 744 242 42 “Written
701 746 84 38 out
815 743 53 41 of
896 745 186 46 twenty
1110 754 55 29 or
1194 753 132 29 more
1356 752 143 38 years
1529 742 54 41 of
1609 742 225 41 criminal
1864 743 103 49 life,
1997 745 127 39 most
2155 743 54 41 of
2238 744 130 40 them

357 805 139 45 spent
523 802 179 41 behind
730 801 168 48 prison
923 800 435 42 walls.”—Introd.

360 857 52 52 ©
437 862 115 46 May
574 861 39 45 3,
637 858 142 47 1929;
805 859 67 41 2c.
898 860 96 39 and
1019 858 83 42 aff.
1127 859 114 47 May
1264 859 53 46 7;
1344 859 40 38 A
1439 858 111 47 6963;
1579 858 215 48 Century
1818 869 69 31 co.

437 916 282 50 (29-12782)

360 1010 131 63 Orr,
521 1010 212 53 Hiram
763 1009 288 64 Winnett,
1083 1012 169 53 1877-

428 1087 430 70 Osteomyelitis
900 1089 114 52 and
1057 1087 323 68 compound
1423 1086 284 55 fractures
1751 1087 113 54 and
1907 1088 164 53 other
2113 1086 250 54 infected

359 1166 263 67 wounds;
663 1169 308 49 treatment
1010 1165 77 69 by
1125 1166 97 52 the
1259 1165 234 53 method
1534 1164 65 54 of
1640 1164 277 71 drainage
1957 1165 115 53 and
2113 1170 133 61 rest,
2288 1165 78 53 H.

357 1242 2010 71 Winnett Orr … St. Louis, The C. V. Mosby company, 1929.
426 1325 87 41 208
540 1336 43 38 p.
644 1325 132 41 illus.
943 1357 8 8 24ᶜᵐ.

359 1380 52 52 ©
437 1384 128 39 June
588 1384 40 47 1,
653 1383 143 47 1929;
822 1383 68 41 2c.
916 1382 128 43 June
1066 1383 83 46 10;
1178 1382 82 41 aff.
1287 1384 128 39 June
1484 1393 8 36 8;
1519 1384 40 38 A
1585 1383 143 46 8574;
1758 1382 48 41 C.
1834 1383 54 41 V.
1915 1382 170 48 Mosby
2110 1392 68 31 co.

437 1440 282 50 (29-12843)

357 1521 326 63 Osbourne,
713 1520 206 65 Lloyd,
953 1525 173 51 1868-

427 1596 1940 71 Peril, by Lloyd Osbourne … Garden City, N. Y., Pub. for
357 1676 95 53 the
490 1676 192 55 Crime
719 1676 148 68 club,
903 1676 127 67 inc.,
1068 1676 76 69 by
1181 1675 359 69 Doubleday,
1578 1676 201 53 Doran
1818 1678 46 51 &
1900 1694 302 52 company,
2241 1676 127 67 inc.,

358 1757 150 50 1929.

425 1835 570 50 3 p. l., 329 p. 19½ᶜᵐ.
358 1891 52 52 ©
435 1896 128 39 June
581 1895 39 47 7,
639 1894 114 40 1929;
807 1895 67 39 2c.
899 1894 97 40 and
1020 1893 83 41 aff.
1126 1894 128 40 June
1277 1893 55 41 18;
1386 1894 40 38 A
1480 1893 85 41 8765;
1619 1894 52 40 L.
1690 1894 265 48 Osbourne,
1976 1893 103 49 Cap
2101 1892 267 49 d’Antibes,

426 1953 55 39 A.
505 1953 78 47 M.,
609 1952 203 41 France.
873 1950 282 50 (29-12912)

358 2034 254 64 Osburn,
644 2034 213 54 Worth
890 2033 223 54 James.

356 2110 2012 149 Corrective arithmetic for supervisors, teachers, and teachertraining classes, by Worth J. Osburn … v. 2. Boston, New
359 2267 1470 69 York [etc.] Houghton Mifflin company [ ᶜ1 929]
427 2351 62 47 vi,
514 2350 85 40 279
624 2361 42 38 p.
729 2350 144 48 illus.,
899 2350 170 49 tables,
1096 2350 179 48 diagrs.
1337 2349 145 40 19½ᶜᵐ.

360 2405 52 52 ©
436 2410 127 39 June
586 2409 69 47 11,
679 2407 142 47 1929;
847 2408 67 40 2c.
939 2408 127 41 June
1089 2407 55 39 22;
1198 2407 82 41 aff.
1306 2408 127 39 June
1456 2408 83 46 20;
1567 2408 38 38 A
1659 2407 85 40 8953;
1800 2409 71 39 W.
1891 2409 44 40 J.
1955 2407 206 47 Osburn,
427 2407 1922 107 Columbus,

554 2465 54 42 O.

357 2547 251 64 Palmer,
640 2546 192 53 Leslie
863 2547 47 51 E
1202 2550 171 51 1887-

426 2624 1937 70 Accountants’ working papers, by Leslie E. Palmer … and
358 2702 2008 69 William H. Bell … Rev. ed. New York, The Ronald press
356 2783 512 67 company [ ᶜ1 929]
426 2862 101 47 viii,
555 2863 86 40 313
670 2873 43 37 p.
744 2862 108 40 incl.
881 2863 148 39 numb.
1072 2863 154 38 forms
1266 2861 137 48 (part
1430 2861 145 48 fold.)
1752 2894 8 8 22ᶜᵐ.

359 2916 51 52 ©
435 2921 128 39 June
587 2921 39 47 6,
651 2920 144 47 1929;
819 2920 69 41 2c.
914 2921 128 39 June
1066 2920 83 47 10;
1176 2920 83 41 aff.
1285 2921 128 39 June
1438 2921 52 46 8;
1518 2921 40 38 A
1583 2920 142 43 9575;
1755 2921 191 39 Ronald
1972 2931 141 38 press
2136 2931 68 29 co.

436 2977 282 49 (29-12839)

357 3058 220 63 Payne,
608 3058 235 52 Arthur
873 3057 218 65 Frank,
1124 3060 172 53 1876-

427 3137 115 53 Art
577 3137 338 52 metalwork
947 3137 140 52 with
1124 3137 368 68 inexpensive
1528 3137 345 69 equipment,
1911 3138 94 52 for
2037 3138 98 53 the
2170 3136 195 70 public

359 3214 2006 71 schools and for the craftsman, by Arthur F. Payne … Peoria,
360 3293 1087 68 Ill., The Manual arts press [ ᶜ1 929]
425 3374 86 40 176
538 3385 43 37 p.
609 3374 112 42 incl.
746 3375 166 47 front.,
939 3374 131 41 illus.
1237 3406 10 9 23ᶜᵐ.

359 3427 52 52 ©
446 3433 128 39 June
604 3432 41 48 4,
677 3431 116 40 1929;
854 3432 68 41 2c.
956 3433 128 39 June
1115 3431 83 47 10;
1235 3431 81 41 aff.
1352 3432 127 39 June
1512 3433 52 45 7;
1600 3433 40 38 A
1675 3431 141 47 9588;
1851 3433 55 39 A.
1943 3433 51 39 F.
2030 3433 178 47 Payne,
2243 3433 118 39 New

426 3489 145 41 York.
645 3484 52 52 [©
724 3488 274 40 additional
1024 3490 195 47 matter]
1285 3488 282 49 (29-12931)

357 3568 317 64 Pillsbury,
702 3569 227 53 Walter
957 3569 259 63 Bowers,
1249 3570 170 54 1872-

426 3645 1936 70 The history of psychology, by W. B. Pillsbury … New
360 3723 1437 70 York, W. W. Norton & company, inc. [ ᶜ1 929]
463 3838 9 14 x,
506 3807 176 40 11-326
714 3817 44 38 p.
818 3807 165 46 front.,
1018 3809 151 46 ports.
1336 3840 8 8 22ᶜᵐ.

428 3863 379 47 Bibliography:
842 3874 41 37 p.
916 3863 218 41 316-320.

360 3914 52 52 ©
441 3920 114 46 May
580 3920 70 47 27,
677 3919 141 47 1929;
848 3920 66 40 2c.
943 3921 128 39 June
1097 3919 82 48 10;
1209 3919 82 41 aff.
1320 3921 128 39 June
1473 3921 53 45 7;
1557 3920 38 38 A
1623 3919 141 47 9593;
1796 3921 70 40 W.
1895 3921 71 40 W.
1995 3920 186 39 Norton
2210 3923 37 40 &
2273 3930 83 32 co.,

427 3975 91 42 inc.
589 3975 281 50 (29-12786)
