2533 4342
1312 3970 135 52 1676

422 400 526 48 43 p. diagr. 23 ᶜᵐ .
363 452 52 52 ©
445 457 120 48 Aug.
593 457 69 47 30,
693 457 117 40 1929;
865 457 68 40 2c.
964 457 129 48 Sept.
1123 457 25 38 3;
1208 455 83 41 aff.
1320 455 122 48 Aug.
1471 455 56 40 31;
1586 455 41 39 A
1657 455 144 40 12105;
1862 455 51 40 F.
1945 457 63 39 M.
2041 455 179 48 Cutler,
430 455 1913 106 Amherst,
609 513 148 41 Mass.
823 513 283 48 (29-21516)

357 592 203 64 Davis,
590 593 192 53 David
811 593 239 63 Melvin,
1083 597 172 51 1886-

429 670 1938 70 Urological nursing, by David M. Davis … Philadelphia
360 750 114 52 and
508 750 259 64 London,
800 750 89 54 W.
925 751 69 52 B.
1034 749 289 56 Saunders
1357 766 300 52 company,
1695 752 149 50 1929.

429 828 845 51 1 p. l., 11-172 p. illus. 20½ ᶜᵐ .
366 884 52 52 ©
448 889 102 41 Oct.
579 890 41 46 4,
650 888 115 40 1929;
821 888 68 40 2c.
922 889 96 39 and
1048 887 84 41 aff.
1163 888 102 41 Oct.
1296 887 57 41 10;
1411 888 43 39 A
1482 887 146 41 12947;
1685 889 74 39 W.
1788 889 54 39 B.
1878 887 249 41 Saunders
2154 898 70 29 co.

443 944 281 50 (29-21522)

361 1024 84 54 De
472 1025 180 65 Blois,
680 1026 232 52 Austen
942 1026 307 66 Kennedy,
1280 1031 172 50 1866-

433 1105 270 70 Fighters
745 1105 95 53 for
881 1105 275 69 freedom,
1195 1107 196 53 heroes
1431 1106 64 53 of
1532 1108 97 52 the
1671 1106 234 69 Baptist
1944 1105 312 68 challenge,
2294 1104 78 69 by

362 1181 2011 73 Austen Kennedy de Blois … endorsed by the Department of
361 1261 342 69 missionary
751 1262 320 69 education,
1120 1263 197 52 Board
1364 1262 65 53 of
1475 1262 303 53 education
1825 1262 65 53 of
1934 1263 98 52 the
2078 1261 296 54 Northern

362 1339 2013 70 Baptist convention … Philadelphia, Boston [etc.] The Judson
361 1419 381 66 press [ ᶜ1 929]
431 1495 990 51 9 p. l., 3-437 p. front., ports. 20 ᶜᵐ .
370 1549 52 52 ©
454 1554 102 41 Oct.
586 1554 39 48 9,
656 1554 114 41 1929;
828 1555 68 40 2c.
927 1556 96 39 and
1054 1554 83 41 aff.
1169 1555 102 41 Oct.
1302 1556 55 38 12;
1417 1555 43 39 A
1488 1554 144 41 15003;
1694 1556 190 40 Judson
1913 1566 150 38 press.

447 1610 281 49 (29-21485)

363 1691 219 65 Derby,
611 1690 191 56 Willis
831 1691 67 55 O.

436 1767 164 56 Store
642 1775 401 62 management
1088 1768 95 54 for
1225 1770 192 69 profit,
1460 1771 76 68 by
1578 1770 196 54 Willis
1820 1769 68 56 O.
1935 1770 212 68 Derby.
2229 1770 141 54 New

364 1845 162 53 York
553 1847 114 52 and
694 1846 260 68 London,
983 1847 236 69 Harper
1246 1850 46 50 &
1319 1848 280 68 brothers,
1632 1850 152 53 1929.

435 1927 988 50 viii p., 1 l., 163 p. incl. forms. 21 ᶜᵐ .
437 1983 162 42 “First
634 1984 228 41 edition.”

371 2037 52 52 ©
453 2042 102 41 Oct.
583 2042 40 48 2,
651 2042 141 47 1929;
822 2043 68 40 2c.
920 2043 104 41 Oct.
1051 2044 53 46 2;
1135 2043 83 42 aff.
1248 2043 102 40 Oct.
1378 2044 54 40 4;
1464 2043 40 39 A
1533 2043 172 47 13876;
1735 2044 195 47 Harper
1960 2044 37 40 &
2023 2044 126 39 bros.

449 2098 281 49 (29-21572)

372 2165 222 64 Devoy,
625 2166 174 64 John,
833 2171 328 50 1842-1928.

442 2245 413 54 Recollections
888 2245 64 54 of
986 2265 71 34 an
1091 2246 155 53 Irish
1281 2246 179 60 rebel;
1496 2248 96 51 the
1625 2246 222 53 Fenian
1880 2249 334 50 movement.
2289 2244 89 53 Its

373 2322 190 69 origin
596 2325 113 52 and
741 2341 282 51 progress.
1098 2324 267 53 Methods
1397 2324 65 53 of
1493 2324 162 52 work
1685 2325 60 52 in
1775 2324 236 53 Ireland
2045 2325 114 52 and
2189 2323 61 51 in
2281 2323 98 52 the

375 2401 221 54 British
637 2419 176 49 army.
888 2402 157 69 Why
1080 2401 47 51 it
1163 2402 180 54 failed
1378 2406 59 49 to
1472 2402 230 53 achieve
1737 2403 77 54 its
1845 2402 157 53 main
2039 2400 203 70 object,
2275 2401 103 53 but

374 2480 283 52 exercised
686 2486 163 62 great
876 2478 278 55 influence
1180 2499 72 34 on
1281 2478 280 55 Ireland’s
1590 2480 213 53 future.
1877 2479 408 55 Personalities
2316 2478 66 55 of

374 2558 96 52 the
501 2557 414 69 organization.
990 2558 123 53 The
1146 2556 419 56 Clan-na-Gael
1595 2560 113 51 and
1739 2559 97 52 the
1865 2557 184 69 rising
2078 2557 65 54 of
2174 2558 207 51 Easter

372 2635 168 67 week,
597 2638 149 50 1916.
822 2635 55 52 A
929 2635 266 69 personal
1246 2636 293 53 narrative
1588 2636 77 69 by
1715 2635 157 55 John
1923 2637 217 66 Devoy.
2238 2635 142 54 [New

376 2713 181 68 York,
590 2713 168 55 Chas.
790 2714 65 52 P.
888 2713 214 69 Young
1132 2731 298 51 company,
1462 2714 270 68 printers,
1787 2716 152 65 ᶜ1929]

442 2793 1823 50 3 p. l., ii p., 1 l., iii, 491 p. front., illus. (facsims.) ports. 25 ᶜᵐ .
376 2844 53 55 ©
460 2852 127 39 June
614 2851 72 48 25,
717 2851 115 40 1929;
892 2852 68 39 2c.
994 2851 127 40 June
1151 2850 55 41 28;
1268 2851 82 41 aff.
1381 2851 121 48 Aug.
1535 2852 57 40 17;
1651 2852 43 39 A
1723 2852 145 40 12825;
1930 2851 216 41 Richard
2178 2852 50 39 F.

446 2852 1911 95 Dalton
556 2908 97 39 and
680 2908 166 47 Harry
873 2907 354 48 Cunningham,
1255 2909 255 39 executors
1536 2908 54 40 of
1615 2910 159 39 estate
1802 2908 52 40 of
1880 2907 128 41 John
2036 2908 179 45 Devoy,
2244 2908 136 48 Long

447 2965 168 39 Island
646 2964 124 48 City,
801 2964 57 41 N.
888 2964 55 40 Y.
1011 2963 281 49 (29-21384)

379 3027 221 65 Drady,
629 3028 172 56 Alan.

449 3107 239 70 Rodney
715 3108 260 69 Newton,
1003 3109 75 69 by
1104 3108 152 53 Alan
1287 3108 220 69 Drady.
1583 3108 140 52 New
1753 3108 180 70 York,
1960 3109 67 54 P.
2055 3108 55 55 J.
2139 3107 243 69 Kenedy

373 3186 44 51 &
444 3203 129 36 sons
607 3187 193 66 [ᶜ1929]

442 3266 570 49 5 p. l., 283 p. 19½ ᶜᵐ .
381 3317 52 52 ©
462 3322 102 42 Oct.
593 3323 39 47 8,
660 3323 115 40 1929;
832 3325 68 39 2c.
929 3325 104 40 Oct.
1061 3324 55 39 12;
1173 3324 82 40 aff.
1285 3325 103 40 Oct.
1416 3324 55 39 11;
1528 3325 43 39 A
1597 3325 146 39 14124;
1801 3326 51 39 P.
1881 3325 44 41 J.
1954 3325 202 47 Kenedy
2184 3324 37 40 &
2250 3334 127 30 sons.

457 3377 280 49 (29-21422)

374 3443 188 63 Dyke,
592 3443 259 55 Andrew
876 3446 136 64 Lee,
1043 3447 170 54 1875-

445 3520 212 69 Dyke’s
706 3522 243 53 aircraft
999 3523 204 69 engine
1251 3524 327 54 instructor.
1655 3524 323 54 Third-run
2028 3523 140 55 with
376 3523 1980 143 additions,

585 3599 1798 73 by A. L. Dyke … Chicago, The Goodheart-Willcox
375 3693 298 51 company,
701 3677 126 67 inc.,
859 3682 150 50 1929.

484 3757 1808 53 x, 425 p. col. front., illus. (part col.) 3 col. fold. pl., diagrs. 24½ ᶜᵐ
382 3810 51 52 ©
469 3815 103 40 Oct.
605 3816 39 45 1,
680 3815 141 47 1929;
854 3817 69 40 2c.
956 3819 97 39 and
1088 3818 81 40 aff.
1207 3819 102 40 Oct.
1344 3819 82 46 12;
1464 3819 43 39 A
1539 3818 171 47 12987;
1748 3819 54 40 A.
1836 3819 52 39 L.
1923 3818 152 47 Dyke,
2114 3817 68 40 St.
2216 3816 148 40 Louis.

469 3866 52 50 [©
549 3872 222 39 addenda
801 3874 95 38 and
923 3873 181 41 inserts]
1189 3874 280 42 (29-21533)
