2533 4384
1071 4030 100 53 279

100 377 313 60 Thomson,
441 372 116 62 Jay
584 370 192 64 Earle,
811 374 170 50 1885-

165 439 1932 77 Aviation stories, by Jay Earle Thomson … New York,
96 529 252 68 Chicago
399 532 120 60 [etc.]
554 525 348 67 Longmans,
930 519 185 57 Green
1149 520 112 52 and
1292 538 99 48 co.,
1422 520 152 54 1929.

163 602 847 55 vi, 250 p. incl. front., illus. 20 ᶜᵐ.
102 678 51 52 ©
185 680 110 41 Feb.
327 680 68 45 14,
427 677 140 47 1929;
600 676 67 42 2c.
702 677 122 39 Mar.
856 675 25 39 6;
943 673 82 40 aff.
1058 672 123 41 Mar.
1214 672 52 45 5;
1300 670 42 40 A
1371 670 142 48 4719;
1548 671 289 47 Longmans,
1873 670 156 39 Green
2062 670 36 40 &

168 748 66 30 co.
303 734 249 50 (29-6337)

100 860 253 62 Ullman,
382 855 284 54 Berthold
695 855 199 64 Louis,
926 857 171 52 1882-

166 936 138 53 New
344 935 346 67 elementary
728 932 195 67 Latin,
961 930 140 54 with
1142 929 316 54 correlated
1497 928 216 53 studies
1753 928 58 51 in
1857 925 247 71 English

100 1005 2003 77 for junior and senior high schools, by B. L. Ullman … and
98 1083 2008 77 Norman E. Henry … New York, The Macmillan company,
100 1174 148 50 1929.

168 1243 1936 58 xxvi p., 1 l. , 448, 42 p. col. front., illus. (incl. music) col. plates,
100 1306 625 51 double map, diagr. 20 ᶜᵐ.
170 1378 191 41 “Books
387 1378 81 38 for
496 1377 253 41 collateral
781 1373 231 50 reading”
1030 1385 10 29 :
1073 1384 44 38 p.
1146 1372 222 42 396-398.

108 1445 51 52 ©
190 1449 111 42 Feb.
331 1449 69 43 26,
430 1448 118 39 1929;
601 1447 66 41 2c.
699 1448 96 39 and
826 1445 82 41 aff.
941 1446 111 40 Feb.
1082 1443 83 48 27;
1197 1444 41 39 A
1268 1444 142 46 4616;
1445 1442 283 42 Macmillan
1758 1453 67 31 co.
184 1504 252 50 (29-6375)

101 1629 126 52 Van
257 1628 168 65 Dine,
452 1629 58 53 S.
536 1628 76 63 S.,
641 1629 195 68 pseud.

170 1709 120 53 The
325 1708 216 68 Bishop
572 1709 233 52 murder
835 1724 139 44 case,
1004 1726 32 33 a
1066 1704 172 55 Philo
1266 1705 194 53 Vance
1489 1709 176 63 story,
1694 1703 76 70 by
1800 1702 57 56 S.
1892 1702 56 55 S.
1979 1704 129 52 Van

102 1782 1447 65 Dine … New York, C. Scribner’s sons, 1929.
173 1862 1852 55 viii p., 1 l., 349 p. 2 fold. plans. 19½ ᶜᵐ. [The Philo Vance series]
108 1935 51 52 ©
193 1939 111 41 Feb.
336 1939 70 46 20,
438 1939 141 41 1929;
612 1937 67 42 2c.
714 1939 123 38 Mar.
871 1936 81 46 12;
989 1934 82 43 aff.
1105 1936 122 39 Mar.
1261 1935 53 45 9;
1352 1935 39 39 A
1422 1935 141 46 4838;
1600 1934 203 41 Charles
1842 1932 267 43 Scribner’s

175 2005 126 31 sons.
372 1995 251 49 (29-6345)

102 2117 275 65 Walpole,
409 2118 200 64 Hugh,
643 2122 172 52 1884-

175 2198 288 67 Farthing
493 2198 136 56 hall,
659 2196 74 70 by
760 2197 181 69 Hugh
972 2195 264 70 Walpole
1265 2197 113 52 and
1409 2196 56 53 J.
1498 2196 64 51 B.
1596 2193 298 70 Priestley.
105 2194 1986 135 Garden
248 2274 154 71 City,

440 2276 69 53 N.
550 2276 88 57 Y.,
675 2275 357 68 Doubleday,
1069 2274 198 53 Doran
1308 2274 112 53 and
1459 2290 298 52 company,
1798 2270 124 63 inc.,
1963 2275 150 50 1929.

173 2356 471 51 4 p. l., 319 p. 20 ᶜᵐ.
111 2425 51 52 ©
192 2428 112 43 Feb.
331 2429 55 40 26,
431 2429 138 41 1929;
601 2428 66 41 2c.
693 2428 97 40 and
820 2428 81 40 aff.
932 2428 121 40 Mar.
1082 2426 82 46 12;
1196 2426 40 39 A
1262 2425 143 47 4831;
1438 2425 300 49 Doubleday,
1769 2425 167 40 Doran
1965 2425 37 40 &
2029 2436 82 36 co.,

179 2485 90 42 inc.
340 2484 251 49 (29-6351)

106 2592 175 65 Walt,
312 2593 265 55 Charles.

180 2672 155 54 Love
367 2672 55 53 in
459 2671 253 70 Chicago
767 2674 93 65 [by]
899 2670 236 56 Charles
1169 2670 175 54 Walt.
1420 2670 138 53 New
1592 2670 181 67 York,
1804 2669 328 69 Harcourt,.

109 2750 862 73 Brace and company [ ᶜ1 929 ]
177 2832 277 50 254 p. 20 ᶜᵐ.
113 2899 52 52 ©
198 2902 112 42 Feb.
342 2903 69 46 21,
444 2902 117 40 1929;
616 2902 69 42 2c.
717 2902 97 40 and
846 2902 84 41 aff.
964 2901 110 43 Feb.
1108 2902 59 40 28;
1227 2903 38 38 A
1299 2902 141 42 5530;
1476 2902 262 48 Harcourt,
1773 2902 157 42 Brace
1963 2904 36 38 &
2032 2913 82 32 co.,

181 2958 93 43 inc.
342 2959 253 48 (29-5599)

114 3068 119 54 The
271 3068 140 53 War
450 3070 111 52 and
600 3069 94 54 the
731 3069 251 54 Russian
1019 3074 403 64 government:
1462 3069 120 54 The
1622 3070 218 53 central
177 3087 1918 116 government.

382 3144 1738 77 by Paul P. Gronsky … The municipal government
179 3227 111 54 and
326 3227 94 53 the
455 3225 376 57 All-Russian
864 3226 175 54 union
1074 3226 63 54 of
1169 3230 200 65 towns,
1401 3223 77 73 by
1508 3226 273 56 Nicholas
1814 3227 57 56 J.
1905 3228 216 54 Astrov

180 3301 1917 151 … New Haven, Yale university press; London, H. Milford, Oxford
629 3383 320 70 university
983 3402 174 50 press,
1193 3384 94 52 for
1318 3384 97 52 the
1449 3383 282 71 Carnegie
1763 3384 359 53 endowment

181 3459 93 54 for
308 3460 408 55 international
753 3480 198 50 peace:
984 3460 267 57 Division
1286 3462 66 53 of
1385 3460 311 57 economics
1732 3464 114 53 and
1882 3461 240 71 history,

182 3542 149 51 1929.

113 3616 1991 102 xvi, 331 p. 25 ᶜᵐ. [Carnegie endowment for international peace. Division of economics
703 3678 96 39 and
837 3677 205 48 history.
1103 3676 258 42 Economic
1400 3677 95 42 and
1533 3678 150 40 social
1722 3676 190 50 history
1953 3677 50 40 of
2041 3678 82 40 the

114 3735 150 40 world
293 3744 115 30 war.
470 3732 214 42 Russian
713 3733 167 50 series]

183 3804 351 49 Bibliography
562 3808 52 37 at
642 3806 92 40 end
762 3804 54 41 of
843 3807 67 46 pt.
983 3838 8 8 II.

120 3870 51 52 ©
199 3874 111 43 Feb.
337 3875 69 43 21,
434 3875 139 42 1929;
601 3876 67 41 2c.
696 3875 112 40 Feb.
836 3875 82 41 28;
948 3875 82 41 aff.
1060 3875 109 41 Feb.
1197 3875 83 47 26;
1312 3876 40 38 A
1378 3875 141 47 5525;
1551 3876 237 47 Carnegie
1815 3876 306 41 endowment

186 3931 81 40 for
301 3932 351 40 international
689 3943 158 36 peace,
884 3931 337 49 Washington.
1298 3931 252 50 (29-6034)
