2533 4342
1294 3984 132 50 1468

409 436 1118 52 xiv p., 1 l., 182 p. front., plates. 21 ½ᶜᵐ .
346 492 52 52 ©
435 497 127 48 Sept.
594 495 71 48 20,
698 495 117 40 1929;
874 495 71 41 2c.
976 495 98 39 and
1107 493 82 41 aff.
1226 493 128 49 Sept.
1387 493 58 40 23;
1505 493 41 39 A
1577 492 146 40 13525;
1786 493 56 39 R.
1876 493 51 39 P.
1962 491 230 48 Holland,
2225 492 118 40 New

412 552 146 40 York.
626 551 282 49 (29-19605)

340 633 185 63 Horn,
559 631 39 54 S
883 630 54 57 J.

415 711 147 52 Paul
590 709 238 70 Adams,
855 729 31 33 a
912 710 169 52 novel
1107 708 64 52 of
1196 728 73 34 an
1295 708 308 52 American
1630 708 232 66 dentist,
1886 709 76 67 by
1992 707 56 55 S.
2077 708 56 54 J.
2161 707 187 53 Horn.

343 789 140 53 New
514 788 180 69 York,
726 788 277 52 Benedict
1032 786 341 69 publishers,
1402 786 128 69 inc.,
1562 789 152 50 1929.

412 869 102 48 viii,
544 869 88 40 345
662 879 44 37 p.
766 867 59 41 20½ᶜᵐ.

347 921 52 52 ©
428 925 129 48 Sept.
582 924 70 48 23,
680 923 141 47 1929;
850 924 68 41 2c.
946 925 97 39 and
1069 924 84 41 aff.
1183 924 127 47 Sept.
1337 923 84 47 28;
1452 924 42 38 A
1519 922 172 48 12615;
1725 923 45 41 S.
1800 923 44 41 J.
1873 923 152 47 Horn,
2053 923 118 39 New
2200 922 145 40 York.

424 979 282 51 (29-19780)

336 1061 188 66 Jesse,
555 1062 320 64 Fryniwyd
904 1062 336 63 Tennyson.

415 1140 122 52 The
566 1157 227 51 canary.

445 1222 63 39 (In
537 1218 202 43 London
770 1217 279 52 magazine,
1081 1218 146 52 Aug.,
1262 1218 144 49 1929)

348 1273 1785 52 © 1c. Sept. 12, 1929; A ad int. 13129; pubd. July 15; Fryniwyd
416 1276 1916 98 Tennyson
531 1334 138 39 Jesse
699 1334 261 47 Harwood,
995 1334 26 39 i.
1052 1344 38 29 e.
1122 1334 116 40 Mrs.
1270 1333 60 40 H.
1361 1334 64 40 M.
1456 1333 262 47 Harwood,
1749 1332 229 48 Bosham,
2009 1332 84 40 Nr.
415 1330 1917 109 Chichester,

531 1390 239 48 England.

346 1468 243 66 Jordan,
616 1468 192 55 David
835 1470 193 65 Starr,
1058 1474 172 50 1851-

417 1550 84 52 To
556 1549 279 68 Barbara,
887 1550 114 52 and
1057 1549 162 52 other
1272 1567 188 36 verses
1509 1549 76 69 by
1638 1548 195 54 David
1890 1548 166 55 Starr
2110 1547 241 55 Jordan.

355 1627 301 69 [Yonkers,
679 1627 70 53 N.
778 1627 90 67 Y.]
900 1627 160 53 Priv.
1087 1628 176 67 print,
1292 1626 93 53 for
1409 1627 98 52 the
1531 1628 225 66 author,
1785 1630 150 50 1929.

417 1707 664 49 viii p., 1 l., 67 p. 21½ᶜᵐ.
420 1764 93 40 “Of
552 1764 99 40 this
690 1764 185 41 edition
915 1763 118 41 1000
1069 1764 161 47 copies
1270 1764 123 39 have
1435 1764 119 39 been
1592 1763 197 49 printed
1829 1763 80 40 for
1948 1763 83 41 the
2070 1763 179 40 author
2290 1762 60 47 by

348 1820 167 40 World
545 1820 124 40 book
697 1830 250 38 company,
978 1821 98 39 and
1106 1820 83 41 the
1220 1822 114 46 type
1365 1819 340 42 distributed.”

353 1872 52 52 ©
436 1876 129 48 Sept.
593 1877 69 47 17,
691 1876 142 47 1929;
862 1876 69 41 2c.
960 1877 98 39 and
1086 1876 83 41 aff.
1200 1876 128 49 Sept.
1357 1875 85 49 20;
1472 1876 41 39 A
1541 1875 174 48 13484;
1746 1876 168 40 World
1943 1876 123 40 book
2094 1886 69 30 co.

429 1931 281 50 (29-19719)

347 1997 243 66 Kellett,
619 1999 220 52 Ernest
868 1998 276 65 Edward,
1175 2004 172 49 1864-

412 2074 56 52 A
495 2075 161 52 short
682 2075 224 69 history
936 2075 65 53 of
1029 2076 95 53 the
1154 2075 172 69 Jews,
1356 2076 168 53 down
1554 2081 59 48 to
1644 2076 97 53 the
1772 2076 224 52 Roman
2027 2075 219 69 period,
2276 2076 74 68 by

344 2152 2008 71 E. E. Kellett … New York, L. MacVeagh, The Dial press,
345 2234 150 49 1929.

417 2311 1379 51 viii p., 1 l., 11-280 p. fold. front., fold. maps. 21 ᶜᵐ.
418 2368 177 42 “Short
624 2368 370 49 bibliography”:
1055 2381 44 37 p.
1129 2369 219 41 263-266.

354 2423 1944 52 © Sept. 10, 1929; 2c. Sept. 23; aff. Sept. 19; A 13546; Dial press, inc.
432 2483 282 49 (29-19631)

352 2549 269 64 Kenyon,
649 2548 178 53 Doris
854 2550 329 63 Margaret,
1213 2554 171 49 1898-

346 2626 1983 147 Doris Kenyon’s monologues, by Doris Kenyon. Philadelphia, The Penn publishing company [ ᶜ19 29]
419 2784 893 49 150 p. incl. front. (port.) 19½ᶜᵐ.
420 2842 266 40 Published
715 2842 51 39 in
795 2844 113 46 part
938 2842 51 40 in
1019 2841 115 41 1921
1164 2842 156 40 under
1349 2842 137 40 title:
1522 2842 281 41 Humorous
1835 2844 325 46 monologues.

357 2895 52 52 ©
436 2900 120 47 Aug.
582 2899 69 48 10,
680 2899 140 47 1929;
846 2899 71 42 2c.
945 2900 96 39 and
1069 2899 82 40 aff.
1182 2899 129 48 Sept.
1338 2900 83 47 12;
1451 2899 41 39 A
1519 2898 171 48 13269;
1721 2900 133 40 Penn
1883 2900 108 48 pub.
2019 2910 68 30 co.

435 2955 282 49 (29-19634)

355 3021 280 64 Larsson,
664 3022 310 62 Raymond
1005 3020 341 65 Ellsworth,
1376 3026 169 49 1901-

348 3097 1984 131 O city, cities! [by] R. Ellsworth Larsson. New York, Payson
478 3177 112 51 and
622 3174 226 69 Clarke,
876 3176 125 68 ltd.,
1032 3178 150 51 1929.

422 3257 397 49 104 p., 1 l. 21 ᶜᵐ.
422 3315 186 41 Poems.

360 3368 52 52 ©
448 3372 128 48 Sept.
607 3373 69 47 14,
708 3372 141 45 1929;
884 3372 68 41 2c.
988 3371 128 49 Sept.
1150 3372 82 46 16;
1269 3371 82 41 aff.
1389 3372 127 48 Sept.
1550 3373 83 46 17;
1669 3372 41 39 A
1742 3372 171 46 12385;
1950 3373 56 39 R.
2042 3373 53 38 E.
2129 3371 227 47 Larsson,

427 3428 118 40 New
571 3429 145 39 York.
780 3428 283 50 (29-19638)

359 3493 331 65 Lonergan,
717 3494 261 53 Thomas
1009 3493 286 65 Clement,
1328 3499 170 49 1886-

432 3572 59 52 It
528 3572 189 68 might
754 3573 144 53 have
937 3574 140 52 been
1115 3575 111 50 lost
1245 3573 10 51 !
1334 3573 55 51 A
1429 3573 286 53 chronicle
1756 3571 153 54 from
1950 3572 150 53 alien
2140 3591 222 34 sources

362 3650 65 52 of
446 3651 96 52 the
565 3650 256 69 struggle
844 3655 59 49 to
927 3669 263 50 preserve
1212 3651 96 53 the
1328 3651 257 52 national
1611 3651 249 69 identity
1883 3651 65 53 of
1968 3651 97 53 the
2087 3651 71 52 A.
2184 3650 67 54 E.
2276 3650 86 68 F.,

360 3726 2000 71 by Thomas Clement Lonergan … New York, London, G. P.
360 3804 298 55 Putnam’s
688 3825 146 49 sons,
866 3808 152 50 1929.

430 3886 104 48 xiii,
562 3886 87 40 327
676 3897 43 37 p.
775 3886 164 47 front.,
971 3888 164 46 ports.,
1163 3886 206 49 facsim.,
1400 3886 154 48 diagr.
1611 3886 57 40 22½ᶜᵐ.
