2533 4342
1307 3989 136 55 1716

380 346 204 54 Rhode
614 346 216 54 Island.
905 349 279 68 Supreme
1214 356 174 46 court.

516 426 1814 68 … Reports of cases argued and determined. [v. 49] …
384 503 254 54 Edward
670 504 61 54 C.
768 503 236 69 Stiness,
1035 510 273 61 reporter.
1384 503 372 70 Providence,
1788 505 67 54 E.
1888 505 64 54 L.
1984 505 279 53 Freeman
2293 522 99 53 co.,

381 582 268 68 printers,
680 585 148 51 1929.

454 662 472 50 xxxii, 560 p. 24 ᶜᵐ.
388 729 52 53 ©
467 735 122 48 Aug.
617 735 38 47 1,
685 734 117 40 1929;
856 734 68 40 2c.
956 733 130 49 Sept.
1115 735 56 39 17;
1230 734 82 41 aff.
1343 733 103 41 Oct.
1476 734 59 40 16;
1591 734 43 40 A
1662 734 146 41 12378;
1869 734 140 41 State
2038 735 51 40 of
2117 735 168 40 Rhode
454 736 1914 103 Island,

619 790 310 48 Providence,
963 791 57 41 R.
1055 791 38 40 I.

378 886 186 64 Rhys,
593 886 279 63 Mimpsy.

448 961 112 54 Mr.
589 960 234 54 Hermit
853 961 170 70 Crab,
1053 980 32 34 a
1112 962 114 52 tale
1256 962 94 53 for
1379 963 259 52 children
1664 962 77 69 by
1770 981 32 34 a
1831 962 172 68 child,
2031 962 76 70 by
2132 963 258 68 Mimpsy

379 1039 178 71 Rhys,
594 1039 338 54 introduced
967 1040 76 69 by
1079 1039 172 70 Mary
1287 1039 302 55 Elizabeth
1628 1040 287 68 Barnicle,
1951 1040 326 55 illustrated
2315 1041 76 71 by

378 1118 188 53 Helen
597 1118 220 55 Sewell.
882 1119 141 52 New
1052 1118 180 68 York,
1262 1119 121 52 The
1411 1119 338 52 Macmillan
1778 1137 97 52 co.,
1905 1122 150 50 1929.

514 1201 1351 49 xv p., 1 l. , 190 p. incl. illus., plates, col. front. 22 ᶜᵐ.
384 1269 55 52 ©
469 1274 128 47 Sept.
626 1273 69 47 10,
724 1272 141 48 1929;
897 1274 66 39 2c.
995 1274 96 39 and
1120 1273 83 42 aff.
1235 1273 128 48 Sept.
1393 1274 82 46 11;
1508 1274 40 38 A
1577 1273 172 47 15391;
1781 1273 284 41 Macmillan
2095 1284 67 30 co.

463 1329 280 49 (29-22917)

374 1423 284 66 Rølvaag,
691 1424 102 54 Ole
826 1425 248 65 Edvart,
1109 1427 172 54 1876-

376 1502 1987 131 … Giants in the earth, by O. E. Rölvaag, with an introduction
539 1581 1847 70 by Vernon L. Parrington … New York and London,
373 1658 821 69 Harper & brothers [ ᶜ1 929]
446 1739 1374 49 xxxiv, 468 p. 19½ ᶜᵐ. (Harper’s modern classics)
446 1811 341 40 Introduction
817 1810 169 48 signed
1005 1821 9 29 :
1047 1810 200 41 Lincoln
1280 1810 218 42 Colcord.

446 1867 378 48 Bibliography;
855 1878 44 38 p.
927 1867 220 42 467-468.

382 1935 52 53 ©
475 1939 104 41 Oct.
615 1938 70 49 29,
724 1938 118 41 1929;
904 1938 69 41 2c.
1013 1939 119 39 Nov.
1171 1938 25 39 1;
1265 1937 81 41 aff.
1389 1938 102 40 Oct.
1529 1938 55 40 31;
1655 1938 40 39 A
1734 1937 145 41 15420;
1948 1939 206 47 Harper
2182 1941 38 41 &
2257 1939 126 40 bros.

470 1991 778 53 [ © introduction] (29-22808)
376 2091 210 63 Ropes,
616 2090 204 53 James
849 2090 226 63 Hardy,
1111 2094 172 50 1866-

507 2165 1879 70 … The singular problem of the Epistle to the Galatians, by
374 2243 1981 70 James Hardy Ropes … Cambridge, Harvard university press;
374 2324 258 67 London,
669 2323 78 52 H.
787 2322 269 68 Milford,
1098 2321 232 56 Oxford
1369 2321 322 69 university
1730 2340 175 50 press,
1948 2325 150 50 1929.

377 2405 1957 110 3 p. l., 46 p. 23½ᶜᵐ. (Added t.-p.: Harvard theological studies … [XIV])
447 2520 160 41 Series
633 2520 109 40 title
768 2520 103 39 also
898 2521 53 38 at
977 2520 127 39 head
1130 2518 53 41 of
1206 2520 100 47 t.-p.

447 2578 201 39 “Issued
676 2587 54 29 as
758 2586 63 30 an
849 2578 143 37 extra
1020 2576 203 38 number
1251 2575 52 40 of
1330 2575 82 40 the
1440 2576 234 39 Harvard
1702 2575 292 48 theological
2022 2575 220 41 review.”

446 2634 69 39 “A
542 2633 129 40 brief
697 2634 333 46 commentary
1058 2643 62 29 on
1148 2633 83 39 the
1259 2631 215 48 Epistle”;
1534 2642 42 38 p.
1603 2631 161 41 28-42.

380 2687 53 52 ©
466 2691 102 40 Oct.
598 2690 70 49 19,
699 2690 114 40 1929;
872 2690 68 40 2c.
973 2690 96 39 and
1101 2688 83 41 aff.
1217 2689 101 40 Oct.
1351 2688 58 41 28;
1466 2688 44 40 A
1540 2689 147 40 14419;
1747 2689 260 40 President
2037 2693 38 41 &
2104 2690 192 40 fellows
2329 2690 53 40 of

448 2748 231 39 Harvard
710 2748 192 46 college,
935 2746 303 48 Cambridge,
1270 2746 147 40 Mass.
1486 2745 283 49 (29-22820)

373 2840 256 65 Salmon,
659 2841 164 63 Lucy
850 2841 312 64 Maynard,
1194 2841 327 54 1853-1927.

442 2919 156 69 Why
649 2918 47 53 is
747 2919 223 68 history
1024 2917 327 53 rewritten?
1431 2919 91 67 By
1572 2920 160 66 Lucy
1784 2918 290 69 Maynard
2127 2917 254 68 Salmon,

372 2992 2009 74 with an introduction by Edward P. Cheyney … New York,
372 3072 231 56 Oxford
630 3072 322 71 university
980 3091 176 51 press,
1188 3076 150 50 1929.

442 3154 771 49 xiii, 217 p. fold, diagr. 23½ ᶜᵐ.
445 3212 130 40 “The
608 3211 302 50 publication
942 3211 54 40 of
1028 3211 99 40 this
1159 3211 124 39 book
1315 3221 102 29 was
1451 3211 141 39 made
1624 3210 212 49 possible
1870 3211 60 47 by
1965 3211 82 38 the
2081 3210 132 48 Lucy
371 3210 1991 98 Maynard

528 3269 194 41 Salmon
750 3269 125 39 fund
904 3268 80 40 for
1013 3267 376 48 research.”—p.
1470 3287 10 29 [v]

379 3322 53 52 ©
458 3326 128 48 Sept.
611 3326 69 48 12,
706 3326 114 40 1929;
874 3325 68 41 2c.
969 3329 97 38 and
1091 3324 81 41 aff.
1201 3325 103 41 Oct.
1330 3325 56 39 17;
1440 3323 43 40 A
1506 3324 143 40 15061;
1708 3322 188 42 Oxford
1922 3323 131 41 univ.
2080 3333 149 39 press,
2257 3323 111 40 New

446 3383 145 48 York,
622 3383 91 39 inc.
782 3381 283 50 (29-22815)

370 3477 268 64 Schaxel,
666 3476 195 54 Julius
888 3476 223 64 Christ,
1144 3477 172 53 1887-

504 3550 1872 71 … Das leben auf der erde. Jena, Urania-verlagsgesellschaft
368 3633 458 67 m. b. h., ᶜ1 928.
374 3709 1985 102 79, [1] p. illus., diagrs. 21 ᶜᵐ. [“Urania”-kulturpolitische monatshefte über
685 3771 149 38 natur
865 3771 99 38 und
994 3767 329 49 gesellschaft,
1355 3768 43 41 4.
1428 3768 175 47 jahrg.,
1634 3765 220 50 1928/29,
1885 3776 73 30 nr.
1991 3765 42 51 1]

444 3827 63 41 At
533 3827 124 40 head
684 3826 52 40 of
762 3825 111 41 title
890 3837 9 29 :
927 3825 134 40 Prof.
1089 3825 71 41 dr.
1188 3823 99 42 Jul.
1317 3823 223 42 Schaxel.

377 3880 53 52 ©
458 3885 112 40 Dec.
598 3884 39 48 1,
666 3883 141 46 1928;
867 3894 36 28 1c.
934 3884 123 39 Mar.
1085 3883 70 47 13,
1184 3881 140 41 1929;
1355 3881 314 47 A—Foreign
1697 3879 141 48 2391;
1872 3878 199 49 Urania,
446 3878 1908 103 verlagsgesellschaft
729 3951 61 28 m.
818 3940 42 39 b.
887 3939 46 41 h.
1001 3938 281 49 (29-22664)
