2533 4342
1323 3980 135 51 1830

455 414 1934 49 “The first twenty-one chapters … were completed by Paxton Hibben
385 470 165 40 before
588 469 77 41 his
705 470 236 48 untimely
981 472 162 38 death.
1205 472 101 39 The
1344 473 123 38 book
1505 482 54 29 as
1596 471 41 41 it
1675 473 171 39 stands
1885 482 100 29 was
2022 472 268 47 completed
2329 472 61 47 by

385 526 49 41 C.
464 526 209 47 Hartley
703 526 363 49 Grattan.”—p.
1099 546 57 30 [v]

454 581 349 49 Bibliography
821 593 9 29 :
866 592 44 38 p.
941 582 221 42 409-419.

390 634 51 52 ©
471 638 102 41 Oct.
602 639 69 48 28,
700 638 115 40 1929;
872 639 67 40 2c.
972 639 102 41 Oct.
1103 640 54 39 31;
1218 640 82 41 aff.
1331 640 102 40 Oct.
1462 640 57 39 29;
1578 640 40 38 A
1647 639 148 41 14826;
1853 640 184 39 Farrar
2065 641 38 40 &
2132 640 254 49 Rinehart,

459 695 91 40 inc.
618 695 281 48 (29-24634)

382 787 298 66 Huneker,
710 789 206 53 James
945 788 280 66 Gibbons,
1258 795 327 51 1860-1921.

454 866 245 53 Painted
735 867 157 57 veils,
926 868 77 68 by
1038 869 194 53 James
1266 868 293 68 Huneker,
1595 868 141 53 with
1772 869 201 53 twelve
2009 869 382 53 illustrations

383 943 1836 72 in color by Majeska … New York, H. Liveright, 1929.
452 1024 998 50 310 p. col. front., col. plates. 25 ᶜᵐ .
456 1081 1936 52 “This edition … is limited to 1250 numbered copies.” This copy not
382 1140 277 39 numbered.

390 1192 51 52 ©
477 1196 101 40 Oct.
612 1197 69 47 18,
716 1197 116 39 1929;
892 1197 68 40 2c.
995 1198 119 40 Nov.
1148 1198 23 37 1;
1237 1197 83 40 aff.
1355 1197 101 40 Oct.
1493 1198 55 39 31;
1611 1197 42 39 A
1688 1196 143 40 15422;
1897 1198 194 39 Horace
2124 1198 265 47 Liveright,

456 1253 91 40 inc.
626 1249 51 52 [©
711 1253 332 40 illustrations
1075 1253 49 38 in
1158 1254 144 48 color]
1376 1252 281 49 (29-24640)

382 1346 185 64 Lang,
597 1346 221 55 André.

378 1424 1987 145 … Fantaisie amoureuse. L’herbe tendre. Paris, Gallimard [1929]
449 1582 777 50 4 p. l., [ll]-236 p., 2 l. 19 ᶜᵐ .
387 1635 2002 52 © Mar. 27, 1929; 1c. May 17; A— Foreign 3486; Librairie Gallimard.
464 1696 280 48 (29-25331)

377 1774 172 65 Lilly,
575 1775 169 56 Jean.

452 1853 1942 70 False face, by Jean Lilly … New York, E. P. Dutton &
379 1931 471 69 co., inc. [ ᶜ1 929]
450 2011 595 50 4 p. l., 3-392 p. 20 ᶜᵐ .
453 2068 162 41 “First
646 2068 229 41 edition.”

392 2122 51 51 ©
477 2126 101 40 Oct.
608 2127 41 46 4,
680 2125 141 42 1929;
855 2126 67 40 2c.
953 2126 119 40 Nov.
1104 2125 81 40 16;
1221 2136 24 28 af
1267 2125 36 40 f.
1335 2126 119 39 Nov.
1486 2125 52 46 9;
1573 2126 41 38 A
1646 2126 144 39 15823;
1853 2128 52 38 E.
1937 2128 51 38 P.
2022 2126 187 39 Dutton
2242 2127 36 38 &
2308 2136 83 36 co.,

455 2182 91 41 inc.
618 2182 280 48 (29-27527)

380 2261 298 65 McGuire,
712 2261 330 65 Elizabeth,
1075 2264 83 53 ed.

462 2339 342 67 [Questions,
851 2340 290 68 exercises,
1187 2345 158 48 notes
1393 2340 113 53 and
1554 2340 365 68 vocabulary,
1966 2338 75 71 by
2089 2337 304 55 Elizabeth

387 2416 2004 69 McGuire in the book entitled] El monta ñ esillo; El molinerillo :
389 2493 2006 69 dos cuentos por Don Antonio de Trueba … New York, Henry
386 2572 832 67 Holt and company [ ᶜ1 929]
455 2653 726 49 iv p., 2 l., 3-137 p. 17½ ᶜᵐ .
392 2705 51 52 ©
479 2710 128 47 Sept.
638 2709 69 48 30,
742 2708 138 48 1929;
915 2710 67 39 2c.
1015 2710 119 40 Nov.
1166 2710 52 46 5;
1253 2709 81 40 aff.
1367 2710 119 39 Nov.
1519 2710 53 46 7;
1607 2709 42 39 A
1679 2708 172 48 15594;
1885 2709 170 47 Henry
2088 2709 119 39 Holt
2241 2708 37 40 &
2309 2717 82 38 co.,

455 2766 93 41 inc.

380 2844 595 66 Manning-Sanders,
1008 2845 248 64 George.

451 2925 187 52 Drum
668 2926 113 52 and
811 2923 263 71 monkey,
1103 2925 75 69 by
1210 2923 222 71 George
1463 2923 592 71 Manning-Sanders.
2132 2924 260 67 London,

381 3002 924 67 Faber & Faber limited [ 1929]
453 3081 720 51 2 p. l., 7-327, [1] p. 19 ½ ᶜᵐ .
390 3136 1998 52 © 1c. Nov. 6, 1929; A ad int. 13182; pubd. Sept. 20; Horace Liveright,
457 3197 104 47 inc.,
592 3197 118 40 New
737 3196 144 39 York.
950 3193 282 50 (29-25609)

378 3278 399 64 Meriwether,
808 3278 214 55 Susan.

384 3353 1984 131 … The playbook of pirates, by Susan Meriwether … illustrations
571 3432 75 68 by
685 3431 198 51 Frank
921 3431 234 52 Dobias.
1230 3431 139 52 New
1408 3431 164 51 York
1611 3431 113 52 and
1764 3431 260 66 London,
2064 3431 234 67 Harper
2340 3433 52 49 &

383 3509 277 67 brothers,
696 3511 151 50 1929.

457 3588 1938 50 1 p. l., 10 p. col. front., 1 illus., col. plates. 33 ᶜᵐ . (The playbook
386 3645 177 48 series)

457 3702 102 39 The
590 3702 191 39 colored
812 3701 159 47 plates
1001 3701 183 39 consist
1216 3701 52 39 of
1299 3702 187 39 cut-out
1518 3700 180 48 figures
1732 3701 96 39 and
1846 3699 271 49 properties
2135 3703 49 37 to
2201 3701 57 39 be
2276 3701 119 39 used

389 3759 60 46 by
476 3757 219 40 children
722 3756 50 39 in
799 3756 201 48 making
1025 3767 28 29 a
1082 3758 113 46 play
1223 3756 51 40 of
1303 3757 83 40 the
1414 3759 167 37 events
1609 3757 237 39 narrated
1876 3756 50 39 in
1956 3757 83 39 the
2068 3758 119 38 text.
2249 3755 148 49 Stage

385 3817 99 37 sets
513 3824 112 37 may
655 3815 57 38 be
740 3814 190 39 formed
960 3814 63 46 by
1053 3814 83 39 the
1164 3813 287 40 detachable
1481 3823 142 29 cover
1654 3813 95 39 and
1780 3813 303 47 end-papers.

393 3867 52 51 ©
476 3871 118 40 Nov.
625 3871 39 47 7,
695 3869 117 40 1929;
868 3869 68 42 2c.
966 3871 120 39 Nov.
1117 3869 53 47 5;
1204 3869 82 41 aff.
1317 3869 118 40 Nov.
1467 3868 53 47 9;
1554 3868 41 39 A
1625 3869 172 47 15668;
1830 3869 194 48 Harper
2056 3869 36 40 &
2122 3869 126 39 bros.

470 3925 281 50 (29-24620)
