2542 4389
1026 4074 133 49 1611

138 482 351 48 Bibliography
519 483 51 39 at
599 482 92 39 end
721 481 52 39 of
801 484 126 36 most
957 479 52 41 of
1039 480 82 40 the
1151 479 241 47 chapters.

77 548 53 53 ©
161 552 117 48 July
309 553 39 47 5,
380 551 142 47 1929;
553 551 67 41 2c.
654 551 102 40 Oct.
787 551 54 38 21;
905 549 82 40 aff.
1021 549 102 41 Oct.
1155 549 55 38 22;
1272 548 41 38 A
1343 547 172 47 15201;
1552 547 175 40 Milton
1759 547 215 46 Bradley
2006 556 68 30 co.

151 607 282 50 (29-22390)

68 703 196 63 Olson,
294 701 244 54 Willard
569 702 61 54 C.

145 780 121 52 The
297 786 411 46 measurement
744 777 64 53 of
838 796 247 35 nervous
1115 778 191 52 habits
1339 778 63 51 in
1432 776 225 52 normal
1691 774 279 68 children,
2000 772 71 71 by

73 850 1981 137 Willard C. Olson … Minneapolis, The University of Minnesota
227 935 386 67 press [ ᶜ1 929]
144 1016 84 48 xii,
262 1015 57 41 97
350 1026 43 38 p.
455 1015 179 48 diagrs.
803 1047 8 7 20ᶜᵐ.
884 1014 301 48 (Half-title:
1218 1013 285 47 University
1538 1013 51 40 of
1622 1011 292 41 Minnesota.
1976 1010 102 40 The

74 1072 229 40 institute
333 1071 52 40 of
415 1071 129 40 child
575 1071 217 40 welfare.
853 1070 302 48 Monograph
1187 1069 152 42 series
1369 1079 75 31 no.
1547 1069 16 49 III)

147 1141 321 40 “References
496 1151 126 37 upon
654 1140 159 39 which
844 1140 83 40 the
956 1140 261 46 inventory
1246 1139 52 40 of
1328 1139 96 40 tics
1451 1140 46 38 is
1523 1137 206 41 based”:
1761 1148 44 38 p.
1836 1136 130 41 9-10.

79 1207 51 53 ©
162 1212 128 48 Sept.
318 1211 69 48 19,
416 1211 141 47 1929;
587 1212 68 40 2c.
686 1211 102 40 Oct.
817 1210 82 48 19;
930 1210 83 41 aff.
1043 1210 104 40 Oct.
1175 1209 83 48 18;
1288 1211 42 38 A
1357 1209 173 48 14265;
1562 1208 284 47 University
1877 1207 51 41 of
144 1206 1917 110 Minnesota,
358 1267 339 49 Minneapolis.
764 1266 282 50 (29-22382)

71 1363 197 63 Owen,
296 1361 174 65 John,
502 1365 172 51 1878-

204 1435 1879 73 … Der glückspilz, roman aus Liverpool. Berlin [etc.] P.
72 1517 263 69 Zsolnay,
369 1519 150 49 1929.

142 1599 99 49 390,
321 1619 10 30 [1]
366 1610 43 38 p.
576 1631 9 9 20ᶜᵐ.

146 1655 355 41 “Autorisierte
571 1656 288 46 übersetzung
894 1665 89 29 aus
1020 1655 106 39 dem
1163 1655 281 47 englischen
1476 1665 93 29 von
1605 1653 156 40 Paula
1796 1653 229 40 Arnold.”

81 1707 1999 53 © Mar. 18, 1929; 1c. June 1; A —Foreign 3362; Paul Zsolnay verlag,
147 1779 96 38 ges.
270 1779 61 31 m.
358 1769 43 39 b.
427 1768 47 41 h.
539 1767 281 49 (29-21953)

72 1864 178 63 Page,
281 1862 208 65 Kirby,
524 1867 169 51 1890-

143 1940 1880 72 Jesus or Christianity; a study in contrasts, by Kirby Page …
77 2020 235 55 Garden
343 2020 153 68 City,
526 2021 68 54 N.
629 2021 90 68 Y.,
751 2020 359 69 Doubleday,
1140 2020 202 52 Doran
1373 2021 44 51 &
1446 2037 300 53 company,
1773 2019 129 69 inc.,
1936 2021 149 51 1929.

149 2099 651 50 vi p., 1 l., 326 p. 19½ᶜᵐ.
83 2154 55 52 ©
167 2157 102 42 Oct.
297 2159 41 47 4,
367 2157 115 41 1929;
540 2158 67 40 2c.
638 2159 96 39 and
763 2157 83 41 aff.
878 2158 102 40 Oct.
1010 2157 83 46 25;
1125 2158 45 38 A
1197 2157 172 48 14358;
1401 2157 301 48 Doubleday,
1735 2157 167 41 Doran
1934 2157 38 40 &
2001 2167 82 37 co.,

152 2214 92 41 inc.
311 2213 281 50 (29-22406)

77 2309 364 64 Pawlowski,
471 2310 236 53 Jerome
738 2310 24 52 I
1054 2314 169 50 1895-

77 2387 1988 148 Poland and her people, by Dr. Jerome Pawlowski … [Detroit,
262 2466 1031 71 Printed by Bare brothers, ᶜ1 929]
151 2547 99 48 211,
279 2547 56 49 [1]
365 2557 57 38 p.,
450 2547 24 39 1
503 2547 31 41 l.
593 2546 146 42 23½ᶜᵐ.

87 2601 51 52 ©
167 2606 101 40 Oct.
295 2605 68 48 15,
391 2603 141 48 1929;
560 2606 69 39 2c.
654 2606 97 38 and
778 2604 82 41 aff.
890 2605 102 40 Oct.
1019 2604 83 48 18;
1131 2605 44 39 A
1200 2604 171 48 14246;
1401 2605 45 41 J.
1475 2606 39 40 I.
1540 2604 307 49 Pawlowski,
1877 2605 207 40 Detroit.

163 2660 281 50 (29-22408)

78 2755 268 64 Perkins,
376 2755 277 53 Jeanette
682 2755 214 55 Eloise.

151 2832 271 70 Primary
463 2832 250 68 worship
756 2832 190 69 guide,
988 2832 64 53 of
1093 2833 212 68 special
1345 2834 167 52 value
1553 2840 59 46 to
1655 2834 220 53 schools
1917 2834 172 68 using

81 2910 95 53 the
207 2910 209 69 closely
445 2910 216 68 graded
693 2911 212 52 church
937 2911 192 52 school
1161 2929 250 48 courses;
1449 2930 31 34 a
1510 2911 305 69 bird’s-eye
1846 2911 145 53 view
2023 2911 65 53 of

81 2989 95 52 the
211 2988 156 52 three
401 2988 258 69 primary
693 2988 220 67 classes,
947 2989 150 52 their
1131 2988 326 69 objectives,
1491 2989 361 68 discussions,
84 2989 1979 145 activities,

226 3066 113 53 and
356 3084 255 50 memory
630 3066 176 68 work,
825 3084 59 35 as
903 3067 305 68 suggested
1240 3067 62 51 in
1333 3067 96 52 the
1461 3066 272 53 teachers’
1751 3066 331 69 textbooks;

83 3144 141 52 with
263 3144 265 53 material
568 3143 95 53 for
702 3144 251 68 worship
998 3144 248 69 brought
1290 3144 261 70 together
1594 3143 152 54 from
1788 3145 300 53 textbooks

84 3222 113 52 and
238 3221 245 67 folders;
526 3222 216 67 sample
782 3222 251 68 worship
1075 3222 240 53 services
1357 3223 114 52 and
1513 3222 217 53 related
1771 3227 159 64 story

83 3241 1981 111 material
283 3298 93 54 for
409 3299 238 69 Sunday
680 3300 113 52 and
823 3300 97 52 the
951 3299 155 53 week
1135 3300 132 69 day,
1298 3299 285 69 prepared
1614 3299 76 70 by
1722 3299 265 55 Jeanette
2020 3301 69 52 E.

84 3377 261 53 Perkins.
413 3379 235 66 Boston,
681 3376 273 70 Chicago,
986 3378 122 53 The
1141 3377 252 70 Pilgrim
1424 3395 158 51 press
1693 3380 101 50 [ᶜ1929]

156 3459 85 48 xii,
272 3458 86 42 307
389 3470 43 37 p.
599 3492 9 8 21ᶜᵐ.

91 3511 53 53 ©
176 3517 102 41 Oct.
309 3516 69 49 15,
409 3516 117 41 1929;
582 3518 68 39 2c.
681 3516 97 40 and
808 3516 83 42 aff.
924 3517 102 41 Oct.
1057 3517 83 39 21:
1174 3517 41 38 A
1244 3516 172 47 15174;
1454 3516 179 47 Sidney
1661 3517 184 41 Adams
1876 3518 214 47 Weston,

161 3573 197 41 Boston.
423 3572 281 49 (29-22316)

86 3668 250 64 Perrier,
371 3669 219 51 Ernest
622 3668 246 55 Gaston.

218 3744 1878 58 … La merveilleuse aventure de Sir Pickwick, illustrations de
88 3821 70 53 A.
189 3821 269 55 Galland.
523 3823 184 66 Paris,
737 3821 255 71 Gedalge
1029 3825 172 65 [1929]

158 3903 69 48 95,
261 3904 54 49 [1]
347 3914 44 38 p.
451 3904 128 41 illus.
639 3906 148 40 24½ᶜᵐ.

95 3955 1983 55 © Apr. 1, 1929; 1c. June 19; A—Foreign 3832; E. G. Perrier, Paris
174 4016 280 49 (29-21951)
