2533 4384
1070 4025 99 50 189

67 365 643 70 Mara ñ én, Gregorio.
134 430 1874 84 The climacteric (the critical age) by Gregorio Maranon …
69 508 1939 86 translated by K. S. Stevens; edited by Carey Culbertson …
69 605 81 55 St.
178 603 192 68 Louis,
395 602 121 53 The
545 599 62 55 C.
635 600 69 53 V.
729 597 207 69 Mosby
962 612 299 51 company,
1290 594 152 51 1929.

136 678 830 56 2 p. l., 425 p. illus., pl. 24 ᶜᵐ .
138 758 130 38 “The
312 755 196 50 present
550 751 186 41 edition
780 750 44 40 is
868 747 277 43 translated
1188 745 131 41 from
1363 744 83 40 the
1490 743 175 41 second
1713 740 214 49 Spanish
1972 749 103 38 one,

72 815 155 41 which
256 812 244 49 appeared
529 810 51 40 in
609 805 354 46 1925.”—Pref.

138 866 415 52 Bibliographical
583 865 280 42 foot-notes.

74 938 54 54 ©
154 944 112 39 Jan.
294 939 71 44 19,
391 939 143 46 1929;
561 938 71 40 2c.
659 936 111 41 Jan.
800 934 84 47 25;
914 932 84 43 aff.
1028 932 112 40 Jan.
1167 931 87 47 24;
1282 930 43 40 A
1352 929 118 41 4067;
1530 927 49 42 C.
1608 928 55 39 V.
1693 926 173 49 Mosby
1895 936 69 31 co.

152 996 252 52 (29-4702)

77 1108 301 64 Marcoux,
402 1106 245 62 Harvey
668 1102 135 55 Lee.

147 1184 268 54 Business
441 1180 498 70 correspondence,
965 1176 313 69 principles
1306 1174 113 54 and
1449 1172 266 69 practice,
1740 1171 77 70 by
1844 1171 238 69 Harvey

80 1249 2004 79 Lee Marcoux … New York, D. Van Nostrand company, inc.,
80 1346 150 50 1929.

148 1421 477 50 xii, 329 p. 21½ ᶜᵐ .
151 1493 322 42 “References
501 1491 79 41 for
606 1490 199 42 further
833 1487 175 49 study”
1028 1499 9 28 :
1068 1498 43 37 p.
1139 1485 220 42 320-322.

80 1563 54 54 ©
159 1569 112 39 Jan.
295 1566 71 42 25,
391 1564 119 41 1929;
558 1565 70 39 2c.
653 1562 112 42 Feb.
793 1562 82 46 11;
904 1558 72 43 aff.
1015 1560 112 41 Feb.
1154 1559 83 47 15;
1265 1558 41 39 A
1333 1557 115 41 5281;
1504 1558 58 39 D.
1590 1557 106 39 Van
1723 1556 249 40 Nostrand
2000 1564 83 33 co.,

150 1624 91 41 inc.
309 1621 252 51 (29-4877)

76 1719 224 66 Marks,
332 1719 207 63 Percy,
573 1722 171 49 1891-

152 1797 56 52 A
241 1796 146 53 dead
421 1812 130 35 man
588 1793 138 58 dies,
757 1792 77 69 by
868 1792 182 68 Percy
1084 1788 217 55 Marks.
1378 1788 139 53 New
1552 1786 165 55 York
1750 1788 47 51 &
1830 1785 260 69 London,

84 1876 119 53 The
237 1873 257 69 Century
525 1891 79 35 co.
683 1873 153 65 [ᶜ1929]

152 1949 879 56 4 p. l ., 3-351 p. 19½ᶜᵐ. $2.50
88 2024 52 54 ©
170 2029 110 39 Feb.
308 2027 69 48 15,
404 2026 114 40 1929;
574 2026 68 40 2c.
670 2026 96 39 and
794 2024 83 40 aff.
905 2023 112 42 Feb.
1046 2022 82 46 18;
1158 2021 40 41 A
1226 2022 115 40 5357;
1400 2020 214 49 Century
1642 2031 69 30 co.

166 2083 252 50 (29-4534)

87 2182 227 55 Mason,
350 2178 266 53 Bernard
653 2176 283 65 Sterling.

159 2258 153 53 How
355 2265 57 46 to
454 2256 128 69 spin
628 2275 28 34 a
705 2274 165 50 rope;
916 2253 174 55 lariat
1132 2252 308 71 throwing,
1484 2270 136 50 rope
1663 2250 279 71 spinning
1984 2251 112 54 and

89 2337 151 54 trick
281 2336 233 69 cowboy
556 2334 186 62 knots,
787 2334 77 70 by
906 2332 262 55 Bernard
1215 2331 57 55 S.
1319 2331 221 55 Mason.
1623 2329 312 55 Columbus
2004 2328 88 69 [O.]

90 2418 62 52 B.
187 2416 55 54 S.
272 2415 222 69 Mason,
524 2417 149 51 1928.

159 2498 57 42 80
243 2509 44 38 p.
316 2496 111 43 incl.
454 2496 165 48 front.,
649 2494 129 43 illus.
840 2494 146 42 19½ᶜᵐ.

94 2566 54 54 ©
184 2572 123 46 Aug.
342 2570 40 42 1,
419 2569 115 39 1928;
597 2570 68 40 2c.
704 2567 105 42 Oct.
847 2569 53 45 1;
938 2566 85 42 aff.
1061 2566 111 41 Jan.
1207 2567 40 48 3,
1287 2565 116 42 1929;
1469 2565 41 40 A
1545 2565 115 42 2571;
1730 2566 56 41 B.
1825 2566 48 40 S.
1912 2566 186 43 Mason,

165 2627 276 48 Columbus,
474 2626 52 41 O.
596 2624 252 50 (29-4697)

96 2722 287 61 Maxwell,
419 2721 277 53 Bertram
731 2719 326 65 Wayburn,
1097 2724 172 50 1891-

165 2797 459 71 Contemporary
656 2796 317 71 municipal
1005 2801 373 66 government
1414 2795 64 53 of
1511 2793 310 73 Germany,
1854 2796 76 70 by
97 2798 1983 134 Bertram

274 2870 1829 80 W. Maxwell … Baltimore, Warwick & York, inc., 1928.
167 2960 85 40 162
283 2971 41 37 p.
387 2959 146 40 19½ᶜᵐ.
603 2957 302 49 (Half-title:
936 2956 285 49 University
1253 2958 225 41 research
1511 2957 327 48 monographs.
1884 2967 74 31 no.
1990 2957 52 45 2)

171 3030 67 40 “A
274 3031 146 45 study
453 3030 54 40 of
537 3028 266 50 municipal
838 3030 314 47 government
1185 3027 50 41 in
1271 3026 244 50 Germany
1550 3027 132 42 since
1717 3028 82 40 the
1833 3027 276 43 revolution

103 3088 49 39 of
179 3086 354 42 1918.”—Pref.

172 3145 150 39 Notes
349 3145 94 38 and
471 3141 303 43 references:
804 3153 43 37 p.
875 3142 231 47 142-153;
1136 3140 378 51 Bibliography:
1543 3151 45 38 p.
1614 3140 218 43 154-157.

105 3212 54 54 ©
182 3217 115 40 Dec.
322 3216 39 43 1,
387 3216 115 40 1928;
555 3215 69 41 2c.
649 3214 113 42 Dec.
788 3215 85 46 15;
899 3213 85 43 aff.
1011 3215 111 40 Feb.
1148 3213 41 49 9,
1216 3214 144 47 1929;
1389 3213 41 40 A
1454 3213 145 48 4312;
1626 3213 249 43 Warwick
1900 3215 36 39 &
1962 3214 145 42 York,

173 3273 92 41 inc.
332 3271 253 51 (29-4872)

101 3369 215 56 Mears,
348 3367 153 53 John
534 3366 223 66 Henry.

175 3444 225 68 Racing
445 3445 94 52 the
584 3463 168 34 moon
810 3443 141 68 (and
998 3443 286 70 winning)
1342 3442 172 72 being
1558 3444 99 54 the
1701 3448 159 66 story
1908 3443 64 54 of
2020 3444 93 53 the

105 3522 245 55 swiftest
387 3522 241 70 journey
666 3540 128 35 ever
832 3522 182 63 made,
1051 3541 31 33 a
1120 3520 553 73 circumnavigation
1714 3521 64 54 of
1815 3522 96 54 the
1951 3523 163 69 globe

107 3600 76 71 by
218 3601 262 69 airplane
519 3601 113 54 and
671 3600 315 70 steamship
1023 3601 61 52 in
1121 3603 68 50 23
1227 3600 160 69 days,
1429 3605 63 48 15
1531 3600 192 65 hours,
1761 3603 66 50 21
1870 3600 246 55 minutes

110 3681 109 52 and
255 3683 30 48 3
319 3680 232 54 seconds
583 3679 75 67 by
689 3683 114 49 two
836 3698 125 34 men
998 3679 111 53 and
1145 3697 32 35 a
1211 3679 130 69 dog,
1374 3679 75 69 by
1482 3678 157 55 John
1671 3677 205 71 Henry
1908 3679 207 54 Mears.

112 3758 135 53 New
275 3757 180 57 York,
479 3756 118 55 Rae
625 3758 71 52 D.
724 3756 227 55 Henkle
980 3775 99 50 co.,
1104 3756 128 70 inc.,
1259 3759 151 53 1928.

179 3832 1698 61 vii, [1] p., 1 l., 11-320 p. front., plates, ports., facsims. 19½ ᶜᵐ .
116 3907 52 54 ©
202 3912 113 39 Dec.
348 3912 69 41 22,
454 3910 140 49 1928;
631 3912 67 40 2c.
734 3911 110 41 Jan.
880 3912 69 42 14,
984 3911 142 47 1929;
1165 3910 81 43 aff.
1282 3910 113 42 Dec.
1430 3911 70 48 27,
1537 3910 141 48 1928;
1717 3911 40 39 A
1791 3911 116 41 4373;
1972 3911 44 40 J.
2052 3911 61 41 H.

185 3969 175 49 Mears,
391 3969 118 40 New
538 3968 146 42 York.
752 3967 252 52 (29-4572)
