<alto xmlns="http://www.loc.gov/standards/alto/ns-v3#" xmlns:xlink="http://www.w3.org/1999/xlink" xmlns:xsi="http://www.w3.org/2001/XMLSchema-instance" xsi:schemaLocation="http://www.loc.gov/standards/alto/ns-v3# http://www.loc.gov/alto/v3/alto-3-0.xsd"><Description>
<MeasurementUnit>pixel</MeasurementUnit>
<sourceImageInformation>
<fileName>1929_v26_part001.pdf</fileName>
</sourceImageInformation>
<OCRProcessing ID="IdOcr">
<ocrProcessingStep>
<processingDateTime>2019-04-18</processingDateTime>
<processingSoftware>
<softwareCreator>ABBYY</softwareCreator>
<softwareName>ABBYY Recognition Server</softwareName>
<softwareVersion>4.0</softwareVersion>
</processingSoftware>
</ocrProcessingStep>
</OCRProcessing>
</Description>
<Styles>
<ParagraphStyle ID="StyleId-FFFFFFFF-FFFF-FFFF-FFFF-FFFFFFFFFFFF-" ALIGN="Left" LEFT="0." RIGHT="0." FIRSTLINE="0."/>
<ParagraphStyle ID="StyleId-11A520CB-49B0-4D42-A675-089886D5B704-" ALIGN="Center" LEFT="0." RIGHT="0." FIRSTLINE="0." LINESPACE="7.699999809"/>
<ParagraphStyle ID="StyleId-2AEC4724-E584-48A1-8E6D-86B1AA154223-" ALIGN="Left" LEFT="0." RIGHT="0." FIRSTLINE="0." LINESPACE="12.19999981"/>
<ParagraphStyle ID="StyleId-5ADCDE1D-F34B-405C-A765-E9B51F6229BD-" ALIGN="Left" LEFT="0." RIGHT="0." FIRSTLINE="-13." LINESPACE="8.050000191"/>
<ParagraphStyle ID="StyleId-D0AEFB96-F81D-4367-8545-C0AC945FA34C-" ALIGN="Block" LEFT="0." RIGHT="0." FIRSTLINE="-13." LINESPACE="8.899999619"/>
<ParagraphStyle ID="StyleId-9A3BB592-4BA4-4F85-B157-B9A7F1FC9680-" ALIGN="Left" LEFT="0." RIGHT="0." FIRSTLINE="0."/>
<ParagraphStyle ID="StyleId-E9D6144A-CFDC-4919-911D-02B0461DB967-" ALIGN="Left" LEFT="0." RIGHT="0." FIRSTLINE="-13." LINESPACE="23.43000031"/>
<ParagraphStyle ID="StyleId-EEECFC68-AAC5-42B1-B3BF-987799B5B74A-" ALIGN="Block" LEFT="0." RIGHT="0." FIRSTLINE="0." LINESPACE="23.43000031"/>
<ParagraphStyle ID="StyleId-98D20B11-A9BB-4FAB-8DC8-DC8C43F3755E-" ALIGN="Left" LEFT="0." RIGHT="0." FIRSTLINE="0." LINESPACE="10.5"/>
<ParagraphStyle ID="StyleId-C279DBAD-2656-4352-93E6-C942618B09B1-" ALIGN="Block" LEFT="0." RIGHT="0." FIRSTLINE="-13." LINESPACE="8.770000458"/>
<ParagraphStyle ID="StyleId-A539B2D0-654F-45BA-9385-D7E681D9BD87-" ALIGN="Block" LEFT="0." RIGHT="0." FIRSTLINE="0." LINESPACE="8.18999958"/>
<ParagraphStyle ID="StyleId-CFE66565-54F2-45CF-9511-65151219B0BC-" ALIGN="Left" LEFT="0." RIGHT="0." FIRSTLINE="-12." LINESPACE="12.19999981"/>
<ParagraphStyle ID="StyleId-37B60A95-D7B9-4720-9D46-F2E763AAD699-" ALIGN="Block" LEFT="0." RIGHT="0." FIRSTLINE="0." LINESPACE="12.19999981"/>
<ParagraphStyle ID="StyleId-255154CA-71AA-47B9-A5EB-ED90642010CE-" ALIGN="Block" LEFT="0." RIGHT="0." FIRSTLINE="13." LINESPACE="7.900000095"/>
<ParagraphStyle ID="StyleId-4618FB06-20CA-4F95-9CA2-829603EE887D-" ALIGN="Block" LEFT="0." RIGHT="0." FIRSTLINE="0." LINESPACE="10."/>
<ParagraphStyle ID="StyleId-61F9B98E-BA82-4DCF-809A-0C5481162321-" ALIGN="Left" LEFT="0." RIGHT="0." FIRSTLINE="-13." LINESPACE="8.479999542"/>
<ParagraphStyle ID="StyleId-16A4FB0C-4CB7-44C8-846E-AF89DD76FC73-" ALIGN="Left" LEFT="0." RIGHT="0." FIRSTLINE="0." LINESPACE="11.10000038"/>
<ParagraphStyle ID="StyleId-8CC01B24-9D1D-45D5-B954-83ECA9EA3425-" ALIGN="Left" LEFT="0." RIGHT="0." FIRSTLINE="-13." LINESPACE="8.050000191"/>
<ParagraphStyle ID="StyleId-3DB8CD3F-AD17-4DD7-8361-787A6A426C72-" ALIGN="Block" LEFT="0." RIGHT="0." FIRSTLINE="13." LINESPACE="7.900000095"/>
</Styles>
<Layout>
<Page ID="Page838" PHYSICAL_IMG_NR="838" HEIGHT="4384" WIDTH="2547">
<TopMargin HEIGHT="390" WIDTH="2547" VPOS="0" HPOS="0">
</TopMargin>
<LeftMargin HEIGHT="3752" WIDTH="426" VPOS="390" HPOS="0">
</LeftMargin>
<RightMargin HEIGHT="3752" WIDTH="95" VPOS="390" HPOS="2452">
</RightMargin>
<BottomMargin HEIGHT="242" WIDTH="2547" VPOS="4142" HPOS="0">
</BottomMargin>
<PrintSpace HEIGHT="3752" WIDTH="2026" VPOS="390" HPOS="426">
<TextBlock ID="Page838_Block1" HEIGHT="72" WIDTH="120" VPOS="4070" HPOS="1380" LANG="en-US" STYLEREFS="StyleId-71853163-9B7B-4C69-BA6B-10148C96F462-">
<TextLine HEIGHT="50" WIDTH="99" VPOS="4081" HPOS="1391">
<String CONTENT="838" HEIGHT="50" WIDTH="99" VPOS="4081" HPOS="1391"/>
</TextLine>
</TextBlock>
<TextBlock ID="Page838_Block2" HEIGHT="3688" WIDTH="2026" VPOS="390" HPOS="426" LANG="en-US" CS="1" STYLEREFS="StyleId-869C3CEC-E0B1-4D64-A12B-3B8CFB605C35-">
<TextLine HEIGHT="67" WIDTH="761" VPOS="400" HPOS="439" STYLEREFS="StyleId-66A84B9B-7423-4091-B0F1-DCA369BBF22B-">
<String CONTENT="Garstin," HEIGHT="64" WIDTH="262" VPOS="403" HPOS="439"/>
<SP HEIGHT="64" WIDTH="34" VPOS="403" HPOS="702"/>
<String CONTENT="Crosbie," HEIGHT="66" WIDTH="258" VPOS="400" HPOS="737"/>
<SP HEIGHT="58" WIDTH="33" VPOS="408" HPOS="996"/>
<String CONTENT="1887-" HEIGHT="55" WIDTH="170" VPOS="402" HPOS="1030"/>
</TextLine>
<TextLine HEIGHT="75" WIDTH="1926" VPOS="477" HPOS="506" STYLEREFS="StyleId-66A84B9B-7423-4091-B0F1-DCA369BBF22B-">
<String CONTENT="Houp" HEIGHT="67" WIDTH="178" VPOS="483" HPOS="506"/>
<SP HEIGHT="67" WIDTH="29" VPOS="483" HPOS="685"/>
<String CONTENT="la!" HEIGHT="53" WIDTH="87" VPOS="481" HPOS="715"/>
<SP HEIGHT="53" WIDTH="69" VPOS="481" HPOS="803"/>
<String CONTENT="By" HEIGHT="69" WIDTH="91" VPOS="483" HPOS="873"/>
<SP HEIGHT="71" WIDTH="30" VPOS="481" HPOS="965"/>
<String CONTENT="Crosbie" HEIGHT="55" WIDTH="233" VPOS="481" HPOS="996"/>
<SP HEIGHT="55" WIDTH="29" VPOS="479" HPOS="1230"/>
<String CONTENT="Garstin." HEIGHT="55" WIDTH="253" VPOS="479" HPOS="1260"/>
<SP HEIGHT="51" WIDTH="64" VPOS="481" HPOS="1514"/>
<String CONTENT="London," HEIGHT="69" WIDTH="260" VPOS="481" HPOS="1579"/>
<SP HEIGHT="70" WIDTH="28" VPOS="480" HPOS="1840"/>
<String CONTENT="Chatto" HEIGHT="55" WIDTH="210" VPOS="480" HPOS="1869"/>
<SP HEIGHT="52" WIDTH="30" VPOS="481" HPOS="2080"/>
<String CONTENT="&amp;" HEIGHT="51" WIDTH="46" VPOS="481" HPOS="2111"/>
<SP HEIGHT="54" WIDTH="27" VPOS="479" HPOS="2158"/>
<String CONTENT="Windus" HEIGHT="56" WIDTH="246" VPOS="477" HPOS="2186"/>
</TextLine>
<TextLine HEIGHT="65" WIDTH="118" VPOS="563" HPOS="443" STYLEREFS="StyleId-66A84B9B-7423-4091-B0F1-DCA369BBF22B-" LANG="de" CS="1">
<String CS="1" CONTENT="[1929]" HEIGHT="65" WIDTH="118" VPOS="563" HPOS="443"/>
</TextLine>
<TextLine HEIGHT="50" WIDTH="555" VPOS="639" HPOS="502" CS="1">
<String LANG="en-US" CONTENT="3" HEIGHT="41" WIDTH="27" VPOS="641" HPOS="502"/>
<SP/>
<String LANG="fr" CONTENT="p." HEIGHT="38" WIDTH="44" VPOS="651" HPOS="556"/>
<SP HEIGHT="40" WIDTH="22" VPOS="642" HPOS="601"/>
<String LANG="en-US" CS="1" CONTENT="l.," HEIGHT="17" WIDTH="9" VPOS="671" HPOS="660"/>
<SP HEIGHT="48" WIDTH="24" VPOS="640" HPOS="670"/>
<String LANG="en-US" CONTENT="308" HEIGHT="42" WIDTH="88" VPOS="639" HPOS="695"/>
<SP HEIGHT="49" WIDTH="23" VPOS="640" HPOS="784"/>
<String LANG="fr" CONTENT="p." HEIGHT="39" WIDTH="45" VPOS="650" HPOS="808"/>
<SP HEIGHT="43" WIDTH="56" VPOS="639" HPOS="854"/>
<String LANG="fr" CONTENT="19" HEIGHT="42" WIDTH="58" VPOS="639" HPOS="911"/>
<String LANG="en-US" CS="1" CONTENT="&#189;&#7580;&#7504;"/>
<String LANG="fr" CONTENT="." HEIGHT="10" WIDTH="9" VPOS="672" HPOS="1048"/>
</TextLine>
<TextLine HEIGHT="103" WIDTH="1976" VPOS="707" HPOS="437" CS="1">
<String CONTENT="&#169;" HEIGHT="53" WIDTH="52" VPOS="707" HPOS="437"/>
<SP HEIGHT="53" WIDTH="27" VPOS="707" HPOS="490"/>
<String CS="1" CONTENT="1c."/>
<SP HEIGHT="41" WIDTH="24" VPOS="713" HPOS="587"/>
<String CONTENT="June" HEIGHT="39" WIDTH="130" VPOS="713" HPOS="612"/>
<SP HEIGHT="40" WIDTH="24" VPOS="712" HPOS="743"/>
<String CONTENT="6," HEIGHT="48" WIDTH="40" VPOS="712" HPOS="768"/>
<SP HEIGHT="47" WIDTH="26" VPOS="713" HPOS="809"/>
<String CONTENT="1929;" HEIGHT="48" WIDTH="142" VPOS="711" HPOS="836"/>
<SP HEIGHT="47" WIDTH="28" VPOS="712" HPOS="979"/>
<!-- cceid 9B16756E-6CFA-1014-9C3C-CEA95E7AA542 --><String CONTENT="A" HEIGHT="39" WIDTH="42" VPOS="712" HPOS="1008"/>
<SP HEIGHT="39" WIDTH="25" VPOS="712" HPOS="1051"/>
<String CONTENT="ad" HEIGHT="39" WIDTH="61" VPOS="713" HPOS="1077"/>
<SP HEIGHT="40" WIDTH="27" VPOS="712" HPOS="1139"/>
<String CONTENT="int." HEIGHT="41" WIDTH="86" VPOS="712" HPOS="1167"/>
<SP HEIGHT="41" WIDTH="27" VPOS="712" HPOS="1254"/>
<String CONTENT="12766;" HEIGHT="48" WIDTH="171" VPOS="710" HPOS="1282"/>
<SP HEIGHT="39" WIDTH="29" VPOS="721" HPOS="1454"/>
<String CONTENT="pubd." HEIGHT="49" WIDTH="143" VPOS="711" HPOS="1484"/>
<SP HEIGHT="41" WIDTH="28" VPOS="711" HPOS="1628"/>
<String CONTENT="Apr." HEIGHT="49" WIDTH="114" VPOS="711" HPOS="1657"/>
<SP HEIGHT="41" WIDTH="27" VPOS="711" HPOS="1772"/>
<String CONTENT="9;" HEIGHT="47" WIDTH="53" VPOS="711" HPOS="1800"/>
<SP HEIGHT="47" WIDTH="30" VPOS="711" HPOS="1854"/>
<String CONTENT="Crosbie" HEIGHT="42" WIDTH="197" VPOS="710" HPOS="1885"/>
<SP HEIGHT="41" WIDTH="28" VPOS="710" HPOS="2083"/>
<String CONTENT="Alfred" HEIGHT="40" WIDTH="172" VPOS="710" HPOS="2112"/>
<SP HEIGHT="40" WIDTH="28" VPOS="710" HPOS="2285"/>
<String CONTENT="Norman" HEIGHT="100" WIDTH="1909" VPOS="710" HPOS="504"/>
</TextLine>
<TextLine HEIGHT="51" WIDTH="1452" VPOS="767" HPOS="644">
<String CONTENT="Garstin," HEIGHT="49" WIDTH="215" VPOS="769" HPOS="644"/>
<SP HEIGHT="48" WIDTH="29" VPOS="770" HPOS="860"/>
<String CONTENT="St." HEIGHT="41" WIDTH="67" VPOS="770" HPOS="890"/>
<SP HEIGHT="41" WIDTH="24" VPOS="770" HPOS="958"/>
<String CONTENT="Buryan," HEIGHT="48" WIDTH="215" VPOS="770" HPOS="983"/>
<SP HEIGHT="49" WIDTH="28" VPOS="769" HPOS="1199"/>
<String CONTENT="Cornwall," HEIGHT="49" WIDTH="257" VPOS="769" HPOS="1228"/>
<SP HEIGHT="48" WIDTH="27" VPOS="770" HPOS="1486"/>
<String CONTENT="England." HEIGHT="48" WIDTH="237" VPOS="769" HPOS="1514"/>
<SP HEIGHT="49" WIDTH="63" VPOS="769" HPOS="1752"/>
<String CONTENT="(29-13631)" HEIGHT="51" WIDTH="280" VPOS="767" HPOS="1816"/>
</TextLine>
<TextLine HEIGHT="70" WIDTH="1995" VPOS="862" HPOS="441" STYLEREFS="StyleId-66A84B9B-7423-4091-B0F1-DCA369BBF22B-">
<String CONTENT="Gonorrhea" HEIGHT="54" WIDTH="345" VPOS="865" HPOS="441"/>
<SP HEIGHT="37" WIDTH="43" VPOS="882" HPOS="787"/>
<String CONTENT="and" HEIGHT="51" WIDTH="113" VPOS="868" HPOS="831"/>
<SP HEIGHT="53" WIDTH="42" VPOS="866" HPOS="945"/>
<String CONTENT="kindred" HEIGHT="53" WIDTH="244" VPOS="866" HPOS="988"/>
<SP HEIGHT="51" WIDTH="45" VPOS="868" HPOS="1233"/>
<String CONTENT="affections;" HEIGHT="68" WIDTH="322" VPOS="864" HPOS="1279"/>
<SP HEIGHT="68" WIDTH="47" VPOS="864" HPOS="1602"/>
<String CONTENT="Gonorrhea" HEIGHT="55" WIDTH="335" VPOS="864" HPOS="1650"/>
<SP HEIGHT="53" WIDTH="41" VPOS="865" HPOS="1986"/>
<String CONTENT="in" HEIGHT="53" WIDTH="61" VPOS="865" HPOS="2028"/>
<SP HEIGHT="47" WIDTH="41" VPOS="871" HPOS="2090"/>
<String CONTENT="the" HEIGHT="53" WIDTH="98" VPOS="864" HPOS="2132"/>
<SP HEIGHT="36" WIDTH="39" VPOS="881" HPOS="2231"/>
<String CONTENT="male," HEIGHT="68" WIDTH="165" VPOS="862" HPOS="2271"/>
</TextLine>
<TextLine HEIGHT="71" WIDTH="1929" VPOS="942" HPOS="507" STYLEREFS="StyleId-66A84B9B-7423-4091-B0F1-DCA369BBF22B-">
<String CONTENT="chancroid" HEIGHT="53" WIDTH="307" VPOS="945" HPOS="507"/>
<SP HEIGHT="52" WIDTH="53" VPOS="946" HPOS="815"/>
<String CONTENT="and" HEIGHT="51" WIDTH="112" VPOS="946" HPOS="869"/>
<SP HEIGHT="51" WIDTH="50" VPOS="946" HPOS="982"/>
<String CONTENT="verruca" HEIGHT="34" WIDTH="235" VPOS="963" HPOS="1033"/>
<SP HEIGHT="34" WIDTH="53" VPOS="963" HPOS="1269"/>
<String CONTENT="acuminata," HEIGHT="68" WIDTH="341" VPOS="945" HPOS="1323"/>
<SP HEIGHT="69" WIDTH="49" VPOS="944" HPOS="1665"/>
<String CONTENT="by" HEIGHT="69" WIDTH="76" VPOS="944" HPOS="1715"/>
<SP HEIGHT="71" WIDTH="51" VPOS="942" HPOS="1792"/>
<String CONTENT="George" HEIGHT="70" WIDTH="221" VPOS="942" HPOS="1844"/>
<SP HEIGHT="53" WIDTH="49" VPOS="943" HPOS="2066"/>
<String CONTENT="Robertson" HEIGHT="53" WIDTH="320" VPOS="942" HPOS="2116"/>
</TextLine>
<TextLine HEIGHT="136" WIDTH="1904" VPOS="1019" HPOS="508" STYLEREFS="StyleId-66A84B9B-7423-4091-B0F1-DCA369BBF22B-" CS="1">
<String CONTENT="Livermore" HEIGHT="52" WIDTH="331" VPOS="1024" HPOS="508"/>
<SP HEIGHT="33" WIDTH="38" VPOS="1042" HPOS="840"/>
<String CS="1" CONTENT="&#8230;"/>
<SP HEIGHT="33" WIDTH="39" VPOS="1043" HPOS="936"/>
<String CONTENT="and" HEIGHT="52" WIDTH="112" VPOS="1024" HPOS="976"/>
<SP HEIGHT="55" WIDTH="35" VPOS="1022" HPOS="1089"/>
<String CONTENT="Gonorrhea" HEIGHT="55" WIDTH="335" VPOS="1022" HPOS="1125"/>
<SP HEIGHT="51" WIDTH="32" VPOS="1024" HPOS="1461"/>
<String CONTENT="in" HEIGHT="51" WIDTH="61" VPOS="1024" HPOS="1494"/>
<SP HEIGHT="47" WIDTH="31" VPOS="1028" HPOS="1556"/>
<String CONTENT="the" HEIGHT="52" WIDTH="97" VPOS="1023" HPOS="1588"/>
<SP HEIGHT="53" WIDTH="33" VPOS="1022" HPOS="1686"/>
<String CONTENT="female," HEIGHT="69" WIDTH="225" VPOS="1022" HPOS="1720"/>
<SP HEIGHT="49" WIDTH="32" VPOS="1042" HPOS="1946"/>
<String CONTENT="and" HEIGHT="52" WIDTH="113" VPOS="1023" HPOS="1979"/>
<SP HEIGHT="52" WIDTH="31" VPOS="1023" HPOS="2093"/>
<String CONTENT="the" HEIGHT="54" WIDTH="98" VPOS="1021" HPOS="2125"/>
<SP HEIGHT="53" WIDTH="33" VPOS="1021" HPOS="2224"/>
<String CONTENT="infectious" HEIGHT="136" WIDTH="1904" VPOS="1019" HPOS="508"/>
</TextLine>
<TextLine HEIGHT="73" WIDTH="1745" VPOS="1098" HPOS="691" STYLEREFS="StyleId-66A84B9B-7423-4091-B0F1-DCA369BBF22B-" CS="1">
<String LANG="la" CONTENT="granulomata," HEIGHT="69" WIDTH="420" VPOS="1102" HPOS="691"/>
<SP HEIGHT="69" WIDTH="30" VPOS="1102" HPOS="1112"/>
<String LANG="en-US" CONTENT="by" HEIGHT="69" WIDTH="76" VPOS="1102" HPOS="1143"/>
<SP HEIGHT="69" WIDTH="34" VPOS="1102" HPOS="1220"/>
<String LANG="en-US" CONTENT="Edward" HEIGHT="53" WIDTH="256" VPOS="1101" HPOS="1255"/>
<SP HEIGHT="54" WIDTH="33" VPOS="1100" HPOS="1512"/>
<String LANG="de" CONTENT="Armin" HEIGHT="53" WIDTH="209" VPOS="1100" HPOS="1546"/>
<SP HEIGHT="55" WIDTH="35" VPOS="1100" HPOS="1756"/>
<String LANG="en-US" CONTENT="Schumann" HEIGHT="55" WIDTH="329" VPOS="1100" HPOS="1792"/>
<SP HEIGHT="33" WIDTH="39" VPOS="1120" HPOS="2122"/>
<String LANG="en-US" CS="1" CONTENT="&#8230;"/>
<SP HEIGHT="54" WIDTH="77" VPOS="1098" HPOS="2220"/>
<String LANG="en-US" CONTENT="New" HEIGHT="53" WIDTH="138" VPOS="1098" HPOS="2298"/>
</TextLine>
<TextLine HEIGHT="70" WIDTH="1560" VPOS="1179" HPOS="511" STYLEREFS="StyleId-66A84B9B-7423-4091-B0F1-DCA369BBF22B-">
<String CONTENT="York," HEIGHT="67" WIDTH="180" VPOS="1181" HPOS="511"/>
<SP HEIGHT="67" WIDTH="30" VPOS="1181" HPOS="692"/>
<String CONTENT="London," HEIGHT="68" WIDTH="261" VPOS="1181" HPOS="723"/>
<SP HEIGHT="69" WIDTH="27" VPOS="1180" HPOS="985"/>
<String CONTENT="D." HEIGHT="53" WIDTH="71" VPOS="1180" HPOS="1013"/>
<SP HEIGHT="54" WIDTH="30" VPOS="1179" HPOS="1085"/>
<String CONTENT="Appleton" HEIGHT="68" WIDTH="297" VPOS="1179" HPOS="1116"/>
<SP HEIGHT="33" WIDTH="30" VPOS="1198" HPOS="1414"/>
<String CONTENT="and" HEIGHT="52" WIDTH="113" VPOS="1180" HPOS="1445"/>
<SP HEIGHT="52" WIDTH="30" VPOS="1180" HPOS="1559"/>
<String CONTENT="company," HEIGHT="51" WIDTH="298" VPOS="1197" HPOS="1590"/>
<SP HEIGHT="65" WIDTH="30" VPOS="1183" HPOS="1889"/>
<String CONTENT="1929." HEIGHT="52" WIDTH="151" VPOS="1181" HPOS="1920"/>
</TextLine>
<TextLine HEIGHT="50" WIDTH="1093" VPOS="1259" HPOS="504" STYLEREFS="StyleId-66A84B9B-7423-4091-B0F1-DCA369BBF22B-" CS="1">
<String CONTENT="xvi," HEIGHT="47" WIDTH="96" VPOS="1262" HPOS="504"/>
<SP HEIGHT="47" WIDTH="28" VPOS="1262" HPOS="601"/>
<String CONTENT="257" HEIGHT="40" WIDTH="86" VPOS="1262" HPOS="630"/>
<SP HEIGHT="46" WIDTH="28" VPOS="1263" HPOS="717"/>
<String CONTENT="p." HEIGHT="37" WIDTH="43" VPOS="1272" HPOS="746"/>
<SP HEIGHT="41" WIDTH="54" VPOS="1261" HPOS="790"/>
<String CONTENT="front.," HEIGHT="48" WIDTH="165" VPOS="1261" HPOS="845"/>
<SP HEIGHT="48" WIDTH="28" VPOS="1261" HPOS="1011"/>
<String CONTENT="illus.," HEIGHT="48" WIDTH="143" VPOS="1261" HPOS="1040"/>
<SP HEIGHT="37" WIDTH="29" VPOS="1272" HPOS="1184"/>
<String CONTENT="col." HEIGHT="40" WIDTH="86" VPOS="1261" HPOS="1214"/>
<SP HEIGHT="38" WIDTH="28" VPOS="1271" HPOS="1301"/>
<String CS="1" CONTENT="pl."/>
<SP HEIGHT="41" WIDTH="53" VPOS="1260" HPOS="1395"/>
<String CS="1" CONTENT="25&#189;&#7580;&#7504;." HEIGHT="43" WIDTH="148" VPOS="1259" HPOS="1449"/>
</TextLine>
<TextLine HEIGHT="53" WIDTH="1754" VPOS="1328" HPOS="439" CS="1">
<String CONTENT="&#169;" HEIGHT="53" WIDTH="52" VPOS="1328" HPOS="439"/>
<SP HEIGHT="53" WIDTH="25" VPOS="1328" HPOS="492"/>
<String CONTENT="May" HEIGHT="46" WIDTH="114" VPOS="1334" HPOS="518"/>
<SP HEIGHT="48" WIDTH="21" VPOS="1332" HPOS="633"/>
<String CONTENT="31," HEIGHT="47" WIDTH="69" VPOS="1332" HPOS="655"/>
<SP HEIGHT="46" WIDTH="26" VPOS="1333" HPOS="725"/>
<String CONTENT="1929;" HEIGHT="48" WIDTH="140" VPOS="1331" HPOS="752"/>
<SP HEIGHT="48" WIDTH="25" VPOS="1331" HPOS="893"/>
<String CONTENT="2c." HEIGHT="40" WIDTH="68" VPOS="1331" HPOS="919"/>
<SP HEIGHT="30" WIDTH="25" VPOS="1341" HPOS="988"/>
<String CONTENT="and" HEIGHT="38" WIDTH="95" VPOS="1332" HPOS="1014"/>
<SP HEIGHT="38" WIDTH="24" VPOS="1332" HPOS="1110"/>
<String CONTENT="aff." HEIGHT="41" WIDTH="81" VPOS="1330" HPOS="1135"/>
<SP HEIGHT="41" WIDTH="25" VPOS="1330" HPOS="1217"/>
<String CONTENT="June" HEIGHT="41" WIDTH="127" VPOS="1330" HPOS="1243"/>
<SP HEIGHT="41" WIDTH="22" VPOS="1330" HPOS="1371"/>
<String CS="1" CONTENT="3;" HEIGHT="40" WIDTH="27" VPOS="1330" HPOS="1394"/>
<SP/>
<!-- cceid 9B173081-6CFA-1014-9C3C-CEA95E7AA542 --><String CONTENT="A" HEIGHT="39" WIDTH="42" VPOS="1330" HPOS="1475"/>
<SP HEIGHT="40" WIDTH="22" VPOS="1330" HPOS="1518"/>
<String CS="1" CONTENT="9454;" HEIGHT="40" WIDTH="115" VPOS="1330" HPOS="1541"/>
<SP/>
<String CONTENT="D." HEIGHT="40" WIDTH="58" VPOS="1330" HPOS="1712"/>
<SP HEIGHT="40" WIDTH="24" VPOS="1330" HPOS="1771"/>
<String CONTENT="Appleton" HEIGHT="48" WIDTH="242" VPOS="1330" HPOS="1796"/>
<SP HEIGHT="41" WIDTH="22" VPOS="1333" HPOS="2039"/>
<String CONTENT="&amp;" HEIGHT="41" WIDTH="37" VPOS="1333" HPOS="2062"/>
<SP HEIGHT="41" WIDTH="23" VPOS="1333" HPOS="2100"/>
<String CONTENT="co." HEIGHT="30" WIDTH="69" VPOS="1340" HPOS="2124"/>
</TextLine>
<TextLine HEIGHT="49" WIDTH="281" VPOS="1389" HPOS="517">
<String CONTENT="(29-12454)" HEIGHT="49" WIDTH="281" VPOS="1389" HPOS="517"/>
</TextLine>
<TextLine HEIGHT="64" WIDTH="565" VPOS="1483" HPOS="439" STYLEREFS="StyleId-66A84B9B-7423-4091-B0F1-DCA369BBF22B-" CS="1">
<String LANG="de" CS="1" CONTENT="Gramet," HEIGHT="64" WIDTH="262" VPOS="1483" HPOS="439"/>
<SP HEIGHT="63" WIDTH="37" VPOS="1484" HPOS="702"/>
<String LANG="en-US" CONTENT="Charles." HEIGHT="54" WIDTH="264" VPOS="1483" HPOS="740"/>
</TextLine>
<TextLine HEIGHT="74" WIDTH="1928" VPOS="1558" HPOS="510" STYLEREFS="StyleId-66A84B9B-7423-4091-B0F1-DCA369BBF22B-" CS="1">
<String CONTENT="Biology" HEIGHT="69" WIDTH="250" VPOS="1563" HPOS="510"/>
<SP HEIGHT="70" WIDTH="53" VPOS="1562" HPOS="761"/>
<String CONTENT="(for" HEIGHT="69" WIDTH="123" VPOS="1562" HPOS="815"/>
<SP HEIGHT="33" WIDTH="42" VPOS="1582" HPOS="939"/>
<String CONTENT="reviews)" HEIGHT="69" WIDTH="262" VPOS="1562" HPOS="982"/>
<SP HEIGHT="69" WIDTH="52" VPOS="1562" HPOS="1245"/>
<String CONTENT="by" HEIGHT="69" WIDTH="76" VPOS="1563" HPOS="1298"/>
<SP HEIGHT="71" WIDTH="44" VPOS="1561" HPOS="1375"/>
<String CONTENT="Charles" HEIGHT="55" WIDTH="237" VPOS="1561" HPOS="1420"/>
<SP HEIGHT="55" WIDTH="45" VPOS="1560" HPOS="1658"/>
<String LANG="de" CS="1" CONTENT="Gramet" HEIGHT="55" WIDTH="238" VPOS="1560" HPOS="1704"/>
<SP HEIGHT="48" WIDTH="48" VPOS="1567" HPOS="1943"/>
<String CS="1" CONTENT="&#8230;"/>
<SP HEIGHT="34" WIDTH="48" VPOS="1581" HPOS="2049"/>
<String CONTENT="revised" HEIGHT="54" WIDTH="222" VPOS="1561" HPOS="2098"/>
<SP HEIGHT="57" WIDTH="41" VPOS="1558" HPOS="2321"/>
<String CONTENT="by" HEIGHT="70" WIDTH="75" VPOS="1558" HPOS="2363"/>
</TextLine>
<TextLine HEIGHT="71" WIDTH="1993" VPOS="1639" HPOS="440" STYLEREFS="StyleId-66A84B9B-7423-4091-B0F1-DCA369BBF22B-" CS="1">
<String CONTENT="Joseph" HEIGHT="68" WIDTH="217" VPOS="1641" HPOS="440"/>
<SP HEIGHT="51" WIDTH="28" VPOS="1642" HPOS="658"/>
<String CONTENT="M." HEIGHT="53" WIDTH="81" VPOS="1642" HPOS="687"/>
<SP HEIGHT="54" WIDTH="27" VPOS="1641" HPOS="769"/>
<String CONTENT="Kaine" HEIGHT="53" WIDTH="190" VPOS="1641" HPOS="797"/>
<SP HEIGHT="34" WIDTH="33" VPOS="1660" HPOS="988"/>
<String CS="1" CONTENT="&#8230;"/>
<SP HEIGHT="52" WIDTH="78" VPOS="1641" HPOS="1079"/>
<String CONTENT="New" HEIGHT="52" WIDTH="138" VPOS="1641" HPOS="1158"/>
<SP HEIGHT="51" WIDTH="30" VPOS="1641" HPOS="1297"/>
<String CONTENT="York," HEIGHT="69" WIDTH="179" VPOS="1640" HPOS="1328"/>
<SP HEIGHT="70" WIDTH="29" VPOS="1639" HPOS="1508"/>
<String CONTENT="Globe" HEIGHT="55" WIDTH="179" VPOS="1639" HPOS="1538"/>
<SP HEIGHT="53" WIDTH="27" VPOS="1641" HPOS="1718"/>
<String CONTENT="book" HEIGHT="53" WIDTH="147" VPOS="1640" HPOS="1746"/>
<SP HEIGHT="53" WIDTH="29" VPOS="1640" HPOS="1894"/>
<String CONTENT="company" HEIGHT="52" WIDTH="281" VPOS="1658" HPOS="1924"/>
<SP HEIGHT="51" WIDTH="34" VPOS="1659" HPOS="2206"/>
<String CS="1" CONTENT="["/>
<String STYLE="superscript" CS="1" CONTENT="&#7580;19"/>
<String CONTENT="29]" HEIGHT="64" WIDTH="84" VPOS="1641" HPOS="2349"/>
</TextLine>
<TextLine HEIGHT="50" WIDTH="848" VPOS="1721" HPOS="505" CS="1">
<String CONTENT="3" HEIGHT="40" WIDTH="27" VPOS="1723" HPOS="505"/>
<SP/>
<String LANG="la" CONTENT="p." HEIGHT="37" WIDTH="43" VPOS="1734" HPOS="559"/>
<SP HEIGHT="40" WIDTH="26" VPOS="1724" HPOS="603"/>
<String CS="1" CONTENT="l.," HEIGHT="17" WIDTH="9" VPOS="1754" HPOS="666"/>
<SP HEIGHT="48" WIDTH="25" VPOS="1723" HPOS="676"/>
<String CONTENT="230," HEIGHT="49" WIDTH="101" VPOS="1722" HPOS="702"/>
<SP HEIGHT="29" WIDTH="30" VPOS="1742" HPOS="804"/>
<String CONTENT="[17]" HEIGHT="48" WIDTH="84" VPOS="1723" HPOS="835"/>
<SP HEIGHT="38" WIDTH="28" VPOS="1733" HPOS="920"/>
<String CONTENT="p." HEIGHT="38" WIDTH="44" VPOS="1733" HPOS="949"/>
<SP HEIGHT="41" WIDTH="55" VPOS="1722" HPOS="994"/>
<String CONTENT="illus." HEIGHT="41" WIDTH="129" VPOS="1722" HPOS="1050"/>
<SP HEIGHT="39" WIDTH="54" VPOS="1723" HPOS="1180"/>
<String CONTENT="19" HEIGHT="41" WIDTH="56" VPOS="1721" HPOS="1235"/>
<String STYLE="superscript" CS="1" CONTENT="&#7580;&#7504;"/>
<String CONTENT="." HEIGHT="10" WIDTH="9" VPOS="1753" HPOS="1344"/>
</TextLine>
<TextLine HEIGHT="50" WIDTH="1483" VPOS="1777" HPOS="508" CS="1">
<String CONTENT="Earlier" HEIGHT="41" WIDTH="193" VPOS="1779" HPOS="508"/>
<SP HEIGHT="30" WIDTH="28" VPOS="1790" HPOS="702"/>
<String CONTENT="editions" HEIGHT="41" WIDTH="209" VPOS="1779" HPOS="731"/>
<SP HEIGHT="38" WIDTH="30" VPOS="1789" HPOS="941"/>
<String CONTENT="published" HEIGHT="49" WIDTH="255" VPOS="1778" HPOS="972"/>
<SP HEIGHT="39" WIDTH="30" VPOS="1779" HPOS="1228"/>
<String CONTENT="under" HEIGHT="39" WIDTH="156" VPOS="1779" HPOS="1259"/>
<SP HEIGHT="39" WIDTH="27" VPOS="1780" HPOS="1416"/>
<String CS="1" CONTENT="title:" HEIGHT="41" WIDTH="109" VPOS="1778" HPOS="1444"/>
<SP/>
<String CONTENT="Brief" HEIGHT="41" WIDTH="141" VPOS="1777" HPOS="1614"/>
<SP HEIGHT="41" WIDTH="28" VPOS="1777" HPOS="1756"/>
<String CONTENT="biology." HEIGHT="49" WIDTH="206" VPOS="1778" HPOS="1785"/>
</TextLine>
<TextLine HEIGHT="53" WIDTH="1650" VPOS="1844" HPOS="441" CS="1">
<String CONTENT="&#169;" HEIGHT="53" WIDTH="51" VPOS="1844" HPOS="441"/>
<SP HEIGHT="53" WIDTH="24" VPOS="1844" HPOS="493"/>
<String CONTENT="May" HEIGHT="47" WIDTH="114" VPOS="1850" HPOS="518"/>
<SP HEIGHT="48" WIDTH="20" VPOS="1849" HPOS="633"/>
<String CONTENT="29," HEIGHT="49" WIDTH="70" VPOS="1848" HPOS="654"/>
<SP HEIGHT="47" WIDTH="24" VPOS="1850" HPOS="725"/>
<String CONTENT="1929;" HEIGHT="47" WIDTH="141" VPOS="1848" HPOS="750"/>
<SP HEIGHT="47" WIDTH="23" VPOS="1848" HPOS="892"/>
<String CONTENT="2c." HEIGHT="41" WIDTH="69" VPOS="1848" HPOS="916"/>
<SP HEIGHT="31" WIDTH="22" VPOS="1858" HPOS="986"/>
<String CONTENT="and" HEIGHT="38" WIDTH="95" VPOS="1850" HPOS="1009"/>
<SP HEIGHT="38" WIDTH="23" VPOS="1850" HPOS="1105"/>
<String CONTENT="aff." HEIGHT="41" WIDTH="83" VPOS="1848" HPOS="1129"/>
<SP HEIGHT="41" WIDTH="23" VPOS="1848" HPOS="1213"/>
<String CONTENT="June" HEIGHT="41" WIDTH="127" VPOS="1848" HPOS="1237"/>
<SP HEIGHT="41" WIDTH="21" VPOS="1848" HPOS="1365"/>
<String CS="1" CONTENT="3;" HEIGHT="40" WIDTH="27" VPOS="1848" HPOS="1387"/>
<SP/>
<!-- cceid 9B17F6CD-6CFA-1014-9C3C-CEA95E7AA542 --><String CONTENT="A" HEIGHT="39" WIDTH="42" VPOS="1848" HPOS="1467"/>
<SP HEIGHT="40" WIDTH="20" VPOS="1847" HPOS="1510"/>
<String CS="1" CONTENT="9447;" HEIGHT="42" WIDTH="115" VPOS="1847" HPOS="1531"/>
<SP/>
<String CONTENT="Globe" HEIGHT="41" WIDTH="147" VPOS="1848" HPOS="1703"/>
<SP HEIGHT="40" WIDTH="23" VPOS="1849" HPOS="1851"/>
<String CONTENT="book" HEIGHT="41" WIDTH="122" VPOS="1848" HPOS="1875"/>
<SP HEIGHT="40" WIDTH="24" VPOS="1848" HPOS="1998"/>
<String CONTENT="co." HEIGHT="30" WIDTH="68" VPOS="1859" HPOS="2023"/>
</TextLine>
<TextLine HEIGHT="49" WIDTH="281" VPOS="1906" HPOS="519">
<String CONTENT="(29-12445)" HEIGHT="49" WIDTH="281" VPOS="1906" HPOS="519"/>
</TextLine>
<TextLine HEIGHT="66" WIDTH="687" VPOS="2000" HPOS="442" STYLEREFS="StyleId-66A84B9B-7423-4091-B0F1-DCA369BBF22B-">
<String CONTENT="Grant," HEIGHT="64" WIDTH="206" VPOS="2000" HPOS="442"/>
<SP HEIGHT="64" WIDTH="30" VPOS="2000" HPOS="649"/>
<String CONTENT="Robert," HEIGHT="66" WIDTH="242" VPOS="2000" HPOS="680"/>
<SP HEIGHT="58" WIDTH="32" VPOS="2008" HPOS="923"/>
<String CONTENT="1852-" HEIGHT="49" WIDTH="173" VPOS="2006" HPOS="956"/>
</TextLine>
<TextLine HEIGHT="72" WIDTH="1928" VPOS="2077" HPOS="513" STYLEREFS="StyleId-66A84B9B-7423-4091-B0F1-DCA369BBF22B-">
<String CONTENT="Commemorative" HEIGHT="55" WIDTH="514" VPOS="2080" HPOS="513"/>
<SP HEIGHT="46" WIDTH="34" VPOS="2087" HPOS="1028"/>
<String CONTENT="tribute" HEIGHT="53" WIDTH="214" VPOS="2080" HPOS="1063"/>
<SP HEIGHT="47" WIDTH="34" VPOS="2086" HPOS="1278"/>
<String CONTENT="to" HEIGHT="48" WIDTH="58" VPOS="2086" HPOS="1313"/>
<SP HEIGHT="54" WIDTH="35" VPOS="2080" HPOS="1372"/>
<String CONTENT="James" HEIGHT="54" WIDTH="194" VPOS="2080" HPOS="1408"/>
<SP HEIGHT="55" WIDTH="35" VPOS="2079" HPOS="1603"/>
<String CONTENT="Ford" HEIGHT="54" WIDTH="157" VPOS="2079" HPOS="1639"/>
<SP HEIGHT="53" WIDTH="36" VPOS="2080" HPOS="1797"/>
<String CONTENT="Rhodes," HEIGHT="69" WIDTH="247" VPOS="2080" HPOS="1834"/>
<SP HEIGHT="71" WIDTH="30" VPOS="2078" HPOS="2082"/>
<String CONTENT="by" HEIGHT="71" WIDTH="77" VPOS="2078" HPOS="2113"/>
<SP HEIGHT="71" WIDTH="34" VPOS="2078" HPOS="2191"/>
<String CONTENT="Robert" HEIGHT="54" WIDTH="215" VPOS="2077" HPOS="2226"/>
</TextLine>
<TextLine HEIGHT="72" WIDTH="1996" VPOS="2157" HPOS="443" STYLEREFS="StyleId-66A84B9B-7423-4091-B0F1-DCA369BBF22B-" CS="1">
<String CONTENT="Grant," HEIGHT="69" WIDTH="204" VPOS="2158" HPOS="443"/>
<SP HEIGHT="50" WIDTH="38" VPOS="2177" HPOS="648"/>
<String CONTENT="prepared" HEIGHT="68" WIDTH="283" VPOS="2159" HPOS="687"/>
<SP HEIGHT="54" WIDTH="42" VPOS="2157" HPOS="971"/>
<String CONTENT="for" HEIGHT="54" WIDTH="95" VPOS="2157" HPOS="1014"/>
<SP HEIGHT="52" WIDTH="36" VPOS="2159" HPOS="1110"/>
<String CONTENT="American" HEIGHT="52" WIDTH="308" VPOS="2159" HPOS="1147"/>
<SP HEIGHT="34" WIDTH="41" VPOS="2177" HPOS="1456"/>
<String CONTENT="academy" HEIGHT="71" WIDTH="271" VPOS="2158" HPOS="1498"/>
<SP HEIGHT="51" WIDTH="38" VPOS="2178" HPOS="1770"/>
<String CONTENT="of" HEIGHT="54" WIDTH="64" VPOS="2158" HPOS="1809"/>
<SP HEIGHT="53" WIDTH="39" VPOS="2158" HPOS="1874"/>
<String CONTENT="arts" HEIGHT="48" WIDTH="118" VPOS="2165" HPOS="1914"/>
<SP HEIGHT="35" WIDTH="38" VPOS="2178" HPOS="2033"/>
<String CONTENT="and" HEIGHT="52" WIDTH="114" VPOS="2159" HPOS="2072"/>
<SP HEIGHT="52" WIDTH="39" VPOS="2159" HPOS="2187"/>
<String CONTENT="letters," HEIGHT="65" WIDTH="212" VPOS="2160" HPOS="2227"/>
</TextLine>
<TextLine HEIGHT="69" WIDTH="1995" VPOS="2236" HPOS="443" STYLEREFS="StyleId-66A84B9B-7423-4091-B0F1-DCA369BBF22B-" CS="1">
<String CONTENT="1927." HEIGHT="51" WIDTH="150" VPOS="2240" HPOS="443"/>
<SP/>
<String CONTENT="[New" HEIGHT="66" WIDTH="157" VPOS="2238" HPOS="675"/>
<SP HEIGHT="51" WIDTH="48" VPOS="2238" HPOS="833"/>
<String CS="1" CONTENT="York]" HEIGHT="53" WIDTH="164" VPOS="2236" HPOS="882"/>
<SP HEIGHT="67" WIDTH="51" VPOS="2237" HPOS="1063"/>
<String CONTENT="American" HEIGHT="53" WIDTH="308" VPOS="2236" HPOS="1115"/>
<SP HEIGHT="34" WIDTH="47" VPOS="2255" HPOS="1424"/>
<String CONTENT="academy" HEIGHT="69" WIDTH="270" VPOS="2236" HPOS="1472"/>
<SP HEIGHT="50" WIDTH="45" VPOS="2255" HPOS="1743"/>
<String CONTENT="of" HEIGHT="54" WIDTH="64" VPOS="2236" HPOS="1789"/>
<SP HEIGHT="53" WIDTH="45" VPOS="2236" HPOS="1854"/>
<String CONTENT="arts" HEIGHT="48" WIDTH="118" VPOS="2243" HPOS="1900"/>
<SP HEIGHT="35" WIDTH="46" VPOS="2256" HPOS="2019"/>
<String CONTENT="and" HEIGHT="52" WIDTH="114" VPOS="2237" HPOS="2066"/>
<SP HEIGHT="52" WIDTH="44" VPOS="2237" HPOS="2181"/>
<String CONTENT="letters," HEIGHT="66" WIDTH="212" VPOS="2237" HPOS="2226"/>
</TextLine>
<TextLine HEIGHT="51" WIDTH="148" VPOS="2319" HPOS="440" STYLEREFS="StyleId-66A84B9B-7423-4091-B0F1-DCA369BBF22B-">
<String CONTENT="1928." HEIGHT="51" WIDTH="148" VPOS="2319" HPOS="440"/>
</TextLine>
<TextLine HEIGHT="50" WIDTH="1526" VPOS="2396" HPOS="508" CS="1">
<String CONTENT="17" HEIGHT="40" WIDTH="56" VPOS="2399" HPOS="508"/>
<SP HEIGHT="47" WIDTH="28" VPOS="2399" HPOS="565"/>
<String CONTENT="p." HEIGHT="37" WIDTH="43" VPOS="2409" HPOS="594"/>
<SP HEIGHT="41" WIDTH="32" VPOS="2397" HPOS="638"/>
<String CONTENT="incl." HEIGHT="41" WIDTH="112" VPOS="2397" HPOS="671"/>
<SP HEIGHT="38" WIDTH="28" VPOS="2408" HPOS="784"/>
<String CONTENT="port." HEIGHT="48" WIDTH="124" VPOS="2398" HPOS="813"/>
<SP HEIGHT="39" WIDTH="59" VPOS="2398" HPOS="938"/>
<String CS="1" CONTENT="16&#189;&#7580;&#7504;." HEIGHT="41" WIDTH="145" VPOS="2396" HPOS="998"/>
<SP HEIGHT="48" WIDTH="69" VPOS="2397" HPOS="1144"/>
<String CONTENT="(Academy" HEIGHT="48" WIDTH="268" VPOS="2397" HPOS="1214"/>
<SP HEIGHT="38" WIDTH="30" VPOS="2408" HPOS="1483"/>
<String CONTENT="publication" HEIGHT="49" WIDTH="300" VPOS="2397" HPOS="1514"/>
<SP HEIGHT="29" WIDTH="29" VPOS="2408" HPOS="1815"/>
<String CONTENT="no." HEIGHT="31" WIDTH="76" VPOS="2408" HPOS="1845"/>
<SP HEIGHT="42" WIDTH="31" VPOS="2397" HPOS="1922"/>
<String CONTENT="63)" HEIGHT="49" WIDTH="80" VPOS="2397" HPOS="1954"/>
</TextLine>
<TextLine HEIGHT="53" WIDTH="1995" VPOS="2465" HPOS="443" CS="1">
<String CONTENT="&#169;" HEIGHT="53" WIDTH="51" VPOS="2465" HPOS="443"/>
<SP HEIGHT="53" WIDTH="29" VPOS="2465" HPOS="495"/>
<String CONTENT="Apr." HEIGHT="48" WIDTH="114" VPOS="2470" HPOS="525"/>
<SP HEIGHT="38" WIDTH="30" VPOS="2471" HPOS="640"/>
<String CONTENT="15," HEIGHT="49" WIDTH="69" VPOS="2468" HPOS="671"/>
<SP HEIGHT="47" WIDTH="29" VPOS="2470" HPOS="741"/>
<String CONTENT="1928;" HEIGHT="48" WIDTH="140" VPOS="2468" HPOS="771"/>
<SP HEIGHT="49" WIDTH="31" VPOS="2467" HPOS="912"/>
<String CONTENT="2c." HEIGHT="42" WIDTH="66" VPOS="2467" HPOS="944"/>
<SP HEIGHT="30" WIDTH="30" VPOS="2479" HPOS="1011"/>
<String CONTENT="and" HEIGHT="39" WIDTH="95" VPOS="2469" HPOS="1042"/>
<SP HEIGHT="39" WIDTH="30" VPOS="2469" HPOS="1138"/>
<String CONTENT="aff." HEIGHT="40" WIDTH="83" VPOS="2468" HPOS="1169"/>
<SP HEIGHT="39" WIDTH="30" VPOS="2469" HPOS="1253"/>
<String CONTENT="Mar." HEIGHT="40" WIDTH="123" VPOS="2469" HPOS="1284"/>
<SP HEIGHT="41" WIDTH="28" VPOS="2468" HPOS="1408"/>
<String CONTENT="5," HEIGHT="48" WIDTH="39" VPOS="2468" HPOS="1437"/>
<SP HEIGHT="47" WIDTH="30" VPOS="2469" HPOS="1477"/>
<String CONTENT="1929;" HEIGHT="47" WIDTH="140" VPOS="2468" HPOS="1508"/>
<SP HEIGHT="47" WIDTH="34" VPOS="2468" HPOS="1649"/>
<!-- cceid 9B18B049-6CFA-1014-9C3C-CEA95E7AA542 --><String CONTENT="A" HEIGHT="39" WIDTH="39" VPOS="2468" HPOS="1684"/>
<SP HEIGHT="39" WIDTH="29" VPOS="2468" HPOS="1724"/>
<String CONTENT="9470;" HEIGHT="48" WIDTH="142" VPOS="2468" HPOS="1754"/>
<SP HEIGHT="48" WIDTH="34" VPOS="2468" HPOS="1897"/>
<String LANG="fr" CS="1" CONTENT="Amer." HEIGHT="39" WIDTH="147" VPOS="2468" HPOS="1932"/>
<SP HEIGHT="31" WIDTH="30" VPOS="2479" HPOS="2092"/>
<String CONTENT="academy" HEIGHT="46" WIDTH="231" VPOS="2470" HPOS="2123"/>
<SP HEIGHT="36" WIDTH="31" VPOS="2480" HPOS="2355"/>
<String CONTENT="of" HEIGHT="39" WIDTH="51" VPOS="2469" HPOS="2387"/>
</TextLine>
<TextLine HEIGHT="49" WIDTH="720" VPOS="2525" HPOS="509">
<String CONTENT="arts" HEIGHT="37" WIDTH="103" VPOS="2530" HPOS="509"/>
<SP HEIGHT="40" WIDTH="26" VPOS="2527" HPOS="613"/>
<String CONTENT="&amp;" HEIGHT="40" WIDTH="36" VPOS="2527" HPOS="640"/>
<SP HEIGHT="40" WIDTH="21" VPOS="2527" HPOS="677"/>
<String CONTENT="letters." HEIGHT="38" WIDTH="186" VPOS="2528" HPOS="699"/>
<SP HEIGHT="48" WIDTH="61" VPOS="2526" HPOS="886"/>
<String CONTENT="(29-12432)" HEIGHT="49" WIDTH="281" VPOS="2525" HPOS="948"/>
</TextLine>
<TextLine HEIGHT="64" WIDTH="831" VPOS="2621" HPOS="443" STYLEREFS="StyleId-66A84B9B-7423-4091-B0F1-DCA369BBF22B-">
<String CONTENT="Gray," HEIGHT="64" WIDTH="178" VPOS="2621" HPOS="443"/>
<SP HEIGHT="64" WIDTH="30" VPOS="2621" HPOS="622"/>
<String CONTENT="John" HEIGHT="53" WIDTH="156" VPOS="2621" HPOS="653"/>
<SP HEIGHT="52" WIDTH="32" VPOS="2621" HPOS="810"/>
<String CONTENT="Henry," HEIGHT="64" WIDTH="223" VPOS="2621" HPOS="843"/>
<SP HEIGHT="59" WIDTH="36" VPOS="2626" HPOS="1067"/>
<String CONTENT="1859-" HEIGHT="50" WIDTH="170" VPOS="2625" HPOS="1104"/>
</TextLine>
<TextLine HEIGHT="70" WIDTH="1870" VPOS="2697" HPOS="569" STYLEREFS="StyleId-66A84B9B-7423-4091-B0F1-DCA369BBF22B-" CS="1">
<String CS="1" CONTENT="&#8230;"/>
<SP HEIGHT="53" WIDTH="32" VPOS="2698" HPOS="569"/>
<String CONTENT="First" HEIGHT="53" WIDTH="161" VPOS="2697" HPOS="602"/>
<SP HEIGHT="48" WIDTH="26" VPOS="2702" HPOS="764"/>
<String CONTENT="mortgages" HEIGHT="64" WIDTH="325" VPOS="2702" HPOS="791"/>
<SP HEIGHT="53" WIDTH="29" VPOS="2697" HPOS="1117"/>
<String CONTENT="in" HEIGHT="53" WIDTH="60" VPOS="2697" HPOS="1147"/>
<SP HEIGHT="34" WIDTH="26" VPOS="2716" HPOS="1208"/>
<String CONTENT="urban" HEIGHT="53" WIDTH="183" VPOS="2697" HPOS="1235"/>
<SP HEIGHT="34" WIDTH="28" VPOS="2716" HPOS="1419"/>
<String CONTENT="real" HEIGHT="52" WIDTH="118" VPOS="2698" HPOS="1448"/>
<SP HEIGHT="52" WIDTH="29" VPOS="2698" HPOS="1567"/>
<String CONTENT="estate" HEIGHT="47" WIDTH="176" VPOS="2704" HPOS="1597"/>
<SP HEIGHT="53" WIDTH="27" VPOS="2698" HPOS="1774"/>
<String CONTENT="finance," HEIGHT="68" WIDTH="236" VPOS="2698" HPOS="1802"/>
<SP HEIGHT="68" WIDTH="31" VPOS="2698" HPOS="2039"/>
<String CONTENT="by" HEIGHT="69" WIDTH="72" VPOS="2698" HPOS="2071"/>
<SP HEIGHT="69" WIDTH="27" VPOS="2698" HPOS="2144"/>
<String CONTENT="John" HEIGHT="54" WIDTH="159" VPOS="2698" HPOS="2172"/>
<SP HEIGHT="53" WIDTH="27" VPOS="2698" HPOS="2332"/>
<String CONTENT="H." HEIGHT="53" WIDTH="79" VPOS="2698" HPOS="2360"/>
</TextLine>
<TextLine HEIGHT="71" WIDTH="2002" VPOS="2774" HPOS="437" STYLEREFS="StyleId-66A84B9B-7423-4091-B0F1-DCA369BBF22B-">
<String CONTENT="Gray" HEIGHT="69" WIDTH="160" VPOS="2776" HPOS="437"/>
<SP HEIGHT="50" WIDTH="29" VPOS="2795" HPOS="598"/>
<String CONTENT="and" HEIGHT="52" WIDTH="115" VPOS="2776" HPOS="628"/>
<SP HEIGHT="56" WIDTH="29" VPOS="2774" HPOS="744"/>
<String CONTENT="George" HEIGHT="70" WIDTH="222" VPOS="2774" HPOS="774"/>
<SP HEIGHT="54" WIDTH="27" VPOS="2776" HPOS="997"/>
<String CONTENT="W." HEIGHT="54" WIDTH="90" VPOS="2776" HPOS="1025"/>
<SP HEIGHT="52" WIDTH="31" VPOS="2776" HPOS="1116"/>
<String CONTENT="Terborgh." HEIGHT="69" WIDTH="313" VPOS="2775" HPOS="1148"/>
<SP HEIGHT="53" WIDTH="65" VPOS="2777" HPOS="1462"/>
<String CONTENT="Washington," HEIGHT="69" WIDTH="402" VPOS="2776" HPOS="1528"/>
<SP HEIGHT="67" WIDTH="29" VPOS="2777" HPOS="1931"/>
<String CONTENT="The" HEIGHT="52" WIDTH="121" VPOS="2777" HPOS="1961"/>
<SP HEIGHT="52" WIDTH="30" VPOS="2777" HPOS="2083"/>
<String CONTENT="Brookings" HEIGHT="69" WIDTH="325" VPOS="2776" HPOS="2114"/>
</TextLine>
<TextLine HEIGHT="66" WIDTH="542" VPOS="2854" HPOS="437" STYLEREFS="StyleId-66A84B9B-7423-4091-B0F1-DCA369BBF22B-" CS="1">
<String CONTENT="institution" HEIGHT="54" WIDTH="331" VPOS="2854" HPOS="437"/>
<SP HEIGHT="48" WIDTH="34" VPOS="2872" HPOS="769"/>
<String CS="1" CONTENT="["/>
<String STYLE="superscript" CS="1" CONTENT="&#7580;19"/>
<String CS="1" CONTENT="29]" HEIGHT="50" WIDTH="67" VPOS="2856" HPOS="912"/>
</TextLine>
<TextLine HEIGHT="50" WIDTH="1931" VPOS="2936" HPOS="507" CS="1">
<String CONTENT="4" HEIGHT="38" WIDTH="28" VPOS="2940" HPOS="507"/>
<SP/>
<String LANG="fr" CONTENT="p." HEIGHT="37" WIDTH="43" VPOS="2949" HPOS="573"/>
<SP HEIGHT="38" WIDTH="37" VPOS="2939" HPOS="617"/>
<String CS="1" CONTENT="l.," HEIGHT="15" WIDTH="8" VPOS="2969" HPOS="691"/>
<SP HEIGHT="46" WIDTH="39" VPOS="2938" HPOS="700"/>
<String CONTENT="76" HEIGHT="40" WIDTH="58" VPOS="2937" HPOS="740"/>
<SP HEIGHT="48" WIDTH="35" VPOS="2937" HPOS="799"/>
<String CONTENT="p." HEIGHT="37" WIDTH="43" VPOS="2948" HPOS="835"/>
<SP HEIGHT="41" WIDTH="64" VPOS="2936" HPOS="879"/>
<String CONTENT="23" HEIGHT="41" WIDTH="57" VPOS="2936" HPOS="944"/>
<String STYLE="superscript" CS="1" CONTENT="&#7580;&#7504;"/>
<String CONTENT="." HEIGHT="8" WIDTH="8" VPOS="2968" HPOS="1053"/>
<SP HEIGHT="46" WIDTH="75" VPOS="2937" HPOS="1062"/>
<String CONTENT="(The" HEIGHT="46" WIDTH="126" VPOS="2937" HPOS="1138"/>
<SP HEIGHT="39" WIDTH="35" VPOS="2937" HPOS="1265"/>
<String CONTENT="Brookings" HEIGHT="48" WIDTH="272" VPOS="2936" HPOS="1301"/>
<SP HEIGHT="40" WIDTH="37" VPOS="2937" HPOS="1574"/>
<String CONTENT="institution." HEIGHT="41" WIDTH="297" VPOS="2936" HPOS="1612"/>
<SP HEIGHT="40" WIDTH="66" VPOS="2937" HPOS="1910"/>
<String CONTENT="Pamphlet" HEIGHT="48" WIDTH="259" VPOS="2937" HPOS="1977"/>
<SP HEIGHT="38" WIDTH="36" VPOS="2939" HPOS="2237"/>
<String CONTENT="series," HEIGHT="48" WIDTH="164" VPOS="2937" HPOS="2274"/>
</TextLine>
<TextLine HEIGHT="49" WIDTH="334" VPOS="2993" HPOS="438">
<String LANG="fr" CONTENT="vol." HEIGHT="40" WIDTH="92" VPOS="2995" HPOS="438"/>
<SP HEIGHT="31" WIDTH="26" VPOS="3003" HPOS="531"/>
<String LANG="en-US" CONTENT="I," HEIGHT="39" WIDTH="32" VPOS="3003" HPOS="558"/>
<SP HEIGHT="37" WIDTH="26" VPOS="3005" HPOS="591"/>
<String LANG="en-US" CONTENT="no." HEIGHT="29" WIDTH="75" VPOS="3005" HPOS="618"/>
<SP HEIGHT="41" WIDTH="24" VPOS="2993" HPOS="694"/>
<String LANG="en-US" CONTENT="2)" HEIGHT="48" WIDTH="53" VPOS="2993" HPOS="719"/>
</TextLine>
<TextLine HEIGHT="49" WIDTH="1469" VPOS="3048" HPOS="512" CS="1">
<String CONTENT="&#8220;Publications" HEIGHT="41" WIDTH="361" VPOS="3049" HPOS="512"/>
<SP HEIGHT="29" WIDTH="27" VPOS="3060" HPOS="874"/>
<String CONTENT="of" HEIGHT="40" WIDTH="51" VPOS="3049" HPOS="902"/>
<SP HEIGHT="39" WIDTH="24" VPOS="3049" HPOS="954"/>
<String CONTENT="the" HEIGHT="38" WIDTH="81" VPOS="3050" HPOS="979"/>
<SP HEIGHT="39" WIDTH="26" VPOS="3049" HPOS="1061"/>
<String CONTENT="Brookings" HEIGHT="48" WIDTH="271" VPOS="3048" HPOS="1088"/>
<SP HEIGHT="41" WIDTH="25" VPOS="3048" HPOS="1360"/>
<String CS="1" CONTENT="institution&#8221;:" HEIGHT="41" WIDTH="311" VPOS="3048" HPOS="1386"/>
<SP/>
<String CONTENT="p." HEIGHT="37" WIDTH="44" VPOS="3060" HPOS="1753"/>
<SP HEIGHT="40" WIDTH="25" VPOS="3050" HPOS="1798"/>
<String CONTENT="71-76." HEIGHT="41" WIDTH="157" VPOS="3049" HPOS="1824"/>
</TextLine>
<TextLine HEIGHT="52" WIDTH="1911" VPOS="3116" HPOS="443" CS="1">
<String CONTENT="&#169;" HEIGHT="52" WIDTH="51" VPOS="3116" HPOS="443"/>
<SP HEIGHT="52" WIDTH="27" VPOS="3116" HPOS="495"/>
<String CONTENT="May" HEIGHT="46" WIDTH="113" VPOS="3121" HPOS="523"/>
<SP HEIGHT="47" WIDTH="26" VPOS="3120" HPOS="637"/>
<String CONTENT="14," HEIGHT="47" WIDTH="69" VPOS="3120" HPOS="664"/>
<SP HEIGHT="47" WIDTH="26" VPOS="3120" HPOS="734"/>
<String CS="1" CONTENT="1929;" HEIGHT="40" WIDTH="117" VPOS="3119" HPOS="761"/>
<SP/>
<String CONTENT="2c." HEIGHT="41" WIDTH="68" VPOS="3119" HPOS="932"/>
<SP HEIGHT="31" WIDTH="25" VPOS="3129" HPOS="1001"/>
<String CONTENT="and" HEIGHT="39" WIDTH="95" VPOS="3121" HPOS="1027"/>
<SP HEIGHT="39" WIDTH="26" VPOS="3121" HPOS="1123"/>
<String CONTENT="aff." HEIGHT="42" WIDTH="83" VPOS="3118" HPOS="1150"/>
<SP HEIGHT="40" WIDTH="27" VPOS="3120" HPOS="1234"/>
<String CONTENT="May" HEIGHT="47" WIDTH="113" VPOS="3120" HPOS="1262"/>
<SP HEIGHT="47" WIDTH="26" VPOS="3120" HPOS="1376"/>
<String CS="1" CONTENT="18;" HEIGHT="40" WIDTH="57" VPOS="3119" HPOS="1403"/>
<SP/>
<!-- cceid 9B197719-6CFA-1014-9C3C-CEA95E7AA542 --><String CONTENT="A" HEIGHT="39" WIDTH="40" VPOS="3119" HPOS="1516"/>
<SP HEIGHT="40" WIDTH="26" VPOS="3119" HPOS="1557"/>
<String CS="1" CONTENT="9164;" HEIGHT="40" WIDTH="114" VPOS="3119" HPOS="1584"/>
<SP/>
<String CONTENT="Brookings" HEIGHT="49" WIDTH="272" VPOS="3119" HPOS="1755"/>
<SP HEIGHT="40" WIDTH="28" VPOS="3120" HPOS="2028"/>
<String CONTENT="institution." HEIGHT="42" WIDTH="297" VPOS="3120" HPOS="2057"/>
</TextLine>
<TextLine HEIGHT="50" WIDTH="281" VPOS="3175" HPOS="520">
<String CONTENT="(29-12511)" HEIGHT="50" WIDTH="281" VPOS="3175" HPOS="520"/>
</TextLine>
<TextLine HEIGHT="65" WIDTH="873" VPOS="3270" HPOS="445" STYLEREFS="StyleId-66A84B9B-7423-4091-B0F1-DCA369BBF22B-">
<String CONTENT="Gregg," HEIGHT="63" WIDTH="215" VPOS="3271" HPOS="445"/>
<SP HEIGHT="63" WIDTH="28" VPOS="3271" HPOS="661"/>
<String CONTENT="John" HEIGHT="54" WIDTH="155" VPOS="3270" HPOS="690"/>
<SP HEIGHT="51" WIDTH="27" VPOS="3271" HPOS="846"/>
<String CONTENT="Robert," HEIGHT="65" WIDTH="240" VPOS="3270" HPOS="874"/>
<SP HEIGHT="59" WIDTH="31" VPOS="3276" HPOS="1115"/>
<String CONTENT="1867-" HEIGHT="53" WIDTH="171" VPOS="3272" HPOS="1147"/>
</TextLine>
<TextLine HEIGHT="147" WIDTH="1978" VPOS="3347" HPOS="438" STYLEREFS="StyleId-66A84B9B-7423-4091-B0F1-DCA369BBF22B-" CS="1">
<String CONTENT="Teacher&#8217;s" HEIGHT="53" WIDTH="295" VPOS="3347" HPOS="509"/>
<SP HEIGHT="53" WIDTH="26" VPOS="3347" HPOS="805"/>
<String CONTENT="handbook" HEIGHT="53" WIDTH="306" VPOS="3347" HPOS="832"/>
<SP HEIGHT="53" WIDTH="23" VPOS="3347" HPOS="1139"/>
<String CONTENT="to" HEIGHT="47" WIDTH="59" VPOS="3353" HPOS="1163"/>
<SP HEIGHT="55" WIDTH="26" VPOS="3347" HPOS="1223"/>
<String CONTENT="Gregg" HEIGHT="69" WIDTH="196" VPOS="3347" HPOS="1250"/>
<SP HEIGHT="50" WIDTH="24" VPOS="3366" HPOS="1447"/>
<String CONTENT="shorthand" HEIGHT="54" WIDTH="318" VPOS="3348" HPOS="1472"/>
<SP HEIGHT="69" WIDTH="23" VPOS="3349" HPOS="1791"/>
<String CONTENT="junior" HEIGHT="69" WIDTH="195" VPOS="3349" HPOS="1815"/>
<SP HEIGHT="34" WIDTH="23" VPOS="3368" HPOS="2011"/>
<String CONTENT="manual," HEIGHT="68" WIDTH="251" VPOS="3349" HPOS="2035"/>
<SP HEIGHT="50" WIDTH="25" VPOS="3367" HPOS="2287"/>
<String CONTENT="containing" HEIGHT="127" WIDTH="1978" VPOS="3367" HPOS="438"/>
</TextLine>
<TextLine HEIGHT="70" WIDTH="1738" VPOS="3425" HPOS="702" STYLEREFS="StyleId-66A84B9B-7423-4091-B0F1-DCA369BBF22B-">
<String CONTENT="also" HEIGHT="52" WIDTH="119" VPOS="3426" HPOS="702"/>
<SP HEIGHT="48" WIDTH="36" VPOS="3430" HPOS="822"/>
<String CONTENT="the" HEIGHT="53" WIDTH="95" VPOS="3425" HPOS="859"/>
<SP HEIGHT="53" WIDTH="33" VPOS="3425" HPOS="955"/>
<String CONTENT="keys" HEIGHT="69" WIDTH="138" VPOS="3425" HPOS="989"/>
<SP HEIGHT="48" WIDTH="34" VPOS="3430" HPOS="1128"/>
<String CONTENT="to" HEIGHT="48" WIDTH="58" VPOS="3430" HPOS="1163"/>
<SP HEIGHT="46" WIDTH="35" VPOS="3432" HPOS="1222"/>
<String CONTENT="the" HEIGHT="51" WIDTH="96" VPOS="3427" HPOS="1258"/>
<SP HEIGHT="54" WIDTH="37" VPOS="3426" HPOS="1355"/>
<String CONTENT="Gregg" HEIGHT="69" WIDTH="196" VPOS="3426" HPOS="1393"/>
<SP HEIGHT="50" WIDTH="35" VPOS="3445" HPOS="1590"/>
<String CONTENT="shorthand" HEIGHT="53" WIDTH="317" VPOS="3427" HPOS="1626"/>
<SP HEIGHT="68" WIDTH="34" VPOS="3427" HPOS="1944"/>
<String CONTENT="junior" HEIGHT="68" WIDTH="194" VPOS="3427" HPOS="1979"/>
<SP HEIGHT="34" WIDTH="33" VPOS="3446" HPOS="2174"/>
<String CONTENT="manual" HEIGHT="53" WIDTH="232" VPOS="3427" HPOS="2208"/>
</TextLine>
<TextLine HEIGHT="70" WIDTH="2000" VPOS="3503" HPOS="440" STYLEREFS="StyleId-66A84B9B-7423-4091-B0F1-DCA369BBF22B-">
<String CONTENT="and" HEIGHT="52" WIDTH="113" VPOS="3504" HPOS="440"/>
<SP HEIGHT="52" WIDTH="32" VPOS="3504" HPOS="554"/>
<String CONTENT="to" HEIGHT="46" WIDTH="58" VPOS="3509" HPOS="587"/>
<SP HEIGHT="54" WIDTH="34" VPOS="3504" HPOS="646"/>
<String CONTENT="Junior" HEIGHT="55" WIDTH="211" VPOS="3503" HPOS="681"/>
<SP HEIGHT="33" WIDTH="33" VPOS="3523" HPOS="893"/>
<String CONTENT="readings" HEIGHT="68" WIDTH="268" VPOS="3504" HPOS="927"/>
<SP HEIGHT="52" WIDTH="32" VPOS="3504" HPOS="1196"/>
<String CONTENT="in" HEIGHT="52" WIDTH="60" VPOS="3504" HPOS="1229"/>
<SP HEIGHT="55" WIDTH="34" VPOS="3503" HPOS="1290"/>
<String CONTENT="Gregg" HEIGHT="70" WIDTH="196" VPOS="3503" HPOS="1325"/>
<SP HEIGHT="50" WIDTH="31" VPOS="3523" HPOS="1522"/>
<String CONTENT="shorthand," HEIGHT="68" WIDTH="335" VPOS="3505" HPOS="1554"/>
<SP HEIGHT="68" WIDTH="32" VPOS="3505" HPOS="1890"/>
<String CONTENT="by" HEIGHT="68" WIDTH="76" VPOS="3505" HPOS="1923"/>
<SP HEIGHT="68" WIDTH="33" VPOS="3505" HPOS="2000"/>
<String CONTENT="John" HEIGHT="53" WIDTH="158" VPOS="3505" HPOS="2034"/>
<SP HEIGHT="52" WIDTH="31" VPOS="3506" HPOS="2193"/>
<String CONTENT="Robert" HEIGHT="54" WIDTH="215" VPOS="3504" HPOS="2225"/>
</TextLine>
<TextLine HEIGHT="148" WIDTH="1976" VPOS="3580" HPOS="439" STYLEREFS="StyleId-66A84B9B-7423-4091-B0F1-DCA369BBF22B-" CS="1">
<String CONTENT="Gregg." HEIGHT="70" WIDTH="209" VPOS="3580" HPOS="440"/>
<SP HEIGHT="52" WIDTH="64" VPOS="3582" HPOS="650"/>
<String CONTENT="New" HEIGHT="52" WIDTH="141" VPOS="3582" HPOS="715"/>
<SP HEIGHT="52" WIDTH="27" VPOS="3582" HPOS="857"/>
<String CONTENT="York," HEIGHT="68" WIDTH="180" VPOS="3581" HPOS="885"/>
<SP HEIGHT="68" WIDTH="28" VPOS="3581" HPOS="1066"/>
<String CONTENT="Chicago" HEIGHT="69" WIDTH="252" VPOS="3581" HPOS="1095"/>
<SP HEIGHT="49" WIDTH="33" VPOS="3600" HPOS="1348"/>
<String STYLE="subscript" CS="1" CONTENT="[etc"/>
<String CONTENT=".]" HEIGHT="34" WIDTH="30" VPOS="3615" HPOS="1490"/>
<SP HEIGHT="66" WIDTH="33" VPOS="3583" HPOS="1521"/>
<String CONTENT="The" HEIGHT="53" WIDTH="122" VPOS="3583" HPOS="1555"/>
<SP HEIGHT="55" WIDTH="28" VPOS="3582" HPOS="1678"/>
<String CONTENT="Gregg" HEIGHT="70" WIDTH="196" VPOS="3582" HPOS="1707"/>
<SP HEIGHT="51" WIDTH="26" VPOS="3601" HPOS="1904"/>
<String CONTENT="publishing" HEIGHT="71" WIDTH="336" VPOS="3582" HPOS="1931"/>
<SP HEIGHT="51" WIDTH="24" VPOS="3602" HPOS="2268"/>
<String CONTENT="company" HEIGHT="127" WIDTH="1976" VPOS="3601" HPOS="439"/>
<SP HEIGHT="50" WIDTH="31" VPOS="3678" HPOS="595"/>
<String CS="1" CONTENT="["/>
<String STYLE="superscript" CS="1" CONTENT="&#7580;19"/>
<String CONTENT="29]" HEIGHT="64" WIDTH="85" VPOS="3662" HPOS="735"/>
</TextLine>
<TextLine HEIGHT="49" WIDTH="874" VPOS="3742" HPOS="509" CS="1">
<String CONTENT="2" HEIGHT="38" WIDTH="27" VPOS="3742" HPOS="509"/>
<SP HEIGHT="48" WIDTH="27" VPOS="3742" HPOS="537"/>
<String LANG="fr" CONTENT="p." HEIGHT="37" WIDTH="42" VPOS="3753" HPOS="565"/>
<SP HEIGHT="40" WIDTH="28" VPOS="3743" HPOS="608"/>
<String CS="1" CONTENT="l.," HEIGHT="16" WIDTH="8" VPOS="3773" HPOS="673"/>
<SP HEIGHT="46" WIDTH="30" VPOS="3743" HPOS="682"/>
<String CONTENT="138" HEIGHT="40" WIDTH="86" VPOS="3742" HPOS="713"/>
<SP HEIGHT="48" WIDTH="28" VPOS="3742" HPOS="800"/>
<String CS="1" CONTENT="p.," HEIGHT="37" WIDTH="57" VPOS="3753" HPOS="829"/>
<SP HEIGHT="46" WIDTH="29" VPOS="3743" HPOS="887"/>
<String CONTENT="1" HEIGHT="38" WIDTH="24" VPOS="3743" HPOS="917"/>
<SP HEIGHT="38" WIDTH="30" VPOS="3743" HPOS="942"/>
<String CS="1" CONTENT="l.," HEIGHT="16" WIDTH="8" VPOS="3774" HPOS="1008"/>
<SP HEIGHT="46" WIDTH="28" VPOS="3744" HPOS="1017"/>
<String CONTENT="41" HEIGHT="38" WIDTH="56" VPOS="3744" HPOS="1046"/>
<SP HEIGHT="47" WIDTH="30" VPOS="3744" HPOS="1103"/>
<String CONTENT="p." HEIGHT="38" WIDTH="44" VPOS="3753" HPOS="1134"/>
<SP HEIGHT="40" WIDTH="58" VPOS="3743" HPOS="1179"/>
<String CS="1" CONTENT="17&#189;&#7580;&#7504;." HEIGHT="40" WIDTH="145" VPOS="3743" HPOS="1238"/>
</TextLine>
<TextLine HEIGHT="50" WIDTH="1704" VPOS="3798" HPOS="511">
<String CONTENT="The" HEIGHT="40" WIDTH="100" VPOS="3798" HPOS="511"/>
<SP HEIGHT="39" WIDTH="31" VPOS="3799" HPOS="612"/>
<String CONTENT="Key" HEIGHT="47" WIDTH="107" VPOS="3799" HPOS="644"/>
<SP HEIGHT="46" WIDTH="32" VPOS="3800" HPOS="752"/>
<String CONTENT="to" HEIGHT="39" WIDTH="48" VPOS="3800" HPOS="785"/>
<SP HEIGHT="47" WIDTH="32" VPOS="3799" HPOS="834"/>
<String CONTENT="junior" HEIGHT="47" WIDTH="166" VPOS="3799" HPOS="867"/>
<SP HEIGHT="27" WIDTH="32" VPOS="3810" HPOS="1034"/>
<String CONTENT="readings" HEIGHT="47" WIDTH="226" VPOS="3799" HPOS="1067"/>
<SP HEIGHT="40" WIDTH="33" VPOS="3799" HPOS="1294"/>
<String CONTENT="in" HEIGHT="39" WIDTH="49" VPOS="3799" HPOS="1328"/>
<SP HEIGHT="41" WIDTH="33" VPOS="3798" HPOS="1378"/>
<String CONTENT="Gregg" HEIGHT="49" WIDTH="156" VPOS="3798" HPOS="1412"/>
<SP HEIGHT="37" WIDTH="32" VPOS="3810" HPOS="1569"/>
<String CONTENT="shorthand" HEIGHT="40" WIDTH="271" VPOS="3800" HPOS="1602"/>
<SP HEIGHT="40" WIDTH="32" VPOS="3800" HPOS="1874"/>
<String CONTENT="is" HEIGHT="40" WIDTH="42" VPOS="3800" HPOS="1907"/>
<SP HEIGHT="29" WIDTH="31" VPOS="3811" HPOS="1950"/>
<String CONTENT="wanting." HEIGHT="48" WIDTH="233" VPOS="3800" HPOS="1982"/>
</TextLine>
<TextLine HEIGHT="48" WIDTH="1685" VPOS="3854" HPOS="513">
<String CONTENT="&#8220;Shorthand" HEIGHT="40" WIDTH="311" VPOS="3854" HPOS="513"/>
<SP HEIGHT="46" WIDTH="36" VPOS="3856" HPOS="825"/>
<String CONTENT="plates" HEIGHT="46" WIDTH="156" VPOS="3856" HPOS="862"/>
<SP HEIGHT="29" WIDTH="37" VPOS="3866" HPOS="1019"/>
<String CONTENT="written" HEIGHT="40" WIDTH="198" VPOS="3855" HPOS="1057"/>
<SP HEIGHT="38" WIDTH="36" VPOS="3856" HPOS="1256"/>
<String CONTENT="by" HEIGHT="46" WIDTH="60" VPOS="3856" HPOS="1293"/>
<SP HEIGHT="46" WIDTH="37" VPOS="3856" HPOS="1354"/>
<String CONTENT="Winifred" HEIGHT="41" WIDTH="242" VPOS="3855" HPOS="1392"/>
<SP HEIGHT="39" WIDTH="38" VPOS="3857" HPOS="1635"/>
<String CONTENT="Kenna" HEIGHT="39" WIDTH="171" VPOS="3857" HPOS="1674"/>
<SP HEIGHT="39" WIDTH="39" VPOS="3857" HPOS="1846"/>
<String CONTENT="Richmond.&#8221;" HEIGHT="41" WIDTH="312" VPOS="3856" HPOS="1886"/>
</TextLine>
<TextLine HEIGHT="50" WIDTH="1610" VPOS="3910" HPOS="513" CS="1">
<String CONTENT="&#8220;Shorthand" HEIGHT="40" WIDTH="309" VPOS="3910" HPOS="513"/>
<SP HEIGHT="48" WIDTH="35" VPOS="3912" HPOS="823"/>
<String CS="1" CONTENT="[of" HEIGHT="49" WIDTH="66" VPOS="3911" HPOS="859"/>
<SP HEIGHT="40" WIDTH="30" VPOS="3911" HPOS="926"/>
<String CONTENT="the" HEIGHT="39" WIDTH="82" VPOS="3912" HPOS="957"/>
<SP HEIGHT="40" WIDTH="29" VPOS="3911" HPOS="1040"/>
<String CONTENT="key]" HEIGHT="49" WIDTH="105" VPOS="3911" HPOS="1070"/>
<SP HEIGHT="38" WIDTH="34" VPOS="3922" HPOS="1176"/>
<String CONTENT="written" HEIGHT="40" WIDTH="193" VPOS="3911" HPOS="1211"/>
<SP HEIGHT="39" WIDTH="34" VPOS="3912" HPOS="1405"/>
<String CONTENT="by" HEIGHT="46" WIDTH="60" VPOS="3912" HPOS="1440"/>
<SP HEIGHT="46" WIDTH="31" VPOS="3912" HPOS="1501"/>
<String CONTENT="Harriet" HEIGHT="41" WIDTH="202" VPOS="3911" HPOS="1533"/>
<SP HEIGHT="39" WIDTH="32" VPOS="3913" HPOS="1736"/>
<String CONTENT="M." HEIGHT="40" WIDTH="63" VPOS="3913" HPOS="1769"/>
<SP HEIGHT="40" WIDTH="29" VPOS="3913" HPOS="1833"/>
<String CONTENT="Johnson.&#8221;" HEIGHT="40" WIDTH="260" VPOS="3913" HPOS="1863"/>
</TextLine>
<TextLine HEIGHT="58" WIDTH="1722" VPOS="3961" HPOS="445" CS="1">
<String CONTENT="&#169;" HEIGHT="53" WIDTH="51" VPOS="3961" HPOS="445"/>
<SP HEIGHT="53" WIDTH="22" VPOS="3961" HPOS="497"/>
<String CONTENT="June" HEIGHT="41" WIDTH="128" VPOS="3966" HPOS="520"/>
<SP HEIGHT="40" WIDTH="18" VPOS="3967" HPOS="649"/>
<String CONTENT="1," HEIGHT="42" WIDTH="40" VPOS="3967" HPOS="668"/>
<SP HEIGHT="42" WIDTH="22" VPOS="3967" HPOS="709"/>
<String CS="1" CONTENT="1929;" HEIGHT="42" WIDTH="115" VPOS="3966" HPOS="732"/>
<SP/>
<String CONTENT="2c." HEIGHT="42" WIDTH="68" VPOS="3968" HPOS="897"/>
<SP HEIGHT="42" WIDTH="22" VPOS="3968" HPOS="966"/>
<String CONTENT="June" HEIGHT="41" WIDTH="126" VPOS="3968" HPOS="989"/>
<SP HEIGHT="42" WIDTH="21" VPOS="3967" HPOS="1116"/>
<String CS="1" CONTENT="6;" HEIGHT="41" WIDTH="29" VPOS="3967" HPOS="1138"/>
<SP/>
<String CONTENT="aff." HEIGHT="42" WIDTH="82" VPOS="3967" HPOS="1217"/>
<SP HEIGHT="41" WIDTH="22" VPOS="3968" HPOS="1300"/>
<String CONTENT="June" HEIGHT="40" WIDTH="126" VPOS="3968" HPOS="1323"/>
<SP HEIGHT="41" WIDTH="21" VPOS="3967" HPOS="1450"/>
<String CS="1" CONTENT="5;" HEIGHT="41" WIDTH="26" VPOS="3967" HPOS="1472"/>
<SP/>
<!-- cceid 9B1A2A5C-6CFA-1014-9C3C-CEA95E7AA542 --><String CONTENT="A" HEIGHT="40" WIDTH="40" VPOS="3968" HPOS="1552"/>
<SP HEIGHT="41" WIDTH="21" VPOS="3968" HPOS="1593"/>
<String CS="1" CONTENT="9506;" HEIGHT="42" WIDTH="116" VPOS="3967" HPOS="1615"/>
<SP/>
<String CONTENT="Gregg" HEIGHT="50" WIDTH="157" VPOS="3968" HPOS="1786"/>
<SP HEIGHT="40" WIDTH="19" VPOS="3979" HPOS="1944"/>
<String CONTENT="pub." HEIGHT="49" WIDTH="111" VPOS="3970" HPOS="1964"/>
<SP HEIGHT="30" WIDTH="22" VPOS="3981" HPOS="2076"/>
<String CONTENT="co." HEIGHT="31" WIDTH="68" VPOS="3981" HPOS="2099"/>
</TextLine>
<TextLine HEIGHT="49" WIDTH="280" VPOS="4023" HPOS="523">
<String CONTENT="(29-12502)" HEIGHT="49" WIDTH="280" VPOS="4023" HPOS="523"/>
</TextLine>
</TextBlock>
</PrintSpace>
</Page>
</Layout>
</alto>