2547 4384
1343 4022 100 51 826

400 365 122 53 Our
555 366 136 68 holy
782 383 77 34 war.
964 406 9 9 I.
1016 363 386 69 Christianity
1437 363 113 53 and
1586 381 135 50 war,
1754 364 76 69 by
1861 362 230 69 August
2124 359 275 55 Ruecker.

515 439 1881 70 II . The law that can beat war, by Ernest Bruncken … [St.
463 518 1828 70 Louis, Mo., Chicago, Ill., Eden publishing house, ᶜ1 928]
463 614 747 50 cover-title, 45 p. illus. 18 ᶜᵐ.
396 683 52 52 ©
473 687 112 40 Dec.
602 686 232 47 24,1928;
858 686 69 40 2c.
951 687 115 46 May
1089 684 206 49 11,1929;
1349 684 82 40 aff.
1457 686 113 46 May
1595 684 56 40 10;
1704 684 39 39 A
1768 684 113 41 8042;
1937 685 133 40 Eden
2095 684 110 48 pub.
2266 694 129 30 house.

474 743 282 49 (29-12285)

394 839 178 64 Page,
605 838 209 65 Kirby,
851 844 172 49 1890-

526 915 1875 70 … The Monroe doctrine and world peace; an analysis of the
396 996 206 67 replies
640 994 153 54 from
831 998 100 49 301
968 996 219 51 leaders
1222 994 64 52 of
1321 995 193 68 public
1551 995 236 68 opinion
1823 1000 59 47 to
1919 994 158 69 eight
2114 995 287 67 questions

395 1075 342 68 concerning
773 1075 96 52 the
902 1074 270 68 meaning
1210 1074 110 52 and
1359 1073 367 69 significance
1758 1072 64 53 of
1856 1073 118 52 this
2010 1072 226 53 famous
396 1073 1981 133 doctrine,

607 1151 1737 70 by Kirby Page … Garden City, N. Y., Doubleday
394 1232 974 68 Doran & company, inc. [ ᶜ1 928 ]
462 1326 1545 51 30 p. 20 ᶜᵐ. (Christianity and world problems: no. 15)
467 1399 133 40 “List
625 1399 52 40 of
700 1409 202 38 persons
925 1399 107 41 who
1058 1399 252 40 answered
1337 1398 81 41 the
1444 1396 393 50 questionnaire”
1857 1409 8 28 :
1901 1408 41 38 p.
1968 1397 160 41 23-30.

395 1464 51 53 ©
474 1470 117 47 July
615 1469 70 48 28,
713 1469 117 41 1928;
883 1470 68 41 2c.
978 1470 95 39 and
1101 1469 83 40 aff.
1211 1470 114 47 May
1352 1469 41 48 3,
1422 1468 113 40 1929;
1593 1469 41 38 A
1660 1468 115 41 7912;
1834 1468 299 48 Doubleday,
2163 1468 169 39 Doran
2360 1471 36 40 &

463 1537 81 37 co.,
570 1527 92 40 inc.
726 1526 254 50 (29-5547)

396 1621 243 64 Parker,
671 1620 338 65 Fitzgerald
1039 1620 150 66 Sale,
1222 1626 172 49 1863-

467 1703 122 52 The
621 1701 252 68 practice
905 1702 113 52 and
1052 1702 330 67 experience
1416 1701 64 54 of
1516 1700 294 55 Christian
1845 1699 280 70 worship;
2164 1721 31 33 a
2229 1699 172 68 study

399 1780 64 52 of
499 1781 249 52 Biblical
787 1780 113 53 and
938 1780 400 53 ecclesiastical
1374 1779 250 68 worship
1663 1779 277 68 practices
1979 1780 140 52 with
2157 1778 242 69 especial

396 1858 288 54 reference
710 1864 59 47 to
794 1859 97 52 the
916 1858 190 69 origin
1133 1858 113 53 and
1274 1858 398 67 development
1696 1857 65 54 of
1787 1858 95 53 the
1909 1857 251 69 worship
2187 1857 212 54 service

395 1934 1978 150 of Episcopal Methodism, by Fitzgerald Sale Parker … Nashville,
577 2016 198 68 Tenn.,
806 2014 331 70 Cokesbury
1164 2032 175 52 press,
1371 2016 150 51 1929.

464 2108 1326 49 272 p. 19½ ᶜᵐ. (The Quillian lectures for 1929)
395 2177 52 52 ©
470 2181 115 47 Apr.
609 2181 68 48 15,
702 2180 115 40 1929;
869 2181 68 40 2c.
961 2182 97 39 and
1082 2180 83 40 aff.
1190 2181 114 47 May
1327 2180 56 39 24;
1436 2180 42 39 A
1500 2180 115 39 8394;
1668 2180 180 39 Lamar
1872 2180 37 40 &
1932 2180 284 47 Whitmore,
463 2180 1913 105 Nashville,

616 2238 149 40 Tenu.
829 2236 282 51 (29-12223)

387 2332 260 65 Patrick,
690 2332 212 55 Diana.

462 2409 1934 71 See my shining palace! By Diana Patrick … New York,
390 2489 995 68 E. P. Dutton & co., inc. [ ᶜ1 929]
461 2584 546 48 5 p. l., 3-335 p. 20 ᶜᵐ.
395 2649 55 53 ©
480 2655 111 40 Jan.
622 2656 39 46 1,
693 2654 142 47 1929;
867 2655 70 41 2c.
968 2656 110 39 Jan.
1110 2654 82 48 12;
1226 2654 83 41 aff.
1341 2655 110 40 Jan.
1484 2654 81 48 10;
1600 2654 41 39 A
1672 2654 142 48 2779;
1850 2656 53 40 E.
1935 2655 51 40 P.
2020 2654 189 40 Dutton
2242 2654 36 40 &
2310 2665 82 38 co.,

461 2711 93 41 inc.
624 2710 252 50 (29-1192)

396 2807 280 63 Pearson,
711 2806 169 53 Rush
918 2806 74 55 H.

461 2885 121 52 The
617 2884 236 53 re-built
888 2902 151 50 man,
1075 2885 75 67 by
1188 2886 160 52 Rush
1385 2886 78 52 H.
1502 2886 281 67 Pearson;
1823 2884 140 53 with
2003 2884 391 54 introduction

387 2962 1983 148 by Walter B. Jones … [Montgomery, Ala., The Brown printing
527 3043 313 65 co., ᶜ1 929]
460 3121 550 50 83 p., 1 l. port. 19½ ᶜᵐ.
396 3189 52 52 ©
473 3194 126 40 June
622 3194 40 48 1,
686 3192 116 41 1929;
854 3194 68 40 2c.
948 3194 96 39 and
1068 3193 82 40 aff.
1176 3194 126 39 June
1326 3194 27 40 3;
1406 3194 42 38 A
1471 3193 114 40 9445;
1640 3193 56 40 R.
1714 3194 62 40 H.
1795 3194 227 47 Pearson,
2043 3193 348 47 Montgomery,

460 3250 107 41 Ala.
637 3249 283 50 (29-12380)

392 3343 263 65 Pierard,
698 3343 198 65 Louis,
942 3349 170 50 1886-

463 3422 1928 69 Belgian problems since the war, by Louis Pierard … New
393 3499 224 68 Haven,
649 3500 144 52 Pub.
828 3498 95 54 for
954 3500 98 52 the
1081 3500 276 52 Institute
1389 3499 64 54 of
1486 3500 228 68 politics
1746 3501 77 67 by
1854 3500 96 53 the
1985 3499 146 54 Yale
392 3499 1975 145 university
530 3595 157 50 press;

745 3577 259 67 London,
1030 3577 76 52 H.
1134 3576 267 68 Milford,
1430 3576 230 56 Oxford
1686 3577 321 68 university
2034 3595 175 50 press,
2240 3578 148 50 1929.

393 3658 1976 103 x p., 1 l. , 106 p. 21 ᶜᵐ. (Half-title: The Institute of politics publications, Williams
844 3715 192 48 college,
1070 3714 390 49 Williamstown,
1495 3716 174 48 Mass.)

738 3785 311 40 CONTENTS.—Walloons
1082 3785 97 40 and
1213 3784 259 48 Flemings.
1487 3807 62 6 —
1563 3785 243 40 Workers’
1842 3784 414 42 leisure.—Labor
2292 3785 94 39 and

391 3839 245 41 socialism
665 3840 51 40 in
746 3839 236 49 Belgium.

396 3904 52 52 ©
473 3909 114 47 Apr.
613 3909 69 48 26,
709 3909 118 40 1929;
879 3910 67 40 2c.
974 3911 113 46 May
1112 3910 57 40 20;
1224 3909 82 41 aff.
1334 3911 114 47 May
1474 3911 56 40 18;
1586 3911 41 38 A
1654 3910 113 40 8313;
1823 3911 120 39 Yale
1971 3910 129 41 univ.
2129 3920 151 38 press.

473 3965 282 51 (29-12111)
