2533 4342
1303 4008 136 54 1876

376 365 177 64 Park,
580 365 93 53 No
701 365 191 67 Yong,
922 371 173 50 1899-

446 441 246 71 Making
721 463 32 33 a
781 462 125 34 new
937 442 207 70 China,
1173 444 76 67 by
1278 443 89 54 No
1398 444 173 69 Yong
1600 443 186 68 Park;
1821 443 140 54 with
1991 463 73 33 an
377 444 1984 129 introduction

534 519 1850 71 by Honorable Henrik Shipstead … Boston, Mass., The
378 597 625 69 Stratford co. [ ᶜ1 929]
444 681 592 50 2 p. l. , vii, 308 p. 19½ᶜᵐ.
447 750 349 42 “References”
826 753 53 39 at
905 753 94 39 end
1025 751 52 41 of
1103 752 120 40 each
1250 753 218 48 chapter.

382 818 53 52 ©
467 822 102 41 Oct.
599 822 70 49 25,
699 821 118 41 1929;
872 822 69 41 2c.
971 823 120 41 Nov.
1123 824 52 46 1;
1209 822 84 42 aff.
1323 824 119 41 Nov.
1474 823 82 47 16;
1590 823 41 39 A
1661 823 172 48 14538;
1870 823 251 42 Stratford
2152 834 82 38 co.,
450 823 1913 97 publishers.

709 877 280 50 (29-25758)

374 970 370 66 Parmenter,
770 974 139 54 Mrs.
941 971 305 55 Christine
1281 972 332 66 (Whiting)
1650 974 174 55 1877-

444 1051 122 55 The
624 1052 171 71 dusty
849 1051 275 72 highway
1201 1052 95 71 [by]
1357 1050 291 58 Christine
1703 1052 270 71 Whiting
2026 1053 356 56 Parmenter.

376 1129 1219 71 Boston, Hale, Cushman & Flint [ ᶜ1 929]
443 1210 475 49 3 p. l. , 306 p. 19½ ᶜᵐ.
382 1278 1982 100 © Sept. 28, 1929; 2c. and aff. Nov. 25; A 17005; C. W. Parmenter, Colorado
628 1337 217 50 Springs,
876 1337 99 42 Col.
1044 1337 281 50 (29-25608)

372 1429 244 67 Piersol,
647 1432 227 64 George
904 1431 255 66 Arthur,
1191 1437 173 50 1856-

443 1510 268 56 Piersol’s
759 1512 240 53 Normal
1047 1511 308 71 histology,
1402 1512 140 52 with
1588 1512 213 69 special
1848 1512 289 54 reference
2180 1516 60 47 to
2285 1512 97 55 the

373 1594 284 49 structure
699 1590 65 53 of
806 1591 95 52 the
942 1591 216 52 human
1199 1590 169 69 body.
1446 1592 131 51 14th
1619 1591 106 69 ed.,
1768 1591 191 54 edited
2000 1590 78 71 by
2118 1590 264 54 William

372 1667 2009 70 H. F. Addison … 432 illustrations, 43 of which are in color.
372 1744 1912 72 Philadelphia and London, J. B. Lippincott company [ ᶜ1 929]
442 1826 1878 50 3 p. l. , v-viii, 479 p. illus. (part col.) III col. pl. (incl. front.) 24 ᶜᵐ.
445 1897 249 41 “Selected
738 1896 304 41 references”:
1117 1908 43 38 p.
1203 1896 207 41 463-468;
1483 1897 326 41 “References
1849 1908 63 30 on
1954 1897 257 48 histologic
370 1898 1994 96 technic”:
533 1965 45 38 p.
604 1952 102 43 469.

378 2020 53 52 ©
462 2024 128 49 Sept.
619 2024 40 48 9,
688 2024 117 40 1929;
859 2024 69 41 2c.
957 2025 97 39 and
1083 2023 83 41 aff.
1194 2024 120 41 Nov.
1343 2022 57 41 16;
1457 2023 43 40 A
1527 2023 146 41 15833;
1733 2024 44 41 J.
1807 2024 55 41 B.
1891 2023 282 50 Lippincott
2200 2034 67 31 co.

455 2080 282 50 (29-25452)

370 2175 264 64 Proctor,
664 2175 191 64 Mary.

440 2251 1939 72 Romance of the planets, by Mary Proctor … illustrated with
370 2333 397 68 photographs
796 2331 172 54 taken
1000 2338 59 47 at
1089 2333 95 52 the
1217 2331 233 70 leading
1480 2332 431 69 observatories,
1942 2330 292 71 drawings
2264 2330 114 55 and

371 2431 32 34 a
432 2411 179 53 chart.
686 2410 141 53 New
856 2410 165 53 York
1049 2411 115 52 and
1191 2410 261 69 London,
1480 2409 237 69 Harper
1745 2410 47 52 &
1817 2410 282 69 brothers,
2129 2411 151 53 1929.

439 2489 1004 51 xii p., 1 l., 272 p. front., plates. 19½ᶜᵐ.
375 2558 53 52 ©
458 2562 120 41 Nov.
608 2562 70 48 15,
709 2560 142 47 1929;
884 2560 68 42 2c.
983 2560 120 41 Nov.
1135 2560 82 47 16;
1251 2559 83 41 aff.
1364 2560 120 41 Nov.
1515 2559 82 48 19;
1631 2560 44 39 A
1705 2560 172 48 15919;
1912 2561 64 40 M.
2008 2560 215 41 Proctor.
446 2560 1913 99 London.
625 2617 281 49 (29-25454)

367 2710 258 66 Salmon,
656 2710 222 65 André,
911 2716 173 50 1881-

501 2786 1879 71 … The black Venus (La négresse de Sacre-Coeur) translated
371 2866 153 53 from
550 2867 95 52 the
674 2865 225 54 French
925 2865 77 69 by
1033 2863 190 56 Slater
1250 2866 231 52 Brown.
1545 2864 140 54 New
1714 2864 182 69 York,
1923 2865 122 53 The
2072 2865 308 69 Macaulay

368 2962 299 51 company,
701 2946 151 50 1929.

439 3025 1293 50 7 p., 2 l., 293 p. 20 ᶜᵐ. [Transatlantic library]
438 3084 64 40 At
530 3084 124 39 head
682 3082 53 41 of
761 3082 109 41 title:
927 3082 75 48 By
1028 3081 165 41 André
1222 3082 212 41 Salmon.

375 3136 52 53 ©
457 3140 103 41 Oct.
586 3139 70 49 18,
683 3138 142 48 1929;
854 3139 68 41 2c.
949 3139 121 40 Nov.
1096 3138 84 48 23;
1210 3138 84 41 aff.
1320 3138 119 41 Nov.
1466 3137 84 48 26;
1580 3139 43 39 A
1649 3138 172 48 16092;
1854 3139 261 48 Macaulay
2144 3150 68 30 co.

452 3195 282 50 (29-25599)

367 3290 288 65 Salpeter,
686 3291 220 63 Harry.

437 3369 103 52 Dr.
567 3367 262 55 Johnson
854 3370 45 50 &
922 3369 112 53 Mr.
1060 3369 265 68 Boswell,
1346 3369 75 69 by
1445 3368 201 69 Harry
1674 3367 278 69 Salpeter.
2027 3368 140 54 New
2193 3366 180 70 York,

368 3445 555 70 Coward-McCann,
953 3448 152 51 1929.

473 3525 1272 49 x, 265 p., 1 l. front., plates, ports., facsim. 22½ ᶜᵐ.
375 3579 51 52 ©
460 3584 119 40 Nov.
613 3583 40 48 8,
687 3582 114 41 1929;
863 3583 69 41 2c.
965 3583 119 40 Nov.
1119 3583 56 39 14;
1238 3581 83 42 aff.
1354 3583 120 40 Nov.
1508 3582 55 41 13;
1628 3583 42 38 A
1703 3582 145 41 14842;
1913 3581 458 42 Coward-McCann.

442 3638 92 42 inc.
599 3638 282 50 (29-25497)

366 3729 256 66 Scapini,
645 3731 39 53 J
970 3731 279 66 Georges,
1281 3736 172 51 1893-

436 3807 57 53 A
515 3806 297 70 challenge
832 3813 59 47 to
916 3808 302 68 darkness;
1243 3809 96 53 the
1362 3808 106 54 life
1492 3814 158 64 story
1674 3809 66 53 of
1760 3809 57 54 J.
1843 3808 251 69 Georges
2119 3807 255 68 Scapini,

366 3885 335 68 translated,
734 3884 141 54 with
908 3904 73 34 an
1015 3886 390 53 introduction
1436 3886 77 70 by
1544 3886 188 53 Helen
1765 3887 214 67 Keller,
2013 3886 113 52 and
2160 3904 32 33 a
2223 3884 149 54 fore-
