2533 4384
1028 4054 101 50 265

70 400 214 64 Agate,
321 399 204 53 James
562 398 325 63 Evershed,
930 398 170 54 1877-

144 477 232 66 Rachel,
414 476 77 68 by
532 477 193 53 James
768 476 204 68 Agate.
1054 475 139 52 New
1236 474 182 65 York,
1462 473 121 53 The
1628 472 224 70 Yiking
1896 493 174 49 press,

76 557 148 50 1928.

141 631 1835 52 178 p. front. (port.) 19½ᶜᵐ. (Half-title: Representative women)
143 706 178 40 “Short
348 705 366 48 bibliography”
735 716 8 28 :
775 716 45 37 p.
849 704 217 41 175-178.

73 759 51 54 ©
153 764 118 41 Nov.
299 763 68 48 15,
395 763 141 47 1928;
566 764 68 40 2c.
663 764 117 41 Nov.
810 763 83 48 24;
925 762 81 42 aff.
1035 763 119 40 Nov.
1183 761 83 48 28;
1297 762 41 40 A
1368 762 111 48 862;
1554 761 137 50 Viking
1717 772 151 39 press,
1899 762 92 41 inc.

150 821 281 48 (28-29521)

69 901 174 64 Allin,
278 902 231 62 Cephas
541 902 226 60 Daniel,
804 902 324 54 1875-1927.

134 978 402 54 Australasian
581 978 376 68 preferential
1002 978 189 54 tariffs
1238 979 112 52 and
1396 978 266 68 imperial
1710 977 120 54 free
1877 978 193 64 trade;

63 1075 31 33 a
121 1057 237 68 chapter
383 1057 60 52 in
470 1058 96 51 the
594 1056 156 53 fiscal
778 1056 423 68 emancipation
1229 1055 66 54 of
1322 1057 96 52 the
1448 1056 263 65 colonies,
1739 1056 76 69 by
1847 1055 225 70 Cephas

63 1134 2012 70 Daniel Allin … with which is included a biographical memoir
64 1213 114 52 and
212 1231 30 34 a
279 1213 98 52 list
411 1211 65 54 of
510 1212 88 54 his
633 1212 304 69 published
974 1212 173 53 work.
1223 1212 408 69 Minneapolis,
1667 1213 122 52 The
61 1212 1989 146 University
206 1290 66 53 of

298 1290 325 53 Minnesota
654 1309 176 50 press,
863 1294 150 49 1929.

135 1371 1942 50 vi p., 1 l. , 228 p. 23 ᶜᵐ. (Half-title: University of Minnesota. Studies
65 1428 48 41 in
141 1430 81 39 the
249 1428 151 41 social
427 1429 225 47 sciences,
681 1441 76 28 no.
785 1427 83 47 19)

136 1486 85 39 “In
255 1496 28 29 a
319 1486 225 47 previous
577 1486 300 47 monograph
911 1486 83 40 the
1027 1485 189 47 history
1251 1485 53 40 of
1339 1486 83 39 the
1459 1484 139 41 tariff
1632 1485 236 41 relations
1903 1487 53 40 of
1992 1487 83 40 the

64 1542 288 40 Australian
380 1542 209 40 colonies
616 1543 89 39 has
733 1543 119 40 been
883 1544 164 39 traced
1078 1542 126 40 from
1236 1543 82 39 the
1348 1543 119 46 days
1496 1542 52 39 of
1578 1543 82 40 the
1691 1542 220 41 Colonial
1943 1543 132 41 office

66 1598 1992 106 régime … to the first inter-colonial conference of 1863. It is the purpose of the
405 1658 197 46 present
633 1657 145 46 study
813 1659 49 38 to
894 1655 227 41 continue
1154 1657 109 38 that
1295 1655 191 47 history
1519 1656 140 40 down
1693 1658 50 38 to
1778 1657 83 40 the
1894 1656 96 41 rise
2023 1656 53 40 of

62 1714 83 39 the
173 1712 146 49 spirit
348 1713 52 40 of
428 1712 288 41 Australian
747 1712 612 41 nationalism.”—Introd.

136 1770 84 39 “In
254 1769 298 49 memoriam,
587 1770 190 47 Cephas
811 1769 175 40 Daniel
1022 1769 145 47 Allin,
1203 1768 307 48 1874-1927”,
1546 1769 60 48 by
1643 1769 216 40 William
64 1769 1994 98 Anderson.

136 1884 137 40 “List
303 1883 51 39 of
387 1883 338 48 publications,
762 1882 257 41 Professor
1053 1882 190 48 Cephas
1278 1882 177 40 Daniel
1489 1882 161 40 Allin”
1669 1892 10 30 :
1715 1893 44 38 p.
1797 1882 192 50 [21]-24.

73 1937 52 52 ©
154 1942 112 39 Feb.
293 1941 69 47 18,
390 1940 140 48 1929;
560 1940 67 41 2c.
656 1941 122 39 Mar.
808 1941 52 45 1;
891 1940 81 40 aff.
1003 1940 111 41 Feb.
1142 1940 83 46 27;
1256 1939 41 40 A
1326 1940 140 45 5583;
1498 1940 285 48 University
1812 1940 52 41 of
138 1940 1920 104 Minnesota,

295 1998 338 47 Minneapolis.
708 1997 252 48 (29-6233)

63 2094 362 63 Allingham,
461 2094 301 62 Margery.

137 2170 121 53 The
290 2169 174 54 crime
496 2173 59 49 at
588 2168 183 54 Black
802 2169 249 67 Dudley,
1082 2168 77 69 by
1190 2168 275 70 Margery
1501 2169 357 69 Allingham.
67 2169 1983 145 London,
228 2248 267 55 Jarrolds

527 2247 222 53 limited
789 2250 174 64 [1929]

136 2331 88 41 286
253 2342 44 37 p.
357 2330 147 42 19½ᶜᵐ.

74 2384 2003 53 © 1c. Mar. 1, 1929; A ad int. 12378; pubd. Feb. 8; Doubleday, Doran &
141 2457 81 36 co.,
250 2445 107 47 inc.,
388 2445 193 41 Garden
611 2444 123 48 City,
765 2445 57 40 N.
852 2445 53 39 Y.
973 2443 253 49 (29-6866)

68 2540 245 62 Allison,
341 2541 137 53 Mrs.
507 2539 189 63 Lydia
720 2540 90 53 W.

135 2617 263 53 Leonard
436 2617 114 53 and
589 2615 170 56 Soule
797 2617 382 67 experiments
1216 2618 58 51 in
1315 2617 291 68 psychical
1644 2618 277 62 research,
1959 2621 119 52 also

65 2696 381 68 experiments
485 2695 141 53 with
668 2694 269 66 Sanders,
977 2695 277 66 Brittain,
1293 2696 199 53 Peters
1534 2697 111 52 and
1686 2697 278 67 Dowden,
2003 2696 76 69 by

66 2775 186 67 Lydia
296 2774 90 54 W.
431 2774 256 66 Allison;
735 2774 471 68 supplementary
1248 2775 266 52 material
1559 2774 76 70 by
1678 2776 95 52 the
1818 2775 260 55 research

66 2852 180 54 officer
291 2852 66 52 of
399 2852 96 53 the
540 2853 217 52 Boston
805 2851 212 69 society
1064 2851 93 53 for
1203 2852 233 67 psychic
1484 2852 274 54 research.
1843 2856 236 65 Boston,

65 2930 192 64 Mass.,
288 2931 216 52 Boston
534 2930 212 64 society
777 2930 97 52 for
903 2929 231 65 psychic
1166 2931 278 63 research,
1477 2935 150 49 1929.

137 3013 86 40 399
260 3024 44 37 p.
371 3013 146 41 23½ᶜᵐ.

138 3071 115 39 Mrs.
289 3068 188 42 Allison
514 3069 134 49 gives
684 3070 196 40 records
916 3069 54 40 of
1003 3069 199 49 sittings
1239 3070 49 39 in
1326 3069 158 42 which
1522 3071 436 41 communications
1995 3083 85 31 are

70 3127 263 47 purported
364 3128 48 38 to
442 3125 123 41 have
595 3137 131 29 come
755 3126 129 40 from
914 3126 87 40 her
1029 3126 238 47 husband,
1300 3127 85 41 Dr.
1418 3128 210 40 Edward
1661 3129 72 40 W.
1764 3129 204 41 Allison.

139 3183 245 41 Research
410 3183 157 40 officer
594 3183 51 40 of
670 3183 83 40 the
779 3183 182 40 Boston
990 3183 182 48 society
1199 3184 78 40 for
1303 3184 197 48 psychic
1528 3186 225 40 research
1772 3196 9 29 :
1811 3187 189 40 Walter
2029 3187 52 42 F.

69 3239 185 42 Prince.

75 3292 52 52 ©
159 3297 112 39 Jan.
302 3295 70 42 30.
404 3295 114 41 1929;
581 3295 68 42 2c.
682 3297 92 38 and
811 3296 82 42 aff.
928 3297 122 39 Mar.
1084 3297 52 43 1;
1172 3297 40 39 A
1243 3296 143 48 4668;
1423 3299 184 40 Boston
1641 3309 92 31 soc.
1767 3300 82 40 for
1883 3300 195 47 psychic

145 3353 239 40 research.
451 3352 252 49 (29-6365)

70 3445 268 63 Allodoli,
371 3447 228 62 Ettore,
635 3451 172 48 1882-

201 3523 1879 77 … I Medici. Firenze, Novissima enciclopedia monografica
70 3601 525 68 illustrata [ ᶜ1 928]
141 3683 1390 50 64 p. incl. front., illus., ports., geneal. tab. 24½ᶜᵐ.
79 3735 2001 61 © Dec. 1, 1928; 1c. Dec. 26; A—Foreign 1188; C. Cherubini. Firenze,
146 3797 145 48 Italy.
364 3796 250 49 (29-6776)

71 3890 1985 147 … Michelangiolo … Firenze, Novissima enciclopedia monografica
319 3969 526 69 illustrata [ ᶜ1 928]
