2542 4389
1060 4032 135 51 1641

115 382 327 62 Andersen,
469 380 235 53 Arthur
731 381 155 64 Olaf,
918 385 173 50 1880-

115 458 1975 146 Practical orchestration, by Arthur Olaf Andersen … Boston,
258 537 1440 69 New York, C. C. Birchard & company [ ᶜ1 929]
182 617 1228 50 249 p. front., illus. (incl. music) plates. 24 ᶜᵐ.
119 687 51 52 ©
204 691 128 47 Sept.
365 689 69 48 12,
466 689 117 41 1929;
641 690 68 40 2c.
745 690 130 48 Sept.
904 689 58 41 30;
1022 689 84 42 aff.
1142 690 129 48 Sept.
1304 689 57 40 28;
1421 689 43 39 A
1494 688 146 41 13727;
1701 688 52 41 G.
1787 687 49 42 C.
1871 687 243 41 Birchard

183 750 37 40 &
245 757 69 30 co.
379 745 281 49 (29-21001)

109 857 235 63 Argow,
375 855 89 55 W.
497 854 337 55 Waldemar
863 856 90 54 W.

179 933 1935 70 Beyond, by W. Waldemar W. Argow … Cedar Rapids, Ia.,
111 1014 154 54 Corn
295 1011 337 70 publishing
660 1029 300 52 company,
992 1016 151 50 1929.

182 1093 254 50 79 p. 20 ᶜᵐ.
117 1161 52 53 ©
196 1165 118 41 Nov.
341 1165 39 48 8,
408 1164 141 48 1929;
577 1163 69 41 2c.
673 1164 96 40 and
796 1163 83 42 aff.
906 1164 118 41 Nov.
1052 1164 53 38 11;
1164 1163 42 40 A
1232 1163 171 47 14726;
1434 1163 126 42 Corn
1587 1163 110 49 pub.
1724 1173 68 31 co.

109 1258 473 65 Ashton-Wolfe,
615 1260 221 62 Harry.

181 1339 120 53 The
327 1342 254 66 mystery
609 1339 64 52 of
699 1339 97 53 the
822 1339 197 67 riding
1044 1339 223 51 wolves.

217 1421 61 39 (In
306 1415 264 45 Pearson’s
601 1415 277 53 magazine,
909 1416 124 50 Oct.,
1064 1416 145 50 1929)

119 1487 1997 53 © 1c. Nov. 15, 1929; A ad int. 13233; pubd. Oct. 1; Christy & Moore,
184 1549 101 48 ltd.,
314 1548 216 40 London.

182 1644 150 52 True
360 1644 142 53 tales
532 1643 63 53 of
621 1642 226 53 French
875 1643 217 53 crimes.
1169 1642 121 54 The
1320 1642 122 55 clue
1469 1643 64 53 of
1560 1642 94 54 the
1683 1641 292 70 changing
2001 1659 113 50 eye.

214 1725 63 39 (In
312 1721 264 43 Pearson’s
615 1720 278 53 magazine,
931 1720 141 51 Nov.,
1112 1721 145 50 1929)

119 1791 1997 53 © 1c. Nov. 15, 1929; A ad int. 13234; pubd. Nov. 1; Christy & Moore,
185 1853 101 48 ltd.,
314 1852 214 41 London.

123 1947 263 63 Atwood,
415 1945 255 56 Wallace
698 1945 245 65 Walter,
977 1947 172 54 1872-

242 2023 1878 69 … Our state and continent, by Wallace W. Atwood and
112 2101 1985 148 Helen Goss Thomas, with collaboration of Marion B. Forsythe …
442 2179 1673 70 Boston, New York [etc.] Ginn and company [ ᶜ1 929]
181 2262 1931 51 vii, 330 p. col. front., illus., maps. 26½ ᶜᵐ. (Atwood geography series)
182 2336 64 39 At
272 2335 125 40 head
422 2334 54 40 of
502 2333 108 41 title:
667 2334 101 40 The
796 2333 142 40 earth
966 2334 96 39 and
1089 2333 66 41 its
1182 2334 182 47 people,
1393 2333 124 41 book
1545 2336 108 38 two.

184 2392 129 40 “The
338 2393 105 38 text
469 2389 227 49 covering
718 2390 83 40 the
826 2389 180 41 United
1033 2389 165 41 States
1224 2390 95 40 and
1345 2390 83 40 the
1452 2391 141 39 other
1616 2390 246 40 countries
1887 2391 52 40 of
1964 2393 158 39 North

113 2445 2007 49 America is from ‘The Americas’ … a special section on New York state
113 2506 89 40 has
230 2505 119 39 been
379 2502 282 50 prepared.”

185 2561 70 40 “A
279 2560 86 41 list
393 2560 52 41 of
470 2560 149 40 books
646 2559 81 41 for
753 2559 193 41 outside
972 2558 231 49 reading”:
1262 2569 44 38 p.
1333 2558 100 42 313.

122 2628 52 53 ©
206 2632 121 49 Aug.
361 2632 40 48 3,
436 2632 141 46 1929;
612 2631 69 41 2c.
717 2631 130 48 Sept.
880 2631 83 47 14;
1001 2629 82 43 aff.
1122 2631 129 47 Sept.
1285 2630 83 47 13;
1403 2630 42 40 A
1478 2631 170 48 13379;
1685 2633 73 39 W.
1791 2633 73 40 W.
1900 2633 218 49 Atwood,

189 2689 288 47 Worcester,
510 2689 161 46 Mass.,
704 2689 96 39 and
833 2688 159 40 Helen
1022 2687 122 41 Goss
1176 2687 225 49 Thomas,
1436 2686 303 52 Cambridge,
1773 2689 148 41 Mass.

198 2745 282 49 (29-20959)

119 2841 222 62 Baden,
370 2840 201 55 Katia.

121 2917 1980 135 Forbidden talents, by Katia Baden … Philadelphia, Dorrance
317 2998 652 69 and company [ ᶜ1 929]
184 3076 272 51 275 p. 19½ ᶜᵐ.
125 3145 51 52 ©
209 3149 129 49 Sept.
365 3148 70 48 10,
463 3148 114 41 1929;
634 3148 69 40 2c.
731 3149 96 39 and
856 3147 84 42 aff.
970 3147 103 41 Oct.
1103 3146 55 40 11;
1216 3146 42 40 A
1285 3146 144 42 14083;
1489 3147 250 42 Dorrance
1768 3149 38 41 &
1834 3160 82 37 co.,
1946 3151 93 41 inc.

200 3204 282 50 (29-21215)

121 3299 225 64 Bailey,
374 3298 257 65 Temple.

196 3379 269 67 Burning
516 3378 228 66 beauty,
797 3377 77 68 by
926 3377 238 66 Temple
1218 3375 221 68 Bailey.
1514 3377 429 71 Philadelphia,
1997 3382 122 53 The

123 3456 1057 69 Penn publishing company [ ᶜ1 929]
189 3534 463 52 vi, [7]-318 p. 19½ ᶜᵐ.
129 3604 51 52 ©
211 3608 129 48 Sept.
367 3608 69 47 14,
464 3607 118 41 1929;
635 3607 68 41 2c.
732 3607 96 40 and
856 3605 82 41 aff.
969 3605 104 41 Oct.
1099 3605 26 40 9;
1183 3604 42 40 A
1251 3604 148 42 14008:
1454 3606 135 41 Penn
1617 3609 109 47 pub.
1756 3621 69 30 co.

204 3663 281 50 (29-20969)

125 3759 283 63 Beckner,
439 3757 139 53 Earl
604 3758 71 54 R.

120 3831 1982 135 A history of labor legislation in Illinois, by Earl R. Beckner …
382 3909 1717 78 Chicago, Ill., The University of Chicago press [ ᶜ1 929]
