2542 4389
1005 4005 134 49 1601

93 364 244 60 Adams,
369 363 183 54 Edith
584 364 67 55 E.

162 442 57 52 A
266 440 172 70 guide
486 446 59 47 to
593 441 305 53 children’s
946 441 297 52 literature
1292 441 59 51 in
1402 441 94 52 the
1546 442 157 68 early
1751 442 348 69 elementary

91 519 232 69 grades;
375 518 94 53 for
513 519 260 68 training
815 519 220 68 classes,
1080 518 702 71 kindergarten-primary
1825 519 273 69 teachers,

92 596 2003 70 and parents, by Edith E. Adams … Ann Arbor, The Ann
89 675 584 68 Arbor press [ ᶜ1 929]
160 756 86 42 128
271 767 44 38 p.
513 788 9 9 19½ᶜᵐ.

161 828 160 40 Blank
351 839 148 37 pages
528 829 80 39 for
641 828 312 41 “Additional
985 828 303 42 references”
1322 829 345 49 interspersed.

94 896 52 52 ©
175 900 127 48 Sept.
328 899 68 48 20,
422 899 141 48 1929;
589 901 68 39 2c.
683 901 96 38 and
804 899 83 41 aff.
916 899 128 49 Sept.
1069 900 83 46 25;
1181 900 40 39 A
1246 899 172 43 13646;
1447 900 53 40 E.
1529 901 54 39 E.
1609 899 195 40 Adams.
1831 898 261 48 Ypsilanti,

162 956 143 41 Mich.
370 956 280 49 (29-22219)

87 1049 272 65 Alarcon,
389 1051 188 52 Pedro
604 1050 262 54 Antonio
894 1052 90 61 de,
1016 1055 328 51 1833-1891.

158 1128 1939 72 El capit á n Veneno, by Don Pedro A. de Alarcón; edited
86 1208 139 52 with
258 1209 408 67 introduction,
698 1214 177 58 notes,
909 1207 289 66 exercises,
1233 1209 113 53 and
1377 1208 348 70 vocabulary
1755 1210 76 68 by
1864 1207 233 53 Marion

86 1285 2010 69 E. Potter … Boston, New York [etc.] Ginn and company
89 1368 192 64 [ ᶜ1 929 ]
152 1445 64 48 xi,
244 1445 86 41 228
357 1456 44 38 p.
429 1445 111 41 incl.
567 1444 150 41 front.
776 1446 146 39 17½ᶜᵐ.
989 1444 387 48 (International
1406 1446 199 39 modern
1635 1446 242 48 language
1906 1446 177 49 series)

89 1513 52 52 ©
172 1517 120 47 Aug.
323 1516 39 48 1,
394 1516 117 40 1929;
568 1517 67 40 2c.
669 1517 103 41 Oct.
804 1516 82 46 21;
921 1515 82 41 aff.
1038 1515 129 49 Sept.
1198 1515 83 46 24;
1316 1516 40 39 A
1388 1515 171 47 15206;
1595 1516 193 40 Marion
1820 1518 53 40 E.
1906 1517 184 48 Potter,

156 1573 118 41 New
308 1573 146 41 York.
539 1568 51 52 [©
627 1571 347 48 introduction,
1012 1573 152 47 notes,
1203 1572 255 43 exercises,
1497 1572 95 40 and
1629 1573 312 49 vocabulary]

166 1629 281 48 (29-22396)

79 1725 273 63 Almond,
382 1727 138 53 Mrs.
549 1724 318 56 Lemuella.

149 1801 303 54 Memories
477 1801 59 52 in
562 1802 210 67 amber,
797 1802 77 67 by
899 1801 292 53 Lemuella
1215 1801 272 53 Almond.
1550 1801 316 62 Nashville,
1893 1802 198 68 Tenn.,

78 1880 172 53 Print.
305 1879 94 53 for
434 1879 96 53 the
567 1879 224 67 author,
826 1879 350 69 Publishing
1209 1879 174 53 house
1419 1878 319 54 Methodist
1775 1879 315 70 Episcopal

78 1958 229 67 church,
340 1956 200 56 South.
572 1959 151 51 1929.

148 2040 529 49 60 p. illus. 23½ ᶜᵐ .
147 2112 186 40 Poems.

87 2179 51 53 ©
165 2184 104 40 Oct.
292 2183 69 47 10,
386 2183 116 40 1929;
554 2183 68 40 2c.
650 2183 95 40 and
771 2181 83 41 aff.
882 2182 103 41 Oct.
1010 2182 56 39 24;
1122 2182 40 38 A
1188 2181 147 41 15230;
1390 2183 50 39 L.
1469 2181 221 50 Almond,
1720 2182 202 47 Oxford,
1951 2183 137 40 Miss.

162 2240 282 48 (29-22342)

76 2335 317 53 American
424 2334 341 54 machinist.

149 2414 159 68 Shop
343 2415 114 53 and
489 2413 166 68 plant
688 2414 287 53 shortcuts
1008 2431 69 33 <a
1111 2412 297 54 collection
1443 2413 66 53 of
1540 2413 197 71 handy
1769 2411 171 56 kinks
1974 2411 115 54 and

78 2495 156 53 ideas
276 2493 94 53 for
409 2494 113 52 and
560 2494 76 65 by
676 2510 126 34 men
843 2492 60 52 in
940 2492 97 52 the
1076 2490 467 67 metal-working
1583 2493 112 53 and
1735 2491 352 55 mechanical

73 2569 311 53 industries>
455 2568 295 68 reprinted
790 2567 152 53 from
983 2567 307 53 American
1329 2567 322 54 machinist.
1726 2568 140 54 New
1905 2569 182 69 York,

76 2647 1495 71 N. Y., McGraw-Hill publishing co., inc. [ ᶜ1 929]
143 2730 723 50 254 p. illus., diagr. 21 ᶜᵐ .
144 2803 160 40 Blank
332 2813 148 37 pages
506 2802 79 40 for
615 2800 375 42 “Memoranda”
1030 2799 254 49 (252-254)

81 2871 52 52 ©
166 2876 103 40 Oct.
299 2874 68 48 15,
401 2873 113 41 1929;
574 2874 68 39 2c.
677 2872 102 42 Oct.
811 2871 56 40 16;
930 2870 82 42 aff.
1047 2871 102 42 Oct.
1183 2871 55 39 21;
1301 2871 40 39 A
1375 2871 144 41 15169;
1583 2873 352 40 McGraw-Hill
1969 2874 111 48 pub.

148 2942 81 37 co.,
260 2931 91 40 inc.
419 2928 280 49 (29-22385)

71 3026 331 52 Arkansas.
477 3026 277 67 Supreme
785 3032 175 46 court.

147 3099 1486 71 Arkansas reports. v. 178. Cases determined …
1725 3100 154 54 from
76 3101 1980 137 October,
222 3184 151 51 1928,
399 3186 58 46 to
485 3179 315 69 February,
829 3181 150 50 1929.
1044 3179 66 51 T.
1138 3179 72 51 D.
1240 3177 327 67 Crawford,
1596 3184 272 62 reporter.
76 3179 1983 133 [Little

186 3258 176 56 Bock,
396 3257 142 53 Ark.]
598 3256 161 55 State
791 3255 65 54 of
888 3255 315 67 Arkansas,
1239 3258 150 50 1929.

144 3339 560 49 xviii. 1239 p. 23½ ᶜᵐ .
79 3407 58 53 ©
162 3412 126 39 June
318 3411 56 40 25,
478 3409 57 41 1929;
592 3409 68 41 2c.
692 3409 94 39 and
819 3408 82 40 aff.
933 3408 117 39 Nov.
1082 3408 27 38 4;
1169 3406 40 39 A
1240 3406 171 43 35490;
1448 3406 140 42 State
1617 3407 51 41 of
1696 3408 269 42 Arkansas.

72 3521 242 62 Becker,
341 3522 138 52 Mrs.
509 3520 140 60 May
684 3515 424 65 (Lamberton)
1144 3516 171 54 1873-

146 3592 1931 70 Books as windows, by May Lamberton Becker … New
74 3676 178 55 York,
289 3673 311 55 Frederick
637 3674 71 52 A.
750 3671 203 56 Stokes
989 3688 300 50 company,
1330 3672 150 52 1929.

140 3754 666 52 xii p.. 1 l., 289 p. 19½ ᶜᵐ .
143 3830 126 39 “For
299 3826 276 42 reference”
612 3827 52 38 at
697 3826 93 39 end
823 3824 52 41 of
906 3824 119 40 each
1060 3824 203 46 chapter
1296 3823 171 46 except
1498 3823 136 48 chap.
1756 3857 8 7 XIV.

77 3899 51 51 ©
160 3902 103 40 Oct.
293 3900 69 47 10,
391 3898 119 41 1929;
565 3899 67 39 2c.
664 3898 101 40 Oct.
796 3895 55 40 16;
912 3894 82 41 aff.
1027 3894 103 40 Oct.
1160 3893 58 40 15;
1276 3892 39 40 A
1345 3892 170 44 15038;
1549 3895 63 40 M.
1642 3895 51 40 L.
1724 3896 199 43 Becker,
1956 3898 119 40 New

142 3958 145 40 York.
356 3953 279 50 (29-22223)
