2542 4389
1085 4035 139 52 2035

149 381 323 65 Hamilton,
502 380 260 65 Patrick,
797 386 172 49 1904-

217 461 121 53 The
379 459 293 69 midnight
712 459 130 68 bell,
882 459 76 68 by
1001 458 239 53 Patrick
1280 456 323 54 Hamilton.
1680 457 236 67 Boston,
1956 455 198 68 Little,

146 539 229 65 Brown,
402 537 113 52 and
542 553 299 51 company,
870 539 149 50 1930.

215 616 613 51 4 p. l., [3]-307 p. 20 ᶜᵐ .
157 684 52 52 ©
242 688 113 40 Dec.
385 687 70 48 10,
487 687 114 40 1929;
662 688 68 40 2c.
763 687 96 39 and
892 686 83 40 aff.
1007 687 113 39 Dec.
1152 686 83 47 12;
1269 685 42 39 A
1342 685 172 47 17321;
1551 685 52 41 P.
1635 683 269 49 Hamilton,
1941 684 213 39 London.

233 742 281 51 (29-29433)

147 838 290 64 Harding,
469 838 269 64 Chester,
770 842 328 51 1792-1866.

215 915 57 52 A
317 914 195 54 sketch
556 914 66 53 of
671 914 236 55 Chester
953 915 292 69 Harding,
1293 915 186 68 artist,
1526 916 199 52 drawn
1773 913 75 70 by
1893 913 91 53 his
2029 930 130 35 own

145 994 184 67 hand;
367 992 190 54 edited
591 993 76 69 by
700 992 91 54 his
825 993 302 69 daughter,
1161 993 299 69 Margaret
1494 992 69 54 E.
1597 992 212 55 White.
1879 992 139 52 New
2054 991 105 68 ed.,

147 1072 141 52 with
315 1071 365 53 annotations
708 1070 76 69 by
812 1070 90 54 his
930 1071 309 68 grandson,
1267 1071 90 54 W.
1386 1071 67 53 P.
1484 1069 69 56 G.
1582 1070 290 69 Harding.
1940 1071 217 51 Boston

147 1149 113 53 and
295 1149 141 54 New
473 1147 179 69 York,
686 1148 325 69 Houghton
1042 1148 204 52 Mifflin
1284 1166 300 51 company,
1623 1151 149 50 1929.

214 1233 139 48 xxiii,
389 1234 71 48 [1],
491 1231 99 48 203,
626 1231 55 50 [1]
714 1242 44 37 p.
817 1231 165 48 front.,
1014 1233 151 47 ports.
1223 1231 149 41 26½ᶜᵐ.

218 1304 133 40 Each
390 1302 212 49 portrait
641 1302 345 48 accompanied
1026 1302 62 48 by
1126 1302 156 48 guard
1322 1303 137 39 sheet
1500 1302 121 40 with
1657 1303 295 48 descriptive
146 1303 2010 107 letter-press.

154 1427 52 52 ©
237 1431 118 40 Nov.
386 1431 38 48 5,
455 1430 117 40 1929;
627 1430 70 41 2c.
727 1430 113 40 Dec.
870 1429 52 47 9;
957 1429 80 41 aff.
1071 1429 112 40 Dec.
1216 1430 51 46 7;
1301 1429 42 39 A
1372 1429 171 47 16327;
1577 1431 219 40 William
1826 1431 53 40 P.
1911 1431 52 41 G.
222 1431 1915 105 Harding,

348 1487 196 40 Boston.
607 1482 69 54 [©
708 1486 334 40 introduction
1073 1486 96 40 and
1200 1486 316 41 annotations
1547 1486 64 48 by
1639 1487 74 40 W.
1744 1487 52 40 P.
1830 1486 51 41 G.
1915 1487 239 48 Harding,

222 1545 96 38 and
348 1543 343 47 illustrations,
724 1543 62 47 by
819 1542 206 41 Chester
1054 1542 241 49 Harding]
1368 1541 282 49 (29-29375)

147 1637 291 65 Harding,
467 1636 255 55 William
752 1637 247 53 Proctor
1028 1636 205 55 Gould.

224 1716 421 68 [Introduction
675 1717 113 53 and
818 1714 383 68 annotations]
1234 1717 75 69 by
1337 1716 89 53 W.
1456 1718 65 51 P.
1551 1716 69 55 G.
1648 1717 275 71 Harding
1975 1719 59 51 [in
2063 1718 96 55 the

147 1795 147 52 book
326 1794 255 67 entitled]
622 1794 56 52 A
710 1794 195 54 sketch
939 1794 65 52 of
1038 1793 237 55 Chester
1306 1794 292 71 Harding,
1633 1795 185 70 artist,
1849 1797 203 53 drawn
2082 1799 78 68 by

148 1873 89 54 his
289 1891 125 34 own
466 1873 172 52 hand.
715 1872 107 52 Ed.
874 1874 76 67 by
1000 1873 89 52 his
1141 1873 285 68 daughter
1477 1873 297 70 Margaret
1825 1875 67 53 E.
1944 1876 213 54 White.

146 1950 1986 148 New ed. … Boston and New York, Houghton Mifflin company, 1929.
218 2109 1162 51 xxiii, [1], 203, [1] p. front., ports. 26½ ᶜᵐ .
156 2176 52 52 ©
242 2181 119 40 Nov.
395 2181 39 47 5,
469 2179 140 47 1929;
646 2179 68 41 2c.
749 2179 112 41 Dec.
895 2179 54 48 9;
987 2179 83 40 aff.
1105 2179 114 42 Dec.
1253 2181 54 47 7;
1343 2180 41 39 A
1418 2181 172 47 36327;
1628 2183 70 40 W.
1736 2182 49 39 P.
1825 2182 54 41 G.
1915 2184 239 48 Harding,

222 2237 198 40 Boston.

151 2330 171 64 Hart,
351 2328 256 55 William
633 2330 81 52 Le
741 2331 147 63 Roy,
919 2335 169 49 1892-

219 2409 122 53 The
398 2407 396 55 mathematics
853 2409 64 53 of
975 2409 359 53 investment.
1412 2411 136 53 Rev.
1625 2414 91 69 By
1774 2413 263 55 William
2093 2416 66 54 L.

151 2487 2008 77 Hart … Boston, New York [etc.] D. C. Heath and company
154 2568 193 66 [ ᶜ192 9]
220 2644 792 49 xii, 253, 88 p. diagrs. 21 ᶜᵐ .
158 2712 52 52 ©
242 2717 119 39 Nov.
393 2715 70 43 30.
496 2715 141 47 1929;
670 2717 70 39 2c.
771 2716 114 40 Dec.
917 2717 55 46 4;
1008 2716 81 40 aff.
1125 2717 114 40 Dec.
1271 2717 54 48 3;
1360 2718 42 39 A
1433 2719 172 47 17161;
1641 2720 58 42 D.
1735 2721 49 41 C.
1819 2722 165 40 Heath
2018 2723 37 40 &
2087 2734 67 30 co.

234 2771 282 50 (29-29417)

150 2867 206 63 Harte,
384 2866 164 63 Bret,
580 2870 327 51 1839-1902.

221 2943 361 69 Concerning
624 2942 371 55 “Condensed
1037 2944 231 54 novels”
1306 2945 76 69 by
1425 2947 138 52 Bret
1605 2948 213 68 Harte;
154 2950 1978 122 introduction
303 3021 112 52 and

448 3020 482 69 bibliographical
958 3027 161 47 notes
1153 3023 73 67 by
1258 3023 234 53 Nathan
1584 3044 71 33 Van
1688 3027 227 53 Patten.
154 3028 1975 123 Stanford
320 3098 355 68 University,

712 3097 197 69 Calif.,
946 3097 286 56 Stanford
1266 3101 321 69 university
1622 3121 175 50 press,
1834 3108 150 51 1929.

223 3179 850 49 xxi p. front. (facsim.) 23½ ᶜᵐ .
225 3236 147 40 “This
415 3235 182 41 edition
640 3236 209 40 consists
892 3236 51 39 of
987 3247 88 29 one
1118 3236 222 41 hundred
1385 3240 97 38 and
1526 3239 111 48 fifty
1683 3242 174 47 copies,
1903 3245 51 39 of
2000 3247 157 41 which

154 3292 133 47 forty
313 3302 84 30 are
421 3294 86 38 not
529 3291 79 41 for
632 3292 115 40 sale.
810 3292 118 40 This
955 3293 40 39 is
1023 3293 203 40 number
1254 3293 194 49 Sample
1476 3296 160 47 copy.”

226 3348 68 39 “A
324 3349 159 46 letter,
515 3349 146 39 dated
692 3348 113 47 May
836 3348 128 42 30th.
996 3349 128 48 1870,
1159 3349 197 41 written
1389 3351 59 47 by
1480 3352 119 40 Bret
1632 3353 156 41 Harte
1822 3358 48 37 to
1903 3357 167 42 James
2102 3360 57 41 R.

155 3404 189 48 Osgood
374 3405 95 39 and
499 3404 278 48 company.”

161 3458 52 52 ©
242 3463 118 39 Nov.
450 3495 8 14 18,
488 3462 140 39 1929:
658 3461 68 41 2c.
756 3462 118 40 Nov.
904 3462 83 41 25:
1019 3461 82 42 aff.
1132 3463 118 39 Nov.
1280 3462 83 48 26;
1396 3464 42 38 A
1465 3463 170 48 16096;
1668 3467 164 41 Board
1863 3470 51 39 of
1945 3474 212 39 trustees

229 3518 51 39 of
312 3518 82 40 the
427 3518 181 39 Leland
644 3518 235 40 Stanford
911 3518 166 47 junior
1112 3518 143 47 univ.,
1294 3519 235 41 Stanford
1562 3522 297 51 University,
1897 3525 132 41 Calif

238 3573 282 49 (29-29394)

157 3666 311 64 Hartman,
499 3665 242 65 Dennis,
773 3671 173 49 1894—
1158 3667 85 56 ed.

223 3745 400 69 Index-digest
659 3745 65 53 of
758 3746 247 52 District
1042 3746 64 53 of
1144 3745 301 56 Columbia
1484 3748 179 57 Court
1697 3753 65 53 of
1797 3757 235 65 appeals
157 3760 1978 129 decisions,
428 3822 251 54 volumes

728 3826 65 49 49
842 3830 58 46 to
952 3827 82 63 58,
1083 3822 221 56 Dennis
1351 3824 308 73 Hartman,
1781 3874 10 9 LL.
1879 3875 29 27 B.,
1958 3835 201 55 editor.

154 3899 1833 81 Washington, D. C., Legal publishing society, inc. [ᶜ192 9]
225 3979 529 50 2 p. l. , 537 p. 24 ᶜᵐ .
