2535 4403
1067 4032 100 50 525

101 398 309 64 Rockwell,
441 397 316 53 Frederick
790 399 172 62 Frye,
995 402 171 50 1884-

231 486 1869 71 … Dahlias, by F. F. Rockwell … Drawings by George L.
99 567 281 53 Hollrock
421 567 113 53 and
576 567 96 53 the
715 568 222 52 author.
1012 567 138 52 New
1191 566 181 68 York,
1414 566 122 52 The
1577 565 335 53 Macmillan
99 584 1979 129 company,
301 647 152 50 1929.

168 728 65 47 ix,
269 729 71 48 [1],
375 728 55 40 85
462 738 44 38 p.
565 727 130 40 illus.
756 727 55 40 19½ᶜᵐ.
973 728 115 47 (His
1122 728 100 39 The
1255 728 140 38 home
1427 727 184 47 garden
1641 725 310 48 handbooks)

105 795 52 52 ©
194 800 110 39 Jan.
338 798 70 48 22,
445 798 118 41 1929;
624 798 68 41 2c.
728 799 111 39 Jan.
874 798 55 40 28;
996 798 83 41 aff.
1117 799 123 39 Mar.
1276 798 83 46 27;
1397 797 43 40 A
1475 797 142 48 3862;
1658 798 52 39 F.
1749 798 51 40 F.
1839 798 260 43 Rockwell,

212 866 90 37 Cape
331 856 127 47 May,
489 856 57 39 N.
577 855 45 41 J.
689 854 254 50 (29-2569)

103 982 139 63 Roe,
273 980 203 63 Harry
505 980 226 54 Mason.

169 1071 206 69 Lanky
405 1071 243 54 Lawson
682 1071 139 53 with
854 1072 96 52 the
983 1071 264 69 one-ring
1278 1072 211 53 circus:
1520 1072 128 52 how
1680 1072 71 52 he
1782 1070 191 69 joined
2009 1072 96 51 the

100 1150 173 68 show,
307 1150 155 52 what
493 1150 72 52 he
598 1149 101 53 did
731 1154 59 47 to
821 1150 98 51 the
952 1149 137 53 wild
1123 1149 260 68 animals,
1418 1150 155 52 what
1603 1150 303 67 happened
1942 1150 165 51 when

100 1227 2006 69 the circus collapsed, by Harry Mason Roe … illustrated by
101 1306 194 54 David
328 1306 329 68 Randolph.
731 1305 140 53 New
905 1304 179 68 York,
1117 1306 70 52 N.
1221 1305 92 68 Y.,
1344 1305 265 68 Newark,
1641 1306 71 53 N.
1744 1306 76 67 J.,
1851 1307 178 52 Barse
2061 1308 46 51 &

101 1387 311 65 co. [ ᶜ1 929]
173 1468 86 40 212
286 1478 45 39 p.
357 1467 111 42 incl.
495 1468 175 48 plates,
727 1466 151 41 front.
938 1466 55 41 19½ᶜᵐ.
1154 1466 116 47 (His
1297 1467 171 48 Lanky
1497 1467 207 41 Lawson
1732 1467 177 45 series)

108 1535 51 53 ©
186 1540 115 47 Apr.
326 1539 69 46 11,
423 1538 143 47 1929;
592 1539 69 40 2c.
688 1538 97 40 and
812 1537 83 42 aff.
921 1537 114 48 Apr.
1063 1537 54 40 13;
1175 1537 42 39 A
1242 1537 113 40 6519;
1413 1539 156 40 Barse
1596 1539 36 40 &
1659 1550 67 30 co.

186 1595 252 49 (29-9225)

102 1721 245 62 Rogers,
381 1718 146 53 Paul
558 1718 261 61 Patrick,
853 1721 83 52 ed.

181 1811 277 67 [Preface,
493 1811 410 66 introduction,
937 1811 94 52 list
1067 1810 67 52 of
1168 1811 216 67 episodi
1393 1829 59 34 os
1488 1812 341 59 nacionales,
106 1812 1979 145 bibliography,

338 1894 178 61 notes,
546 1888 364 68 vocabulary,
939 1889 77 66 by
1044 1889 149 51 Paul
1223 1889 239 52 Patrick
1494 1890 219 66 Rogers
1744 1891 59 51 in
1834 1891 95 52 the
1959 1891 149 53 book

106 1968 256 65 entitled]
438 1986 113 35 Juan
578 1967 220 52 Martín
829 1967 50 51 el
908 1967 410 66 Empecinado,
1344 1966 75 69 by
1448 1968 208 52 Benito
1685 1969 176 52 Perez
1890 1969 218 53 Galdós

256 2044 281 55 Stanford
585 2044 357 66 University,
989 2044 195 67 Calif.,
1234 2044 282 53 Stanford
1565 2046 322 68 university
1933 2065 175 49 press,

108 2125 150 50 1929.

178 2204 132 44 xxxi,
335 2203 88 46 246
445 2215 44 37 p.
540 2204 164 48 front.,
731 2205 148 47 ports.
933 2204 55 39 18ᶜᵐ.
1112 2205 300 48 (Half-title:
1442 2207 234 40 Stanford
1706 2207 210 48 Spanish
1944 2209 164 42 series.

105 2261 54 41 A.
189 2262 63 40 M.
280 2260 253 49 Espinosa,
563 2262 196 47 general
789 2261 182 46 editor)

109 2325 52 53 ©
191 2330 123 40 Mar.
340 2331 70 45 27,
439 2330 142 47 1929;
610 2331 68 39 2c.
705 2330 114 48 Apr.
847 2332 53 40 4;
932 2330 81 41 aff.
1044 2331 111 48 Apr.
1184 2333 84 40 30;
1298 2333 38 38 A
1368 2333 142 41 7243;
1542 2334 160 40 Board
1736 2334 52 39 of
1817 2337 211 39 trustees
2057 2337 52 39 of

177 2387 184 39 Leland
394 2387 236 40 Stanford
659 2387 168 47 junior
858 2388 128 39 univ.,
1038 2388 233 41 Stanford
1306 2390 299 47 University.
1640 2391 144 41 Calif.

113 2496 198 63 Sabin,
349 2496 194 53 Alvah
580 2497 250 62 Horton,
870 2503 169 49 1851-

178 2587 195 53 House
401 2588 286 67 painting,
712 2589 251 68 glazing,
990 2608 178 49 paper
1195 2590 278 66 hanging,
1500 2593 113 51 and
1642 2592 437 69 whitewashing;

111 2665 1997 70 a book for the householder, by Alvah Horton Sabin … 4th
111 2745 104 65 ed.,
248 2745 127 65 enl.,
408 2745 145 51 total
586 2744 164 65 issue,
785 2745 158 68 eight
977 2746 302 53 thousand.
1351 2747 141 53 New
1528 2748 181 59 York,
1745 2748 56 55 J.
1837 2749 192 69 Wiley
2065 2754 46 49 &

109 2839 146 49 sons,
282 2821 106 53 inc.;
446 2822 261 66 London,
734 2821 300 68 Chapman
1061 2826 46 49 &
1131 2823 162 69 Hall,
1319 2825 243 67 limited,
1593 2829 150 50 1929.

179 2903 1004 51 2 p. l. , iii-xvii, 196 p. 19ᶜᵐ. $1.80
114 2971 52 52 ©
199 2975 114 49 Apr.
348 2975 38 47 5,
421 2974 142 47 1929;
598 2976 67 39 20.
699 2976 114 48 Apr.
847 2976 81 47 11;
967 2976 81 42 aff.
1083 2977 114 48 Apr.
1233 2977 81 47 10;
1352 2977 42 41 A
1427 2979 142 41 7384:
1605 2980 56 40 A.
1749 3013 8 7 H.
1795 2981 162 44 Sabin,
1993 2983 118 40 New

180 3032 146 41 York.
394 3032 252 49 (29-9106)

114 3142 277 64 Sanders,
422 3141 214 54 Gerald
665 3142 86 52 De
779 3142 170 64 Witt,
980 3145 82 52 ed.

184 3231 174 55 Chief
388 3233 237 52 modern
659 3238 159 62 poets
852 3233 65 53 of
949 3235 271 69 England
1256 3237 112 52 and
1403 3236 285 69 America,
1722 3240 240 53 selected
1998 3242 108 52 and

113 3311 189 52 edited
330 3311 77 68 by
436 3310 215 55 Gerald
682 3311 86 53 De
797 3311 153 54 Witt
983 3310 249 56 Sanders
1264 3315 112 52 and
1408 3313 155 55 John
1597 3316 252 54 Herbert
1881 3318 229 54 Nelson.

113 3388 139 51 New
280 3388 181 64 York,
488 3389 122 52 The
637 3388 336 53 Macmillan
1002 3408 298 51 company,
1332 3394 149 50 1929.

183 3468 137 39 xxvii
348 3479 57 38 p.,
435 3468 27 39 2
511 3500 22 16 l.,
559 3468 147 41 3-705
733 3481 44 37 p.
835 3469 58 41 20½ᶜᵐ.

186 3539 447 49 “Bibliographies”:
691 3552 43 37 p.
782 3541 233 50 [627]-679.

117 3607 52 52 ©
197 3611 114 48 Apr.
338 3612 39 44 9,
406 3611 118 41 1929;
576 3613 68 40 2c.
673 3614 96 39 and
796 3613 83 41 aff.
907 3614 114 49 Apr.
1049 3614 83 45 10;
1163 3615 40 38 A
1232 3615 141 46 7373;
1405 3617 281 40 Macmillan
1715 3630 67 30 co.

194 3668 252 49 (29-9273)

112 3777 216 53 Santos
359 3777 303 66 González,
695 3779 259 56 Claudio.

185 3868 364 54 Diccionario
583 3872 229 56 escolar,
845 3872 260 53 sintético
1140 3873 68 52 de
1241 3873 56 52 la
1331 3873 205 69 lengua
1572 3877 285 67 española.
1927 3878 186 67 Paris,

118 3944 602 70 Cabaut y c í a, 1927.
