2533 4342
1242 4055 141 52 2162

326 389 157 64 Hull,
514 389 230 52 Marion
777 390 78 53 M.

396 467 166 54 Bible
598 469 173 69 study
804 469 163 67 helps
1007 468 93 52 for
1135 469 96 52 the
1267 468 424 54 International
1730 468 238 70 Sunday
2004 469 189 54 school
324 470 1987 130 lessons
500 546 93 52 for

638 549 149 49 1930.
864 545 263 69 Atlanta,
1171 545 125 69 Ga.,
1337 546 223 53 Walter
1602 547 91 54 W.
1740 547 213 52 Brown
1997 544 338 70 publishing

323 642 99 50 со.,
454 626 148 50 1929.

392 705 28 41 1
488 737 10 10 v.

328 757 52 52 ©
418 761 127 48 Sept.
579 762 56 38 27,
681 760 140 42 1929;
857 761 67 39 2c.
956 761 97 38 and
1089 759 81 41 aff.
1207 760 101 41 Oct.
1342 761 82 46 11;
1460 762 41 38 A
1534 761 172 47 14121;
1743 761 63 39 M.
1842 761 63 41 M.
1940 762 134 47 Hull,
2108 762 220 46 Atlanta,

395 818 86 41 Ga.

319 897 156 64 Hull,
505 896 257 54 William
791 897 186 63 Isaac,
1013 900 170 51 1868-

389 975 122 51 The
549 973 378 53 war-method
965 973 115 53 and
1118 974 95 52 the
1252 975 458 67 peace-method;
1752 993 72 33 an
1862 974 297 54 historical
320 993 1982 127 contrast,
510 1052 74 69 by

317 1050 1986 149 William I. Hull … New York, Chicago [etc.] Fleming H. Revell
781 1147 284 51 company
1142 1132 152 65 [ᶜ1929]

388 1212 87 40 364
505 1222 44 37 p.
609 1211 117 40 21ᶜᵐ.

324 1265 52 52 ©
409 1270 110 39 Dec.
550 1269 70 46 21,
652 1267 141 41 1929;
826 1268 67 41 2c.
926 1270 95 38 and
1054 1268 81 40 aff.
1169 1269 112 40 Dec.
1313 1268 82 43 30;
1431 1270 39 38 A
1502 1268 173 48 16850;
1710 1269 223 48 Fleming
1962 1270 61 39 H.
2056 1270 168 39 Revell
2258 1281 68 30 со.

402 1324 252 50 (30-1264)

323 1406 209 62 Hurst,
565 1403 243 65 Fannie,
843 1408 172 51 1889-

388 1481 1941 71 Five and ten, by Fannie Hurst … New York and London,
318 1562 232 67 Harper
577 1564 46 50 &
649 1561 280 65 brothers,
964 1564 149 50 1929.

389 1642 649 50 5 p. l., 339, [1] p. 20ᶜᵐ.
323 1696 52 53 ©
408 1700 128 49 Sept.
565 1701 40 43 4,
635 1700 114 40 1929;
808 1700 67 40 2c.
910 1701 128 46 Sept.
1068 1700 52 46 5;
1153 1699 82 40 aff.
1269 1699 128 48 Sept.
1429 1700 51 46 6;
1513 1700 41 39 A
1583 1699 173 48 13010;
1790 1701 186 40 Fannie
2007 1701 158 39 Hurst
390 1702 1915 103 Danielson,
589 1757 119 40 New
738 1757 144 40 York.
952 1755 281 48 (29-18149)

319 1836 224 65 Inskip,
575 1837 229 63 George
834 1836 70 56 D.

390 1916 205 53 Tables
643 1915 64 55 of
754 1916 158 53 three
959 1916 161 67 place
1168 1931 228 52 squares
1444 1917 113 52 and
1607 1914 107 55 five
1762 1918 160 66 place
1970 1916 358 69 logarithms.

317 1995 137 52 Ann
482 1994 210 69 Arbor,
718 1993 194 56 Mich..
942 1992 223 70 George
1190 1992 201 70 Wahr,
1423 1997 150 50 1929.

388 2075 28 41 1
481 2108 10 9 v.

322 2118 1833 62 © June 3, 1929; 2c. Aug. 5; aff. Aug. 28; A 13337; George Wahr.
313 2267 431 53 International
781 2267 359 53 association
1175 2267 64 52 of
1272 2266 193 54 chiefs
1499 2267 64 52 of
1598 2267 202 63 police.
1878 2268 338 53 Committee
2252 2285 73 35 on

382 2346 259 69 uniform
672 2346 172 54 crime
873 2347 244 54 records.

384 2424 275 54 Uniform
709 2424 171 53 crime
927 2424 328 69 reporting;
1304 2444 31 33 a
1381 2425 277 67 complete
1704 2426 233 52 manual
1984 2424 94 53 for
2124 2422 199 70 police.

315 2503 136 52 Rev.
527 2502 139 52 New
707 2502 162 52 York
907 2502 134 67 city.
1082 2501 340 55 Committee
1458 2519 74 36 on
1569 2501 259 53 uniform
1868 2502 173 53 crime
2080 2503 244 66 records,

313 2580 423 53 International
773 2579 341 54 association
1147 2580 65 53 of
1245 2579 184 55 chiefs
1462 2580 65 53 of
1561 2580 183 68 police
1784 2613 12 34 [
1826 2582 132 50 ᶜ1929
1965 2613 12 33 ]

388 2660 1457 49 xvi p., 1 l., 464 p. incl. diagr., forms (1 fold.) 24½ᶜᵐ.
321 2714 52 52 ©
403 2718 113 41 Dec.
547 2718 68 46 16,
646 2717 114 39 1929;
820 2717 66 40 2c.
917 2718 97 38 and
1044 2716 82 41 aff.
1158 2717 112 39 Dec.
1300 2716 83 43 26;
1416 2717 41 39 A
1486 2716 173 47 16763;
1694 2716 288 41 Committee
2014 2728 62 29 on
2105 2716 216 40 uniform

388 2775 149 40 crime
570 2775 206 39 records.
813 2774 256 39 Internatl.
1105 2783 114 29 assn.
1268 2774 51 38 of
1351 2773 156 41 chiefs
1540 2773 52 41 of
1624 2773 167 48 police,
1825 2774 119 39 New
1976 2774 144 39 York.

397 2829 252 50 (30-1431)

316 2895 228 64 Jillson,
572 2894 244 55 Willard
844 2895 215 53 Rouse.

388 2974 122 53 The
558 2974 242 68 geology
851 2974 112 52 and
1014 2973 244 52 mineral
1307 2991 284 36 resources
1641 2974 67 52 of
1755 2971 324 70 Kentucky.
316 2972 1985 148 Illustrated,
563 3070 163 49 maps

766 3052 112 52 and
919 3050 308 69 diagrams.
1303 3050 341 70 Frankfort,
1684 3050 133 70 Ky.,
1857 3052 122 54 The
2017 3048 309 69 Kentucky

315 3129 315 69 geological
660 3147 224 53 survey,
916 3131 150 50 1928.

386 3210 27 40 1
473 3243 10 10 v.

320 3263 52 52 ©
407 3268 116 47 July
554 3267 39 47 3,
627 3266 114 40 1929;
803 3267 66 39 2c.
904 3267 94 39 and
1033 3266 81 40 aff.
1151 3267 128 47 Sept.
1312 3267 57 39 16;
1431 3267 40 38 A
1503 3265 171 48 13398;
1710 3267 71 40 W.
1815 3267 58 39 R.
1908 3266 191 43 Jillson,
385 3267 1916 104 Frankfort,
520 3323 92 48 Ky.

311 3387 237 65 Kelsey,
578 3388 140 52 Earl
745 3388 74 54 H.

450 3463 1866 70 … Principles of automechanics for junior and senior high
317 3542 1938 69 schools and trade and evening classes, by Earl H. Kelsey …
317 3618 2001 70 edited by R. W. Selvidge … Peoria, Ill., The Manual arts
315 3715 158 49 press
553 3698 152 64 [ᶜ1929]

387 3775 1928 51 1 p. l., 5-202 p. illus. 23½ᶜᵐ. (The Selvidge series of instruction
315 3832 250 48 manuals)

386 3889 234 40 Contains
659 3889 288 40 references.

319 3940 52 52 ©
399 3946 110 38 Dec.
538 3946 69 45 12,
634 3944 115 40 1929;
803 3945 67 39 2c.
898 3944 114 40 Dec.
1040 3946 50 38 21;
1152 3945 82 40 aff.
1262 3945 112 39 Dec.
1404 3945 54 39 19;
1515 3944 43 40 A
1583 3943 173 48 16691;
1786 3945 53 40 E.
1868 3945 61 38 H.
1958 3943 192 47 Kelsey,
385 3942 1910 108 Saginaw,
537 4001 143 40 Mich.
745 4000 252 49 (30-1571)
