2533 4384
1055 4031 101 50 201

116 367 140 64 Abt,
292 368 166 51 Isaac
493 365 91 65 A.,
618 367 83 52 ed.

245 441 1871 70 … Pediatrics, ed. by Isaac A. Abt … with the collaboration
113 519 2002 70 of Arthur F. Abt … Chicago, The Year book publishers
118 604 191 64 [ᶜ1929]

179 679 1935 52 441 p. illus., diagrs. 19ᶜᵐ. (The practical medicine series … Series
111 739 138 47 1928)

113 806 52 53 ©
192 811 112 40 Jan.
331 810 68 49 10,
427 809 117 41 1929:
594 809 70 42 2c.
692 809 111 40 Jan.
831 810 82 46 14;
943 808 83 41 aff.
1054 810 112 40 Feb.
1190 809 55 47 4;
1275 809 41 39 A
1343 809 142 48 3687;
1516 810 128 40 Year
1671 810 124 39 book
1822 809 291 49 publishers.

111 920 317 52 American
461 918 228 63 society
717 918 98 53 for
847 918 228 64 testing
1107 918 327 55 materials.

241 995 1873 70 … Supplement [1928] to book of A. S. T. M. standards.
109 1075 428 68 Philadelphia,
592 1075 121 67 Pa.,
767 1075 309 53 American
1131 1074 213 69 society
1401 1074 93 53 for
1551 1074 215 69 testing
1820 1075 293 54 materials

113 1157 193 64 [ ᶜ1 928]
177 1236 86 40 195
291 1247 43 37 p.
391 1236 144 48 illus.,
565 1235 180 49 diagrs.
804 1235 116 42 23ᶜᵐ.

111 1303 52 52 ©
193 1307 103 41 Oct.
325 1307 40 48 5,
395 1306 140 47 1928;
567 1307 67 41 2c.
663 1307 110 40 Jan.
802 1307 71 48 31,
903 1306 141 47 1929;
1077 1305 83 41 aff.
1191 1306 113 41 Dec.
1335 1306 40 48 8,
1405 1305 142 48 1928;
1580 1305 41 40 A
1650 1305 142 48 5261;
1825 1306 161 40 Amer.
2017 1317 95 30 soc.

176 1364 79 40 for
287 1364 182 49 testing
499 1364 268 40 materials.

108 1460 332 63 Anderson,
477 1459 186 54 Grace
701 1459 66 56 B.

177 1537 124 53 The
327 1537 278 68 playtime
635 1536 196 68 Bible;
864 1555 29 34 a
925 1556 124 33 new
1077 1536 149 54 book
1255 1537 61 53 in
1346 1556 31 34 a
1406 1556 124 34 new
1560 1536 149 54 field.
1778 1537 157 68 Only
1965 1536 149 54 book

107 1615 64 54 of
195 1617 75 52 its
293 1615 142 54 kind
461 1616 61 52 in
547 1615 178 68 print,
752 1615 349 70 enthroning
1127 1614 95 54 the
1249 1614 326 54 wonderful
1604 1615 168 53 Bible
1798 1616 61 51 in
1886 1615 227 69 youth’s

104 1693 1984 148 most glorious hour, playtime; a unique volume made up exclusively of Bible-centered games, by Grace B. Anderson …
105 1850 1408 69 Louisville, Ky., Wm. A. Kuykendall [ ᶜ1 928]
175 1932 69 48 93,
278 1933 54 50 [1]
364 1944 57 37 p.,
451 1933 24 38 1
506 1934 31 39 1.
594 1933 130 41 illus.
783 1932 147 42 19½ᶜᵐ.

109 1985 1985 109 © Nov. 9, 1928; 2c. Nov. 24; aff. Nov. 23; A 818; G. B. Anderson. Deputy, Ind.
110 2140 172 53 Anna
309 2140 233 64 Louise,
569 2142 204 67 Sister,
801 2140 171 55 1873-

176 2219 215 69 Poetry
417 2219 93 54 for
534 2218 194 70 junior
751 2220 277 67 students,
1053 2220 142 52 with
1220 2220 325 69 suggestive
1571 2220 233 68 studies,
1825 2220 78 69 by
1930 2219 182 56 Sister

106 2296 173 55 Anna
310 2298 223 66 Louise,
567 2314 41 38 s.
641 2315 47 36 c.
724 2316 59 34 n.;
852 2297 140 54 with
1027 2317 31 34 a
1091 2298 289 53 foreword
1411 2298 76 70 by
1520 2298 299 54 Reverend
1853 2298 258 55 Richard

107 2375 2004 72 Quinlan … Boston, New York [etc.] Ginn and company
106 2458 192 64 [ ᶜ1 929]
171 2537 97 46 xiv,
300 2536 85 40 152
414 2548 43 37 p.
518 2536 129 42 illus.
816 2569 9 9 19ᶜᵐ.

106 2590 52 52 ©
187 2595 112 40 Feb.
327 2595 69 47 12,
423 2593 140 48 1929;
592 2595 68 40 2c.
688 2595 112 41 Feb.
828 2595 82 46 18;
941 2594 82 41 aff.
1052 2594 112 41 Feb.
1192 2595 82 46 16;
1304 2595 42 39 A
1371 2595 143 46 4483;
1547 2595 127 41 Ginn
1702 2595 36 41 &
1766 2607 70 31 co.

183 2650 252 51 (29-5266)

106 2746 220 62 Anson,
358 2746 242 54 Harold.

236 2824 1871 71 … Authority in religion, by Harold Anson … New York,
101 2901 1035 71 London, The Century co. [ ᶜ1 929]
170 2983 97 44 xvi,
300 2982 85 41 197
417 2994 42 37 p.
520 2984 56 40 18½
608 2985 43 22 cm
658 3016 8 8 .
737 2984 127 46 (The
897 2984 237 48 practical
1169 2983 328 49 Christianity
1532 2985 177 42 series)
1835 2985 131 49 $1.50

105 3036 1615 53 © Feb. 15, 1929; 2c. and aff. Feb. 18; A 5356; Century co.
183 3096 252 50 (29-4959)

109 3190 324 71 [Anthony,
464 3192 284 68 Norman]
788 3198 170 50 1889-

168 3267 202 54 Here’s
401 3268 129 53 how
565 3269 202 69 again!
807 3270 77 69 by
917 3270 210 69 Judge,
1161 3270 70 69 jr.
1294 3272 214 67 [pseud.]
1589 3272 140 52 New
1765 3272 183 68 York,
1984 3274 122 53 The

97 3346 157 53 John
285 3347 132 68 Day
447 3365 280 51 company
765 3351 173 63 [1929]

170 3427 54 40 63
252 3439 45 37 p.
356 3428 25 39 1
410 3428 129 41 illus.
598 3429 117 40 13ᶜᵐ.

172 3484 135 40 None
338 3484 52 40 of
420 3485 84 39 the
534 3485 184 48 recipes
750 3485 51 40 in
833 3485 99 41 this
962 3487 124 39 book
1117 3487 124 39 have
1274 3488 243 47 appeared
1551 3487 50 40 in
1633 3487 228 49 previous
1895 3488 213 42 editions

100 3539 52 40 of
177 3540 173 41 Here’s
377 3541 123 42 how.

105 3593 52 53 ©
196 3599 111 39 Jan.
344 3599 69 46 31,
450 3598 141 43 1929;
629 3599 69 41 2c.
735 3600 97 40 and
869 3599 83 41 aff.
990 3600 112 41 Feb.
1140 3600 82 47 19;
1263 3600 40 39 A
1340 3601 143 47 4511;
1523 3601 158 49 Judge
1718 3602 110 48 pub.
1867 3613 67 30 co.,
1988 3604 118 40 New

168 3655 146 40 York.
383 3654 251 50 (29-5378)

105 3747 241 65 Arnold,
379 3748 219 54 Nelson
632 3750 169 55 Esta.

102 3826 1979 150 Thoughts—in prose and poetry, by N. Esta Arnold … Lancaster, O., Mallory printing co., 1928.
