2542 4389
1004 4003 101 51 863

134 441 753 49 136 p. illus., diagrs. 28 ᶜᵐ .
134 511 64 40 At
225 512 125 40 head
378 512 53 40 of
457 511 108 42 title
583 523 10 30 :
621 513 88 41 No.
737 513 100 43 150.

136 568 72 40 On
242 579 169 30 cover:
448 568 141 42 Sixth
621 569 184 41 edition
839 571 52 40 of
924 570 237 50 Drafting
1194 581 135 30 room
1362 572 279 42 standards.

69 634 52 52 ©
146 640 115 47 May
283 639 70 44 24,
377 639 142 48 1929;
545 640 66 40 2c.
638 642 96 39 and
760 641 82 41 aff.
869 642 126 40 June
1020 642 53 48 5;
1100 642 41 39 A
1166 642 141 47 9465;
1335 643 217 40 Truscon
1578 645 118 39 steel
1723 654 67 29 co.

147 694 281 51 (29-12684)

68 790 197 62 Ward,
297 789 248 55 Charles
569 791 319 65 Henshaw,
921 794 172 53 1872-

138 865 273 56 Sentence
440 869 111 52 and
579 869 203 52 theme.
858 871 72 52 3d
959 871 84 53 ed.
1117 871 57 52 A
1203 870 346 54 foundation
1580 870 92 54 for
1700 868 359 72 high-school

66 945 1995 72 composition, by C. H. Ward … Chicago, Atlanta [etc.] Scott,
67 1024 975 70 Foresman and company [ ᶜ1 929]
205 1137 9 17 xx,
240 1105 68 49 50,
334 1105 205 42 199-208
561 1118 44 37 p.
665 1107 130 41 illus.
854 1107 146 42 19½ᶜᵐ.

137 1176 230 48 Stamped
393 1178 52 39 at
471 1176 124 41 head
622 1177 54 40 of
701 1177 136 41 title:
871 1178 228 41 Advance
1124 1189 148 38 pages
1297 1179 66 41 of.

68 1243 52 52 ©
145 1247 113 48 Apr.
284 1247 70 43 27,
380 1247 143 47 1929;
546 1247 68 41 2c.
641 1249 96 39 and
763 1247 83 41 aff.
873 1250 114 47 May
1013 1250 52 46 1;
1093 1249 43 39 A
1160 1249 140 47 7842;
1334 1249 147 48 Scott,
1509 1250 264 40 Foresman
1800 1249 36 41 &
1861 1261 68 30 co.

66 1355 290 64 Webster,
396 1356 190 64 Noah,
628 1357 326 56 1758-1843.

133 1434 179 53 Laird
334 1436 46 51 &
401 1434 155 53 Lee’s
578 1434 306 55 Webster’s
907 1454 123 34 new
1051 1436 277 54 standard
1353 1437 324 68 dictionary
1698 1435 66 54 of
1785 1436 97 53 the
65 1436 1973 129 English

207 1513 303 68 language,
541 1512 271 69 designed
844 1517 58 49 to
934 1518 147 48 meet
1112 1513 96 53 the
1240 1514 406 67 requirements
1679 1513 64 53 of
1776 1514 79 52 all
65 1513 1971 129 intermediate

343 1589 1716 70 grades … compiled by E. T. Roe, LL. B.; 600 special
64 1672 121 47 text
215 1666 344 70 engravings
592 1668 282 69 arranged
906 1668 61 52 in
999 1668 181 54 direct
1211 1668 332 53 connection
1574 1668 140 52 with
1745 1668 97 53 the
1874 1668 185 53 words

64 1744 1573 70 to be illustrated … Chicago, Laird & Lee [ ᶜ1 929]
131 1826 1481 50 2 p. l., iii-viii, 9-462 p. incl. front, (port.) illus. 16ᶜᵐ.
133 1897 224 41 Lettered
389 1908 59 30 on
477 1907 167 31 cover:
677 1896 351 43 Intermediate
1057 1897 160 41 school
1250 1897 199 41 edition.

69 1962 52 52 ©
146 1967 114 47 May
281 1967 69 47 27,
374 1966 143 48 1929;
541 1967 68 40 2c.
632 1967 97 40 and
753 1967 82 41 aff.
860 1968 115 47 May
996 1967 84 47 31;
1106 1967 42 39 A
1170 1966 142 49 9407;
1339 1967 149 41 Laird
1512 1968 37 40 &
1572 1968 106 48 Lee,
1703 1967 91 41 inc.

146 2023 280 50 (29-12396)

64 2117 196 65 Wells,
296 2118 272 64 Carolyn.

135 2195 122 53 The
293 2200 258 64 tapestry
589 2215 159 33 room
785 2197 248 62 murder,
1070 2196 77 70 by
1184 2195 252 70 Carolyn
1474 2196 207 67 Wells;
1723 2215 32 34 a
1794 2196 267 68 Fleming

67 2273 173 55 Stone
276 2278 172 64 story.
524 2274 409 69 Philadelphia
970 2277 45 50 &
1048 2275 260 67 London,
1343 2275 56 53 J.
1438 2276 65 51 B.
1540 2274 337 68 Lippincott
63 2292 1971 128 company,
266 2354 150 50 1929.

130 2434 87 41 320
240 2445 44 37 p.
343 2433 117 43 20ᶜᵐ.

65 2500 52 52 ©
147 2504 111 41 Feb.
286 2504 40 49 9,
354 2505 142 48 1929;
527 2505 66 41 2c.
622 2507 94 39 and
747 2505 82 42 aff.
859 2505 114 49 Apr.
1003 2506 84 46 27;
1117 2505 40 40 A
1185 2505 141 47 6813;
1358 2504 211 47 Carolyn
1599 2504 149 40 Wells
1779 2502 276 47 Houghton,

132 2561 119 41 New
274 2561 145 41 York.

66 2655 398 64 Wetherfield,
498 2656 190 53 David
724 2656 235 53 Arthur
992 2654 278 65 Fasham,
1305 2658 52 52 d.
1397 2659 149 50 1928.

134 2733 121 53 The
293 2733 372 55 Wetherfield
706 2734 297 52 collection
1044 2733 64 53 of
1149 2733 246 69 English
1436 2731 202 68 clocks,
1678 2732 141 53 with
1860 2751 72 33 an
63 2731 1970 133 introduction
429 2812 113 52 and
581 2817 388 63 commentary
1006 2816 121 48 text
1164 2811 76 68 by
1279 2810 224 53 Arthur
1545 2809 56 56 S.
1640 2811 249 67 Vernay.
1965 2809 92 56 On

63 2888 317 53 exhibition
411 2894 59 48 at
498 2889 97 53 the
622 2889 264 69 galleries
916 2889 65 53 of
1009 2889 225 52 Arthur
1269 2887 57 56 S.
1357 2889 251 68 Yernay,
1639 2887 416 69 incorporated.

63 2966 564 68 New York [ ᶜ1 928]
133 3047 1243 51 1 p. l., 7-62, [1] p. front, (port.) illus. 26ᶜᵐ.
65 3115 52 52 ©
150 3119 112 42 Dec.
292 3120 70 48 15,
392 3120 140 47 1928;
566 3121 67 41 2c.
665 3121 98 39 and
794 3120 82 41 aff.
908 3120 114 48 Apr.
1055 3119 39 50 8,
1126 3119 140 46 1929;
1302 3118 41 40 A
1374 3119 141 47 9251;
1549 3118 187 41 Arthur
1770 3119 45 41 S.
1848 3119 207 47 Vernay.

130 3175 93 42 inc.
292 3176 280 50 (29-12163)

62 3270 217 64 White,
312 3271 227 64 George
571 3272 190 61 Starr,
797 3277 171 49 1866-

132 3349 121 53 The
286 3348 143 54 finer
463 3348 182 54 forces
680 3349 65 53 of
778 3354 205 48 nature
1016 3349 57 53 in
1111 3347 290 70 diagnosis
1437 3349 111 52 and
1586 3348 271 68 therapy;
61 3349 1968 130 illustrated

60 3425 1966 146 in color; by George Starr White … [Los Angeles, Phillips
203 3503 795 70 printing company, ᶜ1 929]
128 3585 100 48 230,
261 3605 55 29 [1]
347 3596 43 37 p.
420 3585 109 41 incl.
558 3585 129 42 illus.
716 3585 135 49 (part
882 3585 112 47 col.)
1033 3586 123 46 port.
1212 3583 147 42 20½ᶜᵐ.

61 3650 52 52 ©
139 3655 115 47 May
277 3655 40 47 4,
343 3654 142 48 1929;
511 3655 70 41 2c.
603 3656 95 39 and
724 3655 82 40 aff.
833 3655 126 40 June
984 3655 52 46 5;
1064 3655 41 39 A
1131 3653 140 47 9468;
1302 3653 54 40 G.
1386 3653 44 41 S.
1456 3653 177 49 White,
1659 3654 93 40 Los
1778 3654 221 47 Angeles.

138 3710 280 49 (29-12585)

128 3803 122 52 The
284 3803 247 70 guiding
561 3822 218 49 power;
817 3822 81 49 or,
932 3803 121 53 The
1087 3804 138 67 plan
1261 3801 63 54 of
1357 3802 96 53 the
1487 3802 276 54 universe.
1835 3803 55 52 A
1922 3808 127 47 true

58 3880 290 53 narrative
398 3881 334 69 explaining
781 3899 173 51 many
1004 3880 295 69 mysteries
1351 3879 65 54 of
1467 3881 285 69 everyday
1802 3880 124 68 life,
1974 3881 74 67 by
