2542 4389
1044 4038 137 53 1903

176 450 1933 55 xi p., 1 l., 433 p. plates, ports., maps (1 double) 2 facsim. (incl.
105 511 301 49 front.) 22½ ᶜᵐ.
176 569 130 41 Title
362 568 197 49 vignette.

177 627 141 47 Maps
344 635 63 30 on
433 625 364 48 lining-papers.

177 683 101 39 The
305 681 256 49 Appendix
596 681 68 48 (p.
695 680 261 50 [181]-426)
991 679 209 42 consists
1227 679 51 40 of
1306 678 171 41 letters
1506 678 98 40 and
1631 678 282 39 documents
1938 677 173 40 drawn

106 739 130 39 from
267 737 211 49 Spanish
507 747 208 37 sources,
744 737 188 46 largely
963 736 87 40 but
1078 738 85 38 not
1193 736 192 47 wholly,
1414 733 156 41 found
1600 733 50 40 in
1681 734 83 40 the
1792 733 236 41 Archives
2057 733 54 41 of

107 796 81 40 the
214 794 165 41 Indies
406 796 53 39 at
487 793 189 42 Seville,
738 793 62 47 cf.
826 793 139 40 Note.

114 848 51 52 ©
191 853 118 39 Nov.
334 851 69 48 21,
430 850 116 40 1929;
598 850 68 40 2c.
691 850 119 40 Nov.
835 849 56 40 27;
946 848 83 41 aff.
1055 848 119 41 Nov.
1199 847 56 41 25;
1310 848 43 39 A
1377 847 144 41 16129;
1577 847 53 41 F.
1655 847 57 40 R.
1738 847 143 47 Hart,
1908 846 200 39 Boston.

191 907 281 51 (29-27913)

104 1000 266 65 Hassler,
397 1001 187 54 Isaac.

176 1079 264 55 Unhewn
466 1085 204 63 stones,
697 1079 75 69 by
801 1077 164 54 Isaac
992 1077 256 53 Hassler.
1323 1076 429 70 Philadelphia,
1783 1074 62 56 C.
1879 1074 233 70 Sessler,

108 1161 150 52 1928.

174 1236 273 50 117 p. 20 ᶜᵐ.
175 1295 186 41 Poems.

114 1348 51 52 ©
195 1353 114 46 May
335 1351 69 47 11,
433 1350 116 41 1928;
604 1349 68 40 2c.
701 1350 97 39 and
826 1349 82 41 aff.
937 1349 119 39 Nov.
1085 1348 69 48 23,
1185 1347 117 41 1929;
1357 1349 41 38 A
1427 1347 143 41 16047;
1631 1348 38 41 I.
1698 1348 220 46 Hassler,
182 1346 1908 110 Philadelphia.
462 1405 281 50 (29-27827)

105 1500 280 65 Herring,
416 1499 165 56 Paul.

108 1574 1978 150 Sir Toby and the Regent [by] Paul Herring … Philadelphia & London, J. B. Lippincott company, 1929.
178 1735 275 50 307 p. 20 ᶜᵐ.
113 1790 53 53 ©
197 1794 129 49 Sept.
354 1793 69 48 18,
451 1792 113 41 1929;
622 1793 68 40 2c.
720 1793 97 39 and
845 1791 83 42 aff.
957 1792 119 40 Nov.
1104 1791 57 39 22;
1218 1791 43 39 A
1288 1791 147 41 17088;
1492 1792 45 41 J.
1566 1792 55 40 B.
1650 1790 281 50 Lippincott
1958 1801 69 32 co.

190 1849 281 51 (29-27797)

105 1942 209 63 Honey
318 1958 157 48 man,
504 1941 307 53 Abraham
840 1941 131 54 Van
1000 1942 121 52 Dor
1126 1958 91 49 en,
1248 1945 172 51 1849-

176 2019 392 70 Everybody’s
604 2019 138 53 New
778 2019 203 69 Jersey
1015 2019 140 67 law;
1195 2037 31 34 a
1262 2037 292 51 summary
1590 2018 63 53 of
1686 2019 137 53 such
1857 2018 257 54 business

107 2099 114 52 and
257 2097 162 53 other
455 2097 138 54 laws
629 2096 64 54 of
729 2097 139 53 New
905 2097 202 68 Jersey
1141 2115 61 35 as
1237 2115 134 50 may
1406 2097 67 53 be
1511 2096 64 53 of
1610 2097 231 69 general
1877 2097 237 53 interest

107 2176 114 53 and
257 2194 115 49 use,
409 2175 300 69 including
745 2193 151 35 some
936 2174 221 54 federal
1193 2175 167 67 laws;
1401 2174 140 54 with
1579 2175 292 68 appendix
1909 2174 64 54 of
2013 2177 99 51 198

105 2252 1984 150 business forms and complete indices. By A. Van Doren Honeyman … Plainfield,
834 2331 69 53 N.
937 2330 76 69 J.,
1045 2330 140 53 New
1217 2331 203 69 Jersey
1452 2331 111 52 law
1594 2331 231 69 journal
105 2331 1983 149 publishing
233 2427 299 53 company,
561 2411 152 51 1929.

175 2493 100 49 viii,
303 2493 87 41 344
417 2503 44 38 p.
519 2493 56 40 23½ᶜᵐ.

114 2546 51 52 ©
196 2551 118 40 Nov.
341 2549 71 49 20,
442 2549 142 47 1929;
615 2548 69 42 2c.
713 2549 120 40 Nov.
861 2549 84 46 22;
978 2548 82 40 aff.
1093 2549 119 40 Nov.
1242 2548 84 47 26;
1360 2549 41 39 A
1429 2548 173 48 16070;
1634 2550 55 40 A.
1721 2550 53 40 V.
1805 2550 302 48 Honeyman,

181 2605 270 49 Plainfield,
481 2606 57 40 N.
565 2605 43 41 J.
680 2604 282 50 (29-27772)

105 2701 252 63 Houser,
388 2699 226 53 Martin
642 2699 249 55 Luther.

176 2779 121 52 The
339 2777 176 54 books
557 2778 128 52 that
728 2777 244 53 Lincoln
1015 2777 154 69 read,
1211 2778 76 68 by
1330 2779 80 52 M.
1456 2779 64 51 L.
1568 2779 243 51 Houser.
1886 2779 225 61 Peoria,

104 2855 94 53 Ill.
231 2854 261 70 [Printed
517 2855 75 71 by
618 2855 68 55 E.
712 2855 56 55 J.
795 2854 199 69 Jacob]
1028 2857 151 52 1929.

177 2935 1124 50 1 p. l., 5-31 p. illus. (incl. facsims.) 23 ᶜᵐ.
181 2993 153 48 “Only
373 2991 88 42 100
495 2991 160 49 copies
693 2992 52 40 of
784 2992 100 40 this
924 2993 58 40 de
1019 2993 114 39 luxe
1171 2992 186 40 edition
1394 2992 196 48 printed;
1657 2992 81 40 for
1775 2994 334 48 presentation

106 3049 157 48 only.”

178 3104 361 42 “Authorities”:
601 3116 44 38 p.
674 3103 160 42 27-28.

115 3159 51 51 ©
196 3163 120 41 Nov.
344 3163 70 47 21,
446 3161 114 41 1929;
618 3161 68 41 2c.
716 3162 98 39 and
844 3160 83 41 aff.
958 3161 119 39 Nov.
1108 3161 55 40 23;
1225 3161 41 39 A
1297 3160 147 42 16048;
1502 3162 64 41 M.
1598 3162 51 41 L.
1681 3162 207 47 Houser,
1920 3161 188 50 Peoria,

183 3220 78 40 Ill.
330 3217 280 50 (29-27916)

110 3297 275 65 Hughey,
414 3297 228 53 Bertha
669 3298 69 54 E.

178 3376 222 68 Poems,
438 3377 75 68 by
551 3376 217 54 Bertha
807 3375 67 54 E.
913 3377 271 68 Hughey.
1258 3376 304 70 Portland,
1599 3375 150 72 Ore.,
1787 3378 218 55 Bertha
2044 3378 68 56 E.

108 3454 254 70 Hughey
501 3456 84 65 [ᶜ1929]

177 3534 606 49 4 p. l., [11]-108 p. 20 ᶜᵐ.
117 3586 51 52 ©
195 3591 119 40 Nov.
342 3591 69 48 18,
440 3590 113 40 1929;
610 3591 67 41 2c.
705 3591 119 40 Nov.
852 3591 56 39 25;
967 3591 81 39 aff.
1078 3592 119 39 Nov.
1225 3591 56 40 23;
1339 3591 43 39 A
1408 3591 146 41 16049;
1611 3594 54 40 B.
1695 3595 53 39 E.
1777 3594 223 48 Hughey.

195 3646 280 49 (29-27941)

110 3724 279 65 Hurlock,
416 3724 310 55 Elizabeth
754 3727 286 65 Bergner,
1072 3733 171 49 1898-

179 3803 122 53 The
345 3803 351 70 psychology
740 3805 64 51 of
849 3805 184 65 dress;
1083 3823 72 34 an
1201 3805 251 69 analysis
1495 3807 64 53 of
1603 3807 231 55 fashion
1878 3811 114 52 and
2036 3809 75 55 its

109 3879 1999 75 motive, by Elizabeth B. Hurlock … New York, The Ronald
108 3973 157 51 press
293 3975 280 52 company
714 3962 85 65 [ᶜ1929]
