2533 4384
1043 4035 101 51 203

128 467 668 53 xi p., 1 l., 334 p. 19½ cm .
130 539 292 43 “Published
451 539 52 38 in
533 537 223 48 England
789 536 154 39 under
975 534 83 41 the
1088 532 109 41 title
1232 528 438 44 ‘Frontiersmen’.”

65 609 51 52 ©
145 611 110 41 Feb.
283 611 49 38 21
344 642 8 15 ,
379 609 117 40 1929;
550 608 67 42 2c.
646 607 111 42 Feb.
785 606 84 40 26:
899 605 82 41 aff.
1011 604 111 42 Feb.
1150 603 85 47 25;
1264 603 40 39 A
1333 600 143 49 4600;
1509 599 263 41 Frederick
1800 599 55 41 A.
1888 598 172 40 Stokes

135 679 66 30 co.
269 666 251 50 (29-5218)

69 761 181 64 Bond,
278 760 137 55 Mrs.
444 757 249 56 Octavia
716 756 215 55 Louise
965 753 389 68 (Zollicoffer)
1392 756 171 52 1846-

135 840 119 53 The
298 839 207 68 family
545 837 285 54 chronicle
872 836 112 53 and
1024 833 235 69 kinship
1299 832 149 54 book
1488 830 64 55 of
1592 829 236 68 Maclin,
1871 827 195 69 Clack,

69 917 200 69 Cocke,
293 915 221 65 Carter,
538 915 235 69 Taylor,
797 914 188 66 Cross,
1007 911 237 56 Gordon
1271 911 113 53 and
1410 909 163 56 other
1599 908 213 54 related
65 905 1975 145 American

63 984 1978 158 lineages, by Octavia Zollicoffer Bond … [Nashville, McDaniel printing co., ᶜ1 928]
132 1152 665 52 7 p. l., 663, [10] p. 24ᶜᵐ.
68 1215 1979 115 © Nov. 15, 1928; 2c. Feb. 8, 1929; aff. Feb. 18: A 4510; Octavia Zollicoffer Bond, Minerva Post Office, La. (29^5263)
70 1376 303 64 Botsford,
405 1376 93 52 Eli
525 1375 279 64 Herbert,
835 1379 172 50 1860-

135 1452 170 70 Fifty
331 1472 162 50 years
518 1458 61 47 at
603 1451 309 68 Williams,
940 1452 182 52 under
1148 1450 96 53 the
1273 1448 497 55 administrations
1799 1446 66 54 of
66 1445 1978 140 presidents
264 1530 399 71 Chadbourne,
698 1530 221 59 Carter,
954 1528 241 67 Hewitt,
1229 1526 271 69 Hopkins
1536 1527 112 52 and
1684 1524 278 65 Garfield,
1994 1524 78 68 by

70 1612 66 51 E.
167 1611 253 53 Herbert
447 1607 296 55 Botsford.
810 1608 147 53 book
986 1626 37 33 i.
1057 1607 121 53 The
1208 1612 159 62 story
1396 1605 65 54 of
1491 1606 147 51 Paul
1670 1604 179 53 Ansel
68 1602 1980 140 Chadbourne.

370 1685 326 70 [Pittsfield,
726 1687 192 56 Mass.,
950 1685 121 53 The
1104 1685 181 68 Eagle
1319 1682 266 71 printing
1615 1684 46 51 &
1690 1681 247 70 binding
1969 1698 78 37 co.]

70 1771 148 50 1928.

138 1849 70 49 95,
241 1849 56 51 [1]
329 1860 43 37 p.
429 1848 165 47 front.,
623 1848 24 40 1
679 1847 145 48 illus.,
855 1848 171 48 plates,
1057 1848 149 47 ports.
1265 1846 118 41 23ᶜᵐ.

73 1903 51 52 ©
158 1906 119 41 Nov.
311 1906 70 47 23,
416 1905 142 46 1928;
593 1904 68 43 2c.
696 1904 97 40 and
829 1904 82 41 aff.
948 1905 111 40 Feb.
1095 1903 69 48 15,
1200 1902 143 47 1929;
1381 1904 40 39 A
1454 1902 143 48 5317;
1636 1903 54 40 E.
1725 1903 60 40 H.
1821 1901 249 50 Botsford,

140 1961 392 49 Williamstown,
565 1961 147 42 Mass.
784 1960 252 49 (29-5374)

74 2054 312 67 Bousfield,
416 2054 253 54 William
700 2055 242 64 Robert,
974 2059 171 51 1854-

144 2128 1933 74 The basis of memory, by W. R. Bousfield … New York,
75 2208 1214 72 W. W. Norton &, company, inc. [ ᶜ1 928]
144 2292 84 41 102
257 2302 44 37 p.
361 2291 180 47 diagrs.
602 2292 116 41 17ᶜᵐ.
796 2292 101 40 [The
925 2302 107 29 new
1061 2290 186 43 science
1279 2290 166 50 series]

79 2346 51 53 ©
161 2349 129 51 Sept.
318 2350 40 48 9,
387 2349 141 46 1928;
559 2349 67 41 2c.
655 2348 112 43 Feb.
796 2350 39 42 7,
864 2349 143 46 1929;
1037 2349 82 42 aff.
1149 2349 112 40 Feb.
1291 2349 55 48 6;
1377 2349 40 39 A
1447 2348 106 42 5341:
1620 2349 72 40 W.
1722 2350 72 39 W.
1824 2349 188 41 Norton
2043 2349 36 40 &

141 2419 82 36 co.,
252 2406 93 43 inc.
412 2405 252 52 (29-5189)

77 2501 183 64 Boyd,
293 2501 205 53 Pearle
532 2502 78 54 M.

143 2580 142 57 Bibs
317 2583 112 52 and
463 2580 243 70 tuckers,
737 2582 78 68 by
846 2583 206 53 Pearle
1084 2581 78 53 M.
1199 2583 183 68 Boyd.
1459 2581 139 55 New
1633 2581 181 69 York,
1848 2582 65 55 T.
73 2582 1985 132 Nelson
201 2662 112 53 and
339 2679 146 52 sons,
515 2662 149 51 1929.

148 2742 83 48 [48]
265 2752 43 37 p.
369 2741 129 40 illus.
527 2739 136 49 (part
690 2740 114 48 col.)
872 2741 117 41 25ᶜᵐ.

83 2795 51 52 ©
162 2799 111 41 Feb.
300 2799 69 45 20,
398 2798 113 41 1929;
567 2799 68 41 2c.
662 2800 96 39 and
785 2797 83 43 aff.
897 2799 111 40 Feb.
1035 2799 82 41 23:
1148 2799 40 38 A
1214 2798 143 42 5459:
1387 2798 212 41 Thomas
1626 2798 178 42 Nelson
1836 2799 35 39 &
1899 2808 126 31 sons.

159 2854 252 51 (29-5198)

81 2949 312 65 Bradway,
421 2949 152 54 John
606 2950 240 65 Saeger,
878 2956 171 49 1890-
1268 2969 181 49 comp.

147 3025 167 55 Laws
348 3026 64 53 of
444 3026 427 70 Pennsylvania
906 3026 248 69 relating
1186 3032 58 48 to
1277 3027 174 53 social
1485 3026 175 68 work,
1693 3026 283 69 compiled
2010 3026 77 68 by

79 3099 2008 78 John S. Bradway … Philadelphia, Pittsburgh, The Public
80 3177 1445 76 charities association of Pennsylvania [ ᶜ1 929]
147 3264 84 41 261
266 3275 44 38 p.
368 3265 118 41 24ᶜᵐ.

153 3320 345 43 “Undertaken
540 3323 52 38 at
632 3321 82 42 the
755 3322 197 48 request
991 3321 53 41 of
1084 3322 81 40 the
1207 3321 171 41 Public
1418 3321 235 42 charities
1695 3320 297 43 association
2035 3322 52 41 of

82 3375 654 50 Pennsylvania.”—Introd.

152 3432 415 51 Bibliographical
599 3432 281 44 foot-notes.

90 3485 51 52 ©
170 3489 112 42 Feb.
311 3490 40 48 2,
379 3490 141 47 1929;
551 3491 67 40 2c.
647 3489 111 43 Feb.
787 3491 54 46 9;
872 3490 82 42 aff.
984 3490 111 41 Feb.
1125 3491 81 41 13:
1240 3491 40 39 A
1311 3491 141 47 5336;
1484 3491 44 41 J.
1562 3491 44 41 S.
1636 3491 260 49 Bradway.
155 3490 1913 104 Philadelphia.
432 3545 252 50 (29-5004)

89 3638 232 65 Brown,
353 3641 229 52 Buford
614 3641 150 55 Otis.

154 3718 295 57 Problems
492 3720 63 53 of
594 3739 336 51 newspaper
971 3719 353 69 publishing,
1367 3720 140 55 with
1550 3720 211 70 special
1804 3721 288 55 reference

86 3802 58 48 to
179 3797 97 54 the
311 3803 241 62 country
591 3796 150 60 field,
778 3797 300 58 including
1113 3799 218 67 weekly
1366 3800 112 53 and
1516 3799 160 69 daily
1711 3816 382 53 newspapers,

87 3868 2007 83 by Buford Otis Brown … New York and London, Harper
87 3955 45 51 &
156 3952 279 73 brothers,
465 3957 150 51 1929.
