2542 4389
1021 4069 138 56 1837

155 493 101 39 The
291 492 255 40 materials
582 491 129 40 from
750 490 159 41 which
946 491 137 40 these
1123 491 215 39 volumes
1379 498 124 30 were
1543 488 235 48 compiled
1818 498 83 29 are
1944 490 48 37 to
2034 488 55 39 be

85 549 153 40 found
266 548 50 40 in
345 549 83 39 the
456 548 195 40 Hoover
680 557 102 30 war
810 547 201 47 library,
1046 546 235 41 Stanford
1314 544 286 47 university,
1633 543 287 41 California.

92 602 51 52 ©
171 606 102 41 Oct.
300 606 69 47 25,
397 605 116 41 1929;
565 605 68 41 2c.
660 605 118 39 each
806 605 118 39 Nov.
952 604 54 38 11;
1063 603 83 41 aff.
1173 604 120 38 Nov.
1320 603 25 38 5;
1402 605 41 36 A
1469 601 144 40 14761;
1671 601 49 41 C.
1750 602 56 40 R.
1835 602 53 40 B.

158 602 1911 100 educational
339 661 306 46 foundation,
676 662 91 38 inc.
836 659 283 48 (29-24860)

78 755 139 65 Coy,
248 755 177 54 Owen
458 754 286 64 Cochran,
776 759 171 49 1884-

151 829 1936 72 Gold days, by Owen Cochran Coy … Los Angeles, San
81 908 1657 68 Francisco [etc.] Powell publishing company [ ᶜ1 929]
156 987 1933 52 8 p. l., 381 p. incl. plates, maps. 24½ ᶜᵐ . (California, ed. by J. R.
83 1046 293 48 McCarthy)

154 1103 289 40 Illustrated
475 1102 364 48 lining-papers.

155 1158 368 41 “Illustrations
550 1158 233 48 specially
814 1158 243 47 produced
1088 1157 78 39 for
1196 1157 99 40 this
1326 1157 134 39 work
1490 1158 59 46 by
1579 1157 159 39 Franz
1769 1157 178 40 Geritz.”

154 1215 350 48 Bibliography
523 1226 9 29 :
563 1225 43 38 p.
640 1213 250 51 [347)-361.

88 1269 52 52 ©
171 1274 128 46 Sept.
327 1274 39 47 9,
394 1273 115 38 1929;
564 1274 68 39 2c.
658 1272 120 40 Nov.
805 1273 53 45 4;
890 1271 82 39 aff.
1002 1271 116 39 Nov.
1148 1271 52 46 2;
1233 1271 40 37 A
1301 1269 171 48 15479;
1505 1271 177 39 Powell
1715 1270 109 49 pub.
1854 1282 67 29 co.

164 1328 281 50 (29-24854)

80 1425 206 62 Dame,
317 1423 234 52 Arthur
581 1423 177 52 Kent.

155 1501 57 52 A
239 1501 186 68 digest
451 1499 65 53 of
541 1500 97 52 the
665 1499 280 53 decisions
971 1498 64 54 of
1061 1499 97 52 the
1188 1498 277 68 Supreme
1493 1504 163 48 court
1680 1499 67 53 of
1774 1499 316 67 Nebraska,

87 1577 2000 68 from 1855 to July 10, 1928 … by Arthur K. Dame … and
85 1653 2004 71 Ralph S. Moseley … v. 5. Railroads to Wills. St. Louis, Mo.,
84 1733 250 53 Thomas
363 1734 110 51 law
501 1732 147 53 book
678 1749 300 51 company,
1009 1733 151 51 1929.

155 1813 736 50 1 p. l., 4003-4961 p. 26½ ᶜᵐ .
87 1867 52 53 ©
170 1872 118 39 Nov.
321 1871 57 39 26,
480 1870 82 47 1929;
595 1870 68 40 2c.
694 1871 119 40 Nov.
845 1870 83 47 29;
962 1870 83 40 aff.
1078 1869 113 41 Dec.
1223 1870 54 47 2;
1312 1870 41 38 A
1384 1870 171 45 16152;
1590 1870 213 40 Thomas
1835 1871 94 39 law
1964 1871 123 39 book

154 1938 68 32 co.

78 2019 210 65 David,
322 2019 265 65 Ludwig,
621 2024 173 50 1856-

136 2099 1890 71 Photographisches praktikum; lehrbuch von Ludwig David …
81 2182 66 63 6.,
176 2177 300 54 neubearb.
509 2179 116 52 und
658 2177 315 53 erweiterte
1006 2177 149 68 aufl.,
1186 2179 106 51 mit
1323 2181 102 51 376
1458 2178 530 71 textabbildungen,
2023 2183 66 51 16

78 2256 455 69 kunstbeilagen,
573 2259 33 49 4
644 2255 423 70 bildnistafeln,
1108 2256 155 53 einer
1304 2255 227 53 kleinen
1573 2257 353 53 farbentafel
1968 2259 119 52 und

78 2335 360 53 zahlreichen
500 2333 169 69 kopf-
734 2335 118 51 und
916 2334 437 52 schlussleisten.
1446 2334 175 54 Halle
1695 2335 226 71 (Saale)
1995 2337 89 54 W.

78 2413 237 69 Knapp,
345 2415 150 51 1929.

149 2494 84 48 xii,
274 2493 85 41 808
398 2504 42 37 p.
479 2493 78 40 incl.
628 2493 130 39 illus.
787 2493 48 47 (1
877 2493 86 39 col.
1004 2494 96 38 and
1138 2494 255 46 mounted)
1441 2497 165 45 ports.,
1643 2494 234 48 facsims.,
1916 2497 172 49 tables,

79 2549 1378 49 diagrs. 17 pl. (1 col. and mounted) on 9 l. 23 ᶜᵐ .
87 2603 1833 55 © Mar. 26, 1929; 1c. June 28; A— Foreign 4282; Wilhelm Knapp.
165 2662 281 51 (29-25438)

81 2757 203 64 Davis,
314 2755 246 56 Charles
591 2756 246 64 Gerard,
871 2760 171 51 1870-

153 2835 294 68 Shipping
501 2837 45 49 &
599 2833 154 53 craft
809 2835 58 51 in
924 2834 304 54 silhouette;
1317 2836 292 70 drawings
1666 2839 113 52 and
1836 2844 121 48 text
2015 2841 73 69 by

83 2912 236 55 Charles
344 2911 68 55 G.
438 2911 196 53 Davis.
699 2910 208 68 Salem,
931 2911 191 69 Mass.,
1146 2912 227 54 Marine
1398 2915 257 52 research
1682 2917 228 68 society,
1940 2920 149 51 1929.

156 2993 1932 56 8 p., 103 l., [5] p. front., illus. 26 ½ ᶜᵐ . [Marine research society,
86 3051 173 46 Salem,
291 3051 147 40 Mass.
500 3049 306 41 Publication
836 3058 75 32 no.
940 3048 72 52 20)

88 3105 51 52 ©
168 3109 102 40 Oct.
296 3109 70 46 21,
393 3108 141 41 1929;
563 3107 67 41 2c.
658 3109 96 37 and
782 3107 81 40 aff.
893 3107 103 41 Oct.
1023 3107 56 40 28;
1136 3108 40 38 A
1204 3108 172 48 14449;
1408 3110 190 41 Marine
1628 3113 225 39 research
1882 3124 93 30 soc.

166 3164 281 49 (29-24757)

155 3257 175 68 Ships
355 3255 64 54 of
443 3257 94 52 the
561 3262 145 62 past,
730 3257 74 67 by
830 3255 238 55 Charles
1093 3256 69 55 G.
1189 3258 181 52 Davis;
1429 3259 138 53 with
1596 3279 70 33 an
1695 3262 389 56 introduction

84 3337 71 67 by
208 3335 206 67 Irving
465 3335 68 51 R.
584 3334 195 53 Wiles.
873 3334 208 67 Salem,
1134 3335 191 68 Mass.,
1377 3337 120 52 The
1550 3338 227 54 Marine
1830 3345 255 51 research

80 3414 230 67 society,
342 3414 150 50 1929.

156 3493 1934 57 xi, 170 p. front., illus., plates, plans (part fold.) 29! ᶜᵐ . [Marine
87 3550 225 40 research
340 3550 196 46 society,
570 3549 174 46 Salem,
775 3549 147 39 Mass.
984 3534 308 56 Publication
1325 3562 73 29 no.
1431 3551 56 40 19]

91 3604 52 52 ©
175 3610 102 38 Oct.
304 3609 70 44 21,
405 3607 113 38 1929;
576 3608 67 39 2c.
673 3607 96 39 and
799 3606 82 41 aff.
912 3606 102 40 Oct.
1044 3606 57 39 28;
1159 3607 41 39 A
1230 3607 170 43 14450;
1433 3610 190 40 Marine
1654 3614 226 39 research
1910 3625 80 29 soc

169 3663 280 49 (29-24758)

80 3756 222 64 Dodge,
330 3759 138 52 Mrs.
498 3757 173 61 Mary
706 3756 266 64 (Mapes)
1009 3761 327 51 1838-1905.

153 3833 167 54 Hans
348 3832 248 53 Brinker;
652 3850 81 49 or,
761 3832 121 53 The
909 3833 174 52 silver
1109 3834 204 67 skates,
1340 3835 75 68 by
1443 3836 169 70 Mary
1639 3839 203 69 Mapes
1869 3843 222 66 Dodge,

83 3911 326 53 illustrated
435 3910 77 68 by
537 3909 192 54 Violet
756 3909 198 53 Moore
980 3910 273 69 Higgins.
1319 3912 272 73 Chicago,
1619 3920 69 49 A.
1718 3918 299 55 Whitman
2045 3926 43 49 &

84 3990 511 67 company [ ᶜ1 929]
