2542 4389
993 4061 133 50 1385

138 485 461 49 536 p. illus. 25 ᶜᵐ.
140 555 391 48 “Bibliographie
560 556 83 38 des
671 565 238 37 ouvrages
937 554 148 41 cités”
1106 566 8 28 :
1144 565 43 37 p.
1213 554 219 41 497-520.

140 612 392 47 “Bibliographie
564 613 84 39 des
680 614 227 44 travaux,
939 611 82 48 qui
1054 614 84 37 out
1171 609 77 42 été
1278 609 190 50 publiés
1499 621 85 30 sur
1617 611 42 39 le
1694 609 287 41 traitement
2012 611 60 40 de

66 671 49 38 la
146 668 338 48 blennorragie
517 678 89 38 par
636 669 72 38 les
739 670 182 45 grands
952 668 199 47 lavages
1184 668 56 39 de
1275 669 382 46 permanganate
1692 667 59 40 de
1782 668 196 47 potasse
2013 668 59 38 de

65 725 114 42 1892
206 726 29 40 à
262 725 144 41 1897”
425 736 9 29 :
461 735 43 39 p.
535 723 248 52 [521]-523.

73 793 1883 109 © Nov. 17, 1928; 1c. June 7, 1929; A— Foreign 3474; Masson & cie. (29-18684)
66 949 198 60 Jones,
296 946 335 65 Llewellyn,
666 952 171 48 1884-
1051 964 179 52 comp.

141 1030 98 48 131
274 1026 118 52 best
428 1025 227 67 stories;
692 1043 31 33 a
758 1025 298 52 collection
1089 1025 154 52 from
1274 1025 98 52 the
1404 1024 264 69 writings
1701 1023 66 54 of
1798 1025 100 52 the
67 1042 1981 115 masters
211 1104 64 52 of
301 1105 97 51 the

425 1104 325 52 literatures
780 1101 64 54 of
873 1121 174 50 many
1076 1102 690 69 countries—presenting
1795 1103 277 67 complete

68 1184 200 52 stories
291 1183 112 51 and
426 1200 185 50 essays
636 1181 152 52 from
809 1182 192 66 Aesop
1025 1187 58 46 to
1107 1181 361 67 Dostoevski,
1491 1181 282 68 compiled
1794 1182 76 68 by
68 1181 1980 148 Llewellyn

255 1259 1816 69 Jones … assisted by Cecelia C. Gaul … Chicago, The
67 1340 751 68 Reilly & Lee co. [ ᶜ1 929]
132 1422 502 49 2 p. l., 3-1278 p. 21½ ᶜᵐ.
135 1494 264 39 Published
425 1493 114 39 1927
563 1495 153 37 under
741 1493 111 42 title.
869 1503 8 29 :
912 1492 144 40 Gems
1083 1492 51 40 of
1160 1493 82 40 the
1268 1493 195 40 world’s
1486 1493 107 39 best
1618 1491 214 41 classics.

71 1560 1996 109 © Sept. 16, 1929; 2c. Sept. 19; aff. Sept. 18; A 13435; Reilly & Lee co. (29-19190)
70 1714 240 64 Joseph,
340 1715 225 63 Eugen,
596 1715 171 55 1879-

138 1794 301 53 Lehrbuch
489 1795 99 51 der
637 1794 464 68 diagnostischen
1149 1795 117 51 und
1315 1793 333 69 operativen
1695 1792 374 70 cystoskopie.

66 1871 392 71 Cystoskopie.
531 1871 680 53 Ureterenkatherismus.
1286 1871 404 53 Funktionelle
65 1870 1983 132 nierendiagnostik.

365 1950 437 68 Pyelographie.
898 1949 410 53 Intravesicale
1400 1949 361 69 operationen;
1819 1968 113 34 von
1984 1950 85 51 dr.

71 2026 2001 72 Eugen Joseph … 2. aufl. der “Kystoskopische technik”. Mit
68 2109 102 50 290
202 2126 128 33 zum
359 2125 232 50 grossen
621 2106 99 52 teil
754 2106 267 68 farbigen
1052 2106 404 68 abbildungen.
1525 2106 219 69 Berlin,
1773 2107 57 53 J.
70 2106 1977 148 Springer,
218 2187 151 50 1929.

134 2263 894 49 vii, 254 p. illus. (part col.) 25 ½ ᶜᵐ.
69 2318 1879 110 © Mar. 26, 1929; 1c. June 28; A —Foreign 3575; Julius Springer. (29-18682)
70 2471 343 65 Kauffman,
442 2471 289 65 Reginald
760 2471 258 65 Wright,
1051 2473 172 53 1877-

195 2549 1873 70 … Barbary Bo, passages from the recollections of Martin
63 2629 302 52 Rowntree;
427 2630 127 51 how
585 2630 71 51 he
685 2629 111 52 lost
826 2629 97 51 the
956 2633 372 64 government
1361 2628 136 70 gold
1530 2628 113 52 and
1675 2628 151 53 tried
1857 2634 58 46 to
1948 2628 119 53 find

63 2707 61 52 it.
200 2707 151 53 How
394 2708 70 50 he
508 2708 196 52 served
750 2724 60 36 as
853 2707 306 68 cabin-boy
1201 2711 58 47 to
1305 2705 168 69 Capt.
1516 2707 149 53 Wm.
1711 2706 357 70 Bainbridge

73 2784 99 69 (U.
203 2785 56 55 S.
289 2784 216 69 frigate
529 2785 437 69 Philadelphia)
1004 2786 113 51 and
1144 2803 115 34 was
1285 2784 266 53 enslaved
1577 2785 76 68 by
1678 2786 98 51 the
1803 2784 265 70 Barbary

62 2862 231 68 pirates.
368 2863 150 52 How
553 2864 71 51 he
664 2863 211 68 fought
914 2864 182 52 under
1134 2862 346 53 Lieutenant
1523 2863 253 67 Stephen
1812 2863 255 52 Decatur

62 2941 213 52 aboard
310 2941 96 52 the
440 2942 72 53 U.
548 2941 57 56 S.
640 2941 167 52 ketch
841 2941 286 67 Intrepid,
1162 2940 227 70 against
1422 2942 96 51 the
1552 2941 354 53 buccaneers’
1941 2945 126 48 nest

64 3023 60 47 at
157 3019 245 67 Tripoli,
437 3019 288 52 extracted
762 3025 99 46 out
897 3019 64 52 of
993 3019 97 52 the
1124 3020 331 52 Roundtree
1489 3018 209 69 family
1732 3035 226 51 papers,
1993 3017 75 70 by

61 3097 285 68 Reginald
386 3097 237 69 Wright
661 3097 332 53 Kauffman.
1087 3097 429 69 Philadelphia,
1559 3098 121 51 The
1719 3099 164 51 Penn
59 3097 1980 148 publishing

302 3193 297 50 company,
630 3179 150 49 1929.

133 3256 1161 49 ix, 11-261 p. col. front., illus., plates. 22 ᶜᵐ.
133 3314 64 39 At
223 3314 124 39 head
377 3313 52 40 of
455 3313 108 41 title
582 3325 7 28 :
618 3314 102 40 The
750 3314 259 40 Rowntree
1036 3313 285 41 chronicles.

66 3365 51 52 ©
146 3371 122 47 Aug.
296 3371 70 47 24,
397 3370 114 40 1929;
571 3371 67 39 2c.
669 3372 96 38 and
795 3371 82 41 aff.
912 3371 128 48 Sept.
1072 3371 82 46 12;
1186 3371 41 39 A
1258 3371 142 39 13271;
1462 3371 133 38 Penn
1627 3371 109 47 pub.
1768 3381 67 29 co.
143 3427 281 49 (29-18929)

62 3519 250 65 Knittel,
340 3521 175 55 John.

134 3600 132 53 Nile
309 3601 154 67 gold,
509 3621 31 33 a
585 3603 202 66 legend
836 3601 64 53 of
945 3601 236 52 modern
1229 3601 217 68 Egypt,
1490 3601 77 68 by
1612 3600 158 54 John
1814 3599 246 54 Knittel.

65 3677 233 55 Garden
345 3677 151 68 City,
538 3679 70 52 N.
655 3679 92 68 Y.,
790 3678 358 70 Doubleday,
1190 3678 199 52 Doran
1436 3680 112 51 and
1594 3695 298 52 company,
1936 3677 125 67 inc.,

65 3759 149 50 1929.

126 3835 623 49 4 p. l., 3-322 p. 19½ᶜᵐ.
128 3891 163 41 “First
322 3891 226 41 edition.”

63 3945 51 51 ©
150 3949 127 48 Sept.
309 3951 69 45 13,
410 3949 139 44 1929;
583 3950 68 40 2c.
683 3951 96 39 and
812 3949 81 40 aff.
930 3950 127 47 Sept.
1090 3949 82 47 18;
1207 3950 40 37 A
1280 3948 170 48 12405;
1485 3949 299 48 Doubleday,
1819 3949 168 39 Doran
2020 3949 36 40 &

132 4015 81 39 co.,
239 4005 91 41 inc.
392 4005 280 50 (29-18943)
