2542 4389
1059 3993 101 51 869

166 443 1559 50 66 p., 1 l. incl. illus., plates. 24 ᶜᵐ . (Visions de France)
168 514 270 40 “Memento
469 513 475 50 bibliographique”:
977 526 45 38 p.
1057 516 54 50 [4]

99 581 1989 53 © Feb. 7, 1929; 1c. Mar. 8; A— Foreign 2225; G. L. Arlaud, Lyon, France.
179 641 280 49 (29-13145)

103 737 187 63 Clute,
318 736 243 54 Willard
590 737 240 64 Nelson,
861 744 169 48 1869-

174 815 1920 71 Botanical essays, by Willard N. Clute … Indianapolis,
100 894 148 67 Ind.,
276 894 89 53 W.
397 896 70 52 N.
499 893 166 54 Clute
692 896 45 49 &
767 913 98 50 co.,
897 897 148 51 1929.

165 974 531 48 3 p. l., 112 p. 23ᶜᵐ.
166 1045 41 38 A
236 1042 232 41 selection
495 1043 127 40 from
652 1045 81 39 the
762 1055 167 37 essays
957 1045 198 41 written
1181 1047 61 47 by
1272 1047 81 39 the
1381 1047 178 39 author
1586 1045 78 41 for
1693 1047 82 38 the
1805 1045 287 41 Gardeners’

96 1099 243 41 chronicle
368 1099 52 40 of
446 1100 238 40 America,
745 1101 61 48 cf.
836 1101 132 42 Pref.

169 1157 128 39 “The
322 1156 226 48 chapters
573 1156 49 39 in
649 1157 126 39 their
800 1160 195 45 present
1017 1158 126 40 form
1169 1159 123 39 have
1318 1159 242 47 appeared
1586 1169 53 29 as
1664 1169 28 29 a
1717 1159 305 48 supplement
2043 1161 51 39 to

99 1213 79 39 the
209 1212 257 40 American
497 1213 215 40 botanist
740 1213 80 40 for
850 1214 115 40 1928
994 1216 96 38 and
1120 1213 352 43 1929.”—Pref.

101 1278 52 52 ©
175 1282 115 48 Apr.
313 1282 69 47 25,
406 1282 141 47 1929;
573 1283 68 41 2c.
665 1283 114 48 Apr.
804 1284 82 47 18;
913 1283 82 41 aff.
1021 1285 126 40 June
1172 1287 51 45 7;
1250 1286 41 38 A
1315 1285 140 47 9551;
1484 1286 206 40 Willard
1715 1287 55 39 N.
1798 1285 142 41 Clute
1964 1287 36 39 &
2024 1297 67 29 co.

180 1339 280 49 (29-12865)

105 1434 362 54 Conference
527 1451 71 35 on
658 1436 499 64 unemployment,
1220 1439 396 69 Washington,
1672 1440 70 52 D.
1857 1482 28 26 C.,
1942 1442 155 50 1921,

224 1515 287 52 Committee
547 1535 73 33 on
650 1523 189 45 recent
873 1517 282 53 economic
1190 1518 256 67 changes.

169 1590 214 53 Recent
407 1591 281 52 economic
716 1591 244 69 changes
987 1593 59 51 in
1073 1593 96 51 the
1193 1593 218 53 United
1442 1592 214 68 States;
1687 1599 195 62 report
1908 1594 65 52 of
1998 1595 96 52 the

100 1667 1995 70 Committee … 1st ed. New York [etc.] McGraw-Hill book
98 1764 300 50 company,
425 1746 125 68 inc.,
583 1749 150 50 1929.

167 1829 28 39 2
218 1840 44 29 V.
323 1828 180 48 diagrs.
561 1828 147 41 23½ᶜᵐ.

104 1894 52 52 ©
182 1899 115 48 May
322 1899 69 48 15,
419 1899 140 48 1929;
588 1900 67 40 2c.
682 1901 95 38 and
806 1899 81 41 aff.
914 1901 114 46 May
1055 1899 81 47 20;
1165 1900 41 39 A
1233 1900 140 48 8254;
1405 1900 288 41 Committee
1718 1912 59 28 on
1807 1903 165 39 recent
169 1912 1908 84 economic

351 1956 208 48 changes
585 1957 51 39 of
660 1957 82 40 the
767 1956 296 41 President’s
1090 1957 294 41 Conference
1411 1969 60 29 on
1496 1959 404 47 unemployment,
171 1959 1906 103 Washington.

106 2108 302 63 Crothers,
439 2109 234 53 Samuel
705 2109 311 63 McChord,
1051 2113 323 50 1857-1927.

174 2187 140 53 Miss
332 2187 209 53 Mullet
546 2187 39 53 ’s
606 2186 320 55 Christmas
948 2196 189 60 party,
1155 2187 72 68 by
1249 2186 229 55 Samuel
1496 2187 294 55 McChord
1810 2187 286 55 Crothers.

105 2265 391 68 Anniversary
547 2266 84 52 ed.
715 2266 160 52 With
931 2264 283 54 foreword
1265 2266 74 67 by
1389 2266 168 52 Anne
1610 2265 224 54 Carroll
1886 2266 212 52 Moore.

108 2343 1839 69 Boston and New York, Houghton Mifflin company [ ᶜ1 929]
172 2438 45 35 X,
243 2426 98 48 106,
369 2428 54 48 [1]
451 2437 42 37 p.
515 2427 108 39 incl.
649 2427 142 46 illus.,
817 2428 172 47 plates,
1049 2427 149 39 front.
1259 2426 143 40 19½ᶜᵐ.

106 2493 52 52 ©
189 2498 126 40 June
346 2498 39 47 1,
417 2498 139 46 1929;
588 2498 68 40 2c.
687 2498 128 40 June
844 2498 52 46 5;
931 2496 83 41 aff.
1046 2498 129 38 June
1201 2497 53 46 3;
1291 2497 35 38 A
1358 2496 141 47 9478;
1534 2497 262 47 Houghton
1828 2495 168 40 Mifflin
2028 2506 68 30 co.

175 2549 69 55 [©
271 2565 105 30 new
401 2554 258 49 foreword]
755 2553 279 50 (29-12617)

107 2648 231 64 Culver,
370 2649 307 63 Raymond
711 2648 336 64 Benjamin,
1084 2651 167 51 1887-

174 2725 226 53 Horace
450 2725 180 52 Mann
686 2726 111 52 and
854 2725 242 69 religion
1152 2727 57 50 in
1264 2725 94 52 the
1411 2725 442 51 Massachusetts
1906 2724 191 67 public

101 2803 235 68 schools,
362 2804 75 68 by
463 2803 302 69 Raymond
794 2805 65 51 B.
890 2803 225 68 Culver,
1230 2847 8 8 PH.
1304 2845 9 9 D.
1389 2803 138 51 New
1554 2803 222 65 Haven,
1805 2801 145 52 Yale

105 2802 1968 148 university
355 2899 186 50 press;
582 2882 258 53 London.
882 2882 74 51 H.
996 2881 265 52 Milford.
1302 2880 227 54 Oxford
1571 2879 316 69 university
1927 2897 172 50 press,

107 2962 147 50 1929.

208 3040 1892 51 x p., 1 1.. 301 p. 23½ᶜᵐ. [Yale studies in the history and theory of
108 3099 592 48 religious-education, III
177 3169 128 40 “The
342 3172 196 45 present
573 3170 189 38 volume
800 3169 40 38 is
881 3169 79 39 the
999 3168 130 40 third
1168 3168 133 40 work
1338 3167 256 48 published
1630 3167 59 47 by
1726 3167 81 39 the
1844 3167 119 39 Yale
111 3167 1973 105 university

320 3235 136 38 press
485 3236 60 29 on
578 3227 78 38 the
690 3226 193 40 Samuel
918 3227 50 37 B.
1003 3225 180 40 Sneath
1218 3223 248 40 memorial
1497 3223 297 48 publication
1823 3223 167 40 fund.”

179 3282 84 38 “In
294 3281 64 41 its
390 3281 203 48 original
628 3282 142 46 form,
804 3282 97 39 this
933 3282 144 45 study
1110 3291 100 29 was
1240 3281 254 46 presented
1526 3282 47 37 to
1606 3280 79 39 the
1715 3279 192 48 faculty
1937 3279 51 40 of
2018 3281 82 39 the

112 3338 114 39 Yale
259 3339 239 46 graduate
533 3338 159 40 school
730 3339 48 37 in
813 3338 181 47 partial
1026 3337 264 39 fulfilment
1323 3336 51 40 of
1408 3337 81 38 the
1523 3335 350 48 requirements
1905 3337 79 39 for
2018 3337 83 39 the

107 3394 171 47 degree
308 3394 50 40 of
385 3395 167 40 doctor
580 3395 51 39 of
660 3393 331 49 philosophy.”

178 3450 350 48 Bibliography:
585 3462 43 36 p.
664 3451 247 48 [291]-296.

111 3515 52 52 ©
190 3521 113 47 May
328 3522 68 47 17,
422 3521 140 48 1929;
589 3521 68 40 2c.
683 3521 126 40 June
833 3521 53 41 3:
915 3520 82 42 aff.
1024 3521 126 39 June
1175 3520 52 42 1;
1256 3520 39 38 A
1321 3520 140 46 8445;
1491 3520 117 38 Yale
1635 3520 129 41 univ.
1791 3530 148 38 press.

189 3576 278 50 (29-12750)

110 3680 201 65 Davis,
341 3682 332 53 Katharine
702 3684 268 60 Bement,
1006 3687 168 50 1860-

241 3756 1858 70 … Factors in the sex life of twenty-two hundred women, by
112 3833 320 55 Katharine
481 3837 237 51 Bement
764 3836 198 65 Davis,
1097 3879 9 8 PH.
1193 3877 8 9 D.
1288 3834 137 52 New
1473 3834 162 51 York
1684 3835 111 52 and
1843 3835 258 67 London,

111 3910 232 70 Harper
370 3915 53 49 &
453 3913 276 66 brothers,
763 3916 149 49 1929.
