2512 4377
1275 4014 97 51 190

328 375 201 65 Meier,
559 375 239 65 Joseph,
833 377 170 54 1874-

465 453 1858 70 … Adoption among the Gunantuna, by Joseph Meier,
329 530 1971 149 M . S . C. Washington, D. C., Catholic anthropological conference, 1929.
400 690 1925 49 cover-title, 98 p. illus. (map) 25½ ᶜᵐ . (Publications of the Catholic
330 748 417 49 anthropological
777 747 297 47 conference,
1104 748 92 40 vol.
1247 779 8 15 I,
1286 758 74 30 no.
1391 746 50 48 1)

335 817 52 51 ©
421 821 110 39 Jan.
563 820 69 46 30,
665 819 140 45 1929;
840 819 68 39 2c.
943 818 109 40 Jan.
1086 818 53 39 31;
1206 818 81 41 aff.
1323 818 110 40 Feb.
1467 819 53 44 5;
1557 818 40 39 A
1630 818 140 46 4216;
1811 818 220 41 Catholic
401 819 1903 105 anthropological
605 875 298 41 conference.
971 874 252 49 (29-4698)

331 970 207 63 Miller,
565 970 243 61 Walter,
838 974 170 50 1864-

398 1047 289 53 Daedalus
717 1046 113 53 and
859 1046 242 68 Thespis;
1161 1047 95 52 the
1285 1046 415 54 contributions
1728 1047 64 52 of
1819 1047 95 53 the
1945 1046 224 54 ancient

330 1047 1972 130 dramatic
528 1130 159 62 poets
715 1129 57 47 to
802 1142 103 34 our
931 1123 335 69 knowledge
1295 1123 64 53 of
1386 1124 95 53 the
1511 1128 118 49 arts
1657 1124 114 53 and
1800 1124 180 53 crafts
2010 1124 64 53 of
2102 1126 225 67 Greece,

331 1201 1996 76 by Walter Miller … New York, The Macmillan company,
332 1286 148 49 1929.

397 1363 1347 50 2 p. l., viii, 9-329 p. front., plates, plans. 28½ ᶜᵐ .
402 1436 78 39 All
507 1435 52 40 of
585 1436 82 39 the
695 1434 229 41 citations
950 1434 128 40 from
1106 1435 82 39 the
1218 1434 156 41 Greek
1401 1434 204 40 authors
1633 1444 83 30 are
1744 1433 141 49 given
1915 1435 103 40 also
2045 1435 49 38 in
2123 1436 202 47 English

328 1492 308 41 translation.

331 1561 52 51 ©
414 1564 110 39 Feb.
555 1564 39 44 5,
625 1562 140 47 1929;
797 1563 67 39 2c.
895 1563 95 39 and
1020 1561 82 41 aff.
1133 1561 111 41 Feb.
1276 1562 52 46 6;
1361 1562 41 39 A
1431 1561 141 47 5161;
1607 1562 280 40 Macmillan
1919 1574 68 29 co.

408 1619 252 50 (29-4893)

321 1715 196 64 Millis,
549 1714 243 55 Walter.

401 1792 155 55 Sand
602 1792 171 53 castle
840 1792 93 68 [by]
980 1791 224 53 Walter
1247 1791 199 53 Millis.
1538 1792 216 52 Boston
1800 1791 113 53 and
1958 1793 139 52 New
2143 1792 180 69 York,

328 1870 316 68 Houghton
674 1869 204 53 Mifflin
908 1887 299 51 company,
1239 1872 150 50 1929.

397 1950 658 50 4 p. l., 304, [1] p. 19½ ᶜᵐ .
330 2020 1990 51 © Feb. 15, 1929; 2c. Feb. 18; aff. Feb. 16; A 4491; W. Millis, New York.
407 2079 250 50 (29-4535)

329 2174 377 64 Mississippi.
779 2176 273 67 Supreme
1082 2181 173 48 court.

399 2251 1924 69 Cases argued and decided … at the September term, 1927,
327 2332 111 51 and
471 2331 201 52 March
706 2335 162 51 term,
904 2333 149 51 1928.
1123 2349 50 33 v.
1210 2333 114 49 149.
1394 2331 289 67 Reported
1718 2330 75 67 by
1826 2331 55 53 J.
1916 2331 247 68 Morgan
327 2330 1970 132 Stevens.

541 2408 319 67 Columbia,
887 2409 134 66 Mo.,
1049 2409 66 52 E.
1143 2410 88 53 W.
1265 2408 281 68 Stephens
1574 2408 337 69 publishing
1938 2427 99 49 co.,
2066 2412 149 50 1928.

395 2491 517 48 xiv, 1018 p. 22½ ᶜᵐ .
327 2558 53 52 ©
414 2563 118 40 Nov.
566 2563 70 47 23,
671 2563 141 46 1928;
847 2563 68 40 2c.
949 2563 118 40 Nov.
1102 2563 56 39 27;
1223 2561 82 41 aff.
1340 2562 112 41 Feb.
1486 2562 68 48 11,
1590 2561 140 46 1929;
1768 2562 40 39 A
1843 2562 141 46 5260;
2022 2564 52 40 E.
2110 2564 71 39 W.
395 2562 1907 106 Stephens
574 2620 109 48 pub.

712 2630 67 30 co.

322 2713 306 62 Mottram,
664 2713 191 63 Ralph
892 2713 166 62 Hale,
1099 2719 169 49 1883-

392 2791 326 67 Armistice,
749 2791 113 52 and
898 2791 162 52 other
1094 2791 313 57 memories,
1444 2790 258 70 forming
1737 2810 31 33 a
1804 2792 254 67 pendant
2090 2796 58 48 to
2183 2791 139 54 ‘The

325 2868 250 69 Spanish
602 2868 152 54 farm
777 2868 251 70 trilogy’,
1053 2869 75 68 by
1151 2870 67 52 R.
1246 2870 76 52 H.
1349 2870 294 53 Mottram.
1706 2870 137 52 New
1870 2868 163 55 York,
2074 2869 64 54 L.

327 2870 1970 145 MacVeagh,
571 2948 121 52 The
721 2948 138 52 Dial
891 2966 175 49 press,
1100 2951 150 50 1929.

389 3030 338 47 254 p. 20 ᶜᵐ .
394 3087 196 39 London
619 3086 184 41 edition
841 3086 205 46 (Chatto
1073 3087 94 40 and
1197 3086 230 45 Windus)
1465 3087 90 39 has
1586 3087 134 40 title:
1752 3088 98 40 Ten
1881 3097 143 37 years
2053 3098 102 37 ago.

327 3139 52 51 ©
409 3144 110 39 Jan.
549 3144 68 41 15,
648 3142 118 41 1929;
820 3142 66 41 2c.
918 3144 110 39 Jan.
1058 3143 55 40 19;
1174 3143 82 41 aff.
1287 3145 110 39 Jan.
1427 3145 55 38 24;
1542 3144 39 39 A
1612 3143 144 48 4022;
1790 3144 113 40 Dial
1934 3154 136 38 press.
2116 3145 90 40 inc.

404 3200 251 48 (29-4762)

321 3292 200 63 Neale,
550 3294 251 61 Russell,
835 3300 171 49 1906-

390 3370 212 68 Hobby
641 3372 191 66 house,
870 3372 75 68 by
986 3372 225 53 Russell
1251 3372 190 53 Neale.
1520 3373 137 52 New
1701 3372 163 53 York
1906 3373 112 52 and
2061 3372 259 67 London,

319 3449 233 67 Harper
582 3451 46 49 &
655 3448 279 66 brothers,
967 3453 150 49 1929.

388 3531 645 49 4 p. l., 299, [1] p . 20ᶜᵐ.
327 3583 51 52 ©
407 3588 111 40 Feb.
546 3587 68 47 15,
643 3588 117 39 1929;
814 3588 68 41 2c.
911 3588 111 41 Feb.
1050 3589 56 39 12;
1164 3589 82 40 aff.
1276 3589 111 41 Feb.
1417 3590 55 41 18;
1531 3590 40 38 A
1598 3589 113 41 5369;
1769 3590 195 47 Harper
1991 3589 36 40 &
2055 3589 125 40 bros.

403 3644 251 49 (29-4759)

325 3737 144 52 New
495 3737 180 52 York.
753 3737 230 64 College
1011 3738 63 52 of
1101 3737 102 54 the
1231 3739 122 65 city
1380 3739 65 52 of
1469 3740 145 51 New
1641 3738 179 54 York.

395 3812 344 69 Chemistry,
770 3813 229 70 College
1031 3814 65 53 of
1122 3815 95 53 the
1247 3816 117 68 city
1394 3815 65 53 of
1487 3816 138 52 New
1658 3815 164 54 York
1852 3816 212 53 science
2095 3834 221 50 survey.

329 3890 343 67 [Lancaster,
701 3892 121 66 Pa.,
849 3892 310 53 Lancaster
1187 3911 176 50 press,
1391 3893 127 67 inc.,
1549 3896 152 64 1929]
