2542 4389
1037 4069 135 50 1933

156 494 1884 52 p. 313-395. diagrs. 24½ᶜᵐ. (Genetic psychology monographs …
119 554 338 48 v ol. VI , no. 4)
159 608 350 42 “References”
527 620 10 30 :
569 620 44 38 p.
642 609 101 41 393.

94 662 53 53 ©
175 667 118 40 Nov.
322 666 70 48 13,
419 665 142 47 1929;
590 666 68 40 2c.
687 665 119 41 Nov.
834 665 83 46 15;
948 663 83 43 aff.
1060 665 120 39 Nov.
1208 663 84 47 20;
1323 663 44 39 A
1393 662 172 48 14923;
1598 663 149 41 Clark
1775 661 131 43 univ.
1937 673 151 38 press.

171 721 281 50 (29-28496)

89 814 586 65 Paget-Fredericks,
702 814 223 65 Joseph
954 815 180 65 Rous,
1167 819 172 50 1903-

157 893 144 54 Miss
352 893 184 53 Pert’s
587 892 321 55 Christmas
959 897 135 63 tree,
1145 891 231 53 written
1429 893 113 52 and
1593 891 263 69 pictured
1905 891 78 70 by
2033 893 57 55 J.

90 970 562 70 Paget-Fredericks.
729 971 139 51 New
908 969 180 67 York,
1127 969 355 67 Macmillan,
1522 973 149 50 1929.

161 1050 1726 50 5 p. l., 24, [3] p. col. front., illus., col. plates (1 double) 31 ᶜᵐ.
98 1105 51 53 ©
183 1109 103 41 Oct.
316 1109 70 48 29,
420 1108 118 40 1929;
596 1108 68 40 2c.
697 1109 96 38 and
826 1106 82 41 aff.
944 1107 102 41 Oct.
1078 1107 57 40 30;
1197 1107 42 39 A
1270 1106 145 41 14495;
1478 1106 283 41 Macmillan
1794 1116 69 31 co.
175 1165 281 49 (29-28635)

90 1258 306 64 Postgate,
424 1257 309 64 Raymond
760 1256 276 64 William,
1067 1261 170 50 1896-

159 1337 153 53 That
356 1335 151 54 devil
550 1335 238 67 Wilkes,
829 1335 75 68 by
949 1335 66 53 R.
1060 1335 90 54 W.
1196 1336 289 68 Postgate.
1562 1335 138 53 New
1746 1335 180 69 York,
1973 1336 122 53 The

92 1414 728 69 Vanguard press [ ᶜ1 929 ]
161 1492 949 51 5 p. l., 3-275 p. front. (port.) 24 ᶜᵐ.
164 1552 235 41 “Sources
439 1550 80 41 for
557 1551 82 39 the
680 1549 88 41 life
806 1549 53 39 of
898 1549 130 41 John
1069 1548 214 42 Wilkes”
1302 1560 10 28 :
1354 1560 42 37 p.
1438 1549 204 41 251-253;
1713 1549 351 41 “References”
2083 1562 9 28 :

92 1619 42 37 p.
163 1607 249 51 [255]-267.

99 1661 51 53 ©
182 1666 118 40 Nov.
332 1665 70 48 22,
434 1663 140 42 1929;
606 1663 69 41 2c.
709 1663 117 39 Nov.
860 1661 82 48 29;
978 1661 83 41 aff.
1093 1661 119 41 Nov.
1245 1662 83 47 27;
1364 1662 42 39 A
1438 1661 171 48 17075;
1643 1663 266 48 Vanguard
1943 1671 150 39 press,

165 1722 91 40 inc.
327 1719 280 50 (29-28532)

92 1813 214 65 Quinn,
336 1813 234 53 Arthur
601 1813 260 65 Hobson,
893 1815 83 53 ed.

168 1892 123 52 The
315 1891 296 53 literature
638 1890 65 54 of
727 1890 268 53 America;
1055 1909 72 34 an
1154 1891 316 69 anthology
1495 1889 67 54 of
1588 1909 166 50 prose
1779 1891 117 53 and
1922 1908 176 35 verse.

99 1987 50 34 V.
180 1971 49 50 2.
269 1969 176 52 From
474 1969 95 52 the
597 1968 133 53 civil
762 1986 118 34 war
910 1973 58 48 to
998 1969 98 51 the
1125 1973 244 63 present.
1438 1968 108 53 Ed.
1576 1967 77 70 by
1681 1967 227 54 Arthur
98 1966 1976 133 Hobson

240 2043 1796 72 Quinn … Albert Croll Baugh … Will David Howe …
99 2121 1855 71 New York, Chicago [etc.] Charles Scribner’s sons [ ᶜ1 929]
165 2203 1077 51 xv p., 1 l. , 717-1397, N1-N60 p. 23½ᶜᵐ.
99 2256 53 53 ©
185 2261 103 41 Oct.
320 2261 39 48 9,
393 2260 141 47 1929;
566 2261 69 41 2c.
666 2261 119 41 Nov.
818 2261 83 47 30;
937 2260 82 42 aff.
1053 2261 103 41 Oct.
1190 2261 83 47 11;
1307 2261 43 39 A
1381 2261 172 47 14531;
1589 2260 203 42 Charles
1828 2259 267 42 Scribner’s

169 2326 127 32 sons.

93 2410 277 64 Ramsey,
399 2409 203 64 Logan
633 2409 264 65 Carlisle,
930 2415 171 50 1898-

165 2486 1882 71 The navigation of aircraft, by Logan C. Ramsey … New
98 2564 1316 70 York, The Ronald press company [ᶜ19 29]
97 2647 1987 105 2 p. l., iii-xii, 237 p. illus. (incl. maps) diagrs. 22 ᶜᵐ. [Ronald aeronautic series,
493 2703 52 42 C.
574 2705 59 39 de
666 2703 53 43 F.
753 2703 480 51 Chandler—editor]

101 2756 53 53 ©
183 2761 119 40 Nov.
330 2760 69 48 22,
428 2759 115 41 1929;
600 2761 68 40 2c.
698 2762 96 39 and
824 2760 83 42 aff.
937 2761 119 42 Nov.
1083 2761 84 48 26;
1199 2762 42 38 A
1269 2761 173 47 16104;
1474 2761 191 41 Ronald
1694 2771 137 38 press
1861 2771 68 30 co.
181 2815 281 50 (29-28491)

97 2908 212 65 Roller,
339 2909 207 53 Duane
576 2910 309 65 Emerson,
917 2916 173 49 1894-

167 2985 122 54 The
314 2986 383 70 terminology
722 2986 66 54 of
812 2987 259 68 physical
1098 2989 231 67 science,
1354 2989 76 68 by
1454 2989 204 52 Duane
1683 2989 212 51 Roller.
99 2988 1980 143 Norman,

277 3063 338 70 University
644 3064 66 53 of
740 3063 323 56 Oklahoma
1093 3084 175 50 press,
1299 3069 150 49 1929.

168 3147 695 50 5 p. l., [13]-115, [1] p. 21 ᶜᵐ.
169 3203 72 41 On
268 3214 140 30 cover
427 3215 8 29 :
465 3205 41 37 A
533 3204 283 47 University
841 3203 52 41 of
921 3204 270 41 Oklahoma
1219 3206 160 46 study.

105 3256 51 52 ©
194 3261 120 40 Nov.
351 3260 69 47 13,
460 3259 140 48 1929;
639 3260 69 41 2c.
747 3261 119 40 Nov.
905 3260 82 48 19;
1029 3260 83 42 aff.
1150 3261 120 42 Nov.
1308 3261 83 47 22;
1432 3261 43 39 A
1512 3260 171 48 17015;
1725 3260 284 49 University
2048 3262 52 40 of

176 3315 270 42 Oklahoma
475 3327 150 37 press.
695 3316 282 51 (29-28500)

97 3394 333 65 Rowntree,
459 3395 268 54 Leonard
759 3396 247 66 George,
1038 3403 172 49 1883-

100 3472 1981 145 … The volume of the blood and plasma in health and disease,
279 3550 1763 70 by Leonard G. Rowntree … and George E. Brown …
102 3628 1977 145 with the technical assistance of Grace M. Roth … Philadelphia and
410 3706 257 68 London,
694 3706 90 55 W.
816 3708 66 51 B.
916 3706 289 56 Saunders
1235 3724 299 53 company,
1565 3710 149 50 1929.

101 3789 1986 104 1 p. l., 7-219 p. incl. tables, diagrs. 20½ ᶜᵐ. (Mayo clinic monographs)
173 3901 377 48 Bibliography:
583 3912 43 37 p.
656 3901 218 41 203-209.

109 3952 51 53 ©
190 3957 118 41 Nov.
337 3957 70 48 18,
435 3957 141 49 1929;
607 3958 67 40 2c.
705 3959 96 40 and
830 3958 82 40 aff.
942 3958 119 41 Nov.
1090 3957 84 49 29;
1205 3959 42 38 A
1276 3958 171 48 16148;
1480 3959 73 42 W.
1583 3960 54 42 B.
1670 3959 247 42 Saunders
1947 3969 69 31 co.

190 4012 282 52 (29-28489)
