2533 4342
1369 4019 136 56 1778

425 462 85 37 yer
545 453 96 38 and
678 451 77 40 his
789 451 186 47 clients,
1013 451 61 47 by
1109 451 53 39 A.
1202 450 382 48 Stickney.—An
1619 450 198 48 inquiry
1852 450 103 40 into
1993 451 82 39 the
2111 450 191 48 Albany
2338 451 95 39 and

428 508 352 48 Susquehanna
812 507 217 40 railroad
1057 506 275 48 litigations
1360 508 51 38 of
1440 505 128 50 1869,
1596 508 99 39 and
1723 508 91 38 Mr.
1843 506 160 40 David

2033 507 191 47 Dudley
2254 506 181 40 Field’s

425 564 284 40 connection
748 563 277 46 therewith,
1065 564 60 46 by
1166 563 53 40 G.
1258 563 52 41 T.
1352 563 284 40 Curtis.—A
1675 565 140 46 great
1853 562 200 40 lawsuit
2091 564 97 39 and
2226 574 27 28 a
2296 562 137 41 Field

424 620 134 48 fight,
587 620 60 47 by
672 620 43 40 J.
745 619 46 41 S.
818 619 333 40 Black.—The
1177 620 138 38 truth
1343 619 52 39 of
1418 630 28 28 a
1476 619 167 47 “great
1669 617 243 50 lawsuit”,
1941 619 60 47 by
2026 619 54 40 A.
2110 618 245 49 Stickney.

433 672 1998 52 © Oct. 11. 1929; 2c. Oct. 16; aff. Oct. 15; A 15032: Yale univ. press.
508 732 282 49 (29-23873)

430 828 181 62 Hoyt,
640 827 229 62 Nancy.

555 903 1880 70 … Bright intervals, by Nancy Hoyt. New York, A. A.
423 980 226 69 Knopf,
679 982 152 52 1929.

497 1061 752 50 5 p. l., 3-246 p., 1 l. 19 ½ᶜᵐ .
431 1117 2003 54 © Aug. 16, 1929; 2c. Aug. 21; aff. Oct. 2; A 15869; Nancy Hoyt Curtis,
500 1177 381 48 Bournemouth,
915 1178 237 47 England.
1225 1176 282 50 (29-17088)

422 1270 247 65 Hurley,
700 1271 255 53 Edward
983 1271 303 65 Timothy,
1319 1276 171 50 1869-

497 1348 115 56 Old
661 1350 154 52 mills
864 1351 111 51 and
1025 1351 235 52 covered
1312 1349 230 69 bridges
1592 1350 58 51 in
1702 1352 110 50 and
1864 1351 174 52 about
2088 1351 350 67 Cincinnati,

424 1428 189 67 prints
642 1426 153 54 from
819 1428 97 51 the
941 1426 259 69 etchings
1227 1427 64 52 of
1316 1428 66 51 E.
1411 1430 63 51 T.
1503 1427 242 69 Hurley.
1825 1428 349 68 Cincinnati,
2202 1427 87 69 O.,
2316 1429 121 52 The

426 1504 83 56 St.
540 1505 197 55 James
766 1523 174 50 press,
973 1508 148 49 1929.

495 1584 932 50 2 p. l., 24 pl. (incl. front.) 20½ᶜᵐ.
432 1639 2004 52 © Nov. 5, 1929; 2c. and Nov. 7; A 15578; E. T. Hurley, Cincinnati.
510 1699 280 49 (29-24018)

420 1793 287 63 Johnson,
737 1793 133 63 Guy
896 1793 253 63 Benton,
1178 1797 171 50 1901-

494 1870 158 55 John
677 1871 203 68 Henry;
936 1869 270 70 tracking
1228 1871 167 52 down
1421 1889 32 34 a
1475 1888 178 51 negro
1678 1871 224 68 legend,
1926 1871 74 68 by
2024 1870 131 70 Guy
2174 1872 68 51 B.

424 1872 2020 145 Johnson … Chapel Hill, The University of North Carolina press,
425 2030 151 50 1929.

497 2109 1947 50 6 p. l., 155 p. front. (facsim.) 22 ᶜᵐ. (Half-title: The University of
423 2168 157 40 North
602 2168 245 40 Carolina.
911 2166 159 40 Social
1093 2167 147 47 study
1261 2166 177 49 series)

492 2225 226 39 Includes
740 2224 169 40 music.

499 2281 379 48 “Bibliography
905 2281 51 39 of
983 2281 129 39 John
1138 2279 196 48 Henry”:
1399 2290 41 38 p.
1473 2280 250 49 [152]-155.

434 2334 1986 108 © Aug. 1, 1929; 1c. July 31; 1c. Aug. 26; Aug. 9; A 15327; University
627 2395 51 39 of
706 2394 159 40 North
897 2393 228 41 Carolina
1158 2403 150 39 press.
1377 2392 283 49 (29-23914)

420 2473 199 65 Jones,
649 2472 260 54 Richard
939 2474 232 64 Foster,
1204 2477 172 50 1886-
1589 2476 86 53 ed.

559 2550 1877 70 … Eighteenth century literature, selected and edited by
425 2628 2016 67 Richard Foster Jones … New York, T. Nelson and sons,
427 2708 151 51 1919.

498 2786 1592 49 xi, 13-416 p. 16 ᶜᵐ. (Nelson’s English readings, v. 4)
498 2843 255 41 Half-title:
815 2843 222 40 Nelson’s
1072 2843 204 48 English
1310 2843 152 40 series;
1526 2844 200 46 general
1760 2843 172 48 editor,
1970 2844 54 41 E.
2059 2844 292 39 Bernbaum.

434 2897 51 52 ©
519 2902 101 40 Oct.
651 2902 69 47 29,
751 2901 116 40 1929;
926 2903 68 38 2c.
1025 2902 95 39 and
1265 2901 120 42 Nov.
1417 2901 24 38 1;
1504 2902 42 38 A
1576 2900 146 41 14582;
1783 2901 213 40 Thomas
2028 2901 181 40 Nelson
2241 2900 36 40 &
2308 2911 128 29 sons.

510 2957 282 49 (29-23915)

421 3036 286 65 Kearton,
740 3036 248 64 Cherry,
1022 3038 171 53 1871-

425 3113 1989 148 In the land of the lion, Cherry Kearton … with 88 photographs.
795 3192 260 67 London,
1087 3191 385 52 Arrowsmith
1600 3191 86 69 [1929]

498 3273 88 40 256
615 3285 42 36 p.
718 3274 163 40 front.,
912 3275 173 45 plates.
1145 3273 58 39 22½ᶜᵐ.

435 3326 1984 52 © 1c. Oct. 23, 1929; A ad int. 13327; pubd. Aug. 27; C. Kearton, Caterham
645 3387 184 46 Valley,
865 3386 194 47 Surrey,
1093 3386 237 47 England.
1401 3385 283 49 (29-24599)

426 3464 375 65 Keyserling,
828 3466 308 52 Hermann
1165 3465 358 66 Alexander,
1549 3471 140 67 graf
1714 3483 134 48 von,
1878 3473 172 49 1880-

562 3543 1877 69 … America set free … New York and London, Harper &
428 3622 277 66 brothers,
734 3625 149 51 1929.

571 3701 309 49 xx, 609 p. 22½ ᶜᵐ.
502 3761 64 37 At
592 3759 125 39 head
742 3759 52 39 of
820 3758 109 40 title:
985 3758 159 41 Count
1170 3759 251 39 Hermann
1448 3759 306 47 Keyserling.

504 3814 162 40 “First
693 3813 227 42 edition.”

439 3867 52 52 ©
518 3871 119 41 Nov.
666 3872 38 46 7,
732 3870 118 40 1929;
905 3871 65 40 2c.
1000 3871 117 39 Nov.
1147 3870 26 39 8;
1341 3871 117 41 Nov.
1487 3868 29 41 9;
1573 3871 40 38 A
1640 3870 139 39 15651;
1846 3872 158 40 Count
2034 3872 252 38 Hermann
508 3872 1913 100 Keyserling.
732 3927 305 47 Darmstadt,
1071 3927 256 46 Germany.
1395 3925 282 51 (29-24015)
