2533 4342
1251 4009 136 50 1480

311 361 336 63 Lawrence,
677 358 235 53 Millard
943 357 244 63 Choate,
1219 360 173 50 1895-

389 439 122 51 The
551 436 108 54 life
698 435 65 53 of
802 436 204 52 honest
1044 434 144 67 Abe,
1229 433 147 52 done
1414 451 78 50 up
1534 432 199 53 brown
1776 433 60 51 in
1878 431 328 69 jazzistory,
2247 430 76 70 by

316 516 190 68 Larry
538 515 320 51 Lawrence.
936 511 378 69 [Milwaukee]
1355 511 123 52 The
1509 509 348 53 Milwaukee
1888 509 248 69 journal,
316 507 1981 139 Public

425 593 211 53 service
669 592 215 51 bureau
1033 592 85 64 [ᶜ1929]

385 671 709 52 2 p. l., 198 p. ports. 24½ ᶜᵐ.
322 723 2001 57 © July 18, 1929; 2c. and aff. Aug. 2; A 10513; Journal co., Milwaukee.
397 787 15 49 (CA
498 786 176 41 29-348
690 785 238 49 Unrtv’d)

319 880 285 64 Lécuyer,
632 879 330 63 Raymond.

449 951 1875 86 … Le Paris classique (de la Place Vendôme à l’Élysée) par
315 1044 305 68 Raymond
647 1044 267 69 Lécuyer.
993 1042 184 67 Paris,
1205 1041 285 53 Hachette
1633 1043 86 64 [ᶜ1928]

315 1120 1994 111 68 p., 2 l. xv pl. (incl. front.) on 8 l., plan. 13½ x 11 ᶜᵐ. (Pour connaître Paris. [14])
320 1235 1890 53 © Feb, 6, 1929; 1c. Apr. 26; A— Foreign 2867; Librairie Hachette.
398 1294 283 51 (29-20057)

318 1389 316 64 Lombard,
665 1389 273 64 Jacques.

446 1465 1877 69 … Cocktails après minuit, roman. Paris, A. Lemerre, 1929.
384 1546 569 51 3 p. l., [3]-284 p. 19 ᶜᵐ.
323 1601 2004 53 © Feb. 28, 1929; 1c. Apr. 26; A— Foreign 2960; Librairie Alphonse
391 1662 240 40 Lemerre.
698 1660 282 50 (29-20247)

318 1755 175 64 Loth,
523 1754 192 54 David
746 1754 356 65 Goldsmith,
1135 1760 169 49 1899-

383 1833 256 52 Lorenzo
696 1833 96 52 the
846 1831 396 70 Magnificent,
1298 1832 74 69 by
1429 1832 195 53 David
1681 1832 169 52 Loth.
1944 1831 139 54 New
2142 1830 182 68 York,

312 1910 575 68 Brentano’s [ ᶜ19 29 ]
387 1991 1231 50 5 p. l., 3-329, [1] p. front., plates, ports. 24½ ᶜᵐ.
321 2045 53 52 ©
409 2049 129 49 Sept.
567 2050 70 47 23,
669 2048 114 41 1929;
842 2049 67 40 2c.
943 2049 130 48 Sept.
1104 2049 56 39 24;
1222 2048 82 41 aff.
1339 2048 129 49 Sept.
1499 2049 56 39 25;
1616 2049 43 39 A
1688 2048 145 41 13587;
1894 2047 305 48 Brentano's,
2232 2047 93 40 inc.

399 2104 281 51 (29-19630)

319 2199 483 54 Massachusetts
843 2200 278 71 (Colony)
1205 2200 185 70 Laws,
1418 2206 258 61 statutes,
1704 2207 101 48 etc.

392 2280 122 52 The
541 2280 139 53 laws
707 2280 113 52 and
849 2279 255 54 liberties
1131 2279 65 53 of
1221 2278 448 54 Massachusetts;
1726 2280 296 67 reprinted
2052 2279 154 52 from
2233 2278 98 53 the

322 2375 146 52 copy
497 2358 64 51 of
592 2358 95 52 the
719 2360 133 50 1648
884 2357 219 52 edition
1132 2357 61 52 in
1222 2357 96 52 the
1347 2356 206 70 Henry
1585 2356 69 54 E.
1685 2356 376 69 Huntington
2091 2355 239 69 library,

321 2434 142 54 with
495 2454 73 34 an
597 2435 393 53 introduction
1020 2437 76 68 by
1125 2435 139 51 Max
1295 2434 282 52 Farrand.
1657 2434 365 70 Cambridge,
2053 2433 277 54 Harvard

318 2514 321 68 university
667 2531 176 50 press,
876 2515 151 52 1929.

390 2592 1938 50 ix p., 2 l., 59 p. facsims. 32½ ᶜᵐ. (Half-title: Huntington library
317 2649 353 50 publications)

392 2707 234 42 Contains
659 2706 244 41 facsimile
936 2707 52 40 of
1022 2706 208 48 original
1267 2709 98 44 t.-p.:
1427 2707 103 40 The
1563 2707 124 40 book
1721 2707 53 40 of
1808 2709 84 39 the
1924 2708 197 47 general
2156 2708 174 39 lauues

317 2765 98 39 and
445 2765 232 46 libertyes
710 2763 291 48 concerning
1031 2765 82 38 the
1144 2763 308 41 inhabitants
1486 2764 51 40 of
1568 2764 83 40 the
1684 2765 380 47 Massachusets,
2096 2765 233 40 collected

317 2823 86 38 out
439 2821 52 40 of
525 2823 83 38 the
643 2822 195 39 records
876 2820 52 40 of
964 2822 83 38 the
1082 2821 207 40 General
1326 2822 138 38 court
1499 2820 80 41 for
1614 2821 84 40 the
1736 2822 189 39 several
1960 2830 144 39 years
2141 2821 187 40 wherin

318 2876 2011 50 they were made and established … Cambridge, Printed according to
317 2936 143 38 order
487 2934 53 40 of
565 2936 83 39 the
674 2934 207 40 General
910 2936 152 45 court,
1089 2933 129 42 1648.

390 2992 102 39 The
530 2993 195 46 present
765 2990 219 49 printing
1023 2991 291 46 reproduces
1353 2992 83 39 the
1474 2991 211 48 original
1722 2992 51 39 in
1813 2991 392 49 type-facsimile,
2266 2991 61 48 cf.

317 3048 187 40 Introd.

322 3101 53 52 ©
404 3105 121 48 Aug.
556 3105 38 48 5,
624 3103 141 43 1929;
796 3105 68 40 2c.
893 3105 121 47 Aug.
1044 3104 83 47 14;
1159 3103 82 41 aff.
1277 3104 127 48 Sept.
1435 3104 52 47 9;
1520 3104 42 40 A
1591 3104 146 41 13185;
1797 3106 171 47 Henry
1997 3107 53 38 E.
2082 3105 243 47 Hunting-

392 3163 83 38 ton
514 3161 188 47 library
743 3162 96 38 and
882 3163 80 38 art
1003 3161 200 48 gallery,
1249 3160 97 41 San
1389 3161 206 48 Marino,
1641 3160 145 42 Calif.
1862 3157 69 54 [©
1975 3159 348 50 introduction]

401 3216 282 50 (29-19696)

320 3298 223 63 Meyer,
570 3298 259 54 Richard
859 3298 174 64 Emil,
1064 3303 325 50 1846-1926.

386 3374 267 64 Quimica
690 3374 266 69 popular,
997 3393 105 50 por
1142 3376 51 52 el
1233 3376 103 52 Dr.
1376 3376 252 53 Ricardo
1668 3376 214 69 Meyer.
1961 3377 361 53 Traducción

315 3452 92 52 del
435 3453 223 51 alernán
685 3471 107 49 por
818 3453 263 53 Modesto
1112 3453 293 69 Bargalló.
1471 3454 336 67 Barcelona,
1836 3453 70 56 G.
1936 3453 140 69 Gili,
2108 3457 150 50 1929.

386 3533 750 50 3 p. l., [3]-299 p. illus. 19 ᶜᵐ.
322 3586 1696 54 © Jan. 25, 1929; 1c. Aug. 3; A—Foreign 3852; Gustavo Gili.
400 3646 282 50 (29-20574)

318 3727 280 64 Murphy,
632 3727 155 53 John
818 3729 65 53 P.

392 3806 121 52 The
536 3811 317 48 sacrament
875 3807 65 53 of
961 3808 269 68 baptism,
1253 3809 76 68 by
1353 3809 96 51 the
1471 3807 299 54 Reverend
1794 3809 158 53 John
1975 3809 65 51 P.
2065 3808 260 69 Murphy

384 3883 1661 71 … London, Burns, Oates & Washbourne, ltd. [1929]
