2542 4389
1066 4068 101 52 817

105 415 318 53 American
455 414 162 53 wood
651 415 362 62 preservers’
1045 414 380 55 association.

174 491 1932 74 Proceedings of the 25th annual meeting … Louisville, Ky.,
103 572 265 66 January
393 573 189 64 22-24,
611 573 149 49 1929.
836 571 287 67 Madison,
1147 571 160 67 Wis.,
1336 571 309 52 Democrat
1672 573 264 68 printing
103 592 1979 126 company

293 651 191 65 [ ᶜ1 929]
174 731 1574 49 336, L p. illus., port., map, tables (part fold.) diagrs. 23 ᶜᵐ.
108 786 1996 52 © June 3, 1929; 2c. June 3; aff. June 21; A 9804; Amer. wood preservers’
177 857 142 37 assn.,
343 846 221 47 Chicago.

105 940 248 64 Aymar,
385 939 233 54 Gordon
650 939 325 63 Christian,
1006 945 172 50 1893-

175 1019 96 53 An
312 1019 390 53 introduction
741 1025 59 47 to
841 1019 357 68 advertising
1238 1019 371 68 illustration,
1648 1021 75 69 by
1762 1018 238 56 Gordon
2040 1019 61 55 C.

105 1096 1866 70 Aymar … New York, London, Harper & brothers, 1929.
173 1177 1589 50 xiii p., 1 l. , 236 p. col. front., illus., plates, diagrs. 24 ᶜᵐ.
174 1235 163 43 “First
366 1234 228 43 edition.”

109 1290 1812 52 © May 15, 1929; 2c. May 15; aff. May 17; A 8187; Harper & bros.
187 1350 281 51 (29-26565)

105 1445 289 66 Babcock,
428 1444 227 54 Donald
692 1445 62 54 C.

235 1521 1873 68 … Man and social achievement; an introduction to social
104 1599 1997 71 evolution, by Donald C. Babcock … New York, London [etc.]
103 1681 345 69 Longmans,
477 1678 187 56 Green
693 1679 114 53 and
836 1697 98 46 co.,
965 1681 150 50 1929.

175 1762 1618 50 xi p., 1 l. , 546 p. 20 ᶜᵐ. (Longmans’ social science series)
177 1820 162 41 “First
372 1819 227 41 edition.”

174 1876 256 48 Appendix
462 1875 221 41 contains
718 1875 319 48 “Readings”.

111 1929 1973 53 © Apr. 25, 1929; 2c. and aff. May 29; A 8387 ; Longmans, Green and co.
189 1990 281 49 (29-12201)

107 2086 331 62 Baumann,
478 2084 283 55 Gustave.

177 2162 181 69 Chips
393 2161 90 54 an’
515 2162 289 68 shavings,
839 2178 209 52 among
1080 2161 205 67 which,
1319 2181 31 33 a
1384 2162 246 54 Hoosier
1664 2169 298 63 carpenter
1995 2165 113 53 and

105 2241 89 53 his
243 2241 193 52 friend
482 2240 95 53 the
624 2240 221 68 barber,
892 2240 286 53 discourse
1225 2258 68 34 on
1345 2240 396 70 hair-register
1788 2243 113 52 and
1948 2243 162 53 other

106 2319 321 53 intricacies
457 2318 67 53 of
552 2318 96 53 the
679 2319 154 52 color
864 2318 312 65 wood-cut;
1213 2318 140 52 with
1386 2318 159 54 three
1579 2320 309 55 wood-cuts
1921 2321 60 52 in
2013 2322 95 52 the

106 2398 158 68 early
303 2397 249 53 Indiana
591 2415 239 34 manner
869 2396 110 53 and
1023 2415 32 33 a
1097 2396 112 52 few
1249 2397 190 52 studio
1480 2403 203 47 secrets
1736 2398 154 68 (cum
1929 2418 179 50 grano

107 2475 152 66 salis,
295 2494 60 34 as
391 2475 136 68 they
561 2475 135 52 used
733 2479 57 48 to
827 2474 128 68 say)
1000 2474 77 69 by
1113 2474 253 54 Gustave
1402 2477 317 50 Baumann.
1796 2476 179 55 Santa
2011 2478 98 65 Fe,

106 2554 69 54 N.
206 2554 99 67 M.,
392 2554 189 52 Velarde
609 2571 175 50 press,
817 2555 149 50 1929.

181 2635 781 51 [12] p. incl. front., illus. 20 ᶜᵐ.
180 2694 332 47 “Hand-press
544 2692 375 41 edition—100.”
980 2691 118 41 This
1128 2703 119 37 copy
1277 2693 84 39 not
1389 2694 276 41 numbered.

114 2746 52 52 ©
191 2752 114 46 May
328 2749 230 48 15,1929;
584 2749 67 41 2c.
673 2750 127 39 June
823 2750 23 38 1;
901 2748 81 41 aff.
1008 2751 115 46 May
1143 2750 53 40 31;
1251 2750 39 38 A
1315 2750 115 39 9418;
1484 2750 53 41 G.
1561 2751 270 48 Baumann,
1855 2753 151 41 Santa
2030 2755 80 47 Fe,

180 2808 57 40 N.
259 2809 63 38 M.
393 2806 281 49 (29-12214)

114 2901 244 63 Baxter,
399 2899 264 55 Garrett.

184 2976 258 70 Slavery,
473 2977 75 69 by
581 2975 237 56 Garrett
851 2978 232 52 Baxter.
1160 2977 286 67 [Norfolk,
1480 2977 126 68 Va.]
1645 2979 124 53 The
1802 2981 306 54 Economic

113 3074 173 49 press,
321 3057 152 51 1929.

181 3137 29 39 2
236 3148 43 37 p.
331 3167 22 16 l.,
382 3135 89 42 100
496 3147 43 38 p.
629 3136 86 40 16ᶜᵐ.

116 3191 52 52 ©
194 3196 115 47 May
331 3194 70 48 23,
425 3193 141 47 1929;
593 3193 66 41 2c.
686 3195 93 38 and
806 3193 83 41 aff.
916 3195 114 46 May
1055 3194 52 39 31;
1166 3194 39 39 A
1229 3194 114 40 9368;
1400 3195 52 39 G.
1478 3195 197 48 Baxter,
1703 3197 219 46 Norfolk,
1946 3199 87 40 Va.

194 3251 281 50 (29-12362)

115 3347 243 62 Baxter,
391 3345 225 64 George
646 3345 197 54 Owen.

182 3424 175 70 Tiger
406 3443 149 48 man,
605 3423 77 69 by
735 3423 222 67 George
1011 3423 176 55 Owen
1241 3425 232 51 Baxter.
1566 3426 138 52 New
1759 3427 179 71 York,
1992 3430 120 52 The

111 3502 820 62 Macaulay company [ ᶜ1 929]
181 3583 274 50 309 p. 19½ ᶜᵐ.
119 3639 52 52 ©
198 3643 113 39 Feb.
334 3642 56 40 15,
428 3641 140 47 1929;
596 3641 67 41 2c.
690 3641 126 40 June
841 3641 24 39 1;
920 3640 83 40 aff.
1030 3641 126 40 June
1181 3641 27 38 4;
1261 3641 41 39 A
1328 3641 112 40 8463;
1498 3643 258 48 Macaulay
1783 3655 67 30 co.
198 3698 280 50 (29-12129)

118 3795 222 63 Bayne,
373 3793 261 64 Stephen
667 3791 287 65 Fielding.

187 3868 1866 75 The Bayne-Sylvester arithmetic, by Stephen F. Bayne …
120 3946 1994 70 and Emma Sylvester … assisted by Ruth T. Fitzell … 5th
