<alto xmlns="http://www.loc.gov/standards/alto/ns-v3#" xmlns:xlink="http://www.w3.org/1999/xlink" xmlns:xsi="http://www.w3.org/2001/XMLSchema-instance" xsi:schemaLocation="http://www.loc.gov/standards/alto/ns-v3# http://www.loc.gov/alto/v3/alto-3-0.xsd"><Description>
<MeasurementUnit>pixel</MeasurementUnit>
<sourceImageInformation>
<fileName>1929_v26_part001.pdf</fileName>
</sourceImageInformation>
<OCRProcessing ID="IdOcr">
<ocrProcessingStep>
<processingDateTime>2019-04-18</processingDateTime>
<processingSoftware>
<softwareCreator>ABBYY</softwareCreator>
<softwareName>ABBYY Recognition Server</softwareName>
<softwareVersion>4.0</softwareVersion>
</processingSoftware>
</ocrProcessingStep>
</OCRProcessing>
</Description>
<Styles>
<ParagraphStyle ID="StyleId-FFFFFFFF-FFFF-FFFF-FFFF-FFFFFFFFFFFF-" ALIGN="Left" LEFT="0." RIGHT="0." FIRSTLINE="0."/>
<ParagraphStyle ID="StyleId-11A520CB-49B0-4D42-A675-089886D5B704-" ALIGN="Center" LEFT="0." RIGHT="0." FIRSTLINE="0." LINESPACE="7.699999809"/>
<ParagraphStyle ID="StyleId-2AEC4724-E584-48A1-8E6D-86B1AA154223-" ALIGN="Left" LEFT="0." RIGHT="0." FIRSTLINE="0." LINESPACE="12.19999981"/>
<ParagraphStyle ID="StyleId-5ADCDE1D-F34B-405C-A765-E9B51F6229BD-" ALIGN="Left" LEFT="0." RIGHT="0." FIRSTLINE="-13." LINESPACE="8.050000191"/>
<ParagraphStyle ID="StyleId-D0AEFB96-F81D-4367-8545-C0AC945FA34C-" ALIGN="Block" LEFT="0." RIGHT="0." FIRSTLINE="-13." LINESPACE="8.899999619"/>
<ParagraphStyle ID="StyleId-9A3BB592-4BA4-4F85-B157-B9A7F1FC9680-" ALIGN="Left" LEFT="0." RIGHT="0." FIRSTLINE="0."/>
<ParagraphStyle ID="StyleId-E9D6144A-CFDC-4919-911D-02B0461DB967-" ALIGN="Left" LEFT="0." RIGHT="0." FIRSTLINE="-13." LINESPACE="23.43000031"/>
<ParagraphStyle ID="StyleId-EEECFC68-AAC5-42B1-B3BF-987799B5B74A-" ALIGN="Block" LEFT="0." RIGHT="0." FIRSTLINE="0." LINESPACE="23.43000031"/>
<ParagraphStyle ID="StyleId-98D20B11-A9BB-4FAB-8DC8-DC8C43F3755E-" ALIGN="Left" LEFT="0." RIGHT="0." FIRSTLINE="0." LINESPACE="10.5"/>
<ParagraphStyle ID="StyleId-C279DBAD-2656-4352-93E6-C942618B09B1-" ALIGN="Block" LEFT="0." RIGHT="0." FIRSTLINE="-13." LINESPACE="8.770000458"/>
<ParagraphStyle ID="StyleId-A539B2D0-654F-45BA-9385-D7E681D9BD87-" ALIGN="Block" LEFT="0." RIGHT="0." FIRSTLINE="0." LINESPACE="8.18999958"/>
<ParagraphStyle ID="StyleId-CFE66565-54F2-45CF-9511-65151219B0BC-" ALIGN="Left" LEFT="0." RIGHT="0." FIRSTLINE="-12." LINESPACE="12.19999981"/>
<ParagraphStyle ID="StyleId-37B60A95-D7B9-4720-9D46-F2E763AAD699-" ALIGN="Block" LEFT="0." RIGHT="0." FIRSTLINE="0." LINESPACE="12.19999981"/>
<ParagraphStyle ID="StyleId-255154CA-71AA-47B9-A5EB-ED90642010CE-" ALIGN="Block" LEFT="0." RIGHT="0." FIRSTLINE="13." LINESPACE="7.900000095"/>
<ParagraphStyle ID="StyleId-4618FB06-20CA-4F95-9CA2-829603EE887D-" ALIGN="Block" LEFT="0." RIGHT="0." FIRSTLINE="0." LINESPACE="10."/>
<ParagraphStyle ID="StyleId-61F9B98E-BA82-4DCF-809A-0C5481162321-" ALIGN="Left" LEFT="0." RIGHT="0." FIRSTLINE="-13." LINESPACE="8.479999542"/>
<ParagraphStyle ID="StyleId-16A4FB0C-4CB7-44C8-846E-AF89DD76FC73-" ALIGN="Left" LEFT="0." RIGHT="0." FIRSTLINE="0." LINESPACE="11.10000038"/>
<ParagraphStyle ID="StyleId-8CC01B24-9D1D-45D5-B954-83ECA9EA3425-" ALIGN="Left" LEFT="0." RIGHT="0." FIRSTLINE="-13." LINESPACE="8.050000191"/>
<ParagraphStyle ID="StyleId-3DB8CD3F-AD17-4DD7-8361-787A6A426C72-" ALIGN="Block" LEFT="0." RIGHT="0." FIRSTLINE="13." LINESPACE="7.900000095"/>
</Styles>
<Layout>
<Page ID="Page666" PHYSICAL_IMG_NR="666" HEIGHT="4384" WIDTH="2547">
<TopMargin HEIGHT="342" WIDTH="2547" VPOS="0" HPOS="0">
</TopMargin>
<LeftMargin HEIGHT="3599" WIDTH="310" VPOS="342" HPOS="0">
</LeftMargin>
<RightMargin HEIGHT="3599" WIDTH="205" VPOS="342" HPOS="2342">
</RightMargin>
<BottomMargin HEIGHT="443" WIDTH="2547" VPOS="3941" HPOS="0">
<TextBlock ID="Page666_Block1" HEIGHT="264" WIDTH="534" VPOS="3977" HPOS="1200" LANG="en-US" CS="1" STYLEREFS="StyleId-D8AFBB3A-2D01-4F97-8A4C-F476CF2D8F93-">
<TextLine HEIGHT="48" WIDTH="63" VPOS="3995" HPOS="1286" CS="1">
<String CS="1" CONTENT="666" HEIGHT="48" WIDTH="63" VPOS="3995" HPOS="1286"/>
</TextLine>
</TextBlock>
<GraphicalElement ID="Page666_Block2" HEIGHT="12" WIDTH="521" VPOS="4372" HPOS="2026"/>
</BottomMargin>
<PrintSpace HEIGHT="3599" WIDTH="2032" VPOS="342" HPOS="310">
<TextBlock ID="Page666_Block3" HEIGHT="3599" WIDTH="2032" VPOS="342" HPOS="310" LANG="en-US" CS="1" STYLEREFS="StyleId-6003EB6E-1268-42F8-B3B1-9909048729E2-">
<TextLine HEIGHT="64" WIDTH="807" VPOS="352" HPOS="323" STYLEREFS="StyleId-767CC055-9105-4414-8172-4DC6A25A83F4-">
<String CONTENT="Neal," HEIGHT="63" WIDTH="167" VPOS="353" HPOS="323"/>
<SP HEIGHT="62" WIDTH="34" VPOS="354" HPOS="491"/>
<String CONTENT="Raymond" HEIGHT="63" WIDTH="310" VPOS="353" HPOS="526"/>
<SP HEIGHT="52" WIDTH="37" VPOS="353" HPOS="837"/>
<String CONTENT="Elwood." HEIGHT="54" WIDTH="255" VPOS="352" HPOS="875"/>
</TextLine>
<TextLine HEIGHT="70" WIDTH="1923" VPOS="430" HPOS="397" STYLEREFS="StyleId-4022D66A-B821-40F0-98DF-F47068168C7C-">
<String CONTENT="Short" HEIGHT="53" WIDTH="172" VPOS="433" HPOS="397"/>
<SP HEIGHT="51" WIDTH="35" VPOS="433" HPOS="570"/>
<String CONTENT="laboratory" HEIGHT="67" WIDTH="329" VPOS="433" HPOS="606"/>
<SP HEIGHT="50" WIDTH="30" VPOS="450" HPOS="936"/>
<String CONTENT="course" HEIGHT="33" WIDTH="193" VPOS="450" HPOS="967"/>
<SP HEIGHT="51" WIDTH="33" VPOS="431" HPOS="1161"/>
<String CONTENT="in" HEIGHT="51" WIDTH="54" VPOS="431" HPOS="1195"/>
<SP HEIGHT="48" WIDTH="37" VPOS="449" HPOS="1250"/>
<String CONTENT="general" HEIGHT="66" WIDTH="229" VPOS="431" HPOS="1288"/>
<SP HEIGHT="51" WIDTH="32" VPOS="431" HPOS="1518"/>
<String CONTENT="chemistry," HEIGHT="69" WIDTH="325" VPOS="430" HPOS="1551"/>
<SP HEIGHT="58" WIDTH="31" VPOS="431" HPOS="1877"/>
<String CONTENT="by" HEIGHT="67" WIDTH="76" VPOS="431" HPOS="1909"/>
<SP HEIGHT="68" WIDTH="31" VPOS="430" HPOS="1986"/>
<String CONTENT="Raymond" HEIGHT="68" WIDTH="302" VPOS="430" HPOS="2018"/>
</TextLine>
<TextLine HEIGHT="70" WIDTH="1761" VPOS="508" HPOS="327" STYLEREFS="StyleId-4022D66A-B821-40F0-98DF-F47068168C7C-" CS="1">
<String CONTENT="E." HEIGHT="53" WIDTH="65" VPOS="511" HPOS="327"/>
<SP HEIGHT="54" WIDTH="27" VPOS="510" HPOS="393"/>
<String CONTENT="Neal" HEIGHT="53" WIDTH="142" VPOS="510" HPOS="421"/>
<SP HEIGHT="49" WIDTH="31" VPOS="513" HPOS="564"/>
<String CS="1" CONTENT="&#8230;"/>
<SP HEIGHT="51" WIDTH="80" VPOS="511" HPOS="651"/>
<String CONTENT="New" HEIGHT="51" WIDTH="137" VPOS="511" HPOS="732"/>
<SP HEIGHT="50" WIDTH="27" VPOS="510" HPOS="870"/>
<String CONTENT="York," HEIGHT="59" WIDTH="180" VPOS="509" HPOS="898"/>
<SP HEIGHT="57" WIDTH="24" VPOS="511" HPOS="1079"/>
<String CONTENT="The" HEIGHT="52" WIDTH="120" VPOS="509" HPOS="1104"/>
<SP HEIGHT="52" WIDTH="25" VPOS="509" HPOS="1225"/>
<String CS="1" CONTENT="Macmillan" HEIGHT="52" WIDTH="334" VPOS="508" HPOS="1251"/>
<SP HEIGHT="33" WIDTH="25" VPOS="527" HPOS="1586"/>
<String CONTENT="company," HEIGHT="56" WIDTH="297" VPOS="522" HPOS="1612"/>
<SP HEIGHT="62" WIDTH="28" VPOS="514" HPOS="1910"/>
<String CONTENT="1929." HEIGHT="50" WIDTH="149" VPOS="511" HPOS="1939"/>
</TextLine>
<TextLine HEIGHT="50" WIDTH="873" VPOS="589" HPOS="392" STYLEREFS="StyleId-4022D66A-B821-40F0-98DF-F47068168C7C-" CS="1">
<String CONTENT="viii" HEIGHT="40" WIDTH="87" VPOS="591" HPOS="392"/>
<SP HEIGHT="48" WIDTH="27" VPOS="591" HPOS="480"/>
<String CONTENT="p.," HEIGHT="37" WIDTH="56" VPOS="602" HPOS="508"/>
<SP HEIGHT="47" WIDTH="26" VPOS="591" HPOS="565"/>
<String CONTENT="2" HEIGHT="38" WIDTH="25" VPOS="591" HPOS="592"/>
<SP/>
<String CS="1" CONTENT="l.,"/>
<SP/>
<String CS="1" CONTENT="106" HEIGHT="39" WIDTH="57" VPOS="590" HPOS="720"/>
<SP HEIGHT="48" WIDTH="26" VPOS="590" HPOS="807"/>
<String CONTENT="p." HEIGHT="36" WIDTH="43" VPOS="602" HPOS="834"/>
<SP HEIGHT="39" WIDTH="56" VPOS="590" HPOS="878"/>
<String CS="1" CONTENT="illus."/>
<SP HEIGHT="41" WIDTH="56" VPOS="590" HPOS="1063"/>
<String CS="1" CONTENT="19&#189;" HEIGHT="40" WIDTH="57" VPOS="589" HPOS="1120"/>
<String STYLE="superscript" CS="1" CONTENT="&#7580;&#7504;"/>
<String CONTENT="." HEIGHT="9" WIDTH="8" VPOS="621" HPOS="1257"/>
</TextLine>
<TextLine HEIGHT="50" WIDTH="1927" VPOS="658" HPOS="394" CS="1">
<String CONTENT="&#8220;The" HEIGHT="39" WIDTH="129" VPOS="661" HPOS="394"/>
<SP HEIGHT="29" WIDTH="31" VPOS="671" HPOS="524"/>
<String CONTENT="experiments" HEIGHT="49" WIDTH="328" VPOS="659" HPOS="556"/>
<SP HEIGHT="29" WIDTH="36" VPOS="670" HPOS="885"/>
<String CS="1" CONTENT="&#8230;"/>
<SP HEIGHT="38" WIDTH="37" VPOS="660" HPOS="969"/>
<String CONTENT="have" HEIGHT="39" WIDTH="124" VPOS="660" HPOS="1007"/>
<SP HEIGHT="38" WIDTH="31" VPOS="660" HPOS="1132"/>
<String CONTENT="been" HEIGHT="38" WIDTH="117" VPOS="660" HPOS="1164"/>
<SP HEIGHT="38" WIDTH="35" VPOS="660" HPOS="1282"/>
<String CONTENT="devised" HEIGHT="39" WIDTH="196" VPOS="659" HPOS="1318"/>
<SP HEIGHT="39" WIDTH="33" VPOS="659" HPOS="1515"/>
<String CONTENT="to" HEIGHT="37" WIDTH="48" VPOS="661" HPOS="1549"/>
<SP HEIGHT="30" WIDTH="34" VPOS="668" HPOS="1598"/>
<String CONTENT="supplement" HEIGHT="47" WIDTH="303" VPOS="659" HPOS="1633"/>
<SP HEIGHT="36" WIDTH="35" VPOS="661" HPOS="1937"/>
<String CONTENT="the" HEIGHT="38" WIDTH="83" VPOS="659" HPOS="1973"/>
<SP HEIGHT="27" WIDTH="32" VPOS="670" HPOS="2057"/>
<String CONTENT="study" HEIGHT="47" WIDTH="146" VPOS="659" HPOS="2090"/>
<SP HEIGHT="37" WIDTH="34" VPOS="669" HPOS="2237"/>
<String CONTENT="of" HEIGHT="40" WIDTH="49" VPOS="658" HPOS="2272"/>
</TextLine>
<TextLine HEIGHT="49" WIDTH="1985" VPOS="715" HPOS="337" CS="1">
<String CS="1" CONTENT="&#8216;The" HEIGHT="38" WIDTH="101" VPOS="718" HPOS="337"/>
<SP HEIGHT="36" WIDTH="39" VPOS="728" HPOS="439"/>
<String CONTENT="principles" HEIGHT="47" WIDTH="261" VPOS="717" HPOS="479"/>
<SP HEIGHT="28" WIDTH="41" VPOS="727" HPOS="741"/>
<String CONTENT="of" HEIGHT="39" WIDTH="52" VPOS="716" HPOS="783"/>
<SP HEIGHT="39" WIDTH="38" VPOS="716" HPOS="836"/>
<String CONTENT="chemistry" HEIGHT="47" WIDTH="264" VPOS="716" HPOS="875"/>
<SP HEIGHT="37" WIDTH="40" VPOS="726" HPOS="1140"/>
<String CONTENT="and" HEIGHT="38" WIDTH="96" VPOS="717" HPOS="1181"/>
<SP HEIGHT="38" WIDTH="42" VPOS="717" HPOS="1278"/>
<String CONTENT="their" HEIGHT="39" WIDTH="129" VPOS="716" HPOS="1321"/>
<SP HEIGHT="28" WIDTH="40" VPOS="726" HPOS="1451"/>
<String CS="1" CONTENT="application&#8217;," HEIGHT="48" WIDTH="327" VPOS="715" HPOS="1492"/>
<SP HEIGHT="46" WIDTH="42" VPOS="716" HPOS="1820"/>
<String CONTENT="by" HEIGHT="46" WIDTH="60" VPOS="716" HPOS="1863"/>
<SP HEIGHT="47" WIDTH="42" VPOS="715" HPOS="1924"/>
<String CONTENT="Bartlett" HEIGHT="39" WIDTH="213" VPOS="715" HPOS="1967"/>
<SP HEIGHT="36" WIDTH="45" VPOS="718" HPOS="2181"/>
<String CONTENT="and" HEIGHT="38" WIDTH="95" VPOS="716" HPOS="2227"/>
</TextLine>
<TextLine HEIGHT="42" WIDTH="328" VPOS="773" HPOS="324">
<String LANG="en-US" CONTENT="Ink.&#8221;&#8212;" HEIGHT="41" WIDTH="195" VPOS="774" HPOS="324"/>
<String LANG="fr" CONTENT="Bref." HEIGHT="42" WIDTH="134" VPOS="773" HPOS="518"/>
</TextLine>
<TextLine HEIGHT="52" WIDTH="1660" VPOS="840" HPOS="325" CS="1">
<String CONTENT="&#169;" HEIGHT="52" WIDTH="52" VPOS="840" HPOS="325"/>
<SP HEIGHT="52" WIDTH="29" VPOS="840" HPOS="378"/>
<String CS="1" CONTENT="May" HEIGHT="37" WIDTH="75" VPOS="847" HPOS="408"/>
<SP HEIGHT="39" WIDTH="31" VPOS="846" HPOS="519"/>
<String CS="1" CONTENT="1," HEIGHT="37" WIDTH="22" VPOS="846" HPOS="551"/>
<SP HEIGHT="41" WIDTH="32" VPOS="846" HPOS="590"/>
<String CS="1" CONTENT="1929;" HEIGHT="38" WIDTH="112" VPOS="845" HPOS="623"/>
<SP HEIGHT="39" WIDTH="30" VPOS="846" HPOS="762"/>
<String CONTENT="2c." HEIGHT="38" WIDTH="68" VPOS="846" HPOS="793"/>
<SP HEIGHT="30" WIDTH="29" VPOS="854" HPOS="862"/>
<String CONTENT="and" HEIGHT="38" WIDTH="95" VPOS="845" HPOS="892"/>
<SP HEIGHT="38" WIDTH="28" VPOS="845" HPOS="988"/>
<String CONTENT="aff." HEIGHT="41" WIDTH="81" VPOS="844" HPOS="1017"/>
<SP HEIGHT="39" WIDTH="31" VPOS="846" HPOS="1099"/>
<String CS="1" CONTENT="May" HEIGHT="37" WIDTH="77" VPOS="846" HPOS="1131"/>
<SP HEIGHT="40" WIDTH="27" VPOS="844" HPOS="1245"/>
<String CONTENT="2;" HEIGHT="41" WIDTH="53" VPOS="844" HPOS="1273"/>
<SP HEIGHT="42" WIDTH="32" VPOS="843" HPOS="1327"/>
<!-- cceid 9799AD19-6CFA-1014-9C3C-CEA95E7AA542 --><String CONTENT="A" HEIGHT="39" WIDTH="41" VPOS="843" HPOS="1360"/>
<SP HEIGHT="40" WIDTH="28" VPOS="843" HPOS="1402"/>
<String CONTENT="6883;" HEIGHT="42" WIDTH="141" VPOS="843" HPOS="1431"/>
<SP HEIGHT="41" WIDTH="31" VPOS="844" HPOS="1573"/>
<String CS="1" CONTENT="Macmillan" HEIGHT="39" WIDTH="284" VPOS="843" HPOS="1605"/>
<SP HEIGHT="29" WIDTH="27" VPOS="854" HPOS="1890"/>
<String CONTENT="co." HEIGHT="30" WIDTH="67" VPOS="853" HPOS="1918"/>
</TextLine>
<TextLine HEIGHT="47" WIDTH="281" VPOS="900" HPOS="403" CS="1">
<String CS="1" CONTENT="(29-10578)" HEIGHT="47" WIDTH="281" VPOS="900" HPOS="403"/>
</TextLine>
<TextLine HEIGHT="63" WIDTH="639" VPOS="994" HPOS="325" STYLEREFS="StyleId-767CC055-9105-4414-8172-4DC6A25A83F4-">
<String CONTENT="North," HEIGHT="59" WIDTH="215" VPOS="995" HPOS="325"/>
<SP HEIGHT="59" WIDTH="36" VPOS="995" HPOS="541"/>
<String CONTENT="John," HEIGHT="63" WIDTH="176" VPOS="994" HPOS="578"/>
<SP HEIGHT="56" WIDTH="39" VPOS="1001" HPOS="755"/>
<String CONTENT="1894-" HEIGHT="49" WIDTH="169" VPOS="999" HPOS="795"/>
</TextLine>
<TextLine HEIGHT="69" WIDTH="1936" VPOS="1070" HPOS="390" STYLEREFS="StyleId-4022D66A-B821-40F0-98DF-F47068168C7C-">
<String CONTENT="Patricia" HEIGHT="52" WIDTH="256" VPOS="1071" HPOS="390"/>
<SP HEIGHT="52" WIDTH="44" VPOS="1071" HPOS="647"/>
<String CONTENT="lacked" HEIGHT="52" WIDTH="199" VPOS="1070" HPOS="692"/>
<SP HEIGHT="51" WIDTH="47" VPOS="1071" HPOS="892"/>
<String CONTENT="a" HEIGHT="34" WIDTH="30" VPOS="1088" HPOS="940"/>
<SP HEIGHT="52" WIDTH="45" VPOS="1070" HPOS="971"/>
<String CONTENT="lover;" HEIGHT="61" WIDTH="183" VPOS="1070" HPOS="1017"/>
<SP HEIGHT="42" WIDTH="48" VPOS="1089" HPOS="1201"/>
<String CONTENT="a" HEIGHT="33" WIDTH="27" VPOS="1089" HPOS="1250"/>
<SP HEIGHT="33" WIDTH="49" VPOS="1089" HPOS="1278"/>
<String CONTENT="comedy" HEIGHT="68" WIDTH="233" VPOS="1071" HPOS="1328"/>
<SP HEIGHT="68" WIDTH="45" VPOS="1071" HPOS="1562"/>
<String CONTENT="in" HEIGHT="51" WIDTH="60" VPOS="1071" HPOS="1608"/>
<SP HEIGHT="33" WIDTH="43" VPOS="1089" HPOS="1669"/>
<String CONTENT="six" HEIGHT="52" WIDTH="87" VPOS="1070" HPOS="1713"/>
<SP HEIGHT="51" WIDTH="45" VPOS="1071" HPOS="1801"/>
<String CONTENT="days," HEIGHT="68" WIDTH="158" VPOS="1071" HPOS="1847"/>
<SP HEIGHT="66" WIDTH="40" VPOS="1070" HPOS="2006"/>
<String CONTENT="by" HEIGHT="69" WIDTH="74" VPOS="1070" HPOS="2047"/>
<SP HEIGHT="68" WIDTH="44" VPOS="1071" HPOS="2122"/>
<String CONTENT="John" HEIGHT="54" WIDTH="159" VPOS="1070" HPOS="2167"/>
</TextLine>
<TextLine HEIGHT="69" WIDTH="1530" VPOS="1147" HPOS="321" STYLEREFS="StyleId-4022D66A-B821-40F0-98DF-F47068168C7C-">
<String CONTENT="North." HEIGHT="52" WIDTH="201" VPOS="1149" HPOS="321"/>
<SP HEIGHT="52" WIDTH="75" VPOS="1149" HPOS="523"/>
<String CONTENT="New" HEIGHT="52" WIDTH="139" VPOS="1149" HPOS="599"/>
<SP HEIGHT="53" WIDTH="25" VPOS="1147" HPOS="739"/>
<String CONTENT="York," HEIGHT="66" WIDTH="179" VPOS="1147" HPOS="765"/>
<SP HEIGHT="65" WIDTH="22" VPOS="1148" HPOS="945"/>
<String CONTENT="Duffield" HEIGHT="53" WIDTH="245" VPOS="1148" HPOS="968"/>
<SP HEIGHT="52" WIDTH="25" VPOS="1149" HPOS="1214"/>
<String CONTENT="and" HEIGHT="51" WIDTH="111" VPOS="1149" HPOS="1240"/>
<SP HEIGHT="51" WIDTH="24" VPOS="1149" HPOS="1352"/>
<String CONTENT="company," HEIGHT="50" WIDTH="298" VPOS="1166" HPOS="1377"/>
<SP HEIGHT="62" WIDTH="26" VPOS="1152" HPOS="1676"/>
<String CONTENT="1929." HEIGHT="49" WIDTH="148" VPOS="1150" HPOS="1703"/>
</TextLine>
<TextLine HEIGHT="48" WIDTH="368" VPOS="1231" HPOS="390" CS="1">
<String CS="1" CONTENT="286" HEIGHT="37" WIDTH="26" VPOS="1233" HPOS="390"/>
<SP HEIGHT="47" WIDTH="30" VPOS="1232" HPOS="477"/>
<String CONTENT="p." HEIGHT="37" WIDTH="43" VPOS="1242" HPOS="508"/>
<SP HEIGHT="40" WIDTH="59" VPOS="1232" HPOS="552"/>
<String CS="1" CONTENT="19&#189;" HEIGHT="40" WIDTH="57" VPOS="1231" HPOS="612"/>
<String STYLE="superscript" CS="1" CONTENT="&#7580;&#7504;"/>
<String CONTENT="." HEIGHT="9" WIDTH="8" VPOS="1263" HPOS="750"/>
</TextLine>
<TextLine HEIGHT="79" WIDTH="1724" VPOS="1270" HPOS="325" CS="1">
<String CONTENT="&#169;" HEIGHT="51" WIDTH="51" VPOS="1298" HPOS="325"/>
<SP HEIGHT="51" WIDTH="28" VPOS="1298" HPOS="377"/>
<String CONTENT="May" HEIGHT="42" WIDTH="113" VPOS="1303" HPOS="406"/>
<SP HEIGHT="43" WIDTH="25" VPOS="1302" HPOS="520"/>
<String CONTENT="1," HEIGHT="45" WIDTH="40" VPOS="1302" HPOS="546"/>
<SP HEIGHT="44" WIDTH="27" VPOS="1303" HPOS="587"/>
<String CS="1" CONTENT="1929;" HEIGHT="41" WIDTH="141" VPOS="1302" HPOS="615"/>
<SP HEIGHT="42" WIDTH="29" VPOS="1301" HPOS="757"/>
<String CONTENT="2c." HEIGHT="41" WIDTH="65" VPOS="1301" HPOS="787"/>
<SP HEIGHT="40" WIDTH="28" VPOS="1302" HPOS="853"/>
<String CONTENT="May" HEIGHT="46" WIDTH="113" VPOS="1302" HPOS="882"/>
<SP HEIGHT="47" WIDTH="25" VPOS="1301" HPOS="996"/>
<String CONTENT="4;" HEIGHT="42" WIDTH="53" VPOS="1301" HPOS="1022"/>
<SP HEIGHT="33" WIDTH="30" VPOS="1310" HPOS="1076"/>
<String CONTENT="aff." HEIGHT="41" WIDTH="82" VPOS="1300" HPOS="1107"/>
<SP HEIGHT="39" WIDTH="28" VPOS="1302" HPOS="1190"/>
<String CONTENT="May" HEIGHT="45" WIDTH="113" VPOS="1302" HPOS="1219"/>
<SP HEIGHT="46" WIDTH="25" VPOS="1301" HPOS="1333"/>
<String CONTENT="31" HEIGHT="70" WIDTH="56" VPOS="1270" HPOS="1359"/>
<SP HEIGHT="70" WIDTH="25" VPOS="1270" HPOS="1416"/>
<!-- cceid 979A90B6-6CFA-1014-9C3C-CEA95E7AA542 --><String CONTENT="A" HEIGHT="37" WIDTH="40" VPOS="1302" HPOS="1442"/>
<SP HEIGHT="38" WIDTH="28" VPOS="1302" HPOS="1483"/>
<String CONTENT="7897;" HEIGHT="43" WIDTH="139" VPOS="1300" HPOS="1512"/>
<SP HEIGHT="42" WIDTH="31" VPOS="1301" HPOS="1652"/>
<String CONTENT="Duffield" HEIGHT="39" WIDTH="206" VPOS="1301" HPOS="1684"/>
<SP HEIGHT="39" WIDTH="28" VPOS="1301" HPOS="1891"/>
<String CONTENT="&amp;" HEIGHT="39" WIDTH="35" VPOS="1301" HPOS="1920"/>
<SP HEIGHT="40" WIDTH="26" VPOS="1301" HPOS="1956"/>
<String CONTENT="co." HEIGHT="30" WIDTH="66" VPOS="1311" HPOS="1983"/>
</TextLine>
<TextLine HEIGHT="49" WIDTH="281" VPOS="1357" HPOS="402" CS="1">
<String CS="1" CONTENT="(29-10431)" HEIGHT="49" WIDTH="281" VPOS="1357" HPOS="402"/>
</TextLine>
<TextLine HEIGHT="64" WIDTH="937" VPOS="1450" HPOS="325" STYLEREFS="StyleId-767CC055-9105-4414-8172-4DC6A25A83F4-">
<String LANG="en-US" CONTENT="Owen," HEIGHT="62" WIDTH="197" VPOS="1452" HPOS="325"/>
<SP HEIGHT="62" WIDTH="32" VPOS="1452" HPOS="523"/>
<String LANG="en-US" CONTENT="Joseph" HEIGHT="63" WIDTH="220" VPOS="1450" HPOS="556"/>
<SP HEIGHT="52" WIDTH="34" VPOS="1450" HPOS="777"/>
<String LANG="de" CONTENT="Parkes," HEIGHT="63" WIDTH="243" VPOS="1450" HPOS="812"/>
<SP HEIGHT="57" WIDTH="35" VPOS="1456" HPOS="1056"/>
<String LANG="en-US" CONTENT="1886-" HEIGHT="49" WIDTH="170" VPOS="1455" HPOS="1092"/>
</TextLine>
<TextLine HEIGHT="70" WIDTH="1869" VPOS="1528" HPOS="395" STYLEREFS="StyleId-4022D66A-B821-40F0-98DF-F47068168C7C-" CS="1">
<String CONTENT="The" HEIGHT="51" WIDTH="121" VPOS="1531" HPOS="395"/>
<SP HEIGHT="34" WIDTH="22" VPOS="1548" HPOS="517"/>
<String CONTENT="unchanging" HEIGHT="68" WIDTH="371" VPOS="1530" HPOS="540"/>
<SP HEIGHT="68" WIDTH="22" VPOS="1529" HPOS="912"/>
<String CONTENT="God," HEIGHT="57" WIDTH="146" VPOS="1529" HPOS="935"/>
<SP HEIGHT="37" WIDTH="21" VPOS="1549" HPOS="1082"/>
<String CONTENT="and" HEIGHT="51" WIDTH="110" VPOS="1530" HPOS="1104"/>
<SP HEIGHT="51" WIDTH="25" VPOS="1530" HPOS="1215"/>
<String CONTENT="other" HEIGHT="52" WIDTH="161" VPOS="1529" HPOS="1241"/>
<SP HEIGHT="32" WIDTH="23" VPOS="1548" HPOS="1403"/>
<String CONTENT="sermons," HEIGHT="36" WIDTH="267" VPOS="1548" HPOS="1427"/>
<SP HEIGHT="53" WIDTH="22" VPOS="1531" HPOS="1695"/>
<String CONTENT="by" HEIGHT="67" WIDTH="75" VPOS="1531" HPOS="1718"/>
<SP HEIGHT="68" WIDTH="21" VPOS="1530" HPOS="1794"/>
<String CONTENT="Joseph" HEIGHT="67" WIDTH="213" VPOS="1530" HPOS="1816"/>
<SP HEIGHT="53" WIDTH="27" VPOS="1528" HPOS="2030"/>
<String CONTENT="Owen" HEIGHT="53" WIDTH="178" VPOS="1528" HPOS="2058"/>
<SP HEIGHT="34" WIDTH="27" VPOS="1548" HPOS="2237"/>
<String CS="1" CONTENT="&#8230;"/>
</TextLine>
<TextLine HEIGHT="68" WIDTH="1793" VPOS="1608" HPOS="328" STYLEREFS="StyleId-4022D66A-B821-40F0-98DF-F47068168C7C-" CS="1">
<String CONTENT="University" HEIGHT="68" WIDTH="335" VPOS="1608" HPOS="328"/>
<SP HEIGHT="67" WIDTH="28" VPOS="1609" HPOS="664"/>
<String CONTENT="Park," HEIGHT="55" WIDTH="173" VPOS="1608" HPOS="693"/>
<SP HEIGHT="55" WIDTH="25" VPOS="1608" HPOS="867"/>
<String CS="1" CONTENT="Ia.," HEIGHT="39" WIDTH="65" VPOS="1627" HPOS="930"/>
<SP HEIGHT="58" WIDTH="25" VPOS="1608" HPOS="996"/>
<String CONTENT="John" HEIGHT="51" WIDTH="154" VPOS="1608" HPOS="1022"/>
<SP HEIGHT="51" WIDTH="28" VPOS="1608" HPOS="1177"/>
<String CONTENT="Fletcher" HEIGHT="51" WIDTH="265" VPOS="1608" HPOS="1206"/>
<SP HEIGHT="32" WIDTH="25" VPOS="1627" HPOS="1472"/>
<String CONTENT="college" HEIGHT="66" WIDTH="210" VPOS="1608" HPOS="1498"/>
<SP HEIGHT="49" WIDTH="28" VPOS="1626" HPOS="1709"/>
<String CONTENT="press" HEIGHT="49" WIDTH="157" VPOS="1626" HPOS="1738"/>
<SP HEIGHT="46" WIDTH="32" VPOS="1628" HPOS="1896"/>
<String CS="1" CONTENT="[&#7580;1929" HEIGHT="49" WIDTH="132" VPOS="1610" HPOS="1970"/>
<String STYLE="subscript" CONTENT="]" HEIGHT="33" WIDTH="11" VPOS="1641" HPOS="2110"/>
</TextLine>
<TextLine HEIGHT="49" WIDTH="660" VPOS="1688" HPOS="391" CS="1">
<String CONTENT="7" HEIGHT="38" WIDTH="25" VPOS="1691" HPOS="391"/>
<SP HEIGHT="46" WIDTH="30" VPOS="1691" HPOS="417"/>
<String CONTENT="p." HEIGHT="36" WIDTH="42" VPOS="1701" HPOS="448"/>
<SP/>
<String CS="1" CONTENT="l.,"/>
<SP/>
<String CONTENT="17-174" HEIGHT="40" WIDTH="174" VPOS="1689" HPOS="598"/>
<SP HEIGHT="47" WIDTH="29" VPOS="1690" HPOS="773"/>
<String CONTENT="p." HEIGHT="37" WIDTH="42" VPOS="1700" HPOS="803"/>
<SP HEIGHT="40" WIDTH="58" VPOS="1689" HPOS="846"/>
<String CS="1" CONTENT="20&#189;&#7580;&#7504;." HEIGHT="41" WIDTH="146" VPOS="1688" HPOS="905"/>
</TextLine>
<TextLine HEIGHT="52" WIDTH="1997" VPOS="1756" HPOS="324" CS="1">
<String CONTENT="&#169;" HEIGHT="52" WIDTH="52" VPOS="1756" HPOS="324"/>
<SP HEIGHT="52" WIDTH="32" VPOS="1756" HPOS="377"/>
<String CONTENT="Apr." HEIGHT="46" WIDTH="113" VPOS="1762" HPOS="410"/>
<SP HEIGHT="40" WIDTH="32" VPOS="1762" HPOS="524"/>
<String CS="1" CONTENT="15," HEIGHT="38" WIDTH="54" VPOS="1761" HPOS="557"/>
<SP HEIGHT="42" WIDTH="33" VPOS="1761" HPOS="626"/>
<String CS="1" CONTENT="1929;" HEIGHT="41" WIDTH="140" VPOS="1760" HPOS="660"/>
<SP HEIGHT="41" WIDTH="35" VPOS="1760" HPOS="801"/>
<String CONTENT="2c." HEIGHT="39" WIDTH="67" VPOS="1760" HPOS="837"/>
<SP HEIGHT="28" WIDTH="33" VPOS="1771" HPOS="905"/>
<String CONTENT="and" HEIGHT="39" WIDTH="95" VPOS="1760" HPOS="939"/>
<SP HEIGHT="39" WIDTH="32" VPOS="1760" HPOS="1035"/>
<String CONTENT="aff." HEIGHT="40" WIDTH="81" VPOS="1759" HPOS="1068"/>
<SP HEIGHT="39" WIDTH="33" VPOS="1760" HPOS="1150"/>
<String CONTENT="Apr." HEIGHT="47" WIDTH="113" VPOS="1760" HPOS="1184"/>
<SP HEIGHT="40" WIDTH="33" VPOS="1760" HPOS="1298"/>
<String CONTENT="22;" HEIGHT="41" WIDTH="82" VPOS="1760" HPOS="1332"/>
<SP HEIGHT="41" WIDTH="36" VPOS="1760" HPOS="1415"/>
<!-- cceid 979B7459-6CFA-1014-9C3C-CEA95E7AA542 --><String CONTENT="A" HEIGHT="38" WIDTH="39" VPOS="1760" HPOS="1452"/>
<SP HEIGHT="39" WIDTH="34" VPOS="1760" HPOS="1492"/>
<String CS="1" CONTENT="7616;" HEIGHT="40" WIDTH="81" VPOS="1759" HPOS="1527"/>
<SP HEIGHT="40" WIDTH="36" VPOS="1760" HPOS="1668"/>
<String CONTENT="John" HEIGHT="39" WIDTH="128" VPOS="1760" HPOS="1705"/>
<SP HEIGHT="38" WIDTH="34" VPOS="1761" HPOS="1834"/>
<String CONTENT="Fletcher" HEIGHT="39" WIDTH="224" VPOS="1761" HPOS="1869"/>
<SP HEIGHT="29" WIDTH="34" VPOS="1770" HPOS="2094"/>
<String CONTENT="college." HEIGHT="48" WIDTH="192" VPOS="1760" HPOS="2129"/>
</TextLine>
<TextLine HEIGHT="49" WIDTH="907" VPOS="1815" HPOS="394" CS="1">
<String CONTENT="University" HEIGHT="48" WIDTH="283" VPOS="1816" HPOS="394"/>
<SP HEIGHT="47" WIDTH="28" VPOS="1817" HPOS="678"/>
<String CONTENT="Park," HEIGHT="47" WIDTH="144" VPOS="1816" HPOS="707"/>
<SP HEIGHT="46" WIDTH="31" VPOS="1817" HPOS="852"/>
<String CS="1" CONTENT="I"/>
<String LANG="fr" CONTENT="a." HEIGHT="29" WIDTH="42" VPOS="1826" HPOS="910"/>
<SP HEIGHT="46" WIDTH="66" VPOS="1817" HPOS="953"/>
<String CS="1" CONTENT="(29-10653)" HEIGHT="48" WIDTH="281" VPOS="1815" HPOS="1020"/>
</TextLine>
<TextLine HEIGHT="63" WIDTH="600" VPOS="1910" HPOS="324" STYLEREFS="StyleId-767CC055-9105-4414-8172-4DC6A25A83F4-">
<String CONTENT="Palmer," HEIGHT="59" WIDTH="251" VPOS="1911" HPOS="324"/>
<SP HEIGHT="60" WIDTH="31" VPOS="1910" HPOS="576"/>
<String CONTENT="Gladys" HEIGHT="63" WIDTH="221" VPOS="1910" HPOS="608"/>
<SP HEIGHT="51" WIDTH="28" VPOS="1911" HPOS="830"/>
<String CONTENT="E." HEIGHT="54" WIDTH="65" VPOS="1911" HPOS="859"/>
</TextLine>
<TextLine HEIGHT="70" WIDTH="1867" VPOS="1988" HPOS="398" STYLEREFS="StyleId-4022D66A-B821-40F0-98DF-F47068168C7C-" CS="1">
<String CONTENT="Baseball" HEIGHT="52" WIDTH="259" VPOS="1990" HPOS="398"/>
<SP HEIGHT="50" WIDTH="53" VPOS="1990" HPOS="658"/>
<String CONTENT="for" HEIGHT="50" WIDTH="93" VPOS="1990" HPOS="712"/>
<SP HEIGHT="46" WIDTH="45" VPOS="2009" HPOS="806"/>
<String CONTENT="girls" HEIGHT="65" WIDTH="142" VPOS="1990" HPOS="852"/>
<SP HEIGHT="32" WIDTH="46" VPOS="2009" HPOS="995"/>
<String CONTENT="and" HEIGHT="51" WIDTH="111" VPOS="1991" HPOS="1042"/>
<SP HEIGHT="51" WIDTH="47" VPOS="1991" HPOS="1154"/>
<String CONTENT="women," HEIGHT="43" WIDTH="232" VPOS="2007" HPOS="1202"/>
<SP HEIGHT="59" WIDTH="44" VPOS="1991" HPOS="1435"/>
<String CONTENT="by" HEIGHT="67" WIDTH="73" VPOS="1991" HPOS="1480"/>
<SP HEIGHT="70" WIDTH="46" VPOS="1988" HPOS="1554"/>
<String CONTENT="Gladys" HEIGHT="70" WIDTH="220" VPOS="1988" HPOS="1601"/>
<SP HEIGHT="53" WIDTH="46" VPOS="1990" HPOS="1822"/>
<String CONTENT="E." HEIGHT="53" WIDTH="66" VPOS="1990" HPOS="1869"/>
<SP HEIGHT="53" WIDTH="46" VPOS="1990" HPOS="1936"/>
<String CONTENT="Palmer" HEIGHT="52" WIDTH="231" VPOS="1990" HPOS="1983"/>
<SP HEIGHT="34" WIDTH="50" VPOS="2009" HPOS="2215"/>
<String CS="1" CONTENT="&#8230;"/>
</TextLine>
<TextLine HEIGHT="68" WIDTH="1429" VPOS="2067" HPOS="326" STYLEREFS="StyleId-4022D66A-B821-40F0-98DF-F47068168C7C-" CS="1">
<String CONTENT="New" HEIGHT="51" WIDTH="136" VPOS="2070" HPOS="326"/>
<SP HEIGHT="50" WIDTH="30" VPOS="2069" HPOS="463"/>
<String CONTENT="York." HEIGHT="52" WIDTH="177" VPOS="2069" HPOS="494"/>
<SP HEIGHT="53" WIDTH="28" VPOS="2068" HPOS="672"/>
<String CS="1" CONTENT="A"/>
<String LANG="el" CONTENT="." HEIGHT="9" WIDTH="8" VPOS="2112" HPOS="761"/>
<SP HEIGHT="54" WIDTH="31" VPOS="2067" HPOS="770"/>
<String CONTENT="S." HEIGHT="54" WIDTH="55" VPOS="2067" HPOS="802"/>
<SP HEIGHT="52" WIDTH="29" VPOS="2069" HPOS="858"/>
<String CONTENT="Barnes" HEIGHT="50" WIDTH="218" VPOS="2069" HPOS="888"/>
<SP HEIGHT="32" WIDTH="28" VPOS="2087" HPOS="1107"/>
<String CONTENT="and" HEIGHT="52" WIDTH="107" VPOS="2068" HPOS="1136"/>
<SP HEIGHT="52" WIDTH="32" VPOS="2068" HPOS="1244"/>
<String CONTENT="company," HEIGHT="49" WIDTH="298" VPOS="2086" HPOS="1277"/>
<SP HEIGHT="58" WIDTH="30" VPOS="2072" HPOS="1576"/>
<String CONTENT="1929." HEIGHT="51" WIDTH="148" VPOS="2070" HPOS="1607"/>
</TextLine>
<TextLine HEIGHT="50" WIDTH="1898" VPOS="2149" HPOS="423" CS="1">
<String CS="1" CONTENT="x"/>
<SP HEIGHT="37" WIDTH="19" VPOS="2160" HPOS="423"/>
<String CS="1" CONTENT="p.," HEIGHT="37" WIDTH="29" VPOS="2160" HPOS="443"/>
<SP HEIGHT="41" WIDTH="20" VPOS="2151" HPOS="500"/>
<String CONTENT="1" HEIGHT="36" WIDTH="17" VPOS="2151" HPOS="521"/>
<SP/>
<String CS="1" CONTENT="l.,"/>
<SP/>
<String CONTENT="140" HEIGHT="39" WIDTH="84" VPOS="2149" HPOS="627"/>
<SP HEIGHT="47" WIDTH="17" VPOS="2149" HPOS="712"/>
<String CONTENT="p." HEIGHT="36" WIDTH="42" VPOS="2160" HPOS="730"/>
<SP HEIGHT="40" WIDTH="53" VPOS="2149" HPOS="773"/>
<String CS="1" CONTENT="illus.," HEIGHT="43" WIDTH="142" VPOS="2149" HPOS="827"/>
<SP HEIGHT="42" WIDTH="19" VPOS="2150" HPOS="970"/>
<String CONTENT="diagrs." HEIGHT="47" WIDTH="178" VPOS="2150" HPOS="990"/>
<SP HEIGHT="37" WIDTH="53" VPOS="2150" HPOS="1169"/>
<String CS="1" CONTENT="19&#189;&#7580;&#7504;." HEIGHT="40" WIDTH="145" VPOS="2149" HPOS="1223"/>
<SP HEIGHT="45" WIDTH="62" VPOS="2151" HPOS="1369"/>
<String CS="1" CONTENT="(Half-title:" HEIGHT="47" WIDTH="298" VPOS="2149" HPOS="1432"/>
<SP HEIGHT="38" WIDTH="24" VPOS="2151" HPOS="1731"/>
<String CONTENT="Athletics" HEIGHT="39" WIDTH="241" VPOS="2150" HPOS="1756"/>
<SP HEIGHT="39" WIDTH="15" VPOS="2150" HPOS="1998"/>
<String CONTENT="for" HEIGHT="39" WIDTH="78" VPOS="2150" HPOS="2014"/>
<SP HEIGHT="28" WIDTH="16" VPOS="2160" HPOS="2093"/>
<String CONTENT="women)" HEIGHT="49" WIDTH="211" VPOS="2150" HPOS="2110"/>
</TextLine>
<TextLine HEIGHT="48" WIDTH="692" VPOS="2206" HPOS="396">
<String CONTENT="Bibliography" HEIGHT="46" WIDTH="349" VPOS="2208" HPOS="396"/>
<SP HEIGHT="36" WIDTH="18" VPOS="2218" HPOS="746"/>
<String CONTENT=":" HEIGHT="28" WIDTH="8" VPOS="2218" HPOS="765"/>
<SP HEIGHT="36" WIDTH="31" VPOS="2218" HPOS="774"/>
<String CONTENT="p." HEIGHT="36" WIDTH="44" VPOS="2218" HPOS="806"/>
<SP HEIGHT="39" WIDTH="20" VPOS="2208" HPOS="851"/>
<String CONTENT="139-140." HEIGHT="41" WIDTH="216" VPOS="2206" HPOS="872"/>
</TextLine>
<TextLine HEIGHT="52" WIDTH="1891" VPOS="2260" HPOS="326" CS="1">
<String CONTENT="&#169;" HEIGHT="52" WIDTH="52" VPOS="2260" HPOS="326"/>
<SP HEIGHT="52" WIDTH="23" VPOS="2260" HPOS="379"/>
<String CONTENT="Apr." HEIGHT="47" WIDTH="114" VPOS="2265" HPOS="403"/>
<SP HEIGHT="39" WIDTH="24" VPOS="2265" HPOS="518"/>
<String CS="1" CONTENT="16," HEIGHT="40" WIDTH="68" VPOS="2265" HPOS="543"/>
<SP HEIGHT="40" WIDTH="25" VPOS="2265" HPOS="612"/>
<String CS="1" CONTENT="1929" HEIGHT="38" WIDTH="82" VPOS="2265" HPOS="638"/>
<SP HEIGHT="40" WIDTH="17" VPOS="2265" HPOS="753"/>
<String CONTENT=";" HEIGHT="30" WIDTH="8" VPOS="2275" HPOS="771"/>
<SP HEIGHT="40" WIDTH="26" VPOS="2265" HPOS="780"/>
<String CONTENT="2c." HEIGHT="38" WIDTH="66" VPOS="2265" HPOS="807"/>
<SP HEIGHT="39" WIDTH="25" VPOS="2264" HPOS="874"/>
<String CONTENT="Apr." HEIGHT="47" WIDTH="113" VPOS="2264" HPOS="900"/>
<SP HEIGHT="40" WIDTH="24" VPOS="2264" HPOS="1014"/>
<String CONTENT="22" HEIGHT="39" WIDTH="56" VPOS="2263" HPOS="1039"/>
<SP HEIGHT="41" WIDTH="16" VPOS="2263" HPOS="1096"/>
<String CONTENT=";" HEIGHT="30" WIDTH="9" VPOS="2274" HPOS="1113"/>
<SP HEIGHT="30" WIDTH="26" VPOS="2274" HPOS="1123"/>
<String CONTENT="aff." HEIGHT="40" WIDTH="82" VPOS="2263" HPOS="1150"/>
<SP HEIGHT="39" WIDTH="25" VPOS="2264" HPOS="1233"/>
<String CS="1" CONTENT="May" HEIGHT="38" WIDTH="76" VPOS="2264" HPOS="1259"/>
<SP HEIGHT="40" WIDTH="24" VPOS="2264" HPOS="1374"/>
<String CONTENT="1" HEIGHT="38" WIDTH="23" VPOS="2264" HPOS="1399"/>
<SP HEIGHT="40" WIDTH="20" VPOS="2264" HPOS="1423"/>
<String CS="1" CONTENT=";"/>
<SP HEIGHT="40" WIDTH="28" VPOS="2264" HPOS="1453"/>
<!-- cceid 979C5742-6CFA-1014-9C3C-CEA95E7AA542 --><String CONTENT="A" HEIGHT="38" WIDTH="39" VPOS="2264" HPOS="1482"/>
<SP HEIGHT="39" WIDTH="25" VPOS="2264" HPOS="1522"/>
<String CONTENT="7836" HEIGHT="40" WIDTH="113" VPOS="2263" HPOS="1548"/>
<SP HEIGHT="41" WIDTH="17" VPOS="2263" HPOS="1662"/>
<String CS="1" CONTENT=";"/>
<SP HEIGHT="40" WIDTH="28" VPOS="2264" HPOS="1689"/>
<String CONTENT="A." HEIGHT="39" WIDTH="53" VPOS="2264" HPOS="1718"/>
<SP HEIGHT="40" WIDTH="27" VPOS="2263" HPOS="1772"/>
<String CONTENT="S." HEIGHT="40" WIDTH="45" VPOS="2263" HPOS="1800"/>
<SP HEIGHT="39" WIDTH="25" VPOS="2264" HPOS="1846"/>
<String CONTENT="Barnes" HEIGHT="39" WIDTH="187" VPOS="2264" HPOS="1872"/>
<SP HEIGHT="38" WIDTH="27" VPOS="2265" HPOS="2060"/>
<String CONTENT="&amp;" HEIGHT="38" WIDTH="35" VPOS="2265" HPOS="2088"/>
<SP HEIGHT="38" WIDTH="25" VPOS="2265" HPOS="2124"/>
<String CONTENT="co." HEIGHT="30" WIDTH="67" VPOS="2274" HPOS="2150"/>
</TextLine>
<TextLine HEIGHT="48" WIDTH="280" VPOS="2319" HPOS="405" CS="1">
<String CS="1" CONTENT="(29-10405)" HEIGHT="48" WIDTH="280" VPOS="2319" HPOS="405"/>
</TextLine>
<TextLine HEIGHT="64" WIDTH="1109" VPOS="2415" HPOS="325" STYLEREFS="StyleId-767CC055-9105-4414-8172-4DC6A25A83F4-">
<String LANG="en-US" CONTENT="Pavry," HEIGHT="63" WIDTH="213" VPOS="2416" HPOS="325"/>
<SP HEIGHT="61" WIDTH="28" VPOS="2416" HPOS="539"/>
<String LANG="en-US" CONTENT="Jal" HEIGHT="52" WIDTH="90" VPOS="2415" HPOS="568"/>
<SP HEIGHT="52" WIDTH="29" VPOS="2415" HPOS="659"/>
<String LANG="en-US" CONTENT="Dastur" HEIGHT="51" WIDTH="227" VPOS="2416" HPOS="689"/>
<SP HEIGHT="52" WIDTH="29" VPOS="2417" HPOS="917"/>
<String LANG="la" CONTENT="Curset" HEIGHT="52" WIDTH="213" VPOS="2417" HPOS="947"/>
<String LANG="en-US" CONTENT="ji," HEIGHT="63" WIDTH="66" VPOS="2415" HPOS="1165"/>
<SP HEIGHT="55" WIDTH="31" VPOS="2422" HPOS="1232"/>
<String LANG="en-US" CONTENT="1899-" HEIGHT="49" WIDTH="170" VPOS="2420" HPOS="1264"/>
</TextLine>
<TextLine HEIGHT="60" WIDTH="1934" VPOS="2492" HPOS="394" STYLEREFS="StyleId-4022D66A-B821-40F0-98DF-F47068168C7C-">
<String CONTENT="The" HEIGHT="52" WIDTH="120" VPOS="2493" HPOS="394"/>
<SP HEIGHT="51" WIDTH="28" VPOS="2494" HPOS="515"/>
<String CONTENT="Zoroastrian" HEIGHT="51" WIDTH="360" VPOS="2493" HPOS="544"/>
<SP HEIGHT="51" WIDTH="34" VPOS="2493" HPOS="905"/>
<String CONTENT="doctrine" HEIGHT="51" WIDTH="255" VPOS="2493" HPOS="940"/>
<SP HEIGHT="33" WIDTH="30" VPOS="2511" HPOS="1196"/>
<String CONTENT="of" HEIGHT="51" WIDTH="63" VPOS="2492" HPOS="1227"/>
<SP HEIGHT="52" WIDTH="28" VPOS="2492" HPOS="1291"/>
<String CONTENT="a" HEIGHT="32" WIDTH="24" VPOS="2512" HPOS="1320"/>
<SP HEIGHT="51" WIDTH="37" VPOS="2493" HPOS="1345"/>
<String CONTENT="future" HEIGHT="51" WIDTH="193" VPOS="2493" HPOS="1383"/>
<SP HEIGHT="51" WIDTH="30" VPOS="2493" HPOS="1577"/>
<String CONTENT="life," HEIGHT="59" WIDTH="123" VPOS="2493" HPOS="1608"/>
<SP HEIGHT="59" WIDTH="31" VPOS="2493" HPOS="1732"/>
<String CONTENT="from" HEIGHT="51" WIDTH="147" VPOS="2493" HPOS="1764"/>
<SP HEIGHT="50" WIDTH="33" VPOS="2494" HPOS="1912"/>
<String CONTENT="death" HEIGHT="52" WIDTH="166" VPOS="2492" HPOS="1946"/>
<SP HEIGHT="52" WIDTH="31" VPOS="2492" HPOS="2113"/>
<String CONTENT="to" HEIGHT="44" WIDTH="58" VPOS="2497" HPOS="2145"/>
<SP HEIGHT="46" WIDTH="28" VPOS="2497" HPOS="2204"/>
<String CONTENT="the" HEIGHT="51" WIDTH="95" VPOS="2492" HPOS="2233"/>
</TextLine>
<TextLine HEIGHT="68" WIDTH="1998" VPOS="2570" HPOS="327" STYLEREFS="StyleId-4022D66A-B821-40F0-98DF-F47068168C7C-" CS="1">
<String CONTENT="individual" HEIGHT="52" WIDTH="316" VPOS="2571" HPOS="327"/>
<SP HEIGHT="67" WIDTH="30" VPOS="2571" HPOS="644"/>
<String CONTENT="judgment," HEIGHT="67" WIDTH="320" VPOS="2571" HPOS="675"/>
<SP HEIGHT="61" WIDTH="26" VPOS="2571" HPOS="996"/>
<String CONTENT="by" HEIGHT="67" WIDTH="75" VPOS="2571" HPOS="1023"/>
<SP HEIGHT="67" WIDTH="26" VPOS="2571" HPOS="1099"/>
<String CONTENT="Jal" HEIGHT="51" WIDTH="93" VPOS="2571" HPOS="1126"/>
<SP HEIGHT="51" WIDTH="33" VPOS="2571" HPOS="1220"/>
<String CONTENT="Dastur" HEIGHT="51" WIDTH="217" VPOS="2571" HPOS="1254"/>
<SP HEIGHT="53" WIDTH="30" VPOS="2570" HPOS="1472"/>
<String LANG="la" CONTENT="Curset" HEIGHT="53" WIDTH="192" VPOS="2570" HPOS="1503"/>
<String CONTENT="ji" HEIGHT="68" WIDTH="39" VPOS="2570" HPOS="1710"/>
<SP HEIGHT="51" WIDTH="33" VPOS="2571" HPOS="1750"/>
<String CONTENT="Pavry" HEIGHT="66" WIDTH="195" VPOS="2572" HPOS="1784"/>
<SP HEIGHT="49" WIDTH="34" VPOS="2589" HPOS="1980"/>
<String CS="1" CONTENT="&#8230;"/>
<SP HEIGHT="49" WIDTH="67" VPOS="2572" HPOS="2070"/>
<String CONTENT="2d" HEIGHT="49" WIDTH="71" VPOS="2571" HPOS="2138"/>
<SP HEIGHT="49" WIDTH="31" VPOS="2571" HPOS="2210"/>
<String CONTENT="ed." HEIGHT="51" WIDTH="83" VPOS="2570" HPOS="2242"/>
</TextLine>
<TextLine HEIGHT="68" WIDTH="1413" VPOS="2648" HPOS="325" STYLEREFS="StyleId-4022D66A-B821-40F0-98DF-F47068168C7C-">
<String CONTENT="New" HEIGHT="51" WIDTH="137" VPOS="2649" HPOS="325"/>
<SP HEIGHT="51" WIDTH="29" VPOS="2649" HPOS="463"/>
<String CONTENT="York," HEIGHT="63" WIDTH="179" VPOS="2649" HPOS="493"/>
<SP HEIGHT="64" WIDTH="30" VPOS="2648" HPOS="673"/>
<String CONTENT="Columbia" HEIGHT="53" WIDTH="301" VPOS="2648" HPOS="704"/>
<SP HEIGHT="33" WIDTH="28" VPOS="2667" HPOS="1006"/>
<String CONTENT="university" HEIGHT="67" WIDTH="319" VPOS="2649" HPOS="1035"/>
<SP HEIGHT="50" WIDTH="28" VPOS="2666" HPOS="1355"/>
<String CONTENT="press," HEIGHT="49" WIDTH="173" VPOS="2666" HPOS="1384"/>
<SP HEIGHT="61" WIDTH="31" VPOS="2653" HPOS="1558"/>
<String CONTENT="1929." HEIGHT="49" WIDTH="148" VPOS="2651" HPOS="1590"/>
</TextLine>
<TextLine HEIGHT="48" WIDTH="1930" VPOS="2730" HPOS="396" CS="1">
<String CONTENT="xxviii," HEIGHT="47" WIDTH="168" VPOS="2731" HPOS="396"/>
<SP HEIGHT="46" WIDTH="44" VPOS="2732" HPOS="565"/>
<String CS="1" CONTENT="126" HEIGHT="39" WIDTH="53" VPOS="2731" HPOS="610"/>
<SP HEIGHT="46" WIDTH="41" VPOS="2732" HPOS="695"/>
<String CONTENT="p." HEIGHT="35" WIDTH="42" VPOS="2743" HPOS="737"/>
<SP HEIGHT="40" WIDTH="60" VPOS="2731" HPOS="780"/>
<String CONTENT="23" HEIGHT="39" WIDTH="54" VPOS="2731" HPOS="841"/>
<String STYLE="superscript" CS="1" CONTENT="&#7580;&#7504;"/>
<String CONTENT="." HEIGHT="8" WIDTH="8" VPOS="2762" HPOS="949"/>
<SP HEIGHT="38" WIDTH="69" VPOS="2732" HPOS="958"/>
<String CS="1" CONTENT="(Half-title:" HEIGHT="47" WIDTH="300" VPOS="2731" HPOS="1028"/>
<SP HEIGHT="39" WIDTH="39" VPOS="2731" HPOS="1329"/>
<String CONTENT="Columbia" HEIGHT="39" WIDTH="247" VPOS="2730" HPOS="1369"/>
<SP HEIGHT="29" WIDTH="48" VPOS="2741" HPOS="1617"/>
<String CONTENT="university" HEIGHT="47" WIDTH="273" VPOS="2731" HPOS="1666"/>
<SP HEIGHT="46" WIDTH="44" VPOS="2732" HPOS="1940"/>
<String CS="1" CONTENT="Indo-Iranian" HEIGHT="39" WIDTH="315" VPOS="2731" HPOS="2011"/>
</TextLine>
<TextLine HEIGHT="48" WIDTH="1159" VPOS="2787" HPOS="326" CS="1">
<String CONTENT="series," HEIGHT="43" WIDTH="162" VPOS="2787" HPOS="326"/>
<SP HEIGHT="30" WIDTH="28" VPOS="2800" HPOS="489"/>
<String CONTENT="ed." HEIGHT="39" WIDTH="71" VPOS="2789" HPOS="518"/>
<SP HEIGHT="40" WIDTH="30" VPOS="2788" HPOS="590"/>
<String CONTENT="by" HEIGHT="47" WIDTH="60" VPOS="2788" HPOS="621"/>
<SP HEIGHT="47" WIDTH="27" VPOS="2788" HPOS="682"/>
<String CONTENT="A." HEIGHT="40" WIDTH="53" VPOS="2788" HPOS="710"/>
<SP HEIGHT="40" WIDTH="28" VPOS="2788" HPOS="764"/>
<String CONTENT="V." HEIGHT="40" WIDTH="54" VPOS="2788" HPOS="793"/>
<SP HEIGHT="41" WIDTH="27" VPOS="2787" HPOS="848"/>
<String CS="1" CONTENT="W." HEIGHT="8" WIDTH="8" VPOS="2820" HPOS="940"/>
<SP HEIGHT="40" WIDTH="29" VPOS="2788" HPOS="949"/>
<String CONTENT="Jackson" HEIGHT="38" WIDTH="210" VPOS="2788" HPOS="979"/>
<SP HEIGHT="27" WIDTH="35" VPOS="2799" HPOS="1190"/>
<String CS="1" CONTENT="&#8230;"/>
<SP HEIGHT="28" WIDTH="61" VPOS="2798" HPOS="1272"/>
<String CONTENT="v." HEIGHT="29" WIDTH="42" VPOS="2798" HPOS="1334"/>
<SP HEIGHT="38" WIDTH="28" VPOS="2789" HPOS="1377"/>
<String CONTENT="11)" HEIGHT="41" WIDTH="79" VPOS="2788" HPOS="1406"/>
</TextLine>
<TextLine HEIGHT="48" WIDTH="808" VPOS="2843" HPOS="397">
<String CONTENT="Bibliography:" HEIGHT="48" WIDTH="376" VPOS="2843" HPOS="397"/>
<SP HEIGHT="37" WIDTH="32" VPOS="2854" HPOS="774"/>
<String CONTENT="p." HEIGHT="36" WIDTH="42" VPOS="2855" HPOS="807"/>
<SP HEIGHT="28" WIDTH="29" VPOS="2855" HPOS="850"/>
<String CONTENT="xviii-xxviii." HEIGHT="39" WIDTH="325" VPOS="2844" HPOS="880"/>
</TextLine>
<TextLine HEIGHT="52" WIDTH="1995" VPOS="2896" HPOS="327" CS="1">
<String CONTENT="&#169;" HEIGHT="52" WIDTH="52" VPOS="2896" HPOS="327"/>
<SP HEIGHT="52" WIDTH="27" VPOS="2896" HPOS="380"/>
<String CONTENT="Mar." HEIGHT="40" WIDTH="122" VPOS="2901" HPOS="408"/>
<SP HEIGHT="40" WIDTH="24" VPOS="2901" HPOS="531"/>
<String CONTENT="4," HEIGHT="41" WIDTH="41" VPOS="2901" HPOS="556"/>
<SP HEIGHT="41" WIDTH="25" VPOS="2901" HPOS="598"/>
<String CONTENT="1929" HEIGHT="39" WIDTH="114" VPOS="2900" HPOS="624"/>
<SP HEIGHT="41" WIDTH="17" VPOS="2900" HPOS="739"/>
<String CONTENT=";" HEIGHT="30" WIDTH="8" VPOS="2911" HPOS="757"/>
<SP HEIGHT="40" WIDTH="27" VPOS="2901" HPOS="766"/>
<String CONTENT="2c." HEIGHT="39" WIDTH="67" VPOS="2901" HPOS="794"/>
<SP HEIGHT="40" WIDTH="27" VPOS="2900" HPOS="862"/>
<String CONTENT="Apr." HEIGHT="47" WIDTH="114" VPOS="2900" HPOS="890"/>
<SP HEIGHT="40" WIDTH="25" VPOS="2900" HPOS="1005"/>
<String CS="1" CONTENT="25;" HEIGHT="38" WIDTH="56" VPOS="2900" HPOS="1031"/>
<SP HEIGHT="30" WIDTH="30" VPOS="2910" HPOS="1115"/>
<String CONTENT="aff." HEIGHT="41" WIDTH="82" VPOS="2899" HPOS="1146"/>
<SP HEIGHT="39" WIDTH="27" VPOS="2901" HPOS="1229"/>
<String CONTENT="Mar." HEIGHT="39" WIDTH="121" VPOS="2901" HPOS="1257"/>
<SP HEIGHT="41" WIDTH="27" VPOS="2899" HPOS="1379"/>
<String CS="1" CONTENT="8;" HEIGHT="37" WIDTH="27" VPOS="2899" HPOS="1407"/>
<SP HEIGHT="40" WIDTH="30" VPOS="2900" HPOS="1459"/>
<!-- cceid 979D1B1F-6CFA-1014-9C3C-CEA95E7AA542 --><String CONTENT="A" HEIGHT="38" WIDTH="40" VPOS="2900" HPOS="1490"/>
<SP HEIGHT="39" WIDTH="26" VPOS="2899" HPOS="1531"/>
<String CONTENT="6781;" HEIGHT="46" WIDTH="141" VPOS="2899" HPOS="1558"/>
<SP HEIGHT="47" WIDTH="31" VPOS="2898" HPOS="1700"/>
<String CONTENT="Columbia" HEIGHT="41" WIDTH="249" VPOS="2898" HPOS="1732"/>
<SP HEIGHT="29" WIDTH="31" VPOS="2910" HPOS="1982"/>
<String CONTENT="univ." HEIGHT="39" WIDTH="129" VPOS="2900" HPOS="2014"/>
<SP HEIGHT="36" WIDTH="27" VPOS="2911" HPOS="2144"/>
<String CONTENT="press." HEIGHT="38" WIDTH="150" VPOS="2909" HPOS="2172"/>
</TextLine>
<TextLine HEIGHT="49" WIDTH="280" VPOS="2956" HPOS="404">
<String CONTENT="(29-10518)" HEIGHT="49" WIDTH="280" VPOS="2956" HPOS="404"/>
</TextLine>
<TextLine HEIGHT="62" WIDTH="936" VPOS="3050" HPOS="325" STYLEREFS="StyleId-767CC055-9105-4414-8172-4DC6A25A83F4-">
<String CONTENT="Pettee," HEIGHT="61" WIDTH="226" VPOS="3051" HPOS="325"/>
<SP HEIGHT="61" WIDTH="34" VPOS="3051" HPOS="552"/>
<String CONTENT="Florence" HEIGHT="52" WIDTH="279" VPOS="3050" HPOS="587"/>
<SP HEIGHT="50" WIDTH="33" VPOS="3051" HPOS="867"/>
<String CONTENT="Mae," HEIGHT="58" WIDTH="151" VPOS="3051" HPOS="901"/>
<SP HEIGHT="53" WIDTH="38" VPOS="3056" HPOS="1053"/>
<String CONTENT="1888-" HEIGHT="48" WIDTH="169" VPOS="3055" HPOS="1092"/>
</TextLine>
<TextLine HEIGHT="130" WIDTH="1974" VPOS="3126" HPOS="327" STYLEREFS="StyleId-4022D66A-B821-40F0-98DF-F47068168C7C-" CS="1">
<String CONTENT="The" HEIGHT="51" WIDTH="122" VPOS="3129" HPOS="397"/>
<SP HEIGHT="52" WIDTH="27" VPOS="3128" HPOS="520"/>
<String CONTENT="Palgrave" HEIGHT="66" WIDTH="287" VPOS="3128" HPOS="548"/>
<SP HEIGHT="34" WIDTH="28" VPOS="3145" HPOS="836"/>
<String CONTENT="mummy" HEIGHT="51" WIDTH="254" VPOS="3144" HPOS="865"/>
<SP HEIGHT="51" WIDTH="36" VPOS="3144" HPOS="1120"/>
<String CONTENT="[by]" HEIGHT="68" WIDTH="108" VPOS="3126" HPOS="1157"/>
<SP HEIGHT="65" WIDTH="36" VPOS="3127" HPOS="1266"/>
<String LANG="fr" CONTENT="F." HEIGHT="51" WIDTH="64" VPOS="3127" HPOS="1303"/>
<SP HEIGHT="51" WIDTH="32" VPOS="3127" HPOS="1368"/>
<String CONTENT="M." HEIGHT="52" WIDTH="79" VPOS="3127" HPOS="1401"/>
<SP HEIGHT="52" WIDTH="32" VPOS="3127" HPOS="1481"/>
<String CONTENT="Pettee." HEIGHT="52" WIDTH="211" VPOS="3127" HPOS="1514"/>
<SP HEIGHT="51" WIDTH="66" VPOS="3127" HPOS="1726"/>
<String CONTENT="New" HEIGHT="53" WIDTH="139" VPOS="3127" HPOS="1793"/>
<SP HEIGHT="52" WIDTH="30" VPOS="3127" HPOS="1933"/>
<String CONTENT="York," HEIGHT="58" WIDTH="180" VPOS="3127" HPOS="1964"/>
<SP HEIGHT="57" WIDTH="32" VPOS="3128" HPOS="2145"/>
<String CONTENT="Payson" HEIGHT="128" WIDTH="1974" VPOS="3128" HPOS="327"/>
</TextLine>
<TextLine HEIGHT="68" WIDTH="611" VPOS="3204" HPOS="455" STYLEREFS="StyleId-4022D66A-B821-40F0-98DF-F47068168C7C-">
<String CONTENT="&amp;" HEIGHT="49" WIDTH="43" VPOS="3207" HPOS="455"/>
<SP HEIGHT="54" WIDTH="28" VPOS="3204" HPOS="499"/>
<String CONTENT="Clarke" HEIGHT="54" WIDTH="210" VPOS="3204" HPOS="528"/>
<SP HEIGHT="51" WIDTH="24" VPOS="3206" HPOS="739"/>
<String CONTENT="ltd.," HEIGHT="67" WIDTH="122" VPOS="3205" HPOS="764"/>
<SP HEIGHT="64" WIDTH="29" VPOS="3208" HPOS="887"/>
<String CONTENT="1929." HEIGHT="50" WIDTH="149" VPOS="3207" HPOS="917"/>
</TextLine>
<TextLine HEIGHT="50" WIDTH="661" VPOS="3285" HPOS="398" CS="1">
<String LANG="en-US" CONTENT="3" HEIGHT="37" WIDTH="25" VPOS="3287" HPOS="398"/>
<SP HEIGHT="46" WIDTH="28" VPOS="3287" HPOS="424"/>
<String LANG="la" CONTENT="p." HEIGHT="35" WIDTH="38" VPOS="3298" HPOS="453"/>
<SP/>
<String LANG="la" CS="1" CONTENT="l.,"/>
<SP/>
<String LANG="en-US" CONTENT="265," HEIGHT="44" WIDTH="98" VPOS="3285" HPOS="593"/>
<SP HEIGHT="30" WIDTH="32" VPOS="3305" HPOS="692"/>
<String LANG="en-US" CONTENT="[1]" HEIGHT="49" WIDTH="54" VPOS="3286" HPOS="725"/>
<SP HEIGHT="37" WIDTH="29" VPOS="3297" HPOS="780"/>
<String LANG="en-US" CONTENT="p." HEIGHT="36" WIDTH="42" VPOS="3297" HPOS="810"/>
<SP HEIGHT="39" WIDTH="59" VPOS="3286" HPOS="853"/>
<String LANG="en-US" CS="1" CONTENT="19&#189;" HEIGHT="40" WIDTH="56" VPOS="3285" HPOS="913"/>
<String STYLE="superscript" LANG="en-US" CS="1" CONTENT="&#7580;&#7504;"/>
<String LANG="en-US" CONTENT="." HEIGHT="8" WIDTH="8" VPOS="3318" HPOS="1051"/>
</TextLine>
<TextLine HEIGHT="52" WIDTH="1936" VPOS="3339" HPOS="331" CS="1">
<String CONTENT="&#169;" HEIGHT="52" WIDTH="52" VPOS="3339" HPOS="331"/>
<SP HEIGHT="52" WIDTH="26" VPOS="3339" HPOS="384"/>
<String CS="1" CONTENT="May" HEIGHT="38" WIDTH="76" VPOS="3345" HPOS="411"/>
<SP HEIGHT="38" WIDTH="23" VPOS="3345" HPOS="525"/>
<String CS="1" CONTENT="4," HEIGHT="37" WIDTH="27" VPOS="3345" HPOS="549"/>
<SP HEIGHT="40" WIDTH="26" VPOS="3344" HPOS="589"/>
<String CS="1" CONTENT="1929;" HEIGHT="41" WIDTH="142" VPOS="3343" HPOS="616"/>
<SP HEIGHT="41" WIDTH="27" VPOS="3343" HPOS="759"/>
<String CONTENT="2c." HEIGHT="41" WIDTH="67" VPOS="3343" HPOS="787"/>
<SP HEIGHT="39" WIDTH="27" VPOS="3345" HPOS="855"/>
<String CS="1" CONTENT="May" HEIGHT="37" WIDTH="76" VPOS="3345" HPOS="883"/>
<SP HEIGHT="41" WIDTH="26" VPOS="3342" HPOS="997"/>
<String CS="1" CONTENT="6;"/>
<SP HEIGHT="30" WIDTH="29" VPOS="3353" HPOS="1076"/>
<String CONTENT="aff." HEIGHT="41" WIDTH="82" VPOS="3342" HPOS="1106"/>
<SP HEIGHT="39" WIDTH="26" VPOS="3344" HPOS="1189"/>
<String CONTENT="May" HEIGHT="46" WIDTH="113" VPOS="3344" HPOS="1216"/>
<SP HEIGHT="46" WIDTH="26" VPOS="3344" HPOS="1330"/>
<String CS="1" CONTENT="7;" HEIGHT="38" WIDTH="25" VPOS="3344" HPOS="1357"/>
<SP HEIGHT="40" WIDTH="28" VPOS="3343" HPOS="1410"/>
<!-- cceid 979E042F-6CFA-1014-9C3C-CEA95E7AA542 --><String CONTENT="A" HEIGHT="38" WIDTH="41" VPOS="3343" HPOS="1439"/>
<SP HEIGHT="39" WIDTH="26" VPOS="3343" HPOS="1481"/>
<String CS="1" CONTENT="6982" HEIGHT="40" WIDTH="85" VPOS="3342" HPOS="1537"/>
<SP HEIGHT="42" WIDTH="16" VPOS="3343" HPOS="1623"/>
<String CONTENT=";" HEIGHT="31" WIDTH="8" VPOS="3354" HPOS="1640"/>
<SP HEIGHT="41" WIDTH="29" VPOS="3344" HPOS="1649"/>
<String CONTENT="Payson" HEIGHT="45" WIDTH="191" VPOS="3344" HPOS="1679"/>
<SP HEIGHT="39" WIDTH="26" VPOS="3344" HPOS="1871"/>
<String CONTENT="&amp;" HEIGHT="39" WIDTH="35" VPOS="3344" HPOS="1898"/>
<SP HEIGHT="41" WIDTH="28" VPOS="3343" HPOS="1934"/>
<String CONTENT="Clarke," HEIGHT="41" WIDTH="188" VPOS="3343" HPOS="1963"/>
<SP HEIGHT="39" WIDTH="28" VPOS="3345" HPOS="2152"/>
<String CONTENT="ltd." HEIGHT="40" WIDTH="86" VPOS="3343" HPOS="2181"/>
</TextLine>
<TextLine HEIGHT="48" WIDTH="280" VPOS="3399" HPOS="409">
<String CONTENT="(29-10669)" HEIGHT="48" WIDTH="280" VPOS="3399" HPOS="409"/>
</TextLine>
<TextLine HEIGHT="64" WIDTH="975" VPOS="3492" HPOS="333" STYLEREFS="StyleId-4022D66A-B821-40F0-98DF-F47068168C7C-">
<String CONTENT="Porter," HEIGHT="61" WIDTH="228" VPOS="3495" HPOS="333"/>
<SP HEIGHT="63" WIDTH="30" VPOS="3493" HPOS="562"/>
<String CONTENT="Samuel" HEIGHT="54" WIDTH="237" VPOS="3492" HPOS="593"/>
<SP HEIGHT="53" WIDTH="29" VPOS="3492" HPOS="831"/>
<String CONTENT="Judson," HEIGHT="60" WIDTH="245" VPOS="3493" HPOS="861"/>
<SP HEIGHT="52" WIDTH="31" VPOS="3501" HPOS="1107"/>
<String CONTENT="1870-" HEIGHT="52" WIDTH="169" VPOS="3494" HPOS="1139"/>
</TextLine>
<TextLine HEIGHT="65" WIDTH="1928" VPOS="3569" HPOS="398" STYLEREFS="StyleId-4022D66A-B821-40F0-98DF-F47068168C7C-" CS="1">
<String CONTENT="The" HEIGHT="51" WIDTH="120" VPOS="3571" HPOS="398"/>
<SP HEIGHT="52" WIDTH="33" VPOS="3570" HPOS="519"/>
<String CONTENT="diamond" HEIGHT="52" WIDTH="267" VPOS="3570" HPOS="553"/>
<SP HEIGHT="51" WIDTH="36" VPOS="3570" HPOS="821"/>
<String CONTENT="shield," HEIGHT="58" WIDTH="201" VPOS="3569" HPOS="858"/>
<SP HEIGHT="58" WIDTH="31" VPOS="3569" HPOS="1060"/>
<String CONTENT="by" HEIGHT="65" WIDTH="76" VPOS="3569" HPOS="1092"/>
<SP HEIGHT="65" WIDTH="32" VPOS="3569" HPOS="1169"/>
<String CONTENT="Samuel" HEIGHT="54" WIDTH="230" VPOS="3569" HPOS="1202"/>
<SP HEIGHT="52" WIDTH="31" VPOS="3569" HPOS="1433"/>
<String CONTENT="Judson" HEIGHT="51" WIDTH="220" VPOS="3570" HPOS="1465"/>
<SP HEIGHT="50" WIDTH="36" VPOS="3571" HPOS="1686"/>
<String CONTENT="Porter" HEIGHT="50" WIDTH="204" VPOS="3571" HPOS="1723"/>
<SP HEIGHT="33" WIDTH="37" VPOS="3588" HPOS="1928"/>
<String CS="1" CONTENT="&#8230;"/>
<SP HEIGHT="52" WIDTH="73" VPOS="3570" HPOS="2022"/>
<String CONTENT="Garden" HEIGHT="52" WIDTH="230" VPOS="3570" HPOS="2096"/>
</TextLine>
<TextLine HEIGHT="68" WIDTH="1754" VPOS="3647" HPOS="331" STYLEREFS="StyleId-4022D66A-B821-40F0-98DF-F47068168C7C-">
<String CONTENT="City," HEIGHT="68" WIDTH="151" VPOS="3647" HPOS="331"/>
<SP HEIGHT="56" WIDTH="32" VPOS="3647" HPOS="483"/>
<String LANG="fr" CONTENT="N." HEIGHT="52" WIDTH="68" VPOS="3647" HPOS="516"/>
<SP HEIGHT="50" WIDTH="37" VPOS="3648" HPOS="585"/>
<String CONTENT="Y.," HEIGHT="65" WIDTH="89" VPOS="3648" HPOS="623"/>
<SP HEIGHT="65" WIDTH="31" VPOS="3648" HPOS="713"/>
<String CONTENT="Doubleday," HEIGHT="68" WIDTH="356" VPOS="3647" HPOS="745"/>
<SP HEIGHT="53" WIDTH="32" VPOS="3648" HPOS="1102"/>
<String CONTENT="Doran" HEIGHT="50" WIDTH="194" VPOS="3648" HPOS="1135"/>
<SP HEIGHT="49" WIDTH="36" VPOS="3649" HPOS="1330"/>
<String CONTENT="&amp;" HEIGHT="49" WIDTH="44" VPOS="3649" HPOS="1367"/>
<SP HEIGHT="49" WIDTH="30" VPOS="3649" HPOS="1412"/>
<String CONTENT="company," HEIGHT="51" WIDTH="297" VPOS="3664" HPOS="1443"/>
<SP HEIGHT="61" WIDTH="33" VPOS="3647" HPOS="1741"/>
<String CONTENT="inc.," HEIGHT="66" WIDTH="125" VPOS="3647" HPOS="1775"/>
<SP HEIGHT="63" WIDTH="34" VPOS="3650" HPOS="1901"/>
<String CONTENT="1929." HEIGHT="50" WIDTH="149" VPOS="3649" HPOS="1936"/>
</TextLine>
<TextLine HEIGHT="49" WIDTH="626" VPOS="3728" HPOS="399" CS="1">
<String CONTENT="4" HEIGHT="35" WIDTH="26" VPOS="3732" HPOS="399"/>
<SP/>
<String CONTENT="p." HEIGHT="36" WIDTH="42" VPOS="3741" HPOS="454"/>
<SP/>
<String CS="1" CONTENT="l.,"/>
<SP/>
<String CONTENT="3-154" HEIGHT="39" WIDTH="146" VPOS="3730" HPOS="601"/>
<SP HEIGHT="46" WIDTH="27" VPOS="3730" HPOS="748"/>
<String CONTENT="p." HEIGHT="36" WIDTH="43" VPOS="3740" HPOS="776"/>
<SP HEIGHT="38" WIDTH="59" VPOS="3730" HPOS="820"/>
<String CS="1" CONTENT="19&#189;" HEIGHT="40" WIDTH="57" VPOS="3728" HPOS="880"/>
<String STYLE="superscript" CS="1" CONTENT="&#7580;&#7504;"/>
<String CONTENT="." HEIGHT="8" WIDTH="7" VPOS="3761" HPOS="1018"/>
</TextLine>
<TextLine HEIGHT="48" WIDTH="731" VPOS="3784" HPOS="401">
<String CONTENT="A" HEIGHT="38" WIDTH="37" VPOS="3785" HPOS="401"/>
<SP HEIGHT="39" WIDTH="31" VPOS="3785" HPOS="439"/>
<String CONTENT="study" HEIGHT="46" WIDTH="145" VPOS="3786" HPOS="471"/>
<SP HEIGHT="36" WIDTH="29" VPOS="3796" HPOS="617"/>
<String CONTENT="of" HEIGHT="40" WIDTH="52" VPOS="3784" HPOS="647"/>
<SP HEIGHT="41" WIDTH="30" VPOS="3784" HPOS="700"/>
<String CONTENT="Christian" HEIGHT="40" WIDTH="249" VPOS="3785" HPOS="731"/>
<SP HEIGHT="37" WIDTH="30" VPOS="3786" HPOS="981"/>
<String CONTENT="love." HEIGHT="39" WIDTH="120" VPOS="3786" HPOS="1012"/>
</TextLine>
<TextLine HEIGHT="51" WIDTH="1992" VPOS="3838" HPOS="333" CS="1">
<String CONTENT="&#169;" HEIGHT="51" WIDTH="51" VPOS="3838" HPOS="333"/>
<SP HEIGHT="51" WIDTH="28" VPOS="3838" HPOS="385"/>
<String CONTENT="Apr." HEIGHT="46" WIDTH="114" VPOS="3842" HPOS="414"/>
<SP HEIGHT="41" WIDTH="28" VPOS="3841" HPOS="529"/>
<String CONTENT="26," HEIGHT="46" WIDTH="68" VPOS="3841" HPOS="558"/>
<SP HEIGHT="45" WIDTH="28" VPOS="3842" HPOS="627"/>
<String CS="1" CONTENT="1929;" HEIGHT="39" WIDTH="118" VPOS="3841" HPOS="656"/>
<SP HEIGHT="40" WIDTH="29" VPOS="3841" HPOS="798"/>
<String CONTENT="2c." HEIGHT="40" WIDTH="67" VPOS="3841" HPOS="828"/>
<SP HEIGHT="30" WIDTH="29" VPOS="3851" HPOS="896"/>
<String CONTENT="and" HEIGHT="38" WIDTH="95" VPOS="3842" HPOS="926"/>
<SP HEIGHT="38" WIDTH="29" VPOS="3842" HPOS="1022"/>
<String CONTENT="aff." HEIGHT="40" WIDTH="82" VPOS="3840" HPOS="1052"/>
<SP HEIGHT="39" WIDTH="30" VPOS="3841" HPOS="1135"/>
<String CONTENT="Apr." HEIGHT="47" WIDTH="112" VPOS="3841" HPOS="1166"/>
<SP HEIGHT="39" WIDTH="28" VPOS="3841" HPOS="1279"/>
<String CONTENT="30;" HEIGHT="41" WIDTH="82" VPOS="3840" HPOS="1308"/>
<SP HEIGHT="40" WIDTH="30" VPOS="3841" HPOS="1391"/>
<!-- cceid 979EEE21-6CFA-1014-9C3C-CEA95E7AA542 --><String CONTENT="A" HEIGHT="37" WIDTH="41" VPOS="3841" HPOS="1422"/>
<SP HEIGHT="39" WIDTH="28" VPOS="3841" HPOS="1464"/>
<String CONTENT="7822;" HEIGHT="41" WIDTH="140" VPOS="3840" HPOS="1493"/>
<SP HEIGHT="40" WIDTH="35" VPOS="3841" HPOS="1634"/>
<String CONTENT="Sunday" HEIGHT="47" WIDTH="197" VPOS="3841" HPOS="1670"/>
<SP HEIGHT="36" WIDTH="29" VPOS="3852" HPOS="1868"/>
<String CONTENT="school" HEIGHT="40" WIDTH="162" VPOS="3841" HPOS="1898"/>
<SP HEIGHT="37" WIDTH="30" VPOS="3842" HPOS="2061"/>
<String CONTENT="hoard" HEIGHT="38" WIDTH="150" VPOS="3842" HPOS="2092"/>
<SP HEIGHT="39" WIDTH="30" VPOS="3842" HPOS="2243"/>
<String CONTENT="of" HEIGHT="40" WIDTH="51" VPOS="3841" HPOS="2274"/>
</TextLine>
<TextLine HEIGHT="45" WIDTH="1544" VPOS="3895" HPOS="401" CS="1">
<String CONTENT="the" HEIGHT="39" WIDTH="82" VPOS="3897" HPOS="401"/>
<SP HEIGHT="39" WIDTH="26" VPOS="3897" HPOS="484"/>
<String CONTENT="Southern" HEIGHT="39" WIDTH="242" VPOS="3897" HPOS="511"/>
<SP HEIGHT="38" WIDTH="25" VPOS="3897" HPOS="754"/>
<String CONTENT="Baptist" HEIGHT="44" WIDTH="195" VPOS="3896" HPOS="780"/>
<SP HEIGHT="37" WIDTH="25" VPOS="3899" HPOS="976"/>
<String CS="1" CONTENT="convention," HEIGHT="41" WIDTH="286" VPOS="3896" HPOS="1002"/>
<SP HEIGHT="40" WIDTH="26" VPOS="3897" HPOS="1304"/>
<String CONTENT="Nashville." HEIGHT="39" WIDTH="266" VPOS="3896" HPOS="1331"/>
<SP HEIGHT="42" WIDTH="66" VPOS="3898" HPOS="1598"/>
<String CONTENT="(29-10521)" HEIGHT="45" WIDTH="280" VPOS="3895" HPOS="1665"/>
</TextLine>
</TextBlock>
</PrintSpace>
</Page>
</Layout>
</alto>