2533 4384
1076 4019 104 53 217

203 535 26 40 1
290 566 11 10 v.
358 534 118 41 28ᶜᵐ.

203 604 287 42 Loose-leaf.

139 673 52 51 ©
224 677 111 40 Feb.
368 676 39 47 5,
440 675 114 40 1929;
615 675 68 41 2c.
716 676 97 39 and
845 674 82 41 aff.
961 675 112 40 Feb.
1105 675 52 46 7;
1193 674 42 40 A
1265 673 143 47 4307;
1443 674 132 41 Natl.
1609 675 185 39 bureau
1828 674 53 41 of
1913 676 223 47 casualty

206 733 97 39 and
333 734 167 46 surety
530 731 365 41 underwriters.
965 731 252 49 (29-5247)

138 842 281 53 National
452 841 223 54 council
708 842 64 52 of
806 841 277 53 teachers
1114 841 64 52 of
1211 840 443 55 mathematics.

266 917 1871 70 … The fourth yearbook. Significant changes and trends in
132 998 97 53 the
256 997 267 70 teaching
553 997 64 53 of
645 997 396 53 mathematics
1072 996 359 69 throughout
1458 997 97 52 the
1586 997 182 52 world
1798 996 156 53 since
1985 1000 150 50 1910.

133 1077 139 52 New
300 1076 163 53 York
491 1076 134 62 city,
652 1075 280 53 Teachers
961 1075 230 63 college,
1220 1074 302 54 Columbia
1552 1074 339 64 university,
1923 1078 150 50 1929.

234 1106 603 101 x pi 1 l., 186 p. 23½ᶜᵐ.
135 1225 51 52 ©
213 1229 112 40 Feb.
349 1229 68 47 18,
443 1228 140 47 1929;
609 1229 68 40 2c.
703 1228 113 41 Feb.
840 1228 83 46 21;
951 1227 82 40 aff.
1060 1229 122 39 Mar.
1208 1227 53 47 6;
1289 1227 42 40 A
1356 1227 140 48 5669;
1524 1228 132 40 Natl.
1683 1227 187 41 council
1898 1228 52 40 of
202 1228 1915 97 teachers
308 1285 52 41 of
388 1285 355 48 mathematics,
774 1286 118 39 New
921 1285 145 40 York.

132 1397 147 52 New
313 1397 229 61 Jersey.
615 1396 374 68 Legislature.

130 1472 1980 227 … Manual … 153d session, 1929. By authority of the Legislature … John P. Dullard, compiler. Trenton, N. J. [Josephine A. Fitzgerald, ᶜ1 929]
198 1725 42 37 V,
273 1713 85 41 757
388 1723 44 38 p.
491 1712 130 41 illus.
649 1711 174 50 (port.)
891 1713 117 41 17ᶜᵐ.

131 1780 52 53 ©
214 1785 112 40 Feb.
355 1784 68 48 11,
453 1784 141 47 1929;
624 1784 68 41 2c.
721 1785 97 39 and
847 1783 83 42 aff.
960 1784 110 41 Feb.
1101 1784 81 45 13;
1215 1782 41 40 A
1283 1782 142 47 5270;
1459 1783 264 49 Josephine
1751 1784 54 40 A.
1839 1784 293 46 Fitzgerald.

129 1893 419 64 Nottingham,
580 1893 296 62 Stratton,
907 1912 178 49 comp.

193 1971 454 68 Revolutionary
715 1970 238 53 soldiers
1024 1970 113 53 and
1206 1970 203 54 sailors
1480 1969 153 54 from
1703 1970 431 69 Northampton

126 2048 247 70 County,
404 2049 301 69 Virginia;
742 2054 215 47 muster
992 2050 137 52 rolls
1165 2049 113 53 and
1314 2067 115 50 pay
1463 2049 140 53 rolls
1636 2047 65 55 of
1734 2049 96 53 the
1867 2050 264 67 Twenty-

124 2128 233 52 seventh
399 2127 279 70 regiment
721 2125 64 55 of
825 2127 272 70 Virginia
1140 2127 229 67 militia,
1411 2127 430 68 Northampton
1887 2126 247 71 County,

126 2204 2007 71 1812, compiled by Stratton Nottingham … [Onancock, Va.,
179 2287 120 64 ᶜ1 929]
193 2366 1007 50 cover-title, 2 p. l., 71 numb. 1. 26ᶜᵐ.
190 2440 346 49 Autographed
572 2440 127 40 from
735 2440 333 48 type-written
1103 2451 133 37 copy.

129 2509 52 53 ©
210 2514 111 39 Jan.
350 2514 68 46 18,
448 2513 141 45 1929;
620 2513 67 40 2c.
717 2513 112 41 Feb.
859 2514 53 45 7;
944 2512 84 42 aff.
1058 2513 111 41 Feb.
1199 2513 53 46 8;
1283 2513 42 39 A
1354 2513 141 42 5176;
1530 2513 45 41 S.
1605 2514 335 48 Nottingham,
196 2515 1916 103 Onancock,

354 2570 86 41 Va.
507 2569 253 49 (29-5419)

124 2663 390 64 Odencrantz,
545 2664 213 52 Louise
793 2664 320 64 Christine,
1148 2670 173 50 1884-

191 2743 122 53 The
343 2743 173 53 social
548 2743 221 54 worker
800 2742 59 54 in
893 2742 225 72 family,
1151 2744 239 53 medical
1427 2746 113 52 and
1574 2743 351 70 psychiatric
1958 2745 175 55 social

122 2821 2010 71 work, by Louise C. Odencrantz … New York and London,
120 2900 235 66 Harper
378 2902 46 50 &
449 2900 278 66 brothers,
760 2903 149 51 1929.

122 2980 1991 107 xvi p., 1 l., 374 p., 1 l. incl. forms. 21ᶜᵐ. (Lettered on cover: Harper’s
275 3037 149 41 social
455 3038 188 40 science
671 3037 177 48 series)

194 3108 130 40 “The
360 3109 109 40 first
504 3110 205 45 volume,
748 3109 92 40 Job
878 3108 218 49 analysis
1133 3109 151 41 series
1326 3109 52 40 of
1415 3109 82 41 the
1535 3109 260 41 American
1832 3109 299 41 association

122 3165 51 41 of
200 3165 150 43 social
376 3165 259 42 workers.”

193 3222 163 41 “First
384 3222 228 41 edition.”

129 3289 51 52 ©
210 3293 112 40 Feb.
351 3293 68 47 15,
447 3293 141 43 1929;
619 3294 67 40 2c.
715 3293 113 42 Feb.
856 3293 82 47 14;
970 3293 83 42 aff.
1083 3294 111 40 Feb.
1296 3305 8 31 18;
1338 3294 38 39 A
1407 3294 140 47 5373;
1578 3295 194 48 Harper
1803 3295 37 40 &
1866 3294 127 40 bros.

205 3349 252 49 (29-5079)

124 3443 220 64 Ohorn,
373 3444 221 63 Anton,
628 3449 327 50 1846-1924.

191 3521 122 53 The
338 3521 232 68 captain
597 3521 64 53 of
684 3522 96 52 the
807 3523 210 67 temple
1044 3523 212 65 guard;
1287 3542 73 33 an
1386 3523 297 53 historical
1709 3525 114 51 tale
1851 3522 154 54 from
2032 3523 95 53 the

118 3599 138 53 time
305 3598 65 53 of
416 3600 96 52 the
561 3600 352 53 destruction
962 3600 64 54 of
1074 3601 336 54 Jerusalem.
1516 3602 91 58 By
1657 3601 200 53 Anton
1908 3601 219 67 Ohorn,

119 3678 318 52 translated
482 3677 153 53 from
678 3679 97 52 the
819 3678 249 55 German
1112 3679 77 69 by
1232 3678 71 53 A.
1349 3679 91 53 W.
1486 3679 383 68 Kjellstrand.
1968 3678 160 54 Rock

121 3755 1421 69 Island, HL, Augustana book concern [ ᶜ1 929]
190 3837 86 41 387
309 3848 43 38 p.
415 3837 129 42 illus.
715 3871 8 7 20ᶜᵐ.

127 3903 52 53 ©
205 3908 111 41 Feb.
343 3908 68 47 11,
438 3908 114 40 1929;
606 3909 67 41 2c.
701 3909 112 41 Feb.
840 3910 82 46 14;
952 3909 82 42 aff.
1063 3909 112 41 Feb.
1201 3909 82 47 23;
1313 3909 41 39 A
1382 3909 140 47 5444;
1552 3909 289 46 Augustana
1868 3910 124 40 book
194 3921 1913 86 concern.
386 3964 251 50 (29-5416)
