2542 4389
1184 4006 140 56 2167

238 352 216 67 O’Dell,
486 354 227 65 George
743 354 275 65 Edward,
1051 355 172 53 1874-

311 431 167 57 Some
518 433 215 53 human
775 438 271 61 contacts,
1086 432 75 69 by
1205 432 222 68 George
1472 433 66 52 E.
1586 431 220 55 O’Dell.
1884 432 139 52 New
2067 429 180 70 York,

235 511 121 52 The
384 509 424 54 International
836 527 159 52 press
1027 545 13 33 [
1069 513 133 49 ᶜ1929
1208 547 13 33 ]

307 589 660 51 viii p., 1 l., 211 p. 21ᶜᵐ.
310 661 237 40 “Limited
593 661 341 41 edition—five
977 661 224 40 hundred
1246 659 202 49 copies.”
1511 659 120 42 This
1673 670 119 38 copy
1839 662 86 38 not
1969 660 279 40 numbered.

241 713 52 52 ©
322 718 102 40 Oct.
450 718 68 42 19,
545 718 118 40 3929;
714 718 67 40 2c.
809 719 95 38 and
931 718 82 40 aff.
1040 718 119 40 Nov.
1184 718 26 38 2;
1269 718 41 38 A
1335 717 144 40 16823;
1539 717 51 40 G.
1619 718 51 38 E.
1700 716 181 43 O’Dell,
1908 717 120 38 New
2054 716 146 40 York.

318 775 252 49 (30-2338)

241 869 161 64 Otto,
434 869 226 54 Walter
690 870 65 54 F.

307 946 110 54 Die
444 950 189 66 götter
663 947 481 69 Griechenlands;
1176 948 101 52 das
1303 946 123 53 bild
1456 947 98 53 des
1581 946 316 70 göttlichen
1927 945 79 53 im
2062 946 187 68 spiegel

239 1025 96 53 des
373 1024 390 70 griechischen
800 1024 223 70 geistes,
1063 1043 112 34 von
1210 1025 226 53 Walter
1476 1025 62 51 F.
1580 1023 154 55 Otto.
1813 1026 186 64 Bonn,
2034 1025 50 51 F.
235 1024 1987 147 Cohen,
393 1105 151 50 1929.

308 1182 721 51 4 p. l., 3-371, [1] ,p. 24 ½ᶜᵐ .
241 1237 1751 52 © Feb. 28, 1929; 1c. Oct. 2; A —Foreign 4835; Friedrich Cohen.
319 1297 252 49 (30-3336)

244 1392 179 64 Page,
454 1391 256 55 William
742 1391 280 55 Herbert.

321 1471 375 68 Supplement
737 1478 59 46 to
836 1472 94 52 the
970 1471 140 51 Law
1150 1471 64 52 of
1253 1475 299 48 contracts.
1629 1471 67 52 2d
1739 1470 106 65 ed.,
1883 1470 76 69 by
1995 1469 265 54 William

245 1547 2014 71 Herbert Page … Cincinnati, The W. H. Anderson company
252 1662 11 32 [
293 1630 133 50 ᶜ1929
432 1661 12 33 ]

307 1709 28 39 2
391 1741 7 8 v.
459 1709 116 41 26ᶜᵐ.

243 1761 52 53 ©
324 1767 111 39 Dec.
462 1767 39 46 7,
529 1765 114 41 1929;
701 1765 66 41 2c.
795 1766 119 40 each
942 1767 96 38 and
1064 1765 83 40 aff.
1177 1766 111 39 Dec.
1317 1765 26 40 9;
1398 1766 42 38 A
1465 1765 115 40 16328;
1665 1766 73 39 W.
1766 1765 61 40 H.
1855 1765 253 39 Anderson
2136 1776 67 28 со.

247 1875 339 64 Patterson,
617 1874 237 56 Samuel
881 1873 220 56 White.

317 1955 122 52 The
472 1955 333 69 geography
839 1955 64 53 of
936 1955 140 51 New
1112 1954 163 52 York
1310 1955 112 52 and
1461 1954 284 70 far-away
1779 1954 185 68 lands,
1997 1953 263 68 together

248 2032 140 53 with
421 2051 31 34 a
482 2032 350 69 description
861 2032 64 54 of
954 2034 95 52 the
1080 2033 219 68 people,
1328 2033 129 52 how
1488 2033 134 68 they
1652 2032 113 54 live
1794 2034 115 52 and
1939 2032 156 53 what
2124 2033 136 68 they

247 2112 88 52 do.
412 2111 138 53 New
580 2111 182 69 York,
790 2110 181 54 Noble
1002 2113 113 51 and
1145 2111 200 67 Noble,
1377 2113 150 50 1929.

391 2225 7 7 1 v.
252 2244 52 53 ©
334 2249 128 41 June
487 2249 68 47 27,
585 2248 118 40 1929;
756 2249 67 40 2c.
854 2247 102 42 Oct.
986 2249 55 39 12;
1099 2248 82 40 aff.
1213 2247 102 42 Oct.
1345 2248 56 40 19;
1458 2248 41 39 A
1528 2248 145 40 15129;
1731 2248 154 40 Noble
1913 2248 37 40 &
1977 2248 166 40 Noble.

248 2357 221 65 Peeler,
501 2356 291 65 Virginia.

320 2438 120 52 The
483 2437 345 53 automobile
868 2437 292 53 mechanic
1200 2438 60 53 in
1300 2437 140 52 New
1483 2435 257 56 Orleans.
1816 2436 142 54 New
2000 2435 261 68 Orleans,

248 2514 166 70 High
442 2515 189 53 school
660 2515 358 68 scholarship
1048 2515 357 59 association,
1433 2515 127 58 inc.,
1591 2519 149 49 1929.

388 2597 220 48 11 p. 23ᶜᵐ.
246 2649 52 52 ©
325 2654 121 47 Aug.
472 2653 68 47 12,
566 2652 141 47 1929;
736 2653 68 41 2c.
833 2654 94 39 and
954 2653 82 40 aff.
1068 2654 128 47 Sept.
1223 2653 83 48 23;
1336 2655 41 38 A
1402 2654 146 40 13539;
1604 2654 131 47 High
1763 2654 163 40 school
1953 2654 307 48 scholarship

313 2721 143 36 assn.,
482 2710 90 40 inc.

247 2801 776 68 Pérez de Lux á n, Diego.
318 2882 355 69 Expedition
709 2884 120 54 into
869 2884 140 53 New
1045 2884 224 54 Mexico
1308 2886 164 52 made
1511 2885 75 70 by
1623 2884 256 55 Antonio
1918 2885 69 53 de
2024 2882 234 70 Espejo,

250 2964 326 64 1582-1583,
630 2981 60 34 as
743 2962 260 54 revealed
1058 2962 58 52 in
1170 2963 96 53 the
1320 2962 230 68 journal
1604 2963 63 53 of
1719 2963 185 69 Diego
1958 2961 177 54 Pérez
2190 2963 68 53 de

247 3039 2012 71 Lux á n, a member of the party; translated, with introduction
249 3116 1947 73 and notes, by George Peter Hammond … and Agapito Rey …
247 3195 113 55 Los
387 3196 267 69 Angeles,
682 3197 121 53 The
834 3195 246 64 Quivira
1108 3198 230 66 society,
1371 3200 149 50 1929.

321 3276 84 41 143
438 3288 43 37 p.
544 3288 124 29 XVIII
701 3289 63 37 pl.
792 3278 134 48 (incl.
962 3279 27 39 2
1022 3278 104 41 fold.
1176 3288 151 38 maps,
1362 3279 30 39 2
1424 3278 217 45 facsim.)
1711 3278 118 40 26ᶜᵐ.
1903 3278 193 48 (Added
2135 3282 121 46 t.-p.:

252 3332 203 48 Quivira
487 3334 196 47 society.
742 3334 350 42 Publications,
1152 3335 93 40 vol.
1306 3336 14 48 I)

323 3388 147 41 “Five
495 3389 223 41 hundred
744 3390 161 48 copies
932 3389 194 49 printed
1153 3390 80 41 for
1261 3391 83 40 the
1372 3390 202 48 Quivira
1606 3390 195 47 society,
1832 3389 51 41 of
1912 3390 157 40 which
2101 3390 154 48 thirty

252 3445 160 48 copies
444 3455 85 31 are
560 3456 60 29 on
653 3447 136 47 large
820 3446 193 48 paper.”

248 3496 52 52 ©
324 3502 112 39 Dec.
461 3502 25 38 7,
523 3501 115 41 1929;
690 3501 67 42 2c.
781 3503 94 39 and
901 3503 82 40 aff.
1009 3504 112 39 Dec.
1146 3503 25 38 28;
1256 3505 39 37 A
1319 3504 146 40 17589;
1520 3502 201 48 Quivira
1748 3513 92 29 soc.
326 3557 251 48 (30-1252)

247 3651 270 65 Persing,
550 3652 147 54 Ellis
727 3654 63 54 C.

321 3731 121 53 The
483 3731 148 53 book
675 3732 66 52 of
782 3732 364 71 knowledge;
1194 3734 96 53 the
1334 3732 306 56 children’s
1685 3733 431 71 encyclopedia;
2163 3733 97 54 the

249 3809 2012 73 classroom guide, editor-in-chief. Ellis C. Persing … Units of
249 3887 171 55 studv
472 3887 93 52 for
615 3890 350 64 geography,
1013 3890 239 58 history,
1302 3889 249 65 biologv.
1604 3896 218 58 poetry,
1873 3895 106 59 art,
2029 3890 231 64 science,
