2542 4389
1088 4021 135 51 1645

218 440 1165 55 xvi p., 1 l., 367 p. front., plates, port. 24 ᶜᵐ.
220 503 140 48 Maps
386 512 60 29 on
471 500 366 49 lining-papers.

219 557 349 49 Bibliography:
629 567 44 38 p.
704 556 219 42 357-360.

153 612 52 52 ©
236 616 129 49 Sept.
391 617 71 47 27,
489 615 117 40 1929;
659 616 69 39 2c.
756 615 98 39 and
880 612 82 43 aff.
993 613 101 42 Oct.
1124 614 25 39 5;
1207 614 43 39 A
1275 613 147 40 12929;
1477 611 300 49 Doubleday,
1807 612 169 40 Doran
2003 612 37 39 &
2067 622 83 36 co.,

219 672 92 41 inc.
378 671 281 49 (29-21165)

152 766 296 62 Foerster,
481 765 286 63 Norman,
798 765 172 55 1887-

216 842 121 53 The
363 841 311 54 American
701 841 252 67 scholar;
987 860 31 35 a
1049 842 174 68 study
1255 842 57 51 in
1341 842 228 52 litterae
1600 841 444 68 inhumaniores,
2075 841 75 70 by

145 914 2006 75 Norman Foerster … Chapel Hill, The University of North
146 997 271 56 Carolina
447 1015 174 51 press,
651 999 152 51 1929.

217 1078 528 50 5 p. l. , 66, [1] p. 22½ ᶜᵐ.
219 1134 146 42 “This
403 1136 146 47 study
585 1135 42 41 is
664 1145 64 30 an
765 1134 269 49 expansion
1073 1135 52 39 of
1162 1145 27 30 a
1228 1145 152 38 paper
1416 1135 118 40 read
1573 1133 166 43 before
1779 1135 81 40 the
1902 1135 250 41 Graduate

145 1193 111 40 club
288 1192 98 41 and
418 1193 82 40 the
533 1191 319 49 Philological
887 1191 109 41 club
1031 1190 52 42 of
1117 1191 83 41 the
1236 1190 285 49 University
1555 1190 52 43 of
1641 1191 158 41 North
1836 1191 231 41 Carolina
2103 1191 49 40 in

146 1247 247 52 1928-29.”

152 1303 52 52 ©
240 1306 103 43 Oct.
374 1308 41 47 1,
449 1306 140 47 1929;
624 1307 68 39 2c.
729 1305 103 41 Oct.
865 1305 53 47 5;
955 1303 83 43 aff.
1074 1304 103 42 Oct.
1210 1306 55 46 4;
1302 1305 43 39 A
1377 1304 172 48 13946;
1588 1305 284 48 University
1908 1305 51 40 of
1993 1304 158 40 North

223 1362 228 43 Carolina
482 1373 151 38 press.
702 1361 283 50 (29-21086)

151 1457 286 64 Franzen,
466 1457 309 62 Raymond
806 1456 201 64 Hugh,
1038 1461 172 49 1895-

217 1534 274 70 Physical
526 1553 283 35 measures
846 1532 65 54 of
948 1534 226 72 growth
1214 1536 115 52 and
1367 1534 286 54 nutrition
1712 1536 94 69 [by]
1849 1537 305 69 Raymond

147 1610 2009 74 Franzen … New York, American child health association,
149 1696 149 50 1929.

218 1771 1938 54 xii p., 1 l., 138 p. incl. tables, diagrs. front. 24 ᶜᵐ. ([American child
149 1831 167 39 health
351 1829 310 49 association]
728 1830 170 40 School
933 1830 168 40 health
1137 1831 227 39 research
1400 1831 339 49 monographs,
1799 1843 76 30 no.
1961 1833 14 45 II)

152 1884 52 52 ©
234 1886 129 51 Sept.
388 1887 71 48 26,
486 1887 116 40 1929;
656 1887 68 41 2c.
753 1889 96 37 and
877 1886 83 42 aff.
990 1887 102 41 Oct.
1120 1888 54 46 2;
1206 1888 42 39 A
1274 1887 171 48 13860;
1477 1889 146 40 Amer.
1665 1889 131 41 child
1824 1890 169 41 health
2023 1901 130 31 assn.

230 1942 281 52 (29-20905)

149 2034 327 67 Fröschels,
509 2036 172 66 Emil,
715 2042 171 50 1884-

217 2115 245 70 Sprach-
495 2118 117 52 und
668 2116 482 70 stimmstörungen
1181 2117 347 71 (stammeln,
1558 2125 261 66 stottern,
1849 2120 165 70 usw.)
2046 2139 112 35 von

147 2192 2012 76 professor dr. Emil Fröschels … mit 16 textabbildungen. Wien
147 2274 117 52 und
292 2272 219 70 Berlin,
538 2273 55 54 J.
623 2271 299 70 Springer,
952 2275 150 52 1929.

217 2350 1938 53 2 p. l., 66 p. illus., diagrs. 21 ᶜᵐ. (On cover : Bücher der ärztlichen
147 2408 182 49 praxis,
359 2408 82 50 17)

154 2463 1801 59 © Apr. 26, 1929; 1c. July 3; A—Foreign 3917; Julius Springer.
230 2522 282 50 (29-22022)

154 2615 192 65 Garis,
376 2616 257 53 Howard
663 2617 214 63 Roger,
911 2617 171 57 1873-

226 2694 165 57 Chad
422 2695 65 54 of
518 2695 171 54 Knob
721 2695 148 69 Hill,
901 2695 96 55 the
1027 2697 114 54 tale
1171 2697 65 54 of
1267 2718 31 33 a
1330 2700 128 52 lone
1489 2707 174 65 scout,
1692 2704 76 68 by
1797 2703 260 56 Howard
2088 2706 68 52 R.

154 2773 191 71 Garis,
397 2774 141 52 with
588 2774 384 55 illustrations
1025 2775 77 69 by
1153 2776 150 52 Paul
1354 2776 241 55 Martin.
1670 2781 235 67 Boston,
1959 2782 197 72 Little,

153 2852 229 68 Brown,
411 2853 114 51 and
551 2869 299 52 company,
880 2854 150 53 1929.

218 2929 1421 53 6 p. l. , [3]-298 p. incl. illus., plates, col. front. 20½ ᶜᵐ.
155 2984 52 52 ©
237 2989 128 49 Sept.
388 2989 72 48 21,
486 2988 140 48 1929;
653 2990 70 40 2c.
749 2990 97 39 and
871 2988 84 43 aff.
981 2989 103 41 Oct,
1110 2991 24 38 1;
1191 2991 41 39 A
1257 2991 172 49 12679;
1457 2994 62 41 H.
1546 2994 57 43 R.
1631 2995 157 49 Garis,
1808 2998 121 41 East
1947 2999 205 48 Orange,

221 3045 58 41 N.
309 3044 45 43 J.
423 3044 280 49 (29-20984)

155 3139 266 64 Garrott,
449 3138 131 55 Hal.

225 3217 400 55 First-aide-to
670 3217 382 58 Santa-Claus
1100 3221 109 67 [by]
1257 3223 121 53 Hal
1417 3223 259 72 Garrott,
1716 3227 328 57 illustrated
2083 3232 75 70 by

157 3296 170 71 Mary
364 3297 228 52 Ponton
630 3295 282 55 Gardner.
987 3298 140 53 New
1167 3299 182 70 York,
1386 3302 68 51 R.
1563 3346 11 12 M.
1612 3305 278 56 McBride
1927 3310 47 50 &
158 3324 1976 123 company,
355 3377 151 51 1929.

255 3453 504 51 × p., 3 l., 164 p. 24 ᶜᵐ.
157 3507 52 52 ©
234 3511 120 49 Aug.
378 3512 70 47 30,
473 3511 113 41 1929;
639 3513 69 41 2c.
732 3514 95 38 and
853 3512 83 42 aff.
961 3513 104 42 Oct.
1090 3517 25 38 7;
1168 3515 43 39 A
1234 3516 148 41 13959;
1435 3519 61 41 H.
1525 3518 215 53 Garrott,
1765 3523 193 43 Nisswa
2003 3529 134 39 Minn

233 3565 282 52 (29-21005)

158 3659 255 66 Gaskell,
444 3663 137 53 Mrs.
612 3661 298 64 Augusta.

225 3740 177 54 What
452 3740 48 54 is
550 3740 139 53 life?
769 3741 90 69 By
910 3743 266 69 Augusta
1229 3744 250 55 Gaskell.
1554 3749 427 75 Introduction[s]
2085 3759 73 71 by

157 3816 1984 88 Karl T. Compton … [and] by Raymond Pearl … Springfield
158 3895 114 67 Ill.,
298 3895 333 68 Baltimore,
655 3895 140 71 Md.,
822 3896 61 55 C.
913 3896 62 57 C.
1002 3898 268 72 Thomas,
1299 3905 150 52 1928.
