2533 4342
1363 3986 135 50 1888

467 425 334 49 Frontispiece
843 426 96 40 and
982 426 193 39 colored
1217 425 133 48 plate
1390 423 344 49 accompanied
1776 424 63 48 by
1879 423 156 49 guard
2078 422 162 42 sheets
2283 422 122 42 with

397 481 295 49 descriptive
719 482 301 47 letterpress.

469 537 377 49 Bibliography:
878 548 43 37 p.
954 535 250 51 [391]-402.

408 590 52 53 ©
486 594 119 41 Nov.
630 594 40 49 6,
695 594 116 40 1928;
863 593 69 41 2c.
961 593 130 48 Sept.
1116 592 70 48 30,
1213 592 115 40 1929;
1383 592 84 41 aff.
1495 591 103 42 Oct.
1622 592 59 41 30;
1736 593 42 39 A
1802 591 146 42 13887;
2004 592 51 40 P.
2083 592 53 41 F.
2165 591 179 41 Collier
2370 592 37 40 &

475 661 88 30 son
589 660 67 31 co.
728 649 283 49 (29-21121)

404 729 895 71 Japan. Dept. of education.
539 804 1873 73 … Japan, from the Japanese government history; edited
408 883 2004 73 with supplementary chapters by K. Asakawa … [Memorial
408 967 104 66 ed.]
592 965 140 53 New
767 964 182 70 York,
979 965 67 52 P.
1084 965 64 51 F.
1188 963 213 56 Collier
1434 964 51 50 &
1519 981 102 35 son
1656 980 282 53 company
2084 964 86 65 [ᶜ1928]

471 1042 1942 53 xxiii, 361 p. front. (7 port.) illus. (maps) plates (1 col.) 23 ᶜᵐ. (The
401 1101 1634 50 history of nations, H. C. Lodge … editor-in-chief, vol. VII)
473 1158 334 49 Frontispiece
849 1159 96 39 and
989 1159 192 40 colored
1224 1159 133 48 plate
1396 1158 345 48 accompanied
1784 1159 62 47 by
1887 1158 157 48 guard
2086 1158 162 39 sheets
2291 1157 122 40 with

402 1215 294 48 descriptive
724 1215 301 48 letterpress.

471 1273 42 38 A
543 1270 218 42 “revised
789 1270 185 41 edition
1004 1270 52 40 of
1085 1271 83 39 the
1195 1270 220 47 ‘History
1442 1270 52 40 of
1521 1271 83 39 the
1631 1270 183 48 empire
1843 1270 53 40 of
1924 1269 175 49 Japan’
2139 1270 274 48 (compiled,

401 1326 1997 106 in 1893, for the Imperial Japanese commission of the World’s Columbian exposition … and
1066 1383 258 48 published
1354 1383 50 39 in
1435 1383 167 48 Tokyo
1631 1383 64 48 by
1725 1384 142 39 order
1899 1382 52 41 of
1981 1383 82 40 the
2092 1382 324 50 Department

403 1440 52 41 of
488 1439 519 48 education)”—Pref.

474 1496 378 48 Bibliography:
885 1507 44 37 p.
964 1495 250 50 [357]-361.

415 1549 52 52 ©
492 1553 118 40 Nov.
637 1552 40 50 6,
703 1552 117 41 1928;
871 1552 67 42 2c.
967 1552 131 49 Sept.
1123 1551 70 48 30,
1220 1551 117 41 1929;
1391 1551 83 41 aff.
1502 1550 103 42 Oct.
1631 1552 58 40 30;
1744 1552 42 39 A
1811 1552 147 41 13887;
2012 1553 52 41 P.
2092 1553 53 41 F.
2173 1552 180 41 Collier
2379 1553 38 40 &

481 1620 88 30 son
596 1620 67 30 co.
734 1608 283 50 (29-21123)

405 1688 239 66 Jeffers,
672 1688 323 66 Robinson,
1025 1692 173 53 1887-

477 1768 156 53 Dear
674 1768 204 67 Judas,
920 1767 115 53 and
1077 1768 165 52 other
1285 1784 193 51 poems
1520 1767 77 69 by
1638 1768 297 52 Robinson
1977 1766 226 57 Jeffers.
2278 1768 140 53 New

407 1845 181 69 York,
615 1847 76 52 H.
722 1844 322 71 Liveright,
1077 1848 150 51 1929.

478 1926 273 49 129 p. 21½ ᶜᵐ.
417 1979 52 53 ©
503 1984 119 41 Nov.
654 1983 70 49 16,
758 1982 116 41 1929;
934 1983 69 40 2c.
1036 1983 120 40 Nov.
1189 1982 56 41 13;
1308 1981 84 42 aff.
1424 1982 119 41 Nov.
1578 1982 56 40 19;
1697 1982 43 40 A
1770 1982 148 42 15918;
1980 1982 57 41 R.
2072 1981 193 49 Jeffers,
2300 1982 120 41 New

484 2040 145 41 York.
700 2039 283 50 (29-25959)

417 2134 198 65 Joyce,
644 2132 244 56 Patrick
916 2134 266 65 Weston,
1215 2134 328 55 1827-1914.

547 2211 1876 72 … Ireland, by Patrick W. Joyce … and Scotland, revised
415 2289 2003 70 and edited by Augustus Hunt Shearer … [Memorial ed.]
415 2369 140 54 New
585 2368 182 69 York,
798 2370 65 52 P.
895 2370 65 52 F.
995 2367 215 57 Collier
1240 2370 51 50 &
1323 2385 102 36 son
1454 2385 284 52 company
1884 2372 85 64 [ᶜ1928]

486 2451 104 48 xiii,
626 2451 100 48 244,
762 2450 286 48 244a-244n,
1090 2449 236 51 [245]-383
1361 2461 44 37 p.
1464 2449 166 49 front.,
1668 2450 132 41 illus.
1827 2449 177 49 (maps,
2040 2451 167 48 plans)
2252 2451 174 47 plates,

417 2505 2010 51 ports. 23 ᶜᵐ. (The history of nations, H. C. Lodge … editor-in-chief.
499 2599 9 9 vil.
539 2563 101 50 XII)

489 2621 334 49 Frontispiece
849 2620 345 49 accompanied
1221 2622 63 47 by
1308 2622 156 47 guard
1491 2623 137 39 sheet
1655 2620 121 41 with
1803 2620 294 50 descriptive
2125 2623 301 47 letterpress.

488 2678 378 49 Bibliography:
895 2688 44 39 p.
970 2677 251 51 [379]-383.

424 2732 52 53 ©
501 2738 118 39 Nov.
645 2736 40 49 6,
711 2736 118 40 1928;
880 2736 69 40 2c.
976 2735 130 48 Sept.
1131 2735 69 48 30,
1228 2734 115 41 1929;
1398 2734 83 41 aff.
1510 2734 103 42 Oct.
1638 2735 59 41 30;
1751 2736 42 39 A
1818 2735 145 42 13887;
2020 2737 53 40 P.
2099 2736 52 42 F.
2180 2736 183 41 Collier
2388 2736 37 41 &

491 2803 88 30 son
608 2803 67 30 co.
746 2790 284 51 (29-21128)

423 2886 214 66 Keltie,
666 2889 100 53 Sir
792 2886 156 54 John
979 2887 188 64 Scott,
1199 2888 327 54 1840-1927.

419 2964 1985 148 … Africa, by J. Scott Keltie … revised and edited by Albert Galloway
922 3042 1505 71 Keller … [Memorial ed.] New York, P. F.
422 3120 215 56 Collier
663 3123 51 50 &
743 3138 102 35 son
873 3138 284 51 company
1298 3124 85 64 [ᶜ1928]

493 3201 1940 50 xiii, 339 p. front., illus. (maps) plates, port. 23 ᶜᵐ. (The history of
422 3259 1372 50 nations, H. C. Lodge … editor-in-chief, vol. XIX)
494 3317 334 49 Frontispiece
854 3316 345 49 accompanied
1227 3316 62 49 by
1314 3318 155 47 guard
1496 3319 137 39 sheet
1660 3317 121 41 with
1808 3317 295 49 descriptive
2129 3318 302 48 letterpress.

494 3374 350 48 Bibliography:
900 3385 43 37 p.
974 3373 250 50 [331]-339.

430 3427 52 53 ©
508 3432 118 40 Nov.
652 3431 40 49 6,
718 3431 117 44 1928;
884 3431 71 40 2c.
983 3430 129 48 Sept.
1137 3429 70 50 30,
1235 3430 115 40 1929;
1405 3430 83 42 aff.
1516 3431 103 41 Oct.
1644 3431 58 41 30;
1756 3433 42 39 A
1823 3432 145 41 13887;
2025 3433 50 40 P.
2104 3432 53 42 F.
2185 3431 182 42 Collier
2392 3431 37 41 &

498 3499 87 29 son
615 3498 67 30 co.
753 3487 283 49 (29-21135)

422 3581 178 64 Kent,
628 3579 175 57 John.

497 3659 251 68 Episode
788 3660 62 52 in
884 3660 198 52 Luxor
1122 3661 113 53 and
1273 3660 164 53 other
1475 3660 218 70 stories,
1730 3660 77 70 by
1844 3661 159 54 John
2041 3659 174 53 Kent.
2290 3659 140 54 New

426 3737 180 69 York,
635 3736 357 71 Brentano’s,
1023 3740 150 50 1929.

498 3817 527 49 5 p. l., 3-268 p. 21 ᶜᵐ.
434 3869 52 53 ©
513 3874 127 48 Sept.
664 3874 70 48 21,
759 3873 118 41 1929;
927 3873 70 41 2c.
1024 3873 128 49 Sept.
1176 3875 59 39 24;
1287 3873 83 41 aff.
1398 3874 128 48 Sept.
1551 3875 57 39 25;
1664 3875 42 39 A
1730 3873 146 42 17010;
1928 3874 230 48 Timothy
2186 3873 241 49 Spelman,

502 3930 245 48 Florence,
778 3931 144 47 Italy.
993 3929 282 51 (29-25606)
