2535 4403
1088 4038 99 42 509

132 372 264 65 Santelli,
435 372 200 55 César.

259 447 1870 71 … La mystérieuse aventure, roman. Paris, B. Grasset
206 532 100 50 [ ᶜ1 928]
197 610 367 51 269, [1] p. 19 ᶜᵐ.
131 665 1994 51 © Nov. 5, 1928; 1c. Jan. 25, 1929; A— Foreign 1650; Bernard Grasset.
209 723 251 49 (29-9068)

129 818 330 61 Schramm,
494 817 231 54 Gustav
756 817 210 53 Lorch.

200 895 56 52 A
294 895 170 52 series
506 892 64 54 of
607 894 133 53 nine
781 894 163 52 radio
985 893 149 54 talks
1176 912 72 35 on
1291 892 123 56 Our
1456 893 151 68 legal
1647 892 260 70 heritage
1960 892 169 70 (with

128 970 1997 71 select bibliography) by Gustav L. Schramm … [Pittsburgh]
131 1053 151 50 1929.

129 1129 1983 107 4 p., 1 l., 5-100 p. 23 ᶜᵐ. (University of Pittsburgh. Radio publication, no. 45) $0.60
202 1246 300 39 “Broadcast
525 1244 129 40 from
680 1245 83 40 the
788 1244 283 47 University
1097 1244 52 39 of
1174 1244 297 47 Pittsburgh,
1488 1243 162 41 studio
1678 1244 52 39 of
1753 1243 201 49 KDKA,
129 1244 1986 106 Westinghouse
393 1300 196 42 electric
616 1302 37 40 &

680 1300 402 49 manufacturing
1112 1311 249 38 company,
1392 1300 303 48 Pittsburgh,
1726 1299 405 49 Pennsylvania.”

203 1359 187 41 “Select
419 1357 366 49 bibliography”:
845 1369 43 37 p.
918 1357 158 41 88-97.

481 1416 248 39 CONTENTS.—Roman
778 1414 404 41 law.—Common
1230 1413 328 41 law.—Writs
1609 1414 96 39 and
1752 1414 156 39 forms
1958 1414 52 40 of
131 1424 1985 89 action.—The

442 1474 164 38 courts
639 1472 52 39 of
723 1473 82 39 the
837 1481 217 30 common
1085 1471 275 40 law.—The
1394 1480 117 38 year
1543 1470 388 41 books.—Books
1966 1471 52 40 of
133 1480 1983 96 authority.—The
527 1528 378 48 lawyer.—Law
937 1529 95 39 and
1066 1537 239 38 progress.

132 1583 52 52 ©
213 1589 123 38 Mar.
364 1587 39 48 5,
432 1587 140 47 1929;
604 1587 67 41 2c.
701 1588 122 39 Mar.
851 1586 83 46 22;
966 1584 82 41 aff.
1078 1587 122 40 Mar.
1229 1585 53 38 21;
1345 1585 40 39 A
1414 1584 112 41 6101;
1589 1584 284 49 University
1903 1584 51 41 of
200 1584 1913 108 Pittsburgh,
401 1643 302 48 Pittsburgh.
771 1641 250 50 (29-9022)

135 1738 241 64 Schurz,
410 1738 152 65 Carl,
597 1743 327 50 1829-1906.

260 1816 1875 69 … Intimate letters of Carl Schurz, 1841-1869, translated
127 1893 2006 72 and edited by Joseph Schafer … Madison, State historical
126 1975 212 68 society
365 1974 66 55 of
457 1974 341 68 Wisconsin,
830 1977 151 50 1928.

266 2052 1869 51 xx p., 2 l., 491 p. front., pl., ports. 22½ ᶜᵐ. (Publications of the State
129 2112 254 40 historical
416 2112 184 47 society
633 2111 52 39 of
716 2111 289 41 Wisconsin.
1069 2109 306 49 Collections,
1409 2111 94 40 vol.
1654 2109 15 48 XXX)

136 2166 51 52 ©
219 2170 111 40 Feb.
359 2169 56 41 25,
458 2169 118 40 1929;
629 2169 69 40 2c.
728 2170 123 39 Mar.
881 2168 82 48 11;
995 2167 83 41 aff.
1108 2168 115 48 Apr.
1253 2168 52 47 8;
1337 2168 41 39 A
1408 2167 142 47 6436;
1585 2167 141 41 State
1753 2166 256 41 historical
2040 2178 94 30 soc.

203 2226 51 40 of
285 2226 288 41 Wisconsin.
645 2225 251 49 (29-9286)

133 2321 177 64 Seitz,
338 2321 129 52 Don
498 2318 222 66 Carlos,
752 2324 172 51 1862-

207 2400 247 54 Famous
494 2399 307 53 American
843 2400 176 67 duels,
1058 2399 141 52 with
1240 2417 152 35 some
1430 2403 238 48 account
1708 2397 65 55 of
1809 2398 98 53 the
1946 2416 190 36 causes

137 2475 1936 71 that led up to them and the men engaged, by Don C. Seitz …
134 2555 1538 70 New York, Thomas Y. Crowell company [ ᶜ1 929]
201 2637 772 49 xi, 345 p. front., ports. 22½ ᶜᵐ.
135 2690 52 52 ©
214 2695 113 47 Apr.
355 2695 39 46 9,
424 2694 117 40 1929;
594 2694 68 41 2c.
690 2695 95 39 and
815 2693 84 41 aff.
926 2694 114 48 Apr.
1068 2694 52 38 11;
1181 2693 42 39 A
1251 2693 140 47 6486;
1423 2694 212 40 Thomas
1664 2694 55 41 Y.
1749 2693 206 42 Crowell
1983 2705 67 30 co.

213 2751 252 48 (29-9132)

133 2845 241 63 Sexton,
403 2844 310 64 Randolph
745 2844 307 65 Williams,
1087 2851 171 49 1884-

202 2920 309 54 American
555 2927 326 62 apartment
925 2923 220 67 houses,
1186 2923 185 52 hotels
1419 2923 113 51 and
1580 2927 330 63 apartment
1953 2923 183 53 hotels

135 2998 63 54 of
240 3000 204 68 today;
492 3000 246 52 exterior
784 3001 112 51 and
942 3000 239 53 interior
1227 3000 397 69 photographs
1672 3001 114 53 and
1831 3001 185 68 plans,
2060 3002 76 68 by

135 3077 1999 70 R. W. Sexton … foreword by Raymond M. Hood, A. I. S.
137 3154 136 54 New
334 3154 181 69 York,
574 3154 428 54 Architectural
1062 3155 148 54 book
1269 3156 337 69 publishing
1667 3174 300 52 company,
2026 3157 109 53 inc.

139 3235 193 64 [ ᶜ1 929]
206 3314 1116 50 v, [1], 332 p. incl. front., illus., plans. 32 ᶜᵐ.
139 3367 52 51 ©
221 3372 114 47 Apr.
367 3372 39 46 5,
439 3371 141 47 1929;
613 3372 69 41 2c.
714 3374 96 38 and
843 3372 84 41 aff.
958 3373 114 47 Apr.
1104 3373 82 45 13;
1221 3373 42 39 A
1295 3373 141 45 6516;
1471 3373 362 41 Architectural
1869 3375 124 39 book
2025 3375 109 46 pub.

205 3438 82 37 co.,
316 3427 92 41 inc.
476 3427 252 49 (29-9203)

137 3520 307 65 Seymour,
473 3521 190 64 Ralph
693 3522 293 65 Fletcher,
1019 3524 172 54 1876-

201 3599 209 55 Across
452 3602 96 52 the
589 3600 174 68 Gulf;
810 3622 31 33 a
882 3603 297 53 narration
1223 3602 64 53 of
1328 3622 31 33 a
1402 3604 160 52 short
1600 3602 243 70 journey
1884 3605 253 70 through

133 3683 160 62 parts
331 3679 64 54 of
431 3679 283 69 Yucatan,
752 3680 139 53 with
931 3699 31 34 a
997 3680 154 53 brief
1188 3686 236 47 account
1462 3681 64 52 of
1563 3682 96 52 the
1698 3681 226 54 ancient
1962 3682 176 70 Maya

133 3756 368 68 civilization,
534 3758 76 67 by
644 3757 194 69 Ralph
872 3759 265 52 Fletcher
1172 3758 294 69 Seymour.
1548 3758 290 71 [Chicago]
1879 3761 123 53 The
133 3761 1981 127 Alderbrink

435 3839 384 64 press [ ᶜ1 928]
204 3916 843 49 63, [1] p. illus., fold. map. 28 ᶜᵐ.
204 3973 129 40 Title
361 3973 173 41 within
561 3975 306 39 ornamental
894 3974 188 41 border.
