2542 4389
1016 4025 132 49 1343

69 369 312 64 Starbuck,
409 370 172 61 Mary
612 367 181 65 Eliza,
825 372 170 50 1856-

136 446 103 69 My
272 447 171 52 house
477 446 111 52 and
625 447 60 65 I;
724 464 31 34 a
790 445 282 53 chronicle
1107 445 64 52 of
1206 443 343 65 Nantucket,
1582 443 74 68 by
1691 445 171 69 Mary
1899 443 165 53 Eliza

66 521 1975 150 Starbuck … Boston and New York, Houghton Mifflin company, 1929.
137 681 1427 51 4 p. l. , 293 p. front., plates, ports., facsim. 21½ ᶜᵐ .
73 737 51 52 ©
156 741 118 48 Aug.
306 741 69 47 23,
407 740 117 40 1929;
580 741 68 40 2c.
679 741 96 38 and
806 739 83 41 aff.
921 740 120 47 Aug.
1073 739 56 40 26;
1189 739 41 39 A
1261 738 147 40 12002;
1467 739 63 39 M.
1563 739 52 40 E.
1649 737 253 43 Starbuck,
141 738 1905 106 Nantucket,
348 798 148 40 Mass.
561 795 280 51 (29-17671)

70 892 390 64 Stephenson,
490 892 54 52 H
829 892 79 54 M.

142 969 1926 76 Op the highest hill, by H. M. Stephenson … Cleveland,
70 1048 1521 70 New York, International fiction library [ ᶜ192 9 ]
140 1129 585 50 2 p. l.. 7-286 p. 20 ᶜᵐ .
72 1184 51 52 ©
155 1188 119 47 Aug.
306 1187 68 48 19,
406 1187 140 41 1929;
579 1187 68 41 2c.
678 1188 97 39 and
805 1186 82 42 aff.
920 1187 120 48 Aug.
1072 1187 83 46 24;
1189 1187 40 39 A
1262 1187 171 46 11866;
1468 1189 167 39 World
1668 1187 252 41 syndicate
1955 1188 108 48 pub.

142 1255 82 37 co.,
255 1244 275 41 Cleveland.
595 1243 281 49 (29-17894)

71 1339 413 64 Swedenborg,
516 1339 304 63 Emanuel,
856 1339 326 55 1688-1772.

135 1416 320 68 Marriage;
498 1416 177 53 ideals
714 1417 113 52 and
867 1416 354 57 realization,
1261 1416 282 69 compiled
1585 1416 152 54 from
1777 1419 96 52 the
66 1418 1980 145 writings

230 1494 64 53 of
329 1495 280 52 Emanuel
648 1493 386 70 Swedenborg
1069 1495 76 67 by
1181 1495 261 53 William
1481 1497 65 51 F.
1585 1497 269 52 Wunsch.
1930 1497 140 53 New

67 1573 1141 67 York, The New-church press [ ᶜ192 9 ]
138 1653 648 50 viii p., 1 l., 155 p. 18 ᶜᵐ .
141 1712 130 39 “The
301 1713 165 46 report
496 1711 52 40 of
579 1721 24 29 a
640 1711 277 40 committee
950 1711 52 41 of
1034 1712 82 40 the
1150 1710 201 42 Council
1384 1711 52 41 of
1467 1711 249 42 ministers
1751 1714 53 39 of
1837 1714 83 40 the
69 1714 1986 95 General

202 1767 287 41 convention
520 1768 51 39 of
600 1769 82 39 the
711 1768 118 39 New
859 1769 195 46 church,
1086 1767 270 49 consisting
1385 1769 52 40 of
1467 1769 83 41 the
1582 1770 114 40 Rev.
1730 1771 197 40 Messrs.
69 1771 1986 95 William

216 1825 49 39 L.
297 1826 284 41 Worcester,
613 1825 212 39 Thomas
855 1824 54 41 A.
939 1824 133 49 King
1100 1826 96 39 and
1228 1825 217 41 William
1476 1826 54 41 F.
1562 1827 240 47 Wunsch;
1837 1827 83 41 the
70 1837 1985 94 compilation

306 1892 99 30 was
437 1881 284 41 authorized
752 1881 81 41 for
862 1881 300 49 publication
1195 1882 60 48 by
1287 1883 83 39 the
1402 1882 199 42 Council
1634 1883 50 40 in
69 1883 1989 104 1926.”—Prefatory
235 1942 128 38 note.

75 1994 51 52 ©
191 2009 94 28 June
313 1996 69 48 10,
413 1997 138 39 1929:
584 1997 67 40 2c.
683 1996 116 47 July
829 1995 53 42 9;
916 1995 82 41 aff.
1030 1996 116 47 July
1176 1996 48 38 31:
1293 1997 39 38 A
1366 1997 166 40 11774:
1566 1997 317 40 New-church
1917 1998 150 39 board

143 2054 52 39 of
221 2054 142 48 publ.,
391 2054 118 39 New
535 2053 144 40 York.
747 2052 281 49 (29-17735)

77 2147 1169 70 Television. v. 2, no. 19, Sept., 1 929.
77 2226 1993 55 © 1c. Sept. 28, 1929; A ad int. 13070; pubd. Aug. 31; Television press,
141 2288 100 47 ltd.,
274 2287 213 41 London.

77 2368 312 64 Townend,
417 2368 275 64 William,
725 2375 172 49 1881-

78 2446 1975 148 Once to Tiger Bay, by W. Townend … London, H. Jenkins limited [1929]
142 2605 363 49 311 p. 19½ ᶜᵐ .
79 2660 1996 109 © 1c. July 9, 1929: A ad int. 12912: pubd. May 10: W. Townend, Crow-borough,
406 2720 192 47 Sussex,
626 2722 237 47 England.
929 2722 281 49 (29-17893)

76 2800 246 65 Tyrrell,
353 2801 192 53 Mabel
573 2801 66 55 L.

143 2876 281 55 Chestnut
461 2883 178 62 court,
675 2880 76 67 by
788 2879 192 54 Mabel
1018 2881 64 52 L.
1124 2882 247 68 Tyrrell,
1410 2883 327 54 illustrated
1774 2884 76 69 by
1890 2884 186 54 Marie

71 2954 69 53 A.
170 2955 258 53 Lawson.
494 2957 138 52 New
660 2957 163 53 York
852 2958 110 53 and
994 2959 260 67 London,
1281 2960 235 68 Harper
1543 2963 46 50 &
1614 2962 279 66 brothers,
1924 2965 150 51 1929.

142 3037 847 50 4 p. l. , 255, [1] p. illus. 19½ᶜᵐ.
79 3090 51 52 ©
165 3095 120 47 Aug.
318 3096 70 46 14,
422 3095 141 48 1929;
599 3096 67 41 2c.
700 3097 120 47 Aug.
855 3098 83 46 14;
975 3097 82 43 aff.
1093 3099 120 46 Aug.
1248 3099 82 42 16;
1368 3101 39 38 A
1441 3100 170 47 10786;
1648 3101 194 47 Harper
1877 3105 35 40 &
1947 3102 125 40 bros.

158 3151 281 49 (29-17734)

81 3233 220 63 Unger,
333 3233 326 65 Hellmuth,
693 3240 170 50 1891-

215 3313 1866 74 … The white betrayal; translated by Derick Wulff. New
81 3389 755 69 York, Brentano’s [ ᶜ192 9]
143 3470 820 50 4 p. l. , 138, [1] p. illus. 20 ᶜᵐ .
81 3522 51 52 ©
161 3527 120 47 Aug.
310 3527 70 47 24,
409 3528 139 43 1929;
576 3529 70 41 2c.
676 3531 96 38 and
802 3530 81 41 aff.
913 3531 120 44 Aug.
1064 3531 56 41 27:
1180 3533 38 38 A
1249 3533 171 42 11895;
1454 3535 303 47 Brentano’s,
1787 3535 91 41 inc.

158 3583 281 51 (29-17922)

135 3665 134 63 Voltz,
299 3664 324 66 Friedrich,
655 3673 171 49 1891-

144 3741 541 69 Dosierungstafeln
719 3743 98 55 für
848 3745 90 54 die
970 3747 524 69 röntgentherapie,
1525 3769 110 34 von
1668 3751 296 68 professor
1991 3753 86 53 dr.

76 3818 2001 81 Friedrich Voltz … 2., verm, und verb. aufl., mit 21 figuren.
76 3894 302 56 München.
408 3898 54 52 J.
494 3899 63 51 F.
588 3899 316 67 Lehmann,
936 3904 151 50 1928.
