2533 4342
1305 4030 139 52 2094

376 373 380 66 Shoemaker,
787 373 238 55 Samuel
1052 374 184 65 Moor,
1268 379 172 50 1893-

444 450 1932 70 Twice-born ministers, by S. M. Shoemaker, jr. … New
376 529 180 68 York,
588 528 251 69 Chicago
1003 561 13 35 [etc.]
1052 529 268 69 Fleming
1350 529 77 51 H.
1459 528 83 53 Re
1547 530 112 51 veil
1691 546 280 51 company
2116 530 67 50 [ᶜ1929]

446 609 88 42 198
563 621 42 37 p.
666 610 56 41 19½ᶜᵐ.

382 677 52 52 ©
465 681 112 41 Dec.
607 680 70 48 21,
708 679 115 41 1929;
882 680 68 41 2c.
981 681 98 39 and
1110 679 81 42 aff.
1223 680 113 40 Dec.
1365 679 58 41 30;
1482 679 41 39 A
1555 679 147 41 16848;
1761 679 223 50 Fleming
2012 681 61 39 H.
2106 680 168 41 Revell
2306 690 70 30 co.

458 736 224 50 (30-809)

373 829 250 65 Siebert,
656 828 228 55 Wilbur
916 830 225 64 Henry,
1177 835 172 50 1866-

442 906 289 70 Loyalists
761 907 59 53 in
851 909 144 51 East
1024 907 257 71 Florida,
1311 909 137 53 1774
1473 913 59 47 to
1564 909 163 67 1785;
1759 908 96 52 the
1884 913 147 48 most
2059 909 319 68 important

374 985 330 53 documents
744 984 334 70 pertaining
1116 985 238 67 thereto,
1396 985 189 53 edited
1629 985 141 52 with
1812 1004 73 33 an
1927 986 451 70 accompanying

372 1062 1982 132 narrative, by Wilbur Henry Siebert … De Land, The Florida state historical
984 1141 232 68 society,
1245 1144 149 49 1929.

379 1220 1981 105 2 v. 2 port. (incl. front.) maps, facsim. 29½ᶜᵐ. (Added t.-p.: Publications of the Florida state historical society, no. 9, v. 1-2)
445 1334 185 39 “Three
663 1333 222 40 hundred
919 1335 97 39 and
1049 1333 223 48 fifty-five
1306 1333 160 49 copies
1500 1334 52 40 of
1586 1333 100 42 this
1718 1334 124 40 book
1876 1335 122 39 have
2032 1335 118 40 been
2184 1334 193 48 printed

374 1390 60 47 by
466 1390 82 40 the
579 1390 120 40 Yale
730 1388 274 49 university
1037 1400 137 38 press
1205 1392 52 37 at
1288 1390 82 40 the
1402 1389 218 50 printing
1649 1390 134 41 office
1816 1390 52 41 of
1898 1390 53 41 E.
1984 1390 51 40 L.
2068 1390 231 41 Hildreth
2332 1386 48 46 &

372 1444 908 43 co. … This is no. out of series.”
446 1502 445 49 “Bibliographical
931 1501 87 41 list
1057 1502 54 40 of
1151 1501 304 49 manuscript
1495 1503 97 39 and
1633 1501 195 49 printed
1870 1502 254 41 materials
2165 1504 118 39 used
2327 1502 52 41 in

373 1560 82 40 the
486 1558 315 49 preparation
833 1558 52 40 of
916 1557 99 41 this
1047 1557 163 41 work”:
1270 1558 92 41 vol.
1418 1589 8 16 I,
1458 1569 43 37 p.
1537 1558 251 49 [211]-227.

721 1621 96 34 CONTENTS.—I.
850 1615 102 39 The
985 1613 386 42 narrative.—II.
1407 1614 213 41 Records
1656 1615 53 40 of
1742 1613 129 42 their
1906 1615 170 41 claims
2109 1614 80 41 for
2223 1616 154 40 losses

371 1672 52 39 of
448 1674 230 46 property
703 1671 52 40 in
780 1671 83 40 the
889 1669 243 50 province.

446 1724 1901 53 v. 1, © Dec. 6, 1929; 2c. Dec. 12; aff. Dec. 20; v. 2, © Dec. 27, 1929;
376 1785 67 40 2c.
477 1786 96 39 and
606 1784 83 41 aff.
723 1784 110 41 Jan.
866 1784 40 47 2,
942 1783 142 47 1930;
1120 1783 42 39 A
1192 1781 158 49 16696,
1386 1782 170 48 17661;
1594 1783 199 41 Florida
1829 1786 132 38 state
1992 1784 254 41 historical
2281 1793 95 30 soc.

455 1840 224 49 (30-794)

374 1933 215 65 Smith,
617 1935 129 62 Roy
772 1934 241 63 Lemon,
1046 1935 171 53 1887-
1430 1952 179 51 comp.

446 2012 121 53 The
598 2011 388 68 Minneapolis
1019 2011 221 68 pulpit;
1277 2030 32 34 a
1341 2011 298 53 collection
1672 2010 64 55 of
1768 2029 269 50 sermons,
2070 2011 74 69 by

377 2009 2000 148 fifteen representative preachers, compiled by Roy L. Smith … New
377 2166 181 68 York,
586 2165 253 70 Chicago
999 2198 13 35 [etc.]
1044 2165 269 69 Fleming
1339 2165 77 53 H.
1445 2165 198 53 Revell
1673 2183 281 51 company
2096 2168 85 64 [ᶜ1929]

444 2247 275 49 187 p. 19½ ᶜᵐ.
445 2304 135 41 With
608 2304 129 40 brief
763 2303 185 42 notices
976 2304 54 41 of
1059 2303 84 42 the
1169 2303 220 41 authors.

380 2355 52 52 ©
464 2360 113 41 Dec.
607 2360 69 47 21,
707 2359 119 41 1929;
882 2360 66 40 2c.
982 2361 98 39 and
1109 2358 83 42 aff.
1224 2360 113 41 Dec.
1368 2358 58 42 30;
1484 2359 43 39 A
1556 2358 147 42 16847;
1764 2358 222 49 Fleming
2014 2359 61 40 H.
2109 2359 166 40 Revell
2308 2369 68 30 co.

456 2415 223 49 (30-541)

376 2508 206 65 Staub,
611 2508 239 65 Rudolf,
884 2514 174 50 1890-

444 2588 121 53 Der
595 2588 760 69 bewegungsmechanismus
1390 2590 100 52 der
1523 2589 130 53 erde
1686 2590 297 68 dargelegt
2016 2607 91 33 am
2137 2588 108 53 ban
2282 2588 101 53 der

376 2665 2007 70 irdischen gebirgssysteme, von dr. Rudolf Staub … mit einer
376 2744 268 53 erdkarte
680 2746 118 52 und
837 2748 68 48 44
944 2743 361 70 textfiguren.
1383 2745 217 59 Berlin,
1640 2744 298 54 Gebrüder
1979 2746 405 66 Borntraeger,

378 2825 149 50 1929.

445 2902 1337 49 viii, 270 p. illus., fold. map (in pocket) 25 ½ᶜᵐ .
379 2954 1978 109 © Mar. 20, 1928; 1c. Nov. 30, 1929; A— Foreign 5284; Gebrüder Borntraeger.
372 3106 196 65 Stern,
598 3105 317 65 Siegfried,
949 3112 170 49 1883-

443 3186 286 52 Fourteen
766 3205 162 50 years
966 3186 66 53 of
1068 3186 306 68 European
1412 3187 389 71 investments,
1840 3191 327 67 1914-1928,
2202 3189 77 69 by
2320 3187 56 56 S.

372 3262 2005 74 Stern … New York, The Bankers publishing company, 1929.
445 3343 1503 51 2 p. l., iii-xiv p., 2 l., 3-279 p. incl. tables, diagrs. 23½ᶜᵐ.
378 3396 54 53 ©
461 3401 113 41 Dec.
606 3401 69 46 19,
706 3401 117 41 1929;
879 3401 68 41 2c.
981 3403 93 38 and
1109 3402 82 41 aff.
1223 3403 112 39 Dec.
1366 3402 57 40 26;
1484 3403 42 39 A
1557 3403 145 41 17549;
1765 3404 223 39 Bankers
2019 3404 110 48 pub.
2162 3414 70 29 co.

456 3456 223 49 (30-582)

373 3549 265 63 Strauss,
672 3549 181 65 Fritz,
888 3555 174 50 1883-

442 3627 504 69 Tah-gah-ju-tah,
989 3630 101 52 der
1133 3628 154 54 “rote
1328 3629 253 69 Logan”,
1622 3630 371 54 historischer
2034 3649 200 35 roman
2277 3650 101 34 aus

372 3703 1980 149 den indianischen freiheitskriegen, von Fritz Strauss … Stuttgart, Loewes Verlag F. Carl [1929]
439 3860 371 50 128 p. 20 ½ᶜᵐ .
380 3914 1975 110 © July 10, 1929; 1c. Sept. 21; A —Foreign 4504; Loewns verlas. Ferdinand Carl. (30-1158)
