2542 4389
999 4075 132 48 1451

170 489 1929 53 vi, 69 p. incl. forms. 23½ ᶜᵐ . (Teachers college, Columbia university.
100 544 369 44 Contributions
495 550 49 38 to
573 548 273 48 education,
874 559 75 29 no.
978 547 112 49 340)

170 616 264 41 Published
465 618 103 39 also
600 628 55 30 as
687 618 153 40 thesis
882 618 109 48 (PH.
1055 619 34 46 D.)
1129 618 252 42 Columbia
1414 619 286 47 university.

168 672 349 50 Bibliography:
575 685 44 37 p.
647 674 159 40 18-20.

103 738 1991 56 © June 4. 1929; 2c. Sept. 5: aff. Sept. 10; A 13283: Teachers college,
171 800 248 41 Columbia
457 802 129 39 univ.
657 801 280 48 (29-19424)

99 896 282 64 Brenner,
416 895 201 55 Anita.

169 975 158 53 Idols
358 975 211 53 behind
603 976 177 52 altars
966 974 180 54 Anita
1183 977 272 50 Brenner.
1556 975 137 52 [New
1727 975 180 67 York]
99 977 1974 128 Payson
228 1055 45 49 &

304 1052 207 54 Clarke
540 1053 121 65 ltd.,
694 1056 149 48 1929.

163 1133 1032 49 359, [1] p. front., illus., plates. 23 ᶜᵐ .
164 1203 377 49 Bibliography:
572 1214 44 38 p.
645 1203 218 41 353-354.

97 1269 1993 53 © Sept. 21, 1929; 2c. Sept. 23; aff. Sept. 24: A 12517; Payson & Clarke,
163 1330 86 40 ltd.
316 1330 279 48 (29-19615)

93 1424 259 63 Bullard,
383 1427 136 52 Mrs.
550 1424 229 53 Marion
820 1424 250 64 (Rorty)

164 1503 1926 69 The cow next door, by Marion Bullard … New York, E. P.
93 1582 975 68 Dutton & company, inc. [ ᶜ192 9 ]
155 1664 55 38 74
238 1673 42 37 p.
309 1662 109 40 incl.
446 1663 86 39 col.
560 1662 165 47 front.,
755 1662 126 39 illus.
913 1662 130 48 (part
1078 1663 112 44 col.)
1230 1663 169 46 plates.
1461 1663 116 38 21ᶜᵐ.

155 1733 161 40 “First
353 1733 226 41 edition.”

92 1800 52 52 ©
178 1804 120 48 Aug.
331 1804 39 47 9,
406 1804 115 39 1929;
580 1804 67 41 2c.
686 1804 127 48 Sept.
848 1806 82 44 23;
966 1804 82 39 aff.
1086 1804 127 47 Sept.
1247 1804 83 41 25;
1368 1804 41 38 A
1443 1804 170 47 13593;
1652 1806 53 38 E.
1740 1805 51 40 P.
1827 1805 186 40 Dutton
2051 1806 37 39 &

159 1871 82 37 co.,
270 1861 89 39 inc.
425 1860 278 49 (29-19561)

88 1954 371 65 Butterfield,
490 1954 257 54 Thomas
780 1955 273 54 Edward.

161 2033 192 56 Steam
385 2035 113 52 and
529 2053 100 49 gas
660 2034 398 69 engineering;
1093 2054 30 33 a
1153 2039 122 48 text
1306 2033 269 70 covering
1608 2052 189 50 power

88 2038 1976 143 generating
222 2118 314 62 apparatus
568 2112 269 69 utilizing
872 2130 210 51 energy
1117 2113 248 52 released
1398 2113 76 69 by
1508 2113 94 51 the
1636 2111 353 54 combustion
2024 2111 63 54 of

85 2189 1977 133 fuels, by Thomas E. Butterfield … New York, D. Van Nostrand
285 2287 296 51 company,
609 2269 127 69 inc.,
766 2271 151 51 1929.

218 2349 816 49 xv, 481 p. illus.. diagrs. 23½ ᶜᵐ .
153 2405 348 41 “References”
529 2409 51 38 at
606 2407 93 39 end
724 2406 52 41 of
801 2408 127 39 most
952 2407 52 40 of
1030 2409 81 38 the
1138 2407 242 47 chapters.

85 2459 1995 53 © Aug. 3. 1929; 2c·. Sept. 19; aff. Sept. 20: A 13497; D. Van Nostrand
151 2531 82 32 co.,
262 2521 90 40 inc.
418 2519 279 50 (29-19503)

83 2614 199 66 Carré,
312 2615 148 54 Jean
489 2614 206 66 Marie,
728 2615 171 55 1887-

151 2692 235 70 Goethe,
419 2693 76 69 by
530 2694 147 54 Jean
711 2692 184 55 Marie
934 2692 205 69 Carré;
1177 2693 317 54 translated
1533 2692 152 55 from
1721 2693 98 54 the
1853 2692 222 55 French

78 2769 1998 70 by Eleanor Hard … New York, Coward-McCann, inc., 1929.
147 2853 456 49 ix, 308 p. 22½ ᶜᵐ .
149 2910 238 40 “German
422 2911 94 39 and
550 2910 201 47 English
786 2910 135 41 titles
954 2910 52 40 of
1040 2910 224 41 Goethe’s
1299 2908 188 42 works”:
1554 2920 40 38 p.
1630 2907 216 43 307-308.

81 2962 51 52 ©
164 2967 128 48 Sept.
319 2967 69 48 10,
416 2967 140 42 1929;
585 2968 69 39 2c.
686 2967 129 48 Sept.
844 2967 82 40 19:
957 2966 81 41 aff.
1071 2967 128 48 Sept.
1228 2966 81 43 12:
1342 2967 40 38 A
1412 2966 170 46 13442;
1617 2965 458 48 Coward-McCann,

147 3022 90 41 inc.
305 3023 280 48 (29-19472)

80 3117 240 63 Casson,
349 3117 257 53 Herbert
635 3118 272 62 Newton,
939 3123 170 49 1869-

148 3195 264 55 Creative
446 3196 276 65 thinkers,
756 3198 95 52 the
888 3195 234 54 efficient
1157 3197 112 52 few
1302 3196 127 53 who
1465 3214 162 35 cause
1662 3211 264 50 progress
1962 3193 112 53 and

78 3275 355 68 prosperity;
482 3294 68 33 an
595 3275 368 67 explanation
1009 3275 65 53 of
1115 3275 95 53 the
1255 3274 109 53 rise
1409 3274 113 53 and
1568 3273 106 52 fall
1716 3273 65 52 of
1821 3272 254 54 business

77 3352 155 54 firms
277 3354 113 52 and
431 3352 245 68 nations,
716 3354 76 67 by
834 3353 250 53 Herbert
1130 3353 70 53 N.
1245 3351 231 55 Casson.
1551 3351 139 52 New
1734 3351 163 52 York
1940 3352 135 69 city,

76 3429 1092 70 B. C. Forbes publishing co. [ ᶜ192 9]
140 3510 331 48 199 p. 19 ᶜᵐ .
76 3563 1992 53 © Aug. 29, 1929; 2c. Sept. 18; aff. Sept. 17: A 12391; B. C. Forbes pub.
143 3634 66 30 co.
275 3623 279 48 (29-19504)

75 3716 433 66 Chamberlain,
539 3719 254 63 Samuel,
826 3724 169 50 1895-

142 3797 197 53 Tudor
377 3796 191 54 homes
606 3798 63 53 of
709 3797 290 70 England,
1037 3798 139 52 with
1218 3816 150 34 some
1407 3797 286 68 examples
1735 3797 153 52 from
1924 3797 146 52 later

75 3875 243 68 periods,
346 3875 76 68 by
457 3875 228 55 Samuel
721 3875 406 55 Chamberlain;
1192 3875 325 53 illustrated
1549 3875 141 53 with
1723 3875 253 54 sketches
2008 3873 61 53 in

75 3969 124 50 pen,
243 3953 187 67 pencil
477 3954 112 52 and
634 3953 294 68 drypoint,
973 3953 112 53 and
1132 3953 396 68 photographs
1571 3953 75 69 by
1689 3954 97 53 the
1831 3952 235 68 author;
