2533 4342
1312 4053 135 50 1942

365 400 123 54 The
522 415 130 37 new
693 399 254 70 Century
985 399 327 70 dictionary
1349 399 65 53 of
1447 400 97 53 the
1582 398 249 70 English
1869 399 303 69 language,
2207 397 172 55 based

433 493 75 36 on
532 481 210 48 matter
769 475 243 54 selected
1041 474 155 54 from
1221 475 98 54 the
1345 474 251 70 original
1626 473 259 71 Century
1913 474 326 69 dictionary
2268 473 112 53 and

434 554 245 70 entirely
716 553 313 69 rewritten,
1063 553 142 53 with
1240 553 99 54 the
1375 553 263 53 addition
1676 552 65 54 of
1777 571 32 34 a
1847 558 163 64 great
2047 557 236 47 amount
2318 551 66 53 of

432 650 126 35 new
591 631 284 69 material,
911 631 115 53 and
1061 631 338 69 containing
1430 631 100 53 the
1561 635 166 65 great
1760 648 151 36 mass
1945 630 66 53 of
2045 630 188 54 words
2268 630 116 53 and

433 710 237 69 phrases
701 710 61 52 in
794 709 279 70 ordinary
1106 727 113 36 use.
1291 711 190 67 12,000
1511 708 346 70 quotations.
1925 711 156 65 4,000
2114 708 270 70 pictorial

434 789 399 54 illustrations.
902 788 216 53 Edited
1148 787 75 70 by
1255 787 77 53 H.
1366 786 69 56 G.
1468 787 215 68 Emery
1713 787 114 53 and
1855 787 75 53 K.
1963 786 70 56 G.
2065 787 315 67 Brewster;

434 867 142 54 with
601 866 394 70 supplements
1021 865 65 54 of
1112 884 311 51 synonyms
1449 865 114 53 and
1588 871 324 64 antonyms,
1939 864 230 71 foreign
2196 865 189 54 words

435 946 114 53 and
584 945 255 69 phrases,
874 944 404 69 biographical
1314 961 212 51 names,
1564 943 411 71 geographical
2013 962 211 49 names,
2280 950 103 48 etc.

497 1021 1641 71 … New York and London, The Century co. [ᶜ192 9]
433 1103 1094 54 3 v . illus., col. plates. 28 ᶜᵐ . $22.50
433 1165 163 49 Paged
630 1163 362 50 continuously.

370 1217 2007 54 © Nov. 26, 1929; 2c. each and aff. Nov. 30; A 17099; Century co. [©
439 1280 196 48 general
666 1277 228 50 revision]
964 1275 284 50 (29-28662)

426 1371 1959 70 … The North eastern reporter, v. 167. Permanent ed. … with
438 1451 377 69 key-number
862 1448 384 54 annotations.
1330 1448 144 69 July
1521 1446 356 57 30-October
1922 1452 87 57 22,
2058 1453 151 50 1929.
2296 1448 85 57 St.

439 1529 168 68 Paul,
636 1528 163 55 West
827 1527 341 69 publishing
1197 1544 99 51 co.,
1329 1528 151 51 1929.

508 1609 392 51 xx, 987 p. 26 ᶜᵐ .
372 1663 53 54 ©
455 1668 119 41 Nov.
603 1667 71 41 27.
704 1665 117 42 1929;
879 1666 68 41 2c.
977 1666 115 40 Dec.
1121 1665 82 48 16;
1237 1664 83 41 aff.
1352 1664 112 42 Dec.
1496 1665 83 48 14;

1611 1665 44 40 A
1684 1665 172 49 16524;
1890 1666 136 41 West
2056 1666 111 49 pub.
2198 1677 69 30 co.

365 1774 588 65 Paget-Fredericks,
982 1774 224 64 Joseph
1234 1774 181 63 Rous,
1446 1778 173 51 1903-

435 1852 188 56 Green
668 1851 182 70 pipes,
895 1870 195 50 poems
1136 1851 114 53 and
1295 1850 252 70 pictures
1590 1852 77 69 by
1712 1851 55 54 J.
1814 1852 569 69 Paget-Fredericks.

366 1932 138 53 New
540 1929 182 70 York,
1100 1972 12 25 Macmillan,
1149 1932 151 50 1929.

435 2012 1890 51 vi p., 2 l., 42 p., 3 l. col. front., illus., col. plates (1 double) 31 ᶜᵐ .
371 2067 1806 53 © Sept. 24, 1929; 2c. and aff. Sept. 25; A 13642; Macmillan co.
451 2126 283 52 (29-28659)

364 2220 223 65 Pitkin,
617 2219 227 56 Walter
874 2220 341 64 Boughton.

436 2299 123 53 The
593 2317 195 50 young
822 2298 207 53 citizen
1064 2304 60 47 at
1158 2299 160 52 work
1351 2298 114 53 and
1501 2304 61 47 at
1595 2298 157 69 play,
1786 2299 75 70 by

364 2300 1994 145 Walter B. Pitkin … and Harold F. Hughes …
1569 2376 141 53 New
1750 2376 181 69 York,
1969 2378 71 53 D.
2082 2377 299 69 Appleton

365 2455 650 67 and company [ᶜ192 9]
438 2534 1290 50 1 p. l. , v-vii p., 1 l., ix-x, 209 p. illus. 19 ᶜᵐ .
375 2589 52 52 ©
456 2592 102 42 Oct.
584 2593 68 46 11,
681 2592 118 41 1929;
851 2592 70 41 2c,
947 2592 99 39 and
1072 2591 83 41 aff.
1185 2590 103 42 Oct.
1314 2590 59 41 16;
1427 2591 43 40 A
1496 2590 148 41 14190;
1699 2591 59 42 D.
1785 2592 242 48 Appleton
2054 2592 38 40 &
2117 2602 69 30 co.

450 2648 283 49 (29-28685)

365 2726 338 66 Prunières,
732 2728 225 65 Henry,
990 2732 173 51 1886-

499 2805 1879 71 … La vie illustre et libertine de Jean-Baptiste Lully.
366 2884 565 69 Paris, Plon [1 929]
368 2965 1996 105 4 p. l. , iii, 263 p., 1 l. 19 ᶜᵐ . (Half-title: Le roman des grandes existences. 27)
439 3078 116 42 “Vie
585 3076 298 44 romancée.”

376 3132 1756 52 © June 3, 1929; 1c. Aug. 23; A—Foreign 4380; Librairie Plon.
453 3192 282 49 (29-28523)

367 3269 275 64 Roberts,
672 3268 268 64 Alpheus
968 3269 55 55 J.

439 3345 308 55 Universal
788 3345 498 69 electromagnetic
1324 3346 354 68 hypothesis,
1716 3347 77 67 by
1831 3346 263 68 Alpheus
2133 3347 56 52 J.

369 3345 1990 149 Roberts. Boston, The Christopher publishing house [ ᶜ192 9]
440 3505 926 50 53 p. front. (port.) illus. 20½ᶜᵐ.
378 3559 52 52 ©
462 3563 102 41 Oct.
593 3563 70 46 26,
695 3562 114 40 1929;
869 3563 68 41 2c.
967 3563 97 39 and
1095 3561 82 41 aff.
1207 3562 119 40 Nov.
1358 3561 29 41 8:
1443 3561 44 40 A
1515 3561 145 41 14679;
1723 3561 320 49 Christopher
2071 3563 110 47 pub.
2213 3562 165 41 house.

456 3618 280 50 (29-28701)

370 3697 201 65 Rosin,
598 3698 165 64 Paul,
796 3703 172 50 1890-

440 3777 121 52 Das
603 3776 412 68 It-diagramm
1058 3777 100 53 der
1200 3776 418 70 Verbrennung,
1659 3795 113 35 von
1815 3777 231 69 dr.-ing.
2089 3779 66 52 P.
2200 3777 181 53 Rosin

433 3853 1687 69 … und dipl.-ing. R. Fehling; mit 35 abbildungen und
2154 3858 66 50 10
371 3853 1984 130 zahlentafeln.
730 3930 217 59 Berlin,
974 3931 376 69 VDI-verlag
1377 3950 52 50 g.
1457 3951 73 34 m.
1559 3931 52 54 b.
1638 3931 76 67 h.,
1744 3935 148 50 1929.
