2542 4389
1038 4027 135 53 1327

81 382 196 63 Sears,
305 379 156 55 John
486 377 241 66 Harold,
758 382 172 51 1881-

144 463 1930 76 The new place of the stockholder, by John H. Sears … New
75 550 163 54 York
264 550 113 52 and
403 549 258 68 London,
689 548 234 67 Harper
951 549 49 50 &
1028 545 280 67 brothers,
1339 547 150 50 1929.

211 627 808 54 xv p., 1 l., 260 p. 1 illus. 22ᶜᵐ.
85 700 52 52 ©
166 704 128 47 Sept.
318 704 41 46 4,
385 701 142 48 1929;
554 702 67 39 2c.
651 701 130 48 Sept.
807 700 53 46 5;
890 698 83 42 aff.
1001 700 129 46 Sept.
1157 698 52 46 6;
1238 699 40 38 A
1304 697 171 47 13018;
1506 697 194 47 Harper
1727 696 36 40 &
1789 696 126 39 bros.

164 757 281 51 (29-18220)

85 883 292 64 Simonds,
406 882 254 54 William
691 882 70 54 A.

152 977 203 69 Henry
387 977 173 67 Ford,
589 981 185 47 motor
804 977 217 68 genius,
1050 976 76 67 by
1152 975 263 53 William
1444 973 71 53 A.
1549 972 285 66 Simonds,
84 968 1974 156 including

217 1075 31 34 a
283 1054 266 70 pictorial
583 1053 362 69 supplement
978 1052 260 70 showing
1273 1072 32 33 a
1335 1052 120 68 trip
1489 1050 252 69 through
1774 1049 97 53 the
82 1048 1978 139 Dearborn

79 1129 1980 149 plant … Garden City, N. Y., Doubleday, Doran & company, inc., 1929.
183 1288 1511 52 x p., 1 l., 205 p., 2 1. front., illus., plates, ports. 20½ᶜᵐ.
87 1360 52 52 ©
165 1365 119 45 Aug.
309 1364 69 46 16,
404 1363 141 47 1929;
570 1363 67 40 2c.
663 1364 95 38 and
784 1362 82 40 aff.
893 1363 118 46 Aug.
1038 1361 57 40 30;
1150 1362 40 38 A
1215 1361 171 41 11958:
1414 1361 299 46 Doubleday.
1741 1361 168 38 Doran
1936 1360 36 40 &
1999 1370 80 34 co.,

158 1420 90 40 inc.
315 1418 278 50 (29-18108)

86 1543 189 54 South
324 1550 234 48 western
611 1550 272 60 reporter.
963 1542 212 55 Second
1230 1543 185 54 series.
1493 1542 169 55 Cases
1711 1544 214 66 argued
1974 1542 112 53 and

158 1624 349 52 determined
551 1624 56 51 in
654 1624 94 51 the
793 1622 275 69 Supreme
1110 1627 188 47 courts
1341 1622 63 51 of
1445 1622 312 53 Arkansas,
1795 1622 292 53 Missouri.

159 1701 329 65 Tennessee,
521 1700 112 52 and
668 1700 213 53 Texas:
920 1698 208 55 Courts
1163 1698 64 53 of
1261 1699 235 68 appeals
1532 1698 65 54 of
1629 1696 310 70 Kentucky
1972 1699 115 52 and

158 1780 300 59 Missouri;
504 1779 205 53 Courts
751 1779 66 52 of
854 1779 133 52 civil
1031 1780 112 51 and
1186 1778 264 53 criminal
1491 1780 233 66 appeals
1767 1778 107 52 and
157 1777 1908 134 Commission
427 1857 63 53 of
524 1859 233 66 appeals
790 1857 65 53 of
888 1858 201 56 Texas,
1124 1856 137 53 with
1298 1855 375 69 key-number
1707 1855 380 53 annotations.

158 1955 51 33 V.
262 1940 63 48 16
386 1934 126 69 (2d)
597 1935 139 69 May
783 1935 257 52 22—June
1091 1938 81 50 19,
1222 1937 149 49 1929.
1446 1935 349 53 Permanent
1841 1936 85 52 ed.
2007 1931 82 56 St.

158 2016 165 52 Paul.
351 2014 158 52 West
541 2013 334 68 publishing
906 2032 97 36 co.,
1037 2015 149 51 1929.

159 2095 118 47 xxii,
308 2095 117 40 1195
453 2106 43 37 p.
553 2094 117 40 26ᶜᵐ.

93 2162 52 52 ©
172 2166 120 47 Aug.
319 2165 40 47 1,
386 2164 117 41 1929:
556 2165 67 41 2c.
655 2166 128 47 Sept.
812 2164 83 41 12:
926 2164 82 41 aff.
1040 2165 128 48 Sept.
1197 2164 82 41 16:
1311 2165 42 39 A
1379 2165 172 47 12348;
1582 2165 135 41 West
1746 2166 108 47 pub.
1884 2176 67 28 co.

91 2303 273 63 Spencer,
394 2302 254 55 William
678 2303 240 55 Homer.

155 2393 1874 70 A textbook on law and business, by William H. Spencer …
87 2471 1758 71 Chicago, Ill., The University of Chicago press [ ᶜ1 929 ]
158 2554 65 48 ix,
253 2554 115 40 1116
395 2565 44 38 p.
499 2554 147 42 23½ᶜᵐ.

98 2622 52 52 ©
178 2626 120 49 Aug.
326 2626 70 45 20,
425 2625 140 48 1929;
594 2626 67 41 2c.
695 2627 128 48 Sept.
852 2627 54 46 4;
938 2626 81 40 aff.
1050 2626 119 48 Aug.
1199 2625 83 49 30;
1315 2627 40 39 A
1385 2626 169 48 13047;
1588 2626 284 49 University
1903 2627 52 40 of
163 2627 1910 104 Chicago,
324 2683 223 48 Chicago.
614 2682 281 50 (29-18222)

94 2808 200 64 Stack,
322 2807 200 53 Elmer
551 2808 56 54 S.

91 2899 1981 146 The indirect water heater; application, installation, servicing, by Elmer S. Stack … [Boston, ᶜ1 929]
197 3059 921 49 x , 171 p. incl. illus., tables. 19½ᶜᵐ.
163 3131 226 39 Lettered
420 3141 59 29 on
508 3141 167 29 cover:
709 3130 216 40 Indirect
954 3132 154 38 water
1136 3131 213 47 heating.

100 3197 52 52 ©
176 3201 120 48 Aug.
322 3201 70 41 22.
417 3201 113 40 1929:
583 3201 67 40 2c.
674 3201 121 45 Aug.
820 3201 51 40 31:
931 3201 82 40 aff.
1040 3202 119 42 Aug.
1185 3201 56 40 29;
1296 3202 39 39 A
1361 3201 171 41 12089;
1562 3204 52 38 E.
1643 3202 44 42 S.
1717 3203 160 43 Stack,
171 3204 1906 101 Arlington,
299 3258 147 39 Mass.
515 3257 281 49 (29-18294)

100 3366 285 64 Streeter,
413 3366 257 53 Burnett
698 3365 281 66 Hillman,
1010 3369 172 53 1874-

168 3459 120 51 The
322 3458 293 68 primitive
649 3460 229 56 church,
912 3459 227 53 studied
1173 3460 140 52 with
1348 3459 211 68 special
1593 3460 286 54 reference
1912 3467 58 47 to
2004 3464 96 52 the

98 3536 217 69 origins
356 3536 64 53 of
460 3538 95 51 the
598 3537 294 55 Christian
935 3537 270 68 ministry;
1277 3539 239 52 lectures
1560 3538 285 54 delivered
1889 3558 72 34 on
2002 3542 95 52 the

98 3613 2002 73 Hewett foundation, by Burnett Hillman Streeter … New
100 3692 179 67 York,
307 3694 121 52 The
454 3693 335 53 Macmillan
817 3712 298 50 company,
1149 3697 148 51 1929.

171 3774 103 48 xiii,
306 3775 71 49 [1],
405 3775 85 40 323
518 3786 41 37 p.
621 3775 128 40 illus.
778 3775 161 49 (map)
1008 3775 145 41 20½ᶜᵐ.

172 3845 195 41 Hewett
393 3847 223 46 lectures,
645 3846 128 41 1928.

106 3913 52 52 ©
189 3917 127 48 Sept.
343 3918 41 39 3.
410 3917 114 39 1929;
579 3919 67 39 2c.
674 3919 95 39 and
798 3919 81 41 aff.
911 3919 128 48 Sept.
1066 3920 27 38 4;
1151 3920 40 38 A
1219 3918 169 43 11997:
1421 3920 279 40 Macmillan
1731 3931 66 30 co.

185 3973 279 48 (29-18234)
