2533 4342
1313 3983 134 54 1738

438 418 280 46 Half-title;
749 418 118 40 each
897 418 190 39 volume
1117 417 89 39 has
1234 417 103 39 also
1366 415 181 49 special
1577 418 98 46 t.-p.

443 474 144 40 “This
621 475 184 39 edition
839 473 41 40 is
914 473 197 47 strictly
1143 473 189 39 limited
1367 475 48 37 to
1449 483 88 28 one
1572 472 246 39 thousand
1850 472 94 38 and
1980 470 154 47 thirty
2166 473 99 38 sets
2297 470 81 41 for

371 531 80 39 the
484 530 176 40 United
696 530 163 40 States
892 529 52 41 of
974 529 240 46 America,
1248 528 51 40 of
1330 528 158 40 which
1521 539 87 29 one
1641 529 245 39 thousand
1919 538 85 29 are
2034 527 79 40 for
2146 529 101 37 sale
2281 528 96 39 and

370 587 155 46 thirty
553 597 86 29 are
667 586 79 40 for
775 584 380 50 presentation.”

711 667 116 29 CONTENTS.—v.
860 654 39 41 1.
929 656 130 40 Auld
1089 655 120 40 licht
1239 655 161 48 idylls.
1459 655 42 39 A
1532 654 208 40 window
1771 655 52 39 in
1854 655 331 40 Thrums.—v.
2220 654 39 40 2.
2294 656 79 45 My

374 713 134 46 Lady
539 712 238 40 Nicotine.
838 713 171 40 Better
1042 712 138 40 dead.

378 777 52 52 ©
458 781 102 41 Oct.
588 782 69 47 23,
686 781 140 47 1929;
857 781 67 40 2c.
953 782 119 39 each
1100 780 102 41 Oct.
1230 781 83 46 26;
1345 780 109 41 affs.
1483 781 119 40 Nov.
1631 782 24 37 1;
1715 780 41 39 A
1783 779 158 49 15466,
1970 780 171 46 15467;
2175 780 203 40 Charles

449 837 264 41 Scribner’s
748 848 125 30 sons.
956 833 56 52 [©
1044 837 191 41 revised
1269 836 242 48 material,
1545 836 320 48 frontispiece
1900 837 93 39 and
2027 835 334 41 introduction]

455 893 280 48 (29-23348)

370 988 201 62 Bates,
603 987 225 52 Lindell
856 988 324 63 Theodore,
1213 993 170 48 1890-

441 1065 120 53 The
597 1065 226 54 divorce
858 1065 113 53 and
1006 1065 327 68 separation
1370 1063 64 55 of
1468 1063 178 55 aliens
1680 1064 60 53 in
1773 1066 236 65 France,
2042 1065 76 68 by
2149 1065 230 54 Lindell

371 1141 2012 71 Theodore Bates … New York, Columbia university press,
372 1225 150 50 1929.

442 1301 658 51 5 p. l., 334 p., 1 l. 24 ᶜᵐ .
442 1372 351 49 Bibliography:
848 1384 44 37 p.
918 1372 220 41 325-330.

378 1439 52 52 ©
457 1443 103 41 Oct.
584 1443 70 45 26,
682 1443 140 48 1929;
852 1444 67 39 2c.
949 1442 102 41 Oct.
1078 1442 83 48 28;
1191 1442 82 42 aff.
1300 1443 118 40 Nov.
1445 1441 52 48 1;
1528 1442 41 39 A
1596 1442 172 46 14526;
1799 1442 248 41 Columbia
2081 1442 130 40 univ.
2229 1451 151 39 press.

457 1499 281 49 (29-23376)

371 1593 461 65 Batzler-Heim,
863 1595 214 63 Georg.

441 1673 120 52 Das
589 1690 215 51 grauen
832 1690 109 34 von
973 1673 294 67 Cayenne;
1302 1671 301 53 erlebnisse
1632 1672 97 53 des
1757 1673 324 52 Deutschen
2111 1673 68 54 G.
372 1676 1985 126 Batzler-Heim

720 1750 83 51 als
870 1748 419 54 französischer
1351 1750 216 65 bagnos
1572 1749 253 69 träfling,
1889 1749 311 53 bearbeitet
2263 1750 120 53 und

371 1827 457 69 herausgegeben
882 1844 108 34 von
1045 1828 148 51 Karl
1246 1829 193 50 Bartz.
1533 1826 115 53 Mit
1701 1833 29 46 5
1780 1826 229 54 bildern
2058 1828 119 53 und
2227 1827 156 53 einer

371 1904 1904 71 karte. Hamburg [etc.] Hanseatische verlagsanstalt [ ᶜ19 29]
445 1987 86 40 192
565 1998 42 37 p.
668 1987 172 48 plates,
877 1986 26 38 2
937 1987 123 47 port,
1090 1986 15 47 (incl.
1258 1984 177 47 front.)
1478 1995 125 38 map.
1663 1985 146 41 20½ᶜᵐ.

381 2054 1983 107 © Apr. 30, 1929; 1c. July 3; A —Foreign 3912; Hanseatische verlagsanstalt,
680 2124 41 29 a.
750 2124 41 36 g.
858 2111 283 48 (29-23224)

372 2208 212 64 Beard,
617 2208 238 53 Patten.

445 2285 178 52 What
659 2284 303 68 happened
999 2283 153 54 after
1188 2284 220 61 stories,
1443 2284 74 68 by
1552 2284 211 53 Patten
1800 2285 219 66 Beard;
2059 2284 327 53 illustrated

376 2363 73 68 by
482 2362 194 54 Violet
708 2362 198 52 Moore
938 2360 273 69 Higgins.
1283 2361 270 68 Chicago,
1587 2362 71 51 A.
1693 2362 297 53 Whitman
2026 2364 46 49 &
2105 2381 280 49 company

381 2443 173 64 [1929]

446 2522 1395 51 125, [1] p. incl. col. front., illus. (part col.) 23½ ᶜᵐ .
449 2580 288 39 Illustrated
769 2582 98 45 t.-p.
896 2580 97 39 and
1022 2578 351 49 lining-papers
1401 2578 51 40 in
1481 2579 172 41 colors.

383 2632 52 52 ©
463 2637 102 41 Oct.
590 2637 69 47 14,
685 2635 141 47 1929;
855 2636 67 39 2c.
948 2636 119 39 Nov.
1094 2637 53 46 4;
1177 2635 82 41 aff.
1284 2635 118 40 Nov.
1429 2636 25 37 2;
1511 2636 39 38 A
1576 2636 143 40 15483;
1777 2637 170 40 Albert
1973 2637 251 41 Whitman
2251 2639 37 40 &
2315 2649 68 29 co.

462 2692 281 49 (29-23344)

374 2785 253 63 Benson,
660 2786 199 52 Frank
889 2787 263 53 Weston.

452 2863 283 70 Etchings
778 2864 108 52 and
936 2864 323 68 drypoints,
1303 2864 74 69 by
1423 2865 198 53 Frank
1665 2865 88 54 W.
1801 2867 256 66 Benson;
2106 2884 74 34 an
380 2866 1979 127 illustrated

604 2942 113 51 and
751 2941 344 68 descriptive
1129 2942 313 68 catalogue,
1476 2943 141 52 with
1655 2962 74 33 an
1761 2942 248 70 original
2045 2942 232 68 etching
2309 2942 76 69 by

381 3017 110 54 Mr.
522 3018 226 52 Benson
778 3019 110 51 and
919 3018 438 67 reproductions
1383 3018 67 54 of
1476 3020 78 51 all
1583 3020 97 52 the
1709 3020 202 68 plates,
1940 3037 163 51 comp.
2152 3020 113 52 and
382 3037 1979 126 arranged

632 3094 77 68 by
743 3095 190 53 Adam
971 3096 67 52 E.
1075 3096 80 52 M.
1193 3096 148 53 Paff.
1414 3116 51 33 v.
1501 3100 47 49 4.
1623 3097 218 52 Boston
1878 3097 113 52 and
2027 3097 140 51 New
2205 3094 182 69 York,

380 3170 322 69 Houghton
732 3172 205 52 Mifflin
972 3191 300 49 company,
1309 3176 149 50 1929.

449 3252 1148 52 xxi, [1], 99, [1] p. incl. front., illus; 32 ᶜᵐ .
384 3304 52 52 ©
465 3309 119 40 Nov.
613 3310 68 41 15,
712 3310 142 47 1929;
885 3311 67 41 2c.
981 3311 118 41 Nov.
1130 3311 81 47 18;
1245 3311 81 41 aff.
1356 3312 119 41 Nov.
1504 3312 56 40 16;
1619 3313 40 39 A
1690 3311 171 47 15868;
1896 3312 152 39 Adam
2082 3312 53 39 K.
2168 3312 60 38 M.
2260 3308 124 49 Paff,

450 3365 119 40 New
592 3366 147 41 York.

374 3458 238 65 Bianco,
641 3460 257 65 Pamela,
976 3463 102 54 illus.

456 3536 412 66 [Illustrations]
922 3539 76 68 by
1028 3540 231 53 Pamela
1296 3541 217 53 Bianco
1552 3541 75 67 [in
1662 3541 97 52 the
1788 3538 151 54 book
1969 3538 258 65 entitled]
2265 3537 122 51 The

379 3612 2008 74 birthday of the infanta, by Oscar Wilde … New York, The
378 3689 337 53 Macmillan
748 3709 299 52 company,
1083 3697 150 49 1929.

449 3771 1875 54 4 p. l., 57. [4] p., 1 l. incl. illus., plates, col. front., 3 double col. pl.
377 3826 56 39 24 ᶜᵐ.
382 3876 52 53 ©
462 3882 102 41 Oct.
591 3884 54 38 22,
747 3885 55 39 1929;
859 3886 67 40 2c.
955 3888 95 38 and
1079 3887 82 40 aff.
1192 3887 101 41 Oct.
1323 3889 55 38 23;
1436 3890 40 40 A
1506 3888 144 42 14309;
1713 3886 284 40 Macmillan
2027 3895 66 29 co.
