2542 4389
1122 4023 133 49 1043

174 432 226 72 erating
435 432 347 68 machinery,
820 431 320 69 properties
1178 431 113 52 and
1330 431 195 53 values
1565 431 64 52 of
1664 430 290 70 principal
1991 432 189 53 media

174 511 135 52 used
338 511 58 53 in
428 511 233 51 modern
689 508 416 70 refrigerating
1135 513 341 64 apparatus;
1509 508 398 54 transmission
1936 509 65 52 of
2030 509 150 68 heat,

174 586 293 55 functions
494 588 111 52 and
634 588 195 52 values
856 588 64 52 of
948 587 319 69 insulating
1295 585 322 70 materials;
1649 586 386 54 construction
2066 589 113 52 and

175 666 298 68 operation
523 665 63 53 of
633 665 231 53 various
912 670 163 63 parts
1123 664 64 54 of
1236 663 415 72 refrigerating
1701 669 317 63 apparatus
2068 665 109 53 and

174 744 354 68 application
561 744 64 52 of
657 743 411 69 refrigeration
1100 749 59 47 to
1191 744 75 52 its
1300 743 196 53 varied
1530 762 140 50 uses,
1702 743 76 69 by
1809 743 262 55 William
2102 743 77 54 H.

174 823 175 68 Motz,
395 841 66 36 μ.
506 841 46 33 E.
629 823 71 52 2d
748 823 83 52 ed.
909 820 272 70 Chicago,
1224 821 114 69 Ill.,
1384 821 315 53 Nickerson
1745 825 45 49 &
1836 821 220 56 Collins
2101 838 80 35 co.

179 904 192 64 [ ᶜ1 929 ]
247 983 65 47 xi,
337 983 84 40 707
445 994 43 36 p.
512 983 108 38 incl.
645 982 144 45 illus.,
815 982 169 45 tables,
1011 982 167 39 forms,
1232 981 119 40 fold,
1444 1014 8 14 pl.,
1478 981 180 47 diagrs.
1694 981 135 48 (part
1854 979 144 43 fold.)
2061 980 118 41 24ᶜᵐ.

250 1038 145 41 “This
428 1039 133 39 work
593 1039 89 39 has
716 1039 116 39 been
866 1039 119 39 used
1020 1038 49 39 in
1104 1038 203 47 chapter
1337 1038 129 40 form
1501 1038 60 47 by
1594 1038 81 40 the
1711 1037 233 40 National
179 1037 1986 99 association
330 1097 52 39 of
428 1095 233 49 practical
715 1095 348 47 refrigerating
1109 1094 253 47 engineers
1410 1095 79 39 for
1538 1094 129 41 their
1717 1093 232 41 National
1999 1095 185 39 lecture

176 1153 406 42 course.”—Pref.

182 1208 1997 52 © July 2, 1929; 2c. July 6; aff. July 5; A 11085; Nickerson & Collins co.
258 1266 256 51 (29-14645
526 1268 14 48 )

184 1334 265 63 Murray,
484 1331 245 65 Gilbert,
765 1337 170 50 1866-

246 1409 1938 70 The ordeal of this generation, by Gilbert Murray … New
178 1488 163 53 York
371 1489 112 52 and
514 1488 259 67 London,
801 1487 235 68 Harper
1063 1489 45 51 &
1137 1487 280 68 brothers,
1450 1489 150 51 1929.

249 1571 635 48 ix p., 1 l., 276 p. 21ᶜᵐ.
250 1629 128 39 “The
418 1629 258 39 substance
716 1627 52 41 of
807 1627 99 40 this
946 1628 121 40 book
1107 1637 103 31 was
1250 1627 246 40 delivered
1536 1637 55 30 as
1631 1627 80 40 the
1752 1627 179 46 Halley
1974 1626 207 41 Stewart

178 1686 209 40 lectures
420 1685 49 39 in
503 1683 156 42 1928.”

250 1741 162 40 “First
450 1740 227 41 edition.”

183 1794 53 52 ©
263 1799 117 47 July
405 1798 39 47 5,
473 1797 140 48 1929;
642 1798 67 39 2c.
737 1798 117 46 July
881 1798 81 46 11;
994 1796 83 40 aff.
1105 1797 115 48 July
1249 1796 81 47 10;
1362 1797 40 38 A
1430 1795 170 48 10166;
1633 1797 195 47 Harper
1854 1796 37 40 &
1917 1797 127 40 bros.

264 1853 281 50 (29-14720)

181 1919 256 65 Nicolas,
469 1920 261 63 Eugène,
763 1922 171 52 1867-

249 1996 468 70 Ophtalmologie
747 1997 342 53 vétérinaire
1118 2002 54 48 et
1200 2015 313 50 comparée,
1542 2014 105 51 par
1675 1997 52 53 le
1753 1998 56 52 Dʳ
1859 1997 67 53 E.
1956 1997 232 53 Nicolas

178 2074 1983 148 … 2. ed., augm. et refondue, avec 9 planches chromolithographiées
508 2158 53 48 et
587 2156 102 50 205
716 2152 211 70 figures
954 2154 331 52 intercalées
1314 2154 141 52 dans
1484 2154 51 52 le
1562 2158 167 48 texte.
1794 2153 187 68 Paris,
2008 2153 180 69 Vigot

181 2230 197 69 frères,
413 2233 149 51 1928.

249 2313 1283 50 3 p. l., 499 p. illus., IX col. pl., diagrs. 19½ᶜᵐ.
253 2370 420 49 “Bibliographie”:
738 2381 43 38 p.
818 2371 250 49 [462]-473.

254 2427 115 39 “Loi
400 2429 47 37 et
479 2427 263 47 reglement
771 2429 295 39 concernant
1096 2427 70 40 les
1198 2426 258 41 affections
1489 2428 83 39 des
1604 2438 126 36 yeux
1763 2438 59 29 en
1856 2428 185 40 France
2134 2428 52 40 …”:

182 2493 41 38 p.
257 2482 250 50 [459]-461.

189 2535 51 52 ©
272 2540 119 40 Nov.
422 2541 39 46 7,
494 2539 140 47 1928;
699 2551 37 29 1c.
769 2541 121 39 Mar.
923 2540 69 47 22,
1025 2539 142 47 1929;
1201 2540 314 48 A—Foreign
1546 2540 143 48 2618;
1724 2541 144 49 Vigot
1900 2542 173 40 freres.

264 2595 281 49 (29-14316)

186 2649 275 64 Oglesby,
499 2650 257 52 Earnest
791 2649 277 56 Jackson.

255 2728 395 69 Logarithmic
694 2730 113 52 and
850 2729 433 69 trigonometric
1327 2730 198 68 tables,
1565 2731 75 69 by
1684 2730 210 54 Ernest
1935 2730 253 55 Jackson

185 2805 2001 149 Oglesby and Hollis Raymond Cooley … New York, Prentice-Hall,
376 2886 128 69 inc.,
537 2888 149 51 1929.

252 2966 67 47 iii,
350 2966 55 40 76
431 2977 43 38 p.
534 2967 56 39 24
592 2969 44 21 cm
641 2998 9 10 .

191 3020 51 52 ©
279 3025 114 46 May
426 3024 70 43 24,
531 3023 140 47 1929;
707 3025 68 39 2c.
811 3027 96 39 and
942 3024 82 41 aff.
1061 3025 115 47 July
1254 3036 8 35 8;
1300 3025 84 40 aff.
1419 3026 116 39 July
1570 3025 25 41 6:
1661 3026 40 39 A
1736 3025 170 48 11081;
257 3026 1931 103 Prentice-Hall,

415 3080 92 41 inc.
573 3079 282 51 (29-34752)

189 3133 285 64 Orchard,
503 3134 255 53 William
791 3134 227 65 Edwin,
1055 3136 170 53 1877-

260 3213 1867 69 The present crisis in religion [by] the Rev. W. E. Orchard …
190 3291 138 52 New
361 3291 163 52 York
554 3293 113 51 and
698 3292 259 58 London,
990 3291 236 69 Harper
1254 3294 45 50 &
1328 3293 279 68 brothers,
1639 3296 150 51 1929.

256 3372 758 50 vii p., 3 l., 281, [1] p. 21ᶜᵐ.
191 3424 51 52 ©
269 3429 117 47 July
412 3429 68 45 11,
508 3429 140 47 1929;
677 3430 68 40 2c.
772 3429 117 48 July
914 3430 55 38 11;
1027 3429 82 42 aff.
1138 3429 116 49 July
1281 3430 82 42 13:
1393 3430 42 39 A
1462 3430 170 47 11206;
1664 3431 194 48 Harper
1886 3432 37 40 &
1949 3433 125 39 bros.

268 3484 279 50 (29-14782)

191 3537 250 64 Oregon.
520 3540 275 67 Supreme
826 3547 173 46 court.

262 3616 1927 72 Reports of cases decided … James W. Crawford, reporter.
194 3712 50 35 V.
273 3694 114 53 127.
464 3695 173 51 From
665 3694 246 54 October
936 3700 48 64 9,
1014 3699 149 50 1928,
1189 3702 58 48 to
1273 3697 264 70 January
1564 3701 223 51 8.1929.
1866 3698 115 56 San
192 3699 1973 131 Francisco,
387 3772 584 70 Baneroft-Whitney
1002 3793 297 49 company,
1332 3778 149 50 1929.

395 3884 8 15 xxxv,
436 3852 86 40 793
554 3864 43 37 p.
658 3854 147 40 221ᶜᵐ.

195 3903 51 52 ©
280 3909 115 46 July
427 3909 68 41 26.
528 3909 139 45 1929;
702 3910 68 40 2c.
804 3911 94 39 and
932 3910 83 41 aff.
1047 3911 121 48 Aug.
1201 3912 53 45 5;
1290 3912 83 40 aff.
1405 3912 121 48 Aug.
1558 3913 54 46 2;
1647 3914 42 38 A
1722 3914 172 47 11482;
1930 3915 257 40 Bancroft-

262 3965 228 48 Whitney
518 3977 66 30 co.
