2542 4389
1040 4065 135 50 1885

98 406 260 66 Eliason,
387 406 279 64 Eldridge
696 406 185 64 Lyon,
913 406 172 54 1879-

97 477 1980 138 … Surgical nursing, by E. L. Eliason … L. Kraeer Ferguson … Elizabeth
97 554 1980 153 Keller Lewis … 261 illustrations. Philadelphia [etc.] J. B. Lippincott
1109 636 515 68 company [ ᶜ19 29 ]
167 720 98 48 xvi,
302 719 87 41 566
423 731 43 37 p.
527 719 143 47 illus.,
708 718 181 48 diagrs.
918 717 49 49 (1
1002 717 146 47 fold.)
1193 716 156 41 forms
1396 715 51 50 (1
1484 715 146 47 fold.)
1696 713 120 42 21ᶜᵐ.
98 712 1989 105 (Lippincott’s
265 775 204 49 nursing
495 774 251 48 manuals)

103 843 52 52 ©
185 845 129 49 Sept.
340 846 70 48 10,
435 845 114 40 1929;
605 845 67 41 2c.
701 845 96 39 and
825 843 82 42 aff.
933 845 120 40 Nov.
1079 843 58 41 16;
1192 844 42 38 A
1260 842 143 42 15831;
1462 843 45 41 J.
1534 843 57 39 B.
1617 841 278 49 Lippincott
1923 851 68 30 co.

181 901 282 50 (29-25916)

101 998 333 63 Entwistle,
464 996 212 54 Alfred
707 995 246 55 Roland.

172 1072 1929 70 The study of poetry, by Paul Landis … and A. R. Entwistle
162 1150 1280 69 … New York, T. Nelson and sons, 1929.
169 1231 1929 53 vii, [2], 11-306 p., 16 ᶜᵐ. (Half-title: Nelson’s English series; general
99 1290 275 42 editor—E.
406 1288 304 49 Bernbaum)

170 1360 201 39 London
398 1358 183 40 edition
608 1358 62 47 by
698 1358 56 40 A.
783 1357 57 41 R.
870 1356 261 41 Entwistle
1159 1356 92 40 has
1279 1356 137 41 title:
1448 1357 103 41 The
1580 1357 146 48 study
1757 1357 52 42 of
1839 1359 262 47 poetry—a

102 1415 205 48 literary
334 1416 319 46 supplement.

172 1471 69 40 “A
270 1471 188 48 helpful
490 1469 305 49 reading-list
825 1469 80 40 for
936 1469 226 40 students
1193 1470 96 39 and
1321 1469 252 40 teachers”:
1635 1479 46 39 p.
1710 1468 220 42 303-306.

105 1523 53 53 ©
193 1528 130 47 Sept.
352 1527 71 48 21,
455 1525 117 41 1929;
630 1525 68 41 2c.
734 1525 103 41 Oct.
868 1526 26 40 3;
957 1525 83 41 aff.
1074 1525 103 41 Oct.
1209 1524 60 41 29;
1328 1525 43 39 A
1401 1525 147 41 13858;
1610 1525 211 41 Thomas
1854 1525 181 40 Nelson
2068 1526 36 40 &

173 1594 127 30 sons.
365 1581 281 51 (29-20422)

93 1677 182 64 Field,
303 1676 222 53 Rachel
550 1676 250 64 Lyman,
832 1680 172 50 1894-

166 1752 308 54 American
521 1752 126 53 folk
691 1753 114 52 and
851 1752 158 70 fairy
1052 1752 159 68 tales,
1256 1753 240 53 selected
1541 1753 76 69 by
1660 1753 216 53 Rachel
1921 1754 185 68 Field,

97 1832 140 53 with
277 1830 291 70 drawings
608 1830 77 69 by
725 1830 298 69 Margaret
1065 1830 298 54 Freeman.
1441 1831 139 53 New
1625 1831 179 69 York,
1844 1832 262 70 London,

98 1909 62 56 C.
195 1909 314 56 Scribner’s
540 1926 145 51 sons,
718 1911 150 50 1929.

166 1991 1223 50 xvi, 302 p. col. front., illus., col. plates. 23½ ᶜᵐ.
103 2045 1999 53 © Nov. 12, 1929; 2c. Nov. 18; aff. Nov. 15; A 15881; Charles Scribner's
173 2116 127 31 sons.
368 2105 282 50 (29-25017)

97 2198 224 66 Finley,
350 2201 139 53 Mrs.
518 2199 165 53 Ruth
720 2197 321 68 (Ebright)
1079 2204 171 50 1884-

168 2278 115 54 Old
321 2277 336 69 patchwork
693 2277 175 68 quilts
909 2278 113 52 and
1061 2278 95 53 the
1195 2296 218 34 women
1450 2278 128 54 who
1617 2281 164 53 made
1821 2281 173 68 them,
2033 2282 75 69 by

96 2357 159 52 Ruth
292 2356 67 52 E.
394 2356 235 68 Finley;
667 2355 141 53 with
844 2375 31 33 a
913 2355 374 69 frontispiece
1321 2357 60 52 in
1417 2358 171 67 color,
1624 2361 65 49 96
1724 2358 383 54 illustrations

97 2436 115 52 and
246 2437 98 50 100
378 2435 306 69 diagrams.
761 2434 412 68 Philadelphia
1205 2437 46 50 &
1282 2434 260 69 London,
1575 2436 57 54 J.
1664 2438 68 51 B.
1767 2436 340 70 Lippincott

95 2531 297 51 company,
427 2515 150 51 1929.

164 2595 1399 51 202 p. col. front., illus., 96 pl. on 48 l., diagrs. 23 ᶜᵐ.
166 2653 312 41 Illustration
499 2663 60 30 on
581 2654 98 47 t.-p.

107 2705 53 53 ©
187 2711 120 47 Aug.
333 2709 70 49 28,
431 2709 114 41 1929;
598 2709 69 41 2c.
695 2711 96 39 and
819 2709 82 42 aff.
929 2711 119 39 Nov.
1075 2711 28 39 7;
1159 2710 43 39 A
1227 2710 145 41 14825;
1430 2711 56 41 R.
1516 2713 54 39 E.
1598 2712 184 49 Finley,
1812 2713 119 39 New
1958 2714 146 41 York.

184 2765 281 51 (29-27520)

99 2858 287 65 Fleming,
415 2857 210 54 Daniel
650 2858 287 66 Johnson,
967 2861 172 53 1877-

172 2937 179 69 Ways
375 2936 65 54 of
463 2936 238 70 sharing
726 2936 140 53 with
893 2937 163 53 other
1084 2936 199 70 faiths,
1309 2938 75 70 by
1409 2939 212 53 Daniel
1637 2939 262 55 Johnson

106 2942 1974 142 Fleming,
245 3033 99 34 PH.
370 3033 47 34 D.
479 3015 139 53 New
643 3014 180 68 York,
847 3014 366 53 Association
1236 3033 177 51 press,
1440 3018 152 52 1929.

171 3095 659 50 xii, 268 p. diagrs. 19½ ᶜᵐ.
175 3154 70 39 “A
282 3152 286 49 companion
608 3153 192 40 volume
840 3155 48 38 to
930 3153 84 40 the
1053 3154 216 47 recently
1309 3153 257 49 published
1609 3154 265 42 ‘Attitudes
1913 3158 191 40 toward

102 3209 141 40 other
277 3208 542 48 faiths’.”—Prefatory
856 3210 128 40 note.

110 3261 52 53 ©
191 3266 120 40 Nov.
340 3265 69 48 16,
440 3264 140 47 1929;
611 3265 69 40 2c.
710 3265 119 40 Nov.
859 3264 83 48 22;
975 3264 83 42 aff.
1088 3265 119 41 Nov.
1238 3265 83 48 20;
1353 3267 41 38 A
1425 3266 171 48 16023;
1631 3267 207 41 General
1869 3269 153 40 board
2054 3271 52 39 of

176 3321 82 41 the
286 3322 171 47 Young
485 3321 150 41 men’s
663 3320 251 42 Christian
945 3331 143 38 assn.,
1118 3321 119 41 New
1267 3322 145 40 York.
1481 3322 281 50 (29-25934)

101 3416 199 64 Frain,
329 3415 277 53 Hummel
633 3416 85 52 La
745 3416 147 53 Rue.

171 3493 98 52 An
308 3492 387 53 examination
735 3491 66 54 of
838 3493 268 68 earnings
1145 3493 60 52 in
1246 3494 217 52 certain
1502 3496 278 54 standard
1820 3501 283 53 machine-

103 3569 1939 70 tool occupations in Philadelphia, by H. La Rue Frain …
103 3647 429 68 Philadelphia,
566 3647 338 69 University
939 3646 65 54 of
1037 3648 428 68 Pennsylvania
1500 3668 174 51 press,
1713 3655 151 51 1929.

175 3727 1932 52 xiv, 85 p. incl. tables, diagrs. 23½ ᶜᵐ. (Half-title: Industrial research
107 3786 142 47 dept.,
290 3783 238 42 Wharton
563 3784 165 40 school
767 3784 52 40 of
856 3783 187 41 finance
1084 3785 96 39 and
1220 3795 278 39 commerce,
1541 3788 283 52 University
1864 3793 53 40 of
107 3794 1984 95 Pennsylvania.

407 3840 242 40 Research
687 3839 189 41 studies.
949 3839 54 48 v)

179 3897 264 40 Published
476 3898 102 38 also
614 3907 54 29 as
701 3895 154 41 thesis
900 3895 14 48 (PH.
1097 3894 14 48 D.)
1154 3896 284 49 University
1472 3899 53 39 of
1560 3901 374 49 Pennsylvania.

111 3951 53 53 ©
189 3957 119 38 Nov.
336 3954 39 48 8,
402 3952 114 42 1929;
570 3953 69 41 2c.
666 3953 119 41 Nov.
811 3953 58 40 18;
924 3952 82 41 aff.
1032 3953 120 40 Nov.
1180 3953 55 40 19;
1291 3955 42 39 A
1360 3954 142 41 15901;
1561 3958 284 51 University
1872 3963 53 38 of
179 3963 1907 97 Pennsylvania
433 4019 151 40 press.
652 4007 282 51 (29-25926)
