2533 4384
1050 4024 104 50 225

118 382 244 62 Abbott,
399 379 240 54 Austin.

116 454 2000 149 Abbott’s digest of all the New York reports, 1928 … A continuation of Abbott’s digest 1794 to 1900, and supplements
114 615 237 66 thereto,
386 616 133 49 1900
552 618 58 47 to
647 615 153 64 1924,
833 612 60 52 in
928 631 32 33 a
993 610 258 53 uniform
1286 609 418 55 classification.
1776 611 141 52 New
1953 609 164 54 York

114 693 133 68 city.
280 691 208 67 Baker,
576 691 191 52 Voorhis
799 691 53 51 &
877 707 107 48 co.;
1021 690 139 52 New
1194 688 165 53 York
1392 689 134 68 city,
1558 689 329 67 Rochester,
1919 687 71 54 N.
2024 689 92 68 Y.,

114 771 120 53 The
263 770 267 69 Lawyers
560 787 181 50 co-op.
764 768 140 69 .pub.
936 785 80 37 co.
1053 770 173 65 [1929]

182 855 40 41 1.
257 852 85 41 863
376 863 44 38 p.
480 852 148 41 25½ᶜᵐ.

116 906 51 52 ©
195 910 112 41 Feb.
334 909 39 48 9,
401 908 118 41 1929;
571 909 68 40 2c.
667 908 112 41 Feb.
807 908 82 47 14;
920 907 82 41 aff.
1030 907 112 41 Feb.
1169 907 83 47 15;
1281 907 44 40 A
1351 906 141 48 5285;
1524 906 176 46 Baker,
1730 906 208 40 Voorhis
1966 906 37 40 &
2031 917 81 37 co.,

182 967 118 39 New
329 966 144 46 York,
502 968 96 39 and
627 965 232 47 Lawyers
886 963 328 49 co-operative
1241 964 110 47 pub.
1381 974 82 37 co.,
1494 963 281 47 Rochester,
1806 963 57 40 N.
1895 964 53 39 Y.

112 1047 303 63 Academy
441 1046 64 53 of
531 1045 259 64 political
816 1046 247 63 science,
1089 1046 140 52 New
1260 1046 176 52 York.

109 1120 2006 227 … The preservation of peace; a series of addresses and papers presented at the annual meeting of the Academy of political science in the city of New York, November 23, 1928,
106 1358 191 53 edited
329 1357 75 70 by
438 1356 219 53 Parker
689 1357 250 52 Thomas
972 1356 193 53 Moon.
1247 1356 157 67 [New
1440 1355 182 67 York]
1662 1355 124 54 The
1817 1354 297 72 Academy

105 1434 65 54 of
197 1435 259 68 political
484 1434 231 67 science,
745 1433 301 55 Columbia
1075 1433 338 69 university,
1445 1436 150 50 1929.

107 1514 1988 107 xvi, 131 p. diagrs. 22ᶜᵐ. (Its Proceedings … vol. XIII, no. 2, January, 1929)
446 1628 456 42 CONTENTS.—Preface.—The
938 1626 340 41 renunciation
1314 1627 52 41 of
1401 1638 105 30 war
1539 1638 56 30 as
1629 1639 64 28 an
1729 1628 299 42 instrument
2063 1628 54 43 of

107 1686 221 40 national
358 1684 353 50 policy.—New
741 1695 112 30 uses
884 1684 80 41 for
995 1684 82 40 the
1109 1683 283 48 machinery
1423 1684 79 41 for
1534 1684 82 40 the
1648 1686 280 40 settlement
1962 1685 52 40 of
107 1685 1989 98 international
432 1741 399 49 disputes.—The
860 1740 337 48 preservation
1227 1741 52 39 of
1306 1751 173 37 peace:
1511 1742 82 39 the
1621 1743 112 46 pact
1762 1741 52 40 of
1844 1741 156 42 Paris.

110 1797 52 52 ©
190 1801 111 41 Jan.
328 1800 70 47 17,
425 1798 113 41 1929;
594 1800 69 39 2c.
691 1800 97 39 and
816 1798 82 41 aff.
928 1798 111 41 Feb.
1068 1798 83 46 14;
1180 1798 42 39 A
1248 1798 144 46 4442;
1422 1798 244 48 Academy
1695 1799 52 40 of
1775 1799 220 48 political
175 1799 1918 100 science.
370 1855 251 50 (29-5490)

101 1938 191 53 Adam
340 1937 313 69 (Mystery)

236 2012 1875 71 … Adam, a religious play of the twelfth century, also known
104 2114 60 34 as
194 2094 96 53 the
321 2093 471 68 Repraesentatio
823 2092 163 53 Adae
1018 2092 113 53 and
1162 2092 81 53 Le
1273 2098 245 62 mystere
1551 2092 250 53 d’Adam
1835 2094 113 52 and
102 2112 1983 129 containing
363 2172 158 53 three
555 2176 190 63 parts:
778 2170 192 53 Adam
1007 2170 113 53 and
1156 2170 138 65 Eve,
1332 2169 145 55 Cain
1513 2171 113 52 and
1662 2169 165 68 Abel,
1865 2172 111 52 and
2013 2172 97 53 the

101 2252 303 51 Processus
440 2250 432 67 prophetarum,
908 2248 318 53 translated
1264 2247 155 54 from
1454 2249 97 52 the
1589 2249 258 52 Norman
1884 2249 225 54 French

102 2329 112 52 and
255 2328 176 53 Latin
471 2327 123 53 into
636 2326 247 70 English
926 2345 157 34 verse
1122 2327 76 69 by
1240 2326 257 53 Edward
1539 2326 183 53 Noble
1766 2325 192 56 Stone.
2036 2328 71 53 2d

102 2407 280 69 printing.
466 2406 233 66 Seattle,
743 2406 216 66 Wash.,
1005 2405 341 68 University
1392 2404 65 54 of
1500 2405 389 69 Washington
1935 2425 175 50 press,

103 2489 149 51 1928.

174 2568 65 47 ix,
269 2569 57 40 43
357 2579 43 38 p.
458 2567 117 42 26ᶜᵐ.
644 2566 309 49 (University
985 2566 52 41 of
1069 2565 324 49 Washington
1425 2566 328 48 publications
1785 2567 53 40 in
1868 2569 240 47 language

105 2627 95 39 and
227 2625 275 41 literature,
558 2635 43 29 v.
628 2624 42 47 4,
700 2634 75 30 no.
805 2624 40 40 2.
903 2622 183 48 March,
1117 2622 140 47 1926)

174 2682 377 48 Bibliography:
582 2692 44 38 p.
653 2680 71 42 43.

106 2735 51 52 ©
188 2740 123 39 Mar.
340 2738 69 47 15,
439 2738 114 40 3926;
610 2737 67 41 2c.
709 2737 111 41 Jan.
848 2737 69 47 23,
948 2736 142 46 1929;
1122 2735 83 42 aff.
1236 2737 111 41 Jan.
1378 2737 82 46 28;
1493 2737 41 39 A
1564 2737 142 47 4272;
1740 2737 285 49 University
2056 2739 53 41 of

172 2795 337 48 Washington,
546 2795 198 40 Seattle.
817 2793 251 50 (29-5849)

105 2875 155 53 Aero
299 2876 347 57 mechanics:
687 2876 77 52 all
803 2876 173 52 about
1015 2874 273 68 aviation,
1327 2876 59 51 in
1427 2875 161 66 plain
1627 2876 265 69 English,
1967 2897 52 34 v.
2062 2882 45 63 1,

170 2950 1936 74 no. l. New York, Experimenter publishing company, inc.
178 3036 192 64 [ ᶜ1 929]
170 3115 57 41 96
254 3126 45 38 p.
356 3115 129 40 illus.
542 3113 148 42 29½ᶜᵐ.

102 3172 227 40 Editors:
355 3182 44 30 v.
425 3171 40 47 1,
492 3171 54 40 A.
572 3171 116 40 Post
715 3172 97 39 and
838 3171 73 40 W.
938 3173 51 39 L.
1015 3170 174 42 Lucas.

169 3227 235 41 Contains
436 3226 404 49 bibliographical
874 3228 153 39 notes.

103 3282 52 52 ©
190 3286 112 40 Feb.
337 3285 39 43 5,
440 3284 85 41 1929;
589 3284 67 42 2c.
692 3285 95 39 and
823 3283 83 42 aff.
942 3284 112 40 Feb.
1089 3284 82 40 14:
1210 3284 40 39 A
1283 3284 144 46 4557;
1467 3284 371 48 Experimenter
1874 3287 110 47 pub.
2020 3297 83 33 co..

170 3343 91 40 inc.
330 3341 251 50 (29-5809)

102 3408 313 56 Alshouse,
445 3407 264 53 Herman
739 3406 217 63 Smith,
988 3408 168 54 1879-

165 3483 1939 74 Modern number methods, by H. S. Alshouse … Dansville,
98 3561 1484 70 N. Y., F. A. Owen publishing company [ ᶜ1 928]
166 3644 87 41 128
283 3655 44 37 p.
386 3643 119 42 19ᶜᵐ.

104 3698 52 52 ©
183 3703 113 39 Dec.
321 3701 69 43 31,
416 3700 142 42 1928:
585 3701 68 39 2c.
680 3700 111 40 Jan.
817 3701 40 47 7,
884 3699 141 41 1929:
1054 3700 83 40 aff.
1165 3700 111 40 Feb.
1303 3701 84 42 21:
1417 3702 40 39 A
1482 3702 143 43 4564:
1656 3704 51 41 F.
1734 3704 55 41 A.
1818 3705 148 41 Owen
1994 3707 108 44 pub.

169 3769 68 31 co.
305 3757 252 49 (29-5497)

99 3824 317 54 American
450 3822 505 54 electrochemical
989 3823 244 63 society.

169 3902 1933 72 Transactions … v. 54. 54th general meeting, Charleston-
