2542 4361
1036 4009 100 50 611

174 437 64 47 ix,
262 437 86 40 226
371 449 42 37 p.
437 437 109 40 incl.
570 437 168 48 diagr.,
763 437 142 39 form.
964 437 148 39 21½ᶜᵐ.
1182 436 147 49 (Half
1332 438 127 40 -title
1468 449 15 28 :
1506 437 102 40 The
1634 438 235 41 Institute
1894 439 51 40 of
1969 443 128 39 meat

105 494 206 48 packing
342 493 210 48 studies)

173 551 349 47 Bibliography:
581 561 43 37 p.
654 550 217 39 224-226.

105 604 51 51 ©
188 608 127 48 Sept.
342 608 69 47 27,
440 607 139 46 1928;
609 608 68 39 2c.
706 608 95 39 and
830 606 83 41 aff.
940 606 114 48 Apr.
1082 606 69 48 25,
1181 605 113 40 1929;
1353 606 40 39 A
1422 606 141 47 6774;
1596 607 281 48 University
1907 608 51 40 of
173 608 1904 104 Chicago.

369 662 280 50 (29-10289)

104 758 267 64 Chagny,
404 757 218 64 André,
659 759 171 53 1872-

230 833 1803 70 … Les Baux de Provence; texte par André Chagny, 60
97 912 380 53 illustrations
517 931 66 33 en
622 912 400 69 héliogravure
1062 911 223 68 d’après
1325 912 78 52 les
1441 912 203 53 clichés
1685 912 305 69 originaux
2031 914 68 52 de

97 991 67 54 G.
196 991 64 52 L.
291 990 243 52 Arlaud.
607 990 181 68 Lyon,
819 989 68 54 G.
918 990 65 51 L.
1013 989 227 55 Arlaud
1275 991 172 65 [1928]

168 1072 1558 49 66 p., 1 l. incl. illus., plates. 24 ᶜᵐ . (Visions de France)
169 1130 120 41 Coat
322 1130 51 40 of
403 1140 131 29 arms
565 1130 52 39 of
649 1129 190 48 princes
871 1130 83 39 des
987 1129 142 39 Baux
1162 1139 59 30 on
1251 1140 43 37 p.
1324 1129 29 39 4
1385 1129 51 40 of
1467 1140 155 30 cover.

169 1187 269 39 “Memento
469 1185 447 48 bibliographique”:
978 1196 43 37 p.
1057 1186 54 48 [4]

99 1238 1832 53 © Nov. 16, 1928; 1c. Feb. 1, 1929; A—Foreign 1742; G. L. Arlaud.
178 1298 250 50 (29-9911)

98 1394 323 63 Chapman,
460 1393 189 57 Allen.

225 1471 1870 71 … The radio boys on the Pacific; or, Shipwrecked on an
91 1550 2005 72 unknown island, by Allen Chapman … with foreword by Jack
90 1630 202 68 Binns,
327 1630 323 52 illustrated
688 1630 74 67 by
798 1630 222 52 Walter
1059 1628 56 55 S.
1156 1630 233 67 Rogers.
1465 1630 139 52 New
1643 1630 179 66 York,
1860 1630 235 54 Grosset

89 1708 534 67 & Dunlap [ ᶜ19 29]
161 1788 26 40 2
215 1801 43 37 p.
323 1820 8 16 l.,
360 1788 146 41 3-222
535 1799 42 37 p.
637 1788 150 42 front.
848 1787 145 41 19½ᶜᵐ.
1064 1788 117 48 (His
1291 1787 79 40 Radio
1400 1788 117 46 boys
1547 1787 175 48 series)

97 1841 51 53 ©
174 1846 115 47 Apr.
313 1845 69 48 29,
409 1845 140 48 1929;
577 1846 67 41 2c.
672 1847 95 38 and
793 1844 83 41 aff.
904 1846 114 47 May
1044 1846 23 38 1;
1124 1845 41 39 A
1192 1845 112 40 7811;
1364 1845 198 41 Grosset
1591 1845 36 40 &
1653 1846 209 47 Dunlap,
1892 1846 89 40 inc.

173 1902 280 49 (29-10216)

93 1997 339 54 Commerce
465 1995 260 64 clearing
758 1995 200 54 house.

161 2072 292 56 Standard
501 2073 218 53 federal
763 2078 99 48 tax
906 2073 229 68 service,
1184 2075 161 64 1929;
1393 2073 127 67 law,
1565 2072 367 70 regulations,
89 2072 1976 148 rulings

245 2152 112 52 and
387 2151 294 67 decisions,
708 2151 282 68 compiled
1020 2151 111 52 and
1163 2151 328 57 annotated,
1520 2150 248 69 relating
1795 2154 58 50 to
1882 2151 96 53 the
88 2151 1978 131 income

274 2229 1753 68 tax, estate tax and excess profits tax, and war taxes …
88 2306 2000 70 New York, Chicago [etc.] Commerce clearing house, inc., ᶜ19 29.
156 2390 506 42 3 V. forms. 25 ᶜᵐ .
159 2447 288 41 Loose-leaf.

91 2499 53 53 ©
169 2504 113 48 Apr.
308 2505 68 47 12,
403 2504 118 39 1929;
569 2504 67 39 2c.
663 2504 94 40 and
784 2501 82 43 aff.
892 2503 114 48 Apr.
1032 2503 81 47 29;
1141 2503 41 39 A
1208 2503 114 41 7797;
1380 2504 274 40 Commerce
1680 2503 214 48 clearing
1922 2504 162 48 house,

159 2560 91 41 inc.
323 2559 279 50 (29-10134)

89 2639 333 64 Comstock,
455 2639 221 54 Alzada
708 2640 317 65 Peckham,
1062 2646 171 49 1888-

218 2716 1808 70 … Taxation in the modern state, by Alzada Comstock …
84 2795 140 52 New
255 2795 164 52 York
452 2800 137 61 [etc.]
624 2795 348 68 Longmans,
1002 2796 188 53 Green
1219 2796 113 51 and
1364 2812 97 49 co.,
1495 2797 148 49 1929.

157 2877 67 40 vii
253 2888 57 37 p.,
339 2879 23 38 1
430 2908 8 16 l.,
468 2877 86 40 240
581 2888 42 37 p.
652 2877 111 41 incl.
791 2878 172 41 tables.
1019 2878 147 40 19½ᶜᵐ.
1233 2876 313 49 (Longmans’
1576 2876 242 41 economic
1847 2877 175 47 series)

157 2933 163 41 “First
348 2933 227 42 edition.”

158 2990 443 47 “Bibliographical
629 2989 139 41 note”
799 2991 51 39 at
877 2991 92 39 end
998 2989 52 41 of
1076 2990 119 40 each
1222 2990 217 47 chapter.

89 3042 51 51 ©
170 3046 114 48 Apr.
312 3048 55 38 17,
468 3046 82 46 1929;
580 3047 67 40 2c.
720 3057 70 38 Apr.
819 3046 83 47 25;
932 3046 83 41 aff.
1045 3047 114 48 Apr.
1187 3047 83 46 24;
1301 3046 40 39 A
1371 3046 141 47 7690;
1544 3047 285 48 Longmans,
1862 3047 155 40 Green
2047 3048 37 39 &

155 3113 67 30 co.
290 3102 280 49 (29-10136)

89 3182 239 64 Correll,
363 3183 132 54 Hal.

157 3261 56 52 A
256 3261 118 69 gift
418 3261 151 54 from
613 3263 95 52 the
750 3269 135 53 east,
929 3283 30 33 a
1003 3268 119 49 story
1204 3263 65 52 of
1309 3261 214 68 Christ,
1564 3262 73 68 by
1678 3262 121 53 Hal
1841 3261 239 69 Correll,

81 3339 1979 148 illustrated by E. C. Caswell. Elgin, Ill , David C. Cook publishing
326 3438 78 35 co.
442 3422 190 64 [ᶜ1928]

151 3501 26 38 2
203 3510 44 37 p.
309 3532 8 15 l.,
344 3500 146 41 7-228
516 3511 42 37 p.
618 3500 174 49 plates.
852 3500 147 41 19½ᶜᵐ.

88 3553 51 51 ©
171 3556 103 41 Oct.
303 3558 27 39 5,
431 3558 82 46 1928;
545 3558 67 40 2c.
641 3558 114 47 Apr.
785 3558 69 48 20,
887 3558 140 46 1929;
1060 3557 84 42 aff.
1173 3557 115 48 Apr.
1320 3555 59 41 19;
1435 3557 38 39 A
1506 3557 139 40 6748;
1679 3556 161 40 David
1872 3555 48 42 C.
1953 3555 130 40 Cook

152 3613 110 48 pub.
291 3624 68 29 co.
426 3613 281 50 (29-10222)

85 3692 237 65 Crump,
360 3694 221 64 Irving,
620 3696 170 54 1887-

80 3771 1980 131 The pilot of the Cloud patrol, by Irving Crump … illustrated
309 3852 76 56 by
427 3852 261 53 William
731 3853 261 68 Heaslip.
1069 3852 139 53 New
1254 3852 180 53 York.
1480 3851 234 54 Grosset
1759 3853 45 51 &
1847 3850 239 67 Dunlap

83 3931 193 65 [ ᶜ19 29]
