2533 4342
1340 4016 136 52 1840

381 379 299 65 Guedalla,
710 379 213 64 Philip,
957 383 172 50 1889-

451 455 1873 71 The missing muse and other essays, by Philip Guedalla …
379 537 260 68 London,
669 537 242 52 Hodder
942 537 114 51 and
1091 534 325 68 Stoughton
1448 533 225 55 limited
1710 536 172 65 [1929]

450 615 773 51 xiv p., 1 l., 17-311 p. 20½ ᶜᵐ .
390 684 1845 51 © 1c. Nov. 14, 1929; A ad int. 13217; pubd. Sept. 19; P. Guedalla,
457 685 1910 99 London.
629 742 281 51 (29-28079)

382 851 171 64 Gum,
581 850 132 53 Nell
737 850 289 53 Marshall
1061 849 218 65 (Park)
1314 850 173 54 “Mrs.
1513 850 70 53 R.
1610 850 70 53 R.
1709 849 208 62 Gum,”
1948 855 172 49 1891-

453 928 158 52 Park
655 927 65 53 of
763 926 326 69 Kentucky,
1139 925 338 67 1747-1929;
1526 926 401 68 biographical
1973 926 254 54 sketches
2276 927 112 53 and

384 1006 314 68 genealogy
736 1004 64 53 of
837 1005 96 51 the
972 1003 375 53 descendants
1385 1002 64 54 of
1489 1004 289 52 Ebenezer
1818 1004 176 69 Park,
2035 1004 250 68 pioneer,
2327 1003 64 54 of

383 1083 269 53 Madison
691 1081 247 70 County,
974 1080 337 70 Kentucky;
1354 1080 140 53 with
1532 1080 155 54 brief
1725 1081 214 54 notices
1979 1080 64 55 of
2080 1082 97 53 the
2216 1082 173 53 allied

385 1161 278 52 families:
711 1162 243 65 Benton,
1002 1159 204 67 Boian,
1254 1158 317 69 Campbell,
1618 1158 305 69 Chenault,
1970 1158 196 70 Clark,
2215 1159 177 69 Cobb,

386 1237 345 70 Covington,
769 1236 384 69 Dillingham,
1207 1237 263 69 Duncan,
1525 1236 228 68 Elliott,
1808 1236 169 68 Gum,
2032 1237 360 68 Henderson,

385 1316 209 66 Hume,
634 1314 226 70 Jacobs,
899 1315 217 66 Keller,
1155 1313 273 68 Kidwell,
1468 1313 297 70 Rayburn,
1809 1313 285 69 Scrivner,
2134 1315 258 68 Wagers,

383 1393 243 66 Wilson,
665 1393 112 51 and
817 1392 208 52 others.
1104 1390 301 69 Compiled
1447 1392 113 51 and
1601 1391 305 68 published
1945 1392 76 68 by
2062 1392 131 53 Nell
2236 1392 157 53 Park

385 1470 168 54 Gum.
620 1468 341 69 Frankfort,
989 1469 135 68 Ky.,
1156 1471 150 50 1929.

494 1550 934 49 x, 148, xv p. front. (port.) 23½ ᶜᵐ .
397 1619 1982 51 © Oct. 10, 1929; 2c. Oct. 11; aff. Nov. 14; A 15811; Nell Park Gum
465 1678 283 48 Frankfort,
779 1678 92 48 Ky.
941 1676 283 50 (29-24857)

387 1786 228 64 Hackh,
644 1787 145 63 Ingo
817 1785 338 54 Waldemar
1183 1786 323 64 Dagobert,
1539 1792 168 49 1890-

463 1864 57 52 A
549 1864 273 53 chemical
851 1864 344 68 dictionary,
1225 1864 336 69 containing
1589 1865 97 52 the
1718 1865 186 52 words
1935 1867 290 66 generally
2260 1866 137 52 used

394 1942 60 52 in
488 1941 327 69 chemistry,
849 1941 113 53 and
996 1959 175 50 many
1205 1941 65 53 of
1303 1942 100 52 the
1435 1947 172 48 terms
1642 1942 139 53 used
1816 1942 60 52 in
1909 1943 99 52 the
2041 1942 217 53 related
395 1942 1977 130 sciences

583 2018 65 53 of
678 2018 246 69 physics,
957 2018 406 69 astrophysics,
1394 2018 377 69 mineralogy,
1803 2020 333 68 pharmacy,
2167 2020 110 53 and

395 2018 1978 147 biology,
629 2097 140 51 with
815 2096 151 52 their
1013 2095 490 68 pronunciations,
1549 2096 173 53 based
1769 2114 73 35 on
1890 2101 190 49 recent
2125 2095 274 54 chemical

394 2173 1855 70 literature, by Ingo W. D. Hackh … with elaborate tables,
397 2173 1977 146 diagrams,
636 2251 295 68 portraits,
961 2252 115 52 and
1105 2269 174 50 many
1310 2251 163 52 other
1503 2250 400 54 illustrations.
1970 2249 430 70 Philadelphia,

396 2328 1138 67 P. Blakiston’s son & co., inc. [ ᶜ1 929]
466 2409 1258 50 viii, 790 p. illus. (incl. ports.) diagrs. 25½ ᶜᵐ .
401 2477 1997 51 © Oct. 29, 1929; 2c. and aff. Oct. 30; A 15381; P. Blakiston’s son & co.,
467 2536 91 41 inc.
625 2536 283 49 (29-24910)

393 2646 228 63 Hague.
699 2645 303 63 Academy
1032 2645 64 52 of
1125 2644 425 53 international
1578 2645 132 55 law.

533 2723 1691 66 … Recueil des cours. t. 2, 1928. t. 22 de la collection.
399 2723 1977 144 Paris,
524 2800 303 67 Hachette,
857 2802 151 51 1929.

468 2881 980 50 4 p. l., [5]-576 p., 1 l. ports. 24½ᶜᵐ.
470 2949 1405 42 At head of title: Académie de droit international …
404 3017 1882 53 © July 3, 1929; 1c. Oct. 11; A—Foreign 4780; Librairie Hachette.
398 3129 280 64 Hichens,
707 3129 222 53 Robert
959 3128 269 64 Smythe.

472 3206 405 54 Demetriadi’s
904 3207 212 53 dream.

484 3290 83 48 (In
592 3286 360 44 Nash’s—Pall
979 3285 124 45 Mall
1131 3286 278 52 magazine,
1437 3287 139 51 Nov.,
1608 3287 146 51 1929)

408 3356 1977 101 © 1c. Dec. 17, 1929; A ad int. 13421; pubd. Oct. 18; R. Hichens, London.
402 3523 274 65 Higgins,
704 3526 138 53 Mrs.
874 3524 195 53 Violet
1098 3524 217 64 Moore,
1342 3524 152 55 illus.

482 3601 325 69 [Drawings
850 3602 114 52 and
1006 3601 248 68 preface,
1295 3602 76 68 by
1411 3602 198 54 Violet
1647 3602 198 53 Moore
1888 3603 274 68 Higgins,
2205 3603 61 52 in
2308 3604 99 51 the

405 3679 149 52 book
589 3679 256 66 entitled]
884 3679 169 53 Hans
1088 3679 276 67 Brinker;
1403 3698 81 48 or,
1518 3680 122 52 The
1676 3679 175 53 silver
1883 3679 205 68 skates,
2121 3680 76 68 by
2232 3680 172 68 Mary

406 3755 1924 70 Mapes Dodge … Chicago, A. Whitman & company [ ᶜ1 929]
476 3837 845 48 320 p. incl. front., illus. 22½ ᶜᵐ .
411 3902 51 51 ©
494 3905 103 42 Oct.
627 3906 69 47 14,
726 3905 141 48 1929;
899 3907 68 40 2c.
998 3907 119 40 Nov.
1147 3908 54 46 4;
1233 3907 83 41 aff.
1344 3908 120 40 Nov.
1494 3907 82 47 13;
1608 3908 41 38 A
1681 3906 170 48 14840;
1885 3908 169 40 Albert
2085 3906 252 42 Whitman
2370 3907 36 39 &

0 0 0 0 co.
