2533 4384
1057 4023 96 53 197

169 455 272 52 Missouri;
501 453 207 55 Courts
735 453 64 53 of
825 454 133 52 civil
987 454 111 51 and
1126 453 264 52 criminal
1418 453 235 67 appeals
1682 453 113 52 and

168 453 1909 132 Commission
341 531 64 53 of
453 533 235 67 appeals
737 531 65 53 of
851 532 202 66 Texas,
1103 530 140 53 with
1291 529 375 70 key-number
1717 531 382 52 annotations.

211 609 1829 69 v. 9 (2d) October 10-November 28, 1928. Permanent ed. …
171 687 84 55 St.
288 689 165 65 Paul,
483 688 160 54 West
675 687 337 69 publishing
1044 705 97 49 co.,
1177 689 151 49 1929.

166 770 138 49 xxiii,
336 770 115 41 1199
480 781 43 38 p.
582 769 117 43 26ᶜᵐ.

102 823 52 52 ©
182 828 110 40 Jan.
319 828 38 47 8,
385 827 140 46 1929;
553 828 26 38 2
581 838 40 29 c.
648 827 112 40 Feb.
787 826 25 41 9;
870 826 82 41 aff.
981 827 111 40 Feb.
1120 827 53 37 11;
1231 827 41 38 A
1299 826 115 39 5232;
1472 827 135 40 West
1633 826 110 47 pub.
1772 837 68 30 co.

92 895 241 62 Spence,
366 894 221 52 Robert
618 894 223 61 James,
877 898 168 49 1888-
1266 894 85 51 ed.

168 972 157 52 John
359 972 242 65 Markle,
632 970 448 67 representative
1110 970 327 67 American,
1469 970 190 53 edited
1693 970 75 69 by
1800 970 218 53 Robert
2048 971 57 53 J.

101 1048 231 69 Spence.
409 1050 138 51 New
579 1049 180 66 York,
790 1049 263 52 Leonard
1087 1047 163 55 Scott
1277 1048 356 68 publication
1664 1067 98 49 co.,
1794 1050 152 51 1929.

167 1131 1336 49 xiv p., 1 l., 167, [1] p. front., plates, ports. 26 ᶜᵐ .
98 1187 1990 106 “This copy … is one of an edition of three hundred copies on Whitchurch hand-made paper.”
168 1302 172 40 Bound
367 1302 49 39 in
440 1303 111 38 blue
576 1303 206 39 crushed
811 1302 199 45 Levant,
1037 1303 109 46 gold
1174 1302 176 40 tooled.

101 1355 51 52 ©
185 1358 110 41 Feb.
325 1359 38 46 6,
394 1358 141 46 1929;
567 1359 67 39 2c.
665 1360 95 38 and
791 1358 82 40 aff.
906 1359 110 40 Feb.
1048 1360 25 39 7;
1133 1359 41 38 A
1202 1358 110 40 4381;
1379 1358 223 40 Leonard
1636 1358 135 41 Scott
1801 1357 302 50 publication

170 1426 66 30 co.
306 1415 251 48 (29-4575)

95 1481 314 64 Stephens,
439 1481 221 65 James,
693 1485 175 51 1882-

166 1559 162 54 Julia
367 1560 319 68 Elizabeth,
727 1581 31 33 a
798 1561 234 68 comedy
1071 1560 59 52 in
1169 1578 104 35 one
1312 1566 107 65 act,
1456 1561 74 68 by
1570 1561 195 54 James
1806 1560 299 70 Stephens.

96 1639 138 52 New
264 1639 178 68 York,
472 1638 62 55 C.
565 1636 200 70 Gaige,
799 1641 146 51 1929.

167 1719 69 48 24,
268 1719 55 49 [2]
352 1730 43 37 p.
455 1719 146 41 24½ᶜᵐ.

166 1777 142 39 Head
336 1777 95 39 and
462 1776 88 40 tail
579 1776 172 49 pieces.

169 1834 94 40 “Of
294 1834 98 39 this
427 1834 136 46 book,
600 1834 136 39 there
769 1844 127 29 were
928 1834 141 39 made
1101 1833 134 48 eight
1268 1834 223 40 hundred
1524 1835 97 40 and
1655 1834 244 49 sixty-one
1932 1836 174 48 copies,

98 1892 60 46 by
186 1892 194 46 Pynson
409 1891 212 47 printers
650 1890 52 40 of
730 1891 119 39 New
878 1891 145 40 York.
1087 1890 85 41 Six
1200 1892 222 39 hundred
1452 1902 84 29 are
1565 1895 49 37 to
1643 1893 57 39 be
1730 1893 297 41 distributed
2057 1894 48 39 in

97 1947 220 41 America
357 1948 211 47 through
606 1948 221 39 Random
866 1948 163 47 house,
1067 1950 117 38 each
1222 1959 90 29 one
1349 1948 52 40 of
1437 1950 130 39 them
1605 1949 168 48 signed
1810 1951 61 47 by
1910 1952 80 38 the
98 1962 1991 84 author.”
312 2005 118 40 This
462 2015 120 37 copy
614 2006 85 39 not
727 2005 280 40 numbered.

102 2058 51 52 ©
183 2063 110 39 Jan.
321 2062 69 48 31,
420 2062 116 39 1929;
591 2062 67 40 2c.
688 2063 94 38 and
813 2062 82 41 aff.
925 2062 111 40 Feb.
1067 2064 23 37 16;
1179 2063 40 38 A
1246 2063 118 40 4476;
1424 2064 183 49 Crosby
1637 2065 164 47 Gaige.

181 2118 252 49 (29-4808)

95 2184 282 64 Sullivan,
414 2184 239 64 Joseph,
692 2190 171 49 1864-

166 2262 313 69 Becoming
509 2280 70 34 an
611 2262 309 53 American
976 2262 90 69 [by]
1104 2263 216 69 Joseph
1356 2263 284 70 Sullivan,
1710 2310 8 8 D.
1791 2310 10 9 D.
1871 2268 235 68 Boston,

95 2340 67 53 R.
196 2340 68 56 G.
298 2341 230 69 Badger
605 2343 153 65 [ᶜ1929]

164 2423 786 49 124 p. front. (port.) 21½ᶜᵐ.
166 2481 73 38 An
274 2480 400 48 autobiography.

101 2533 52 51 ©
185 2537 111 40 Jan.
327 2537 67 42 11,
426 2537 114 39 1929;
602 2537 66 41 2c.
701 2537 111 40 Feb.
845 2538 80 45 12;
961 2538 82 40 aff.
1077 2539 110 41 Feb.
1221 2540 52 45 9;
1308 2540 40 38 A
1381 2540 141 45 5263;
1559 2540 215 41 Richard
1809 2542 54 40 G.
1898 2543 205 46 Badger.

179 2593 252 49 (29-4765)

163 2661 1881 69 … The Supreme court reporter. v. 48. Permanent ed. …
170 2738 140 51 with
359 2738 372 68 key-number
779 2740 383 52 annotations.
1249 2741 265 66 October,
1566 2742 334 71 1927-July,
1954 2747 148 50 1928.

172 2814 83 55 St.
291 2817 164 67 Paul,
486 2817 160 53 West
678 2816 336 71 publishing
1047 2836 97 50 co.,
1180 2822 151 49 1929.

168 2898 151 47 xxvii,
352 2898 86 40 666
467 2910 43 37 p.
568 2899 118 41 26ᶜᵐ.

103 2950 51 52 ©
180 2954 111 42 Jan.
314 2955 70 47 26,
411 2955 113 40 1929;
578 2956 68 40 2c.
672 2956 110 40 Feb.
809 2956 25 40 9;
890 2956 82 41 aff.
998 2957 111 41 Feb.
1136 2958 50 39 11;
1246 2958 39 39 A
1312 2957 115 41 5236;
1483 2960 135 40 West
1645 2960 108 47 pub.
1781 2970 68 32 co.

99 3020 283 63 Svensen,
414 3021 133 53 Carl
578 3022 168 64 Lars,
779 3027 172 50 1884-

167 3097 427 53 Architectural
634 3098 269 70 drafting
947 3100 109 67 [by]
1102 3100 136 54 Carl
1276 3102 145 52 Lars
1462 3102 251 55 Svensen
1753 3104 119 52 and
1907 3104 199 70 Edgar

99 3173 177 55 Greer
316 3174 254 56 Shelton.
646 3176 139 53 New
824 3177 179 68 York,
1039 3178 71 52 D.
1148 3180 126 52 Van
1316 3179 292 55 Nostrand
1644 3199 300 52 company,
1981 3182 126 68 inc.,

100 3255 150 50 1929.

167 3335 51 39 ix,
261 3335 88 41 206
376 3347 43 36 p.
480 3336 129 41 illus.
638 3336 133 49 (incl.
802 3337 165 48 plans)
1005 3338 180 49 diagrs.
1246 3340 148 41 23½ᶜᵐ.

103 3388 51 52 ©
181 3392 110 41 Jan.
317 3392 68 48 29,
413 3392 115 41 1929;
581 3394 68 40 2c.
676 3393 111 41 Feb.
815 3395 46 38 31;
926 3395 82 41 aff.
1036 3395 111 41 Feb.
1175 3396 81 42 15;
1287 3397 40 39 A
1354 3397 140 47 5282;
1526 3399 57 40 D.
1610 3399 106 39 Van
1743 3400 250 40 Nostrand
2020 3411 82 37 co.,

170 3448 90 41 inc.
331 3449 251 49 (29-4892)

98 3514 292 64 Terhune,
425 3516 208 53 Albert
666 3517 254 65 Payson,
958 3520 170 54 1872-

169 3591 121 53 The
329 3598 177 48 secret
542 3594 64 52 of
646 3593 333 55 Sea-dream
1017 3596 188 67 house,
1244 3615 31 34 a
1315 3600 165 51 novel
1519 3599 75 69 by
1632 3600 207 53 Albert
1877 3603 230 67 Payson

99 3669 279 54 Terhune.
455 3671 139 53 New
628 3671 164 53 York
823 3674 113 52 and
969 3674 259 67 London,
1260 3675 235 69 Harper
1528 3679 45 51 &
1604 3678 280 56 brothers,
1919 3683 150 49 1929.

167 3753 680 48 4 p. l. , 340 p., 1 l. 19½ᶜᵐ.
171 3809 39 38 A
241 3810 194 47 Harper
464 3811 162 39 sealed
658 3814 215 45 mystery
903 3815 135 45 story
1076 3812 68 49 (p.
1173 3814 207 42 251-340
1408 3817 188 44 sealed)

104 3860 51 52 ©
197 3866 110 39 Feb.
345 3867 68 46 15,
454 3867 139 46 1929;
634 3868 67 40 2c.
742 3869 111 40 Feb.
893 3868 82 43 14;
1017 3869 82 41 aff.
1140 3871 110 39 Feb.
1291 3871 82 43 18;
1415 3873 39 39 A
1495 3873 140 43 5370;
1678 3875 53 40 A.
1772 3876 50 40 P.
1863 3876 238 49 Terhune,

172 3921 236 48 Pompton
440 3923 170 42 Lakes.
643 3924 56 41 N.
732 3925 43 40 J.
848 3925 251 51 (29-4640)
