2542 4389
1041 4024 136 54 1867

134 372 239 65 Cantor,
402 372 204 66 Eddie,
638 378 171 50 1893-

206 450 229 70 Caught
476 450 189 56 short!
743 451 56 53 A
838 470 136 52 saga
1017 452 65 54 of
1123 451 238 70 wailing
1399 452 157 53 Wall
1597 454 190 66 street,
1827 450 77 70 by
1944 450 189 55 Eddie

133 527 2002 73 Cantor … illustrations by Sid L. Hydeman … New York,
133 606 198 56 Simon
359 609 114 52 and
503 606 287 71 Schuster,
819 610 151 53 1929.

197 687 954 50 45, [2] p. incl. front., illus., pl. 16 ᶜᵐ.
136 753 53 53 ©
216 758 119 41 Nov.
362 757 71 49 15,
460 757 117 41 1929;
631 758 68 42 2c.
728 759 97 40 and
852 758 83 42 aff.
962 759 120 42 Nov.
1110 758 58 42 18;
1223 759 42 40 A
1292 759 144 41 14873;
1498 758 167 42 Simon
1693 758 37 41 &
1760 757 247 49 Schuster,
2037 758 93 43 inc.

213 813 282 50 (29-25490)

127 906 326 67 Chapman,
484 908 199 54 Frank
712 908 267 66 Michler,
1010 915 172 50 1864-

195 986 104 69 My
328 987 245 68 tropical
605 987 88 53 air
722 987 200 69 castle;
953 993 204 48 nature
1185 987 216 60 studies
1431 988 62 53 in
1520 990 277 66 Panama,
1824 988 76 68 by
1929 987 202 54 Frank

125 1063 2002 73 M. Chapman … illustrated with drawings by Francis L.
124 1142 213 69 Jaques
382 1144 114 52 and
542 1141 153 55 from
741 1143 397 69 photographs
1182 1143 77 69 by
1301 1143 99 53 the
1445 1143 222 52 author.
1759 1142 141 54 New
1947 1139 182 73 York,

122 1219 260 69 London,
407 1220 72 54 D.
507 1219 296 70 Appleton
828 1219 113 54 and
970 1238 299 52 company,
1298 1224 150 51 1929.

194 1300 1843 52 xiv p., 1 l., 416, [1] p. front., illus. (incl. map, music) plates. 22½ ᶜᵐ.
196 1371 68 41 “A
287 1371 86 42 list
398 1372 53 40 of
472 1372 134 41 birds
630 1372 53 41 of
706 1373 157 39 Barro
891 1370 268 43 Colorado”:
1213 1383 44 37 p.
1281 1370 221 43 399-409.

129 1438 1833 54 © Nov. 15, 1929; 2c. and aff. Nov. 21; A 15980; D . Appleton & co.
206 1499 281 49 (29-25749)

122 1593 220 65 Cicero,
374 1595 240 53 Marcus
642 1593 245 56 Tullius.

253 1670 1874 73 … Seven orations, with selections from the Impeachment of
122 1750 224 71 Verres,
382 1752 96 53 the
511 1751 242 70 Letters,
788 1751 88 55 De
910 1755 303 66 senectute,
1249 1752 114 54 and
1402 1749 263 57 Sallust’s
1702 1749 230 55 Bellum
120 1748 1979 150 Catilinae;

334 1829 190 55 edited
555 1829 141 54 with
728 1829 411 70 introduction,
1168 1832 181 66 notes,
1380 1827 400 71 grammatical
1813 1826 313 72 appendix,

120 1905 2006 73 and prose composition, by Walter B. Gunnison … and Walter
122 1983 2001 74 S. Harley … New York, Newark [etc.] Silver, Burdett and
118 2067 506 67 company [ ᶜ1 929]
186 2144 1300 50 xliii, 574 p. incl. front., illus., ports., maps. 19 ᶜᵐ.
186 2201 352 49 Bibliography:
593 2212 44 38 p.
733 2234 9 8 XV.
800 2201 204 41 “Works
1030 2201 53 41 of
1110 2200 278 42 reference”:
1446 2212 44 38 p.
1517 2201 66 40 xl.

126 2254 53 53 ©
203 2260 119 40 Nov.
346 2258 42 49 8,
411 2259 118 41 1929;
578 2259 70 41 2c.
671 2259 120 41 Nov.
816 2259 56 40 14;
925 2258 83 42 aff.
1033 2258 120 42 Nov.
1178 2259 56 41 13;
1289 2259 43 39 A
1356 2258 145 42 14814;
1559 2258 170 48 Silver,
1755 2258 211 41 Burdett
1992 2258 38 41 &
2053 2269 68 32 co.

210 2311 53 53 [©
295 2315 148 41 Latin
474 2316 135 40 word
640 2315 87 42 list
758 2316 97 40 and
888 2316 136 40 word
1055 2315 285 49 formation]
1414 2313 282 51 (29-25489)

115 2406 223 68 Colvin,
368 2409 153 54 Fred
547 2409 278 65 Herbert,
857 2410 172 55 1867-

185 2488 123 54 The
333 2488 242 54 aircraft
600 2488 335 67 handbook;
966 2509 32 34 a
1026 2489 299 54 collection
1352 2488 65 55 of
1443 2489 149 54 facts
1620 2489 113 53 and
1761 2486 359 72 suggestions

115 2567 343 69 concerning
483 2567 94 53 the
606 2568 388 53 construction
1022 2568 114 53 and
1163 2585 128 37 care
1319 2567 65 55 of
1409 2566 216 70 planes,
1650 2571 215 50 motors
1893 2567 114 53 and
113 2566 1984 134 instruments

453 2645 92 53 for
573 2646 161 53 those
763 2643 309 57 interested
1101 2645 61 53 in
1192 2647 237 53 modern
1460 2644 261 68 aircraft,
1748 2645 79 70 by
1855 2644 154 55 Fred
2038 2644 80 56 H.

114 2722 1998 72 Colvin … and Henry F. Colvin … 4th ed. New York [etc.]
112 2800 432 56 McGraw-Hill
570 2802 149 54 book
745 2820 299 52 company,
1073 2802 128 68 inc.,
1231 2803 151 53 1929.

182 2880 1392 51 xi, 690 p. incl. front., illus., diagrs. 19 ᶜᵐ. $5.00
119 2934 53 54 ©
199 2939 119 42 Nov.
345 2939 71 49 14,
442 2938 117 42 1929;
612 2939 69 41 2c.
708 2939 119 42 Nov.
854 2939 60 41 16;
968 2938 82 42 aff.
1079 2939 118 41 Nov.
1226 2938 59 42 19;
1339 2939 42 40 A
1406 2938 148 42 15916;
1610 2938 353 42 McGraw-Hill
1992 2939 124 41 book

185 3006 84 37 co.,
297 2995 91 42 inc.
455 2995 282 50 (29-25434)

113 3088 323 66 Coolbrith,
462 3090 106 53 Ina
594 3090 229 64 Donna,
855 3094 327 51 1842-1928.

108 3166 1983 132 Wings of sunset, by Ina Coolbrith … with a memoir. Boston
242 3246 113 53 and
387 3246 139 53 New
559 3245 181 67 York,
770 3246 322 69 Houghton
1124 3245 205 54 Mifflin
1362 3263 299 50 company,
1694 3247 151 52 1929.

178 3325 186 49 xxxvii,
396 3327 72 49 [1],
497 3326 99 49 214,
629 3326 55 50 [1]
717 3338 43 37 p.
820 3326 56 42 19½ᶜᵐ.

180 3382 183 41 Poems.

117 3435 53 53 ©
199 3440 120 41 Nov.
348 3439 69 48 15,
447 3439 117 41 1929;
618 3440 68 40 2c.
715 3440 119 40 Nov.
862 3440 60 41 18;
980 3439 82 42 aff.
1091 3439 119 41 Nov.
1241 3439 59 41 16;
1358 3438 41 40 A
1427 3438 146 42 15864;
1634 3439 87 40 Ina
1753 3437 183 41 Lillian
1968 3437 145 49 Cook,

187 3494 98 43 San
313 3495 274 42 Francisco.
653 3495 282 50 (29-25954)

107 3586 204 68 Davis,
342 3588 250 65 Gwilym
623 3588 247 67 George,
905 3591 327 55 1857-1918.

177 3667 259 70 Applied
467 3675 270 62 anatomy;
798 3670 96 54 the
923 3668 387 55 construction
1339 3669 66 53 of
1431 3669 99 53 the
1556 3667 214 55 human
1798 3668 155 70 body
108 3683 1980 117 considered

370 3745 60 55 in
469 3746 243 55 relation
749 3754 59 48 to
844 3747 74 55 its
957 3747 312 69 functions,
1305 3745 244 56 diseases
1587 3748 113 53 and
1739 3743 260 71 injuries,
2033 3744 79 71 by

108 3822 2002 72 Gwilym G. Davis … revised by George P. Muller … with six
108 3902 260 57 hundred
406 3903 112 55 and
552 3901 137 73 fifty
721 3903 87 54 six
845 3902 399 70 illustrations,
1278 3903 211 71 mostly
1525 3902 153 54 from
1713 3900 246 76 original
1998 3900 112 60 dis-
