2542 4389
1018 4051 100 51 839

82 401 302 61 Heagney,
422 396 220 53 Harold
679 396 53 55 J.

149 476 121 52 The
301 475 215 68 testing
547 473 65 53 of
642 473 55 52 Al
753 474 296 67 Bascomb,
1082 474 75 68 by
1190 474 137 52 Rev.
1361 473 77 53 H.
1473 474 56 53 J.
1563 474 296 70 Heagney.
1929 476 137 53 New

80 550 1504 70 York, Cincinnati [etc .] Benziger brothers, 1929.
146 632 645 51 163, [1] p. front. 19 ᶜᵐ .
79 701 52 52 ©
157 705 122 39 Mar.
303 703 40 49 1,
369 703 114 40 1929;
536 703 66 40 2c.
630 704 123 39 Mar.
779 703 51 46 1;
858 702 83 41 aff.
968 703 126 40 June
1120 703 52 47 8;
1200 702 41 39 A
1267 701 140 48 8582;
1437 702 234 48 Benziger
1698 704 124 40 bros.

156 759 303 52 (29-12656).

77 854 341 64 Heminger,
451 855 166 52 Isaac
648 854 271 63 Newton,
954 857 171 50 1868-
1338 872 179 50 comp.

143 932 237 53 Animal
425 932 313 66 anecdotes,
783 932 112 51 and
940 931 162 52 other
1147 930 212 52 animal
1405 931 217 67 stories,
1666 932 281 68 compiled
1990 933 76 69 by

76 1011 49 52 I.
155 1011 70 53 N.
255 1009 344 68 Heminger;
632 1008 382 52 illustrations
1043 1008 75 68 by
1149 1007 258 53 Howard
1438 1008 80 52 M.
1550 1007 158 55 Duff.
76 1009 1964 147 Philadelphia,

263 1087 982 67 Dorrance and company [ ᶜ19 29 ]
144 1169 86 40 184
258 1179 45 39 p.
359 1168 165 48 front.,
554 1168 173 47 plates.
787 1165 147 43 19½ᶜᵐ.

145 1235 348 43 “References”:
554 1246 44 38 p.
630 1234 218 42 183-184.

77 1301 51 53 ©
156 1307 122 39 Mar.
303 1305 71 47 25,
402 1304 116 40 1929;
570 1305 67 39 2c.
666 1305 114 46 May
804 1304 56 39 23;
918 1303 83 41 aff.
1030 1304 113 47 May
1169 1303 61 39 25;
1283 1303 41 39 A
1351 1303 115 40 9294;
1521 1304 248 42 Dorrance
1797 1305 36 40 &
1861 1316 81 36 co.,
1971 1306 91 41 inc.

153 1361 280 51 (29-12587)

76 1456 247 65 Hersch,
354 1456 178 52 Alvin
562 1455 209 65 David,
808 1460 169 50 1888-

141 1534 121 52 The
290 1533 298 68 Michigan
617 1532 110 52 law
757 1531 64 53 of
850 1531 351 53 conditional
1231 1534 159 68 sales,
1421 1534 329 52 instalment
1780 1534 142 53 sales
1953 1535 114 52 and

71 1612 127 53 title
226 1611 290 69 retaining
542 1615 299 62 contracts,
872 1610 140 52 with
1043 1614 238 49 statutes
1310 1612 113 51 and
1455 1611 197 68 forms,
1680 1611 75 69 by
1784 1612 179 52 Alvin
1994 1613 71 52 D.

70 1687 1670 63 Hersch … Chicago, Callaghan and company, 1929.
140 1774 97 47 xlv,
271 1772 84 41 555
387 1783 44 38 p.
489 1772 146 41 24½ᶜᵐ.

75 1839 51 52 ©
153 1844 113 46 May
289 1842 70 48 29,
385 1840 115 42 1929;
552 1843 68 39 2c.
645 1842 96 39 and
766 1840 83 41 aff.
875 1840 126 40 June
1027 1841 24 38 1;
1108 1841 41 38 A
1173 1840 115 41 8440;
1345 1841 269 48 Callaghan
1639 1842 37 40 &
1701 1853 67 31 co.

152 1898 280 51 (29-12516)

76 1993 344 64 Hitchcock,
452 1991 209 54 Alfred
692 1991 304 65 Marshall,
1030 1997 171 49 1868-

139 2071 175 52 Notes
366 2070 94 52 for
509 2069 250 53 teachers
809 2069 169 69 using
1029 2069 393 68 Composition
1475 2071 111 52 and
1637 2090 305 50 grammar,
1992 2073 75 68 by

69 2148 213 54 Alfred
333 2148 80 53 M.
466 2147 334 54 Hitchcock.
877 2148 138 52 New
1067 2148 179 64 York,
1297 2148 77 52 H.
1426 2149 145 52 Holt
1623 2150 111 52 and
1787 2169 279 43 company

75 2229 193 66 [ ᶜ19 29 ]
140 2309 432 49 xiv, 82 p. 19 ᶜᵐ .
142 2380 302 47 “Workshop
473 2380 146 39 books
653 2379 79 40 for
766 2380 81 38 the
882 2379 196 39 teacher
1111 2378 51 39 of
1195 2379 345 47 composition”:
1604 2391 43 37 p.
1679 2380 157 42 79-82.

77 2446 52 52 ©
157 2451 113 47 May
295 2451 39 46 7,
362 2449 118 40 1929;
530 2450 67 40 2c.
624 2449 96 40 and
748 2447 83 43 aff.
858 2450 113 46 May
998 2449 83 42 23;
1109 2449 41 38 A
1176 2448 141 46 9265;
1349 2449 166 48 Henry
1544 2451 116 39 Holt
1689 2451 36 39 &
1751 2462 82 37 co.,
1862 2451 91 41 inc.

151 2506 280 50 (29-12506)

74 2601 274 63 Howard,
378 2600 154 54 John
563 2600 231 64 Harris,
831 2605 169 49 1861-

143 2680 155 53 Mint
322 2679 49 53 o’
397 2681 95 52 the
517 2699 172 49 muse,
712 2681 75 68 by
812 2680 95 53 the
936 2681 157 51 Bard
1120 2679 63 53 of
1212 2680 207 52 Benzie
1456 2680 182 69 (John
1663 2680 77 56 H.
1767 2680 285 69 Howard)

76 2757 1590 70 Boston, The Christopher publishing house [ ᶜ19 29]
140 2851 86 43 135
251 2863 44 38 p.
355 2852 146 43 20½ᶜᵐ.

139 2911 185 40 Poems.

73 2976 52 52 ©
150 2981 115 48 Apr.
288 2981 71 47 20,
385 2981 118 40 1929;
552 2981 68 42 2c.
645 2981 95 40 and
767 2980 82 42 aff.
878 2982 112 46 May
1017 2980 54 39 16;
1128 2980 39 38 A
1193 2979 116 39 9125;
1365 2979 315 48 Christopher
1706 2982 109 47 pub.
1843 2982 163 41 house.

153 3037 279 50 (29-12306)

73 3130 265 65 Hughes,
377 3131 245 65 Rupert,
665 3133 171 53 1872-

143 3210 284 54 Mermaid
459 3212 113 52 and
605 3215 249 64 centaur,
886 3212 75 67 by
994 3210 224 67 Rupert
1251 3209 256 69 Hughes.
1582 3210 137 54 New
1753 3211 164 53 York
1950 3211 110 54 and

73 3289 257 68 London,
358 3289 232 68 Harper
618 3291 45 49 &
690 3289 276 68 brothers,
1000 3289 149 51 1929.

138 3369 27 41 3
190 3380 44 37 p.
295 3400 9 17 l.,
329 3368 86 42 394
440 3380 43 38 p.
543 3368 145 42 19½ᶜᵐ.

73 3435 51 53 ©
148 3440 127 41 June
297 3440 39 48 5,
360 3439 115 41 1929;
525 3440 67 40 2c.
616 3439 127 41 June
766 3439 25 40 5;
844 3439 83 40 aff.
951 3439 127 40 June
1099 3440 27 39 7;
1177 3438 40 39 A
1240 3438 114 40 9525;
1407 3439 55 41 R.
1486 3439 213 49 Hughes,
1724 3441 92 39 Los
1840 3442 220 48 Angeles.

151 3496 279 49 (29-12488)

75 3591 189 63 Hyne,
295 3591 244 54 Charles
565 3590 154 53 John
750 3589 273 55 Cutcliffe
1049 3588 257 64 Wright,
1337 3594 172 49 1866-

141 3668 176 68 Abbs,
343 3669 89 53 his
459 3674 157 62 story
641 3669 251 67 through
919 3686 174 50 many
1120 3686 148 49 ages,
1294 3667 75 68 by
1399 3665 63 55 C.
1490 3668 56 53 J.
1578 3667 480 73 Cutcliffe-Hyne.

71 3747 258 67 London,
356 3746 366 53 Hutchinson
750 3748 46 50 &
824 3765 77 33 co.
931 3746 105 52 ltd.
1092 3747 151 64 [1929]

139 3830 29 39 4
190 3839 42 38 p.
293 3860 8 16 l.,
327 3827 187 50 13-287,
543 3828 55 49 [1]
624 3838 44 38 p.
727 3827 146 42 19½ᶜᵐ.

75 3894 1981 53 © 1c. June 13, 1929; A ad int. 12791; pubd. Apr. 15; C . J. C. W. Hyne,
142 3955 260 48 Bradford,
428 3955 235 48 England.
725 3954 280 49 (29-13478)
