2542 4389
1091 4026 100 56 773

118 381 340 64 McDonald,
490 379 193 64 Philip
716 379 265 63 Bayaud,
1018 382 169 50 1888-

187 452 1926 78 English and science, by Philip B. McDonald … New York,
117 541 71 53 D.
215 539 130 53 Van
373 538 291 52 Nostrand
692 555 298 49 company,
1019 535 125 68 inc.,
1174 536 151 50 1929.

186 617 581 51 vii, 192 p. diagr. 21 ½ᶜᵐ.
119 688 51 52 ©
197 692 116 48 Apr.
339 691 68 46 13,
434 689 140 47 1929;
603 690 67 39 2c.
698 690 114 45 May
839 689 54 46 4;
923 687 83 41 aff.
1036 689 114 46 May
1176 687 83 46 21;
1289 686 41 39 A
1358 684 142 48 9220;
1531 686 57 39 D.
1660 695 62 29 Van
1750 684 251 40 Nostrand
2027 693 83 38 co.,

186 748 92 41 inc.
348 745 279 51 (29-11689)

119 841 421 63 Metropolitan
572 860 255 34 museum
858 841 214 52 studies.
1157 858 51 34 v.
1245 844 47 63 1,
1321 843 81 63 pt.
1435 841 51 66 2,
1517 839 150 51 1929.
1758 836 140 53 [New
1929 834 181 67 York]

188 921 124 51 The
339 918 413 68 Metropolitan
781 934 255 35 museum
1066 915 66 54 of
1161 921 107 63 art,
1300 917 150 50 1929.

118 996 1982 103 2 p. l., 115-255, [11] p. illus. (incl. ports., facsims.) plates. 31½ᶜᵐ. semiannual.
190 1130 225 40 Includes
436 1127 393 49 bibliographies.

122 1196 51 52 ©
205 1201 114 45 May
345 1199 70 47 27,
446 1198 140 46 1929;
617 1199 67 39 2c.
713 1199 95 38 and
839 1197 82 40 aff.
951 1198 129 38 June
1109 1198 51 44 1;
1192 1198 42 38 A
1264 1196 141 47 8442;
1437 1195 348 48 Metropolitan
1815 1205 221 29 museum
2065 1193 53 41 of

190 1258 92 46 art,
308 1256 118 40 New
451 1255 144 40 York.

122 1351 344 63 Monceaux,
500 1350 67 54 R.

123 1426 1975 150 … Troubles des échanges nutritifs dans la tuberculose pulmonaire,
425 1526 131 34 avec
588 1510 63 52 12
681 1505 208 70 figures
918 1507 140 52 dont
1088 1510 29 49 8
1144 1507 133 53 hors
1305 1512 151 47 texte
1485 1524 69 34 en
1581 1507 272 52 couleurs.
1931 1503 191 56 Saint-

123 1585 205 69 Cloud,
359 1585 250 69 Girault,
644 1587 149 53 1929.

189 1664 1062 51 446 p., 1 l. illus., 2 double col. pl. 25 ᶜᵐ.
191 1723 420 49 “Bibliographie”:
675 1734 43 37 p.
751 1721 250 51 [405]-436.

125 1778 1649 52 © Dec 24, 1928; 1c. Mar. 8, 1929; A— Foreign 2223; Girault.
203 1837 281 50 (29-12103)

130 1933 359 68 [Montague,
526 1931 257 53 Richard
820 1932 199 66 Ward]

195 2011 207 68 Digest
425 2009 65 54 of
512 2010 97 52 the
634 2009 278 53 decisions
938 2008 65 54 of
1026 2009 95 53 the
1150 2008 276 69 Supreme
1453 2014 164 48 court
1639 2008 65 54 of
1731 2008 250 70 Oregon,
122 2009 1977 132 volumes

298 2086 99 55 107
413 2093 59 47 to
493 2090 116 64 126,
626 2087 293 66 inclusive,
937 2087 140 53 with
1101 2086 316 54 references
1440 2093 59 47 to
1521 2088 97 52 the
1638 2092 159 48 notes
1821 2087 63 52 in
127 2087 1976 132 American

125 2165 1976 132 law reports annotated … by Harold B. Clark. Supplement.
372 2263 50 33 v.
449 2247 47 49 4.
573 2243 117 55 San
716 2244 324 67 Francisco,
1065 2245 123 52 The
1214 2243 587 70 Bancroft-Whitney
1829 2263 299 50 company,

129 2326 149 50 1929.

197 2405 479 49 iii, 677, 294 p. 26 ᶜᵐ.
130 2458 51 52 ©
210 2463 114 47 May
346 2462 69 48 18,
440 2461 114 41 1929;
607 2461 68 41 2c.
700 2463 115 47 May
838 2461 58 41 29;
948 2461 81 41 aff.
1059 2464 116 46 May
1196 2462 57 41 27;
1308 2463 40 39 A
1372 2463 116 40 3316;
1542 2463 490 47 Bancroft-Whitney
2057 2474 67 29 co.

128 2571 217 63 Moore,
378 2571 186 52 Helen
598 2570 295 55 Trafford.

197 2648 106 68 My
343 2648 274 70 thoughts
660 2649 112 53 and
816 2649 32 52 I
896 2683 13 33 [
913 2649 92 69 by]
1054 2649 187 53 Helen
1286 2649 271 54 Trafford
1600 2650 213 54 Moore.
1894 2651 235 66 Boston,

129 2725 655 70 R. G. Badger [ ᶜ1 929]
198 2807 522 50 3 p. l. , 9-44 p. 19½ᶜᵐ.
199 2863 186 41 Poems.

133 2915 53 52 ©
210 2919 115 49 Apr.
349 2920 70 46 26,
444 2919 114 41 1929;
611 2920 67 41 2c.
705 2921 114 47 May
842 2921 59 40 20;
952 2921 83 41 aff.
1062 2922 115 47 May
1201 2923 56 39 17;
1311 2922 40 38 A
1378 2921 116 41 8209;
1547 2921 215 41 Richard
1790 2922 53 40 G.
1869 2922 207 48 Badger.

212 2975 281 51 (29-11600)

134 3069 281 54 National
457 3071 312 53 education
810 3071 359 54 association
1210 3072 64 53 of
1314 3073 103 52 the
1458 3072 219 54 United
1720 3074 222 55 States.
202 3076 1905 142 Department

525 3152 63 67 of
616 3151 344 70 elementary
991 3153 192 53 school
1211 3153 335 67 principals.

136 3227 1971 145 … Bulletin of the Department of elementary school principals;
327 3305 96 53 the
457 3305 198 68 eighth
732 3306 260 53 yearbook.
1066 3306 307 54 Activities
1410 3306 65 54 of
1509 3308 95 52 the
1641 3309 305 68 principal.
2022 3310 109 53 Ed.

133 3382 77 68 by
236 3383 224 52 Arthur
491 3381 55 56 S.
576 3382 147 55 Gist.
822 3403 51 33 [v.
906 3388 46 63 8,
982 3403 89 34 no.
1102 3388 50 64 3,
1179 3386 194 67 April,
1404 3389 149 49 1929.
1630 3388 335 68 Baltimore,
1992 3389 140 67 Md.,

135 3461 156 52 Lord
320 3461 317 53 Baltimore
665 3480 175 50 press,
870 3465 152 65 1929]

207 3543 1064 50 1 p. l. , [131]-528 p. tables, diagrs. 23 ᶜᵐ.
139 3594 51 52 ©
221 3599 114 47 May
361 3599 40 47 6,
431 3599 139 48 1929;
600 3600 68 41 2c.
696 3602 95 39 and
820 3601 83 41 aff.
931 3603 128 39 June
1085 3603 82 47 11;
1197 3603 43 39 A
1267 3603 141 48 8645;
1438 3604 233 40 National
1699 3606 262 44 education
1987 3617 143 37 assn.,

207 3655 335 49 Washington.
1928 3660 120 43 5161

140 3749 146 53 New
320 3749 211 64 Jersey
563 3754 159 50 state
757 3751 337 55 federation
1128 3753 64 53 of
1226 3755 279 52 women’s
1540 3755 181 56 clubs.

210 3826 55 53 A
286 3827 148 53 book
455 3828 65 52 of
541 3847 183 35 verses
745 3829 76 70 by
843 3830 140 53 New
1006 3831 198 69 Jersey
1231 3831 127 53 club
1382 3851 233 35 women.
1675 3835 265 68 Newark,
1964 3836 70 53 N.
2060 3836 75 67 J.,

141 3904 120 52 The
289 3905 139 52 New
455 3905 200 69 Jersey
682 3911 144 49 state
854 3906 322 54 federation
1204 3908 66 53 of
1296 3910 264 54 women’s
1588 3910 173 69 clubs,
1792 3915 150 50 1929.
