2542 4389
1080 4044 135 54 1873

128 389 268 65 Mackey,
426 389 212 55 Albert
671 389 279 66 Gallatin,
984 390 327 55 1807-1881.

130 465 1980 150 … Encyclopedia of freemasonry and kindred sciences, comprising
393 547 97 52 the
528 546 181 52 whole
747 564 177 50 range
966 545 64 52 of
1068 546 97 52 the
1207 549 137 65 arts,
1383 542 259 69 sciences,
1682 544 114 52 and
1834 542 301 53 literature

129 618 2004 74 of the masonic institution, by Albert Mackey … revised and
130 695 2004 75 enlarged by Robert I. Clegg … This elaborate revision has
130 779 115 53 had
283 779 98 52 the
420 778 181 52 active
639 777 281 53 direction
960 778 114 52 and
1112 777 125 53 able
1274 776 389 68 co-operation
1702 773 65 55 of
1805 793 175 51 many
129 792 1980 117 masonic

317 851 1755 72 scholars of the world including William J. Hughan …
130 928 2007 72 Edward L. Hawkins … Chicago, Toronto [etc.] The Masonic
129 1010 764 69 history company [ ᶜ1 929]
201 1091 28 41 2
256 1102 45 31 v.
358 1091 164 40 fronts.
564 1089 67 49 (v.
659 1090 40 48 2,
729 1090 112 47 col.)
879 1089 144 48 illus.,
1053 1090 159 47 plates
1239 1088 136 49 (part
1404 1089 113 48 col.)
1543 1091 136 47 ports.
1721 1088 136 50 (part
1885 1087 114 49 col.)
131 1087 1990 110 facsims.,

311 1146 298 50 diagrs. 26 ᶜᵐ.
139 1215 52 52 ©
218 1219 102 41 Oct.
345 1220 69 46 17,
441 1217 116 41 1929;
607 1217 70 41 2c.
703 1217 118 40 each
849 1217 96 39 and
972 1215 83 42 aff.
1080 1217 119 39 Nov.
1225 1216 57 39 21;
1338 1215 41 39 A
1406 1216 159 48 14937,
1593 1215 145 41 14938;
1795 1213 220 42 Masonic
207 1212 1911 111 history

343 1286 69 29 co.
479 1272 281 51 (29-25739)

130 1383 319 64 McMillan,
481 1382 284 53 Franklin
795 1383 51 52 R
1134 1386 172 50 1882-

202 1460 171 53 Basic
401 1459 311 69 principles
741 1459 64 53 of
833 1463 255 49 concrete
1113 1458 256 70 making,
1395 1458 77 70 by
1497 1458 287 53 Franklin
1811 1458 69 53 R.
134 1458 1983 133 McMillan

333 1535 1808 70 … With an introduction by F. E. Schmitt … 1st ed.
133 1617 139 53 New
303 1616 163 53 York
518 1621 118 61 [etc.]
669 1614 433 55 McGraw-Hill
1129 1614 149 54 book
1304 1631 300 53 company,
1633 1614 126 68 inc.,
1789 1616 152 51 1929.

203 1695 1077 53 XV, 99 p. illus., diagrs. 24 ᶜᵐ. $2.00
206 1770 129 39 “The
370 1770 164 47 larger
569 1770 112 46 part
716 1768 53 41 of
805 1768 100 40 this
939 1770 106 38 text
1081 1767 108 41 first
1226 1769 244 47 appeared
1507 1778 56 30 as
1600 1778 28 30 a
1665 1768 153 41 series
1854 1768 54 41 of
1943 1768 199 41 articles

133 1827 50 39 in
212 1825 328 49 Engineering
565 1826 323 39 news-record
916 1824 178 48 during
1120 1824 140 49 April
1287 1826 97 39 and
1412 1826 129 47 May,
1568 1824 355 42 1929.”—Pref.

141 1892 52 52 ©
220 1896 121 42 Nov.
366 1896 70 48 14,
464 1895 114 41 1929;
634 1895 69 42 2c.
730 1895 119 40 Nov.
877 1895 59 40 16;
991 1894 85 43 aff.
1101 1895 122 42 Nov.
1249 1894 56 41 19;
1362 1895 44 40 A
1431 1895 147 41 15915;
1634 1895 355 42 McGraw-Hill
2016 1897 125 39 book

208 1963 83 37 co.,
317 1952 92 41 inc.
475 1951 281 50 (29-25908)

134 2058 463 67 Marjoribanks,
629 2060 274 65 Edward,
935 2065 172 50 1900-

207 2138 118 54 For
354 2138 96 55 the
483 2139 261 68 defence;
780 2140 96 54 the
906 2137 106 57 life
1044 2141 65 53 of
1142 2139 96 56 Sir
1270 2140 257 55 Edward
1559 2141 284 54 Marshall
1873 2141 164 71 Hall,
2067 2141 76 71 by

138 2218 255 54 Edward
441 2216 449 71 Marjoribanks,
995 2262 11 10 M.
1093 2259 30 28 P.,
1172 2216 140 55 with
1363 2237 73 34 an
1482 2218 393 55 introduction
1922 2220 77 69 by
2046 2220 99 54 the

138 2295 2007 70 Rt. Honourable the Earl of Birkenhead … New York, The
135 2374 337 54 Macmillan
500 2391 298 51 company,
828 2375 152 53 1929.

207 2453 1761 51 xiv p., 1 l., 471 p. front., plates (1 double) ports., facsims. 24½ ᶜᵐ.
208 2525 200 40 London
438 2523 185 42 edition
664 2524 78 49 (V.
776 2523 230 42 Gollancz
1036 2526 113 47 ltd.)
1189 2526 91 40 has
1312 2525 138 41 title:
1482 2527 101 40 The
1613 2527 89 40 life
1734 2527 54 41 of
1821 2527 80 41 Sir
1930 2528 213 40 Edward

138 2582 240 40 Marshall
404 2579 134 44 Hall.

145 2647 52 54 ©
226 2652 120 42 Nov.
375 2652 69 48 12,
475 2651 114 41 1929;
648 2651 69 41 2c.
748 2653 96 39 and
875 2651 83 42 aff.
988 2652 120 42 Nov.
1138 2653 56 40 13;
1254 2653 42 39 A
1326 2653 148 41 14790;
1533 2654 284 41 Macmillan
1848 2665 69 30 co.

222 2707 282 51 (29-25463)

137 2815 305 66 Marshall,
473 2816 251 64 Murray
753 2816 298 65 Linwood,
1085 2818 85 54 ed.

280 2893 1865 72 … English sonnets of long ago; pt. 1. Edited by Murray L.
143 2971 1977 145 Marshall … Landover, Md., The Dreamland press, incorporated, 1929.
210 3130 985 50 2 p. l. , 25, [7] p. front. (port.) 20ᶜᵐ.
211 3198 93 42 “Of
329 3199 100 41 this
452 3200 184 40 edition
659 3200 87 40 225
771 3200 161 48 copies
956 3201 125 41 have
1105 3202 195 48 printed
1325 3203 119 39 been
1469 3202 95 40 and
1590 3202 82 39 the
1696 3203 114 46 type
1834 3201 313 43 distributed.

140 3255 119 41 This
286 3266 120 38 copy
432 3255 43 41 is
503 3267 75 30 no.
605 3255 71 43 2.”

213 3311 379 49 “Bibliography
623 3312 53 41 of
705 3314 172 39 extant
909 3315 173 39 sonnet
1112 3313 363 49 anthologies”:
1509 3316 67 47 pt.
1607 3316 39 46 1,
1676 3326 44 37 p.
1756 3315 55 49 [4]
1845 3317 53 38 at
1927 3317 108 40 end.

149 3377 52 52 ©
232 3381 103 42 Oct.
363 3383 41 48 4,
434 3382 141 47 1929;
605 3383 69 41 2c.
704 3382 104 43 Oct.
836 3384 26 40 8;
921 3384 84 42 aff.
1036 3384 103 41 Oct.
1169 3386 54 46 7;
1254 3385 41 39 A
1325 3383 172 49 14800;
1530 3386 65 41 M.
1624 3385 50 41 L.
1705 3386 254 48 Marshall,
214 3387 1914 100 Landover,

371 3439 98 40 Md.
539 3437 281 52 (29-25498)

142 3547 266 65 Mathey,
439 3548 263 64 Fabyan.

216 3626 218 69 Bridge
469 3627 243 70 puzzles,
748 3628 95 53 for
875 3629 231 53 auction
1140 3631 51 50 &
1226 3633 256 49 contract
1517 3630 246 71 players,
1796 3632 76 70 by
1907 3631 242 70 Fabyan

146 3704 239 70 Mathey
413 3706 114 52 and
556 3705 201 70 Harry
784 3708 66 53 T.
880 3706 315 53 Hallahan.
1270 3706 140 55 New
1441 3707 181 71 York,
1650 3709 69 55 E.
1749 3710 68 55 P.
1848 3710 226 54 Dutton
2102 3712 48 52 &

145 3782 464 69 co., inc. [ ᶜ1 929]
214 3861 277 50 228 p. 19½ ᶜᵐ.
153 3926 52 54 ©
232 3932 129 49 Sept.
384 3932 70 48 20,
479 3932 117 41 1929;
646 3934 68 42 2c.
739 3934 120 42 Nov.
884 3935 58 40 18;
994 3934 83 42 aff.
1103 3935 120 42 Nov.
1248 3935 57 41 16;
1358 3936 42 39 A
1424 3936 144 42 15875;
1626 3939 52 40 E.
1705 3939 52 42 P.
1783 3939 191 40 Dutton
1998 3939 37 41 &
2061 3950 83 38 co.,

220 3987 93 43 inc.
377 3988 280 51 (29-25634)
