<alto xmlns="http://www.loc.gov/standards/alto/ns-v3#" xmlns:xlink="http://www.w3.org/1999/xlink" xmlns:xsi="http://www.w3.org/2001/XMLSchema-instance" xsi:schemaLocation="http://www.loc.gov/standards/alto/ns-v3# http://www.loc.gov/alto/v3/alto-3-0.xsd"><Description>
<MeasurementUnit>pixel</MeasurementUnit>
<sourceImageInformation>
<fileName>1929_v26_part001.pdf</fileName>
</sourceImageInformation>
<OCRProcessing ID="IdOcr">
<ocrProcessingStep>
<processingDateTime>2019-04-18</processingDateTime>
<processingSoftware>
<softwareCreator>ABBYY</softwareCreator>
<softwareName>ABBYY Recognition Server</softwareName>
<softwareVersion>4.0</softwareVersion>
</processingSoftware>
</ocrProcessingStep>
</OCRProcessing>
</Description>
<Styles>
<ParagraphStyle ID="StyleId-FFFFFFFF-FFFF-FFFF-FFFF-FFFFFFFFFFFF-" ALIGN="Left" LEFT="0." RIGHT="0." FIRSTLINE="0."/>
<ParagraphStyle ID="StyleId-11A520CB-49B0-4D42-A675-089886D5B704-" ALIGN="Center" LEFT="0." RIGHT="0." FIRSTLINE="0." LINESPACE="7.699999809"/>
<ParagraphStyle ID="StyleId-2AEC4724-E584-48A1-8E6D-86B1AA154223-" ALIGN="Left" LEFT="0." RIGHT="0." FIRSTLINE="0." LINESPACE="12.19999981"/>
<ParagraphStyle ID="StyleId-5ADCDE1D-F34B-405C-A765-E9B51F6229BD-" ALIGN="Left" LEFT="0." RIGHT="0." FIRSTLINE="-13." LINESPACE="8.050000191"/>
<ParagraphStyle ID="StyleId-D0AEFB96-F81D-4367-8545-C0AC945FA34C-" ALIGN="Block" LEFT="0." RIGHT="0." FIRSTLINE="-13." LINESPACE="8.899999619"/>
<ParagraphStyle ID="StyleId-9A3BB592-4BA4-4F85-B157-B9A7F1FC9680-" ALIGN="Left" LEFT="0." RIGHT="0." FIRSTLINE="0."/>
<ParagraphStyle ID="StyleId-E9D6144A-CFDC-4919-911D-02B0461DB967-" ALIGN="Left" LEFT="0." RIGHT="0." FIRSTLINE="-13." LINESPACE="23.43000031"/>
<ParagraphStyle ID="StyleId-EEECFC68-AAC5-42B1-B3BF-987799B5B74A-" ALIGN="Block" LEFT="0." RIGHT="0." FIRSTLINE="0." LINESPACE="23.43000031"/>
<ParagraphStyle ID="StyleId-98D20B11-A9BB-4FAB-8DC8-DC8C43F3755E-" ALIGN="Left" LEFT="0." RIGHT="0." FIRSTLINE="0." LINESPACE="10.5"/>
<ParagraphStyle ID="StyleId-C279DBAD-2656-4352-93E6-C942618B09B1-" ALIGN="Block" LEFT="0." RIGHT="0." FIRSTLINE="-13." LINESPACE="8.770000458"/>
<ParagraphStyle ID="StyleId-A539B2D0-654F-45BA-9385-D7E681D9BD87-" ALIGN="Block" LEFT="0." RIGHT="0." FIRSTLINE="0." LINESPACE="8.18999958"/>
<ParagraphStyle ID="StyleId-CFE66565-54F2-45CF-9511-65151219B0BC-" ALIGN="Left" LEFT="0." RIGHT="0." FIRSTLINE="-12." LINESPACE="12.19999981"/>
<ParagraphStyle ID="StyleId-37B60A95-D7B9-4720-9D46-F2E763AAD699-" ALIGN="Block" LEFT="0." RIGHT="0." FIRSTLINE="0." LINESPACE="12.19999981"/>
<ParagraphStyle ID="StyleId-255154CA-71AA-47B9-A5EB-ED90642010CE-" ALIGN="Block" LEFT="0." RIGHT="0." FIRSTLINE="13." LINESPACE="7.900000095"/>
<ParagraphStyle ID="StyleId-4618FB06-20CA-4F95-9CA2-829603EE887D-" ALIGN="Block" LEFT="0." RIGHT="0." FIRSTLINE="0." LINESPACE="10."/>
<ParagraphStyle ID="StyleId-61F9B98E-BA82-4DCF-809A-0C5481162321-" ALIGN="Left" LEFT="0." RIGHT="0." FIRSTLINE="-13." LINESPACE="8.479999542"/>
<ParagraphStyle ID="StyleId-16A4FB0C-4CB7-44C8-846E-AF89DD76FC73-" ALIGN="Left" LEFT="0." RIGHT="0." FIRSTLINE="0." LINESPACE="11.10000038"/>
<ParagraphStyle ID="StyleId-8CC01B24-9D1D-45D5-B954-83ECA9EA3425-" ALIGN="Left" LEFT="0." RIGHT="0." FIRSTLINE="-13." LINESPACE="8.050000191"/>
<ParagraphStyle ID="StyleId-3DB8CD3F-AD17-4DD7-8361-787A6A426C72-" ALIGN="Block" LEFT="0." RIGHT="0." FIRSTLINE="13." LINESPACE="7.900000095"/>
</Styles>
<Layout>
<Page ID="Page256" PHYSICAL_IMG_NR="256" HEIGHT="4377" WIDTH="2512">
<TopMargin HEIGHT="362" WIDTH="2512" VPOS="0" HPOS="0">
</TopMargin>
<LeftMargin HEIGHT="3746" WIDTH="352" VPOS="362" HPOS="0">
</LeftMargin>
<RightMargin HEIGHT="3746" WIDTH="114" VPOS="362" HPOS="2398">
</RightMargin>
<BottomMargin HEIGHT="269" WIDTH="2512" VPOS="4108" HPOS="0">
</BottomMargin>
<PrintSpace HEIGHT="3746" WIDTH="2046" VPOS="362" HPOS="352">
<TextBlock ID="Page256_Block1" HEIGHT="78" WIDTH="159" VPOS="4030" HPOS="1304" LANG="en-US" CS="1" STYLEREFS="StyleId-D5A3B104-B87D-45F1-A688-3B2F71863564-">
<TextLine HEIGHT="50" WIDTH="66" VPOS="4034" HPOS="1339" CS="1">
<String CS="1" CONTENT="256" HEIGHT="50" WIDTH="66" VPOS="4034" HPOS="1339"/>
</TextLine>
</TextBlock>
<TextBlock ID="Page256_Block2" HEIGHT="3669" WIDTH="2046" VPOS="362" HPOS="352" LANG="en-US" CS="1" STYLEREFS="StyleId-4BD991C9-E81F-4F48-8AA8-27C9DB83445E-">
<TextLine HEIGHT="65" WIDTH="1051" VPOS="373" HPOS="369" STYLEREFS="StyleId-D5A3B104-B87D-45F1-A688-3B2F71863564-">
<String LANG="de" CONTENT="Jenks," HEIGHT="64" WIDTH="203" VPOS="374" HPOS="369"/>
<SP HEIGHT="64" WIDTH="26" VPOS="374" HPOS="573"/>
<String LANG="en-US" CONTENT="Jeremiah" HEIGHT="54" WIDTH="302" VPOS="373" HPOS="600"/>
<SP HEIGHT="54" WIDTH="25" VPOS="373" HPOS="903"/>
<String LANG="en-US" CONTENT="Whipple," HEIGHT="65" WIDTH="289" VPOS="373" HPOS="929"/>
<SP HEIGHT="59" WIDTH="29" VPOS="379" HPOS="1219"/>
<String LANG="en-US" CONTENT="1856-" HEIGHT="49" WIDTH="171" VPOS="378" HPOS="1249"/>
</TextLine>
<TextLine HEIGHT="69" WIDTH="1932" VPOS="449" HPOS="437" STYLEREFS="StyleId-D5A3B104-B87D-45F1-A688-3B2F71863564-" CS="1">
<String CONTENT="The" HEIGHT="52" WIDTH="122" VPOS="452" HPOS="437"/>
<SP HEIGHT="47" WIDTH="43" VPOS="457" HPOS="560"/>
<String CONTENT="trust" HEIGHT="48" WIDTH="150" VPOS="456" HPOS="604"/>
<SP HEIGHT="62" WIDTH="46" VPOS="456" HPOS="755"/>
<String CONTENT="problem," HEIGHT="68" WIDTH="275" VPOS="450" HPOS="802"/>
<SP HEIGHT="67" WIDTH="44" VPOS="450" HPOS="1078"/>
<String CONTENT="by" HEIGHT="68" WIDTH="76" VPOS="450" HPOS="1123"/>
<SP HEIGHT="68" WIDTH="46" VPOS="450" HPOS="1200"/>
<String CONTENT="Jeremiah" HEIGHT="55" WIDTH="294" VPOS="449" HPOS="1247"/>
<SP HEIGHT="54" WIDTH="45" VPOS="449" HPOS="1542"/>
<String CONTENT="Whipple" HEIGHT="68" WIDTH="277" VPOS="449" HPOS="1588"/>
<SP HEIGHT="54" WIDTH="45" VPOS="450" HPOS="1866"/>
<String CONTENT="Jenks" HEIGHT="54" WIDTH="180" VPOS="450" HPOS="1912"/>
<SP HEIGHT="34" WIDTH="53" VPOS="469" HPOS="2093"/>
<String CS="1" CONTENT="&#8230;"/>
<SP HEIGHT="33" WIDTH="54" VPOS="469" HPOS="2203"/>
<String CONTENT="and" HEIGHT="53" WIDTH="111" VPOS="449" HPOS="2258"/>
</TextLine>
<TextLine HEIGHT="69" WIDTH="2010" VPOS="527" HPOS="363" STYLEREFS="StyleId-D5A3B104-B87D-45F1-A688-3B2F71863564-" CS="1">
<String CONTENT="Walter" HEIGHT="55" WIDTH="224" VPOS="529" HPOS="363"/>
<SP HEIGHT="54" WIDTH="26" VPOS="528" HPOS="588"/>
<String CONTENT="E." HEIGHT="54" WIDTH="66" VPOS="528" HPOS="615"/>
<SP HEIGHT="57" WIDTH="30" VPOS="527" HPOS="682"/>
<String CONTENT="Clark" HEIGHT="57" WIDTH="177" VPOS="527" HPOS="713"/>
<SP HEIGHT="53" WIDTH="30" VPOS="528" HPOS="891"/>
<String CS="1" CONTENT="&#8230;"/>
<SP HEIGHT="49" WIDTH="79" VPOS="532" HPOS="979"/>
<String CONTENT="5th" HEIGHT="53" WIDTH="97" VPOS="528" HPOS="1059"/>
<SP HEIGHT="53" WIDTH="27" VPOS="528" HPOS="1157"/>
<String CONTENT="ed.," HEIGHT="68" WIDTH="103" VPOS="528" HPOS="1185"/>
<SP HEIGHT="49" WIDTH="27" VPOS="547" HPOS="1289"/>
<String CONTENT="enl." HEIGHT="53" WIDTH="106" VPOS="528" HPOS="1317"/>
<SP HEIGHT="35" WIDTH="27" VPOS="545" HPOS="1424"/>
<String CONTENT="and" HEIGHT="54" WIDTH="113" VPOS="527" HPOS="1452"/>
<SP HEIGHT="54" WIDTH="27" VPOS="527" HPOS="1566"/>
<String CONTENT="completely" HEIGHT="69" WIDTH="340" VPOS="527" HPOS="1594"/>
<SP HEIGHT="51" WIDTH="26" VPOS="545" HPOS="1935"/>
<String CONTENT="rev." HEIGHT="35" WIDTH="113" VPOS="546" HPOS="1962"/>
<SP HEIGHT="35" WIDTH="29" VPOS="546" HPOS="2076"/>
<String CONTENT="with" HEIGHT="54" WIDTH="141" VPOS="527" HPOS="2106"/>
<SP HEIGHT="53" WIDTH="26" VPOS="528" HPOS="2248"/>
<String CONTENT="the" HEIGHT="53" WIDTH="98" VPOS="528" HPOS="2275"/>
</TextLine>
<TextLine HEIGHT="71" WIDTH="2006" VPOS="604" HPOS="366" STYLEREFS="StyleId-D5A3B104-B87D-45F1-A688-3B2F71863564-" CS="1">
<String CONTENT="collaboration" HEIGHT="53" WIDTH="413" VPOS="607" HPOS="366"/>
<SP HEIGHT="33" WIDTH="41" VPOS="626" HPOS="780"/>
<String CONTENT="of" HEIGHT="53" WIDTH="65" VPOS="606" HPOS="822"/>
<SP HEIGHT="54" WIDTH="40" VPOS="606" HPOS="888"/>
<String CONTENT="John" HEIGHT="54" WIDTH="157" VPOS="606" HPOS="929"/>
<SP HEIGHT="52" WIDTH="42" VPOS="606" HPOS="1087"/>
<String CONTENT="J." HEIGHT="52" WIDTH="55" VPOS="606" HPOS="1130"/>
<SP HEIGHT="63" WIDTH="46" VPOS="606" HPOS="1186"/>
<String CONTENT="Quigley" HEIGHT="69" WIDTH="251" VPOS="606" HPOS="1233"/>
<SP HEIGHT="50" WIDTH="47" VPOS="624" HPOS="1485"/>
<String CS="1" CONTENT="&#8230;"/>
<SP HEIGHT="55" WIDTH="92" VPOS="604" HPOS="1590"/>
<String CONTENT="Garden" HEIGHT="55" WIDTH="234" VPOS="604" HPOS="1683"/>
<SP HEIGHT="55" WIDTH="44" VPOS="604" HPOS="1918"/>
<String CONTENT="City," HEIGHT="70" WIDTH="153" VPOS="604" HPOS="1963"/>
<SP HEIGHT="68" WIDTH="44" VPOS="606" HPOS="2117"/>
<String LANG="fr" CONTENT="N." HEIGHT="53" WIDTH="70" VPOS="606" HPOS="2162"/>
<SP HEIGHT="52" WIDTH="48" VPOS="607" HPOS="2233"/>
<String CONTENT="Y.," HEIGHT="67" WIDTH="90" VPOS="607" HPOS="2282"/>
</TextLine>
<TextLine HEIGHT="70" WIDTH="1324" VPOS="683" HPOS="365" STYLEREFS="StyleId-D5A3B104-B87D-45F1-A688-3B2F71863564-">
<String CONTENT="Doubleday," HEIGHT="68" WIDTH="358" VPOS="685" HPOS="365"/>
<SP HEIGHT="67" WIDTH="25" VPOS="684" HPOS="724"/>
<String CONTENT="Doran" HEIGHT="52" WIDTH="199" VPOS="684" HPOS="750"/>
<SP HEIGHT="49" WIDTH="27" VPOS="686" HPOS="950"/>
<String CONTENT="&amp;" HEIGHT="49" WIDTH="45" VPOS="686" HPOS="978"/>
<SP HEIGHT="50" WIDTH="26" VPOS="686" HPOS="1024"/>
<String CONTENT="company," HEIGHT="50" WIDTH="299" VPOS="702" HPOS="1051"/>
<SP HEIGHT="68" WIDTH="27" VPOS="683" HPOS="1351"/>
<String CONTENT="inc.," HEIGHT="67" WIDTH="126" VPOS="683" HPOS="1379"/>
<SP HEIGHT="63" WIDTH="31" VPOS="687" HPOS="1506"/>
<String CONTENT="1929." HEIGHT="51" WIDTH="151" VPOS="685" HPOS="1538"/>
</TextLine>
<TextLine HEIGHT="51" WIDTH="1020" VPOS="764" HPOS="503" CS="1">
<String CS="1" CONTENT="xv"/>
<SP HEIGHT="38" WIDTH="26" VPOS="777" HPOS="503"/>
<String CONTENT="p.," HEIGHT="38" WIDTH="56" VPOS="777" HPOS="530"/>
<SP HEIGHT="47" WIDTH="28" VPOS="766" HPOS="587"/>
<String CONTENT="2" HEIGHT="39" WIDTH="26" VPOS="766" HPOS="616"/>
<SP HEIGHT="39" WIDTH="26" VPOS="766" HPOS="643"/>
<String CS="1" CONTENT="l.," HEIGHT="16" WIDTH="8" VPOS="797" HPOS="706"/>
<SP HEIGHT="47" WIDTH="26" VPOS="766" HPOS="715"/>
<String CONTENT="3-581" HEIGHT="40" WIDTH="144" VPOS="765" HPOS="742"/>
<SP HEIGHT="46" WIDTH="27" VPOS="766" HPOS="887"/>
<String CONTENT="p." HEIGHT="36" WIDTH="42" VPOS="776" HPOS="915"/>
<SP HEIGHT="40" WIDTH="58" VPOS="765" HPOS="958"/>
<String CONTENT="fold," HEIGHT="41" WIDTH="119" VPOS="765" HPOS="1017"/>
<SP HEIGHT="40" WIDTH="27" VPOS="766" HPOS="1137"/>
<String CONTENT="diagrs." HEIGHT="48" WIDTH="180" VPOS="765" HPOS="1165"/>
<SP HEIGHT="41" WIDTH="58" VPOS="764" HPOS="1346"/>
<String CONTENT="21" HEIGHT="39" WIDTH="55" VPOS="764" HPOS="1405"/>
<String STYLE="superscript" CS="1" CONTENT="&#7580;&#7504;"/>
<String CONTENT="." HEIGHT="9" WIDTH="10" VPOS="796" HPOS="1513"/>
</TextLine>
<TextLine HEIGHT="49" WIDTH="1434" VPOS="833" HPOS="441" CS="1">
<String CONTENT="&#8220;Selected" HEIGHT="40" WIDTH="248" VPOS="836" HPOS="441"/>
<SP HEIGHT="39" WIDTH="28" VPOS="836" HPOS="690"/>
<String CONTENT="reading" HEIGHT="48" WIDTH="202" VPOS="834" HPOS="719"/>
<SP HEIGHT="37" WIDTH="26" VPOS="845" HPOS="922"/>
<String CONTENT="references" HEIGHT="40" WIDTH="273" VPOS="834" HPOS="949"/>
<SP HEIGHT="29" WIDTH="27" VPOS="845" HPOS="1223"/>
<String CONTENT="on" HEIGHT="29" WIDTH="60" VPOS="845" HPOS="1251"/>
<SP HEIGHT="38" WIDTH="29" VPOS="836" HPOS="1312"/>
<String CS="1" CONTENT="trusts&#8221;:" HEIGHT="41" WIDTH="184" VPOS="833" HPOS="1342"/>
<SP/>
<String CONTENT="p." HEIGHT="38" WIDTH="40" VPOS="844" HPOS="1586"/>
<SP HEIGHT="40" WIDTH="30" VPOS="833" HPOS="1627"/>
<String CONTENT="565-569." HEIGHT="42" WIDTH="217" VPOS="833" HPOS="1658"/>
</TextLine>
<TextLine HEIGHT="52" WIDTH="1997" VPOS="904" HPOS="374" CS="1">
<String CONTENT="&#169;" HEIGHT="52" WIDTH="52" VPOS="904" HPOS="374"/>
<SP/>
<String CONTENT="Feb." HEIGHT="40" WIDTH="111" VPOS="907" HPOS="459"/>
<SP HEIGHT="40" WIDTH="28" VPOS="907" HPOS="571"/>
<String CONTENT="27," HEIGHT="48" WIDTH="70" VPOS="907" HPOS="600"/>
<SP HEIGHT="48" WIDTH="28" VPOS="907" HPOS="671"/>
<String CS="1" CONTENT="1929;" HEIGHT="39" WIDTH="116" VPOS="906" HPOS="700"/>
<SP/>
<String CONTENT="2c." HEIGHT="40" WIDTH="68" VPOS="906" HPOS="873"/>
<SP HEIGHT="31" WIDTH="29" VPOS="915" HPOS="942"/>
<String CONTENT="and" HEIGHT="39" WIDTH="95" VPOS="906" HPOS="972"/>
<SP HEIGHT="39" WIDTH="30" VPOS="906" HPOS="1068"/>
<String CONTENT="aff." HEIGHT="41" WIDTH="83" VPOS="904" HPOS="1099"/>
<SP HEIGHT="39" WIDTH="30" VPOS="906" HPOS="1183"/>
<String CONTENT="Mar." HEIGHT="39" WIDTH="121" VPOS="906" HPOS="1214"/>
<SP HEIGHT="40" WIDTH="31" VPOS="905" HPOS="1336"/>
<String CS="1" CONTENT="8;" HEIGHT="40" WIDTH="26" VPOS="905" HPOS="1368"/>
<SP/>
<!-- cceid 8D9CE508-6CFA-1014-9C3C-CEA95E7AA542 --><String CONTENT="A" HEIGHT="38" WIDTH="41" VPOS="905" HPOS="1454"/>
<SP HEIGHT="39" WIDTH="29" VPOS="905" HPOS="1496"/>
<String CS="1" CONTENT="5681;" HEIGHT="41" WIDTH="113" VPOS="904" HPOS="1526"/>
<SP/>
<String CONTENT="J." HEIGHT="41" WIDTH="43" VPOS="904" HPOS="1702"/>
<SP HEIGHT="40" WIDTH="30" VPOS="905" HPOS="1746"/>
<String CS="1" CONTENT="W." HEIGHT="8" WIDTH="8" VPOS="937" HPOS="1840"/>
<SP HEIGHT="40" WIDTH="31" VPOS="905" HPOS="1849"/>
<String CONTENT="Jenks," HEIGHT="47" WIDTH="165" VPOS="905" HPOS="1881"/>
<SP HEIGHT="46" WIDTH="30" VPOS="906" HPOS="2047"/>
<String CONTENT="New" HEIGHT="39" WIDTH="118" VPOS="906" HPOS="2078"/>
<SP HEIGHT="39" WIDTH="29" VPOS="906" HPOS="2197"/>
<String CONTENT="York," HEIGHT="44" WIDTH="144" VPOS="906" HPOS="2227"/>
</TextLine>
<TextLine HEIGHT="50" WIDTH="1252" VPOS="960" HPOS="442">
<String CONTENT="and" HEIGHT="38" WIDTH="97" VPOS="965" HPOS="442"/>
<SP HEIGHT="41" WIDTH="28" VPOS="963" HPOS="540"/>
<String CONTENT="Walter" HEIGHT="41" WIDTH="189" VPOS="963" HPOS="569"/>
<SP HEIGHT="37" WIDTH="30" VPOS="964" HPOS="759"/>
<String CONTENT="E." HEIGHT="39" WIDTH="53" VPOS="964" HPOS="790"/>
<SP HEIGHT="41" WIDTH="32" VPOS="962" HPOS="844"/>
<String CONTENT="Clark," HEIGHT="48" WIDTH="160" VPOS="962" HPOS="877"/>
<SP HEIGHT="48" WIDTH="33" VPOS="962" HPOS="1038"/>
<String CONTENT="Reno," HEIGHT="48" WIDTH="148" VPOS="962" HPOS="1072"/>
<SP HEIGHT="49" WIDTH="31" VPOS="961" HPOS="1221"/>
<String CONTENT="Nev." HEIGHT="40" WIDTH="117" VPOS="961" HPOS="1253"/>
<SP HEIGHT="48" WIDTH="70" VPOS="962" HPOS="1371"/>
<String CONTENT="(29-6236)" HEIGHT="50" WIDTH="252" VPOS="960" HPOS="1442"/>
</TextLine>
<TextLine HEIGHT="65" WIDTH="498" VPOS="1057" HPOS="367" STYLEREFS="StyleId-D5A3B104-B87D-45F1-A688-3B2F71863564-">
<String CONTENT="Johns," HEIGHT="65" WIDTH="209" VPOS="1057" HPOS="367"/>
<SP HEIGHT="64" WIDTH="29" VPOS="1058" HPOS="577"/>
<String CONTENT="Lina" HEIGHT="52" WIDTH="148" VPOS="1058" HPOS="607"/>
<SP HEIGHT="52" WIDTH="28" VPOS="1058" HPOS="756"/>
<String CONTENT="M." HEIGHT="54" WIDTH="80" VPOS="1058" HPOS="785"/>
</TextLine>
<TextLine HEIGHT="70" WIDTH="1917" VPOS="1133" HPOS="439" STYLEREFS="StyleId-D5A3B104-B87D-45F1-A688-3B2F71863564-" CS="1">
<String CONTENT="Moths" HEIGHT="54" WIDTH="196" VPOS="1133" HPOS="439"/>
<SP HEIGHT="34" WIDTH="25" VPOS="1153" HPOS="636"/>
<String CONTENT="and" HEIGHT="52" WIDTH="113" VPOS="1135" HPOS="662"/>
<SP HEIGHT="53" WIDTH="25" VPOS="1134" HPOS="776"/>
<String CONTENT="butterflies," HEIGHT="67" WIDTH="332" VPOS="1134" HPOS="802"/>
<SP HEIGHT="67" WIDTH="24" VPOS="1134" HPOS="1135"/>
<String CONTENT="by" HEIGHT="69" WIDTH="76" VPOS="1134" HPOS="1160"/>
<SP HEIGHT="68" WIDTH="22" VPOS="1135" HPOS="1237"/>
<String CONTENT="Lina" HEIGHT="52" WIDTH="146" VPOS="1134" HPOS="1260"/>
<SP HEIGHT="51" WIDTH="26" VPOS="1135" HPOS="1407"/>
<String CONTENT="M." HEIGHT="51" WIDTH="79" VPOS="1135" HPOS="1434"/>
<SP HEIGHT="54" WIDTH="26" VPOS="1134" HPOS="1514"/>
<String CONTENT="Johns" HEIGHT="54" WIDTH="187" VPOS="1134" HPOS="1541"/>
<SP HEIGHT="33" WIDTH="29" VPOS="1154" HPOS="1729"/>
<String CS="1" CONTENT="&#8230;"/>
<SP HEIGHT="33" WIDTH="32" VPOS="1153" HPOS="1815"/>
<String CONTENT="and" HEIGHT="52" WIDTH="113" VPOS="1135" HPOS="1848"/>
<SP HEIGHT="53" WIDTH="25" VPOS="1134" HPOS="1962"/>
<String CONTENT="May" HEIGHT="69" WIDTH="139" VPOS="1134" HPOS="1988"/>
<SP HEIGHT="68" WIDTH="25" VPOS="1135" HPOS="2128"/>
<String CS="1" CONTENT="Averill" HEIGHT="53" WIDTH="202" VPOS="1134" HPOS="2154"/>
</TextLine>
<TextLine HEIGHT="89" WIDTH="1946" VPOS="1192" HPOS="431" STYLEREFS="StyleId-D5A3B104-B87D-45F1-A688-3B2F71863564-" CS="1">
<String CS="1" CONTENT="&#8230;"/>
<SP HEIGHT="54" WIDTH="39" VPOS="1210" HPOS="431"/>
<String CONTENT="illustrated" HEIGHT="55" WIDTH="327" VPOS="1210" HPOS="471"/>
<SP HEIGHT="53" WIDTH="34" VPOS="1212" HPOS="799"/>
<String CONTENT="by" HEIGHT="69" WIDTH="75" VPOS="1212" HPOS="834"/>
<SP HEIGHT="70" WIDTH="34" VPOS="1211" HPOS="910"/>
<String CONTENT="Mabel" HEIGHT="53" WIDTH="192" VPOS="1211" HPOS="945"/>
<SP HEIGHT="52" WIDTH="36" VPOS="1212" HPOS="1138"/>
<String CONTENT="Betsy" HEIGHT="69" WIDTH="177" VPOS="1212" HPOS="1175"/>
<SP HEIGHT="69" WIDTH="34" VPOS="1212" HPOS="1353"/>
<String CONTENT="Hill." HEIGHT="52" WIDTH="147" VPOS="1212" HPOS="1388"/>
<SP HEIGHT="51" WIDTH="73" VPOS="1213" HPOS="1536"/>
<String CONTENT="Dansville," HEIGHT="67" WIDTH="319" VPOS="1212" HPOS="1610"/>
<SP HEIGHT="67" WIDTH="34" VPOS="1212" HPOS="1930"/>
<String LANG="fr" CONTENT="N." HEIGHT="52" WIDTH="68" VPOS="1212" HPOS="1965"/>
<SP HEIGHT="72" WIDTH="39" VPOS="1192" HPOS="2034"/>
<String LANG="fr" CS="1" CONTENT="Y.," HEIGHT="25" WIDTH="29" VPOS="1254" HPOS="2136"/>
<SP HEIGHT="67" WIDTH="36" VPOS="1212" HPOS="2166"/>
<String CONTENT="F." HEIGHT="52" WIDTH="63" VPOS="1212" HPOS="2203"/>
<SP HEIGHT="52" WIDTH="37" VPOS="1212" HPOS="2267"/>
<String CONTENT="A." HEIGHT="52" WIDTH="72" VPOS="1212" HPOS="2305"/>
</TextLine>
<TextLine HEIGHT="70" WIDTH="1096" VPOS="1288" HPOS="371" STYLEREFS="StyleId-D5A3B104-B87D-45F1-A688-3B2F71863564-" CS="1">
<String CONTENT="Owen" HEIGHT="56" WIDTH="177" VPOS="1288" HPOS="371"/>
<SP HEIGHT="49" WIDTH="34" VPOS="1308" HPOS="549"/>
<String CONTENT="publishing" HEIGHT="69" WIDTH="336" VPOS="1289" HPOS="584"/>
<SP HEIGHT="51" WIDTH="31" VPOS="1307" HPOS="921"/>
<String CONTENT="company" HEIGHT="51" WIDTH="281" VPOS="1306" HPOS="953"/>
<SP HEIGHT="50" WIDTH="38" VPOS="1307" HPOS="1235"/>
<String CS="1" CONTENT="["/>
<String STYLE="superscript" CS="1" CONTENT="&#7580;19"/>
<String CONTENT="29]" HEIGHT="65" WIDTH="84" VPOS="1291" HPOS="1383"/>
</TextLine>
<TextLine HEIGHT="49" WIDTH="1128" VPOS="1372" HPOS="440" CS="1">
<String CONTENT="3" HEIGHT="40" WIDTH="27" VPOS="1373" HPOS="440"/>
<SP/>
<String LANG="fr" CONTENT="p." HEIGHT="38" WIDTH="42" VPOS="1383" HPOS="495"/>
<SP HEIGHT="40" WIDTH="28" VPOS="1373" HPOS="538"/>
<String CS="1" CONTENT="l.," HEIGHT="15" WIDTH="8" VPOS="1404" HPOS="603"/>
<SP HEIGHT="47" WIDTH="28" VPOS="1372" HPOS="612"/>
<String CONTENT="9-128" HEIGHT="41" WIDTH="145" VPOS="1372" HPOS="641"/>
<SP HEIGHT="48" WIDTH="25" VPOS="1372" HPOS="787"/>
<String CONTENT="p." HEIGHT="37" WIDTH="43" VPOS="1383" HPOS="813"/>
<SP HEIGHT="40" WIDTH="59" VPOS="1372" HPOS="857"/>
<String CONTENT="illus." HEIGHT="41" WIDTH="130" VPOS="1372" HPOS="917"/>
<SP HEIGHT="48" WIDTH="26" VPOS="1372" HPOS="1048"/>
<String CONTENT="(part" HEIGHT="48" WIDTH="135" VPOS="1372" HPOS="1075"/>
<SP HEIGHT="38" WIDTH="29" VPOS="1374" HPOS="1211"/>
<String CONTENT="col.)" HEIGHT="47" WIDTH="112" VPOS="1372" HPOS="1241"/>
<SP HEIGHT="47" WIDTH="68" VPOS="1372" HPOS="1354"/>
<String CS="1" CONTENT="19&#189;&#7580;&#7504;." HEIGHT="40" WIDTH="145" VPOS="1372" HPOS="1423"/>
</TextLine>
<TextLine HEIGHT="48" WIDTH="1652" VPOS="1428" HPOS="443" CS="1">
<String CONTENT="&#8220;Suitable" HEIGHT="41" WIDTH="251" VPOS="1429" HPOS="443"/>
<SP HEIGHT="40" WIDTH="28" VPOS="1429" HPOS="695"/>
<String CONTENT="for" HEIGHT="40" WIDTH="79" VPOS="1429" HPOS="724"/>
<SP HEIGHT="30" WIDTH="30" VPOS="1439" HPOS="804"/>
<String CONTENT="children" HEIGHT="41" WIDTH="220" VPOS="1428" HPOS="835"/>
<SP HEIGHT="29" WIDTH="30" VPOS="1439" HPOS="1056"/>
<String CONTENT="of" HEIGHT="40" WIDTH="53" VPOS="1428" HPOS="1087"/>
<SP HEIGHT="40" WIDTH="30" VPOS="1428" HPOS="1141"/>
<String CONTENT="the" HEIGHT="40" WIDTH="82" VPOS="1428" HPOS="1172"/>
<SP HEIGHT="38" WIDTH="31" VPOS="1438" HPOS="1255"/>
<String CONTENT="primary" HEIGHT="48" WIDTH="218" VPOS="1428" HPOS="1287"/>
<SP HEIGHT="37" WIDTH="30" VPOS="1438" HPOS="1506"/>
<String CS="1" CONTENT="grades.&#8221;&#8212;Foreword." HEIGHT="46" WIDTH="558" VPOS="1429" HPOS="1537"/>
</TextLine>
<TextLine HEIGHT="52" WIDTH="1836" VPOS="1482" HPOS="376">
<String CONTENT="&#169;" HEIGHT="52" WIDTH="52" VPOS="1482" HPOS="376"/>
<SP HEIGHT="52" WIDTH="27" VPOS="1482" HPOS="429"/>
<String CONTENT="Feb." HEIGHT="40" WIDTH="111" VPOS="1486" HPOS="457"/>
<SP HEIGHT="40" WIDTH="25" VPOS="1486" HPOS="569"/>
<String CONTENT="21," HEIGHT="47" WIDTH="70" VPOS="1486" HPOS="595"/>
<SP HEIGHT="47" WIDTH="26" VPOS="1486" HPOS="666"/>
<String CONTENT="1929;" HEIGHT="46" WIDTH="141" VPOS="1485" HPOS="693"/>
<SP HEIGHT="46" WIDTH="26" VPOS="1485" HPOS="835"/>
<String CONTENT="2c." HEIGHT="40" WIDTH="68" VPOS="1485" HPOS="862"/>
<SP HEIGHT="30" WIDTH="26" VPOS="1495" HPOS="931"/>
<String CONTENT="and" HEIGHT="39" WIDTH="95" VPOS="1486" HPOS="958"/>
<SP HEIGHT="38" WIDTH="26" VPOS="1486" HPOS="1054"/>
<String CONTENT="aff." HEIGHT="41" WIDTH="82" VPOS="1484" HPOS="1081"/>
<SP HEIGHT="39" WIDTH="28" VPOS="1486" HPOS="1164"/>
<String CONTENT="Mar." HEIGHT="38" WIDTH="121" VPOS="1486" HPOS="1193"/>
<SP HEIGHT="39" WIDTH="28" VPOS="1485" HPOS="1315"/>
<String CONTENT="5;" HEIGHT="45" WIDTH="52" VPOS="1485" HPOS="1344"/>
<SP HEIGHT="46" WIDTH="28" VPOS="1484" HPOS="1397"/>
<!-- cceid 8D9DF97C-6CFA-1014-9C3C-CEA95E7AA542 --><String CONTENT="A" HEIGHT="39" WIDTH="41" VPOS="1484" HPOS="1426"/>
<SP HEIGHT="39" WIDTH="24" VPOS="1484" HPOS="1468"/>
<String CONTENT="4674;" HEIGHT="47" WIDTH="143" VPOS="1484" HPOS="1493"/>
<SP HEIGHT="47" WIDTH="30" VPOS="1484" HPOS="1637"/>
<String CONTENT="F." HEIGHT="40" WIDTH="51" VPOS="1484" HPOS="1668"/>
<SP HEIGHT="38" WIDTH="26" VPOS="1486" HPOS="1720"/>
<String CONTENT="A." HEIGHT="39" WIDTH="55" VPOS="1486" HPOS="1747"/>
<SP HEIGHT="41" WIDTH="28" VPOS="1484" HPOS="1803"/>
<String CONTENT="Owen" HEIGHT="41" WIDTH="148" VPOS="1484" HPOS="1832"/>
<SP HEIGHT="37" WIDTH="24" VPOS="1496" HPOS="1981"/>
<String CONTENT="pub." HEIGHT="47" WIDTH="110" VPOS="1486" HPOS="2006"/>
<SP HEIGHT="30" WIDTH="27" VPOS="1496" HPOS="2117"/>
<String CONTENT="co." HEIGHT="30" WIDTH="67" VPOS="1496" HPOS="2145"/>
</TextLine>
<TextLine HEIGHT="49" WIDTH="252" VPOS="1542" HPOS="454">
<String CONTENT="(29-6251)" HEIGHT="49" WIDTH="252" VPOS="1542" HPOS="454"/>
</TextLine>
<TextLine HEIGHT="64" WIDTH="538" VPOS="1636" HPOS="376" STYLEREFS="StyleId-D5A3B104-B87D-45F1-A688-3B2F71863564-">
<String LANG="en-US" CONTENT="Johnson," HEIGHT="64" WIDTH="285" VPOS="1636" HPOS="376"/>
<SP HEIGHT="63" WIDTH="27" VPOS="1637" HPOS="662"/>
<String LANG="de" CONTENT="Ava" HEIGHT="52" WIDTH="131" VPOS="1637" HPOS="690"/>
<SP HEIGHT="53" WIDTH="27" VPOS="1636" HPOS="822"/>
<String LANG="en-US" CONTENT="L." HEIGHT="55" WIDTH="64" VPOS="1636" HPOS="850"/>
</TextLine>
<TextLine HEIGHT="149" WIDTH="1979" VPOS="1714" HPOS="378" STYLEREFS="StyleId-D5A3B104-B87D-45F1-A688-3B2F71863564-" CS="1">
<String CONTENT="Bacteriology" HEIGHT="70" WIDTH="405" VPOS="1715" HPOS="449"/>
<SP HEIGHT="51" WIDTH="33" VPOS="1733" HPOS="855"/>
<String CONTENT="of" HEIGHT="54" WIDTH="64" VPOS="1714" HPOS="889"/>
<SP HEIGHT="53" WIDTH="32" VPOS="1714" HPOS="954"/>
<String CONTENT="the" HEIGHT="54" WIDTH="95" VPOS="1714" HPOS="987"/>
<SP HEIGHT="54" WIDTH="35" VPOS="1714" HPOS="1083"/>
<String CONTENT="home;" HEIGHT="68" WIDTH="194" VPOS="1714" HPOS="1119"/>
<SP HEIGHT="48" WIDTH="37" VPOS="1734" HPOS="1314"/>
<String CONTENT="a" HEIGHT="33" WIDTH="30" VPOS="1734" HPOS="1352"/>
<SP HEIGHT="49" WIDTH="35" VPOS="1719" HPOS="1383"/>
<String CONTENT="textbook" HEIGHT="54" WIDTH="273" VPOS="1714" HPOS="1419"/>
<SP HEIGHT="54" WIDTH="33" VPOS="1714" HPOS="1693"/>
<String CONTENT="of" HEIGHT="54" WIDTH="64" VPOS="1714" HPOS="1727"/>
<SP HEIGHT="70" WIDTH="36" VPOS="1714" HPOS="1792"/>
<String CONTENT="practical" HEIGHT="68" WIDTH="277" VPOS="1716" HPOS="1829"/>
<SP HEIGHT="53" WIDTH="34" VPOS="1716" HPOS="2107"/>
<String CONTENT="bacteriology" HEIGHT="147" WIDTH="1979" VPOS="1716" HPOS="378"/>
</TextLine>
<TextLine HEIGHT="70" WIDTH="1796" VPOS="1793" HPOS="587" STYLEREFS="StyleId-D5A3B104-B87D-45F1-A688-3B2F71863564-" CS="1">
<String CONTENT="[by]" HEIGHT="68" WIDTH="109" VPOS="1794" HPOS="587"/>
<SP HEIGHT="66" WIDTH="39" VPOS="1794" HPOS="697"/>
<String LANG="de" CONTENT="Ava" HEIGHT="51" WIDTH="128" VPOS="1794" HPOS="737"/>
<SP HEIGHT="51" WIDTH="32" VPOS="1794" HPOS="866"/>
<String CONTENT="L." HEIGHT="52" WIDTH="64" VPOS="1794" HPOS="899"/>
<SP HEIGHT="54" WIDTH="34" VPOS="1793" HPOS="964"/>
<String CONTENT="Johnson" HEIGHT="54" WIDTH="262" VPOS="1793" HPOS="999"/>
<SP HEIGHT="33" WIDTH="40" VPOS="1812" HPOS="1262"/>
<String CS="1" CONTENT="&#8230;"/>
<SP HEIGHT="50" WIDTH="42" VPOS="1812" HPOS="1358"/>
<String CONTENT="photography" HEIGHT="69" WIDTH="409" VPOS="1794" HPOS="1401"/>
<SP HEIGHT="69" WIDTH="30" VPOS="1794" HPOS="1811"/>
<String CONTENT="by" HEIGHT="68" WIDTH="76" VPOS="1794" HPOS="1842"/>
<SP HEIGHT="67" WIDTH="33" VPOS="1795" HPOS="1919"/>
<String CONTENT="Edith" HEIGHT="53" WIDTH="182" VPOS="1794" HPOS="1953"/>
<SP HEIGHT="51" WIDTH="34" VPOS="1795" HPOS="2136"/>
<String CONTENT="Brown" HEIGHT="52" WIDTH="212" VPOS="1795" HPOS="2171"/>
</TextLine>
<TextLine HEIGHT="69" WIDTH="1716" VPOS="1871" HPOS="377" STYLEREFS="StyleId-D5A3B104-B87D-45F1-A688-3B2F71863564-" CS="1">
<String CONTENT="Bicker" HEIGHT="53" WIDTH="211" VPOS="1872" HPOS="377"/>
<SP HEIGHT="32" WIDTH="31" VPOS="1892" HPOS="589"/>
<String CS="1" CONTENT="&#8230;"/>
<SP HEIGHT="51" WIDTH="78" VPOS="1873" HPOS="678"/>
<String CONTENT="Peoria," HEIGHT="67" WIDTH="225" VPOS="1872" HPOS="757"/>
<SP HEIGHT="67" WIDTH="28" VPOS="1872" HPOS="983"/>
<String CONTENT="Ill.," HEIGHT="66" WIDTH="113" VPOS="1872" HPOS="1012"/>
<SP HEIGHT="66" WIDTH="28" VPOS="1872" HPOS="1126"/>
<String CONTENT="The" HEIGHT="53" WIDTH="123" VPOS="1871" HPOS="1155"/>
<SP HEIGHT="52" WIDTH="27" VPOS="1872" HPOS="1279"/>
<String CONTENT="Manual" HEIGHT="52" WIDTH="239" VPOS="1872" HPOS="1307"/>
<SP HEIGHT="52" WIDTH="29" VPOS="1872" HPOS="1547"/>
<String CONTENT="arts" HEIGHT="48" WIDTH="119" VPOS="1877" HPOS="1577"/>
<SP HEIGHT="50" WIDTH="27" VPOS="1890" HPOS="1697"/>
<String CONTENT="press" HEIGHT="50" WIDTH="158" VPOS="1890" HPOS="1725"/>
<SP HEIGHT="47" WIDTH="34" VPOS="1891" HPOS="1884"/>
<String CONTENT="[" HEIGHT="34" WIDTH="12" VPOS="1904" HPOS="1919"/>
<String STYLE="superscript" CS="1" CONTENT="&#7580;19"/>
<String CS="1" CONTENT="29]" HEIGHT="49" WIDTH="66" VPOS="1875" HPOS="2027"/>
</TextLine>
<TextLine HEIGHT="50" WIDTH="777" VPOS="1954" HPOS="445" STYLEREFS="StyleId-D5A3B104-B87D-45F1-A688-3B2F71863564-" CS="1">
<String CONTENT="167" HEIGHT="41" WIDTH="86" VPOS="1955" HPOS="445"/>
<SP HEIGHT="47" WIDTH="18" VPOS="1957" HPOS="532"/>
<String CONTENT="p." HEIGHT="38" WIDTH="43" VPOS="1966" HPOS="551"/>
<SP HEIGHT="39" WIDTH="58" VPOS="1955" HPOS="595"/>
<String CONTENT="front.," HEIGHT="47" WIDTH="165" VPOS="1955" HPOS="654"/>
<SP HEIGHT="38" WIDTH="21" VPOS="1964" HPOS="820"/>
<String CONTENT="plates." HEIGHT="47" WIDTH="172" VPOS="1955" HPOS="842"/>
<SP HEIGHT="40" WIDTH="57" VPOS="1955" HPOS="1015"/>
<String CS="1" CONTENT="20&#189;&#7580;&#7504;." HEIGHT="41" WIDTH="149" VPOS="1954" HPOS="1073"/>
</TextLine>
<TextLine HEIGHT="50" WIDTH="1670" VPOS="2011" HPOS="715" CS="1">
<String CS="1" CONTENT="CONTENTS.&#8212;pt." HEIGHT="49" WIDTH="144" VPOS="2011" HPOS="715"/>
<SP HEIGHT="33" WIDTH="24" VPOS="2018" HPOS="860"/>
<String CONTENT="I." HEIGHT="33" WIDTH="32" VPOS="2018" HPOS="885"/>
<SP HEIGHT="41" WIDTH="28" VPOS="2011" HPOS="918"/>
<String CONTENT="Study" HEIGHT="48" WIDTH="155" VPOS="2011" HPOS="947"/>
<SP HEIGHT="36" WIDTH="26" VPOS="2023" HPOS="1103"/>
<String CONTENT="of" HEIGHT="41" WIDTH="52" VPOS="2011" HPOS="1130"/>
<SP HEIGHT="40" WIDTH="24" VPOS="2011" HPOS="1183"/>
<String CONTENT="bacteria" HEIGHT="40" WIDTH="218" VPOS="2011" HPOS="1208"/>
<SP HEIGHT="40" WIDTH="26" VPOS="2011" HPOS="1427"/>
<String CONTENT="in" HEIGHT="39" WIDTH="49" VPOS="2011" HPOS="1454"/>
<SP HEIGHT="39" WIDTH="25" VPOS="2013" HPOS="1504"/>
<String CONTENT="the" HEIGHT="40" WIDTH="81" VPOS="2012" HPOS="1530"/>
<SP HEIGHT="39" WIDTH="25" VPOS="2013" HPOS="1612"/>
<String CONTENT="home.&#8212;pt." HEIGHT="49" WIDTH="289" VPOS="2011" HPOS="1638"/>
<SP HEIGHT="33" WIDTH="26" VPOS="2018" HPOS="1928"/>
<String CS="1" CONTENT="II." HEIGHT="10" WIDTH="12" VPOS="2041" HPOS="1998"/>
<SP HEIGHT="39" WIDTH="24" VPOS="2012" HPOS="2011"/>
<String CONTENT="A" HEIGHT="39" WIDTH="41" VPOS="2012" HPOS="2036"/>
<SP HEIGHT="39" WIDTH="22" VPOS="2012" HPOS="2078"/>
<String CONTENT="laboratory" HEIGHT="48" WIDTH="284" VPOS="2013" HPOS="2101"/>
</TextLine>
<TextLine HEIGHT="39" WIDTH="211" VPOS="2071" HPOS="377">
<String CONTENT="manual." HEIGHT="39" WIDTH="211" VPOS="2071" HPOS="377"/>
</TextLine>
<TextLine HEIGHT="55" WIDTH="2000" VPOS="2122" HPOS="379" CS="1">
<String CONTENT="&#169;" HEIGHT="55" WIDTH="51" VPOS="2122" HPOS="379"/>
<SP HEIGHT="55" WIDTH="30" VPOS="2122" HPOS="431"/>
<String CONTENT="Feb." HEIGHT="41" WIDTH="111" VPOS="2127" HPOS="462"/>
<SP HEIGHT="40" WIDTH="27" VPOS="2127" HPOS="574"/>
<String CONTENT="14," HEIGHT="47" WIDTH="69" VPOS="2127" HPOS="602"/>
<SP HEIGHT="47" WIDTH="29" VPOS="2127" HPOS="672"/>
<String CS="1" CONTENT="1929;" HEIGHT="41" WIDTH="115" VPOS="2125" HPOS="702"/>
<SP/>
<String CONTENT="2c." HEIGHT="41" WIDTH="67" VPOS="2125" HPOS="875"/>
<SP HEIGHT="41" WIDTH="30" VPOS="2125" HPOS="943"/>
<String CONTENT="Feb." HEIGHT="40" WIDTH="111" VPOS="2125" HPOS="974"/>
<SP HEIGHT="40" WIDTH="28" VPOS="2125" HPOS="1086"/>
<String CS="1" CONTENT="23;" HEIGHT="41" WIDTH="56" VPOS="2125" HPOS="1115"/>
<SP/>
<String CONTENT="aff." HEIGHT="41" WIDTH="82" VPOS="2125" HPOS="1232"/>
<SP HEIGHT="41" WIDTH="30" VPOS="2125" HPOS="1315"/>
<String CONTENT="Feb." HEIGHT="40" WIDTH="111" VPOS="2125" HPOS="1346"/>
<SP HEIGHT="40" WIDTH="29" VPOS="2125" HPOS="1458"/>
<String CS="1" CONTENT="21;" HEIGHT="39" WIDTH="54" VPOS="2125" HPOS="1488"/>
<SP/>
<!-- cceid 8D9F3727-6CFA-1014-9C3C-CEA95E7AA542 --><String CONTENT="A" HEIGHT="39" WIDTH="41" VPOS="2125" HPOS="1602"/>
<SP HEIGHT="40" WIDTH="29" VPOS="2125" HPOS="1644"/>
<String CS="1" CONTENT="5501;" HEIGHT="40" WIDTH="108" VPOS="2125" HPOS="1674"/>
<SP/>
<String CONTENT="A." HEIGHT="41" WIDTH="54" VPOS="2126" HPOS="1848"/>
<SP HEIGHT="41" WIDTH="31" VPOS="2126" HPOS="1903"/>
<String CONTENT="L." HEIGHT="40" WIDTH="51" VPOS="2126" HPOS="1935"/>
<SP HEIGHT="40" WIDTH="29" VPOS="2126" HPOS="1987"/>
<String CONTENT="Johnson." HEIGHT="43" WIDTH="233" VPOS="2125" HPOS="2017"/>
<SP HEIGHT="41" WIDTH="30" VPOS="2127" HPOS="2251"/>
<String LANG="fr" CONTENT="Des" HEIGHT="40" WIDTH="97" VPOS="2127" HPOS="2282"/>
</TextLine>
<TextLine HEIGHT="50" WIDTH="520" VPOS="2182" HPOS="451">
<String CONTENT="Moines." HEIGHT="42" WIDTH="200" VPOS="2183" HPOS="451"/>
<SP HEIGHT="49" WIDTH="68" VPOS="2183" HPOS="652"/>
<String CONTENT="(29-5913)" HEIGHT="50" WIDTH="250" VPOS="2182" HPOS="721"/>
</TextLine>
<TextLine HEIGHT="69" WIDTH="1170" VPOS="2277" HPOS="381" STYLEREFS="StyleId-D5A3B104-B87D-45F1-A688-3B2F71863564-">
<String CONTENT="[Joint" HEIGHT="69" WIDTH="182" VPOS="2277" HPOS="381"/>
<SP HEIGHT="51" WIDTH="29" VPOS="2279" HPOS="564"/>
<String CONTENT="committee" HEIGHT="53" WIDTH="340" VPOS="2277" HPOS="594"/>
<SP HEIGHT="36" WIDTH="27" VPOS="2293" HPOS="935"/>
<String CONTENT="on" HEIGHT="36" WIDTH="72" VPOS="2293" HPOS="963"/>
<SP HEIGHT="36" WIDTH="29" VPOS="2293" HPOS="1036"/>
<String CONTENT="social" HEIGHT="53" WIDTH="180" VPOS="2277" HPOS="1066"/>
<SP HEIGHT="52" WIDTH="28" VPOS="2277" HPOS="1247"/>
<String CONTENT="hygiene]" HEIGHT="67" WIDTH="275" VPOS="2277" HPOS="1276"/>
</TextLine>
<TextLine HEIGHT="71" WIDTH="1937" VPOS="2353" HPOS="445" STYLEREFS="StyleId-D5A3B104-B87D-45F1-A688-3B2F71863564-">
<String CONTENT="The" HEIGHT="53" WIDTH="122" VPOS="2355" HPOS="445"/>
<SP HEIGHT="35" WIDTH="37" VPOS="2373" HPOS="568"/>
<String CONTENT="attitudes" HEIGHT="52" WIDTH="276" VPOS="2355" HPOS="606"/>
<SP HEIGHT="34" WIDTH="38" VPOS="2373" HPOS="883"/>
<String CONTENT="of" HEIGHT="53" WIDTH="65" VPOS="2353" HPOS="922"/>
<SP HEIGHT="53" WIDTH="36" VPOS="2353" HPOS="988"/>
<String CONTENT="mothers" HEIGHT="53" WIDTH="250" VPOS="2355" HPOS="1025"/>
<SP HEIGHT="48" WIDTH="38" VPOS="2360" HPOS="1276"/>
<String CONTENT="toward" HEIGHT="52" WIDTH="222" VPOS="2355" HPOS="1315"/>
<SP HEIGHT="53" WIDTH="40" VPOS="2355" HPOS="1538"/>
<String CONTENT="sex" HEIGHT="34" WIDTH="96" VPOS="2374" HPOS="1579"/>
<SP HEIGHT="35" WIDTH="40" VPOS="2373" HPOS="1676"/>
<String CONTENT="education," HEIGHT="67" WIDTH="319" VPOS="2355" HPOS="1717"/>
<SP HEIGHT="67" WIDTH="40" VPOS="2355" HPOS="2037"/>
<String CONTENT="by" HEIGHT="69" WIDTH="76" VPOS="2355" HPOS="2078"/>
<SP HEIGHT="68" WIDTH="39" VPOS="2356" HPOS="2155"/>
<String CONTENT="Helen" HEIGHT="52" WIDTH="187" VPOS="2356" HPOS="2195"/>
</TextLine>
<TextLine HEIGHT="70" WIDTH="2011" VPOS="2432" HPOS="372" STYLEREFS="StyleId-D5A3B104-B87D-45F1-A688-3B2F71863564-">
<String CONTENT="Leland" HEIGHT="53" WIDTH="219" VPOS="2433" HPOS="372"/>
<SP HEIGHT="54" WIDTH="30" VPOS="2432" HPOS="592"/>
<String CONTENT="Witmer." HEIGHT="54" WIDTH="263" VPOS="2432" HPOS="623"/>
<SP HEIGHT="34" WIDTH="80" VPOS="2465" HPOS="887"/>
<String CONTENT="[Minneapolis]" HEIGHT="68" WIDTH="423" VPOS="2432" HPOS="968"/>
<SP HEIGHT="66" WIDTH="38" VPOS="2433" HPOS="1392"/>
<String CONTENT="The" HEIGHT="53" WIDTH="122" VPOS="2432" HPOS="1431"/>
<SP HEIGHT="54" WIDTH="31" VPOS="2433" HPOS="1554"/>
<String CONTENT="University" HEIGHT="69" WIDTH="340" VPOS="2433" HPOS="1586"/>
<SP HEIGHT="51" WIDTH="33" VPOS="2451" HPOS="1927"/>
<String CONTENT="of" HEIGHT="54" WIDTH="64" VPOS="2432" HPOS="1961"/>
<SP HEIGHT="53" WIDTH="31" VPOS="2432" HPOS="2026"/>
<String CONTENT="Minnesota" HEIGHT="54" WIDTH="325" VPOS="2433" HPOS="2058"/>
</TextLine>
<TextLine HEIGHT="65" WIDTH="362" VPOS="2513" HPOS="375" STYLEREFS="StyleId-D5A3B104-B87D-45F1-A688-3B2F71863564-">
<String CONTENT="press," HEIGHT="49" WIDTH="174" VPOS="2529" HPOS="375"/>
<SP HEIGHT="63" WIDTH="35" VPOS="2514" HPOS="550"/>
<String CONTENT="1929." HEIGHT="49" WIDTH="151" VPOS="2513" HPOS="586"/>
</TextLine>
<TextLine HEIGHT="49" WIDTH="929" VPOS="2591" HPOS="483" CS="1">
<String CS="1" CONTENT="x," HEIGHT="16" WIDTH="8" VPOS="2624" HPOS="483"/>
<SP HEIGHT="47" WIDTH="26" VPOS="2593" HPOS="492"/>
<String CONTENT="112" HEIGHT="39" WIDTH="85" VPOS="2592" HPOS="519"/>
<SP HEIGHT="48" WIDTH="25" VPOS="2592" HPOS="605"/>
<String CONTENT="p." HEIGHT="38" WIDTH="43" VPOS="2602" HPOS="631"/>
<SP HEIGHT="41" WIDTH="23" VPOS="2591" HPOS="675"/>
<String CONTENT="incl." HEIGHT="41" WIDTH="112" VPOS="2591" HPOS="699"/>
<SP HEIGHT="38" WIDTH="25" VPOS="2594" HPOS="812"/>
<String CONTENT="tables," HEIGHT="46" WIDTH="169" VPOS="2592" HPOS="838"/>
<SP HEIGHT="46" WIDTH="26" VPOS="2592" HPOS="1008"/>
<String CONTENT="forms." HEIGHT="41" WIDTH="169" VPOS="2592" HPOS="1035"/>
<SP HEIGHT="42" WIDTH="58" VPOS="2591" HPOS="1205"/>
<String CS="1" CONTENT="22&#189;&#7580;&#7504;." HEIGHT="42" WIDTH="148" VPOS="2591" HPOS="1264"/>
</TextLine>
<TextLine HEIGHT="48" WIDTH="1938" VPOS="2648" HPOS="449" CS="1">
<String CONTENT="On" HEIGHT="41" WIDTH="72" VPOS="2649" HPOS="449"/>
<SP HEIGHT="30" WIDTH="24" VPOS="2659" HPOS="522"/>
<String CS="1" CONTENT="cover:" HEIGHT="30" WIDTH="142" VPOS="2659" HPOS="547"/>
<SP/>
<String CONTENT="A" HEIGHT="38" WIDTH="41" VPOS="2649" HPOS="744"/>
<SP HEIGHT="38" WIDTH="27" VPOS="2649" HPOS="786"/>
<String CONTENT="report" HEIGHT="45" WIDTH="162" VPOS="2651" HPOS="814"/>
<SP HEIGHT="39" WIDTH="26" VPOS="2649" HPOS="977"/>
<String CONTENT="by" HEIGHT="47" WIDTH="60" VPOS="2649" HPOS="1004"/>
<SP HEIGHT="48" WIDTH="27" VPOS="2648" HPOS="1065"/>
<String CONTENT="Helen" HEIGHT="40" WIDTH="156" VPOS="2648" HPOS="1093"/>
<SP HEIGHT="40" WIDTH="27" VPOS="2648" HPOS="1250"/>
<String CONTENT="Leland" HEIGHT="40" WIDTH="183" VPOS="2648" HPOS="1278"/>
<SP HEIGHT="40" WIDTH="28" VPOS="2649" HPOS="1462"/>
<String CS="1" CONTENT="Witmer" HEIGHT="40" WIDTH="145" VPOS="2648" HPOS="1552"/>
<SP HEIGHT="39" WIDTH="25" VPOS="2649" HPOS="1698"/>
<String CONTENT="for" HEIGHT="40" WIDTH="80" VPOS="2649" HPOS="1724"/>
<SP HEIGHT="38" WIDTH="27" VPOS="2651" HPOS="1805"/>
<String CONTENT="the" HEIGHT="40" WIDTH="83" VPOS="2649" HPOS="1833"/>
<SP HEIGHT="40" WIDTH="27" VPOS="2649" HPOS="1917"/>
<String CONTENT="Joint" HEIGHT="41" WIDTH="136" VPOS="2648" HPOS="1945"/>
<SP HEIGHT="38" WIDTH="27" VPOS="2652" HPOS="2082"/>
<String CONTENT="committee" HEIGHT="41" WIDTH="277" VPOS="2649" HPOS="2110"/>
</TextLine>
<TextLine HEIGHT="48" WIDTH="486" VPOS="2705" HPOS="377">
<String CONTENT="on" HEIGHT="29" WIDTH="59" VPOS="2717" HPOS="377"/>
<SP HEIGHT="29" WIDTH="27" VPOS="2717" HPOS="437"/>
<String CONTENT="social" HEIGHT="41" WIDTH="151" VPOS="2705" HPOS="465"/>
<SP HEIGHT="39" WIDTH="27" VPOS="2705" HPOS="617"/>
<String CONTENT="hygiene." HEIGHT="48" WIDTH="218" VPOS="2705" HPOS="645"/>
</TextLine>
<TextLine HEIGHT="49" WIDTH="1936" VPOS="2760" HPOS="450" CS="1">
<String CONTENT="Introduction" HEIGHT="40" WIDTH="338" VPOS="2762" HPOS="450"/>
<SP HEIGHT="29" WIDTH="40" VPOS="2773" HPOS="789"/>
<String CS="1" CONTENT="signed:" HEIGHT="48" WIDTH="167" VPOS="2761" HPOS="830"/>
<SP/>
<String CONTENT="F." HEIGHT="41" WIDTH="51" VPOS="2761" HPOS="1069"/>
<SP HEIGHT="41" WIDTH="42" VPOS="2761" HPOS="1121"/>
<String CONTENT="Stuart" HEIGHT="41" WIDTH="172" VPOS="2761" HPOS="1164"/>
<SP HEIGHT="42" WIDTH="40" VPOS="2760" HPOS="1337"/>
<String CONTENT="Chapin," HEIGHT="49" WIDTH="202" VPOS="2760" HPOS="1378"/>
<SP HEIGHT="35" WIDTH="40" VPOS="2772" HPOS="1581"/>
<String CONTENT="chairman," HEIGHT="48" WIDTH="267" VPOS="2761" HPOS="1622"/>
<SP HEIGHT="47" WIDTH="41" VPOS="2762" HPOS="1890"/>
<String CONTENT="Joint" HEIGHT="40" WIDTH="136" VPOS="2762" HPOS="1932"/>
<SP HEIGHT="39" WIDTH="39" VPOS="2764" HPOS="2069"/>
<String CONTENT="committee" HEIGHT="40" WIDTH="277" VPOS="2763" HPOS="2109"/>
</TextLine>
<TextLine HEIGHT="49" WIDTH="491" VPOS="2817" HPOS="378">
<String CONTENT="on" HEIGHT="29" WIDTH="61" VPOS="2829" HPOS="378"/>
<SP HEIGHT="29" WIDTH="28" VPOS="2829" HPOS="440"/>
<String CONTENT="social" HEIGHT="41" WIDTH="150" VPOS="2818" HPOS="469"/>
<SP HEIGHT="39" WIDTH="28" VPOS="2819" HPOS="620"/>
<String CONTENT="hygiene." HEIGHT="49" WIDTH="220" VPOS="2817" HPOS="649"/>
</TextLine>
<TextLine HEIGHT="110" WIDTH="1983" VPOS="2872" HPOS="383" CS="1">
<String CONTENT="&#169;" HEIGHT="53" WIDTH="52" VPOS="2872" HPOS="383"/>
<SP HEIGHT="53" WIDTH="26" VPOS="2872" HPOS="436"/>
<String CONTENT="Feb." HEIGHT="41" WIDTH="112" VPOS="2877" HPOS="463"/>
<SP HEIGHT="40" WIDTH="25" VPOS="2878" HPOS="576"/>
<String CONTENT="11," HEIGHT="47" WIDTH="69" VPOS="2877" HPOS="602"/>
<SP HEIGHT="47" WIDTH="27" VPOS="2877" HPOS="672"/>
<String CS="1" CONTENT="1929;" HEIGHT="42" WIDTH="115" VPOS="2875" HPOS="700"/>
<SP/>
<String CONTENT="2c." HEIGHT="42" WIDTH="67" VPOS="2875" HPOS="871"/>
<SP HEIGHT="40" WIDTH="28" VPOS="2877" HPOS="939"/>
<String CONTENT="Mar." HEIGHT="39" WIDTH="122" VPOS="2877" HPOS="968"/>
<SP HEIGHT="39" WIDTH="26" VPOS="2877" HPOS="1091"/>
<String CONTENT="1;" HEIGHT="45" WIDTH="51" VPOS="2877" HPOS="1118"/>
<SP HEIGHT="37" WIDTH="29" VPOS="2885" HPOS="1170"/>
<String CONTENT="aff." HEIGHT="43" WIDTH="82" VPOS="2874" HPOS="1200"/>
<SP HEIGHT="42" WIDTH="28" VPOS="2875" HPOS="1283"/>
<String CONTENT="Feb." HEIGHT="41" WIDTH="110" VPOS="2875" HPOS="1312"/>
<SP HEIGHT="41" WIDTH="27" VPOS="2875" HPOS="1423"/>
<String CONTENT="27;" HEIGHT="47" WIDTH="83" VPOS="2875" HPOS="1451"/>
<SP HEIGHT="46" WIDTH="30" VPOS="2876" HPOS="1535"/>
<!-- cceid 8DA06B4C-6CFA-1014-9C3C-CEA95E7AA542 --><String CONTENT="A" HEIGHT="39" WIDTH="40" VPOS="2876" HPOS="1566"/>
<SP HEIGHT="41" WIDTH="25" VPOS="2875" HPOS="1607"/>
<String CONTENT="5582;" HEIGHT="49" WIDTH="142" VPOS="2874" HPOS="1633"/>
<SP HEIGHT="48" WIDTH="31" VPOS="2875" HPOS="1776"/>
<String CONTENT="University" HEIGHT="50" WIDTH="284" VPOS="2875" HPOS="1808"/>
<SP HEIGHT="37" WIDTH="27" VPOS="2888" HPOS="2093"/>
<String CONTENT="of" HEIGHT="42" WIDTH="52" VPOS="2876" HPOS="2121"/>
<SP HEIGHT="41" WIDTH="26" VPOS="2876" HPOS="2174"/>
<String CONTENT="Minnesota," HEIGHT="106" WIDTH="1913" VPOS="2876" HPOS="453"/>
</TextLine>
<TextLine HEIGHT="50" WIDTH="661" VPOS="2931" HPOS="607">
<String CONTENT="Minneapolis." HEIGHT="48" WIDTH="339" VPOS="2933" HPOS="607"/>
<SP HEIGHT="49" WIDTH="69" VPOS="2932" HPOS="947"/>
<String CONTENT="(29-6235)" HEIGHT="50" WIDTH="251" VPOS="2931" HPOS="1017"/>
</TextLine>
<TextLine HEIGHT="67" WIDTH="823" VPOS="3029" HPOS="381" STYLEREFS="StyleId-CB2AEF36-1844-4BD5-8D06-F28777BD6C1C-">
<String CONTENT="Kansas." HEIGHT="53" WIDTH="256" VPOS="3029" HPOS="381"/>
<SP HEIGHT="53" WIDTH="73" VPOS="3029" HPOS="638"/>
<String CONTENT="Supreme" HEIGHT="67" WIDTH="281" VPOS="3029" HPOS="712"/>
<SP HEIGHT="36" WIDTH="35" VPOS="3047" HPOS="994"/>
<String CONTENT="court." HEIGHT="47" WIDTH="174" VPOS="3035" HPOS="1030"/>
</TextLine>
<TextLine HEIGHT="69" WIDTH="1877" VPOS="3104" HPOS="509" STYLEREFS="StyleId-D5A3B104-B87D-45F1-A688-3B2F71863564-" CS="1">
<String CS="1" CONTENT="Reports" HEIGHT="62" WIDTH="191" VPOS="3111" HPOS="509"/>
<SP HEIGHT="34" WIDTH="54" VPOS="3125" HPOS="701"/>
<String CONTENT="of" HEIGHT="53" WIDTH="65" VPOS="3105" HPOS="756"/>
<SP HEIGHT="52" WIDTH="55" VPOS="3105" HPOS="822"/>
<String CONTENT="cases" HEIGHT="35" WIDTH="151" VPOS="3123" HPOS="878"/>
<SP HEIGHT="33" WIDTH="56" VPOS="3124" HPOS="1030"/>
<String CONTENT="argued" HEIGHT="67" WIDTH="215" VPOS="3106" HPOS="1087"/>
<SP HEIGHT="51" WIDTH="58" VPOS="3106" HPOS="1303"/>
<String CONTENT="and" HEIGHT="52" WIDTH="112" VPOS="3105" HPOS="1362"/>
<SP HEIGHT="52" WIDTH="59" VPOS="3105" HPOS="1475"/>
<String CONTENT="determined" HEIGHT="54" WIDTH="352" VPOS="3104" HPOS="1535"/>
<SP HEIGHT="52" WIDTH="63" VPOS="3106" HPOS="1888"/>
<String CS="1" CONTENT="&#8230;"/>
<SP HEIGHT="52" WIDTH="98" VPOS="3106" HPOS="2008"/>
<String CONTENT="Earl" HEIGHT="52" WIDTH="143" VPOS="3106" HPOS="2107"/>
<SP HEIGHT="54" WIDTH="56" VPOS="3105" HPOS="2251"/>
<String CONTENT="H." HEIGHT="54" WIDTH="78" VPOS="3105" HPOS="2308"/>
</TextLine>
<TextLine HEIGHT="69" WIDTH="2003" VPOS="3182" HPOS="383" STYLEREFS="StyleId-D5A3B104-B87D-45F1-A688-3B2F71863564-" CS="1">
<String CONTENT="Hatcher," HEIGHT="67" WIDTH="276" VPOS="3184" HPOS="383"/>
<SP HEIGHT="48" WIDTH="27" VPOS="3203" HPOS="660"/>
<String CONTENT="official" HEIGHT="53" WIDTH="200" VPOS="3183" HPOS="688"/>
<SP HEIGHT="51" WIDTH="28" VPOS="3184" HPOS="889"/>
<String CONTENT="reporter," HEIGHT="61" WIDTH="273" VPOS="3189" HPOS="918"/>
<SP HEIGHT="32" WIDTH="65" VPOS="3202" HPOS="1192"/>
<String CONTENT="v." HEIGHT="32" WIDTH="51" VPOS="3202" HPOS="1258"/>
<SP HEIGHT="47" WIDTH="31" VPOS="3188" HPOS="1310"/>
<String CONTENT="125." HEIGHT="49" WIDTH="115" VPOS="3186" HPOS="1342"/>
<SP HEIGHT="54" WIDTH="29" VPOS="3183" HPOS="1458"/>
<String CONTENT="January" HEIGHT="68" WIDTH="264" VPOS="3183" HPOS="1488"/>
<SP HEIGHT="69" WIDTH="27" VPOS="3182" HPOS="1753"/>
<String CONTENT="7," HEIGHT="68" WIDTH="50" VPOS="3182" HPOS="1781"/>
<SP HEIGHT="63" WIDTH="30" VPOS="3187" HPOS="1832"/>
<String CONTENT="1928," HEIGHT="64" WIDTH="152" VPOS="3186" HPOS="1863"/>
<SP HEIGHT="62" WIDTH="28" VPOS="3188" HPOS="2016"/>
<String CONTENT="to" HEIGHT="48" WIDTH="58" VPOS="3188" HPOS="2045"/>
<SP HEIGHT="53" WIDTH="28" VPOS="3183" HPOS="2104"/>
<String CONTENT="April" HEIGHT="69" WIDTH="175" VPOS="3182" HPOS="2133"/>
<SP HEIGHT="54" WIDTH="28" VPOS="3183" HPOS="2309"/>
<String CONTENT="7," HEIGHT="67" WIDTH="48" VPOS="3183" HPOS="2338"/>
</TextLine>
<TextLine HEIGHT="69" WIDTH="1999" VPOS="3260" HPOS="387" STYLEREFS="StyleId-D5A3B104-B87D-45F1-A688-3B2F71863564-" CS="1">
<String CONTENT="1928." HEIGHT="50" WIDTH="149" VPOS="3265" HPOS="387"/>
<SP/>
<String CONTENT="Topeka," HEIGHT="68" WIDTH="252" VPOS="3261" HPOS="606"/>
<SP HEIGHT="67" WIDTH="32" VPOS="3262" HPOS="859"/>
<String CONTENT="Printed" HEIGHT="51" WIDTH="242" VPOS="3262" HPOS="892"/>
<SP HEIGHT="52" WIDTH="31" VPOS="3261" HPOS="1135"/>
<String CONTENT="by" HEIGHT="68" WIDTH="76" VPOS="3261" HPOS="1167"/>
<SP HEIGHT="69" WIDTH="31" VPOS="3260" HPOS="1244"/>
<String CONTENT="Kansas" HEIGHT="53" WIDTH="228" VPOS="3260" HPOS="1276"/>
<SP HEIGHT="33" WIDTH="31" VPOS="3280" HPOS="1505"/>
<String CONTENT="state" HEIGHT="47" WIDTH="146" VPOS="3266" HPOS="1537"/>
<SP HEIGHT="50" WIDTH="32" VPOS="3278" HPOS="1684"/>
<String CONTENT="printing" HEIGHT="69" WIDTH="266" VPOS="3260" HPOS="1717"/>
<SP HEIGHT="50" WIDTH="32" VPOS="3279" HPOS="1984"/>
<String CONTENT="plant," HEIGHT="67" WIDTH="182" VPOS="3261" HPOS="2017"/>
<SP HEIGHT="63" WIDTH="35" VPOS="3265" HPOS="2200"/>
<String CONTENT="1928." HEIGHT="49" WIDTH="150" VPOS="3264" HPOS="2236"/>
</TextLine>
<TextLine HEIGHT="48" WIDTH="519" VPOS="3344" HPOS="451" CS="1">
<String CONTENT="xxxii," HEIGHT="48" WIDTH="153" VPOS="3344" HPOS="451"/>
<SP HEIGHT="48" WIDTH="30" VPOS="3344" HPOS="605"/>
<String CONTENT="868" HEIGHT="41" WIDTH="85" VPOS="3344" HPOS="636"/>
<SP HEIGHT="48" WIDTH="28" VPOS="3344" HPOS="722"/>
<String CONTENT="p." HEIGHT="38" WIDTH="43" VPOS="3354" HPOS="751"/>
<SP HEIGHT="40" WIDTH="56" VPOS="3344" HPOS="795"/>
<String CONTENT="23" HEIGHT="40" WIDTH="56" VPOS="3344" HPOS="852"/>
<String STYLE="superscript" CS="1" CONTENT="&#7580;&#7504;"/>
<String CONTENT="." HEIGHT="9" WIDTH="9" VPOS="3375" HPOS="961"/>
</TextLine>
<TextLine HEIGHT="52" WIDTH="1996" VPOS="3397" HPOS="386" CS="1">
<String CONTENT="&#169;" HEIGHT="52" WIDTH="52" VPOS="3397" HPOS="386"/>
<SP HEIGHT="52" WIDTH="28" VPOS="3397" HPOS="439"/>
<String CONTENT="Sept." HEIGHT="49" WIDTH="128" VPOS="3400" HPOS="468"/>
<SP HEIGHT="38" WIDTH="24" VPOS="3402" HPOS="597"/>
<String CONTENT="12," HEIGHT="48" WIDTH="69" VPOS="3400" HPOS="622"/>
<SP HEIGHT="47" WIDTH="25" VPOS="3401" HPOS="692"/>
<String CS="1" CONTENT="1928;" HEIGHT="41" WIDTH="115" VPOS="3400" HPOS="718"/>
<SP/>
<String CONTENT="2c." HEIGHT="41" WIDTH="67" VPOS="3400" HPOS="886"/>
<SP HEIGHT="42" WIDTH="26" VPOS="3399" HPOS="954"/>
<String CONTENT="Oct." HEIGHT="41" WIDTH="102" VPOS="3399" HPOS="981"/>
<SP HEIGHT="39" WIDTH="26" VPOS="3401" HPOS="1084"/>
<String CS="1" CONTENT="12;" HEIGHT="38" WIDTH="57" VPOS="3400" HPOS="1111"/>
<SP/>
<String CONTENT="aff." HEIGHT="41" WIDTH="83" VPOS="3399" HPOS="1222"/>
<SP HEIGHT="41" WIDTH="26" VPOS="3399" HPOS="1306"/>
<String CONTENT="Feb." HEIGHT="41" WIDTH="111" VPOS="3399" HPOS="1333"/>
<SP HEIGHT="41" WIDTH="24" VPOS="3399" HPOS="1445"/>
<String CONTENT="23," HEIGHT="47" WIDTH="69" VPOS="3399" HPOS="1470"/>
<SP HEIGHT="46" WIDTH="27" VPOS="3400" HPOS="1540"/>
<String CS="1" CONTENT="1929;" HEIGHT="40" WIDTH="116" VPOS="3399" HPOS="1568"/>
<SP/>
<!-- cceid 8DA1C041-6CFA-1014-9C3C-CEA95E7AA542 --><String CONTENT="A" HEIGHT="39" WIDTH="41" VPOS="3399" HPOS="1738"/>
<SP HEIGHT="39" WIDTH="23" VPOS="3399" HPOS="1780"/>
<String CS="1" CONTENT="4588;" HEIGHT="42" WIDTH="117" VPOS="3398" HPOS="1804"/>
<SP/>
<String LANG="fr" CONTENT="E." HEIGHT="39" WIDTH="52" VPOS="3400" HPOS="1979"/>
<SP HEIGHT="39" WIDTH="27" VPOS="3400" HPOS="2032"/>
<String CONTENT="H." HEIGHT="39" WIDTH="60" VPOS="3400" HPOS="2060"/>
<SP HEIGHT="40" WIDTH="28" VPOS="3399" HPOS="2121"/>
<String CONTENT="Hatcher," HEIGHT="48" WIDTH="232" VPOS="3399" HPOS="2150"/>
</TextLine>
<TextLine HEIGHT="50" WIDTH="1672" VPOS="3455" HPOS="456">
<String CONTENT="reporter" HEIGHT="45" WIDTH="220" VPOS="3460" HPOS="456"/>
<SP HEIGHT="40" WIDTH="20" VPOS="3456" HPOS="677"/>
<String CONTENT="for" HEIGHT="41" WIDTH="81" VPOS="3456" HPOS="698"/>
<SP HEIGHT="38" WIDTH="23" VPOS="3459" HPOS="780"/>
<String CONTENT="the" HEIGHT="40" WIDTH="81" VPOS="3457" HPOS="804"/>
<SP HEIGHT="39" WIDTH="23" VPOS="3457" HPOS="886"/>
<String CONTENT="benefit" HEIGHT="40" WIDTH="176" VPOS="3456" HPOS="910"/>
<SP HEIGHT="39" WIDTH="24" VPOS="3458" HPOS="1087"/>
<String CONTENT="of" HEIGHT="41" WIDTH="52" VPOS="3456" HPOS="1112"/>
<SP HEIGHT="41" WIDTH="23" VPOS="3456" HPOS="1165"/>
<String CONTENT="the" HEIGHT="41" WIDTH="82" VPOS="3456" HPOS="1189"/>
<SP HEIGHT="30" WIDTH="23" VPOS="3467" HPOS="1272"/>
<String CONTENT="state" HEIGHT="39" WIDTH="129" VPOS="3458" HPOS="1296"/>
<SP HEIGHT="29" WIDTH="24" VPOS="3467" HPOS="1426"/>
<String CONTENT="of" HEIGHT="40" WIDTH="52" VPOS="3456" HPOS="1451"/>
<SP HEIGHT="39" WIDTH="23" VPOS="3456" HPOS="1504"/>
<String CONTENT="Kansas," HEIGHT="48" WIDTH="209" VPOS="3456" HPOS="1528"/>
<SP HEIGHT="48" WIDTH="26" VPOS="3456" HPOS="1738"/>
<String CONTENT="Topeka," HEIGHT="47" WIDTH="209" VPOS="3456" HPOS="1765"/>
<SP HEIGHT="48" WIDTH="27" VPOS="3455" HPOS="1975"/>
<String CONTENT="Kan." HEIGHT="41" WIDTH="125" VPOS="3455" HPOS="2003"/>
</TextLine>
<TextLine HEIGHT="69" WIDTH="1116" VPOS="3550" HPOS="378" STYLEREFS="StyleId-D5A3B104-B87D-45F1-A688-3B2F71863564-">
<String CONTENT="Kennedy," HEIGHT="63" WIDTH="305" VPOS="3550" HPOS="378"/>
<SP HEIGHT="61" WIDTH="33" VPOS="3552" HPOS="684"/>
<String CONTENT="Robert" HEIGHT="52" WIDTH="222" VPOS="3551" HPOS="718"/>
<SP HEIGHT="51" WIDTH="34" VPOS="3552" HPOS="941"/>
<String CONTENT="Milward," HEIGHT="64" WIDTH="288" VPOS="3550" HPOS="976"/>
<SP HEIGHT="49" WIDTH="33" VPOS="3570" HPOS="1265"/>
<String CONTENT="pseud." HEIGHT="67" WIDTH="195" VPOS="3552" HPOS="1299"/>
</TextLine>
<TextLine HEIGHT="135" WIDTH="1983" VPOS="3626" HPOS="382" STYLEREFS="StyleId-D5A3B104-B87D-45F1-A688-3B2F71863564-" CS="1">
<String CONTENT="The" HEIGHT="51" WIDTH="121" VPOS="3631" HPOS="452"/>
<SP HEIGHT="51" WIDTH="36" VPOS="3631" HPOS="574"/>
<String CONTENT="Bleston" HEIGHT="52" WIDTH="236" VPOS="3630" HPOS="611"/>
<SP HEIGHT="32" WIDTH="37" VPOS="3649" HPOS="848"/>
<String CONTENT="mystery," HEIGHT="64" WIDTH="269" VPOS="3634" HPOS="886"/>
<SP HEIGHT="65" WIDTH="35" VPOS="3630" HPOS="1156"/>
<String CONTENT="by" HEIGHT="69" WIDTH="77" VPOS="3630" HPOS="1192"/>
<SP HEIGHT="70" WIDTH="34" VPOS="3629" HPOS="1270"/>
<String CONTENT="Robert" HEIGHT="53" WIDTH="217" VPOS="3629" HPOS="1305"/>
<SP HEIGHT="53" WIDTH="34" VPOS="3629" HPOS="1523"/>
<String CONTENT="Milward" HEIGHT="56" WIDTH="273" VPOS="3626" HPOS="1558"/>
<SP HEIGHT="54" WIDTH="35" VPOS="3628" HPOS="1832"/>
<String CONTENT="Kennedy." HEIGHT="69" WIDTH="300" VPOS="3628" HPOS="1868"/>
<SP HEIGHT="55" WIDTH="73" VPOS="3627" HPOS="2169"/>
<String CONTENT="Garden" HEIGHT="134" WIDTH="1983" VPOS="3627" HPOS="382"/>
</TextLine>
<TextLine HEIGHT="147" WIDTH="1981" VPOS="3705" HPOS="383" STYLEREFS="StyleId-D5A3B104-B87D-45F1-A688-3B2F71863564-" CS="1">
<String CONTENT="City," HEIGHT="70" WIDTH="153" VPOS="3707" HPOS="533"/>
<SP HEIGHT="69" WIDTH="38" VPOS="3708" HPOS="687"/>
<String LANG="fr" CONTENT="N." HEIGHT="53" WIDTH="69" VPOS="3708" HPOS="726"/>
<SP HEIGHT="54" WIDTH="40" VPOS="3707" HPOS="796"/>
<String CONTENT="Y.," HEIGHT="57" WIDTH="90" VPOS="3707" HPOS="837"/>
<SP HEIGHT="55" WIDTH="36" VPOS="3709" HPOS="928"/>
<String CONTENT="Pub." HEIGHT="53" WIDTH="142" VPOS="3708" HPOS="965"/>
<SP HEIGHT="53" WIDTH="42" VPOS="3708" HPOS="1108"/>
<String CONTENT="for" HEIGHT="51" WIDTH="95" VPOS="3708" HPOS="1151"/>
<SP HEIGHT="51" WIDTH="35" VPOS="3708" HPOS="1247"/>
<String CONTENT="The" HEIGHT="52" WIDTH="122" VPOS="3707" HPOS="1283"/>
<SP HEIGHT="55" WIDTH="37" VPOS="3706" HPOS="1406"/>
<String CONTENT="Crime" HEIGHT="55" WIDTH="194" VPOS="3706" HPOS="1444"/>
<SP HEIGHT="34" WIDTH="35" VPOS="3726" HPOS="1639"/>
<String CONTENT="club," HEIGHT="68" WIDTH="146" VPOS="3707" HPOS="1675"/>
<SP HEIGHT="69" WIDTH="40" VPOS="3706" HPOS="1822"/>
<String CONTENT="inc.," HEIGHT="69" WIDTH="126" VPOS="3706" HPOS="1863"/>
<SP HEIGHT="69" WIDTH="35" VPOS="3706" HPOS="1990"/>
<String CONTENT="by" HEIGHT="69" WIDTH="76" VPOS="3706" HPOS="2026"/>
<SP HEIGHT="68" WIDTH="36" VPOS="3707" HPOS="2103"/>
<String CONTENT="Doubleday," HEIGHT="147" WIDTH="1981" VPOS="3705" HPOS="383"/>
</TextLine>
<TextLine HEIGHT="67" WIDTH="926" VPOS="3786" HPOS="537" STYLEREFS="StyleId-D5A3B104-B87D-45F1-A688-3B2F71863564-">
<String CONTENT="Doran" HEIGHT="52" WIDTH="198" VPOS="3786" HPOS="537"/>
<SP HEIGHT="49" WIDTH="24" VPOS="3788" HPOS="736"/>
<String CONTENT="&amp;" HEIGHT="49" WIDTH="46" VPOS="3788" HPOS="761"/>
<SP HEIGHT="49" WIDTH="24" VPOS="3788" HPOS="808"/>
<String CONTENT="company," HEIGHT="49" WIDTH="298" VPOS="3803" HPOS="833"/>
<SP HEIGHT="59" WIDTH="25" VPOS="3786" HPOS="1132"/>
<String CONTENT="inc.," HEIGHT="67" WIDTH="125" VPOS="3786" HPOS="1158"/>
<SP HEIGHT="64" WIDTH="29" VPOS="3789" HPOS="1284"/>
<String CONTENT="1929." HEIGHT="51" WIDTH="149" VPOS="3787" HPOS="1314"/>
</TextLine>
<TextLine HEIGHT="49" WIDTH="567" VPOS="3865" HPOS="453" CS="1">
<String CONTENT="3" HEIGHT="40" WIDTH="27" VPOS="3866" HPOS="453"/>
<SP/>
<String LANG="fr" CONTENT="p." HEIGHT="37" WIDTH="43" VPOS="3877" HPOS="508"/>
<SP HEIGHT="40" WIDTH="28" VPOS="3867" HPOS="552"/>
<String CS="1" CONTENT="l.," HEIGHT="12" WIDTH="8" VPOS="3898" HPOS="618"/>
<SP HEIGHT="44" WIDTH="27" VPOS="3866" HPOS="627"/>
<String CONTENT="301" HEIGHT="40" WIDTH="86" VPOS="3866" HPOS="655"/>
<SP HEIGHT="47" WIDTH="28" VPOS="3866" HPOS="742"/>
<String CONTENT="p." HEIGHT="37" WIDTH="43" VPOS="3876" HPOS="771"/>
<SP HEIGHT="40" WIDTH="59" VPOS="3867" HPOS="815"/>
<String CS="1" CONTENT="19&#189;&#7580;&#7504;." HEIGHT="41" WIDTH="145" VPOS="3865" HPOS="875"/>
</TextLine>
<TextLine HEIGHT="52" WIDTH="1980" VPOS="3919" HPOS="389" CS="1">
<String CONTENT="&#169;" HEIGHT="52" WIDTH="52" VPOS="3919" HPOS="389"/>
<SP HEIGHT="52" WIDTH="30" VPOS="3919" HPOS="442"/>
<String CONTENT="Feb." HEIGHT="39" WIDTH="109" VPOS="3924" HPOS="473"/>
<SP HEIGHT="39" WIDTH="29" VPOS="3924" HPOS="583"/>
<String CONTENT="21," HEIGHT="46" WIDTH="70" VPOS="3924" HPOS="613"/>
<SP HEIGHT="46" WIDTH="29" VPOS="3924" HPOS="684"/>
<String CONTENT="1929;" HEIGHT="46" WIDTH="141" VPOS="3923" HPOS="714"/>
<SP/>
<String CONTENT="2c." HEIGHT="41" WIDTH="68" VPOS="3923" HPOS="886"/>
<SP HEIGHT="30" WIDTH="29" VPOS="3934" HPOS="955"/>
<String CONTENT="and" HEIGHT="39" WIDTH="95" VPOS="3924" HPOS="985"/>
<SP HEIGHT="39" WIDTH="27" VPOS="3924" HPOS="1081"/>
<String CONTENT="aff." HEIGHT="41" WIDTH="83" VPOS="3922" HPOS="1109"/>
<SP HEIGHT="40" WIDTH="29" VPOS="3923" HPOS="1193"/>
<String CONTENT="Mar." HEIGHT="39" WIDTH="122" VPOS="3923" HPOS="1223"/>
<SP HEIGHT="40" WIDTH="29" VPOS="3922" HPOS="1346"/>
<String CONTENT="5;" HEIGHT="42" WIDTH="52" VPOS="3922" HPOS="1376"/>
<SP HEIGHT="43" WIDTH="32" VPOS="3921" HPOS="1429"/>
<!-- cceid 8DA2EF28-6CFA-1014-9C3C-CEA95E7AA542 --><String CONTENT="A" HEIGHT="39" WIDTH="40" VPOS="3921" HPOS="1462"/>
<SP HEIGHT="40" WIDTH="29" VPOS="3921" HPOS="1503"/>
<String CS="1" CONTENT="5617;" HEIGHT="40" WIDTH="113" VPOS="3921" HPOS="1533"/>
<SP/>
<String CONTENT="Doubleday," HEIGHT="47" WIDTH="300" VPOS="3922" HPOS="1706"/>
<SP HEIGHT="47" WIDTH="30" VPOS="3922" HPOS="2007"/>
<String CONTENT="Doran" HEIGHT="39" WIDTH="165" VPOS="3922" HPOS="2038"/>
<SP HEIGHT="40" WIDTH="30" VPOS="3920" HPOS="2204"/>
<String CONTENT="&amp;" HEIGHT="40" WIDTH="36" VPOS="3920" HPOS="2235"/>
<SP HEIGHT="40" WIDTH="29" VPOS="3920" HPOS="2272"/>
<String CS="1" CONTENT="co.," HEIGHT="30" WIDTH="67" VPOS="3930" HPOS="2302"/>
</TextLine>
<TextLine HEIGHT="50" WIDTH="410" VPOS="3979" HPOS="456">
<String CONTENT="inc." HEIGHT="40" WIDTH="91" VPOS="3980" HPOS="456"/>
<SP HEIGHT="48" WIDTH="64" VPOS="3981" HPOS="548"/>
<String CONTENT="(29-5962)" HEIGHT="50" WIDTH="253" VPOS="3979" HPOS="613"/>
</TextLine>
</TextBlock>
</PrintSpace>
</Page>
</Layout>
</alto>