2542 4389
1020 4022 137 56 1907

94 383 147 53 New
267 382 180 56 York.
522 382 420 64 Metropolitan
970 397 273 38 museum
1269 380 65 54 of
1360 382 117 53 art.
1553 382 120 53 The
1702 381 290 55 Cloisters.

229 456 1870 72 … The Cloisters, a brief guide, by Joseph Breck … New
101 537 177 67 York,
307 539 151 50 1929.

205 618 596 49 x, 58 p., 1 l. illus. 22 ᶜᵐ.
168 687 66 40 At
256 687 127 40 head
407 687 52 40 of
481 687 111 40 title:
643 687 101 40 The
769 686 348 48 Metropolitan
1142 697 221 29 museum
1388 685 53 41 of
1465 687 93 39 art.

172 741 1928 50 “A third edition of 2,500 copies with changes … printed October,
97 798 161 42 1929.”

104 866 52 52 ©
183 870 102 41 Oct.
311 869 70 49 30,
407 869 115 41 1929;
574 869 69 41 2c.
670 870 96 39 and
792 869 83 41 aff.
900 870 120 40 Nov.
1046 870 55 38 11;
1157 870 42 39 A
1223 870 145 40 14771;
1425 869 347 49 Metropolitan
1800 879 221 30 museum
2049 869 51 40 of

168 928 93 46 art,
291 927 118 40 New
437 926 144 40 York.
652 925 282 50 (29-27653)

95 1020 345 54 Oklahoma.
518 1020 282 54 Criminal
831 1029 161 46 court
1022 1022 63 68 of
1114 1021 252 68 appeals.

172 1097 1867 68 Oklahoma criminal reports, v. 33. Cases determined …
101 1175 327 67 December,
457 1175 394 67 1925-March,
881 1177 149 50 1926.
1095 1174 261 54 Howard
1385 1175 239 68 Parker,
1650 1180 146 49 state
1825 1179 275 64 reporter.

102 1251 1644 70 Oklahoma City, Harlow publishing company [ 1929]
235 1366 9 17 xv,
274 1334 89 42 475
390 1345 45 38 p.
494 1334 147 42 22½ᶜᵐ.

103 1400 51 52 ©
194 1405 113 40 Dec.
342 1403 43 49 2,
423 1403 141 48 1929;
604 1403 68 41 2c.
712 1404 96 39 and
848 1403 83 41 aff.
970 1403 113 41 Dec.
1123 1403 83 48 16;
1247 1404 43 38 A
1326 1403 172 49 16540;
1542 1404 139 41 State
1720 1404 54 41 of
1812 1403 287 50 Oklahoma,

172 1460 270 41 Oklahoma
470 1459 123 49 City,
622 1459 106 42 Okl.

94 1554 346 54 Oklahoma.
515 1555 278 68 Supreme
825 1560 176 48 court.

171 1630 1868 70 Oklahoma reports … [v. 137, 138] Cases determined …
107 1709 458 69 [May-October,
602 1712 151 64 1929]
829 1709 260 53 Howard
1124 1709 238 68 Parker,
1396 1714 147 48 state
1578 1715 274 63 reporter.
99 1709 1977 131 Oklahoma
299 1786 153 70 City,
480 1785 149 68 Okl.,
655 1787 243 53 Harlow
926 1786 337 70 publishing
1291 1806 80 34 co.
1407 1789 173 65 [1929]

167 1868 364 42 2 v . in 1. 25½ᶜᵐ.
102 1934 52 52 ©
181 1940 112 39 Dec.
318 1939 42 47 2,
385 1937 115 41 1929;
552 1938 68 40 2c.
647 1939 95 39 and
770 1938 83 41 aff.
879 1938 112 40 Dec.
1017 1938 55 40 16;
1126 1938 42 39 A
1193 1937 145 41 16541;
1398 1938 139 41 State
1563 1939 52 39 of
1642 1938 287 47 Oklahoma,
168 1938 1913 97 Oklahoma
340 1994 124 49 City,
492 1993 106 42 Okl.

96 2089 251 64 Oregon.
422 2091 185 69 Laws,
637 2096 259 64 statutes,
926 2097 101 47 etc.

172 2166 1930 70 1929 supplement to Oregon laws, annotated … showing all
99 2244 241 53 sections
367 2244 65 52 of
458 2243 231 70 Oregon
715 2245 157 66 laws,
899 2244 278 53 amended
1204 2263 66 34 or
1294 2244 265 68 repealed
1588 2249 60 48 at
1673 2245 97 54 the
1796 2245 214 53 session
2036 2243 68 55 of

102 2324 151 66 1929,
285 2322 113 52 and
430 2322 78 52 all
541 2326 239 49 statutes
812 2321 64 53 of
908 2341 31 33 a
971 2322 231 69 general
1234 2326 206 48 nature
1472 2322 234 52 enacted
1740 2326 60 48 at
1829 2320 131 55 that
97 2339 1978 112 session
246 2399 141 52 with

413 2399 365 53 annotations
803 2404 58 48 to
887 2399 96 53 the
1010 2397 396 56 Constitution
1430 2398 66 54 of
1520 2400 96 52 the
1641 2399 220 55 United
1891 2397 208 61 States,

96 2477 96 52 the
222 2476 373 53 constitution
624 2476 65 53 of
721 2476 249 69 Oregon,
1002 2475 233 70 Oregon
1265 2477 157 67 laws,
1455 2476 114 53 and
1599 2481 57 48 to
1688 2477 137 52 code
1856 2477 241 52 sections

98 2554 113 52 and
243 2554 79 52 all
351 2558 239 49 statutes
620 2553 65 53 of
715 2573 31 33 a
778 2554 230 68 general
1039 2558 204 48 nature
1275 2554 234 52 enacted
1543 2560 59 46 at
1633 2553 96 53 the
1761 2552 240 54 sessions
2034 2552 65 54 of

100 2630 1998 69 1921, 1923, 1925 and 1927 … and a consolidated index of this
96 2709 364 67 supplement
489 2709 110 51 and
631 2708 97 53 the
757 2708 366 68 supplement
1151 2707 65 53 of
1248 2706 154 69 1927,
1431 2707 79 69 by
1538 2707 228 53 Harold
1800 2708 66 51 B.
1901 2704 195 57 Clark.

99 2785 118 55 San
244 2786 325 67 Francisco,
597 2784 591 70 Bancroft-Whitney
1214 2802 301 52 company,
1546 2786 150 51 1929.

164 2867 562 49 lvi, 1821-2624 p. 26 ᶜᵐ.
97 2934 52 52 ©
179 2938 113 41 Dec.
319 2937 40 49 9,
388 2937 114 41 1929;
558 2937 68 41 2c.
656 2939 97 39 and
782 2937 82 41 aff.
893 2937 113 41 Dec.
1036 2937 55 40 16;
1149 2937 42 39 A
1220 2935 144 41 16542;
1422 2935 492 48 Bancroft-Whitney
1940 2946 70 30 co.

90 3046 259 65 Oudard,
380 3046 280 64 Georges,
693 3050 172 51 1890-

162 3125 170 51 Peter
362 3124 96 52 the
490 3122 196 68 Great,
716 3122 231 54 written
977 3123 76 68 by
1085 3122 251 69 Georges
1369 3121 250 55 Oudard
1643 3122 59 51 in

92 3122 1980 146 French under the title Pierre le Grand, translated by F. M. Atkinson …
92 3278 139 54 New
259 3277 181 68 York,
467 3279 230 68 Payson
723 3280 47 50 &
799 3277 209 55 Clarke
1035 3278 124 68 ltd.,
1188 3280 151 50 1929.

162 3359 793 49 386 p. front. pl., ports. 23½ ᶜᵐ.
163 3416 378 48 Bibliography:
573 3427 43 37 p.
646 3415 219 42 375-386.

96 3470 52 52 ©
178 3474 120 40 Nov.
326 3473 70 48 16,
425 3473 140 47 1929;
596 3473 67 41 2c.
693 3474 118 40 Nov.
840 3472 83 47 20;
957 3472 83 41 aff.
1069 3472 121 40 Nov.
1218 3471 84 47 19;
1333 3471 44 40 A
1405 3471 171 48 15937;
1610 3473 191 46 Payson
1833 3473 37 40 &
1899 3473 191 48 Clarke,

164 3531 86 40 ltd.
321 3529 280 49 (29-27809)

152 3620 1939 71 … The Pacific reporter, v. 279. Permanent ed. … with key-
160 3700 237 53 number
427 3700 379 54 annotations.
874 3698 334 70 September
1234 3698 404 69 2-September
1667 3703 86 65 30,
1784 3702 151 51 1929.
2003 3699 85 55 St.

161 3778 166 67 Paul,
353 3777 162 55 West
542 3776 337 70 publishing
905 3796 99 48 co.,
1033 3779 151 50 1929.

159 3858 100 49 xxi,
288 3859 115 40 1191
431 3869 44 38 p.
534 3859 117 41 26ᶜᵐ.

94 3911 52 52 ©
175 3916 119 40 Nov.
323 3915 71 48 12,
422 3915 141 48 1929;
594 3915 68 42 2c.
692 3914 112 41 Dec.
836 3915 83 47 16;
952 3914 83 41 aff.
1065 3914 113 41 Dec.
1207 3915 84 47 14;
1322 3915 43 39 A
1393 3914 172 48 16528;
1598 3916 137 40 West
1763 3915 111 49 pub.
1904 3925 69 31 co.
