<alto xmlns="http://www.loc.gov/standards/alto/ns-v3#" xmlns:xlink="http://www.w3.org/1999/xlink" xmlns:xsi="http://www.w3.org/2001/XMLSchema-instance" xsi:schemaLocation="http://www.loc.gov/standards/alto/ns-v3# http://www.loc.gov/alto/v3/alto-3-0.xsd"><Description>
<MeasurementUnit>pixel</MeasurementUnit>
<sourceImageInformation>
<fileName>1929_v26_part001.pdf</fileName>
</sourceImageInformation>
<OCRProcessing ID="IdOcr">
<ocrProcessingStep>
<processingDateTime>2019-04-18</processingDateTime>
<processingSoftware>
<softwareCreator>ABBYY</softwareCreator>
<softwareName>ABBYY Recognition Server</softwareName>
<softwareVersion>4.0</softwareVersion>
</processingSoftware>
</ocrProcessingStep>
</OCRProcessing>
</Description>
<Styles>
<ParagraphStyle ID="StyleId-FFFFFFFF-FFFF-FFFF-FFFF-FFFFFFFFFFFF-" ALIGN="Left" LEFT="0." RIGHT="0." FIRSTLINE="0."/>
<ParagraphStyle ID="StyleId-11A520CB-49B0-4D42-A675-089886D5B704-" ALIGN="Center" LEFT="0." RIGHT="0." FIRSTLINE="0." LINESPACE="7.699999809"/>
<ParagraphStyle ID="StyleId-2AEC4724-E584-48A1-8E6D-86B1AA154223-" ALIGN="Left" LEFT="0." RIGHT="0." FIRSTLINE="0." LINESPACE="12.19999981"/>
<ParagraphStyle ID="StyleId-5ADCDE1D-F34B-405C-A765-E9B51F6229BD-" ALIGN="Left" LEFT="0." RIGHT="0." FIRSTLINE="-13." LINESPACE="8.050000191"/>
<ParagraphStyle ID="StyleId-D0AEFB96-F81D-4367-8545-C0AC945FA34C-" ALIGN="Block" LEFT="0." RIGHT="0." FIRSTLINE="-13." LINESPACE="8.899999619"/>
<ParagraphStyle ID="StyleId-9A3BB592-4BA4-4F85-B157-B9A7F1FC9680-" ALIGN="Left" LEFT="0." RIGHT="0." FIRSTLINE="0."/>
<ParagraphStyle ID="StyleId-E9D6144A-CFDC-4919-911D-02B0461DB967-" ALIGN="Left" LEFT="0." RIGHT="0." FIRSTLINE="-13." LINESPACE="23.43000031"/>
<ParagraphStyle ID="StyleId-EEECFC68-AAC5-42B1-B3BF-987799B5B74A-" ALIGN="Block" LEFT="0." RIGHT="0." FIRSTLINE="0." LINESPACE="23.43000031"/>
<ParagraphStyle ID="StyleId-98D20B11-A9BB-4FAB-8DC8-DC8C43F3755E-" ALIGN="Left" LEFT="0." RIGHT="0." FIRSTLINE="0." LINESPACE="10.5"/>
<ParagraphStyle ID="StyleId-C279DBAD-2656-4352-93E6-C942618B09B1-" ALIGN="Block" LEFT="0." RIGHT="0." FIRSTLINE="-13." LINESPACE="8.770000458"/>
<ParagraphStyle ID="StyleId-A539B2D0-654F-45BA-9385-D7E681D9BD87-" ALIGN="Block" LEFT="0." RIGHT="0." FIRSTLINE="0." LINESPACE="8.18999958"/>
<ParagraphStyle ID="StyleId-CFE66565-54F2-45CF-9511-65151219B0BC-" ALIGN="Left" LEFT="0." RIGHT="0." FIRSTLINE="-12." LINESPACE="12.19999981"/>
<ParagraphStyle ID="StyleId-37B60A95-D7B9-4720-9D46-F2E763AAD699-" ALIGN="Block" LEFT="0." RIGHT="0." FIRSTLINE="0." LINESPACE="12.19999981"/>
<ParagraphStyle ID="StyleId-255154CA-71AA-47B9-A5EB-ED90642010CE-" ALIGN="Block" LEFT="0." RIGHT="0." FIRSTLINE="13." LINESPACE="7.900000095"/>
<ParagraphStyle ID="StyleId-4618FB06-20CA-4F95-9CA2-829603EE887D-" ALIGN="Block" LEFT="0." RIGHT="0." FIRSTLINE="0." LINESPACE="10."/>
<ParagraphStyle ID="StyleId-61F9B98E-BA82-4DCF-809A-0C5481162321-" ALIGN="Left" LEFT="0." RIGHT="0." FIRSTLINE="-13." LINESPACE="8.479999542"/>
<ParagraphStyle ID="StyleId-16A4FB0C-4CB7-44C8-846E-AF89DD76FC73-" ALIGN="Left" LEFT="0." RIGHT="0." FIRSTLINE="0." LINESPACE="11.10000038"/>
<ParagraphStyle ID="StyleId-8CC01B24-9D1D-45D5-B954-83ECA9EA3425-" ALIGN="Left" LEFT="0." RIGHT="0." FIRSTLINE="-13." LINESPACE="8.050000191"/>
<ParagraphStyle ID="StyleId-3DB8CD3F-AD17-4DD7-8361-787A6A426C72-" ALIGN="Block" LEFT="0." RIGHT="0." FIRSTLINE="13." LINESPACE="7.900000095"/>
</Styles>
<Layout>
<Page ID="Page2168" PHYSICAL_IMG_NR="2168" HEIGHT="4342" WIDTH="2533">
<TopMargin HEIGHT="431" WIDTH="2533" VPOS="0" HPOS="0">
</TopMargin>
<LeftMargin HEIGHT="3703" WIDTH="322" VPOS="431" HPOS="0">
</LeftMargin>
<RightMargin HEIGHT="3703" WIDTH="173" VPOS="431" HPOS="2360">
</RightMargin>
<BottomMargin HEIGHT="208" WIDTH="2533" VPOS="4134" HPOS="0">
</BottomMargin>
<PrintSpace HEIGHT="3703" WIDTH="2038" VPOS="431" HPOS="322">
<TextBlock ID="Page2168_Block1" HEIGHT="146" WIDTH="329" VPOS="3988" HPOS="1186" LANG="en-US" STYLEREFS="StyleId-AA4636FE-0FEB-48CB-BB69-6D1FEB7609EB-">
<TextLine HEIGHT="53" WIDTH="137" VPOS="3999" HPOS="1269">
<String CONTENT="2168" HEIGHT="53" WIDTH="137" VPOS="3999" HPOS="1269"/>
</TextLine>
</TextBlock>
<TextBlock ID="Page2168_Block2" HEIGHT="3546" WIDTH="2038" VPOS="431" HPOS="322" CS="1" STYLEREFS="StyleId-2739A0EA-C939-4D8A-9B23-2383B8D5B04E-">
<TextLine HEIGHT="71" WIDTH="2006" VPOS="439" HPOS="341" STYLEREFS="StyleId-1DBC63DE-F451-4676-B66A-864BCE48D102-" LANG="en-US">
<String CONTENT="health," HEIGHT="69" WIDTH="213" VPOS="440" HPOS="341"/>
<SP HEIGHT="48" WIDTH="52" VPOS="461" HPOS="555"/>
<String CONTENT="stories," HEIGHT="69" WIDTH="218" VPOS="440" HPOS="608"/>
<SP HEIGHT="49" WIDTH="52" VPOS="460" HPOS="827"/>
<String CONTENT="character" HEIGHT="53" WIDTH="295" VPOS="441" HPOS="880"/>
<SP HEIGHT="34" WIDTH="51" VPOS="459" HPOS="1176"/>
<String CONTENT="education," HEIGHT="71" WIDTH="319" VPOS="439" HPOS="1228"/>
<SP HEIGHT="70" WIDTH="53" VPOS="440" HPOS="1548"/>
<String CONTENT="factual" HEIGHT="53" WIDTH="219" VPOS="440" HPOS="1602"/>
<SP HEIGHT="51" WIDTH="52" VPOS="441" HPOS="1822"/>
<String CONTENT="reading." HEIGHT="71" WIDTH="255" VPOS="439" HPOS="1875"/>
<SP HEIGHT="55" WIDTH="74" VPOS="439" HPOS="2131"/>
<String CONTENT="New" HEIGHT="55" WIDTH="141" VPOS="439" HPOS="2206"/>
</TextLine>
<TextLine HEIGHT="72" WIDTH="2007" VPOS="516" HPOS="342" STYLEREFS="StyleId-1DBC63DE-F451-4676-B66A-864BCE48D102-" LANG="en-US">
<String CONTENT="York," HEIGHT="67" WIDTH="178" VPOS="519" HPOS="342"/>
<SP HEIGHT="66" WIDTH="45" VPOS="520" HPOS="521"/>
<String CONTENT="The" HEIGHT="53" WIDTH="121" VPOS="519" HPOS="567"/>
<SP HEIGHT="55" WIDTH="43" VPOS="518" HPOS="689"/>
<String CONTENT="Grolier" HEIGHT="55" WIDTH="230" VPOS="518" HPOS="733"/>
<SP HEIGHT="33" WIDTH="43" VPOS="539" HPOS="964"/>
<String CONTENT="society;" HEIGHT="70" WIDTH="240" VPOS="518" HPOS="1008"/>
<SP HEIGHT="66" WIDTH="47" VPOS="519" HPOS="1249"/>
<String CONTENT="London," HEIGHT="69" WIDTH="260" VPOS="519" HPOS="1297"/>
<SP HEIGHT="69" WIDTH="43" VPOS="519" HPOS="1558"/>
<String CONTENT="The" HEIGHT="53" WIDTH="123" VPOS="519" HPOS="1602"/>
<SP HEIGHT="54" WIDTH="44" VPOS="518" HPOS="1726"/>
<String CONTENT="Educational" HEIGHT="56" WIDTH="386" VPOS="516" HPOS="1771"/>
<SP HEIGHT="54" WIDTH="41" VPOS="517" HPOS="2158"/>
<String CONTENT="book" HEIGHT="54" WIDTH="149" VPOS="517" HPOS="2200"/>
</TextLine>
<TextLine HEIGHT="66" WIDTH="510" VPOS="600" HPOS="338" STYLEREFS="StyleId-1DBC63DE-F451-4676-B66A-864BCE48D102-" LANG="en-US" CS="1">
<String CONTENT="company" HEIGHT="52" WIDTH="281" VPOS="614" HPOS="338"/>
<SP HEIGHT="50" WIDTH="33" VPOS="616" HPOS="620"/>
<String CS="1" CONTENT="[&#7580;1929]" HEIGHT="64" WIDTH="152" VPOS="600" HPOS="696"/>
</TextLine>
<TextLine HEIGHT="51" WIDTH="334" VPOS="675" HPOS="408" STYLEREFS="StyleId-6A7751A3-D33C-4977-9546-CE3A89F6644B-" LANG="en-US" CS="1">
<String CONTENT="591" HEIGHT="42" WIDTH="83" VPOS="676" HPOS="408"/>
<SP HEIGHT="49" WIDTH="26" VPOS="677" HPOS="492"/>
<String CONTENT="p." HEIGHT="38" WIDTH="44" VPOS="688" HPOS="519"/>
<SP HEIGHT="43" WIDTH="58" VPOS="676" HPOS="564"/>
<String CS="1" CONTENT="25&#7580;&#7504;." HEIGHT="45" WIDTH="119" VPOS="675" HPOS="623"/>
</TextLine>
<TextLine HEIGHT="109" WIDTH="1724" VPOS="731" HPOS="339" LANG="en-US" CS="1">
<String CONTENT="&#169;" HEIGHT="51" WIDTH="52" VPOS="731" HPOS="339"/>
<SP HEIGHT="51" WIDTH="23" VPOS="731" HPOS="392"/>
<String CONTENT="Dec." HEIGHT="40" WIDTH="113" VPOS="735" HPOS="416"/>
<SP HEIGHT="40" WIDTH="21" VPOS="735" HPOS="530"/>
<String CONTENT="27," HEIGHT="47" WIDTH="71" VPOS="735" HPOS="552"/>
<SP HEIGHT="46" WIDTH="22" VPOS="736" HPOS="624"/>
<String CS="1" CONTENT="1929;" HEIGHT="40" WIDTH="115" VPOS="734" HPOS="647"/>
<SP HEIGHT="46" WIDTH="23" VPOS="735" HPOS="790"/>
<String CONTENT="2c." HEIGHT="39" WIDTH="68" VPOS="735" HPOS="814"/>
<SP HEIGHT="28" WIDTH="24" VPOS="746" HPOS="883"/>
<String CONTENT="and" HEIGHT="39" WIDTH="97" VPOS="735" HPOS="908"/>
<SP HEIGHT="39" WIDTH="24" VPOS="735" HPOS="1006"/>
<String CONTENT="aff." HEIGHT="40" WIDTH="81" VPOS="734" HPOS="1031"/>
<SP HEIGHT="39" WIDTH="23" VPOS="735" HPOS="1113"/>
<String CONTENT="Dec." HEIGHT="39" WIDTH="114" VPOS="735" HPOS="1137"/>
<SP HEIGHT="39" WIDTH="22" VPOS="735" HPOS="1252"/>
<String CS="1" CONTENT="30;" HEIGHT="40" WIDTH="57" VPOS="734" HPOS="1275"/>
<SP HEIGHT="45" WIDTH="26" VPOS="736" HPOS="1359"/>
<!-- cceid A8E0112A-6CFA-1014-9C3C-CEA95E7AA542 --><String CONTENT="A" HEIGHT="37" WIDTH="39" VPOS="736" HPOS="1386"/>
<SP HEIGHT="38" WIDTH="23" VPOS="735" HPOS="1426"/>
<String CS="1" CONTENT="16867;" HEIGHT="41" WIDTH="144" VPOS="734" HPOS="1450"/>
<SP HEIGHT="47" WIDTH="27" VPOS="735" HPOS="1621"/>
<String CONTENT="Grolier" HEIGHT="41" WIDTH="192" VPOS="734" HPOS="1649"/>
<SP HEIGHT="28" WIDTH="23" VPOS="745" HPOS="1842"/>
<String CONTENT="society." HEIGHT="48" WIDTH="197" VPOS="734" HPOS="1866"/>
<SP/>
<String CONTENT="(30-1160)" HEIGHT="49" WIDTH="251" VPOS="791" HPOS="416"/>
</TextLine>
<TextLine HEIGHT="65" WIDTH="990" VPOS="885" HPOS="338" STYLEREFS="StyleId-91EABF5C-8682-400A-8D88-DB5578C3D8A3-" LANG="en-US">
<String CONTENT="Peters," HEIGHT="65" WIDTH="226" VPOS="885" HPOS="338"/>
<SP HEIGHT="64" WIDTH="28" VPOS="886" HPOS="565"/>
<String CONTENT="Harry" HEIGHT="63" WIDTH="201" VPOS="886" HPOS="594"/>
<SP HEIGHT="63" WIDTH="25" VPOS="886" HPOS="796"/>
<String CONTENT="Twyford," HEIGHT="64" WIDTH="304" VPOS="886" HPOS="822"/>
<SP HEIGHT="58" WIDTH="28" VPOS="892" HPOS="1127"/>
<String CONTENT="1881-" HEIGHT="49" WIDTH="172" VPOS="891" HPOS="1156"/>
</TextLine>
<TextLine HEIGHT="70" WIDTH="1937" VPOS="964" HPOS="410" STYLEREFS="StyleId-1DBC63DE-F451-4676-B66A-864BCE48D102-" LANG="en-US">
<String CONTENT="Currier" HEIGHT="55" WIDTH="236" VPOS="964" HPOS="410"/>
<SP HEIGHT="50" WIDTH="44" VPOS="967" HPOS="647"/>
<String CONTENT="&amp;" HEIGHT="50" WIDTH="45" VPOS="967" HPOS="692"/>
<SP HEIGHT="52" WIDTH="48" VPOS="965" HPOS="738"/>
<String CONTENT="Ives," HEIGHT="69" WIDTH="147" VPOS="965" HPOS="787"/>
<SP HEIGHT="51" WIDTH="48" VPOS="983" HPOS="935"/>
<String CONTENT="printmakers" HEIGHT="68" WIDTH="388" VPOS="965" HPOS="984"/>
<SP HEIGHT="47" WIDTH="46" VPOS="972" HPOS="1373"/>
<String CONTENT="to" HEIGHT="47" WIDTH="58" VPOS="972" HPOS="1420"/>
<SP HEIGHT="49" WIDTH="47" VPOS="970" HPOS="1479"/>
<String CONTENT="the" HEIGHT="53" WIDTH="96" VPOS="965" HPOS="1527"/>
<SP HEIGHT="53" WIDTH="48" VPOS="965" HPOS="1624"/>
<String CONTENT="American" HEIGHT="52" WIDTH="308" VPOS="965" HPOS="1673"/>
<SP HEIGHT="52" WIDTH="48" VPOS="982" HPOS="1982"/>
<String CONTENT="people;" HEIGHT="69" WIDTH="230" VPOS="965" HPOS="2031"/>
<SP HEIGHT="49" WIDTH="52" VPOS="983" HPOS="2262"/>
<String CONTENT="a" HEIGHT="34" WIDTH="32" VPOS="984" HPOS="2315"/>
</TextLine>
<TextLine HEIGHT="70" WIDTH="2012" VPOS="1042" HPOS="337" STYLEREFS="StyleId-1DBC63DE-F451-4676-B66A-864BCE48D102-" LANG="en-US">
<String CONTENT="chronicle" HEIGHT="54" WIDTH="285" VPOS="1043" HPOS="337"/>
<SP HEIGHT="35" WIDTH="32" VPOS="1062" HPOS="623"/>
<String CONTENT="of" HEIGHT="55" WIDTH="66" VPOS="1042" HPOS="656"/>
<SP HEIGHT="54" WIDTH="28" VPOS="1042" HPOS="723"/>
<String CONTENT="the" HEIGHT="54" WIDTH="97" VPOS="1043" HPOS="752"/>
<SP HEIGHT="55" WIDTH="30" VPOS="1042" HPOS="850"/>
<String CONTENT="firm," HEIGHT="68" WIDTH="148" VPOS="1042" HPOS="881"/>
<SP HEIGHT="47" WIDTH="32" VPOS="1063" HPOS="1030"/>
<String CONTENT="and" HEIGHT="52" WIDTH="113" VPOS="1045" HPOS="1063"/>
<SP HEIGHT="53" WIDTH="30" VPOS="1045" HPOS="1177"/>
<String CONTENT="of" HEIGHT="55" WIDTH="66" VPOS="1043" HPOS="1208"/>
<SP HEIGHT="53" WIDTH="30" VPOS="1043" HPOS="1275"/>
<String CONTENT="the" HEIGHT="53" WIDTH="95" VPOS="1044" HPOS="1306"/>
<SP HEIGHT="34" WIDTH="33" VPOS="1063" HPOS="1402"/>
<String CONTENT="artists" HEIGHT="53" WIDTH="196" VPOS="1044" HPOS="1436"/>
<SP HEIGHT="34" WIDTH="33" VPOS="1063" HPOS="1633"/>
<String CONTENT="and" HEIGHT="53" WIDTH="114" VPOS="1044" HPOS="1667"/>
<SP HEIGHT="53" WIDTH="30" VPOS="1044" HPOS="1782"/>
<String CONTENT="their" HEIGHT="54" WIDTH="151" VPOS="1043" HPOS="1813"/>
<SP HEIGHT="36" WIDTH="31" VPOS="1061" HPOS="1965"/>
<String CONTENT="work," HEIGHT="70" WIDTH="174" VPOS="1042" HPOS="1997"/>
<SP HEIGHT="51" WIDTH="33" VPOS="1061" HPOS="2172"/>
<String CONTENT="with" HEIGHT="54" WIDTH="143" VPOS="1042" HPOS="2206"/>
</TextLine>
<TextLine HEIGHT="70" WIDTH="2008" VPOS="1121" HPOS="339" STYLEREFS="StyleId-1DBC63DE-F451-4676-B66A-864BCE48D102-" LANG="en-US">
<String CONTENT="notes" HEIGHT="47" WIDTH="159" VPOS="1128" HPOS="339"/>
<SP HEIGHT="35" WIDTH="40" VPOS="1140" HPOS="499"/>
<String CONTENT="on" HEIGHT="34" WIDTH="72" VPOS="1140" HPOS="540"/>
<SP HEIGHT="34" WIDTH="41" VPOS="1141" HPOS="613"/>
<String CONTENT="collecting;" HEIGHT="69" WIDTH="330" VPOS="1122" HPOS="655"/>
<SP HEIGHT="48" WIDTH="43" VPOS="1141" HPOS="986"/>
<String CONTENT="reproductions" HEIGHT="68" WIDTH="435" VPOS="1122" HPOS="1030"/>
<SP HEIGHT="35" WIDTH="40" VPOS="1141" HPOS="1466"/>
<String CONTENT="of" HEIGHT="53" WIDTH="65" VPOS="1122" HPOS="1507"/>
<SP HEIGHT="53" WIDTH="42" VPOS="1122" HPOS="1573"/>
<String CONTENT="142" HEIGHT="51" WIDTH="100" VPOS="1124" HPOS="1616"/>
<SP HEIGHT="49" WIDTH="39" VPOS="1124" HPOS="1717"/>
<String CONTENT="of" HEIGHT="53" WIDTH="65" VPOS="1121" HPOS="1757"/>
<SP HEIGHT="54" WIDTH="39" VPOS="1121" HPOS="1823"/>
<String CONTENT="the" HEIGHT="53" WIDTH="97" VPOS="1122" HPOS="1863"/>
<SP HEIGHT="50" WIDTH="40" VPOS="1140" HPOS="1961"/>
<String CONTENT="prints" HEIGHT="69" WIDTH="189" VPOS="1121" HPOS="2002"/>
<SP HEIGHT="36" WIDTH="40" VPOS="1140" HPOS="2192"/>
<String CONTENT="and" HEIGHT="52" WIDTH="114" VPOS="1123" HPOS="2233"/>
</TextLine>
<TextLine HEIGHT="71" WIDTH="2010" VPOS="1198" HPOS="337" STYLEREFS="StyleId-1DBC63DE-F451-4676-B66A-864BCE48D102-" LANG="en-US">
<String CONTENT="originals," HEIGHT="69" WIDTH="296" VPOS="1200" HPOS="337"/>
<SP HEIGHT="68" WIDTH="45" VPOS="1200" HPOS="634"/>
<String CONTENT="forming" HEIGHT="71" WIDTH="257" VPOS="1198" HPOS="680"/>
<SP HEIGHT="52" WIDTH="44" VPOS="1217" HPOS="938"/>
<String CONTENT="a" HEIGHT="34" WIDTH="32" VPOS="1217" HPOS="983"/>
<SP HEIGHT="51" WIDTH="44" VPOS="1217" HPOS="1016"/>
<String CONTENT="pictorial" HEIGHT="68" WIDTH="270" VPOS="1200" HPOS="1061"/>
<SP HEIGHT="51" WIDTH="43" VPOS="1202" HPOS="1332"/>
<String CONTENT="record" HEIGHT="53" WIDTH="198" VPOS="1200" HPOS="1376"/>
<SP HEIGHT="53" WIDTH="42" VPOS="1200" HPOS="1575"/>
<String CONTENT="of" HEIGHT="53" WIDTH="65" VPOS="1199" HPOS="1618"/>
<SP HEIGHT="53" WIDTH="41" VPOS="1199" HPOS="1684"/>
<String CONTENT="American" HEIGHT="54" WIDTH="309" VPOS="1199" HPOS="1726"/>
<SP HEIGHT="53" WIDTH="43" VPOS="1200" HPOS="2036"/>
<String CONTENT="life" HEIGHT="54" WIDTH="106" VPOS="1199" HPOS="2080"/>
<SP HEIGHT="34" WIDTH="44" VPOS="1219" HPOS="2187"/>
<String CONTENT="and" HEIGHT="53" WIDTH="115" VPOS="1201" HPOS="2232"/>
</TextLine>
<TextLine HEIGHT="71" WIDTH="2008" VPOS="1277" HPOS="338" STYLEREFS="StyleId-1DBC63DE-F451-4676-B66A-864BCE48D102-" LANG="en-US">
<String CONTENT="manners" HEIGHT="36" WIDTH="265" VPOS="1296" HPOS="338"/>
<SP HEIGHT="54" WIDTH="43" VPOS="1278" HPOS="604"/>
<String CONTENT="in" HEIGHT="52" WIDTH="59" VPOS="1278" HPOS="648"/>
<SP HEIGHT="48" WIDTH="41" VPOS="1282" HPOS="708"/>
<String CONTENT="the" HEIGHT="53" WIDTH="95" VPOS="1278" HPOS="750"/>
<SP HEIGHT="52" WIDTH="42" VPOS="1279" HPOS="846"/>
<String CONTENT="last" HEIGHT="52" WIDTH="113" VPOS="1279" HPOS="889"/>
<SP HEIGHT="49" WIDTH="41" VPOS="1282" HPOS="1003"/>
<String CONTENT="century;" HEIGHT="65" WIDTH="265" VPOS="1283" HPOS="1045"/>
<SP HEIGHT="49" WIDTH="44" VPOS="1296" HPOS="1311"/>
<String CONTENT="and" HEIGHT="52" WIDTH="113" VPOS="1279" HPOS="1356"/>
<SP HEIGHT="52" WIDTH="44" VPOS="1279" HPOS="1470"/>
<String CONTENT="a" HEIGHT="34" WIDTH="31" VPOS="1297" HPOS="1515"/>
<SP HEIGHT="35" WIDTH="43" VPOS="1296" HPOS="1547"/>
<String CONTENT="checklist" HEIGHT="55" WIDTH="274" VPOS="1277" HPOS="1591"/>
<SP HEIGHT="48" WIDTH="41" VPOS="1284" HPOS="1866"/>
<String CONTENT="of" HEIGHT="54" WIDTH="64" VPOS="1277" HPOS="1908"/>
<SP HEIGHT="54" WIDTH="41" VPOS="1277" HPOS="1973"/>
<String CONTENT="all" HEIGHT="53" WIDTH="79" VPOS="1278" HPOS="2015"/>
<SP HEIGHT="54" WIDTH="40" VPOS="1277" HPOS="2095"/>
<String CONTENT="known" HEIGHT="55" WIDTH="210" VPOS="1277" HPOS="2136"/>
</TextLine>
<TextLine HEIGHT="72" WIDTH="1985" VPOS="1354" HPOS="339" STYLEREFS="StyleId-1DBC63DE-F451-4676-B66A-864BCE48D102-" LANG="en-US" CS="1">
<String CONTENT="prints" HEIGHT="68" WIDTH="187" VPOS="1356" HPOS="339"/>
<SP HEIGHT="49" WIDTH="46" VPOS="1375" HPOS="527"/>
<String CONTENT="published" HEIGHT="68" WIDTH="303" VPOS="1356" HPOS="574"/>
<SP HEIGHT="53" WIDTH="45" VPOS="1356" HPOS="878"/>
<String CONTENT="by" HEIGHT="70" WIDTH="77" VPOS="1356" HPOS="924"/>
<SP HEIGHT="69" WIDTH="45" VPOS="1357" HPOS="1002"/>
<String CONTENT="N." HEIGHT="52" WIDTH="68" VPOS="1357" HPOS="1048"/>
<SP HEIGHT="55" WIDTH="49" VPOS="1356" HPOS="1117"/>
<String CONTENT="Currier" HEIGHT="55" WIDTH="235" VPOS="1356" HPOS="1167"/>
<SP HEIGHT="34" WIDTH="43" VPOS="1375" HPOS="1403"/>
<String CONTENT="and" HEIGHT="52" WIDTH="114" VPOS="1357" HPOS="1447"/>
<SP HEIGHT="55" WIDTH="49" VPOS="1355" HPOS="1562"/>
<String CONTENT="Currier" HEIGHT="56" WIDTH="235" VPOS="1354" HPOS="1612"/>
<SP HEIGHT="51" WIDTH="44" VPOS="1358" HPOS="1848"/>
<String CONTENT="&amp;" HEIGHT="50" WIDTH="47" VPOS="1358" HPOS="1893"/>
<SP HEIGHT="52" WIDTH="42" VPOS="1356" HPOS="1941"/>
<String CONTENT="Ives." HEIGHT="53" WIDTH="147" VPOS="1356" HPOS="1984"/>
<SP HEIGHT="34" WIDTH="80" VPOS="1389" HPOS="2132"/>
<String CS="1" CONTENT="[By]" HEIGHT="68" WIDTH="91" VPOS="1358" HPOS="2233"/>
</TextLine>
<TextLine HEIGHT="70" WIDTH="2014" VPOS="1433" HPOS="335" STYLEREFS="StyleId-1DBC63DE-F451-4676-B66A-864BCE48D102-" LANG="en-US">
<String CONTENT="Harry" HEIGHT="69" WIDTH="201" VPOS="1434" HPOS="335"/>
<SP HEIGHT="68" WIDTH="35" VPOS="1435" HPOS="537"/>
<String CONTENT="T." HEIGHT="52" WIDTH="63" VPOS="1435" HPOS="573"/>
<SP HEIGHT="52" WIDTH="39" VPOS="1435" HPOS="637"/>
<String CONTENT="Peters." HEIGHT="53" WIDTH="213" VPOS="1435" HPOS="677"/>
<SP HEIGHT="55" WIDTH="72" VPOS="1433" HPOS="891"/>
<String CONTENT="Garden" HEIGHT="55" WIDTH="234" VPOS="1433" HPOS="964"/>
<SP HEIGHT="55" WIDTH="39" VPOS="1433" HPOS="1199"/>
<String CONTENT="City," HEIGHT="70" WIDTH="153" VPOS="1433" HPOS="1239"/>
<SP HEIGHT="69" WIDTH="35" VPOS="1433" HPOS="1393"/>
<String CONTENT="N." HEIGHT="52" WIDTH="69" VPOS="1433" HPOS="1429"/>
<SP HEIGHT="52" WIDTH="40" VPOS="1434" HPOS="1499"/>
<String CONTENT="Y.," HEIGHT="68" WIDTH="90" VPOS="1434" HPOS="1540"/>
<SP HEIGHT="68" WIDTH="37" VPOS="1434" HPOS="1631"/>
<String CONTENT="Doubleday," HEIGHT="70" WIDTH="358" VPOS="1433" HPOS="1669"/>
<SP HEIGHT="69" WIDTH="36" VPOS="1434" HPOS="2028"/>
<String CONTENT="Doran" HEIGHT="52" WIDTH="198" VPOS="1434" HPOS="2065"/>
<SP HEIGHT="51" WIDTH="36" VPOS="1436" HPOS="2264"/>
<String CONTENT="&amp;" HEIGHT="51" WIDTH="48" VPOS="1436" HPOS="2301"/>
</TextLine>
<TextLine HEIGHT="68" WIDTH="632" VPOS="1513" HPOS="336" STYLEREFS="StyleId-1DBC63DE-F451-4676-B66A-864BCE48D102-" LANG="en-US">
<String CONTENT="company," HEIGHT="50" WIDTH="299" VPOS="1530" HPOS="336"/>
<SP HEIGHT="66" WIDTH="25" VPOS="1513" HPOS="636"/>
<String CONTENT="inc.," HEIGHT="68" WIDTH="127" VPOS="1513" HPOS="662"/>
<SP HEIGHT="66" WIDTH="28" VPOS="1515" HPOS="790"/>
<String CONTENT="1929." HEIGHT="52" WIDTH="149" VPOS="1514" HPOS="819"/>
</TextLine>
<TextLine HEIGHT="49" WIDTH="1915" VPOS="1592" HPOS="402" LANG="en-US" CS="1">
<String CONTENT="331" HEIGHT="40" WIDTH="85" VPOS="1594" HPOS="402"/>
<SP HEIGHT="47" WIDTH="30" VPOS="1594" HPOS="488"/>
<String LANG="fr" CONTENT="p.," HEIGHT="37" WIDTH="57" VPOS="1604" HPOS="519"/>
<SP HEIGHT="46" WIDTH="30" VPOS="1594" HPOS="577"/>
<String CONTENT="1" HEIGHT="38" WIDTH="24" VPOS="1594" HPOS="608"/>
<SP HEIGHT="38" WIDTH="29" VPOS="1594" HPOS="633"/>
<String CS="1" CONTENT="l." HEIGHT="8" WIDTH="8" VPOS="1624" HPOS="685"/>
<SP HEIGHT="28" WIDTH="58" VPOS="1604" HPOS="694"/>
<String CONTENT="mounted" HEIGHT="39" WIDTH="229" VPOS="1594" HPOS="753"/>
<SP HEIGHT="40" WIDTH="30" VPOS="1592" HPOS="983"/>
<String CONTENT="illus.," HEIGHT="47" WIDTH="144" VPOS="1592" HPOS="1014"/>
<SP HEIGHT="38" WIDTH="31" VPOS="1603" HPOS="1159"/>
<String CONTENT="plates" HEIGHT="48" WIDTH="158" VPOS="1593" HPOS="1191"/>
<SP HEIGHT="48" WIDTH="26" VPOS="1592" HPOS="1350"/>
<String CONTENT="(part" HEIGHT="49" WIDTH="137" VPOS="1592" HPOS="1377"/>
<SP HEIGHT="38" WIDTH="28" VPOS="1595" HPOS="1515"/>
<String CONTENT="col.)" HEIGHT="48" WIDTH="114" VPOS="1592" HPOS="1544"/>
<SP HEIGHT="48" WIDTH="39" VPOS="1592" HPOS="1659"/>
<String CONTENT="ports.," HEIGHT="45" WIDTH="164" VPOS="1595" HPOS="1699"/>
<SP HEIGHT="47" WIDTH="29" VPOS="1592" HPOS="1864"/>
<String CONTENT="facsims." HEIGHT="41" WIDTH="217" VPOS="1592" HPOS="1894"/>
<SP HEIGHT="39" WIDTH="55" VPOS="1594" HPOS="2112"/>
<String CS="1" CONTENT="31&#189;&#7580;&#7504;." HEIGHT="40" WIDTH="149" VPOS="1594" HPOS="2168"/>
</TextLine>
<TextLine HEIGHT="49" WIDTH="1939" VPOS="1648" HPOS="406" LANG="en-US">
<String CONTENT="&#8220;This" HEIGHT="39" WIDTH="146" VPOS="1650" HPOS="406"/>
<SP HEIGHT="39" WIDTH="28" VPOS="1650" HPOS="553"/>
<String CONTENT="book," HEIGHT="47" WIDTH="137" VPOS="1650" HPOS="582"/>
<SP HEIGHT="48" WIDTH="30" VPOS="1649" HPOS="720"/>
<String CONTENT="here" HEIGHT="40" WIDTH="115" VPOS="1649" HPOS="751"/>
<SP HEIGHT="40" WIDTH="28" VPOS="1649" HPOS="867"/>
<String CONTENT="first" HEIGHT="40" WIDTH="110" VPOS="1649" HPOS="896"/>
<SP HEIGHT="45" WIDTH="29" VPOS="1652" HPOS="1007"/>
<String CONTENT="published" HEIGHT="48" WIDTH="256" VPOS="1649" HPOS="1037"/>
<SP HEIGHT="40" WIDTH="29" VPOS="1648" HPOS="1294"/>
<String CONTENT="in" HEIGHT="40" WIDTH="49" VPOS="1648" HPOS="1324"/>
<SP HEIGHT="29" WIDTH="31" VPOS="1660" HPOS="1374"/>
<String CONTENT="an" HEIGHT="29" WIDTH="61" VPOS="1660" HPOS="1406"/>
<SP HEIGHT="29" WIDTH="29" VPOS="1660" HPOS="1468"/>
<String CONTENT="edition" HEIGHT="40" WIDTH="183" VPOS="1649" HPOS="1498"/>
<SP HEIGHT="30" WIDTH="31" VPOS="1660" HPOS="1682"/>
<String CONTENT="of" HEIGHT="42" WIDTH="52" VPOS="1648" HPOS="1714"/>
<SP HEIGHT="41" WIDTH="28" VPOS="1648" HPOS="1767"/>
<String CONTENT="501" HEIGHT="40" WIDTH="82" VPOS="1649" HPOS="1796"/>
<SP HEIGHT="39" WIDTH="33" VPOS="1650" HPOS="1879"/>
<String CONTENT="copies" HEIGHT="49" WIDTH="160" VPOS="1648" HPOS="1913"/>
<SP HEIGHT="30" WIDTH="29" VPOS="1660" HPOS="2074"/>
<String CONTENT="of" HEIGHT="41" WIDTH="52" VPOS="1649" HPOS="2104"/>
<SP HEIGHT="41" WIDTH="28" VPOS="1649" HPOS="2157"/>
<String CONTENT="which" HEIGHT="39" WIDTH="159" VPOS="1651" HPOS="2186"/>
</TextLine>
<TextLine HEIGHT="48" WIDTH="2012" VPOS="1705" HPOS="332" LANG="en-US" CS="1">
<String CONTENT="450" HEIGHT="40" WIDTH="87" VPOS="1706" HPOS="332"/>
<SP HEIGHT="40" WIDTH="25" VPOS="1706" HPOS="420"/>
<String CONTENT="are" HEIGHT="30" WIDTH="84" VPOS="1716" HPOS="446"/>
<SP HEIGHT="39" WIDTH="23" VPOS="1706" HPOS="531"/>
<String CONTENT="for" HEIGHT="40" WIDTH="81" VPOS="1706" HPOS="555"/>
<SP HEIGHT="30" WIDTH="24" VPOS="1715" HPOS="637"/>
<String CONTENT="sale," HEIGHT="44" WIDTH="116" VPOS="1707" HPOS="662"/>
<SP HEIGHT="45" WIDTH="18" VPOS="1706" HPOS="779"/>
<String CONTENT="has" HEIGHT="39" WIDTH="90" VPOS="1706" HPOS="798"/>
<SP HEIGHT="39" WIDTH="26" VPOS="1706" HPOS="889"/>
<String CONTENT="been" HEIGHT="39" WIDTH="120" VPOS="1706" HPOS="916"/>
<SP HEIGHT="38" WIDTH="26" VPOS="1707" HPOS="1037"/>
<String CONTENT="designed" HEIGHT="47" WIDTH="228" VPOS="1705" HPOS="1064"/>
<SP HEIGHT="39" WIDTH="28" VPOS="1706" HPOS="1293"/>
<String CONTENT="by" HEIGHT="47" WIDTH="63" VPOS="1706" HPOS="1322"/>
<SP HEIGHT="47" WIDTH="25" VPOS="1706" HPOS="1386"/>
<String CONTENT="Ernest" HEIGHT="40" WIDTH="178" VPOS="1706" HPOS="1412"/>
<SP HEIGHT="39" WIDTH="27" VPOS="1707" HPOS="1591"/>
<String CONTENT="Reichl" HEIGHT="40" WIDTH="169" VPOS="1706" HPOS="1619"/>
<SP HEIGHT="37" WIDTH="31" VPOS="1708" HPOS="1789"/>
<String CS="1" CONTENT="&#8230;"/>
<SP HEIGHT="39" WIDTH="57" VPOS="1706" HPOS="1867"/>
<String CONTENT="This" HEIGHT="40" WIDTH="119" VPOS="1706" HPOS="1925"/>
<SP HEIGHT="40" WIDTH="16" VPOS="1706" HPOS="2045"/>
<String CONTENT="is" HEIGHT="41" WIDTH="42" VPOS="1706" HPOS="2062"/>
<SP HEIGHT="29" WIDTH="16" VPOS="1718" HPOS="2105"/>
<String CONTENT="no." HEIGHT="29" WIDTH="74" VPOS="1718" HPOS="2122"/>
<SP HEIGHT="40" WIDTH="16" VPOS="1707" HPOS="2197"/>
<String CONTENT="261.&#8221;" HEIGHT="42" WIDTH="130" VPOS="1706" HPOS="2214"/>
</TextLine>
<TextLine HEIGHT="49" WIDTH="1940" VPOS="1760" HPOS="406" LANG="en-US">
<String CONTENT="&#8220;Currier" HEIGHT="42" WIDTH="229" VPOS="1762" HPOS="406"/>
<SP HEIGHT="40" WIDTH="40" VPOS="1762" HPOS="636"/>
<String CONTENT="&amp;" HEIGHT="40" WIDTH="37" VPOS="1762" HPOS="677"/>
<SP HEIGHT="40" WIDTH="39" VPOS="1762" HPOS="715"/>
<String CONTENT="Ives&#8217;" HEIGHT="42" WIDTH="123" VPOS="1760" HPOS="755"/>
<SP HEIGHT="41" WIDTH="41" VPOS="1760" HPOS="879"/>
<String CONTENT="illustrated" HEIGHT="40" WIDTH="284" VPOS="1762" HPOS="921"/>
<SP HEIGHT="39" WIDTH="40" VPOS="1762" HPOS="1206"/>
<String CONTENT="and" HEIGHT="38" WIDTH="95" VPOS="1763" HPOS="1247"/>
<SP HEIGHT="38" WIDTH="39" VPOS="1763" HPOS="1343"/>
<String CONTENT="descriptive" HEIGHT="47" WIDTH="296" VPOS="1762" HPOS="1383"/>
<SP HEIGHT="39" WIDTH="40" VPOS="1763" HPOS="1680"/>
<String CONTENT="list" HEIGHT="41" WIDTH="85" VPOS="1762" HPOS="1721"/>
<SP HEIGHT="39" WIDTH="39" VPOS="1764" HPOS="1807"/>
<String CONTENT="of" HEIGHT="41" WIDTH="52" VPOS="1762" HPOS="1847"/>
<SP HEIGHT="41" WIDTH="40" VPOS="1762" HPOS="1900"/>
<String CONTENT="celebrated" HEIGHT="41" WIDTH="275" VPOS="1763" HPOS="1941"/>
<SP HEIGHT="40" WIDTH="39" VPOS="1764" HPOS="2217"/>
<String CONTENT="fire" HEIGHT="41" WIDTH="89" VPOS="1764" HPOS="2257"/>
</TextLine>
<TextLine HEIGHT="50" WIDTH="2010" VPOS="1817" HPOS="334" LANG="en-US" CS="1">
<String CONTENT="pictures" HEIGHT="48" WIDTH="215" VPOS="1819" HPOS="334"/>
<SP HEIGHT="29" WIDTH="27" VPOS="1830" HPOS="550"/>
<String CS="1" CONTENT="&#8230;"/>
<SP HEIGHT="39" WIDTH="27" VPOS="1819" HPOS="625"/>
<String CONTENT="New" HEIGHT="40" WIDTH="119" VPOS="1819" HPOS="653"/>
<SP HEIGHT="38" WIDTH="22" VPOS="1819" HPOS="773"/>
<String CONTENT="York" HEIGHT="40" WIDTH="132" VPOS="1819" HPOS="796"/>
<SP HEIGHT="39" WIDTH="28" VPOS="1819" HPOS="929"/>
<String CS="1" CONTENT="&#8230;"/>
<SP HEIGHT="39" WIDTH="28" VPOS="1819" HPOS="1006"/>
<String CONTENT="1884&#8221;" HEIGHT="41" WIDTH="142" VPOS="1817" HPOS="1035"/>
<SP HEIGHT="49" WIDTH="35" VPOS="1817" HPOS="1178"/>
<String CONTENT="([10]" HEIGHT="49" WIDTH="112" VPOS="1818" HPOS="1214"/>
<SP HEIGHT="38" WIDTH="27" VPOS="1829" HPOS="1327"/>
<String CONTENT="p." HEIGHT="38" WIDTH="43" VPOS="1829" HPOS="1355"/>
<SP HEIGHT="40" WIDTH="58" VPOS="1819" HPOS="1399"/>
<String CS="1" CONTENT="18&#189;&#7580;&#7504;)" HEIGHT="48" WIDTH="158" VPOS="1818" HPOS="1458"/>
<SP HEIGHT="48" WIDTH="33" VPOS="1818" HPOS="1617"/>
<String CONTENT="between" HEIGHT="40" WIDTH="218" VPOS="1819" HPOS="1651"/>
<SP HEIGHT="37" WIDTH="24" VPOS="1830" HPOS="1870"/>
<String CONTENT="pages" HEIGHT="37" WIDTH="148" VPOS="1830" HPOS="1895"/>
<SP HEIGHT="40" WIDTH="24" VPOS="1820" HPOS="2044"/>
<String CONTENT="50" HEIGHT="40" WIDTH="57" VPOS="1820" HPOS="2069"/>
<SP HEIGHT="40" WIDTH="23" VPOS="1820" HPOS="2127"/>
<String CONTENT="and" HEIGHT="39" WIDTH="96" VPOS="1821" HPOS="2151"/>
<SP HEIGHT="40" WIDTH="25" VPOS="1821" HPOS="2248"/>
<String CONTENT="51." HEIGHT="40" WIDTH="70" VPOS="1821" HPOS="2274"/>
</TextLine>
<TextLine HEIGHT="52" WIDTH="2011" VPOS="1872" HPOS="336" LANG="en-US" CS="1">
<String CONTENT="&#169;" HEIGHT="52" WIDTH="52" VPOS="1872" HPOS="336"/>
<SP HEIGHT="52" WIDTH="28" VPOS="1872" HPOS="389"/>
<String CONTENT="Dec." HEIGHT="38" WIDTH="112" VPOS="1878" HPOS="418"/>
<SP HEIGHT="39" WIDTH="28" VPOS="1877" HPOS="531"/>
<String CONTENT="6," HEIGHT="46" WIDTH="40" VPOS="1877" HPOS="560"/>
<SP HEIGHT="46" WIDTH="26" VPOS="1877" HPOS="601"/>
<String CS="1" CONTENT="1929;" HEIGHT="41" WIDTH="89" VPOS="1875" HPOS="657"/>
<SP HEIGHT="47" WIDTH="30" VPOS="1875" HPOS="770"/>
<String CONTENT="2c." HEIGHT="40" WIDTH="67" VPOS="1875" HPOS="801"/>
<SP HEIGHT="29" WIDTH="28" VPOS="1886" HPOS="869"/>
<String CONTENT="and" HEIGHT="38" WIDTH="96" VPOS="1876" HPOS="898"/>
<SP HEIGHT="38" WIDTH="28" VPOS="1876" HPOS="995"/>
<String CONTENT="aff." HEIGHT="40" WIDTH="83" VPOS="1875" HPOS="1024"/>
<SP HEIGHT="39" WIDTH="29" VPOS="1876" HPOS="1108"/>
<String CONTENT="Dec." HEIGHT="38" WIDTH="112" VPOS="1876" HPOS="1138"/>
<SP HEIGHT="38" WIDTH="29" VPOS="1876" HPOS="1251"/>
<String CS="1" CONTENT="18;" HEIGHT="39" WIDTH="56" VPOS="1876" HPOS="1281"/>
<SP HEIGHT="39" WIDTH="32" VPOS="1875" HPOS="1363"/>
<!-- cceid A8E0152C-6CFA-1014-9C3C-CEA95E7AA542 --><String CONTENT="A" HEIGHT="38" WIDTH="40" VPOS="1875" HPOS="1396"/>
<SP HEIGHT="38" WIDTH="28" VPOS="1875" HPOS="1437"/>
<String CS="1" CONTENT="16591;" HEIGHT="39" WIDTH="141" VPOS="1875" HPOS="1466"/>
<SP HEIGHT="39" WIDTH="35" VPOS="1876" HPOS="1636"/>
<String CS="1" CONTENT="Doubleday," HEIGHT="47" WIDTH="300" VPOS="1876" HPOS="1672"/>
<SP HEIGHT="46" WIDTH="29" VPOS="1877" HPOS="1973"/>
<String CONTENT="Doran" HEIGHT="39" WIDTH="165" VPOS="1877" HPOS="2003"/>
<SP HEIGHT="40" WIDTH="30" VPOS="1877" HPOS="2169"/>
<String CONTENT="&amp;" HEIGHT="40" WIDTH="37" VPOS="1877" HPOS="2200"/>
<SP HEIGHT="40" WIDTH="25" VPOS="1877" HPOS="2238"/>
<String LANG="ru" CONTENT="&#1089;&#1086;.," HEIGHT="37" WIDTH="83" VPOS="1887" HPOS="2264"/>
</TextLine>
<TextLine HEIGHT="48" WIDTH="415" VPOS="1932" HPOS="404" LANG="en-US">
<String CONTENT="inc." HEIGHT="39" WIDTH="91" VPOS="1934" HPOS="404"/>
<SP HEIGHT="47" WIDTH="69" VPOS="1933" HPOS="496"/>
<String CONTENT="(30-1290)" HEIGHT="48" WIDTH="253" VPOS="1932" HPOS="566"/>
</TextLine>
<TextLine HEIGHT="65" WIDTH="786" VPOS="2026" HPOS="332" STYLEREFS="StyleId-91EABF5C-8682-400A-8D88-DB5578C3D8A3-" LANG="en-US">
<String CONTENT="Piper," HEIGHT="65" WIDTH="193" VPOS="2026" HPOS="332"/>
<SP HEIGHT="64" WIDTH="29" VPOS="2027" HPOS="526"/>
<String CONTENT="Raymond" HEIGHT="63" WIDTH="310" VPOS="2027" HPOS="556"/>
<SP HEIGHT="52" WIDTH="30" VPOS="2027" HPOS="867"/>
<String CONTENT="Frank." HEIGHT="56" WIDTH="220" VPOS="2026" HPOS="898"/>
</TextLine>
<TextLine HEIGHT="133" WIDTH="1986" VPOS="2104" HPOS="335" STYLEREFS="StyleId-1DBC63DE-F451-4676-B66A-864BCE48D102-" LANG="en-US" CS="1">
<String CONTENT="The" HEIGHT="53" WIDTH="122" VPOS="2106" HPOS="405"/>
<SP HEIGHT="55" WIDTH="25" VPOS="2104" HPOS="528"/>
<String CONTENT="fields" HEIGHT="56" WIDTH="162" VPOS="2104" HPOS="554"/>
<SP HEIGHT="35" WIDTH="24" VPOS="2125" HPOS="717"/>
<String CONTENT="and" HEIGHT="52" WIDTH="113" VPOS="2107" HPOS="742"/>
<SP HEIGHT="52" WIDTH="25" VPOS="2107" HPOS="856"/>
<String CONTENT="methods" HEIGHT="56" WIDTH="261" VPOS="2105" HPOS="882"/>
<SP HEIGHT="38" WIDTH="24" VPOS="2123" HPOS="1144"/>
<String CONTENT="of" HEIGHT="53" WIDTH="65" VPOS="2106" HPOS="1169"/>
<SP HEIGHT="54" WIDTH="23" VPOS="2105" HPOS="1235"/>
<String CS="1" CONTENT="knowledge;" HEIGHT="70" WIDTH="335" VPOS="2105" HPOS="1259"/>
<SP HEIGHT="49" WIDTH="30" VPOS="2124" HPOS="1624"/>
<String CONTENT="a" HEIGHT="33" WIDTH="32" VPOS="2127" HPOS="1655"/>
<SP HEIGHT="47" WIDTH="25" VPOS="2113" HPOS="1688"/>
<String CONTENT="textbook" HEIGHT="54" WIDTH="272" VPOS="2106" HPOS="1714"/>
<SP HEIGHT="54" WIDTH="24" VPOS="2106" HPOS="1987"/>
<String CONTENT="in" HEIGHT="53" WIDTH="62" VPOS="2107" HPOS="2012"/>
<SP HEIGHT="35" WIDTH="21" VPOS="2126" HPOS="2075"/>
<String CONTENT="orientation" HEIGHT="130" WIDTH="1986" VPOS="2107" HPOS="335"/>
</TextLine>
<TextLine HEIGHT="70" WIDTH="1797" VPOS="2184" HPOS="484" STYLEREFS="StyleId-1DBC63DE-F451-4676-B66A-864BCE48D102-" LANG="en-US" CS="1">
<String CONTENT="and" HEIGHT="52" WIDTH="113" VPOS="2185" HPOS="484"/>
<SP HEIGHT="52" WIDTH="23" VPOS="2185" HPOS="598"/>
<String CONTENT="logic," HEIGHT="68" WIDTH="167" VPOS="2185" HPOS="622"/>
<SP HEIGHT="68" WIDTH="23" VPOS="2185" HPOS="790"/>
<String CONTENT="by" HEIGHT="69" WIDTH="76" VPOS="2185" HPOS="814"/>
<SP HEIGHT="70" WIDTH="23" VPOS="2184" HPOS="891"/>
<String CONTENT="Raymond" HEIGHT="68" WIDTH="306" VPOS="2184" HPOS="915"/>
<SP HEIGHT="54" WIDTH="24" VPOS="2184" HPOS="1222"/>
<String CONTENT="F." HEIGHT="51" WIDTH="64" VPOS="2184" HPOS="1247"/>
<SP HEIGHT="52" WIDTH="28" VPOS="2185" HPOS="1312"/>
<String CONTENT="Piper" HEIGHT="69" WIDTH="178" VPOS="2184" HPOS="1341"/>
<SP HEIGHT="32" WIDTH="28" VPOS="2205" HPOS="1520"/>
<String CS="1" CONTENT="&#8230;"/>
<SP HEIGHT="33" WIDTH="32" VPOS="2204" HPOS="1606"/>
<String CONTENT="and" HEIGHT="52" WIDTH="113" VPOS="2186" HPOS="1639"/>
<SP HEIGHT="53" WIDTH="25" VPOS="2185" HPOS="1753"/>
<String CONTENT="Paul" HEIGHT="52" WIDTH="149" VPOS="2185" HPOS="1779"/>
<SP HEIGHT="54" WIDTH="21" VPOS="2185" HPOS="1929"/>
<String CONTENT="W." HEIGHT="54" WIDTH="92" VPOS="2185" HPOS="1951"/>
<SP HEIGHT="55" WIDTH="21" VPOS="2185" HPOS="2044"/>
<String CONTENT="Ward" HEIGHT="55" WIDTH="183" VPOS="2185" HPOS="2066"/>
<SP HEIGHT="53" WIDTH="31" VPOS="2186" HPOS="2250"/>
<String CS="1" CONTENT="&#8230;"/>
</TextLine>
<TextLine HEIGHT="72" WIDTH="1130" VPOS="2260" HPOS="336" STYLEREFS="StyleId-1DBC63DE-F451-4676-B66A-864BCE48D102-" LANG="en-US">
<String CONTENT="New" HEIGHT="53" WIDTH="140" VPOS="2262" HPOS="336"/>
<SP HEIGHT="52" WIDTH="25" VPOS="2262" HPOS="477"/>
<String CONTENT="York," HEIGHT="70" WIDTH="181" VPOS="2261" HPOS="503"/>
<SP HEIGHT="70" WIDTH="23" VPOS="2261" HPOS="685"/>
<String CONTENT="A." HEIGHT="52" WIDTH="71" VPOS="2261" HPOS="709"/>
<SP HEIGHT="52" WIDTH="26" VPOS="2262" HPOS="781"/>
<String CONTENT="A." HEIGHT="54" WIDTH="71" VPOS="2262" HPOS="808"/>
<SP HEIGHT="55" WIDTH="26" VPOS="2261" HPOS="880"/>
<String CONTENT="Knopf," HEIGHT="69" WIDTH="227" VPOS="2261" HPOS="907"/>
<SP HEIGHT="68" WIDTH="24" VPOS="2260" HPOS="1135"/>
<String CONTENT="inc.," HEIGHT="72" WIDTH="127" VPOS="2260" HPOS="1160"/>
<SP HEIGHT="66" WIDTH="30" VPOS="2266" HPOS="1288"/>
<String CONTENT="1929." HEIGHT="52" WIDTH="147" VPOS="2264" HPOS="1319"/>
</TextLine>
<TextLine HEIGHT="52" WIDTH="1461" VPOS="2341" HPOS="508" LANG="en-US" CS="1">
<String CS="1" CONTENT="xxv," HEIGHT="16" WIDTH="9" VPOS="2374" HPOS="508"/>
<SP HEIGHT="47" WIDTH="34" VPOS="2343" HPOS="518"/>
<String CONTENT="398," HEIGHT="49" WIDTH="100" VPOS="2341" HPOS="553"/>
<SP HEIGHT="36" WIDTH="33" VPOS="2354" HPOS="654"/>
<String CONTENT="xl" HEIGHT="39" WIDTH="50" VPOS="2343" HPOS="688"/>
<SP HEIGHT="48" WIDTH="33" VPOS="2343" HPOS="739"/>
<String CONTENT="p." HEIGHT="37" WIDTH="43" VPOS="2354" HPOS="773"/>
<SP HEIGHT="41" WIDTH="33" VPOS="2342" HPOS="817"/>
<String CONTENT="incl." HEIGHT="41" WIDTH="111" VPOS="2342" HPOS="851"/>
<SP HEIGHT="40" WIDTH="33" VPOS="2343" HPOS="963"/>
<String CONTENT="front.," HEIGHT="42" WIDTH="165" VPOS="2343" HPOS="997"/>
<SP HEIGHT="43" WIDTH="32" VPOS="2342" HPOS="1163"/>
<String CONTENT="illus.," HEIGHT="48" WIDTH="144" VPOS="2342" HPOS="1196"/>
<SP HEIGHT="45" WIDTH="35" VPOS="2345" HPOS="1341"/>
<String CONTENT="diagrs." HEIGHT="49" WIDTH="181" VPOS="2342" HPOS="1377"/>
<SP HEIGHT="38" WIDTH="57" VPOS="2355" HPOS="1559"/>
<String CONTENT="plates." HEIGHT="48" WIDTH="175" VPOS="2345" HPOS="1617"/>
<SP HEIGHT="42" WIDTH="58" VPOS="2343" HPOS="1793"/>
<String CS="1" CONTENT="24&#7580;&#7504;." HEIGHT="42" WIDTH="117" VPOS="2343" HPOS="1852"/>
</TextLine>
<TextLine HEIGHT="50" WIDTH="1224" VPOS="2398" HPOS="406" LANG="en-US">
<String CONTENT="&#8220;Reference" HEIGHT="42" WIDTH="297" VPOS="2398" HPOS="406"/>
<SP HEIGHT="31" WIDTH="24" VPOS="2409" HPOS="704"/>
<String CONTENT="reading&#8221;" HEIGHT="49" WIDTH="230" VPOS="2398" HPOS="729"/>
<SP HEIGHT="40" WIDTH="27" VPOS="2399" HPOS="960"/>
<String CONTENT="at" HEIGHT="39" WIDTH="53" VPOS="2401" HPOS="988"/>
<SP HEIGHT="39" WIDTH="25" VPOS="2401" HPOS="1042"/>
<String CONTENT="end" HEIGHT="39" WIDTH="92" VPOS="2400" HPOS="1068"/>
<SP HEIGHT="39" WIDTH="26" VPOS="2400" HPOS="1161"/>
<String CONTENT="of" HEIGHT="40" WIDTH="54" VPOS="2399" HPOS="1188"/>
<SP HEIGHT="41" WIDTH="24" VPOS="2399" HPOS="1243"/>
<String CONTENT="each" HEIGHT="40" WIDTH="120" VPOS="2400" HPOS="1268"/>
<SP HEIGHT="40" WIDTH="22" VPOS="2400" HPOS="1389"/>
<String CONTENT="chapter." HEIGHT="47" WIDTH="218" VPOS="2401" HPOS="1412"/>
</TextLine>
<TextLine HEIGHT="53" WIDTH="2011" VPOS="2452" HPOS="335" LANG="en-US" CS="1">
<String CONTENT="&#169;" HEIGHT="52" WIDTH="52" VPOS="2452" HPOS="335"/>
<SP HEIGHT="52" WIDTH="27" VPOS="2452" HPOS="388"/>
<String CONTENT="Oct." HEIGHT="41" WIDTH="102" VPOS="2456" HPOS="416"/>
<SP HEIGHT="40" WIDTH="23" VPOS="2457" HPOS="519"/>
<String CONTENT="17," HEIGHT="46" WIDTH="70" VPOS="2457" HPOS="543"/>
<SP HEIGHT="46" WIDTH="24" VPOS="2457" HPOS="614"/>
<String CS="1" CONTENT="1929;" HEIGHT="40" WIDTH="117" VPOS="2456" HPOS="639"/>
<SP HEIGHT="42" WIDTH="26" VPOS="2456" HPOS="780"/>
<String CONTENT="2c." HEIGHT="40" WIDTH="67" VPOS="2456" HPOS="807"/>
<SP HEIGHT="39" WIDTH="23" VPOS="2457" HPOS="875"/>
<String CONTENT="Dec." HEIGHT="39" WIDTH="114" VPOS="2457" HPOS="899"/>
<SP HEIGHT="40" WIDTH="24" VPOS="2456" HPOS="1014"/>
<String CS="1" CONTENT="16;" HEIGHT="39" WIDTH="57" VPOS="2456" HPOS="1039"/>
<SP HEIGHT="36" WIDTH="26" VPOS="2467" HPOS="1123"/>
<String CONTENT="aff." HEIGHT="41" WIDTH="82" VPOS="2455" HPOS="1150"/>
<SP HEIGHT="39" WIDTH="23" VPOS="2457" HPOS="1233"/>
<String CONTENT="Dec." HEIGHT="40" WIDTH="112" VPOS="2457" HPOS="1257"/>
<SP HEIGHT="40" WIDTH="26" VPOS="2457" HPOS="1370"/>
<String CS="1" CONTENT="14;" HEIGHT="38" WIDTH="56" VPOS="2457" HPOS="1397"/>
<SP HEIGHT="39" WIDTH="25" VPOS="2458" HPOS="1480"/>
<!-- cceid A8E0193A-6CFA-1014-9C3C-CEA95E7AA542 --><String CONTENT="A" HEIGHT="37" WIDTH="40" VPOS="2458" HPOS="1506"/>
<SP HEIGHT="38" WIDTH="23" VPOS="2457" HPOS="1547"/>
<String CS="1" CONTENT="17398;" HEIGHT="42" WIDTH="146" VPOS="2455" HPOS="1571"/>
<SP HEIGHT="39" WIDTH="27" VPOS="2457" HPOS="1744"/>
<String CONTENT="Alfred" HEIGHT="40" WIDTH="172" VPOS="2456" HPOS="1772"/>
<SP HEIGHT="39" WIDTH="23" VPOS="2457" HPOS="1945"/>
<String CONTENT="A." HEIGHT="40" WIDTH="54" VPOS="2457" HPOS="1969"/>
<SP HEIGHT="39" WIDTH="23" VPOS="2458" HPOS="2024"/>
<String CONTENT="Knopf," HEIGHT="47" WIDTH="181" VPOS="2458" HPOS="2048"/>
<SP HEIGHT="40" WIDTH="24" VPOS="2458" HPOS="2230"/>
<String CONTENT="inc." HEIGHT="41" WIDTH="91" VPOS="2458" HPOS="2255"/>
</TextLine>
<TextLine HEIGHT="47" WIDTH="252" VPOS="2513" HPOS="412" LANG="en-US">
<String CONTENT="(30-1409)" HEIGHT="47" WIDTH="252" VPOS="2513" HPOS="412"/>
</TextLine>
<TextLine HEIGHT="67" WIDTH="951" VPOS="2604" HPOS="333" STYLEREFS="StyleId-91EABF5C-8682-400A-8D88-DB5578C3D8A3-">
<String LANG="en-US" CONTENT="Piraud," HEIGHT="66" WIDTH="240" VPOS="2604" HPOS="333"/>
<SP HEIGHT="63" WIDTH="26" VPOS="2607" HPOS="574"/>
<String LANG="fr" CONTENT="Jean" HEIGHT="53" WIDTH="148" VPOS="2607" HPOS="601"/>
<SP HEIGHT="53" WIDTH="28" VPOS="2608" HPOS="750"/>
<String LANG="fr" CONTENT="Claudine," HEIGHT="65" WIDTH="302" VPOS="2606" HPOS="779"/>
<SP HEIGHT="58" WIDTH="30" VPOS="2613" HPOS="1082"/>
<String LANG="en-US" CONTENT="1899-" HEIGHT="49" WIDTH="171" VPOS="2613" HPOS="1113"/>
</TextLine>
<TextLine HEIGHT="71" WIDTH="1876" VPOS="2684" HPOS="468" STYLEREFS="StyleId-1DBC63DE-F451-4676-B66A-864BCE48D102-" LANG="fr" CS="1">
<String LANG="en-US" CS="1" CONTENT="&#8230;"/>
<SP HEIGHT="52" WIDTH="36" VPOS="2686" HPOS="468"/>
<String CONTENT="L&#8217;&#233;lectricit&#233;" HEIGHT="53" WIDTH="375" VPOS="2686" HPOS="505"/>
<SP HEIGHT="52" WIDTH="31" VPOS="2686" HPOS="881"/>
<String CONTENT="&#224;" HEIGHT="51" WIDTH="29" VPOS="2686" HPOS="913"/>
<SP HEIGHT="52" WIDTH="34" VPOS="2686" HPOS="943"/>
<String CONTENT="l&#8217;usine," HEIGHT="69" WIDTH="218" VPOS="2686" HPOS="978"/>
<SP HEIGHT="50" WIDTH="29" VPOS="2705" HPOS="1197"/>
<String CONTENT="par" HEIGHT="50" WIDTH="105" VPOS="2704" HPOS="1227"/>
<SP HEIGHT="52" WIDTH="31" VPOS="2686" HPOS="1333"/>
<String CONTENT="M." HEIGHT="52" WIDTH="79" VPOS="2686" HPOS="1365"/>
<SP HEIGHT="54" WIDTH="34" VPOS="2686" HPOS="1445"/>
<String CONTENT="J." HEIGHT="54" WIDTH="54" VPOS="2686" HPOS="1480"/>
<SP HEIGHT="52" WIDTH="33" VPOS="2686" HPOS="1535"/>
<String CONTENT="Piraud" HEIGHT="54" WIDTH="222" VPOS="2685" HPOS="1569"/>
<SP HEIGHT="53" WIDTH="34" VPOS="2686" HPOS="1792"/>
<String CS="1" CONTENT="&#8230;"/>
<SP HEIGHT="52" WIDTH="77" VPOS="2686" HPOS="1884"/>
<String CONTENT="Pr&#233;face" HEIGHT="55" WIDTH="243" VPOS="2684" HPOS="1962"/>
<SP HEIGHT="51" WIDTH="32" VPOS="2704" HPOS="2206"/>
<String CONTENT="par" HEIGHT="50" WIDTH="105" VPOS="2705" HPOS="2239"/>
</TextLine>
<TextLine HEIGHT="81" WIDTH="2013" VPOS="2752" HPOS="333" STYLEREFS="StyleId-1DBC63DE-F451-4676-B66A-864BCE48D102-" LANG="fr" CS="1">
<String CONTENT="M." HEIGHT="53" WIDTH="79" VPOS="2763" HPOS="333"/>
<SP HEIGHT="52" WIDTH="36" VPOS="2764" HPOS="413"/>
<String CONTENT="Maurice" HEIGHT="53" WIDTH="258" VPOS="2764" HPOS="450"/>
<SP HEIGHT="55" WIDTH="35" VPOS="2763" HPOS="709"/>
<String CONTENT="Gariel" HEIGHT="55" WIDTH="198" VPOS="2763" HPOS="745"/>
<SP HEIGHT="51" WIDTH="42" VPOS="2766" HPOS="944"/>
<String CS="1" CONTENT="&#8230;"/>
<SP HEIGHT="48" WIDTH="78" VPOS="2767" HPOS="1043"/>
<String CONTENT="2." HEIGHT="49" WIDTH="47" VPOS="2767" HPOS="1122"/>
<SP HEIGHT="52" WIDTH="37" VPOS="2764" HPOS="1170"/>
<String CS="1" CONTENT="&#233;d.," HEIGHT="52" WIDTH="66" VPOS="2764" HPOS="1208"/>
<SP HEIGHT="64" WIDTH="31" VPOS="2752" HPOS="1317"/>
<String CONTENT="rev." HEIGHT="34" WIDTH="112" VPOS="2782" HPOS="1349"/>
<SP HEIGHT="33" WIDTH="39" VPOS="2785" HPOS="1462"/>
<String CONTENT="et" HEIGHT="47" WIDTH="54" VPOS="2771" HPOS="1502"/>
<SP HEIGHT="46" WIDTH="34" VPOS="2771" HPOS="1557"/>
<String CONTENT="augm." HEIGHT="51" WIDTH="188" VPOS="2782" HPOS="1592"/>
<SP HEIGHT="51" WIDTH="74" VPOS="2765" HPOS="1781"/>
<String CONTENT="Paris," HEIGHT="70" WIDTH="186" VPOS="2763" HPOS="1856"/>
<SP HEIGHT="72" WIDTH="37" VPOS="2761" HPOS="2043"/>
<String CONTENT="&#201;ditions" HEIGHT="58" WIDTH="265" VPOS="2761" HPOS="2081"/>
</TextLine>
<TextLine HEIGHT="68" WIDTH="646" VPOS="2841" HPOS="333" STYLEREFS="StyleId-1DBC63DE-F451-4676-B66A-864BCE48D102-" LANG="fr" CS="1">
<String CONTENT="de" HEIGHT="52" WIDTH="69" VPOS="2843" HPOS="333"/>
<SP HEIGHT="54" WIDTH="28" VPOS="2841" HPOS="403"/>
<String CONTENT="&#8220;L&#8217;Usine&#8221;" HEIGHT="55" WIDTH="317" VPOS="2841" HPOS="432"/>
<SP HEIGHT="67" WIDTH="35" VPOS="2842" HPOS="750"/>
<String STYLE="subscript" CONTENT="[" HEIGHT="33" WIDTH="12" VPOS="2876" HPOS="786"/>
<String LANG="en-US" CS="1" CONTENT="&#7580;"/>
<String CONTENT="1929" HEIGHT="50" WIDTH="133" VPOS="2845" HPOS="827"/>
<String STYLE="subscript" CONTENT="]" HEIGHT="33" WIDTH="13" VPOS="2876" HPOS="966"/>
</TextLine>
<TextLine HEIGHT="49" WIDTH="1320" VPOS="2922" HPOS="403" LANG="fr" CS="1">
<String CONTENT="154" HEIGHT="41" WIDTH="86" VPOS="2922" HPOS="403"/>
<SP HEIGHT="47" WIDTH="26" VPOS="2924" HPOS="490"/>
<String CONTENT="p." HEIGHT="37" WIDTH="43" VPOS="2934" HPOS="517"/>
<SP HEIGHT="42" WIDTH="59" VPOS="2922" HPOS="561"/>
<String CONTENT="illus." HEIGHT="41" WIDTH="130" VPOS="2922" HPOS="621"/>
<SP HEIGHT="40" WIDTH="57" VPOS="2923" HPOS="752"/>
<String CONTENT="23" HEIGHT="40" WIDTH="57" VPOS="2923" HPOS="810"/>
<String LANG="en-US" CS="1" CONTENT="&#189;&#7580;&#7504;"/>
<String CONTENT="." HEIGHT="7" WIDTH="8" VPOS="2956" HPOS="949"/>
<SP HEIGHT="48" WIDTH="71" VPOS="2923" HPOS="958"/>
<String CONTENT="(Biblioth&#232;que" HEIGHT="49" WIDTH="365" VPOS="2922" HPOS="1030"/>
<SP HEIGHT="39" WIDTH="29" VPOS="2924" HPOS="1396"/>
<String CONTENT="de" HEIGHT="39" WIDTH="58" VPOS="2924" HPOS="1426"/>
<SP HEIGHT="38" WIDTH="27" VPOS="2925" HPOS="1485"/>
<String CONTENT="l&#8217;Usine)" HEIGHT="46" WIDTH="210" VPOS="2922" HPOS="1513"/>
</TextLine>
<TextLine HEIGHT="53" WIDTH="1534" VPOS="2976" HPOS="334" LANG="fr" CS="1">
<String CONTENT="&#169;" HEIGHT="52" WIDTH="52" VPOS="2976" HPOS="334"/>
<SP HEIGHT="52" WIDTH="26" VPOS="2976" HPOS="387"/>
<String CONTENT="Sept." HEIGHT="48" WIDTH="128" VPOS="2981" HPOS="414"/>
<SP HEIGHT="39" WIDTH="22" VPOS="2982" HPOS="543"/>
<String CONTENT="17," HEIGHT="45" WIDTH="69" VPOS="2982" HPOS="566"/>
<SP HEIGHT="46" WIDTH="22" VPOS="2981" HPOS="636"/>
<String CONTENT="1929;" HEIGHT="47" WIDTH="140" VPOS="2980" HPOS="659"/>
<SP/>
<String CS="1" CONTENT="1c."/>
<SP/>
<String CONTENT="Nov." HEIGHT="40" WIDTH="120" VPOS="2981" HPOS="918"/>
<SP HEIGHT="41" WIDTH="22" VPOS="2980" HPOS="1039"/>
<String CONTENT="8;" HEIGHT="47" WIDTH="52" VPOS="2980" HPOS="1062"/>
<SP HEIGHT="47" WIDTH="26" VPOS="2980" HPOS="1115"/>
<!-- cceid A8E01D1C-6CFA-1014-9C3C-CEA95E7AA542 --><String CONTENT="A&#8212;" HEIGHT="39" WIDTH="103" VPOS="2980" HPOS="1142"/>
<String LANG="en-US" CONTENT="Foreign" HEIGHT="48" WIDTH="209" VPOS="2980" HPOS="1247"/>
<SP HEIGHT="40" WIDTH="21" VPOS="2979" HPOS="1457"/>
<String CONTENT="5059;" HEIGHT="46" WIDTH="141" VPOS="2979" HPOS="1479"/>
<SP HEIGHT="45" WIDTH="25" VPOS="2980" HPOS="1621"/>
<String CONTENT="L&#8217;Usine." HEIGHT="41" WIDTH="221" VPOS="2979" HPOS="1647"/>
</TextLine>
<TextLine HEIGHT="49" WIDTH="253" VPOS="3037" HPOS="412" LANG="fr">
<String CONTENT="(30-3686)" HEIGHT="49" WIDTH="253" VPOS="3037" HPOS="412"/>
</TextLine>
<TextLine HEIGHT="66" WIDTH="841" VPOS="3129" HPOS="336" STYLEREFS="StyleId-91EABF5C-8682-400A-8D88-DB5578C3D8A3-">
<String LANG="de" CONTENT="Rabenort," HEIGHT="65" WIDTH="322" VPOS="3130" HPOS="336"/>
<SP HEIGHT="64" WIDTH="30" VPOS="3131" HPOS="659"/>
<String LANG="fr" CONTENT="William" HEIGHT="55" WIDTH="256" VPOS="3129" HPOS="690"/>
<SP HEIGHT="52" WIDTH="30" VPOS="3131" HPOS="947"/>
<String LANG="fr" CONTENT="Louis." HEIGHT="56" WIDTH="199" VPOS="3129" HPOS="978"/>
</TextLine>
<TextLine HEIGHT="72" WIDTH="1942" VPOS="3207" HPOS="407" STYLEREFS="StyleId-1DBC63DE-F451-4676-B66A-864BCE48D102-">
<String LANG="en-US" CONTENT="Rabenort&#8217;s" HEIGHT="55" WIDTH="338" VPOS="3208" HPOS="407"/>
<SP HEIGHT="51" WIDTH="45" VPOS="3228" HPOS="746"/>
<String LANG="en-US" CONTENT="geography;" HEIGHT="69" WIDTH="362" VPOS="3210" HPOS="792"/>
<SP HEIGHT="58" WIDTH="50" VPOS="3210" HPOS="1155"/>
<String LANG="fr" CONTENT="Europe." HEIGHT="67" WIDTH="248" VPOS="3210" HPOS="1206"/>
<SP HEIGHT="56" WIDTH="74" VPOS="3208" HPOS="1455"/>
<String LANG="fr" CONTENT="Grade" HEIGHT="56" WIDTH="194" VPOS="3208" HPOS="1530"/>
<SP HEIGHT="51" WIDTH="47" VPOS="3211" HPOS="1725"/>
<String LANG="fr" CONTENT="6B." HEIGHT="52" WIDTH="100" VPOS="3209" HPOS="1773"/>
<SP HEIGHT="51" WIDTH="74" VPOS="3210" HPOS="1874"/>
<String LANG="en-US" CONTENT="By" HEIGHT="69" WIDTH="92" VPOS="3210" HPOS="1949"/>
<SP HEIGHT="71" WIDTH="42" VPOS="3208" HPOS="2042"/>
<String LANG="fr" CONTENT="William" HEIGHT="56" WIDTH="264" VPOS="3207" HPOS="2085"/>
</TextLine>
<TextLine HEIGHT="67" WIDTH="2011" VPOS="3286" HPOS="337" STYLEREFS="StyleId-1DBC63DE-F451-4676-B66A-864BCE48D102-">
<String LANG="fr" CONTENT="L." HEIGHT="55" WIDTH="64" VPOS="3286" HPOS="337"/>
<SP HEIGHT="54" WIDTH="31" VPOS="3287" HPOS="402"/>
<String LANG="de" CONTENT="Rabenort." HEIGHT="53" WIDTH="307" VPOS="3287" HPOS="434"/>
<SP HEIGHT="52" WIDTH="75" VPOS="3288" HPOS="742"/>
<String LANG="fr" CONTENT="Rev." HEIGHT="54" WIDTH="137" VPOS="3288" HPOS="818"/>
<SP HEIGHT="34" WIDTH="32" VPOS="3308" HPOS="956"/>
<String LANG="fr" CONTENT="ed." HEIGHT="52" WIDTH="84" VPOS="3289" HPOS="989"/>
<SP HEIGHT="52" WIDTH="75" VPOS="3288" HPOS="1074"/>
<String LANG="fr" CONTENT="New" HEIGHT="52" WIDTH="139" VPOS="3288" HPOS="1150"/>
<SP HEIGHT="52" WIDTH="31" VPOS="3288" HPOS="1290"/>
<String LANG="fr" CONTENT="York." HEIGHT="55" WIDTH="180" VPOS="3287" HPOS="1322"/>
<SP HEIGHT="55" WIDTH="29" VPOS="3287" HPOS="1503"/>
<String LANG="fr" CONTENT="American" HEIGHT="53" WIDTH="307" VPOS="3287" HPOS="1533"/>
<SP HEIGHT="53" WIDTH="28" VPOS="3287" HPOS="1841"/>
<String LANG="en-US" CONTENT="book" HEIGHT="53" WIDTH="150" VPOS="3287" HPOS="1870"/>
<SP HEIGHT="52" WIDTH="28" VPOS="3287" HPOS="2021"/>
<String LANG="fr" CONTENT="company," HEIGHT="50" WIDTH="298" VPOS="3303" HPOS="2050"/>
</TextLine>
<TextLine HEIGHT="50" WIDTH="150" VPOS="3368" HPOS="340" STYLEREFS="StyleId-1DBC63DE-F451-4676-B66A-864BCE48D102-" LANG="fr">
<String CONTENT="1929." HEIGHT="50" WIDTH="150" VPOS="3368" HPOS="340"/>
</TextLine>
<TextLine HEIGHT="40" WIDTH="90" VPOS="3446" HPOS="399" LANG="fr" CS="1">
<String CONTENT="1" HEIGHT="39" WIDTH="25" VPOS="3446" HPOS="399"/>
<SP HEIGHT="40" WIDTH="20" VPOS="3446" HPOS="425"/>
<String CS="1" CONTENT="v." HEIGHT="7" WIDTH="8" VPOS="3478" HPOS="481"/>
</TextLine>
<TextLine HEIGHT="52" WIDTH="1673" VPOS="3498" HPOS="334" LANG="fr" CS="1">
<String CONTENT="&#169;" HEIGHT="52" WIDTH="52" VPOS="3498" HPOS="334"/>
<SP HEIGHT="52" WIDTH="24" VPOS="3498" HPOS="387"/>
<String CONTENT="Oct." HEIGHT="41" WIDTH="102" VPOS="3502" HPOS="412"/>
<SP HEIGHT="40" WIDTH="22" VPOS="3503" HPOS="515"/>
<String CONTENT="18," HEIGHT="46" WIDTH="69" VPOS="3503" HPOS="538"/>
<SP HEIGHT="46" WIDTH="24" VPOS="3503" HPOS="608"/>
<String CS="1" CONTENT="1929;" HEIGHT="41" WIDTH="116" VPOS="3502" HPOS="633"/>
<SP HEIGHT="46" WIDTH="23" VPOS="3503" HPOS="774"/>
<String CONTENT="2c." HEIGHT="40" WIDTH="67" VPOS="3503" HPOS="798"/>
<SP HEIGHT="29" WIDTH="22" VPOS="3514" HPOS="866"/>
<String CONTENT="and" HEIGHT="39" WIDTH="95" VPOS="3504" HPOS="889"/>
<SP HEIGHT="38" WIDTH="25" VPOS="3504" HPOS="985"/>
<String CONTENT="aff." HEIGHT="41" WIDTH="81" VPOS="3503" HPOS="1011"/>
<SP HEIGHT="41" WIDTH="22" VPOS="3503" HPOS="1093"/>
<String CONTENT="Oct." HEIGHT="41" WIDTH="102" VPOS="3503" HPOS="1116"/>
<SP HEIGHT="40" WIDTH="22" VPOS="3503" HPOS="1219"/>
<String CS="1" CONTENT="21;" HEIGHT="39" WIDTH="54" VPOS="3503" HPOS="1242"/>
<SP HEIGHT="41" WIDTH="23" VPOS="3503" HPOS="1325"/>
<!-- cceid A8E0216E-6CFA-1014-9C3C-CEA95E7AA542 --><String CONTENT="A" HEIGHT="39" WIDTH="40" VPOS="3503" HPOS="1349"/>
<SP HEIGHT="39" WIDTH="21" VPOS="3503" HPOS="1390"/>
<String CS="1" CONTENT="14291;" HEIGHT="40" WIDTH="142" VPOS="3502" HPOS="1412"/>
<SP HEIGHT="45" WIDTH="24" VPOS="3503" HPOS="1583"/>
<String CONTENT="Amer," HEIGHT="39" WIDTH="161" VPOS="3503" HPOS="1608"/>
<SP HEIGHT="40" WIDTH="23" VPOS="3502" HPOS="1770"/>
<String LANG="en-US" CONTENT="book" HEIGHT="40" WIDTH="124" VPOS="3502" HPOS="1794"/>
<SP HEIGHT="40" WIDTH="20" VPOS="3502" HPOS="1919"/>
<String LANG="ru" CONTENT="&#1089;&#1086;." HEIGHT="30" WIDTH="67" VPOS="3512" HPOS="1940"/>
</TextLine>
<TextLine HEIGHT="67" WIDTH="923" VPOS="3594" HPOS="337" STYLEREFS="StyleId-91EABF5C-8682-400A-8D88-DB5578C3D8A3-">
<String LANG="fr" CONTENT="Raisin," HEIGHT="66" WIDTH="223" VPOS="3594" HPOS="337"/>
<SP HEIGHT="64" WIDTH="27" VPOS="3596" HPOS="561"/>
<String LANG="fr" CONTENT="Jacob" HEIGHT="53" WIDTH="180" VPOS="3596" HPOS="589"/>
<SP HEIGHT="55" WIDTH="28" VPOS="3596" HPOS="770"/>
<String LANG="en-US" CONTENT="Salmon," HEIGHT="64" WIDTH="258" VPOS="3597" HPOS="799"/>
<SP HEIGHT="57" WIDTH="29" VPOS="3604" HPOS="1058"/>
<String LANG="fr" CONTENT="1877-" HEIGHT="54" WIDTH="172" VPOS="3598" HPOS="1088"/>
</TextLine>
<TextLine HEIGHT="73" WIDTH="1938" VPOS="3673" HPOS="405" STYLEREFS="StyleId-1DBC63DE-F451-4676-B66A-864BCE48D102-" CS="1">
<String LANG="fr" CONTENT="Twice-told" HEIGHT="53" WIDTH="340" VPOS="3675" HPOS="405"/>
<SP HEIGHT="53" WIDTH="23" VPOS="3675" HPOS="746"/>
<String LANG="en-US" CONTENT="Talmud" HEIGHT="55" WIDTH="250" VPOS="3675" HPOS="770"/>
<SP HEIGHT="52" WIDTH="23" VPOS="3678" HPOS="1021"/>
<String LANG="en-US" CONTENT="tales," HEIGHT="66" WIDTH="159" VPOS="3678" HPOS="1045"/>
<SP HEIGHT="67" WIDTH="23" VPOS="3677" HPOS="1205"/>
<String LANG="en-US" CONTENT="by" HEIGHT="69" WIDTH="76" VPOS="3677" HPOS="1229"/>
<SP HEIGHT="69" WIDTH="24" VPOS="3677" HPOS="1306"/>
<String LANG="fr" CONTENT="Jacob" HEIGHT="53" WIDTH="179" VPOS="3677" HPOS="1331"/>
<SP HEIGHT="55" WIDTH="28" VPOS="3675" HPOS="1511"/>
<String LANG="fr" CONTENT="S." HEIGHT="55" WIDTH="55" VPOS="3675" HPOS="1540"/>
<SP HEIGHT="51" WIDTH="27" VPOS="3676" HPOS="1596"/>
<String LANG="fr" CONTENT="Raisin" HEIGHT="53" WIDTH="203" VPOS="3675" HPOS="1624"/>
<SP HEIGHT="33" WIDTH="32" VPOS="3695" HPOS="1828"/>
<String LANG="fr" CS="1" CONTENT="&#8230;"/>
<SP HEIGHT="53" WIDTH="76" VPOS="3673" HPOS="1918"/>
<String LANG="fr" CONTENT="New" HEIGHT="54" WIDTH="141" VPOS="3673" HPOS="1995"/>
<SP HEIGHT="53" WIDTH="24" VPOS="3674" HPOS="2137"/>
<String LANG="fr" CONTENT="York," HEIGHT="69" WIDTH="181" VPOS="3673" HPOS="2162"/>
</TextLine>
<TextLine HEIGHT="70" WIDTH="1122" VPOS="3752" HPOS="335" STYLEREFS="StyleId-1DBC63DE-F451-4676-B66A-864BCE48D102-" LANG="en-US">
<String CONTENT="Behrman&#8217;s" HEIGHT="55" WIDTH="339" VPOS="3752" HPOS="335"/>
<SP HEIGHT="54" WIDTH="22" VPOS="3753" HPOS="675"/>
<String CONTENT="Jewish" HEIGHT="54" WIDTH="217" VPOS="3753" HPOS="698"/>
<SP HEIGHT="53" WIDTH="23" VPOS="3754" HPOS="916"/>
<String CONTENT="book" HEIGHT="53" WIDTH="150" VPOS="3754" HPOS="940"/>
<SP HEIGHT="54" WIDTH="22" VPOS="3754" HPOS="1091"/>
<String CONTENT="shop," HEIGHT="68" WIDTH="161" VPOS="3754" HPOS="1114"/>
<SP HEIGHT="64" WIDTH="29" VPOS="3757" HPOS="1276"/>
<String LANG="fr" CONTENT="1929." HEIGHT="52" WIDTH="151" VPOS="3756" HPOS="1306"/>
</TextLine>
<TextLine HEIGHT="48" WIDTH="736" VPOS="3833" HPOS="401" STYLEREFS="StyleId-1DBC63DE-F451-4676-B66A-864BCE48D102-" LANG="fr" CS="1">
<String CONTENT="xi," HEIGHT="48" WIDTH="66" VPOS="3833" HPOS="401"/>
<SP HEIGHT="47" WIDTH="25" VPOS="3834" HPOS="468"/>
<String CONTENT="13-186" HEIGHT="41" WIDTH="177" VPOS="3833" HPOS="494"/>
<SP HEIGHT="48" WIDTH="23" VPOS="3833" HPOS="672"/>
<String CONTENT="p." HEIGHT="38" WIDTH="44" VPOS="3843" HPOS="696"/>
<SP HEIGHT="41" WIDTH="58" VPOS="3833" HPOS="741"/>
<String CONTENT="illus." HEIGHT="41" WIDTH="130" VPOS="3833" HPOS="800"/>
<SP HEIGHT="40" WIDTH="58" VPOS="3834" HPOS="931"/>
<String CONTENT="20" HEIGHT="41" WIDTH="59" VPOS="3833" HPOS="990"/>
<String LANG="en-US" CS="1" CONTENT="&#189;&#7580;&#7504;"/>
<String CONTENT="." HEIGHT="8" WIDTH="8" VPOS="3866" HPOS="1129"/>
</TextLine>
<TextLine HEIGHT="52" WIDTH="2006" VPOS="3886" HPOS="336" LANG="fr" CS="1">
<String CONTENT="&#169;" HEIGHT="52" WIDTH="52" VPOS="3886" HPOS="336"/>
<SP HEIGHT="52" WIDTH="26" VPOS="3886" HPOS="389"/>
<String CONTENT="Dec." HEIGHT="39" WIDTH="114" VPOS="3891" HPOS="416"/>
<SP HEIGHT="40" WIDTH="24" VPOS="3890" HPOS="531"/>
<String CONTENT="30," HEIGHT="41" WIDTH="68" VPOS="3889" HPOS="556"/>
<SP HEIGHT="39" WIDTH="27" VPOS="3891" HPOS="625"/>
<String CONTENT="1929;" HEIGHT="47" WIDTH="140" VPOS="3889" HPOS="653"/>
<SP HEIGHT="46" WIDTH="29" VPOS="3890" HPOS="794"/>
<String CONTENT="2c." HEIGHT="40" WIDTH="67" VPOS="3890" HPOS="824"/>
<SP HEIGHT="29" WIDTH="26" VPOS="3901" HPOS="892"/>
<String CONTENT="and" HEIGHT="39" WIDTH="96" VPOS="3892" HPOS="919"/>
<SP HEIGHT="39" WIDTH="26" VPOS="3892" HPOS="1016"/>
<String CONTENT="aff." HEIGHT="42" WIDTH="83" VPOS="3889" HPOS="1043"/>
<SP HEIGHT="39" WIDTH="25" VPOS="3892" HPOS="1127"/>
<String CONTENT="Dec." HEIGHT="38" WIDTH="112" VPOS="3892" HPOS="1153"/>
<SP HEIGHT="40" WIDTH="24" VPOS="3890" HPOS="1266"/>
<String CS="1" CONTENT="31;" HEIGHT="40" WIDTH="54" VPOS="3890" HPOS="1291"/>
<SP HEIGHT="42" WIDTH="28" VPOS="3891" HPOS="1375"/>
<!-- cceid A8E02506-6CFA-1014-9C3C-CEA95E7AA542 --><String CONTENT="A" HEIGHT="37" WIDTH="40" VPOS="3891" HPOS="1404"/>
<SP HEIGHT="38" WIDTH="25" VPOS="3891" HPOS="1445"/>
<String CS="1" CONTENT="17606;" HEIGHT="40" WIDTH="147" VPOS="3890" HPOS="1471"/>
<SP HEIGHT="39" WIDTH="31" VPOS="3891" HPOS="1642"/>
<String CONTENT="J." HEIGHT="39" WIDTH="42" VPOS="3891" HPOS="1674"/>
<SP HEIGHT="41" WIDTH="30" VPOS="3889" HPOS="1717"/>
<String CONTENT="S." HEIGHT="41" WIDTH="45" VPOS="3889" HPOS="1748"/>
<SP HEIGHT="40" WIDTH="26" VPOS="3890" HPOS="1794"/>
<String CONTENT="Raisin," HEIGHT="41" WIDTH="186" VPOS="3889" HPOS="1821"/>
<SP HEIGHT="42" WIDTH="29" VPOS="3888" HPOS="2008"/>
<String LANG="en-US" CONTENT="Charleston," HEIGHT="47" WIDTH="304" VPOS="3888" HPOS="2038"/>
</TextLine>
<TextLine HEIGHT="0" WIDTH="0" VPOS="0" HPOS="0" LANG="en-US" CS="1">
<String CS="1" CONTENT="S."/>
<SP/>
<String CS="1" CONTENT="C."/>
<SP/>
<String CS="1" CONTENT="(30-1406)"/>
</TextLine>
</TextBlock>
</PrintSpace>
</Page>
</Layout>
</alto>