2533 4384
1041 4029 101 51 281

87 380 241 63 Adams,
362 378 276 64 Thomas,
675 378 173 54 1871-

153 455 368 69 Population,
568 455 136 52 land
755 456 193 51 values
997 454 113 52 and
1158 458 372 63 government;
1612 453 215 54 studies
1879 452 64 55 of
1992 455 96 53 the

83 533 225 70 growth
344 532 118 52 and
493 531 374 54 distribution
904 531 65 52 of
1004 531 341 67 population
1383 530 114 54 and
1532 530 138 54 land
1708 531 223 57 values;
1973 533 112 52 and

83 608 2005 71 of problems of government … Prepared by Thomas Adams,
82 689 225 53 Harold
335 687 79 53 M.
442 687 185 53 Lewis
678 688 132 65 [and]
842 687 297 52 Theodore
1167 687 64 52 T.
1261 685 340 69 McCrosky,
1629 686 301 70 including
82 705 1982 116 contributions

424 765 75 69 by
533 765 220 69 Wayne
791 766 71 52 D.
900 763 356 71 Heydecker,
1291 764 206 70 Henry
1533 764 213 68 James,
1781 765 305 69 Raymond

82 842 2005 69 A. O’Hara [and others] … New York, Regional plan of New
82 922 162 53 York
272 922 112 52 and
414 922 74 53 its
515 921 285 67 environs,
832 924 149 49 1929.

147 1002 1943 48 3 p. l., 5-320 p. incl. illus., tables, diagrs. front., maps (6 fold.) 28½ᶜᵐ.
92 1060 299 48 (Half-title:
417 1059 234 48 Regional
680 1070 177 35 survey
885 1058 51 40 of
963 1060 117 39 New
1107 1059 132 40 York
1268 1060 96 39 and
1393 1059 64 40 its
1485 1058 241 44 environs,
1756 1060 93 41 vol.
1928 1060 14 47 II)

154 1128 1935 52 “Part III [Land values] … is a reprint, with revisions, of Monograph
81 1188 202 39 number
310 1186 26 41 3
365 1187 52 40 of
445 1189 83 38 the
555 1185 328 48 Engineering
912 1185 165 47 series,
1108 1185 257 48 published
1396 1186 50 39 in
1477 1185 499 42 1927.”—Foreword.

153 1245 104 38 “All
291 1244 160 40 works
483 1243 158 40 which
673 1244 126 39 have
831 1244 116 39 been
980 1243 193 47 quoted,
1207 1253 54 30 or
1292 1242 130 41 from
1456 1242 158 41 which
1648 1243 135 41 basic
1814 1244 117 39 data
1965 1244 124 41 have

82 1302 115 39 been
223 1301 294 45 abstracted,
544 1310 83 29 are
653 1300 203 39 covered
883 1300 61 46 by
970 1298 397 49 footnotes.”—p.
1400 1298 113 51 [309]

86 1370 1999 52 © Feb. 19, 1929; 1c. and aff. Mar. 6; A 5661; Committee on regional
153 1432 116 46 plan
295 1430 51 41 of
371 1430 118 39 New
517 1429 131 40 York
675 1429 96 40 and
800 1428 66 41 its
893 1428 242 43 environs.
1202 1428 254 49 (29-6555)

83 1539 190 64 Addy,
305 1537 320 56 Catherine
656 1538 279 55 Greaves.

150 1615 95 53 An
286 1616 147 52 hour
472 1615 183 53 worth
697 1615 205 70 living,
943 1616 111 52 and
1097 1634 32 34 a
1172 1616 268 53 selection
1485 1614 152 55 from
1680 1616 167 54 other
1887 1617 201 54 stories

81 1694 229 53 written
345 1692 194 54 before
578 1695 113 52 and
728 1693 214 70 during
978 1694 96 53 the
1110 1699 162 64 great
1312 1713 135 36 war,
1485 1694 142 53 with
1665 1714 31 33 a
1736 1692 113 55 few
1886 1714 204 50 verses,

79 1772 75 64 by
202 1770 308 56 Catherine
557 1770 251 55 Greaves
855 1771 192 65 Addy.
1137 1772 261 64 London,
1450 1771 288 65 Simpkin,
1787 1773 303 63 Marshall,

80 1850 221 53 limited
357 1852 152 65 [1928]

149 1930 996 49 vi, 249 p. front. (port.) plates. 19 ᶜᵐ.
89 1999 1999 54 © 1c. Mar. 8, 1929; A ad int. 12400; pubd. Jan. 8; C. G. Addy, London.
165 2059 252 49 (29-7203)

85 2168 317 53 American
442 2168 214 64 digest.

87 2246 1976 146 … Third decennial edition of the American digest; a complete digest
478 2324 1612 72 of all reported cases from 1916 to 1926 … [v. 19,
85 2406 82 53 20,
194 2406 85 64 21]
351 2402 82 53 St.
463 2404 166 66 Paul,
656 2404 158 53 West
845 2403 336 71 publishing
1209 2423 98 48 co.,
1340 2408 151 50 1929.

151 2485 218 41 3 V. 26 ᶜᵐ.
435 2579 95 16 CONTENTS.—v.
556 2554 71 42 19.
653 2557 187 39 Master
857 2558 95 38 and
971 2557 423 41 servant*-Mines
1416 2560 96 38 and
1536 2559 259 41 minerals*
1823 2560 272 41 159-420.—

84 2622 42 29 V.
164 2610 72 42 20.
272 2612 684 49 Miscegenation-Municipal
991 2614 459 47 corporations.—v.
1489 2613 71 42 21.
1597 2616 431 42 Names-Patcnts.

85 2665 2002 55 V. 19, © Feb. 20. 1929; v. 20. © Feb. 21; v. 21, © Feb. 23; 1c. each
155 2725 123 40 Mar.
307 2726 26 40 8;
390 2726 108 40 affs.
527 2727 122 40 Mar.
679 2727 27 37 9;
762 2727 41 39 A
829 2727 263 41 4791-4793;
1152 2729 135 39 West
1317 2729 109 48 pub.
1456 2739 67 31 co.

87 2832 317 54 American
444 2834 279 53 institute
763 2835 64 52 of
864 2835 231 65 mining
1131 2838 114 51 and
1285 2837 435 65 metallurgical
1758 2840 333 63 engineers.

155 2911 406 54 Transactions
586 2911 64 53 of
673 2913 94 52 the
792 2912 309 54 American
1126 2915 263 53 institute
1414 2914 65 54 of
1502 2916 225 70 mining
1752 2918 114 52 and
85 2918 1981 138 metallurgical

364 2990 292 67 engineers
704 2990 458 70 (incorporated)
1246 3012 50 33 v.
1336 2993 81 53 76.
1492 2993 355 72 Containing
1883 3014 208 51 papers

86 3067 112 52 and
226 3067 343 54 discussions
598 3069 300 67 presented
927 3075 59 47 at
1012 3071 279 68 meetings
1319 3071 131 53 held
1479 3071 60 53 in
1568 3073 139 52 New
1737 3073 181 60 York,
86 3073 1979 139 February,

310 3148 161 54 1928;
504 3146 430 69 Philadelphia,
965 3147 192 68 April,
1190 3152 164 60 1928;
1389 3150 236 66 Boston,
1655 3150 249 70 August,
1939 3155 152 66 1928,

87 3223 112 51 and
234 3223 113 52 Los
383 3223 266 69 Angeles,
688 3222 351 70 September,
1079 3229 148 51 1928.
1303 3227 140 53 New
1482 3228 180 67 York,
1699 3229 69 53 N.
1808 3231 92 65 Y.,
87 3229 1977 123 Published
300 3300 73 63 by

403 3301 96 53 the
531 3301 292 69 Institute,
856 3305 151 51 1928.

156 3383 885 50 755 p. illus., tables, diagrs. 23½ ᶜᵐ.
90 3447 2000 65 © Feb. 1, 1929; 1c. and aff. Mar. 5; A 5670; Amer. institute of mining
156 3508 36 40 &
222 3510 360 48 metallurgical
614 3511 267 49 engineers,
913 3512 91 42 inc.

83 3616 236 65 Applin,
353 3618 252 57 Arthur.

154 3692 589 73 Luxury-unlimited,
783 3698 77 70 by
901 3699 227 53 Arthur
1169 3700 244 68 Applin.
1494 3703 277 68 [London]
1819 3705 186 54 Hurst
2048 3708 46 50 &

86 3769 283 70 Blackett,
399 3773 105 53 ltd.
562 3777 153 65 [1929]

154 3853 720 53 2 p. l., 9-287, [1] p. 19½ᶜᵐ.
92 3903 1998 67 © 1c. Mar. 12, 1929; A ad int. 12419; pubd. Jan. 18; A. Applin, London.
166 3965 253 53 (29-7296)
