2542 4389
1044 4049 133 50 1319

110 470 69 40 La
219 469 238 42 tradition
494 469 349 39 manzonienne
881 471 48 37 et
966 469 48 40 la
1054 467 311 41 renaissance
1404 469 83 38 des
1525 467 170 40 lettres
1735 465 378 48 catholiques.—

111 526 308 40 Ferdinando
457 525 225 40 Paolieri.
698 548 59 4 —
778 524 227 42 Salvator
1042 524 162 41 Gotta.
1220 547 60 4 —
1297 523 90 40 Les
1421 522 273 42 conditions
1729 523 65 39 du
1831 523 207 39 théâtre.
2056 544 57 6 —

114 576 1998 56 Ercole Luigi Morselli.—Une enqu ê te pr é fasciste.—Une enquete sur le
109 637 242 41 fascisme.

116 688 1798 57 © Apr. 29, 1929; 1c. June 7; A —Foreign 3454; Jules Tallandier.
195 748 281 51 (29-18114)

116 842 238 63 Gibson,
384 843 205 63 Henry
615 841 279 65 Richard,
923 844 170 54 1837-

186 920 263 57 Gibson’s
479 922 141 53 suits
651 922 59 51 in
739 922 278 69 chancery
1034 940 11 47 ;
1078 938 32 34 a
1138 920 232 54 treatise
1398 921 214 70 setting
1641 921 162 53 forth
1830 922 97 52 the
113 916 1976 156 principles,
342 998 319 71 pleadings,
698 1000 267 67 practice,
1003 999 199 69 proofs
1240 1001 114 52 and
1390 1017 282 52 processes
1710 1000 65 52 of
1810 1000 98 53 the
113 995 1978 154 jurisprudence
424 1077 65 55 of
513 1077 210 69 equity,
751 1077 140 52 with
918 1076 349 55 illustrative
1293 1077 181 54 forms
1500 1076 65 56 of
1591 1078 318 68 pleadings,
1934 1077 179 67 writs,

114 1157 212 67 orders,
353 1160 239 64 reports,
620 1156 220 53 decrees
868 1155 113 53 and
1010 1155 163 53 other
1199 1157 372 69 proceedings
1598 1157 60 52 in
1684 1156 142 54 suits
1854 1157 61 51 in
117 1154 1970 151 chancery
278 1233 153 54 from
461 1233 149 54 their
639 1233 315 69 beginning
983 1236 59 51 to
1070 1233 151 53 their
1251 1234 214 68 ending
1495 1234 113 54 and
1635 1252 172 50 many
1837 1233 278 69 practical

115 1308 1937 75 suggestions for solicitors and masters, by Henry R. Gibson …
118 1386 1931 76 3d ed., rev. and brought to date by John A. Chambliss …
115 1467 309 55 Cleveland
468 1468 112 52 and
622 1467 331 69 Louisville,
996 1468 122 52 The
1160 1467 271 53 Baldwin
1472 1469 110 52 law
1623 1467 147 53 book
1812 1487 300 52 company,

114 1547 150 51 1929.

178 1625 117 41 1320
323 1636 43 38 p.
424 1624 145 42 23½ᶜᵐ.

179 1681 228 41 Lettered
435 1692 60 29 on
524 1692 166 30 cover:
720 1682 262 48 Perpetual
1010 1681 212 42 revision
1248 1682 199 41 edition.

181 1739 226 39 Includes
448 1749 27 29 a
515 1739 129 39 table
685 1738 52 40 of
775 1740 205 46 parallel
1021 1739 275 40 references
1335 1739 220 49 showing
1593 1741 159 40 where
1790 1743 84 39 the
1913 1743 198 41 various

109 1794 211 42 sections
358 1795 51 40 of
447 1797 81 37 the
565 1795 173 40 official
778 1795 127 41 Code
943 1794 53 42 of
1031 1795 115 41 1858
1184 1806 84 30 are
1305 1796 153 41 found
1497 1797 48 40 in
1587 1798 270 41 Shannon’s
1896 1799 127 41 Code
2059 1801 53 40 of

108 1852 283 48 Tennessee,
419 1850 127 43 1917.

179 1908 310 43 Cumulative
523 1910 331 47 supplements
888 1908 101 41 will
1024 1910 58 40 be
1115 1910 165 41 issued
1316 1913 96 38 and
1448 1911 232 50 designed
1714 1916 49 38 to
1800 1913 54 41 fit
1890 1913 103 41 into
2028 1916 84 39 the

109 1967 260 47 Perpetual
400 1964 212 43 revision
642 1966 172 48 pocket
846 1968 52 38 at
930 1966 83 41 the
1044 1967 121 40 back
1197 1967 51 40 of
1280 1969 83 39 the
1393 1969 205 42 volume,
1659 1970 60 48 cf.
1755 1971 130 40 Pref.

180 2023 134 40 First
346 2023 96 40 and
474 2024 174 39 second
681 2022 211 41 editions
924 2022 256 50 published
1216 2026 153 39 under
1405 2025 135 41 title:
1577 2027 40 39 A
1651 2028 205 40 treatise
1891 2040 60 28 on
1986 2029 125 41 suits

107 2079 51 41 in
186 2081 252 47 chancery.

113 2133 52 52 ©
198 2138 116 47 July
344 2137 70 48 29,
449 2136 139 47 1929;
624 2137 67 41 2c.
726 2138 96 39 and
855 2137 82 40 aff.
971 2136 121 50 Aug.
1125 2139 82 46 22;
1244 2139 40 39 A
1319 2139 170 48 11809;
1526 2140 215 43 William
1778 2144 52 39 E.
1867 2143 239 47 Baldwin,

180 2193 275 42 Cleveland.
521 2193 281 49 (29-18200)

110 2287 245 64 Gilbert,
389 2288 274 53 Edouard
696 2288 167 55 Jean.

242 2364 1864 76 … Les livres du mycologue … Paris, E. Le Frangois, 1928.
177 2447 26 39 1
268 2479 8 9 v.
334 2447 148 42 18½ᶜᵐ.

180 2504 64 39 At
269 2503 124 40 head
421 2502 53 42 of
501 2503 134 42 title:
667 2505 51 38 E.
748 2504 44 41 J.
822 2504 203 43 Gilbert.

111 2562 1993 60 © Nov. 12, 1928; 1c. Jan. 19, 1929; A—Foreign 1547; E. J. Gilbert.
181 2623 156 40 Paris.
402 2621 251 52 (29-9027)

112 2702 263 65 Gilliard,
406 2701 220 68 Pierre,
659 2707 170 52 1879-

110 2782 1973 135 … La fausse Anastasie, histoire d’une prétendue grandeduchesse
428 2863 68 51 de
546 2862 217 54 Russie.
838 2863 157 55 Avec
1043 2868 66 49 43
1160 2865 382 58 illustrations
1589 2870 132 53 hors
1772 2874 151 49 texte
1974 2876 54 46 et
2076 2874 35 49 4

111 2938 207 54 clichés
344 2939 143 55 dans
514 2941 51 51 le
590 2946 167 47 texte.
833 2940 186 69 Paris,
1046 2943 206 69 Payot,
1283 2947 149 53 1929.

174 3018 1932 60 2 p. l., [7]-216 p. illus., plates, ports., facsims. 23ᶜᵐ. (Collection
105 3074 2001 57 d'etudes, de documents et de tömoignages pour servir à l’histoire de
104 3134 139 37 notre
271 3130 181 50 temps)

175 3186 1706 57 At head of title: Pierre Gilliard … [et] Constantin Savitch.
111 3238 1496 62 © Mar. 6, 1929; 1c. June 7; A—Foreign 3490; Payot.
188 3298 280 50 (29-18112)

113 3375 222 66 Glaive,
365 3374 216 58 White.

181 3454 299 70 Whispers
507 3457 59 52 in
593 3457 95 53 the
713 3457 219 54 silence.

202 3535 75 41 1 V.
111 3586 1994 113 © 1c. Nov. 25, 1927; A ad int. 10290; pubd. Nov. 11; Una T. Money-Shewan,
430 3649 212 41 London.

111 3725 212 66 Goode,
352 3727 277 54 Kenneth
658 3730 404 65 Mackarness,
1094 3738 171 50 1880-

109 3804 1999 168 How to turn people into gold, by Kenneth M. Goode … foreword by E. St. Elmo Lewis. New York and London, Harper
107 3963 45 51 &
177 3960 279 71 brothers,
488 3965 148 52 1929.
