2582 4377
1344 4017 101 50 100

450 460 86 40 145
564 472 44 37 p.
667 460 144 49 illus.,
843 461 180 48 diagrs.
1082 462 147 39 23½ᶜᵐ.

451 517 42 40 A
519 517 312 48 symposium,
890 518 63 49 cf.
981 528 44 37 p.
1050 517 42 41 3.

375 570 1997 52 © Jan. 15, 1929; 2c. and aff. Jan. 24; A 4023; McGraw-Hill pub. co.. inc.
457 630 252 49 (29-2898)

382 710 330 55 Children’s
747 710 96 53 aid
878 710 116 53 and
1030 710 227 64 society
1293 710 96 52 for
1423 709 103 53 the
1564 708 348 65 prevention
1947 708 64 53 of
2047 707 231 64 cruelty
2311 710 61 50 to

449 787 263 54 children
742 787 64 54 of
832 788 139 53 Erie
999 789 252 62 County,
1279 788 75 55 N.
1381 787 91 63 Y.,
1500 787 250 68 Buffalo.

452 864 266 55 “Buffalo
750 866 159 53 looks
942 872 59 47 at
1033 866 75 53 its
1139 864 266 54 movies.”
1474 864 253 69 Buffalo,
1758 868 69 52 N.
1863 865 91 66 Y.,
1986 864 144 53 Pub.
2163 864 213 69 jointly

379 943 76 70 by
484 943 268 56 Juvenile
781 944 313 69 protective
1125 944 381 68 department,
1538 942 322 56 Children’s
1893 942 95 56 aid
2019 943 113 54 and
2165 943 211 70 society

383 1022 95 54 for
503 1023 97 53 the
627 1024 337 67 prevention
991 1023 66 53 of
1081 1025 221 67 cruelty
1328 1031 59 47 to
1415 1023 260 53 children
1703 1022 66 54 of
1796 1023 136 53 Erie
1961 1022 246 70 County,
2235 1022 140 52 New

381 1101 181 67 York,
595 1102 113 52 and
745 1100 189 56 Social
966 1101 212 53 service
1211 1101 320 53 committee
1566 1100 66 54 of
1661 1101 96 55 the
1793 1100 231 54 Buffalo
2058 1101 220 53 council
2312 1100 65 54 of

377 1179 288 68 churches,
705 1182 150 52 1929.

455 1260 57 40 56
543 1271 43 37 p.
645 1259 131 41 illus.
834 1260 148 41 26½ᶜᵐ.

459 1316 130 40 “The
627 1316 273 40 conditions
940 1317 155 39 under
1133 1315 158 41 which
1331 1316 195 48 moving
1565 1317 216 48 pictures
1819 1327 84 30 are
1941 1317 143 48 being
2123 1317 166 40 shown
2332 1317 48 40 in

386 1372 210 48 Buffalo,
627 1383 28 29 a
685 1372 273 41 discussion
988 1371 52 41 of
1068 1372 84 40 the
1179 1372 157 41 movie
1364 1373 51 39 in
1446 1373 64 40 its
1540 1373 210 40 relation
1782 1375 49 39 to
1861 1374 234 47 children,
2126 1374 96 40 and
2252 1384 131 30 some

385 1429 317 49 possibilities
735 1429 81 41 for
850 1429 83 40 the
965 1428 409 42 future.”—Pref.

385 1483 51 52 ©
469 1487 110 41 Jan.
609 1487 70 47 28,
711 1487 141 46 1929;
886 1487 68 40 2c.
987 1487 110 40 Jan.
1127 1487 83 46 23;
1243 1486 71 40 aff
1318 1519 8 7 .
1359 1487 109 40 Jan.
1501 1487 82 42 29;
1618 1487 42 39 A
1689 1488 143 46 4131;
1869 1488 270 40 Children’s
2172 1488 82 40 aid
2287 1490 95 38 and

452 1543 183 48 society
675 1543 80 40 for
795 1543 83 40 the
919 1542 285 49 prevention
1247 1543 52 40 of
1340 1545 188 46 cruelty
1572 1546 48 38 to
1663 1544 220 40 children
1927 1545 51 39 of
2021 1544 115 41 Erie
2180 1545 204 48 County,

451 1599 57 42 N.
538 1601 69 48 Y.,
638 1599 211 41 Buffalo.
918 1598 251 51 (29-3192)

379 1681 211 64 Ching,
623 1681 221 54 James.

455 1758 317 69 Sidelights
801 1778 72 33 on
901 1759 188 66 touch,
1117 1759 262 68 together
1404 1759 141 52 with
1577 1763 97 50 101
1703 1760 287 68 questions
2019 1761 242 52 suitable
2293 1760 93 53 for

383 1836 331 53 candidates
750 1837 277 68 studying
1063 1835 95 54 for
1195 1837 96 53 the
1327 1837 331 68 pianoforte
1695 1838 268 69 teaching
2001 1838 283 68 diplomas
2323 1838 64 53 of

383 1914 97 53 the
506 1914 72 53 A.
608 1915 68 52 R.
707 1914 62 54 C.
798 1915 100 67 M.,
924 1915 64 52 L.
1018 1915 67 52 R.
1116 1915 71 53 A.
1216 1916 99 66 M.,
1341 1916 65 51 L.
1437 1915 168 68 Mus.,
1634 1916 65 52 T.
1732 1914 63 55 C.
1825 1916 85 67 L.,
1940 1921 119 62 etc.,
2087 1916 77 68 by
2193 1916 193 54 James

385 1983 1938 79 Ching … London, Manchester, Forsyth brothers, ltd., 1929.
454 2074 57 41 50
540 2086 43 37 p.
643 2074 130 41 illus.
801 2074 134 48 (incl.
966 2075 180 49 music)
1186 2075 181 49 diagrs.
1426 2076 118 41 31ᶜᵐ.

388 2126 1998 55 © 1c. Feb. 2, 1929; A ad int. 12291; pubd. Jan. 22; Forsyth brothers,
454 2188 88 41 ltd.

388 2267 200 66 Clapp,
624 2269 199 52 Frank
858 2269 210 65 Leslie,
1106 2270 172 55 1877-

456 2345 405 53 Introduction
893 2351 57 47 to
985 2347 319 68 education,
1336 2346 75 70 by
1442 2347 199 53 Frank
1670 2349 65 51 L.
1771 2348 208 69 Clapp,
2010 2350 290 68 Wayland
2332 2351 57 54 J.

388 2422 2002 72 Chase and Curtis Merriman … Boston, New York [etc.] Ginn
387 2502 658 69 and company [ ᶜ192 9]
456 2584 1389 52 xix, 569 p. illus., maps (1 double) diagrs. 21½ ᶜᵐ .
459 2641 351 49 Bibliography
839 2644 52 39 at
919 2643 93 39 end
1041 2643 52 40 of
1121 2643 119 40 each
1269 2643 217 48 chapter.

393 2694 51 52 ©
479 2699 110 40 Jan.
621 2700 41 47 2,
695 2699 141 46 1929;
871 2700 67 39 2c.
974 2699 109 41 Jan.
1117 2699 82 47 25;
1237 2699 82 41 aff.
1355 2700 110 40 Jan.
1498 2700 84 46 21;
1621 2700 39 39 A
1694 2700 114 40 3906
1826 2711 8 31 :
1874 2701 51 40 F.
1961 2701 51 39 L.
2050 2701 166 49 Clapp,
2251 2703 141 47 Way-

459 2756 116 39 land
608 2754 43 42 J.
688 2755 157 41 Chase
877 2757 96 38 and
1008 2755 166 41 Curtis
1209 2756 280 44 Merriman,
1526 2757 238 40 Madison.
1837 2757 252 49 (29-2923)

388 2834 200 64 Coate,
624 2833 216 54 Lowell
875 2835 235 55 Harris.

390 2913 1977 145 The patriotism of peace, by Lowell Harris Coate … Newllano,
594 2992 120 66 La.,
746 2992 183 53 Llano
963 2991 402 69 publications,
1402 2996 132 50 1929.

459 3074 574 48 3 p. l., 153 p. 17½ ᶜᵐ .
394 3126 51 52 ©
469 3130 110 40 Jan.
603 3130 69 41 19,
698 3130 140 46 1929;
864 3131 67 41 2c.
956 3132 96 39 and
1078 3130 81 43 aff.
1185 3132 110 40 Jan.
1320 3132 82 45 28;
1429 3132 40 38 A
1493 3132 142 47 3962;
1663 3133 51 40 L.
1739 3134 61 39 H.
1827 3133 163 48 Coate,
2015 3134 265 47 Newllano,
2308 3136 84 40 La.

473 3186 251 49 (29-3142)

391 3266 232 64 Coates,
655 3266 227 54 Walter
912 3267 175 55 John.

460 3345 1873 73 Land of Allen, and other verse, by Walter John Coates …
390 3422 181 53 Athol
605 3423 206 67 [Mass.]
846 3424 89 54 W.
965 3425 148 52 Paul
1145 3426 173 67 Cook,
1350 3430 149 50 1928.

464 3503 1179 53 vi p., 2 l., 3-96, [2] p. front. (port.) 24 ᶜᵐ .
398 3557 51 52 ©
478 3562 112 41 Dec.
619 3563 39 47 8,
687 3562 141 46 1928;
858 3563 68 39 2c.
955 3565 96 38 and
1079 3564 82 40 aff.
1191 3565 110 40 Jan.
1330 3566 70 47 28,
1429 3565 142 47 1929;
1602 3566 42 39 A
1671 3566 141 47 3969;
1844 3569 72 39 W.
1946 3568 44 40 J.
2021 3567 188 49 Coates,
2238 3569 157 40 North

466 3618 304 48 Montpelier,
802 3619 76 40 Vt.
949 3620 251 48 (29-2951)

392 3697 179 65 Cody,
612 3697 339 55 Alexander
987 3700 55 54 J.

466 3777 338 54 Enchanted
853 3786 308 48 casements
1211 3782 112 52 and
1372 3783 163 52 other
1581 3801 210 50 poems,
1839 3784 76 66 by
1962 3784 331 54 Alexander
2339 3785 57 54 J.

396 3853 179 70 Cody,
647 3899 9 9 S.
735 3899 9 9 J.
827 3854 199 68 [Santa
1067 3857 190 57 Clara.
1298 3857 196 69 Calif.]
1543 3859 83 56 St.
1668 3860 266 69 Ignatius
1973 3864 211 67 college
2222 3882 175 49 press,

396 3935 150 51 1928.
