<alto xmlns="http://www.loc.gov/standards/alto/ns-v3#" xmlns:xlink="http://www.w3.org/1999/xlink" xmlns:xsi="http://www.w3.org/2001/XMLSchema-instance" xsi:schemaLocation="http://www.loc.gov/standards/alto/ns-v3# http://www.loc.gov/alto/v3/alto-3-0.xsd"><Description>
<MeasurementUnit>pixel</MeasurementUnit>
<sourceImageInformation>
<fileName>1929_v26_part001.pdf</fileName>
</sourceImageInformation>
<OCRProcessing ID="IdOcr">
<ocrProcessingStep>
<processingDateTime>2019-04-18</processingDateTime>
<processingSoftware>
<softwareCreator>ABBYY</softwareCreator>
<softwareName>ABBYY Recognition Server</softwareName>
<softwareVersion>4.0</softwareVersion>
</processingSoftware>
</ocrProcessingStep>
</OCRProcessing>
</Description>
<Styles>
<ParagraphStyle ID="StyleId-FFFFFFFF-FFFF-FFFF-FFFF-FFFFFFFFFFFF-" ALIGN="Left" LEFT="0." RIGHT="0." FIRSTLINE="0."/>
<ParagraphStyle ID="StyleId-11A520CB-49B0-4D42-A675-089886D5B704-" ALIGN="Center" LEFT="0." RIGHT="0." FIRSTLINE="0." LINESPACE="7.699999809"/>
<ParagraphStyle ID="StyleId-2AEC4724-E584-48A1-8E6D-86B1AA154223-" ALIGN="Left" LEFT="0." RIGHT="0." FIRSTLINE="0." LINESPACE="12.19999981"/>
<ParagraphStyle ID="StyleId-5ADCDE1D-F34B-405C-A765-E9B51F6229BD-" ALIGN="Left" LEFT="0." RIGHT="0." FIRSTLINE="-13." LINESPACE="8.050000191"/>
<ParagraphStyle ID="StyleId-D0AEFB96-F81D-4367-8545-C0AC945FA34C-" ALIGN="Block" LEFT="0." RIGHT="0." FIRSTLINE="-13." LINESPACE="8.899999619"/>
<ParagraphStyle ID="StyleId-9A3BB592-4BA4-4F85-B157-B9A7F1FC9680-" ALIGN="Left" LEFT="0." RIGHT="0." FIRSTLINE="0."/>
<ParagraphStyle ID="StyleId-E9D6144A-CFDC-4919-911D-02B0461DB967-" ALIGN="Left" LEFT="0." RIGHT="0." FIRSTLINE="-13." LINESPACE="23.43000031"/>
<ParagraphStyle ID="StyleId-EEECFC68-AAC5-42B1-B3BF-987799B5B74A-" ALIGN="Block" LEFT="0." RIGHT="0." FIRSTLINE="0." LINESPACE="23.43000031"/>
<ParagraphStyle ID="StyleId-98D20B11-A9BB-4FAB-8DC8-DC8C43F3755E-" ALIGN="Left" LEFT="0." RIGHT="0." FIRSTLINE="0." LINESPACE="10.5"/>
<ParagraphStyle ID="StyleId-C279DBAD-2656-4352-93E6-C942618B09B1-" ALIGN="Block" LEFT="0." RIGHT="0." FIRSTLINE="-13." LINESPACE="8.770000458"/>
<ParagraphStyle ID="StyleId-A539B2D0-654F-45BA-9385-D7E681D9BD87-" ALIGN="Block" LEFT="0." RIGHT="0." FIRSTLINE="0." LINESPACE="8.18999958"/>
<ParagraphStyle ID="StyleId-CFE66565-54F2-45CF-9511-65151219B0BC-" ALIGN="Left" LEFT="0." RIGHT="0." FIRSTLINE="-12." LINESPACE="12.19999981"/>
<ParagraphStyle ID="StyleId-37B60A95-D7B9-4720-9D46-F2E763AAD699-" ALIGN="Block" LEFT="0." RIGHT="0." FIRSTLINE="0." LINESPACE="12.19999981"/>
<ParagraphStyle ID="StyleId-255154CA-71AA-47B9-A5EB-ED90642010CE-" ALIGN="Block" LEFT="0." RIGHT="0." FIRSTLINE="13." LINESPACE="7.900000095"/>
<ParagraphStyle ID="StyleId-4618FB06-20CA-4F95-9CA2-829603EE887D-" ALIGN="Block" LEFT="0." RIGHT="0." FIRSTLINE="0." LINESPACE="10."/>
<ParagraphStyle ID="StyleId-61F9B98E-BA82-4DCF-809A-0C5481162321-" ALIGN="Left" LEFT="0." RIGHT="0." FIRSTLINE="-13." LINESPACE="8.479999542"/>
<ParagraphStyle ID="StyleId-16A4FB0C-4CB7-44C8-846E-AF89DD76FC73-" ALIGN="Left" LEFT="0." RIGHT="0." FIRSTLINE="0." LINESPACE="11.10000038"/>
<ParagraphStyle ID="StyleId-8CC01B24-9D1D-45D5-B954-83ECA9EA3425-" ALIGN="Left" LEFT="0." RIGHT="0." FIRSTLINE="-13." LINESPACE="8.050000191"/>
<ParagraphStyle ID="StyleId-3DB8CD3F-AD17-4DD7-8361-787A6A426C72-" ALIGN="Block" LEFT="0." RIGHT="0." FIRSTLINE="13." LINESPACE="7.900000095"/>
</Styles>
<Layout>
<Page ID="Page2206" PHYSICAL_IMG_NR="2206" HEIGHT="4342" WIDTH="2533">
<TopMargin HEIGHT="338" WIDTH="2533" VPOS="0" HPOS="0">
</TopMargin>
<LeftMargin HEIGHT="3762" WIDTH="324" VPOS="338" HPOS="0">
</LeftMargin>
<RightMargin HEIGHT="3762" WIDTH="152" VPOS="338" HPOS="2381">
</RightMargin>
<BottomMargin HEIGHT="242" WIDTH="2533" VPOS="4100" HPOS="0">
</BottomMargin>
<PrintSpace HEIGHT="3762" WIDTH="2057" VPOS="338" HPOS="324">
<TextBlock ID="Page2206_Block1" HEIGHT="79" WIDTH="166" VPOS="4021" HPOS="1328" LANG="en-US" STYLEREFS="StyleId-875F9287-0087-4BB9-8122-60810BCECEDF-">
<Shape>
<Polygon POINTS="1444,4021 1492,4021 1492,4027 1493,4027 1493,4080 1494,4080 1494,4096 1493,4096 1493,4097 1445,4097 1445,4098 1392,4098 1392,4099 1339,4099 1339,4100 1330,4100 1330,4083 1329,4083 1329,4029 1328,4029 1328,4024 1337,4024 1337,4023 1391,4023 1391,4022 1444,4022 1444,4021"/>
</Shape>
<TextLine HEIGHT="55" WIDTH="144" VPOS="4033" HPOS="1340">
<String CONTENT="2206" HEIGHT="55" WIDTH="144" VPOS="4033" HPOS="1340"/>
</TextLine>
</TextBlock>
<TextBlock ID="Page2206_Block2" HEIGHT="1074" WIDTH="2057" VPOS="338" HPOS="324" LANG="de" CS="1" STYLEREFS="StyleId-96EE4CA2-9282-440F-A797-CF8C9DC03289-">
<Shape>
<Polygon POINTS="2311,338 2361,338 2361,354 2362,354 2362,408 2363,408 2363,461 2364,461 2364,514 2365,514 2365,567 2366,567 2366,620 2367,620 2367,673 2368,673 2368,726 2369,726 2369,779 2370,779 2370,832 2371,832 2371,885 2372,885 2372,939 2373,939 2373,992 2374,992 2374,1045 2375,1045 2375,1098 2376,1098 2376,1151 2377,1151 2377,1204 2378,1204 2378,1257 2379,1257 2379,1310 2380,1310 2380,1363 2381,1363 2381,1373 2374,1373 2374,1374 2321,1374 2321,1375 2268,1375 2268,1376 2215,1376 2215,1377 2162,1377 2162,1378 2109,1378 2109,1379 2056,1379 2056,1380 2003,1380 2003,1381 1949,1381 1949,1382 1896,1382 1896,1383 1843,1383 1843,1384 1790,1384 1790,1385 1737,1385 1737,1386 1684,1386 1684,1387 1631,1387 1631,1388 1578,1388 1578,1389 1525,1389 1525,1390 1472,1390 1472,1391 1418,1391 1418,1392 1365,1392 1365,1393 1312,1393 1312,1394 1259,1394 1259,1395 1206,1395 1206,1396 1153,1396 1153,1397 1100,1397 1100,1398 1047,1398 1047,1399 994,1399 994,1400 941,1400 941,1401 887,1401 887,1402 834,1402 834,1403 781,1403 781,1404 728,1404 728,1405 675,1405 675,1406 622,1406 622,1407 569,1407 569,1408 516,1408 516,1409 463,1409 463,1410 410,1410 410,1411 356,1411 356,1412 343,1412 343,1384 342,1384 342,1330 341,1330 341,1277 340,1277 340,1224 339,1224 339,1171 338,1171 338,1118 337,1118 337,1065 336,1065 336,1012 335,1012 335,959 334,959 334,906 333,906 333,853 332,853 332,799 331,799 331,746 330,746 330,693 329,693 329,640 328,640 328,587 327,587 327,534 326,534 326,481 325,481 325,428 324,428 324,376 346,376 346,375 399,375 399,374 452,374 452,373 505,373 505,372 558,372 558,371 611,371 611,370 665,370 665,369 718,369 718,368 771,368 771,367 824,367 824,366 877,366 877,365 930,365 930,364 983,364 983,363 1036,363 1036,362 1089,362 1089,361 1142,361 1142,360 1196,360 1196,359 1249,359 1249,358 1302,358 1302,357 1355,357 1355,356 1408,356 1408,355 1461,355 1461,354 1514,354 1514,353 1567,353 1567,352 1620,352 1620,351 1673,351 1673,350 1727,350 1727,349 1780,349 1780,348 1833,348 1833,347 1886,347 1886,346 1939,346 1939,345 1992,345 1992,344 2045,344 2045,343 2098,343 2098,342 2151,342 2151,341 2204,341 2204,340 2258,340 2258,339 2311,339 2311,338"/>
</Shape>
<TextLine HEIGHT="76" WIDTH="550" VPOS="375" HPOS="337" STYLEREFS="StyleId-875F9287-0087-4BB9-8122-60810BCECEDF-">
<String CONTENT="Zoff," HEIGHT="68" WIDTH="147" VPOS="383" HPOS="337"/>
<SP HEIGHT="66" WIDTH="32" VPOS="382" HPOS="484"/>
<String CONTENT="Otto," HEIGHT="68" WIDTH="163" VPOS="379" HPOS="516"/>
<SP HEIGHT="59" WIDTH="34" VPOS="385" HPOS="679"/>
<String CONTENT="1890-" HEIGHT="55" WIDTH="174" VPOS="380" HPOS="713"/>
</TextLine>
<TextLine HEIGHT="106" WIDTH="1944" VPOS="422" HPOS="406" STYLEREFS="StyleId-06A39129-ABA2-4008-9243-0AB69D59C612-">
<String CONTENT="Die" HEIGHT="55" WIDTH="112" VPOS="460" HPOS="406"/>
<SP HEIGHT="54" WIDTH="31" VPOS="459" HPOS="518"/>
<String CONTENT="liebenden," HEIGHT="74" WIDTH="317" VPOS="452" HPOS="549"/>
<SP HEIGHT="50" WIDTH="32" VPOS="470" HPOS="866"/>
<String LANG="fr" CONTENT="roman" HEIGHT="39" WIDTH="201" VPOS="465" HPOS="898"/>
<SP HEIGHT="34" WIDTH="32" VPOS="465" HPOS="1099"/>
<String CONTENT="von" HEIGHT="36" WIDTH="113" VPOS="463" HPOS="1131"/>
<SP HEIGHT="56" WIDTH="32" VPOS="443" HPOS="1244"/>
<String CONTENT="Otto" HEIGHT="58" WIDTH="140" VPOS="440" HPOS="1276"/>
<SP HEIGHT="52" WIDTH="32" VPOS="442" HPOS="1416"/>
<String CONTENT="Zoff." HEIGHT="57" WIDTH="142" VPOS="437" HPOS="1448"/>
<SP HEIGHT="53" WIDTH="70" VPOS="437" HPOS="1590"/>
<String CONTENT="Berlin," HEIGHT="72" WIDTH="219" VPOS="432" HPOS="1660"/>
<SP HEIGHT="69" WIDTH="30" VPOS="431" HPOS="1879"/>
<String CONTENT="Volksverband" HEIGHT="63" WIDTH="441" VPOS="422" HPOS="1909"/>
</TextLine>
<TextLine HEIGHT="106" WIDTH="1797" VPOS="504" HPOS="339" STYLEREFS="StyleId-06A39129-ABA2-4008-9243-0AB69D59C612-" CS="1">
<String CONTENT="der" HEIGHT="56" WIDTH="103" VPOS="540" HPOS="339"/>
<SP HEIGHT="54" WIDTH="24" VPOS="539" HPOS="442"/>
<String CONTENT="b&#252;cherfreunde," HEIGHT="76" WIDTH="478" VPOS="527" HPOS="466"/>
<SP HEIGHT="68" WIDTH="28" VPOS="526" HPOS="943"/>
<String CONTENT="Wegweiser-verlag" HEIGHT="83" WIDTH="577" VPOS="515" HPOS="970"/>
<SP HEIGHT="53" WIDTH="27" VPOS="534" HPOS="1547"/>
<String CONTENT="g." HEIGHT="51" WIDTH="54" VPOS="534" HPOS="1574"/>
<SP HEIGHT="34" WIDTH="31" VPOS="533" HPOS="1628"/>
<String CONTENT="m." HEIGHT="36" WIDTH="72" VPOS="531" HPOS="1660"/>
<SP HEIGHT="54" WIDTH="30" VPOS="511" HPOS="1732"/>
<String CONTENT="b." HEIGHT="55" WIDTH="54" VPOS="510" HPOS="1762"/>
<SP HEIGHT="53" WIDTH="30" VPOS="510" HPOS="1816"/>
<String CONTENT="h." HEIGHT="53" WIDTH="57" VPOS="509" HPOS="1846"/>
<SP HEIGHT="34" WIDTH="37" VPOS="542" HPOS="1904"/>
<String STYLE="subscript" CONTENT="[" HEIGHT="35" WIDTH="14" VPOS="541" HPOS="1941"/>
<String STYLE="superscript" CS="1" CONTENT="&#7580;19"/>
<String CONTENT="29" HEIGHT="51" WIDTH="67" VPOS="507" HPOS="2048"/>
<String STYLE="subscript" CONTENT="]" HEIGHT="34" WIDTH="14" VPOS="538" HPOS="2122"/>
</TextLine>
<TextLine HEIGHT="58" WIDTH="390" VPOS="614" HPOS="408" CS="1">
<String CONTENT="381," HEIGHT="51" WIDTH="102" VPOS="620" HPOS="408"/>
<SP HEIGHT="31" WIDTH="35" VPOS="639" HPOS="511"/>
<String CONTENT="[1]" HEIGHT="50" WIDTH="56" VPOS="620" HPOS="546"/>
<SP HEIGHT="42" WIDTH="34" VPOS="627" HPOS="602"/>
<String CONTENT="p." HEIGHT="40" WIDTH="46" VPOS="626" HPOS="636"/>
<SP HEIGHT="42" WIDTH="57" VPOS="615" HPOS="682"/>
<String CONTENT="18" HEIGHT="42" WIDTH="59" VPOS="614" HPOS="739"/>
<String LANG="en-US" CS="1" CONTENT="&#189;"/>
<String STYLE="superscript" CS="1" CONTENT="&#7580;&#7504;."/>
</TextLine>
<TextLine HEIGHT="82" WIDTH="1704" VPOS="643" HPOS="413" CS="1">
<String CONTENT="&#8220;Dieses" HEIGHT="45" WIDTH="202" VPOS="675" HPOS="413"/>
<SP HEIGHT="30" WIDTH="36" VPOS="684" HPOS="615"/>
<String CONTENT="werk" HEIGHT="44" WIDTH="136" VPOS="670" HPOS="651"/>
<SP HEIGHT="41" WIDTH="37" VPOS="670" HPOS="787"/>
<String CONTENT="ist" HEIGHT="43" WIDTH="68" VPOS="668" HPOS="824"/>
<SP HEIGHT="38" WIDTH="38" VPOS="670" HPOS="892"/>
<String CONTENT="als" HEIGHT="43" WIDTH="78" VPOS="666" HPOS="930"/>
<SP HEIGHT="33" WIDTH="37" VPOS="674" HPOS="1008"/>
<String CONTENT="erster" HEIGHT="43" WIDTH="162" VPOS="663" HPOS="1045"/>
<SP HEIGHT="41" WIDTH="37" VPOS="661" HPOS="1207"/>
<String CONTENT="band" HEIGHT="44" WIDTH="130" VPOS="658" HPOS="1244"/>
<SP HEIGHT="40" WIDTH="40" VPOS="659" HPOS="1374"/>
<String CONTENT="der" HEIGHT="40" WIDTH="88" VPOS="658" HPOS="1414"/>
<SP HEIGHT="32" WIDTH="37" VPOS="665" HPOS="1502"/>
<String CONTENT="elften" HEIGHT="44" WIDTH="157" VPOS="652" HPOS="1539"/>
<SP HEIGHT="50" WIDTH="50" VPOS="651" HPOS="1696"/>
<String CONTENT="(allgemeinen)" HEIGHT="57" WIDTH="371" VPOS="643" HPOS="1746"/>
</TextLine>
<TextLine HEIGHT="143" WIDTH="1995" VPOS="641" HPOS="342" CS="1">
<String CONTENT="jahresreihe" HEIGHT="138" WIDTH="1995" VPOS="641" HPOS="342"/>
<SP HEIGHT="41" WIDTH="32" VPOS="735" HPOS="478"/>
<String CONTENT="f&#252;r" HEIGHT="42" WIDTH="87" VPOS="732" HPOS="510"/>
<SP HEIGHT="41" WIDTH="34" VPOS="731" HPOS="597"/>
<String CONTENT="die" HEIGHT="42" WIDTH="80" VPOS="729" HPOS="631"/>
<SP HEIGHT="32" WIDTH="32" VPOS="738" HPOS="711"/>
<String CONTENT="mitglieder" HEIGHT="54" WIDTH="284" VPOS="722" HPOS="743"/>
<SP HEIGHT="41" WIDTH="31" VPOS="722" HPOS="1027"/>
<String CONTENT="des" HEIGHT="41" WIDTH="88" VPOS="721" HPOS="1058"/>
<SP HEIGHT="41" WIDTH="31" VPOS="720" HPOS="1146"/>
<String CONTENT="Volksverbandes" HEIGHT="49" WIDTH="426" VPOS="711" HPOS="1177"/>
<SP HEIGHT="42" WIDTH="35" VPOS="710" HPOS="1603"/>
<String CONTENT="der" HEIGHT="41" WIDTH="92" VPOS="709" HPOS="1638"/>
<SP HEIGHT="40" WIDTH="32" VPOS="708" HPOS="1730"/>
<String CONTENT="b&#252;cherfreunde" HEIGHT="48" WIDTH="392" VPOS="700" HPOS="1762"/>
</TextLine>
<TextLine HEIGHT="142" WIDTH="1999" VPOS="698" HPOS="341" CS="1">
<String CONTENT="hergestellt" HEIGHT="137" WIDTH="1999" VPOS="698" HPOS="341"/>
<SP HEIGHT="39" WIDTH="24" VPOS="792" HPOS="479"/>
<String CONTENT="worden" HEIGHT="43" WIDTH="198" VPOS="787" HPOS="503"/>
<SP HEIGHT="30" WIDTH="24" VPOS="796" HPOS="702"/>
<String CONTENT="und" HEIGHT="42" WIDTH="100" VPOS="783" HPOS="726"/>
<SP HEIGHT="42" WIDTH="24" VPOS="782" HPOS="826"/>
<String CONTENT="wird" HEIGHT="43" WIDTH="126" VPOS="779" HPOS="850"/>
<SP HEIGHT="41" WIDTH="26" VPOS="779" HPOS="976"/>
<String CONTENT="nur" HEIGHT="31" WIDTH="96" VPOS="788" HPOS="1002"/>
<SP HEIGHT="29" WIDTH="23" VPOS="787" HPOS="1098"/>
<String CONTENT="an" HEIGHT="31" WIDTH="65" VPOS="786" HPOS="1121"/>
<SP HEIGHT="41" WIDTH="26" VPOS="775" HPOS="1186"/>
<String CONTENT="diese" HEIGHT="44" WIDTH="132" VPOS="771" HPOS="1212"/>
<SP HEIGHT="31" WIDTH="27" VPOS="782" HPOS="1344"/>
<String CONTENT="abgegeben.&#8221;" HEIGHT="56" WIDTH="320" VPOS="764" HPOS="1371"/>
</TextLine>
<TextLine HEIGHT="144" WIDTH="1990" VPOS="809" HPOS="352" CS="1">
<String CONTENT="&#169;" HEIGHT="52" WIDTH="53" VPOS="846" HPOS="352"/>
<SP HEIGHT="52" WIDTH="26" VPOS="845" HPOS="405"/>
<String CONTENT="Aug." HEIGHT="50" WIDTH="123" VPOS="847" HPOS="431"/>
<SP HEIGHT="41" WIDTH="24" VPOS="845" HPOS="554"/>
<String CONTENT="1," HEIGHT="48" WIDTH="41" VPOS="844" HPOS="578"/>
<SP HEIGHT="47" WIDTH="26" VPOS="844" HPOS="619"/>
<String CONTENT="1929;" HEIGHT="50" WIDTH="144" VPOS="839" HPOS="645"/>
<SP/>
<String CS="1" CONTENT="1c."/>
<SP/>
<String CONTENT="Oct." HEIGHT="45" WIDTH="104" VPOS="834" HPOS="914"/>
<SP HEIGHT="41" WIDTH="28" VPOS="835" HPOS="1018"/>
<String CS="1" CONTENT="2;" HEIGHT="39" WIDTH="27" VPOS="835" HPOS="1046"/>
<SP HEIGHT="46" WIDTH="30" VPOS="834" HPOS="1099"/>
<!-- cceid A8E45383-6CFA-1014-9C3C-CEA95E7AA542 --><String LANG="fr" CONTENT="A" HEIGHT="40" WIDTH="43" VPOS="833" HPOS="1129"/>
<String CONTENT="&#8212;Foreign" HEIGHT="53" WIDTH="273" VPOS="827" HPOS="1171"/>
<SP HEIGHT="41" WIDTH="24" VPOS="826" HPOS="1444"/>
<String CONTENT="4825;" HEIGHT="49" WIDTH="145" VPOS="823" HPOS="1468"/>
<SP HEIGHT="48" WIDTH="30" VPOS="822" HPOS="1613"/>
<String CONTENT="Volksverband" HEIGHT="49" WIDTH="372" VPOS="815" HPOS="1643"/>
<SP HEIGHT="41" WIDTH="27" VPOS="815" HPOS="2015"/>
<String CONTENT="der" HEIGHT="42" WIDTH="89" VPOS="814" HPOS="2042"/>
<SP HEIGHT="39" WIDTH="25" VPOS="815" HPOS="2131"/>
<String CONTENT="b&#252;cherfreunde," HEIGHT="143" WIDTH="1932" VPOS="809" HPOS="410"/>
</TextLine>
<TextLine HEIGHT="71" WIDTH="1107" VPOS="876" HPOS="658">
<String CONTENT="Weg" HEIGHT="50" WIDTH="121" VPOS="897" HPOS="658"/>
<SP HEIGHT="38" WIDTH="1" VPOS="906" HPOS="780"/>
<String CONTENT="weiser-verlag," HEIGHT="56" WIDTH="376" VPOS="888" HPOS="781"/>
<SP HEIGHT="37" WIDTH="24" VPOS="899" HPOS="1158"/>
<String CONTENT="g." HEIGHT="38" WIDTH="41" VPOS="898" HPOS="1183"/>
<SP HEIGHT="31" WIDTH="22" VPOS="898" HPOS="1225"/>
<String CONTENT="m." HEIGHT="32" WIDTH="61" VPOS="896" HPOS="1248"/>
<SP HEIGHT="40" WIDTH="24" VPOS="886" HPOS="1309"/>
<String CONTENT="b." HEIGHT="42" WIDTH="43" VPOS="885" HPOS="1333"/>
<SP HEIGHT="41" WIDTH="26" VPOS="885" HPOS="1376"/>
<String CONTENT="h." HEIGHT="41" WIDTH="46" VPOS="884" HPOS="1402"/>
<SP HEIGHT="50" WIDTH="62" VPOS="882" HPOS="1448"/>
<String CONTENT="(30-4758)" HEIGHT="55" WIDTH="255" VPOS="876" HPOS="1510"/>
</TextLine>
<TextLine HEIGHT="79" WIDTH="684" VPOS="985" HPOS="349" STYLEREFS="StyleId-875F9287-0087-4BB9-8122-60810BCECEDF-">
<String CONTENT="Zweig," HEIGHT="70" WIDTH="217" VPOS="994" HPOS="349"/>
<SP HEIGHT="65" WIDTH="26" VPOS="994" HPOS="566"/>
<String CONTENT="Stefan," HEIGHT="70" WIDTH="236" VPOS="989" HPOS="592"/>
<SP HEIGHT="59" WIDTH="30" VPOS="996" HPOS="828"/>
<String CONTENT="1881-" HEIGHT="52" WIDTH="175" VPOS="992" HPOS="858"/>
</TextLine>
<TextLine HEIGHT="106" WIDTH="1880" VPOS="1039" HPOS="485" STYLEREFS="StyleId-06A39129-ABA2-4008-9243-0AB69D59C612-" CS="1">
<String CS="1" CONTENT="&#8230;"/>
<SP HEIGHT="57" WIDTH="66" VPOS="1074" HPOS="485"/>
<String CONTENT="Joseph" HEIGHT="74" WIDTH="219" VPOS="1070" HPOS="551"/>
<SP HEIGHT="55" WIDTH="62" VPOS="1069" HPOS="770"/>
<String LANG="fr" CONTENT="Fouch&#233;;" HEIGHT="72" WIDTH="260" VPOS="1064" HPOS="832"/>
<SP HEIGHT="68" WIDTH="60" VPOS="1064" HPOS="1092"/>
<String CONTENT="bildnis" HEIGHT="57" WIDTH="217" VPOS="1060" HPOS="1152"/>
<SP HEIGHT="37" WIDTH="61" VPOS="1076" HPOS="1369"/>
<String CONTENT="eines" HEIGHT="57" WIDTH="151" VPOS="1054" HPOS="1430"/>
<SP HEIGHT="51" WIDTH="62" VPOS="1071" HPOS="1581"/>
<String CONTENT="politischen" HEIGHT="75" WIDTH="345" VPOS="1046" HPOS="1642"/>
<SP HEIGHT="36" WIDTH="58" VPOS="1065" HPOS="1987"/>
<String CONTENT="menschen." HEIGHT="60" WIDTH="319" VPOS="1040" HPOS="2045"/>
</TextLine>
<TextLine HEIGHT="88" WIDTH="873" VPOS="1140" HPOS="351" STYLEREFS="StyleId-06A39129-ABA2-4008-9243-0AB69D59C612-">
<String CONTENT="Leipzig," HEIGHT="75" WIDTH="261" VPOS="1153" HPOS="351"/>
<SP HEIGHT="69" WIDTH="29" VPOS="1151" HPOS="611"/>
<String CONTENT="Insel-verlag," HEIGHT="78" WIDTH="402" VPOS="1144" HPOS="640"/>
<SP HEIGHT="67" WIDTH="31" VPOS="1147" HPOS="1042"/>
<String CONTENT="1929." HEIGHT="53" WIDTH="151" VPOS="1144" HPOS="1073"/>
</TextLine>
<TextLine HEIGHT="65" WIDTH="832" VPOS="1220" HPOS="421" CS="1">
<String LANG="de" CONTENT="332" HEIGHT="43" WIDTH="92" VPOS="1235" HPOS="421"/>
<SP HEIGHT="50" WIDTH="24" VPOS="1234" HPOS="513"/>
<String LANG="fr" CS="1" CONTENT="p.,"/>
<SP/>
<String LANG="fr" CS="1" CONTENT="1"/>
<SP/>
<String LANG="fr" CS="1" CONTENT="l."/>
<SP HEIGHT="39" WIDTH="59" VPOS="1241" HPOS="717"/>
<String LANG="en-US" CONTENT="plates," HEIGHT="53" WIDTH="174" VPOS="1226" HPOS="776"/>
<SP HEIGHT="38" WIDTH="31" VPOS="1236" HPOS="950"/>
<String LANG="en-US" CONTENT="ports." HEIGHT="50" WIDTH="154" VPOS="1224" HPOS="981"/>
<SP HEIGHT="42" WIDTH="57" VPOS="1221" HPOS="1135"/>
<String LANG="de" CONTENT="21" HEIGHT="41" WIDTH="55" VPOS="1220" HPOS="1193"/>
<SP HEIGHT="48" WIDTH="4" VPOS="1221" HPOS="1249"/>
<String LANG="de" CS="1" CONTENT="&#189;"/>
<String STYLE="superscript" LANG="de" CS="1" CONTENT="&#7580;&#7504;."/>
</TextLine>
<TextLine HEIGHT="84" WIDTH="1697" VPOS="1260" HPOS="359" CS="1">
<String CONTENT="&#169;" HEIGHT="53" WIDTH="54" VPOS="1291" HPOS="359"/>
<SP HEIGHT="52" WIDTH="31" VPOS="1291" HPOS="413"/>
<String LANG="fr" CONTENT="Sept." HEIGHT="52" WIDTH="129" VPOS="1291" HPOS="444"/>
<SP HEIGHT="40" WIDTH="28" VPOS="1291" HPOS="573"/>
<String CONTENT="10," HEIGHT="50" WIDTH="71" VPOS="1289" HPOS="601"/>
<SP HEIGHT="49" WIDTH="28" VPOS="1289" HPOS="672"/>
<String CS="1" CONTENT="1929;" HEIGHT="43" WIDTH="120" VPOS="1286" HPOS="700"/>
<SP/>
<String CS="1" CONTENT="1c."/>
<SP/>
<String CONTENT="Nov." HEIGHT="42" WIDTH="119" VPOS="1282" HPOS="969"/>
<SP HEIGHT="42" WIDTH="30" VPOS="1280" HPOS="1089"/>
<String CS="1" CONTENT="6;" HEIGHT="41" WIDTH="28" VPOS="1280" HPOS="1120"/>
<SP HEIGHT="48" WIDTH="31" VPOS="1279" HPOS="1174"/>
<!-- cceid A8E4572F-6CFA-1014-9C3C-CEA95E7AA542 --><String LANG="fr" CONTENT="A" HEIGHT="40" WIDTH="40" VPOS="1278" HPOS="1205"/>
<String CONTENT="&#8212;Foreign" HEIGHT="54" WIDTH="274" VPOS="1272" HPOS="1247"/>
<SP HEIGHT="41" WIDTH="25" VPOS="1271" HPOS="1521"/>
<String CS="1" CONTENT="5159;" HEIGHT="43" WIDTH="116" VPOS="1269" HPOS="1547"/>
<SP HEIGHT="45" WIDTH="33" VPOS="1270" HPOS="1690"/>
<String CONTENT="Insel-verlag." HEIGHT="55" WIDTH="332" VPOS="1262" HPOS="1724"/>
</TextLine>
<TextLine HEIGHT="55" WIDTH="255" VPOS="1344" HPOS="437">
<String CONTENT="(30-5077)" HEIGHT="55" WIDTH="255" VPOS="1344" HPOS="437"/>
</TextLine>
</TextBlock>
</PrintSpace>
</Page>
</Layout>
</alto>