2542 4361
0 0 0 0 633
191 453 368 51 xi, 164 p. 19 ᶜᵐ.
194 526 163 39 “First
388 523 226 42 edition.”

192 582 377 47 Bibliography:
600 591 44 38 p.
673 579 217 43 161-164.

127 647 52 52 ©
207 652 113 47 Apr.
350 652 68 45 17,
447 650 140 46 1929;
619 650 67 41 2c.
715 650 115 49 Apr.
858 651 82 47 25;
972 652 83 41 aff.
1084 652 114 48 Apr.
1227 652 56 39 24;
1341 652 41 38 A
1410 651 115 41 7687;
1583 652 287 46 Longmans,
1902 650 156 40 Green
2089 650 35 39 &

194 718 67 30 co.
329 705 280 48 (29-10497)

125 800 210 65 Miller,
365 799 180 64 Hugh
575 799 254 64 Gordon,
860 802 171 53 1875-

202 880 121 52 The
366 879 285 53 Isthmian
694 878 302 70 highway;
1042 898 30 34 a
1116 880 207 52 review
1364 880 64 52 of
1467 881 97 52 the
1606 880 284 67 problems
1933 879 63 52 of
2037 880 94 52 the

128 956 2001 69 Caribbean, by Hugh Gordon Miller … with illustrations and
108 1035 1999 140 appendices; foreword by Hon Miguel Cruchaga … and introduction
128 1113 1998 148 by James M. Beck … New York, The Macmillan company, 1929.
199 1272 1439 49 xiv p., 3 l., 327 p. front., plates, ports., facsims. 22½ ᶜᵐ.
129 1340 52 52 ©
208 1345 115 46 Apr.
350 1343 56 40 23,
446 1343 141 47 1929;
616 1344 68 39 2c.
713 1346 94 38 and
838 1343 83 41 aff.
949 1344 114 47 Apr.
1092 1345 57 38 24;
1205 1344 41 39 A
1274 1344 119 40 7650;
1449 1345 280 40 Macmillan
1760 1355 67 30 co.
208 1399 282 50 (29-10420)

130 1494 299 52 Missouri.
505 1494 278 67 Supreme
816 1501 174 46 court.

200 1570 1933 69 Reports of cases determined … between October 10, 1927,
129 1650 113 50 and
269 1649 297 66 February
594 1652 48 62 8,
673 1652 148 48 1928.
886 1650 183 66 Perry
1099 1648 56 53 S.
1185 1650 208 53 Rader,
1422 1654 271 61 reporter,
1760 1668 50 33 v.
1842 1652 115 48 318.
129 1648 1979 144 Columbia,
393 1725 133 67 Mo.,

555 1725 66 51 E.
733 1768 9 9 W.
777 1724 284 69 Stephens
1090 1725 336 69 publishing
1456 1743 98 36 co..
1588 1727 149 51 1929.

198 1806 598 49 xxxiv, 1470. vi p. 24 ᶜᵐ.
133 1872 52 52 ©
214 1878 113 46 Apr.
355 1877 58 39 18,
452 1876 117 40 1929;
621 1876 67 41 2c.
716 1876 113 48 Apr.
857 1876 59 39 20;
971 1876 82 41 aff.
1082 1877 114 40 May
1223 1877 52 47 6;
1306 1877 41 39 A
1374 1877 141 47 6956;
1548 1878 43 39 J.
1620 1877 57 40 D.
1705 1878 154 43 Allen,
1890 1877 240 40 Jefferson
202 1933 123 48 City,
357 1934 92 39 Mo.

133 2027 266 62 Morand,
433 2026 164 64 Paul,
634 2032 170 49 1888-

265 2106 1871 70 … Black magic; translated from the French by Hamish
133 2185 196 54 Miles;
361 2185 325 52 illustrated
712 2185 76 68 by
815 2184 198 53 Aaron
1041 2185 273 68 Douglas.
1392 2185 138 52 New
1559 2184 180 67 York,
1768 2187 120 52 The
1916 2186 223 69 Viking

134 2282 175 50 press,
344 2267 149 49 1929.

203 2344 846 49 vi p., 3 l., 3-218 p. plates. 21½ ᶜᵐ.
206 2417 37 38 A
267 2427 154 37 group
443 2416 52 39 of
519 2416 175 40 stories
719 2427 60 28 on
806 2417 82 39 the
910 2417 199 38 modern
1133 2426 161 37 negro.

137 2483 52 51 ©
216 2488 114 46 Apr.
358 2488 68 46 15,
455 2487 117 39 1929;
624 2488 67 40 2c.
720 2488 94 38 and
842 2486 83 41 aff.
952 2487 114 47 Apr.
1168 2497 8 32 18;
1206 2487 41 38 A
1273 2485 140 44 6638;
1445 2487 179 47 Viking
1649 2497 150 39 press,
1829 2488 90 41 inc.
214 2543 282 49 (29-10106)

137 2637 235 64 Morris,
401 2637 290 53 Harrison
722 2636 217 65 Smith,
969 2642 172 50 1856-

206 2715 237 53 Martial
476 2720 159 48 notes
666 2714 66 54 of
761 2715 95 53 the
889 2716 95 52 old
1017 2733 118 34 war
1166 2715 112 52 and
1311 2715 97 52 the
1437 2732 151 50 new;
1624 2715 295 53 dedicated
1954 2722 58 47 to
2044 2716 96 53 the

137 2792 68 55 G.
242 2794 71 50 A.
348 2793 68 52 R.
453 2793 235 68 passing
719 2793 74 68 by
829 2811 71 34 on
936 2793 95 53 the
1065 2793 196 51 march
1296 2799 58 45 to
1390 2793 398 67 immortality,
1822 2793 75 68 by
137 2794 1976 129 Harrison

266 2869 56 56 S.
349 2870 229 54 Morris.
641 2870 412 68 Philadelphia
1080 2873 51 50 &
1159 2870 260 67 London,
1446 2870 55 53 J.
1532 2872 66 51 B.
1627 2870 336 68 Lippincott
137 2890 1979 127 company,
339 2952 150 49 1929.

205 3030 363 51 92, [1] p. 19 ᶜᵐ.
207 3101 185 40 Poems.

140 3153 52 52 ©
222 3158 120 39 Mar.
371 3158 40 47 2,
441 3157 112 40 1929;
610 3158 67 40 2c.
707 3160 95 38 and
831 3158 82 42 aff.
941 3159 115 47 Apr.
1085 3157 82 47 26;
1199 3159 39 37 A
1267 3156 117 42 7705;
1440 3158 43 39 J.
1514 3158 54 39 B.
1598 3156 277 49 Lippincott
1904 3168 67 29 co.
219 3213 282 50 (29-10538)

144 3307 256 53 Natural
432 3308 205 52 health
668 3309 379 59 association,
1077 3308 130 62 inc.,
1235 3309 139 52 New
1410 3309 172 52 York.

216 3386 283 69 Building
524 3388 223 57 health;
777 3388 95 52 the
898 3388 159 52 truth
1086 3388 58 51 in
1173 3387 158 68 plain
1361 3386 273 68 English;
1664 3386 95 53 the
1784 3386 152 53 bible
1959 3386 64 53 of
2049 3388 94 51 the

144 3465 169 68 body,
342 3465 299 69 including
669 3467 227 52 articles
922 3467 171 52 based
1122 3484 72 33 on
1223 3466 134 51 data
1386 3465 267 52 obtained
1683 3464 152 52 from
1860 3465 96 52 the
1987 3464 68 53 U.
2087 3464 55 54 S.

145 3550 372 60 government
557 3544 194 52 health
795 3545 212 52 service
1047 3545 112 51 and
1202 3544 94 51 the
1338 3549 188 46 recent
1568 3542 336 53 discoveries
1945 3542 65 53 of
2050 3543 96 52 the

145 3627 143 47 most
328 3623 325 66 prominent
690 3622 302 65 scientists,
1030 3622 238 52 medical
1307 3623 241 60 doctors,
1584 3622 112 51 and
1733 3620 259 70 physical
145 3622 1974 132 culturists.

439 3702 137 51 New
622 3701 181 58 York,
847 3701 68 53 N.
962 3701 90 64 Y.,
1096 3701 120 51 The
1260 3700 245 54 Natural
1550 3700 193 51 health
1788 3699 357 68 association,

143 3778 103 53 inc.
333 3782 154 63 [ᶜ1929]

215 3859 454 49 186 p. illus. 19 ᶜᵐ.
147 3911 52 51 ©
225 3916 114 47 Apr.
365 3918 69 44 24,
462 3917 117 38 1929;
629 3918 69 38 2c.
724 3918 95 37 and
847 3916 81 39 aff.
957 3917 112 46 Apr.
1096 3915 83 42 26;
1208 3917 38 36 A
1275 3915 112 39 7744;
1445 3915 207 38 Natural
1682 3915 167 38 health
1878 3925 143 36 assn.,
2049 3915 90 39 inc.

225 3971 281 48 (29-10413)
