2533 4384
1099 4027 98 49 159

201 450 263 41 Published
500 449 104 40 also
639 458 54 30 as
730 446 154 41 thesis
928 445 109 48 (PH.
1105 443 35 48 D.)
1185 442 253 42 Columbia
1476 439 286 49 university,
1796 438 131 43 1928.

200 505 376 49 Bibliography:
610 515 43 38 p.
683 502 219 42 430-439.

137 559 51 53 ©
227 564 128 46 Sept.
391 562 68 47 19,
495 560 114 41 1928;
672 561 68 39 2c.
776 562 96 39 and
908 558 81 40 aff.
1027 557 111 40 Feb.
1174 556 70 48 11,
1280 554 142 48 1929;
1459 554 42 40 A
1536 554 113 39 5267;
1717 554 52 39 E.
1807 552 45 40 J.
1889 551 243 48 Eberling,

202 618 266 48 Nashville,
496 617 148 40 Tenn.
711 614 252 51 (29-4309)

134 712 217 63 Elmer,
386 710 222 52 Robert
640 709 228 63 Potter,
904 709 84 52 ed.

207 788 438 69 [Introduction]
693 786 75 70 by
811 786 215 53 Robert
1068 785 66 52 P.
1179 784 196 52 Elmer
1442 782 59 52 [in
1544 781 97 54 the
1681 780 149 55 book
1873 779 256 68 entitled]

132 868 122 53 The
291 867 272 67 witchery
600 864 65 54 of
701 865 257 67 archery,
993 864 74 68 by
1104 863 55 53 J.
1198 861 261 53 Maurice
1494 860 351 67 Thompson,
1883 859 140 52 with
2063 877 72 33 an

134 937 2002 75 added chapter by Will H. Thompson … Pinehurst ed. Pine-
132 1020 1365 71 hurst, N. C., The Archers company [ ᶜ1 928]
308 1137 8 16 xxx,
346 1105 86 40 259
460 1116 43 37 p.
560 1105 28 38 2
615 1107 124 45 port.
767 1103 135 49 (incl.
931 1100 176 48 front.)
1173 1100 58 40 19½ᶜᵐ.

136 1158 51 52 ©
212 1163 119 47 May
359 1161 68 48 24,
456 1160 141 47 1928;
626 1161 69 39 2c.
724 1160 111 40 Jan.
863 1159 40 48 3,
933 1157 141 48 1929;
1106 1157 83 40 aff.
1219 1158 112 39 Jan.
1359 1156 82 47 29;
1472 1156 42 39 A
1541 1155 143 47 4250;
1716 1154 212 41 Archers
1958 1165 67 29 co.

131 1291 1980 152 The Encyclopedia Americana; a library of universal knowledge …
513 1373 139 53 New
683 1372 182 68 York,
896 1370 273 70 Chicago,
1196 1370 345 53 Americana
1571 1369 385 69 corporation,
1989 1372 148 50 1929.

199 1457 59 41 30
291 1469 43 29 v.
396 1457 164 47 front.,
595 1456 144 48 illus.,
759 1457 158 47 plates
945 1455 136 48 (part
1099 1455 101 48 col.,
1219 1456 113 47 part
1365 1455 201 46 double;
1603 1453 112 42 incl.
1749 1452 180 49 music)
1973 1457 163 44 ports.,

130 1512 1098 50 maps (part double) facsims., diagrs. 26 ᶜᵐ.
202 1571 227 40 Lettered
458 1581 61 29 on
544 1580 140 30 cover:
743 1569 103 40 The
873 1568 307 42 Americana.

202 1626 397 42 Editor-in-chief:
660 1625 56 42 A.
749 1626 62 41 H.
846 1625 324 42 McDannald.

137 1679 52 52 ©
218 1684 112 40 Feb.
356 1685 41 46 4,
427 1683 113 40 1929;
596 1683 68 40 2c.
692 1683 112 41 Feb.
832 1683 26 39 7:
916 1681 82 41 aff.
1027 1682 112 40 Feb.
1168 1681 27 41 8;
1251 1681 40 39 A
1320 1680 118 42 5180;
1492 1680 289 41 Americana
1813 1681 325 47 corporation.

208 1735 68 55 [©
306 1739 227 50 revision]
603 1738 253 49 (29-4004)

132 1818 268 65 Epstein,
434 1818 327 54 Abraham.

202 1895 1939 70 The challenge of the aged, by Abraham Epstein … with an
131 1975 391 52 introduction
550 1975 75 68 by
653 1974 150 54 Jane
830 1974 276 54 Addams.
1173 1975 141 53 New
1344 1974 180 68 York,
1552 1974 438 70 Macy-Masius,
2019 1975 122 53 The

131 2053 317 69 Vanguard
480 2071 175 49 press,
687 2055 150 51 1928.

202 2134 839 51 2 p. l. , vii-xviii, 435, [1] p. 22 ᶜᵐ.
205 2191 295 40 “Reference
529 2195 137 37 notes
696 2192 60 46 by
788 2190 255 49 chapters”:
1105 2202 44 38 p.
1179 2192 221 41 424-431.

139 2243 51 53 ©
220 2248 111 40 Jan.
358 2248 70 47 24,
459 2247 140 48 1929;
630 2248 69 41 2c.
729 2248 111 40 Feb.
871 2249 53 47 9;
956 2248 82 41 aff.
1068 2249 110 40 Jan.
1208 2248 83 46 30;
1325 2249 41 39 A
1394 2248 141 46 5222;
1570 2249 261 48 Vanguard
1867 2260 149 37 press,
2050 2250 90 41 inc.

216 2304 254 49 (29-4446)

134 2383 212 65 Fargo,
378 2383 197 54 Lucile
609 2384 231 65 Foster,
876 2392 170 49 1880-

133 2464 1983 146 … The library in the school, by Lucile F. Fargo … Chicago,
323 2541 307 54 American
663 2543 219 69 library
914 2544 358 69 association,
1306 2548 151 51 1928.

136 2624 1990 97 3 p. l. , xi, 350 p. illus., plates, plans, diagrs. 27 ᶜᵐ. (Library curriculum
372 2681 187 41 studies
588 2682 239 48 prepared
858 2684 154 39 under
1040 2684 82 40 the
1151 2684 240 41 direction
1420 2684 53 41 of
1501 2686 70 40 W.
1602 2686 72 40 W.
1705 2684 260 50 Charters)

207 2738 426 49 “Mimeographed
660 2740 96 39 and
784 2740 195 48 printed
1009 2741 60 47 by
1097 2741 240 41 Edwards
1365 2742 239 46 brothers,
1633 2743 109 38 Ann
1770 2744 170 48 Arbor,
1969 2743 173 42 Mich.”

207 2793 352 50 Bibliography
586 2797 52 39 at
666 2796 92 40 end
785 2796 54 41 of
865 2797 117 40 each
1012 2797 216 48 chapter.

141 2846 52 52 ©
226 2851 113 41 Dec.
370 2852 69 47 24,
471 2851 141 47 1928;
645 2852 68 42 2c.
746 2852 112 41 Feb.
890 2853 69 48 11,
991 2852 142 48 1929;
1167 2853 82 41 aff.
1283 2852 113 42 Feb.
1428 2854 52 47 9;
1514 2855 37 38 A
1586 2855 144 49 4354;
1764 2857 160 40 Amer,
1955 2858 188 48 library

210 2917 129 31 assn.
407 2906 252 51 (29-4072)

138 2987 241 65 Fauset,
409 2987 190 54 Jessie
631 2989 284 55 Redmon.

137 3068 1982 129 Plum bun, a novel without a moral, by Jessie Redmon Fauset …
395 3146 127 52 New
571 3147 179 68 York,
787 3147 311 55 Frederick
1132 3149 71 54 A.
1244 3149 202 55 Stokes
1482 3169 300 55 company,
1819 3156 151 53 1929.

207 3225 275 50 379 p. 20 ᶜᵐ.
143 3278 52 52 ©
225 3283 112 41 Feb.
364 3284 69 48 14,
462 3284 141 48 1929;
633 3284 67 42 2c.
729 3287 95 38 and
854 3286 83 41 aff.
967 3285 111 42 Feb.
1107 3288 82 46 16;
1220 3288 40 39 A
1288 3287 144 48 4465;
1463 3290 45 41 J.
1538 3290 55 40 R.
1625 3291 195 49 Fauset,
1852 3293 117 40 New
1999 3294 144 41 York.

221 3339 252 49 (29-4421)

140 3418 162 65 Fish,
332 3419 135 55 Carl
495 3421 252 64 Russell,
781 3423 172 55 1876-

213 3497 121 53 The
368 3498 397 68 development
801 3500 64 52 of
897 3501 307 54 American
1237 3503 368 71 nationality,
1638 3506 76 68 by
1751 3506 138 56 Carl
1923 3509 226 53 Russell

143 3574 2008 77 Fish … Rev. New York, Cincinnati [etc,] American book
143 3657 511 65 company [ ᶜ1 929]
214 3735 1935 62 xii, 568, xiii-xxxix p. front., ports., maps (part double) 22 ᶜᵐ. (Half-
146 3792 131 39 title:
307 3793 40 39 A
371 3794 136 39 short
531 3794 189 48 history
746 3796 52 39 of
823 3797 82 41 the
928 3796 257 42 American
1212 3801 182 47 people.
1457 3803 107 47 [vol.
1633 3804 38 48 II])

213 3849 174 40 Period
415 3853 215 44 covered,
657 3852 113 41 1783
797 3856 49 37 to
874 3855 82 39 the
980 3858 198 45 present
1201 3857 132 41 time.

216 3906 104 40 Vol.
348 3916 19 29 i
395 3907 52 40 of
476 3909 82 39 the
586 3909 151 40 series
768 3911 90 39 has
890 3911 107 41 title:
1055 3912 101 41 The
1187 3913 320 42 foundations
1539 3916 53 40 of
1619 3917 259 41 American
144 3918 1987 93 nationality,

259 3963 60 49 by
347 3965 179 42 Evarts
554 3966 195 41 Boutell
778 3967 200 44 Greene.
