2542 4361
1058 4013 101 52 719

110 365 146 51 New
295 363 162 52 York
499 366 210 52 annual
750 365 202 68 digest,
993 365 268 68 covering
1302 366 77 51 all
1417 365 267 67 reported
1723 365 277 53 decisions
2037 364 66 54 of

174 441 96 53 the
309 445 188 48 courts
535 440 66 53 of
636 441 141 53 New
816 441 178 53 York.
1070 441 192 68 April,
1304 444 150 50 1929.
1532 439 363 55 Cumulative
173 458 1903 128 quarterly,

367 518 465 68 supplementing
860 519 113 52 and
1003 519 339 67 continuing
1369 519 139 51 New
1538 518 163 51 York
1730 518 204 67 digest,
1963 518 134 51 Feb.

177 594 298 55 1928-Oct.
513 597 150 64 1928,
692 594 271 54 Abbott’s:
992 596 187 68 digest
1210 594 66 53 of
1305 595 140 52 New
1478 593 163 53 York
1673 598 240 64 reports,
1948 597 149 50 1928.

175 672 307 53 Rochester
525 672 113 52 and
679 672 140 53 New
861 672 164 52 York
1066 672 134 68 city,
1243 672 123 52 The
1406 672 268 68 Lawyers
1717 672 381 67 co-operative

176 749 337 69 publishing
537 766 306 51 company;
876 748 82 55 St.
985 750 167 67 Paul,
1177 749 204 68 Minn.,
1405 749 162 54 West
1592 747 335 70 publishing
175 767 1901 128 company;

403 827 139 52 New
583 826 164 52 York
788 826 134 69 city,
964 828 70 52 N.
1077 828 93 66 Y.,
1211 826 191 53 Baker
1442 825 249 56 Voorhis
1731 827 47 51 &
1820 844 280 51 company

181 907 192 64 [ ᶜ1 929 ]
173 986 69 49 iii,
275 986 84 41 162
393 997 43 37 p.
603 1017 10 10 24ᶜᵐ.

108 1052 184 52 ©Apr.
322 1054 71 48 20,
423 1053 141 48 1929;
597 1054 69 41 2c.
697 1054 115 47 May
842 1053 83 48 10;
960 1052 81 42 aff.
1073 1055 115 47 May
1218 1054 83 47 24;
1334 1054 43 39 A
1406 1053 141 48 9286;
1581 1054 135 41 West
1746 1055 110 47 pub.
1888 1065 82 37 co.,
2002 1055 97 40 and

175 1112 230 47 Lawyers
428 1109 323 50 co-operative
775 1110 110 48 pub.
910 1121 68 30 co.

105 1232 266 65 Phillips,
408 1232 185 53 Grace
627 1230 268 65 Darling.

173 1310 118 52 Far
318 1308 247 69 peoples,
593 1307 77 70 by
701 1307 183 56 Grace
915 1308 251 70 Darling
1196 1308 269 69 Phillips.
1534 1308 271 70 Chicago,
1835 1309 114 69 Ill.,
1981 1309 121 53 The

103 1385 1123 71 University of Chicago press [ ᶜ1 929 ]
175 1470 119 48 xxii,
328 1470 88 41 274
450 1481 44 37 p.
552 1468 147 42 19½ᶜᵐ.
769 1468 302 49 (Half-title:
1105 1470 101 39 The
1243 1469 283 49 University
1560 1469 53 40 of
1646 1469 211 49 Chicago
1893 1470 207 48 publica-

104 1524 1981 107 tions in religious education … Principles and methods of religious education)
179 1652 199 47 Stories,
421 1662 144 37 songs
608 1651 120 40 with
772 1651 168 48 music,
985 1653 184 46 poetry,
1212 1663 178 36 games,
1435 1655 89 37 etc.
1568 1653 334 48 representing
1945 1654 157 47 India,

106 1708 170 49 China,
301 1709 176 47 Korea,
504 1708 174 48 Japan,
704 1708 83 40 the
810 1707 317 49 Philippines,
1153 1707 180 49 Brazil,
1356 1707 170 41 Africa
1551 1710 95 39 and
1672 1708 193 49 Russia,
1891 1711 210 47 adapted

105 1767 49 39 to
187 1775 226 38 program
446 1764 221 48 building
695 1763 81 41 for
810 1763 199 49 Sunday
1042 1764 163 40 school
1235 1765 183 40 classes
1448 1766 96 39 and
1577 1775 158 39 young
1767 1765 206 49 peoples’
2006 1767 96 40 and

104 1821 295 48 missionary
429 1821 238 41 societies.

176 1877 107 41 List
308 1878 52 40 of
385 1878 141 48 plays
551 1878 96 39 and
675 1879 264 46 pageants:
966 1887 44 38 p.
1036 1876 219 43 261-265.

109 1944 52 52 ©
194 1948 115 49 Apr.
344 1948 39 49 9,
418 1948 140 47 1929;
594 1948 68 40 2c.
696 1949 96 39 and
827 1947 84 41 aff.
945 1948 114 48 Apr.
1094 1947 83 47 18;
1214 1948 41 38 A
1289 1947 142 47 6622;
1469 1948 282 49 University
1787 1949 52 41 of
1875 1949 223 49 Chicago.

176 2004 223 50 Chicago.
470 2003 280 50 (29-11359)

110 2127 1247 71 Punch, v . 176, no. 4581, Apr. 24, 1929.
109 2206 1988 55 © 1c. June 18, 1929; A ad int. 12786,· pubd. Apr. 24; Herbert Heather,
175 2266 213 41 London.

107 2373 347 65 Rockwood,
486 2375 146 63 Roy,
663 2377 196 67 pseud.

176 2454 237 69 Bomba,
455 2454 96 53 the
593 2453 199 71 jungle
833 2456 113 69 boy
988 2456 60 52 in
1091 2456 96 53 the
1232 2454 233 70 Swamp
1508 2453 65 55 of
1615 2456 198 68 death;
1857 2475 82 51 or,
1981 2458 122 52 The

105 2532 1997 71 sacred alligators of Abarago, by Roy Rockwood … New
104 2609 1253 72 York, Cupples & Leon company [ ᶜ1 929]
175 2690 1364 51 2 p. l., 210 p. front. 19½ᶜᵐ. (His Bomba books)
110 2758 52 51 ©
192 2762 112 41 Feb.
331 2762 71 47 20,
430 2763 141 46 1929;
598 2763 72 41 2c.
698 2764 115 46 May
840 2763 83 46 20;
956 2763 82 41 aff.
1068 2765 115 45 May
1210 2763 83 47 18;
1324 2763 43 39 A
1394 2763 141 47 9175;
1568 2763 212 48 Cupples;
1805 2764 36 40 &
1870 2764 128 40 Leon
2030 2776 68 28 co.

186 2816 280 50 (29-11400)

175 2926 92 68 By
302 2924 88 55 air
422 2944 227 49 express
680 2933 59 49 to
773 2928 221 67 Venus;
1032 2947 80 50 or,
1149 2926 270 70 Captives
1456 2927 64 54 of
1554 2946 32 35 a
1620 2933 229 64 strange
1883 2928 219 69 people,

104 3003 1998 73 by Roy Rockwood … New York, Cupples & Leon company
109 3085 192 64 [ ᶜ1 929 ]
176 3163 1828 50 2 p. l., 248 p. front., plates. 19½ᶜᵐ. (His Great marvel series)
109 3230 52 52 ©
189 3235 125 40 Mar.
339 3235 71 48 30,
439 3236 112 40 1929;
607 3236 69 41 2c.
704 3238 114 47 May
845 3237 82 47 20;
958 3236 83 42 aff.
1071 3237 114 47 May
1213 3235 82 48 18;
1326 3236 43 39 A
1395 3235 142 47 9176;
1569 3235 207 48 Cupples
1805 3235 36 40 &
1871 3236 128 38 Leon
2029 3245 68 30 co.

187 3290 280 49 (29-11401)

109 3399 211 63 Rothe,
353 3400 218 53 Rudolf
603 3402 203 63 Ernst,
841 3403 173 54 1873-

238 3477 1861 69 … Höhere ma thema tik für mathematiker, physiker und
107 3554 1992 69 Ingenieure, von dr. Rudolf Rothe … t. II: Integralrechnung,
106 3631 1930 71 unendliche reihen, Vektorrechnung nebst anwendungen …
106 3709 241 69 Leipzig
375 3711 117 52 und
524 3711 216 67 Berlin,
770 3712 67 51 B.
869 3711 69 54 G.
969 3710 279 68 Teubner,
1280 3713 149 50 1929.

177 3790 1921 51 viii, 201 p. diagrs. 21 ᶜᵐ . (Teubners mathematische leitfäden. bd.
103 3845 83 48 22)

112 3911 1713 54 © Jan. 10, 1929; 1c. Mar. 20; A—Foreign 2468; B. G. Teubner.
