2542 4389
1038 4004 133 50 1435

147 343 243 65 Deimel,
420 343 258 54 Richard
708 345 263 64 Francis,
1005 350 171 50 1881-

216 423 1925 71 Mechanics of the gyroscope, by Richard F. Deimel … New
149 500 1194 71 York, The Macmillan company, 1929.
211 581 50 41 ix
288 591 57 37 p.,
374 581 25 38 1
462 612 9 16 l.,
502 580 83 40 192
615 592 42 36 p.
717 581 164 47 front.,
911 581 179 49 diagrs.
1150 581 146 42 22½ᶜᵐ.
1368 582 299 49 (Half-title:
1695 583 327 49 Engineering
141 585 1980 93 science
284 637 175 47 series)

144 703 1767 54 © Sept. 10, 1929; 2c. and aff. Sept. 11: A 13252; Macmillan co.
219 764 279 50 (29-18710)

141 858 209 64 Dixon,
383 858 282 53 Franklin
695 861 89 53 W.

143 936 1969 148 … Over the jungle trails; or, Ted Scott and the missing explorers,
417 1016 1717 71 by Franklin W. Dixon … illustrated by Walter S.
138 1093 1481 70 Rogers. New York, Grosset & Dunlap [ ᶜ192 9 ]
206 1175 60 47 vi,
297 1175 85 39 214
411 1185 42 37 p.
483 1175 108 39 incl.
624 1175 148 39 front.
834 1174 145 41 19½ᶜᵐ.
1051 1175 115 46 (His
1199 1176 99 40 Ted
1331 1177 134 40 Scott
1495 1176 150 48 flying
1673 1175 201 49 stories)

137 1242 52 52 ©
223 1245 126 49 Sept.
381 1245 70 48 10,
480 1244 139 42 1929:
650 1246 69 40 2c.
753 1246 128 48 Sept.
912 1246 54 40 13;
1028 1246 81 41 aff.
1145 1246 128 49 Sept.
1307 1247 54 38 12;
1422 1248 42 38 A
1494 1247 143 39 12284;
1701 1247 199 41 Grosset
1932 1248 36 40 &

203 1248 1910 102 Dunlap,
323 1303 91 39 inc.
479 1302 280 48 (29-18703)

128 1397 239 64 Driggs,
397 1398 255 52 Howard
683 1399 239 53 Roscoe.

196 1477 1873 69 Living English. 3d, 4th grades. By Howard R. Driggs …
126 1554 2005 70 Illustrations by Donn P. Crane. Lincoln, Chicago [etc. ] The
125 1631 338 70 University
493 1632 334 70 publishing
857 1651 96 38 co.,
986 1636 149 49 1929.

198 1713 976 48 2 v. illus. (part col.) forms. 20 ᶜᵐ .
131 1779 51 53 ©
213 1785 127 47 Sept.
366 1783 69 48 19,
462 1783 117 40 1929;
630 1784 68 40 2c.
726 1784 116 40 each
874 1783 127 49 Sept.
1030 1784 82 46 24;
1143 1783 109 41 affs.
1283 1783 128 49 Sept.
1440 1785 82 45 25;
1554 1785 40 39 A
1622 1785 156 45 12555,
1808 1785 144 40 12556;

198 1785 1907 103 University
406 1841 109 47 pub.
541 1851 66 30 co.

128 1935 309 64 Duhamel,
468 1935 205 56 Raoul.

259 2013 1867 70 … Lucien Fugère, chanteur scénique français. Préface de
127 2092 184 55 Sacha
341 2092 226 68 Guitry.
643 2092 185 67 Paris,
856 2093 66 52 B.
952 2091 235 54 Grasset
1220 2095 172 65 [1929]

192 2173 1143 50 2 p. l., [7]-203 p., 1 l. front., ports. 19 ᶜᵐ .
127 2241 1828 52 © Apr. 25, 1929; 1c. June 21; A— Foreign 3531; Bernard Grasset.
203 2301 281 48 (29-19532)

123 2395 197 64 Eiker,
350 2395 306 55 Mathilde.

194 2474 278 70 Stranger
497 2473 282 70 fidelities,
806 2476 75 67 by
907 2475 286 52 Mathilde
1221 2473 192 53 Eiker.
1490 2473 232 55 Garden
1751 2474 153 70 City,
1932 2475 67 53 N.
2037 2475 84 67 Y.,

121 2554 356 69 Doubleday,
507 2554 199 52 Doran
733 2555 45 49 &
806 2571 298 50 company,
1132 2553 126 69 inc.,
1292 2555 149 51 1929.

184 2633 540 49 4 p. l., 304 p. 20 ᶜᵐ .
186 2703 163 42 “First
379 2703 227 42 edition.”

121 2758 52 52 ©
209 2763 126 47 Sept.
367 2763 69 46 13,
468 2761 138 41 1929:
641 2762 66 40 2c.
741 2763 94 38 and
867 2761 82 40 aff.
986 2761 127 48 Sept.
1147 2761 82 46 18;
1265 2762 41 38 A
1337 2761 170 40 12413:
1544 2761 298 46 Doubleday,
1876 2761 168 40 Doran
2077 2764 37 41 &

188 2830 82 35 co.,
297 2819 91 40 inc.
455 2818 278 47 (29-18937)

119 2912 139 63 Erb,
291 2911 234 54 Russell
558 2912 61 55 C.

188 2989 1928 72 Physiological chemistry, by Russell C. Erb … Easton,
118 3071 233 67 Penna.,
398 3071 121 52 The
566 3069 290 55 Chemical
901 3068 337 69 publishing
1282 3087 309 50 company;
1640 3067 218 70 Tokyo,
1903 3069 213 67 Japan,

116 3147 962 68 Maruzen company, ltd. [ ᶜ192 9 ]
183 3227 1370 51 2 p. l. , [iii]-v p., 1 l.. 402 p. illus., diagrs. 23½ᶜᵐ.
184 3284 349 42 “References”
562 3287 52 38 at
645 3286 89 39 end
763 3284 54 41 of
844 3285 118 39 each
990 3285 215 47 chapter.

116 3338 52 52 ©
199 3343 127 47 Sept.
355 3342 70 48 10,
452 3342 139 42 1929;
622 3343 67 40 2c.
718 3344 94 38 and
842 3342 82 40 aff.
956 3342 127 48 Sept.
1112 3342 82 45 12;
1224 3342 41 38 A
1293 3340 169 42 12248:
1494 3341 212 39 Edward
1736 3342 142 46 Hart,
1909 3342 198 47 Easton,

183 3399 81 41 Pa.
329 3398 279 49 (29-18709)

113 3493 290 64 Faraday,
432 3495 136 54 Mrs.
601 3493 268 55 Cornelia
899 3494 312 52 Bateman.

179 3571 308 68 European
518 3572 111 52 and
661 3571 306 53 American
999 3575 223 63 carpets
1254 3570 113 52 and
1398 3586 164 52 rugs;
1600 3589 28 33 a
1660 3570 224 70 history
1917 3570 65 53 of
2012 3571 97 53 the

107 3648 380 54 hand-woven
512 3648 321 54 decorative
858 3649 141 52 floor
1024 3647 296 69 coverings
1348 3647 64 53 of
1441 3647 199 68 Spain,
1665 3651 238 66 France,
1930 3650 178 54 Great

109 3727 247 55 Britain,
400 3727 403 57 Scandinavia,
843 3725 285 70 Belgium,
1168 3725 276 68 Holland,
1485 3726 173 69 Italy,
1697 3727 97 52 the
1834 3726 273 68 Balkans,

108 3804 307 68 Germany,
454 3806 239 52 Austria
736 3806 111 51 and
890 3823 95 33 early
1087 3803 295 66 America;
1430 3804 112 52 and
1582 3804 65 53 of

1686 3804 97 53 the
107 3802 1997 133 machine-made
304 3887 222 63 carpets
559 3883 111 52 and
705 3900 135 51 rugs
875 3882 64 52 of
971 3882 236 53 modern
1243 3883 232 67 Europe
1511 3883 112 52 and
1659 3883 65 52 of
1756 3883 96 52 the
1886 3881 220 56 United
