2582 4377
1402 4078 66 49 56

410 427 263 64 Harbou,
699 426 162 53 Thea
888 441 133 48 von,
1051 430 172 49 1888-

482 512 1926 75 Spies, by Thea von Harbou … translated from the German
409 597 76 70 by
516 597 187 52 Helen
735 595 57 54 J.
828 593 266 70 Stiegler,
1127 593 142 53 with
1305 595 64 50 12
1402 592 400 53 illustrations.
1875 591 140 54 New
2048 591 183 68 York,

411 592 1976 149 London,
571 672 68 55 G.
670 674 65 51 P.
764 671 299 53 Putnam’s
1092 688 148 50 sons,
1271 673 150 49 1929.

481 750 982 53 vi, 307 p. incl. plates, front. 20 ᶜᵐ .
413 822 52 52 ©
494 825 110 40 Jan.
633 825 68 47 18,
731 823 142 48 1929;
901 824 68 39 2c.
998 824 96 39 and
1123 833 82 30 aff.
1234 822 110 41 Jan.
1373 821 81 47 19;
1486 822 41 39 A
1554 822 142 47 2947;
1729 821 54 42 G.
1812 822 51 41 P.
1894 822 251 41 Putnam’s
2176 833 127 30 sons.

491 881 252 50 (29-1962)

408 1005 278 64 Herbert,
715 1003 153 53 Alan
897 1003 261 54 Patrick.

480 1083 696 67 Topsy, M . P. 12. 13.
512 1166 62 38 (In
607 1161 170 43 Punch
811 1159 289 53 magazine)

415 1232 2001 52 © 1c. Jan. 31, 1929; A ad int. 12277; pubd. Dec. 5, 1928; A. P. Herbert,
483 1291 214 41 London.

583 1398 632 70 Topsy, M . P. 13. Behaves badly.
515 1485 61 38 (In
606 1480 171 43 Punch
808 1478 289 54 magazine)

417 1550 2002 52 © 1c. Feb. 7, 1929; A ad int. 12302; pubd. Dec. 12, 1928; A. P. Herbert,
484 1610 215 42 London.

414 1719 372 64 Honeyman,
817 1718 309 53 Abraham
1158 1718 131 53 Van
1321 1719 217 64 Doren,
1573 1724 170 50 1849-

485 1809 141 52 New
668 1808 202 69 Jersey
912 1808 111 53 law
1067 1807 199 70 forms,
1309 1809 300 69 including
1649 1828 152 35 some
1846 1809 182 54 forms
2071 1809 65 53 of
2177 1814 247 64 patents,

415 1886 353 69 copyrights,
802 1886 403 69 trade-marks,
1239 1892 131 62 etc.;
1409 1888 118 52 also
1561 1888 151 53 rules
1747 1888 329 69 regulating
2112 1887 312 54 admission

415 1969 59 48 to
499 1965 96 53 the
622 1964 141 54 New
788 1963 203 71 Jersey
1015 1964 122 69 bar,
1163 1965 113 52 and
1304 1964 66 53 of
1395 1965 95 53 the
1520 1964 180 56 Court
1725 1965 65 54 of
1815 1984 187 35 errors
2029 1966 114 53 and
2171 1967 253 67 appeals,

415 2042 96 54 the
542 2042 375 70 Prerogative
947 2047 179 64 court,
1153 2043 96 53 the
1280 2042 290 69 Orphans’
1599 2049 207 63 courts,
1835 2044 96 53 the
1962 2044 196 53 Board

2187 2043 66 54 of
417 2043 1982 131 public
533 2119 199 71 utility
774 2120 470 68 commissioners,
1285 2121 97 53 the
1427 2120 161 56 State
1631 2122 135 53 civil
1809 2122 212 53 service
2065 2122 361 54 commission

429 2198 89 72 (in
543 2198 191 71 part),
762 2199 96 53 the
890 2197 161 56 State
1081 2199 179 52 board
1288 2198 65 54 of
1381 2204 159 48 taxes
1569 2200 114 53 and
1712 2206 352 63 assessment,
2092 2201 114 53 and

2235 2200 66 53 of
418 2220 1981 112 various
609 2278 220 68 circuit,
865 2283 209 63 county
1109 2278 114 53 and
1258 2278 229 53 district
1518 2283 205 49 courts.
1795 2280 73 52 2d
1905 2280 84 53 ed.
2062 2281 91 67 By
2186 2279 73 54 A.
2295 2281 130 54 Van

418 2355 1984 147 Doren Honeyman … Plainfield, N. J., New Jersey law journal pub.
704 2452 109 49 co.;
845 2434 140 53 New
1014 2433 165 53 York
1205 2433 136 70 city,
1369 2432 178 56 Clark
1574 2435 333 53 Boardman
1934 2454 100 50 co.,
2061 2437 183 67 lmtd.,
2275 2439 150 50 1929.

486 2516 632 52 xii, [13]-1219 p. 24 ½ᶜᵐ .
423 2581 1985 108 © Jan. 12, 1929; 2c. and aff. Jan. 14; A 3728; A. Y. Honeyman, Plainfield,
646 2641 57 41 N.
734 2641 44 41 J.
847 2639 252 50 (29-1945)

420 2750 347 64 Hotchkiss,
805 2751 207 63 Henry
1050 2750 245 54 Greene.

489 2844 56 53 A
586 2844 236 53 treatise
863 2863 73 34 on
982 2841 256 55 aviation
1284 2845 129 68 law,
1457 2843 203 70 giving
1706 2843 340 55 authorities
2091 2845 141 53 with
421 2864 1983 128 complete

614 2923 268 54 citations
925 2923 64 54 of
1033 2923 222 53 federal
1298 2924 113 52 and
1456 2927 146 50 state
1646 2922 280 55 decisions
1972 2925 114 52 and
2130 2924 299 70 including

420 3007 149 48 texts
601 3001 62 53 in
694 3001 114 52 full
840 3001 64 53 of
934 3002 95 52 the
1062 3001 425 53 International
1519 3000 341 55 convention
1892 3002 65 53 of
1990 3006 152 63 1919,
2176 3003 96 54 the

421 3004 1983 127 Havana
614 3079 358 68 convention,
1017 3079 110 52 Air
1172 3097 306 35 commerce
1526 3085 89 48 act
1661 3079 66 53 of
1772 3082 152 67 1926,
1967 3080 111 53 Air
2123 3100 306 35 commerce

422 3156 369 71 regulations,
819 3157 110 53 Air
957 3176 306 35 commerce
1291 3157 182 54 forms
1502 3156 94 54 for
1623 3156 192 70 pilots’
1842 3157 250 70 licenses,
2119 3166 121 62 etc.,
2268 3160 162 53 other

425 3236 220 53 federal
694 3239 240 50 statutes
982 3255 61 34 as
1090 3236 250 68 relating
1387 3240 59 49 to
1496 3234 274 72 aviation,
1818 3238 113 52 and
1981 3241 145 49 state
2175 3236 254 56 aviation

422 3312 1946 72 statutes alphabetically arranged. By Henry G. Hotchkiss …
424 3393 138 53 New
590 3392 181 69 York,
798 3392 208 67 Baker,
1091 3391 191 55 Voorhis
1311 3394 45 50 &
1381 3411 99 50 co.,
1508 3395 151 51 1928.

494 3472 962 49 xviii, 492 p. 1 illus., diagrs. 24 ᶜᵐ .
498 3547 177 39 “Table
704 3544 51 41 of
784 3556 136 30 cases
948 3543 185 43 cited”:
1164 3556 45 38 p.
1237 3543 163 44 xi-xv.

497 3603 334 40 “Authorities
860 3601 186 42 cited”:
1077 3613 45 38 p.
1149 3601 274 43 xvii-xviii.

431 3670 1998 52 © Dec. 21, 1928 ; 2c. and aff. Dec. 29; A 3616; H. G. Hotchkiss, New
499 3731 145 40 York.
714 3729 227 51 (29-1832
951 3730 14 48 )

492 3838 1935 71 … Hubbell’s legal directory, 1929 … [59th year] Joseph A.
497 3916 217 68 Lynch,
758 3917 200 53 editor.
1038 3918 139 51 New
1221 3917 179 68 York,
1443 3918 122 52 The
1608 3918 253 52 Hubbell

498 3918 1908 144 publishing company [ᶜ192 8]
