2533 4342
1366 4006 135 52 1882

420 351 246 63 Barton,
695 351 210 63 Bruce,
937 355 172 51 1886-

492 427 93 56 On
625 428 98 53 the
764 447 78 49 up
887 428 114 53 and
1043 446 98 50 up,
1182 428 77 69 by
1300 431 186 50 Bruce
1530 429 238 51 Barton.
1843 426 419 69 Indianapolis,
2306 426 122 53 The

420 505 763 68 Bobbs-Merrill company [ᶜ1929]
491 586 99 49 189,
668 607 11 30 [1]
714 597 44 39 p.
818 585 148 43 19½ᶜᵐ.

429 654 52 52 ©
514 659 119 40 Nov.
664 658 69 47 18,
766 656 142 48 1929;
942 657 70 42 2c.
1044 658 119 40 Nov.
1197 657 83 47 21;
1315 656 83 42 aff.
1431 657 120 41 Nov.
1582 656 85 48 22;
1702 656 43 40 A
1777 655 172 49 14970;
1986 657 55 39 B.
2075 656 201 40 Barton.
2309 655 119 39 New

497 715 146 40 York.
714 713 282 49 (29-25958)

422 807 245 65 Barton,
698 807 228 65 George
954 807 223 65 Aaron,
1207 812 172 50 1859-

429 883 1977 150 The religions of the world, by George A. Barton … Chicago,
613 961 1194 70 Ill., The University of Chicago press [ᶜ1929]
498 1043 1934 52 xiii, 414 p. 20 ᶜᵐ. (Half-title: The University of Chicago publications
429 1099 1710 52 in religious education … Handbooks of ethics and religion)
499 1172 182 41 “Third
716 1170 230 44 edition.”

501 1229 436 48 “Supplementary
967 1227 232 49 reading”
1228 1230 52 39 at
1310 1228 82 41 the
1421 1229 92 40 end
1542 1228 55 41 of
1624 1228 120 41 each
1774 1228 216 48 chapter.

501 1284 313 42 “Additional
842 1284 153 41 books
1020 1284 81 41 for
1130 1285 82 41 the
1242 1295 85 30 use
1356 1284 54 41 of
1438 1284 82 41 the
1550 1283 225 42 teacher”:
1835 1296 44 37 p.
1908 1283 220 42 360-380.

432 1352 52 52 ©
516 1356 129 48 Sept.
673 1354 69 48 10,
772 1354 141 41 1929:
945 1354 69 41 2c.
1045 1355 96 40 and
1171 1353 82 42 aff.
1282 1355 119 40 Nov.
1431 1354 55 41 23;
1547 1355 40 39 A
1616 1353 147 42 16044;
1822 1354 285 48 University
2138 1354 51 39 of
2221 1352 211 49 Chicago

500 1421 151 38 press.
716 1410 283 50 (29-25935)

427 1513 402 66 Bonnechose,
877 1513 286 56 Francois
1210 1514 147 54 Paul
1404 1503 191 64 Émile
1642 1514 434 53 Boisnormand
2125 1514 88 64 de,
2265 1519 171 50 1801-

504 1590 151 55 1875.

560 1665 1874 81 … France, revised and edited from the work of Émile de
429 1752 2009 72 Bonnechose by Fred Morrow Fling … [Memorial ed.] New
428 1830 1412 70 York, P. F. Collier & son company [ ᶜ19 28]
430 1912 1991 107 xvii, 560 p. front., illus. (maps) plates, col. port. 23ᶜᵐ. (The history of nations, H. C. Lodge … editor-in-chief, vol. IX)
500 2040 334 50 Frontispiece
866 2043 97 40 and
993 2042 193 41 colored
1218 2040 213 51 portrait
1462 2041 345 50 accompanied
1840 2042 61 47 by
1933 2042 156 48 guard
2123 2042 162 40 sheets
2319 2040 120 42 with

429 2098 293 49 descriptive
747 2100 303 48 letterpress.

501 2154 350 50 Bibliography:
908 2168 45 37 p.
984 2155 251 51 [551]-560.

435 2223 52 52 ©
513 2227 118 41 Nov.
658 2226 39 50 6,
722 2226 119 42 1928;
892 2227 56 41 2c
990 2227 129 48 Sept.
1144 2227 70 48 30,
1241 2227 115 41 1929;
1411 2227 83 41 aff.
1522 2227 103 41 Oct.
1651 2226 59 42 30;
1765 2228 42 39 A
1833 2227 144 41 13887;
2033 2228 50 40 P.
2111 2228 53 40 F.
2192 2226 180 41 Collier
2399 2227 37 40 &

504 2293 87 30 son
615 2294 68 30 co.
754 2283 283 49 (29-21125)

428 2374 267 67 Bonseis,
721 2375 359 66 Waldemar,
1111 2383 171 50 1881-

499 2454 123 54 The
667 2455 343 54 adventures
1055 2455 65 54 of
1163 2457 176 68 Maya
1385 2457 95 53 the
1524 2457 115 65 bee,
1684 2457 77 69 by
1803 2457 334 54 Waldemar
2181 2455 257 69 Bonsels,

429 2530 326 56 illustrated
788 2532 78 69 by
897 2534 154 53 Vera
1085 2533 175 54 Bock.
1335 2535 139 53 New
1510 2535 182 65 York,
1725 2535 71 53 A.
1830 2538 47 50 &
1912 2535 63 55 C.
2010 2535 168 67 Boni,
2216 2538 149 50 1929.

500 2613 1183 51 6 p. l., 224 p. illus., 6 col. double pl. 24ᶜᵐ.
502 2670 130 41 “The
662 2670 297 43 translation
988 2671 55 41 of
1072 2671 99 41 this
1200 2672 124 40 book
1354 2682 102 31 was
1488 2673 141 39 made
1658 2672 62 47 by
1753 2672 150 41 Adele
1935 2672 141 40 Szold
2109 2672 211 46 Seltzer;
2355 2672 83 40 the

431 2736 163 38 poems
625 2738 128 29 were
784 2728 124 39 done
937 2726 104 42 into
1074 2727 204 48 English
1309 2728 61 47 by
1404 2727 188 41 Arthur
1624 2727 333 42 Guiterman.”

437 2779 52 52 ©
521 2784 118 41 Nov.
671 2783 70 49 19,
773 2784 142 47 1929;
948 2784 70 41 2c.
1051 2785 119 40 Nov.
1203 2784 83 48 25;
1321 2784 82 41 aff.
1436 2785 120 40 Nov.
1589 2784 83 48 20;
1708 2785 40 39 A
1781 2784 172 48 17009;
1989 2785 211 40 Thomas
2236 2784 199 48 Seltzer,

504 2839 92 41 inc.
666 2839 283 50 (29-25964)

425 2931 239 66 Botkin,
696 2932 165 55 Gli͡eb
892 2933 418 67 Evgen'evich,
1345 2940 172 51 1900-

500 3008 1940 73 The God who didn’t laugh [by] Gleb Botkin. New York,
430 3086 229 69 Payson
686 3088 46 52 &
759 3086 209 56 Clarke
994 3089 124 68 ltd.,
1147 3092 151 51 1929.

502 3166 561 52 3 p. l., 326 p. 19½ᶜᵐ.
438 3221 52 53 ©
522 3225 129 49 Sept.
679 3226 40 49 7,
748 3225 118 43 1929;
920 3227 68 43 2c.
1021 3227 129 49 Sept.
1179 3227 83 48 10;
1294 3228 82 42 aff.
1409 3229 128 49 Sept.
1567 3230 83 48 11;
1684 3230 41 40 A
1754 3229 171 48 13852;
1957 3230 194 47 Payson
2179 3233 36 41 &
2245 3227 192 45 Clarke,

505 3282 88 40 ltd.
659 3282 283 49 (29-23488)

429 3374 130 64 Boy
586 3378 206 52 scouts
816 3376 66 54 of
910 3377 297 57 America.

502 3450 1939 77 Handbook for boys … New York city, The Boy scouts of
431 3526 267 56 America [ᶜ1929]
504 3609 948 53 1 p. l., 646 p. illus., diagrs. 18ᶜᵐ.
506 3664 236 42 Contains
774 3668 306 50 advertising
1110 3673 195 38 matter.

505 3720 255 43 Half-title:
825 3723 211 42 Revised
1070 3725 259 42 handbook
1363 3726 79 41 for
1477 3728 132 47 boys.
1672 3729 77 41 1st
1783 3729 87 47 ed.,
1908 3728 144 41 ninth
2087 3727 233 49 printing,
2356 3736 90 31 one

435 3776 223 41 hundred
688 3778 245 42 thousand
964 3780 176 49 copies.

505 3832 287 48 Previously
824 3835 259 47 published
1115 3839 155 39 under
1303 3838 136 40 title:
1474 3839 102 41 The
1612 3840 175 40 official
1821 3841 260 39 handbook
2114 3839 79 40 for
2226 3840 133 45 boys.

438 3884 52 52 ©
519 3888 115 49 Apr.
662 3891 41 41 4,
734 3891 141 48 1929;
907 3893 68 40 2c.
1006 3895 95 38 and
1132 3894 82 42 aff.
1245 3895 117 40 Nov.
1393 3895 83 48 22;
1509 3896 42 40 A
1581 3897 172 48 14968;
1789 3898 104 47 Boy
1925 3899 164 40 scouts
2121 3897 53 40 of
2201 3893 240 41 America.

517 3944 282 53 (29-25929)
