2582 4377
1407 4023 67 52 80

426 374 214 64 Tilton,
675 373 229 64 George
940 372 172 64 Fred,
1150 377 172 50 1861-

501 451 220 68 “Cap’n
749 450 223 69 George
999 449 190 54 Fred”
1215 447 253 68 himself,
1493 448 77 67 by
1599 446 252 69 Captain
1879 446 223 70 George
2128 447 153 52 Fred
431 446 1974 150 Tilton;
585 528 381 53 illustrations

994 526 152 53 from
1172 526 297 68 paintings
1497 525 113 52 and
1637 524 290 69 drawings
1953 524 77 70 by
2055 525 202 68 Harry
2281 524 149 70 Ney-

435 607 136 52 land
591 607 112 52 and
724 605 152 53 from
895 604 413 69 photographs.
1398 602 165 54 With
1582 621 73 33 an
1672 602 393 53 introduction
2081 603 75 68 by
2172 602 80 52 M.
2272 602 72 52 D.
2365 602 63 55 C.

432 683 323 55 Crawford.
831 682 235 54 Garden
1098 681 153 68 City,
1283 680 71 52 N.
1389 680 91 68 Y.,
1513 680 358 69 Doubleday,
1903 680 200 52 Doran
2137 680 113 53 and
430 698 1979 132 company,
634 760 127 67 inc.,
794 762 151 50 1928.

565 837 1867 53 xv p., 1 l., 295 p. col. front., illus., plates (1 col.) ports., mounted map.
431 899 56 41 23½ᶜᵐ.

501 969 290 40 Illustrated
825 966 365 50 lining-papers.

503 1025 163 41 “First
696 1023 228 42 edition.”

503 1082 40 39 A
577 1081 192 49 portion
804 1080 52 41 of
891 1079 138 41 “Life
1061 1080 96 40 and
1192 1080 296 40 adventures
1523 1079 53 40 of
1610 1078 211 49 Captain
1856 1079 185 49 George
2077 1080 126 40 Fred
2239 1080 193 40 Tilton”

434 1138 196 40 written
657 1138 60 47 by
742 1138 181 47 Joseph
950 1136 157 41 Chase
1133 1136 141 40 Allen
1299 1135 80 40 for
1405 1137 83 39 the
1513 1135 247 48 Vineyard
1788 1137 191 45 gazette
2005 1146 208 38 appears
2240 1147 55 30 as
2321 1139 112 45 part

431 1194 53 41 of
510 1194 100 41 this
639 1194 138 41 book.
836 1194 61 48 cf.
926 1193 138 40 Note.

433 1262 52 52 ©
513 1267 118 39 Nov.
659 1266 69 43 16,
756 1265 115 40 1928;
926 1265 67 40 2c.
1022 1265 96 39 and
1145 1275 25 29 a
1177 1263 51 41 ff.
1257 1264 109 40 Jan.
1394 1263 70 48 16,
1493 1263 115 40 1929;
1666 1263 40 39 A
1733 1263 114 41 3763;
1908 1264 52 40 G.
1991 1264 52 41 F.
2071 1264 178 43 Tilton,
2281 1263 151 41 South

500 1322 312 48 Dartmouth,
849 1323 146 38 Mass.
1071 1320 251 49 (29-2360)

422 1416 362 56 Transition.

498 1495 335 53 Transition
873 1495 219 64 stories,
1131 1494 404 68 twenty-three
1575 1494 200 53 stories
1818 1493 153 53 from
2014 1492 422 70 “Transition”,

429 1574 239 54 selected
704 1574 112 53 and
852 1573 189 54 edited
1075 1573 75 69 by
1186 1573 236 68 Eugene
1457 1572 162 55 Jolas
1655 1573 114 53 and
1804 1572 218 53 Robert
2060 1571 163 71 Sage.
2295 1572 140 54 New

431 1653 180 67 York,
642 1653 91 53 W.
767 1654 70 51 V.
872 1652 237 67 McKee,
1146 1654 150 50 1929.

497 1734 525 49 xii, 354 p., 1 l. 20 ᶜᵐ.
434 1789 54 52 ©
519 1794 110 38 Jan.
663 1792 67 42 18,
763 1791 116 40 1929;
938 1792 67 40 2c.
1039 1792 109 40 Jan.
1182 1791 82 46 18;
1300 1790 83 40 aff.
1416 1791 111 39 Jan.
1561 1791 82 39 23;
1680 1790 35 40 A
1752 1790 141 39 3882;
1929 1791 189 40 Waller
2152 1791 52 39 V.
2241 1791 193 47 McKee,

499 1848 89 41 inc.
659 1848 252 46 (29-2249)

431 1943 217 63 Vance,
676 1942 202 53 James
906 1943 187 61 Isaac,
1126 1947 170 50 1862-

501 2020 141 52 This
687 2020 285 59 dreamer;
1020 2020 293 52 addresses
1356 2038 72 33 on
1472 2019 302 69 achieving
1818 2019 171 66 faith,
2031 2019 76 67 by
2149 2019 194 54 James
2387 2020 48 51 I.

431 2096 1981 148 Vance … New York, Chicago [etc.] Fleming H. Revell company [ ᶜ19 29]
498 2260 278 49 157 p. 19½ ᶜᵐ.
433 2313 52 52 ©
513 2317 110 41 Jan.
651 2318 69 46 12,
749 2316 141 47 1929;
921 2318 66 38 2c.
1017 2317 96 39 and
1142 2316 82 42 aff.
1254 2317 110 40 Jan.
1394 2316 81 47 19;
1509 2316 39 39 A
1575 2316 142 47 2919;
1748 2316 221 48 Fleming
1998 2317 60 40 H.
2089 2316 168 40 Revell
2285 2327 68 30 co.

510 2373 251 48 (29-2123)

427 2468 216 54 Verein
676 2468 318 53 deutscher
1027 2469 363 64 Ingenieure,
1423 2469 218 52 Berlin.

497 2547 327 68 Hydraulic
856 2548 331 69 laboratory
1217 2547 266 69 practice,
1515 2547 352 70 comprising
1898 2567 30 34 a
1960 2547 363 63 translation,

430 2566 1984 113 revised
634 2632 58 47 to
742 2629 150 58 1929,
940 2626 64 53 of
1051 2626 110 53 Die
1207 2625 708 55 wasserbaulaboratorien
1965 2627 283 69 Europas,
430 2627 1982 131 published
646 2703 56 54 in

742 2708 133 49 1926
907 2706 75 68 by
1016 2704 211 54 Verein
1262 2705 297 53 deutscher
1592 2703 357 70 Ingenieure;
1986 2705 300 70 including
2320 2706 117 54 also

429 2783 379 68 descriptions
859 2783 64 53 of
973 2785 162 51 other
1186 2783 307 68 European
1545 2785 112 51 and
1707 2783 307 54 American
2065 2783 372 54 laboratories

431 2863 112 53 and
583 2868 159 49 notes
783 2881 70 34 on
894 2862 94 53 the
1029 2862 203 70 theory
1272 2861 64 55 of
1375 2861 380 69 experiments
1794 2862 141 54 with
1975 2863 232 65 models,
2248 2861 189 56 edited

429 2941 75 67 by
540 2942 156 53 John
734 2941 68 52 R.
841 2942 296 51 Freeman.
1213 2941 140 52 New
1391 2940 180 59 York,
1609 2941 70 52 N.
1718 2942 90 57 Y.,
1849 2942 123 53 The
2007 2941 307 54 American
430 2960 1982 128 society

606 3019 65 54 of
699 3020 349 52 mechanical
1077 3019 311 70 engineers,
1421 3022 150 49 1929.

502 3100 99 46 xxi,
630 3100 85 41 868
744 3111 43 37 p.
848 3100 142 46 illus.,
1020 3101 141 47 plans
1189 3099 134 49 (part
1353 3100 198 47 double)
1589 3100 180 48 diagrs.
1829 3100 57 41 29½ᶜᵐ.

503 3157 350 48 Bibliography
877 3159 52 38 at
953 3158 91 40 end
1072 3157 52 40 of
1147 3160 126 37 most
1300 3157 52 40 of
1378 3157 82 40 the
1485 3158 243 47 chapters.

436 3211 52 52 ©
521 3215 110 39 Jan.
663 3215 38 46 7,
734 3214 142 42 1929;
909 3215 69 39 2c.
1009 3215 96 39 and
1137 3213 83 42 aff.
1253 3214 110 40 Jan.
1395 3214 52 45 8;
1481 3215 41 38 A
1553 3214 142 46 2844;
1729 3215 159 39 Amer.
1924 3225 92 29 soc.
2052 3215 51 40 of
2135 3214 301 41 mechanical

503 3271 265 47 engineers.
840 3270 252 49 (29-2045)

424 3362 244 65 Walter,
713 3364 251 54 Mildred
1010 3364 223 56 Walke.

565 3443 1874 72 … Thrift education through school savings, based chiefly
431 3522 1982 147 on Boston experiences, by Mildred Walke Walter … [Boston] 1928.
434 3681 1986 105 70, [2] p. illus. 23 ᶜᵐ. (Co-operative social research by Simmons college and the Women’s
1113 3738 309 42 educational
1463 3741 95 38 and
1597 3739 266 41 industrial
1904 3739 162 40 union.
2141 3739 183 48 Report
2362 3751 76 28 no.

491 3796 14 48 IV)

507 3854 249 40 “Selected
789 3853 338 48 bibliography
1162 3865 60 28 on
1256 3854 163 40 school
1454 3853 225 47 savings”:
1744 3865 43 36 p.
1823 3853 158 42 65-70.

438 3906 1998 53 © Jan. 2, 1929; 2c. and aff. Jan. 3; A 2768; Women’s educational and
505 3966 266 42 industrial
800 3968 162 40 union.
1031 3967 250 50 (29-2230)
