2582 4377
0 0 0 0 110
376 394 351 64 Rushmore,
759 393 157 54 Elsie
948 393 281 64 Mitchell,
1265 398 170 49 1883-

447 473 183 69 Songs
694 474 113 52 and
869 474 162 52 other
1093 490 202 49 verses,
1356 470 76 71 by
1495 471 155 55 Elsie
1711 470 262 55 Mitchell
2038 473 333 52 Rushmore.

379 551 302 68 [Madison,
715 551 69 52 N.
821 551 74 66 J.]
935 550 157 53 Priv.
1131 550 174 68 print.
1349 549 241 67 [Golden
1624 549 165 54 Hind
1827 568 173 49 press]
2046 554 150 50 1928.

443 631 597 50 6 p. l., 29, [1] p. 24 ᶜᵐ .
445 703 94 41 “Of
579 703 98 40 this
722 703 190 40 volume
954 713 89 29 one
1085 702 221 39 hundred
1351 701 169 48 signed
1562 702 97 39 and
1701 701 264 40 numbered
2009 702 95 39 and
2149 703 96 39 two

374 713 1981 88 unnumbered
675 759 158 48 copies
869 759 80 40 for
984 758 254 48 copyright
1274 758 125 40 have
1434 759 120 39 been
1590 757 195 49 printed
1822 759 97 39 and
1955 760 81 39 the

373 759 1982 106 type redistributed … [Signed] Elsie M. Rushmore.”
378 885 51 52 ©
458 890 112 40 Dec.
596 889 70 47 24,
693 888 141 45 1928;
864 888 67 39 2c.
960 888 109 39 Jan.
1098 887 39 47 5,
1165 886 141 40 1929:
1337 886 82 41 aff.
1448 887 111 39 Jan.
1585 887 54 46 4;
1670 886 40 39 A
1738 886 140 47 3531;
1911 888 53 40 E.
1994 888 62 40 M.
2086 887 285 43 Rushmore,

444 946 261 48 Brooklyn.
773 943 253 51 (29-2941)

374 1054 315 63 Seabrook,
719 1053 254 54 William
1005 1053 273 64 Buehler,
1313 1054 170 54 1887-

441 1133 121 52 The
609 1131 187 70 magic
844 1131 206 67 island,
1099 1131 75 69 by
1222 1131 90 54 W.
1364 1133 67 50 B.
1485 1131 316 67 Seabrook;
1854 1131 325 53 illustrated
2230 1131 139 53 with

373 1210 290 68 drawings
691 1209 76 69 by
795 1208 330 54 Alexander
1155 1209 162 69 King
1348 1209 113 53 and
1493 1209 394 68 photographs
1917 1207 76 70 by
2022 1208 97 54 the
2149 1209 222 52 author.

373 1287 1586 69 New York, Harcourt, Brace and company [ ᶜ192 9]
477 1369 1536 49 x, 336 p. front., illus. (incl. music) plates, ports. 22½ ᶜᵐ .
442 1442 306 40 Adventures
792 1441 96 39 and
932 1440 263 40 emotional
1239 1440 310 48 experiences
1594 1440 53 40 of
1690 1451 61 29 an
1799 1440 255 40 American
2100 1440 178 40 author
2323 1439 47 41 in

372 1498 154 41 Haiti.

375 1566 51 53 ©
462 1571 109 39 Jan.
604 1570 40 47 3,
678 1569 141 41 1929:
854 1569 67 40 2c.
955 1569 111 40 Jan.
1099 1570 82 46 31;
1219 1568 82 42 aff.
1336 1569 109 40 Jan.
1478 1569 83 41 29;
1597 1569 41 39 A
1670 1569 142 47 4162;
1850 1569 261 49 Harcourt,
2147 1569 155 39 Brace
2337 1569 37 39 &

441 1638 81 37 co.,
553 1627 91 40 inc.
711 1626 252 50 (29-2970)

375 1734 310 63 Sherman,
720 1734 223 53 Harold
978 1735 79 54 M.

368 1811 1975 134 Flashing steel, by Harold M. Sherman … New York, Grosset &
561 1891 449 68 Dunlap [ ᶜ192 9]
447 1971 1005 50 4 p. l., 264 p. front., plates. 19½ ᶜᵐ .
375 2039 1916 53 © Jan. 28, 1929; 2c. and aff. Jan. 30; A 5017; Grosset & Dunlap, inc.
449 2100 251 48 (29-2812)

374 2208 242 65 Sisters,
651 2210 278 52 servants
962 2208 64 54 of
1059 2209 102 54 the
1195 2208 378 55 immaculate
1605 2209 175 54 heart
1813 2208 64 55 of
1908 2210 191 64 Mary.

441 2287 103 68 My
577 2306 148 34 mass
757 2287 148 53 book
962 2288 75 68 [by]
1094 2289 96 52 the
1227 2288 228 67 Sisters,
1489 2294 256 48 servants
1782 2287 65 54 of
1880 2289 96 53 the
2011 2288 361 54 immaculate

372 2364 1903 70 heart of Mary. New York, The Macmillan company, 1929.
442 2447 1468 50 viii, 79 p. col. front., illus. (part col.) col. pl. 19½ᶜᵐ.
441 2519 203 41 Preface
676 2519 196 49 signed:
906 2520 122 40 Wm.
1060 2520 45 41 J.
1136 2520 180 48 Kerby.

372 2584 1718 53 © Jan. 15, 1929; 2c. and aff. Jan. 16; A 3743; Macmillan co.
451 2645 252 51 (29-3151)

368 2754 311 65 Specking,
714 2756 155 54 Inez.

442 2832 179 54 What
649 2834 110 53 else
787 2833 47 55 is
864 2835 157 52 there
1037 2834 19 53 ?
1133 2834 56 53 A
1216 2837 167 51 novel
1411 2836 76 71 by
1514 2836 136 53 Inez
1683 2835 304 71 Specking.
2065 2835 83 55 St.
2177 2836 193 69 Louis,

371 2912 116 53 Mo.
517 2913 112 52 and
657 2913 259 65 London,
943 2914 67 52 B.
1037 2913 229 54 Herder
1292 2915 148 53 book
1468 2934 99 49 co.,
1597 2917 150 54 1929.

447 2993 25 38 2
500 3003 44 38 p.
605 3025 8 16 l.,
640 2993 86 42 258
750 3005 44 38 p.
854 2994 145 41 19½ᶜᵐ.

374 3059 51 52 ©
455 3064 111 39 Jan.
592 3064 70 47 30,
692 3064 140 47 1929;
863 3066 67 40 2c.
960 3066 111 40 Feb.
1098 3067 54 46 4;
1184 3066 82 42 aff.
1298 3067 109 41 Feb.
1437 3068 53 44 2;
1522 3067 41 39 A
1591 3067 141 47 4211;
1765 3068 53 39 B.
1849 3068 191 39 Herder
2069 3067 123 40 book
2222 3078 68 30 co.

451 3119 252 50 (29-3186)

373 3213 313 65 Stoddard,
714 3215 243 64 Dwight
985 3216 261 65 Lincoln,
1276 3222 171 50 1864-

443 3290 153 55 Steel
619 3310 201 51 square
844 3294 203 67 pocket
1070 3294 175 68 book;
1275 3314 31 34 a
1331 3296 275 67 practical
1633 3296 113 53 and
1771 3296 197 69 handy
1992 3296 230 53 treatise
373 3296 1974 141 giving

503 3370 96 52 the
628 3370 122 53 best
781 3372 260 53 methods
1074 3372 65 53 of
1170 3373 170 69 using
1370 3374 97 52 the
1500 3373 344 69 carpenter’s
1876 3374 137 52 steel
2046 3390 218 51 square,
2296 3372 77 69 by

371 3446 241 70 Dwight
653 3448 63 53 L.
763 3448 309 55 Stoddard.
1150 3452 98 51 4th
1294 3452 103 67 ed.,
1439 3471 133 48 rev.,
1616 3453 106 52 enl.
1767 3452 112 53 and
1923 3451 243 68 entirely
2211 3456 158 47 reset.

371 3524 137 54 New
542 3525 181 69 York,
755 3526 290 56 Scientific
1074 3528 148 54 book
1252 3530 383 68 corporation,
1670 3532 150 51 1929.

440 3608 1185 52 viii, 181 p. incl. front., illus., diagrs. 15 ᶜᵐ .
375 3673 51 52 ©
458 3677 110 41 Jan.
599 3679 68 47 11,
700 3679 141 48 1929;
873 3681 68 41 2c.
972 3683 97 39 and
1099 3682 82 41 aff.
1214 3683 110 40 Jan.
1355 3683 82 47 12;
1470 3683 41 39 A
1542 3683 141 47 2814;
1722 3682 243 42 Scientific
1995 3683 124 39 book

442 3692 1910 83 corporation.
625 3735 251 49 (29-3135)

375 3831 122 51 The
523 3829 207 64 Sunny
753 3850 148 50 mag.
977 3852 50 34 v.
1059 3836 45 65 8,
1129 3853 88 34 no.
1245 3838 84 63 44,
1354 3834 154 70 Feb.,
1537 3838 150 50 1929.

375 3906 1993 59 © 1c. Feb. 15, 1929; A ad int. 12338; pubd. Jan. 18; George Newnes,
441 3968 101 47 ltd.,
569 3967 213 43 London.
