2533 4342
1305 4061 135 53 1370

385 471 300 55 Canadian
718 472 322 53 committee
1071 491 72 33 on
1175 474 237 51 modern
1445 474 331 68 languages,
1808 474 77 69 by
1916 472 71 55 Y.
2020 473 72 52 A.
2129 472 62 56 C.
382 473 1977 145 Henmon,

563 548 1819 71 John E. Bohan, Carl C. Brigham … [and others] New
383 627 1196 70 York, The Macmillan company, 1929.
447 707 1933 50 xviii, 182 p. incl. illus., tables, diagrs. 24 ᶜᵐ . (On cover: Publications
378 764 52 41 of
455 766 81 39 the
562 765 258 39 American
844 765 96 39 and
967 764 254 41 Canadian
1246 765 300 40 committees
1572 776 61 30 on
1659 766 200 40 modern
1882 768 281 46 languages,
2223 779 43 29 v.
2291 767 81 49 14)

380 817 1771 53 © Aug. 27, 1929; 2c. and aff. Aug. 28; A 13097; Macmillan co.
456 877 280 49 (29-18472)

381 942 229 66 Müller,
643 944 287 65 Walther,
965 949 172 51 1888-

443 1021 1937 70 Biologie der gelenke, von prof. dr. Walther Müller … mit
371 1103 67 49 45
465 1099 389 69 abbildungen
880 1100 80 52 im
987 1106 139 48 text.
1188 1101 259 69 Leipzig,
1474 1102 56 54 J.
1559 1102 72 53 A.
1661 1103 204 67 Barth,
1896 1105 151 50 1929.

440 1181 965 50 vii, [1], 170 p. illus., diagrs. 25 ᶜᵐ .
443 1238 103 39 “Im
570 1240 203 46 engsten
795 1239 286 40 anschlusse
1107 1240 98 39 und
1230 1241 145 38 unter
1399 1240 262 39 denselben
1684 1239 434 49 gesicbtspunkten

374 1241 2005 103 geschrieben wie der erste band, die im jahre 1924 im verlage von … Barth
372 1352 314 39 erschienene
725 1352 241 40 ‘Normale
1008 1353 98 39 und
1146 1352 365 48 pathologische
1552 1352 301 49 physiologie
1893 1354 82 40 des
2015 1353 363 41 knochens’.”—

371 1409 238 40 Vorwort.

444 1465 308 41 “Literatur”:
811 1476 43 38 p.
888 1464 249 51 [154]-163.

376 1519 1998 52 © Mar. 27, 1929; 1c. June 28; A —Foreign 3619; Johann Ambrosius
445 1580 170 39 Barth.
684 1580 281 49 (29-18375)

375 1647 146 52 New
550 1646 162 52 York
741 1647 286 62 academy
1057 1646 64 53 of
1148 1645 307 54 medicine.
1529 1648 266 67 Library.

438 1724 215 52 Dental
684 1724 439 69 bibliography;
1162 1742 31 33 a
1227 1723 289 53 reference
1551 1724 175 52 index
1758 1729 58 48 to
1851 1725 96 52 the
1982 1724 299 54 literature
2315 1724 64 53 of

369 1802 195 52 dental
602 1802 214 53 science
855 1802 113 52 and
1009 1807 90 46 art
1139 1820 61 34 as
1239 1801 183 53 found
1461 1801 61 52 in
1560 1802 97 52 the
1694 1801 265 54 libraries
1999 1801 64 54 of
2102 1803 98 52 the
2237 1802 141 53 New

370 1879 163 53 York
568 1880 270 69 academy
875 1879 64 53 of
973 1879 281 53 medicine
1290 1880 113 52 and
1443 1879 307 53 Bernhard
1785 1878 165 55 Wolf
1986 1879 392 69 Weinberger,

368 1956 2010 70 compiled by Bernhard Wolf Weinberger … 2d ed. [New
369 2035 181 67 York]
599 2034 143 54 Pub.
786 2035 182 53 under
1012 2036 96 51 the
1152 2035 255 68 auspices
1451 2034 64 53 of
1560 2036 98 51 the
1703 2034 159 53 First
1908 2035 228 53 district
2182 2036 195 52 dental

367 2113 1081 69 society, state of New York [ ᶜ192 9]
438 2195 364 48 183 p. 23½ ᶜᵐ .
441 2252 124 39 “For
603 2252 86 40 the
724 2252 118 39 sake
882 2251 51 40 of
973 2253 364 47 completeness,
1378 2250 41 41 it
1458 2261 100 30 was
1600 2250 156 41 found
1798 2250 252 41 advisable
2091 2253 50 38 to
2184 2251 192 41 include

370 2319 77 37 my
479 2319 109 30 own
625 2308 384 50 [Weinberger’s]
1045 2307 267 49 collection,
1347 2317 54 31 as
1436 2307 99 41 this
1571 2307 102 40 will
1708 2307 278 48 ultimately
2021 2308 58 39 be
2114 2318 27 30 a
2178 2309 114 47 part
2326 2307 52 41 of

370 2367 78 39 the
475 2364 526 49 Academy’s.”—Pref.

375 2419 52 52 ©
458 2423 121 48 Aug.
611 2424 39 47 1,
682 2422 115 41 1929;
855 2423 70 40 2c.
956 2423 97 39 and
1085 2422 83 40 aff.
1202 2422 130 48 Sept.
1364 2423 53 37 11;
1481 2423 42 38 A
1554 2422 145 40 13232;
1761 2422 257 39 Bernhard
2051 2421 131 41 Wolf

440 2420 1915 108 Weinberger,
654 2480 118 40 New
800 2480 145 39 York.
1014 2478 281 49 (29-18368)

373 2546 270 65 Nicollet,
673 2548 191 62 Mary.

502 2623 1873 69 … Les fureurs du colonel; illustrations de A. Galland.
368 2703 710 68 Paris, Hachette [ 1929]
370 2782 1988 108 1 p. l. , [7]-253 p., 1 l. front., illus. 18 ᶜᵐ . (Lettered on cover: Bibliothèque
678 2852 108 29 rose
816 2841 247 48 illustrée)

374 2894 1886 53 © Mar. 20, 1929; 1c. June 7; A—Foreign 3420; Librairie Hachette.
449 2956 281 49 (29-18242)

371 3023 333 63 Nungezer,
734 3021 228 56 Edwin.

435 3100 56 51 A
521 3099 325 69 dictionary
875 3099 64 52 of
969 3104 187 48 actors
1186 3100 113 52 and
1330 3099 64 53 of
1425 3100 163 52 other
1619 3118 236 49 persons
1886 3098 312 53 associated
2230 3097 142 54 with

365 3178 96 51 the
503 3177 194 67 public
739 3178 455 66 representation
1237 3176 65 53 of
1345 3178 166 67 plays
1555 3177 59 52 in
1660 3177 273 69 England
1977 3175 197 54 before
2220 3178 152 64 1642,

365 3254 2003 71 by Edwin Nungezer … New Haven, Yale university press;
365 3332 259 69 London,
652 3333 77 52 H.
761 3332 268 68 Milford,
1061 3332 232 55 Oxford
1323 3333 321 69 university
1674 3351 176 50 press,
1883 3334 150 50 1929.

435 3414 49 40 vi
527 3425 57 38 p.,
629 3416 25 37 1
735 3446 8 16 l.,
786 3415 88 40 438
915 3425 43 37 p.
1019 3414 146 40 22½ᶜᵐ.
1237 3414 302 49 (Half-title:
1584 3414 194 41 Cornell
1825 3413 186 41 studies
2059 3413 50 39 in
2154 3412 218 49 English.

369 3481 123 40 [XIII]
506 3470 14 48 )

436 3528 351 48 Bibliography:
843 3539 44 37 p.
913 3526 221 42 405-438.

372 3581 1994 53 © Aug. 23, 1929; 2c. Sept. 7; aff. Sept. 6; A 13057; Yale univ. press.
447 3641 281 49 (29-18350)

374 3708 131 63 Orr,
537 3707 290 54 Gulielma
856 3709 152 62 Day.

447 3786 162 70 Sally
641 3788 61 51 in
737 3786 182 55 South
952 3786 227 68 Africa,
1209 3787 76 67 by
1317 3785 287 55 Gulielma
1637 3786 133 68 Day
1804 3784 132 69 Orr,
1968 3785 60 53 in

373 3783 1974 134 collaboration
542 3865 141 51 with
727 3865 305 52 Henriette
1079 3864 237 65 Schiele,
1362 3865 328 51 illustrated
1734 3864 76 67 by
1855 3863 297 67 Margaret
2196 3861 174 67 Ayer.

374 3940 1404 72 New York, London, The Century co. [ ᶜ192 9]
