2542 4361
1095 3987 102 56 765

208 420 1107 49 vii, 349 p. illus., col. pl., diagrs. 22½ ᶜᵐ .
142 474 52 52 ©
221 478 114 48 Apr.
363 477 68 47 10,
461 476 114 41 1929;
630 478 68 39 2c.
728 478 114 47 May
868 479 28 37 4;
954 477 82 40 aff.
1065 478 117 46 May
1206 477 56 38 21;
1320 476 41 39 A
1388 476 113 40 9221;
1560 477 58 39 D.
1643 477 107 38 Van
1776 477 248 40 Nostrand
2051 489 81 36 co.,

209 534 92 40 inc.
372 533 279 49 (29-11541)

139 613 159 64 Kite,
331 612 307 52 Elizabeth
670 613 38 53 S
997 617 172 49 1864-
1386 631 179 49 comy.

271 688 1866 70 … L’Enfant and Washington, 1791-1792; published and
138 767 386 68 unpublished
570 767 329 52 documents
947 785 128 34 now
1119 766 252 69 brought
1419 767 260 68 together
1728 766 93 53 for
1869 768 99 52 the
2015 768 125 53 first

139 845 137 52 time
312 845 75 69 by
423 844 301 52 Elizabeth
762 843 57 55 S.
857 844 155 53 Kite.
1083 844 405 53 Introduction
1524 844 77 69 by
1636 844 55 54 J.
1730 845 56 54 J.
1823 845 315 54 Jusserand

137 921 1977 148 … foreword by Charles Moore … Baltimore, The Johns Hopkins press, 1929.
139 1080 1983 99 xi, 182 p. front. (port.) plan, fold. facsim. 26½ᶜᵐ. (Historical documents. Institut
609 1137 1023 48 français de Washington. cahier III )
212 1195 234 41 Contains
479 1196 282 38 documents
796 1195 59 46 by
890 1194 257 48 L’Enfant,
1181 1194 336 47 Washington,
1554 1194 242 41 Jefferson
1832 1196 95 39 and
1962 1197 178 46 others,

142 1252 290 47 concerning
462 1250 282 41 L’Enfant’s
776 1252 114 47 plan
923 1252 94 39 and
1051 1251 83 40 the
1164 1250 168 48 laying
1363 1253 83 38 out
1479 1252 52 39 of
1562 1252 82 39 the
1676 1251 97 47 city
1807 1251 52 40 of
142 1252 1984 98 Washington;

282 1311 104 38 also
414 1319 24 29 a
469 1319 117 37 copy
614 1309 51 39 of
691 1309 83 39 the
801 1308 129 48 plan.

244 1365 232 41 “Sources”
497 1377 8 27 :
538 1376 42 37 p.
609 1365 99 40 182.

143 1420 52 52 ©
219 1424 114 48 Apr.
358 1423 67 47 19,
452 1422 139 48 1929;
617 1422 68 40 2c.
710 1423 95 38 and
830 1421 82 40 aff.
937 1423 114 45 May
1074 1422 54 38 31;
1183 1422 40 38 A
1247 1421 141 48 9068;
1416 1422 210 40 Institut
1644 1422 220 48 français
1889 1424 58 38 de
211 1423 1910 106 Washington,

415 1480 337 47 Washington.
824 1477 281 50 (29-11524)

147 1562 287 53 Lectures
472 1582 73 34 on
584 1563 150 68 legal
774 1562 183 67 topics.
1051 1580 51 34 v.
1145 1564 46 49 6.
1271 1564 327 50 1924-1925.
1672 1562 92 69 By
1803 1561 237 54 Charles
2078 1562 65 51 L.

213 1636 1924 72 Craig, Henry W. Taft, Henry W. Sackett … [and others]
211 1718 139 52 New
379 1717 180 67 York,
585 1717 121 52 The
733 1715 337 53 Macmillan
1099 1733 299 51 company,
1428 1718 151 50 1929.

142 1798 1980 98 viii, 379 p. 22½ ᶜᵐ . (Half-title: Lectures delivered before the Association
272 1857 52 39 of
348 1856 82 40 the
453 1857 88 39 bar
566 1856 51 40 of
641 1856 83 39 the
748 1855 99 48 city
871 1856 53 39 of
947 1855 119 39 New
1089 1855 146 40 York.
1295 1857 93 38 vol.
1473 1856 14 47 VI)

145 1909 52 52 ©
227 1913 128 40 June
381 1913 41 46 4,
454 1911 140 48 1929;
625 1912 67 39 2c.
724 1913 94 38 and
848 1911 84 41 aff.
962 1911 131 41 June
1117 1911 53 48 5;
1202 1912 45 39 A
1271 1911 141 48 9492;
1445 1911 310 41 Association
1784 1911 51 41 of
1863 1913 84 39 the
1973 1913 89 39 bar
2090 1912 52 41 of

213 1970 83 40 the
321 1969 99 48 city
444 1970 52 39 of
521 1969 117 40 New
660 1969 146 40 York.

144 2049 291 58 Mallison,
473 2049 244 64 George.

216 2125 1928 70 Color at home and abroad, by George Mallison … Boston,
143 2203 1336 71 The Christopher publishing house [ ᶜ1 929]
211 2285 369 49 393 p. 20½ ᶜᵐ .
213 2342 376 48 Bibliography:
626 2353 43 37 p.
701 2342 220 42 381-384.

146 2394 52 52 ©
224 2399 115 47 May
362 2398 68 47 10,
456 2398 140 48 1929;
622 2399 67 41 2c.
714 2399 92 39 and
833 2398 83 41 aff.
942 2399 113 47 May
1080 2398 81 47 16;
1188 2399 41 38 A
1252 2398 142 47 9126;
1422 2398 318 48 Christopher
1765 2398 109 48 pub.
1900 2398 163 40 house.

227 2455 282 49 (29-11431)

144 2537 227 63 Mayor,
402 2537 172 52 Flora
605 2536 365 65 Macdonald,
1005 2540 172 51 1872-

143 2613 1975 147 The squire’s daughter, by F. M. Mayor … London, Constable & co. ltd. [1929]
213 2772 564 49 3 p. l., 309 p. 19½ ᶜᵐ .
147 2827 1993 52 © 1c. Apr. 12, 1929; A ad int. 12596; pubd. Feb. 14; Flora Macdonald,
215 2888 212 39 London.
499 2887 280 49 (29-12654)

150 2968 302 63 Michigan
487 2968 285 63 academy
806 2968 65 52 of
904 2967 247 64 science,
1187 2970 131 50 arts
1349 2967 115 52 and
1498 2967 230 55 letters.

214 3043 1929 72 Papers … [v. 10] Editors, Eugene S. McCartney … Peter
146 3122 1867 71 Okkelberg … Ann Arbor, University of Michigan, 1929.
215 3206 116 48 xvii,
364 3206 98 47 620,
495 3206 87 39 viii
612 3217 43 37 p.
715 3206 143 47 illus.,
891 3207 171 48 plates,
1095 3206 155 40 tables
1280 3206 136 48 (part
1444 3206 144 48 fold.)
1615 3205 178 48 diagrs.
1822 3206 140 49 (part
1988 3207 144 49 fold.)

141 3264 117 39 24ᶜᵐ.

147 3315 52 52 ©
225 3320 114 47 Apr.
363 3319 68 48 13,
457 3318 116 41 1929;
622 3319 67 41 2c.
716 3320 114 47 May
854 3321 24 38 1;
935 3319 82 41 aff.
1045 3320 113 47 May
1183 3319 26 40 6;
1260 3319 41 39 A
1325 3318 115 41 9474;
1495 3318 282 49 University
1802 3320 52 39 of
1878 3320 260 47 Michigan,

215 3378 238 46 graduate
479 3376 161 40 school
668 3376 340 48 publications.

208 3442 1916 70 … New York supplement, with key-number annotations.
212 3539 51 33 v.
281 3523 119 49 232.
469 3521 345 52 Permanent
832 3521 84 52 ed.
990 3520 354 69 Containing
1359 3520 95 52 the
1473 3520 276 53 decisions
1767 3520 65 53 of
1848 3522 95 51 the
1964 3520 181 55 Court

213 3597 64 53 of
301 3599 250 67 appeals,
577 3597 279 69 Supreme
876 3600 114 51 and
1012 3600 175 51 lower
1207 3603 187 48 courts
1417 3597 65 53 of
1504 3599 197 52 record
1726 3598 64 53 of
1812 3599 139 53 New
1977 3600 163 52 York

213 3682 159 47 state.
448 3676 263 68 January
733 3677 309 52 28-March
1069 3679 80 65 18,
1176 3679 149 50 1929.
1402 3675 83 55 St.
1512 3677 165 66 Paul,
1699 3677 160 54 West
211 3677 1903 146 publishing
340 3772 98 50 co.,
467 3757 150 50 1929.

210 3836 597 49 Various paging. 26 ᶜᵐ .
147 3888 52 51 ©
227 3894 115 45 May
365 3894 41 44 4,
434 3892 113 40 1929;
601 3894 67 38 2c.
695 3895 96 37 and
820 3894 81 40 aff.
930 3895 127 39 June
1084 3894 57 39 10;
1196 3894 42 38 A
1263 3892 115 41 8599;
1434 3894 134 39 West
1595 3895 108 45 pub.
1732 3905 68 29 co.
