2547 4384
1342 4023 102 54 720

382 384 291 69 [Schütze,
702 385 139 51 Mrs.
877 380 222 64 Gladys
1128 378 320 54 Henrietta
1486 376 351 69 (Raphael)]
1873 380 173 51 1884-

373 450 1980 157 The road to Damascus, by Henrietta Leslie [pseud.] … London,
533 538 270 56 Jarrolds
832 535 223 54 limited
1112 537 152 64 [1929]

441 617 669 53 4 p. l., 11-286 p. 19½ᶜᵐ.
377 665 1998 61 © 1c. Apr. 30, 1929; A ad int. 12676; pubd. Mar. 5; G. H. R. Schütze,
443 733 213 40 London.
728 729 280 50 (29-11576)

377 828 268 65 Skilling,
685 825 257 56 William
981 824 357 64 Thompson.

504 893 1876 80 … Nature-study agriculture; a textbook for beginners, by
371 972 2009 78 William T. Skilling … illustrated with 272 engravings from
373 1059 398 72 photographs
819 1058 113 53 and
979 1055 308 70 drawings.
1370 1055 139 52 Rev.
1558 1053 84 54 ed.
1726 1050 656 69 Yonkers-on-Hudson,

373 1134 1141 73 N. Y., World book company [ ᶜ1 929]
444 1222 82 48 vii,
554 1221 88 42 344
669 1231 44 38 p.
744 1220 111 39 incl.
886 1218 164 48 front.,
1083 1217 129 39 illus.
1382 1247 8 8 19ᶜᵐ.
1461 1213 315 49 (New-world
1808 1211 300 50 agriculture
2140 1211 177 50 series)

446 1275 353 44 “References”
828 1278 53 38 at
910 1275 93 41 end
1030 1273 53 40 of
1112 1275 125 38 most
1266 1272 52 40 of
1346 1272 82 40 the
1457 1270 244 50 chapters.

377 1332 53 53 ©
459 1336 115 48 May
600 1333 69 49 10,
698 1332 142 47 1929;
871 1332 67 41 2c.
969 1332 115 46 May
1111 1330 83 47 14;
1225 1328 82 42 aff.
1336 1329 114 47 May
1479 1328 81 46 17;
1594 1325 40 41 A
1662 1326 141 47 8159;
1835 1325 169 42 World
2033 1326 135 39 Book
2199 1336 67 29 co.

456 1390 281 51 (29-11461)

377 1469 216 65 Smith,
624 1469 224 52 Robert
882 1466 274 55 Edward.

373 1536 2011 237 Searching the Scriptures, by R. E. Smith … for Bible students, study groups, midweek services, training schools, family circles. [Shreveport, La., Printed by Castle printing co.,
431 1784 119 64 ᶜ1 929]
446 1865 99 47 164,
596 1864 41 48 [2]
675 1873 43 38 p.
779 1862 130 39 illus.
938 1858 160 51 (map)
1198 1856 116 44 18½ᶜᵐ.

381 1918 52 52 ©
461 1921 113 40 Mav
600 1921 68 46 11,
695 1918 119 40 1929;
865 1917 69 41 2c.
960 1918 115 45 May
1101 1916 82 45 13;
1213 1913 81 43 aff.
1323 1914 114 47 May
1464 1912 55 40 15;
1575 1912 40 40 A
1642 1911 141 48 8130;
1813 1912 56 40 R.
1896 1912 53 40 E.
1981 1910 170 49 Smith,
446 1909 1919 116 Shreveport,
598 1976 85 41 La.
755 1973 282 49 (29-11365)

381 2055 453 57 Southwestern
864 2060 273 64 reporter.
1216 2053 99 69 (2d
1343 2052 132 68 ser.)
1550 2051 357 70 Temporary
1936 2047 183 57 South
2146 2052 241 49 western

452 2124 1932 82 reporter digest of volumes 6-10 … By the editorial staff
452 2204 1934 81 of the American digest system … St. Paul, West publishing
451 2312 96 36 co..
587 2296 150 52 1929.

455 2375 69 49 iii,
556 2373 90 44 404
677 2385 44 39 p.
892 2407 8 9 24ᶜᵐ.

381 2428 52 53 ©
465 2432 122 42 Mar.
616 2431 70 48 16,
715 2430 144 48 1929;
889 2432 68 39 2c.
989 2431 114 47 May
1131 2428 83 47 25;
1249 2426 81 43 aff.
1361 2427 115 47 May
1505 2425 83 48 24;
1622 2423 40 43 A
1691 2424 141 48 9287;
1866 2424 137 42 West
2032 2424 109 49 pub.
2173 2433 68 31 co.

381 2511 400 67 Spokeshave,
816 2512 195 68 pseud.

448 2588 123 55 The
608 2588 175 70 spirit
820 2586 184 57 forces
1040 2588 206 54 within
1283 2589 97 54 the
1415 2588 180 70 body;
1636 2589 98 53 the
1771 2588 214 53 human
2026 2587 209 70 family
2273 2587 111 54 and

377 2668 128 53 how
533 2672 59 49 to
623 2667 169 53 know
821 2665 174 69 them,
1023 2666 76 69 by
1130 2665 382 71 Spokeshave.
1588 2667 235 69 Boston,
1854 2668 121 52 The
2009 2665 379 70 Christopher

377 2743 775 72 publishing house [ ᶜ1 929]
448 2829 87 40 206
569 2839 43 38 p.
673 2828 131 41 illus.
862 2827 149 44 20½ᶜᵐ.

383 2881 52 52 ©
465 2885 115 48 May
609 2884 69 48 10,
708 2884 142 47 1929;
882 2884 68 41 2c.
981 2887 96 38 and
1108 2884 82 41 aff.
1222 2884 114 49 May
1366 2883 82 49 16;
1480 2884 42 40 A
1552 2884 141 48 9124;
1728 2883 318 43 Christopher
2077 2885 110 48 pub.
2219 2884 163 42 house.

463 2939 280 50 (29-11361)

383 3020 275 65 Warden,
686 3020 249 54 Randall
963 3021 267 64 Duncan,
1259 3023 169 54 1876-
1491 3065 7 7 .
1643 3023 84 53 ed.

451 3098 98 53 An
574 3098 319 53 exhibition
918 3098 334 68 handbook;
1282 3098 212 68 special
1520 3097 479 56 demonstrations
2027 3098 359 68 illustrating

381 3168 2003 155 features of the v work in physical education in the Newark public schools, assembled by Randall D. Warden … Rev. and
385 3331 106 51 enl.
522 3329 84 55 ed.
671 3330 141 53 New
841 3329 182 68 York,
1051 3329 70 53 A.
1155 3329 55 55 S.
1243 3330 218 54 Barnes
1492 3331 113 52 and
1636 3348 297 50 company,
1967 3333 149 50 1929.

450 3411 88 41 107
570 3422 45 37 p.
675 3411 131 41 illus.
867 3410 150 43 22½ᶜᵐ.

454 3466 206 43 Preface
687 3467 196 48 signed:
914 3466 321 50 Department
1263 3466 52 41 of
1342 3467 219 47 physical
1590 3467 271 49 education,
1892 3467 223 48 Newark,
2146 3468 56 40 N.
2232 3467 44 41 J.

388 3519 52 52 ©
467 3523 115 48 Apr.
610 3523 69 48 10,
708 3523 143 47 1929;
880 3523 67 41 2c.
976 3524 114 47 Apr.
1118 3524 82 46 22;
1233 3522 82 42 aff.
1344 3524 117 47 May
1487 3524 53 46 9;
1572 3524 41 38 A
1641 3523 141 48 6996;
1814 3524 54 40 A.
1901 3523 45 41 S.
1977 3523 187 41 Barnes
2195 3523 37 40 &
2259 3534 68 30 co.

465 3576 280 51 (29-11425)

386 3657 312 65 Warwick,
732 3658 259 53 Frances
1025 3658 226 63 Evelyn
1286 3660 292 61 Maynard
1613 3658 271 66 Greville,
1920 3667 254 48 countess
2210 3661 77 69 of.

454 3732 181 56 Life’s
666 3735 103 52 ebb
797 3737 48 50 &
872 3734 145 54 flow.
1097 3735 364 67 [Instalment
1492 3739 48 63 6]

465 3816 83 48 (In
577 3813 212 43 Woman
820 3813 278 53 magazine,
1129 3815 135 51 May,
1299 3814 144 50 1929)

391 3861 1992 65 © 1c. June 17, 1929; A ad int. 12780; pubd. Apr. 20; Frances Evelyn,
460 3926 237 43 Countess
724 3928 52 40 of
802 3928 258 49 Warwick,
1088 3928 252 49 Dunmow,
1370 3930 167 47 Essex,
1567 3930 236 48 England.
