2533 4342
1263 3979 141 51 2140

403 412 1769 54 xlvi, 502 p. incl. front., illus., plans, facsim. fold. map. 15 ½ ᶜᵐ .
403 474 63 40 At
492 474 125 40 head
640 473 54 40 of
718 473 110 41 title:
885 472 138 41 Jules
1051 470 164 44 César.

409 531 93 39 “Le
541 532 134 38 texte
711 539 92 38 que
843 539 122 29 nous
1006 527 225 49 publions
1271 529 74 37 est
1384 526 126 40 celui
1549 537 91 37 que
1680 536 122 29 nous
1843 536 151 29 avons
2035 524 147 41 établi
2224 535 122 39 pour

334 589 140 39 notre
508 586 185 42 édition
728 596 117 30 avec
880 584 298 47 traduction,
1213 582 256 42 collection
1506 582 280 42 Guillaume
1822 580 151 50 Budé,
2014 581 188 41 Société
2239 581 105 41 ‘Les

333 644 149 40 belles
510 642 201 48 lettres’,
740 639 623 43 1926.”—Avertissement.

342 693 1917 56 © June 12, 1929; 1c. Oct. 11: A— Foreign 4773; Librairie Hachette.
419 755 252 51 (30-2786)

334 849 208 65 Cahill,
572 851 138 53 Mrs.
740 847 275 54 Beatrice
1053 845 297 66 (Hunter)

409 927 179 68 Pupil
622 925 300 71 guidance,
953 924 78 70 by
1066 924 262 53 Beatrice
1364 924 231 52 Hunter
1632 922 213 68 Cahill,
1938 966 9 9 M.
2027 965 9 9 A.
2110 923 237 65 Boston,

338 1005 192 67 Mass.,
557 1004 122 52 The
709 1002 266 56 Colonial
1004 1019 177 51 press,
1211 1004 151 50 1929.

407 1087 97 48 xiv,
536 1086 58 41 97
622 1096 44 39 p.
725 1086 118 41 21½ᶜᵐ.

411 1137 1932 53 “The field of investigation and survey … the students in the High
338 1200 163 40 school
530 1199 53 41 of
611 1198 235 49 Reading,
876 1196 542 49 Massachusetts.”—p.
1447 1195 70 42 23.

343 1250 2004 54 © Nov. 16. 1929; 2c. and aff. Dec. 4; A 16547; B. H. Cahill. Melrose
409 1312 292 48 Highlands,
733 1312 149 39 Mass.
949 1309 254 49 (30-1556)

341 1393 307 63 Cameron,
677 1390 136 56 Will
842 1391 53 55 J.

411 1467 1655 71 From Cape Town to the Belgian Congo … by Will
340 1466 1984 150 J. Cameron … [Chicago, ᶜ192 9]
408 1627 1046 51 1 p. l. , 65 p. incl. plates, port. 20 ᶜᵐ .
412 1685 173 41 “From
620 1696 64 29 an
717 1685 204 41 address
955 1684 244 41 delivered
1236 1684 167 41 before
1439 1685 83 40 the
1556 1683 296 41 Executives
1887 1684 108 39 club
2031 1683 53 40 of
2120 1682 225 48 Chicago,

339 1742 171 40 March
545 1741 72 49 29,
655 1741 159 41 1929.”

343 1794 52 52 ©
429 1798 112 40 Dec.
576 1797 68 48 20,
679 1798 142 46 1929;
856 1798 68 41 2c.
960 1799 97 39 and
1091 1797 82 42 aff.
1208 1798 113 41 Dec.
1355 1796 82 48 27;
1477 1798 38 38 A
1549 1796 173 47 16765;
1759 1796 71 40 W.
1868 1796 43 40 J.

1950 1795 250 43 Cameron,
410 1794 1918 109 Chicago.
610 1853 253 50 (30-1583)

334 1930 392 67 Champsaur,
759 1932 275 66 Félicien,
1067 1938 169 50 1859-

464 2010 1882 71 … Nora, la guenon devenue femme. Paris, Ferenczi et fils
337 2093 173 64 [1929]

402 2170 946 50 3 p. l. , [13]-288 p., 1 l. 2 pl. 19 ᶜᵐ .
342 2224 1890 53 © Sept. 10, 1929: 1c. Oct. 18; A—Foreign 4895; J. Ferenczi & fils.
420 2283 252 51 (30-2645)

334 2362 326 67 Chapman,
691 2364 248 64 dowry,
970 2367 173 52 1871-

329 2441 1996 148 The law on advertising, by Clowry Chapman … introduction by
564 2521 248 53 Earnest
829 2521 171 53 Elmo
1021 2520 254 55 Calkins.
1365 2522 140 53 New
1524 2521 165 53 York
1707 2521 113 53 and
1837 2521 263 66 London,
2116 2520 234 68 Harper

327 2599 563 68 & brothers, ᶜ192 9.
402 2681 1465 51 xxviii p., 2 l., 3-495 p. illus. (facsims.) plates. 24 ᶜᵐ .
402 2738 119 41 This
553 2739 136 40 work
721 2738 110 41 first
862 2741 244 47 appeared
1141 2751 53 29 as
1227 2740 103 40 The
1362 2741 96 39 law
1492 2740 52 41 of
1577 2739 308 49 advertising
1914 2740 52 39 in
1997 2741 133 39 what
2165 2740 40 39 is
2239 2750 109 29 now

335 2795 315 48 Advertising
672 2797 96 39 and
795 2796 176 48 selling
994 2796 311 48 fortnightly,
1332 2798 96 39 and
1455 2797 49 39 in
1531 2796 115 42 1908
1673 2798 82 39 the
1782 2794 220 43 author’s
2026 2795 108 42 first
2163 2796 183 41 edition

332 2862 100 29 was
460 2852 256 48 published
741 2853 120 40 with
887 2853 111 41 title
1022 2854 101 39 The
1147 2855 96 38 law
1267 2853 53 40 of
1346 2854 305 48 advertising
1677 2854 95 39 and
1798 2854 143 40 sales,
1996 2853 61 47 cf.
2086 2853 259 40 Foreword

329 2909 98 39 and
448 2909 186 40 Introd.

402 2960 206 45 “Cases”:
670 2976 43 37 p.
734 2965 219 42 407-460.

341 3015 54 53 ©
421 3021 113 41 Dec.
560 3022 70 48 13,
657 3021 114 41 1929;
827 3022 68 41 2c.
922 3024 97 39 and
1046 3022 82 41 aff.
1156 3024 113 39 Dec.
1296 3023 55 40 16;
1407 3023 41 39 A
1474 3022 144 42 16579;
1678 3023 49 42 C.
1758 3023 265 48 Chapman,
2052 3024 117 38 New
2196 3023 147 39 York.

418 3075 251 50 (30-3309)

334 3157 367 64 Chevenard,
728 3158 221 56 Pierre.

402 3232 254 69 Analyse
698 3234 463 70 dilatométrique
1208 3237 96 52 des
1350 3236 338 68 matériaux,
1737 3257 103 49 par
1884 3237 198 53 Pierre

332 3236 2011 134 Chevenard … Préface de Ch.-Ed. Guillaume … Paris, Dunod,
334 3391 149 50 1929.

401 3470 1281 53 2 p. l. , [vii]-viii, 79 p. incl. illus.. diagrs. 27 ᶜᵐ .
403 3526 422 50 “Bibliographie”:
886 3539 44 38 p.
964 3530 191 49 [73]-75.

341 3579 1824 57 © July 22, 1929; 1c. Oct. 4; A—Foreign 4654; Dunod. (30-2924)
333 3661 196 64 Clark,
561 3663 232 54 Marion
829 3665 66 56 G.

399 3737 1937 74 Westward toward America, by Marion G. Clark … and
327 3813 1566 74 Wilbur Fisk Gordy … New York, Boston [etc.]
1931 3821 63 55 C.
2027 3821 314 55 Scribne’s

328 3897 361 63 sons [ ᶜ192 9]
