<alto xmlns="http://www.loc.gov/standards/alto/ns-v3#" xmlns:xlink="http://www.w3.org/1999/xlink" xmlns:xsi="http://www.w3.org/2001/XMLSchema-instance" xsi:schemaLocation="http://www.loc.gov/standards/alto/ns-v3# http://www.loc.gov/alto/v3/alto-3-0.xsd"><Description>
<MeasurementUnit>pixel</MeasurementUnit>
<sourceImageInformation>
<fileName>1929_v26_part001.pdf</fileName>
</sourceImageInformation>
<OCRProcessing ID="IdOcr">
<ocrProcessingStep>
<processingDateTime>2019-04-18</processingDateTime>
<processingSoftware>
<softwareCreator>ABBYY</softwareCreator>
<softwareName>ABBYY Recognition Server</softwareName>
<softwareVersion>4.0</softwareVersion>
</processingSoftware>
</ocrProcessingStep>
</OCRProcessing>
</Description>
<Styles>
<ParagraphStyle ID="StyleId-FFFFFFFF-FFFF-FFFF-FFFF-FFFFFFFFFFFF-" ALIGN="Left" LEFT="0." RIGHT="0." FIRSTLINE="0."/>
<ParagraphStyle ID="StyleId-11A520CB-49B0-4D42-A675-089886D5B704-" ALIGN="Center" LEFT="0." RIGHT="0." FIRSTLINE="0." LINESPACE="7.699999809"/>
<ParagraphStyle ID="StyleId-2AEC4724-E584-48A1-8E6D-86B1AA154223-" ALIGN="Left" LEFT="0." RIGHT="0." FIRSTLINE="0." LINESPACE="12.19999981"/>
<ParagraphStyle ID="StyleId-5ADCDE1D-F34B-405C-A765-E9B51F6229BD-" ALIGN="Left" LEFT="0." RIGHT="0." FIRSTLINE="-13." LINESPACE="8.050000191"/>
<ParagraphStyle ID="StyleId-D0AEFB96-F81D-4367-8545-C0AC945FA34C-" ALIGN="Block" LEFT="0." RIGHT="0." FIRSTLINE="-13." LINESPACE="8.899999619"/>
<ParagraphStyle ID="StyleId-9A3BB592-4BA4-4F85-B157-B9A7F1FC9680-" ALIGN="Left" LEFT="0." RIGHT="0." FIRSTLINE="0."/>
<ParagraphStyle ID="StyleId-E9D6144A-CFDC-4919-911D-02B0461DB967-" ALIGN="Left" LEFT="0." RIGHT="0." FIRSTLINE="-13." LINESPACE="23.43000031"/>
<ParagraphStyle ID="StyleId-EEECFC68-AAC5-42B1-B3BF-987799B5B74A-" ALIGN="Block" LEFT="0." RIGHT="0." FIRSTLINE="0." LINESPACE="23.43000031"/>
<ParagraphStyle ID="StyleId-98D20B11-A9BB-4FAB-8DC8-DC8C43F3755E-" ALIGN="Left" LEFT="0." RIGHT="0." FIRSTLINE="0." LINESPACE="10.5"/>
<ParagraphStyle ID="StyleId-C279DBAD-2656-4352-93E6-C942618B09B1-" ALIGN="Block" LEFT="0." RIGHT="0." FIRSTLINE="-13." LINESPACE="8.770000458"/>
<ParagraphStyle ID="StyleId-A539B2D0-654F-45BA-9385-D7E681D9BD87-" ALIGN="Block" LEFT="0." RIGHT="0." FIRSTLINE="0." LINESPACE="8.18999958"/>
<ParagraphStyle ID="StyleId-CFE66565-54F2-45CF-9511-65151219B0BC-" ALIGN="Left" LEFT="0." RIGHT="0." FIRSTLINE="-12." LINESPACE="12.19999981"/>
<ParagraphStyle ID="StyleId-37B60A95-D7B9-4720-9D46-F2E763AAD699-" ALIGN="Block" LEFT="0." RIGHT="0." FIRSTLINE="0." LINESPACE="12.19999981"/>
<ParagraphStyle ID="StyleId-255154CA-71AA-47B9-A5EB-ED90642010CE-" ALIGN="Block" LEFT="0." RIGHT="0." FIRSTLINE="13." LINESPACE="7.900000095"/>
<ParagraphStyle ID="StyleId-4618FB06-20CA-4F95-9CA2-829603EE887D-" ALIGN="Block" LEFT="0." RIGHT="0." FIRSTLINE="0." LINESPACE="10."/>
<ParagraphStyle ID="StyleId-61F9B98E-BA82-4DCF-809A-0C5481162321-" ALIGN="Left" LEFT="0." RIGHT="0." FIRSTLINE="-13." LINESPACE="8.479999542"/>
<ParagraphStyle ID="StyleId-16A4FB0C-4CB7-44C8-846E-AF89DD76FC73-" ALIGN="Left" LEFT="0." RIGHT="0." FIRSTLINE="0." LINESPACE="11.10000038"/>
<ParagraphStyle ID="StyleId-8CC01B24-9D1D-45D5-B954-83ECA9EA3425-" ALIGN="Left" LEFT="0." RIGHT="0." FIRSTLINE="-13." LINESPACE="8.050000191"/>
<ParagraphStyle ID="StyleId-3DB8CD3F-AD17-4DD7-8361-787A6A426C72-" ALIGN="Block" LEFT="0." RIGHT="0." FIRSTLINE="13." LINESPACE="7.900000095"/>
</Styles>
<Layout>
<Page ID="Page792" PHYSICAL_IMG_NR="792" HEIGHT="4384" WIDTH="2547">
<TopMargin HEIGHT="378" WIDTH="2547" VPOS="0" HPOS="0">
</TopMargin>
<LeftMargin HEIGHT="3734" WIDTH="282" VPOS="378" HPOS="0">
</LeftMargin>
<RightMargin HEIGHT="3734" WIDTH="219" VPOS="378" HPOS="2328">
</RightMargin>
<BottomMargin HEIGHT="272" WIDTH="2547" VPOS="4112" HPOS="0">
</BottomMargin>
<PrintSpace HEIGHT="3734" WIDTH="2046" VPOS="378" HPOS="282">
<TextBlock ID="Page792_Block1" HEIGHT="76" WIDTH="122" VPOS="4036" HPOS="1236" LANG="en-US" STYLEREFS="StyleId-CD514E2E-65D1-48BD-87BE-A53AB9D82122-">
<TextLine HEIGHT="54" WIDTH="102" VPOS="4047" HPOS="1246">
<String CONTENT="792" HEIGHT="54" WIDTH="102" VPOS="4047" HPOS="1246"/>
</TextLine>
</TextBlock>
<TextBlock ID="Page792_Block2" HEIGHT="3666" WIDTH="2046" VPOS="378" HPOS="282" LANG="en-US" CS="1" STYLEREFS="StyleId-3E70E0C0-F234-4028-8999-7D5A821EF752-">
<TextLine HEIGHT="71" WIDTH="1049" VPOS="389" HPOS="314" STYLEREFS="StyleId-E1407CD6-22F9-47E3-877C-C0300F16D9C7-" CS="1">
<String CONTENT="Warnock," HEIGHT="64" WIDTH="311" VPOS="389" HPOS="314"/>
<SP HEIGHT="63" WIDTH="30" VPOS="390" HPOS="626"/>
<String CONTENT="John" HEIGHT="53" WIDTH="157" VPOS="390" HPOS="657"/>
<SP HEIGHT="52" WIDTH="30" VPOS="390" HPOS="815"/>
<String CONTENT="D" HEIGHT="52" WIDTH="51" VPOS="390" HPOS="846"/>
<SP/>
<String CONTENT="comp." HEIGHT="49" WIDTH="179" VPOS="411" HPOS="1184"/>
</TextLine>
<TextLine HEIGHT="147" WIDTH="1983" VPOS="481" HPOS="311" STYLEREFS="StyleId-C90514F4-7D95-43DF-B78E-8CF46C38B7DE-" CS="1">
<String CONTENT="New" HEIGHT="52" WIDTH="139" VPOS="482" HPOS="381"/>
<SP HEIGHT="52" WIDTH="33" VPOS="482" HPOS="521"/>
<String CONTENT="first" HEIGHT="53" WIDTH="124" VPOS="481" HPOS="555"/>
<SP HEIGHT="50" WIDTH="31" VPOS="484" HPOS="680"/>
<String CONTENT="Latin;" HEIGHT="67" WIDTH="203" VPOS="482" HPOS="712"/>
<SP HEIGHT="50" WIDTH="34" VPOS="501" HPOS="916"/>
<String CONTENT="questions" HEIGHT="68" WIDTH="288" VPOS="483" HPOS="951"/>
<SP HEIGHT="35" WIDTH="33" VPOS="501" HPOS="1240"/>
<String CONTENT="on" HEIGHT="36" WIDTH="71" VPOS="501" HPOS="1274"/>
<SP HEIGHT="50" WIDTH="32" VPOS="504" HPOS="1346"/>
<String CONTENT="grammar," HEIGHT="52" WIDTH="308" VPOS="503" HPOS="1379"/>
<SP HEIGHT="66" WIDTH="31" VPOS="489" HPOS="1688"/>
<String CONTENT="together" HEIGHT="68" WIDTH="260" VPOS="486" HPOS="1720"/>
<SP HEIGHT="33" WIDTH="33" VPOS="506" HPOS="1981"/>
<String CONTENT="with" HEIGHT="53" WIDTH="141" VPOS="487" HPOS="2015"/>
<SP HEIGHT="68" WIDTH="33" VPOS="489" HPOS="2157"/>
<String CONTENT="passages" HEIGHT="121" WIDTH="1983" VPOS="507" HPOS="311"/>
</TextLine>
<TextLine HEIGHT="75" WIDTH="1804" VPOS="559" HPOS="515" STYLEREFS="StyleId-C90514F4-7D95-43DF-B78E-8CF46C38B7DE-">
<String CONTENT="for" HEIGHT="55" WIDTH="94" VPOS="559" HPOS="515"/>
<SP HEIGHT="49" WIDTH="40" VPOS="565" HPOS="610"/>
<String CONTENT="translation" HEIGHT="54" WIDTH="346" VPOS="561" HPOS="651"/>
<SP HEIGHT="54" WIDTH="43" VPOS="561" HPOS="998"/>
<String CONTENT="from" HEIGHT="54" WIDTH="154" VPOS="561" HPOS="1042"/>
<SP HEIGHT="50" WIDTH="40" VPOS="565" HPOS="1197"/>
<String CONTENT="Latin" HEIGHT="54" WIDTH="173" VPOS="562" HPOS="1238"/>
<SP HEIGHT="55" WIDTH="43" VPOS="561" HPOS="1412"/>
<String CONTENT="into" HEIGHT="55" WIDTH="122" VPOS="561" HPOS="1456"/>
<SP HEIGHT="51" WIDTH="42" VPOS="565" HPOS="1579"/>
<String CONTENT="English" HEIGHT="68" WIDTH="248" VPOS="564" HPOS="1622"/>
<SP HEIGHT="52" WIDTH="42" VPOS="567" HPOS="1871"/>
<String CONTENT="and" HEIGHT="52" WIDTH="114" VPOS="568" HPOS="1914"/>
<SP HEIGHT="53" WIDTH="40" VPOS="567" HPOS="2029"/>
<String CONTENT="English" HEIGHT="69" WIDTH="249" VPOS="565" HPOS="2070"/>
</TextLine>
<TextLine HEIGHT="73" WIDTH="2008" VPOS="638" HPOS="310" STYLEREFS="StyleId-C90514F4-7D95-43DF-B78E-8CF46C38B7DE-">
<String CONTENT="to" HEIGHT="48" WIDTH="59" VPOS="642" HPOS="310"/>
<SP HEIGHT="50" WIDTH="40" VPOS="640" HPOS="370"/>
<String CONTENT="Latin," HEIGHT="56" WIDTH="191" VPOS="639" HPOS="411"/>
<SP HEIGHT="49" WIDTH="44" VPOS="659" HPOS="603"/>
<String CONTENT="principally" HEIGHT="71" WIDTH="354" VPOS="638" HPOS="648"/>
<SP HEIGHT="69" WIDTH="40" VPOS="640" HPOS="1003"/>
<String CONTENT="from" HEIGHT="53" WIDTH="154" VPOS="640" HPOS="1044"/>
<SP HEIGHT="55" WIDTH="42" VPOS="641" HPOS="1199"/>
<String CONTENT="Caesar," HEIGHT="70" WIDTH="227" VPOS="641" HPOS="1242"/>
<SP HEIGHT="50" WIDTH="42" VPOS="661" HPOS="1470"/>
<String CONTENT="compiled" HEIGHT="68" WIDTH="283" VPOS="641" HPOS="1513"/>
<SP HEIGHT="56" WIDTH="41" VPOS="640" HPOS="1797"/>
<String CONTENT="from" HEIGHT="60" WIDTH="153" VPOS="640" HPOS="1839"/>
<SP HEIGHT="39" WIDTH="43" VPOS="661" HPOS="1993"/>
<String CONTENT="over" HEIGHT="36" WIDTH="134" VPOS="661" HPOS="2037"/>
<SP HEIGHT="36" WIDTH="40" VPOS="661" HPOS="2172"/>
<String CONTENT="one" HEIGHT="35" WIDTH="105" VPOS="661" HPOS="2213"/>
</TextLine>
<TextLine HEIGHT="75" WIDTH="2008" VPOS="715" HPOS="309" STYLEREFS="StyleId-C90514F4-7D95-43DF-B78E-8CF46C38B7DE-">
<String CONTENT="thousand" HEIGHT="53" WIDTH="285" VPOS="718" HPOS="309"/>
<SP HEIGHT="52" WIDTH="34" VPOS="719" HPOS="595"/>
<String CONTENT="examination" HEIGHT="56" WIDTH="389" VPOS="715" HPOS="630"/>
<SP HEIGHT="49" WIDTH="34" VPOS="738" HPOS="1020"/>
<String CONTENT="papers" HEIGHT="50" WIDTH="208" VPOS="737" HPOS="1055"/>
<SP HEIGHT="34" WIDTH="35" VPOS="737" HPOS="1264"/>
<String CONTENT="set" HEIGHT="48" WIDTH="81" VPOS="722" HPOS="1300"/>
<SP HEIGHT="51" WIDTH="34" VPOS="721" HPOS="1382"/>
<String CONTENT="by" HEIGHT="66" WIDTH="75" VPOS="721" HPOS="1417"/>
<SP HEIGHT="62" WIDTH="33" VPOS="725" HPOS="1493"/>
<String CONTENT="the" HEIGHT="51" WIDTH="95" VPOS="720" HPOS="1527"/>
<SP HEIGHT="51" WIDTH="35" VPOS="720" HPOS="1623"/>
<String CONTENT="leading" HEIGHT="71" WIDTH="233" VPOS="719" HPOS="1659"/>
<SP HEIGHT="50" WIDTH="32" VPOS="740" HPOS="1893"/>
<String CONTENT="colleges" HEIGHT="69" WIDTH="240" VPOS="721" HPOS="1926"/>
<SP HEIGHT="35" WIDTH="35" VPOS="741" HPOS="2167"/>
<String CONTENT="and" HEIGHT="53" WIDTH="114" VPOS="723" HPOS="2203"/>
</TextLine>
<TextLine HEIGHT="77" WIDTH="2009" VPOS="794" HPOS="308" STYLEREFS="StyleId-C90514F4-7D95-43DF-B78E-8CF46C38B7DE-">
<String CONTENT="universities" HEIGHT="55" WIDTH="362" VPOS="794" HPOS="308"/>
<SP HEIGHT="53" WIDTH="34" VPOS="796" HPOS="671"/>
<String CONTENT="in" HEIGHT="54" WIDTH="62" VPOS="796" HPOS="706"/>
<SP HEIGHT="50" WIDTH="30" VPOS="800" HPOS="769"/>
<String CONTENT="the" HEIGHT="51" WIDTH="97" VPOS="798" HPOS="800"/>
<SP HEIGHT="53" WIDTH="32" VPOS="798" HPOS="898"/>
<String CONTENT="United" HEIGHT="56" WIDTH="220" VPOS="795" HPOS="931"/>
<SP HEIGHT="55" WIDTH="35" VPOS="798" HPOS="1152"/>
<String CONTENT="States," HEIGHT="73" WIDTH="206" VPOS="798" HPOS="1188"/>
<SP HEIGHT="73" WIDTH="36" VPOS="798" HPOS="1395"/>
<String CONTENT="Canada" HEIGHT="55" WIDTH="236" VPOS="798" HPOS="1432"/>
<SP HEIGHT="34" WIDTH="34" VPOS="819" HPOS="1669"/>
<String CONTENT="and" HEIGHT="52" WIDTH="113" VPOS="802" HPOS="1704"/>
<SP HEIGHT="55" WIDTH="34" VPOS="800" HPOS="1818"/>
<String CONTENT="Great" HEIGHT="55" WIDTH="178" VPOS="800" HPOS="1853"/>
<SP HEIGHT="51" WIDTH="33" VPOS="802" HPOS="2032"/>
<String CONTENT="Britain," HEIGHT="69" WIDTH="251" VPOS="799" HPOS="2066"/>
</TextLine>
<TextLine HEIGHT="148" WIDTH="1983" VPOS="875" HPOS="307" STYLEREFS="StyleId-C90514F4-7D95-43DF-B78E-8CF46C38B7DE-" CS="1">
<String CONTENT="by" HEIGHT="69" WIDTH="77" VPOS="875" HPOS="307"/>
<SP HEIGHT="68" WIDTH="28" VPOS="876" HPOS="385"/>
<String CONTENT="John" HEIGHT="53" WIDTH="157" VPOS="876" HPOS="414"/>
<SP HEIGHT="54" WIDTH="30" VPOS="875" HPOS="572"/>
<String CONTENT="D." HEIGHT="54" WIDTH="71" VPOS="875" HPOS="603"/>
<SP HEIGHT="53" WIDTH="33" VPOS="876" HPOS="675"/>
<String CONTENT="Warnock" HEIGHT="53" WIDTH="292" VPOS="876" HPOS="709"/>
<SP HEIGHT="52" WIDTH="34" VPOS="877" HPOS="1002"/>
<String CS="1" CONTENT="&#8230;"/>
<SP HEIGHT="55" WIDTH="79" VPOS="876" HPOS="1093"/>
<String CONTENT="Cleveland," HEIGHT="71" WIDTH="329" VPOS="876" HPOS="1173"/>
<SP HEIGHT="71" WIDTH="32" VPOS="876" HPOS="1503"/>
<String CONTENT="O.," HEIGHT="71" WIDTH="87" VPOS="876" HPOS="1536"/>
<SP HEIGHT="70" WIDTH="31" VPOS="877" HPOS="1624"/>
<String CONTENT="The" HEIGHT="53" WIDTH="122" VPOS="877" HPOS="1656"/>
<SP HEIGHT="54" WIDTH="30" VPOS="878" HPOS="1779"/>
<String CONTENT="University" HEIGHT="73" WIDTH="340" VPOS="876" HPOS="1810"/>
<SP HEIGHT="52" WIDTH="33" VPOS="897" HPOS="2151"/>
<String CONTENT="supply" HEIGHT="127" WIDTH="1983" VPOS="896" HPOS="307"/>
<SP HEIGHT="67" WIDTH="22" VPOS="956" HPOS="411"/>
<String CONTENT="&amp;" HEIGHT="51" WIDTH="46" VPOS="956" HPOS="434"/>
</TextLine>
<TextLine HEIGHT="70" WIDTH="655" VPOS="954" HPOS="505" STYLEREFS="StyleId-C90514F4-7D95-43DF-B78E-8CF46C38B7DE-">
<String CONTENT="book" HEIGHT="52" WIDTH="148" VPOS="954" HPOS="505"/>
<SP HEIGHT="53" WIDTH="24" VPOS="954" HPOS="654"/>
<String CONTENT="company," HEIGHT="53" WIDTH="299" VPOS="971" HPOS="679"/>
<SP HEIGHT="66" WIDTH="30" VPOS="958" HPOS="979"/>
<String CONTENT="1929." HEIGHT="50" WIDTH="150" VPOS="958" HPOS="1010"/>
</TextLine>
<TextLine HEIGHT="49" WIDTH="485" VPOS="1049" HPOS="377" CS="1">
<String CONTENT="2" HEIGHT="39" WIDTH="28" VPOS="1049" HPOS="377"/>
<SP/>
<String CS="1" CONTENT="p."/>
<SP/>
<String CS="1" CONTENT="l.," HEIGHT="16" WIDTH="8" VPOS="1081" HPOS="545"/>
<SP HEIGHT="47" WIDTH="30" VPOS="1050" HPOS="554"/>
<String CONTENT="Ill" HEIGHT="39" WIDTH="83" VPOS="1050" HPOS="585"/>
<SP HEIGHT="48" WIDTH="31" VPOS="1050" HPOS="669"/>
<String CONTENT="p." HEIGHT="38" WIDTH="45" VPOS="1060" HPOS="701"/>
<SP HEIGHT="41" WIDTH="58" VPOS="1050" HPOS="747"/>
<String CS="1" CONTENT="19&#189;" HEIGHT="40" WIDTH="56" VPOS="1050" HPOS="806"/>
<String STYLE="superscript" CS="1" CONTENT="&#7580;&#7504;."/>
</TextLine>
<TextLine HEIGHT="53" WIDTH="2000" VPOS="1117" HPOS="311" CS="1">
<String CONTENT="&#169;" HEIGHT="52" WIDTH="52" VPOS="1117" HPOS="311"/>
<SP HEIGHT="52" WIDTH="27" VPOS="1117" HPOS="364"/>
<String CONTENT="Mar." HEIGHT="39" WIDTH="123" VPOS="1123" HPOS="392"/>
<SP HEIGHT="39" WIDTH="24" VPOS="1123" HPOS="516"/>
<String CONTENT="23," HEIGHT="46" WIDTH="69" VPOS="1122" HPOS="541"/>
<SP HEIGHT="45" WIDTH="28" VPOS="1123" HPOS="611"/>
<String CS="1" CONTENT="1929;" HEIGHT="41" WIDTH="118" VPOS="1121" HPOS="640"/>
<SP HEIGHT="47" WIDTH="28" VPOS="1122" HPOS="784"/>
<String CONTENT="2c." HEIGHT="40" WIDTH="67" VPOS="1122" HPOS="813"/>
<SP HEIGHT="39" WIDTH="27" VPOS="1122" HPOS="881"/>
<String CONTENT="Apr." HEIGHT="47" WIDTH="114" VPOS="1122" HPOS="909"/>
<SP HEIGHT="40" WIDTH="27" VPOS="1122" HPOS="1024"/>
<String CS="1" CONTENT="22;" HEIGHT="38" WIDTH="60" VPOS="1122" HPOS="1052"/>
<SP HEIGHT="36" WIDTH="29" VPOS="1132" HPOS="1136"/>
<String CONTENT="aff" HEIGHT="40" WIDTH="72" VPOS="1121" HPOS="1166"/>
<SP HEIGHT="40" WIDTH="22" VPOS="1121" HPOS="1239"/>
<String CONTENT="Apr." HEIGHT="47" WIDTH="113" VPOS="1122" HPOS="1262"/>
<SP HEIGHT="38" WIDTH="27" VPOS="1123" HPOS="1376"/>
<String CS="1" CONTENT="23;" HEIGHT="40" WIDTH="56" VPOS="1122" HPOS="1404"/>
<SP HEIGHT="46" WIDTH="29" VPOS="1122" HPOS="1488"/>
<!-- cceid 9A2A589F-6CFA-1014-9C3C-CEA95E7AA542 --><String CONTENT="A" HEIGHT="39" WIDTH="41" VPOS="1122" HPOS="1518"/>
<SP HEIGHT="40" WIDTH="25" VPOS="1122" HPOS="1560"/>
<String CS="1" CONTENT="8225;" HEIGHT="40" WIDTH="117" VPOS="1122" HPOS="1586"/>
<SP HEIGHT="47" WIDTH="31" VPOS="1122" HPOS="1728"/>
<String CONTENT="University" HEIGHT="48" WIDTH="284" VPOS="1122" HPOS="1760"/>
<SP HEIGHT="37" WIDTH="25" VPOS="1133" HPOS="2045"/>
<String CONTENT="supply" HEIGHT="47" WIDTH="176" VPOS="1123" HPOS="2071"/>
<SP HEIGHT="48" WIDTH="27" VPOS="1121" HPOS="2248"/>
<String CONTENT="&amp;" HEIGHT="41" WIDTH="35" VPOS="1121" HPOS="2276"/>
</TextLine>
<TextLine HEIGHT="49" WIDTH="565" VPOS="1178" HPOS="378">
<String CONTENT="book" HEIGHT="40" WIDTH="123" VPOS="1178" HPOS="378"/>
<SP HEIGHT="40" WIDTH="19" VPOS="1178" HPOS="502"/>
<String CONTENT="co." HEIGHT="29" WIDTH="68" VPOS="1189" HPOS="522"/>
<SP HEIGHT="47" WIDTH="69" VPOS="1179" HPOS="591"/>
<String CONTENT="(29-11708)" HEIGHT="49" WIDTH="282" VPOS="1178" HPOS="661"/>
</TextLine>
<TextLine HEIGHT="65" WIDTH="1450" VPOS="1287" HPOS="309" STYLEREFS="StyleId-E1407CD6-22F9-47E3-877C-C0300F16D9C7-">
<String CONTENT="Whitelock," HEIGHT="65" WIDTH="350" VPOS="1287" HPOS="309"/>
<SP HEIGHT="64" WIDTH="30" VPOS="1288" HPOS="660"/>
<String CONTENT="William" HEIGHT="54" WIDTH="258" VPOS="1287" HPOS="691"/>
<SP HEIGHT="52" WIDTH="29" VPOS="1289" HPOS="950"/>
<String CONTENT="Wallace," HEIGHT="65" WIDTH="274" VPOS="1287" HPOS="980"/>
<SP HEIGHT="57" WIDTH="34" VPOS="1295" HPOS="1255"/>
<String CONTENT="1869-" HEIGHT="50" WIDTH="172" VPOS="1293" HPOS="1290"/>
<SP HEIGHT="34" WIDTH="211" VPOS="1308" HPOS="1463"/>
<String CONTENT="ed." HEIGHT="53" WIDTH="84" VPOS="1290" HPOS="1675"/>
</TextLine>
<TextLine HEIGHT="72" WIDTH="1876" VPOS="1379" HPOS="375" STYLEREFS="StyleId-C90514F4-7D95-43DF-B78E-8CF46C38B7DE-" CS="1">
<String CONTENT="French" HEIGHT="52" WIDTH="224" VPOS="1382" HPOS="375"/>
<SP HEIGHT="51" WIDTH="31" VPOS="1383" HPOS="600"/>
<String CONTENT="eloquence," HEIGHT="68" WIDTH="316" VPOS="1381" HPOS="632"/>
<SP HEIGHT="39" WIDTH="30" VPOS="1400" HPOS="949"/>
<String CONTENT="edited" HEIGHT="55" WIDTH="190" VPOS="1380" HPOS="980"/>
<SP HEIGHT="53" WIDTH="32" VPOS="1382" HPOS="1171"/>
<String CONTENT="by" HEIGHT="69" WIDTH="75" VPOS="1382" HPOS="1204"/>
<SP HEIGHT="70" WIDTH="29" VPOS="1381" HPOS="1280"/>
<String CONTENT="William" HEIGHT="56" WIDTH="262" VPOS="1379" HPOS="1310"/>
<SP HEIGHT="53" WIDTH="28" VPOS="1382" HPOS="1573"/>
<String CONTENT="Wallace" HEIGHT="54" WIDTH="255" VPOS="1381" HPOS="1602"/>
<SP HEIGHT="54" WIDTH="28" VPOS="1382" HPOS="1858"/>
<String CONTENT="Whitelock" HEIGHT="55" WIDTH="328" VPOS="1382" HPOS="1887"/>
<SP HEIGHT="55" WIDTH="35" VPOS="1382" HPOS="2216"/>
<String CS="1" CONTENT="&#8230;"/>
</TextLine>
<TextLine HEIGHT="71" WIDTH="2009" VPOS="1458" HPOS="304" STYLEREFS="StyleId-C90514F4-7D95-43DF-B78E-8CF46C38B7DE-" CS="1">
<String CONTENT="and" HEIGHT="52" WIDTH="114" VPOS="1463" HPOS="304"/>
<SP HEIGHT="54" WIDTH="23" VPOS="1461" HPOS="419"/>
<String CONTENT="James" HEIGHT="54" WIDTH="196" VPOS="1461" HPOS="443"/>
<SP HEIGHT="52" WIDTH="24" VPOS="1460" HPOS="640"/>
<String CONTENT="Herbert" HEIGHT="53" WIDTH="253" VPOS="1459" HPOS="665"/>
<SP HEIGHT="53" WIDTH="23" VPOS="1460" HPOS="919"/>
<String CONTENT="Wilson" HEIGHT="55" WIDTH="225" VPOS="1458" HPOS="943"/>
<SP HEIGHT="33" WIDTH="30" VPOS="1479" HPOS="1169"/>
<String CS="1" CONTENT="&#8230;"/>
<SP HEIGHT="52" WIDTH="78" VPOS="1459" HPOS="1256"/>
<String CONTENT="New" HEIGHT="53" WIDTH="139" VPOS="1459" HPOS="1335"/>
<SP HEIGHT="52" WIDTH="27" VPOS="1460" HPOS="1475"/>
<String CONTENT="York," HEIGHT="68" WIDTH="179" VPOS="1460" HPOS="1503"/>
<SP HEIGHT="68" WIDTH="26" VPOS="1460" HPOS="1683"/>
<String CONTENT="A." HEIGHT="53" WIDTH="71" VPOS="1460" HPOS="1710"/>
<SP HEIGHT="53" WIDTH="29" VPOS="1460" HPOS="1782"/>
<String CONTENT="A." HEIGHT="55" WIDTH="71" VPOS="1460" HPOS="1812"/>
<SP HEIGHT="55" WIDTH="26" VPOS="1460" HPOS="1884"/>
<String CONTENT="Knopf," HEIGHT="69" WIDTH="226" VPOS="1460" HPOS="1911"/>
<SP HEIGHT="64" WIDTH="22" VPOS="1465" HPOS="2138"/>
<String CONTENT="1929." HEIGHT="51" WIDTH="152" VPOS="1464" HPOS="2161"/>
</TextLine>
<TextLine HEIGHT="50" WIDTH="414" VPOS="1554" HPOS="373" STYLEREFS="StyleId-C90514F4-7D95-43DF-B78E-8CF46C38B7DE-" CS="1">
<String CONTENT="xiii," HEIGHT="48" WIDTH="104" VPOS="1556" HPOS="373"/>
<SP HEIGHT="48" WIDTH="32" VPOS="1556" HPOS="478"/>
<String CONTENT="180" HEIGHT="40" WIDTH="86" VPOS="1556" HPOS="511"/>
<SP HEIGHT="47" WIDTH="28" VPOS="1556" HPOS="598"/>
<String CONTENT="p." HEIGHT="37" WIDTH="43" VPOS="1566" HPOS="627"/>
<SP HEIGHT="42" WIDTH="59" VPOS="1554" HPOS="671"/>
<String CS="1" CONTENT="19&#189;&#7580;&#7504;." HEIGHT="41" WIDTH="56" VPOS="1554" HPOS="731"/>
</TextLine>
<TextLine HEIGHT="50" WIDTH="1935" VPOS="1625" HPOS="378" CS="1">
<String CONTENT="&#8220;A" HEIGHT="40" WIDTH="68" VPOS="1627" HPOS="378"/>
<SP HEIGHT="40" WIDTH="36" VPOS="1627" HPOS="447"/>
<String CONTENT="text" HEIGHT="38" WIDTH="105" VPOS="1629" HPOS="484"/>
<SP HEIGHT="38" WIDTH="37" VPOS="1629" HPOS="590"/>
<String CONTENT="composed" HEIGHT="48" WIDTH="256" VPOS="1627" HPOS="628"/>
<SP HEIGHT="40" WIDTH="36" VPOS="1627" HPOS="885"/>
<String CONTENT="of" HEIGHT="42" WIDTH="51" VPOS="1625" HPOS="922"/>
<SP HEIGHT="40" WIDTH="35" VPOS="1625" HPOS="974"/>
<String CONTENT="French" HEIGHT="40" WIDTH="188" VPOS="1626" HPOS="1010"/>
<SP HEIGHT="39" WIDTH="36" VPOS="1627" HPOS="1199"/>
<String CONTENT="orations" HEIGHT="40" WIDTH="220" VPOS="1626" HPOS="1236"/>
<SP HEIGHT="29" WIDTH="40" VPOS="1637" HPOS="1457"/>
<String CS="1" CONTENT="&#8230;"/>
<SP HEIGHT="39" WIDTH="37" VPOS="1626" HPOS="1545"/>
<String CONTENT="intended" HEIGHT="40" WIDTH="232" VPOS="1626" HPOS="1583"/>
<SP HEIGHT="40" WIDTH="34" VPOS="1626" HPOS="1816"/>
<String CONTENT="for" HEIGHT="40" WIDTH="79" VPOS="1626" HPOS="1851"/>
<SP HEIGHT="29" WIDTH="37" VPOS="1637" HPOS="1931"/>
<String CONTENT="use" HEIGHT="30" WIDTH="86" VPOS="1636" HPOS="1969"/>
<SP HEIGHT="40" WIDTH="37" VPOS="1627" HPOS="2056"/>
<String CONTENT="by" HEIGHT="48" WIDTH="60" VPOS="1627" HPOS="2094"/>
<SP HEIGHT="48" WIDTH="40" VPOS="1627" HPOS="2155"/>
<String CONTENT="high" HEIGHT="49" WIDTH="117" VPOS="1626" HPOS="2196"/>
</TextLine>
<TextLine HEIGHT="49" WIDTH="1000" VPOS="1682" HPOS="303">
<String CONTENT="school" HEIGHT="40" WIDTH="164" VPOS="1685" HPOS="303"/>
<SP HEIGHT="39" WIDTH="30" VPOS="1685" HPOS="468"/>
<String CONTENT="and" HEIGHT="39" WIDTH="97" VPOS="1685" HPOS="499"/>
<SP HEIGHT="39" WIDTH="29" VPOS="1685" HPOS="597"/>
<String CONTENT="college" HEIGHT="47" WIDTH="181" VPOS="1684" HPOS="627"/>
<SP HEIGHT="30" WIDTH="30" VPOS="1694" HPOS="809"/>
<String CONTENT="students.&#8221;&#8212;Pref." HEIGHT="42" WIDTH="463" VPOS="1682" HPOS="840"/>
</TextLine>
<TextLine HEIGHT="52" WIDTH="1881" VPOS="1752" HPOS="307" CS="1">
<String CONTENT="&#169;" HEIGHT="52" WIDTH="52" VPOS="1752" HPOS="307"/>
<SP HEIGHT="52" WIDTH="27" VPOS="1752" HPOS="360"/>
<String CONTENT="May" HEIGHT="46" WIDTH="115" VPOS="1758" HPOS="388"/>
<SP HEIGHT="47" WIDTH="23" VPOS="1757" HPOS="504"/>
<String CONTENT="17," HEIGHT="45" WIDTH="69" VPOS="1757" HPOS="528"/>
<SP HEIGHT="46" WIDTH="26" VPOS="1756" HPOS="598"/>
<String CONTENT="1929;" HEIGHT="48" WIDTH="142" VPOS="1755" HPOS="625"/>
<SP HEIGHT="47" WIDTH="26" VPOS="1756" HPOS="768"/>
<String CONTENT="2c." HEIGHT="39" WIDTH="67" VPOS="1756" HPOS="795"/>
<SP HEIGHT="29" WIDTH="23" VPOS="1766" HPOS="863"/>
<String CONTENT="and" HEIGHT="39" WIDTH="96" VPOS="1756" HPOS="887"/>
<SP HEIGHT="39" WIDTH="25" VPOS="1756" HPOS="984"/>
<String CONTENT="aff." HEIGHT="41" WIDTH="83" VPOS="1754" HPOS="1010"/>
<SP HEIGHT="39" WIDTH="25" VPOS="1756" HPOS="1094"/>
<String CONTENT="May" HEIGHT="46" WIDTH="115" VPOS="1756" HPOS="1120"/>
<SP HEIGHT="48" WIDTH="23" VPOS="1754" HPOS="1236"/>
<String CONTENT="20;" HEIGHT="47" WIDTH="83" VPOS="1754" HPOS="1260"/>
<SP HEIGHT="47" WIDTH="26" VPOS="1754" HPOS="1344"/>
<!-- cceid 9A2B443B-6CFA-1014-9C3C-CEA95E7AA542 --><String CONTENT="A" HEIGHT="39" WIDTH="41" VPOS="1754" HPOS="1371"/>
<SP HEIGHT="41" WIDTH="23" VPOS="1754" HPOS="1413"/>
<String CS="1" CONTENT="9198;" HEIGHT="41" WIDTH="115" VPOS="1754" HPOS="1437"/>
<SP HEIGHT="40" WIDTH="29" VPOS="1755" HPOS="1578"/>
<String CONTENT="Alfred" HEIGHT="42" WIDTH="171" VPOS="1753" HPOS="1608"/>
<SP HEIGHT="40" WIDTH="26" VPOS="1755" HPOS="1780"/>
<String CONTENT="A." HEIGHT="40" WIDTH="54" VPOS="1755" HPOS="1807"/>
<SP HEIGHT="40" WIDTH="25" VPOS="1755" HPOS="1862"/>
<String CONTENT="Knopf," HEIGHT="49" WIDTH="180" VPOS="1754" HPOS="1888"/>
<SP HEIGHT="48" WIDTH="25" VPOS="1754" HPOS="2069"/>
<String CONTENT="inc." HEIGHT="41" WIDTH="93" VPOS="1754" HPOS="2095"/>
</TextLine>
<TextLine HEIGHT="49" WIDTH="281" VPOS="1812" HPOS="385">
<String CONTENT="(29-11710)" HEIGHT="49" WIDTH="281" VPOS="1812" HPOS="385"/>
</TextLine>
<TextLine HEIGHT="64" WIDTH="1350" VPOS="1921" HPOS="311" STYLEREFS="StyleId-C90514F4-7D95-43DF-B78E-8CF46C38B7DE-">
<String CONTENT="Winslow," HEIGHT="63" WIDTH="291" VPOS="1922" HPOS="311"/>
<SP HEIGHT="63" WIDTH="34" VPOS="1922" HPOS="603"/>
<String CONTENT="Charles" HEIGHT="54" WIDTH="248" VPOS="1921" HPOS="638"/>
<SP HEIGHT="51" WIDTH="31" VPOS="1922" HPOS="887"/>
<String CONTENT="Edward" HEIGHT="51" WIDTH="256" VPOS="1922" HPOS="919"/>
<SP HEIGHT="52" WIDTH="32" VPOS="1921" HPOS="1176"/>
<String CONTENT="Amory," HEIGHT="63" WIDTH="245" VPOS="1921" HPOS="1209"/>
<SP HEIGHT="58" WIDTH="35" VPOS="1926" HPOS="1455"/>
<String CONTENT="1877-" HEIGHT="54" WIDTH="170" VPOS="1921" HPOS="1491"/>
</TextLine>
<TextLine HEIGHT="69" WIDTH="1932" VPOS="2014" HPOS="376" STYLEREFS="StyleId-C90514F4-7D95-43DF-B78E-8CF46C38B7DE-" CS="1">
<String CONTENT="The" HEIGHT="52" WIDTH="120" VPOS="2016" HPOS="376"/>
<SP HEIGHT="51" WIDTH="25" VPOS="2017" HPOS="497"/>
<String CONTENT="life" HEIGHT="52" WIDTH="106" VPOS="2015" HPOS="523"/>
<SP HEIGHT="34" WIDTH="25" VPOS="2034" HPOS="630"/>
<String CONTENT="of" HEIGHT="53" WIDTH="64" VPOS="2015" HPOS="656"/>
<SP HEIGHT="53" WIDTH="26" VPOS="2014" HPOS="721"/>
<String CONTENT="Hermann" HEIGHT="53" WIDTH="300" VPOS="2014" HPOS="748"/>
<SP HEIGHT="52" WIDTH="26" VPOS="2014" HPOS="1049"/>
<String CONTENT="M." HEIGHT="53" WIDTH="79" VPOS="2014" HPOS="1076"/>
<SP HEIGHT="52" WIDTH="28" VPOS="2015" HPOS="1156"/>
<String CONTENT="Biggs," HEIGHT="68" WIDTH="200" VPOS="2014" HPOS="1185"/>
<SP HEIGHT="45" WIDTH="26" VPOS="2030" HPOS="1386"/>
<String CS="1" CONTENT="M." HEIGHT="9" WIDTH="9" VPOS="2057" HPOS="1470"/>
<SP HEIGHT="34" WIDTH="27" VPOS="2032" HPOS="1480"/>
<String CS="1" CONTENT="D.," HEIGHT="23" WIDTH="29" VPOS="2057" HPOS="1547"/>
<SP HEIGHT="48" WIDTH="24" VPOS="2032" HPOS="1577"/>
<String CS="1" CONTENT="D." HEIGHT="8" WIDTH="9" VPOS="2058" HPOS="1639"/>
<SP HEIGHT="36" WIDTH="29" VPOS="2030" HPOS="1649"/>
<String CS="1" CONTENT="SC.," HEIGHT="20" WIDTH="29" VPOS="2057" HPOS="1746"/>
<SP HEIGHT="45" WIDTH="21" VPOS="2032" HPOS="1776"/>
<String CS="1" CONTENT="LL." HEIGHT="9" WIDTH="9" VPOS="2058" HPOS="1873"/>
<SP HEIGHT="35" WIDTH="26" VPOS="2032" HPOS="1883"/>
<String CS="1" CONTENT="D.," HEIGHT="25" WIDTH="29" VPOS="2056" HPOS="1949"/>
<SP HEIGHT="49" WIDTH="25" VPOS="2033" HPOS="1979"/>
<String CONTENT="physician" HEIGHT="69" WIDTH="303" VPOS="2014" HPOS="2005"/>
</TextLine>
<TextLine HEIGHT="69" WIDTH="1939" VPOS="2092" HPOS="309" STYLEREFS="StyleId-C90514F4-7D95-43DF-B78E-8CF46C38B7DE-" CS="1">
<String CONTENT="and" HEIGHT="52" WIDTH="108" VPOS="2094" HPOS="309"/>
<SP HEIGHT="53" WIDTH="38" VPOS="2094" HPOS="418"/>
<String CONTENT="statesman" HEIGHT="48" WIDTH="309" VPOS="2099" HPOS="457"/>
<SP HEIGHT="33" WIDTH="34" VPOS="2113" HPOS="767"/>
<String CONTENT="of" HEIGHT="53" WIDTH="66" VPOS="2093" HPOS="802"/>
<SP HEIGHT="57" WIDTH="32" VPOS="2093" HPOS="869"/>
<String CONTENT="the" HEIGHT="56" WIDTH="94" VPOS="2094" HPOS="902"/>
<SP HEIGHT="49" WIDTH="34" VPOS="2112" HPOS="997"/>
<String CONTENT="public" HEIGHT="69" WIDTH="192" VPOS="2092" HPOS="1032"/>
<SP HEIGHT="53" WIDTH="33" VPOS="2093" HPOS="1225"/>
<String CONTENT="health," HEIGHT="67" WIDTH="214" VPOS="2093" HPOS="1259"/>
<SP HEIGHT="67" WIDTH="31" VPOS="2093" HPOS="1474"/>
<String CONTENT="by" HEIGHT="68" WIDTH="75" VPOS="2093" HPOS="1506"/>
<SP HEIGHT="69" WIDTH="35" VPOS="2092" HPOS="1582"/>
<String CONTENT="C.-E." HEIGHT="55" WIDTH="170" VPOS="2092" HPOS="1618"/>
<SP HEIGHT="53" WIDTH="35" VPOS="2093" HPOS="1789"/>
<String CONTENT="A." HEIGHT="53" WIDTH="70" VPOS="2093" HPOS="1825"/>
<SP HEIGHT="53" WIDTH="32" VPOS="2093" HPOS="1896"/>
<String CONTENT="Winslow" HEIGHT="54" WIDTH="280" VPOS="2093" HPOS="1929"/>
<SP HEIGHT="34" WIDTH="38" VPOS="2111" HPOS="2210"/>
<String CS="1" CONTENT="&#8230;"/>
</TextLine>
<TextLine HEIGHT="68" WIDTH="1125" VPOS="2171" HPOS="301" STYLEREFS="StyleId-C90514F4-7D95-43DF-B78E-8CF46C38B7DE-">
<String CONTENT="Philadelphia," HEIGHT="68" WIDTH="429" VPOS="2171" HPOS="301"/>
<SP HEIGHT="67" WIDTH="27" VPOS="2172" HPOS="731"/>
<String CONTENT="Lea" HEIGHT="52" WIDTH="113" VPOS="2172" HPOS="759"/>
<SP HEIGHT="51" WIDTH="32" VPOS="2173" HPOS="873"/>
<String CONTENT="&amp;" HEIGHT="50" WIDTH="45" VPOS="2173" HPOS="906"/>
<SP HEIGHT="52" WIDTH="27" VPOS="2171" HPOS="952"/>
<String CONTENT="Febiger," HEIGHT="68" WIDTH="263" VPOS="2171" HPOS="980"/>
<SP HEIGHT="60" WIDTH="31" VPOS="2174" HPOS="1244"/>
<String CONTENT="1929." HEIGHT="51" WIDTH="150" VPOS="2173" HPOS="1276"/>
</TextLine>
<TextLine HEIGHT="50" WIDTH="1865" VPOS="2263" HPOS="439" CS="1">
<String CS="1" CONTENT="xv," HEIGHT="16" WIDTH="8" VPOS="2296" HPOS="439"/>
<SP HEIGHT="29" WIDTH="40" VPOS="2284" HPOS="448"/>
<String CONTENT="[17]-432" HEIGHT="49" WIDTH="208" VPOS="2264" HPOS="489"/>
<SP HEIGHT="47" WIDTH="34" VPOS="2265" HPOS="698"/>
<String CONTENT="p." HEIGHT="37" WIDTH="44" VPOS="2275" HPOS="733"/>
<SP HEIGHT="41" WIDTH="57" VPOS="2263" HPOS="778"/>
<String CONTENT="front.," HEIGHT="47" WIDTH="164" VPOS="2263" HPOS="836"/>
<SP HEIGHT="46" WIDTH="38" VPOS="2264" HPOS="1001"/>
<String CONTENT="illus." HEIGHT="39" WIDTH="130" VPOS="2264" HPOS="1040"/>
<SP HEIGHT="49" WIDTH="27" VPOS="2263" HPOS="1171"/>
<String CONTENT="(facsims.)" HEIGHT="49" WIDTH="265" VPOS="2263" HPOS="1199"/>
<SP HEIGHT="48" WIDTH="45" VPOS="2264" HPOS="1465"/>
<String CONTENT="plates," HEIGHT="48" WIDTH="171" VPOS="2264" HPOS="1511"/>
<SP HEIGHT="37" WIDTH="38" VPOS="2275" HPOS="1683"/>
<String CONTENT="ports.," HEIGHT="46" WIDTH="163" VPOS="2266" HPOS="1722"/>
<SP HEIGHT="36" WIDTH="38" VPOS="2275" HPOS="1886"/>
<String CONTENT="coat" HEIGHT="38" WIDTH="109" VPOS="2267" HPOS="1925"/>
<SP HEIGHT="38" WIDTH="37" VPOS="2267" HPOS="2035"/>
<String CONTENT="of" HEIGHT="40" WIDTH="51" VPOS="2265" HPOS="2073"/>
<SP HEIGHT="39" WIDTH="34" VPOS="2265" HPOS="2125"/>
<String CONTENT="arms," HEIGHT="38" WIDTH="144" VPOS="2275" HPOS="2160"/>
</TextLine>
<TextLine HEIGHT="48" WIDTH="270" VPOS="2322" HPOS="298" CS="1">
<String CONTENT="diagr." HEIGHT="47" WIDTH="155" VPOS="2323" HPOS="298"/>
<SP HEIGHT="41" WIDTH="58" VPOS="2322" HPOS="454"/>
<String CONTENT="25" HEIGHT="40" WIDTH="55" VPOS="2322" HPOS="513"/>
<String STYLE="superscript" CS="1" CONTENT="&#7580;&#7504;."/>
</TextLine>
<TextLine HEIGHT="51" WIDTH="731" VPOS="2393" HPOS="371" CS="1">
<String CS="1" CONTENT="Bibliography:" HEIGHT="48" WIDTH="351" VPOS="2395" HPOS="371"/>
<SP HEIGHT="37" WIDTH="25" VPOS="2405" HPOS="751"/>
<String CONTENT="p." HEIGHT="37" WIDTH="44" VPOS="2405" HPOS="777"/>
<SP HEIGHT="30" WIDTH="29" VPOS="2414" HPOS="822"/>
<String CONTENT="[413]-420." HEIGHT="51" WIDTH="250" VPOS="2393" HPOS="852"/>
</TextLine>
<TextLine HEIGHT="52" WIDTH="1680" VPOS="2462" HPOS="302" CS="1">
<String CONTENT="&#169;" HEIGHT="52" WIDTH="52" VPOS="2462" HPOS="302"/>
<SP HEIGHT="52" WIDTH="22" VPOS="2462" HPOS="355"/>
<String CONTENT="May" HEIGHT="47" WIDTH="115" VPOS="2467" HPOS="378"/>
<SP HEIGHT="47" WIDTH="22" VPOS="2467" HPOS="494"/>
<String CONTENT="20," HEIGHT="46" WIDTH="70" VPOS="2466" HPOS="517"/>
<SP HEIGHT="45" WIDTH="21" VPOS="2467" HPOS="588"/>
<String CS="1" CONTENT="1929;" HEIGHT="41" WIDTH="120" VPOS="2465" HPOS="610"/>
<SP HEIGHT="47" WIDTH="25" VPOS="2466" HPOS="754"/>
<String CONTENT="2c." HEIGHT="40" WIDTH="66" VPOS="2466" HPOS="780"/>
<SP HEIGHT="29" WIDTH="26" VPOS="2476" HPOS="847"/>
<String CONTENT="and" HEIGHT="38" WIDTH="94" VPOS="2467" HPOS="874"/>
<SP HEIGHT="38" WIDTH="24" VPOS="2467" HPOS="969"/>
<String CONTENT="aff." HEIGHT="41" WIDTH="83" VPOS="2465" HPOS="994"/>
<SP HEIGHT="39" WIDTH="22" VPOS="2467" HPOS="1078"/>
<String CONTENT="May" HEIGHT="45" WIDTH="114" VPOS="2467" HPOS="1101"/>
<SP HEIGHT="47" WIDTH="22" VPOS="2465" HPOS="1216"/>
<String CS="1" CONTENT="22;" HEIGHT="40" WIDTH="59" VPOS="2464" HPOS="1239"/>
<SP HEIGHT="47" WIDTH="23" VPOS="2465" HPOS="1323"/>
<!-- cceid 9A2C0EA4-6CFA-1014-9C3C-CEA95E7AA542 --><String CONTENT="A" HEIGHT="39" WIDTH="41" VPOS="2465" HPOS="1347"/>
<SP HEIGHT="39" WIDTH="23" VPOS="2465" HPOS="1389"/>
<String CS="1" CONTENT="8204;" HEIGHT="40" WIDTH="114" VPOS="2464" HPOS="1413"/>
<SP HEIGHT="46" WIDTH="27" VPOS="2465" HPOS="1554"/>
<String CONTENT="Lea" HEIGHT="40" WIDTH="94" VPOS="2465" HPOS="1582"/>
<SP HEIGHT="40" WIDTH="25" VPOS="2465" HPOS="1677"/>
<String CONTENT="&amp;" HEIGHT="40" WIDTH="36" VPOS="2465" HPOS="1703"/>
<SP HEIGHT="41" WIDTH="24" VPOS="2464" HPOS="1740"/>
<String CONTENT="Febiger." HEIGHT="48" WIDTH="217" VPOS="2464" HPOS="1765"/>
</TextLine>
<TextLine HEIGHT="49" WIDTH="282" VPOS="2523" HPOS="380">
<String CONTENT="(29-11697)" HEIGHT="49" WIDTH="282" VPOS="2523" HPOS="380"/>
</TextLine>
<TextLine HEIGHT="62" WIDTH="590" VPOS="2631" HPOS="297" STYLEREFS="StyleId-E1407CD6-22F9-47E3-877C-C0300F16D9C7-">
<String CONTENT="Winwar," HEIGHT="62" WIDTH="279" VPOS="2631" HPOS="297"/>
<SP HEIGHT="62" WIDTH="31" VPOS="2631" HPOS="577"/>
<String CONTENT="Frances." HEIGHT="54" WIDTH="278" VPOS="2631" HPOS="609"/>
</TextLine>
<TextLine HEIGHT="70" WIDTH="1933" VPOS="2720" HPOS="368" STYLEREFS="StyleId-C90514F4-7D95-43DF-B78E-8CF46C38B7DE-">
<String CONTENT="Pagan" HEIGHT="68" WIDTH="202" VPOS="2722" HPOS="368"/>
<SP HEIGHT="53" WIDTH="45" VPOS="2721" HPOS="571"/>
<String CONTENT="interval," HEIGHT="68" WIDTH="266" VPOS="2721" HPOS="617"/>
<SP HEIGHT="68" WIDTH="44" VPOS="2721" HPOS="884"/>
<String CONTENT="by" HEIGHT="69" WIDTH="78" VPOS="2721" HPOS="929"/>
<SP HEIGHT="68" WIDTH="45" VPOS="2722" HPOS="1008"/>
<String CONTENT="Frances" HEIGHT="52" WIDTH="249" VPOS="2722" HPOS="1054"/>
<SP HEIGHT="53" WIDTH="43" VPOS="2721" HPOS="1304"/>
<String CONTENT="Winwar." HEIGHT="53" WIDTH="277" VPOS="2721" HPOS="1348"/>
<SP HEIGHT="52" WIDTH="83" VPOS="2721" HPOS="1626"/>
<String CONTENT="Indianapolis," HEIGHT="69" WIDTH="419" VPOS="2720" HPOS="1710"/>
<SP HEIGHT="67" WIDTH="48" VPOS="2721" HPOS="2130"/>
<String CONTENT="The" HEIGHT="53" WIDTH="122" VPOS="2721" HPOS="2179"/>
</TextLine>
<TextLine HEIGHT="69" WIDTH="998" VPOS="2799" HPOS="297" STYLEREFS="StyleId-C90514F4-7D95-43DF-B78E-8CF46C38B7DE-" CS="1">
<String CONTENT="Bobbs-Merrill" HEIGHT="53" WIDTH="447" VPOS="2799" HPOS="297"/>
<SP HEIGHT="52" WIDTH="34" VPOS="2800" HPOS="745"/>
<String CONTENT="company" HEIGHT="51" WIDTH="283" VPOS="2817" HPOS="780"/>
<SP HEIGHT="50" WIDTH="37" VPOS="2818" HPOS="1064"/>
<String CS="1" CONTENT="["/>
<String STYLE="superscript" CS="1" CONTENT="&#7580;1"/>
<String CONTENT="929]" HEIGHT="64" WIDTH="118" VPOS="2802" HPOS="1177"/>
</TextLine>
<TextLine HEIGHT="48" WIDTH="279" VPOS="2895" HPOS="366" CS="1">
<String CONTENT="352" HEIGHT="41" WIDTH="87" VPOS="2895" HPOS="366"/>
<SP HEIGHT="47" WIDTH="30" VPOS="2896" HPOS="454"/>
<String CONTENT="p." HEIGHT="37" WIDTH="43" VPOS="2906" HPOS="485"/>
<SP HEIGHT="39" WIDTH="57" VPOS="2896" HPOS="529"/>
<String CONTENT="20" HEIGHT="40" WIDTH="58" VPOS="2895" HPOS="587"/>
<String STYLE="superscript" CS="1" CONTENT="&#7580;&#7504;."/>
</TextLine>
<TextLine HEIGHT="52" WIDTH="1998" VPOS="2963" HPOS="299" CS="1">
<String CONTENT="&#169;" HEIGHT="52" WIDTH="52" VPOS="2963" HPOS="299"/>
<SP HEIGHT="52" WIDTH="23" VPOS="2963" HPOS="352"/>
<String CONTENT="May" HEIGHT="47" WIDTH="116" VPOS="2968" HPOS="376"/>
<SP HEIGHT="48" WIDTH="18" VPOS="2967" HPOS="493"/>
<String CONTENT="23," HEIGHT="47" WIDTH="69" VPOS="2967" HPOS="512"/>
<SP HEIGHT="46" WIDTH="22" VPOS="2968" HPOS="582"/>
<String CS="1" CONTENT="1929;" HEIGHT="41" WIDTH="115" VPOS="2966" HPOS="605"/>
<SP HEIGHT="46" WIDTH="23" VPOS="2967" HPOS="749"/>
<String CONTENT="2c." HEIGHT="39" WIDTH="68" VPOS="2967" HPOS="773"/>
<SP HEIGHT="29" WIDTH="17" VPOS="2977" HPOS="842"/>
<String CONTENT="and" HEIGHT="38" WIDTH="95" VPOS="2968" HPOS="860"/>
<SP HEIGHT="38" WIDTH="21" VPOS="2968" HPOS="956"/>
<String CONTENT="aff." HEIGHT="40" WIDTH="83" VPOS="2966" HPOS="978"/>
<SP HEIGHT="39" WIDTH="18" VPOS="2967" HPOS="1062"/>
<String CONTENT="May" HEIGHT="46" WIDTH="114" VPOS="2967" HPOS="1081"/>
<SP HEIGHT="47" WIDTH="15" VPOS="2966" HPOS="1196"/>
<String CS="1" CONTENT="27;" HEIGHT="40" WIDTH="56" VPOS="2966" HPOS="1212"/>
<SP HEIGHT="45" WIDTH="24" VPOS="2967" HPOS="1296"/>
<!-- cceid 9A2CF22D-6CFA-1014-9C3C-CEA95E7AA542 --><String CONTENT="A" HEIGHT="38" WIDTH="39" VPOS="2967" HPOS="1321"/>
<SP HEIGHT="40" WIDTH="21" VPOS="2967" HPOS="1361"/>
<String CS="1" CONTENT="8370;" HEIGHT="41" WIDTH="117" VPOS="2966" HPOS="1383"/>
<SP HEIGHT="47" WIDTH="24" VPOS="2966" HPOS="1525"/>
<String CONTENT="Frances" HEIGHT="40" WIDTH="212" VPOS="2966" HPOS="1550"/>
<SP HEIGHT="39" WIDTH="16" VPOS="2967" HPOS="1763"/>
<String CONTENT="Winwar" HEIGHT="40" WIDTH="218" VPOS="2966" HPOS="1780"/>
<SP HEIGHT="39" WIDTH="17" VPOS="2967" HPOS="1999"/>
<String CONTENT="Grebanier," HEIGHT="48" WIDTH="280" VPOS="2966" HPOS="2017"/>
</TextLine>
<TextLine HEIGHT="49" WIDTH="639" VPOS="3023" HPOS="366">
<String CONTENT="New" HEIGHT="39" WIDTH="118" VPOS="3025" HPOS="366"/>
<SP HEIGHT="39" WIDTH="18" VPOS="3024" HPOS="485"/>
<String CONTENT="York." HEIGHT="39" WIDTH="147" VPOS="3024" HPOS="504"/>
<SP HEIGHT="49" WIDTH="69" VPOS="3023" HPOS="652"/>
<String CONTENT="(29-11748)" HEIGHT="49" WIDTH="283" VPOS="3023" HPOS="722"/>
</TextLine>
<TextLine HEIGHT="63" WIDTH="705" VPOS="3132" HPOS="296" STYLEREFS="StyleId-E1407CD6-22F9-47E3-877C-C0300F16D9C7-">
<String CONTENT="Wivel," HEIGHT="63" WIDTH="205" VPOS="3132" HPOS="296"/>
<SP HEIGHT="62" WIDTH="31" VPOS="3133" HPOS="502"/>
<String CONTENT="Claude" HEIGHT="54" WIDTH="219" VPOS="3132" HPOS="534"/>
<SP HEIGHT="51" WIDTH="30" VPOS="3133" HPOS="754"/>
<String CONTENT="Burns." HEIGHT="54" WIDTH="216" VPOS="3133" HPOS="785"/>
</TextLine>
<TextLine HEIGHT="131" WIDTH="1983" VPOS="3224" HPOS="292" STYLEREFS="StyleId-C90514F4-7D95-43DF-B78E-8CF46C38B7DE-" CS="1">
<String CONTENT="Ned" HEIGHT="53" WIDTH="127" VPOS="3226" HPOS="362"/>
<SP HEIGHT="53" WIDTH="23" VPOS="3226" HPOS="490"/>
<String CONTENT="Williams," HEIGHT="74" WIDTH="308" VPOS="3224" HPOS="514"/>
<SP HEIGHT="72" WIDTH="23" VPOS="3226" HPOS="823"/>
<String CONTENT="by" HEIGHT="68" WIDTH="76" VPOS="3226" HPOS="847"/>
<SP HEIGHT="69" WIDTH="26" VPOS="3225" HPOS="924"/>
<String CONTENT="Claude" HEIGHT="55" WIDTH="218" VPOS="3225" HPOS="951"/>
<SP HEIGHT="51" WIDTH="27" VPOS="3227" HPOS="1170"/>
<String CONTENT="Burns" HEIGHT="51" WIDTH="191" VPOS="3227" HPOS="1198"/>
<SP HEIGHT="53" WIDTH="22" VPOS="3226" HPOS="1390"/>
<String CONTENT="Wivel." HEIGHT="55" WIDTH="206" VPOS="3224" HPOS="1413"/>
<SP HEIGHT="52" WIDTH="73" VPOS="3226" HPOS="1620"/>
<String CONTENT="Philadelphia," HEIGHT="71" WIDTH="428" VPOS="3224" HPOS="1694"/>
<SP HEIGHT="69" WIDTH="27" VPOS="3226" HPOS="2123"/>
<String CONTENT="Dorrance" HEIGHT="129" WIDTH="1983" VPOS="3226" HPOS="292"/>
</TextLine>
<TextLine HEIGHT="68" WIDTH="628" VPOS="3305" HPOS="487" STYLEREFS="StyleId-C90514F4-7D95-43DF-B78E-8CF46C38B7DE-">
<String CONTENT="and" HEIGHT="52" WIDTH="113" VPOS="3305" HPOS="487"/>
<SP HEIGHT="52" WIDTH="27" VPOS="3305" HPOS="601"/>
<String CONTENT="company" HEIGHT="52" WIDTH="282" VPOS="3321" HPOS="629"/>
<SP HEIGHT="50" WIDTH="31" VPOS="3323" HPOS="912"/>
<String CONTENT="[1929]" HEIGHT="64" WIDTH="171" VPOS="3306" HPOS="944"/>
</TextLine>
<TextLine HEIGHT="49" WIDTH="273" VPOS="3383" HPOS="363" CS="1">
<String CONTENT="280" HEIGHT="40" WIDTH="86" VPOS="3384" HPOS="363"/>
<SP HEIGHT="48" WIDTH="26" VPOS="3384" HPOS="450"/>
<String CONTENT="p." HEIGHT="37" WIDTH="44" VPOS="3395" HPOS="477"/>
<SP HEIGHT="40" WIDTH="57" VPOS="3385" HPOS="522"/>
<String CS="1" CONTENT="19&#189;&#7580;&#7504;." HEIGHT="41" WIDTH="56" VPOS="3383" HPOS="580"/>
</TextLine>
<TextLine HEIGHT="52" WIDTH="1994" VPOS="3451" HPOS="297" CS="1">
<String CONTENT="&#169;" HEIGHT="52" WIDTH="52" VPOS="3451" HPOS="297"/>
<SP HEIGHT="52" WIDTH="28" VPOS="3451" HPOS="350"/>
<String CONTENT="Mar." HEIGHT="39" WIDTH="123" VPOS="3457" HPOS="379"/>
<SP HEIGHT="39" WIDTH="25" VPOS="3457" HPOS="503"/>
<String CONTENT="15," HEIGHT="46" WIDTH="69" VPOS="3456" HPOS="529"/>
<SP HEIGHT="46" WIDTH="27" VPOS="3456" HPOS="599"/>
<String CS="1" CONTENT="1929;" HEIGHT="40" WIDTH="118" VPOS="3455" HPOS="627"/>
<SP HEIGHT="48" WIDTH="27" VPOS="3455" HPOS="770"/>
<String CONTENT="2c." HEIGHT="41" WIDTH="69" VPOS="3455" HPOS="798"/>
<SP HEIGHT="39" WIDTH="25" VPOS="3457" HPOS="868"/>
<String CONTENT="May" HEIGHT="46" WIDTH="115" VPOS="3457" HPOS="894"/>
<SP HEIGHT="48" WIDTH="23" VPOS="3455" HPOS="1010"/>
<String CS="1" CONTENT="23;" HEIGHT="40" WIDTH="54" VPOS="3455" HPOS="1034"/>
<SP HEIGHT="30" WIDTH="30" VPOS="3466" HPOS="1117"/>
<String CONTENT="aff." HEIGHT="41" WIDTH="83" VPOS="3455" HPOS="1148"/>
<SP HEIGHT="40" WIDTH="26" VPOS="3456" HPOS="1232"/>
<String CONTENT="May" HEIGHT="46" WIDTH="113" VPOS="3456" HPOS="1259"/>
<SP HEIGHT="47" WIDTH="25" VPOS="3455" HPOS="1373"/>
<String CONTENT="25;" HEIGHT="46" WIDTH="82" VPOS="3455" HPOS="1399"/>
<SP HEIGHT="45" WIDTH="27" VPOS="3456" HPOS="1482"/>
<!-- cceid 9A2DE8E5-6CFA-1014-9C3C-CEA95E7AA542 --><String CONTENT="A" HEIGHT="38" WIDTH="40" VPOS="3456" HPOS="1510"/>
<SP HEIGHT="40" WIDTH="25" VPOS="3455" HPOS="1551"/>
<String CONTENT="9293;" HEIGHT="46" WIDTH="141" VPOS="3455" HPOS="1577"/>
<SP HEIGHT="45" WIDTH="28" VPOS="3456" HPOS="1719"/>
<String CONTENT="Dorrance" HEIGHT="39" WIDTH="249" VPOS="3456" HPOS="1748"/>
<SP HEIGHT="40" WIDTH="27" VPOS="3455" HPOS="1998"/>
<String CONTENT="&amp;" HEIGHT="40" WIDTH="36" VPOS="3455" HPOS="2026"/>
<SP HEIGHT="40" WIDTH="25" VPOS="3455" HPOS="2063"/>
<String CONTENT="co.," HEIGHT="34" WIDTH="82" VPOS="3466" HPOS="2089"/>
<SP HEIGHT="45" WIDTH="28" VPOS="3455" HPOS="2172"/>
<String CONTENT="inc." HEIGHT="40" WIDTH="90" VPOS="3455" HPOS="2201"/>
</TextLine>
<TextLine HEIGHT="48" WIDTH="281" VPOS="3512" HPOS="374">
<String CONTENT="(29-11672)" HEIGHT="48" WIDTH="281" VPOS="3512" HPOS="374"/>
</TextLine>
<TextLine HEIGHT="64" WIDTH="693" VPOS="3618" HPOS="295" STYLEREFS="StyleId-E1407CD6-22F9-47E3-877C-C0300F16D9C7-">
<String LANG="en-US" CONTENT="Woodward," HEIGHT="63" WIDTH="365" VPOS="3619" HPOS="295"/>
<SP HEIGHT="63" WIDTH="28" VPOS="3619" HPOS="661"/>
<String LANG="de" CONTENT="Sigrid" HEIGHT="64" WIDTH="199" VPOS="3618" HPOS="690"/>
<SP HEIGHT="52" WIDTH="32" VPOS="3619" HPOS="890"/>
<String LANG="en-US" CONTENT="E." HEIGHT="54" WIDTH="65" VPOS="3619" HPOS="923"/>
</TextLine>
<TextLine HEIGHT="147" WIDTH="1981" VPOS="3708" HPOS="291" STYLEREFS="StyleId-C90514F4-7D95-43DF-B78E-8CF46C38B7DE-" CS="1">
<String CONTENT="Kathleen," HEIGHT="67" WIDTH="305" VPOS="3709" HPOS="362"/>
<SP HEIGHT="68" WIDTH="48" VPOS="3708" HPOS="668"/>
<String CONTENT="by" HEIGHT="69" WIDTH="78" VPOS="3708" HPOS="717"/>
<SP HEIGHT="69" WIDTH="51" VPOS="3708" HPOS="796"/>
<String LANG="de" CONTENT="Sigrid" HEIGHT="69" WIDTH="197" VPOS="3708" HPOS="848"/>
<SP HEIGHT="52" WIDTH="52" VPOS="3710" HPOS="1046"/>
<String CONTENT="E." HEIGHT="51" WIDTH="66" VPOS="3710" HPOS="1099"/>
<SP HEIGHT="52" WIDTH="56" VPOS="3711" HPOS="1166"/>
<String CONTENT="Woodward." HEIGHT="53" WIDTH="359" VPOS="3710" HPOS="1223"/>
<SP HEIGHT="50" WIDTH="87" VPOS="3711" HPOS="1583"/>
<String CONTENT="Philadelphia," HEIGHT="68" WIDTH="426" VPOS="3709" HPOS="1671"/>
<SP HEIGHT="66" WIDTH="49" VPOS="3710" HPOS="2098"/>
<String CONTENT="Dorrance" HEIGHT="128" WIDTH="1981" VPOS="3710" HPOS="291"/>
<SP HEIGHT="33" WIDTH="25" VPOS="3805" HPOS="459"/>
<String CONTENT="and" HEIGHT="52" WIDTH="114" VPOS="3786" HPOS="485"/>
<SP HEIGHT="52" WIDTH="26" VPOS="3786" HPOS="600"/>
<String CONTENT="company" HEIGHT="52" WIDTH="282" VPOS="3803" HPOS="627"/>
<SP HEIGHT="50" WIDTH="31" VPOS="3805" HPOS="910"/>
<String CS="1" CONTENT="["/>
<String STYLE="superscript" CS="1" CONTENT="&#7580;1"/>
<String CONTENT="929]" HEIGHT="63" WIDTH="117" VPOS="3789" HPOS="1017"/>
</TextLine>
<TextLine HEIGHT="47" WIDTH="276" VPOS="3869" HPOS="361" CS="1">
<String CONTENT="287" HEIGHT="39" WIDTH="87" VPOS="3869" HPOS="361"/>
<SP HEIGHT="46" WIDTH="28" VPOS="3870" HPOS="449"/>
<String CONTENT="p." HEIGHT="37" WIDTH="44" VPOS="3879" HPOS="478"/>
<SP HEIGHT="39" WIDTH="57" VPOS="3869" HPOS="523"/>
<String CS="1" CONTENT="19&#189;" HEIGHT="39" WIDTH="56" VPOS="3869" HPOS="581"/>
<String STYLE="superscript" CS="1" CONTENT="&#7580;&#7504;."/>
</TextLine>
<TextLine HEIGHT="54" WIDTH="1938" VPOS="3933" HPOS="296" CS="1">
<String CONTENT="&#169;" HEIGHT="53" WIDTH="52" VPOS="3933" HPOS="296"/>
<SP HEIGHT="53" WIDTH="25" VPOS="3933" HPOS="349"/>
<String CONTENT="Apr." HEIGHT="48" WIDTH="114" VPOS="3938" HPOS="375"/>
<SP HEIGHT="39" WIDTH="24" VPOS="3938" HPOS="490"/>
<String CONTENT="1," HEIGHT="43" WIDTH="38" VPOS="3938" HPOS="515"/>
<SP HEIGHT="42" WIDTH="26" VPOS="3939" HPOS="554"/>
<String CONTENT="1929;" HEIGHT="48" WIDTH="140" VPOS="3938" HPOS="581"/>
<SP HEIGHT="47" WIDTH="28" VPOS="3939" HPOS="722"/>
<String CONTENT="2c." HEIGHT="39" WIDTH="68" VPOS="3939" HPOS="751"/>
<SP HEIGHT="38" WIDTH="25" VPOS="3940" HPOS="820"/>
<String CONTENT="May" HEIGHT="46" WIDTH="114" VPOS="3940" HPOS="846"/>
<SP HEIGHT="47" WIDTH="23" VPOS="3939" HPOS="961"/>
<String CONTENT="23;" HEIGHT="43" WIDTH="82" VPOS="3939" HPOS="985"/>
<SP HEIGHT="33" WIDTH="28" VPOS="3949" HPOS="1068"/>
<String CONTENT="aff." HEIGHT="39" WIDTH="82" VPOS="3939" HPOS="1097"/>
<SP HEIGHT="38" WIDTH="25" VPOS="3940" HPOS="1180"/>
<String CONTENT="May" HEIGHT="46" WIDTH="113" VPOS="3940" HPOS="1206"/>
<SP HEIGHT="47" WIDTH="24" VPOS="3939" HPOS="1320"/>
<String CONTENT="25;" HEIGHT="47" WIDTH="82" VPOS="3939" HPOS="1345"/>
<SP HEIGHT="36" WIDTH="27" VPOS="3950" HPOS="1428"/>
<!-- cceid 9A2ED193-6CFA-1014-9C3C-CEA95E7AA542 --><String CS="1" CONTENT="A"/>
<SP HEIGHT="40" WIDTH="25" VPOS="3938" HPOS="1498"/>
<String CONTENT="9292;" HEIGHT="49" WIDTH="141" VPOS="3938" HPOS="1524"/>
<SP HEIGHT="46" WIDTH="28" VPOS="3941" HPOS="1666"/>
<String CONTENT="Dorrance" HEIGHT="38" WIDTH="248" VPOS="3941" HPOS="1695"/>
<SP HEIGHT="39" WIDTH="25" VPOS="3940" HPOS="1944"/>
<String CONTENT="&amp;" HEIGHT="39" WIDTH="36" VPOS="3940" HPOS="1970"/>
<SP HEIGHT="39" WIDTH="24" VPOS="3940" HPOS="2007"/>
<String CONTENT="co.," HEIGHT="36" WIDTH="81" VPOS="3950" HPOS="2032"/>
<SP HEIGHT="46" WIDTH="27" VPOS="3940" HPOS="2114"/>
<String CONTENT="inc." HEIGHT="39" WIDTH="92" VPOS="3940" HPOS="2142"/>
</TextLine>
<TextLine HEIGHT="48" WIDTH="280" VPOS="3996" HPOS="374">
<String CONTENT="(29-11645)" HEIGHT="48" WIDTH="280" VPOS="3996" HPOS="374"/>
</TextLine>
</TextBlock>
</PrintSpace>
</Page>
</Layout>
</alto>