2582 4377
1353 4053 67 55 76

378 420 321 63 O’Connor,
743 417 284 54 Johnson.

510 491 1869 71 … Born that way, by Johnson O’Connor. Baltimore, The
377 574 289 54 Williams
697 575 45 50 &
771 572 253 54 Wilkins
1057 590 297 49 company,
1390 574 150 50 1928.

447 657 85 40 323
563 667 44 37 p.
638 656 111 39 incl.
780 656 24 38 1
838 654 143 47 illus.,
1015 654 171 40 tables,
1245 655 173 47 plates.
1478 653 56 40 20½ᶜᵐ.
1697 652 299 49 (Half-title:
2029 653 198 38 Human
377 653 1985 101 relations

535 712 163 48 series,
728 712 72 40 ed.
830 712 61 47 by
919 711 61 40 H.
1011 710 50 42 C.
1091 710 218 41 Metcalf.
1368 710 125 49 [VII])

450 781 159 41 Series
638 782 109 39 title
776 781 48 39 in
853 783 112 46 part
995 782 102 39 also
1126 783 55 38 at
1208 780 126 41 head
1364 780 51 40 of
1443 781 100 47 t.-p.

448 839 120 39 Part
602 838 51 40 of
687 838 82 40 the
804 839 157 47 plates
996 837 124 40 have
1155 836 292 48 descriptive
1481 838 286 46 letterpress
1802 846 61 29 on
1897 846 166 30 versos
2098 835 166 48 facing
2300 835 82 40 the

375 897 172 46 plates.

447 951 102 40 The
581 952 180 40 results
793 950 52 41 of
877 949 441 50 experimentation
1351 949 120 41 with
1506 948 227 42 selective
1767 950 121 40 tests
1921 948 78 41 for
2035 948 83 42 the
2151 947 232 42 selection

377 1009 96 39 and
503 1007 262 41 allocation
793 1007 54 41 of
875 1009 285 46 employees,
1218 1007 62 48 cf.
1311 1007 186 40 Introd.

382 1074 52 52 ©
466 1079 111 40 Jan.
608 1079 67 47 14,
707 1077 113 41 1929;
880 1078 68 40 2c.
980 1081 96 37 and
1107 1077 83 41 aff.
1221 1078 111 40 Jan.
1362 1077 54 38 21;
1480 1077 41 38 A
1551 1076 115 40 3822;
1726 1076 243 45 Williams
2002 1076 36 40 &
2070 1076 209 41 Wilkins
2312 1086 67 30 co.

458 1134 253 50 (29-2342)

373 1229 282 64 O’Leary,
693 1230 139 53 Con.

448 1306 142 54 This
615 1306 239 53 delicate
879 1311 273 62 creature,
1176 1305 76 69 by
1278 1304 122 55 Con
1428 1304 274 70 O’Leary.
1767 1305 139 54 New
1934 1304 180 69 York,
2141 1305 67 52 E.
2237 1304 146 54 Holt

491 1388 84 63 [ ᶜ19 29]
447 1466 87 42 307
565 1478 44 37 p.
669 1467 55 40 19½ᶜᵐ.

382 1533 52 52 ©
465 1538 111 39 Jan.
605 1536 68 48 19,
703 1536 141 47 1929;
876 1537 67 40 2c.
974 1537 97 39 and
1100 1536 83 41 aff.
1214 1537 110 39 Jan.
1354 1536 84 47 22;
1470 1536 41 39 A
1539 1535 142 48 2959;
1716 1535 48 41 C.
1797 1535 227 49 O’Leary,
2058 1536 213 40 London.

459 1593 251 50 (29-2130)

379 1688 363 63 Ottolengui,
774 1688 350 64 Rodrigues,
1158 1706 178 50 comp.

449 1764 1874 70 Table talks on dentistry, by Rodrigues Ottolengui …
379 1843 314 68 Brooklyn,
720 1844 69 52 N.
818 1842 90 69 Y.,
934 1843 213 52 Dental
1174 1842 165 54 items
1364 1842 64 54 of
1452 1844 236 53 interest
1714 1843 337 69 publishing
2077 1861 99 50 co.,
378 1844 1983 145 incorporated,
672 1923 151 51 1928.

447 2004 831 49 xxiv p., 2 l., 488 p. illus. 25 ᶜᵐ.
449 2075 183 39 “These
662 2074 131 39 table
824 2074 131 39 talks
985 2074 124 39 have
1139 2074 119 39 been
1289 2073 249 48 compiled,
1570 2075 209 39 collated
1810 2076 96 38 and
1937 2076 286 47 correlated,
2255 2074 129 41 from

377 2134 83 39 the
494 2131 227 40 material
756 2130 158 40 which
948 2132 89 38 has
1071 2131 243 47 appeared
1349 2131 360 47 consecutively
1743 2131 177 48 during
1953 2132 83 39 the
2070 2134 111 45 past
2215 2131 169 40 fifteen

377 2199 156 37 years,
572 2187 50 40 in
662 2188 82 39 the
783 2187 309 47 department
1131 2186 206 41 entitled
1379 2186 212 41 ‘Around
1632 2188 82 39 the
1752 2186 159 49 table’,
1953 2187 50 40 in
2043 2188 82 39 the
2164 2188 221 47 monthly

377 2244 252 49 magazine
663 2243 192 41 ‘Dental
887 2243 144 41 items
1063 2243 51 41 of
1145 2242 234 50 interest’,
1413 2243 97 41 and
1541 2244 116 48 they
1688 2244 124 40 have
1843 2244 120 40 been
1994 2244 210 49 brought
2238 2254 63 39 up
2335 2246 49 39 to

378 2303 113 40 date
523 2303 62 47 by
618 2303 82 39 the
733 2300 221 40 addition
990 2301 51 39 of
1073 2300 210 48 entirely
1314 2310 106 30 new
1453 2300 229 40 material
1715 2301 248 39 wherever
1996 2301 40 39 it
2070 2301 89 40 has
2194 2302 189 39 seemed

377 2368 272 37 necessary.
709 2358 136 47 They
877 2359 104 38 also
1016 2357 194 39 include
1241 2356 235 48 opinions,
1513 2356 299 41 discussions
1847 2358 95 38 and
1976 2357 324 48 descriptions
2333 2357 52 40 of

377 2415 237 49 practical
655 2415 235 47 methods,
933 2413 308 41 contributed
1283 2413 60 47 by
1385 2412 85 40 104
1510 2414 139 38 other
1691 2415 166 38 dental
1899 2413 347 48 practitioners
2289 2414 94 40 and

377 2471 237 41 writers.”

382 2538 52 52 ©
461 2541 112 40 Dec.
598 2541 69 48 15,
694 2540 140 46 1928;
861 2540 69 40 2c.
955 2540 110 40 Jan.
1093 2540 67 47 18,
1188 2538 141 47 1929;
1359 2538 82 40 aff.
1469 2539 111 40 Jan.
1607 2538 54 40 17;
1717 2538 38 39 A
1783 2538 114 40 2902;
1956 2539 180 40 Dental
2165 2539 141 40 items
2334 2539 52 39 of

449 2598 206 40 interest
688 2597 110 48 pub.
831 2607 82 38 co.,
948 2596 91 40 inc.
1112 2595 251 50 (29-2118)

374 2692 121 52 The
529 2690 229 55 Oxford
790 2691 294 53 medicine.
1172 2689 299 70 (Indexes)

449 2769 186 52 Index
672 2773 59 47 to
769 2768 96 52 the
905 2766 231 56 Oxford
1175 2767 279 53 medicine
1504 2767 351 69 (loose-leaf)
1905 2768 77 69 by
2020 2768 230 53 various
379 2787 1982 112 authors.

630 2844 1575 71 New York [etc. ] Oxford university press [ ᶜ19 28 ]
448 2930 471 49 1 p. l., 267 p. 26 ᶜᵐ.
382 2996 52 52 ©
464 3001 110 40 Jan.
602 3000 69 48 16,
701 3000 142 47 1929;
873 3000 69 41 2c.
972 3001 96 38 and
1096 2998 84 43 aff.
1210 3000 110 39 Jan.
1350 2999 82 48 19;
1465 2999 40 39 A
1534 2999 142 47 2931;
1711 2998 188 42 Oxford
1931 3000 273 48 university
2233 3010 150 38 press,

450 3057 118 40 New
597 3057 144 47 York,
773 3057 92 40 inc.
935 3056 253 49 (29-2121)
2211 3055 88 42 524

375 3150 252 63 Palmer,
666 3149 211 55 Vivien
916 3150 207 54 Marie.

453 3227 167 52 Field
647 3227 215 52 studies
887 3227 60 52 in
972 3227 317 69 sociology;
1321 3228 335 53 a-student’s
1683 3228 251 68 manual,
1960 3228 77 70 by
2065 3228 209 55 Vivien
2303 3228 81 54 M.

378 3304 245 53 Palmer.
702 3302 270 71 Chicago,
994 3305 114 67 Ill.,
1131 3305 121 52 The
1274 3305 339 69 University
1635 3305 65 53 of
1724 3305 253 70 Chicago
2002 3324 158 49 press
2333 3311 48 62 [ᶜ1928]

453 3384 1931 53 xix, 281 p. illus. (v maps) 21 ᶜᵐ. (Half-title: Social science studies,
383 3441 216 40 directed
621 3442 62 46 by
704 3442 83 39 the
808 3442 146 39 Local
975 3442 298 47 community
1296 3443 224 40 research
1545 3443 276 41 committee
1844 3444 52 39 of
1921 3444 82 40 the
2028 3444 284 49 University
2335 3446 52 40 of

383 3497 225 50 Chicago,
666 3508 77 30 no.
772 3497 99 49 xii)

454 3569 225 40 Includes
717 3568 249 41 “Selected
1001 3569 382 49 bibliography”.

385 3621 52 52 ©
466 3626 113 41 Dec.
609 3626 68 48 15,
708 3626 142 47 1928;
881 3627 68 39 2c.
981 3627 110 39 Jan.
1121 3627 69 47 21,
1223 3627 141 47 1929;
1398 3627 83 42 aff.
1513 3629 110 39 Jan.
1653 3629 82 46 14;
1769 3629 41 39 A
1841 3629 142 47 2989;
2018 3629 283 41 University
2333 3629 52 40 of

453 3681 223 50 Chicago,
708 3682 225 49 Chicago.
1002 3682 251 50 (29-2359)

382 3774 365 65 Pankhurst,
788 3776 357 56 Christabel.

455 3850 1932 72 Seeing the future, by Christabel Pankhurst … New York
385 3929 112 53 and
524 3929 259 70 London,
811 3930 235 69 Harper
1073 3933 47 51 &
1146 3931 278 70 brothers,
1456 3937 149 50 1929.
