2533 4384
1080 3979 100 51 231

137 337 326 63 Crawford,
496 335 211 53 Albert
738 335 280 54 Beecher.

199 414 322 54 Incentives
553 420 58 48 to
643 414 201 68 study;
880 432 28 33 a
943 431 205 50 survey
1180 413 64 54 of
1274 413 232 54 student
1538 411 255 70 opinion,
1824 415 75 68 by
1931 415 206 54 Albert

131 495 246 52 Beecher
416 491 325 70 Crawford,
779 491 263 68 director,
1084 492 382 66 Department
1504 489 65 54 of
1607 494 301 65 personnel
1946 494 190 68 study,

130 573 111 51 and
282 573 228 50 Bureau
549 570 64 52 of
650 570 444 67 appointments,
1134 569 145 52 Yale
1320 566 336 70 university.
1731 569 141 52 New
1911 570 224 68 Haven,

130 650 145 52 Yale
316 647 320 69 university
677 666 184 49 press;
907 647 258 67 London,
1207 647 77 52 H.
1328 645 266 69 Milford,
1636 645 233 55 Oxford
127 647 1985 149 university

269 744 174 50 press,
475 729 148 49 1929.

198 808 72 40 xii
301 819 56 37 p.,
392 808 24 39 1
485 839 8 15 l.,
528 806 85 41 194
645 817 43 37 p.
720 806 112 41 incl.
864 806 21 39 1
924 806 143 47 illus.,
1100 806 171 47 tables,
1306 805 196 48 diagrs.,
1534 805 169 41 forms.
1763 805 149 42 28½ᶜᵐ.

199 878 293 40 “Published
518 888 61 29 on
604 878 83 39 the
714 876 148 41 Louis
893 876 142 41 Stern
1061 875 252 41 memorial
1338 875 169 42 fund.”

199 936 103 39 The
338 945 176 36 survey
551 943 100 31 was
689 934 268 39 conducted
994 936 52 37 at
1083 933 121 39 Yale
1239 932 287 49 university,
1562 932 154 49 April,
1753 933 131 41 1926.

198 992 349 47 Bibliography:
607 1002 42 37 p.
699 988 236 51 [129]-135.

134 1058 52 53 ©
213 1063 112 40 Feb.
351 1062 69 47 21,
448 1061 140 46 1929;
618 1061 67 40 2c.
714 1060 112 41 Feb.
851 1059 83 47 28;
964 1059 83 40 aff.
1075 1059 112 41 Feb.
1215 1059 82 46 26;
1329 1060 39 38 A
1396 1059 140 47 5526;
1567 1060 119 40 Yale
1715 1060 130 40 univ.
1875 1070 150 38 press.

211 1118 251 50 (29-5798)

124 1211 194 64 Dales,
356 1211 227 64 George
617 1211 58 54 S.

196 1292 276 51 Intimate
508 1291 272 68 glimpses
818 1288 64 55 of
918 1307 173 51 many
1125 1290 183 70 lands,
1345 1290 76 68 by
1456 1288 135 55 Geo.
1632 1289 56 56 S.
1725 1291 203 66 Dales;
131 1293 2004 145 close-ups

274 1370 63 53 of
376 1371 95 50 the
510 1370 257 51 Panama
127 1366 1984 149 Canal—Hawaii—Japan—China—Philippines—Java—India

792 1448 113 51 and
936 1463 173 50 many
1143 1447 162 52 other
1338 1444 311 68 countries;
1685 1445 191 55 edited
1908 1447 113 53 and
130 1466 1981 114 revised

331 1526 153 52 from
526 1526 99 52 the
668 1525 128 52 diary
882 1524 65 53 of
990 1522 136 55 Geo.
1175 1523 56 55 S.
1277 1525 174 53 Dales
1494 1525 76 67 by
1613 1525 172 53 Lotta
1833 1525 67 53 E.
1945 1525 189 53 Dales.

129 1602 948 72 Akron, O., G. S. Dales [ ᶜ19 28 ]
195 1683 918 52 4 p. l., 236 p. front., illus. 24 ᶜᵐ .
198 1755 367 41 “Illustrations
598 1755 211 40 selected
839 1754 129 40 from
1002 1753 131 49 1,000
1165 1754 208 47 original
1408 1755 345 47 photographs,
1786 1756 142 39 made
1962 1766 59 29 on
2054 1757 83 39 the

127 1817 107 45 spot
267 1814 62 47 by
361 1814 83 39 the
475 1811 222 42 author.”

133 1881 1921 52 © Dec. 20, 1928; 2c. and aff. Dec. 26; A 2888; G. S. Dales, Akron, O.
210 1941 252 50 (29-2037)

126 2037 235 63 Dalton,
393 2036 228 63 Moray.

197 2114 124 55 One
344 2117 35 52 by
446 2134 102 35 one
576 2115 94 52 they
738 2114 397 69 disappeared,
1162 2115 75 68 by
1262 2114 209 69 Moray
1496 2116 234 53 Dalton.
1806 2116 140 53 New
1974 2116 164 53 York

125 2195 112 52 and
264 2194 259 66 London,
548 2193 234 68 Harper
808 2195 45 50 &
878 2193 279 68 brothers,
1186 2195 151 51 1929.

194 2275 48 40 vi
272 2286 57 37 p.,
358 2275 25 39 1
444 2306 9 17 l.,
482 2274 100 47 279,
613 2274 54 50 [1]
698 2286 43 37 p.
802 2273 147 42 19½ᶜᵐ.

195 2346 41 39 A
271 2346 194 48 Harper
495 2346 163 39 sealed
690 2346 216 47 mystery
939 2347 136 46 story
1118 2344 68 49 (p.
1218 2344 206 41 211-279
1455 2344 190 48 sealed)

131 2413 1984 110 © Mar. 1, 1929; 2c. Mar. 2; aff. Mar. 5; A 5642; Dalton Renoir, London. (29-5956)
128 2567 203 63 Davis,
362 2567 186 52 Helen
579 2567 244 63 Bayley.

193 2645 395 68 Moth-wings,
619 2645 77 68 by
728 2645 187 52 Helen
950 2646 220 68 Bayley
1203 2645 199 53 Davis.
1480 2646 352 68 [Baltimore,
125 2645 1984 146 O’Donovan,

288 2722 182 56 Callis
498 2726 47 50 &
576 2741 98 50 co.,
707 2726 153 65 1929]

193 2807 628 49 3 p. I., [1], 56 p. 21 ᶜᵐ .
194 2877 187 41 Poems.

131 2942 2000 52 © Feb. 18, 1929; 1c. Feb. 20; 1c. and aff. Mar. 1; A 4697; H. B. Davis,
197 3003 285 41 Baltimore.
550 3002 254 50 (29-5931)

123 3097 188 63 Desti,
345 3097 190 63 Mary.

195 3177 121 52 The
358 3178 201 51 untold
602 3183 186 62 story;
831 3179 95 51 the
968 3175 105 55 life
1115 3178 64 54 of
1218 3179 238 53 Isadora
1501 3180 261 67 Duncan,
1808 3181 327 68 1921-1927,

123 3253 1692 73 by Mary Desti … New York, H. Liveright, 1929.
195 3335 85 40 xiv
313 3346 56 37 p.,
407 3337 24 37 1
501 3367 8 15 l.,
545 3335 172 41 17-281
753 3347 45 37 p.
871 3336 165 48 front.,
1071 3337 172 48 plates,
1278 3340 164 46 ports.,
1479 3338 218 42 facsims.
1758 3339 147 41 22½ᶜᵐ.

129 3401 52 52 ©
214 3405 113 41 Feb.
358 3405 40 49 9,
431 3405 140 49 1929;
605 3407 68 40 2c.
706 3407 113 41 Feb.
851 3407 82 47 13;
968 3407 83 41 aff.
1085 3408 122 41 Mar.
1240 3408 84 47 18;
1360 3409 41 39 A
1433 3409 114 40 5299;
1611 3411 142 47 Mary
1787 3410 139 40 Desti
1962 3409 168 49 Perch,

198 3462 119 40 New
346 3463 145 40 York.
561 3462 251 50 (29-5073)

130 3556 319 64 Edginton,
482 3557 185 52 Helen
698 3558 250 63 Marion,
984 3563 172 51 1883-

196 3632 105 69 My
326 3633 152 67 dear,
503 3632 76 70 by
604 3634 140 69 May
771 3634 316 70 Edginton.
1151 3635 429 70 Philadelphia,
1607 3639 161 52 Penn
1798 3638 338 70 publishing

128 3713 509 67 company [ ᶜ19 29]
194 3792 89 41 310
314 3805 44 37 p.
447 3792 116 42 19½ᶜᵐ.

133 3857 52 53 ©
215 3863 111 40 Jan.
355 3863 70 46 25,
456 3863 141 48 1929;
629 3865 68 41 2c.
726 3866 96 39 and
853 3865 82 42 aff.
968 3868 122 39 Mar.
1120 3869 53 40 1;
1205 3867 41 39 A
1275 3867 142 47 4642;
1452 3869 132 39 Penn
1615 3869 110 48 pub.
1756 3880 69 31 co.

210 3918 251 49 (29-5696)
