2542 4389
1054 4048 136 57 1971

217 471 116 49 xvii,
361 471 88 41 236
474 483 44 37 p.
572 471 137 41 front.
761 471 172 50 (port.)
970 472 130 41 illus.
1139 472 164 50 (plan)
1367 471 146 41 19½ᶜᵐ.

216 527 64 40 At
316 527 126 42 head
479 527 53 41 of
566 528 108 40 title:
742 528 214 41 Roberto
992 530 199 39 Bracco.

149 577 52 53 ©
229 583 112 40 Dec.
367 583 39 49 5,
433 583 114 40 1929;
600 583 68 42 2c.
694 585 95 39 and
818 584 81 40 aff.
927 585 112 39 Dec.
1067 584 59 40 10;
1178 585 41 39 A
1244 583 147 42 17290;
1447 584 213 47 Century
1688 594 67 30 со.

138 689 236 66 Blount,
405 693 140 54 Mrs.
576 691 286 53 Melesina
893 693 192 63 Mary.

210 769 214 70 Brigit,
475 771 75 69 by
602 771 141 53 Mrs.
796 770 221 70 George
1069 771 258 53 Norman
1390 771 167 69 (Mrs.
1611 769 223 71 George
1887 770 245 70 Blount)

143 847 277 67 [London]
455 848 188 54 Hurst
672 850 45 50 &
746 848 284 70 Blackett,
1060 849 105 54 ltd.
1201 852 172 64 [1929]

207 926 87 43 287
325 939 43 38 p.
427 928 147 42 19½ᶜᵐ.

145 979 1991 56 © 1c. Dec. 5, 1929; A ad int. 13338; pubd. Oct. 18; M. M. Blount, i. e.
213 1041 116 41 Mrs.
361 1041 183 46 George
573 1042 194 48 Blount,
799 1041 283 49 Richmond,
1118 1041 193 49 Surrey,
1345 1043 237 48 England.
221 1096 282 50 (29-29968)

135 1189 240 65 Bracco,
405 1190 278 65 Roberto,
716 1196 172 50 1862-

268 1269 1871 72 … II piccolo santo; with introduction and notes by Rudolph
134 1345 2006 74 Altrocchi … and a vocabulary by Marthe Bloch … New
135 1425 1285 72 York & London, The Century со. [ ᶜ1929]
205 1505 116 49 xvii,
347 1505 88 42 236
458 1518 43 37 p.
559 1506 138 41 front.
739 1505 171 50 (port.)
944 1506 127 41 illus.
1101 1506 165 49 (plan)
1328 1507 146 41 19½ᶜᵐ.
1544 1506 125 48 (The
1697 1507 215 47 Century
1939 1508 200 40 modern

136 1562 241 48 language
413 1563 163 48 series,
616 1564 227 39 Kenneth
880 1563 276 49 McKenzie,
1197 1562 183 48 editor)
1505 1562 130 50 $1.65

206 1618 350 49 Bibliography:
614 1631 44 37 p.
686 1619 201 41 xiii-xv.

140 1671 52 53 ©
224 1676 112 42 Dec.
368 1677 40 47 5,
440 1677 141 46 1929;
613 1677 70 42 2c.
715 1678 97 40 and
842 1676 83 41 aff.
958 1677 113 41 Dec.
1103 1676 84 48 10;
1222 1677 42 39 A
1295 1676 172 48 17290;
1503 1676 215 49 Century
1751 1687 66 31 со.
1883 1673 69 54 [©
206 1677 1910 96 introduction
439 1735 95 39 and

567 1740 141 34 notes
739 1734 61 47 by
836 1734 226 48 Rudolph
1097 1733 248 41 Altrocchi
1382 1734 94 39 and
1511 1734 295 47 vocabulary
1841 1734 63 48 by
1940 1733 194 40 Marthe

207 1789 167 50 Bloch]
443 1789 281 51 (29-30226)

129 1882 292 65 Brendon,
451 1883 154 55 John
638 1884 245 56 Adams.

201 1960 1932 74 Great navigators & discoverers, by J. A. Brendon … with
131 2039 382 56 illustrations
551 2043 111 52 and
701 2060 180 50 maps.
955 2042 242 53 London
1256 2046 121 62 [etc.]
1420 2040 70 56 G.
1526 2040 69 56 G.
1633 2041 238 69 Harrap
1908 2042 46 51 &
131 2059 1982 127 company,
329 2117 104 56 ltd.
467 2121 172 65 [1929]

197 2198 98 48 281,
325 2199 55 49 [1]
410 2210 43 37 p.
480 2199 109 41 incl.
614 2199 151 49 fropt.
794 2200 161 49 (map)
990 2200 129 41 illus.
1175 2200 118 42 22ᶜᵐ.

197 2256 139 48 Maps
361 2267 63 30 on
447 2256 365 49 lining-papers.

201 2313 184 41 Stories
425 2312 51 41 of
514 2313 319 48 twenty-four
871 2313 388 49 representative
1296 2313 177 41 sailors
1512 2313 128 40 from
1678 2313 179 41 Hanno
1896 2314 82 40 the
127 2313 1989 103 Carthaginian
406 2372 49 38 to

485 2369 77 42 Sir
586 2370 128 41 John
743 2369 251 41 Franklin.

198 2425 87 41 “In
319 2437 27 29 a
380 2427 267 39 somewhat
678 2437 132 30 more
844 2427 304 47 compressed
1181 2426 128 40 form
1345 2427 81 39 the
1458 2425 279 41 narratives
1772 2427 123 39 have
1930 2427 200 47 already

126 2483 117 41 been
271 2483 193 49 printed
491 2483 51 40 in
567 2484 82 39 the
677 2493 148 38 pages
852 2483 52 40 of
931 2484 83 40 the
1041 2483 123 40 Blue
1192 2482 524 41 Peter.”—Foreword.

134 2535 1996 53 © 1c. Nov. 2, 1929; A ad int. 13271; pubd. Sept. 6; Harcourt, Brace &
202 2607 81 37 со.,
309 2597 105 48 inc.,
440 2596 118 41 New
582 2597 144 39 York.
792 2595 281 50 (29-29566)

123 2689 271 66 Bridges,
423 2690 222 54 Robert
674 2691 308 64 Seymour,
1015 2696 173 50 1844-

194 2769 121 53 The
348 2773 303 49 testament
685 2768 64 54 of
780 2769 238 68 beauty;
1055 2787 31 34 a
1120 2787 165 50 poem
1317 2768 61 52 in
1412 2766 135 54 four
1578 2767 194 70 books,
1804 2767 76 69 by
1912 2767 217 54 Robert

124 2846 262 69 Bridges,
428 2851 131 63 poet
597 2847 268 53 laureate.
943 2845 249 68 Oxford,
1231 2846 120 54 The
1392 2846 325 56 Clarendon
1757 2863 176 50 press,
1976 2849 152 51 1929.

191 2927 673 51 4 p. l., 191, [1] p. 18½ᶜᵐ.
195 2983 326 43 “Publisher’s
546 2986 112 39 note
685 2995 60 30 on
771 2985 82 40 the
880 2983 133 42 text”:
1070 2983 27 41 3
1123 2995 43 37 p.
1193 2986 52 38 at
1270 2984 107 40 end.

131 3036 1994 54 © 1c. Dec. 5, 1929; A ad int. 13324; pubd. Oct. 24; Oxford university
197 3108 149 38 press,
375 3099 119 39 New
519 3098 144 47 York,
692 3098 106 48 inc.,
826 3098 119 40 New
972 3096 145 42 York.
1185 3095 281 50 (29-29949)

121 3189 271 66 Bridges,
422 3191 258 53 Thomas
713 3191 264 64 Charles,
1013 3195 173 51 1868-

197 3269 162 53 More
386 3269 196 54 heroes
610 3268 66 54 of
702 3269 237 54 modern
969 3269 332 67 adventure,
1328 3267 78 69 by
1435 3268 66 51 T.
1533 3266 63 56 C.
1628 3267 246 69 Bridges
1905 3267 113 53 and
2048 3266 79 54 H.

126 3342 1999 72 Hessell Tiltman … with thirty-two illustrations in half-tone.
125 3423 260 68 London,
411 3424 260 68 Bombay
721 3429 121 62 [etc.]
875 3423 70 56 G.
973 3423 69 55 G.
1070 3423 239 68 Harrap
1336 3424 47 51 &
1408 3440 80 35 со.
1515 3422 105 53 ltd.
1673 3423 153 65 [1929]

228 3539 9 14 v,
263 3507 88 40 266
376 3519 44 37 p.
474 3506 164 46 front.,
666 3508 173 47 plates,
867 3508 150 47 ports.
1073 3506 148 40 21½ᶜᵐ.

129 3558 1995 53 © 1c. Dec. 3, 1929; A ad int. 13311; pubd. Nov. 8; Little, Brown, and
196 3629 248 38 company,
475 3620 197 40 Boston.
740 3617 281 49 (29-30163)

119 3698 321 65 Brousson,
470 3697 146 55 Jean
646 3699 274 64 Jacques.

253 3772 1872 70 … Jeanne d’Arc. Son histoire racontée pour la jeunesse
121 3857 55 47 et
215 3852 255 54 illustrée
507 3853 143 53 dans
688 3853 51 53 le
779 3853 140 68 goût
959 3853 77 53 du
1077 3850 316 70 quinzième
1436 3851 165 53 siècle
1641 3869 108 50 par
1791 3849 329 71 Sigismond

122 3928 1894 70 Olesiewicz. Paris, Duchartre & Van Buggenhoudt [ ᶜ 1928]
