2542 4389
1030 4062 136 51 1605

83 401 390 65 Engelmann,
504 399 206 65 Guido,
741 399 169 54 1876-

155 471 1935 77 Einführung in die Orthopädie, von privatdozent d ʳ . Guido
83 550 2009 76 Engelmann … mit 44 textabbildungen. Wien und Berlin,
82 638 55 54 J.
169 636 298 69 Springer,
499 636 149 51 1929.

154 709 1934 55 2 p. l., 90 p. illus. 21 ᶜᵐ . (On cover: Bücher der ärztlichen praxis,
84 771 83 49 16)

90 825 52 53 ©
170 830 114 47 Apr.
313 829 69 47 26,
412 828 118 40 1929;
613 839 23 28 1c.
679 827 116 46 July
824 827 25 37 3;
908 826 314 47 A—Foreign
1250 824 141 47 3916;
1425 824 165 40 Julius
1623 823 243 48 Springer.

167 885 281 49 (29-22021)

85 965 268 65 Epstein,
382 963 190 65 Ralph
602 963 173 64 Cecil,
805 982 180 50 comp.

158 1042 483 68 Supplementary
672 1041 269 67 readings
971 1039 59 52 in
1061 1039 330 68 economics,
1421 1039 74 68 by
1526 1038 194 68 Ralph
1753 1038 62 55 C.
1848 1037 241 69 Epstein

147 1116 1766 72 … New York, Chicago [etc.] C. Scribner’s sons [ᶜ1929]
155 1199 699 52 xi, 455 p. diagrs. 20½ ᶜᵐ .
91 1256 52 52 ©
176 1260 103 40 Oct.
308 1260 70 47 18,
409 1258 118 40 1929;
582 1258 68 40 2c.
685 1258 102 40 Oct.
818 1257 55 39 19;
935 1256 81 40 aff.
1051 1256 102 40 Oct.
1185 1257 83 45 21;
1305 1257 40 37 A
1377 1255 171 46 15172;
1586 1254 202 41 Charles
1823 1253 267 41 Scribner’s

158 1327 126 30 sons.
351 1314 280 49 (29-22233)

86 1396 246 64 Farlow,
361 1395 255 54 William
647 1394 220 64 Gilson,
899 1399 327 49 1844-1919.

223 1495 132 34 Icones
402 1474 425 65 Farlowianae;
877 1473 383 54 illustrations
1306 1473 64 52 of
1417 1473 95 52 the
1556 1473 192 67 larger
1792 1470 196 66 Fungi
2031 1469 66 53 of

85 1558 222 50 eastern
341 1553 187 53 North
562 1552 286 68 America,
880 1553 77 68 by
990 1551 262 53 William
1288 1549 204 55 Gilson
1528 1549 258 67 Farlow;
1825 1547 143 54 with
86 1548 1985 152 descriptive

404 1636 121 48 text
571 1631 74 69 by
694 1630 256 52 Edward
997 1629 206 68 Angus
1251 1629 165 51 Burt.
1493 1627 367 69 Cambridge,
1905 1625 192 68 Mass.,

87 1711 121 52 The
252 1709 230 53 Farlow
527 1709 220 55 library
793 1709 112 51 and
952 1707 327 52 herbarium
1328 1706 65 52 of
1438 1706 275 53 Harvard
1758 1704 341 71 university,

89 1790 149 52 1929.

195 1865 1004 51 x, 120 p. 103 col. pl. (1 fold.) 36½ ᶜᵐ .
93 1921 51 51 ©
174 1925 102 40 Oct.
303 1925 39 47 1,
370 1923 115 41 1929;
541 1923 66 40 2c.
636 1923 95 39 and
759 1922 83 41 aff.
872 1922 102 40 Oct.
1003 1921 25 40 9;
1087 1922 40 38 A
1154 1922 144 40 15213;
1357 1922 194 39 Farlow
1578 1921 283 39 herbarium
1890 1921 52 40 of
160 1921 1916 99 Harvard
307 1981 131 40 univ.
503 1979 280 49 (29-22324)

85 2060 303 64 Franklin,
419 2059 255 55 William
707 2059 324 63 Suddards,
1065 2064 171 49 1863-

163 2137 1932 71 Engineering mechanics, pt. 1, by Wm. S. Franklin … and
92 2213 2002 69 Zenas R. Bliss … Lancaster, Pa., Franklin and Charles, 1929.
159 2297 909 49 xi, 287 p. illus., diagrs. 22½ ᶜᵐ .
93 2351 53 52 ©
186 2356 120 47 Aug.
347 2354 69 48 28,
459 2354 115 40 1929;
641 2354 68 40 2c.
754 2353 128 48 Sept.
923 2353 55 40 19;
1051 2353 82 40 aff.
1180 2352 128 48 Sept.
1350 2353 58 40 27;
1477 2353 40 39 A
1560 2352 144 40 15175;
1777 2353 239 39 Franklin
2059 2353 37 40 &

162 2411 215 41 Charles.
447 2410 281 49 (29-22384)

87 2491 255 64 Gabriel,
371 2491 191 64 Ralph
593 2492 225 63 Henry,
851 2496 171 50 1890-

225 2567 1870 71 … The lure of the frontier; a story of race conflict, by
92 2647 194 69 Ralph
327 2647 205 68 Henry
572 2646 252 55 Gabriel.
903 2647 140 52 New
1084 2647 228 67 Haven,
1355 2647 146 53 Yale
1543 2647 321 69 university
1907 2665 186 50 press;

116 2730 120 62 [etc.,
266 2729 119 62 etc.]
422 2727 150 49 1929.

162 2805 1933 49 3 p. l., 327 p. col. front., illus. (incl. ports., maps, facsims.) 26½ ᶜᵐ .
102 2862 125 49 (The
254 2864 212 46 pageant
492 2862 52 40 of
567 2861 241 41 America.
868 2863 106 49 [vol.
1045 2863 39 48 II])

164 2919 228 47 “Liberty
423 2919 95 39 bell
547 2917 228 43 edition.”

157 2975 130 40 “The
316 2975 198 47 Liberty
545 2975 93 39 bell
667 2975 184 39 edition
881 2975 50 40 of
962 2975 114 39 ‘The
1106 2978 209 45 pageant
1346 2974 52 41 of
1427 2975 253 46 America’,
1713 2975 82 39 the
1825 2974 109 40 first
1964 2978 47 36 to
2042 2974 57 40 be

93 3031 208 49 printed,
329 3031 42 40 is
398 3031 189 41 limited
614 3034 48 38 to
690 3031 131 48 1,500
848 3031 315 48 impressions
1191 3042 61 30 on
1280 3042 149 37 paper
1458 3031 250 48 expressly
1737 3031 141 39 made
1905 3031 79 40 for
2014 3030 82 41 the

94 3087 176 41 work.”
331 3087 119 41 This
482 3098 117 37 copy
631 3090 86 38 not
748 3088 280 40 numbered.

97 3139 51 53 ©
180 3144 101 40 Oct.
311 3146 39 45 1,
379 3143 142 43 1929;
551 3143 66 41 2c.
648 3145 95 38 and
774 3143 82 42 aff.
888 3143 102 41 Oct.
1021 3144 55 38 25;
1136 3144 39 38 A
1206 3143 172 42 14384;
1411 3144 121 40 Yale
1561 3143 131 40 univ.
1721 3153 152 38 press.

173 3199 281 49 (29-22308)

90 3281 204 63 Gamo,
320 3281 169 56 Jean.

89 3359 1988 147 … Travaux d’amour et d’autres choses. Paris, E. Flammarion [1928]
162 3518 456 49 278 p., 3 l. 19 ᶜᵐ .
433 3608 9 8 CONTENTS.
459 3599 59 4 —
535 3577 400 39 Malencontreux
990 3577 375 39 amour.—D’un
1420 3575 177 48 négoce
92 3576 1991 98 troublé.—Sorcelleries.

99 3686 1915 52 © Jan. 24, 1929; 1c. Jan. 31; A— Foreign 1463; Ernest Flammarion.
175 3745 281 50 (29-21948)

94 3825 265 64 Gastine,
387 3825 181 54 Louis
593 3826 184 64 Jules,
809 3832 171 50 1858-

228 3905 1863 70 … Les nuits galantes de Louis XV (Les sœurs de Nesle)
92 3982 186 69 Paris,
310 3983 347 53 Baudinière
711 3986 153 65 [1929]
