2582 4377
1437 4047 68 51 82

447 398 199 65 Black,
677 399 253 53 Newton
962 400 224 63 Henry,
1220 398 172 56 1874-

513 478 140 53 New
693 478 278 68 practical
1008 477 256 69 physics;
1310 477 402 53 fundamental
1752 476 312 69 principles
2106 478 112 52 and
444 478 1980 132 applications

693 553 1757 71 to daily life, by Newton Henry Black … and Harvey
444 630 2006 71 Nathaniel Davis … New York, The Macmillan company,
446 715 151 50 1929.

550 790 1615 51 x p., 1 l., 645 p. incl. front., illus., diagrs. col. plates. 20 ᶜᵐ.
451 860 51 52 ©
533 864 110 40 Jan.
673 864 70 46 22,
774 862 115 41 1929;
949 863 68 40 2c.
1049 863 96 39 and
1177 861 82 42 aff.
1291 862 111 41 Jan.
1434 862 82 47 23;
1550 862 41 39 A
1619 861 144 47 3861;
1797 862 283 40 Macmillan
2111 873 67 30 co.
2260 858 51 52 [©
2345 873 105 29 new

518 921 96 39 and
643 920 252 40 rewritten
925 918 243 50 material]
1240 918 251 50 (29-2484)

450 1015 296 64 Bolenius,
781 1016 212 51 Emma
1026 1013 209 55 Miller.

583 1091 1871 70 … The Bolenius readers. 4th, 6th readers, by Emma Miller
451 1171 290 68 Bolenius,
777 1171 327 53 illustrated
1139 1171 77 69 by
1251 1170 194 54 Mabel
1482 1173 68 50 B.
1587 1171 132 52 Hill
1755 1171 114 52 and
1908 1171 182 52 Edith
2128 1171 65 52 F.
2235 1172 217 51 Butler.

450 1248 2005 69 Rev. ed. Boston, New York [etc. ] Houghton Mifflin company
457 1332 192 63 [ ᶜ19 29 ]
520 1410 722 49 2 v. illus. (part col.) 19 ᶜᵐ.
521 1481 193 39 Earlier
745 1480 211 41 editions
986 1481 124 39 have
1142 1480 110 40 title:
1313 1480 101 40 The
1445 1480 130 47 boys’
1608 1481 96 39 and
1737 1480 133 48 girls’
1903 1481 212 39 readers.

455 1548 51 52 ©
541 1552 111 39 Jan.
686 1552 68 46 11,
789 1551 115 40 1929;
966 1552 69 39 2c.
1069 1550 119 41 each
1223 1551 96 40 and
1353 1550 109 41 affs.
1496 1551 111 40 Jan.
1641 1551 56 39 14;
1761 1551 38 39 A
1835 1551 128 47 3671,
1999 1551 142 46 3672;
2180 1553 53 39 E.
2270 1553 63 38 M.
521 1552 1918 105 Bolenius,
724 1608 280 47 Lancaster,
1034 1608 84 41 Pa.
1187 1607 252 50 (29-2428)

451 1705 235 63 Bowen,
715 1703 306 65 Marjorie,
1051 1705 195 67 pseud.

525 1782 291 67 Holland;
855 1783 173 68 being
1065 1800 32 34 a
1136 1782 232 68 general
1406 1800 205 51 survey
1650 1781 64 53 of
1751 1782 99 53 the
1887 1782 384 54 Netherlands
458 1801 1975 128 commonly

688 1859 1771 71 called Holland, by Marjorie Bowen … Garden City,
455 1938 71 52 N.
553 1938 91 67 Y.,
669 1937 358 68 Doubleday,
1053 1937 201 53 Doran
1279 1939 46 50 &
1350 1956 299 50 company,
1677 1938 126 68 inc.,
1832 1941 151 50 1929.

528 2018 1431 50 xiii p., 1 l., 252 p. col. front., plates, fold. map. 21½ᶜᵐ.
527 2089 352 48 Bibliography:
937 2099 44 38 p.
1012 2089 220 41 242-243.

458 2157 51 52 ©
540 2162 110 39 Jan.
678 2162 69 47 14,
777 2160 114 41 1929;
951 2161 67 41 2c.
1047 2162 96 39 and
1173 2160 83 42 aff.
1286 2162 111 39 Jan.
1426 2162 55 38 21;
1540 2162 42 39 A
1608 2162 116 41 3827;
1782 2162 300 49 Doubleday,
2115 2164 166 39 Doran
2312 2163 37 40 &
2377 2174 83 38 co.,

525 2218 91 42 inc.
684 2218 253 50 (29-2557)

454 2311 331 65 Brackney,
819 2313 208 53 Edwin
1060 2314 307 54 Emerson.

527 2390 122 52 The
675 2388 108 55 life
809 2391 113 51 and
950 2391 187 53 works
1164 2390 65 53 of
1256 2391 157 54 John
1440 2392 97 52 the
1565 2392 251 68 Baptist,
1841 2392 75 69 by
1946 2393 210 53 Edwin
2186 2394 276 52 Emerson

458 2467 1822 71 Brackney … [Portland, Or., Loomis & Loomis, ᶜ19 28]
526 2551 904 49 232, [2] p. incl. front. (port.) 20 ᶜᵐ.
461 2602 53 53 ©
550 2607 112 41 Dec.
698 2608 69 47 17,
805 2607 141 44 1928;
984 2608 68 40 2c.
1088 2609 112 41 Dec.
1236 2609 82 46 26;
1359 2608 82 42 aff.
1479 2609 112 40 Dec.
1628 2609 84 48 22;
1751 2610 41 39 A
1828 2610 142 47 2663;
2010 2611 53 40 E.
2102 2612 52 39 E.
2193 2612 269 48 Brackney,

528 2665 249 48 Portland,
811 2665 79 40 Or.
960 2665 251 48 (29-1310)

460 2758 255 63 Branch,
749 2759 254 54 Edward
1036 2760 282 65 Douglas,
1354 2767 170 49 1905-

530 2835 1935 75 The hunting of the buffalo, by E. Douglas Branch … New
461 2914 164 52 York
660 2915 114 53 and
809 2916 258 69 London,
1102 2917 73 53 D.
1212 2917 292 68 Appleton
1547 2919 112 52 and
1697 2938 299 50 company,
2035 2923 149 50 1929.

530 2997 1619 53 vi, [1] p., 2 l., 239, [1] p. front., illus., plates, facsims. 21½ᶜᵐ.
464 3049 51 52 ©
544 3053 111 42 Jan.
684 3055 68 47 11,
781 3055 115 40 1929;
953 3056 67 41 2c.
1050 3058 95 39 and
1175 3057 82 41 aff.
1288 3058 110 40 Jan.
1428 3059 55 39 17;
1541 3058 41 39 A
1610 3058 142 48 2869;
1785 3059 57 41 D.
1870 3059 240 48 Appleton
2141 3064 36 40 &
2205 3071 68 29 co.

541 3110 251 51 (29-2501)

462 3204 296 64 Brandon,
791 3205 201 64 Edgar
1023 3207 228 65 Ewing,
1283 3210 83 52 ed.

541 3282 216 67 [Direct
789 3285 231 53 method
1056 3288 270 52 exercises
1362 3289 112 51 and
1510 3288 363 71 vocabulary]
1911 3290 75 68 by
2020 3290 200 68 Edgar
2256 3290 210 69 Ewing

467 3362 1999 72 Brandon … and Laurence Hervey Skinner … [in the book
466 3438 1938 74 entitled] Le comte de Monte-Cristo, par Alexandre Dumas …
467 3516 1923 78 New edition. New York, Henry Holt and company [ ᶜ19 28]
532 3599 1002 52 vii, 291 p. front., plates, maps. 17 ½ ᶜᵐ.
467 3650 51 52 ©
547 3655 111 41 Jan.
686 3657 39 46 7,
754 3655 141 49 1929;
923 3657 70 40 2e.
1022 3659 110 40 Jan.
1161 3659 53 47 9;
1245 3659 82 41 aff.
1358 3660 109 41 Jan.
1497 3661 82 47 10;
1609 3661 41 39 A
1678 3661 141 47 2747;
1851 3662 169 47 Henry
2049 3663 121 40 Holt
2198 3663 37 40 &
2262 3674 82 31 co.,
2374 3663 92 41 inc.

461 3762 233 66 Brown,
728 3765 129 63 Roy
890 3766 241 55 Melton.

537 3841 1867 76 Public poor relief in North Carolina, by Roy M. Brown …
469 3916 221 70 Chapel
715 3918 148 69 Hill,
889 3920 122 53 The
1037 3921 341 71 University
1404 3923 65 53 of
1496 3924 188 54 North
1714 3925 272 55 Carolina
2012 3945 175 50 press,
2219 3930 151 50 1928.
