2533 4342
1337 4002 138 48 1960

394 371 315 67 Vaughan,
734 373 258 55 William
1021 374 262 65 Eugene,
1314 375 172 55 1873-

463 464 394 54 Articulation
898 465 61 52 in
1003 465 246 69 English
1291 465 251 54 between
1583 466 97 53 the
1721 467 141 68 high
1905 467 192 53 school
2137 468 114 52 and
394 466 1982 146 college;

589 561 32 35 a
658 543 390 68 comparative
1088 544 172 68 study
1299 543 66 53 of
1405 543 296 54 freshman
1741 544 246 70 English
2028 545 59 51 in
2128 547 67 49 21
395 549 2009 140 state-supported

765 621 272 53 southern
1090 620 207 70 higher
1349 621 363 53 educational
1763 621 359 55 institutions
2175 623 114 53 and
2343 623 65 53 of

394 698 188 54 senior
624 698 247 70 English
913 699 60 52 in
1015 699 151 53 their
1207 699 319 54 accredited
1567 699 144 69 high
1752 700 237 69 schools,
2028 701 77 68 by
2143 701 261 55 William

396 776 1753 72 Eugene Vaughan … New York city, Teachers college,
394 778 1988 130 Columbia
517 855 338 69 university,
889 857 152 51 1929.

465 938 1941 51 3 p. l. , 76 p. diagrs. 23½ cm . (Teachers college. Columbia university.
396 994 368 42 Contributions
796 998 48 36 to
875 995 273 47 education,
1181 1005 75 31 no.
1287 994 111 45 370)

465 1064 265 42 Published
765 1066 104 39 also
904 1075 54 31 as
993 1064 155 42 thesis
1176 1064 107 49 (ph.
1320 1066 65 46 d.)
1428 1065 252 42 Columbia
1717 1067 286 48 university.

465 1122 378 49 Bibliography:
879 1133 43 37 p.
955 1123 159 40 73-76.

406 1190 52 53 ©
487 1194 103 41 Oct.
618 1195 40 48 7,
688 1194 141 41 1929:
860 1194 67 41 2c.
956 1194 119 40 Nov.
1107 1195 51 46 1;
1192 1193 83 42 aff.
1305 1194 103 42 Oct.
1437 1193 82 48 30;
1552 1195 40 38 A
1619 1195 172 47 15440;
1824 1196 245 40 Teachers

2096 1197 192 48 college,
469 1196 1919 95 Columbia
681 1250 131 40 univ.
879 1250 284 50 (29-25180)

406 1375 195 64 Wade,
630 1378 138 53 Mrs.
798 1376 176 64 Mary
1001 1375 290 54 Hazelton
1328 1375 398 66 (Blanchard)
1767 1382 173 50 1860-

465 1466 124 56 Our
619 1467 151 54 little
801 1467 255 54 Turkish
1089 1467 213 68 cousin,
1332 1468 76 69 by
1439 1468 174 70 Mary
1643 1468 293 55 Hazelton
1963 1469 203 67 Wade,
2199 1469 143 54 with
2375 1489 31 33 a

395 1545 2010 72 foreword by A. Mouhtar … illustrated by L. J. Bridgman.
396 1624 234 67 Boston,
653 1624 66 52 L.
747 1622 64 56 C.
838 1624 159 69 Page
1021 1625 46 51 &
1093 1641 283 52 company
1409 1658 12 33 [
1427 1630 18 22 c
1449 1626 135 52 1929
1589 1658 14 34 ]

465 1704 1943 53 3 p. l. , v-vi p., 2 l., 115 p. col. front., plates. 19½ cm . [The little
396 1762 169 42 cousin
593 1762 168 51 series]

468 1833 1572 50 “Published June 1904 … eighth impression, May, 1929.”
406 1887 52 53 ©
491 1893 114 47 May
632 1892 71 48 24,
735 1892 112 40 1929;
907 1893 67 39 2c.
1006 1892 118 48 July
1152 1891 56 41 25;
1268 1891 83 42 aff.
1382 1891 121 49 Aug.
1535 1892 55 40 13;
1651 1892 43 39 A
1723 1892 144 41 10393;
1929 1892 51 40 L.
2013 1892 50 41 C.
2095 1893 131 48 Page
2255 1893 38 39 &
2321 1903 84 35 co.,

470 1962 92 41 inc.
623 1958 68 54 [©
718 1962 259 48 foreword,
1008 1963 62 47 by
1097 1962 56 41 A.
1181 1962 246 48 Mouhtar,
1457 1963 95 39 and
1580 1972 110 29 new
1715 1962 244 50 material]

480 2018 281 49 (29-15239)

401 2143 216 67 [Ward,
649 2141 234 54 Arthur
913 2141 301 69 Sarsfield]
1254 2148 171 49 1883-

468 2235 122 53 The
620 2252 261 50 emperor
911 2234 66 53 of
1005 2234 286 67 America,
1321 2235 76 68 by
1431 2234 116 55 Sax
1581 2235 251 52 Rohmer
1869 2234 233 69 [pseud.]
2174 2234 232 55 Garden

400 2312 154 69 City,
596 2312 72 54 N.
715 2313 90 67 Y.,
848 2312 145 53 Pub.
1041 2312 94 53 for
1179 2313 97 53 the
1322 2311 192 56 Crime
1560 2312 148 68 club,
1755 2312 126 67 inc.,
1927 2312 76 69 by
2049 2312 359 67 Doubleday,

397 2391 200 52 Doran
623 2392 46 51 &
696 2408 301 51 company,
1024 2390 127 69 inc.,
1181 2393 151 50 1929.

469 2470 654 51 vi p., 1 l., 310 p. 19 ½ᶜᵐ .
472 2542 163 41 “First
664 2541 229 42 edition.”

406 2610 52 53 ©
484 2615 119 40 Nov.
629 2615 39 48 8,
696 2614 142 48 1929;
865 2615 67 40 2c.
959 2615 121 41 Nov.
1106 2615 82 46 14;
1216 2613 83 41 aff.
1325 2614 111 40 Dec.
1465 2614 83 42 14;
1577 2614 41 39 A
1645 2614 171 47 17222;
1846 2614 300 47 Doubleday,
2176 2614 168 39 Doran
2371 2617 37 42 &

472 2682 81 36 co.,
583 2671 91 40 inc.
744 2670 281 51 (29-28788)

398 2794 392 64 Wentworth,
818 2794 284 55 Patricia.

468 2888 144 54 Fool
646 2893 211 63 errant,
886 2889 76 68 by
996 2887 257 54 Patricia
1284 2888 378 52 Wentworth.
1738 2886 412 69 Philadelphia
2184 2888 45 52 &
400 2888 1987 139 London,

562 2967 56 54 J.
651 2967 66 51 B.
748 2964 342 69 Lippincott
1119 2984 299 50 company,
1451 2968 150 53 1929.

466 3047 87 42 320
586 3058 43 37 p.
688 3047 58 41 20
748 3049 45 22 cm
797 3079 10 10 .

408 3114 52 53 ©
490 3118 119 48 July
636 3117 69 48 16,
735 3117 141 47 1929;
909 3116 68 41 2c.
1010 3116 103 41 Oct.
1142 3116 26 41 9;
1228 3115 83 42 aff.
1340 3116 119 41 Nov.
1489 3116 53 40 9:
1575 3116 42 39 A
1647 3116 171 47 16588;
1853 3115 217 42 Patricia
2102 3116 304 40 Wentworth

473 3174 253 47 Turnbull,
759 3173 298 49 Camberley,
1090 3174 238 47 England.
1399 3172 283 49 (29-26787)

397 3296 2013 72 Who’s who in California; a biographical directory … being a
469 3374 224 69 history
743 3373 65 53 of
860 3373 330 55 California
1242 3393 60 33 as
1356 3374 328 52 illustrated
1738 3374 59 52 in
1852 3375 96 52 the
1999 3373 142 54 lives
2194 3372 65 55 of
2310 3375 98 52 the

469 3451 254 53 builders
765 3452 114 52 and
921 3450 305 54 defenders
1268 3450 65 54 of
1374 3452 96 52 the
1513 3456 164 61 state,
1719 3452 113 52 and
1877 3449 65 55 of
1982 3452 97 52 the
2120 3469 129 35 men
2293 3451 115 53 and

471 3547 217 34 women
727 3529 127 52 who
892 3547 95 34 are
1027 3528 177 70 doing
1240 3529 97 52 the
1373 3528 160 52 work
1572 3529 114 52 and
1724 3528 262 69 molding
2023 3529 97 53 the
2158 3529 249 68 thought

476 3603 1930 71 of the present time … 1928/29. San Francisco, Who’s who
474 3684 886 68 publishing company [ c 1929]
474 3764 1313 50 7 p. l. , xiii-xxxix, 720 p. illus. (ports.) 27½ cm .
406 3821 199 41 Editor:
639 3821 127 48 1929,
800 3821 44 40 J.
877 3822 51 40 B.
964 3821 249 40 Detwiler.

407 3886 52 53 ©
492 3892 119 40 Nov.
642 3891 69 48 22,
745 3891 140 40 1929:
920 3892 67 40 2c.
1021 3893 118 39 Nov.
1172 3892 82 41 27:
1290 3891 83 41 aff.
1405 3892 118 39 Nov.
1557 3891 82 47 26;
1680 3891 37 39 A
1749 3889 171 48 16140;
1955 3889 164 41 Who’s
2153 3890 107 40 who
2292 3889 111 49 pub.

474 3957 69 34 co.
608 3947 282 50 (29-28795)
