2547 4384
1359 4053 102 51 804

392 375 315 65 Callaway,
741 375 401 64 Trowbridge,
1178 381 169 49 1882-

459 454 232 53 Ethical
740 454 287 68 problems
1074 453 64 53 of
1187 454 343 52 investment
1576 453 274 70 banking,
1898 454 75 70 by
2020 455 376 69 Trowbridge

388 533 309 68 Callaway.
781 531 291 71 [Chicago,
1123 536 151 67 ᶜ1929]

458 614 564 49 cover-title, 12 p. 25 ᶜᵐ.
462 686 297 48 “Reprinted
785 686 62 47 by
874 686 83 40 the
985 685 327 41 Educational
1336 686 308 47 department
1672 686 53 40 of
1750 687 82 39 the
1859 686 302 40 Investment
2189 686 211 41 hankers

389 743 297 41 association
717 743 54 40 of
799 743 225 40 America
1055 744 213 47 through
1298 744 83 39 the
1410 745 227 45 courtesy
1670 743 52 40 of
1751 743 85 40 the
1865 743 219 40 William
2115 743 55 41 A.
2202 744 198 40 Vawter

388 800 293 42 foundation
718 812 60 29 on
812 800 223 41 business
1068 800 170 49 ethics,
1272 801 372 40 Northwestern
1678 800 287 49 university,
2003 800 255 49 Chicago.”

396 868 51 53 ©
479 874 115 46 May
623 872 39 48 8,
693 872 142 47 1929;
867 873 66 39 2c.
965 873 96 39 and
1092 872 83 40 aff.
1208 873 115 47 May
1352 871 82 47 29;
1467 872 42 39 A
1538 871 142 48 8389;
1714 872 372 40 Northwestern
2116 871 146 47 univ.,
463 871 1918 107 Chicago.
665 929 281 49 (29-12186)

395 1024 300 65 Chekhov,
729 1024 202 53 Anton
961 1024 339 64 Pavlovich,
1335 1029 326 50 1860-1904.

464 1102 122 53 The
612 1103 188 52 works
824 1101 66 54 of
913 1101 200 54 Anton
1141 1102 291 55 Chekhov.
1497 1101 124 56 One
1648 1102 225 53 volume
1901 1102 84 53 ed.
2049 1102 141 53 New
2219 1101 180 68 York,

395 1181 68 56 N.
493 1181 91 67 Y.,
608 1180 91 54 W.
726 1180 56 55 J.
811 1180 199 68 Black,
1038 1180 108 53 inc.
1179 1183 193 64 [ᶜ1929]

463 1261 998 49 6 p. l., 678 p. front. (port.) 19½ᶜᵐ.
398 1331 52 52 ©
477 1336 114 47 Apr.
618 1335 69 47 23,
714 1334 118 41 1929;
884 1336 68 39 2c.
978 1334 114 49 Apr.
1118 1334 56 40 27;
1229 1334 81 40 aff.
1340 1335 114 48 Apr.
1480 1334 58 41 26;
1593 1335 40 39 A
1658 1334 115 41 9342;
1831 1336 189 39 Walter
2047 1336 44 39 J.
2118 1335 168 46 Black,
2312 1334 92 42 inc.

476 1392 283 50 (29-12084)

400 1488 195 65 Clark,
625 1488 193 64 Ralph
849 1487 229 65 Ewing,
1111 1488 173 55 1874-

469 1566 56 53 A
564 1569 235 52 treatise
836 1587 72 34 on
946 1569 96 52 the
1080 1569 111 51 law
1232 1568 113 53 and
1384 1567 250 69 practice
1674 1567 65 54 of
1776 1567 304 68 receivers;
2119 1568 174 69 being
2332 1587 73 34 an

400 1647 251 68 analysis
675 1646 67 54 of
768 1648 112 51 and
907 1646 431 54 commentaries
1362 1665 74 34 on
1459 1646 96 53 the
1579 1665 202 50 usages
1806 1647 113 52 and
1943 1647 151 54 rules
2120 1646 65 55 of
2211 1647 194 70 equity

399 1725 334 69 pertaining
776 1731 58 47 to
879 1725 293 68 receivers,
1217 1725 300 69 including
1562 1725 292 69 pleading,
1900 1725 267 69 practice,
400 1744 1981 127 procedure,

601 1804 113 53 and
760 1808 241 49 statutes
1044 1803 319 69 governing
1405 1804 98 54 the
1548 1802 400 69 appointment
1992 1803 65 54 of
2098 1804 304 68 receivers;

398 1883 118 53 also
544 1887 300 63 corporate
871 1882 375 54 foreclosures
1275 1883 113 52 and
1417 1882 490 68 reorganizations
1933 1883 140 52 with
2100 1902 306 35 numerous

401 1959 2002 71 forms, by Ralph E. Clark … 2d ed. Cincinnati, The W. H.
397 2038 304 55 Anderson
732 2057 283 45 company
1091 2042 133 49 [ᶜ1929]

465 2121 27 38 2
522 2131 44 30 V.
625 2119 59 41 26½ᶜᵐ.

466 2192 163 47 Paged
660 2190 358 49 continuously.

403 2259 52 52 ©
480 2264 115 47 May
616 2264 70 46 21,
712 2262 116 41 1929;
881 2262 67 41 2c.
973 2264 119 39 each
1117 2264 113 46 May
1253 2262 56 39 22;
1364 2263 83 40 aff.
1472 2264 114 47 May
1608 2263 56 40 23;
1719 2263 39 39 A
1782 2262 116 41 9242;
1951 2264 55 41 R.
2033 2266 52 39 E.
2111 2265 163 47 Clark,
470 2265 1919 96 Cincinnati.
742 2319 281 50 (29-12119)

405 2416 331 64 Cleveland,
779 2416 317 54 Frederick
1137 2416 228 63 Albert,
1408 2421 172 50 1865-
1794 2418 84 53 ed.

467 2495 245 52 Modern
757 2494 274 53 scientific
1073 2494 336 69 knowledge
1454 2494 65 52 of
1561 2500 222 63 nature,
1826 2513 150 49 man,
2020 2497 114 52 and
2178 2496 229 68 society,

398 2572 2009 71 by Frederick A. Cleveland … with collaborators. New York,
399 2653 121 51 The
545 2651 230 53 Ronald
802 2669 158 50 press
986 2669 281 50 company
1340 2654 152 64 [ᶜ1929]

468 2732 840 49 xvii, 592 p. illus., diagrs. 22 ᶜᵐ.
472 2790 407 49 “Questionnaire
923 2790 121 40 with
1087 2790 204 47 reading
1334 2789 304 42 references”
1682 2792 53 40 at
1779 2791 92 40 end
1916 2790 52 41 of
2012 2793 119 39 each
2177 2793 202 47 chapter;

403 2847 1752 49 “Select bibliography” at end of each chapter except I and IX.
407 2901 51 53 ©
486 2907 115 46 May
624 2905 69 47 24,
720 2904 142 48 1929;
889 2906 67 40 2c.
983 2906 96 39 and
1104 2905 81 40 aff.
1214 2906 113 47 May
1352 2905 82 47 28;
1462 2906 41 38 A
1527 2905 140 47 8373;
1698 2906 190 40 Ronald
1913 2916 137 38 press
2076 2917 67 29 co.
486 2962 282 50 (29-12008)

408 3056 260 66 Colcord,
700 3058 193 54 David
929 3056 73 57 H.

471 3136 153 53 How
657 3141 59 47 to
750 3141 95 62 get
878 3136 203 68 bigger
1115 3140 226 48 returns
1376 3135 153 53 from
1562 3136 143 52 sales
1740 3135 326 69 literature;
2102 3137 130 52 how
2265 3135 144 55 sales

403 3216 112 52 and
560 3214 357 70 advertising
958 3214 334 66 executives,
1334 3215 59 51 in
1434 3214 231 53 various
1704 3214 144 53 lines
1888 3214 65 53 of
1991 3214 274 63 business,
2306 3233 104 34 can

403 3293 248 67 produce
692 3293 185 52 better
921 3293 144 52 sales
1107 3293 213 57 letters,
1364 3292 269 69 catalogs,
1678 3293 191 53 dealer
1912 3293 181 67 helps,
2136 3292 273 67 booklets,

403 3370 233 67 folders,
687 3370 351 66 broadsides,
1090 3371 255 63 blotters,
1399 3371 173 52 house
1626 3389 227 49 organs,
1905 3371 270 67 envelope
402 3371 1983 148 enclosures,

619 3450 114 52 and
776 3449 181 53 direct
1000 3449 138 53 mail
1184 3447 372 70 advertising.
1649 3451 91 68 By
1782 3447 195 55 David
2022 3450 77 52 H.
2147 3449 261 55 Colcord.

405 3527 270 70 Chicago,
707 3528 122 53 The
862 3529 262 51 Bronson
1160 3527 231 56 Canode
1422 3527 264 70 printing
1717 3546 78 35 co.
1876 3529 150 65 [ᶜ1928]

474 3608 273 50 128 p. 20 ᶜᵐ.
412 3663 52 52 ©
499 3669 112 39 Dec.
647 3666 68 48 28,
751 3667 141 46 1928;
929 3667 66 39 2c.
1030 3667 95 38 and
1161 3665 81 41 aff.
1277 3666 112 48 Apr.
1424 3667 69 47 27,
1529 3666 141 47 1929;
1707 3667 41 39 A
1781 3666 140 46 6999;
1959 3667 222 39 Bronson
2217 3665 196 41 Canode

478 3724 219 48 printing
716 3735 69 29 co.
856 3722 281 50 (29-12192)

410 3817 170 63 Daly,
616 3818 225 53 Carroll
876 3817 174 55 John.

476 3897 122 51 The
626 3896 216 52 hidden
871 3896 174 64 hand,
1075 3895 76 68 by
1181 3895 227 55 Carroll
1437 3895 157 54 John
1626 3895 170 68 Daly.
1871 3895 140 52 New
2041 3894 181 54 York,
2252 3895 67 52 E.
2351 3894 56 54 J.

407 3973 193 72 Clode,
632 3973 107 54 inc.
781 3977 191 66 [ᶜ1929]
