2512 4377
1302 4007 100 52 180

310 363 209 64 Chase,
553 363 225 53 Daniel.

387 440 1928 70 Pines of Jaalam, by Daniel Chase … Indianapolis, The
317 521 988 68 Bobbs-Merrill company [ᶜ 1929]
387 601 335 50 346 p. 20 ᶜᵐ .
322 673 51 52 ©
403 676 111 41 Feb.
542 676 55 39 14,
638 674 114 40 1929;
808 674 67 40 2c.
904 674 97 39 and
1027 673 82 42 aff.
1138 674 113 41 Feb.
1279 673 56 40 18;
1391 673 42 40 A
1461 673 115 40 5337;
1631 673 371 40 Bobbs-Merrill
2031 684 67 30 co.

400 731 249 50 (29-4537)

322 856 256 61 Cheney,
609 854 256 54 William
900 854 192 61 Fitch,
1129 858 173 51 1866-

454 929 1867 72 … The diagnosis and treatment of diseases of the stomach
322 1008 1994 71 and intestines, by William Fitch Cheney … New York [etc.]
323 1089 1006 68 Oxford university press [ᶜ 1928 ]
393 1170 1928 51 2 p. 1.. iii-vi, 280 p. 25½ ᶜᵐ . (Oxford monographs on diagnosis and
325 1229 582 48 treatment … vol. II)
394 1298 286 43 Loose-leaf.

395 1356 254 41 Half-title
667 1367 9 29 :
710 1356 188 41 Oxford
930 1355 206 41 medical
1168 1355 341 49 publications.

329 1424 51 52 ©
413 1429 113 40 Dec.
554 1428 69 46 24,
655 1427 141 47 1928;
828 1427 69 41 2c.
928 1427 113 41 Dec.
1069 1426 85 47 27;
1188 1426 83 41 aff.
1303 1427 113 41 Feb.
1446 1427 69 48 11,
1548 1426 114 40 1929;
1724 1427 39 39 A
1796 1427 141 47 6128;
1973 1427 185 41 Oxford
2194 1425 130 42 univ.

397 1494 150 38 press,
576 1485 119 39 New
722 1484 145 48 York,
899 1483 91 41 inc.
1059 1483 221 50 (29-371)

328 1608 377 63 Chesterton,
736 1607 228 54 Gilbert
993 1607 202 63 Keith,
1228 1608 170 54 1874-

395 1685 311 70 Generally
729 1683 295 71 speaking,
1048 1685 77 69 by
1149 1683 69 57 G.
1245 1684 73 54 K.
1349 1683 354 57 Chesterton.
1766 1685 139 53 New
1931 1684 182 69 York,
2139 1686 191 68 Dodd,

324 1766 171 52 Mead
527 1767 51 50 &
609 1782 300 51 company,
941 1760 150 56 1929.

395 1847 573 49 4 p. l., 291 p. 19½ ᶜᵐ .
333 1915 51 52 ©
414 1918 111 41 Feb.
554 1918 39 48 8,
622 1917 114 40 1929;
793 1919 68 39 2c.
890 1918 95 39 and
1014 1917 83 40 aff.
1127 1917 111 41 Feb.
1267 1917 55 39 14;
1380 1916 41 40 A
1447 1917 117 40 4420;
1622 1917 155 48 Dodd,
1809 1918 141 39 Mead
1980 1917 36 40 &
2044 1928 81 37 co.,
2156 1918 92 40 inc.

411 1974 252 49 (29-4662)

327 2083 288 64 Childers,
646 2082 306 64 Sylvester
984 2083 159 64 Earl,
1176 2089 171 49 1886-

400 2162 166 54 Bible
608 2181 279 49 messages
930 2162 93 54 for
1062 2163 96 53 the
1200 2163 235 52 modern
1476 2159 189 70 mind;
1709 2182 31 34 a
1780 2162 169 54 series
1990 2163 64 53 of
2096 2164 240 52 lectures

330 2243 112 51 and
477 2261 251 34 sermons
760 2260 150 49 upon
948 2260 150 33 some
1133 2241 64 53 of
1231 2242 94 51 the
1362 2241 396 53 fundamental
1797 2239 312 70 principles
2144 2241 64 52 of
2240 2242 96 53 the

332 2318 2005 69 Christian religion, by S. Earl Childers … Cincinnati, O.,
331 2398 1376 69 The. Standard publishing company [ᶜ 1929 ]
401 2479 335 49 235 p. 20 ᶜᵐ .
339 2548 51 52 ©
418 2552 110 39 Jan.
555 2550 69 48 10,
653 2550 141 46 1929;
822 2551 68 40 2c.
918 2551 110 39 Jan.
1056 2549 82 43 16;
1169 2549 83 42 aff.
1280 2551 109 38 Jan.
1419 2549 81 47 15;
1531 2550 40 39 A
1599 2550 142 47 2855;
1774 2550 245 41 Standard
2050 2550 108 49 pub.
2187 2562 67 29 co.

417 2607 251 50 (29-4601)

341 2716 324 63 Christian,
698 2718 207 62 Henry
935 2717 260 63 Asbury,
1231 2717 171 54 1876-

470 2793 1871 70 … The diagnosis and treatment of diseases of the heart, by
337 2872 2003 71 Henry A. Christian … New York [etc.] Oxford university
339 2972 157 49 press
582 2956 151 63 [ᶜ1928]

341 3034 1980 98 2 p. l., iii-vi, 355 p. diagrs. 25½ ᶜᵐ . (Oxford monographs on diagnosis
501 3092 731 47 and treatment … vol. III)
410 3161 288 42 Loose-leaf.

412 3218 279 41 Half-title:
729 3218 189 41 Oxford
953 3218 205 41 medical
1193 3218 341 49 publications.

411 3274 350 49 Bibliography
792 3277 51 38 at
874 3276 93 39 end
996 3275 52 40 of
1077 3278 128 37 most
1234 3275 52 40 of
1317 3275 81 42 the
1428 3275 242 48 chapters.

346 3341 51 52 ©
430 3345 113 40 Dec.
572 3345 69 48 24,
673 3345 141 46 1928;
848 3345 67 40 2c.
948 3345 112 40 Dec.
1089 3345 57 40 27;
1206 3344 83 41 aff.
1321 3345 113 41 Feb.
1464 3346 69 47 11,
1566 3345 141 46 1929;
1742 3345 41 39 A
1813 3344 141 47 6129;
1990 3344 188 41 Oxford
2211 3343 131 42 univ.

414 3412 149 37 press,
594 3402 118 39 New
740 3402 144 47 York,
915 3401 90 41 inc.
1074 3401 222 49 (29-370)

349 3511 213 63 Chuse,
600 3510 189 64 Anne,
825 3511 150 53 illus.

421 3588 428 66 [Illustrations]
882 3588 34 52 by
983 3587 167 53 Anne
1180 3587 185 55 Chuse
1417 3588 60 52 [in
1504 3588 96 53 the
1626 3588 148 52 book
1801 3589 256 65 entitled]
2091 3588 254 54 Wonder

345 3665 2000 69 book, by Nathaniel Hawthorne … New York, J. H. Sears
347 3762 297 49 company,
677 3743 108 53 inc.
867 3747 152 63 [ᶜ1928]

416 3824 1924 51 2 p. l., [iii]-vi, 232 p, col. front. 25 ᶜᵐ . [Sears illustrated juveniles]
352 3891 51 52 ©
432 3896 114 39 Dec.
574 3895 69 48 17,
672 3896 115 40 1928;
844 3896 67 39 2c.
942 3896 112 40 Feb.
1083 3897 68 47 14,
1182 3896 114 40 1929;
1355 3895 84 41 aff.
1469 3896 111 40 Feb.
1609 3896 57 39 12;
1722 3895 41 40 A
1791 3896 114 39 4411;
1967 3896 45 40 J.
2041 3897 61 39 H.
2135 3896 144 40 Sears
2309 3896 35 40 &

419 3963 82 37 co.,
531 3951 92 42 inc.
