2542 4389
1075 4009 138 52 2049

141 360 318 54 American
498 361 278 53 institute
816 362 63 52 of
919 360 229 65 mining
1184 361 116 53 and
1340 359 435 65 metallurgical
1813 359 332 65 engineers,

209 439 110 55 inc.

210 518 1935 55 Transactions … 1929. Year book. This volume contains
146 613 206 50 papers
393 597 112 51 and
544 596 342 53 discussions
924 595 301 68 presented
1264 602 60 46 at
1361 596 96 52 the
1496 595 139 53 New
1675 593 165 54 York
1876 593 268 69 meeting,

139 673 2005 70 February, 1929; officers, committees and list of members.
140 752 139 54 New
307 752 180 67 York,
514 752 68 54 N.
613 753 90 61 Y.,
731 752 121 53 The
877 752 292 57 Institute,
1199 755 150 51 1929.

211 833 89 40 410
333 844 43 38 p.
441 834 142 47 illus.,
622 834 169 46 tables,
828 833 181 49 diagrs.
1071 833 148 41 23½ᶜᵐ.

147 898 53 53 ©
230 903 113 41 Dec.
372 903 70 48 31,
473 902 115 40 1929
604 913 9 37 ;
646 902 66 41 2c.
743 903 110 39 Jan.
884 903 71 48 25,
986 902 142 47 1930;
1162 902 83 41 aff.
1276 903 110 40 Jan.
1417 903 83 47 23;
1534 902 43 40 A
1608 902 170 47 18359;
1812 902 160 41 Amer.

214 901 1911 98 institute
346 959 53 41 of
424 959 186 48 mining
635 959 36 40 &
698 959 360 48 metallurgical
1086 959 266 48 engineers,
1382 959 106 49 inc.,
1515 960 119 39 New
1660 959 147 41 York.

141 1052 317 54 American
497 1052 278 53 institute
816 1053 64 52 of
918 1052 229 64 mining
1185 1054 115 51 and
1340 1052 433 65 metallurgical
1813 1052 333 64 engineers,

210 1130 109 54 inc.
395 1133 143 53 Iron
562 1134 116 52 and
707 1133 139 53 steel
873 1132 265 54 division.

141 1209 1980 133 Transactions … 1929. Papers presented before The Division
292 1292 58 50 at
376 1288 139 54 New
542 1289 178 66 York,
745 1288 134 53 Feb.
909 1291 188 65 18-20,
1126 1291 153 65 1929,
1307 1290 111 52 and
1448 1288 328 69 Cleveland,
1807 1287 156 70 Sept.
1993 1291 154 66 9-13,

142 1369 149 50 1929.
367 1367 140 53 New
534 1366 179 59 York,
740 1367 69 53 N.
840 1367 91 54 Y..
958 1367 124 53 The
1107 1365 293 70 Institute,
1431 1370 150 50 1929.

212 1447 87 41 459
333 1459 43 37 p.
439 1447 144 49 illus.,
620 1448 170 46 tables,
828 1447 179 49 diagrs.
1072 1447 148 41 23½ᶜᵐ.

147 1513 52 53 ©
226 1518 114 40 Dec.
365 1518 39 47 5,
429 1517 141 48 1929;
598 1519 68 39 2c.
694 1518 110 41 Jan.
829 1518 70 48 25,
927 1517 115 41 1930
1098 1517 82 42 aff.
1209 1518 110 40 Jan.
1346 1519 83 45 23;
1458 1518 41 39 A
1527 1517 170 48 18358;
1728 1518 158 40 Amer.
1914 1517 231 41 institute

215 1574 52 40 of
295 1574 188 48 mining
511 1574 35 40 &
576 1574 360 48 metallurgical
968 1574 268 48 engineers,
1269 1575 107 47 inc.,
1409 1575 118 39 New
1559 1575 131 40 York

138 1666 244 65 Ashley,
416 1667 243 55 Clifford
689 1668 269 63 Warren,
993 1672 171 50 1881-

206 1746 369 69 Whaleships
602 1747 64 53 of
693 1747 139 52 New
858 1746 291 56 Bedford:
1181 1747 154 69 sixty
1361 1748 184 66 plates
1574 1748 151 53 from
1754 1747 291 71 drawings
2071 1750 77 67 by

142 1824 244 56 Clifford
433 1825 91 53 W.
572 1824 246 70 Ashley:
869 1825 138 52 with
1058 1844 70 34 an
1179 1822 390 56 introduction
1618 1826 74 68 by
1740 1826 282 53 Franklin
2073 1827 74 55 D.

138 1903 318 53 Roosevelt.
533 1904 216 52 Boston
798 1904 108 53 and
959 1903 140 52 New
1147 1903 182 68 York,
1377 1903 317 70 Houghton

1747 1902 204 56 Mifflin
138 1923 1982 128 company,
342 1984 149 52 1929.

229 2061 618 49 vi p., 1 l., 60 pl. 27½ᶜᵐ.
211 2133 147 41 “This
397 2133 184 41 edition
622 2133 43 41 is
705 2133 191 41 limited
936 2134 49 39 to
1025 2143 90 30 one
1157 2133 244 41 thousand
1443 2135 98 39 and
1582 2134 267 48 thirty-five
1893 2135 160 49 copies
2092 2136 54 40 of

139 2191 157 40 which
323 2201 89 30 one
439 2190 243 40 thousand
707 2199 86 31 are
817 2189 80 41 for
922 2189 146 43 sale.”

148 2257 53 53 ©
238 2263 117 39 Nov.
393 2262 69 47 15,
498 2261 141 46 3929;
678 2261 68 40 2c.
783 2261 118 40 Nov.
938 2260 83 47 18;
1061 2259 84 42 aff.
1181 2261 119 40 Nov.
1337 2260 84 48 16;
1460 2260 42 40 A
1539 2261 170 48 15867;
1751 2261 49 42 C.
1838 2263 73 40 W.
1947 2262 196 49 Ashley,

214 2318 331 48 Wilmington,
582 2318 99 40 Del.
750 2316 281 49 (29-29570)

138 2412 248 64 Baillon,
418 2412 217 54 Andre.

277 2489 1530 68 … La vie est quotidienne … Paris, Rieder. 1929.
213 2571 1540 51 229 p., 3 l. 19 ᶜᵐ . (Prosa teurs français contemporains)
147 2639 1800 61 © June 4, 1929; 3 c. July 19; A—Foreign 4032 ; Éditions Rieder.
225 2707 222 49 (30-149)

139 2801 455 63 Beachcomber,
628 2802 195 68 pseud.

212 2881 111 53 Mr.
362 2879 215 67 Thake,
612 2879 91 55 his
738 2879 105 53 life
880 2881 110 52 and
1029 2880 214 62 letters,
1277 2880 75 68 by
1390 2877 487 55 “Beachcomber”
1924 2880 92 67 (of
2051 2883 94 53 the

141 2955 1341 73 “Daily express”) London, G. Bles [ 192 9]
213 3039 338 49 285 p. 19 ᶜᵐ .
149 3093 1977 101 © 1c. June 28, 1929; A ad int. 12823; pubd. May 7; J. B. Morton, London.
394 3152 222 50 (30-453)

141 3254 278 66 Blanche,
449 3255 255 64 Jacques
786 3253 156 66 Émile,
976 3259 171 49 1861-

275 3339 1802 72 … Émilienne et la maternité, roman. Paris, Stock, 1929.
215 3417 747 53 2 p. l. , [7]-221 p.. 1 l. 19 ᶜᵐ .
150 3472 53 53 ©
234 3477 127 39 June
391 3476 70 46 27,
493 3474 141 47 1929;
668 3475 19 39 3
698 3486 36 29 c.
768 3475 120 47 Aug.
921 3474 53 46 2;
1009 3473 314 47 A—Foreign
1354 3472 143 48 4089;
1533 3473 243 41 Librairie
1811 3475 159 48 Stock,
216 3478 1909 95 Delamain
379 3533 36 40 &

443 3532 303 40 Boutelleau.
814 3529 223 50 (30-145)

142 3626 175 64 Bliss,
347 3625 257 53 Andrew
631 3623 278 64 Richard,
943 3623 172 55 1887-

212 3704 55 53 A
307 3704 330 68 laboratory
681 3702 231 53 manual
958 3699 64 54 of
1063 3698 340 71 qualitative
1445 3701 271 54 chemical
1761 3705 269 70 analysis,
2071 3708 76 69 by

141 3776 2005 75 Hugo H. Schaefer … and A. Richard Bliss, jr. … 6th ed.,
141 3859 339 68 completely
508 3875 112 36 rev.
652 3856 110 52 and
793 3861 161 47 reset.
1021 3853 294 69 Menasha,
1342 3854 161 67 Wis.,
1533 3856 222 72 George

1785 3862 190 52 Banta
139 3861 1983 145 publishing
383 3953 296 51 company,
710 3936 150 51 1929.
