2542 4389
1070 4033 134 54 1773

110 386 259 65 Clouser,
401 386 227 62 George
657 383 250 53 Brinton
939 378 335 65 McClellan,
1308 382 173 50 1864-

183 464 245 71 Coming
476 468 219 61 events;
745 479 28 34 a
823 460 172 69 study
1042 458 62 52 of
1150 460 95 51 the
1294 455 363 67 eschatology
1703 452 63 53 of
1812 455 186 63 Jesus,
2043 449 73 70 by

112 529 2007 77 G. B. M. Clouser … [Philadelphia, The Christian league,
200 624 84 65 ᶜ19 29]
182 700 83 41 163
294 711 42 38 p.
397 700 146 40 17½ᶜᵐ.

119 758 1977 117 © July 11, 1929; 2c. and July 18; A 11743; G. B. M. Clouser, Philadelphia.
455 821 67 54 [©
549 834 106 31 new
681 821 244 50 material]
994 818 281 50 (29-23910)

108 923 133 62 Coe,
274 919 245 55 Charles
551 916 265 55 Francis.

183 996 305 69 Triumph,
518 995 94 52 the
643 992 259 68 undoing
935 991 63 53 of
1031 989 284 70 Rafferty,
1349 989 156 53 ward
1537 989 205 66 heeler,
1773 988 76 69 by
1884 986 238 55 Charles

114 1074 240 54 Francis
386 1073 129 54 Coe.
580 1072 139 52 New
753 1069 181 66 York,
966 1070 54 52 J.
1055 1069 77 51 H.
1168 1066 168 56 Sears
1367 1069 47 50 &
1444 1083 299 51 company,
1777 1065 106 52 inc.
2033 1067 85 64 [ᶜ1929]

186 1151 605 54 viii p., 1 l., 305 p. 20 ᶜᵐ.
120 1217 2000 56 © Oct. 30, 1929; 2c. Nov. 9: Nov. 1: A 14759; J. H . Sears & co., inc.
200 1279 281 51 (29-23880)

122 1376 323 64 Coleridge,
477 1373 237 55 Samuel
746 1371 234 66 Taylor,
1016 1374 327 52 1772-1834.

192 1446 1933 73 The ancient mariner, Kubla Khan, Christabel [by] Samuel
122 1531 214 68 Taylor
368 1528 330 69 Coleridge;
733 1526 189 55 edited
953 1527 75 67 by
1061 1527 182 67 Tuley
1274 1525 64 52 F.
1370 1523 395 71 Huntington,
1796 1525 222 53 revised
2050 1522 75 69 by

122 1609 75 52 H.
239 1607 70 54 Y.
349 1606 249 67 Moffett,
636 1605 326 53 illustrated
1002 1604 73 68 by
1114 1603 72 52 A.
1227 1601 223 71 Gladys
1488 1602 168 53 Peck.
1757 1601 139 53 [New
1939 1599 181 70 York]

122 1686 121 53 The
274 1683 337 55 Macmillan
643 1700 282 52 company
1073 1682 67 50 [ᶜ1929]

191 1761 1925 54 xlv, 103 p. incl. front., plates. 17 ᶜᵐ. (Half-title: New pocket classics)
125 1817 1981 110 With this is hound: Sohrab and Bustum and other poems [by] Matthew Arnold. New York, ᶜ19 29.
194 1933 351 50 Bibliography:
607 1944 43 37 p.
684 1931 239 43 xliii-xlv.

125 1981 1984 163 © Sept. 3. 1929; 2c. and Sept. 4; A 13199; Macmillan co. [© revised introduction and illustrations in Sohrab and R ustum; illustrations
355 2102 49 40 in
433 2103 103 39 The
564 2102 195 41 ancient
790 2100 231 50 mariner]
1093 2100 282 49 (29-20425)

116 2198 231 63 College
378 2200 280 50 entrance
691 2196 404 53 examination
1130 2195 199 55 board.

190 2274 288 53 Entrance
514 2273 244 69 English
792 2273 290 67 questions
1116 2279 83 46 set
1231 2272 76 69 by
1341 2273 95 52 the
1472 2271 230 70 College
1737 2278 266 48 entrance

121 2291 1984 114 examination
462 2351 196 67 board,
687 2352 325 51 1901-1928.
1074 2351 70 51 2d
1173 2351 65 52 ed.,
1302 2350 277 68 compiled
1612 2349 93 53 for
1733 2351 92 53 the
1850 2351 178 51 board
2055 2350 77 68 by

120 2428 294 55 Winifred
462 2429 227 68 Quincy
734 2428 242 67 Norton,
1021 2428 141 52 with
1211 2428 287 53 foreword
1544 2428 76 69 by
1668 2426 178 56 Clark
121 2426 1985 133 Sutherland

294 2506 285 69 Northup.
657 2507 237 69 Boston,
930 2507 137 51 New
1109 2506 161 51 York
1315 2513 138 59 [etc.]
1500 2504 155 55 Ginn
1696 2506 112 53 and
1848 2523 282 51 company

126 2586 193 66 [ ᶜ19 29]
193 2666 456 49 xxxii, 192 p. 21½ ᶜᵐ.
198 2722 188 41 “Books
412 2723 79 39 for
518 2721 202 49 reading
747 2723 95 39 and
870 2721 79 40 for
976 2721 175 47 study”:
1213 2732 41 38 p.
1282 2721 169 41 xi-xii.

132 2776 51 52 ©
221 2779 101 42 Oct.
359 2780 67 42 11.
462 2779 117 40 1929;
640 2781 68 38 2c.
745 2778 102 43 Oct.
883 2780 48 38 21;
1127 2780 103 41 Oct.
1264 2779 84 41 31:
1386 2780 41 38 A
1463 2779 170 41 15444;
1674 2778 193 50 College
1901 2783 231 38 entrance

198 2837 334 40 examination
562 2837 166 39 board.
798 2835 281 49 (29-23920)

122 2932 181 62 Conn,
331 2931 222 51 Harold
583 2930 144 64 Joel,
761 2934 168 51 1886-

195 3006 322 71 Biological
559 3006 208 68 stains;
816 3026 31 33 a
892 3007 305 52 handbook
1241 3025 71 35 on
1356 3007 96 53 the
1497 3013 203 47 nature
1744 3008 112 53 and
1904 3027 123 34 uses
2070 3009 67 52 of

124 3086 95 52 the
248 3085 137 69 dyes
412 3086 295 68 employed
736 3085 60 53 in
824 3085 95 52 the
949 3085 305 68 biological
1283 3086 347 68 laboratory,
1657 3085 75 70 by
1760 3087 76 51 H.
1866 3087 56 53 J.
1955 3086 180 69 Conn,

126 3164 138 52 New
310 3164 164 52 York
517 3163 374 69 agricultural
939 3163 353 68 experiment
1337 3164 230 66 station,
1612 3164 311 68 chairman,
125 3165 1987 130 Commission

389 3260 72 34 on
491 3241 495 54 standardization
1016 3241 65 52 of
1108 3241 308 70 biological
1444 3243 179 52 stains;
1683 3245 281 66 prepared
1996 3245 138 52 with

126 3321 96 51 the
246 3319 410 54 collaboration
681 3319 65 53 of
769 3319 56 54 J.
854 3319 67 53 A.
948 3319 255 65 Ambler,
1232 3318 55 57 S.
1313 3320 49 53 I.
1389 3319 391 70 Kornhauser,
1803 3321 64 54 F.
1896 3323 65 51 B.
127 3323 1984 144 Mallory,
307 3399 112 52 and
454 3399 64 51 L.
552 3399 91 52 W.
682 3396 211 70 Sharp,

926 3397 277 54 members
1239 3398 64 52 of
1336 3399 95 51 the
1468 3397 311 56 Executive
1816 3402 320 53 committee

127 3476 65 53 of
228 3476 93 54 the
359 3476 376 53 commission.
807 3475 73 53 2d
917 3475 104 66 ed.,
1058 3476 107 52 enl.
1204 3476 113 53 and
1355 3494 132 48 rev.,
1525 3476 138 53 with
1699 3477 95 54 the
1832 3480 305 53 assistance

129 3554 65 53 of
221 3555 88 53 W.
341 3554 61 55 C.
433 3554 237 52 Holmes
700 3554 111 52 and
840 3554 67 51 R.
936 3554 90 53 W.
1058 3553 223 53 French
1311 3554 113 52 and
1454 3555 162 52 other
1643 3556 277 56 members
1949 3559 64 51 of
2043 3560 93 52 the

131 3632 313 54 Executive
468 3630 337 54 committee.
867 3631 250 67 Geneva,
1141 3631 71 53 N.
1240 3630 92 60 Y.,
1356 3631 122 53 The
1504 3631 396 62 Commission,
1929 3640 149 49 1929.

200 3713 821 51 224 p. incl. tables, diagrs. 21 ᶜᵐ.
205 3771 374 50 Bibliography:
608 3781 43 37 p.
677 3769 232 42 204-215;
940 3770 237 48 “Reports
1203 3770 52 40 of
1279 3768 320 44 Commission
1627 3784 58 29 on
1713 3776 424 43 standardization

131 3829 52 40 of
210 3828 255 48 biological
495 3827 156 40 stains
680 3828 96 38 and
806 3827 51 39 of
889 3827 184 39 related
1101 3826 331 43 committees”:
1494 3839 41 37 p.
1565 3830 97 40 216.

141 3881 51 53 ©
233 3885 102 42 Oct.
374 3886 68 41 12.
482 3884 112 40 1929;
663 3884 66 40 2c.
770 3882 101 43 Oct.
911 3883 81 41 15:
1157 3882 103 41 Oct.
1300 3883 81 41 16:
1423 3886 40 38 A
1503 3886 168 42 14287:
1716 3888 320 44 Commission
2078 3904 57 28 on

207 3941 422 41 standardization
662 3940 52 38 of
742 3939 258 48 biological
1030 3939 173 41 stains.
1271 3940 281 50 (29-23859)
