2542 4389
1041 3997 135 55 1709

98 358 184 65 Creel,
311 357 244 53 Herrlee
586 356 298 64 Glessner,
914 359 171 49 1883-

167 434 215 56 Sinism;
444 451 32 35 a
504 433 172 68 study
703 431 65 54 of
796 432 95 52 the
921 430 290 53 evolution
1240 429 66 53 of
1332 429 96 52 the
1460 427 241 55 Chinese
1731 426 374 66 world-view,

95 505 2009 77 by Herrlee Glessner Creel … Chicago, Ill., The Open court
98 590 334 70 publishing
460 608 98 50 co.,
586 591 153 50 1929.

166 671 588 51 vii p., 1 l. , 127 p. 23½ᶜᵐ.
165 744 173 40 Thesis
366 744 108 48 (PH.
535 741 390 49 D.)—University
955 741 52 40 of
1038 740 225 49 Chicago,
1294 739 129 41 1929.

166 801 224 41 Without
421 800 152 40 thesis
604 802 127 37 note.

101 868 52 52 ©
183 872 103 40 Oct.
314 872 70 46 14,
413 870 115 40 1929;
584 870 66 40 2c.
680 870 103 40 Oct.
811 869 55 39 21;
926 868 83 41 aff.
1040 868 103 40 Oct.
1172 869 55 38 17;
1285 867 44 40 A
1355 867 143 40 14261;
1561 868 135 47 Open
1722 869 142 38 court
1891 866 110 48 pub.
2031 877 68 30 co.

179 927 282 49 (29-22818)

97 1050 438 64 Cunningham,
566 1048 265 64 Christy.

229 1123 1875 70 … The road around the world, by Christy Cunningham.
99 1202 1262 71 Boston, The Stratford company [ ᶜ1 929]
165 1285 1237 51 4 p. l., 7-77 p. 20 ᶜᵐ. (The Stratford poets)
105 1354 51 52 ©
184 1359 122 47 Aug.
333 1358 71 48 26,
432 1357 115 39 1929;
603 1357 68 39 2c.
699 1356 122 48 Aug.
847 1355 56 40 29;
962 1355 82 41 aff.
1077 1355 129 49 Sept.
1237 1355 28 40 6;
1320 1356 43 38 A
1390 1355 149 40 12209;
1597 1356 252 41 Stratford
1877 1367 82 35 co.,
169 1357 1917 99 publishers.
423 1412 281 50 (29-22830)

94 1524 275 63 Dawson,
400 1522 342 64 Coningsby
771 1520 275 66 William,
1078 1527 172 49 1883-

164 1600 188 55 When
393 1601 216 52 Father
652 1599 320 55 Christmas
1014 1618 114 34 was
1169 1599 133 67 late,
1341 1599 77 70 by
1459 1599 332 71 Coningsby
1832 1601 271 68 Dawson,

94 1677 328 55 illustrated
449 1677 77 70 by
552 1677 219 68 Joseph
800 1677 68 52 E.
902 1675 314 56 Sandford.
1282 1676 234 56 Garden
1547 1677 153 70 City,
1730 1678 69 52 N.
1832 1678 91 68 Y.,
95 1679 1988 146 Doubleday,

349 1756 199 52 Doran
579 1755 115 53 and
725 1773 299 50 company,
1053 1755 423 69 incorporated,
1509 1758 149 51 1929.

165 1837 726 50 4 p. l., 3-250 p. illus. 20 ᶜᵐ.
168 1910 163 40 “First
361 1909 228 41 edition.”

445 1964 1662 50 CONTENTS. — A Christmas legend of Hamelin town. — When Father
96 2024 275 41 Christmas
403 2033 102 30 was
539 2023 279 40 late.—The
852 2023 129 40 little
1014 2023 422 41 house.—Mother
1471 2024 51 40 of
1556 2024 247 42 God.—To
1839 2027 107 40 love
1981 2027 41 40 is
2058 2030 47 38 to

96 2080 329 49 laugh.—The
453 2080 202 40 seventh
684 2079 290 41 Christmas.

103 2147 52 52 ©
184 2152 103 40 Oct.
311 2151 71 48 25,
409 2150 118 41 1929;
578 2151 68 40 2c.
674 2151 97 39 and
798 2150 83 40 aff.
907 2151 119 40 Nov.
1053 2152 27 38 4;
1137 2151 42 39 A
1205 2151 143 40 14603;
1408 2152 275 50 Coningsby
1711 2155 228 48 Dawson,
173 2155 1913 100 Newark,
306 2208 56 40 N.
392 2207 43 42 J.
503 2206 280 50 (29-22914)

98 2316 2011 78 Digest of the decisions of the courts of Missouri … to April,
171 2395 1876 72 1929, supplementing Missouri digest, volumes 1 to 21 …
173 2475 106 52 Ed.
322 2475 75 69 by
440 2474 94 53 the
576 2473 268 54 editorial
885 2473 135 55 staff
1062 2476 64 52 of
1167 2475 95 54 the
1303 2476 309 55 American
1653 2477 187 71 digest
1882 2488 226 61 system.

211 2596 10 9 v.
251 2555 83 49 22.
412 2551 82 55 St.
524 2552 165 68 Paul,
716 2551 204 70 Minn.,
948 2552 161 53 West
1136 2553 337 71 publishing
1499 2573 98 52 co.,
1629 2559 149 52 1929.

171 2632 418 50 iii, 1304 p. 26 ᶜᵐ.
107 2699 52 52 ©
191 2704 103 40 Oct.
323 2704 71 47 24,
422 2701 115 41 1929;
596 2703 68 39 2c.
695 2703 118 40 Nov.
845 2703 55 39 14;
960 2703 83 40 aff.
1074 2704 119 40 Nov.
1225 2706 53 37 11;
1341 2705 41 39 A
1412 2706 145 40 15772;
1617 2708 136 41 West
1783 2710 110 47 pub.
1925 2722 53 29 co

99 2826 246 64 Dumas,
375 2825 356 65 Alexandre,
765 2827 327 54 1802-1870.

99 2901 1986 132 … Antony, edited, with an introduction and notes, by Maurice Baudin …
697 2980 139 52 New
888 2979 163 54 York
1124 2987 121 62 [etc.]
1301 2982 232 56 Oxford
1585 2987 278 55 university
1952 3009 158 50 press

105 3061 194 65 [ ᶜ1 929 ]
238 3172 10 17 xv,
277 3142 85 40 117
390 3152 43 38 p.
491 3141 145 41 18½ᶜᵐ.
705 3141 215 48 (Oxford
950 3141 190 41 French
1169 3144 166 48 series,
1364 3145 63 47 by
1455 3146 258 42 American
1743 3151 244 50 scholars)

109 3208 52 52 ©
185 3212 123 48 Aug.
333 3212 69 47 15,
429 3211 113 40 1929;
598 3211 67 41 2c.
692 3213 95 38 and
814 3211 83 41 aff.
925 3211 102 43 Oct.
1056 3214 54 39 17;
1164 3214 42 39 A
1232 3214 148 42 15058;
1435 3216 190 42 Oxford
1651 3219 131 43 univ.
1811 3232 150 39 press,
1989 3225 118 41 New

177 3269 143 47 York,
348 3268 92 41 inc.
500 3264 67 54 [©
595 3268 333 40 introduction
958 3270 97 39 and
1081 3272 153 48 notes]
1303 3271 283 52 (29-22937)

101 3376 232 65 Eskew,
364 3377 254 53 Garnett
643 3377 282 66 Laidlaw,
957 3384 172 50 1893-

174 3456 121 52 The
340 3461 249 63 pageant
630 3455 63 53 of
736 3456 96 52 the
875 3457 260 68 packets;
1183 3478 31 33 a
1256 3459 149 54 book
1446 3462 65 52 of
1553 3464 309 56 American
102 3476 1981 126 steamboating.

397 3532 76 69 by
516 3533 246 55 Garnett
803 3534 261 53 Laidlaw
1110 3535 233 71 Eskew;
1391 3539 356 57 decorations
1789 3545 75 69 by
1907 3549 201 71 Nancy

104 3610 1896 84 Beatty Eskew. New York, H. Holt and company [ ᶜ1 929 ]
175 3691 1466 55 xiv, 314 p. front. (port.) illus., plates (1 fold.) 22½ᶜᵐ.
176 3763 289 39 Illustrated
491 3761 365 49 lining-papers.

177 3819 234 41 “Sources
442 3817 280 41 consulted”
741 3829 8 28 :
783 3829 43 37 p.
854 3818 218 41 313-314-

113 3884 52 52 ©
198 3889 103 40 Oct.
332 3888 70 48 10,
433 3888 117 40 1929;
607 3889 68 40 2c.
706 3889 95 39 and
834 3888 81 41 aff.
951 3889 103 41 Oct.
1085 3891 83 46 24;
1201 3892 42 38 A
1272 3893 172 48 15258;
1479 3895 169 50 Henry
1679 3900 122 41 Holt
1832 3903 37 39 &
1899 3913 68 30 co.
2015 3906 78 40 inc

189 3944 280 49 (29-23077)
