2533 4342
1340 4030 135 50 1428

481 455 993 49 xiv p., 1 l., 225 p., 1 1. illus. 23 ½ᶜᵐ .
482 513 350 48 Bibliography
864 515 52 38 at
948 513 93 39 end
1073 512 52 40 of
1157 513 118 39 each
1308 512 203 47 chapter
1542 512 171 47 except
1745 512 203 47 chapter
1980 511 39 40 6.

417 567 52 52 ©
498 573 127 38 June
651 572 40 47 1,
718 570 140 47 1929;
889 570 68 41 2c.
984 571 98 38 and
1109 569 83 41 aff.
1223 569 129 48 Sept.
1381 570 82 46 13;
1493 569 42 39 A
1563 568 136 40 13321;
1767 568 203 41 Charles
2000 568 47 41 C.
2078 569 226 39 Thomas.

493 627 281 49 (29-18686)

414 722 181 63 Field,
629 722 202 62 Harry
860 721 254 55 Hubert.

477 797 178 53 After
684 797 232 53 Mother
946 798 193 67 India,
1170 798 76 68 by
1278 798 201 69 Harry
1511 798 77 52 H.
1623 798 183 52 Field.
1877 798 139 53 New
2050 797 180 68 York,
407 798 1986 145 Harcourt,

616 876 181 52 Brace
827 876 114 52 and
970 894 284 50 company
1331 878 152 65 [ᶜ1929]

479 957 97 47 xiv,
605 957 87 40 325
721 968 44 37 p.
824 957 130 41 illus.
1015 957 147 41 21½ᶜᵐ.

482 1014 118 40 “Mr.
642 1014 138 40 Field
820 1013 245 48 critically
1107 1014 254 48 appraises
1401 1014 194 40 Mother
1636 1013 158 47 India,
1838 1014 96 39 and
1977 1013 162 40 builds
2181 1023 27 30 a
2252 1012 169 49 bridge

411 1071 216 41 between
656 1070 121 41 Miss
806 1072 142 47 Mayo
979 1071 97 40 and
1105 1071 87 40 her
1221 1070 574 41 critics.”—Publisher’s
1825 1072 400 40 announcement.

480 1128 351 48 Bibliography:
888 1138 43 39 p.
960 1126 220 43 299-303.

417 1181 52 52 ©
504 1186 128 48 Sept.
665 1186 39 48 5,
737 1185 141 43 1929;
913 1186 67 40 2c.
1013 1187 97 38 and
1142 1185 83 41 aff.
1261 1186 129 47 Sept.
1423 1186 81 45 11;
1543 1186 37 38 A
1614 1185 171 42 13228;
1822 1186 61 40 H.
1917 1186 60 39 H.
2014 1185 151 46 Field,
2199 1183 216 40 Bedford

486 1242 143 48 Hills,
658 1243 56 41 N.
743 1244 52 40 Y.
863 1242 281 49 (29-18643)

410 1337 261 64 Firman,
702 1338 220 63 Sidney
952 1338 210 55 Grant.

480 1418 139 51 New
647 1417 269 54 Winston
946 1419 216 66 primer
1191 1418 249 68 manual,
1468 1418 74 58 by
1575 1417 218 69 Sidney
1824 1416 188 53 Grant
2040 1417 238 51 Firman
2309 1415 113 54 and

411 1495 172 52 Ethel
628 1496 228 69 Maltby
899 1495 233 54 Gehres.
1209 1495 428 69 Philadelphia,
1682 1495 121 52 The
1846 1495 158 53 John
2049 1494 63 54 C.
2153 1494 270 54 Winston

410 1592 299 51 company,
740 1576 149 51 1928.

509 1655 75 40 1 v.
418 1706 52 53 ©
499 1712 120 47 Aug.
648 1710 70 47 29,
749 1710 114 41 1928;
919 1711 67 39 2c.
1020 1710 110 41 Jan.
1158 1711 70 47 24,
1260 1710 114 39 1929;
1433 1710 83 40 aff.
1546 1711 112 39 Jan.
1688 1710 55 40 29;
1804 1711 41 38 A
1873 1710 116 41 4104;
2049 1710 129 40 John
2208 1711 50 40 C.
484 1710 1918 99 Winston
620 1778 68 30 со.

415 1849 285 62 Gautrey,
729 1848 223 53 Robert
982 1848 233 65 Moffat,
1248 1850 172 53 1872-

478 1926 121 52 The
631 1927 168 67 glory
831 1926 64 51 of
928 1926 180 69 going
1137 1944 91 49 on,
1259 1926 76 69 by
1369 1926 68 52 R.
1471 1926 211 53 Moffat
1717 1926 273 70 Gautrey.
2062 1928 140 52 New
2237 1927 183 70 York,

408 2002 330 55 Cincinnati
791 2008 120 62 [etc.]
945 2004 122 53 The
1095 2003 316 69 Abingdon
1439 2022 158 50 press
1674 2007 152 65 [ᶜ1929]

479 2085 86 40 155
595 2096 43 37 p.
699 2085 147 42 19½ᶜᵐ.

482 2141 1940 50 “Sermons … [which] present Christ as Saviour, Master, and King.”—
408 2199 275 40 Foreword.

415 2252 52 53 ©
494 2258 119 47 Aug.
640 2257 69 47 15,
736 2256 115 41 1929;
906 2257 68 40 2c.
1002 2257 95 39 and
1124 2256 83 41 aff.
1235 2257 120 47 Aug.
1378 2255 61 42 20;
1494 2257 41 38 A
1561 2256 146 41 10859;
1764 2257 56 42 R.
1850 2258 63 39 M.
1943 2257 230 48 Gautrev,
2201 2258 214 39 London.

491 2313 280 50 (29-18642)

410 2397 121 51 The
560 2393 220 54 Golden
808 2397 196 52 health
1032 2396 234 68 library,
1343 2403 108 61 pts.
1482 2400 82 55 12,
1595 2401 79 47 13.
1751 2400 32 48 2
1809 2417 50 34 v.

417 2454 2000 73 © 1c. each Oct. 15, 1929; A ad int. 13098, 13099; pubd. Aug. 29, Sept.
483 2533 82 47 12;
598 2534 121 41 Wm.
750 2532 183 41 Collins
962 2544 114 29 sons
1105 2534 36 40 &
1170 2545 82 37 со.,
1281 2535 101 47 ltd.,
1413 2535 120 40 New
1561 2535 146 41 York.

409 2614 281 64 Graham,
724 2614 246 65 Evelyn.

477 2695 121 51 The
643 2694 225 53 famous
915 2696 165 52 trials
1125 2696 64 52 of
1233 2696 154 52 Lord
1434 2695 267 68 Darling.
1776 2697 395 68 Armstrong’s
2219 2697 201 67 poison

405 2777 291 64 tea-party
728 2773 258 52 blunder.
1064 2774 293 67 Prepared
1394 2774 92 51 for
1519 2774 355 68 publication
1908 2777 75 67 by
2016 2775 221 66 Evelyn
406 2774 1989 134 Graham,

585 2851 180 51 under
790 2851 94 52 the
911 2851 262 67 personal
1202 2852 358 66 supervision
1587 2853 64 51 of
1677 2853 155 53 Lord
1858 2853 266 69 Darling.

513 2930 60 39 (In
609 2927 201 43 London
846 2927 204 52 Sunday
1087 2930 233 50 express)

414 2982 1982 101 © 1c. Oct. 17, 1929; A ad int. 13102; pubd. Aug. 18; E. Graham, London.
406 3123 299 64 Grierson,
736 3125 249 53 Francis
1013 3126 288 55 Durham.

475 3202 121 53 The
626 3204 202 69 yellow
859 3209 105 48 rat.
1048 3206 390 66 [Instalments
1472 3210 187 65 12-21]

512 3285 60 38 (In
608 3281 201 44 London
845 3283 230 52 Evening
1110 3285 162 49 news)

414 3335 1967 60 © 1c. each Oct. 16, 1929; A ad int. 13100; pubd. Aug. 21-24, 26-31;
483 3396 50 41 F.
561 3397 57 40 D.
645 3397 245 49 Grierson,
917 3400 213 40 London.

416 3477 356 67 [Hannigan,
801 3480 155 52 John
986 3481 275 68 Edward]
1297 3487 172 50 1868-

483 3556 163 52 “Mr”
675 3558 261 54 William
973 3559 415 69 Shake-speare;
1451 3564 194 66 points
1677 3564 64 52 of
1771 3564 264 53 evidence
2068 3565 257 53 adduced
2355 3570 59 46 to

412 3634 290 71 discredit,
727 3637 268 67 disprove
1021 3640 113 52 and
1160 3657 203 50 expose
1387 3642 96 51 the
1509 3641 146 53 false
1680 3642 168 52 claim
1872 3644 129 52 that
2023 3644 96 51 the
2144 3643 270 54 so-called

414 3711 435 70 Shakespeare’s
886 3716 165 66 plays
1089 3735 144 34 were
1270 3718 229 53 written
1534 3719 76 68 by
1647 3739 32 33 a
1716 3738 205 49 person
1956 3721 127 52 who
2119 3739 116 35 was
2268 3720 145 53 born

412 3789 78 67 in,
530 3809 154 34 came
723 3811 161 50 away
925 3793 154 52 from
1119 3796 112 51 and
1271 3798 148 48 went
1458 3796 144 53 back
1638 3803 60 47 to
1742 3797 317 69 Stratford,
410 3798 1980 138 Warwickshire,
625 3868 271 69 England
944 3873 112 51 and
1103 3879 301 61 argument
1448 3875 250 53 thereon.
1787 3874 383 72 [Cambridge,
2214 3876 192 66 Mass.]

409 3945 159 54 Priv.
603 3946 194 70 print.,
832 3950 149 52 1929.
