2542 4361
1115 4029 99 49 545

156 378 243 64 Adams,
428 378 219 63 Joseph
678 378 246 64 Quincy,
958 384 171 50 1881-
1342 381 83 52 ed.

232 456 263 69 [Editing
536 456 75 69 by
653 457 217 67 Joseph
915 456 226 68 Quincy
1181 455 238 59 Adams,
1462 457 61 51 in
1564 457 97 52 the
1702 455 149 54 book
1891 457 258 67 entitled]

156 533 1974 146 Hamlet, prince of Denmark,by William Shakespeare … Boston, New York [etc.] Houghton Mifflin company [1929]
223 691 887 50 vii p., 3 l., [5]-356 p. front. 19½ᶜᵐ.
157 756 52 52 ©
235 761 114 48 Apr.
375 760 69 49 15,
470 760 141 48 1929;
639 761 68 40 2c.
736 761 111 48 Apr.
873 761 83 48 19;
985 760 82 42 aff.
1094 761 114 48 Apr.
1236 762 55 39 17:
1347 761 41 38 A
1414 760 142 47 7544;
1586 761 44 41 J.
1658 760 52 48 Q.
1738 761 196 48 Adams,
1964 761 187 48 Ithaca,

224 815 57 42 N.
309 817 54 39 Y.

161 925 353 64 Alexander,
541 927 188 66 grand
755 927 148 53 duke
931 928 64 67 of
1019 926 227 70 Russia,
1276 931 173 49 1866-

226 1005 122 52 The
382 1005 242 67 religion
658 1005 64 52 of
752 1006 143 65 love,
928 1005 76 68 by
1036 1005 345 57 Alexander,
1416 1007 182 66 grand
1634 1005 150 53 duke
1818 1005 64 53 of
1915 1006 236 64 Russia;

155 1082 1975 147 translated by Jean S. Proctor. New York, London, The Century co. [ ᶜ19 29]
289 1240 908 50 xx p., 2 l., 3-310 p. 19½ ᶜᵐ. $2.00
158 1308 52 53 ©
241 1313 113 48 Apr.
385 1313 67 47 12,
484 1313 140 48 1929;
656 1314 68 40 2c.
755 1315 95 39 and
881 1313 84 42 aff,
994 1314 114 48 Apr.
1140 1314 83 47 15;
1256 1314 41 40 A
1327 1314 140 47 7458;
1503 1314 213 49 Century
1748 1326 69 31 co.

234 1370 251 48 (29-9636)

154 1478 316 54 American
506 1478 213 64 digest.

227 1555 244 55 Current
501 1557 186 68 digest
724 1556 336 68 (American
1088 1557 189 69 digest
1302 1558 237 67 system)
1614 1578 49 33 v.
1693 1562 46 50 3.
1804 1559 234 52 Annual
2069 1561 85 52 ed.

155 1634 263 68 January
458 1639 46 61 1,
545 1638 148 52 1928,
730 1640 60 46 to
827 1635 310 51 December
1174 1639 85 58 31,
1305 1639 146 53 1928,
1489 1636 359 68 cumulating
1884 1637 94 52 the
2021 1641 133 49 1928

156 1709 248 55 Current
435 1711 377 53 semi-annual
846 1711 188 69 digest
1066 1713 112 51 and
1213 1711 99 53 the
1344 1711 249 55 Current
1625 1713 263 69 monthly
1923 1713 231 70 digests,

155 1789 313 68 February,
500 1792 150 64 1928,
677 1794 61 47 to
764 1789 282 67 January,
1078 1792 161 52 1929;
1272 1808 28 33 a
1333 1790 188 68 digest
1548 1789 65 53 of
1642 1791 78 51 all
1749 1796 227 48 current
155 1791 1974 128 decisions

341 1866 64 52 of
438 1867 94 52 the
566 1866 309 53 American
909 1871 188 48 courts
1134 1885 60 35 as
1230 1868 265 67 reported
1533 1868 59 51 in
1627 1869 100 51 the
1757 1867 276 54 National
155 1887 1974 124 reporter

380 1949 208 64 system
620 1945 112 51 and
765 1944 97 53 the
892 1949 144 47 state
1071 1949 239 62 reports,
1343 1945 339 68 continuing
1713 1946 95 52 the
1842 1946 313 53 Decennial

155 2022 214 67 digests
407 2022 113 52 and
557 2022 98 52 the
689 2021 375 68 key-number
1102 2021 187 67 series,
1326 2041 51 32 v.
1421 2022 86 52 1A
1542 2027 62 47 to
1643 2021 141 54 24A.
1859 2023 296 69 Prepared

156 2099 113 53 and
302 2100 83 52 ed.
417 2099 76 69 by
523 2099 96 53 the
650 2098 292 53 Editorial
975 2098 136 53 staff
1142 2098 65 53 of
1237 2099 99 53 the
1365 2098 307 54 American
1708 2100 185 68 digest
1927 2106 226 64 system.

157 2175 82 56 St.
269 2177 165 66 Paul,
460 2177 161 54 West
647 2176 337 69 publishing
1012 2194 98 50 co.,
1141 2179 150 50 1929.

223 2258 411 49 iv, 2964 p. 26 ᶜᵐ.
157 2324 51 51 ©
238 2330 122 39 Mar.
389 2329 69 47 18,
486 2328 141 48 1929;
656 2329 68 40 2;c.
753 2329 97 39 and
878 2327 82 41 aff.
990 2328 114 48 Apr.
1134 2329 82 45 11;
1247 2328 39 39 A
1316 2328 141 47 6479;
1490 2330 133 40 West
1653 2329 109 49 pub.
1792 2341 68 29 co.

154 2422 473 64 Ashton-Wolfe,
659 2423 220 62 Harry.

224 2501 123 52 The
374 2501 124 52 clue
524 2499 64 54 of
614 2500 98 53 the
740 2499 200 54 devil’s
969 2498 304 69 footprint.

235 2583 83 48 (In
348 2578 261 44 Pearson’s
641 2578 278 53 magazine,
951 2579 138 52 Apr.,
1123 2579 144 50 1929)

157 2647 153 53 ©1c.
343 2653 113 47 May
487 2653 68 46 11,
588 2652 140 47 1929;
765 2652 41 40 A
837 2655 62 38 ad
931 2652 87 41 int.
1052 2652 171 47 12662;
1258 2652 143 48 pubd.
1434 2652 114 48 Apr.
1582 2654 52 46 1;
1672 2654 197 49 Christy
1903 2656 36 40 &
1975 2658 177 47 Moore,

222 2709 101 47 ltd.,
351 2709 213 41 London.

157 2811 351 64 Atterbury,
537 2811 204 53 Anson
769 2812 234 64 Phelps,
1036 2818 171 49 1854-

158 2888 1972 147 The song of the stars, by Anson Phelps Atterbury … Philadelphia,
442 2966 1706 74 Chicago [etc.] The John C. Winston company [ ᶜ19 28]
224 3048 466 48 3 p. l., 137 p. 19 ᶜᵐ.
158 3114 52 52 ©
237 3119 111 39 Dec.
374 3118 40 47 5,
440 3118 140 46 1928;
606 3118 69 40 2c.
701 3118 114 47 Apr.
841 3117 70 49 15,
938 3117 142 43 1929;
1109 3117 84 42 aff.
1219 3117 115 49 Apr.
1361 3118 82 47 13;
1472 3119 41 39 A
1538 3119 141 48 6551;
1708 3120 54 41 A.
1792 3122 50 40 P.
1870 3122 282 45 Atterbury,

224 3175 119 39 New
372 3174 145 40 York.
586 3173 251 50 (29-9522)

162 3267 223 64 Aubry,
421 3267 240 55 Octave.

288 3344 1868 73 … L’orphelin de l’Europe, Gaspard Hauser, par Octave
161 3421 215 70 Aubry.
451 3422 185 66 Paris,
665 3422 71 52 A.
766 3423 234 68 Fayard
1031 3428 55 47 et
1114 3441 27 34 cⁱᵉ
1213 3425 171 64 [1928]

227 3503 1669 53 3 p. l., [9]-248 p., 3 l. 19 ᶜᵐ. (His Le roman dans l’histoire)
231 3574 325 49 “Principaux
584 3585 239 37 ouvrages
851 3574 272 41 consultés”:
1184 3574 103 40 leaf
1315 3574 25 39 1
1372 3576 53 39 at
1453 3576 107 41 end.

159 3642 1994 54 © Dec. 14, 1928; 1c. Jan. 25, 1929; A—Foreign 1790; Arthème Favard
227 3702 36 40 &
291 3702 85 41 cie.
443 3701 251 49 (29-9553)

159 3795 287 64 Batilliat,
477 3793 236 64 Marcel,
748 3795 170 54 1871-

291 3871 1865 80 … Le sortilège du printemps, roman. Paris, E. Fasquelle,
162 3953 149 49 1928.
