2542 4389
1090 4061 98 51 843

205 479 1086 51 xii, 307, [1] p. incl. front. (map) 19½ᶜᵐ.
140 534 1983 53 © 1c. June 13, 1929; A ad int. 12792; pubd. Apr. 18; Harcourt, Brace &
206 605 81 37 co.,
314 594 105 48 inc.,
447 594 118 40 New
589 594 145 41 York.
800 593 279 50 (29-13476)

138 673 280 54 National
446 673 317 53 industrial
792 674 345 53 conference
1166 673 201 53 board.

205 751 322 53 Industrial
556 751 508 53 standardization.
1132 752 138 52 New
1303 750 180 68 York,
1512 751 273 53 National
1816 749 308 53 industrial

137 828 331 53 conference
497 826 196 69 board,
721 828 128 68 inc.,
881 831 150 50 1929.

204 910 96 48 xiv,
335 908 88 42 306
454 919 44 38 p.
561 909 179 49 diagrs.
802 910 147 42 23½ᶜᵐ.

138 961 51 53 ©
214 967 114 46 May
351 965 58 40 16,
502 965 83 47 1929;
609 965 70 41 2c.
703 967 95 38 and
824 966 82 40 aff.
931 967 127 38 June
1080 966 26 40 5;
1159 965 42 39 A
1226 965 140 47 9464;
1394 965 115 39 Natl.
1550 964 261 40 industrial
1839 964 284 40 conference

207 1023 164 47 board,
399 1022 92 40 inc.
554 1021 279 51 (29-12513)

140 1102 146 52 New
315 1105 95 51 aid
438 1104 61 51 in
526 1105 234 51 modern
788 1103 222 69 history
1049 1104 208 69 (world
1286 1103 488 68 history—course
1803 1102 78 70 B)
1922 1103 95 53 for
210 1118 1895 116 reviews

423 1183 114 51 and
577 1186 152 50 tests.
805 1182 138 51 New
989 1182 161 52 York
1191 1182 134 69 city,
1366 1182 248 68 Regents
1655 1180 336 70 publishing
2030 1197 98 49 co.,

208 1260 339 66 inc. [ ᶜ19 29]
207 1338 1921 50 4 p. l., 55, [29] p. illus. (maps) 17 ᶜᵐ . (On cover: A Regents gray
141 1396 146 47 book)

140 1449 1984 53 © Mar. 27, 1929; 2c. Apr. 8; aff. Apr. 9; A 6422; Regents pub. co., inc.
217 1509 280 49 (29-12218)

138 1590 146 53 New
311 1589 161 53 York
538 1591 191 69 (State)
813 1591 184 69 Laws,
1025 1597 256 63 statutes,
1309 1597 100 48 etc.

135 1666 1969 148 … Parsons’ practice manual of the state of New York, containing
398 1745 96 52 the
532 1744 200 53 official
768 1745 216 52 edition
1023 1744 63 54 of
1123 1745 96 53 the
1256 1744 155 55 Civil
1448 1745 246 68 practice
1733 1751 107 62 act,
1877 1745 151 53 rules
2064 1744 65 54 of

135 1821 135 54 civil
299 1822 266 68 practice,
596 1821 357 69 Surrogate’s
982 1829 160 46 court
1172 1829 106 62 act,
1308 1823 139 52 New
1477 1822 161 53 York
1669 1823 135 69 City
1834 1829 159 46 court
2022 1827 108 63 act,

135 1900 139 54 New
307 1900 162 53 York
498 1900 116 68 city
643 1900 323 68 Municipal
996 1907 160 46 court
1189 1901 151 67 code,
1370 1901 222 54 Justice
1621 1907 158 47 court
1812 1907 106 61 act,
1951 1901 179 54 Court

135 1977 66 54 of
241 1979 197 53 claims
476 1983 107 65 act,
624 1978 289 69 judiciary
956 1978 197 53 article
1194 1978 64 52 of
1298 1980 97 51 the
1436 1979 369 52 constitution
1848 1979 113 52 and
2003 1983 128 48 rent

136 2057 164 67 laws;
335 2057 112 52 and
477 2061 160 48 court
666 2057 150 52 rules
846 2056 63 53 of
940 2056 178 54 Court
1147 2056 63 52 of
1240 2057 251 67 appeals,
1521 2057 286 68 appellate
1836 2056 294 68 divisions,

136 2135 288 68 appellate
457 2139 191 63 terms,
686 2133 275 69 Supreme
997 2140 179 62 court,
1213 2132 356 70 Surrogates’
1604 2139 205 63 courts,
1843 2135 112 52 and
1991 2135 140 52 New

138 2213 163 52 York
334 2211 136 71 City
502 2217 159 48 court
694 2213 113 52 and
838 2212 324 68 Municipal
1192 2216 178 63 court,
1404 2231 60 34 as
1498 2212 273 52 amended
1800 2218 59 46 to
1891 2212 98 52 the
2020 2212 109 53 end

136 2289 66 54 of
243 2291 96 52 the
380 2289 320 70 legislative
741 2290 211 53 session
995 2289 64 53 of
1103 2293 151 63 1929,
1297 2290 140 52 with
1480 2296 157 46 notes
1681 2289 65 53 of
1787 2308 150 34 cases
1981 2290 150 52 since

139 2367 153 55 Civil
318 2368 249 68 practice
593 2374 88 46 act
708 2368 61 52 in
796 2367 163 54 effect
986 2387 71 33 on
1086 2367 244 55 October
1358 2371 47 63 1,
1432 2370 148 50 1921.
1645 2367 96 53 6th
1769 2368 85 52 ed.
1917 2367 212 53 Edited

137 2447 113 52 and
287 2447 307 52 annotated
628 2446 76 69 by
738 2446 213 52 Austin
988 2447 66 51 B.
1092 2445 202 54 Griffin
1330 2445 112 53 and
1478 2445 156 53 John
1668 2446 64 52 T.
1769 2445 362 68 Fitzpatrick

198 2523 1932 69 … New York, Baker, Voorhis & company; New York and
139 2602 246 68 Albany,
411 2602 79 52 M.
521 2602 224 52 Bender
775 2604 45 50 &
848 2619 298 52 company,
1175 2601 418 67 incorporated,
1624 2603 147 50 1929.

208 2682 776 52 viii, [1542] p. 25 ᶜᵐ . $5.00
208 2741 63 40 At
300 2742 124 39 head
453 2741 51 40 of
532 2741 108 41 title:
700 2740 246 42 Standard
975 2739 199 41 edition.

209 2797 209 41 Various
449 2796 216 49 pagings.

210 2853 234 41 Contains
474 2851 302 49 Clevenger’s
805 2851 188 41 Justice
1023 2853 137 39 court
1190 2850 226 49 practice,
1447 2850 150 41 Court
1626 2851 51 40 of
1705 2851 169 41 claims
1904 2851 226 49 practice,

141 2909 149 41 Court
321 2911 130 39 rules
481 2910 94 39 and
604 2910 176 39 Tables
809 2908 52 41 of
889 2907 214 49 practice
1131 2910 118 38 acts.

143 2961 51 53 ©
229 2965 127 43 June
387 2966 39 48 5,
460 2965 139 47 1929;
634 2965 67 42 2c.
736 2966 96 39 and
865 2964 83 40 aff.
982 2964 127 40 June
1140 2963 52 47 6;
1229 2963 41 39 A
1303 2962 139 48 8527;
1481 2963 234 40 Matthew
1749 2964 192 40 Bender
1975 2964 35 41 &
2045 2975 81 38 co.,

209 3022 117 48 inc.;
361 3023 173 47 Baker,
567 3022 208 40 Voorhis
802 3022 37 40 &
870 3032 68 30 co.
1008 3020 278 49 (29-12517)

143 3087 238 64 Newell,
413 3088 227 63 Lyman
675 3086 318 66 Churchill,
1028 3088 170 54 1867-

143 3163 1962 147 A brief course in chemistry, by Lyman C. Newell … Boston,
285 3241 1582 69 New York [etc.] D. C. Heath and company [ ᶜ19 29 ]
211 3323 1020 49 vi p., 1 l., 412 p. illus., diagrs. 19 ᶜᵐ .
211 3380 150 41 Table
392 3391 60 30 on
483 3380 336 48 lining-paper.

478 3435 139 49 CONTENTS.—pt.
650 3442 32 34 I.
715 3435 255 40 Minimum
1002 3434 403 48 essentials.—pt.
1439 3441 51 32 II.
1527 3433 401 50 Supplementary
1961 3435 168 48 topics.

145 3487 53 52 ©
228 3491 126 41 June
381 3492 42 47 3,
453 3491 113 40 1929;
624 3491 68 41 2c.
722 3491 127 41 June
879 3491 52 48 8;
964 3490 81 41 aff.
1076 3491 127 40 June
1232 3491 52 46 7;
1317 3490 40 38 A
1387 3490 141 47 9558;
1561 3491 50 39 L.
1643 3490 49 41 C.
1722 3491 196 48 Newell,
212 3492 1899 104 Brookline,

349 3549 147 39 Mass.
559 3547 279 50 (29-12591)

145 3613 228 64 Powell,
410 3613 225 64 George
668 3614 277 62 Herbert,
984 3619 170 49 1881-

210 3692 325 54 Donovan’s
560 3693 218 69 Island,
806 3713 71 33 an
904 3691 248 70 original
1177 3698 173 63 story,
1376 3692 75 69 by
1477 3691 68 55 G.
1574 3693 76 53 H.
1678 3693 231 55 Powell.
142 3695 1965 143 London,

302 3771 239 53 Hodder
576 3772 113 52 and
724 3770 325 70 Stoughton
1081 3770 223 54 limited
1343 3773 171 64 [1929]

211 3850 84 41 309
324 3862 43 37 p.
427 3851 144 41 19½ᶜᵐ.

147 3903 51 52 ©
253 3919 35 30 1c;
317 3908 127 48 Sept.
469 3909 68 46 26,
562 3908 115 40 1928;
729 3908 40 39 A
794 3911 60 39 ad
880 3908 87 40 int.
993 3907 144 41 11690;
1190 3907 140 49 pubd.
1359 3907 116 48 July
1500 3908 54 39 31;
1613 3908 53 42 G.
1691 3909 62 40 H.
1779 3909 192 44 Powell,
214 3907 1896 100 Shifnal,

337 3963 156 50 Salop,
520 3965 235 48 England.
818 3965 280 49 (29-11252)
