2542 4389
1082 3999 135 52 1685

195 423 293 40 “Published
522 423 153 39 under
709 422 82 40 the
827 420 224 49 auspices
1086 420 52 40 of
1172 418 343 49 Philadelphia
1552 419 214 47 chapter,
1806 417 121 41 Sons
1963 416 51 41 of
2048 418 84 39 the

123 479 258 40 American
412 477 424 49 revolution.”—p.
867 477 63 40 vi.

131 532 51 52 ©
215 536 102 41 Oct.
347 535 71 49 10,
447 534 117 41 1929;
621 535 68 40 2c.
721 534 102 41 Oct.
856 534 58 39 16;
971 533 83 41 aff.
1086 533 104 41 Oct.
1221 533 56 39 15;
1336 532 43 39 A
1408 531 145 41 15039;
1613 529 343 49 Philadelphia

185 530 1928 111 chapter,
302 592 121 41 Sons
449 591 52 41 of
525 591 82 40 the
631 591 147 39 Amer.
820 589 289 49 revolution,
1137 588 358 49 Philadelphia.
1560 586 282 50 (29-21507)

124 686 211 63 Steele,
363 684 228 54 Wilbur
617 683 229 65 Daniel,
875 688 174 51 1886-

195 763 202 51 Tower
441 760 65 53 of
547 761 142 54 sand
733 763 46 50 &
822 761 163 52 other
1028 761 219 66 stories,
1289 760 76 68 by
1407 759 229 55 Wilbur
1680 758 210 53 Daniel
1935 757 201 55 Steele.

126 840 139 52 New
293 839 164 53 York
484 839 112 53 and
625 839 260 66 London,
913 838 235 68 Harper
1175 841 46 50 &
1246 838 280 68 brothers,
1557 838 149 51 1929.

195 921 689 49 4 p. l., 326 p., 1 l. 19½ ᶜᵐ .
198 978 163 40 “First
397 976 226 42 edition.”

465 1034 243 40 CONTENTS.—Tower
742 1032 52 41 of
828 1032 240 40 sand.—A
1103 1031 309 49 life.—Mary
1448 1032 166 40 Drake
1648 1033 95 39 and
1777 1031 114 41 Will
1928 1032 212 40 Todd.—

127 1090 95 40 For
257 1090 115 48 they
404 1089 141 40 know
579 1092 84 37 not
695 1089 136 40 what
865 1090 114 46 they
1013 1088 234 41 do.—For
1280 1089 162 39 where
1476 1088 42 40 is
1553 1099 120 37 your
1706 1088 201 41 fortune
1941 1087 198 42 now?—

126 1146 102 40 The
258 1145 670 41 mad.—Footfalls.—Never
955 1144 240 48 anything
1224 1145 109 40 that
1361 1144 156 41 fades.

134 1198 52 52 ©
217 1202 103 42 Oct.
349 1201 68 49 16,
449 1201 114 41 1929;
621 1202 68 40 2c.
721 1201 104 41 Oct.
854 1201 55 40 16;
970 1200 83 42 aff.
1085 1201 103 41 Oct.
1218 1200 57 41 18;
1333 1200 41 40 A
1405 1201 144 40 14227;
1610 1202 72 40 W.
1714 1202 57 40 D.
1805 1201 172 47 Steele,

205 1202 1914 104 Nantucket,
414 1259 148 40 Mass.
627 1257 282 49 (29-21555)

127 1352 331 64 Szukalski,
487 1351 356 64 Stanislaus,
874 1357 173 50 1895-

126 1429 1987 147 … Projects in design. [Chicago] The University of Chicago press [ ᶜ1 929]
200 1588 56 42 53
289 1599 59 39 p.,
382 1589 25 39 1
463 1620 9 9 l.
531 1590 231 40 mounted
796 1589 166 48 front.,
997 1589 144 47 illus.,
1176 1589 85 41 161
1296 1600 63 38 pl.
1388 1589 136 49 (incl.
1558 1590 139 49 port.,
1734 1589 141 50 plan)
1919 1601 61 30 on
2017 1591 55 42 81
2108 1592 33 41 1.

127 1646 117 41 31 ᶜᵐ .
200 1703 66 40 At
291 1702 126 40 head
444 1702 53 40 of
522 1702 108 41 title
649 1713 9 29 :
690 1702 259 49 Sculpture
978 1703 97 40 and
1104 1702 329 41 architecture
1451 1713 11 32 :
1492 1704 103 39 also
1624 1704 83 40 the
1734 1702 222 42 author’s
1983 1713 156 39 name,

133 1759 272 41 Szukalski.

203 1815 148 41 “This
381 1816 137 42 book,
551 1819 74 38 set
657 1816 62 47 by
752 1816 131 40 hand
918 1815 49 40 in
1002 1815 203 42 Bodoni,
1241 1816 225 40 contains
1500 1826 28 30 a
1565 1816 293 42 woodblock,
1896 1816 244 49 designed,

132 1872 194 49 printed
354 1874 97 39 and
478 1872 168 47 signed
675 1873 61 47 by
764 1873 81 40 the
875 1873 180 40 author
1081 1872 82 41 for
1191 1872 100 41 this
1322 1872 200 41 edition.
1581 1872 63 42 Of
1673 1883 88 30 one
1791 1873 224 41 hundred
2045 1874 97 40 and

132 1929 112 48 fifty
272 1929 175 49 copies,
475 1930 99 40 this
601 1931 193 39 volume
821 1929 43 41 is
889 1930 205 39 number
1120 1928 101 41 22.”

137 1984 52 52 ©
221 1989 121 48 Aug.
371 1987 70 48 20,
473 1987 141 48 1929;
646 1988 69 40 2c.
744 1988 98 39 and
873 1987 83 41 aff.
988 1987 102 41 Oct.
1122 1986 82 48 10;
1238 1987 41 39 A
1308 1986 146 41 12907;
1515 1987 285 48 University
1831 1987 52 41 of
1916 1986 225 49 Chicago.

217 2044 282 49 (29-21563)

135 2138 195 54 Texas
374 2140 463 69 jurisprudence;
886 2159 31 33 a
960 2140 279 68 complete
1282 2144 305 49 statement
1630 2139 64 54 of
1736 2140 97 53 the
1877 2141 110 51 law
2032 2139 114 53 and

209 2215 1937 70 practice of the state of Texas … vols. 1, 2. San Francisco,
210 2293 590 70 Bancroft-Whitney
833 2312 300 51 company,
1170 2297 150 51 1929.

204 2376 745 50 2 v. front. (port.) 25ᶜᵐ.
139 2433 226 41 Editors.:
393 2444 44 30 v.
465 2434 98 46 1-2,
592 2434 72 40 W.
694 2434 64 40 M.
787 2433 289 47 McKinney,
1107 2434 55 39 B.
1192 2433 56 40 R.
1278 2432 203 41 Davids.

207 2489 299 41 “Historical
547 2489 334 41 introduction
924 2489 62 48 by
1028 2489 127 40 Hon.
1196 2489 181 41 Nelson
1418 2488 237 50 Phillips”
1675 2500 9 28 :
1729 2500 42 29 v.
1813 2490 40 46 1,
1895 2501 43 37 p.
133 2490 2017 96 xxvii-lxviii.

206 2602 188 40 “Texas
424 2601 125 48 legal
580 2601 353 49 bibliography,
963 2602 62 46 by
1053 2601 133 48 Lucy
1214 2603 65 39 M.
1310 2601 193 41 Moore”
1522 2613 9 29 :
1563 2614 42 29 v.
1635 2603 39 46 1,
1704 2613 45 37 p.
1779 2602 228 41 xv-xxvi.

143 2654 52 52 ©
231 2658 129 49 Sept.
390 2659 70 48 26,
493 2658 140 47 1929;
666 2659 69 41 2c.
768 2659 119 40 each
918 2659 98 40 and
1049 2659 108 40 affs.
1192 2658 102 42 Oct.
1328 2660 53 46 4;
1417 2659 42 39 A
1489 2659 157 48 13908,
1680 2659 172 47 13909;
210 2660 1936 103 Bancroft-Whitney
469 2725 69 31 co.
604 2714 283 49 (29-21426)

143 2807 318 65 Thomson,
491 2808 155 53 John
676 2808 253 64 Arthur,
965 2814 172 50 1861-

213 2886 244 54 Modern
483 2889 213 52 science;
755 2907 31 34 a
813 2890 231 67 general
1070 2889 411 66 introduction,
1508 2891 75 68 by
1608 2890 56 54 J.
1689 2890 227 52 Arthur
145 2890 1983 128 Thomson

333 2965 1818 71 … with six plates and twenty-nine illustrations in the text.
144 3043 140 53 New
315 3043 181 69 York,
527 3044 259 67 London,
817 3043 69 55 G.
918 3045 66 53 P.
1016 3044 300 56 Putnam’s
1348 3064 147 51 sons,
1530 3049 149 50 1929.

209 3123 1217 51 xii, 370 p. front., illus., v pl., diagrs. 22 ᶜᵐ .
147 3175 51 53 ©
227 3180 102 41 Oct.
356 3180 69 49 10,
453 3180 114 41 1929;
623 3182 68 40 2c.
720 3181 102 41 Oct.
849 3182 54 38 11;
961 3180 84 42 aff.
1072 3182 104 41 Oct.
1204 3183 55 39 12;
1318 3183 41 39 A
1384 3183 144 41 12967;
1587 3184 45 40 J.
1657 3184 56 40 A.
1741 3184 257 46 Thomson,
214 3185 1916 93 London.
391 3236 280 49 (29-21415)

141 3331 166 63 Wall,
335 3331 219 55 Evans.

210 3407 122 52 The
372 3407 300 53 no-nation
712 3408 132 68 girl,
886 3408 34 52 by
1002 3410 196 52 Evans
1237 3411 173 53 Wall.
1489 3412 140 52 New
1670 3411 181 69 York,
1892 3414 260 68 London,

141 3483 752 70 The Century co. [ ᶜ1 929]
209 3567 881 49 4 p. l ., 3-316 p. 19½ ᶜᵐ . $2.50
149 3619 52 52 ©
232 3623 103 41 Oct.
364 3625 68 46 11,
462 3623 112 41 1929;
634 3625 68 41 2c.
733 3626 95 39 and
858 3625 83 41 aff.
973 3625 103 42 Oct.
1106 3626 55 40 16;
1221 3627 44 40 A
1293 3627 145 40 14167;
1498 3627 215 45 Century
1743 3641 68 29 co.

226 3679 281 49 (29-21542)

153 3759 248 54 Wallace
429 3760 116 53 and
574 3761 269 64 Warner,
874 3764 319 54 architects.

149 3837 1978 139 Your home, its care and maintenance. [Philadelphia] Wallace and Warner [ ᶜ1 929]
