2533 4342
1326 4026 139 50 2056

438 456 1202 50 4 v. fronts., plates, ports., facsims. 23½ ᶜᵐ .
442 511 1548 49 “Of this work … five hundred copies were printed from
2018 513 113 47 type
2158 511 52 40 in
372 511 1986 108 October,
496 569 158 43 1929.”
715 569 118 41 This
861 580 119 37 copy
1008 571 85 39 not
1119 569 279 41 numbered.

443 626 380 48 “Bibliography
855 627 97 38 and
985 625 360 48 chronological
1376 624 203 41 index”:
1614 636 44 28 v.
1690 626 40 45 4,
1765 635 42 37 p.
1845 623 249 51 [283]-361.

781 679 1598 50 CONTENTS.— v. 1. Autobiography and letters.—v. 2. The philosopher.—
372 748 43 30 v.
442 736 41 42 3.
511 740 101 39 The
638 740 422 38 churchman.—v.
1088 737 42 41 4.
1159 736 254 49 Founding
1440 736 170 49 King’s
1637 737 194 48 college.

380 792 51 52 ©
459 796 119 40 Nov.
605 795 70 49 26,
703 795 141 47 1929;
873 795 68 40 2c.
969 794 120 40 each
1117 794 119 40 Nov.
1263 793 83 47 29;
1376 793 109 41 affs.
1515 794 112 40 Dec.
1658 793 52 47 6;
1739 794 43 39 A
1809 793 347 47 16276-16279;
448 793 1911 99 Columbia

555 851 130 41 univ.
713 861 149 38 press.
929 850 283 49 (29-29593)

373 945 182 63 Keen,
586 945 203 53 James
819 944 224 53 Tower.

446 1023 56 52 A
527 1022 235 53 manual
790 1023 93 53 for
908 1023 251 53 notaries
1186 1023 212 69 public,
1424 1021 233 71 justices
1685 1022 65 54 of
1775 1023 96 53 the
1898 1041 168 51 peace
2095 1023 112 53 and
2233 1022 152 53 their

376 1103 316 67 employers
725 1102 61 52 in
817 1101 464 69 Massachusetts,
1313 1100 300 71 including
1644 1101 451 55 commissioners
2128 1103 61 52 in
2222 1101 163 53 other

377 1185 173 48 states
584 1180 113 53 and
735 1178 229 70 foreign
999 1179 302 68 countries,
1332 1180 77 69 by
1444 1178 197 55 James
1673 1180 66 52 T.
1773 1178 178 53 Keen.
2022 1180 73 53 2d
2130 1179 105 69 ed.,
2269 1197 116 36 rev.

378 1260 113 51 and
532 1258 126 69 enl.,
696 1258 75 70 by
809 1257 228 52 Arthur
1077 1257 76 54 H.
1195 1256 216 70 Duhig.
1487 1257 236 69 Boston,
1762 1256 196 70 Little,
1998 1258 232 69 Brown,
2271 1258 113 52 and

376 1353 298 52 company,
706 1338 149 51 1929.

449 1415 557 50 xxxii, 355 p. 19½ ᶜᵐ .
383 1469 51 52 ©
469 1473 113 40 Dec.
614 1472 39 47 5,
685 1472 142 46 1929;
860 1473 68 39 2c.
960 1472 98 39 and
1090 1471 67 40 aff.
1206 1472 113 40 Dec.
1351 1473 53 45 7;
1441 1472 41 39 A
1512 1471 173 48 16339;
1719 1472 163 49 Little,
1917 1472 181 40 Brown
2130 1472 37 40 &
2197 1483 70 30 co.

458 1527 282 50 (29-29200)

378 1622 234 65 Kelton,
644 1623 227 63 Aryan.

447 1702 201 52 Power
704 1701 66 54 of
825 1702 97 53 the
976 1702 281 68 universe,
1312 1702 76 69 by
1443 1700 203 70 Aryan
1702 1700 230 53 Kelton.
2008 1701 139 53 New
2205 1701 183 69 York,

378 1780 468 53 America-India
916 1779 338 68 publishing
1322 1796 299 53 company,
1688 1779 127 70 inc.,
1885 1781 112 52 and
2067 1777 323 55 affiliations

382 1861 193 64 [ ᶜ192 9 ]
454 1935 1179 52 1 p. l. , [5]-240 p. plates (part col.) 32 ᶜᵐ .
387 1991 51 52 ©
466 1996 119 40 Nov.
611 1994 71 49 20,
709 1994 142 47 1929;
881 1995 68 40 2c.
979 1996 96 39 and
1105 1994 82 42 aff.
1216 1994 113 40 Dec.
1357 1994 82 47 10;
1470 1994 42 39 A
1540 1992 172 49 17295;
1742 1993 391 42 America-India
2161 1995 109 47 pub.
2301 2004 83 38 co.,

453 2052 91 39 inc.
615 2050 281 50 (29-29853)

381 2144 236 64 Lamar,
647 2144 203 52 Abner
877 2144 108 63 W.,
1065 2186 13 12 II.

452 2224 162 52 Your
656 2223 216 53 hidden
914 2223 129 68 self,
1082 2224 76 69 by
1199 2222 197 53 Abner
1435 2223 92 54 W.
1568 2222 213 53 Lamar
1875 2265 9 9 II.
1961 2223 262 69 Atlanta,
2265 2222 126 70 Ga.,

379 2300 1024 70 Limelight lecture bureau [ ᶜ192 9 ]
456 2380 1033 49 2 p. l. , 7-138 p. illus., diagrs. 18½ ᶜᵐ .
390 2434 51 53 ©
472 2440 119 39 Nov.
623 2439 69 48 22,
724 2438 142 47 1929;
897 2438 69 40 2c.
998 2438 120 40 Nov.
1149 2438 83 47 23;
1267 2437 83 41 aff.
1381 2438 119 40 Nov.
1531 2437 84 40 29:
1649 2438 44 39 A
1723 2437 171 48 16142;
1929 2438 55 40 A.
2017 2439 72 40 W.
2121 2438 179 39 Lamar
2378 2469 9 17 II,

455 2495 220 40 Atlanta.
746 2494 282 49 (29-29852)

385 2588 270 65 Lamkin,
684 2588 159 53 Nina
870 2588 68 57 B.

456 2666 164 55 Good
643 2668 165 53 times
835 2667 93 53 for
954 2667 81 53 all
1057 2668 194 66 times;
1280 2686 32 35 a
1337 2667 333 69 cyclopedia
1694 2667 65 54 of
1784 2666 442 55 entertainment
2253 2668 142 53 with

386 2762 316 51 programs,
746 2744 264 69 outlines,
1055 2745 315 53 references
1416 2746 113 53 and
1572 2744 280 69 practical
1895 2744 358 70 suggestions
2300 2744 94 54 for

385 2824 181 67 home,
610 2823 230 66 church,
884 2822 193 54 school
1122 2824 112 52 and
1281 2822 369 70 community,
1693 2823 76 70 by
1814 2821 155 55 Nina
2014 2824 67 51 B.
2127 2821 266 54 Lamkin.

387 2902 137 52 New
559 2900 182 70 York,
773 2901 113 53 Los
918 2899 269 70 Angeles,
1223 2899 57 56 S.
1315 2900 253 67 French;
1605 2900 262 70 London,
1902 2899 56 56 S.
1996 2900 243 70 French,
2270 2902 124 68 ltd.,

388 2982 148 49 1929.

454 3058 904 49 xxiv p., 1 l., 377 p. illus. 24 ᶜᵐ .
457 3114 235 43 Contains
726 3113 396 50 bibliographies.

396 3168 51 52 ©
478 3172 112 41 Dec.
619 3171 39 49 9,
690 3171 141 48 1929;
863 3172 66 41 2c.
960 3172 98 39 and
1087 3170 83 41 aff.
1201 3171 112 41 Dec.
1345 3170 81 47 10;
1459 3170 42 39 A
1530 3171 172 47 17294;
1738 3171 191 40 Samuel
1965 3172 202 40 French.

471 3227 281 51 (29-29838)

389 3322 290 64 Langtry,
710 3322 210 53 Albert
951 3320 272 65 Perkins,
1257 3327 171 49 1860-
1640 3325 85 53 ed.

460 3401 416 67 Metropolitan
931 3401 247 56 Boston;
1238 3417 31 33 a
1323 3402 235 52 modern
1614 3401 251 66 history;
1924 3401 475 70 editor-in-chief,

392 3477 1980 147 Albert P. Langtry … New York, Lewis historical publishing
519 3574 298 50 company,
844 3557 126 67 inc.,
1003 3558 149 49 1929.

465 3636 25 40 5
521 3647 42 29 v.
623 3635 176 40 fronts,
828 3635 116 47 (vol.
997 3635 107 46 I-IV)
1147 3636 171 46 plates,
1351 3637 164 46 ports.,
1551 3637 86 38 col.

1674 3638 134 38 coats
1843 3636 53 40 of
1929 3645 145 31 arms.
2135 3635 146 42 27½ᶜᵐ.

464 3693 129 39 Vols.
643 3714 30 5 I-III
766 3692 153 47 paged
952 3691 356 47 continuously.

466 3747 148 42 Coats
647 3747 54 41 of
730 3757 131 30 arms
894 3746 343 49 accompanied
1270 3747 63 47 by
1366 3748 156 47 guard
1555 3748 163 39 sheets
1751 3747 120 41 with
1906 3748 293 48 descriptive
396 3749 2002 103 letter-press.

824 3882 108 18 CONTENTS.—I-III.
962 3859 423 47 History.—IV-V.
1418 3858 295 48 Biography.

400 3913 52 51 ©
480 3916 102 41 Oct.
610 3917 69 47 25,
706 3916 141 46 1929;
875 3917 68 39 2c.
970 3916 120 40 each
1117 3917 118 39 Nov.
1264 3916 81 46 26;
1376 3915 83 41 aff.
1486 3915 119 41 Nov.
1632 3916 84 47 23;
1746 3916 43 39 A
1814 3915 170 49 17066;

2015 3915 157 42 Lewis
469 3915 1908 97 historical
571 3973 109 48 pub.
710 3984 80 37 co.,
820 3973 90 40 inc.
977 3971 283 50 (29-29713)
