2533 4384
1102 4038 103 50 351

146 384 220 65 Dulles,
397 384 253 51 Eleanor
680 382 284 63 Lansing.

213 465 122 51 The
370 463 225 52 French
630 460 183 68 franc,
849 463 337 64 1914–1928;
1225 460 96 52 the
1357 459 148 53 facts
1540 460 113 52 and
1688 457 153 54 their
143 459 1986 151 interpretation,

143 536 1986 137 by Eleanor Lansing Dulles … New York, The Macmillan
372 637 296 50 company,
699 620 150 50 1929.

213 700 154 40 xxxvi
397 710 59 37 p.,
488 699 26 39 1
569 731 8 9 l.,
626 697 86 41 570
742 709 43 37 p.
820 697 112 41 incl.
966 697 170 47 tables,
1169 696 182 48 diagrs.
1410 695 56 40 22½ᶜᵐ.

214 769 280 42 Half-title:
525 770 198 39 Bureau
752 767 53 42 of
835 767 352 41 international
1220 766 241 49 research,
1490 766 233 40 Harvard
1754 765 273 49 university
2057 766 97 41 and

144 827 243 42 Radcliffe
413 828 194 46 college.

213 884 378 48 Bibliography:
622 894 44 37 p.
696 881 219 42 537-543.

149 952 51 51 ©
231 958 123 37 Mar.
382 955 67 46 19,
480 954 114 40 1929;
651 954 68 39 2c.
747 954 95 38 and
872 952 83 40 aff.
984 954 122 37 Mar.
1135 951 83 45 20;
1251 952 39 37 A
1320 950 115 41 5966;
1496 952 195 38 Bureau
1721 951 52 40 of
1801 950 218 40 internatl.
216 961 1920 92 research

414 1012 51 40 of
492 1012 229 39 Harvard
749 1010 128 39 univ.
906 1010 37 39 &
971 1009 241 39 Radcliffe
1238 1009 194 46 college,
1460 1007 303 48 Cambridge,
1792 1009 146 38 Mass.

226 1069 252 49 (29-7380)

150 1163 232 64 Farnol,
418 1162 247 64 Jeffery.

214 1242 57 51 A
299 1241 166 53 black
495 1241 169 67 sheep
696 1240 58 52 in
787 1240 139 51 love.
1001 1238 362 67 [Instalment
1398 1241 27 48 1]

233 1323 84 45 (In
346 1320 263 43 Pearson’s
642 1318 279 53 magazine,
952 1318 143 50 Mar.,
1131 1317 143 50 1929)

149 1390 1988 102 © 1c. Apr. 12, 1929; A ad int. 12537, pubd. Mar. 1: Jeffery Farnol, Preston
326 1452 143 45 Park,
497 1451 254 48 Brighton,
778 1450 238 47 England.

149 1548 244 60 Farson,
432 1545 246 64 Negley.

215 1620 1939 72 Fugitive love, by Negley Farson … New York, London,
142 1700 721 69 The Century co. [ ᶜ1 929]
212 1779 842 52 3 p. l. , 3-267 p. 19 ᶜᵐ. $2.00
149 1850 51 51 ©
228 1855 123 39 Mar.
375 1854 57 37 22,
471 1853 140 46 1929;
640 1853 65 39 2c.
734 1854 93 38 and
858 1852 82 40 aff.
969 1853 123 39 Mar.
1118 1852 82 41 25;
1228 1853 40 38 A
1293 1852 142 44 7057;
1465 1852 214 47 Century
1706 1862 68 29 co.

225 1910 252 50 (29-7500)

147 2005 263 63 Fischer,
438 2006 129 67 firm,
611 2006 182 52 music
820 2005 341 70 publishers,
1188 2005 141 52 New
1530 2049 9 9 York.

225 2084 180 68 (1929.
484 2084 137 53 Carl
650 2083 265 68 Fischer)

217 2160 137 55 Carl
393 2160 235 53 Fischer
665 2159 312 70 analytical
1016 2160 287 53 orchestra
1345 2159 199 70 guide;
1587 2178 32 34 a
1659 2159 277 69 practical
144 2160 1987 132 handbook

326 2238 93 53 for
452 2238 95 53 the
581 2237 342 69 profession,
955 2236 283 69 compiled
1271 2238 77 68 by
1382 2236 195 55 Julius
1613 2237 55 55 S.
1707 2236 244 70 Seredy;
1987 2254 169 51 every

144 2316 239 53 number
419 2316 169 53 listed
627 2315 307 69 according
968 2320 60 48 to
1064 2316 168 52 mood
1271 2316 114 52 and
1424 2314 170 55 form,
1631 2316 139 51 with
1809 2315 347 54 indications

144 2394 2006 70 of time, key, tempo and duration … New York, Boston [etc.]
147 2472 714 68 C. Fischer, inc. [ ᶜ1 929]
215 2555 485 49 2 p. l. , 244 p. 26½ ᶜᵐ.
149 2623 53 51 ©
230 2628 110 40 Jan.
365 2628 56 40 26,
463 2627 141 46 1929;
632 2629 68 39 2c.
727 2629 96 38 and
851 2627 82 41 aff.
960 2629 122 39 Mar.
1109 2628 53 47 8;
1193 2629 41 38 A
1261 2629 113 39 5711;
1434 2628 111 41 Carl
1577 2629 214 42 Fischer,
1820 2629 90 39 inc.

226 2685 253 47 (20-7610)

151 2779 236 52 Florida
445 2782 112 51 and
618 2780 287 55 Southern
964 2786 257 63 reporter
1279 2782 206 68 digest,
1541 2782 268 68 covering
1869 2783 77 51 all
2005 2801 150 35 cases

218 2857 1939 69 reported in Florida reports and Southern reporter … v. 1,
218 2935 1528 71 2. St. Paul, Minn., West publishing co. [ ᶜ1 929]
214 3019 209 40 2 v. 26 ᶜᵐ.
215 3089 229 41 Lettered
474 3099 61 30 on
565 3099 141 31 cover:
766 3089 118 41 1846
913 3091 50 39 to
994 3090 128 41 date.

217 3144 1937 50 “Cases supplementary … are digested currently on the Key-number
147 3203 113 49 plan
286 3202 50 40 in
364 3203 82 39 the
472 3202 171 48 pocket
670 3204 112 46 part
809 3204 51 38 at
889 3203 82 39 the
997 3202 124 40 back
1145 3201 53 42 of
1223 3203 121 40 each
1372 3201 644 51 volume.”—Explanation,
2042 3215 43 30 v.
2112 3204 42 41 1.

494 3297 60 3 CONTENTS.—
557 3284 43 28 v.
628 3270 40 42 1.
695 3273 590 48 Abandonment-Appeal
1314 3274 96 39 and
1437 3273 434 50 error—>492.—v.
1901 3273 40 41 2.
1970 3276 185 48 Appeal

147 3332 94 38 and
264 3330 310 50 error—>493
598 3332 48 38 to
669 3331 119 38 End.

149 3412 43 29 v.
223 3401 41 46 1,
297 3396 52 52 ©
382 3400 111 42 Feb.
526 3401 68 47 16,
626 3401 142 46 1929;
802 3412 43 30 v.
877 3401 41 48 2,
953 3397 52 52 ©
1039 3401 112 40 Feb.
1184 3401 82 46 15;
1300 3401 69 40 2c.
1403 3401 118 40 each
1553 3403 124 40 Mar.
1708 3403 53 46 8;
1797 3402 110 42 affs.
1941 3404 124 40 Mar.
2098 3402 53 47 9;

218 3458 40 38 A
284 3459 128 45 4777,
438 3458 142 47 4778;
612 3459 130 39 West
769 3458 111 47 pub.
906 3469 67 29 co.
1037 3457 252 48 (29-7368)

144 3553 200 63 Foote,
377 3552 175 52 Anna
586 3552 328 55 Elizabeth.

217 3629 314 67 Explorers
577 3630 114 52 and
739 3628 275 55 founders
1061 3629 65 54 of
1171 3630 287 66 America,
1505 3631 76 69 by
1629 3632 171 52 Anna
1850 3632 301 53 Elizabeth

146 3706 2008 69 Foote … and Avery Warner Skinner … Rev. ed. New
146 3783 1753 73 York, Cincinnati [etc.] American book company [ ᶜ1 929]
213 3865 1167 49 310 p. incl. front. (port.) illus., maps. 18½ᶜᵐ.
152 3918 52 52 ©
230 3924 123 39 Mar.
378 3923 68 44 16,
472 3923 115 40 1929;
640 3923 67 41 2c.
734 3925 95 39 and
855 3924 82 40 aff.
964 3925 122 39 Mar.
1112 3924 56 40 20;
1224 3926 39 38 A
1289 3924 115 41 5932:
1459 3926 145 40 Amer.
1646 3927 122 39 book
1793 3937 67 31 co.

230 3979 250 50 (29-7217)
