2512 4377
1318 4047 103 49 258

436 465 475 49 viii, 343 p. 21 ᶜᵐ .
371 518 51 52 ©
452 523 112 39 Feb.
592 523 69 46 21,
691 522 117 40 1929;
921 554 8 8 2c.
958 523 96 38 and
1082 521 83 41 aff.
1195 523 122 40 Mar.
1346 523 53 46 5;
1431 522 40 38 A
1498 521 143 48 4692;
1675 523 140 38 Funk
1845 523 36 40 &
1910 523 250 45 Wagnalls
2189 534 68 30 co.

450 580 252 45 (29-6022)

368 674 227 63 Mason,
625 673 212 52 Alfred
866 673 242 64 Bishop,
1141 678 170 49 1851-

436 750 56 52 A
538 751 237 51 duchess
825 750 112 52 and
986 751 102 51 her
1137 751 302 68 daughter,
1489 750 74 69 by
1614 750 213 54 Alfred
1880 751 220 69 Bishop
2150 752 221 53 Mason.

365 827 139 53 New
533 827 181 68 York,
740 828 71 51 A.
839 829 46 51 &
913 826 64 55 C.
1005 828 169 67 Boni,
1203 830 151 51 1929.

433 909 29 38 4
488 919 43 37 p.
595 940 8 15 l.,
632 908 189 48 11-259,
852 909 55 48 [1]
938 919 43 38 p.
1042 908 147 42 19½ᶜᵐ.

369 961 53 52 ©
449 967 110 40 Feb.
583 966 70 46 25,
678 966 142 46 1929;
846 967 68 39 2c.
940 967 123 40 Mar.
1089 967 53 46 5;
1170 965 70 40 aff.
1279 967 123 40 Mar.
1427 968 52 45 7;
1508 966 41 39 A
1571 967 143 46 4746;
1743 967 169 40 Albert
1940 967 36 40 &
2002 966 205 41 Charles
2232 968 138 48 Boni,

437 1023 92 40 inc.
597 1022 251 49 (29-6181)

363 1116 223 64 Meyer,
619 1116 312 63 Fulgence.

433 1195 185 68 Helps
661 1202 58 47 to
761 1196 227 69 purity;
1034 1215 31 33 a
1109 1196 192 69 frank,
1341 1203 96 63 yet
1477 1203 259 47 reverent
1780 1197 341 54 instruction
2164 1217 73 34 on
2279 1200 96 52 the

363 1274 261 53 intimate
656 1278 237 49 matters
925 1275 64 52 of
1020 1276 264 66 personal
1317 1275 103 52 life
1455 1274 93 53 for
1581 1276 322 52 adolescent
1933 1275 160 69 girls,
2127 1276 74 69 by
2235 1276 138 53 Rev.

363 1351 2012 74 Fulgence Meyer … Cincinnati, O., St. Francis book shop,
364 1433 151 51 1929.

434 1511 837 49 5 p. l., 90 p., 1 l. front. 17 ᶜᵐ .
371 1565 51 52 ©
450 1570 111 40 Feb.
588 1570 70 46 27,
687 1569 142 47 1929;
856 1569 68 40 2c.
952 1570 122 39 Mar.
1103 1570 51 45 1;
1185 1568 83 40 aff.
1298 1570 122 39 Mar.
1447 1569 53 46 2;
1531 1570 41 38 A
1601 1569 141 46 5595;
1774 1569 298 40 Franciscan
2101 1569 193 40 fathers
2321 1569 53 40 of

436 1626 81 40 the
549 1626 228 48 province
807 1625 52 41 of
891 1625 68 40 St.
992 1626 127 39 John
1153 1626 82 40 the
1267 1625 212 48 Baptist,
1513 1625 294 41 Cincinnati.

445 1682 252 49 (29-6028)

367 1778 385 63 Millholland,
787 1777 228 64 George
1049 1779 52 51 H
1396 1783 172 49 1895-

436 1853 1878 71 Cavalry examiner’s guide, by George H. Millholland …
363 1932 380 69 Harrisburg,
778 1933 235 67 Penna.,
1048 1933 122 53 The
1204 1933 326 69 Telegraph
1567 1951 157 51 press
1875 1936 85 64 [ᶜ1929]

433 2015 588 49 133 p. 20 ᶜᵐ . $1.00
431 2072 257 49 Appendix:
748 2072 210 41 Routine
987 2072 80 40 for
1096 2071 269 49 inspection
1397 2073 52 39 of
1476 2072 281 49 equipment
1787 2072 98 40 “A”;
1945 2073 81 39 the
2057 2076 208 45 trooper,
2296 2073 77 40 his

361 2132 183 44 mount,
573 2139 132 30 arms
731 2130 96 38 and
854 2129 293 48 equipment,
1175 2129 61 47 by
1265 2129 162 47 Major
1455 2129 164 48 Edgar
1648 2129 234 49 Whiting.

367 2182 51 52 ©
448 2187 111 39 Feb.
587 2186 58 40 20,
746 2185 56 40 1929;
859 2186 69 40 2c.
956 2188 96 38 and
1082 2185 82 41 aff.
1195 2185 111 42 Feb.
1334 2186 57 38 25;
1450 2185 41 39 A
1521 2185 114 41 5558;
1695 2186 273 48 Telegraph
1998 2197 150 37 press.

448 2242 252 49 (29-6010)

367 2335 291 64 Miranda,
688 2335 316 53 Francisco
1033 2337 90 61 de,
1155 2337 326 53 1750-1816.

432 2415 121 52 The
599 2415 169 68 diary
814 2415 64 53 of
923 2415 306 53 Francisco
1276 2416 68 52 de
1390 2414 291 70 Miranda,
1726 2422 132 47 tour
1904 2416 64 54 of
2013 2417 95 52 the
2156 2415 219 54 United

363 2491 207 71 States,
611 2493 336 66 1783-1784;
986 2494 95 52 the
1120 2491 251 70 Spanish
1405 2498 122 48 text
1562 2493 208 69 edited,
1803 2494 142 53 with
1982 2494 392 53 introduction

361 2571 2013 69 and notes, by William Spence Robertson … New York [The
362 2649 282 69 Hispanic
673 2650 211 68 society
913 2650 64 53 of
1004 2649 285 67 America]
1326 2652 151 51 1928.

431 2730 1943 49 xxxvi, 206 p., 1 l. plates, ports., 2 maps (incl. front.) facsims. 25½ᶜᵐ.
435 2787 100 41 One
573 2788 51 39 of
663 2788 82 40 the
784 2787 238 48 portraits
1063 2787 344 48 accompanied
1447 2788 60 47 by
1546 2788 157 47 guard
1741 2789 137 39 sheet
1918 2788 122 40 with
2080 2787 294 48 descriptive

362 2846 298 47 letterpress.

433 2902 224 40 “Fifteen
694 2903 223 39 hundred
954 2902 161 48 copies
1152 2902 194 48 printed
1384 2902 61 47 by
1483 2904 83 39 the
1603 2902 120 41 Yale
1761 2902 274 48 university
2075 2911 149 39 press.
364 2902 1992 106 Typography

642 2960 61 47 by
736 2959 114 41 Carl
882 2960 51 39 P.
968 2959 203 40 Rollins.
1233 2959 264 40 December
1530 2958 158 41 1928.”

431 3016 351 48 Bibliography:
842 3027 45 37 p.
934 3015 234 50 [173]-178.

367 3070 51 52 ©
446 3075 113 40 Dec.
585 3073 71 49 29,
683 3073 116 41 1928;
854 3074 67 39 2c.
951 3074 121 39 Mar.
1100 3073 39 48 2,
1169 3072 140 42 1929;
1339 3072 83 41 aff.
1452 3074 122 39 Mar.
1602 3074 52 44 1;
1685 3074 40 38 A
1753 3073 144 47 4670;
1928 3072 240 48 Hispanic
2195 3082 92 30 soc.
2318 3071 51 40 of

433 3131 239 40 America.
742 3129 252 49 (29-6037)

363 3226 436 62 Montgomery,
833 3224 222 52 Robert
1089 3224 330 63 Hargrove.

435 3302 120 51 The
607 3300 360 68 cooperative
1019 3305 231 63 pattern
1301 3300 60 52 in
1412 3305 210 62 cotton,
1672 3300 76 69 by
1800 3300 217 53 Robert
2067 3300 305 69 Hargrove

367 3377 1970 70 Montgomery … New York, The Macmillan company, 1929.
433 3461 121 41 xviii
582 3472 58 38 p.,
667 3461 25 40 1
756 3491 9 16 l.,
792 3461 86 40 335
906 3472 43 37 p.
977 3460 112 41 incl.
1118 3461 170 40 tables.
1347 3460 150 42 20½ᶜᵐ.

434 3518 235 41 Contains
699 3529 28 29 a
757 3517 215 40 detailed
1003 3517 177 40 review
1209 3517 51 40 of
1290 3517 81 40 the
1401 3516 160 40 Texas
1590 3516 132 41 farm
1751 3517 187 40 bureau
1969 3518 164 39 cotton
361 3516 1990 101 association.

371 3627 51 52 ©
452 3631 112 40 Feb.
590 3630 69 43 26,
688 3630 142 47 1929;
859 3631 68 39 2c.
955 3630 96 39 and
1080 3629 82 40 aff.
1191 3629 112 41 Feb.
1331 3630 56 39 27;
1444 3629 41 39 A
1512 3629 144 48 4614;
1688 3629 283 41 Macmillan
2001 3640 68 30 co.

447 3686 251 50 (29-5912)

367 3767 283 52 National
683 3766 278 54 research
997 3767 242 54 council.

435 3845 423 52 International
913 3844 221 53 critical
1189 3844 180 52 tables
1424 3843 65 54 of
1543 3844 313 52 numerical
1915 3846 152 53 data,
2124 3842 247 69 physics,

366 3922 307 69 chemistry
705 3923 112 51 and
847 3922 359 68 technology,
1238 3922 282 68 prepared
1552 3923 182 52 under
1763 3923 95 52 the
1892 3923 257 67 auspices
2181 3920 63 54 of
2274 3921 95 52 the
