2512 4377
1319 4050 102 54 372

377 420 243 63 Rascoe,
652 419 249 63 Burton,
937 422 170 49 1892-

445 497 56 52 A
537 496 329 54 bookman’s
905 496 282 68 daybook,
1224 497 75 68 by
1339 498 224 51 Burton
1604 497 243 67 Rascoe;
1889 496 191 54 edited
2121 496 140 53 with
2301 516 73 33 an

375 575 391 53 introduction
789 575 75 69 by
943 617 9 11 C.
978 574 248 70 Hartley
1252 573 264 56 Grattan.
1580 576 139 53 New
1746 574 181 70 York,
1951 575 77 54 H.
2054 575 322 70 Liveright,

376 657 150 49 1929.

513 736 330 48 xx, 305 p. 22½ ᶜᵐ.
443 793 232 40 Extracts
706 792 129 40 from
867 793 81 40 the
981 792 290 48 “Daybook”
1305 792 157 41 which
1495 803 100 29 was
1628 792 261 49 originally
1922 792 254 49 published
2210 794 50 38 in
2294 793 80 40 the

374 850 117 39 New
532 850 131 39 York
707 849 193 40 tribune
942 850 95 39 and
1081 850 132 39 after
1256 850 183 47 March,
1483 849 128 47 1924,
1655 849 48 39 in
1747 850 80 39 the
1870 850 117 39 New
2030 850 130 39 York
2203 850 169 39 herald

375 906 207 40 tribune.
641 907 47 38 It
718 906 44 40 is
790 917 28 28 a
850 907 168 40 record
1050 906 51 40 of
1133 906 80 40 the
1244 916 131 30 more
1407 906 279 47 significant
1715 906 207 48 literary
1955 908 223 38 currents
2210 906 51 40 of
2293 906 81 41 the

375 962 166 47 period
566 962 129 40 from
723 962 152 48 April,
905 962 127 47 1922,
1062 965 48 37 to
1138 963 204 48 August,
1370 962 129 41 1924.
1557 964 61 47 cf.
1648 963 186 40 Introd.

429 1018 1943 49 © Mar. 15, 1929; 2c. Mar. 18; aff. Mar. 19; A 6052; Horace Liveright,
444 1075 92 40 inc.
603 1074 252 50 (29-7620)

373 1171 257 63 Rausch,
664 1171 210 52 Albert
907 1171 53 51 H

373 1248 1977 147 Jonathan, novelle von Albert H. Rausch. Leipzig, P. Reclam jun. [ ᶜ1 928]
442 1393 1925 66 68, [1] p. 15½ ᶜᵐ. (On cover: Reclams universal bibliothek. nr. 6870)
375 1462 1887 53 © May 16, 1928; 1c. Oct. 29; A—Foreign 621; Philipp Reclam jun.
452 1522 252 50 (29-7874)

373 1619 262 63 Reagan,
675 1618 198 53 Oliver
911 1618 90 58 A.,
1040 1621 83 51 ed.

441 1696 307 53 American
780 1696 377 54 architecture
1189 1696 65 54 of
1284 1696 95 53 the
1412 1695 297 54 twentieth
1742 1700 264 65 century;
2045 1714 31 34 a
2109 1695 169 54 series
2311 1693 64 55 of

371 1775 397 69 photographs
808 1775 113 52 and
960 1776 295 52 measured
1297 1775 291 67 drawings
1628 1773 66 53 of
1731 1774 256 66 modern,
2026 1773 161 67 civic,
370 1791 1980 115 commercial

641 1851 1671 71 and industrial buildings. Ed. by Oliver Reagan …
413 1937 39 46 pt.
491 1935 50 63 4,
580 1935 45 49 5.
700 1932 139 52 New
878 1931 181 68 York,
1098 1932 428 52 Architectural
1564 1931 147 52 book
1752 1930 336 69 publishing
2127 1948 99 49 co.,
2265 1930 106 52 inc.

449 2010 101 53 [ᶜ1927]

439 2091 29 40 2
500 2094 93 45 pts.
654 2092 25 39 51½ᶜᵐ.

374 2143 52 53 ©
450 2148 117 47 July
590 2148 40 47 2,
657 2147 117 41 1928;
825 2148 68 41 2c.
918 2147 116 48 July
1059 2148 50 39 21;
1171 2147 82 42 aff.
1280 2149 116 46 July
1421 2147 83 42 30;
1534 2149 38 38 A
1600 2148 229 48 1082786;
1859 2148 362 40 Architectural
2249 2148 123 40 book

441 2205 111 48 pub.
579 2215 83 38 co.,
691 2205 93 40 inc.

372 2299 276 64 Régnier,
677 2300 187 52 Henri
894 2299 283 53 Francois
1203 2300 221 62 Joseph
1453 2300 88 63 de,
1574 2304 170 50 1864-

439 2378 122 52 The
595 2377 292 53 libertines
946 2377 93 68 [by]
1080 2377 186 52 Henri
1303 2378 88 52 De
1426 2377 270 69 Regnier,
1731 2378 319 52 translated
2088 2376 153 54 from
2277 2378 97 52 the

369 2456 223 52 French
634 2456 34 51 by
751 2454 191 56 Slater
985 2456 228 51 Brown.
1304 2456 138 52 New
1487 2455 182 67 York,
1712 2455 121 53 The
1876 2455 306 69 Macaulay
366 2473 1980 129 company,
571 2536 150 52 1929.

437 2614 1041 49 296 p. 19½ ᶜᵐ. [Transatlantic library]
373 2668 52 52 ©
455 2674 122 38 Mar.
604 2672 69 43 21,
703 2672 114 39 1929;
874 2672 68 41 2c.
971 2673 93 38 and
1095 2672 84 41 aff.
1209 2673 121 39 Mar.
1358 2672 82 46 23;
1471 2671 41 39 A
1541 2671 139 42 6133;
1714 2673 259 46 Macaulay
2001 2682 69 31 co.

451 2729 250 48 (29-7721)

371 2825 206 65 Riggs,
610 2825 233 52 Austen
877 2825 142 64 Fox,
1055 2825 172 53 1876-

440 2902 338 70 Intelligent
810 2903 205 69 living,
1045 2903 76 68 by
1154 2903 220 53 Austen
1410 2904 124 51 Fox
1568 2903 202 68 Riggs,
1859 2946 10 9 M.
1942 2945 31 26 D.,
2006 2903 140 52 with
2183 2921 71 34 an
371 2903 1975 132 introduction

732 2980 1640 70 by Dr. Frederick Tilney … Garden City, N. Y.,
371 3060 356 69 Doubleday,
756 3061 197 51 Doran
987 3062 50 50 &
1070 3078 299 51 company,
1402 3062 148 51 1929.

442 3142 633 49 xxvi p., 1 l., 230 p. 21½ᶜᵐ.
373 3194 52 53 ©
456 3201 123 38 Mar.
607 3200 38 46 8,
674 3199 116 40 1929;
847 3200 68 41 2c.
944 3201 93 38 and
1069 3198 82 41 aff.
1182 3200 122 39 Mar.
1334 3199 56 39 25;
1448 3199 40 38 A
1519 3199 111 40 7041;
1693 3200 298 46 Doubleday,
2023 3199 168 40 Doran
2221 3198 36 40 &
2287 3208 80 37 co.,

439 3256 92 40 inc.
599 3256 252 49 (29-7825)

367 3350 173 64 Ring,
572 3350 248 64 Barbra,
854 3352 171 51 1870-

503 3428 1316 69 … Lille-Mette. Oslo, H. Aschehoug, 1928.
437 3510 475 49 2 p. l. , 262 p. 21 ᶜᵐ.
438 3567 166 41 Novel.

373 3618 1996 53 © Nov. 13, 1928; 1c. Dec. 20; A—Foreign 1172; H. Aschehoug & co.
451 3679 251 49 (29-7888)

372 3773 217 64 Ritter,
623 3773 307 56 Mathilde.

440 3850 161 52 Puck
637 3850 98 53 der
772 3851 322 67 ausreisser,
1128 3852 185 52 bilder
1349 3870 109 34 von
1496 3851 285 53 Mathilde
1819 3852 209 66 Ritter,
2064 3870 156 35 verse
2258 3869 108 34 von

370 3928 1624 69 Hans Watzlik. Köln ᵃ / Rh., H. Schaffstein, ᶜ1 928.
