2542 4389
1022 4026 135 53 1891

170 458 1865 52 xv, 402 p. col. front., illus. (maps) plates, 2 port, on 1 pl. 23 ᶜᵐ.
111 514 1762 53 (The history of nations, H. C. Lodge … editor-in-chief, vol. III)
169 573 334 48 Frontispiece
529 572 342 48 accompanied
898 573 60 47 by
984 573 156 47 guard
1167 572 136 40 sheet
1329 571 120 41 with
1476 570 294 49 descriptive
1795 572 302 47 letterpress.

169 629 352 48 Bibliography:
578 639 44 38 p.
668 627 238 50 [397]-402.

103 681 1995 52 © Nov. 6, 1928; 2c. Sept. 30, 1929; aff. Oct. 30; A 13887; P. F. Collier &
170 751 89 31 son
287 751 68 31 co.
425 739 280 49 (29-21119)

98 821 233 65 Morfill,
358 821 257 55 William
641 819 281 66 Richard,
954 825 327 50 1834-1909.

95 897 1980 134 … Russia and Poland, by William Richard Morfill … revised
95 974 1982 135 and edited by Charles Edmund Fryer … Polish Republic:
226 1053 1876 70 Baltic states … [Memorial ed.] New York, P. F. Collier
95 1135 52 51 &
175 1151 102 35 son
304 1150 281 51 company
726 1136 85 64 [ᶜ1928]

167 1214 1937 50 xiii, 454 p. col. front., illus. (maps) plates. 23 ᶜᵐ. (The history of
95 1271 1337 51 nations, H. C. Lodge … editor-in-chief, vol. XV)
168 1330 335 48 Frontispiece
528 1329 343 48 accompanied
900 1329 61 48 by
986 1329 156 47 guard
1169 1329 137 41 sheet
1332 1328 124 41 with
1479 1329 297 48 descriptive
1801 1329 302 49 letterpress.

167 1386 378 48 Bibliography:
573 1396 44 38 p.
665 1384 237 51 [451]-454.

103 1440 1997 52 © Nov. 6, 1928; 2c. Sept. 30, 1929; aff. Oct. 30; A 13887; P. F. Collier &
169 1511 86 30 son
283 1511 68 30 co.
422 1499 281 51 (29-21131)

94 1564 364 67 Murchison,
486 1566 135 55 Carl
649 1565 361 66 Allanmore,
1038 1570 174 51 1887-
1424 1569 86 53 ed.

226 1642 1874 77 … The foundations of experimental psychology, by H.
94 1721 2006 69 Banister, Philip Bard, W. B. Cannon [and others] … edited
93 1799 75 69 by
196 1798 137 56 Carl
358 1799 352 53 Murchison.
773 1799 340 69 Worcester,
1139 1799 192 71 Mass.,
1359 1798 180 56 Clark
1564 1799 322 70 university
1912 1817 187 51 press;

93 1877 260 68 London,
378 1877 77 52 H.
481 1876 268 68 Milford,
776 1876 232 56 Oxford
1033 1877 319 69 university
1379 1895 177 51 press,
1586 1879 149 51 1929.

203 1957 1900 49 x, 907 p. illus., diagrs. 23½ ᶜᵐ. (The international university series
96 2014 50 40 in
174 2014 320 50 psychology)

169 2070 350 42 “References”
553 2074 51 38 at
634 2072 92 40 end
758 2071 52 40 of
840 2072 119 40 each
992 2071 202 48 chapter
1226 2074 170 45 except
1428 2071 203 48 chapter
1661 2071 71 40 22.

105 2125 52 52 ©
182 2129 121 49 Aug.
327 2129 71 48 29,
423 2128 115 41 1929;
592 2129 67 40 2c.
688 2129 129 48 Sept.
844 2128 55 41 19;
955 2128 83 42 aff.
1068 2128 129 49 Sept.
1223 2129 56 40 26;
1335 2129 42 39 A
1403 2128 147 42 16086;
1605 2128 150 42 Clark
1781 2128 131 41 univ.

180 2185 281 49 (29-24761)

93 2249 222 66 Myers,
341 2251 205 63 Denys
570 2251 198 65 Peter,
799 2256 174 50 1884-

165 2329 211 71 Origin
402 2331 113 53 and
540 2331 325 53 conclusion
890 2331 65 52 of
980 2331 95 53 the
1103 2331 170 54 Paris
1298 2334 134 66 pact;
1489 2331 97 54 the
1612 2330 398 55 renunciation
2035 2329 66 56 of

95 2408 1940 71 war as an instrument of national policy, by Denys P. Myers …
93 2487 236 69 Boston,
357 2489 151 51 1929.

152 2566 1946 51 3 p. l., 196 p. incl. tables. 20 ᶜᵐ. (World peace foundation. Pamphlets,
95 2625 400 48 vol. XII , no. 2)
102 2676 52 52 ©
181 2681 120 47 Aug.
329 2680 69 48 15,
425 2680 140 48 1929;
594 2681 69 41 2c.
689 2681 119 40 Nov.
837 2680 82 48 18;
950 2680 83 41 aff.
1060 2681 119 41 Nov.
1207 2680 83 48 16;
1320 2681 43 39 A
1389 2680 171 48 15862;
1590 2681 168 41 World
1787 2690 145 39 peace

170 2680 1911 105 foundation,
384 2737 196 40 Boston.
651 2736 282 50 (29-27518)

91 2802 284 53 National
402 2802 322 54 foremen’s
750 2802 300 66 institute,
1077 2803 132 65 inc.,
1239 2805 269 68 Chicago.

164 2879 1935 73 Conducting foremen’s meetings … Chicago, Ill., National
95 2959 975 69 foremen’s institute, inc. [ ᶜ19 29 ]
164 3039 216 40 2 v. 21 ᶜᵐ.
445 3103 93 32 CONTENTS.—I.
569 3096 300 48 Leadership
897 3097 356 40 methods.—II.
1284 3095 288 42 Discussion
1603 3097 154 48 plans.

100 3149 1412 53 © Oct. 9, 1929; 2c. each and aff. Oct. 16; A 15044; Natl.
1670 3152 261 42 foremen’s
167 3153 1909 105 institute,
313 3209 92 41 inc.
476 3209 281 51 (29-22026)

92 3274 215 65 Nease,
335 3275 168 55 Lilla.

161 3353 1932 69 At the end of the road [by] Lilia Nease. Boston, R. G.
89 3430 232 69 Badger
462 3433 83 65 [ᶜ1929]

160 3510 248 50 36 p. 20 ᶜᵐ.
161 3568 185 40 Poems.

99 3619 53 53 ©
178 3624 129 48 Sept.
332 3624 70 49 16,
427 3623 118 41 1929;
594 3625 68 40 2c.
691 3624 128 49 Sept.
843 3625 85 47 25;
955 3625 83 40 aff.
1065 3625 118 41 Nov.
1208 3623 84 48 20;
1320 3624 40 39 A
1386 3623 172 48 16003;
1587 3625 50 40 L.
1664 3625 171 49 Nease,
1862 3626 228 46 Toronto,

167 3680 214 41 Canada.
452 3680 280 49 (29-25960)

86 3744 263 66 Nichols,
377 3746 189 64 Perry
596 3746 210 65 Lewis,
841 3752 327 50 1863-1925.

159 3823 119 53 The
312 3823 164 53 value
509 3822 64 54 of
603 3823 368 68 escharotics;
1006 3823 306 55 medicines
1345 3823 187 54 which
1565 3824 119 53 will
1717 3825 231 68 destroy
1980 3842 113 52 any

87 3900 187 70 living
305 3918 65 35 or
402 3900 214 70 fungus
648 3901 173 54 tissue
855 3902 61 53 in
947 3902 95 53 the
1075 3906 308 49 treatment
1414 3902 66 53 of
1510 3920 214 51 cancer,
1756 3904 188 66 lupus,
1975 3921 117 35 sar-
