2561 4405
1106 4093 64 50 69

148 439 259 63 Dobyns,
438 436 255 55 William
724 437 149 63 Ray,
908 441 170 49 1861-

215 516 122 52 The
361 513 163 53 Book
546 513 61 52 in
631 514 96 52 the
752 512 151 70 light
929 512 65 53 of
1017 512 74 54 its
1115 512 176 53 books;
1348 530 73 35 an
1446 512 393 53 introduction
1861 517 60 48 to
1947 531 32 33 a

145 530 1983 133 comprehensive knowledge of the Bible, by William Ray Dobyns …
144 666 1982 151 with introduction by Henry H. Sweets … New York, Chicago [etc.] Fleming H. Revell company [ ᶜ19 29 ]
210 830 86 41 188
327 842 44 37 p.
430 830 56 40 19½ᶜᵐ.

145 898 53 52 ©
226 902 109 39 Jan.
364 901 68 48 12,
461 900 114 40 1929;
631 900 68 40 2c.
727 901 96 38 and
852 899 83 40 aff.
963 900 111 39 Jan.
1102 898 81 48 19;
1215 900 41 38 A
1284 899 142 47 2918;
1459 899 222 48 Fleming
1709 900 61 41 H.
1800 900 169 40 Revell
1999 911 68 30 co.

222 957 250 50 (29-2486)

141 1067 309 63 Downing,
482 1066 178 53 Elliot
687 1065 301 64 Rowland,
1021 1070 170 50 1868-

209 1147 371 67 Elementary
617 1143 289 71 eugenics;
947 1164 31 34 a
1016 1145 250 53 revision
1302 1145 64 53 of
1403 1145 157 53 “The
1597 1145 159 54 third
1795 1147 114 52 and
1948 1147 202 53 fourth

137 1223 386 70 generation”,
560 1224 75 68 by
674 1224 183 53 Elliot
893 1223 67 53 R.
999 1222 308 69 Downing.
1385 1221 272 72 Chicago,
1694 1223 115 70 Ill.,
1846 1224 122 53 The
137 1224 1988 147 University
378 1303 63 52 of
470 1301 252 69 Chicago
753 1318 157 50 press
1031 1304 84 64 [1928]

208 1381 1567 50 vii, 137 p. front., illus., tables (part fold.) diagrs. 20 ᶜᵐ.
209 1455 189 40 “Books
430 1455 80 39 for
540 1454 248 40 reference
821 1465 54 29 or
906 1453 197 41 further
1136 1453 231 48 reading”:
1428 1465 43 37 p.
1506 1453 218 41 131-132.

141 1523 53 52 ©
223 1527 119 40 Nov.
372 1527 69 46 12,
472 1525 141 48 1928;
639 1525 75 41 2c.
745 1525 110 40 Jan.
883 1525 71 47 21,
985 1524 141 47 1929;
1160 1523 83 42 aff.
1275 1525 111 40 Jan.
1416 1525 82 46 14;
1531 1525 43 39 A
1602 1525 117 40 2977;
1781 1524 284 49 University
2097 1526 52 40 of

209 1583 222 49 Chicago,
469 1583 223 47 Chicago.
765 1581 252 50 (29-2481)

141 1692 498 64 L’Encyclopédie
677 1693 69 52 de
783 1693 57 51 la
877 1691 283 69 jeunesse;
1202 1698 127 48 tout
1366 1709 59 35 ce
1461 1709 107 50 que
1603 1692 117 53 l’on
1755 1697 137 63 peut
1929 1691 215 54 désirer

207 1770 312 67 connaître,
549 1770 141 53 écrit
721 1770 142 52 dans
892 1788 80 33 un
1001 1770 147 67 style
1176 1787 107 50 que
1312 1775 127 47 tout
1469 1770 52 51 le
1549 1770 207 53 monde
1786 1777 137 61 peut
206 1771 1920 130 facilement

391 1849 390 67 comprendre,
812 1848 150 52 édité
991 1866 146 50 pour
1165 1849 53 52 le
1249 1847 236 55 Canada
1517 1847 254 66 français
1801 1867 107 50 par
1938 1849 51 52 le
205 1849 1920 132 chanoine

205 1925 1939 228 Émile Chartier … avec l’assistance et l’aide des collaborateurs suivants: Georges Hermyle Baril … Fr. Antoine Bernard … professor Jean Bruchési … [et autres]
205 2162 305 67 Montréal,
547 2160 219 56 Société
799 2160 229 55 Grolier
1059 2160 216 54 limitée
1401 2165 84 64 [1928]

204 2244 1716 49 12 v. fronts, (v. 4 col.) illus., plates (part col., 1 double) 25 ᶜᵐ.
203 2317 163 48 Paged
398 2315 355 48 continuously.

138 2384 53 52 ©
218 2389 118 40 Nov.
365 2389 39 46 1,
433 2387 140 47 1928;
605 2387 66 40 2c.
701 2387 109 39 Jan.
840 2387 68 48 12,
938 2386 141 48 1929;
1110 2386 83 42 aff.
1222 2387 112 41 Jan.
1363 2388 81 46 11;
1475 2387 41 39 A
1543 2387 143 49 2811;
1719 2388 191 41 Grolier
1940 2400 94 31 soc.

215 2444 252 49 (29-2051)

139 2541 123 51 The
295 2538 246 53 Federal
578 2543 273 63 reporter.
926 2537 217 56 Second
1181 2538 188 53 series.
1443 2538 170 55 Cases
1650 2542 216 68 argued
1903 2542 113 52 and

204 2542 1917 127 determined
511 2617 60 51 in
596 2616 97 53 the
720 2615 222 55 Circuit
969 2621 189 48 courts
1185 2616 64 53 of
1276 2618 235 66 appeals
1540 2618 113 52 and
1680 2618 248 53 District
1955 2625 190 47 courts

204 2695 64 53 of
302 2695 97 53 the
431 2695 219 54 United
688 2693 190 56 States
914 2695 113 52 and
1062 2695 97 52 the
1196 2693 180 55 Court
1411 2694 63 53 of
1510 2696 236 68 appeals
1781 2695 66 54 of
1880 2697 97 53 the
203 2697 1918 129 District

365 2773 63 53 of
457 2772 319 67 Columbia,
801 2773 141 51 with
969 2772 376 69 key-number
1372 2774 383 53 annotations,
1819 2794 51 33 v.
1899 2774 68 55 27
2005 2775 129 70 (2d)

205 2850 636 70 September-October,
888 2854 151 50 1928.
1121 2850 83 56 St.
1250 2852 166 66 Paul,
1458 2852 163 53 West
1664 2853 338 70 publishing
2046 2872 98 50 co.,

204 2934 150 50 1928.

305 3013 863 49 xxv, 1083 p. incl. front, (map) 26 ᶜᵐ.
136 3081 51 52 ©
217 3086 113 40 Dec.
357 3086 40 47 1,
426 3084 142 48 1928;
598 3085 68 40 2c.
695 3085 112 40 Jan.
836 3084 38 49 8,
905 3084 141 48 1929;
1078 3084 83 41 aff.
1191 3084 110 41 Jan.
1331 3084 53 48 9;
1415 3085 41 39 A
1484 3084 142 48 2731;
1658 3086 135 40 West
1823 3086 110 48 pub.
1963 3097 68 29 co.

134 3194 195 64 Foley,
366 3194 204 53 James
604 3193 276 64 William,
921 3195 171 54 1874-

205 3272 162 53 With
412 3272 312 67 happiness
768 3277 58 47 to
869 3289 131 52 you,
1045 3291 32 33 a
1121 3272 265 53 hundred
1431 3290 213 51 poems,
1689 3273 76 69 by
1809 3273 195 54 James
2049 3274 91 55 W.

134 3350 207 67 Foley;
385 3347 373 70 frontispiece
796 3348 76 70 by
913 3348 313 55 Geraldine
1266 3350 305 53 Brimhall.
1660 3352 318 68 Pasadena,
2019 3353 123 52 The

133 3427 139 53 Post
301 3427 264 69 printing
595 3428 112 52 and
736 3426 245 70 binding
1011 3446 99 50 co.,
1142 3430 152 51 1928.

203 3508 683 49 3 p. l., 150 p. front. 23½ᶜᵐ.
136 3575 2004 54 © Dec. 5, 1928; 2c. Jan. 23, 1929; aff. Dec. 12, 1928; A 3888; J. W.
205 3637 160 48 Foley,
394 3637 269 48 Pasadena,
693 3636 144 42 Calif.
904 3636 252 51 (29-2453)

133 3731 251 64 Folwell,
414 3732 230 64 Amory
671 3733 294 65 Prescott,
998 3739 172 50 1865-

206 3807 324 71 Sewerage;
571 3810 97 53 the
704 3811 323 70 designing,
1066 3813 392 69 constructing
1498 3814 114 52 and
1650 3813 390 70 maintaining
2078 3814 65 53 of

133 3904 280 51 sewerage
441 3892 239 64 systems
709 3889 113 52 and
852 3907 219 51 sewage
1098 3896 308 48 treatment
1435 3892 212 68 plants,
1674 3892 76 68 by
1778 3891 73 53 A.
1880 3893 261 52 Prescott

133 3963 2006 76 Folwell … 10th ed., rewritten and reset. Total issue, twenty-
