2533 4342
1363 4056 133 50 1568

435 391 215 65 Swain,
681 392 226 64 George
933 393 66 54 T.

508 470 244 68 History
785 468 64 54 of
879 471 202 68 Logan
1115 472 246 67 County,
1392 473 160 53 West
1585 471 290 69 Virginia,
1909 472 231 70 dealing

2173 472 139 54 with
439 475 1979 125 Indian
619 547 104 53 life
766 548 113 52 and
920 547 251 69 legends,
1214 549 158 70 early
1415 547 277 71 pioneers,
1734 549 151 54 their
1925 549 165 53 mode
2135 549 64 53 of
2240 550 204 70 living,

440 624 314 53 formation
787 624 65 54 of
884 626 96 52 the
1016 631 226 62 county,
1275 627 95 51 the
1405 627 171 52 noted
1612 625 512 71 Hatfield-McCoy
2158 627 157 56 feud,
2348 629 96 52 the

439 703 228 53 “armed
713 704 232 52 march”
988 721 73 35 on
1107 706 216 66 Logan,
1372 704 315 68 municipal
1735 703 213 58 affairs,
1994 710 162 46 court
2199 706 245 66 records,

440 780 313 53 formation
780 780 66 53 of
872 782 123 52 coal
1025 782 341 67 companies,
1393 781 265 53 brilliant
1686 783 396 67 development
2110 782 65 52 of

2199 785 97 50 the
440 783 1980 131 valley,
580 858 325 53 wonderful
942 860 314 67 expansion
1293 859 64 51 of
1392 860 95 52 the
1523 861 119 51 coal
1681 861 284 67 industry,
2001 865 120 61 etc.,
2154 860 77 69 by
2269 860 69 55 G.
2377 863 65 51 T.

440 936 208 55 Swain.
726 938 217 67 Logan,
974 939 90 52 W.
1100 939 125 59 Va.,
1258 937 68 54 G.
1362 940 64 51 T.
1467 938 212 58 Swain,
1715 939 148 52 1927.

537 1033 982 49 x p., 1 l., 385 p. illus., ports. 25½ ᶜᵐ .
508 1091 374 48 “Biographical
909 1091 214 41 section”:
1181 1102 43 37 p.
1268 1090 236 50 [209]-383.

442 1159 51 51 ©
523 1164 119 39 Nov.
671 1163 70 42 23.
770 1162 116 41 1927;
943 1164 69 40 2c.
1045 1163 128 47 Sept.
1200 1162 71 49 23,
1302 1162 116 40 1929;
1478 1162 82 40 aff.
1592 1162 104 41 Oct.
1729 1164 24 38 7;
1812 1163 43 38 A
1885 1163 143 40 12837;
2091 1163 52 40 G.
2174 1164 53 39 T.
2261 1162 177 46 Swain,

511 1218 302 48 Charleston,
840 1220 72 39 W.
940 1220 88 39 Va.
1095 1218 280 47 (29-21785)

429 1313 316 63 Thomson,
774 1314 116 64 Jay
920 1314 194 64 Earle,
1145 1316 84 54 ed.

506 1393 278 69 [Preface,
826 1394 265 65 chapters
1139 1398 116 52 1-6,
1300 1393 289 68 appendix
1637 1396 113 50 and
1796 1394 359 67 vocabulary]
2205 1394 73 67 by
2324 1394 117 66 Jay

432 1471 2008 69 Earle Thomson … [in the book entitled] Scott’s Lady of the
431 1549 2009 67 lake … Boston, New York [etc.] D . C. Heath and company
580 1632 48 62 [ ᶜ192 9]
505 1708 1228 49 xliii. 196 p. front, (port.) illus., map. 17 ᶜᵐ .
440 1761 1888 52 © Sept. 24, 1929; 2c. and aff. Sept. 27; A 13696; D . C. Heath & co.
428 1875 347 64 Townsend,
803 1874 257 54 William
1091 1875 223 63 Henry,
1348 1879 171 50 1890-

432 1951 1983 133 Lincoln and his wife’s home town, by William H. Townsend …
748 2030 1615 69 Indianapolis, The Bobbs-Merrill company [ ᶜ192 9]
504 2111 1936 49 5 p. l. . v-viii p.. 1 l., 11-402 p. front., plates, ports., facsims. (part
432 2168 326 48 fold.) 23 ᶜᵐ .
503 2226 351 48 Bibliography:
917 2237 43 38 p.
1000 2226 234 49 [379]-384;
1298 2225 403 49 bibliographical
1735 2226 279 41 foot-notes.

438 2280 1999 51 © Oct. 10. 1929; 2c. Oct. 18; aff. Oct. 17: A 15081; Bobbs-Merrill co.
513 2341 282 48 (29-21786)

427 2435 303 65 Turnbull,
765 2435 323 54 Archibald
1124 2436 282 64 Douglas.

502 2514 376 55 Commodore
903 2515 196 53 David
1126 2515 223 54 Porter,
1379 2514 329 69 1780-1843,
1732 2515 76 68 by
1836 2513 318 54 Archibald
2180 2511 260 70 Douglas

430 2592 1906 69 Turnbull … New York, London, The Century co. [ᶜ192 9]
502 2671 1937 50 7 p. l. , 3-326 p. front., plates, ports., map, facsims. 22 ᶜᵐ . $3.50
435 2726 1663 53 © Oct. 11, 1929; 2c. and aff. Oct. 16; A 14164; Century co.
511 2786 280 48 (29-21700)

427 2880 174 53 Vélez
631 2881 68 52 de
729 2881 275 53 Guevara
1031 2899 37 45 y
1095 2882 259 61 Dueñas,
1384 2880 161 63 Luis,
1578 2883 326 52 1579-1644.

560 2958 1877 66 … Los novios de Hornachuelos. edited with introduction,
428 3036 2006 70 notes, and vocabulary by John M. Hill … and Frank O. Reed.
427 3115 1479 66 New York & London. The Century co. [ ᶜ192 9]
493 3194 1913 50 xxvi, 260 p. 19½ ᶜᵐ . (The Century modern language series) . $1.50
495 3253 64 40 At
584 3253 124 40 head
733 3252 52 41 of
810 3252 109 41 title:
974 3252 118 42 Luis
1118 3253 142 40 Vélez
1285 3254 59 39 de
1371 3253 239 41 Guevara.

494 3309 378 47 Bibliography:
905 3320 43 37 p.
980 3309 266 41 xxv-xxvi.

432 3361 1980 109 © Oct. 8, 1929; 2c. and aff. Oct. 12: A 12956; Century co. [© introduction,
746 3425 139 38 notes
920 3423 97 39 and
1050 3423 312 48 vocabulary]
1438 3423 282 47 (29-21605)

423 3517 255 62 Walker,
707 3517 233 64 Dugald
971 3518 278 55 Stewart.

499 3592 207 69 Sally’s
743 3593 246 59 ABC,
1027 3595 183 52 sewed
1247 3595 60 51 in
1343 3614 32 32 a
1412 3595 249 67 sampler
1698 3595 58 51 in
1799 3595 133 53 1795
1968 3595 77 68 by
2085 3594 161 68 Sally
2281 3595 150 52 Jane

425 3671 159 64 Tate,
630 3671 353 67 interpreted
1030 3672 77 66 by
1152 3672 233 68 Dugald
1437 3671 246 54 Stewart
1728 3672 252 52 Walker.
2064 3673 138 51 New
2251 3671 181 65 York,

424 3747 310 57 Harcourt,
762 3749 181 52 Brace
970 3749 111 52 and
1111 3767 298 49 company.
1438 3752 149 50 1929.

511 3829 636 49 [59] p. col. illus. 29 ᶜᵐ .
495 3886 287 40 Illustrated
814 3886 366 50 lining-papers.

431 3938 1995 54 © Oct. 10. 1929; 2c. & aff. Oct. 16: A 14211: D. S. Walker, New York.
507 3998 281 50 (29-21691)
