2533 4342
1318 4027 135 50 1642

442 435 1940 51 xiv, 539 p. incl. tables. 21 ᶜᵐ. (Half-title: Social science studies,
373 492 216 42 directed
620 494 61 47 by
711 493 84 40 the
825 493 145 41 Local
1003 492 297 49 community
1333 494 227 39 research
1592 492 277 42 committee
1900 492 52 41 of
1983 493 83 40 the
2099 491 284 49 University

373 549 51 41 of
452 549 224 49 Chicago,
704 559 77 31 no.
914 548 15 49 XIII)

446 606 178 41 “Table
649 606 52 41 of
726 616 137 32 cases
891 604 159 43 cited”:
1106 616 45 39 p.
1178 604 218 43 518-522.

443 663 353 49 Bibliography:
853 674 45 38 p.
925 660 220 44 510-517.

379 716 53 53 ©
464 721 130 48 Sept.
625 721 39 48 5,
696 720 143 48 1929;
870 721 69 40 2c.
973 721 97 39 and
1102 719 83 42 aff.
1220 718 103 42 Oct.
1355 720 82 46 10;
1472 720 41 39 A
1544 718 173 48 12904;
1752 719 286 49 University
2072 719 51 41 of
2158 718 224 49 Chicago,

449 777 225 49 Chicago.
738 776 284 49 (29-21191)

372 870 503 64 Bibliographical
903 869 229 65 society
1160 871 65 52 of
1253 869 297 56 America.

445 951 122 52 The
622 968 209 51 papers
885 950 66 54 of
1006 951 96 53 the
1157 949 502 70 Bibliographical
1714 950 213 70 society
1984 950 64 53 of
2100 948 285 54 America.

417 1026 1969 73 v . 22, pt. 1, 1928. Chicago, Ill., The University of Chicago
373 1110 388 66 press [ ᶜ1 929]
445 1188 342 49 v, 68 p. 24½ ᶜᵐ.
381 1240 53 53 ©
468 1244 103 42 Oct.
602 1245 70 47 31,
705 1244 115 41 1929;
881 1245 69 41 2c.
983 1246 98 39 and
1115 1244 83 42 aff.
1231 1246 119 39 Nov.
1385 1245 28 40 8;
1472 1244 42 40 A
1546 1244 147 41 15633;
1756 1243 285 49 University
2075 1243 52 42 of
2160 1243 224 49 Chicago,

448 1301 225 49 Chicago.

378 1394 211 65 Boker,
621 1394 229 65 George
878 1396 227 63 Henry,
1138 1401 328 49 1823-1890.

443 1472 122 53 The
591 1473 205 68 legend
822 1472 65 54 of
911 1473 97 53 the
1034 1473 243 68 hounds,
1301 1474 77 69 by
1404 1472 223 70 George
1653 1474 206 67 Henry
1885 1472 192 53 Boker;
2136 1472 252 69 pictures

374 1549 74 69 by
485 1549 238 56 Gordon
761 1551 161 67 Ross,
962 1551 143 52 with
1144 1570 72 34 an
1256 1551 392 53 introduction
1688 1551 77 69 by
1805 1550 178 55 Owen
2026 1550 360 55 Culbertson.

373 1628 139 54 New
541 1628 181 69 York,
749 1629 90 54 W.
869 1630 67 54 E.
965 1629 224 70 Rudge,
1220 1632 151 50 1929.

444 1709 1027 51 xi, 30, [2] p. front. (port.) illus. 23½ ᶜᵐ.
447 1766 1941 49 “This edition … consists of eight hundred copies, and, additionally,
379 1826 93 39 two
499 1824 223 40 hundred
750 1825 58 40 de
833 1826 116 39 luxe
976 1824 162 49 copies
1166 1824 50 40 in
1245 1824 159 41 which
1435 1825 67 39 all
1530 1824 52 40 of
1610 1824 83 41 the
1722 1823 332 41 illustrations
2083 1834 84 30 are
2196 1823 192 40 colored

377 1881 59 46 by
461 1881 146 48 hand,
633 1882 96 39 and
755 1881 83 40 the
860 1880 321 49 frontispiece
1206 1880 168 49 signed
1401 1882 62 46 by
1489 1881 84 40 the
1598 1879 193 42 artist.”

382 1934 53 53 ©
476 1938 129 49 Sept.
641 1939 39 48 3,
719 1939 115 40 1929;
901 1939 69 41 2c.
1011 1938 129 49 Sept.
1179 1939 54 40 11;
1304 1938 84 41 aff.
1427 1938 104 41 Oct.
1570 1938 26 41 8;
1665 1938 41 39 A
1743 1938 146 40 14054;
1955 1936 218 42 William
2213 1936 172 40 Edwin

450 1995 184 47 Rudge.
687 1990 70 55 [©
792 1995 349 49 introduction,
1177 1996 62 47 by
1277 1995 148 41 Owen
1463 1995 305 47 Culbertson,
1806 1993 331 41 illustrations
2173 1993 62 46 by
451 1992 1920 100 Gordon

573 2052 140 50 Ross]
782 2052 285 49 (29-21085)

377 2142 184 67 Boyd,
590 2144 263 55 Thomas
879 2145 358 65 Alexander,
1271 2150 170 50 1898-

446 2224 139 54 Mad
620 2224 280 71 Anthony
931 2226 241 68 Wayne,
1203 2227 77 68 by
1312 2226 251 54 Thomas
1596 2225 184 69 Boyd.
1855 2223 141 53 New
2030 2222 181 70 York,
379 2223 1989 145 London,

539 2303 62 55 C.
635 2302 313 56 Scribner’s
977 2322 148 49 sons,
1156 2307 151 51 1929.

448 2382 1137 50 5 p. l. , 3-351 p. front. (port.) maps. 22½ᶜᵐ.
448 2439 352 49 Bibliography:
858 2452 43 37 p.
928 2439 221 42 339-341.

383 2492 53 53 ©
473 2497 130 49 Sept.
637 2498 68 47 20,
740 2498 115 40 1929;
917 2499 68 40 2c.
1021 2498 103 41 Oct.
1159 2498 25 40 9;
1248 2497 84 42 aff.
1367 2498 103 42 Oct.
1503 2498 30 41 8;
1593 2498 41 39 A
1669 2497 143 41 12871;
1880 2497 203 41 Charles
2121 2493 268 44 Scribner’s

451 2564 128 31 sons.
646 2554 282 49 (29-21295)

383 2647 298 66 Bragdon,
714 2648 219 55 Claude
963 2650 275 63 Fayette,
1270 2654 172 50 1866-

452 2725 1939 74 Merely players, by Claude Bragdon … New York, A. A.
381 2805 227 68 Knopf,
640 2810 151 52 1929.

519 2886 1015 50 xv, 215, [1] p. front., plates, ports. 21 ᶜᵐ.
384 2940 52 52 ©
472 2944 129 49 Sept.
631 2945 70 47 27,
733 2945 117 40 1929;
909 2946 69 41 2c.
1011 2946 104 41 Oct.
1145 2946 26 39 2;
1233 2946 84 41 aff.
1352 2946 129 48 Sept.
1510 2946 58 41 30;
1629 2946 42 39 A
1703 2945 141 42 13831;
1910 2944 50 42 C.
1993 2945 242 48 Bragdon,
2270 2944 119 39 New

451 3001 147 41 York.
663 3000 282 51 (29-21009)

385 3082 396 64 Coatsworth,
811 3082 312 54 Elizabeth
1152 3084 54 55 J.

447 3158 122 53 The
598 3158 151 54 sun’s
780 3159 196 70 diary;
1011 3178 32 35 a
1073 3160 148 53 book
1251 3160 66 53 of
1347 3161 141 68 days
1520 3160 94 53 for
1647 3179 113 49 any
1790 3178 154 51 year,
1974 3160 76 69 by
2082 3158 305 54 Elizabeth

379 3234 390 69 Coatsworth;
807 3237 301 55 decorated
1142 3238 76 69 by
1251 3236 199 56 Frank
1481 3239 321 54 McIntosh.
1873 3238 141 54 New
2050 3237 181 71 York,
2266 3237 122 53 The

376 3313 336 54 Macmillan
743 3333 300 52 company,
1075 3320 151 50 1929.

452 3394 621 51 [98] p. illus. 22½ × 20 ᶜᵐ.
385 3448 52 52 ©
474 3453 127 48 Sept.
634 3454 70 46 24,
739 3454 117 41 1929;
916 3455 67 43 2c.
1019 3457 96 39 and
1149 3455 82 43 aff.
1267 3456 129 49 Sept.
1430 3457 56 40 25;
1547 3457 41 39 A
1621 3457 145 40 13641;
1831 3454 284 42 Macmillan
2148 3465 69 30 co.

462 3508 282 51 (29-21090)

379 3587 228 64 Corpus
632 3589 165 71 juris,
821 3593 173 68 being
1021 3613 27 33 a
1077 3596 276 66 complete
1382 3597 113 52 and
1521 3593 328 71 systematic
1875 3597 306 51 statement
2204 3591 65 53 of
2293 3590 97 54 the

450 3667 182 53 whole
659 3669 153 70 body
841 3671 64 53 of
933 3672 97 52 the
1056 3672 129 68 law,
1214 3691 61 35 as
1303 3673 298 53 embodied
1629 3674 60 52 in
1720 3673 113 53 and
1865 3671 313 67 developed
2206 3670 76 68 by
2311 3668 80 53 all

448 3746 1941 74 reported decisions. Ed. by William Mack … and Donald J.
448 3821 1938 75 Kiser … v. 48. New York, The American law book co.;
448 3901 259 69 London,
737 3903 397 54 Butterworth
1161 3907 46 51 &
1233 3925 98 40 co.,
1360 3906 129 53 Bell
1515 3907 166 71 yard,
1708 3908 150 50 1929.
