2547 4384
1339 4025 102 56 752

459 432 129 40 “The
614 441 134 31 more
775 432 196 48 general
1001 434 113 47 part
1142 433 53 40 of
1221 434 83 40 the
1333 433 271 43 discussion
1633 446 111 37 may
1772 436 58 40 be
1858 436 284 42 considered
2170 439 86 40 not
2285 439 112 48 only

386 499 55 29 as
469 498 28 30 a
524 488 124 40 view
675 488 53 40 of
755 489 83 39 the
864 488 321 42 foundations
1213 490 52 40 of
1293 491 196 40 method
1518 491 49 39 in
1596 492 228 48 teaching
1852 493 86 41 but
1966 503 55 30 as
2049 504 28 29 a
2106 494 292 50 philosophy

386 545 54 40 of
465 544 260 41 education
753 545 54 39 of
830 545 198 48 general
1055 546 595 49 application.”—Introd.

458 601 249 41 “Selected
744 601 275 42 references
1052 601 82 41 for
1167 603 336 47 comparison”
1538 605 55 40 at
1622 605 93 40 end
1750 605 52 40 of
1835 607 119 39 each
1989 607 203 48 chapter
2227 610 171 47 except

385 657 202 48 chapter
749 688 9 9 XVIII.

389 709 52 54 ©
470 715 115 47 May
613 713 70 48 20,
711 713 143 48 1929;
884 713 69 41 2c.
984 715 115 48 May
1126 715 83 47 22;
1242 715 82 41 aff.
1354 716 115 48 May
1496 716 84 48 23;
1611 717 41 40 A
1681 717 141 48 9240;
1856 717 216 51 Century
2102 729 67 32 co.

467 769 283 51 (29-12155)

387 852 205 64 Yates,
622 853 312 63 Raymond
969 853 264 66 Francis,
1268 860 173 49 1895-

460 931 55 53 A
549 933 287 53 thousand
870 933 214 54 needed
1117 934 343 68 inventions,
1495 935 77 69 by
1605 934 304 71 Raymond
1944 937 242 55 Francis
2219 937 180 55 Yates

450 1010 1774 75 … Rochester, N. Y., Bureau of inventive science [ ᶜ1 929]
453 1092 590 50 2 p. l., 7-179 p. 19 ᶜᵐ .
386 1146 52 53 ©
470 1150 128 43 June
627 1150 40 47 3,
699 1150 116 40 1929;
875 1150 68 41 2c.
975 1152 96 39 and
1102 1150 82 42 aff.
1217 1151 127 40 June
1372 1152 28 39 4;
1460 1152 42 39 A
1533 1151 115 43 8499;
1710 1153 198 41 Bureau
1941 1155 51 40 of
2022 1155 250 43 inventive
454 1154 1919 96 science.
648 1206 284 49 (29-12443)

389 1288 312 52 Yearbook
747 1289 65 54 of
852 1290 97 53 the
991 1289 229 70 League
1262 1290 64 53 of
1368 1291 244 54 nations.
1700 1292 116 65 [9th
1858 1291 304 71 yearbook]
2247 1293 149 54 Nine

454 1384 164 50 years
645 1366 65 53 of
738 1368 95 51 the
861 1367 227 67 League
1117 1366 65 54 of
1208 1368 247 67 nations,
1487 1370 258 66 1920-28,
1772 1369 78 69 by
1878 1370 195 69 Denys
2102 1371 67 53 P.
2200 1371 195 70 Myers

614 1449 255 66 [Boston,
916 1446 193 71 Mass.,
1154 1447 238 69 Wright
1439 1450 45 49 &
1532 1448 202 54 Potter
1780 1449 265 70 printing
2092 1466 301 53 company]

454 1528 152 49 1929.

453 1606 1930 54 2 p. l., 220 p. 20ᶜᵐ. (World peace foundation pamphlets. v. 12, no. 1)
385 1659 52 53 ©
469 1664 111 40 Jan.
611 1664 69 47 14,
713 1663 141 46 1929;
887 1664 68 41 2c.
987 1664 112 41 Feb.
1129 1663 54 47 9;
1216 1663 83 42 aff.
1332 1664 111 41 Feb.
1476 1663 51 47 8;
1560 1664 39 40 A
1632 1664 143 48 4310;
1809 1666 168 39 World
2009 1675 147 39 peace
454 1662 1918 108 foundation,
599 1720 199 41 Boston.

383 1802 142 63 Yoe,
560 1801 156 54 John
751 1801 201 53 Howe.

453 1879 395 53 Photometric
879 1877 272 56 chemical
1189 1878 251 69 analysis
1488 1879 393 70 (colorimetry
1914 1881 117 53 and
385 1876 1983 154 nephelometry)

581 1955 1812 74 by John H. Yoe … with contributions to volume 2 by
383 2032 2009 73 Hans Kleinmann … v. 2. Nephelometry. New York, John
383 2114 192 69 Wiley
609 2115 46 50 &
689 2132 149 48 sons,
871 2113 109 54 inc.;
1046 2114 262 65 London,
1344 2112 303 70 Chapman
1681 2116 47 50 &
1762 2115 161 66 Hall,
1960 2114 244 69 limited,
2240 2118 150 50 1929.

452 2194 1477 51 xvi p., 1 l., 337 p. front. (port.) illus., diagrs. 23½ ᶜᵐ .
385 2247 53 53 ©
470 2252 112 40 Feb.
614 2252 69 47 14,
715 2251 142 46 1929;
890 2252 68 41 2c.
990 2252 113 40 Feb.
1134 2251 83 48 18;
1249 2251 84 41 aff.
1366 2252 112 41 Feb.
1510 2251 82 49 10;
1627 2252 42 40 A
1697 2252 143 48 4494;
1875 2253 43 41 J.
1951 2253 61 41 H.
2042 2254 113 47 Yoe,
454 2250 1918 109 University,
636 2318 43 31 Va.

386 2389 233 65 Young,
653 2389 48 55 G
987 2390 259 64 Bayard.

449 2471 122 53 The
598 2471 236 67 Temple
860 2469 168 71 light,
1056 2490 31 33 a
1116 2475 159 65 story
1301 2471 187 53 which
1516 2470 225 54 kindles
1769 2491 31 33 a
1828 2472 254 69 glowing
2109 2471 103 55 fire
2236 2491 156 49 upon

379 2550 96 52 the
511 2550 151 51 altar
700 2549 65 54 of
800 2550 216 53 human
1054 2550 209 65 hearts,
1300 2550 76 68 by
1417 2548 69 56 G.
1526 2549 234 69 Bayard
1800 2550 230 69 Young,
2108 2593 10 10 D.
2195 2594 11 9 D.
2280 2551 113 53 Los

379 2628 268 69 Angeles,
691 2627 143 70 Cal.,
876 2629 121 52 The
1040 2627 169 54 Biola
1250 2628 148 53 book
1440 2645 175 52 room,
1659 2627 167 54 Bible
1869 2629 261 53 institute
2173 2628 66 55 of
2280 2629 113 54 Los

378 2705 478 71 Angeles [ ᶜ1 928]
450 2787 686 50 6 p. l., [15]-171 p. 18 ᶜᵐ .
384 2841 53 54 ©
463 2846 114 40 Dec.
602 2846 40 47 1,
670 2845 116 41 1928;
840 2845 68 41 2c.
935 2845 97 41 and
1059 2844 83 42 aff.
1170 2846 114 46 May
1310 2845 41 47 1,
1379 2844 115 40 1929;
1551 2844 41 41 A
1618 2845 119 41 7852;
1792 2845 142 41 Bible
1958 2845 230 41 institute
2214 2844 54 42 of
2292 2845 96 41 Los

452 2902 222 48 Angeles.
748 2899 281 52 (29-11248)

384 2982 307 64 Zobeltitz,
723 2983 172 52 Hans
927 2982 224 63 Caspar
1185 2982 202 52 Anton
1419 2979 367 55 Konstantin
1819 2998 135 48 von,
1988 2987 173 49 1883-

452 3061 109 52 Die
592 3061 283 68 quadriga
907 3061 81 52 im
1015 3060 348 67 Weltkriege,
1394 3077 115 35 was
1540 3059 122 54 vier
1692 3059 178 69 junge
1898 3057 287 56 Deutsche
385 3059 2007 135 1914-1918

547 3138 268 68 erlebten,
843 3138 221 54 erzählt
1090 3157 111 33 von
1229 3137 418 69 Hans-Caspar
1676 3157 111 33 von
1815 3136 295 54 Zobeltitz.
2209 3134 93 56 [bd.
2333 3140 50 64 4]

381 3213 1981 75 Hans Hertwig, der artillerist. Stuttgart, F. A. Perthes [ ᶜ1 928]
450 3296 1172 54 3 p. l., 9-245, [1] p. col. front., illus. 22 ᶜᵐ .
384 3349 2003 56 © Oct. 30, 1928; 1c. Feb. 5, 1929; A —Foreign 1915; Friedrich Andreas
450 3410 219 49 Perthes,
699 3421 45 30 a.
772 3420 43 39 g.

383 3490 334 65 Zorbaugh,
752 3491 242 62 Harvey
1027 3491 267 55 Warren.

450 3567 152 55 Gold
631 3571 155 49 coast
814 3567 113 53 and
956 3567 174 67 slum;
1163 3585 31 35 a
1224 3566 361 69 sociological
1614 3567 172 69 study
1814 3566 64 53 of
1907 3564 300 70 Chicago’s
2235 3565 153 54 Near

381 3646 187 54 North
598 3646 139 68 side,
768 3645 78 69 by
876 3645 241 68 Harvey
1144 3645 245 54 Warren
1423 3644 320 70 Zorbaugh.
1815 3643 270 70 Chicago,
2118 3643 114 69 Ill.,
2266 3644 120 52 The

380 3722 1128 71 University of Chicago press [ ᶜ1 929]
519 3838 9 17 xv,
562 3807 87 40 287
681 3818 43 37 p.
787 3816 151 38 maps,
974 3807 180 47 diagrs.
1214 3806 118 40 20ᶜᵐ.
1404 3805 302 50 (Half-title:
1738 3807 102 39 The
1874 3804 285 48 University
2194 3804 54 42 of
381 3801 1987 113 Chicago

531 3862 307 47 sociological
873 3861 176 48 series)

383 3915 52 53 ©
459 3919 115 48 Apr.
598 3919 68 41 22,
693 3919 142 46 1929;
862 3918 68 40 2c.
956 3919 127 39 June
1107 3918 52 47 6;
1186 3917 83 41 aff.
1296 3918 127 40 June
1448 3916 52 48 5;
1528 3918 42 38 A
1594 3917 141 48 8533;
1763 3917 285 48 University
2075 3917 53 41 of
2153 3916 225 49 Chicago.

462 3974 281 51 (29-12607)
