2533 4342
1340 4006 139 54 1890

477 442 301 49 “Originally
811 443 257 48 published
1101 453 54 30 as
1189 442 254 40 Friedrich
1477 444 97 38 und
1609 442 78 41 die
1721 451 165 39 grosse
1918 441 239 41 koalition
2190 442 50 39 in
2277 443 132 40 Rede

406 502 98 38 und
546 502 227 45 antwort,
817 501 96 38 and
957 510 56 29 as
1058 499 186 40 Goethe
1284 499 99 40 und
1425 498 187 41 Tolstoi
1655 500 96 38 and
1797 499 211 41 Okkulte
2051 499 266 40 erlebnisse
2359 499 51 40 in

404 555 392 49 Bemühungen.”

753 612 248 40 CONTENTS.—Goethe
1029 612 95 38 and
1155 610 541 48 Tolstoy.—Frederick
1725 612 83 39 the
1837 611 149 40 Great
2018 611 97 40 and
2144 612 82 39 the
2253 612 157 47 grand

403 668 384 41 coalition.—An
814 667 286 48 experience
1127 666 51 40 in
1206 667 83 39 the
1317 667 171 40 occult.

410 722 53 52 ©
498 725 103 41 Oct.
633 726 70 48 25,
736 724 142 47 1929;
912 725 68 40 2c.
1017 723 103 41 Oct,
1152 723 83 47 30;
1271 722 84 41 aff.
1389 723 103 41 Oct.
1525 722 83 48 28;
1645 723 45 39 A
1720 723 171 48 15837;
1927 723 173 41 Alfred
2133 723 56 40 A.
2224 722 182 50 Knopf,

477 782 91 41 inc.
640 779 282 51 (29-25965)

401 847 323 63 Marryatt,
753 844 214 56 Mollie.

473 924 181 68 Fairy
698 924 192 67 hours,
934 922 78 69 by
1056 922 200 53 Mollie
1304 923 308 68 Marryatt.
1712 921 239 71 [Spring
1996 923 156 52 Lake
2202 923 208 65 Beach,

400 999 1213 73 N. J., Arm publishing company, ᶜ19 29]
473 1081 86 42 176
588 1093 44 38 p.
691 1081 129 41 illus.
880 1081 149 42 22½ᶜᵐ.
1144 1078 159 57 $2.50,

409 1136 53 52 ©
490 1140 120 40 Nov.
639 1139 69 48 16,
736 1138 141 47 1929;
908 1138 68 41 2c.
1006 1139 98 39 and
1132 1137 83 41 aff.
1243 1138 119 41 Nov.
1392 1139 82 45 18;
1506 1138 41 39 A
1576 1137 172 48 14914;
1781 1138 167 40 Mollie

1976 1138 140 39 Ellen
2144 1139 263 46 Marryatt,

481 1195 177 49 Spring
683 1195 146 48 Lake,
857 1195 57 41 N.
943 1194 43 42 J.
1059 1192 281 50 (29-25968)

401 1262 159 63 Mau,
590 1260 200 53 Laura
817 1259 217 65 Emily.

474 1338 189 69 Sugar
690 1339 114 52 and
833 1337 154 69 spice
1015 1339 113 52 and
1155 1338 164 53 Attic
1346 1338 139 67 salt;
1518 1356 32 33 a
1578 1337 210 70 golden
1815 1337 166 53 sheaf
2010 1337 64 53 of
2101 1356 157 34 verse
2311 1337 93 70 [by]

400 1417 192 52 Laura
625 1415 197 69 Emily
853 1416 156 53 Mau.
1085 1416 236 66 Boston,
1352 1415 78 53 H.
1464 1414 196 68 Vinal,
1690 1414 125 69 ltd.,
1848 1418 150 50 1929.

472 1496 86 41 104
586 1507 44 38 p.
719 1495 118 43 19½ᶜᵐ.

410 1549 51 52 ©
491 1553 102 42 Oct.
618 1555 40 47 1,
685 1552 142 48 1929;
854 1552 68 41 2c.
950 1552 103 41 Oct.
1080 1552 83 47 26;
1193 1551 83 41 aff.
1303 1552 119 41 Nov.
1448 1551 84 48 20;
1562 1553 41 38 A
1630 1551 172 48 16004;
1833 1551 51 42 L.
1912 1554 54 40 E.
1995 1553 129 48 Mau,
477 1551 1915 100 Washington.
645 1608 283 51 (29-25961)

407 1675 227 63 Mayer,
663 1674 244 64 Brantz,
939 1675 329 54 1809-1879.

537 1751 1876 70 … Mexico, Central America and West Indies, edited from
403 1828 1986 147 the work of Brantz Mayer by Frederick Albion Ober … [Memorial ed.] New York, P. F.
1422 1907 214 57 Collier
1670 1910 52 50 &
1757 1926 103 35 son
1893 1926 282 51 company
2322 1912 86 63 [ᶜ1928]

543 1987 1871 52 xv, 518 (i. e. 562) p. front., illus. (maps) plates, ports. 23 ᶜᵐ. (The
405 2045 1717 50 history of nations, H. C. Lodge … editor-in-chief, vol. XXII)
476 2104 334 47 Frontispiece
836 2103 345 48 accompanied
1207 2103 61 48 by
1296 2105 155 46 guard
1479 2105 138 39 sheet
1644 2103 122 41 with
1792 2103 293 49 descriptive
2111 2105 301 47 letterpress.

474 2161 103 40 The
610 2160 233 48 “History
877 2160 51 41 of
962 2159 219 41 Mexico”
1225 2160 67 49 (p.
1330 2158 201 52 [1]-426)
1572 2160 43 41 is
1648 2161 150 40 taken
1832 2160 52 40 in
1917 2162 113 48 part
2062 2160 129 41 from
2225 2172 44 29 v.
2302 2162 26 38 1
2361 2160 54 41 of

406 2218 185 40 Brantz
642 2217 209 48 Mayer’s
902 2216 203 49 Mexico,
1156 2217 160 48 Aztec,
1371 2216 211 49 Spanish
1632 2219 97 38 and
1781 2217 298 49 republican.
2153 2218 259 48 Hartford,

404 2274 129 42 1852.

475 2331 350 48 Bibliography:
883 2342 44 37 p.
959 2330 251 50 [513]-518.

410 2385 53 52 ©
489 2390 119 39 Nov.
634 2389 39 48 6,
699 2387 115 42 1928;
867 2389 67 40 2c.
965 2388 130 48 Sept.
1120 2387 71 49 30,
1215 2387 119 41 1929;
1387 2388 83 41 aff.
1498 2388 103 41 Oct.
1627 2388 59 42 30;
1740 2389 42 40 A
1806 2389 144 41 13887;
2006 2390 53 40 P.
2085 2390 52 41 F.
2166 2389 180 42 Collier
2373 2389 37 41 &

479 2456 88 29 son
593 2457 68 29 co.
731 2443 283 51 (29-21138)

406 2510 250 65 Mignet,
691 2508 284 70 François
1012 2509 275 64 Auguste
1322 2509 189 54 Marie
1544 2508 226 67 Alexis,
1806 2512 327 54 1796-1884.

538 2586 1875 72 … The French revolution from 1789 to 1815, by François
408 2665 2004 71 Auguste Marie Mignet … edited, with additional chapter on
405 2742 1982 149 the hundred days, by James Westfall Thompson … [Memorial ed.] New York, P. F. Collier & son company [ ᶜ19 28]
543 2903 1871 50 xv, 510 p. front., illus. (maps) plates, ports. 23 ᶜᵐ. (The history of
406 2960 1293 49 nations, H. C. Lodge … editor-in-chief, vol. x)
478 3018 334 48 Frontispiece
837 3017 344 48 accompanied
1209 3018 63 48 by
1296 3018 158 48 guard
1479 3020 138 39 sheet
1641 3018 123 41 with
1789 3017 296 50 descriptive
2111 3019 300 48 letterpress.

476 3075 351 47 Bibliography:
883 3084 45 38 p.
961 3073 250 50 [505]-510.

411 3128 53 52 ©
488 3133 118 40 Nov.
632 3132 39 48 6,
696 3131 142 48 1928;
865 3132 68 40 2c.
962 3131 129 48 Sept.
1117 3130 69 48 30,
1213 3131 141 48 1929;
1383 3130 83 42 aff.
1494 3132 103 41 Oct.
1623 3131 84 49 30;
1736 3133 43 39 A
1803 3132 171 48 13887;
2004 3134 51 39 P.
2084 3132 51 42 F.
2165 3132 182 41 Collier
2371 3132 38 40 &

479 3198 88 30 son
591 3199 67 30 co.
729 3187 282 49 (29-21126)

408 3252 223 66 Millay,
661 3252 315 57 Kathleen.

481 3332 252 70 Against
757 3333 97 53 the
879 3333 152 69 wall,
1056 3334 77 68 by
1159 3332 287 54 Kathleen
1472 3332 225 70 Millay.
1762 3336 140 52 New
1931 3331 181 70 York,
2140 3334 121 52 The
410 3333 1978 148 Macaulay

638 3428 299 51 company,
966 3413 153 53 1929.

479 3489 619 50 5 p. l., 9-442 p. 19½ᶜᵐ.
414 3543 51 52 ©
500 3547 121 49 Aug.
654 3547 69 48 26,
757 3547 115 40 1929;
933 3548 69 40 2c.
1039 3547 129 49 Sept.
1201 3547 58 41 10;
1320 3547 83 41 aff.
1438 3547 103 41 Oct.
1574 3549 56 39 31;
1695 3549 43 39 A
1769 3548 144 41 13235;
1976 3549 58 39 K.
2070 3547 186 48 Millay,
2289 3548 120 40 New

480 3603 146 41 York.
696 3603 283 48 (29-18337)

405 3654 349 66 Mommsen,
785 3653 287 67 Theodor,
1107 3655 326 55 1817-1903.

411 3731 1997 147 … Borne, from earliest times to 44 B. C., by Theodor Mommsen, edited by Arthur C. Howland … [Memorial ed.] New
413 3884 1374 71 York, P. F. Collier & son company [ ᶜ19 28]
