2542 4389
1011 4035 132 51 1381

77 395 198 63 Frees,
303 394 202 62 Harry
530 392 303 55 Whittier.

144 472 238 52 Animal
422 471 164 52 Land
630 489 72 33 on
745 470 95 52 the
881 469 104 67 air,
1026 468 441 69 photographed
1511 469 113 52 and
1668 469 292 52 described
2002 469 76 68 by

76 551 199 54 Harry
307 549 277 54 Whittier
620 549 187 52 Frees.
884 548 235 66 Boston,
1153 546 279 68 Lothrop,
1467 546 112 53 Lee
1615 548 45 50 &
1697 545 262 69 Shepard
1997 565 80 34 co.

79 631 191 64 [ ᶜ1 929 ]
140 707 1049 53 254, [1] p. incl. front., illus., plates. 21 ᶜᵐ.
144 782 288 40 Illustrated
458 783 97 46 t.-p.
582 781 96 39 and
703 780 366 48 lining-papers.

77 847 51 52 ©
156 852 128 47 Sept.
307 852 69 41 16,
401 850 140 43 1929;
564 850 70 41 2c.
659 852 95 38 and
780 850 83 40 aff.
890 851 128 47 Sept.
1045 851 81 43 18;
1154 850 41 39 A
1219 848 170 48 12460;
1418 849 226 48 Lothrop,
1671 850 94 39 Lee
1791 849 36 40 &
1855 848 215 48 Shepard

146 918 68 30 co.
281 906 280 50 (29-19191)

76 1002 437 62 Freudenberg,
544 1001 203 64 Ernst,
779 1005 172 49 1884-

148 1080 370 69 Physiologie
553 1081 118 51 und
709 1080 332 68 pathologie
1078 1081 100 51 der
1252 1079 297 69 verdauung
1585 1080 78 52 im
77 1078 1978 149 säuglingsalter,

216 1155 1862 71 von dr. E. Freudenberg … mit 40 abbildungen. Berlin,
78 1237 56 53 J.
171 1236 298 68 Springer,
503 1239 147 49 1929.

142 1315 1066 49 iv p., 1 l., 201, [1] p. illus., diagrs. 24 ᶜᵐ.
142 1385 310 41 “Literatur”
483 1388 52 38 at
565 1387 90 38 end
688 1386 51 39 of
770 1386 242 47 chapters.

77 1453 1799 110 © Mar. 7, 1929; 1c. June 28; A—Foreign 3572; Julius Springer. (29-18683)
76 1608 376 63 Friedmann,
486 1607 277 65 Herbert,
800 1613 171 49 1900-

141 1686 121 53 The
298 1686 306 69 cowbirds;
645 1705 31 33 a
714 1687 172 67 study
922 1687 58 51 in
1017 1687 96 52 the
1148 1686 232 69 biology
1417 1687 64 51 of
1518 1687 173 52 social
1729 1688 348 68 parasitism,

69 1763 2008 70 by Herbert Friedmann … Springfield, Ill., Baltimore, Md.,
71 1842 61 55 C.
163 1843 62 55 C.
255 1842 267 69 Thomas,
554 1846 149 50 1929.

143 1924 1316 49 xvii, 421 p., 1 l. illus. (incl. maps) diagrs. 25 ᶜᵐ.
145 1980 236 41 “Errata”
411 1981 94 48 slip
533 1981 229 41 inserted.

145 2037 307 41 “Literature
482 2038 155 40 cited”
657 2049 8 28 :
698 2049 41 36 p.
770 2037 215 41 360-395.

77 2090 51 52 ©
153 2095 115 47 Apr.
292 2095 69 47 10,
387 2095 141 47 1929;
553 2095 67 41 2c.
648 2096 129 47 Sept.
803 2095 82 47 13;
913 2095 83 41 aff.
1024 2096 129 47 Sept.
1179 2095 81 48 10;
1291 2097 39 38 A
1355 2096 143 41 12313;
1556 2095 202 42 Charles
1779 2096 49 42 C.
1847 2097 226 45 Thomas,

148 2151 303 49 Springfield,
484 2153 75 40 Ill.
629 2151 280 49 (29-19100)

75 2244 213 65 Fuller,
318 2246 208 63 Henry
554 2246 201 64 Blake,
789 2248 326 53 1857-1929.

147 2324 1931 72 Gardens of this world [by] Henry B. Fuller … New York,
73 2402 72 55 A.
171 2402 71 55 A.
270 2402 225 70 Knopf,
525 2407 149 50 1929.

139 2483 804 50 6 p. l., 3-225, [1] p., 1 l. 20ᶜᵐ.
141 2539 159 47 “This,
342 2541 80 38 the
460 2540 108 40 first
605 2540 184 40 edition
828 2540 52 40 of
921 2541 235 39 ‘Gardens
1196 2540 52 40 of
1285 2541 99 41 this
1423 2543 181 47 world,
1643 2543 209 39 consists
1889 2542 53 40 of
1980 2546 95 37 two

72 2596 238 39 thousand
344 2595 160 48 copies
532 2595 51 41 of
611 2596 158 40 which
802 2596 97 40 this
931 2596 41 40 is
1004 2598 201 39 number
1236 2597 156 41 1951.”

142 2652 67 39 “A
239 2653 148 39 check
415 2652 85 40 list
531 2652 50 40 of
612 2653 81 40 the
724 2653 162 40 works
916 2654 51 39 of
996 2654 169 47 Henry
1196 2654 152 40 Blake
1380 2654 223 40 Fuller”;
1639 2656 55 48 [1]
1727 2665 43 38 p.
1803 2658 51 37 at
1884 2657 107 39 end.

77 2703 1996 56 © Sept. 13, 1929; 2c. Sept. 17; aff. Sept. 16 ; A 12341; Alfred A. Knopf,
144 2765 90 41 inc.
302 2765 281 50 (29-19020)

76 2859 207 64 Genin,
313 2859 240 55 Robert.

139 2935 110 53 Die
279 2935 162 54 ferne
470 2936 159 67 insel,
660 2937 495 69 aufzeichnungen
1188 2957 110 34 von
1329 2940 215 52 meiner
1576 2940 162 53 fahrt
1768 2942 145 52 nach
1944 2943 133 51 Bali

69 3015 58 51 in
173 3020 144 46 wort
358 3015 118 52 und
517 3014 122 53 bild
684 3034 108 33 von
837 3016 215 52 Robert
1095 3016 204 54 Genin.
1377 3018 218 65 Berlin,
1636 3019 398 53 Volksverband

69 3091 1825 73 der bücher freunde, Wegweiser-verlag g. m. b. h. [ ᶜ1 928 ]
138 3174 1196 50 3 p. l., 5-315, [1] p. illus. (incl. maps) 20 ᶜᵐ.
142 3230 200 40 “Dieses
382 3231 125 39 buch
545 3230 65 40 ist
651 3231 75 40 als
766 3234 157 37 erster
965 3233 126 39 band
1134 3234 86 38 der
1261 3234 206 40 zehnten
1506 3235 48 46 ja
1564 3235 128 39 hires-
1698 3235 131 41 reihe
1871 3235 85 41 für
1998 3238 77 39 die

69 3286 276 48 mitglieder
369 3287 84 40 des
476 3287 423 41 Volksverbandes
924 3289 85 38 der
1033 3288 389 42 bücherfreunde
1447 3291 284 47 hergestellt
1755 3294 196 38 worden
1977 3295 95 38 und

70 3342 121 39 wird
223 3353 93 28 nur
346 3352 63 30 an
439 3342 130 40 diese
600 3343 316 48 abgegeben.”

77 3394 1997 56 © Aug. 1, 1928; 1c. Jan. 11, 1929; A —Foreign 1251; Volksverband der
146 3455 401 47 bücherfreunde,
579 3456 494 49 Wegweiser-verlag.
1105 3468 41 38 g.
1179 3470 61 28 m.
1270 3459 43 39 b.
1345 3460 46 38 h.
1461 3459 280 48 (29-18771)

77 3549 271 64 Georgia.
426 3552 178 54 Court
636 3554 62 68 of
727 3553 250 68 appeals.

146 3627 1928 76 Reports of cases decided … at the October term, 1928, and
74 3704 203 53 March
318 3710 163 62 term,
527 3709 149 49 1929.
756 3726 49 32 v.
851 3710 80 49 39.
1015 3707 237 55 Stevens
1294 3710 115 52 and
1453 3709 273 70 Graham,
1771 3719 301 62 reporters.

76 3781 261 68 Atlanta,
369 3783 122 52 The
521 3783 286 54 Harrison
842 3803 298 50 company,
1176 3789 149 49 1929.

143 3863 465 50 xlviii, 945 p. 23 ᶜᵐ.
80 3915 51 52 ©
164 3920 128 48 Sept.
322 3920 68 48 19,
421 3920 140 48 1929;
593 3922 67 41 2c.
691 3924 94 38 and
818 3922 82 42 aff.
935 3924 128 47 Sept.
1092 3924 82 41 23;
1209 3925 39 38 A
1278 3925 170 48 13532;
1486 3926 137 42 State
1653 3928 52 40 of
1737 3927 221 49 Georgia,
143 3929 1912 88 Atlanta.
