2533 4384
1067 4027 101 50 229

119 384 279 62 Cadman,
429 381 236 54 Samuel
691 381 244 64 Parkes,
967 385 172 50 1864—

184 455 1934 71 The Christ of God, by S. Parkes Cadman … New York,
114 537 119 53 The
264 535 335 53 Macmillan
628 553 299 51 company,
959 537 150 50 1929.

182 619 89 41 180
298 629 44 39 p.
400 617 147 42 20½ᶜᵐ.

184 688 131 40 “The
346 688 227 47 chapters
606 686 52 41 of
691 686 99 40 this
824 687 123 39 book
978 696 127 30 were
1138 685 263 48 originally
1433 685 141 48 given
1607 695 55 30 as
1694 686 212 40 lectures
1940 697 58 29 on
2034 687 82 39 the

115 743 194 43 Shaffer
335 743 293 41 foundation
657 742 167 40 before
852 743 84 40 the
962 743 371 39 Northwestern
1361 741 315 49 university.’’

182 800 378 49 Bibliography:
593 810 44 38 p.
666 800 219 41 173-177.

119 868 51 52 ©
198 871 112 40 Feb.
337 870 70 48 26,
435 869 142 48 1929;
604 869 69 41 2c.
702 870 97 39 and
828 868 82 41 aff.
940 868 111 41 Feb.
1079 868 83 47 27;
1192 868 42 39 A
1260 868 118 40 4615;
1435 868 283 41 Macmillan
1748 880 67 30 co.

195 926 252 50 (29-5902)

112 1022 228 62 Carter,
371 1021 220 63 James,
624 1025 173 49 1853-

183 1095 1807 71 The gospel message in great pictures, by James Carter, D. D.
112 1176 140 53 New
281 1174 164 53 York
471 1174 114 53 and
612 1174 262 67 London,
900 1174 172 51 Funk
1098 1174 114 52 and
1236 1174 303 68 Wagnalls
1567 1192 299 51 company,
1897 1178 149 49 1929.

181 1258 104 48 xiii,
316 1257 85 40 281
432 1268 43 37 p.
535 1257 172 48 plates.
767 1256 148 41 19½ᶜᵐ.

181 1328 42 39 A
254 1327 152 40 series
441 1327 51 39 of
524 1336 231 38 sermons,
790 1327 119 39 each
943 1327 234 47 preceded
1211 1327 62 47 by
1306 1327 83 39 the
1423 1326 189 49 picture
1647 1338 127 37 upon
1806 1328 161 41 which
2001 1328 40 41 it
2074 1329 43 40 is

112 1385 162 40 based,
334 1384 62 48 cf.
428 1384 130 40 Pref.

117 1450 51 52 ©
198 1454 113 40 Feb.
339 1453 39 48 9,
408 1452 141 48 1929;
580 1452 68 41 2c.
677 1455 96 39 and
803 1452 82 41 aff.
916 1452 112 41 Feb.
1057 1452 83 47 27;
1172 1453 42 38 A
1241 1452 115 41 4613;
1418 1453 141 40 Funk
1589 1454 37 40 &
1656 1455 253 48 Wagnalls
1938 1466 68 30 co.

194 1510 252 49 (29-5690)

113 1606 229 61 Carter,
377 1604 190 52 Leslie
603 1605 54 51 H
948 1622 179 51 comp.

179 1682 123 53 The
343 1682 232 52 Banner
616 1681 314 69 anthology
973 1680 64 54 of
1078 1689 222 45 one-act
1344 1682 165 69 plays
1551 1682 76 69 by
1668 1683 310 54 American
111 1702 1982 111 authors;
326 1778 32 34 a
384 1760 297 53 collection
705 1758 65 54 of
796 1758 200 54 fifteen
1021 1759 160 54 short
1207 1760 183 68 plays,
1417 1761 283 67 compiled
1725 1761 77 69 by
1827 1761 186 54 Leslie
2039 1762 77 54 H.

112 1837 220 68 Carter,
362 1838 188 53 edited
582 1837 76 69 by
690 1838 169 52 Ellen
889 1837 81 53 M.
1004 1836 150 55 Gall.
1227 1836 118 56 San
1376 1838 326 69 Francisco,
1736 1838 197 69 Calif.,
109 1841 1982 128 Banner

242 1916 137 69 play
410 1916 233 67 bureau,
676 1915 107 53 inc.
825 1948 13 35 [
899 1918 100 50 ᶜ1929
1005 1948 13 34 ]

178 1999 88 41 267
299 2011 43 37 p.
406 1998 56 41 20½
494 2000 45 23 cm
543 2031 9 9 .

115 2066 51 52 ©
195 2070 113 40 Feb.
337 2068 70 49 15,
435 2068 141 47 1929;
607 2069 67 40 2c.
704 2069 96 40 and
831 2068 82 41 aff.
944 2070 122 38 Mar.
1096 2068 52 48 5;
1180 2068 41 39 A
1247 2068 145 47 4676;
1425 2070 196 39 Banner
1650 2071 114 48 play
1794 2071 200 48 bureau,
2024 2072 92 42 inc.

194 2125 252 50 (29-5934)

117 2219 326 63 Champion
474 2219 69 52 de
574 2218 349 65 Crespigny,
954 2220 152 51 Rose
1136 2219 148 64 Key.

183 2297 122 52 The
333 2297 187 52 riddle
550 2296 64 53 of
641 2297 96 52 the
767 2297 294 53 emeralds.
1135 2297 364 67 [Instalment
1527 2298 50 67 7]

190 2380 85 48 (In
302 2376 201 44 London
534 2375 201 54 Sunday
768 2375 210 54 graphic
1007 2376 96 44 and
1135 2377 204 53 Sunday
1369 2376 199 53 herald)

115 2445 52 53 ©
193 2450 67 41 1c.
287 2452 123 38 Mar.
435 2451 69 46 11,
530 2449 142 48 1929;
700 2450 40 39 A
767 2451 63 39 ad
854 2450 87 41 int.
968 2449 170 48 12413;
1167 2451 144 47 pubd.
1339 2451 109 41 Jan.
1476 2452 82 43 13;
1589 2452 55 41 R.
1673 2453 58 40 K.
1761 2452 268 49 Champion
2059 2455 58 39 de

183 2506 279 48 Crespigny,
494 2507 26 39 i.
548 2516 37 32 e.
613 2507 116 40 Mrs.
757 2507 165 48 Philip
949 2507 267 48 Champion
1245 2509 58 40 de
1332 2508 280 48 Crespigny,
1641 2509 213 42 London.

293 2601 449 67 The riddle of the emeralds. [Instalment 8]
192 2684 84 48 (In
301 2680 202 43 London
531 2680 202 52 Sunday
762 2679 210 53 graphic
998 2681 96 43 and
1122 2681 203 52 Sunday
1354 2682 197 50 herald)

117 2748 2000 55 © 1c. Mar. 18, 1929; A ad int. 12441; pubd. Jan. 20; R. K. Champion de
183 2809 280 49 Crespigny,
491 2811 29 39 i.
548 2820 37 30 e.
613 2811 115 39 Mrs.
756 2810 164 48 Philip
947 2810 267 48 Champion
1242 2812 59 40 de
1330 2811 280 49 Crespigny,
1641 2812 212 42 London.

287 2904 441 66 The riddle of the emeralds. [Instalment 9]
194 2986 83 47 (In
304 2983 202 43 London
533 2983 202 52 Sunday
764 2983 209 52 graphic
1000 2983 95 43 and
1124 2984 202 52 Sunday
1355 2984 198 50 herald)

116 3037 2002 56 © 1c. Mar. 25, 1929; A ad int. 12467; pubd. Jan. 27; R. K. Champion de
183 3099 280 48 Crespigny,
491 3100 29 40 i.
548 3110 37 30 e.
612 3101 116 39 Mrs.
756 3099 164 49 Philip
948 3099 268 49 Champion
1245 3102 58 39 de
1332 3100 280 50 Crespigny,
1641 3102 214 40 London.

289 3193 612 68 The riddle of the emeralds. [Instalments 10-15]
193 3276 85 47 (In
303 3272 201 44 London
533 3273 201 52 Sunday
763 3272 210 54 graphic
999 3274 96 43 and
1123 3274 204 52 Sunday
1354 3274 198 51 herald)

116 3327 2000 57 © 1c. each Apr. 1, 1929; A ad int. 12494; pubd. Feb. 3, 10, 17, 24, Mar. 3,
183 3387 83 49 10;
308 3389 55 40 R.
403 3390 60 39 K.
504 3389 267 49 Champion
813 3392 58 38 de
912 3390 280 48 Crespigny,
1235 3391 29 40 i.
1307 3402 38 29 e.
1387 3392 115 40 Mrs.
1543 3391 165 48 Philip
1748 3392 269 47 Champion
2059 3394 59 40 de

184 3445 279 49 Crespigny,
494 3446 213 41 London.

119 3539 187 64 Child,
335 3540 257 54 Richard
620 3541 359 64 Washburn,
1011 3546 168 50 1881-

181 3619 122 52 The
341 3618 236 70 writing
615 3639 70 33 on
727 3621 96 52 the
862 3620 161 68 wall;
1066 3621 127 53 who
1234 3621 149 54 shall
1422 3640 213 51 govern
1673 3642 65 35 us
1778 3622 170 54 next?
2028 3626 91 66 By

110 3696 1983 148 Richard Washburn Child … New York, J. H. Sears & company, inc. [ ᶜ1 929]
183 3855 554 49 5 p. l., 274 p. 19½ᶜᵐ.
118 3907 52 53 ©
202 3912 112 42 Feb.
347 3914 68 43 15,
448 3913 140 44 1929;
621 3914 67 41 2c.
722 3914 112 40 Feb.
865 3914 83 47 23;
983 3914 82 42 aff.
1097 3915 111 39 Feb.
1242 3915 83 41 19:
1361 3915 42 39 A
1434 3916 142 47 5436;
1612 3917 43 40 J.
1689 3917 61 39 H.
1786 3916 145 41 Sears
1964 3917 36 39 &
2032 3927 82 36 co.,

184 3968 92 43 inc.
344 3969 250 50 (29-5518)
