2542 4389
1071 4042 134 53 1993

152 382 251 64 Adcock,
433 382 211 64 Almey
671 383 87 53 St.
784 382 175 54 John.

219 459 1934 72 Poacher’s moon, by Almey St. John Adcock … London,
150 540 240 53 Hodder
416 541 113 52 and
561 539 325 69 Stoughton
918 539 223 54 limited
1178 542 171 65 [1929]

216 619 86 43 319
329 631 43 38 p.
434 619 144 43 19½ᶜᵐ.

157 687 1975 108 © 1c. Dec. 13, 1929; A ad int. 13372; pubd. Oct. 17; A. S. Adcock, Richmond,
417 747 192 48 Surrey,
645 748 238 46 England.
957 746 282 50 (29-30407)

148 840 187 64 Allen,
365 843 174 61 Mary
568 841 171 64 Cecil,
774 845 171 50 1893-

217 919 269 55 Painters
519 921 64 51 of
616 920 95 54 the
747 921 238 52 modern
1021 920 179 69 mind,
1235 921 77 68 by
1348 921 172 69 Mary
1557 920 154 55 Cecil
1747 919 191 54 Allen.
2012 919 140 54 New

148 998 180 69 York,
355 998 89 54 W.
475 999 90 53 W.
594 998 223 53 Norton
848 1000 45 50 &
921 1015 299 53 company,
1248 999 109 54 inc.
1393 1032 13 34 [
1434 1001 133 50 ᶜ1929
1573 1031 13 35 ]

214 1079 1862 50 6 p. l., [3]-81 p. illus. 19½ᶜᵐ. [The new arts, ed. by P. N. Youtz]
154 1142 52 53 ©
232 1147 118 41 Nov.
377 1146 69 49 16,
475 1146 116 41 1929;
644 1148 69 39 2c.
740 1148 97 39 and
863 1146 82 42 aff.
973 1147 114 41 Dec.
1114 1147 54 47 5;
1197 1147 41 39 A
1265 1146 172 49 17210;
1465 1148 74 40 W.
1566 1148 70 40 W.
1665 1148 188 40 Norton
1880 1147 37 41 &
1945 1158 83 32 со.,
2056 1147 92 41 inc.

228 1202 281 50 (29-30544)

145 1297 198 64 Arien,
377 1297 271 56 Michael.

220 1375 184 54 Babes
434 1375 58 53 in
523 1375 96 53 the
649 1376 180 64 wood,
859 1394 26 34 a
922 1375 317 53 relaxation
1273 1376 268 53 intended
1578 1375 95 54 for
1701 1377 162 53 those
1893 1377 127 53 who
2052 1395 97 35 are

149 1453 213 68 always
385 1453 312 69 travelling
720 1451 104 54 but
848 1471 170 35 never
1044 1452 274 67 reaching
1344 1472 26 33 a
1402 1454 367 66 destination,
1795 1453 77 70 by
1897 1453 250 54 Michael

147 1530 196 54 Arien.
419 1530 231 56 Garden
693 1529 152 71 City,
885 1531 71 52 N.
996 1531 92 60 Y.,
1126 1531 359 69 Doubleday,
1525 1532 197 52 Doran
1763 1534 46 50 &
1848 1549 300 51 company,

149 1609 123 66 inc.,
302 1611 152 50 1929.

216 1690 920 49 5 p. l., 3-305 p. col. plates. 20 ᶜᵐ .
217 1759 163 42 “First
407 1759 227 41 edition.”

150 1826 52 53 ©
234 1831 120 41 Nov.
386 1831 39 48 8,
458 1830 114 41 1929;
634 1831 67 40 2c.
734 1832 96 39 and
862 1830 82 42 aff.
978 1831 113 40 Dec.
1124 1831 57 41 23;
1242 1832 41 38 A
1315 1831 145 41 16678;
1523 1832 64 40 M.
1621 1830 161 45 Arien,
1816 1831 157 41 Paris.

227 1886 192 49 (30-32)

139 1980 183 65 Arno,
350 1981 197 55 Peter.

209 2059 171 55 Peter
404 2060 208 55 Arno’s
637 2061 232 68 parade.
950 2062 157 65 [New
1132 2061 181 68 York]
1346 2062 77 54 H.
1450 2061 305 69 Liveright
1826 2064 133 50 [ᶜ1929]

209 2141 829 51 6 p. l., [105] p. of illus. 30½ᶜᵐ.
149 2209 52 53 ©
233 2213 118 41 Nov.
384 2212 69 49 30,
485 2213 117 41 1929;
660 2214 69 40 2c.
760 2215 112 40 Dec.
904 2215 28 39 4;
994 2213 81 41 aff.
1109 2215 114 40 Dec.
1256 2215 56 40 13;
1374 2214 40 40 A
1446 2214 145 41 16429;
1653 2215 194 40 Horace
1878 2214 268 50 Liveright,

215 2269 91 42 inc.
376 2269 281 49 (29-30545)

144 2363 396 69 [Association
567 2365 64 52 of
658 2365 273 64 casualty
955 2366 115 53 and
1099 2369 211 60 surety
1337 2366 359 64 executives,
1721 2367 140 53 New
1891 2367 57 53 Y
1950 2368 104 53 ork]

207 2441 204 69 Digest
436 2440 65 55 of
523 2443 334 53 workmen’s
883 2443 427 69 compensation
1336 2444 140 53 laws
1501 2443 59 53 in
1586 2443 95 54 the
1706 2443 220 55 United
1955 2442 190 56 States

139 2520 112 52 and
293 2520 334 66 territories,
669 2521 142 53 with
855 2522 384 53 annotations.
1321 2522 131 52 11th
1498 2522 104 66 ed.,
1645 2540 115 34 rev.
1805 2526 59 49 to
136 2522 1984 128 December
272 2602 46 62 1,

357 2601 151 50 1929.
581 2598 302 69 Compiled
917 2599 77 70 by
1030 2601 67 51 F.
1135 2600 320 54 Robertson
1493 2600 192 54 Jones.
1765 2599 158 68 [New
1962 2599 181 69 York,

135 2674 361 55 Association
529 2676 64 54 of
620 2678 259 69 casualty
910 2678 112 53 and
1054 2682 195 65 surety
1280 2677 335 69 executives,
1648 2680 152 65 1929]

208 2758 497 49 xxiv, 531 p. 22 ᶜᵐ .
209 2823 115 55 Map
355 2840 61 30 on
445 2829 340 50 lining-paper.

209 2885 102 41 The
345 2886 301 41 Workmen’s
681 2887 364 48 compensation
1083 2887 238 49 publicity
1356 2887 200 47 bureau,
1593 2897 110 31 now
1738 2887 196 48 merged
1973 2887 50 39 in
2061 2887 83 41 the

139 2942 308 42 Association
482 2943 53 40 of
570 2945 225 47 casualty
830 2945 96 40 and
964 2946 169 46 surety
1169 2943 293 48 executives,
1500 2943 257 49 published
1796 2943 83 41 the
1915 2943 109 41 first
2062 2945 81 39 ten

138 2999 209 41 editions
378 3000 53 40 of
458 3000 97 41 this
584 3000 169 48 digest,
817 3001 63 48 cf.
908 3000 134 42 Pref.

146 3052 52 53 ©
238 3057 113 41 Dec.
389 3059 40 46 4,
469 3057 143 48 1929;
652 3058 66 41 2c.
761 3059 96 40 and
897 3058 82 41 aff.
1020 3060 113 39 Dec.
1175 3058 52 48 6;
1270 3059 42 39 A
1351 3057 172 49 16218;
1567 3058 263 40 Frederick
1869 3057 274 41 Robertson

213 3113 161 49 Jones,
406 3114 119 40 New
553 3115 146 41 York.
769 3114 281 50 (29-30518)

137 3206 233 65 Atwell,
399 3207 256 55 William
681 3209 266 64 Hawley,
980 3214 171 50 1869-

211 3285 395 71 Salmagundi,
638 3289 77 68 by
748 3288 261 54 William
1045 3289 246 69 Hawley
1326 3288 230 52 Atwell.
1630 3288 221 67 Dallas,
1884 3288 261 53 Warlick

137 3366 109 51 law
277 3366 264 69 printing
569 3384 99 46 со.,
722 3369 151 51 ᶜ1929.

205 3445 747 49 3 p. l., 260 p, illus. 19½ᶜᵐ.
205 3501 129 42 Title
361 3502 129 41 from
519 3513 154 31 cover.

207 3558 1848 50 “Addresses and speeches … made from time to time.”—Foreword.
144 3611 52 53 ©
224 3615 118 49 July
368 3617 40 46 1,
437 3615 142 49 1929;
608 3616 67 41 2c.
704 3616 116 48 July
848 3616 53 48 6;
933 3616 82 41 aff.
1047 3616 101 41 Oct.
1180 3617 53 45 7;
1265 3617 41 38 A
1334 3615 171 47 13984;
1537 3616 72 40 W.
1638 3616 61 40 H.
1730 3615 190 43 Atwell.
1950 3615 173 41 Dallas

221 3671 281 49 (29-30565)

134 3766 213 64 Baker,
381 3766 283 53 Franklin
696 3766 277 64 Thomas,
1006 3768 84 53 ed.

218 3842 437 68 [Introduction,
697 3849 177 50 notes,
917 3843 364 69 vocabulary,
1324 3842 233 59 studies,
1598 3843 187 68 topics
1825 3843 114 53 and
139 3860 1976 114 questions
326 3921 95 53 for

453 3919 1685 70 review] by Franklin T. Baker … [in the book enti-
