2547 4384
1356 4016 135 51 1058

396 378 185 63 Boyd,
613 376 219 57 Frank.

471 455 119 55 Out
629 457 133 51 here
805 456 60 52 in
907 455 96 53 the
1044 454 153 67 hills,
1240 453 112 52 and
1397 451 162 52 other
1601 468 211 50 poems,
1852 449 77 69 by
1969 446 200 54 Frank
2210 446 184 69 Boyd.

383 531 421 71 ‘Waynesboro,
834 534 177 52 Tenn.
1051 532 258 66 [Printed
1340 531 75 67 by
1447 529 95 52 the
1570 528 222 67 Wayne
1828 526 305 66 Countian]
2172 526 152 50 1929.

466 614 85 40 190
583 625 44 37 p.
686 614 151 40 front,
865 613 172 49 (port.)
1104 611 119 40 20ᶜᵐ.

403 681 51 52 ©
484 685 116 47 July
627 685 69 47 12,
724 683 142 47 1929;
896 684 68 39 2c.
992 683 96 39 and
1117 681 81 41 aff.
1228 681 117 47 July
1372 681 82 45 17;
1514 679 41 39 A
1583 678 171 48 10244;
1787 678 52 41 F.
1870 678 150 48 Boyd,
2049 675 344 49 Waynesboro,

469 742 148 40 Tenn.
682 739 280 50 (29-14926)

401 835 313 64 Bradway,
744 834 155 54 John
930 834 240 63 Saeger,
1201 837 172 50 1890-

534 906 1867 73 … Law and social work; an introduction to the study of the
402 988 1937 73 legal-social field for social workers, by John S. Bradway …
404 1067 1699 72 Chicago, Ill., The University of Chicago press [ ᶜ1 929]
540 1183 8 16 xx,
576 1152 87 40 189
690 1162 44 37 p.
794 1152 25 38 1
848 1151 130 40 illus.
1036 1151 118 40 23ᶜᵐ.
1223 1149 186 48 (Social
1438 1149 184 40 service
1650 1149 339 47 monographs,
2020 1158 75 30 no.
2124 1147 51 47 6)

469 1221 378 48 Bibliography:
883 1232 42 37 p.
962 1220 249 50 [179]-183.

407 1274 51 53 ©
490 1280 114 46 May
632 1278 69 49 30,
735 1278 114 40 1929:
909 1278 68 39 2c.
1009 1279 96 38 and
1135 1276 83 41 aff.
1251 1278 127 39 June
1408 1276 83 47 24;
1526 1276 40 39 A
1598 1274 140 48 9873;
1774 1275 284 48 University
2088 1275 53 40 of
2174 1273 224 49 Chicago,

476 1335 222 48 Chicago.
766 1333 281 50 (29-14889)

407 1429 257 63 Brewer,
693 1428 156 54 John
878 1428 224 64 Marks,
1134 1428 172 55 1877-

480 1507 169 55 Cases
672 1508 62 52 in
755 1508 97 53 the
874 1507 468 54 administration
1366 1506 65 55 of
1455 1507 296 69 guidance,
1772 1507 77 69 by
1871 1506 159 55 John
2051 1506 80 54 M.
2157 1507 250 67 Brewer,

408 1587 115 52 and
555 1591 354 64 twenty-two
943 1585 316 68 associates,
1291 1586 275 53 members
1599 1585 64 54 of
1694 1585 258 54 research
1985 1586 203 53 classes
2218 1584 62 53 in
2310 1583 96 54 the

409 1664 293 55 Graduate
748 1665 191 53 school
983 1663 65 53 of
1093 1663 318 68 education,
1456 1663 275 54 Harvard
1776 1662 336 69 university.
2190 1667 86 49 1st
2319 1663 86 54 ed.

408 1744 140 53 New
575 1742 165 53 York
772 1749 138 60 [etc.]
941 1740 432 55 McGraw-Hill
1399 1741 149 54 book
1574 1760 299 50 company,
1899 1742 127 69 inc.,
2056 1744 151 51 1929.

473 1823 98 47 xvi,
597 1823 86 40 304
709 1835 44 36 p.
778 1822 110 41 incl.
915 1822 144 47 illus.,
1088 1821 194 49 diagrs.,
1310 1822 169 41 forms.
1538 1823 118 40 21ᶜᵐ.
1726 1822 301 49 (Half-title:
2055 1822 350 41 McGraw-Hill

405 1879 275 42 vocational
709 1878 157 47 texts)
990 1876 133 50 $2.50

479 1936 378 48 Bibliography:
895 1946 43 37 p.
973 1934 218 42 293-304.

415 1989 51 52 ©
498 1993 116 48 July
645 1992 39 48 9,
716 1992 118 40 1929;
892 1992 68 41 2c.
992 1994 98 39 and
1121 1991 83 41 aff.
1236 1992 116 47 July
1385 1992 81 40 12:
1502 1992 41 39 A
1575 1992 171 47 10194;
1783 1992 350 41 McGraw-Hill
2169 1993 123 39 book
2324 2002 82 37 co.,

481 2049 91 40 inc.
639 2048 282 49 (29-14812)

415 2141 283 65 Cadigan,
728 2142 254 52 Edward
1010 2142 71 63 J.,
1113 2142 130 65 inc.,
1270 2144 140 52 New
1441 2144 178 54 York.

482 2221 103 69 My
638 2220 120 69 trip
813 2220 231 55 abroad.
1119 2221 139 52 New
1311 2221 181 69 York,
1546 2222 255 54 Edward
1852 2222 58 56 J.
1968 2221 281 70 Cadigan,
2304 2220 108 55 inc.

419 2302 192 64 [ ᶜ1 929]
478 2379 69 49 30,
578 2379 112 50 [330]
720 2390 45 38 p.
839 2380 172 41 double
1041 2381 88 41 col.
1154 2380 165 50 front.,
1347 2381 130 42 illus.
1537 2381 147 43 18½ᶜᵐ.

479 2438 181 40 Folded
686 2448 112 37 map
826 2439 230 39 mounted
1083 2449 60 29 on
1170 2450 154 30 cover.

480 2495 151 39 Lined
656 2505 147 37 pages
828 2495 79 40 for
930 2497 140 39 notes
1105 2495 141 51 ([130]
1275 2498 52 39 at
1352 2496 117 48 end)

417 2548 51 52 ©
501 2553 115 46 July
647 2553 40 46 1,
719 2552 141 47 1929;
893 2553 66 40 2c.
992 2554 96 39 and
1121 2553 81 41 aff.
1235 2554 116 47 July
1383 2555 81 46 13;
1498 2554 40 39 A
1571 2554 170 47 11222;
1776 2556 53 40 E.
1862 2556 44 40 J.
1940 2554 231 49 Cadigan,
2204 2555 92 41 inc.

494 2609 281 48 (29-34815)

417 2701 350 65 Cheydleur,
797 2703 276 54 Frederic
1101 2704 228 63 Daniel,
1363 2706 169 54 1879-

481 2779 224 52 French
748 2779 179 53 idiom
967 2779 116 69 list,
1124 2780 172 54 based
1338 2801 70 33 on
1453 2801 32 33 a
1527 2787 170 49 count
1738 2783 65 53 of
1846 2786 275 64 1,183,000
2162 2783 253 69 running

412 2856 2004 74 words, compiled and edited by Frederic D. Cheydleur … New
417 2933 177 68 York,
626 2935 123 52 The
779 2933 337 56 Macmillan
1149 2954 299 52 company,
1482 2940 150 50 1929.

485 3016 63 48 ix,
574 3017 86 39 154
685 3027 44 37 p.
787 3018 147 40 24½ᶜᵐ.
1004 3018 100 47 (On
1129 3029 163 31 cover:
1315 3020 334 41 Publications
1674 3020 51 42 of
1751 3021 81 41 the
1858 3021 258 41 American
2141 3023 97 39 and
415 3021 1983 91 Canadian

561 3073 301 40 committees
891 3085 62 29 on
981 3076 200 39 modern
1210 3076 279 49 languages,
1550 3088 43 29 v.
1623 3077 81 46 16)

488 3130 216 40 “French
742 3130 150 40 idiom
929 3131 111 40 lists
1077 3132 80 40 for
1196 3132 204 48 English
1437 3133 281 41 students”:
1759 3145 45 37 p.
1841 3135 54 44 2;
1937 3134 173 41 “Units
2148 3135 266 41 checked”:

417 3197 43 36 p.
487 3186 171 46 21-23;
691 3186 178 40 “Texts
897 3187 224 48 assigned
1152 3189 87 39 but
1266 3192 84 37 not
1376 3189 265 41 checked”:
1673 3201 44 37 p.
1744 3191 159 41 23-24.

425 3238 51 52 ©
502 3243 116 47 July
641 3243 40 46 9,
706 3243 142 47 1929;
874 3243 68 42 2c.
968 3246 96 39 and
1089 3245 82 40 aff.
1198 3246 116 47 July
1339 3245 81 48 10;
1450 3247 41 38 A
1516 3246 170 48 10144;
1716 3247 282 40 Macmillan
2025 3259 68 30 co.

503 3298 280 49 (29-14991)

425 3391 519 67 Christopherson,
972 3395 173 65 John,
1211 3417 54 49 bp.
1296 3399 63 68 of
1389 3398 348 70 Chichester,
1763 3401 53 53 d.
1848 3404 150 50 1558.

493 3471 317 69 Jephthah,
848 3473 75 69 by
962 3475 157 52 John
1160 3475 509 69 Christopherson;
1711 3479 96 52 the
1845 3477 188 55 Greek
2070 3485 120 47 text
2229 3477 190 54 edited

427 3549 1994 74 and translated into English by Francis Howard Fobes … with
425 3626 1995 77 an introduction by Wilbur Owen Sypherd … Newark, Del.,
425 3703 121 54 The
575 3703 337 71 University
941 3707 64 53 of
1030 3707 299 55 Delaware
1356 3728 176 51 press,
1562 3713 150 53 1928.

491 3784 81 46 vii,
605 3784 85 40 157
723 3796 44 36 p.
826 3787 117 40 17ᶜᵐ.

495 3840 156 40 Greek
682 3843 97 38 and
810 3843 202 48 English
1046 3856 60 29 on
1136 3846 219 48 opposite
1386 3857 161 37 pages.

430 3893 51 52 ©
509 3897 109 41 Jan.
645 3898 68 48 15,
741 3899 140 43 1929:
910 3901 67 40 2c.
1005 3901 127 41 June
1158 3903 52 46 6;
1241 3903 82 40 aff.
1351 3904 127 39 June
1505 3904 82 47 12;
1617 3904 40 39 A
1685 3904 169 48 10183;
1889 3906 92 40 Uni
1986 3907 128 39 versi
2120 3909 14 36 ty
2199 3907 51 38 of
496 3907 1903 88 Delaware
653 3964 151 39 press.
869 3956 280 52 (29-14930)
