2542 4389
1025 4017 133 49 1629

83 362 218 64 Seldes,
333 361 227 55 Gilbert
589 361 235 65 Vivian,
854 367 171 49 1893-

153 442 121 52 The
309 440 182 69 wings
525 441 64 52 of
622 441 96 52 the
750 441 176 68 eagle,
958 441 75 68 by
1070 438 226 55 Gilbert
1332 437 210 55 Seldes.
1620 437 234 67 Boston,
1887 434 198 68 Little,

84 521 229 67 Brown,
342 520 113 52 and
483 536 298 51 company,
811 520 148 50 1929.

148 597 626 51 5 p. l., [3]-312 p. 20ᶜᵐ.
85 666 51 52 ©
167 669 101 41 Oct.
300 670 39 47 5,
370 668 141 48 1929;
542 670 66 39 2c.
640 670 95 38 and
769 668 83 41 aff.
883 667 102 41 Oct.
1018 667 82 42 10:
1134 667 42 39 A
1205 666 171 47 12932;
1410 665 165 48 Little,
1607 665 192 47 Brown,
1832 665 97 39 and
150 673 1914 101 company.
361 724 280 50 (29-20885)

81 817 178 65 Shiel,
288 817 291 53 Matthew
608 817 243 64 Phipps,
884 823 171 49 1865-

152 898 102 53 Dr.
302 896 354 55 Krasinski’s
702 901 195 65 secret,
941 897 76 68 by
1061 897 80 52 Μ.
1187 897 66 51 P.
1303 895 175 55 Shiel.
1552 894 140 51 New
1737 891 181 71 York,
1963 892 122 52 The

82 976 733 67 Vanguard press [ ᶜ1 929 ]
147 1053 619 50 4 p. l., 3-337 p. 19½ᶜᵐ.
85 1122 51 52 ©
167 1125 103 41 Oct.
297 1126 40 47 3,
367 1125 142 48 1929;
539 1125 67 41 2c.
638 1126 96 39 and
764 1124 83 41 aff.
878 1125 104 41 Oct.
1012 1124 53 48 9;
1097 1124 43 39 A
1168 1123 171 47 14061;
1374 1123 265 48 Vanguard
1669 1132 150 39 press,
1851 1122 91 40 inc.

162 1181 281 49 (29-20889)

82 1274 206 65 Shute,
316 1275 208 63 Henry
548 1275 337 64 Augustus,
916 1280 172 50 1856-

155 1355 212 69 Plupy,
399 1354 96 54 the
527 1354 159 54 wirst
716 1353 126 71 yet!
922 1355 91 69 By
1045 1354 204 70 Henry
1282 1353 72 52 A.
1391 1352 196 56 Shute.
1661 1349 430 70 Philadelphia,

82 1434 974 67 Dorrance and company [ ᶜ1 929]
148 1511 89 41 256
263 1522 43 38 p.
367 1510 145 42 19½ᶜᵐ.

85 1565 51 52 ©
167 1570 102 41 Oct.
298 1569 39 48 1,
366 1568 141 48 1929;
538 1570 66 40 2c.
633 1570 97 39 and
760 1568 82 42 aff.
874 1569 102 41 Oct.
1006 1569 49 39 11;
1121 1569 41 39 A
1191 1568 171 47 14080;
1395 1569 250 39 Dorrance
1674 1568 38 40 &
1741 1579 82 37 co.,
1853 1568 92 41 inc.

165 1625 281 49 (29-20886)

77 1718 216 65 Smith,
320 1719 258 53 Thomas
607 1719 248 65 Vernor,
886 1725 171 49 1890-

148 1795 1941 73 The philosophic way of life [by] T. V. Smith … Chicago,
78 1876 1420 70 Ill., The University of Chicago press [ ᶜ1 929]
151 1955 103 49 xiii,
285 1957 86 40 234
401 1967 42 38 p.
504 1955 147 43 19½ᶜᵐ.

87 2010 51 52 ©
174 2014 103 41 Oct.
311 2015 39 48 8,
383 2014 141 46 1929;
559 2014 68 40 2c.
663 2016 95 38 and
794 2013 83 41 aff.
913 2013 102 41 Oct.
1050 2013 58 41 18;
1169 2014 42 38 A
1243 2012 145 42 15102;
1453 2012 285 48 University
1774 2012 51 41 of
1861 2011 224 50 Chicago,

157 2070 224 47 Chicago.
450 2070 281 48 (29-22405)

85 2163 199 65 Stack,
312 2164 258 54 Herbert
597 2165 222 65 James,
850 2170 170 50 1892-

159 2242 207 71 Safety
406 2244 302 53 education
748 2246 60 51 in
849 2245 95 53 the
986 2246 314 68 secondary
1339 2245 248 65 schools;
1630 2242 306 69 objectives
1979 2241 113 54 and

86 2319 2006 73 materials of instruction, by Herbert James Stack … New
88 2400 179 69 York,
309 2400 275 53 National
622 2401 216 53 bureau
877 2401 65 53 of
981 2401 260 70 casualty
1281 2402 113 52 and
1433 2406 195 64 surety
1665 2399 427 67 underwriters,

89 2481 150 51 1929.

150 2558 61 42 vi,
251 2558 85 41 157
375 2569 42 37 p.
454 2559 110 40 incl.
603 2559 179 49 diagrs,
822 2559 169 41 forms.
1161 2592 8 8 23ᶜᵐ.
1246 2559 360 48 (Publications
1645 2559 52 40 of
1735 2560 82 38 the
1857 2557 233 41 National

81 2614 184 40 bureau
323 2615 52 39 of
430 2616 224 47 casualty
710 2617 95 38 and
864 2618 168 45 surety
1089 2616 365 40 underwriters.
1543 2615 324 40 Educational
1925 2614 165 48 series,

81 2671 92 40 vol.
202 2669 72 49 IV)

152 2726 379 49 Bibliography:
568 2738 43 38 p.
648 2729 218 41 154-156.

89 2778 51 52 ©
175 2783 128 49 Sept.
335 2783 71 49 27,
438 2783 141 42 1929:
613 2785 66 40 2c.
715 2787 94 38 and
842 2785 82 41 aff.
962 2786 128 47 Sept.
1122 2785 83 47 30;
1241 2786 41 38 A
1314 2785 170 47 13743;
1519 2786 130 39 Natl.
1684 2786 185 39 bureau
1904 2784 52 41 of
155 2795 1915 92 casualty
319 2840 37 40 &
381 2842 168 46 surety
577 2841 366 41 underwriters.
1012 2841 281 48 (29-20701)

87 2933 189 65 Stahl,
308 2934 245 55 Charles
581 2935 53 55 J.

153 3010 1940 72 Electric street lighting, by Charles J. Stahl … New York,
82 3088 56 53 J.
165 3088 192 69 Wiley
383 3091 45 50 &
453 3107 146 49 sons,
626 3089 136 64 inc.;
791 3090 260 57 London,
1081 3090 300 68 Chapman
1410 3093 45 50 &
1482 3091 160 66 Hall,
1668 3091 242 65 limited,
1941 3093 150 49 1929.

152 3171 64 47 xi,
251 3171 87 40 228
373 3183 42 37 p.
476 3172 128 40 illus.
634 3172 133 47 (incl.
805 3172 135 48 map)
985 3174 180 42 diagrs.
1226 3174 146 39 23½ᶜᵐ.
1490 3172 131 46 $3.50

92 3222 51 52 ©
173 3227 127 49 Sept.
326 3229 69 47 25,
421 3228 119 40 1929;
589 3230 67 39 2c.
687 3229 128 48 Sept.
841 3229 58 41 30;
953 3229 83 42 aff.
1065 3230 129 47 Sept.
1220 3230 59 40 28;
1333 3230 39 38 A
1398 3230 144 40 12633;
1600 3229 48 42 C.
1677 3231 43 39 J.
1752 3230 153 46 Stahl,
1937 3229 153 41 South

157 3284 150 48 Bend,
340 3285 105 39 Ind.
515 3284 281 50 (29-20780)

89 3376 170 63 Stull,
288 3377 202 64 Harry
517 3379 301 64 Nicholas,
849 3399 179 51 comp.

162 3456 204 69 Digest
408 3457 66 53 of
514 3458 278 56 decisions
833 3459 64 53 of
938 3461 96 51 the
1075 3459 218 54 United
1340 3459 188 55 States
1571 3459 179 55 Court
1792 3460 64 53 of
1896 3460 197 55 claims

96 3535 266 67 reported
403 3535 60 52 in
503 3535 254 55 volumes
797 3541 28 48 1
864 3541 59 49 to
966 3540 83 54 64,
1091 3535 293 69 inclusive,
1425 3539 110 52 and
1579 3537 277 55 decisions
1896 3539 64 53 of
2000 3539 97 53 the

96 3610 274 70 Supreme
403 3618 160 47 court
594 3613 64 53 of
690 3615 95 52 the
817 3614 219 54 United
1072 3613 190 56 States
1293 3616 58 52 in
1387 3614 181 55 Court
1601 3616 63 53 of
1696 3616 196 55 claims
1926 3634 169 49 cases,

92 3690 283 68 compiled
411 3691 78 69 hy
527 3691 198 69 Harry
763 3692 70 53 N.
876 3691 169 56 Stull.
1124 3691 270 71 Chicago,
1435 3693 322 69 Callaghan
1797 3696 113 53 and
95 3712 1975 125 company,
295 3771 149 51 1929.

156 3847 96 43 xiv,
286 3848 115 39 1119
433 3860 43 36 p.
537 3850 115 39 26ᶜᵐ.

96 3898 51 52 ©
179 3903 127 49 Sept.
336 3905 70 41 17.
435 3905 116 40 1929;
605 3906 67 40 2c.
702 3907 94 39 and
827 3906 82 40 aff.
942 3906 128 47 Sept.
1098 3906 83 47 21;
1212 3906 41 39 A
1283 3907 170 47 13519;
1486 3909 61 39 H.
1577 3909 57 41 N.
1667 3909 141 49 Stull,
161 3910 1913 90 Washington.
325 3960 281 51 (29-20717)
