2533 4342
1351 3981 136 52 1928

398 344 211 66 Weiss,
641 345 205 65 Ernst,
880 349 173 51 1884-

399 421 1985 150 Die feuerprobe, roman von Ernst Weiss. Berlin, Propy läen-verlag [ ᶜ1 929 ]
632 582 607 50 1 p. l., 5-272, [1] p., 1 l. 20½ ᶜᵐ.
475 639 199 40 “Dieser
712 649 169 29 roman
916 638 66 41 ist
1018 649 89 29 ans
1142 638 135 40 einer
1309 637 237 41 früheren
1582 637 269 49 erzählung
1885 638 217 48 gleichen
2139 638 135 40 titels
401 641 1992 95 entstanden.”

409 749 1999 52 © June 6, 1929; 1c. Aug. 14; A —Foreign 4254; Propyläen-verlag. g. m.
476 809 44 40 b.
546 808 46 40 h.
662 807 282 50 (29-28087)

402 899 333 67 Whitbeck,
766 902 132 63 Ray
925 899 271 66 Hughes,
1231 902 171 55 1871-

473 978 1877 70 High school geography. Rev. By R. H. Whitbeck …
401 1057 139 55 New
569 1057 180 68 York,
777 1057 120 54 The
928 1056 336 55 Macmillan
1293 1074 297 52 company,
1622 1059 151 52 1929.

511 1137 1417 50 x, 574 p. incl. front., illus. maps (part double) 20 ½ ᶜᵐ.
411 1192 52 52 ©
495 1197 119 40 Nov.
644 1196 70 48 26,
746 1195 117 41 1929;
920 1196 68 40 2c.
1022 1196 118 40 Nov.
1171 1196 84 43 27;
1292 1195 81 41 aff.
1406 1195 119 40 Nov.
1557 1194 55 39 29;
1676 1195 39 39 A
1748 1195 172 43 16314;
1955 1195 56 40 R.
2044 1196 60 39 H.
2140 1194 270 42 Whitbeck.

479 1252 239 41 Madison.
749 1252 118 41 Wis.
937 1250 284 50 (29-28345)

407 1345 264 65 Willard,
700 1345 304 53 Theodore
1036 1345 251 64 Arthur,
1321 1350 171 50 1862-

474 1425 121 55 The
628 1424 215 55 wizard
876 1424 66 53 of
973 1425 203 69 Zacna,
1210 1445 28 34 a
1274 1426 110 53 lost
1418 1424 118 70 city
1567 1426 65 53 of
1665 1426 97 53 the
1793 1425 232 69 Mayas;
2059 1424 356 55 remarkable

405 1505 341 54 adventures
775 1504 66 53 of
870 1523 70 34 an
972 1504 223 61 ahmen,
1224 1504 215 53 wizard
1470 1505 111 52 and
1612 1502 205 69 mystic
1848 1504 65 52 of
1941 1504 284 68 Yucatan,
2253 1504 61 53 in
2343 1522 69 35 an

405 1580 288 53 unknown
719 1585 242 63 country
987 1585 59 47 to
1073 1579 188 54 which
1286 1580 96 53 the
1407 1580 226 53 ancient
1658 1580 205 69 Mayas
1888 1580 113 53 had
2030 1580 128 67 fled,
2183 1580 232 68 leaving

404 1658 151 56 their
579 1664 163 65 great
765 1663 158 51 stone
948 1659 160 55 cities
1132 1660 169 54 silent
1327 1661 112 52 and
1466 1660 250 54 desolate
1739 1667 58 46 to
1819 1660 70 54 be
1911 1678 335 51 overgrown
2274 1658 138 53 with

406 1737 2010 70 forest and jungle. By T. A. Willard … Boston, Mass., The
407 1813 833 70 Stratford company [ᶜ1 929]
479 1895 26 40 3
532 1906 41 38 p.
623 1928 8 9 l.,
671 1894 86 42 319
783 1906 43 37 p.
885 1895 166 43 front.,
1079 1896 172 48 plates.
1312 1894 146 41 19½ᶜᵐ.

414 1950 52 52 ©
493 1954 120 40 Nov.
639 1952 69 45 19,
736 1952 118 41 1929;
908 1954 67 40 2c.
1004 1954 118 40 Nov.
1150 1953 56 41 23;
1263 1953 83 40 aff.
1374 1954 118 40 Nov.
1522 1952 54 40 25;
1637 1954 39 37 A
1705 1952 145 41 16130;
1909 1952 251 40 Stratford
2190 1962 81 34 co.,
479 1952 1918 98 publishers.
742 2009 284 49 (29-28180)

404 2102 308 58 Williams,
742 2102 211 54 Alfred
983 2104 241 54 Hector.

475 2179 274 70 Analysis
778 2179 65 53 of
871 2179 343 68 production
1243 2180 66 53 of
1337 2180 244 53 worsted
1609 2181 144 52 sales
1780 2198 145 49 yarn;
1985 2198 27 34 a
2046 2180 171 68 study
2245 2179 173 54 based

407 2277 72 34 on
519 2258 135 53 data
695 2257 94 53 for
825 2257 98 54 the
957 2276 166 49 years
1163 2261 311 50 1911-1913
1514 2258 114 53 and
1671 2260 328 55 1919-1929,
2038 2257 267 70 supplied
2343 2257 77 70 by

406 2336 264 69 spinners
704 2336 233 68 owning
971 2338 68 50 90
1073 2353 101 50 per
1207 2340 127 49 cent
1367 2335 65 53 of
1464 2335 96 54 the
1596 2335 184 54 active
1814 2335 315 69 sales-yarn
2164 2335 256 68 spindles

408 2412 2010 70 in the United States, by Alfred H. Williams … Martin A.
408 2489 1986 150 Brumbaugh … [and] Hiram S. Davis … Philadelphia, University
651 2569 65 54 of
743 2569 425 69 Pennsylvania
1200 2587 175 50 press,
1407 2571 150 51 1929.

408 2651 1993 108 ix, 136 p. diagrs., fold. forms. 23½ ᶜᵐ. (Half-title: Industrial research dept.,
796 2710 241 40 Wharton
1075 2709 163 40 school
1277 2708 53 41 of
1366 2708 188 41 finance
1592 2710 97 39 and
1727 2719 278 37 commerce,
2045 2709 286 49 University
2367 2710 52 41 of
408 2766 376 49 Pennsylvania.
843 2765 247 41 Research

1119 2764 202 41 studies,
1461 2765 14 48 VII)

416 2819 1980 109 © Nov. 8, 1929; 2c. Nov. 18; aff. Nov. 39; A 15902; University of Pennsylvania
736 2889 151 38 press.
958 2877 283 50 (29-28360)

408 2956 308 66 Williams,
745 2959 139 54 Mrs.
916 2956 201 63 Emily
1152 2956 436 64 (Coddington)
1627 2959 173 52 1876-

484 3033 1935 70 Quest for love, by Emily Coddington Williams … New
414 3113 181 66 York,
624 3113 121 53 The
774 3112 308 68 Macaulay
1111 3129 300 51 company,
1444 3114 150 50 1929.

484 3193 87 42 320
602 3204 43 39 p.
706 3193 146 41 19½ᶜᵐ.

417 3248 52 53 ©
502 3251 128 49 Sept.
660 3251 55 41 13,
759 3250 117 42 1929;
933 3250 68 42 2c.
1033 3249 129 49 Sept.
1192 3250 56 39 28;
1307 3249 82 42 aff.
1423 3249 128 50 Sept.
1581 3249 84 44 30;
1698 3250 42 40 A
1768 3249 145 42 13799;
1973 3250 261 49 Macaulay
2264 3262 68 30 co.
496 3307 282 50 (29-28055)

411 3385 258 65 Wright,
698 3385 234 54 Arthur
961 3386 91 63 D.,
1080 3387 84 54 ed.

495 3460 151 70 [Life
672 3462 65 54 of
759 3463 144 53 Hall
930 3463 113 52 and
1069 3462 453 69 bibliographies
1550 3462 173 53 about
1749 3463 121 52 him
1898 3463 114 53 and
2039 3462 65 54 of
2129 3462 189 54 works
2343 3461 77 69 by

416 3539 2000 69 him and also index] by Arthur D. Wright … and George E.
418 3615 1977 147 Gardner … [in the book entitled] Hall’s Lectures on schoolkeeping …
827 3693 294 54 Hanover.
1153 3694 70 52 N.
1255 3693 97 56 H.,
1383 3693 121 53 The
1535 3693 356 53 Dartmouth
1923 3712 176 49 press,
2131 3694 150 52 1929.

487 3759 459 65 192 p. port. 19½ ᶜᵐ.
420 3825 53 54 ©
500 3831 119 40 Nov.
647 3830 57 40 12,
746 3829 142 48 1929;
919 3830 67 42 2c.
1017 3831 119 39 Nov.
1164 3830 55 40 14;
1277 3830 83 40 aff.
1389 3831 118 39 Nov.
1536 3831 84 45 22;
1651 3831 43 39 A
1721 3829 171 47 16083;
1924 3830 55 40 A.
2008 3829 58 41 D.
2097 3827 191 48 Wright
2321 3829 93 39 and

491 3886 183 43 George
702 3887 53 39 E.
784 3885 235 43 Gardner.
1050 3886 244 41 Hanover.
1322 3886 57 41 N.
1408 3887 61 39 H.
