2533 4342
1357 4005 138 51 1916

393 349 203 66 Doyle,
625 351 102 55 Sir
751 350 236 53 Arthur
1015 350 219 64 Conan,
1265 354 171 50 1859-

462 428 123 53 The
609 427 227 53 Roman
860 425 265 56 Catholic
1150 426 231 68 church,
1407 445 30 33 a
1464 425 306 69 rejoinder.
1834 427 91 67 By
1949 425 226 53 Arthur
2202 424 196 54 Conan

393 503 1309 72 Doyle … [London] Psychic press [1929]
465 587 245 50 72 p. 19 ᶜᵐ.
466 659 42 39 A
538 659 137 47 reply
706 659 49 38 to
786 668 27 30 a
847 658 124 40 book
999 658 62 47 by
1094 657 183 40 Father
1309 658 249 39 Thurston
1589 657 207 40 entitled
1828 657 203 39 Modern
2061 656 342 48 spiritualism.

405 725 1997 53 © 1c. Nov. 14, 1929; A ad int. 13218; pubd. Sept. 18; Sir A. C. Doyle,
474 784 374 49 Crowborough,
883 783 195 49 Sussex,
1112 783 239 49 England.
1421 783 283 49 (29-28670)

397 876 254 67 Duplay,
679 876 283 67 Maurice,
995 883 172 50 1880-

532 956 1871 71 … Robespierre, amant de la patrie. Paris, A. Michel [ ᶜ1 929]
468 1037 759 53 3 p. l., [9]-316 p., 1 l. 19 ᶜᵐ .
408 1107 1773 53 © June 15, 1929; 1c. July 27; A— Foreign 4014; Albin Michel.
486 1166 282 49 (29-28064)

403 1259 219 66 Elmer,
651 1259 223 55 Robert
902 1260 231 66 Potter,
1165 1261 171 55 1877-
1549 1261 85 53 ed.

472 1339 122 53 The
618 1338 150 54 book
793 1337 66 55 of
884 1339 97 53 the
1010 1339 138 71 long
1172 1340 144 68 bow,
1343 1338 190 55 edited
1559 1339 77 70 by
1664 1339 217 54 Robert
1907 1341 65 52 P.
2004 1340 214 68 Elmer,
2303 1382 12 11 M.
2382 1382 28 26 D.,

402 1417 114 54 and
560 1416 237 57 Charles
838 1416 175 54 Allen
1057 1417 212 64 Smart,
1309 1416 141 53 with
1491 1416 384 54 illustrations
1913 1418 79 68 by
2030 1416 146 57 Will
403 1417 1983 131 Crawford.

649 1494 233 55 Garden
927 1494 155 69 City,
1128 1495 70 53 N.
1242 1495 91 69 Y.,
1377 1493 360 70 Doubleday,
1778 1496 200 52 Doran
2022 1499 47 49 &
2112 1513 299 51 company,

402 1571 126 70 inc.,
558 1575 150 51 1929.

472 1652 861 50 xi p., 206 p., 1 l. plates. 24ᶜᵐ.
478 1723 229 41 “Edition
738 1723 51 40 of
821 1723 87 40 450
940 1723 175 48 copies,
1148 1723 51 40 of
1232 1723 157 40 which
1423 1734 102 30 nos.
1560 1723 26 40 1
1621 1723 214 48 through
1867 1723 56 40 50
1956 1724 96 39 and
2085 1722 85 41 151
2202 1724 214 48 through

406 1779 88 42 450
527 1791 84 30 are
645 1779 295 41 distributed
974 1779 52 40 in
1060 1780 83 40 the
1177 1779 180 41 United
1394 1779 164 41 States
1593 1780 62 47 by
1689 1779 300 48 Doubleday,

2024 1780 165 40 Doran
2225 1780 37 40 &
407 1790 1992 95 company,
587 1836 107 47 inc.,
732 1836 98 40 and
867 1846 102 31 nos.
1009 1835 55 40 51
1103 1836 213 48 through
1355 1833 88 42 150
1481 1846 85 29 are
1603 1835 297 41 distributed
1939 1836 52 39 in
2030 1836 151 41 Great
2220 1836 193 41 Britain

407 1895 61 47 by
504 1894 196 40 Messrs.
734 1892 218 41 William
985 1891 323 49 Heinemann,
1341 1892 89 40 ltd.
1489 1891 119 41 This
1643 1891 44 42 is
1719 1902 77 31 no.
1832 1891 129 42 169.”

479 1949 276 48 “Readings
787 1949 129 40 from
950 1949 83 40 the
1065 1948 103 49 life,
1203 1948 51 40 in
1289 1948 189 47 history
1512 1948 97 40 and
1641 1948 186 49 legend,
1861 1948 53 41 of
1947 1949 84 40 the
2065 1948 204 49 English
2303 1949 114 48 long

406 2005 399 43 bow.”—Introd.

480 2063 69 40 “A
574 2065 113 39 note
714 2073 60 30 on
802 2060 177 43 books”
1000 2072 10 30 :
1038 2072 43 38 p.
1108 2060 219 42 205-206.

418 2130 52 53 ©
503 2135 121 41 Nov.
657 2135 68 48 18,
759 2133 142 46 1929;
936 2133 70 41 2c.
1040 2133 97 40 and
1171 2131 81 42 aff.
1287 2131 120 42 Nov.
1440 2131 56 40 25;
1559 2132 42 39 A
1633 2131 172 47 14989;
1842 2132 301 49 Doubleday,
2178 2132 168 39 Doran
2382 2131 37 40 &

484 2202 82 36 co.,
596 2190 92 41 inc.
758 2188 284 51 (29-28346)

413 2283 326 66 Fabricius,
769 2284 213 55 Johan.

411 2361 1986 151 … Charlottens grosse reise, roman … Berlin [etc.] P. Zsolnay, 1929.
478 2522 222 42 2 v. 19 ᶜᵐ.
480 2580 65 41 At
572 2580 126 40 head
725 2579 52 40 of
805 2579 110 41 title
932 2591 8 29 :
972 2579 197 41 Johann
1196 2579 270 42 Fabricius.

484 2636 143 42 “1.-5.
660 2635 254 43 tausend.”

421 2689 1981 110 © May 28, 1929; 1c. each Aug. 14; A—Foreign 4257; Paul Zsolnay v erlag,
612 2761 97 38 ges.
737 2761 62 30 m.
826 2750 43 41 b.
897 2750 32 39 h.
1015 2750 282 51 (29-28084)

416 2843 272 65 Fechter,
716 2843 166 64 Paul,
913 2849 172 50 1880-

484 2923 285 54 Deutsche
809 2924 283 68 dichtung
1129 2926 100 52 der
1266 2929 346 65 gegenwart,
1649 2924 239 53 versuch
1927 2924 155 54 einer
2157 2922 268 70 übersicht,

414 3000 1639 71 von Paul Fechter. Leipzig, P. Reclam jun. [ ᶜ1 929]
486 3081 1930 50 70, [2] p. 15 ½ ᶜᵐ. (On cover: Reclams universal bibliothek, nr. 6984)
488 3138 190 41 “Daten
708 3139 100 40 und
838 3138 348 49 hauptwerke”
1205 3151 10 29 :
1248 3150 43 38 p.
1324 3139 176 50 63-[71]

424 3191 53 52 ©
502 3196 115 47 May
641 3194 70 48 28,
736 3195 115 40 1929;
905 3196 68 40 1c.
1000 3196 120 48 Aug.
1145 3195 57 40 14;
1257 3198 41 37 A
1298 3196 271 48 —Foreign
1592 3196 118 39 4241;
1765 3196 197 49 Philipp
1986 3196 200 41 Reclam
2211 3196 104 47 jun.

505 3251 282 51 (29-28091)

419 3344 229 66 Fisher,
678 3348 140 54 Mrs.
850 3346 306 54 Dorothea
1188 3348 259 54 Frances
1488 3347 324 66 (Canfield)
1853 3349 173 54 1879-

493 3421 400 57 Self-reliance;
952 3443 30 33 a
1011 3425 279 67 practical
1316 3426 109 52 and
1456 3424 280 54 informal
1754 3425 316 54 discussion
2087 3424 65 54 of
2166 3424 262 54 methods

422 3498 64 54 of
514 3500 269 69 teaching
811 3500 404 68 self-reliance,
1245 3503 288 53 initiative
1567 3504 114 52 and
1715 3502 432 69 responsibility
2178 3507 60 49 to
422 3503 1981 127 modern

566 3578 277 68 children,
886 3579 76 69 by
1006 3579 268 70 Dorothy
1321 3580 261 54 Canfield
1629 3580 222 54 Fisher.
1935 3580 140 53 New
2122 3579 181 68 York,
2349 3579 77 53 H.

421 3655 826 71 Holt and company [ ᶜ1 929]
494 3735 724 51 xviii p., 1 l. , 263 p. 19 ½ᶜᵐ .
497 3791 125 41 “For
652 3792 278 42 reference”
948 3804 10 30 :
990 3804 45 38 p.
1066 3794 218 42 249-255.

430 3844 53 54 ©
516 3849 103 41 Oct.
649 3849 70 48 18,
750 3850 141 48 1929;
923 3851 69 42 2c.
1022 3851 119 41 Nov.
1173 3851 54 48 9;
1261 3851 83 43 aff.
1375 3853 120 40 Nov.
1529 3852 83 47 19;
1646 3852 43 40 A
1720 3851 171 48 16133;
1926 3851 170 47 Henry
2128 3851 120 40 Holt
2279 3850 38 40 &
2347 3860 84 37 co.,

495 3905 91 41 inc.
650 3901 69 55 [©
753 3917 107 31 new
891 3907 245 50 material]
1208 3907 282 50 (29-28044)
