2542 4389
1047 4034 137 53 1897

104 383 242 65 Akeley,
382 386 138 54 Mrs.
553 385 176 63 Mary
760 385 48 52 L
1101 384 205 65 (Jobe)
1349 389 172 51 1886-

171 461 138 55 Carl
341 462 266 54 Akeley’s
643 461 237 68 Africa;
918 464 97 52 the
1052 468 238 48 account
1325 462 65 54 of
1425 463 95 52 the
1557 462 551 68 Akeley-Eastman-

100 541 281 68 Pomeroy
424 540 247 54 African
716 542 122 52 hall
882 542 330 68 expedition
1258 540 64 54 of
1364 542 96 52 the
1503 540 307 54 American
1855 559 254 35 museum

101 618 64 54 of
197 620 231 52 natural
461 619 239 69 history,
733 620 77 68 by
842 621 173 69 Mary
1048 621 64 52 L.
1148 619 145 56 Jobe
1325 620 238 68 Akeley,
1635 662 10 9 F.
1719 663 10 9 R.
1803 661 10 10 G.
1880 662 9 9 S.;
101 618 1984 133 foreword
283 698 76 68 by
385 698 205 68 Henry
615 698 277 54 Fairfield
920 698 254 68 Osborn;
1206 700 140 52 with
1375 698 383 54 illustrations
1787 699 113 52 and
1929 716 181 51 maps.

100 777 139 53 New
266 777 180 68 York,
472 777 189 67 Dodd,
689 777 172 53 Mead
888 779 46 50 &
960 796 297 51 company,
1289 781 150 49 1929.

167 860 101 47 xix,
292 860 84 40 321
402 871 44 37 p.
504 859 165 48 front.,
695 861 159 47 plates
882 861 47 48 (1
956 861 200 48 double)
1183 864 165 45 ports.,
1374 871 152 39 maps.
1586 861 56 39 24½ᶜᵐ.

169 918 140 47 Maps
331 927 61 30 on
411 917 366 49 lining-papers.

170 974 119 40 Part
313 973 52 41 of
389 974 82 40 the
494 974 157 48 plates
675 973 195 49 printed
895 985 60 29 on
980 984 89 30 one
1092 974 104 41 side
1221 974 52 41 of
1294 974 103 41 leaf
1421 975 127 47 only.

108 1026 52 53 ©
194 1031 120 40 Nov.
347 1031 39 47 8,
420 1030 141 47 1929;
595 1031 69 40 2c.
697 1031 121 40 Nov.
850 1031 83 45 14;
971 1030 83 40 aff.
1088 1031 118 42 Nov,
1241 1031 84 47 15;
1361 1031 42 39 A
1436 1031 172 47 14832;
1644 1032 65 39 M.
1741 1031 52 41 L.
1829 1031 44 40 J.
1907 1030 198 49 Akeley,

176 1087 119 40 New
321 1087 147 41 York.
538 1086 281 49 (29-27647)

101 1178 318 55 American
458 1181 220 54 federal
711 1187 101 48 tax
848 1187 222 63 reports;
1140 1202 31 33 a
1205 1183 337 53 convenient
1576 1183 299 53 collection
1910 1183 65 54 of
178 1200 1910 128 unabridged

489 1264 160 47 court
684 1259 278 53 decisions
997 1259 155 53 from
1185 1277 169 51 every
1385 1259 309 53 American
1729 1264 381 49 court—state

178 1338 114 52 and
323 1335 423 55 federal—that
775 1337 103 53 has
908 1337 115 53 had
1053 1336 198 54 before
1282 1337 45 53 it
1360 1337 285 68 problems
1678 1337 220 69 arising
1928 1338 182 52 under

178 1414 96 52 the
304 1413 222 53 federal
552 1418 100 48 tax
680 1415 138 52 laws;
880 1414 280 54 decisions
1188 1415 147 53 have
1360 1414 140 54 been
1529 1415 268 53 included
1829 1412 155 55 from
2012 1413 98 53 the

179 1490 1932 70 date of the earliest acts up to November, 1929. v. 7 … New
178 1568 181 67 York,
391 1569 453 67 Prentice-Hall,
876 1569 127 68 inc.,
1039 1572 150 50 1929.

176 1650 69 48 iii,
275 1650 296 42 8177a-9572
599 1661 45 38 p.
703 1651 27 39 25½ᶜᵐ.

109 1702 52 52 ©
190 1707 120 40 Nov.
338 1705 70 50 29,
439 1706 113 41 1929;
610 1707 69 41 2c.
709 1707 114 41 Dec.
851 1706 57 41 16;
966 1706 83 42 aff.
1079 1707 113 41 Dec.
1223 1707 55 40 14;
1338 1707 43 39 A
1408 1707 144 40 16532;
1613 1708 136 39 West
1779 1706 111 49 pub.
1920 1717 84 37 co.,
2040 1705 68 42 St.

178 1763 138 40 Paul.

102 1856 209 65 Angle,
339 1857 146 53 Paul
513 1857 376 65 McClelland,
921 1863 171 51 1900-

172 1933 243 54 Lincoln
443 1933 61 54 in
534 1934 94 53 the
657 1953 136 50 year
824 1937 135 51 1855;
1022 1935 171 69 being
1222 1936 95 52 the
1347 1935 358 69 day-by-day
1734 1935 283 53 activities
2047 1935 66 52 of

103 2011 295 54 Abraham
456 2011 241 55 Lincoln
757 2013 215 69 during
1027 2013 129 53 that
1213 2032 154 50 year,
1425 2013 76 70 by
1558 2014 150 52 Paul
1764 2013 82 53 M.
1905 2014 206 69 Angle.

105 2089 1899 71 Springfield, Ill., The Abraham Lincoln association [ ᶜ19 29 ]
172 2174 247 49 57 p. 23½ ᶜᵐ.
176 2230 162 42 “First
371 2230 231 49 printing,
636 2231 284 47 November,
954 2229 159 43 1929.”

176 2286 1936 52 “This booklet … is the fifth of a series compiled and published by
106 2345 80 39 the
214 2344 249 40 Abraham
494 2344 201 40 Lincoln
725 2343 538 42 association."—Pref.

110 2397 52 53 ©
189 2402 120 40 Nov.
336 2401 70 47 15,
434 2401 142 47 1929;
605 2402 68 40 2c.
701 2402 96 39 and
825 2399 83 43 aff.
936 2401 120 40 Nov.
1083 2400 83 47 23;
1198 2400 42 39 A
1266 2399 173 49 16030;
1469 2400 248 41 Abraham
1748 2401 202 42 Lincoln
1980 2412 129 31 assn.

188 2457 282 49 (29-27664)

104 2551 241 64 Arnold,
375 2550 318 65 Benjamin
726 2549 273 65 William,
1032 2552 173 54 1870-

175 2627 1874 73 A sketch of England’s empire [by] B. W. Arnold, jr. …
106 2705 920 70 Boston, R. G. Badger [ ᶜ19 29]
178 2787 87 41 150
295 2798 44 38 p.
398 2787 147 42 21½ᶜᵐ.

181 2842 352 43 “References”:
587 2854 45 38 p.
660 2842 205 42 143-146:
920 2843 352 49 Bibliography:
1329 2854 45 38 p.
1401 2844 101 41 147.

115 2898 51 52 ©
195 2902 129 48 Sept.
348 2901 70 48 26,
443 2901 141 47 1929;
610 2901 70 45 2c.
706 2901 104 41 Oct.
834 2900 83 48 28;
946 2900 83 42 aff.
1053 2901 121 41 Nov.
1198 2901 83 48 20;
1309 2902 43 39 A
1377 2901 171 49 16007;
1578 2903 216 40 Richard
1822 2903 53 41 G.
1903 2904 208 48 Badger.

191 2957 282 50 (29-27805)

108 3049 211 67 Aston,
346 3053 101 53 Sir
473 3050 227 65 George
727 3050 176 65 Grey,
934 3055 173 51 1861-

178 3128 121 54 The
327 3128 326 69 biography
681 3127 65 53 of
774 3129 95 52 the
899 3129 114 52 late
1043 3129 260 52 Marshal
1334 3128 176 66 Foch,
1538 3129 77 69 by
1641 3129 471 69 Major-General

111 3204 2002 76 Sir George Aston … New York, The Macmillan company,
110 3286 151 50 1929.

181 3363 1932 55 xxvi p., 2 l., 3-483 p. incl. maps, front., plates, ports., facsim., diagr.
111 3419 57 41 25
169 3423 46 21 cm

183 3476 351 49 Bibliography
562 3476 227 41 included
817 3475 51 41 in
899 3475 211 49 preface.

116 3529 52 53 ©
197 3535 120 40 Nov.
343 3533 71 49 19,
443 3534 142 47 1929;
614 3535 68 39 2c.
711 3535 96 39 and
835 3533 83 42 aff.
947 3534 121 40 Nov.
1094 3531 85 49 20;
1210 3533 42 39 A
1281 3532 171 49 15945;
1486 3533 184 51 George
1698 3536 169 50 Aston,
1898 3538 215 41 London.

194 3590 281 49 (29-27648)

107 3684 244 64 Becker,
383 3683 199 55 Erich.

180 3761 412 71 Organisation
623 3763 117 52 und
799 3760 713 73 selbstkostenberechnung
1541 3761 60 55 in
1633 3765 107 52 den
111 3767 1978 138 metallgiessereien,

376 3858 111 34 von
524 3838 434 69 oberingenieur
996 3837 178 53 Erich
1210 3837 234 63 Becker,
1480 3839 108 54 mit
1625 3846 62 49 13
1726 3841 388 74 abbildungen

109 3917 118 53 und
261 3921 64 50 39
359 3916 405 54 zahlentafeln.
838 3915 176 53 Halle
1058 3915 226 70 (Saale)
1327 3917 91 53 W.
1453 3917 236 71 Knapp,
1725 3924 150 51 1929,
