2533 4384
1085 4038 99 51 183

132 393 253 64 Eichler,
419 391 231 64 Lillian,
688 395 173 50 1902-

210 470 298 66 Stillborn,
532 469 74 68 by
634 468 218 52 Lillian
878 466 247 53 Eichler.
1201 465 140 53 New
1369 464 164 53 York
1559 466 46 51 &
1629 465 261 67 London,
1915 466 74 52 D.

136 465 1975 151 Appleton
359 549 46 50 &
431 563 298 51 company,
761 547 150 50 1929.

206 606 621 70 5 p. l., 3-308 p. 19½ᶜᵐ.
138 696 51 52 ©
217 700 113 40 Feb.
358 700 37 47 8,
424 698 141 47 1929;
595 698 68 40 2c.
692 699 96 38 and
817 695 81 42 aff.
928 696 112 40 Feb.
1069 695 54 39 11;
1181 695 42 39 A
1251 694 115 41 5197;
1425 695 58 40 D.
1513 695 241 48 Appleton
1781 694 36 40 &
1846 705 68 30 co.

215 755 252 51 (29-4538)

130 865 222 62 Fifield,
384 864 227 63 George
641 862 275 55 Edward.

201 944 123 51 The
363 944 109 51 law
514 942 64 53 of
618 940 271 69 spiritual
930 939 482 54 transformation
1474 939 93 68 [by]
1618 938 223 70 George
1884 939 254 53 Edward

131 1018 1361 71 Fifield, D . D . Boston, R. G. Badger [ᶜ1929]
202 1100 336 50 57 p. 20½ ᶜᵐ .
138 1168 1979 109 © Jan. 10, 1929; 1c. Jan. 24; 1c. Feb. 7; aff. Jan. 22; A 4252; Richard G. Badger. (29-4595)
132 1338 293 64 Fletcher,
453 1338 261 64 Harvey,
747 1342 172 49 1884-

135 1413 1977 134 Speech and hearing, by Harvey Fletcher … with an introduction
406 1491 1731 71 by H. D. Arnold … New York, D. Van Nostrand
132 1589 298 51 company,
457 1571 126 67 inc.,
615 1572 150 51 1929.

270 1684 9 16 xv,
306 1653 85 40 331
418 1663 43 37 p.
521 1652 143 48 illus.,
694 1651 181 48 diagrs.
935 1652 147 40 23½ᶜᵐ.

204 1722 119 41 This
357 1723 147 46 work,
536 1722 81 39 for
650 1722 81 39 the
765 1723 128 38 most
925 1722 126 47 part,
1086 1720 244 41 describes
1365 1720 329 49 experiments
1727 1721 280 48 performed
2042 1724 97 39 and

134 1779 304 41 conclusions
465 1779 207 40 reached
700 1778 179 47 during
904 1788 27 29 a
960 1788 177 37 survey
1164 1778 307 39 undertaken
1498 1778 61 47 by
1586 1779 82 39 the
1696 1778 228 41 research
134 1780 1984 97 laboratories

313 1836 51 40 of
394 1836 82 39 the
506 1836 105 39 Bell
644 1835 254 47 telephone
930 1837 182 44 system
1144 1836 48 39 to
1224 1834 168 40 obtain
1424 1836 83 39 the
1539 1835 343 40 fundamental
1913 1836 132 40 facts
2077 1845 61 31 on

134 1893 159 40 which
325 1895 49 37 to
408 1892 115 39 base
556 1892 83 39 the
666 1891 174 48 design
873 1891 52 40 of
957 1892 270 47 apparatus
1259 1891 97 40 and
1390 1894 209 44 systems
1632 1892 79 40 for
1746 1891 256 49 telephone
2038 1902 99 31 use.

133 1950 62 47 cf.
223 1948 131 41 Pref.
382 1949 97 39 and
504 1948 179 41 introd.

134 2015 51 52 ©
212 2021 110 39 Jan.
348 2019 69 49 29,
443 2019 118 40 1929;
611 2019 68 40 2c.
707 2018 112 41 Feb.
845 2018 54 39 11;
956 2017 82 41 aff.
1067 2018 111 40 Feb.
1205 2018 56 39 15;
1317 2019 42 38 A
1385 2018 113 41 5283;
1557 2019 56 40 D.
1642 2019 106 40 Van
1774 2020 250 40 Nostrand
2051 2029 82 39 co.,

201 2075 92 42 inc.
360 2075 252 50 (29-4882)

128 2185 229 64 Foster,
390 2185 191 52 Leslie
616 2186 269 62 Everett,
924 2190 168 49 1888-
1315 2186 84 52 ed.

199 2263 124 52 The
350 2263 263 69 cleaning
642 2263 109 52 and
787 2263 213 68 dyeing
1029 2261 65 54 of
1123 2263 249 52 celanese
1404 2262 113 53 and
1548 2281 198 50 rayon,
1775 2263 302 69 including
2108 2282 30 33 a

133 2341 150 54 brief
330 2341 222 69 history
600 2340 65 54 of
711 2359 182 51 rayon
940 2341 114 53 and
1101 2340 75 55 its
1223 2340 421 70 manufacture,
1693 2341 284 69 compiled
2025 2342 112 53 and

130 2420 1908 70 edited by L. E. Foster … York, Neb., L. E. Foster [ᶜ1929]
199 2503 545 49 216 p. illus. 20½ ᶜᵐ .
133 2570 51 52 ©
212 2575 110 40 Jan.
350 2573 69 48 29,
447 2572 141 49 1929;
617 2574 69 40 2c.
714 2573 112 41 Feb.
852 2574 55 46 4;
937 2572 82 41 aff.
1048 2573 112 41 Feb.
1187 2574 54 46 2;
1270 2573 43 39 A
1339 2572 142 48 5265;
1510 2573 52 41 L.
1591 2574 54 39 E.
1674 2573 188 41 Foster.

210 2630 252 50 (29-4570)

130 2726 245 63 Fowler,
405 2725 246 55 Charles
680 2726 260 55 Burnell.

199 2806 310 54 Collective
549 2804 349 71 bargaining
939 2806 61 52 in
1040 2807 96 52 the
1175 2804 353 56 bituminous
1571 2807 122 52 coal
1735 2806 285 70 industry,
2062 2807 75 69 by

130 2883 2006 70 Charles B. Fowler … New York, Prentice-Hall, inc., 1927.
198 2965 670 48 vi, 161 p. diagr. 23½ ᶜᵐ .
198 3037 350 47 Bibliography
566 3048 9 28 :
604 3047 44 37 p.
676 3035 219 43 155-158.

133 3105 52 52 ©
219 3109 129 48 Sept.
379 3109 38 48 1,
449 3108 113 41 1927;
620 3109 69 40 2c.
719 3109 99 39 and
847 3108 83 40 aff.
962 3108 111 42 Feb.
1105 3109 68 47 11,
1206 3107 115 41 1929;
1382 3108 40 39 A
1452 3108 115 40 4367;
1630 3108 378 47 Prentice-Hall,
2043 3108 90 40 inc.

210 3165 253 49 (29-4694)

126 3261 247 63 Garner,
405 3260 227 64 George
661 3260 68 55 B.

198 3337 133 55 Life
371 3342 156 66 story
570 3340 113 52 and
721 3356 263 36 romance
1023 3338 60 54 in
1122 3340 97 52 the
1257 3340 215 68 gospel,
1510 3340 76 69 by
1625 3341 137 53 Rev.
1804 3340 223 69 George
2068 3341 66 51 B.

128 3417 239 54 Garner.
445 3416 286 64 Oakland,
824 3418 54 67 Ill.,
913 3418 70 54 G.
1018 3418 66 52 B.
1120 3417 224 55 Garner
1425 3421 149 63 [ᶜ1928]

199 3498 948 48 288 p. front., plates, ports. 20 ᶜᵐ .
136 3566 51 52 ©
214 3571 121 48 Aug.
363 3571 40 46 1,
430 3570 141 47 1928;
600 3571 68 40 2c.
696 3571 113 40 Dec.
836 3571 83 46 26;
949 3570 83 42 aff.
1060 3570 113 42 Feb.
1200 3571 40 48 9,
1268 3570 143 48 1929;
1440 3571 42 39 A
1507 3571 143 48 4347;
1683 3571 52 41 G.
1765 3573 55 39 B.
1851 3570 202 42 Garner.

211 3626 252 50 (29-4593)

131 3721 251 64 Genthe,
413 3721 241 64 Arnold,
687 3727 170 49 1869-

200 3799 240 53 Isadora
498 3800 272 66 Duncan;
816 3800 378 68 twenty-four
1234 3799 216 55 studies
1488 3802 76 67 by
1604 3801 227 53 Arnold
1892 3800 241 54 Genthe.

133 3877 140 52 with
305 3897 31 33 a
368 3877 284 54 foreword
681 3879 76 69 by
788 3879 139 52 Max
957 3879 293 53 Eastman.
1321 3879 139 52 New
1491 3879 164 53 York
1684 3881 47 50 &
1759 3879 260 67 London,
2050 3879 80 53 M.

125 3953 343 73 Kennerley,
502 3959 148 50 1929.
