<alto xmlns="http://www.loc.gov/standards/alto/ns-v3#" xmlns:xlink="http://www.w3.org/1999/xlink" xmlns:xsi="http://www.w3.org/2001/XMLSchema-instance" xsi:schemaLocation="http://www.loc.gov/standards/alto/ns-v3# http://www.loc.gov/alto/v3/alto-3-0.xsd"><Description>
<MeasurementUnit>pixel</MeasurementUnit>
<sourceImageInformation>
<fileName>1929_v26_part001.pdf</fileName>
</sourceImageInformation>
<OCRProcessing ID="IdOcr">
<ocrProcessingStep>
<processingDateTime>2019-04-18</processingDateTime>
<processingSoftware>
<softwareCreator>ABBYY</softwareCreator>
<softwareName>ABBYY Recognition Server</softwareName>
<softwareVersion>4.0</softwareVersion>
</processingSoftware>
</ocrProcessingStep>
</OCRProcessing>
</Description>
<Styles>
<ParagraphStyle ID="StyleId-FFFFFFFF-FFFF-FFFF-FFFF-FFFFFFFFFFFF-" ALIGN="Left" LEFT="0." RIGHT="0." FIRSTLINE="0."/>
<ParagraphStyle ID="StyleId-11A520CB-49B0-4D42-A675-089886D5B704-" ALIGN="Center" LEFT="0." RIGHT="0." FIRSTLINE="0." LINESPACE="7.699999809"/>
<ParagraphStyle ID="StyleId-2AEC4724-E584-48A1-8E6D-86B1AA154223-" ALIGN="Left" LEFT="0." RIGHT="0." FIRSTLINE="0." LINESPACE="12.19999981"/>
<ParagraphStyle ID="StyleId-5ADCDE1D-F34B-405C-A765-E9B51F6229BD-" ALIGN="Left" LEFT="0." RIGHT="0." FIRSTLINE="-13." LINESPACE="8.050000191"/>
<ParagraphStyle ID="StyleId-D0AEFB96-F81D-4367-8545-C0AC945FA34C-" ALIGN="Block" LEFT="0." RIGHT="0." FIRSTLINE="-13." LINESPACE="8.899999619"/>
<ParagraphStyle ID="StyleId-9A3BB592-4BA4-4F85-B157-B9A7F1FC9680-" ALIGN="Left" LEFT="0." RIGHT="0." FIRSTLINE="0."/>
<ParagraphStyle ID="StyleId-E9D6144A-CFDC-4919-911D-02B0461DB967-" ALIGN="Left" LEFT="0." RIGHT="0." FIRSTLINE="-13." LINESPACE="23.43000031"/>
<ParagraphStyle ID="StyleId-EEECFC68-AAC5-42B1-B3BF-987799B5B74A-" ALIGN="Block" LEFT="0." RIGHT="0." FIRSTLINE="0." LINESPACE="23.43000031"/>
<ParagraphStyle ID="StyleId-98D20B11-A9BB-4FAB-8DC8-DC8C43F3755E-" ALIGN="Left" LEFT="0." RIGHT="0." FIRSTLINE="0." LINESPACE="10.5"/>
<ParagraphStyle ID="StyleId-C279DBAD-2656-4352-93E6-C942618B09B1-" ALIGN="Block" LEFT="0." RIGHT="0." FIRSTLINE="-13." LINESPACE="8.770000458"/>
<ParagraphStyle ID="StyleId-A539B2D0-654F-45BA-9385-D7E681D9BD87-" ALIGN="Block" LEFT="0." RIGHT="0." FIRSTLINE="0." LINESPACE="8.18999958"/>
<ParagraphStyle ID="StyleId-CFE66565-54F2-45CF-9511-65151219B0BC-" ALIGN="Left" LEFT="0." RIGHT="0." FIRSTLINE="-12." LINESPACE="12.19999981"/>
<ParagraphStyle ID="StyleId-37B60A95-D7B9-4720-9D46-F2E763AAD699-" ALIGN="Block" LEFT="0." RIGHT="0." FIRSTLINE="0." LINESPACE="12.19999981"/>
<ParagraphStyle ID="StyleId-255154CA-71AA-47B9-A5EB-ED90642010CE-" ALIGN="Block" LEFT="0." RIGHT="0." FIRSTLINE="13." LINESPACE="7.900000095"/>
<ParagraphStyle ID="StyleId-4618FB06-20CA-4F95-9CA2-829603EE887D-" ALIGN="Block" LEFT="0." RIGHT="0." FIRSTLINE="0." LINESPACE="10."/>
<ParagraphStyle ID="StyleId-61F9B98E-BA82-4DCF-809A-0C5481162321-" ALIGN="Left" LEFT="0." RIGHT="0." FIRSTLINE="-13." LINESPACE="8.479999542"/>
<ParagraphStyle ID="StyleId-16A4FB0C-4CB7-44C8-846E-AF89DD76FC73-" ALIGN="Left" LEFT="0." RIGHT="0." FIRSTLINE="0." LINESPACE="11.10000038"/>
<ParagraphStyle ID="StyleId-8CC01B24-9D1D-45D5-B954-83ECA9EA3425-" ALIGN="Left" LEFT="0." RIGHT="0." FIRSTLINE="-13." LINESPACE="8.050000191"/>
<ParagraphStyle ID="StyleId-3DB8CD3F-AD17-4DD7-8361-787A6A426C72-" ALIGN="Block" LEFT="0." RIGHT="0." FIRSTLINE="13." LINESPACE="7.900000095"/>
</Styles>
<Layout>
<Page ID="Page121" PHYSICAL_IMG_NR="121" HEIGHT="4405" WIDTH="2561">
<TopMargin HEIGHT="414" WIDTH="2561" VPOS="0" HPOS="0">
</TopMargin>
<LeftMargin HEIGHT="3622" WIDTH="124" VPOS="414" HPOS="0">
</LeftMargin>
<RightMargin HEIGHT="3622" WIDTH="337" VPOS="414" HPOS="2224">
</RightMargin>
<BottomMargin HEIGHT="369" WIDTH="2561" VPOS="4036" HPOS="0">
<TextBlock ID="Page121_Block1" HEIGHT="70" WIDTH="118" VPOS="4066" HPOS="1094" LANG="en-US" STYLEREFS="StyleId-6D3648FB-1421-4E0E-8D07-E9C660148B39-">
<TextLine HEIGHT="49" WIDTH="98" VPOS="4076" HPOS="1104">
<String CONTENT="121" HEIGHT="49" WIDTH="98" VPOS="4076" HPOS="1104"/>
</TextLine>
</TextBlock>
<GraphicalElement ID="Page121_Block2" HEIGHT="232" WIDTH="2" VPOS="4172" HPOS="0"/>
</BottomMargin>
<PrintSpace HEIGHT="3622" WIDTH="2100" VPOS="414" HPOS="124">
<TextBlock ID="Page121_Block3" HEIGHT="3622" WIDTH="2100" VPOS="414" HPOS="124" LANG="en-US" CS="1" STYLEREFS="StyleId-49408A15-21BA-4FAB-BCE5-D5D6DBD5B39C-">
<TextLine HEIGHT="67" WIDTH="970" VPOS="424" HPOS="140" STYLEREFS="StyleId-A83E497A-79A2-42E3-A441-1C502B8C305B-">
<String CONTENT="King," HEIGHT="63" WIDTH="173" VPOS="428" HPOS="140"/>
<SP HEIGHT="65" WIDTH="35" VPOS="426" HPOS="314"/>
<String CONTENT="Grace" HEIGHT="54" WIDTH="184" VPOS="426" HPOS="350"/>
<SP HEIGHT="52" WIDTH="35" VPOS="426" HPOS="535"/>
<String CONTENT="Elizabeth," HEIGHT="64" WIDTH="328" VPOS="424" HPOS="571"/>
<SP HEIGHT="59" WIDTH="38" VPOS="429" HPOS="900"/>
<String CONTENT="1852-" HEIGHT="50" WIDTH="171" VPOS="428" HPOS="939"/>
</TextLine>
<TextLine HEIGHT="147" WIDTH="2001" VPOS="498" HPOS="137" STYLEREFS="StyleId-A83E497A-79A2-42E3-A441-1C502B8C305B-" CS="1">
<String CONTENT="Mount" HEIGHT="51" WIDTH="207" VPOS="504" HPOS="204"/>
<SP HEIGHT="53" WIDTH="28" VPOS="503" HPOS="412"/>
<String CONTENT="Vernon" HEIGHT="53" WIDTH="234" VPOS="503" HPOS="441"/>
<SP HEIGHT="35" WIDTH="31" VPOS="519" HPOS="676"/>
<String CONTENT="on" HEIGHT="35" WIDTH="73" VPOS="519" HPOS="708"/>
<SP HEIGHT="48" WIDTH="30" VPOS="506" HPOS="782"/>
<String CONTENT="the" HEIGHT="52" WIDTH="95" VPOS="502" HPOS="813"/>
<SP HEIGHT="52" WIDTH="32" VPOS="502" HPOS="909"/>
<String CONTENT="Potomac;" HEIGHT="65" WIDTH="301" VPOS="502" HPOS="942"/>
<SP HEIGHT="67" WIDTH="34" VPOS="500" HPOS="1244"/>
<String CONTENT="history" HEIGHT="67" WIDTH="221" VPOS="500" HPOS="1279"/>
<SP HEIGHT="49" WIDTH="32" VPOS="518" HPOS="1501"/>
<String CONTENT="of" HEIGHT="53" WIDTH="65" VPOS="498" HPOS="1534"/>
<SP HEIGHT="53" WIDTH="29" VPOS="498" HPOS="1600"/>
<String CONTENT="the" HEIGHT="52" WIDTH="96" VPOS="499" HPOS="1630"/>
<SP HEIGHT="51" WIDTH="29" VPOS="500" HPOS="1727"/>
<String CONTENT="Mount" HEIGHT="51" WIDTH="207" VPOS="500" HPOS="1757"/>
<SP HEIGHT="53" WIDTH="29" VPOS="499" HPOS="1965"/>
<String CONTENT="Vernon" HEIGHT="135" WIDTH="1976" VPOS="499" HPOS="137"/>
<SP HEIGHT="51" WIDTH="29" VPOS="582" HPOS="249"/>
<String CONTENT="ladies&#8217;" HEIGHT="53" WIDTH="197" VPOS="580" HPOS="279"/>
<SP HEIGHT="52" WIDTH="31" VPOS="580" HPOS="477"/>
<String CONTENT="association" HEIGHT="54" WIDTH="338" VPOS="578" HPOS="509"/>
<SP HEIGHT="35" WIDTH="30" VPOS="596" HPOS="848"/>
<String CONTENT="of" HEIGHT="54" WIDTH="64" VPOS="577" HPOS="879"/>
<SP HEIGHT="54" WIDTH="28" VPOS="577" HPOS="944"/>
<String CONTENT="the" HEIGHT="52" WIDTH="97" VPOS="579" HPOS="973"/>
<SP HEIGHT="53" WIDTH="26" VPOS="578" HPOS="1071"/>
<String CONTENT="Union," HEIGHT="68" WIDTH="215" VPOS="577" HPOS="1098"/>
<SP HEIGHT="68" WIDTH="28" VPOS="577" HPOS="1314"/>
<String CONTENT="by" HEIGHT="68" WIDTH="75" VPOS="577" HPOS="1343"/>
<SP HEIGHT="68" WIDTH="30" VPOS="577" HPOS="1419"/>
<String CONTENT="Grace" HEIGHT="54" WIDTH="184" VPOS="577" HPOS="1450"/>
<SP HEIGHT="52" WIDTH="29" VPOS="577" HPOS="1635"/>
<String CONTENT="King" HEIGHT="69" WIDTH="163" VPOS="576" HPOS="1665"/>
<SP HEIGHT="50" WIDTH="34" VPOS="595" HPOS="1829"/>
<String CS="1" CONTENT="&#8230;"/>
<SP HEIGHT="52" WIDTH="76" VPOS="577" HPOS="1922"/>
<String CONTENT="New" HEIGHT="52" WIDTH="139" VPOS="577" HPOS="1999"/>
</TextLine>
<TextLine HEIGHT="70" WIDTH="1213" VPOS="656" HPOS="139" STYLEREFS="StyleId-A83E497A-79A2-42E3-A441-1C502B8C305B-">
<String CONTENT="York," HEIGHT="67" WIDTH="178" VPOS="659" HPOS="139"/>
<SP HEIGHT="67" WIDTH="30" VPOS="659" HPOS="318"/>
<String CONTENT="The" HEIGHT="52" WIDTH="120" VPOS="658" HPOS="349"/>
<SP HEIGHT="53" WIDTH="31" VPOS="657" HPOS="470"/>
<String CONTENT="Macmillan" HEIGHT="53" WIDTH="336" VPOS="656" HPOS="502"/>
<SP HEIGHT="34" WIDTH="30" VPOS="674" HPOS="839"/>
<String CONTENT="company," HEIGHT="51" WIDTH="299" VPOS="673" HPOS="870"/>
<SP HEIGHT="64" WIDTH="32" VPOS="658" HPOS="1170"/>
<String CONTENT="1929." HEIGHT="50" WIDTH="149" VPOS="657" HPOS="1203"/>
</TextLine>
<TextLine HEIGHT="51" WIDTH="1009" VPOS="738" HPOS="205" CS="1">
<String CONTENT="xiii," HEIGHT="48" WIDTH="103" VPOS="741" HPOS="205"/>
<SP HEIGHT="47" WIDTH="25" VPOS="742" HPOS="309"/>
<String CONTENT="491" HEIGHT="41" WIDTH="84" VPOS="740" HPOS="335"/>
<SP HEIGHT="47" WIDTH="30" VPOS="742" HPOS="420"/>
<String CONTENT="p." HEIGHT="37" WIDTH="43" VPOS="752" HPOS="451"/>
<SP HEIGHT="41" WIDTH="57" VPOS="740" HPOS="495"/>
<String CONTENT="front.," HEIGHT="47" WIDTH="165" VPOS="740" HPOS="553"/>
<SP HEIGHT="37" WIDTH="28" VPOS="750" HPOS="719"/>
<String CONTENT="plates," HEIGHT="47" WIDTH="171" VPOS="740" HPOS="748"/>
<SP HEIGHT="37" WIDTH="27" VPOS="749" HPOS="920"/>
<String CONTENT="ports." HEIGHT="46" WIDTH="150" VPOS="740" HPOS="948"/>
<SP HEIGHT="40" WIDTH="57" VPOS="738" HPOS="1099"/>
<String CS="1" CONTENT="22&#189;&#7580;&#7504;." HEIGHT="39" WIDTH="57" VPOS="738" HPOS="1157"/>
</TextLine>
<TextLine HEIGHT="53" WIDTH="1998" VPOS="792" HPOS="138">
<String CONTENT="&#169;" HEIGHT="52" WIDTH="52" VPOS="793" HPOS="138"/>
<SP HEIGHT="52" WIDTH="34" VPOS="793" HPOS="191"/>
<String CONTENT="Jan." HEIGHT="40" WIDTH="109" VPOS="798" HPOS="226"/>
<SP HEIGHT="41" WIDTH="32" VPOS="797" HPOS="336"/>
<String CONTENT="29," HEIGHT="48" WIDTH="70" VPOS="797" HPOS="369"/>
<SP HEIGHT="48" WIDTH="32" VPOS="797" HPOS="440"/>
<String CONTENT="1929;" HEIGHT="47" WIDTH="141" VPOS="796" HPOS="473"/>
<SP HEIGHT="47" WIDTH="35" VPOS="796" HPOS="615"/>
<String CONTENT="2c." HEIGHT="39" WIDTH="68" VPOS="796" HPOS="651"/>
<SP HEIGHT="29" WIDTH="34" VPOS="806" HPOS="720"/>
<String CONTENT="and" HEIGHT="39" WIDTH="96" VPOS="796" HPOS="755"/>
<SP HEIGHT="39" WIDTH="33" VPOS="796" HPOS="852"/>
<String CONTENT="aff." HEIGHT="41" WIDTH="82" VPOS="794" HPOS="886"/>
<SP HEIGHT="40" WIDTH="35" VPOS="795" HPOS="969"/>
<String CONTENT="Jan." HEIGHT="39" WIDTH="110" VPOS="795" HPOS="1005"/>
<SP HEIGHT="39" WIDTH="33" VPOS="795" HPOS="1116"/>
<String CONTENT="30;" HEIGHT="46" WIDTH="83" VPOS="794" HPOS="1150"/>
<SP HEIGHT="46" WIDTH="36" VPOS="794" HPOS="1234"/>
<!-- cceid 894374F9-6CFA-1014-9C3C-CEA95E7AA542 --><String CONTENT="A" HEIGHT="38" WIDTH="42" VPOS="794" HPOS="1271"/>
<SP HEIGHT="39" WIDTH="34" VPOS="794" HPOS="1314"/>
<String CONTENT="5048;" HEIGHT="48" WIDTH="140" VPOS="792" HPOS="1349"/>
<SP HEIGHT="47" WIDTH="39" VPOS="793" HPOS="1490"/>
<String CONTENT="Mount" HEIGHT="40" WIDTH="172" VPOS="793" HPOS="1530"/>
<SP HEIGHT="40" WIDTH="33" VPOS="793" HPOS="1703"/>
<String CONTENT="Yernon" HEIGHT="40" WIDTH="195" VPOS="793" HPOS="1737"/>
<SP HEIGHT="38" WIDTH="33" VPOS="794" HPOS="1933"/>
<String CONTENT="ladies&#8217;" HEIGHT="40" WIDTH="169" VPOS="793" HPOS="1967"/>
</TextLine>
<TextLine HEIGHT="50" WIDTH="1418" VPOS="849" HPOS="205" CS="1">
<String CONTENT="assn." HEIGHT="30" WIDTH="128" VPOS="863" HPOS="205"/>
<SP HEIGHT="28" WIDTH="30" VPOS="865" HPOS="334"/>
<String CONTENT="of" HEIGHT="40" WIDTH="52" VPOS="853" HPOS="365"/>
<SP HEIGHT="40" WIDTH="30" VPOS="853" HPOS="418"/>
<String CONTENT="the" HEIGHT="39" WIDTH="83" VPOS="854" HPOS="449"/>
<SP HEIGHT="40" WIDTH="30" VPOS="853" HPOS="533"/>
<String CONTENT="Union," HEIGHT="47" WIDTH="173" VPOS="852" HPOS="564"/>
<SP HEIGHT="46" WIDTH="31" VPOS="853" HPOS="738"/>
<String CONTENT="Mount" HEIGHT="38" WIDTH="171" VPOS="853" HPOS="770"/>
<SP HEIGHT="39" WIDTH="31" VPOS="852" HPOS="942"/>
<String CONTENT="Yernon," HEIGHT="46" WIDTH="207" VPOS="852" HPOS="974"/>
<SP HEIGHT="47" WIDTH="33" VPOS="851" HPOS="1182"/>
<String CS="1" CONTENT="Va." HEIGHT="28" WIDTH="42" VPOS="861" HPOS="1259"/>
<SP HEIGHT="48" WIDTH="70" VPOS="850" HPOS="1302"/>
<String CONTENT="(29-3158)" HEIGHT="49" WIDTH="250" VPOS="849" HPOS="1373"/>
</TextLine>
<TextLine HEIGHT="66" WIDTH="986" VPOS="917" HPOS="135" STYLEREFS="StyleId-A83E497A-79A2-42E3-A441-1C502B8C305B-">
<String CONTENT="Kirkpatrick," HEIGHT="65" WIDTH="407" VPOS="918" HPOS="135"/>
<SP HEIGHT="64" WIDTH="28" VPOS="919" HPOS="543"/>
<String CONTENT="Ellis" HEIGHT="52" WIDTH="147" VPOS="918" HPOS="572"/>
<SP HEIGHT="53" WIDTH="25" VPOS="917" HPOS="720"/>
<String CONTENT="Lore," HEIGHT="64" WIDTH="168" VPOS="917" HPOS="746"/>
<SP HEIGHT="58" WIDTH="33" VPOS="923" HPOS="915"/>
<String CONTENT="1884-" HEIGHT="50" WIDTH="172" VPOS="921" HPOS="949"/>
</TextLine>
<TextLine HEIGHT="72" WIDTH="1939" VPOS="993" HPOS="204" STYLEREFS="StyleId-A83E497A-79A2-42E3-A441-1C502B8C305B-">
<String CONTENT="The" HEIGHT="52" WIDTH="122" VPOS="1000" HPOS="204"/>
<SP HEIGHT="53" WIDTH="30" VPOS="999" HPOS="327"/>
<String CONTENT="farmer&#8217;s" HEIGHT="53" WIDTH="262" VPOS="998" HPOS="358"/>
<SP HEIGHT="34" WIDTH="28" VPOS="1017" HPOS="621"/>
<String CONTENT="standard" HEIGHT="51" WIDTH="278" VPOS="999" HPOS="650"/>
<SP HEIGHT="51" WIDTH="30" VPOS="999" HPOS="929"/>
<String CONTENT="of" HEIGHT="54" WIDTH="65" VPOS="996" HPOS="960"/>
<SP HEIGHT="53" WIDTH="29" VPOS="996" HPOS="1026"/>
<String CONTENT="living," HEIGHT="70" WIDTH="203" VPOS="995" HPOS="1056"/>
<SP HEIGHT="68" WIDTH="29" VPOS="996" HPOS="1260"/>
<String CONTENT="by" HEIGHT="68" WIDTH="74" VPOS="996" HPOS="1290"/>
<SP HEIGHT="68" WIDTH="33" VPOS="996" HPOS="1365"/>
<String CONTENT="Ellis" HEIGHT="54" WIDTH="149" VPOS="996" HPOS="1399"/>
<SP HEIGHT="54" WIDTH="29" VPOS="996" HPOS="1549"/>
<String CONTENT="Lore" HEIGHT="53" WIDTH="146" VPOS="996" HPOS="1579"/>
<SP HEIGHT="54" WIDTH="32" VPOS="995" HPOS="1726"/>
<String CONTENT="Kirkpatrick" HEIGHT="72" WIDTH="384" VPOS="993" HPOS="1759"/>
</TextLine>
<TextLine HEIGHT="73" WIDTH="1565" VPOS="1074" HPOS="196" STYLEREFS="StyleId-A83E497A-79A2-42E3-A441-1C502B8C305B-" CS="1">
<String CS="1" CONTENT="&#8230;"/>
<SP HEIGHT="52" WIDTH="77" VPOS="1077" HPOS="196"/>
<String CONTENT="New" HEIGHT="52" WIDTH="140" VPOS="1077" HPOS="274"/>
<SP HEIGHT="52" WIDTH="32" VPOS="1077" HPOS="415"/>
<String CONTENT="York" HEIGHT="52" WIDTH="165" VPOS="1077" HPOS="448"/>
<SP HEIGHT="51" WIDTH="30" VPOS="1077" HPOS="614"/>
<String CONTENT="&amp;" HEIGHT="49" WIDTH="50" VPOS="1079" HPOS="645"/>
<SP HEIGHT="51" WIDTH="32" VPOS="1077" HPOS="696"/>
<String CONTENT="London," HEIGHT="70" WIDTH="259" VPOS="1077" HPOS="729"/>
<SP HEIGHT="70" WIDTH="31" VPOS="1077" HPOS="989"/>
<String CONTENT="The" HEIGHT="52" WIDTH="120" VPOS="1076" HPOS="1021"/>
<SP HEIGHT="55" WIDTH="36" VPOS="1074" HPOS="1142"/>
<String CONTENT="Century" HEIGHT="69" WIDTH="257" VPOS="1074" HPOS="1179"/>
<SP HEIGHT="50" WIDTH="33" VPOS="1093" HPOS="1437"/>
<String CONTENT="co." HEIGHT="35" WIDTH="78" VPOS="1093" HPOS="1471"/>
<SP/>
<String CS="1" CONTENT="[1929]" HEIGHT="63" WIDTH="48" VPOS="1077" HPOS="1713"/>
</TextLine>
<TextLine HEIGHT="90" WIDTH="1938" VPOS="1132" HPOS="205" CS="1">
<String CONTENT="xiii" HEIGHT="40" WIDTH="90" VPOS="1157" HPOS="205"/>
<SP HEIGHT="48" WIDTH="30" VPOS="1157" HPOS="296"/>
<String CONTENT="p.," HEIGHT="36" WIDTH="57" VPOS="1169" HPOS="327"/>
<SP HEIGHT="48" WIDTH="31" VPOS="1157" HPOS="385"/>
<String CONTENT="2" HEIGHT="39" WIDTH="27" VPOS="1157" HPOS="417"/>
<SP HEIGHT="39" WIDTH="30" VPOS="1157" HPOS="445"/>
<String CS="1" CONTENT="l.," HEIGHT="38" WIDTH="29" VPOS="1159" HPOS="476"/>
<SP HEIGHT="90" WIDTH="25" VPOS="1132" HPOS="524"/>
<String CONTENT="3-299" HEIGHT="41" WIDTH="148" VPOS="1156" HPOS="550"/>
<SP HEIGHT="48" WIDTH="29" VPOS="1156" HPOS="699"/>
<String CONTENT="p." HEIGHT="37" WIDTH="43" VPOS="1167" HPOS="729"/>
<SP HEIGHT="39" WIDTH="32" VPOS="1157" HPOS="773"/>
<String CONTENT="incl." HEIGHT="41" WIDTH="110" VPOS="1157" HPOS="806"/>
<SP HEIGHT="40" WIDTH="33" VPOS="1158" HPOS="917"/>
<String CONTENT="tables," HEIGHT="46" WIDTH="169" VPOS="1157" HPOS="951"/>
<SP HEIGHT="47" WIDTH="33" VPOS="1156" HPOS="1121"/>
<String CONTENT="diagrs." HEIGHT="49" WIDTH="181" VPOS="1154" HPOS="1155"/>
<SP HEIGHT="40" WIDTH="58" VPOS="1156" HPOS="1337"/>
<String CS="1" CONTENT="19&#189;&#7580;&#7504;." HEIGHT="39" WIDTH="55" VPOS="1155" HPOS="1396"/>
<SP HEIGHT="30" WIDTH="62" VPOS="1174" HPOS="1543"/>
<String CONTENT="[The" HEIGHT="49" WIDTH="116" VPOS="1155" HPOS="1606"/>
<SP HEIGHT="41" WIDTH="32" VPOS="1154" HPOS="1723"/>
<String CONTENT="Century" HEIGHT="48" WIDTH="214" VPOS="1154" HPOS="1756"/>
<SP HEIGHT="37" WIDTH="35" VPOS="1165" HPOS="1971"/>
<String CONTENT="rural" HEIGHT="38" WIDTH="136" VPOS="1157" HPOS="2007"/>
</TextLine>
<TextLine HEIGHT="48" WIDTH="280" VPOS="1215" HPOS="136">
<String CONTENT="life" HEIGHT="40" WIDTH="87" VPOS="1215" HPOS="136"/>
<SP HEIGHT="38" WIDTH="28" VPOS="1216" HPOS="224"/>
<String CONTENT="books]" HEIGHT="48" WIDTH="163" VPOS="1215" HPOS="253"/>
</TextLine>
<TextLine HEIGHT="50" WIDTH="859" VPOS="1269" HPOS="207">
<String CONTENT="&#8220;First" HEIGHT="40" WIDTH="161" VPOS="1272" HPOS="207"/>
<SP HEIGHT="45" WIDTH="26" VPOS="1274" HPOS="369"/>
<String CONTENT="printing," HEIGHT="48" WIDTH="230" VPOS="1271" HPOS="396"/>
<SP HEIGHT="47" WIDTH="28" VPOS="1271" HPOS="627"/>
<String CONTENT="January" HEIGHT="46" WIDTH="223" VPOS="1271" HPOS="656"/>
<SP HEIGHT="46" WIDTH="27" VPOS="1271" HPOS="880"/>
<String CONTENT="1929.&#8221;" HEIGHT="41" WIDTH="158" VPOS="1269" HPOS="908"/>
</TextLine>
<TextLine HEIGHT="100" WIDTH="1990" VPOS="1326" HPOS="137" CS="1">
<String CONTENT="Based" HEIGHT="38" WIDTH="159" VPOS="1330" HPOS="206"/>
<SP HEIGHT="38" WIDTH="32" VPOS="1330" HPOS="366"/>
<String CONTENT="on" HEIGHT="29" WIDTH="59" VPOS="1339" HPOS="399"/>
<SP HEIGHT="38" WIDTH="29" VPOS="1330" HPOS="459"/>
<String CONTENT="bulletins" HEIGHT="40" WIDTH="231" VPOS="1328" HPOS="489"/>
<SP HEIGHT="30" WIDTH="29" VPOS="1337" HPOS="721"/>
<String CONTENT="and" HEIGHT="39" WIDTH="98" VPOS="1328" HPOS="751"/>
<SP HEIGHT="39" WIDTH="30" VPOS="1328" HPOS="850"/>
<String CONTENT="reports" HEIGHT="44" WIDTH="189" VPOS="1330" HPOS="881"/>
<SP HEIGHT="37" WIDTH="30" VPOS="1337" HPOS="1071"/>
<String CONTENT="published" HEIGHT="47" WIDTH="256" VPOS="1327" HPOS="1102"/>
<SP HEIGHT="39" WIDTH="31" VPOS="1327" HPOS="1359"/>
<String CONTENT="by" HEIGHT="47" WIDTH="59" VPOS="1327" HPOS="1391"/>
<SP HEIGHT="46" WIDTH="31" VPOS="1328" HPOS="1451"/>
<String CONTENT="the" HEIGHT="39" WIDTH="83" VPOS="1327" HPOS="1483"/>
<SP HEIGHT="40" WIDTH="30" VPOS="1327" HPOS="1567"/>
<String LANG="fr" CONTENT="U." HEIGHT="40" WIDTH="56" VPOS="1327" HPOS="1598"/>
<SP HEIGHT="40" WIDTH="32" VPOS="1327" HPOS="1655"/>
<String CONTENT="S." HEIGHT="40" WIDTH="45" VPOS="1327" HPOS="1688"/>
<SP HEIGHT="40" WIDTH="29" VPOS="1327" HPOS="1734"/>
<String CONTENT="Dept." HEIGHT="47" WIDTH="142" VPOS="1327" HPOS="1764"/>
<SP HEIGHT="28" WIDTH="30" VPOS="1338" HPOS="1907"/>
<String CONTENT="of" HEIGHT="39" WIDTH="51" VPOS="1327" HPOS="1938"/>
<SP HEIGHT="39" WIDTH="30" VPOS="1327" HPOS="1990"/>
<String CS="1" CONTENT="agriculture;" HEIGHT="100" WIDTH="1990" VPOS="1326" HPOS="137"/>
</TextLine>
<TextLine HEIGHT="100" WIDTH="1991" VPOS="1383" HPOS="136" CS="1">
<String CONTENT="one" HEIGHT="30" WIDTH="90" VPOS="1395" HPOS="391"/>
<SP HEIGHT="29" WIDTH="32" VPOS="1396" HPOS="482"/>
<String CONTENT="of" HEIGHT="40" WIDTH="51" VPOS="1385" HPOS="515"/>
<SP HEIGHT="39" WIDTH="34" VPOS="1385" HPOS="567"/>
<String CONTENT="these" HEIGHT="38" WIDTH="135" VPOS="1386" HPOS="602"/>
<SP HEIGHT="38" WIDTH="34" VPOS="1386" HPOS="738"/>
<String CONTENT="bulletins" HEIGHT="40" WIDTH="232" VPOS="1384" HPOS="773"/>
<SP HEIGHT="48" WIDTH="45" VPOS="1383" HPOS="1006"/>
<String CONTENT="(no." HEIGHT="48" WIDTH="99" VPOS="1383" HPOS="1052"/>
<SP HEIGHT="39" WIDTH="36" VPOS="1385" HPOS="1152"/>
<String CONTENT="1466)" HEIGHT="46" WIDTH="140" VPOS="1384" HPOS="1189"/>
<SP HEIGHT="46" WIDTH="45" VPOS="1384" HPOS="1330"/>
<String CONTENT="by" HEIGHT="47" WIDTH="60" VPOS="1384" HPOS="1376"/>
<SP HEIGHT="45" WIDTH="36" VPOS="1386" HPOS="1437"/>
<String CONTENT="the" HEIGHT="40" WIDTH="83" VPOS="1384" HPOS="1474"/>
<SP HEIGHT="30" WIDTH="33" VPOS="1394" HPOS="1558"/>
<String CONTENT="author" HEIGHT="39" WIDTH="180" VPOS="1385" HPOS="1592"/>
<SP HEIGHT="28" WIDTH="35" VPOS="1395" HPOS="1773"/>
<String CONTENT="of" HEIGHT="40" WIDTH="51" VPOS="1383" HPOS="1809"/>
<SP HEIGHT="41" WIDTH="34" VPOS="1383" HPOS="1861"/>
<String CONTENT="this" HEIGHT="40" WIDTH="100" VPOS="1384" HPOS="1896"/>
<SP HEIGHT="37" WIDTH="34" VPOS="1395" HPOS="1997"/>
<String CONTENT="publication" HEIGHT="99" WIDTH="1991" VPOS="1384" HPOS="136"/>
<SP HEIGHT="37" WIDTH="34" VPOS="1444" HPOS="339"/>
<String CONTENT="has" HEIGHT="38" WIDTH="89" VPOS="1444" HPOS="374"/>
<SP HEIGHT="39" WIDTH="35" VPOS="1443" HPOS="464"/>
<String CONTENT="been" HEIGHT="38" WIDTH="118" VPOS="1443" HPOS="500"/>
</TextLine>
<TextLine HEIGHT="107" WIDTH="1993" VPOS="1441" HPOS="135" CS="1">
<String CONTENT="published," HEIGHT="47" WIDTH="271" VPOS="1442" HPOS="654"/>
<SP HEIGHT="45" WIDTH="35" VPOS="1443" HPOS="926"/>
<String CONTENT="1926," HEIGHT="47" WIDTH="128" VPOS="1441" HPOS="962"/>
<SP HEIGHT="37" WIDTH="36" VPOS="1451" HPOS="1091"/>
<String CONTENT="under" HEIGHT="39" WIDTH="155" VPOS="1441" HPOS="1128"/>
<SP HEIGHT="37" WIDTH="34" VPOS="1443" HPOS="1284"/>
<String CONTENT="the" HEIGHT="38" WIDTH="83" VPOS="1442" HPOS="1319"/>
<SP HEIGHT="30" WIDTH="36" VPOS="1451" HPOS="1403"/>
<String CONTENT="same" HEIGHT="30" WIDTH="134" VPOS="1451" HPOS="1440"/>
<SP HEIGHT="38" WIDTH="35" VPOS="1443" HPOS="1575"/>
<String CONTENT="title" HEIGHT="40" WIDTH="108" VPOS="1441" HPOS="1611"/>
<SP HEIGHT="30" WIDTH="37" VPOS="1451" HPOS="1720"/>
<String CONTENT="as" HEIGHT="30" WIDTH="54" VPOS="1451" HPOS="1758"/>
<SP HEIGHT="37" WIDTH="37" VPOS="1444" HPOS="1813"/>
<String CONTENT="this" HEIGHT="40" WIDTH="99" VPOS="1441" HPOS="1851"/>
<SP HEIGHT="29" WIDTH="35" VPOS="1452" HPOS="1951"/>
<String CONTENT="monograph." HEIGHT="97" WIDTH="1993" VPOS="1451" HPOS="135"/>
</TextLine>
<TextLine HEIGHT="52" WIDTH="1664" VPOS="1553" HPOS="140" CS="1">
<String CONTENT="&#169;" HEIGHT="52" WIDTH="52" VPOS="1553" HPOS="140"/>
<SP HEIGHT="52" WIDTH="29" VPOS="1553" HPOS="193"/>
<String CONTENT="Jan." HEIGHT="40" WIDTH="112" VPOS="1558" HPOS="223"/>
<SP HEIGHT="41" WIDTH="27" VPOS="1557" HPOS="336"/>
<String CONTENT="25," HEIGHT="47" WIDTH="69" VPOS="1557" HPOS="364"/>
<SP HEIGHT="47" WIDTH="30" VPOS="1557" HPOS="434"/>
<String CS="1" CONTENT="1929;" HEIGHT="40" WIDTH="114" VPOS="1556" HPOS="465"/>
<SP HEIGHT="47" WIDTH="30" VPOS="1556" HPOS="607"/>
<String CONTENT="2c." HEIGHT="41" WIDTH="69" VPOS="1556" HPOS="638"/>
<SP HEIGHT="31" WIDTH="28" VPOS="1566" HPOS="708"/>
<String CONTENT="and" HEIGHT="38" WIDTH="97" VPOS="1557" HPOS="737"/>
<SP HEIGHT="38" WIDTH="29" VPOS="1557" HPOS="835"/>
<String LANG="de" CONTENT="aff." HEIGHT="41" WIDTH="83" VPOS="1555" HPOS="865"/>
<SP HEIGHT="40" WIDTH="31" VPOS="1556" HPOS="949"/>
<String CONTENT="Jan." HEIGHT="40" WIDTH="110" VPOS="1556" HPOS="981"/>
<SP HEIGHT="41" WIDTH="29" VPOS="1555" HPOS="1092"/>
<String CS="1" CONTENT="31;" HEIGHT="41" WIDTH="54" VPOS="1555" HPOS="1122"/>
<SP HEIGHT="47" WIDTH="31" VPOS="1555" HPOS="1207"/>
<!-- cceid 8944BF76-6CFA-1014-9C3C-CEA95E7AA542 --><String CONTENT="A" HEIGHT="39" WIDTH="41" VPOS="1555" HPOS="1239"/>
<SP HEIGHT="39" WIDTH="28" VPOS="1555" HPOS="1281"/>
<String CS="1" CONTENT="4149;" HEIGHT="40" WIDTH="116" VPOS="1555" HPOS="1310"/>
<SP HEIGHT="47" WIDTH="33" VPOS="1555" HPOS="1455"/>
<String CONTENT="Century" HEIGHT="48" WIDTH="216" VPOS="1555" HPOS="1489"/>
<SP HEIGHT="37" WIDTH="30" VPOS="1566" HPOS="1706"/>
<String CONTENT="co." HEIGHT="31" WIDTH="67" VPOS="1565" HPOS="1737"/>
</TextLine>
<TextLine HEIGHT="50" WIDTH="252" VPOS="1613" HPOS="216">
<String CONTENT="(29-3417)" HEIGHT="50" WIDTH="252" VPOS="1613" HPOS="216"/>
</TextLine>
<TextLine HEIGHT="65" WIDTH="1460" VPOS="1678" HPOS="139" STYLEREFS="StyleId-A83E497A-79A2-42E3-A441-1C502B8C305B-">
<String LANG="en-US" CONTENT="Kurlbaum," HEIGHT="63" WIDTH="347" VPOS="1680" HPOS="139"/>
<SP HEIGHT="63" WIDTH="29" VPOS="1680" HPOS="487"/>
<String LANG="de" CONTENT="Frau" HEIGHT="52" WIDTH="158" VPOS="1680" HPOS="517"/>
<SP HEIGHT="51" WIDTH="29" VPOS="1680" HPOS="676"/>
<String LANG="de" CONTENT="Margarete" HEIGHT="63" WIDTH="343" VPOS="1680" HPOS="706"/>
<SP HEIGHT="63" WIDTH="38" VPOS="1680" HPOS="1050"/>
<String LANG="en-US" CONTENT="(" HEIGHT="63" WIDTH="21" VPOS="1680" HPOS="1089"/>
<SP HEIGHT="63" WIDTH="7" VPOS="1680" HPOS="1111"/>
<String LANG="de" CONTENT="Sieber" HEIGHT="55" WIDTH="204" VPOS="1678" HPOS="1119"/>
<String LANG="en-US" CONTENT="t)" HEIGHT="62" WIDTH="55" VPOS="1679" HPOS="1328"/>
<SP HEIGHT="62" WIDTH="42" VPOS="1679" HPOS="1384"/>
<String LANG="en-US" CONTENT="1874-" HEIGHT="54" WIDTH="172" VPOS="1680" HPOS="1427"/>
</TextLine>
<TextLine HEIGHT="70" WIDTH="1935" VPOS="1755" HPOS="208" STYLEREFS="StyleId-A83E497A-79A2-42E3-A441-1C502B8C305B-" CS="1">
<String CONTENT="Mary," HEIGHT="68" WIDTH="189" VPOS="1757" HPOS="208"/>
<SP HEIGHT="50" WIDTH="44" VPOS="1775" HPOS="398"/>
<String CONTENT="queen" HEIGHT="50" WIDTH="176" VPOS="1775" HPOS="443"/>
<SP HEIGHT="35" WIDTH="47" VPOS="1774" HPOS="620"/>
<String CONTENT="of" HEIGHT="54" WIDTH="65" VPOS="1755" HPOS="668"/>
<SP HEIGHT="55" WIDTH="44" VPOS="1755" HPOS="734"/>
<String CONTENT="Scots" HEIGHT="55" WIDTH="162" VPOS="1755" HPOS="779"/>
<SP HEIGHT="47" WIDTH="53" VPOS="1776" HPOS="942"/>
<String STYLE="subscript" CS="1" CONTENT="[by]"/>
<SP HEIGHT="67" WIDTH="50" VPOS="1756" HPOS="1106"/>
<String LANG="de" CONTENT="Margarete" HEIGHT="69" WIDTH="330" VPOS="1756" HPOS="1157"/>
<SP HEIGHT="52" WIDTH="45" VPOS="1757" HPOS="1488"/>
<String CONTENT="Kurlbaum-Siebert;" HEIGHT="69" WIDTH="609" VPOS="1755" HPOS="1534"/>
</TextLine>
<TextLine HEIGHT="70" WIDTH="2005" VPOS="1833" HPOS="142" STYLEREFS="StyleId-A83E497A-79A2-42E3-A441-1C502B8C305B-">
<String CONTENT="translated" HEIGHT="53" WIDTH="313" VPOS="1835" HPOS="142"/>
<SP HEIGHT="53" WIDTH="31" VPOS="1834" HPOS="456"/>
<String CONTENT="from" HEIGHT="53" WIDTH="153" VPOS="1834" HPOS="488"/>
<SP HEIGHT="46" WIDTH="28" VPOS="1840" HPOS="642"/>
<String CONTENT="the" HEIGHT="53" WIDTH="97" VPOS="1834" HPOS="671"/>
<SP HEIGHT="55" WIDTH="29" VPOS="1833" HPOS="769"/>
<String CONTENT="German" HEIGHT="55" WIDTH="252" VPOS="1833" HPOS="799"/>
<SP HEIGHT="53" WIDTH="28" VPOS="1834" HPOS="1052"/>
<String CONTENT="by" HEIGHT="69" WIDTH="75" VPOS="1834" HPOS="1081"/>
<SP HEIGHT="69" WIDTH="30" VPOS="1834" HPOS="1157"/>
<String CONTENT="Mary" HEIGHT="69" WIDTH="171" VPOS="1834" HPOS="1188"/>
<SP HEIGHT="69" WIDTH="29" VPOS="1834" HPOS="1360"/>
<String CONTENT="Agnes" HEIGHT="69" WIDTH="196" VPOS="1834" HPOS="1390"/>
<SP HEIGHT="52" WIDTH="28" VPOS="1835" HPOS="1587"/>
<String CONTENT="Hamilton." HEIGHT="53" WIDTH="323" VPOS="1834" HPOS="1616"/>
<SP HEIGHT="53" WIDTH="67" VPOS="1834" HPOS="1940"/>
<String CONTENT="New" HEIGHT="53" WIDTH="139" VPOS="1834" HPOS="2008"/>
</TextLine>
<TextLine HEIGHT="70" WIDTH="1413" VPOS="1912" HPOS="143" STYLEREFS="StyleId-A83E497A-79A2-42E3-A441-1C502B8C305B-" CS="1">
<String LANG="en-US" CONTENT="York," HEIGHT="68" WIDTH="177" VPOS="1913" HPOS="143"/>
<SP HEIGHT="68" WIDTH="26" VPOS="1913" HPOS="321"/>
<String LANG="fr" CONTENT="Harcourt," HEIGHT="66" WIDTH="310" VPOS="1913" HPOS="348"/>
<SP HEIGHT="67" WIDTH="30" VPOS="1912" HPOS="659"/>
<String LANG="en-US" CONTENT="Brace" HEIGHT="53" WIDTH="182" VPOS="1912" HPOS="690"/>
<SP HEIGHT="35" WIDTH="28" VPOS="1930" HPOS="873"/>
<String LANG="en-US" CONTENT="and" HEIGHT="52" WIDTH="112" VPOS="1912" HPOS="902"/>
<SP HEIGHT="52" WIDTH="30" VPOS="1912" HPOS="1015"/>
<String LANG="en-US" CONTENT="company" HEIGHT="52" WIDTH="281" VPOS="1930" HPOS="1046"/>
<SP/>
<String LANG="en-US" CS="1" CONTENT="[&#7580;1929]" HEIGHT="65" WIDTH="84" VPOS="1914" HPOS="1472"/>
</TextLine>
<TextLine HEIGHT="49" WIDTH="685" VPOS="1995" HPOS="209" CS="1">
<String CONTENT="504" HEIGHT="41" WIDTH="85" VPOS="1996" HPOS="209"/>
<SP HEIGHT="47" WIDTH="30" VPOS="1997" HPOS="295"/>
<String CONTENT="p." HEIGHT="38" WIDTH="45" VPOS="2006" HPOS="326"/>
<SP HEIGHT="42" WIDTH="56" VPOS="1995" HPOS="372"/>
<String CONTENT="front.," HEIGHT="48" WIDTH="165" VPOS="1995" HPOS="429"/>
<SP HEIGHT="37" WIDTH="32" VPOS="2006" HPOS="595"/>
<String CONTENT="ports." HEIGHT="46" WIDTH="150" VPOS="1997" HPOS="628"/>
<SP HEIGHT="40" WIDTH="58" VPOS="1995" HPOS="779"/>
<String CS="1" CONTENT="22&#189;&#7580;&#7504;." HEIGHT="39" WIDTH="56" VPOS="1995" HPOS="838"/>
</TextLine>
<TextLine HEIGHT="50" WIDTH="1935" VPOS="2051" HPOS="212">
<String LANG="en-US" CONTENT="&#8220;Published" HEIGHT="40" WIDTH="293" VPOS="2053" HPOS="212"/>
<SP HEIGHT="40" WIDTH="47" VPOS="2052" HPOS="506"/>
<String LANG="en-US" CONTENT="in" HEIGHT="39" WIDTH="50" VPOS="2052" HPOS="554"/>
<SP HEIGHT="40" WIDTH="49" VPOS="2051" HPOS="605"/>
<String LANG="en-US" CONTENT="Germany" HEIGHT="47" WIDTH="242" VPOS="2051" HPOS="655"/>
<SP HEIGHT="36" WIDTH="48" VPOS="2062" HPOS="898"/>
<String LANG="en-US" CONTENT="as" HEIGHT="29" WIDTH="55" VPOS="2062" HPOS="947"/>
<SP HEIGHT="39" WIDTH="49" VPOS="2052" HPOS="1003"/>
<String LANG="de" CONTENT="&#8216;Kampf" HEIGHT="47" WIDTH="198" VPOS="2052" HPOS="1053"/>
<SP HEIGHT="39" WIDTH="48" VPOS="2052" HPOS="1252"/>
<String LANG="de" CONTENT="und" HEIGHT="39" WIDTH="97" VPOS="2052" HPOS="1301"/>
<SP HEIGHT="39" WIDTH="47" VPOS="2052" HPOS="1399"/>
<String LANG="de" CONTENT="liebe" HEIGHT="41" WIDTH="125" VPOS="2052" HPOS="1447"/>
<SP HEIGHT="40" WIDTH="47" VPOS="2053" HPOS="1573"/>
<String LANG="de" CONTENT="der" HEIGHT="39" WIDTH="85" VPOS="2053" HPOS="1621"/>
<SP HEIGHT="47" WIDTH="45" VPOS="2052" HPOS="1707"/>
<String LANG="de" CONTENT="jungen" HEIGHT="49" WIDTH="184" VPOS="2052" HPOS="1753"/>
<SP HEIGHT="38" WIDTH="48" VPOS="2054" HPOS="1938"/>
<String LANG="de" CONTENT="Maria" HEIGHT="41" WIDTH="160" VPOS="2052" HPOS="1987"/>
</TextLine>
<TextLine HEIGHT="49" WIDTH="2006" VPOS="2108" HPOS="142" CS="1">
<String LANG="de" CONTENT="Stuart&#8217;" HEIGHT="42" WIDTH="184" VPOS="2109" HPOS="142"/>
<SP HEIGHT="16" WIDTH="19" VPOS="2109" HPOS="327"/>
<String LANG="de" CONTENT="&#8221;" HEIGHT="16" WIDTH="23" VPOS="2109" HPOS="347"/>
<SP HEIGHT="39" WIDTH="30" VPOS="2109" HPOS="371"/>
<String LANG="de" CONTENT="in" HEIGHT="39" WIDTH="51" VPOS="2109" HPOS="402"/>
<SP HEIGHT="38" WIDTH="26" VPOS="2110" HPOS="454"/>
<String LANG="de" CONTENT="1927." HEIGHT="40" WIDTH="129" VPOS="2109" HPOS="481"/>
<SP HEIGHT="40" WIDTH="60" VPOS="2109" HPOS="611"/>
<String LANG="en-US" CONTENT="Earlier" HEIGHT="40" WIDTH="192" VPOS="2108" HPOS="672"/>
<SP HEIGHT="29" WIDTH="29" VPOS="2119" HPOS="865"/>
<String LANG="en-US" CONTENT="editions" HEIGHT="40" WIDTH="210" VPOS="2108" HPOS="895"/>
<SP HEIGHT="39" WIDTH="28" VPOS="2118" HPOS="1106"/>
<String LANG="en-US" CONTENT="published" HEIGHT="49" WIDTH="258" VPOS="2108" HPOS="1135"/>
<SP HEIGHT="39" WIDTH="31" VPOS="2109" HPOS="1394"/>
<String LANG="en-US" CONTENT="under" HEIGHT="38" WIDTH="154" VPOS="2110" HPOS="1426"/>
<SP HEIGHT="37" WIDTH="30" VPOS="2112" HPOS="1581"/>
<String LANG="en-US" CS="1" CONTENT="title:" HEIGHT="40" WIDTH="109" VPOS="2109" HPOS="1612"/>
<SP HEIGHT="39" WIDTH="33" VPOS="2110" HPOS="1748"/>
<String LANG="en-US" CONTENT="Maria" HEIGHT="40" WIDTH="160" VPOS="2109" HPOS="1782"/>
<SP HEIGHT="42" WIDTH="33" VPOS="2108" HPOS="1943"/>
<String LANG="en-US" CONTENT="Stuart" HEIGHT="42" WIDTH="171" VPOS="2108" HPOS="1977"/>
</TextLine>
<TextLine HEIGHT="41" WIDTH="388" VPOS="2165" HPOS="140" LANG="de">
<String LANG="en-US" CONTENT="in" HEIGHT="40" WIDTH="50" VPOS="2166" HPOS="140"/>
<SP HEIGHT="41" WIDTH="34" VPOS="2165" HPOS="191"/>
<String CONTENT="Schottland." HEIGHT="41" WIDTH="302" VPOS="2165" HPOS="226"/>
</TextLine>
<TextLine HEIGHT="52" WIDTH="2005" VPOS="2219" HPOS="143">
<String LANG="en-US" CONTENT="&#169;" HEIGHT="52" WIDTH="52" VPOS="2219" HPOS="143"/>
<SP HEIGHT="52" WIDTH="29" VPOS="2219" HPOS="196"/>
<String LANG="en-US" CONTENT="Jan." HEIGHT="40" WIDTH="109" VPOS="2223" HPOS="226"/>
<SP HEIGHT="41" WIDTH="28" VPOS="2222" HPOS="336"/>
<String LANG="en-US" CONTENT="24," HEIGHT="48" WIDTH="70" VPOS="2222" HPOS="365"/>
<SP HEIGHT="46" WIDTH="30" VPOS="2224" HPOS="436"/>
<String LANG="en-US" CONTENT="1929;" HEIGHT="47" WIDTH="141" VPOS="2221" HPOS="467"/>
<SP HEIGHT="46" WIDTH="31" VPOS="2222" HPOS="609"/>
<String LANG="en-US" CONTENT="2c." HEIGHT="39" WIDTH="68" VPOS="2222" HPOS="641"/>
<SP HEIGHT="39" WIDTH="31" VPOS="2222" HPOS="710"/>
<String LANG="en-US" CONTENT="Jan." HEIGHT="39" WIDTH="110" VPOS="2222" HPOS="742"/>
<SP HEIGHT="39" WIDTH="29" VPOS="2222" HPOS="853"/>
<String LANG="en-US" CONTENT="31;" HEIGHT="45" WIDTH="83" VPOS="2222" HPOS="883"/>
<SP HEIGHT="36" WIDTH="33" VPOS="2231" HPOS="967"/>
<String LANG="de" CONTENT="aff." HEIGHT="41" WIDTH="83" VPOS="2220" HPOS="1001"/>
<SP HEIGHT="39" WIDTH="30" VPOS="2222" HPOS="1085"/>
<String LANG="en-US" CONTENT="Jan." HEIGHT="39" WIDTH="111" VPOS="2222" HPOS="1116"/>
<SP HEIGHT="39" WIDTH="30" VPOS="2221" HPOS="1228"/>
<String LANG="en-US" CONTENT="29;" HEIGHT="48" WIDTH="83" VPOS="2220" HPOS="1259"/>
<SP HEIGHT="46" WIDTH="32" VPOS="2222" HPOS="1343"/>
<!-- cceid 8945DD3F-6CFA-1014-9C3C-CEA95E7AA542 --><String LANG="en-US" CONTENT="A" HEIGHT="38" WIDTH="42" VPOS="2222" HPOS="1376"/>
<SP HEIGHT="38" WIDTH="28" VPOS="2222" HPOS="1419"/>
<String LANG="en-US" CONTENT="4163;" HEIGHT="47" WIDTH="143" VPOS="2221" HPOS="1448"/>
<SP HEIGHT="46" WIDTH="34" VPOS="2222" HPOS="1592"/>
<String LANG="fr" CONTENT="Harcourt," HEIGHT="48" WIDTH="262" VPOS="2222" HPOS="1627"/>
<SP HEIGHT="48" WIDTH="31" VPOS="2222" HPOS="1890"/>
<String LANG="en-US" CONTENT="Brace" HEIGHT="39" WIDTH="157" VPOS="2222" HPOS="1922"/>
<SP HEIGHT="40" WIDTH="30" VPOS="2222" HPOS="2080"/>
<String LANG="en-US" CONTENT="&amp;" HEIGHT="40" WIDTH="37" VPOS="2222" HPOS="2111"/>
</TextLine>
<TextLine HEIGHT="51" WIDTH="523" VPOS="2278" HPOS="211">
<String CONTENT="co.," HEIGHT="39" WIDTH="82" VPOS="2290" HPOS="211"/>
<SP HEIGHT="49" WIDTH="27" VPOS="2280" HPOS="294"/>
<String CONTENT="inc." HEIGHT="39" WIDTH="92" VPOS="2280" HPOS="322"/>
<SP HEIGHT="50" WIDTH="66" VPOS="2279" HPOS="415"/>
<String CONTENT="(29-3262)" HEIGHT="51" WIDTH="252" VPOS="2278" HPOS="482"/>
</TextLine>
<TextLine HEIGHT="64" WIDTH="846" VPOS="2345" HPOS="139" STYLEREFS="StyleId-3260B56A-C2E8-4E3F-9B9E-A19BAB3EAACF-">
<String CONTENT="Lawson," HEIGHT="63" WIDTH="269" VPOS="2346" HPOS="139"/>
<SP HEIGHT="63" WIDTH="33" VPOS="2346" HPOS="409"/>
<String CONTENT="James" HEIGHT="53" WIDTH="204" VPOS="2346" HPOS="443"/>
<SP HEIGHT="53" WIDTH="32" VPOS="2345" HPOS="648"/>
<String CONTENT="Gilchrist." HEIGHT="54" WIDTH="304" VPOS="2345" HPOS="681"/>
</TextLine>
<TextLine HEIGHT="226" WIDTH="2010" VPOS="2422" HPOS="140" STYLEREFS="StyleId-A83E497A-79A2-42E3-A441-1C502B8C305B-" CS="1">
<String CONTENT="[Explanations;" HEIGHT="67" WIDTH="469" VPOS="2424" HPOS="217"/>
<SP HEIGHT="66" WIDTH="44" VPOS="2423" HPOS="687"/>
<String CONTENT="introduction;" HEIGHT="67" WIDTH="420" VPOS="2423" HPOS="732"/>
<SP HEIGHT="48" WIDTH="45" VPOS="2442" HPOS="1153"/>
<String CONTENT="special" HEIGHT="67" WIDTH="211" VPOS="2424" HPOS="1199"/>
<SP HEIGHT="50" WIDTH="42" VPOS="2425" HPOS="1411"/>
<String CONTENT="references" HEIGHT="55" WIDTH="316" VPOS="2422" HPOS="1454"/>
<SP HEIGHT="52" WIDTH="42" VPOS="2425" HPOS="1771"/>
<String CONTENT="in" HEIGHT="51" WIDTH="60" VPOS="2425" HPOS="1814"/>
<SP HEIGHT="35" WIDTH="42" VPOS="2442" HPOS="1875"/>
<String CONTENT="connection" HEIGHT="113" WIDTH="1984" VPOS="2442" HPOS="140"/>
<SP HEIGHT="33" WIDTH="32" VPOS="2521" HPOS="263"/>
<String CONTENT="with" HEIGHT="51" WIDTH="139" VPOS="2503" HPOS="296"/>
<SP HEIGHT="51" WIDTH="31" VPOS="2503" HPOS="436"/>
<String CONTENT="markings" HEIGHT="68" WIDTH="299" VPOS="2502" HPOS="468"/>
<SP HEIGHT="47" WIDTH="29" VPOS="2507" HPOS="768"/>
<String CONTENT="throughout" HEIGHT="68" WIDTH="356" VPOS="2502" HPOS="798"/>
<SP HEIGHT="47" WIDTH="29" VPOS="2507" HPOS="1155"/>
<String CONTENT="the" HEIGHT="52" WIDTH="95" VPOS="2502" HPOS="1185"/>
<SP HEIGHT="51" WIDTH="32" VPOS="2503" HPOS="1281"/>
<String CONTENT="Bible;" HEIGHT="67" WIDTH="194" VPOS="2501" HPOS="1314"/>
<SP HEIGHT="48" WIDTH="37" VPOS="2520" HPOS="1509"/>
<String CONTENT="summary" HEIGHT="51" WIDTH="293" VPOS="2519" HPOS="1547"/>
<SP HEIGHT="51" WIDTH="31" VPOS="2519" HPOS="1841"/>
<String CONTENT="of" HEIGHT="53" WIDTH="65" VPOS="2501" HPOS="1873"/>
<SP HEIGHT="53" WIDTH="31" VPOS="2501" HPOS="1939"/>
<String CONTENT="references]" HEIGHT="145" WIDTH="1982" VPOS="2501" HPOS="143"/>
<SP HEIGHT="66" WIDTH="41" VPOS="2580" HPOS="319"/>
<String CONTENT="by" HEIGHT="68" WIDTH="77" VPOS="2580" HPOS="361"/>
<SP HEIGHT="67" WIDTH="34" VPOS="2581" HPOS="439"/>
<String CONTENT="J." HEIGHT="53" WIDTH="56" VPOS="2581" HPOS="474"/>
<SP HEIGHT="55" WIDTH="39" VPOS="2579" HPOS="531"/>
<String CONTENT="Gilchrist" HEIGHT="55" WIDTH="283" VPOS="2579" HPOS="571"/>
<SP HEIGHT="52" WIDTH="33" VPOS="2580" HPOS="855"/>
<String CONTENT="Lawson" HEIGHT="52" WIDTH="244" VPOS="2580" HPOS="889"/>
<SP HEIGHT="34" WIDTH="43" VPOS="2598" HPOS="1134"/>
<String CS="1" CONTENT="&#8230;"/>
<SP HEIGHT="33" WIDTH="50" VPOS="2614" HPOS="1234"/>
<String CS="1" CONTENT="[in" HEIGHT="51" WIDTH="61" VPOS="2581" HPOS="1302"/>
<SP HEIGHT="46" WIDTH="36" VPOS="2586" HPOS="1364"/>
<String CONTENT="the" HEIGHT="51" WIDTH="96" VPOS="2581" HPOS="1401"/>
<SP HEIGHT="53" WIDTH="36" VPOS="2580" HPOS="1498"/>
<String CONTENT="book" HEIGHT="53" WIDTH="150" VPOS="2580" HPOS="1535"/>
<SP HEIGHT="53" WIDTH="37" VPOS="2580" HPOS="1686"/>
<String CONTENT="entitled]" HEIGHT="66" WIDTH="257" VPOS="2581" HPOS="1724"/>
<SP HEIGHT="66" WIDTH="44" VPOS="2581" HPOS="1982"/>
<String CONTENT="The" HEIGHT="53" WIDTH="123" VPOS="2581" HPOS="2027"/>
</TextLine>
<TextLine HEIGHT="69" WIDTH="2008" VPOS="2658" HPOS="141" STYLEREFS="StyleId-A83E497A-79A2-42E3-A441-1C502B8C305B-">
<String CONTENT="marked" HEIGHT="52" WIDTH="234" VPOS="2659" HPOS="141"/>
<SP HEIGHT="52" WIDTH="42" VPOS="2659" HPOS="376"/>
<String CONTENT="Bible," HEIGHT="66" WIDTH="185" VPOS="2658" HPOS="419"/>
<SP HEIGHT="66" WIDTH="37" VPOS="2658" HPOS="605"/>
<String CONTENT="being" HEIGHT="69" WIDTH="174" VPOS="2658" HPOS="643"/>
<SP HEIGHT="63" WIDTH="38" VPOS="2664" HPOS="818"/>
<String CONTENT="the" HEIGHT="52" WIDTH="94" VPOS="2658" HPOS="857"/>
<SP HEIGHT="52" WIDTH="42" VPOS="2658" HPOS="952"/>
<String CONTENT="King" HEIGHT="68" WIDTH="164" VPOS="2658" HPOS="995"/>
<SP HEIGHT="68" WIDTH="39" VPOS="2658" HPOS="1160"/>
<String CONTENT="James" HEIGHT="54" WIDTH="194" VPOS="2658" HPOS="1200"/>
<SP HEIGHT="34" WIDTH="41" VPOS="2677" HPOS="1395"/>
<String CONTENT="or" HEIGHT="33" WIDTH="65" VPOS="2677" HPOS="1437"/>
<SP HEIGHT="33" WIDTH="41" VPOS="2677" HPOS="1503"/>
<String CONTENT="authorized" HEIGHT="53" WIDTH="335" VPOS="2658" HPOS="1545"/>
<SP HEIGHT="52" WIDTH="43" VPOS="2659" HPOS="1881"/>
<String CONTENT="version" HEIGHT="53" WIDTH="224" VPOS="2659" HPOS="1925"/>
</TextLine>
<TextLine HEIGHT="68" WIDTH="2007" VPOS="2736" HPOS="142" STYLEREFS="StyleId-A83E497A-79A2-42E3-A441-1C502B8C305B-">
<String CONTENT="of" HEIGHT="52" WIDTH="65" VPOS="2736" HPOS="142"/>
<SP HEIGHT="52" WIDTH="28" VPOS="2736" HPOS="208"/>
<String CONTENT="the" HEIGHT="52" WIDTH="94" VPOS="2737" HPOS="237"/>
<SP HEIGHT="55" WIDTH="31" VPOS="2736" HPOS="332"/>
<String CONTENT="Old" HEIGHT="55" WIDTH="114" VPOS="2736" HPOS="364"/>
<SP HEIGHT="52" WIDTH="31" VPOS="2737" HPOS="479"/>
<String CONTENT="and" HEIGHT="52" WIDTH="113" VPOS="2737" HPOS="511"/>
<SP HEIGHT="52" WIDTH="30" VPOS="2737" HPOS="625"/>
<String CONTENT="New" HEIGHT="52" WIDTH="139" VPOS="2737" HPOS="656"/>
<SP HEIGHT="50" WIDTH="29" VPOS="2738" HPOS="796"/>
<String CONTENT="Testaments," HEIGHT="65" WIDTH="375" VPOS="2738" HPOS="826"/>
<SP HEIGHT="48" WIDTH="28" VPOS="2755" HPOS="1202"/>
<String CONTENT="marked" HEIGHT="53" WIDTH="237" VPOS="2736" HPOS="1231"/>
<SP HEIGHT="51" WIDTH="29" VPOS="2737" HPOS="1469"/>
<String CONTENT="by" HEIGHT="67" WIDTH="76" VPOS="2737" HPOS="1499"/>
<SP HEIGHT="62" WIDTH="31" VPOS="2742" HPOS="1576"/>
<String CONTENT="the" HEIGHT="52" WIDTH="95" VPOS="2737" HPOS="1608"/>
<SP HEIGHT="52" WIDTH="30" VPOS="2737" HPOS="1704"/>
<String CONTENT="best" HEIGHT="53" WIDTH="123" VPOS="2737" HPOS="1735"/>
<SP HEIGHT="46" WIDTH="29" VPOS="2743" HPOS="1859"/>
<String CONTENT="methods" HEIGHT="53" WIDTH="260" VPOS="2738" HPOS="1889"/>
</TextLine>
<TextLine HEIGHT="70" WIDTH="2008" VPOS="2814" HPOS="143" STYLEREFS="StyleId-A83E497A-79A2-42E3-A441-1C502B8C305B-">
<String CONTENT="of" HEIGHT="52" WIDTH="65" VPOS="2814" HPOS="143"/>
<SP HEIGHT="52" WIDTH="25" VPOS="2814" HPOS="209"/>
<String CONTENT="Bible" HEIGHT="53" WIDTH="165" VPOS="2814" HPOS="235"/>
<SP HEIGHT="33" WIDTH="27" VPOS="2834" HPOS="401"/>
<String CONTENT="marking" HEIGHT="69" WIDTH="270" VPOS="2815" HPOS="429"/>
<SP HEIGHT="50" WIDTH="24" VPOS="2834" HPOS="700"/>
<String CONTENT="on" HEIGHT="33" WIDTH="72" VPOS="2834" HPOS="725"/>
<SP HEIGHT="34" WIDTH="28" VPOS="2833" HPOS="798"/>
<String CONTENT="all" HEIGHT="51" WIDTH="78" VPOS="2816" HPOS="827"/>
<SP HEIGHT="51" WIDTH="26" VPOS="2816" HPOS="906"/>
<String CONTENT="subjects" HEIGHT="69" WIDTH="247" VPOS="2814" HPOS="933"/>
<SP HEIGHT="33" WIDTH="27" VPOS="2834" HPOS="1181"/>
<String CONTENT="connected" HEIGHT="52" WIDTH="305" VPOS="2815" HPOS="1209"/>
<SP HEIGHT="52" WIDTH="29" VPOS="2815" HPOS="1515"/>
<String CONTENT="with" HEIGHT="52" WIDTH="141" VPOS="2815" HPOS="1545"/>
<SP HEIGHT="52" WIDTH="28" VPOS="2815" HPOS="1687"/>
<String CONTENT="the" HEIGHT="52" WIDTH="98" VPOS="2816" HPOS="1716"/>
<SP HEIGHT="47" WIDTH="25" VPOS="2821" HPOS="1815"/>
<String CONTENT="themes" HEIGHT="53" WIDTH="215" VPOS="2815" HPOS="1841"/>
<SP HEIGHT="33" WIDTH="29" VPOS="2835" HPOS="2057"/>
<String CONTENT="of" HEIGHT="53" WIDTH="64" VPOS="2815" HPOS="2087"/>
</TextLine>
<TextLine HEIGHT="149" WIDTH="2010" VPOS="2892" HPOS="142" STYLEREFS="StyleId-A83E497A-79A2-42E3-A441-1C502B8C305B-" CS="1">
<String CONTENT="salvation," HEIGHT="65" WIDTH="301" VPOS="2894" HPOS="142"/>
<SP HEIGHT="61" WIDTH="31" VPOS="2898" HPOS="444"/>
<String CONTENT="the" HEIGHT="53" WIDTH="97" VPOS="2893" HPOS="476"/>
<SP HEIGHT="53" WIDTH="30" VPOS="2893" HPOS="574"/>
<String CONTENT="Holy" HEIGHT="68" WIDTH="159" VPOS="2893" HPOS="605"/>
<SP HEIGHT="69" WIDTH="34" VPOS="2892" HPOS="765"/>
<String CONTENT="Spirit," HEIGHT="69" WIDTH="205" VPOS="2892" HPOS="800"/>
<SP HEIGHT="60" WIDTH="33" VPOS="2898" HPOS="1006"/>
<String CONTENT="temporal" HEIGHT="66" WIDTH="281" VPOS="2894" HPOS="1040"/>
<SP HEIGHT="52" WIDTH="32" VPOS="2893" HPOS="1322"/>
<String CONTENT="blessings," HEIGHT="68" WIDTH="297" VPOS="2893" HPOS="1355"/>
<SP HEIGHT="50" WIDTH="33" VPOS="2911" HPOS="1653"/>
<String CONTENT="prophetic" HEIGHT="68" WIDTH="301" VPOS="2893" HPOS="1687"/>
<SP HEIGHT="36" WIDTH="34" VPOS="2911" HPOS="1989"/>
<String CONTENT="subjects" HEIGHT="148" WIDTH="1983" VPOS="2892" HPOS="143"/>
<SP HEIGHT="34" WIDTH="43" VPOS="2990" HPOS="285"/>
<String CS="1" CONTENT="&#8230;"/>
<SP HEIGHT="52" WIDTH="77" VPOS="2972" HPOS="385"/>
<String CONTENT="Philadelphia," HEIGHT="69" WIDTH="429" VPOS="2971" HPOS="463"/>
<SP HEIGHT="69" WIDTH="40" VPOS="2971" HPOS="893"/>
<String CONTENT="Chicago" HEIGHT="70" WIDTH="253" VPOS="2971" HPOS="934"/>
<SP HEIGHT="48" WIDTH="45" VPOS="2991" HPOS="1188"/>
<String STYLE="subscript" CS="1" CONTENT="[etc."/>
<String CONTENT="]" HEIGHT="33" WIDTH="12" VPOS="3006" HPOS="1360"/>
<SP HEIGHT="66" WIDTH="44" VPOS="2973" HPOS="1373"/>
<String CONTENT="The" HEIGHT="53" WIDTH="121" VPOS="2972" HPOS="1418"/>
<SP HEIGHT="56" WIDTH="38" VPOS="2971" HPOS="1540"/>
<String CONTENT="John" HEIGHT="56" WIDTH="158" VPOS="2971" HPOS="1579"/>
<SP HEIGHT="56" WIDTH="39" VPOS="2971" HPOS="1738"/>
<String CONTENT="C." HEIGHT="56" WIDTH="62" VPOS="2971" HPOS="1778"/>
<SP HEIGHT="56" WIDTH="41" VPOS="2971" HPOS="1841"/>
<String CONTENT="Winston" HEIGHT="56" WIDTH="269" VPOS="2971" HPOS="1883"/>
</TextLine>
<TextLine HEIGHT="65" WIDTH="520" VPOS="3054" HPOS="143" STYLEREFS="StyleId-A83E497A-79A2-42E3-A441-1C502B8C305B-" CS="1">
<String CONTENT="company" HEIGHT="51" WIDTH="280" VPOS="3068" HPOS="143"/>
<SP/>
<String CS="1" CONTENT="[&#7580;1928]" HEIGHT="63" WIDTH="84" VPOS="3054" HPOS="579"/>
</TextLine>
<TextLine HEIGHT="50" WIDTH="671" VPOS="3132" HPOS="214" CS="1">
<String CONTENT="5" HEIGHT="40" WIDTH="26" VPOS="3133" HPOS="214"/>
<SP HEIGHT="48" WIDTH="35" VPOS="3133" HPOS="241"/>
<String LANG="fr" CONTENT="p." HEIGHT="37" WIDTH="42" VPOS="3144" HPOS="277"/>
<SP HEIGHT="39" WIDTH="35" VPOS="3134" HPOS="320"/>
<String CS="1" CONTENT="l.,"/>
<SP HEIGHT="43" WIDTH="34" VPOS="3132" HPOS="402"/>
<String CONTENT="3-995," HEIGHT="49" WIDTH="159" VPOS="3132" HPOS="437"/>
<SP HEIGHT="47" WIDTH="36" VPOS="3134" HPOS="597"/>
<String CONTENT="24" HEIGHT="38" WIDTH="56" VPOS="3134" HPOS="634"/>
<SP HEIGHT="48" WIDTH="35" VPOS="3134" HPOS="691"/>
<String CONTENT="p." HEIGHT="38" WIDTH="43" VPOS="3144" HPOS="727"/>
<SP HEIGHT="39" WIDTH="57" VPOS="3134" HPOS="771"/>
<String CONTENT="21" HEIGHT="39" WIDTH="56" VPOS="3134" HPOS="829"/>
<String STYLE="superscript" CS="1" CONTENT="&#7580;&#7504;."/>
</TextLine>
<TextLine HEIGHT="103" WIDTH="1871" VPOS="3184" HPOS="149" CS="1">
<String CONTENT="&#169;" HEIGHT="53" WIDTH="51" VPOS="3184" HPOS="149"/>
<SP HEIGHT="53" WIDTH="31" VPOS="3184" HPOS="201"/>
<String CONTENT="Sept." HEIGHT="48" WIDTH="128" VPOS="3189" HPOS="233"/>
<SP HEIGHT="40" WIDTH="25" VPOS="3190" HPOS="362"/>
<String CONTENT="26," HEIGHT="48" WIDTH="70" VPOS="3189" HPOS="388"/>
<SP HEIGHT="46" WIDTH="26" VPOS="3191" HPOS="459"/>
<String CS="1" CONTENT="1928;" HEIGHT="40" WIDTH="116" VPOS="3189" HPOS="486"/>
<SP HEIGHT="46" WIDTH="28" VPOS="3190" HPOS="629"/>
<String CONTENT="2c." HEIGHT="40" WIDTH="68" VPOS="3190" HPOS="658"/>
<SP HEIGHT="40" WIDTH="28" VPOS="3190" HPOS="727"/>
<String CONTENT="Dec." HEIGHT="41" WIDTH="112" VPOS="3190" HPOS="756"/>
<SP HEIGHT="41" WIDTH="27" VPOS="3190" HPOS="869"/>
<String CS="1" CONTENT="11;" HEIGHT="39" WIDTH="54" VPOS="3190" HPOS="897"/>
<SP HEIGHT="36" WIDTH="31" VPOS="3201" HPOS="980"/>
<String LANG="de" CONTENT="aff." HEIGHT="41" WIDTH="82" VPOS="3190" HPOS="1012"/>
<SP HEIGHT="40" WIDTH="29" VPOS="3191" HPOS="1095"/>
<String CONTENT="Jan." HEIGHT="40" WIDTH="110" VPOS="3191" HPOS="1125"/>
<SP HEIGHT="40" WIDTH="25" VPOS="3191" HPOS="1236"/>
<String CONTENT="29," HEIGHT="48" WIDTH="71" VPOS="3190" HPOS="1262"/>
<SP HEIGHT="46" WIDTH="30" VPOS="3192" HPOS="1334"/>
<String CS="1" CONTENT="1929;" HEIGHT="41" WIDTH="113" VPOS="3190" HPOS="1365"/>
<SP HEIGHT="45" WIDTH="31" VPOS="3191" HPOS="1506"/>
<!-- cceid 8946DBFA-6CFA-1014-9C3C-CEA95E7AA542 --><String CONTENT="A" HEIGHT="39" WIDTH="40" VPOS="3191" HPOS="1538"/>
<SP HEIGHT="39" WIDTH="28" VPOS="3191" HPOS="1579"/>
<String CS="1" CONTENT="5036;" HEIGHT="41" WIDTH="114" VPOS="3190" HPOS="1608"/>
<SP HEIGHT="45" WIDTH="32" VPOS="3192" HPOS="1750"/>
<String CONTENT="John" HEIGHT="40" WIDTH="127" VPOS="3192" HPOS="1783"/>
<SP HEIGHT="41" WIDTH="29" VPOS="3192" HPOS="1911"/>
<String CONTENT="C." HEIGHT="41" WIDTH="49" VPOS="3192" HPOS="1941"/>
<SP HEIGHT="39" WIDTH="29" VPOS="3194" HPOS="1991"/>
<String CS="1" CONTENT="Winston" HEIGHT="39" WIDTH="108" VPOS="3248" HPOS="216"/>
<SP HEIGHT="31" WIDTH="28" VPOS="3256" HPOS="325"/>
<String CONTENT="co." HEIGHT="31" WIDTH="67" VPOS="3256" HPOS="354"/>
</TextLine>
<TextLine HEIGHT="66" WIDTH="1115" VPOS="3310" HPOS="145" STYLEREFS="StyleId-3260B56A-C2E8-4E3F-9B9E-A19BAB3EAACF-">
<String CONTENT="League" HEIGHT="64" WIDTH="236" VPOS="3310" HPOS="145"/>
<SP HEIGHT="36" WIDTH="33" VPOS="3327" HPOS="382"/>
<String CONTENT="of" HEIGHT="51" WIDTH="65" VPOS="3312" HPOS="416"/>
<SP HEIGHT="51" WIDTH="30" VPOS="3312" HPOS="482"/>
<String CONTENT="American" HEIGHT="54" WIDTH="318" VPOS="3312" HPOS="513"/>
<SP HEIGHT="46" WIDTH="34" VPOS="3330" HPOS="832"/>
<String CONTENT="pen" HEIGHT="46" WIDTH="111" VPOS="3330" HPOS="867"/>
<SP HEIGHT="36" WIDTH="35" VPOS="3330" HPOS="979"/>
<String CONTENT="women." HEIGHT="39" WIDTH="245" VPOS="3329" HPOS="1015"/>
</TextLine>
<TextLine HEIGHT="73" WIDTH="1930" VPOS="3389" HPOS="221" STYLEREFS="StyleId-A83E497A-79A2-42E3-A441-1C502B8C305B-">
<String CONTENT="The" HEIGHT="53" WIDTH="120" VPOS="3389" HPOS="221"/>
<SP HEIGHT="35" WIDTH="30" VPOS="3408" HPOS="342"/>
<String CONTENT="owl;" HEIGHT="64" WIDTH="137" VPOS="3392" HPOS="373"/>
<SP HEIGHT="48" WIDTH="35" VPOS="3408" HPOS="511"/>
<String CONTENT="an" HEIGHT="34" WIDTH="72" VPOS="3409" HPOS="547"/>
<SP HEIGHT="33" WIDTH="32" VPOS="3410" HPOS="620"/>
<String CONTENT="anthology" HEIGHT="70" WIDTH="314" VPOS="3391" HPOS="653"/>
<SP HEIGHT="49" WIDTH="29" VPOS="3411" HPOS="968"/>
<String CONTENT="of" HEIGHT="53" WIDTH="64" VPOS="3392" HPOS="998"/>
<SP HEIGHT="51" WIDTH="29" VPOS="3392" HPOS="1063"/>
<String CONTENT="verse" HEIGHT="35" WIDTH="158" VPOS="3410" HPOS="1093"/>
<SP HEIGHT="52" WIDTH="29" VPOS="3393" HPOS="1252"/>
<String CONTENT="by" HEIGHT="68" WIDTH="69" VPOS="3393" HPOS="1282"/>
<SP HEIGHT="33" WIDTH="29" VPOS="3411" HPOS="1360"/>
<String CONTENT="members" HEIGHT="54" WIDTH="276" VPOS="3393" HPOS="1390"/>
<SP HEIGHT="35" WIDTH="31" VPOS="3412" HPOS="1667"/>
<String CONTENT="of" HEIGHT="55" WIDTH="64" VPOS="3392" HPOS="1699"/>
<SP HEIGHT="54" WIDTH="30" VPOS="3392" HPOS="1764"/>
<String CONTENT="the" HEIGHT="52" WIDTH="96" VPOS="3394" HPOS="1795"/>
<SP HEIGHT="52" WIDTH="30" VPOS="3394" HPOS="1892"/>
<String CONTENT="League" HEIGHT="68" WIDTH="228" VPOS="3394" HPOS="1923"/>
</TextLine>
<TextLine HEIGHT="74" WIDTH="2000" VPOS="3466" HPOS="151" STYLEREFS="StyleId-A83E497A-79A2-42E3-A441-1C502B8C305B-">
<String CONTENT="of" HEIGHT="53" WIDTH="64" VPOS="3466" HPOS="151"/>
<SP HEIGHT="53" WIDTH="36" VPOS="3466" HPOS="216"/>
<String CONTENT="American" HEIGHT="54" WIDTH="306" VPOS="3467" HPOS="253"/>
<SP HEIGHT="50" WIDTH="37" VPOS="3486" HPOS="560"/>
<String CONTENT="penwomen," HEIGHT="52" WIDTH="349" VPOS="3486" HPOS="598"/>
<SP HEIGHT="46" WIDTH="38" VPOS="3492" HPOS="948"/>
<String CONTENT="edited" HEIGHT="54" WIDTH="189" VPOS="3471" HPOS="987"/>
<SP HEIGHT="53" WIDTH="37" VPOS="3471" HPOS="1177"/>
<String CONTENT="by" HEIGHT="69" WIDTH="75" VPOS="3471" HPOS="1215"/>
<SP HEIGHT="69" WIDTH="38" VPOS="3471" HPOS="1291"/>
<String CONTENT="Margarette" HEIGHT="69" WIDTH="356" VPOS="3471" HPOS="1330"/>
<SP HEIGHT="52" WIDTH="37" VPOS="3473" HPOS="1687"/>
<String CONTENT="Ball" HEIGHT="52" WIDTH="134" VPOS="3473" HPOS="1725"/>
<SP HEIGHT="53" WIDTH="35" VPOS="3472" HPOS="1860"/>
<String CONTENT="Dickson" HEIGHT="54" WIDTH="255" VPOS="3472" HPOS="1896"/>
</TextLine>
<TextLine HEIGHT="72" WIDTH="1206" VPOS="3546" HPOS="211" STYLEREFS="StyleId-A83E497A-79A2-42E3-A441-1C502B8C305B-" CS="1">
<String CS="1" CONTENT="&#8230;"/>
<SP HEIGHT="52" WIDTH="78" VPOS="3546" HPOS="211"/>
<String CONTENT="New" HEIGHT="52" WIDTH="138" VPOS="3546" HPOS="290"/>
<SP HEIGHT="52" WIDTH="29" VPOS="3547" HPOS="429"/>
<String CONTENT="York," HEIGHT="68" WIDTH="180" VPOS="3547" HPOS="459"/>
<SP HEIGHT="67" WIDTH="27" VPOS="3548" HPOS="640"/>
<String CONTENT="Dean" HEIGHT="52" WIDTH="163" VPOS="3548" HPOS="668"/>
<SP HEIGHT="51" WIDTH="28" VPOS="3550" HPOS="832"/>
<String CONTENT="&amp;" HEIGHT="51" WIDTH="46" VPOS="3550" HPOS="861"/>
<SP HEIGHT="51" WIDTH="26" VPOS="3550" HPOS="908"/>
<String CONTENT="company," HEIGHT="51" WIDTH="299" VPOS="3567" HPOS="935"/>
<SP HEIGHT="65" WIDTH="30" VPOS="3552" HPOS="1235"/>
<String CONTENT="1928." HEIGHT="51" WIDTH="151" VPOS="3551" HPOS="1266"/>
</TextLine>
<TextLine HEIGHT="49" WIDTH="247" VPOS="3628" HPOS="217" CS="1">
<String CONTENT="46" HEIGHT="40" WIDTH="58" VPOS="3628" HPOS="217"/>
<SP HEIGHT="49" WIDTH="27" VPOS="3628" HPOS="276"/>
<String CONTENT="p." HEIGHT="38" WIDTH="43" VPOS="3639" HPOS="304"/>
<SP HEIGHT="41" WIDTH="59" VPOS="3628" HPOS="348"/>
<String CONTENT="20" HEIGHT="41" WIDTH="56" VPOS="3628" HPOS="408"/>
<String STYLE="superscript" CS="1" CONTENT="&#7580;&#7504;."/>
</TextLine>
<TextLine HEIGHT="57" WIDTH="1754" VPOS="3681" HPOS="152" CS="1">
<String CONTENT="&#169;" HEIGHT="52" WIDTH="52" VPOS="3681" HPOS="152"/>
<SP HEIGHT="52" WIDTH="26" VPOS="3681" HPOS="205"/>
<String CONTENT="Dec." HEIGHT="40" WIDTH="111" VPOS="3686" HPOS="232"/>
<SP HEIGHT="38" WIDTH="25" VPOS="3688" HPOS="344"/>
<String CONTENT="17," HEIGHT="41" WIDTH="69" VPOS="3688" HPOS="370"/>
<SP HEIGHT="42" WIDTH="25" VPOS="3687" HPOS="440"/>
<String CONTENT="1928;" HEIGHT="48" WIDTH="140" VPOS="3686" HPOS="466"/>
<SP HEIGHT="47" WIDTH="27" VPOS="3687" HPOS="607"/>
<String CONTENT="2c." HEIGHT="42" WIDTH="68" VPOS="3687" HPOS="635"/>
<SP HEIGHT="31" WIDTH="26" VPOS="3698" HPOS="704"/>
<String CONTENT="and" HEIGHT="39" WIDTH="95" VPOS="3689" HPOS="731"/>
<SP HEIGHT="39" WIDTH="27" VPOS="3689" HPOS="827"/>
<String LANG="de" CONTENT="aff." HEIGHT="41" WIDTH="82" VPOS="3688" HPOS="855"/>
<SP HEIGHT="40" WIDTH="27" VPOS="3689" HPOS="938"/>
<String CONTENT="Jan." HEIGHT="40" WIDTH="110" VPOS="3689" HPOS="966"/>
<SP HEIGHT="39" WIDTH="25" VPOS="3690" HPOS="1077"/>
<String CONTENT="14," HEIGHT="47" WIDTH="69" VPOS="3690" HPOS="1103"/>
<SP HEIGHT="47" WIDTH="26" VPOS="3690" HPOS="1173"/>
<String CS="1" CONTENT="1929;" HEIGHT="41" WIDTH="114" VPOS="3688" HPOS="1200"/>
<SP HEIGHT="47" WIDTH="27" VPOS="3690" HPOS="1343"/>
<!-- cceid 89481E6C-6CFA-1014-9C3C-CEA95E7AA542 --><String CONTENT="A" HEIGHT="39" WIDTH="40" VPOS="3690" HPOS="1371"/>
<SP HEIGHT="40" WIDTH="26" VPOS="3690" HPOS="1412"/>
<String CS="1" CONTENT="3688;" HEIGHT="48" WIDTH="141" VPOS="3690" HPOS="1439"/>
<SP HEIGHT="47" WIDTH="28" VPOS="3691" HPOS="1581"/>
<String CONTENT="Dean" HEIGHT="39" WIDTH="138" VPOS="3691" HPOS="1610"/>
<SP HEIGHT="40" WIDTH="26" VPOS="3692" HPOS="1749"/>
<String CONTENT="&amp;" HEIGHT="40" WIDTH="36" VPOS="3692" HPOS="1776"/>
<SP HEIGHT="40" WIDTH="25" VPOS="3692" HPOS="1813"/>
<String CONTENT="co." HEIGHT="30" WIDTH="67" VPOS="3702" HPOS="1839"/>
</TextLine>
<TextLine HEIGHT="49" WIDTH="252" VPOS="3741" HPOS="228">
<String CONTENT="(29-3202)" HEIGHT="49" WIDTH="252" VPOS="3741" HPOS="228"/>
</TextLine>
<TextLine HEIGHT="67" WIDTH="965" VPOS="3794" HPOS="154" STYLEREFS="StyleId-3260B56A-C2E8-4E3F-9B9E-A19BAB3EAACF-">
<String CONTENT="Lindsey," HEIGHT="65" WIDTH="274" VPOS="3794" HPOS="154"/>
<SP HEIGHT="64" WIDTH="27" VPOS="3795" HPOS="429"/>
<String CONTENT="Arthur" HEIGHT="54" WIDTH="233" VPOS="3795" HPOS="457"/>
<SP HEIGHT="52" WIDTH="25" VPOS="3798" HPOS="691"/>
<String CONTENT="Ward," HEIGHT="64" WIDTH="198" VPOS="3797" HPOS="717"/>
<SP HEIGHT="57" WIDTH="30" VPOS="3804" HPOS="916"/>
<String CONTENT="1894-" HEIGHT="49" WIDTH="172" VPOS="3803" HPOS="947"/>
</TextLine>
<TextLine HEIGHT="154" WIDTH="1973" VPOS="3872" HPOS="157" STYLEREFS="StyleId-A83E497A-79A2-42E3-A441-1C502B8C305B-" CS="1">
<String CONTENT="Textbook" HEIGHT="53" WIDTH="297" VPOS="3872" HPOS="226"/>
<SP HEIGHT="54" WIDTH="26" VPOS="3872" HPOS="524"/>
<String CONTENT="of" HEIGHT="54" WIDTH="65" VPOS="3872" HPOS="551"/>
<SP HEIGHT="54" WIDTH="26" VPOS="3872" HPOS="617"/>
<String CONTENT="evolution" HEIGHT="53" WIDTH="289" VPOS="3874" HPOS="644"/>
<SP HEIGHT="33" WIDTH="30" VPOS="3893" HPOS="934"/>
<String CONTENT="and" HEIGHT="52" WIDTH="112" VPOS="3876" HPOS="965"/>
<SP HEIGHT="68" WIDTH="28" VPOS="3876" HPOS="1078"/>
<String CONTENT="genetics," HEIGHT="68" WIDTH="266" VPOS="3876" HPOS="1107"/>
<SP HEIGHT="66" WIDTH="26" VPOS="3877" HPOS="1374"/>
<String CONTENT="by" HEIGHT="68" WIDTH="75" VPOS="3877" HPOS="1401"/>
<SP HEIGHT="68" WIDTH="29" VPOS="3877" HPOS="1477"/>
<String CONTENT="Arthur" HEIGHT="53" WIDTH="227" VPOS="3877" HPOS="1507"/>
<SP HEIGHT="53" WIDTH="26" VPOS="3879" HPOS="1735"/>
<String CONTENT="Ward" HEIGHT="53" WIDTH="184" VPOS="3879" HPOS="1762"/>
<SP HEIGHT="53" WIDTH="28" VPOS="3879" HPOS="1947"/>
<String CONTENT="Lindsey" HEIGHT="138" WIDTH="1973" VPOS="3879" HPOS="157"/>
<SP HEIGHT="50" WIDTH="27" VPOS="3967" HPOS="253"/>
<String CS="1" CONTENT="&#8230;"/>
<SP HEIGHT="52" WIDTH="78" VPOS="3950" HPOS="337"/>
<String CONTENT="New" HEIGHT="52" WIDTH="139" VPOS="3950" HPOS="416"/>
<SP HEIGHT="52" WIDTH="23" VPOS="3951" HPOS="556"/>
<String CONTENT="York," HEIGHT="68" WIDTH="181" VPOS="3951" HPOS="580"/>
<SP HEIGHT="66" WIDTH="23" VPOS="3953" HPOS="762"/>
<String CONTENT="The" HEIGHT="52" WIDTH="120" VPOS="3953" HPOS="786"/>
<SP HEIGHT="52" WIDTH="23" VPOS="3953" HPOS="907"/>
<String CONTENT="Macmillan" HEIGHT="53" WIDTH="336" VPOS="3953" HPOS="931"/>
<SP HEIGHT="35" WIDTH="23" VPOS="3972" HPOS="1268"/>
<String CONTENT="company," HEIGHT="53" WIDTH="300" VPOS="3973" HPOS="1292"/>
<SP HEIGHT="66" WIDTH="25" VPOS="3960" HPOS="1593"/>
<String CONTENT="1929." HEIGHT="52" WIDTH="151" VPOS="3958" HPOS="1619"/>
</TextLine>
</TextBlock>
</PrintSpace>
</Page>
</Layout>
</alto>