2547 4384
1307 4037 99 49 696

366 390 296 65 Smeeton,
694 393 176 63 Mary
900 392 182 56 Alice.

434 471 1934 73 Bacteriology for nurses, by Mary A. Smeeton … 3d ed.
363 567 112 35 rev.
552 549 139 54 New
725 550 182 70 York,
942 552 121 53 The
1097 552 336 53 Macmillan
1468 571 298 53 company,
1803 558 150 51 1929.

433 630 1059 51 xii p., 1 l., 335 p. illus., diagr. 22½ cm .
369 699 52 52 ©
449 704 114 47 May
590 704 39 45 7,
658 702 143 48 1929;
829 704 67 39 2c.
926 705 96 38 and
1050 703 83 43 aff.
1162 706 115 46 May
1305 704 52 47 8;
1389 705 41 39 A
1457 704 142 48 7990;
1630 706 283 40 Macmillan
1943 718 67 31 co.

446 758 282 51 (29-10882)

363 855 213 65 Soulié,
608 855 248 55 Charles
887 855 279 66 Georges,
1198 857 172 54 1878-

495 934 1859 75 … L’épopee des jesuites français en Chine (1534-1928)
362 1014 186 69 Paris,
578 1015 66 52 B.
676 1013 253 70 Grasset,
960 1017 150 50 1928.

432 1094 100 49 295,
565 1095 56 49 [1]
651 1105 43 38 p.
864 1126 9 9 19ᶜᵐ.

434 1164 1179 48 At head of title: George Souli é de Morant.
434 1221 424 49 “Bibliographie”
877 1233 9 29 :
923 1232 44 38 p.
1004 1221 249 51 [291]-292.

365 1290 2001 53 © Nov. 5, 1928; 1c. Jan. 25, 1929; A — Foreign 1657; Bernard Grasset.
441 1350 281 50 (29-11039)

361 1445 190 55 South
587 1444 292 54 Carolina.
954 1446 279 67 Supreme
1267 1451 174 48 court.

431 1520 1993 71 Reports of cases heard and determined … v. 148, containing
491 1618 154 35 cases
672 1599 65 53 of
768 1598 220 70 Spring
1018 1599 113 52 and
1163 1599 131 52 Fall
1325 1604 191 62 terms,
1550 1603 150 50 1928.
1767 1600 89 54 W.
1891 1600 79 52 M.
2006 1600 219 69 Shand,
360 1601 1979 145 Supreme

578 1682 163 48 court
766 1682 275 63 reporter.
1107 1674 318 70 Columbia,
1454 1676 58 55 S.
1542 1676 82 69 C.,
1651 1677 123 53 The
1799 1678 68 52 R.
1895 1677 64 53 L.
1990 1679 198 68 Bryan
359 1696 1981 128 company,
564 1758 150 49 1929.

429 1837 64 48 ix,
528 1837 86 41 584
648 1848 43 37 p.
755 1836 147 41 23½ᶜᵐ.

362 1902 52 55 ©
445 1909 114 46 May
589 1908 69 47 14,
689 1906 142 48 1929;
862 1906 69 41 2c.
961 1907 96 39 and
1088 1905 82 41 aff.
1201 1906 115 47 May
1344 1905 84 47 20;
1459 1905 42 40 A
1531 1905 142 48 8230;
1706 1906 56 41 R.
1791 1906 53 41 L.
1874 1907 169 47 Bryan
2072 1918 67 30 co.

358 2058 277 64 Stewart,
675 2057 318 54 Frederick
1030 2056 276 55 William.

428 2138 58 52 A
518 2139 171 68 study
725 2136 65 54 of
824 2138 322 52 adolescent
1181 2136 425 67 development;
1646 2136 427 68 specialization
2109 2141 123 50 text
2269 2138 94 53 for

359 2217 96 53 the
506 2216 295 55 Standard
849 2214 325 68 leadership
1223 2213 260 69 training
1531 2233 212 48 course,
1788 2216 77 68 by
1912 2215 312 54 Frederick
2270 2216 89 54 W.

360 2294 262 55 Stewart.
699 2292 258 55 Elective
993 2293 143 52 unit.
1212 2291 429 70 Philadelphia,
1679 2294 217 52 Boston
1959 2299 120 62 [etc.]
2120 2294 243 55 Printed

361 2373 94 55 for
505 2373 96 54 the
652 2371 355 69 Leadership
1058 2370 259 71 training
1366 2371 336 71 publishing
1753 2372 337 54 association
2141 2373 77 70 by
2267 2374 96 54 the

352 2453 225 55 Judson
608 2470 159 50 press
826 2454 151 64 [1929]

425 2531 755 52 10 p. l., 194 p. illus. 19ᶜᵐ.
426 2604 353 49 Bibliography
818 2604 53 39 at
908 2603 92 40 end
1039 2602 53 42 of
1128 2603 118 40 each
1286 2601 228 49 chapter;
1558 2602 238 41 “General
1836 2602 396 51 bibliography”:
2277 2604 81 41 8th

355 2661 188 50 prelim,
571 2660 117 42 leaf.

359 2728 52 53 ©
438 2732 114 49 Apr.
579 2732 70 48 18,
676 2731 116 41 1929;
846 2731 69 41 2c.
942 2731 98 41 and
1065 2730 83 42 aff.
1173 2730 116 49 Apr.
1314 2730 83 48 25;
1426 2731 42 39 A
1494 2730 141 48 6734;
1666 2731 188 41 Judson
1881 2741 150 39 press.

436 2788 282 50 (29-10951)

357 2883 72 55 U.
464 2883 56 54 S.
596 2883 185 66 Laws,
813 2888 258 63 statutes,
1102 2890 100 46 etc.

486 2958 1869 56 … United States Code annotated. Title 35. Patents.
360 3037 385 68 [Cumulative
774 3037 212 52 annual
1016 3036 205 68 pocket
1249 3041 149 63 part,
1432 3039 150 51 1928.
1652 3036 82 55 St.
1767 3037 166 67 Paul,
1962 3036 204 69 Minn.,
2197 3035 159 56 West

353 3114 338 69 publishing
722 3132 300 50 company,
1054 3116 152 64 1929]

423 3197 29 40 9
480 3207 44 38 p.
692 3229 9 9 24ᶜᵐ.

424 3265 121 41 This
566 3266 252 48 pamphlet
839 3265 43 40 is
905 3267 51 38 to
977 3265 58 40 be
1057 3265 139 40 fitted
1220 3265 103 40 into
1349 3265 83 40 the
1454 3265 174 47 pocket
1651 3266 54 39 at
1727 3265 83 40 the
1834 3265 123 40 back
1981 3264 52 41 of
2057 3265 82 40 the
2164 3266 192 40 volume

354 3321 53 41 of
434 3322 82 41 the
545 3324 75 38 set
646 3324 52 39 to
724 3321 160 41 which
912 3321 41 40 it
979 3321 211 47 belongs.

357 3386 52 52 ©
440 3391 115 48 Apr.
585 3390 71 49 30,
687 3390 143 47 1929;
863 3391 68 40 2c.
964 3392 114 46 May
1110 3390 82 47 10;
1227 3389 82 41 aff.
1342 3391 114 47 May
1488 3390 82 46 11;
1605 3390 42 39 A
1678 3389 140 47 8054;
1855 3391 137 40 West
2022 3391 110 47 pub.
2166 3401 83 36 co.,
2285 3389 68 41 St.

425 3447 137 48 Paul,
593 3447 96 39 and
719 3447 214 39 Edward
962 3446 276 48 Thompson
1268 3456 81 38 co.,
1380 3446 284 48 Northport,
1695 3447 51 40 L.
1778 3447 52 47 I.,
1861 3447 57 39 N.
1949 3447 54 39 Y.

353 3541 273 63 Wegner,
658 3539 212 53 Armin
900 3539 199 65 Tarik,
1133 3545 170 49 1886-

423 3618 191 67 Moni;
645 3620 154 67 oder,
827 3619 110 53 Die
965 3620 132 51 welt
1122 3637 110 34 von
1260 3625 193 62 unten,
1480 3620 101 52 der
1605 3638 200 34 roman
1835 3619 150 54 eines
2013 3620 201 53 kindes
2242 3639 111 34 von

352 3696 211 54 Armin
596 3698 64 52 T.
694 3698 266 67 Wegner.
1038 3696 295 69 Stuttgart
1389 3701 120 62 [etc.]
1549 3697 285 53 Deutsche
1870 3698 484 69 verlags-anstalt,

351 3778 149 50 1929.

420 3855 100 48 291,
557 3857 54 49 [1]
645 3866 44 38 p.
857 3886 9 10 19ᶜᵐ.

356 3920 1994 53 © Nov. 14, 1928; 1c. Feb. 5, 1929; A—Foreign 1900; Deutsche verlags-
422 3982 200 40 anstalt.
693 3980 281 51 (29-10936)
