2512 4377
1298 4049 101 49 446

393 480 1863 52 xiv, [15]-203 p. incl. front., illus. 19 ½ ᶜᵐ. (The renaissance series)
392 539 211 42 Initiais.

392 597 289 39 Illustrated
711 596 365 49 lining-papers.

392 653 128 40 Title
552 652 172 41 within
756 653 307 40 ornamental
1094 653 190 41 border.

394 708 139 41 “Sole
562 709 286 41 authorized
879 710 96 38 and
1005 710 233 47 complete
1268 707 341 42 translation.”

397 766 128 39 “The
555 765 155 41 entire
741 765 184 40 edition
956 765 52 40 of
1039 765 203 41 Colours
1273 766 42 40 is
1346 765 189 40 limited
1566 767 53 39 to
1649 765 116 40 1950
1796 766 186 47 copies;
2016 765 117 40 1900
2164 764 159 49 copies

323 822 263 39 numbered
614 822 94 39 and
740 821 280 48 registered,
1047 822 80 39 for
1155 823 102 39 sale;
1314 823 96 38 and
1439 821 57 40 50
1522 822 174 47 copies,
1726 822 206 40 lettered
1961 824 41 37 A
2030 825 49 38 to
2107 822 109 47 XX,
2244 822 79 40 for

325 878 179 39 review
538 879 126 46 only.
730 878 131 47 Type
898 879 90 39 has
1025 878 118 40 been
1178 878 311 48 distributed,
1526 880 97 38 and
1661 878 203 41 Colours
1902 879 101 40 will
2038 882 85 37 not
2161 880 56 39 be
322 888 1983 94 reprinted.”

327 987 51 51 ©
413 992 122 38 Mar.
569 990 39 48 9,
643 990 141 44 1929;
820 991 67 40 2c.
922 992 123 39 Mar.
1078 991 83 47 2,6;
1198 991 82 40 aff.
1315 992 123 41 Mar.
1472 992 82 41 21;
1592 992 37 38 A
1666 991 140 46 6254;
1843 992 222 39 Bernard
2102 990 222 41 Guilbert

396 1047 237 48 Guerney,
664 1048 118 39 New
812 1048 145 39 York.
1026 1047 252 50 (29-8668)

330 1127 245 64 Greene,
606 1128 253 52 Edward
889 1129 295 54 Barrows.

330 1206 1974 147 … The relative effectiveness of lecture and individual reading
469 1304 63 33 as
568 1285 260 53 methods
868 1285 64 53 of
971 1287 212 67 college
1222 1287 296 68 teaching;
1564 1287 154 51 from
1757 1287 96 52 the
1893 1286 436 69 Psychological

329 1363 372 53 laboratories
753 1363 64 52 of
871 1363 302 54 Columbia
1226 1364 347 70 university;
1627 1365 75 68 by
1756 1364 254 53 Edward
2063 1366 267 52 Barrows

329 1440 1704 72 Greene … Worcester, Mass., Clark university, ᶜ1 928.
329 1521 1986 104 3 p. l., p. [463]-563 incl. illus., diagrs., forms. 25 ᶜᵐ. (Genetic psychology
554 1578 792 49 monographs … vol. IV, no. 6)
400 1634 230 48 Running
657 1634 108 41 title
784 1646 9 28 :
824 1634 205 41 Lecture
1056 1646 68 29 vs.
1155 1634 215 49 reading.

403 1690 146 41 “This
575 1691 134 40 work
735 1701 101 30 was
863 1691 305 40 undertaken
1196 1702 54 31 as
1277 1702 62 29 an
1368 1692 254 41 extension
1649 1692 52 41 of
1730 1694 84 39 Dr.
1843 1693 188 41 Harold
2060 1693 53 41 E.
2142 1693 191 41 Jones’s

333 1748 380 47 ‘Experimental
754 1749 187 40 studies
981 1749 51 40 of
1072 1750 182 47 college
1294 1749 848 49 teaching’.”—Acknowledgments.

402 1805 350 41 “References”
771 1816 9 28 :
812 1816 44 38 p.
888 1805 215 41 531-532.

333 1859 51 51 ©
415 1865 122 39 Mar.
566 1864 69 47 11,
665 1863 119 39 1929;
837 1864 69 40 2c.
935 1864 122 39 Mar.
1088 1864 55 38 14;
1201 1863 82 40 aff.
1314 1864 122 40 Mar.
1468 1863 57 40 19;
1581 1864 41 38 A
1652 1863 114 41 6059;
1827 1864 148 41 Clark
2006 1864 129 40 univ.
410 1919 252 49 (29-8618)

331 1999 265 64 Gudden,
636 1999 330 64 Bernhard,
1009 2005 171 48 1892-

465 2079 1869 69 … Lichtelektrische erscheinungen, von Bernhard Gudden
395 2156 1601 71 … mit 127 abbildungen. Berlin, J. Springer, 1928.
333 2220 1984 121 ix, 325, [1] p. illus., diagrs. 21½ ᶜᵐ. (Struktur der materie in einzeldarstellungen … VIII)
405 2350 593 41 “Arbeitenverzeichnis”
1017 2362 8 28 :
1058 2361 45 37 p.
1137 2351 248 49 [281]-312.

335 2405 51 51 ©
417 2409 101 41 Oct.
546 2409 70 46 26,
645 2408 141 47 1928;
817 2409 67 40 3c.
913 2408 110 40 Jan.
1053 2409 69 47 11,
1151 2407 141 48 1929;
1323 2409 314 48 A—Foreign
1664 2409 142 47 1234;
1837 2409 163 40 Julius
2034 2409 244 49 Springer.

413 2464 250 50 (29-8571)

334 2545 337 63 narrower,
707 2545 198 64 Molly.

403 2623 171 52 Plain
600 2623 165 67 Jane,
790 2623 76 69 by
890 2623 186 69 Molly
1099 2624 196 52 Harro
1300 2642 141 49 wer;
1471 2624 142 52 with
1639 2625 383 53 illustrations
2048 2623 75 71 by
336 2623 1976 131 Kathleen

482 2701 168 53 Hale.
714 2702 139 53 New
881 2702 180 67 York,
1091 2701 554 69 Coward-McCann,
1674 2703 126 67 inc.,
1831 2704 150 51 1929.

405 2784 619 48 5 p. l., 73 p. illus. 19½ ᶜᵐ.
405 2841 175 40 Verses
610 2841 81 40 for
723 2840 234 43 children.

405 2898 199 40 London
639 2898 184 41 edition
869 2899 154 48 (Eyre
1057 2901 94 38 and
1191 2898 354 49 Spottiswoode
1581 2899 214 48 limited)
1840 2899 91 41 has
1968 2899 137 41 title:
2144 2900 24 39 I
2205 2900 133 39 don’t

336 2954 99 39 mix
465 2955 143 40 much
639 2954 120 41 with
788 2954 189 42 fairies.

339 3008 51 51 ©
421 3012 111 39 Feb.
562 3011 38 47 8,
630 3011 118 40 1929;
803 3013 68 40 2c.
901 3012 111 41 Feb.
1041 3012 55 41 13;
1156 3012 82 41 aff.
1270 3014 121 40 Mar.
1422 3013 25 39 1;
1508 3014 41 38 A
1577 3013 115 41 4869;
1754 3011 458 45 Coward-McCann,
2244 3013 91 40 inc.

417 3067 251 49 (29-8657)

340 3149 173 62 Hart,
550 3148 210 53 Albert
797 3149 303 64 Bushnell,
1139 3155 170 48 1854-

408 3224 259 55 Swedish
707 3225 447 69 Americanism;
1197 3245 102 34 our
1338 3227 166 54 share
1541 3227 59 52 in
1640 3227 310 53 American
1986 3227 241 68 history,
2264 3226 77 69 by

336 3302 205 53 Albert
606 3303 278 53 Bushnell
947 3303 172 54 Hart.
1211 3304 428 69 Philadelphia,
1703 3305 123 53 The
1887 3305 157 54 John
2107 3304 233 53 Morton

338 3381 294 52 memorial
661 3380 284 70 building,
982 3384 151 51 1929.

411 3463 591 48 1 p. l., iv, 22 p. 23ᶜᵐ.
412 3519 241 39 “Address
698 3522 51 37 at
795 3519 357 48 Philadelphia,
1199 3520 218 40 Swedish
1463 3521 220 40 national
1729 3522 108 47 day,
1883 3520 459 49 sesqui-centennial

351 3574 150 44 (June
531 3576 96 46 7th,
658 3575 176 47 1926)”

343 3627 1995 54 © Jan. 30, 1929; 2c. and aff. Mar. 21; A 7147; Amer. sons & daughters
410 3687 52 40 of
497 3687 213 48 Sweden,
747 3687 224 49 Chicago,
1044 3688 251 50 (29-8549)

344 3767 203 63 Hegel,
578 3768 194 63 Georg
799 3768 273 53 Wilhelm
1106 3770 324 64 Friedrich,
1463 3771 325 54 1770-1831.

342 3843 1973 148 … Selections, edited by J. Loewenberg … New York, Chicago [etc.] C. Scribner’s sons [ ᶜ1 929]
