2533 4342
1388 3991 135 53 1992

452 426 52 53 ©
533 432 120 40 Nov.
681 432 69 48 11,
780 432 116 40 1929;
952 432 68 41 2c.
1051 433 119 40 each
1200 434 114 40 Dec.
1344 433 58 40 16;
1459 432 109 42 affs.
1599 434 113 40 Dec.
1743 434 57 40 14;
1857 434 42 39 A
1929 433 323 42 16496-16498;
2309 435 137 40 West

518 488 110 48 pub.
661 498 68 30 со.
762 489 96 40 and
890 490 214 39 Edward
1135 489 277 49 Thompson
1445 501 68 29 со.

443 582 131 54 Van
604 582 187 64 Dyke,
821 583 224 63 Henry.

526 660 439 68 [Introduction,
994 661 77 69 by
1097 661 205 68 Henry
1330 662 131 53 Yan
1490 661 186 69 Dyke,
1706 668 58 48 to
1794 663 98 53 the
1920 668 86 48 set
2032 663 257 67 entitled]
2327 664 121 53 The

449 738 1976 130 poetic and dramatic works of Alfred lord Tennyson … Boston and
723 813 353 70 New,York,
1107 816 321 69 Jloughton
1458 816 207 53 Mifflin
1698 836 297 50 company,
2029 821 151 50 1929.

520 897 26 40 7
612 930 8 8 v.
680 897 162 41 fronts.
901 897 134 49 (incl.
1070 896 175 50 ports.)
1286 899 173 47 plates.
1518 898 119 42 23ᶜᵐ.

519 967 136 41 With
697 967 332 42 illustrations
1070 968 130 40 from
1242 968 332 49 photographs
1619 968 52 41 of
1713 969 83 42 the
1838 969 258 49 Tennyson
2139 972 206 46 country
2390 970 60 47 by

450 1023 204 41 Charles
694 1024 44 41 S.
778 1023 175 42 Olcott.

521 1079 354 50 “Large-paper
911 1079 103 42 ed.”

522 1136 368 41 “Introduction
927 1138 62 46 by
1027 1138 170 47 Henry
1234 1138 107 40 Van
1379 1137 343 50 Dyke.”—t.-p.
1760 1139 54 40 of
1850 1149 43 30 v.
1931 1138 41 41 1.

453 1202 52 53 ©
536 1209 112 40 Dec.
679 1208 70 49 10,
780 1208 141 44 1929;
954 1209 69 40 2c.
1053 1209 118 40 each
1202 1210 96 39 and
1330 1209 82 41 aff.
1443 1211 113 39 Dec.
1588 1209 83 47 16;
1705 1209 41 40 A
1777 1210 171 48 16582;
1982 1211 265 48 Houghton
2280 1211 171 40 Mifflin
520 1274 67 31 со.

444 1355 156 67 Veit,
631 1357 253 65 Johann,
920 1364 173 49 1852-
1305 1361 83 52 ed.

450 1436 1977 131 … Handbuch der gynäkologie. 3. völlig neubearb. und erweiterte aufl.
964 1514 1488 71 … bearb. von R. Brun … [u. a. m.] hrsg. von
448 1590 1983 149 dr. W. Stoeckel … 5. bd., 1. hälfte. Die vulva und ihre erkrankungen.
914 1670 180 69 Lage-
1130 1671 119 52 und
1281 1671 670 68 bewegungsanomalien
1985 1672 98 52 des
2118 1669 335 54 weiblichen

450 1747 2001 68 genitalapparates. [Bearb. von dr. Erwin Kehrer … und dr.
450 1825 1902 71 Rud. Th. v. Jaschke] … München, J. F. Bergmann, 1929.
521 1906 1194 50 xii, 1941 p. illus. (part col.) diagrs. 28 ᶜᵐ .
454 1972 1827 53 © June 19, 1929; 1c. Oct. 2; A —Foreign 4819; J. F. Bergmann.
445 2086 197 63 Weed,
673 2084 258 55 William
960 2085 346 63 Xenophon.

525 2162 378 69 Supplement
936 2168 59 47 to
1030 2163 289 52 Practical
1353 2164 119 51 real
1507 2168 178 48 estate
1718 2164 127 52 law.
1917 2164 73 53 2d
2026 2164 84 53 ed.
2182 2164 93 68 By
451 2162 1979 133 William
628 2241 77 52 X.

450 2240 1979 148 Weed … Albany, N. Y., Matthew Bender & company, incorporated, 1929.
521 2402 82 47 vii,
638 2401 88 42 316
757 2412 45 38 p.
863 2401 148 41 26½ᶜᵐ.

456 2453 52 53 ©
544 2459 114 40 Dec.
692 2457 70 48 30,
798 2457 141 43 1929;
976 2457 68 41 2c.
1081 2458 96 40 and
1212 2457 83 41 aff.
1331 2458 114 39 Dec.
1480 2457 83 46 31;
1599 2457 42 39 A
1676 2457 171 48 17633;
1886 2458 71 39 W.
1993 2457 60 40 X.
2090 2457 161 48 Weed,
2289 2457 166 41 White

521 2513 183 49 Plains,
738 2514 56 42 N.
829 2514 55 42 Y.

446 2606 197 66 Wells,
679 2606 155 55 John
870 2606 228 65 Edwin,
1137 2609 172 54 1875-

522 2686 224 52 Fourth
779 2686 365 67 supplement
1172 2692 59 47 to
1263 2685 57 53 A
1350 2687 233 51 manual
1614 2685 67 54 of
1711 2686 97 53 the
1839 2686 265 69 writings
2136 2686 62 53 in
2230 2685 225 54 Middle

454 2763 248 69 English
736 2765 329 64 1050-1400,
1097 2763 291 53 additions
1421 2763 113 52 and
1564 2762 421 54 modifications
2015 2768 60 48 to
2108 2763 160 69 July,
2302 2764 153 65 1929,

451 2836 1978 135 by John Edwin Wells … New Haven, Conn., The Connecticut
580 2919 271 67 academy
883 2917 65 53 of
979 2922 118 48 arts
1131 2918 114 52 and
1277 2917 258 68 sciences,
1568 2916 151 53 Yale
1748 2916 321 70 university
2102 2936 175 49 press,
2310 2918 143 53 sales

452 3001 187 63 agent,
674 2998 151 50 1929.

522 3077 807 50 2 p. l., [1253]-1332 p. 23½ᶜᵐ.
457 3130 52 53 ©
546 3135 112 39 Dec.
694 3133 69 49 28,
800 3133 141 46 1929;
979 3133 68 40 2c.
1084 3134 110 39 Jan.
1229 3132 41 48 2,
1306 3132 142 47 1930;
1487 3131 82 41 aff.
1606 3132 114 41 Dec.
1758 3132 69 48 31,
1864 3131 142 47 1929;
2046 3131 42 39 A
2123 3130 170 46 17639;
524 3132 1911 99 Connecticut

765 3190 234 46 academy
1027 3188 53 41 of
1107 3190 105 39 arts
1240 3188 37 41 &
1306 3188 226 41 sciences.

448 3282 304 66 Winchell,
784 3284 254 52 Newton
1068 3283 247 63 Horace,
1352 3288 326 50 1839-1914.

525 3361 292 53 Elements
850 3359 66 54 of
950 3361 214 67 optical
1199 3360 386 68 mineralogy;
1625 3379 74 33 an
1733 3359 391 53 introduction
2158 3365 60 47 to
456 3358 1975 149 microscopic

678 3439 413 68 petrography,
1125 3438 78 69 by
1237 3439 69 52 N.
1343 3438 77 52 H.
1457 3438 289 54 Winchell
1783 3437 113 53 and
1933 3437 71 52 A.
2041 3437 70 53 N.
2149 3434 306 69 Winchell,

456 3511 1975 135 entirely rewritten and much enlarged by Alexander N. Winchell … 2d
889 3593 83 52 ed.
1047 3597 80 63 pt.
1167 3595 47 49 3.
1252 3591 456 53 Determinative
1743 3591 199 66 tables,
1978 3590 141 53 with
2158 3608 32 34 a
2229 3589 223 53 colored

457 3670 164 53 chart
646 3670 113 52 and
783 3675 113 47 two
924 3669 308 68 diagrams.
1295 3669 140 52 New
1461 3668 181 67 York,
1670 3668 156 54 John
1850 3667 193 69 Wiley
2068 3669 47 50 &
2139 3684 148 50 sons,
2314 3665 108 53 inc.;

456 3747 260 67 London,
752 3745 304 69 Chapman
1090 3748 47 50 &
1169 3746 161 66 Hall,
1365 3745 243 67 limited,
1645 3747 152 50 1929.

525 3827 720 49 xii, 204 p. tables. 23 ½ᶜᵐ .
460 3880 51 52 ©
540 3884 111 39 Dec.
680 3884 68 45 14,
778 3883 113 40 1929;
948 3883 69 41 2c.
1045 3884 96 39 and
1169 3882 83 42 aff.
1281 3884 112 39 Dec.
1422 3882 83 46 18;
1535 3882 42 39 A
1604 3881 172 46 16594;
1808 3881 278 39 Alexander
2114 3881 56 38 N.
2199 3879 253 47 Winchell,

749 3939 151 33 Madison Wis.
