2533 4384
1051 4053 102 49 259

103 469 421 55 International
564 467 259 53 research
864 465 219 54 council
1124 466 113 51 and
1276 464 97 52 the
1414 464 276 52 National
1731 465 271 67 academy
2043 464 65 53 of

104 550 240 52 sciences
370 547 76 68 by
474 546 94 52 the
599 545 276 53 National
904 543 258 53 research
1193 541 221 53 council
1446 541 64 52 of
1538 541 96 53 the
1664 541 221 54 United
1919 540 189 55 States

104 619 2004 71 of America; editor-in-chief, Edward W. Washburn … v. 5,
107 710 83 47 1st
227 704 84 52 ed.
385 702 139 52 New
563 701 181 67 York,
782 700 261 65 London,
1081 698 142 52 Pub.
1267 697 95 52 for
1400 697 97 52 the
1533 696 276 53 National
1850 697 257 52 research

105 781 219 54 council
352 780 77 69 by
459 781 95 51 the
584 777 434 56 McGraw-Hill
1048 777 148 52 book
1228 792 300 51 company,
1560 774 127 69 inc.,
1721 777 153 50 1929.

172 865 63 47 ix,
263 863 88 41 470
379 874 43 37 p.
480 863 169 47 tables,
682 861 180 48 diagrs.
919 861 149 40 28½ᶜᵐ.

106 932 51 51 ©
186 936 112 39 Feb.
323 935 40 46 9,
388 933 141 47 1929;
559 933 67 40 2c.
654 933 96 39 and
776 932 84 40 aff.
889 932 111 39 Feb.
1027 931 83 47 26;
1140 931 41 38 A
1206 930 144 46 4640;
1382 930 131 39 Natl,
1541 930 233 46 academy
1800 928 54 41 of
1881 928 227 49 sciences,

172 990 337 48 Washington.

105 1099 252 63 Nicklin,
391 1098 262 53 Maurice
685 1097 274 63 Edward,
994 1100 171 49 1900-

175 1172 1875 71 Something about gas lift, prepared by M. E. Nicklin …
103 1251 1807 70 Waukesha, Wis., The Waukesha motor company [ ᶜ19 28]
169 1338 27 39 4
226 1348 43 37 p.
334 1368 9 16 l.,
375 1335 186 48 13-139,
596 1336 54 49 [1]
683 1346 43 37 p.
787 1334 165 47 front.,
984 1334 143 47 illus.,
1160 1333 181 49 diagrs.
1401 1333 147 41 20½ᶜᵐ.

174 1406 239 42 Seminole
444 1416 114 29 area
588 1406 90 39 has
708 1405 120 40 been
859 1405 177 39 chosen
1066 1414 55 29 as
1151 1414 29 30 a
1209 1403 315 48 background
1555 1403 53 40 of
1638 1403 98 40 this
1766 1403 288 40 discussion.

106 1472 52 52 ©
193 1475 129 48 Sept.
356 1475 40 47 6,
428 1475 115 40 1928;
604 1474 69 40 2c.
707 1475 95 38 and
837 1472 84 42 aff.
955 1473 112 40 Feb.
1100 1472 70 48 20,
1205 1472 119 40 1929;
1383 1472 41 39 A
1458 1473 113 39 5385;
1637 1473 280 40 Waukesha
1953 1474 157 38 motor

173 1542 67 30 co.
309 1530 251 50 (29-6144)

98 1640 264 64 Nicotra,
393 1639 200 55 Tobia.

170 1717 218 52 Arturo
431 1716 325 67 Toscanini,
801 1716 73 68 by
915 1715 182 53 Tobia
1140 1715 267 67 Nicotra;
1453 1716 319 52 translated
1818 1715 154 53 from
2016 1717 97 52 the

99 1793 2012 69 Italian by Irma Brandeis and H. D . Kahn. New York, A. A.
99 1871 226 69 Knopf,
357 1875 149 49 1929.

171 1952 1445 50 5 p. l., 3-235, [1] p., 1 l. front., plates, ports. 22½ᶜᵐ.
107 2021 52 52 ©
189 2026 112 40 Feb.
329 2026 68 47 15,
425 2024 140 48 1929;
597 2025 68 39 2c.
695 2026 96 38 and
821 2024 82 41 aff.
935 2024 111 40 Feb.
1076 2024 81 42 18;
1189 2025 42 38 A
1259 2025 143 46 5545;
1433 2024 174 41 Alfred
1638 2026 54 38 A.
1722 2025 182 48 Knopf,
1935 2026 92 40 inc.

183 2081 253 49 (29-6240)

104 2191 246 63 Nowak,
382 2191 145 52 Karl
560 2191 325 63 Friedrich,
923 2196 170 49 1882-

170 2270 326 69 Versailles,
532 2270 76 69 by
644 2270 149 53 Karl
831 2269 302 54 Friedrich
1172 2270 238 53 Nowak.
1485 2272 141 52 New
1665 2272 182 69 York,
1884 2274 229 67 Payson

99 2350 112 53 and
241 2347 210 57 Clarke
478 2349 122 69 ltd.,
631 2351 148 51 1929.

170 2430 85 41 287
287 2441 43 37 p.
390 2430 164 47 front.,
584 2431 172 47 plates,
785 2432 150 46 ports.
996 2430 146 41 23½ᶜᵐ.

171 2502 294 39 Translated
496 2502 62 47 by
589 2502 56 40 N.
676 2502 63 40 M.
770 2501 212 40 Thomas
1013 2502 97 39 and
1141 2502 52 39 E.
1225 2502 72 40 W.
1329 2501 193 41 Dickes.

171 2558 351 48 Bibliography
551 2558 226 40 included
809 2558 48 39 in
888 2557 212 48 preface.

105 2611 52 52 ©
186 2615 112 41 Feb.
324 2616 70 46 23,
422 2615 141 46 1929;
593 2616 68 40 2c.
689 2616 98 39 and
814 2615 83 41 aff.
927 2617 122 38 Mar.
1079 2615 52 46 5;
1161 2616 41 38 A
1229 2615 143 48 4687;
1404 2617 192 46 Payson
1626 2617 36 40 &
1691 2616 192 49 Clarke,
1912 2617 87 40 ltd.

183 2671 251 50 (29-6159)

106 2768 120 52 The
266 2766 149 54 Ohio
451 2769 109 51 law
596 2773 273 62 reporter,
945 2787 50 34 v.
1035 2767 83 54 27.
1194 2768 51 51 A
1284 2768 216 70 weekly
1538 2768 230 69 journal
1807 2770 304 68 published

175 2844 60 52 in
267 2844 95 53 the
396 2845 235 52 interest
664 2844 64 53 of
761 2846 95 51 the
892 2846 150 67 legal
1077 2843 324 69 profession
1437 2845 60 52 in
1530 2847 94 51 the
1661 2851 147 48 state
1842 2846 65 54 of
1942 2846 166 56 Ohio.

172 2923 220 53 Vinton
431 2922 68 53 R.
540 2922 282 68 Shepard,
860 2923 201 52 editor.
1137 2922 351 69 Cincinnati,
1526 2924 121 53 The
1687 2923 154 57 Ohio
1878 2925 110 52 law
173 2943 1912 125 reporter

399 3019 298 50 company,
732 3004 151 50 1928.

203 3082 444 49 viii, 705 p. 24 ᶜᵐ .
105 3134 52 52 ©
183 3139 113 40 Feb.
320 3139 69 47 18,
415 3139 117 40 1929;
642 3172 8 7 2c.
677 3140 112 40 Feb.
813 3139 60 41 20;
957 3140 50 41 aff.
1035 3140 111 41 Feb.
1172 3140 54 40 19;
1284 3141 40 38 A
1349 3141 115 39 4531;
1522 3141 124 40 Ohio
1671 3143 96 38 law
1793 3143 221 46 reporter
2040 3152 68 31 co.

98 3248 284 64 Plumley,
417 3249 183 54 Ladd.

169 3325 1940 72 With the trout fly, by Ladd Plumley … with thirty-five
99 3401 396 55 illustrations.
563 3403 139 53 New
734 3404 182 65 York,
945 3404 311 53 Frederick
1284 3405 71 52 A.
1392 3404 202 55 Stokes
1625 3423 300 51 company,
1957 3409 151 50 1929.

167 3485 84 40 xvi
279 3497 57 37 p.,
364 3487 25 37 1
454 3517 8 16 l.,
490 3486 86 40 270
603 3497 43 37 p.
706 3486 131 41 illus.
898 3486 145 42 19½ᶜᵐ.

104 3538 1948 52 © Feb. 28, 1929; 2c. and aff. Mar. 2; A 5573; Frederick A. Stokes co.
180 3598 252 48 (29-6138)

101 3691 181 53 Porto
315 3692 159 53 Rico.
545 3695 277 66 Supreme
858 3703 175 45 court.

170 3769 327 54 Decisiones
525 3771 66 52 de
620 3773 213 51 Puerto
861 3772 158 52 Rico.
1084 3777 38 47 t.
1154 3773 81 52 37.
1266 3773 86 51 De
1381 3773 163 66 junio
1572 3777 66 48 25,
1688 3774 134 54 1927
1853 3793 30 33 a
1913 3792 192 36 marzo

101 3849 82 63 30,
223 3850 149 50 1928.
448 3847 173 55 Casos
657 3851 272 51 resueltos
968 3869 66 33 en
1073 3851 50 51 el
1160 3851 283 51 Tribunal
1481 3869 263 50 supremo
1783 3852 68 52 de
1890 3853 214 52 Puerto

99 3924 140 53 Rico
272 3926 241 52 durante
546 3927 165 52 dicho
745 3928 251 67 periodo.
1066 3928 254 69 Joaquín
1351 3929 189 69 López
1576 3929 167 69 Cruz,
1775 3930 326 52 secretario-
