2512 4377
1268 3992 98 50 568

287 355 306 53 Jahrbuch
633 357 97 51 für
769 355 440 71 photographie,
1245 354 536 68 kinematographie
1818 355 119 52 und

354 354 1911 132 reproduktionsverfahren
858 431 100 53 für
996 432 89 52 die
1124 432 162 68 jahre
1327 430 338 67 1921-1927;
1706 435 170 48 unter
1912 429 376 69 mitwirkung

355 510 492 67 hervorragender
874 508 375 53 fachmänner
1275 509 154 68 hrsg.
1459 526 111 34 von
1597 507 203 53 hofrat
1825 507 154 68 prof.
2009 508 83 53 dr.
2122 507 168 54 Josef

356 586 1871 67 Maria Eder … und Eduard Kuchinka … 30. bd., 2. t. …
356 666 176 52 Halle
573 664 224 69 (Saale)
837 665 90 54 W.
960 664 237 68 Knapp,
1230 666 150 51 1928.

356 746 1093 49 3 p. l., 481-960 p. illus., diagrs. 24 ½ᶜᵐ .
291 813 51 52 ©
371 818 118 39 Nov.
517 817 40 47 6,
586 816 141 42 1928;
758 815 66 41 3c.
854 816 122 39 Mar.
1004 816 40 44 2,
1074 814 142 49 192,9;
1246 814 311 48 A—Foreign
1586 814 142 47 2107;
1760 815 226 41 Wilhelm
2019 816 190 47 Knapp.

289 937 238 61 Jewett,
557 937 191 54 Sarah
781 937 176 57 Orne,
991 942 324 52 1849-1909.

362 1031 176 66 Betty
577 1029 300 67 Leicester,
917 1047 31 34 a
990 1033 159 64 story
1191 1028 94 53 for
1327 1029 159 68 girls,
1526 1029 76 69 by
1646 1028 184 55 Sarah
1873 1029 155 54 Orne
2071 1030 227 66 Jewett,

289 1107 2009 68 with illustrations by Beatrice Stevens. Boston and New York.
290 1186 318 69 Houghton
639 1185 204 52 Mifflin
873 1204 299 51 company,
1204 1189 150 50 1929.

362 1268 1487 50 xii, [1], 273, [1] p. col. front., illus., col. plates. 20½ ᶜᵐ .
293 1336 52 53 ©
373 1341 114 46 Apr.
514 1340 68 47 18,
609 1339 142 47 1929;
779 1340 68 41 2c.
876 1340 113 47 Apr.
1017 1340 82 46 24;
1129 1339 83 41 aff.
1240 1340 113 48 Apr.
1382 1340 81 47 39;
1495 1340 40 39 A
1562 1340 142 47 7658;
1735 1340 264 46 Houghton
2030 1339 170 41 Mifflin
2227 1350 67 30 co.

372 1396 252 49 (29-9723)

292 1504 408 64 Jouhandeau,
734 1503 237 64 Marcel,
1007 1509 171 50 1888-

422 1596 1593 70 … Opales. Paris, Nouvelle revue française [1928]
359 1677 758 51 3 p. l., [9]-222 p., 1 l. 19 ᶜᵐ .
296 1746 1984 110 © Nov. 28, 1928; 1c. Jan. 25, 1929; A—Foreign 1750; Librairie Gallimard. (29-9618)
297 1915 266 64 Keeling,
599 1915 155 53 John
793 1915 227 53 Gilbert.

367 2007 121 53 The
521 2012 89 47 art
641 2007 64 53 of
734 2007 286 53 acrobatic
1050 2008 267 69 dancing,
1346 2009 75 67 by
1450 2009 158 53 John
1640 2007 227 56 Gilbert
1900 2009 274 68 Keeling;
2210 2010 94 52 the

297 2087 136 66 only
471 2086 343 68 descriptive
853 2087 284 51 acrobatic
1174 2087 148 52 book
1361 2088 56 50 in
1457 2088 96 51 the
1591 2088 199 66 world,
1829 2088 295 53 combined
2164 2089 139 51 with

298 2165 248 67 practice
581 2166 224 51 routine
840 2165 112 52 and
988 2166 224 52 routine
1251 2165 92 52 for
1379 2168 215 50 several
1630 2165 288 53 beautiful
1952 2172 158 63 stage

298 2186 1981 114 numbers;
491 2245 284 67 arranged
813 2245 112 51 and
962 2244 190 52 edited
1191 2243 94 53 for
1320 2245 99 52 the
1450 2262 99 35 use
1582 2244 65 53 of
1680 2245 220 53 schools

1935 2246 112 51 and
299 2244 1982 130 professionals:
591 2322 383 52 illustrations
1024 2323 152 51 from
1225 2323 188 51 actual
1461 2323 225 52 routine
1734 2323 76 69 by
1858 2324 195 66 pupils
2101 2323 64 53 of
2211 2324 95 51 the

300 2401 222 52 author.
601 2400 321 54 Oklahoma
958 2401 151 68 City,
1141 2402 76 51 Η.
1310 2444 9 9 R.
1356 2400 301 69 Stephens,
1693 2405 148 49 1929.

372 2486 35 49 l,
423 2496 41 36 p.
525 2515 8 14 l.,
559 2483 57 39 46
641 2494 41 37 p.
745 2483 128 41 illus.
933 2484 147 40 30½ᶜᵐ.

372 2557 159 39 Blank
555 2566 146 37 pages
726 2555 77 38 for
829 2556 193 38 “Dance
1047 2555 276 41 notations”
1353 2556 171 47 (44-46
1547 2558 51 38 at
1621 2557 116 44 end)

375 2614 94 39 “As
493 2614 174 47 taught
692 2614 59 46 by
777 2613 176 47 Lucyle
981 2613 206 47 Keeling
1236 2614 116 39 school
1397 2614 51 39 of
1472 2613 252 48 dancing.”

303 2680 53 53 ©
385 2685 113 48 Apr.
527 2685 68 46 12,
624 2684 141 43 1929;
795 2684 68 41 2c.
891 2685 96 38 and
1016 2684 82 40 aff.
1127 2684 115 47 Apr.
1271 2683 82 48 18;
1382 2684 41 39 A
1451 2683 142 48 6648;
1626 2685 44 40 J.
1700 2684 54 41 G.
1783 2684 219 48 Keeling,
2033 2684 267 40 Oklahoma

373 2740 124 48 City.
568 2739 251 50 (29-9730)

302 2849 168 64 Kirk,
510 2850 186 55 Hans.

300 2942 1984 149 … Fiskerne; roman. København, Gyldendal, Nordisk forlag, 1928.
372 3102 334 49 277 p. 22 ᶜᵐ .
308 3169 1982 107 © Nov. 34, 3928; 1c. Jan. 25, 1929; A—Foreign 1480; Gyldendalske boghandel,
597 3229 214 40 Nordisk
839 3229 176 48 forlag.
1085 3228 252 49 (29-9621)

310 3336 402 64 Kirkpatrick,
747 3337 208 52 Edwin
988 3337 258 64 Asbury,
1284 3342 170 49 1862-

379 3428 452 52 Fundamentals
857 3428 63 52 of
947 3429 154 52 child
1127 3429 201 68 study;
1359 3448 31 33 a
1417 3429 315 53 discussion
1760 3430 65 53 of
1850 3431 236 53 instinct
2112 3431 196 53 trends

310 3506 112 51 and
450 3506 162 51 other
642 3505 214 54 factors
885 3506 60 52 in
973 3507 213 51 human
1215 3506 397 68 development
1641 3509 142 51 with
1813 3508 277 68 practical
311 3509 1971 140 applications,

593 3583 1717 71 by Edwin A. Kirkpatrick … 4th ed., rev. New
316 3660 1209 70 York, The Macmillan company, 1929.
381 3741 1300 49 xxiii. 410 p. incl. 1 illus., diagr. forms. 20½ ᶜᵐ .
383 3811 376 48 Bibliography:
793 3823 42 37 p.
865 3812 219 42 383-386.

314 3874 51 52 ©
393 3879 113 47 Apr.
533 3879 68 45 16,
630 3880 113 39 1929;
799 3881 67 40 2c.
894 3882 96 37 and
1017 3880 82 41 aff.
1127 3880 114 48 Apr.
1269 3881 81 46 17;
1381 3881 39 38 A
1449 3882 140 46 7489;
1620 3883 53 39 E.
1701 3883 54 40 A.
1785 3882 333 49 Kirkpatrick,

383 3883 1905 100 Fitchburg,
550 3936 147 39 Mass.
768 3935 251 49 (29-9851)
