2542 4389
1070 4020 137 52 1913

124 370 295 54 Alabama
465 373 113 52 and
631 370 287 56 Southern
968 374 260 64 reporter
1276 369 204 69 digest,
1531 366 269 71 covering
1848 367 79 54 all
1978 385 152 39 cases

198 449 268 68 reported
511 448 60 53 in
616 447 285 54 Alabama
948 451 241 64 reports,
1235 445 284 53 Alabama
1569 445 287 68 appellate
1904 450 223 63 reports

202 520 1926 73 and Southern reporter … [v. 17-20] St. Paul, Minn., West
199 601 673 71 publishing co. [ ᶜ1 929]
194 684 222 42 4 v. 26 ᶜᵐ.
477 765 104 29 CONTENTS.—v.
623 752 72 42 17.
736 752 337 41 Insurrection
1112 753 96 40 and
1248 751 369 48 sedition-Jury
1654 750 209 41 list.—v.
1905 748 72 43 18.
129 750 1980 102 .Justices
276 811 55 40 of
358 810 82 42 the

468 810 295 48 peace-Lost
791 810 317 40 records.—v.
1140 806 73 43 19.
1242 808 410 41 Lotteries-Meat
1681 807 340 41 markets.—v.
2054 805 74 42 20.
130 866 291 41 Mechanics’
450 865 329 41 liens-Naked
806 867 145 39 trust.

133 931 53 54 ©
215 937 119 40 Nov.
363 935 70 49 18,
463 934 114 42 1929;
635 935 68 41 2c.
733 934 120 41 each
882 934 114 41 Dec.
1025 933 59 42 16;
1141 933 110 43 affs.
1281 934 113 41 Dec.
1424 934 58 39 14;
1541 934 41 39 A
1611 931 322 43 16508-16511;
1994 933 137 41 West

199 992 111 50 pub.
338 1003 69 30 co.

124 1100 317 55 American
471 1099 280 55 institute
779 1099 66 54 of
871 1098 296 55 electrical
1195 1099 332 65 engineers.

200 1174 1932 71 Transactions … v. 48, no. 4, Oct., 1929 … New York,
130 1253 1930 71 N. Y., The American institute of electrical engineers, ᶜ1 929.
361 1334 898 52 1 p. l., 1079-1482 p. illus., diagrs. 29½ ᶜᵐ.
133 1403 52 54 ©
215 1409 119 40 Nov.
363 1408 69 48 15,
462 1407 141 48 1929;
634 1408 68 40 2c.
734 1408 96 40 and
860 1406 84 42 aff.
973 1407 114 41 Dec.
1115 1406 54 48 9;
1202 1407 43 39 A
1273 1406 172 48 16329;
1479 1407 160 41 Amer,
1669 1406 230 41 institute
1929 1407 54 40 of
200 1408 1913 97 electrical
372 1464 267 49 engineers.

123 1571 203 66 Ames,
352 1571 157 55 John
539 1571 246 66 Quincy,
813 1592 180 51 comp.

194 1651 122 53 The
350 1651 251 53 advance
633 1650 60 52 in
727 1650 380 70 professional
1144 1650 307 53 standards
1485 1649 65 54 of
1583 1651 96 52 the
1712 1651 419 69 secretaryship

126 1728 65 54 of
232 1729 97 53 the
373 1730 211 67 Young
625 1727 176 55 men’s
843 1728 298 55 Christian
1187 1727 399 70 associations;
1631 1745 193 37 source
1867 1728 265 54 material

126 1805 2006 71 chronologically arranged, by J. Quincy Ames … Chicago,
125 1882 1932 72 Ill., The Young men’s Christian association college [ ᶜ1 929]
197 1965 286 49 cover-title,
514 1966 57 40 32
601 1976 45 39 p.
706 1965 55 41 23ᶜᵐ.
893 1964 328 49 (Monograph
1253 1975 77 31 no.
1360 1974 54 30 ix
1449 1964 52 41 of
1532 1965 129 41 “The
1691 1966 243 48 changing
1964 1967 171 49 Young

126 2023 149 41 men’s
305 2022 251 42 Christian
584 2021 327 41 association”
943 2021 176 48 series)

134 2090 52 52 ©
215 2094 103 41 Oct.
342 2093 71 48 22,
440 2093 113 41 1929;
608 2093 69 41 2c.
702 2093 121 40 Nov.
846 2092 57 40 14;
959 2090 83 43 aff.
1068 2092 120 40 Nov.
1214 2091 55 41 13;
1327 2091 41 39 A
1394 2091 144 41 14813;
1595 2093 172 49 Young
1793 2093 150 41 men’s
203 2091 1913 100 Christian

338 2160 129 31 assn,
498 2151 192 47 college.
760 2147 283 50 (29-28336)

199 2258 409 70 Co-operation
646 2258 252 53 between
939 2258 96 52 the
1076 2258 213 68 Young
1329 2257 264 54 women’s
1633 2259 114 53 and
1784 2260 97 52 the
1921 2261 213 70 Young

126 2334 2008 74 men’s Christian associations, by J. Quincy Ames … Chicago,
126 2412 1902 72 Ill., The Young men’s Christian association college [ ᶜ1 929]
129 2492 1990 112 cover-title, 2 p. l., 3-84 p. 23 ᶜᵐ. (Monograph no. vm of “The changing Young
443 2552 149 41 men’s
625 2550 253 43 Christian
910 2549 328 42 association”
1271 2549 177 50 series)

199 2625 188 48 Mainly
416 2634 28 31 a
472 2621 254 43 collection
756 2621 53 41 of
837 2631 170 31 source
1036 2619 244 43 material.

136 2692 53 54 ©
218 2697 90 41 Oct
332 2695 71 49 28,
431 2693 114 42 1929;
599 2694 70 40 2c.
694 2693 120 40 Nov.
841 2691 58 41 14;
955 2690 84 42 aff.
1065 2691 120 41 Nov.
1211 2691 55 41 13;
1324 2691 42 40 A
1392 2691 148 42 14812;
1594 2693 172 49 Young
1793 2694 150 41 men’s
204 2694 1912 100 Christian
336 2762 129 31 assn,

492 2752 194 47 college.
756 2747 282 50 (29-28335)

131 2861 238 64 Astruc,
404 2856 256 67 Gabriel,
695 2862 172 50 1864-

263 2935 1874 73 … Le pavillon des fantômes, souvenirs … Paris, B. Grasset
135 3021 173 65 [1929]

198 3095 562 53 xi, 344 p., 2 l. 19ᶜᵐ.
138 3165 1829 55 © May 15, 1929; 1c. July 19; A—Foreign 4057; Bernard Grasset.
217 3225 282 51 (29-28066)

130 3317 284 64 Bartlett,
438 3317 212 53 Lester
677 3315 278 65 William,
985 3320 172 51 1883-

204 3399 121 53 The
352 3397 73 53 Y.
452 3397 81 53 M.
561 3397 62 55 C.
651 3395 71 55 A.
752 3395 262 69 physical
1042 3396 248 53 director;
1348 3414 74 34 an
1449 3395 249 69 analysis
1724 3397 66 55 of
1815 3399 97 54 the
132 3399 1982 132 activities
270 3475 65 54 of

364 3476 97 54 the
489 3479 283 63 secretary
803 3473 127 53 who
960 3474 47 54 is
1037 3472 350 68 responsible
1420 3472 95 54 for
1546 3473 261 69 physical
1838 3478 301 56 education

135 3550 2004 73 in a local Y. M. C. A. [by] Lester W. Bartlett … [and] Alden
132 3627 2008 77 W. Boyd … Chicago, Ill., The University of Chicago press
139 3713 193 65 [ ᶜ1 929]
134 3785 2005 103 xi, 104 p. 23½ ᶜᵐ. (Half-title: Studies of the Young men’s Christian association
458 3845 192 48 college,
680 3841 236 50 Chicago)

143 3914 52 53 ©
222 3918 120 40 Nov.
371 3916 70 47 13,
470 3914 117 42 1929;
641 3914 69 40 2c.
738 3912 97 41 and
863 3911 83 42 aff.
975 3911 120 41 Nov.
1124 3910 56 41 23;
1240 3910 42 41 A
1310 3910 146 42 16045;
1517 3914 284 52 University
1831 3919 52 40 of
1913 3919 224 53 Chicago,

211 3972 225 49 Chicago.
506 3969 281 51 (29-28073)
