2542 4389
1073 4039 134 51 1931

203 492 87 41 382
319 503 44 38 p.
424 491 57 42 19½ᶜᵐ.

137 559 52 53 ©
227 564 120 40 Nov.
386 564 39 46 1,
465 563 115 40 1929;
644 563 70 40 2c.
755 563 95 39 ancl
890 562 83 39 aff.
1012 562 119 39 Nov.
1173 562 52 45 7;
1266 560 42 38 A
1347 557 171 48 36207;
1605 557 135 40 Vivian
1781 555 125 49 Cory
1947 556 184 48 Griffin,

206 621 199 39 Menton
434 621 54 39 A.
522 620 77 45 M.,
631 619 199 39 France.
902 615 283 51 (29-28507)

133 729 214 63 Couch,
378 729 227 62 George
634 727 221 54 James.

209 811 1927 81 Cyclopedia of insurance law, by George J. Couch … v. 5.
136 897 326 67 Rochester,
564 939 9 8 N.
618 896 92 67 Y.,
752 896 120 52 The
916 894 270 69 Lawyers
1229 892 383 70 co-operative
1656 890 340 71 publishing
2039 908 99 50 co.,

137 977 149 50 1929.

205 1056 131 48 xxiv,
364 1054 265 43 3453-4508
656 1065 42 38 p.
758 1054 60 39 24½ᶜᵐ.

138 1119 1979 114 © Dec. 17, 1929; 2c. Dec. 19; aff. Dec. 21; A 16676; Lawyers co-operative pub. co.
129 1291 222 63 Dorny,
382 1287 221 57 André.

262 1377 1492 73 … La dame de Hungerstein. Paris, Plon [19 29]
198 1460 653 52 4 p. l., 3-254 p., 1 l. 19 ᶜᵐ.
137 1529 1725 112 © June 3, 1929; 1c. Aug. 23; A—Foreign 4370; Librairie Plon. (29-28553)
131 1684 195 64 Frost,
357 1681 207 55 Edwin
593 1684 209 64 Brant,
836 1689 173 51 1866-

132 1773 1983 134 … Radial velocities of 500 stars of spectral class A, by Edwin
280 1852 67 52 B.
383 1851 188 70 Frost,
611 1850 193 57 Storrs
842 1852 67 52 B.
948 1853 254 68 Barrett,
1237 1853 113 53 and
1390 1852 139 56 Otto
1570 1852 223 56 Struve.
1868 1852 274 72 Chicago,

131 1928 1418 72 Ill., The University of Chicago press [19 29]
200 2013 82 49 vii,
313 2013 56 41 79
397 2023 44 39 p.
470 2013 110 41 incl.
608 2013 171 48 tables,
810 2013 181 48 diagrs.
1048 2012 56 41 29½ᶜᵐ.
1265 2013 362 49 (Publications
1654 2014 52 40 of
1736 2015 83 40 the
1850 2015 183 41 Yerkes
131 2013 1990 109 observatory,

432 2071 92 39 vol.
628 2101 9 17 VII,
670 2072 68 46 pt.
800 2069 14 48 I)

200 2141 65 39 At
291 2140 125 40 head
443 2140 53 40 of
523 2139 108 41 title
649 2150 9 29 :
687 2140 103 39 The
820 2138 283 49 University
1131 2140 53 40 of
1211 2140 226 49 Chicago.

139 2206 1999 57 © Nov. 13, 1929; 2c. and aff. Nov. 23; A 16042; University of Chicago,
207 2267 225 50 Chicago.
501 2267 281 49 (29-28503)

131 2360 276 65 Hatfield,
439 2363 205 62 Henry
674 2361 285 55 Stafford.

207 2453 122 52 The
372 2457 266 63 conquest
681 2452 67 53 of
790 2452 250 71 thought
1081 2453 75 69 by
1201 2454 298 55 invention
1543 2456 62 52 in
1647 2457 96 52 the
1787 2457 352 56 mechanical

138 2528 2003 74 state of the future, by H. Stafford Hatfield … New York,
226 2607 1138 71 W. W. Norton & company, inc. [ᶜ19 29]
204 2688 1033 53 80 p. 17 ᶜᵐ. [The new science series]
235 2760 135 40 “First
395 2759 200 42 edition.”

139 2812 54 52 ©
221 2816 102 41 Oct.
350 2815 70 47 30,
450 2815 113 41 1929;
621 2809 69 49 2c.
717 2817 118 40 Nov.
867 2817 26 41 8;
950 2816 83 42 aff.
1062 2819 120 40 Nov.
1212 2820 24 39 7;
1293 2819 43 39 A
1364 2819 145 41 15589;
1567 2821 72 41 W.
1733 2854 7 8 W.
1772 2823 188 40 Norton
1988 2823 37 41 &
2051 2835 85 36 co.,

206 2872 92 40 inc.
367 2871 282 51 (29-28656)

132 2965 218 64 Heath,
376 2967 141 54 Mrs.
544 2967 173 63 Mary
753 2968 348 66 (Hubbard)
1140 2975 171 49 1864-

203 3056 122 54 The
361 3055 202 55 Elbert
597 3057 286 55 Hubbard
921 3059 32 52 I
990 3060 183 71 knew,
1211 3079 74 34 an
1322 3062 264 55 intimate
1624 3064 325 72 biography
1988 3068 152 54 from

133 3136 95 52 the
261 3135 165 54 heart
459 3136 114 52 and
606 3153 112 51 pen
750 3136 66 53 of
847 3137 90 54 his
971 3136 183 70 sister,
1189 3139 173 69 Mary
1393 3140 286 55 Hubbard
1712 3143 214 54 Heath.
1999 3146 143 55 East

134 3214 245 66 Aurora,
411 3212 71 56 N.
517 3213 89 69 Y.,
639 3214 243 53 Printed
916 3215 74 69 by
1021 3215 98 54 the
1150 3217 394 69 Roycrofters,
1578 3223 149 51 1929.

203 3296 1530 55 3 p. l., xi-xvi, 17-221, [1] p. front., plates, ports. 25 ᶜᵐ.
141 3362 1800 60 © Nov. 25, 1929; 2c. Dec. 2; aff. Nov. 30; A 17130; Roycrofters.
218 3422 281 51 (29-428546)

135 3518 207 63 Hurst,
374 3517 204 54 James
607 3519 218 64 Edgar.

203 3608 249 70 Melting
479 3609 125 53 iron
632 3609 60 53 in
719 3610 94 53 the
840 3611 206 69 cupola;
1104 3614 237 52 modern
1368 3617 250 66 practice
1644 3620 61 52 in
1731 3621 94 53 the
135 3625 1982 133 construction,

317 3687 392 53 maintenance
756 3689 113 52 and
914 3689 300 69 operation
1259 3691 64 53 of
1365 3693 97 53 the
1505 3696 204 69 cupola
1754 3698 61 53 in
1858 3699 95 54 the
1998 3719 145 53 gray

137 3765 125 52 iron
290 3763 271 70 foundry,
586 3765 76 69 by
686 3766 56 54 J.
771 3766 67 52 E.
865 3766 203 53 Hurst.
1133 3767 329 72 Cleveland,
1489 3771 87 70 O.,
1603 3775 121 53 The
1749 3777 225 54 Penton
137 3777 1979 139 publishing
381 3859 99 51 co.,
510 3845 149 50 1929.

138 3924 2003 110 5 p. l., 220 p. illus., port., diagrs. 24 ᶜᵐ. (Lettered on cover: Penton library)
