2512 4377
1292 4034 102 50 488

382 485 523 49 vi, 7-281 p. 19½ ᶜᵐ .
317 539 52 53 ©
396 545 122 38 Mar.
545 542 68 49 16,
640 541 118 41 1929;
810 541 68 41 2c.
904 541 96 39 and
1027 539 82 42 aff.
1136 540 115 48 Apr.
1277 539 26 40 9;
1359 539 43 38 A
1427 538 115 39 6414;
1599 538 133 38 Penn
1759 537 108 49 pub.
1896 548 67 28 co.

395 600 251 49 (29-8833)

315 680 268 63 Kellogg,
617 679 227 54 Walter
879 678 205 64 Guest,
1122 679 172 53 1877-

387 758 255 53 Parish’s
672 757 175 67 fancy
898 757 92 68 [by]
1023 757 223 52 Walter
1275 755 180 54 Guest
1484 754 266 69 Kellogg.
1817 754 138 52 New
1985 753 181 68 York,
2195 753 122 52 The

313 837 879 68 John Day company [ ᶜ1 929]
420 916 493 50 x, 293, [1] p. 21 ᶜᵐ .
321 970 52 52 ©
403 975 123 40 Mar.
554 974 70 47 21,
656 972 114 40 1929;
829 973 68 39 2c.
927 973 114 47 Apr.
1073 973 52 46 1;
1158 971 82 41 aff.
1273 973 122 39 Mar.
1426 970 83 48 28;
1542 971 43 38 A
1613 970 141 47 7176;
1788 970 73 40 W.
1894 969 52 41 G.
1979 969 216 47 Kellogg,
387 968 1913 110 Ogdensburg,

673 1030 56 39 N.
760 1030 53 39 Y.
882 1028 251 49 (29-8836)

317 1111 278 63 Kimball,
631 1110 165 53 Alice
831 1111 192 62 Mary,
1063 1113 170 50 1888-

391 1191 122 51 The
539 1189 153 53 devil
720 1189 48 53 is
795 1208 31 33 a
853 1206 220 35 woman
1124 1188 76 69 [by]
1250 1188 164 51 Alice
1440 1187 172 69 Mary
1636 1186 277 53 Kimball.
1975 1185 140 52 New
2141 1184 181 68 York,

318 1270 260 66 London,
609 1267 70 54 A.
712 1268 71 53 A.
814 1266 227 68 Knopf,
1074 1269 150 50 1929.

390 1347 749 50 5 p. l., 3-128 p., 1 l. 22½ ᶜᵐ .
391 1407 186 39 Poems.

323 1458 52 52 ©
407 1464 123 38 Mar.
562 1462 69 47 15,
663 1460 141 47 1929;
837 1461 67 39 2c.
938 1461 122 39 Mar.
1092 1459 82 46 19;
1210 1458 82 41 aff.
1326 1460 123 39 Mar.
1480 1458 82 47 18;
1597 1459 42 38 A
1671 1458 140 46 5954;
1846 1458 173 40 Alfred
2051 1458 56 40 A.
2139 1457 180 48 Knopf,

390 1518 92 41 inc.
550 1517 252 50 (29-8847)

321 1600 208 64 Kittel,
566 1599 239 64 Rudolf,
847 1604 170 49 1853-

394 1674 1868 71 Great men and movements in Israel, by Rudolf Kittel …
324 1756 334 52 authorized
709 1756 346 52 translation
1104 1756 76 68 by
1232 1753 298 56 Charlotte
1582 1753 73 54 A.
1708 1754 206 52 Knoch
1968 1753 114 53 and
2136 1752 62 55 C.
2252 1753 72 52 D.

322 1834 252 68 Wright.
637 1833 139 53 New
802 1833 180 67 York,
1007 1834 122 51 The
1154 1833 337 51 Macmillan
1518 1849 300 51 company,
1847 1834 152 50 1929.

396 1914 680 49 xiv p., 2 l., 465 p. 22½ ᶜᵐ .
327 1969 52 52 ©
404 1975 114 45 Apr.
544 1973 41 44 2,
611 1972 115 40 1929;
781 1972 67 40 2c.
876 1973 95 39 and
998 1972 83 40 aff.
1108 1973 114 46 Apr.
1249 1972 25 40 3;
1331 1972 41 38 A
1398 1971 115 40 7218;
1570 1970 283 40 Macmillan
1880 1981 69 29 co.

406 2029 252 49 (29-8814)

326 2110 294 63 Knowles,
651 2109 246 54 Charles
929 2109 273 63 Edward,
1235 2113 170 49 1865-

397 2187 245 67 History
677 2185 64 53 of
772 2187 96 51 the
902 2186 169 52 Bank
1106 2185 94 53 for
1234 2186 232 68 savings
1501 2186 60 51 in
1594 2186 97 52 the
1725 2185 117 69 city
1876 2184 65 54 of
1974 2186 140 52 New
2149 2184 181 67 York,

331 2267 327 64 1819-1929,
700 2264 78 68 by
823 2263 238 54 Charles
1106 2264 67 52 E.
1219 2263 300 67 Knowles;
1571 2263 392 53 introduction
2011 2264 112 52 and

329 2262 1976 133 illustration
586 2342 76 69 by
702 2342 252 52 Herbert
995 2341 378 53 Manchester.
1451 2341 140 53 New
1636 2340 181 69 York,
1859 2341 122 52 The
2024 2340 169 52 Bank
2238 2339 94 53 for

328 2420 461 69 savings [ ᶜ1 929]
401 2500 1456 49 191 p. incl. front., illus. (incl. ports., facsims.) 26 ᶜᵐ .
333 2555 52 52 ©
416 2560 122 40 Mar.
567 2560 70 45 2.6,
670 2559 140 45 1929;
841 2559 68 40 2c.
940 2559 96 39 and
1066 2558 84 40 aff.
1180 2559 114 47 Apr.
1326 2558 52 48 6;
1411 2559 40 37 A
1483 2557 139 47 6372;
1658 2558 141 39 Bank
1829 2558 80 39 for
1939 2557 198 48 savings
2169 2557 49 39 in
2249 2559 79 37 the

400 2616 99 47 city
524 2616 50 40 of
598 2616 118 39 New
740 2615 145 41 York.
948 2614 252 50 (29-8934)

332 2696 282 64 Kubinyi,
649 2696 206 53 Victor
889 2712 133 47 von,
1062 2698 172 52 1875-

400 2773 83 54 As
509 2791 83 35 we
617 2791 111 50 are,
753 2773 76 70 by
852 2773 205 53 Victor
1080 2774 68 52 de
1174 2772 262 70 Kubinyi;
1494 2773 140 52 with
1659 2791 33 35 a
1715 2773 234 68 preface
1970 2773 77 68 by
2070 2773 104 52 Dr.
2198 2771 107 53 Aleš

330 2849 1864 70 Hrdlicka … New York, Frederick A. Stokes co., 1929.
404 2935 85 40 xxi
518 2946 58 37 p.,
605 2936 24 37 1
681 2966 9 9 l.,
733 2934 109 39 lxiii
871 2935 162 40 numb.
1063 2935 29 40 1.
1153 2935 230 39 mounted
1411 2934 88 41 col.
1526 2934 165 47 front.,
1719 2944 130 29 lxiii
1875 2945 63 37 pl.
1998 2934 147 41 20½ᶜᵐ.

403 2993 41 37 A
472 2991 151 40 series
655 2990 51 41 of
738 2990 435 48 “psychographs”,
1204 2990 121 40 with
1355 2990 315 48 appropriate
1700 2990 294 48 descriptive
2023 2992 119 46 text,
2173 2989 163 49 giving

335 3058 21 29 a
391 3047 233 48 symbolic
652 3047 218 47 analysis
898 3047 51 40 of
976 3047 88 39 life
1092 3048 94 38 and
1216 3046 52 39 of
1296 3047 182 39 human
1506 3046 253 41 emotions.

337 3100 52 52 ©
421 3105 114 47 Apr.
568 3105 40 46 4,
643 3103 113 40 1929;
819 3103 68 40 2c.
921 3104 97 39 and
1050 3102 82 41 aff.
1166 3103 115 47 Apr.
1316 3102 26 40 6;
1404 3103 43 38 A
1479 3103 113 40 6374;
1657 3103 168 40 Victor
1858 3105 59 40 de
1950 3103 231 48 Kubinyi,
2217 3104 117 38 New

404 3161 145 40 York.
616 3159 251 50 (29-9036)

333 3226 215 64 Kulka,
585 3227 194 63 Hugo,
821 3231 169 49 1883-

405 3302 1872 69 Der eisenwasserbau, von professor dr.-ing. H. Kulka …
337 3382 92 52 bd.
462 3387 44 46 1.
538 3382 241 52 Theorie
808 3382 118 52 und
954 3381 405 52 konstruktion
1390 3382 100 51 der
1517 3381 384 68 beweglichen
1932 3381 201 53 wehre.
339 3383 1977 140 Berlin,

469 3460 88 53 W.
592 3460 178 52 Ernst
801 3462 45 49 &
877 3460 160 66 sohn,
1073 3462 149 50 1928.

409 3541 1453 49 xii, 323 p. illus., diagrs. 25 ᶜᵐ . [Das bauen in stahl]
344 3594 1993 51 © Sept. 19, 1928; 1c. Dec. 4; A —Foreign 1073; Wilhelm Ernst & sohn,
410 3656 180 46 verlag.
659 3654 250 48 (29-9011)

342 3721 252 62 Lackey,
632 3720 276 54 Bertram
949 3722 70 53 D.

414 3796 354 69 Outwitting
796 3803 158 46 trout
985 3798 139 51 with
1157 3816 28 33 a
1222 3798 77 69 fly;
1361 3798 194 53 letters
1586 3797 65 53 of
1683 3816 31 33 a
1747 3804 240 47 western
2019 3798 215 68 angler,
2265 3797 78 68 by

345 3875 1996 69 Bertram D. Lackey … [Los Angeles, Phillips printing co.,
401 3955 117 63 ᶜ1 929]
