2542 4389
1090 4015 132 49 1533

164 355 186 61 Scott,
378 352 153 55 Will.

236 432 121 52 The
403 431 178 66 mask,
630 431 75 56 by
753 430 142 54 Will
947 430 177 54 Scott.
1200 429 428 68 Philadelphia,
1676 429 249 68 Macrae,
1976 429 189 55 Smith

165 528 298 50 company,
495 510 149 51 1929.

226 589 338 49 319 p. 20 ᶜᵐ .
165 657 51 51 ©
255 661 126 47 Sept.
416 660 68 41 16,
519 659 115 40 1929;
695 660 68 39 2c.
797 661 94 38 and
927 659 84 40 aff.
1046 658 102 40 Oct.
1184 659 25 37 5;
1272 659 41 38 A
1348 658 143 40 12761;
1557 659 73 40 W.
1665 658 150 48 Scott,
1854 658 68 41 St.
1958 659 203 44 Minver,

232 717 133 39 West
393 715 127 48 Cliff,
549 717 164 39 Herne
741 717 106 45 bay,
877 715 240 47 England.
1184 711 280 51 (29-20448)

162 808 214 64 Smith,
405 809 190 63 Ralph
624 809 242 63 Clifton,
900 814 171 49 1898-

232 886 222 55 Gustav
498 887 224 67 Kruell,
767 886 309 53 American
1122 887 249 67 portrait
1419 905 276 49 engraver
1742 904 72 35 on
1861 885 182 54 wood,
2088 883 75 71 by

161 963 2000 69 Ralph Clifton Smith … Champlain, W. P. Truesdell, 1929.
230 1045 1369 49 5 p. l., 13-98 p. 14 pl. (incl. front., ports.) 27 ᶜᵐ .
230 1101 378 49 Bibliography:
639 1112 43 38 p.
714 1101 158 41 81-83.

215 1155 1930 99 © Sept. 23, 1929; 2c. and aff. Sept. 25; A 13590; Winfred Porter Truesdell.
414 1213 281 49 (29-20410)

153 1307 298 54 Southern
480 1317 256 61 reporter
763 1311 203 67 digest,
994 1311 268 66 covering
1290 1310 79 52 all
1395 1328 151 35 cases
1573 1311 264 67 reported
1866 1310 60 52 in
223 1308 1916 131 Southern

354 1393 273 62 reporter,
655 1387 317 68 beginning
1002 1387 140 53 with
1173 1388 280 52 Alabama
1486 1393 240 62 reports,
1755 1387 110 53 vol.
1898 1391 62 48 81;
223 1386 1916 132 Alabama

443 1467 286 65 appellate
782 1471 241 62 reports,
1074 1467 110 52 vol.
1239 1470 56 52 1;
1351 1465 236 54 Florida
1643 1470 241 64 reports,
1937 1466 110 52 vol.
2104 1470 57 62 1;

224 1543 308 57 Louisiana
592 1546 230 53 annual,
878 1544 109 53 vol.
1047 1548 94 52 39;
1202 1543 309 53 Louisiana
1567 1547 240 64 reports,
1864 1543 110 53 vol.
2035 1545 126 64 104;

223 1621 306 54 Louisiana
567 1621 242 55 Orleans
842 1628 161 47 court
1037 1623 64 53 of
1134 1623 224 67 appeal,
1390 1624 95 50 vol
1520 1627 56 53 1;
1612 1621 311 53 Louisiana
1957 1622 208 67 appeal

225 1700 1933 68 reports, vol 1; Mississippi reports, vol. 6 4 … [v. 13, 14]
225 1776 1424 72 St. Paul, Minn., West publishing co. [ ᶜ19 29 ]
231 1859 294 41 2 v. 26 ᶜᵐ .
497 1925 115 29 CONTENTS.—v.
652 1913 71 41 13.
760 1917 271 38 Executors
1066 1917 96 38 und
1200 1914 400 42 administrators
1636 1918 49 38 to
1721 1915 206 49 Frauds,
1967 1916 196 40 Statute

161 1970 126 40 of.—
289 1982 43 28 v.
366 1969 71 41 14.
470 1971 303 41 Fraudulent
803 1982 331 33 conveyances
1164 1974 47 37 to
1243 1973 295 39 Homestead
1574 1971 337 41 associations.

165 2023 53 51 ©
254 2027 129 48 Sept.
417 2028 69 43 25,
521 2028 112 39 1929;
696 2028 67 41 2c.
798 2029 118 39 each
951 2028 102 40 Oct.
1088 2028 57 39 10;
1206 2028 84 41 aff.
1326 2029 104 41 Oct.
1463 2030 25 39 7;
1552 2029 41 39 A
1626 2028 157 46 12879,
1820 2028 144 41 12880;
2029 2029 134 39 West

232 2084 108 47 pub.
366 2094 70 30 co.

150 2178 189 54 South
390 2186 238 47 western
677 2186 273 61 reporter.
1030 2180 215 55 Second
1299 2181 185 53 series.
1563 2180 169 55 Cases
1783 2183 214 65 argued
2049 2181 114 53 and

225 2258 349 53 determined
619 2259 59 51 in
722 2259 94 52 the
861 2258 275 69 Supreme
1178 2265 189 48 courts
1410 2260 64 51 of
1518 2259 312 59 Arkansas,
1872 2259 293 69 Missouri,

222 2337 328 68 Tennessee,
587 2338 111 51 and
737 2338 214 50 Texas:
990 2337 207 54 Courts
1233 2338 64 53 of
1333 2338 235 68 appeals
1605 2338 64 53 of
1703 2337 306 71 Kentucky
2049 2339 113 53 and

223 2414 300 57 Missouri;
568 2414 207 55 Courts
816 2415 64 52 of
922 2415 135 52 civil
1099 2417 108 51 and
1254 2415 264 53 criminal
1562 2418 234 66 appeals
1839 2418 113 52 and
223 2416 1914 130 Commission

491 2493 62 51 of
588 2494 236 66 appeals
859 2493 64 52 of
958 2494 202 61 Texas,
1195 2493 141 52 with
1370 2493 374 67 key-number
1779 2495 382 51 annotations,

224 2590 49 32 v.
330 2570 62 53 17
456 2572 127 66 (2d)
645 2571 151 53 June
849 2572 248 69 26-July
1153 2572 81 56 17,
1290 2574 150 50 1929.
1516 2574 346 51 Permanent
1911 2575 88 52 ed.
2077 2573 83 55 St.

223 2650 164 54 Paul,
413 2649 156 54 West
603 2647 335 70 publishing
966 2667 96 40 co.,
1094 2653 150 50 1929.

299 2729 416 49 xx, 1196 p. 26 ᶜᵐ .
163 2782 52 52 ©
247 2787 129 47 Sept.
405 2785 68 47 16,
502 2785 116 40 1929;
674 2785 66 41 2c.
770 2787 102 39 Oct.
903 2785 82 47 10;
1017 2787 83 40 aff.
1131 2787 102 39 Oct.
1264 2788 51 40 7;
1348 2788 39 38 A
1418 2788 143 40 12875;
1621 2788 134 41 West
1785 2789 108 47 pub.
1925 2800 67 29 co.

161 2894 274 64 Spenser,
467 2895 292 62 Edmund,
791 2896 366 53 1552?-1599.

231 2974 122 52 The
407 2973 180 53 faerie
638 2991 225 50 queene.
940 2975 121 52 The
1115 2977 204 51 second
1372 2975 195 59 booke,
1622 2976 367 68 contayning,
2043 2976 123 53 The

162 3053 204 67 legend
397 3051 64 53 of
497 3051 93 55 Sir
622 3051 205 67 Guyon;
895 3071 81 48 or,
1009 3051 85 55 Of
1123 3059 417 61 temperaunce.
1571 3054 73 69 by
1677 3054 273 54 Edmund
162 3055 1977 140 Spenser;

310 3130 139 52 with
478 3135 158 47 notes
666 3131 112 52 and
809 3134 308 50 comments
1145 3131 77 69 by
1250 3130 222 70 George
1501 3132 69 51 R.
1599 3133 200 52 Potter
1828 3134 113 52 and
1968 3133 196 54 James

163 3206 180 55 Cline.
418 3208 138 51 New
586 3207 163 52 York
778 3208 111 53 and
918 3208 259 55 London,
1205 3209 236 66 Harper
1467 3211 46 49 &
1539 3210 279 64 brothers,
1847 3213 149 50 1929.

229 3287 1932 52 vii p., 1 l., 300 p. 18 ᶜᵐ . [The college library, J. M. Thomas, general
157 3345 173 49 editor]

164 3397 51 52 ©
255 3401 129 48 Sept.
418 3402 69 45 21,
524 3401 113 40 1929;
700 3403 68 39 2c.
808 3402 129 48 Sept.
971 3402 83 47 24;
1093 3403 82 40 aff.
1213 3403 102 40 Oct.
1352 3404 26 40 3;
1443 3404 41 38 A
1520 3404 169 46 13893;
1729 3406 195 48 Harper
1959 3407 37 40 &
2032 3408 125 40 bros.

233 3453 69 53 [©
344 3457 208 49 preface,
595 3460 152 41 notes,
790 3459 316 42 summaries;
1152 3462 156 37 tables
1351 3460 51 39 of
1444 3461 165 41 dates;
1654 3461 85 41 list
1784 3462 50 40 of
1877 3463 279 45 allegorical

231 3514 281 40 characters;
567 3515 258 46 glossarial
853 3515 161 49 index]
1082 3515 281 48 (29-20555)

160 3605 300 66 Spewack,
491 3608 254 64 Samuel,
779 3614 171 49 1899-

233 3686 237 53 Murder
522 3689 58 51 in
630 3688 95 52 the
778 3687 212 55 Gilded
1041 3708 152 48 cage,
1245 3690 74 68 by
1372 3689 230 55 Samuel
1655 3691 292 69 Spewack.
2021 3692 139 52 New

163 3763 179 67 York,
374 3763 197 55 Simon
601 3766 112 52 and
746 3764 285 68 Schuster,
1061 3769 149 50 1929.

223 3844 532 48 4 p. l., 251 p. 20 ᶜᵐ .
164 3895 52 52 ©
253 3900 100 40 Oct.
387 3901 26 38 3,
518 3901 59 38 1929;
640 3902 66 40 2c.
743 3903 95 39 and
875 3903 81 41 aff.
993 3903 101 41 Oct.
1131 3905 24 38 7;
1221 3904 41 39 A
1297 3904 144 41 13938;
1508 3905 165 41 Simon
1708 3906 35 41 &
1781 3907 245 41 Schuster,
2064 3909 91 41 inc.

240 3956 282 49 (29-20440)
