2533 4342
1335 3969 136 53 1766

401 331 211 52 Texas.
687 332 166 52 Laws
860 375 11 25 ,
901 335 240 50 statutes
1148 373 12 26 ,
1186 335 101 49 etc.

538 406 1879 56 … Vernon’s annotated civil and criminal statutes of the
404 485 2010 55 state of Texas, revision of 1925. [ 19 29 cumulative annual
407 564 200 68 pocket
652 569 149 63 part,
842 570 58 46 to
943 565 66 51 be
1051 564 249 52 inserted
1342 564 60 51 in
1444 563 96 52 the
1582 564 226 52 volume
1847 563 65 53 of
1953 562 246 55 General
2240 563 174 53 index

405 640 2010 69 and tables] … Kansas City. Mo., Vernon law book company,
407 722 148 52 1929.

479 801 257 48 33 p. 25 ᶜᵐ.
410 866 2001 52 © Sept. 27, 1929; 2c. Nov. 14; aff. Nov. 11; A 15723; Vernon law book
474 936 70 32 co.

396 1036 207 65 Thom,
631 1038 138 53 Mrs.
802 1036 186 52 Helen
1028 1034 331 66 (Hopkins)
1397 1039 172 51 1869-

471 1112 186 55 Johns
680 1111 301 69 Hopkins;
1010 1131 31 33 a
1064 1112 320 55 silhouette,
1408 1111 77 70 by
1506 1110 189 54 Helen
1720 1112 270 67 Hopkins
2014 1112 200 52 Thom.
403 1113 1985 145 Baltimore,

660 1192 123 51 The
819 1190 188 54 Johns
1043 1190 272 67 Hopkins
1351 1208 185 49 press;
1576 1190 261 66 London,
1873 1190 77 51 H.
1989 1189 267 67 Milford,
403 1189 1986 133 Oxford
567 1269 319 68 university
915 1286 177 50 press,
1125 1270 150 50 1929.

471 1349 1249 50 xi, 125 p. front., plates, ports., facsims. 23½ ᶜᵐ.
409 1419 50 52 ©
496 1424 101 40 Oct.
631 1424 70 38 22.
736 1422 142 41 1929;
914 1422 68 39 2c.
1017 1422 94 38 and
1148 1421 82 41 aff.
1266 1420 103 41 Oct.
1404 1419 83 47 30;
1524 1421 41 38 A
1599 1421 172 46 14477;
1809 1421 155 39 Johns
2000 1420 222 48 Hopkins
2257 1432 151 37 press.

484 1478 281 49 (29-23785)

396 1586 355 64 Thomason,
782 1584 154 55 John
969 1584 276 64 William,
1282 1589 165 50 1893-

470 1662 256 54 Marines
771 1662 113 53 and
931 1661 208 65 others,
1182 1661 76 68 by
1301 1660 252 69 Captain
1598 1661 157 54 John
1800 1662 88 53 W.
1935 1662 342 66 Thomason,

2324 1662 90 70 jr.,
405 1743 66 53 U.
512 1741 56 56 S.
604 1741 227 52 Marine
867 1759 182 49 corps.
1121 1740 139 52 New
1297 1739 181 67 York,
1511 1740 261 66 London,
1809 1738 64 56 C.
1912 1739 315 55 Scribner’s
2263 1760 148 36 sons.

403 1823 149 50 1929.

470 1898 883 51 xi, 290 p. incl. illus., plates. 21½ ᶜᵐ.
752 1970 163 39 CONTENTS.—The
951 1970 148 39 letter
1133 1969 347 40 home.—Love
1517 1971 136 45 story
1690 1968 53 40 of
1779 1980 27 28 a
1846 1968 444 42 marine.—Before
2329 1971 85 40 the

402 2026 303 42 rain.—War
752 2024 960 50 dog.—Hate.—Distinguished-service
1758 2035 147 30 cross.
1921 2048 61 5 —
1996 2026 101 39 Tell
2147 2026 39 41 it
2234 2028 48 38 to
2330 2028 82 40 the

402 2082 379 42 marines.—Air
812 2082 341 48 patrol.—The
1186 2080 214 41 marines
1435 2092 78 29 see
1548 2081 80 40 the
1665 2080 498 43 revolution.—Cross
2201 2083 80 39 the
2315 2082 99 41 line

401 2140 119 41 with
551 2138 252 49 Pershing.

408 2207 52 52 ©
495 2212 118 39 Nov.
648 2211 39 47 1,
723 2209 116 41 1929;
900 2210 68 39 2c.
1004 2210 118 39 Nov.
1157 2208 26 41 8;
1249 2208 81 42 aff.
1367 2209 118 40 Nov.
1521 2210 27 39 7;
1612 2208 43 39 A
1689 2208 145 40 14669;
1901 2208 204 42 Charles
2142 2208 268 41 Scribner’s

474 2277 126 30 sons.
666 2264 281 50 (29-23888)

394 2374 356 66 Thompson,
783 2374 181 64 Clyde
993 2374 215 65 Ordell,
1241 2375 170 54 1874-

468 2451 1879 69 Thompson’s business arithmetic, by Clyde O. Thompson …
397 2528 139 54 New
567 2529 181 68 York,
777 2530 456 67 Prentice-Hall,
1262 2529 128 68 inc.,
1423 2532 150 50 1929.

470 2610 1247 49 X p., 1 l., 445 p. incl. illus., forms, diagrs. 23½ᶜᵐ.
406 2677 52 52 ©
498 2682 128 48 Sept.
663 2682 40 46 6,
740 2682 141 46 1929;
920 2682 67 41 2c.
1027 2682 101 40 Oct.
1166 2683 52 46 7;
1259 2680 82 41 aff.
1381 2682 102 41 Oct.
1521 2682 52 46 5;
1611 2682 42 39 A
1689 2682 170 47 12812;
1899 2681 376 47 Prentice-Hall,
2316 2680 90 40 inc.

483 2738 281 48 (29-23708)

393 2845 272 65 Ticknor,
696 2845 288 66 Caroline,
1020 2852 169 49 1866-

468 2922 1942 69 The book of famous horses, by Caroline Ticknor … Boston
398 3001 113 52 and
544 3000 139 53 New
718 2999 180 69 York,
928 3000 323 69 Houghton
1281 3001 203 52 Mifflin
1519 3020 299 49 company.
1854 3003 150 50 1929.

466 3083 1087 49 4 p. l., 198 p. front., plates, ports. 22 ᶜᵐ.
405 3148 52 52 ©
486 3152 102 41 Oct.
616 3153 69 42 18.
715 3152 141 43 1929;
886 3154 68 40 2c.
982 3154 119 40 Nov.
1130 3155 53 45 1;
1215 3154 81 40 aff.
1328 3154 102 40 Oct.
1459 3153 83 40 19:
1572 3155 42 38 A
1642 3154 145 40 15448;
1847 3154 49 41 C.
1927 3153 224 48 Ticknor,
2181 3153 223 40 Jamaica

471 3209 157 48 Plain,
659 3210 147 39 Mass.
874 3209 282 51 (29-23741)

393 3301 200 53 Times
642 3305 404 67 encyclopedia
1095 3307 112 52 and
1258 3309 312 65 gazetteer;
1622 3306 270 67 superbly
1943 3306 112 52 and
2105 3302 299 71 profusely

466 3377 326 55 illustrated
821 3380 142 52 with
989 3380 294 53 hundreds
1312 3380 63 53 of
1403 3380 247 68 subjects
1678 3381 57 52 in
1768 3381 111 51 full
1908 3380 170 66 color,
2105 3384 303 48 monotone

467 3456 114 52 and
627 3460 122 48 text
796 3463 138 61 cuts,
983 3459 343 67 augmented
1371 3458 77 69 by
1494 3477 31 33 a
1571 3458 110 53 fine
1728 3457 297 54 collection
2070 3457 66 52 of
2182 3457 220 53 colored

466 3552 164 49 maps
670 3533 64 53 of
773 3535 97 52 the
911 3535 289 69 principal
1241 3536 301 67 countries,
1584 3537 113 52 and
1741 3555 31 33 a
1810 3535 263 53 valuable
2115 3533 293 70 appendix

468 3610 64 52 of
561 3611 523 70 often-sought-for
1116 3613 149 55 facts
1295 3613 59 53 in
1385 3614 205 52 almost
1621 3632 169 51 every
1818 3613 363 68 department
2210 3612 66 53 of
466 3613 1916 128 human
643 3688 353 71 knowledge,
1043 3690 299 70 including
1387 3709 32 35 a
1464 3691 423 69 chronological
1933 3691 223 68 history
2200 3690 65 53 of
2309 3691 98 52 the

467 3767 1940 69 world … a most comprehensive narrative of the world war
466 3843 202 75 briefly
708 3845 171 57 noted
920 3846 113 72 day
1069 3846 75 70 by
1184 3847 140 67 day;
1368 3847 474 71 editor-in-chief,
1881 3847 240 55 Francis
2160 3847 56 55 J,
2258 3846 146 73 Rey-
