2542 4389
1040 4029 135 52 1945

101 371 393 69 [Abernathy,
525 372 142 53 Elza
697 371 276 69 Emmitt]
1011 375 173 54 1879-

173 451 122 53 The
318 450 324 54 unfinished
668 451 223 69 picture;
947 452 281 69 Pilgrims
1252 453 72 52 A.
1351 454 67 51 B.
1449 453 61 55 C.
1539 472 195 36 course
1757 454 66 54 of
1846 456 174 68 study
2043 456 62 53 in

101 528 1748 72 natural law. A de luxe ed. … Denver, Col., Pilgrims
99 531 1983 146 of eternal progression, ᶜ192 9.
168 689 350 50 211 p. 20 ᶜᵐ .
102 742 52 53 ©
187 746 103 42 Oct.
319 747 71 48 24,
420 745 117 41 1929;
593 746 68 41 2c.
693 745 104 42 Oct.
825 746 61 42 28;
945 746 83 40 aff.
1059 747 120 41 Nov.
1211 748 26 39 5;
1296 748 42 38 A

1368 746 143 42 15519;
1571 748 229 48 Pilgrims
1831 748 52 41 of
1914 749 187 39 eternal

169 801 323 50 progression.

94 855 364 64 Abjornson,
490 854 329 56 Eberhard.

167 933 378 56 Ornamental
576 934 193 54 dwarf
800 933 149 55 fruit
977 939 175 55 trees;
1186 936 129 52 how
1344 943 60 47 to
1435 952 159 53 grow
1625 937 112 53 and
1767 938 157 53 train
1952 937 155 54 them

94 1014 62 52 in
183 1013 96 53 the
307 1013 166 53 home
498 1013 235 69 garden,
760 1013 77 70 by
864 1013 303 55 Eberhard
1196 1012 362 70 Abjornson;
1588 1015 140 53 with
1755 1014 353 69 twenty-five

95 1090 384 55 illustrations
519 1092 77 69 by
639 1091 171 69 Mary
850 1092 91 53 W.
985 1090 234 71 Haring
1263 1094 113 52 and
1419 1092 227 55 Harold
1694 1092 194 70 Seroy.
1967 1093 141 53 New

97 1169 181 69 York,
307 1169 121 54 The
458 1170 71 54 A.
560 1170 65 54 T.
657 1170 87 54 De
774 1169 81 54 La
888 1170 164 54 Mare
1082 1188 300 52 company,
1411 1170 128 70 inc.,
1571 1173 150 52 1929.

170 1249 56 41 65
251 1260 44 39 p.
322 1249 110 41 incl.
457 1249 166 47 front.,
651 1249 131 41 illus.
837 1249 148 42 19½ᶜᵐ.

104 1303 55 53 ©
185 1308 120 42 Nov.
332 1308 70 49 19,
430 1307 117 41 1929;
601 1307 69 42 2c.
697 1308 120 42 Nov.
845 1308 85 47 25;
960 1307 83 42 aff.
1070 1309 119 39 Nov.
1220 1308 83 46 22;
1333 1309 42 39 A
1401 1309 171 47 17125;
1604 1309 54 41 A.
1686 1308 53 42 T.
1769 1309 74 41 De
1868 1310 70 40 La
1969 1311 137 39 Mare

171 1375 84 38 co.,
284 1364 92 42 inc.
443 1363 283 52 (29-28835)

95 1458 532 65 Ammers-Küller,
658 1459 72 55 Jo
762 1476 134 38 van.

167 1537 123 53 The
326 1536 174 54 house
538 1535 65 54 of
639 1536 117 70 joy,
794 1555 32 35 a
864 1541 159 65 story
1063 1535 65 55 of
1165 1537 294 70 stage-life
1497 1538 60 53 in
1596 1538 279 68 Holland,
1912 1538 78 70 by
2029 1539 75 55 Jo

96 1633 112 34 van
250 1615 520 58 Ammers-Küller,
813 1615 319 53 translated
1177 1614 154 54 from
1375 1616 95 54 the
1513 1616 194 53 Dutch
1748 1615 78 71 by
1868 1616 79 54 H.
1993 1635 111 35 van

95 1692 1616 70 Wyhe. New York, E. P. Dutton & co., inc. [ᶜ192 9]
169 1775 87 41 284
286 1785 45 39 p.
390 1773 148 45 19½ᶜᵐ.

102 1828 2001 54 © July 1, 1929; 2c. and aff. Aug. 8; A 17475; E. P. Dutton & co., inc.
179 1889 283 49 (29-26893)

98 1982 311 66 Andrews,
439 1986 137 54 Mrs.
608 1982 289 55 Marietta
934 1982 471 67 (Minnigerode)
1446 1989 172 51 1869-
1828 1984 85 55 ed.

176 2062 212 69 Scraps
411 2061 66 55 of
499 2081 198 51 paper,
719 2063 78 68 by
819 2062 274 54 Marietta
1121 2062 406 69 Minnigerode

1550 2062 559 55 Andrews … New
104 2141 1201 68 York, E. P. Dutton & co., inc. [ ᶜ192 9]
239 2255 9 17 xv,
281 2224 86 42 381
399 2234 44 39 p.
476 2223 110 42 incl.
618 2223 166 49 front.,
817 2223 145 49 illus.,
997 2223 173 49 plates,
1204 2224 150 48 ports.
1416 2223 148 42 21½ᶜᵐ.

170 2281 208 48 Letters,
420 2280 195 48 diaries,
657 2281 96 40 and
793 2280 142 42 other
974 2278 227 43 intimate
1243 2280 284 40 documents
1566 2279 197 41 written
1806 2279 177 48 during
2023 2281 81 40 the

101 2336 114 41 civil
248 2348 105 30 war
382 2338 97 39 and
512 2337 80 41 the
625 2337 155 40 world
811 2347 117 38 war,
962 2337 179 47 mostly
1173 2336 62 48 by
1266 2336 234 40 relatives
1533 2335 52 42 of
1617 2336 82 40 the
1731 2335 172 42 editor.

104 2389 52 53 ©
183 2393 121 49 Aug.
332 2393 70 48 16,
428 2393 143 48 1929;
598 2393 70 42 2c.
696 2392 130 50 Sept.
855 2393 53 41 5:
937 2392 83 42 aff.
1047 2393 120 41 Nov.
1193 2392 85 43 27;
1307 2393 41 39 A
1375 2392 171 47 16168;
1578 2393 52 39 E.
1658 2393 52 41 P.
1739 2392 188 40 Dutton
1956 2396 38 41 &
2020 2402 82 30 co..

169 2449 95 42 inc.

100 2530 180 65 Ayer,
308 2530 194 54 Leslie
529 2529 221 57 James.

169 2608 172 56 Cases
381 2627 73 35 on
495 2608 257 54 business
791 2609 129 66 law,
960 2608 260 67 selected,
1263 2607 141 54 with
1446 2613 160 48 notes
1648 2608 112 53 and
1802 2605 303 72 problems,

96 2685 2003 72 by Leslie J. Ayer … and Paul P. Ashley … Complete course.
96 2766 140 53 New
262 2765 181 70 York,
469 2766 455 68 Prentice-Hall,
951 2766 127 66 inc.,
1107 2768 151 52 1929.

166 2847 101 49 xxi,
296 2847 117 42 1064
440 2859 44 38 p.
544 2848 148 42 23½ᶜᵐ.

105 2900 52 53 ©
190 2904 103 42 Oct.
322 2905 69 48 14,
422 2905 115 41 1929;
596 2905 68 41 2c.
696 2905 103 42 Oct.
829 2905 58 41 25;
947 2905 84 41 aff.
1061 2905 119 40 Nov.
1211 2903 56 40 21;
1328 2903 42 40 A
1398 2902 147 42 15279;
1604 2901 374 48 Prentice-Hall,
2011 2902 91 40 inc.

182 2961 284 50 (29-22448)

94 3040 286 66 Baldwin,
410 3041 204 55 James
640 3040 210 65 Willis,
882 3045 172 51 1888-

169 3119 121 53 The
335 3117 175 55 social
554 3119 217 53 studies
812 3117 361 68 laboratory;
1221 3136 31 34 a
1298 3116 172 67 study
1514 3115 65 53 of
1624 3115 326 69 equipment
1995 3117 112 54 and

98 3193 2011 73 teaching aids for the social studies, by J. W. Baldwin … New
100 3275 165 54 York
302 3275 134 70 city,
475 3275 281 55 Teachers
795 3275 230 69 college,
1065 3272 301 56 Columbia
1403 3271 337 69 university,
1781 3275 150 50 1929.

171 3357 63 49 vi,
270 3357 57 43 98
361 3367 44 39 p.
465 3356 146 42 23½ᶜᵐ.
682 3357 269 49 (Teachers
987 3356 192 48 college,
1218 3353 253 43 Columbia
1509 3352 286 50 university.
101 3354 1991 102 Contributions
259 3416 49 39 to
336 3413 274 48 education,
638 3424 76 31 no.
744 3413 113 49 371)

173 3470 264 42 Published
465 3471 102 40 also
594 3481 55 30 as
675 3469 155 42 thesis
867 3468 108 49 (ph.
1005 3466 51 49 d)
1093 3466 253 43 Columbia
1374 3465 286 49 university.

171 3527 381 49 Bibliography;
580 3536 45 39 p.
653 3525 161 43 95-98.

109 3580 53 53 ©
198 3585 129 49 Sept.
360 3584 71 48 30,
464 3584 116 40 1929;
639 3584 69 40 2c.
740 3584 119 39 Nov.
893 3583 54 43 1;
984 3581 82 40 aff.
1102 3580 102 42 Oct.
1237 3579 83 46 30;
1357 3579 41 39 A
1432 3579 171 47 15436;
1637 3579 243 41 Teachers
1912 3580 194 49 college,

178 3641 252 41 Columbia
458 3640 130 41 univ.
653 3639 283 49 (29-24624)

100 3720 212 63 Belloc,
342 3720 246 62 Hilaire,
622 3721 171 54 1870-

171 3797 325 65 Bichelieu;
536 3816 31 34 a
605 3797 192 69 study,
832 3796 77 68 by
946 3794 230 54 Hilaire
1215 3791 224 64 Belloc;
1481 3791 140 54 with
1660 3793 32 53 7
1730 3793 381 56 illustrations

103 3877 112 53 and
251 3879 34 49 4
318 3894 181 49 maps.
569 3872 413 70 Philadelphia
1017 3873 47 52 &
1097 3870 260 66 London,
1393 3869 56 55 J.
1487 3871 66 51 B.

1591 3870 339 70 Lippincott
102 3891 1985 133 company,
311 3956 151 51 1929.
