2533 4342
1330 4035 137 50 2058

762 441 14 22 Mcmurtrie,
808 399 264 63 Douglas
1105 399 328 65 Crawford,
1466 405 171 49 1888-

478 477 243 52 Modern
763 478 371 67 typography
1177 481 45 49 &
1262 477 215 69 layout,
1516 478 76 68 by
1632 477 260 69 Douglas
1933 479 62 55 C.
2398 500 11 47 Mcmurtrie;

409 554 389 53 introduction
829 555 75 67 by
938 555 273 52 Edmund
1245 555 68 55 G.
1348 554 187 55 Gress.
1606 555 271 69 Chicago,
1909 557 298 67 Eyncourt
2239 574 174 50 press,

410 635 149 51 1929.

477 711 1123 50 4 p. l. , 11-190 p. illus. (part col.) 32½ ᶜᵐ .
480 784 142 38 “Two
655 783 244 39 thousand
932 781 160 48 copies
1123 782 194 47 printed
1349 782 154 40 direct
1533 782 129 40 from
1692 783 134 47 slugs
1858 783 48 39 in
1940 783 281 44 November,
2254 783 157 41 3929.”

415 849 51 52 ©
496 853 113 41 Dec.
638 853 41 48 4,
710 852 141 48 1929;
882 853 68 39 2c.
981 853 99 41 and
1108 852 83 40 aff.
1223 852 112 40 Dec.
1366 851 82 47 10;
1480 852 42 39 A
1551 851 172 47 16379;
1757 853 247 47 Eyncourt
2036 863 150 37 press.

492 907 281 50 (29-29684)

408 1001 273 64 Magnus,
711 1000 178 53 Katie
926 1000 351 66 (Emanuel)
1314 1003 154 68 lady,
1495 1004 54 52 d.
1581 1004 150 52 1924.

477 1079 265 56 Outlines
771 1079 63 53 of
861 1079 218 56 Jewish
1108 1079 223 69 history
1361 1079 153 54 from
1581 1125 9 9 B.
1659 1123 10 10 C.
1737 1124 10 9 E.
1780 1083 99 51 586
1908 1086 59 47 to
2036 1124 10 10 C.
2115 1124 10 9 E.
2157 1083 153 65 1929,
2338 1079 73 70 by

406 1158 164 68 Lady
604 1159 277 67 Magnus;
923 1157 220 53 revised
1179 1158 77 68 by
1289 1159 79 52 M.
1406 1157 397 67 Friedländer,
1927 1201 9 9 PH.
2010 1201 28 27 D.,
2074 1157 141 54 with
407 1159 1980 128 additional

613 1236 266 66 chapters
905 1235 75 70 by
1011 1235 270 56 Solomon
1313 1234 264 69 Grayzel,
1695 1280 9 8 PH.
1772 1279 10 8 D.
1859 1236 69 53 3d
1959 1254 114 34 rev.
2103 1236 309 52 American

406 1313 82 53 ed.
564 1312 429 69 Philadelphia,
1035 1314 121 51 The
1196 1311 216 56 Jewish
1456 1312 355 68 publication
1852 1312 210 69 society
2105 1311 64 54 of
405 1315 1983 144 America,
537 1394 149 50 1929.

475 1472 137 48 xxiii,
640 1472 88 41 418
755 1483 42 36 p.
858 1470 165 45 front.,
1051 1481 152 38 maps.
1263 1470 147 41 20½ᶜᵐ.

412 1538 51 53 ©
497 1542 103 41 Oct.
631 1543 39 46 7,
703 1541 141 46 1929;
876 1542 67 41 2c.
975 1542 121 39 Nov.
1125 1540 84 47 29;
1243 1540 84 41 aff.
1361 1540 100 41 Oct.
1495 1540 82 47 32;
1612 1540 42 39 A
1685 1538 172 50 17303;
1892 1540 184 40 Jewish
2109 1540 302 48 publication

480 1610 93 30 soc.
601 1598 53 42 of
678 1597 239 41 America.
985 1595 281 50 (29-29953)

407 1690 287 65 Mariejol,
724 1691 148 52 Jean
902 1689 340 65 Hippolyte,
1273 1695 172 49 1855-

475 1769 55 52 A
560 1768 284 68 daughter
874 1766 64 53 of
965 1768 98 58 the
1093 1766 269 67 Medicis;
1394 1768 97 51 the
1520 1766 282 53 romantic
1831 1772 158 64 story
2021 1766 65 54 of
2115 1767 296 70 Margaret

405 1845 64 54 of
563 1846 159 67 Valois,
759 1845 74 69 by
871 1843 304 54 Professor
1210 1844 147 53 Jean
1395 1844 79 52 H.
1512 1843 288 70 Mariejol.
1874 1844 343 54 Translated
2258 1843 151 54 from

406 1925 95 52 the
542 1923 225 52 French
810 1922 75 69 by
928 1921 155 55 John
1131 1922 176 70 Peile,
1409 1966 9 8 M.
1506 1965 9 9 A.
1597 1922 140 53 New
1782 1922 165 52 York
1992 1922 113 53 and
2151 1922 260 68 London,

404 2001 234 68 Harper
664 2002 46 50 &
738 2000 279 68 brothers,
1048 2002 151 50 1929.

478 2083 86 40 viii
594 2094 58 37 p.,
683 2083 24 39 1
773 2113 9 16 l.,
812 2082 85 40 261
929 2093 43 38 p.
1029 2082 166 48 front.,
1226 2084 149 46 ports.
1432 2082 149 40 24½ᶜᵐ.

476 2139 133 40 Each
649 2137 212 49 portrait
899 2137 343 48 accompanied
1281 2137 61 47 by
1381 2138 155 47 guard
1577 2138 138 39 sheet
1754 2136 120 41 with
1916 2136 292 48 descriptive
406 2138 2003 105 letter-press.

476 2264 162 41 “First
666 2262 228 42 edition.”

476 2321 203 40 “Works
707 2320 52 41 of
786 2318 307 42 reference”:
1121 2330 43 38 p.
1192 2318 218 42 253-254.

408 2387 51 52 ©
491 2392 112 40 Dec.
633 2391 39 48 5,
702 2391 141 46 1929;
876 2389 67 42 2c.
974 2390 112 41 Dec.
1117 2390 53 47 5;
1203 2390 82 39 aff.
1317 2390 111 40 Dec.
1459 2392 53 44 7;
1544 2390 41 39 A
1614 2390 172 47 16336;
1820 2391 194 47 Harper
2046 2390 36 41 &
2112 2390 124 41 bros.

484 2446 281 50 (29-29532)

401 2541 244 64 Marvel,
676 2540 226 65 Josiah,
937 2546 172 50 1866-

474 2621 300 52 Delaware
827 2619 395 68 corporations
1276 2621 113 52 and
1444 2619 426 69 receiverships,
1922 2618 334 70 containing
2311 2617 95 53 the

402 2700 229 67 general
670 2698 367 67 corporation
1076 2698 108 51 law
1222 2697 63 53 of
1323 2698 95 53 the
1456 2702 146 50 state
1640 2697 64 53 of
1741 2697 318 69 Delaware,
2097 2696 314 53 Franchise

401 2783 99 46 tax
537 2776 128 68 law,
704 2780 240 49 statutes
983 2776 114 52 and
1136 2776 150 53 rules
1326 2775 62 54 of
1428 2780 161 48 court
1627 2774 320 70 governing
1984 2774 426 69 receiverships,

402 2855 113 52 and
557 2852 180 54 forms
779 2852 94 53 for
911 2851 341 70 organizing
1291 2851 412 69 corporations.
1777 2852 335 54 Annotated
2149 2851 140 53 with
2332 2851 78 52 all

399 2932 290 67 pertinent
732 2930 280 54 decisions
1053 2932 58 50 in
1157 2931 77 52 all
1278 2930 308 53 American
1629 2929 414 70 jurisdictions,
2085 2930 76 70 by
2202 2929 204 56 Josiah

398 3007 2009 70 Marvel … 4th ed. Wilmington, Del., Corporation service
398 3105 298 51 company,
727 3089 149 50 1929.

472 3164 497 50 xxvi, 358 p. 23 ᶜᵐ .
473 3235 301 41 First-third
812 3234 211 42 editions
1060 3234 255 50 published
1354 3235 154 41 under
1544 3235 138 41 title:
1721 3235 102 41 The
1862 3236 196 48 general
2097 3234 309 49 corporation

401 3294 97 39 law
525 3292 52 40 of
604 3294 82 38 the
713 3294 130 38 state
871 3292 52 40 of
949 3292 272 40 Delaware.

472 3348 315 47 Advertising
814 3349 209 39 matter:
1054 3358 42 38 p.
1143 3347 236 49 [345]-358.

405 3401 51 52 ©
494 3405 103 41 Oct.
631 3405 70 48 10,
735 3405 115 40 1929
868 3416 8 30 :
913 3405 68 39 2c.
1019 3405 113 40 Dec.
1168 3405 82 47 12;
1288 3404 82 41 aff.
1407 3405 112 39 Dec.
1556 3405 82 46 11;
1678 3405 43 39 A
1755 3405 171 47 16377;
1966 3405 44 41 J.
2048 3405 200 47 Marvel,

472 3404 1911 106 Wilmington,
731 3461 104 39 Del.
903 3460 282 50 (29-29702)

399 3552 282 54 National
710 3553 320 53 industrial
1059 3553 347 53 conference
1436 3554 202 54 board.

467 3628 206 54 Public
716 3629 302 53 education
1063 3648 61 35 as
1165 3629 272 69 affecting
1479 3630 97 54 the
1619 3630 354 68 adjustment
2015 3629 66 53 of
2122 3630 176 69 youth
2345 3635 58 47 to

397 3706 121 53 life.
594 3707 139 53 New
776 3707 180 67 York,
999 3706 274 53 National
1315 3707 308 53 industrial
1667 3707 332 54 conference
2039 3708 197 65 board,
2279 3707 125 63 inc.,

400 3787 151 50 1929.

466 3867 436 48 xi, 61 p. 23½ ᶜᵐ .
404 3918 51 52 ©
489 3923 103 41 Oct.
620 3924 71 47 28,
723 3923 140 47 1929;
898 3924 67 41 2c.
997 3925 98 38 and
1126 3923 82 41 aff.
1241 3924 112 40 Dec.
1387 3924 52 46 5;
1473 3923 43 39 A
1545 3923 171 47 16399;
1752 3925 116 38 Natl.
1916 3923 263 41 industrial
474 3923 1906 95 conference

616 3978 165 49 board,
810 3979 91 42 inc.
966 3979 282 49 (29-29592)
