2533 4384
1062 4062 102 49 249

75 412 244 63 Adams,
351 409 232 54 Maude.

144 475 1934 78 The French work book, by Maude Adams … and F. B.
74 553 1984 162 Knight … New York, Chicago [etc.] Rand, McNally & company
268 646 191 65 [ ᶜ19 29]
145 722 733 54 90 p. illus., diagrs. 28 ᶜᵐ .
80 782 1916 66 © Feb. 21, 1929; 2c. and aff. Feb. 25; A 5496; Rand. McNally & co.
157 853 253 51 (29-5936)

83 964 200 63 Ames,
314 961 252 54 Edward
596 959 295 62 Scribner,
924 958 168 54 1870-

148 1026 1942 82 Religion, by Edward Scribner Ames … New York, H. Holt
79 1116 633 69 and company [ ᶜ19 29]
149 1200 48 41 vi
227 1211 58 37 p.,
315 1201 27 38 2
406 1230 11 17 l.,
446 1197 144 43 3-324
620 1207 44 38 p.
723 1197 149 40 22½ᶜᵐ.

83 1268 53 52 ©
163 1271 112 41 Feb.
300 1270 56 39 21,
396 1267 143 48 1929;
566 1268 69 41 2c.
659 1268 124 39 Mar.
809 1267 27 38 2;
893 1264 83 43 aff.
1003 1266 122 38 Mar.
1151 1264 27 39 5;
1233 1261 43 42 A
1300 1262 117 41 5637;
1473 1261 170 49 Henry
1669 1262 121 39 Holt
1816 1260 39 40 &
1880 1270 69 30 co.,
1992 1259 94 42 inc.

162 1326 253 49 (29-6025)

78 1421 206 65 Appel,
315 1419 336 65 Benjamin.

150 1499 199 53 Mixed
377 1498 234 68 vintage
658 1497 93 68 [by]
787 1493 307 69 Benjamin
1121 1491 210 70 Appel.
1397 1492 236 65 Boston,
1661 1490 67 52 R.
1759 1488 68 57 G.
1861 1487 230 71 Badger

193 1580 66 50 [ ᶜ19 29]
151 1661 56 40 47
239 1671 45 37 p.
346 1659 145 41 19½ᶜᵐ.

151 1731 186 41 Poems.

89 1797 51 53 ©
174 1800 112 41 Feb.
318 1800 68 47 14,
419 1798 141 46 1929;
594 1799 67 39 2c.
694 1799 123 38 Mar.
849 1797 52 47 5;
935 1795 82 41 aff.
1052 1797 122 38 Mar.
1207 1794 52 47 2;
1293 1794 42 39 A
1367 1793 141 46 5603;
1544 1792 217 42 Richard
1795 1791 54 40 G.
1884 1791 206 47 Badger,

156 1858 198 41 Boston.
423 1853 253 51 (29-5935)

83 1950 146 65 Ball,
260 1950 176 54 Elsie.

157 2027 121 54 The
317 2032 158 64 story
512 2026 170 54 Peter
721 2025 140 66 told,
899 2025 76 68 by
1014 2024 156 53 Elsie
1211 2022 149 54 Ball.
1436 2022 139 52 New
1613 2019 181 69 York,
1831 2020 79 52 H.
1950 2018 148 54 Holt

86 2104 652 70 and company [ ᶜ19 29]
156 2188 65 46 xi,
250 2189 86 39 144
365 2199 43 37 p.
467 2185 165 51 front.,
663 2188 172 47 plates.
896 2185 147 43 19½ᶜᵐ.

158 2258 289 42 Illustrated
480 2255 368 51 lining-papers.

160 2313 101 42 “An
302 2316 209 46 attempt
547 2313 91 40 has
677 2313 119 40 been
836 2314 141 40 made
1015 2313 50 39 to
1105 2308 227 51 organize
1373 2310 80 41 the
1493 2308 241 42 incidents
1775 2307 232 42 recorded
2047 2307 51 40 in

89 2372 81 41 the
204 2370 176 50 Gospel
413 2369 262 51 according
706 2371 50 39 to
791 2367 141 44 Saint
967 2368 143 41 Mark
1141 2367 105 42 into
1279 2378 25 30 a
1342 2366 117 42 hero
1492 2365 377 49 story.”—Pref.

95 2439 51 52 ©
183 2442 111 41 Feb.
328 2443 69 46 28,
433 2440 141 45 1929;
611 2442 67 40 2c.
713 2442 124 39 Mar.
871 2440 53 44 2;
962 2439 81 42 aff.
1079 2441 123 39 Mar.
1237 2438 53 44 5;
1328 2439 41 39 A
1404 2438 140 46 5635;
1583 2438 168 41 Henrv
1788 2438 120 39 Holt
1944 2437 36 40 &
2015 2447 81 32 co.,

162 2497 91 44 inc.
322 2496 251 50 (29-6026)

89 2593 257 63 Baylies,
379 2593 227 64 Edwin,
642 2598 171 50 1840-

161 2670 286 70 Pleading
483 2671 182 53 under
700 2670 97 53 the
836 2669 139 54 New
1014 2669 164 53 York
1218 2667 154 56 Civil
1412 2666 252 71 practice
1702 2672 108 63 act,
1851 2668 111 53 and
2004 2668 95 52 the

93 2749 248 66 practice
375 2747 250 70 relating
656 2753 58 47 to
750 2746 292 71 pleading,
1076 2746 142 53 with
1254 2764 72 36 an
1363 2744 293 71 appendix
1690 2744 66 54 of
1790 2744 202 71 forms,
2026 2745 75 69 by

95 2820 2003 77 Edwin Baylies, LL. D. 3d ed., rev. and enl. by Samuel W.
96 2897 2007 77 Eager … Albany, N. Y., New York, N. Y., M. Bender &
94 2998 310 47 company;
446 2980 326 68 Rochester,
813 2981 69 52 N.
926 2981 90 66 Y.,
1055 2978 369 56 Williamson
1464 2980 109 52 law
1614 2979 148 55 book
1802 2996 302 55 company,

95 3062 150 51 1929.

165 3138 557 51 xxxi, 1086 p. 26 ½ᶜᵐ .
169 3211 132 41 First
324 3211 197 43 edition,
547 3211 257 47 published
828 3211 49 39 in
903 3211 127 47 1890,
1056 3212 90 39 has
1173 3209 108 44 title:
1336 3211 102 40 The
1464 3211 131 41 rules
1621 3211 52 42 of
1697 3210 231 50 pleading
1951 3214 157 40 under

100 3268 81 41 the
208 3269 116 39 code;
381 3268 60 40 2d
470 3267 196 49 edition,
696 3266 255 50 published
982 3267 49 40 in
1059 3267 129 48 1904,
1217 3266 91 42 has
1336 3267 109 41 title:
1504 3268 102 40 The
1637 3269 131 41 rules
1798 3267 53 43 of
1879 3268 230 51 pleading

101 3325 153 41 under
282 3325 82 40 the
392 3325 118 39 New
536 3324 132 42 York
694 3325 116 39 code
838 3325 96 40 and
964 3326 81 39 the
1075 3325 141 39 codes
1244 3323 53 42 of
1326 3324 140 40 other
1494 3325 170 43 states.

102 3386 2005 59 © Feb. 25, 1929; 2c. Feb. 27; aff. Feb. 26; A 5505; Matthew Bender &
170 3462 83 37 co.,
281 3452 92 40 inc.
438 3451 252 50 (29-6129)

105 3546 218 54 Bemis.
362 3546 235 54 Samuel
635 3547 207 64 Flagg,
879 3550 83 52 ed.

172 3624 123 55 The
318 3623 306 56 American
650 3625 326 54 secretaries
1001 3625 64 53 of
1089 3630 145 48 state
1259 3627 113 52 and
1398 3626 150 52 their
1572 3625 348 71 diplomacy,
103 3624 1978 131 Samuel

240 3703 190 69 Flagg
476 3703 209 57 Bemis,
732 3703 203 54 editor.
980 3704 55 53 J.
1082 3703 284 53 Franklin
1415 3703 288 69 Jameson,
1748 3704 77 52 H.
1877 3704 235 54 Barrett

104 3780 280 59 Learned,
423 3780 195 55 James
659 3783 213 51 Brown
918 3780 178 56 Scott,
1138 3781 273 70 advisory
1450 3781 196 54 board.
1749 3803 51 32 [v.
1848 3786 79 49 10.
106 3781 1981 130 William

274 3858 284 70 Jennings
591 3859 218 68 Bryan,
840 3877 379 52 anonymous;
1255 3859 217 54 Robert
1502 3860 275 70 Lansing,
1808 3860 78 70 by
1917 3860 195 55 Julius

105 3935 89 56 W.
224 3937 197 59 Pratt;
454 3938 356 67 Bainbridge
841 3936 200 72 Colby,
1068 3938 76 69 by
1172 3937 156 55 John
1361 3937 254 71 Spargo;
1649 3937 239 57 Charles
1918 3937 195 58 Evans
