<alto xmlns="http://www.loc.gov/standards/alto/ns-v3#" xmlns:xlink="http://www.w3.org/1999/xlink" xmlns:xsi="http://www.w3.org/2001/XMLSchema-instance" xsi:schemaLocation="http://www.loc.gov/standards/alto/ns-v3# http://www.loc.gov/alto/v3/alto-3-0.xsd"><Description>
<MeasurementUnit>pixel</MeasurementUnit>
<sourceImageInformation>
<fileName>1929_v26_part001.pdf</fileName>
</sourceImageInformation>
<OCRProcessing ID="IdOcr">
<ocrProcessingStep>
<processingDateTime>2019-04-18</processingDateTime>
<processingSoftware>
<softwareCreator>ABBYY</softwareCreator>
<softwareName>ABBYY Recognition Server</softwareName>
<softwareVersion>4.0</softwareVersion>
</processingSoftware>
</ocrProcessingStep>
</OCRProcessing>
</Description>
<Styles>
<ParagraphStyle ID="StyleId-FFFFFFFF-FFFF-FFFF-FFFF-FFFFFFFFFFFF-" ALIGN="Left" LEFT="0." RIGHT="0." FIRSTLINE="0."/>
<ParagraphStyle ID="StyleId-11A520CB-49B0-4D42-A675-089886D5B704-" ALIGN="Center" LEFT="0." RIGHT="0." FIRSTLINE="0." LINESPACE="7.699999809"/>
<ParagraphStyle ID="StyleId-2AEC4724-E584-48A1-8E6D-86B1AA154223-" ALIGN="Left" LEFT="0." RIGHT="0." FIRSTLINE="0." LINESPACE="12.19999981"/>
<ParagraphStyle ID="StyleId-5ADCDE1D-F34B-405C-A765-E9B51F6229BD-" ALIGN="Left" LEFT="0." RIGHT="0." FIRSTLINE="-13." LINESPACE="8.050000191"/>
<ParagraphStyle ID="StyleId-D0AEFB96-F81D-4367-8545-C0AC945FA34C-" ALIGN="Block" LEFT="0." RIGHT="0." FIRSTLINE="-13." LINESPACE="8.899999619"/>
<ParagraphStyle ID="StyleId-9A3BB592-4BA4-4F85-B157-B9A7F1FC9680-" ALIGN="Left" LEFT="0." RIGHT="0." FIRSTLINE="0."/>
<ParagraphStyle ID="StyleId-E9D6144A-CFDC-4919-911D-02B0461DB967-" ALIGN="Left" LEFT="0." RIGHT="0." FIRSTLINE="-13." LINESPACE="23.43000031"/>
<ParagraphStyle ID="StyleId-EEECFC68-AAC5-42B1-B3BF-987799B5B74A-" ALIGN="Block" LEFT="0." RIGHT="0." FIRSTLINE="0." LINESPACE="23.43000031"/>
<ParagraphStyle ID="StyleId-98D20B11-A9BB-4FAB-8DC8-DC8C43F3755E-" ALIGN="Left" LEFT="0." RIGHT="0." FIRSTLINE="0." LINESPACE="10.5"/>
<ParagraphStyle ID="StyleId-C279DBAD-2656-4352-93E6-C942618B09B1-" ALIGN="Block" LEFT="0." RIGHT="0." FIRSTLINE="-13." LINESPACE="8.770000458"/>
<ParagraphStyle ID="StyleId-A539B2D0-654F-45BA-9385-D7E681D9BD87-" ALIGN="Block" LEFT="0." RIGHT="0." FIRSTLINE="0." LINESPACE="8.18999958"/>
<ParagraphStyle ID="StyleId-CFE66565-54F2-45CF-9511-65151219B0BC-" ALIGN="Left" LEFT="0." RIGHT="0." FIRSTLINE="-12." LINESPACE="12.19999981"/>
<ParagraphStyle ID="StyleId-37B60A95-D7B9-4720-9D46-F2E763AAD699-" ALIGN="Block" LEFT="0." RIGHT="0." FIRSTLINE="0." LINESPACE="12.19999981"/>
<ParagraphStyle ID="StyleId-255154CA-71AA-47B9-A5EB-ED90642010CE-" ALIGN="Block" LEFT="0." RIGHT="0." FIRSTLINE="13." LINESPACE="7.900000095"/>
<ParagraphStyle ID="StyleId-4618FB06-20CA-4F95-9CA2-829603EE887D-" ALIGN="Block" LEFT="0." RIGHT="0." FIRSTLINE="0." LINESPACE="10."/>
<ParagraphStyle ID="StyleId-61F9B98E-BA82-4DCF-809A-0C5481162321-" ALIGN="Left" LEFT="0." RIGHT="0." FIRSTLINE="-13." LINESPACE="8.479999542"/>
<ParagraphStyle ID="StyleId-16A4FB0C-4CB7-44C8-846E-AF89DD76FC73-" ALIGN="Left" LEFT="0." RIGHT="0." FIRSTLINE="0." LINESPACE="11.10000038"/>
<ParagraphStyle ID="StyleId-8CC01B24-9D1D-45D5-B954-83ECA9EA3425-" ALIGN="Left" LEFT="0." RIGHT="0." FIRSTLINE="-13." LINESPACE="8.050000191"/>
<ParagraphStyle ID="StyleId-3DB8CD3F-AD17-4DD7-8361-787A6A426C72-" ALIGN="Block" LEFT="0." RIGHT="0." FIRSTLINE="13." LINESPACE="7.900000095"/>
</Styles>
<Layout>
<Page ID="Page12" PHYSICAL_IMG_NR="12" HEIGHT="4377" WIDTH="2582">
<TopMargin HEIGHT="377" WIDTH="2582" VPOS="0" HPOS="0">
</TopMargin>
<LeftMargin HEIGHT="3617" WIDTH="340" VPOS="377" HPOS="0">
</LeftMargin>
<RightMargin HEIGHT="3617" WIDTH="191" VPOS="377" HPOS="2391">
</RightMargin>
<BottomMargin HEIGHT="383" WIDTH="2582" VPOS="3994" HPOS="0">
<TextBlock ID="Page12_Block1" HEIGHT="136" WIDTH="261" VPOS="4007" HPOS="1232" LANG="en-US" STYLEREFS="StyleId-DBF1591A-0BFA-4172-AB60-AB6225247AB2-">
<Shape>
<Polygon POINTS="1418,4007 1492,4007 1492,4008 1493,4008 1493,4142 1420,4142 1420,4143 1232,4143 1232,4008 1418,4008 1418,4007"/>
</Shape>
<TextLine HEIGHT="49" WIDTH="65" VPOS="4032" HPOS="1350">
<String CONTENT="12" HEIGHT="49" WIDTH="65" VPOS="4032" HPOS="1350"/>
</TextLine>
</TextBlock>
</BottomMargin>
<PrintSpace HEIGHT="3617" WIDTH="2051" VPOS="377" HPOS="340">
<TextBlock ID="Page12_Block2" HEIGHT="3617" WIDTH="2051" VPOS="377" HPOS="340" LANG="en-US" CS="1" STYLEREFS="StyleId-3BA02378-778D-462F-BD1D-CB4638A05970-">
<Shape>
<Polygon POINTS="2186,377 2376,377 2376,396 2377,396 2377,652 2378,652 2378,908 2379,908 2379,1164 2380,1164 2380,1420 2381,1420 2381,1676 2382,1676 2382,1932 2383,1932 2383,2188 2384,2188 2384,2444 2385,2444 2385,2700 2386,2700 2386,2956 2387,2956 2387,3212 2388,3212 2388,3468 2389,3468 2389,3724 2390,3724 2390,3980 2391,3980 2391,3985 2390,3985 2390,3986 2188,3986 2188,3987 1932,3987 1932,3988 1676,3988 1676,3989 1420,3989 1420,3990 1164,3990 1164,3991 908,3991 908,3992 652,3992 652,3993 396,3993 396,3994 355,3994 355,3981 354,3981 354,3725 353,3725 353,3469 352,3469 352,3213 351,3213 351,2957 350,2957 350,2701 349,2701 349,2445 348,2445 348,2189 347,2189 347,1933 346,1933 346,1677 345,1677 345,1421 344,1421 344,1165 343,1165 343,909 342,909 342,653 341,653 341,397 340,397 340,385 394,385 394,384 650,384 650,383 906,383 906,382 1162,382 1162,381 1418,381 1418,380 1674,380 1674,379 1930,379 1930,378 2186,378 2186,377"/>
</Shape>
<TextLine HEIGHT="57" WIDTH="565" VPOS="474" HPOS="422" CS="1">
<String CONTENT="3" HEIGHT="39" WIDTH="26" VPOS="484" HPOS="422"/>
<SP HEIGHT="47" WIDTH="25" VPOS="484" HPOS="449"/>
<String CONTENT="p." HEIGHT="38" WIDTH="44" VPOS="493" HPOS="475"/>
<SP HEIGHT="40" WIDTH="26" VPOS="483" HPOS="520"/>
<String CS="1" CONTENT="l.,"/>
<SP HEIGHT="30" WIDTH="30" VPOS="500" HPOS="594"/>
<String CONTENT="[7]-336" HEIGHT="52" WIDTH="175" VPOS="478" HPOS="625"/>
<SP HEIGHT="47" WIDTH="25" VPOS="478" HPOS="801"/>
<String CONTENT="p." HEIGHT="37" WIDTH="42" VPOS="488" HPOS="827"/>
<SP HEIGHT="41" WIDTH="59" VPOS="476" HPOS="870"/>
<String CONTENT="20" HEIGHT="42" WIDTH="57" VPOS="474" HPOS="930"/>
<String STYLE="superscript" CS="1" CONTENT="&#7580;&#7504;."/>
</TextLine>
<TextLine HEIGHT="66" WIDTH="1999" VPOS="523" HPOS="358" CS="1">
<String CONTENT="&#169;" HEIGHT="53" WIDTH="51" VPOS="536" HPOS="358"/>
<SP HEIGHT="52" WIDTH="22" VPOS="536" HPOS="410"/>
<String CONTENT="Nov." HEIGHT="39" WIDTH="118" VPOS="540" HPOS="433"/>
<SP HEIGHT="40" WIDTH="22" VPOS="539" HPOS="552"/>
<String CONTENT="17," HEIGHT="46" WIDTH="68" VPOS="539" HPOS="575"/>
<SP HEIGHT="47" WIDTH="24" VPOS="538" HPOS="644"/>
<String CS="1" CONTENT="1928;" HEIGHT="40" WIDTH="114" VPOS="535" HPOS="669"/>
<SP HEIGHT="46" WIDTH="24" VPOS="535" HPOS="809"/>
<String CONTENT="2c." HEIGHT="41" WIDTH="67" VPOS="534" HPOS="834"/>
<SP HEIGHT="41" WIDTH="23" VPOS="533" HPOS="902"/>
<String CONTENT="Jan." HEIGHT="39" WIDTH="111" VPOS="533" HPOS="926"/>
<SP HEIGHT="41" WIDTH="21" VPOS="531" HPOS="1038"/>
<String CONTENT="5," HEIGHT="47" WIDTH="40" VPOS="531" HPOS="1060"/>
<SP HEIGHT="47" WIDTH="22" VPOS="531" HPOS="1101"/>
<String CS="1" CONTENT="1929;" HEIGHT="42" WIDTH="114" VPOS="528" HPOS="1124"/>
<SP HEIGHT="37" WIDTH="25" VPOS="539" HPOS="1267"/>
<String LANG="de" CONTENT="aff." HEIGHT="41" WIDTH="83" VPOS="527" HPOS="1293"/>
<SP HEIGHT="40" WIDTH="24" VPOS="528" HPOS="1377"/>
<String CONTENT="Jan." HEIGHT="41" WIDTH="110" VPOS="527" HPOS="1402"/>
<SP HEIGHT="40" WIDTH="23" VPOS="527" HPOS="1513"/>
<String CS="1" CONTENT="3;" HEIGHT="40" WIDTH="26" VPOS="527" HPOS="1537"/>
<SP HEIGHT="47" WIDTH="25" VPOS="526" HPOS="1592"/>
<!-- cceid 86762259-6CFA-1014-9C3C-CEA95E7AA542 --><String CONTENT="A" HEIGHT="40" WIDTH="41" VPOS="526" HPOS="1618"/>
<SP HEIGHT="42" WIDTH="21" VPOS="525" HPOS="1660"/>
<String CS="1" CONTENT="3565;" HEIGHT="40" WIDTH="115" VPOS="526" HPOS="1682"/>
<SP HEIGHT="47" WIDTH="26" VPOS="526" HPOS="1825"/>
<String CONTENT="A." HEIGHT="39" WIDTH="55" VPOS="526" HPOS="1852"/>
<SP HEIGHT="42" WIDTH="24" VPOS="525" HPOS="1908"/>
<String CONTENT="Osmond." HEIGHT="42" WIDTH="226" VPOS="525" HPOS="1933"/>
<SP HEIGHT="41" WIDTH="26" VPOS="526" HPOS="2160"/>
<String CONTENT="Provo," HEIGHT="46" WIDTH="170" VPOS="526" HPOS="2187"/>
</TextLine>
<TextLine HEIGHT="53" WIDTH="432" VPOS="590" HPOS="425">
<String CONTENT="Utah." HEIGHT="40" WIDTH="146" VPOS="597" HPOS="425"/>
<SP HEIGHT="49" WIDTH="61" VPOS="594" HPOS="572"/>
<String CONTENT="(29-925)" HEIGHT="53" WIDTH="223" VPOS="590" HPOS="634"/>
</TextLine>
<TextLine HEIGHT="75" WIDTH="1113" VPOS="664" HPOS="357" STYLEREFS="StyleId-F13D2427-9BDF-4F95-A769-83FE4110865D-">
<String CONTENT="Padelford," HEIGHT="65" WIDTH="335" VPOS="674" HPOS="357"/>
<SP HEIGHT="64" WIDTH="42" VPOS="673" HPOS="693"/>
<String CONTENT="Frank" HEIGHT="55" WIDTH="198" VPOS="669" HPOS="736"/>
<SP HEIGHT="53" WIDTH="40" VPOS="669" HPOS="935"/>
<String CONTENT="William," HEIGHT="65" WIDTH="275" VPOS="666" HPOS="976"/>
<SP HEIGHT="59" WIDTH="45" VPOS="671" HPOS="1252"/>
<String CONTENT="1872-" HEIGHT="56" WIDTH="172" VPOS="664" HPOS="1298"/>
</TextLine>
<TextLine HEIGHT="81" WIDTH="1936" VPOS="738" HPOS="425" STYLEREFS="StyleId-F13D2427-9BDF-4F95-A769-83FE4110865D-" CS="1">
<String CONTENT="The" HEIGHT="51" WIDTH="122" VPOS="754" HPOS="425"/>
<SP HEIGHT="53" WIDTH="26" VPOS="752" HPOS="548"/>
<String CONTENT="kingdom" HEIGHT="69" WIDTH="278" VPOS="750" HPOS="575"/>
<SP HEIGHT="52" WIDTH="29" VPOS="748" HPOS="854"/>
<String CONTENT="in" HEIGHT="53" WIDTH="60" VPOS="747" HPOS="884"/>
<SP HEIGHT="47" WIDTH="27" VPOS="752" HPOS="945"/>
<String CONTENT="the" HEIGHT="53" WIDTH="97" VPOS="746" HPOS="973"/>
<SP HEIGHT="34" WIDTH="29" VPOS="764" HPOS="1071"/>
<String CS="1" CONTENT="states;" HEIGHT="48" WIDTH="173" VPOS="749" HPOS="1101"/>
<SP HEIGHT="49" WIDTH="34" VPOS="761" HPOS="1303"/>
<String CONTENT="a" HEIGHT="34" WIDTH="31" VPOS="761" HPOS="1338"/>
<SP HEIGHT="35" WIDTH="31" VPOS="761" HPOS="1370"/>
<String CONTENT="study" HEIGHT="68" WIDTH="172" VPOS="742" HPOS="1402"/>
<SP HEIGHT="49" WIDTH="30" VPOS="760" HPOS="1575"/>
<String CONTENT="of" HEIGHT="52" WIDTH="63" VPOS="741" HPOS="1606"/>
<SP HEIGHT="53" WIDTH="30" VPOS="740" HPOS="1670"/>
<String CONTENT="the" HEIGHT="52" WIDTH="97" VPOS="741" HPOS="1701"/>
<SP HEIGHT="33" WIDTH="28" VPOS="760" HPOS="1799"/>
<String CONTENT="missionary" HEIGHT="70" WIDTH="341" VPOS="739" HPOS="1828"/>
<SP HEIGHT="51" WIDTH="31" VPOS="757" HPOS="2170"/>
<String CONTENT="work" HEIGHT="54" WIDTH="159" VPOS="738" HPOS="2202"/>
</TextLine>
<TextLine HEIGHT="147" WIDTH="1981" VPOS="816" HPOS="356" STYLEREFS="StyleId-F13D2427-9BDF-4F95-A769-83FE4110865D-" CS="1">
<String CONTENT="of" HEIGHT="55" WIDTH="63" VPOS="830" HPOS="356"/>
<SP HEIGHT="53" WIDTH="33" VPOS="830" HPOS="420"/>
<String CONTENT="state" HEIGHT="48" WIDTH="146" VPOS="835" HPOS="454"/>
<SP HEIGHT="35" WIDTH="35" VPOS="847" HPOS="601"/>
<String CONTENT="conventions," HEIGHT="58" WIDTH="385" VPOS="824" HPOS="637"/>
<SP HEIGHT="54" WIDTH="35" VPOS="824" HPOS="1023"/>
<String CONTENT="by" HEIGHT="66" WIDTH="76" VPOS="824" HPOS="1059"/>
<SP HEIGHT="68" WIDTH="36" VPOS="822" HPOS="1136"/>
<String CONTENT="Frank" HEIGHT="52" WIDTH="198" VPOS="821" HPOS="1173"/>
<SP HEIGHT="53" WIDTH="35" VPOS="821" HPOS="1372"/>
<String CONTENT="W." HEIGHT="54" WIDTH="90" VPOS="820" HPOS="1408"/>
<SP HEIGHT="51" WIDTH="38" VPOS="821" HPOS="1499"/>
<String CONTENT="Padelford" HEIGHT="54" WIDTH="321" VPOS="818" HPOS="1538"/>
<SP HEIGHT="52" WIDTH="42" VPOS="819" HPOS="1860"/>
<String CS="1" CONTENT="&#8230;"/>
<SP HEIGHT="34" WIDTH="43" VPOS="836" HPOS="1959"/>
<String CONTENT="with" HEIGHT="52" WIDTH="139" VPOS="818" HPOS="2003"/>
<SP HEIGHT="52" WIDTH="38" VPOS="818" HPOS="2143"/>
<String CONTENT="introduction" HEIGHT="145" WIDTH="1981" VPOS="818" HPOS="356"/>
</TextLine>
<TextLine HEIGHT="82" WIDTH="1721" VPOS="894" HPOS="635" STYLEREFS="StyleId-F13D2427-9BDF-4F95-A769-83FE4110865D-" CS="1">
<String CONTENT="by" HEIGHT="70" WIDTH="76" VPOS="906" HPOS="635"/>
<SP HEIGHT="70" WIDTH="45" VPOS="905" HPOS="711"/>
<String CONTENT="Howard" HEIGHT="53" WIDTH="260" VPOS="903" HPOS="756"/>
<SP HEIGHT="52" WIDTH="48" VPOS="903" HPOS="1016"/>
<String CONTENT="B." HEIGHT="50" WIDTH="68" VPOS="903" HPOS="1064"/>
<SP HEIGHT="55" WIDTH="50" VPOS="899" HPOS="1132"/>
<String CONTENT="Grose." HEIGHT="54" WIDTH="196" VPOS="899" HPOS="1182"/>
<SP HEIGHT="52" WIDTH="85" VPOS="899" HPOS="1378"/>
<String CONTENT="Philadelphia," HEIGHT="69" WIDTH="432" VPOS="896" HPOS="1463"/>
<SP HEIGHT="67" WIDTH="48" VPOS="897" HPOS="1895"/>
<String CONTENT="Boston" HEIGHT="51" WIDTH="218" VPOS="897" HPOS="1943"/>
<SP HEIGHT="50" WIDTH="54" VPOS="913" HPOS="2162"/>
<String STYLE="subscript" CS="1" CONTENT="[etc."/>
<String CONTENT="]" HEIGHT="34" WIDTH="13" VPOS="928" HPOS="2343"/>
</TextLine>
<TextLine HEIGHT="69" WIDTH="792" VPOS="984" HPOS="355" STYLEREFS="StyleId-F13D2427-9BDF-4F95-A769-83FE4110865D-" CS="1">
<String CONTENT="The" HEIGHT="53" WIDTH="121" VPOS="988" HPOS="355"/>
<SP HEIGHT="53" WIDTH="27" VPOS="987" HPOS="477"/>
<String CONTENT="Judson" HEIGHT="55" WIDTH="225" VPOS="985" HPOS="505"/>
<SP HEIGHT="49" WIDTH="29" VPOS="1002" HPOS="731"/>
<String CONTENT="press" HEIGHT="51" WIDTH="157" VPOS="1000" HPOS="761"/>
<SP/>
<String CS="1" CONTENT="[&#7580;1928]" HEIGHT="62" WIDTH="84" VPOS="984" HPOS="1063"/>
</TextLine>
<TextLine HEIGHT="54" WIDTH="599" VPOS="1063" HPOS="424" CS="1">
<String CONTENT="9" HEIGHT="39" WIDTH="28" VPOS="1070" HPOS="424"/>
<SP HEIGHT="47" WIDTH="27" VPOS="1070" HPOS="453"/>
<String LANG="fr" CONTENT="p." HEIGHT="37" WIDTH="42" VPOS="1080" HPOS="481"/>
<SP HEIGHT="40" WIDTH="28" VPOS="1069" HPOS="524"/>
<String CS="1" CONTENT="l.,"/>
<SP HEIGHT="48" WIDTH="29" VPOS="1068" HPOS="600"/>
<String CONTENT="3-197" HEIGHT="42" WIDTH="145" VPOS="1066" HPOS="630"/>
<SP HEIGHT="48" WIDTH="27" VPOS="1066" HPOS="776"/>
<String CONTENT="p." HEIGHT="39" WIDTH="44" VPOS="1075" HPOS="804"/>
<SP HEIGHT="41" WIDTH="56" VPOS="1064" HPOS="849"/>
<String CS="1" CONTENT="20&#7580;&#7504;." HEIGHT="41" WIDTH="117" VPOS="1063" HPOS="906"/>
</TextLine>
<TextLine HEIGHT="56" WIDTH="1936" VPOS="1112" HPOS="429">
<String CONTENT="&#8220;The" HEIGHT="40" WIDTH="128" VPOS="1126" HPOS="429"/>
<SP HEIGHT="41" WIDTH="27" VPOS="1125" HPOS="558"/>
<String CONTENT="historical" HEIGHT="42" WIDTH="255" VPOS="1122" HPOS="586"/>
<SP HEIGHT="37" WIDTH="32" VPOS="1123" HPOS="842"/>
<String CONTENT="statement" HEIGHT="40" WIDTH="266" VPOS="1120" HPOS="875"/>
<SP HEIGHT="40" WIDTH="28" VPOS="1119" HPOS="1142"/>
<String CONTENT="relating" HEIGHT="47" WIDTH="213" VPOS="1116" HPOS="1171"/>
<SP HEIGHT="45" WIDTH="28" VPOS="1118" HPOS="1385"/>
<String CONTENT="to" HEIGHT="40" WIDTH="49" VPOS="1117" HPOS="1414"/>
<SP HEIGHT="38" WIDTH="31" VPOS="1118" HPOS="1464"/>
<String CONTENT="the" HEIGHT="41" WIDTH="83" VPOS="1115" HPOS="1496"/>
<SP HEIGHT="29" WIDTH="30" VPOS="1125" HPOS="1580"/>
<String CONTENT="early" HEIGHT="47" WIDTH="137" VPOS="1116" HPOS="1611"/>
<SP HEIGHT="47" WIDTH="30" VPOS="1115" HPOS="1749"/>
<String CONTENT="development" HEIGHT="49" WIDTH="339" VPOS="1114" HPOS="1780"/>
<SP HEIGHT="40" WIDTH="29" VPOS="1115" HPOS="2119"/>
<String CONTENT="of" HEIGHT="43" WIDTH="53" VPOS="1112" HPOS="2149"/>
<SP HEIGHT="41" WIDTH="30" VPOS="1112" HPOS="2203"/>
<String CONTENT="state" HEIGHT="39" WIDTH="130" VPOS="1114" HPOS="2234"/>
</TextLine>
<TextLine HEIGHT="61" WIDTH="2007" VPOS="1169" HPOS="357">
<String CONTENT="missions," HEIGHT="49" WIDTH="241" VPOS="1181" HPOS="357"/>
<SP HEIGHT="38" WIDTH="33" VPOS="1191" HPOS="599"/>
<String CONTENT="as" HEIGHT="30" WIDTH="55" VPOS="1190" HPOS="633"/>
<SP HEIGHT="30" WIDTH="33" VPOS="1189" HPOS="689"/>
<String CONTENT="set" HEIGHT="37" WIDTH="75" VPOS="1181" HPOS="723"/>
<SP HEIGHT="40" WIDTH="31" VPOS="1178" HPOS="799"/>
<String CONTENT="forth" HEIGHT="41" WIDTH="137" VPOS="1176" HPOS="831"/>
<SP HEIGHT="38" WIDTH="33" VPOS="1176" HPOS="969"/>
<String CONTENT="in" HEIGHT="38" WIDTH="51" VPOS="1176" HPOS="1003"/>
<SP HEIGHT="37" WIDTH="33" VPOS="1178" HPOS="1055"/>
<String CONTENT="this" HEIGHT="41" WIDTH="100" VPOS="1174" HPOS="1089"/>
<SP HEIGHT="29" WIDTH="32" VPOS="1185" HPOS="1190"/>
<String CONTENT="volume," HEIGHT="46" WIDTH="205" VPOS="1174" HPOS="1223"/>
<SP HEIGHT="47" WIDTH="36" VPOS="1172" HPOS="1429"/>
<String CONTENT="does" HEIGHT="40" WIDTH="115" VPOS="1172" HPOS="1466"/>
<SP HEIGHT="29" WIDTH="33" VPOS="1183" HPOS="1582"/>
<String CONTENT="not" HEIGHT="39" WIDTH="85" VPOS="1174" HPOS="1616"/>
<SP HEIGHT="39" WIDTH="34" VPOS="1173" HPOS="1702"/>
<String CONTENT="differ" HEIGHT="40" WIDTH="147" VPOS="1171" HPOS="1737"/>
<SP HEIGHT="28" WIDTH="31" VPOS="1182" HPOS="1885"/>
<String CONTENT="materially" HEIGHT="50" WIDTH="282" VPOS="1169" HPOS="1917"/>
<SP HEIGHT="47" WIDTH="35" VPOS="1170" HPOS="2200"/>
<String CONTENT="from" HEIGHT="39" WIDTH="128" VPOS="1170" HPOS="2236"/>
</TextLine>
<TextLine HEIGHT="60" WIDTH="2005" VPOS="1225" HPOS="358">
<String CONTENT="the" HEIGHT="40" WIDTH="82" VPOS="1240" HPOS="358"/>
<SP HEIGHT="29" WIDTH="33" VPOS="1249" HPOS="441"/>
<String CONTENT="story" HEIGHT="43" WIDTH="134" VPOS="1241" HPOS="475"/>
<SP HEIGHT="37" WIDTH="34" VPOS="1247" HPOS="610"/>
<String CONTENT="as" HEIGHT="31" WIDTH="54" VPOS="1246" HPOS="645"/>
<SP HEIGHT="39" WIDTH="34" VPOS="1237" HPOS="700"/>
<String CONTENT="told" HEIGHT="40" WIDTH="102" VPOS="1235" HPOS="735"/>
<SP HEIGHT="38" WIDTH="35" VPOS="1235" HPOS="838"/>
<String CONTENT="in" HEIGHT="39" WIDTH="49" VPOS="1234" HPOS="874"/>
<SP HEIGHT="39" WIDTH="36" VPOS="1233" HPOS="924"/>
<String CONTENT="The" HEIGHT="39" WIDTH="101" VPOS="1233" HPOS="961"/>
<SP HEIGHT="28" WIDTH="35" VPOS="1244" HPOS="1063"/>
<String CONTENT="commonwealths" HEIGHT="44" WIDTH="430" VPOS="1228" HPOS="1099"/>
<SP HEIGHT="29" WIDTH="36" VPOS="1239" HPOS="1530"/>
<String CONTENT="and" HEIGHT="39" WIDTH="95" VPOS="1230" HPOS="1567"/>
<SP HEIGHT="40" WIDTH="38" VPOS="1229" HPOS="1663"/>
<String CONTENT="the" HEIGHT="39" WIDTH="81" VPOS="1229" HPOS="1702"/>
<SP HEIGHT="40" WIDTH="35" VPOS="1228" HPOS="1784"/>
<String CONTENT="kingdom" HEIGHT="49" WIDTH="231" VPOS="1227" HPOS="1820"/>
<SP HEIGHT="38" WIDTH="40" VPOS="1238" HPOS="2052"/>
<String CONTENT="[published" HEIGHT="49" WIDTH="270" VPOS="1227" HPOS="2093"/>
</TextLine>
<TextLine HEIGHT="53" WIDTH="499" VPOS="1291" HPOS="356">
<String CONTENT="1913]&#8221;&#8212;Foreword." HEIGHT="53" WIDTH="499" VPOS="1291" HPOS="356"/>
</TextLine>
<TextLine HEIGHT="61" WIDTH="1811" VPOS="1340" HPOS="360" CS="1">
<String CONTENT="&#169;" HEIGHT="54" WIDTH="52" VPOS="1347" HPOS="360"/>
<SP HEIGHT="53" WIDTH="27" VPOS="1347" HPOS="413"/>
<String CONTENT="Dec." HEIGHT="39" WIDTH="111" VPOS="1352" HPOS="441"/>
<SP HEIGHT="40" WIDTH="25" VPOS="1350" HPOS="553"/>
<String CONTENT="24," HEIGHT="47" WIDTH="70" VPOS="1349" HPOS="579"/>
<SP HEIGHT="45" WIDTH="25" VPOS="1350" HPOS="650"/>
<String CS="1" CONTENT="1928;" HEIGHT="41" WIDTH="115" VPOS="1347" HPOS="676"/>
<SP HEIGHT="46" WIDTH="28" VPOS="1348" HPOS="818"/>
<String CONTENT="2c." HEIGHT="40" WIDTH="68" VPOS="1347" HPOS="847"/>
<SP HEIGHT="30" WIDTH="27" VPOS="1356" HPOS="916"/>
<String CONTENT="and" HEIGHT="38" WIDTH="95" VPOS="1347" HPOS="944"/>
<SP HEIGHT="38" WIDTH="26" VPOS="1347" HPOS="1040"/>
<String CS="1" CONTENT="aff." HEIGHT="43" WIDTH="84" VPOS="1344" HPOS="1067"/>
<SP HEIGHT="42" WIDTH="27" VPOS="1345" HPOS="1152"/>
<String CONTENT="Jan." HEIGHT="39" WIDTH="111" VPOS="1345" HPOS="1180"/>
<SP HEIGHT="40" WIDTH="25" VPOS="1344" HPOS="1292"/>
<String CONTENT="2," HEIGHT="47" WIDTH="41" VPOS="1344" HPOS="1318"/>
<SP HEIGHT="48" WIDTH="28" VPOS="1343" HPOS="1360"/>
<String CONTENT="1929;" HEIGHT="48" WIDTH="140" VPOS="1342" HPOS="1389"/>
<SP HEIGHT="47" WIDTH="30" VPOS="1342" HPOS="1530"/>
<!-- cceid 86773690-6CFA-1014-9C3C-CEA95E7AA542 --><String CONTENT="A" HEIGHT="39" WIDTH="41" VPOS="1342" HPOS="1561"/>
<SP HEIGHT="41" WIDTH="25" VPOS="1342" HPOS="1603"/>
<String CONTENT="3458;" HEIGHT="48" WIDTH="142" VPOS="1341" HPOS="1629"/>
<SP HEIGHT="47" WIDTH="31" VPOS="1341" HPOS="1772"/>
<String CONTENT="Judson" HEIGHT="41" WIDTH="188" VPOS="1340" HPOS="1804"/>
<SP HEIGHT="38" WIDTH="28" VPOS="1351" HPOS="1993"/>
<String CONTENT="press." HEIGHT="39" WIDTH="149" VPOS="1350" HPOS="2022"/>
</TextLine>
<TextLine HEIGHT="52" WIDTH="253" VPOS="1404" HPOS="437">
<String CONTENT="(29-1030)" HEIGHT="52" WIDTH="253" VPOS="1404" HPOS="437"/>
</TextLine>
<TextLine HEIGHT="70" WIDTH="1310" VPOS="1480" HPOS="360" STYLEREFS="StyleId-F15AF104-5C6C-4686-9AD8-AFB5C69A627C-" CS="1">
<String CONTENT="Parsons," HEIGHT="62" WIDTH="277" VPOS="1488" HPOS="360"/>
<SP HEIGHT="64" WIDTH="33" VPOS="1485" HPOS="638"/>
<String CONTENT="Floyd" HEIGHT="64" WIDTH="182" VPOS="1484" HPOS="672"/>
<SP HEIGHT="53" WIDTH="32" VPOS="1484" HPOS="855"/>
<String CONTENT="William," HEIGHT="65" WIDTH="276" VPOS="1481" HPOS="888"/>
<SP HEIGHT="57" WIDTH="35" VPOS="1487" HPOS="1165"/>
<String CONTENT="1880-" HEIGHT="50" WIDTH="172" VPOS="1485" HPOS="1201"/>
<SP/>
<String CONTENT="ed." HEIGHT="53" WIDTH="84" VPOS="1480" HPOS="1586"/>
</TextLine>
<TextLine HEIGHT="80" WIDTH="1939" VPOS="1553" HPOS="429" STYLEREFS="StyleId-F13D2427-9BDF-4F95-A769-83FE4110865D-">
<String CONTENT="New" HEIGHT="54" WIDTH="138" VPOS="1564" HPOS="429"/>
<SP HEIGHT="54" WIDTH="32" VPOS="1563" HPOS="568"/>
<String CONTENT="Jersey;" HEIGHT="71" WIDTH="229" VPOS="1562" HPOS="601"/>
<SP HEIGHT="67" WIDTH="35" VPOS="1562" HPOS="831"/>
<String CONTENT="life," HEIGHT="70" WIDTH="124" VPOS="1559" HPOS="867"/>
<SP HEIGHT="68" WIDTH="32" VPOS="1560" HPOS="992"/>
<String CONTENT="industries" HEIGHT="54" WIDTH="310" VPOS="1559" HPOS="1025"/>
<SP HEIGHT="35" WIDTH="35" VPOS="1577" HPOS="1336"/>
<String CONTENT="and" HEIGHT="52" WIDTH="113" VPOS="1559" HPOS="1372"/>
<SP HEIGHT="51" WIDTH="34" VPOS="1559" HPOS="1486"/>
<String CONTENT="resources" HEIGHT="35" WIDTH="284" VPOS="1574" HPOS="1521"/>
<SP HEIGHT="34" WIDTH="33" VPOS="1574" HPOS="1806"/>
<String CONTENT="of" HEIGHT="53" WIDTH="65" VPOS="1555" HPOS="1840"/>
<SP HEIGHT="55" WIDTH="33" VPOS="1554" HPOS="1906"/>
<String CONTENT="a" HEIGHT="33" WIDTH="31" VPOS="1575" HPOS="1940"/>
<SP HEIGHT="51" WIDTH="34" VPOS="1575" HPOS="1972"/>
<String CONTENT="great" HEIGHT="64" WIDTH="161" VPOS="1562" HPOS="2007"/>
<SP HEIGHT="48" WIDTH="35" VPOS="1561" HPOS="2169"/>
<String CONTENT="state," HEIGHT="63" WIDTH="163" VPOS="1560" HPOS="2205"/>
</TextLine>
<TextLine HEIGHT="78" WIDTH="2011" VPOS="1633" HPOS="358" STYLEREFS="StyleId-F13D2427-9BDF-4F95-A769-83FE4110865D-" CS="1">
<String CONTENT="editor-in-chief," HEIGHT="70" WIDTH="475" VPOS="1640" HPOS="358"/>
<SP HEIGHT="67" WIDTH="28" VPOS="1641" HPOS="833"/>
<String CONTENT="Floyd" HEIGHT="68" WIDTH="189" VPOS="1640" HPOS="861"/>
<SP HEIGHT="53" WIDTH="29" VPOS="1639" HPOS="1050"/>
<String CONTENT="W." HEIGHT="54" WIDTH="90" VPOS="1638" HPOS="1079"/>
<SP HEIGHT="51" WIDTH="33" VPOS="1639" HPOS="1169"/>
<String CONTENT="Parsons" HEIGHT="52" WIDTH="250" VPOS="1638" HPOS="1202"/>
<SP HEIGHT="34" WIDTH="34" VPOS="1655" HPOS="1452"/>
<String CS="1" CONTENT="&#8230;"/>
<SP HEIGHT="33" WIDTH="36" VPOS="1654" HPOS="1543"/>
<String CONTENT="associate" HEIGHT="54" WIDTH="273" VPOS="1636" HPOS="1579"/>
<SP HEIGHT="35" WIDTH="31" VPOS="1654" HPOS="1852"/>
<String CONTENT="editors," HEIGHT="69" WIDTH="232" VPOS="1634" HPOS="1883"/>
<SP HEIGHT="68" WIDTH="30" VPOS="1634" HPOS="2115"/>
<String CONTENT="George" HEIGHT="71" WIDTH="224" VPOS="1633" HPOS="2145"/>
</TextLine>
<TextLine HEIGHT="79" WIDTH="2006" VPOS="1711" HPOS="362" STYLEREFS="StyleId-F13D2427-9BDF-4F95-A769-83FE4110865D-" CS="1">
<String CONTENT="S." HEIGHT="56" WIDTH="55" VPOS="1721" HPOS="362"/>
<SP HEIGHT="51" WIDTH="36" VPOS="1723" HPOS="418"/>
<String CONTENT="Burgess" HEIGHT="67" WIDTH="248" VPOS="1722" HPOS="455"/>
<SP HEIGHT="33" WIDTH="37" VPOS="1739" HPOS="704"/>
<String CS="1" CONTENT="&#8230;"/>
<SP HEIGHT="52" WIDTH="38" VPOS="1719" HPOS="798"/>
<String CONTENT="Edward" HEIGHT="53" WIDTH="256" VPOS="1718" HPOS="837"/>
<SP HEIGHT="52" WIDTH="31" VPOS="1717" HPOS="1094"/>
<String CONTENT="Pierce" HEIGHT="53" WIDTH="198" VPOS="1716" HPOS="1126"/>
<SP HEIGHT="53" WIDTH="31" VPOS="1715" HPOS="1325"/>
<String CONTENT="Hulse" HEIGHT="54" WIDTH="185" VPOS="1714" HPOS="1357"/>
<SP HEIGHT="33" WIDTH="38" VPOS="1734" HPOS="1543"/>
<String CS="1" CONTENT="&#8230;"/>
<SP HEIGHT="53" WIDTH="75" VPOS="1714" HPOS="1638"/>
<String CONTENT="Newark," HEIGHT="70" WIDTH="266" VPOS="1712" HPOS="1714"/>
<SP HEIGHT="68" WIDTH="32" VPOS="1713" HPOS="1981"/>
<String LANG="fr" CONTENT="N." HEIGHT="53" WIDTH="70" VPOS="1713" HPOS="2014"/>
<SP HEIGHT="55" WIDTH="33" VPOS="1712" HPOS="2085"/>
<String CONTENT="J.," HEIGHT="70" WIDTH="75" VPOS="1711" HPOS="2119"/>
<SP HEIGHT="68" WIDTH="33" VPOS="1712" HPOS="2195"/>
<String CONTENT="New" HEIGHT="54" WIDTH="139" VPOS="1712" HPOS="2229"/>
</TextLine>
<TextLine HEIGHT="76" WIDTH="1310" VPOS="1792" HPOS="359" STYLEREFS="StyleId-F13D2427-9BDF-4F95-A769-83FE4110865D-">
<String CONTENT="Jersey" HEIGHT="67" WIDTH="202" VPOS="1801" HPOS="359"/>
<SP HEIGHT="49" WIDTH="28" VPOS="1818" HPOS="562"/>
<String CONTENT="state" HEIGHT="48" WIDTH="146" VPOS="1803" HPOS="591"/>
<SP HEIGHT="34" WIDTH="28" VPOS="1816" HPOS="738"/>
<String CONTENT="chamber" HEIGHT="53" WIDTH="265" VPOS="1796" HPOS="767"/>
<SP HEIGHT="34" WIDTH="30" VPOS="1813" HPOS="1033"/>
<String CONTENT="of" HEIGHT="53" WIDTH="64" VPOS="1794" HPOS="1064"/>
<SP HEIGHT="52" WIDTH="29" VPOS="1794" HPOS="1129"/>
<String CONTENT="commerce," HEIGHT="52" WIDTH="325" VPOS="1810" HPOS="1159"/>
<SP HEIGHT="64" WIDTH="33" VPOS="1796" HPOS="1485"/>
<String CONTENT="1928." HEIGHT="50" WIDTH="150" VPOS="1795" HPOS="1519"/>
</TextLine>
<TextLine HEIGHT="58" WIDTH="1880" VPOS="1871" HPOS="430" CS="1">
<String CONTENT="xii," HEIGHT="47" WIDTH="83" VPOS="1882" HPOS="430"/>
<SP HEIGHT="47" WIDTH="28" VPOS="1882" HPOS="514"/>
<String CONTENT="404" HEIGHT="40" WIDTH="87" VPOS="1881" HPOS="543"/>
<SP HEIGHT="49" WIDTH="29" VPOS="1880" HPOS="631"/>
<String CONTENT="p." HEIGHT="38" WIDTH="41" VPOS="1890" HPOS="661"/>
<SP HEIGHT="30" WIDTH="59" VPOS="1890" HPOS="703"/>
<String CONTENT="col." HEIGHT="40" WIDTH="87" VPOS="1880" HPOS="763"/>
<SP HEIGHT="42" WIDTH="28" VPOS="1878" HPOS="851"/>
<String CONTENT="front.," HEIGHT="48" WIDTH="165" VPOS="1877" HPOS="880"/>
<SP HEIGHT="47" WIDTH="30" VPOS="1877" HPOS="1046"/>
<String CONTENT="illus." HEIGHT="41" WIDTH="129" VPOS="1876" HPOS="1077"/>
<SP HEIGHT="48" WIDTH="27" VPOS="1875" HPOS="1207"/>
<String CONTENT="(incl." HEIGHT="48" WIDTH="135" VPOS="1875" HPOS="1235"/>
<SP HEIGHT="42" WIDTH="29" VPOS="1875" HPOS="1371"/>
<String CONTENT="facsims.)" HEIGHT="50" WIDTH="244" VPOS="1874" HPOS="1401"/>
<SP HEIGHT="49" WIDTH="38" VPOS="1874" HPOS="1646"/>
<String CONTENT="col." HEIGHT="40" WIDTH="87" VPOS="1875" HPOS="1685"/>
<SP HEIGHT="38" WIDTH="31" VPOS="1885" HPOS="1773"/>
<String CONTENT="plates," HEIGHT="49" WIDTH="171" VPOS="1874" HPOS="1805"/>
<SP HEIGHT="47" WIDTH="33" VPOS="1874" HPOS="1977"/>
<String CONTENT="diagrs." HEIGHT="49" WIDTH="179" VPOS="1873" HPOS="2011"/>
<SP HEIGHT="40" WIDTH="59" VPOS="1874" HPOS="2191"/>
<String CONTENT="26" HEIGHT="40" WIDTH="59" VPOS="1873" HPOS="2251"/>
<String STYLE="superscript" CS="1" CONTENT="&#7580;&#7504;."/>
</TextLine>
<TextLine HEIGHT="61" WIDTH="2008" VPOS="1927" HPOS="362">
<String CONTENT="&#169;" HEIGHT="54" WIDTH="54" VPOS="1934" HPOS="362"/>
<SP HEIGHT="53" WIDTH="34" VPOS="1934" HPOS="416"/>
<String CONTENT="Dec." HEIGHT="39" WIDTH="112" VPOS="1939" HPOS="451"/>
<SP HEIGHT="40" WIDTH="31" VPOS="1938" HPOS="564"/>
<String CONTENT="22," HEIGHT="48" WIDTH="71" VPOS="1937" HPOS="596"/>
<SP HEIGHT="47" WIDTH="32" VPOS="1937" HPOS="668"/>
<String CONTENT="1928;" HEIGHT="46" WIDTH="142" VPOS="1936" HPOS="701"/>
<SP HEIGHT="46" WIDTH="32" VPOS="1936" HPOS="844"/>
<String CONTENT="2c." HEIGHT="41" WIDTH="69" VPOS="1935" HPOS="877"/>
<SP HEIGHT="30" WIDTH="33" VPOS="1945" HPOS="947"/>
<String CONTENT="and" HEIGHT="38" WIDTH="94" VPOS="1936" HPOS="981"/>
<SP HEIGHT="38" WIDTH="34" VPOS="1936" HPOS="1076"/>
<String LANG="de" CONTENT="aff." HEIGHT="42" WIDTH="84" VPOS="1932" HPOS="1110"/>
<SP HEIGHT="39" WIDTH="32" VPOS="1934" HPOS="1195"/>
<String CONTENT="Jan." HEIGHT="39" WIDTH="111" VPOS="1934" HPOS="1228"/>
<SP HEIGHT="39" WIDTH="31" VPOS="1933" HPOS="1340"/>
<String CONTENT="2," HEIGHT="48" WIDTH="41" VPOS="1933" HPOS="1372"/>
<SP HEIGHT="48" WIDTH="34" VPOS="1933" HPOS="1414"/>
<String CONTENT="1929;" HEIGHT="46" WIDTH="141" VPOS="1932" HPOS="1449"/>
<SP HEIGHT="46" WIDTH="36" VPOS="1932" HPOS="1591"/>
<!-- cceid 867836B0-6CFA-1014-9C3C-CEA95E7AA542 --><String CONTENT="A" HEIGHT="39" WIDTH="40" VPOS="1932" HPOS="1628"/>
<SP HEIGHT="40" WIDTH="32" VPOS="1931" HPOS="1669"/>
<String CONTENT="2567;" HEIGHT="47" WIDTH="143" VPOS="1931" HPOS="1702"/>
<SP HEIGHT="46" WIDTH="34" VPOS="1932" HPOS="1846"/>
<String CONTENT="New" HEIGHT="40" WIDTH="120" VPOS="1931" HPOS="1881"/>
<SP HEIGHT="40" WIDTH="30" VPOS="1931" HPOS="2002"/>
<String CONTENT="Jersey" HEIGHT="49" WIDTH="173" VPOS="1930" HPOS="2033"/>
<SP HEIGHT="37" WIDTH="32" VPOS="1941" HPOS="2207"/>
<String CONTENT="state" HEIGHT="39" WIDTH="130" VPOS="1932" HPOS="2240"/>
</TextLine>
<TextLine HEIGHT="52" WIDTH="962" VPOS="1989" HPOS="431">
<String CONTENT="chamber" HEIGHT="42" WIDTH="226" VPOS="1994" HPOS="431"/>
<SP HEIGHT="29" WIDTH="27" VPOS="2004" HPOS="658"/>
<String CONTENT="of" HEIGHT="40" WIDTH="52" VPOS="1993" HPOS="686"/>
<SP HEIGHT="39" WIDTH="24" VPOS="1993" HPOS="739"/>
<String CONTENT="commerce." HEIGHT="31" WIDTH="278" VPOS="2002" HPOS="764"/>
<SP HEIGHT="48" WIDTH="66" VPOS="1991" HPOS="1043"/>
<String CONTENT="(28-26988)" HEIGHT="50" WIDTH="283" VPOS="1989" HPOS="1110"/>
</TextLine>
<TextLine HEIGHT="70" WIDTH="1273" VPOS="2069" HPOS="363" STYLEREFS="StyleId-F13D2427-9BDF-4F95-A769-83FE4110865D-">
<String CONTENT="Patrick," HEIGHT="64" WIDTH="261" VPOS="2075" HPOS="363"/>
<SP HEIGHT="64" WIDTH="33" VPOS="2074" HPOS="625"/>
<String CONTENT="George" HEIGHT="63" WIDTH="228" VPOS="2074" HPOS="659"/>
<SP HEIGHT="52" WIDTH="28" VPOS="2073" HPOS="888"/>
<String CONTENT="Thomas" HEIGHT="53" WIDTH="262" VPOS="2071" HPOS="917"/>
<SP HEIGHT="53" WIDTH="28" VPOS="2071" HPOS="1180"/>
<String CONTENT="White," HEIGHT="65" WIDTH="219" VPOS="2069" HPOS="1209"/>
<SP HEIGHT="57" WIDTH="34" VPOS="2076" HPOS="1429"/>
<String CONTENT="1857-" HEIGHT="53" WIDTH="172" VPOS="2071" HPOS="1464"/>
</TextLine>
<TextLine HEIGHT="77" WIDTH="1879" VPOS="2144" HPOS="430" STYLEREFS="StyleId-F13D2427-9BDF-4F95-A769-83FE4110865D-" CS="1">
<String CONTENT="What" HEIGHT="54" WIDTH="180" VPOS="2153" HPOS="430"/>
<SP HEIGHT="54" WIDTH="32" VPOS="2152" HPOS="610"/>
<String CONTENT="is" HEIGHT="55" WIDTH="49" VPOS="2151" HPOS="642"/>
<SP HEIGHT="48" WIDTH="32" VPOS="2157" HPOS="691"/>
<String CONTENT="the" HEIGHT="51" WIDTH="98" VPOS="2152" HPOS="723"/>
<SP HEIGHT="33" WIDTH="32" VPOS="2170" HPOS="821"/>
<String CONTENT="mind?" HEIGHT="54" WIDTH="196" VPOS="2149" HPOS="853"/>
<SP HEIGHT="53" WIDTH="76" VPOS="2149" HPOS="1049"/>
<String CONTENT="By" HEIGHT="69" WIDTH="92" VPOS="2149" HPOS="1125"/>
<SP HEIGHT="69" WIDTH="35" VPOS="2148" HPOS="1217"/>
<String CONTENT="George" HEIGHT="71" WIDTH="224" VPOS="2147" HPOS="1252"/>
<SP HEIGHT="52" WIDTH="35" VPOS="2148" HPOS="1476"/>
<String CONTENT="Thomas" HEIGHT="54" WIDTH="251" VPOS="2147" HPOS="1511"/>
<SP HEIGHT="54" WIDTH="34" VPOS="2147" HPOS="1762"/>
<String CONTENT="White" HEIGHT="55" WIDTH="197" VPOS="2146" HPOS="1796"/>
<SP HEIGHT="52" WIDTH="36" VPOS="2148" HPOS="1993"/>
<String CONTENT="Patrick" HEIGHT="55" WIDTH="240" VPOS="2146" HPOS="2029"/>
<SP HEIGHT="53" WIDTH="40" VPOS="2146" HPOS="2269"/>
<String CS="1" CONTENT="&#8230;"/>
</TextLine>
<TextLine HEIGHT="76" WIDTH="1379" VPOS="2224" HPOS="362" STYLEREFS="StyleId-F13D2427-9BDF-4F95-A769-83FE4110865D-">
<String CONTENT="New" HEIGHT="54" WIDTH="138" VPOS="2232" HPOS="362"/>
<SP HEIGHT="53" WIDTH="28" VPOS="2231" HPOS="501"/>
<String CONTENT="York," HEIGHT="70" WIDTH="181" VPOS="2229" HPOS="530"/>
<SP HEIGHT="68" WIDTH="27" VPOS="2230" HPOS="712"/>
<String CONTENT="The" HEIGHT="53" WIDTH="122" VPOS="2229" HPOS="740"/>
<SP HEIGHT="54" WIDTH="25" VPOS="2228" HPOS="863"/>
<String CONTENT="Macmillan" HEIGHT="57" WIDTH="338" VPOS="2226" HPOS="889"/>
<SP HEIGHT="35" WIDTH="28" VPOS="2245" HPOS="1228"/>
<String CONTENT="company," HEIGHT="53" WIDTH="300" VPOS="2243" HPOS="1257"/>
<SP HEIGHT="64" WIDTH="33" VPOS="2230" HPOS="1558"/>
<String CONTENT="1929." HEIGHT="53" WIDTH="149" VPOS="2227" HPOS="1592"/>
</TextLine>
<TextLine HEIGHT="116" WIDTH="1992" VPOS="2305" HPOS="362" CS="1">
<String CONTENT="viii" HEIGHT="40" WIDTH="87" VPOS="2315" HPOS="433"/>
<SP HEIGHT="47" WIDTH="28" VPOS="2315" HPOS="521"/>
<String CONTENT="p.," HEIGHT="37" WIDTH="57" VPOS="2325" HPOS="550"/>
<SP HEIGHT="48" WIDTH="27" VPOS="2314" HPOS="608"/>
<String CONTENT="2" HEIGHT="40" WIDTH="28" VPOS="2313" HPOS="636"/>
<SP HEIGHT="39" WIDTH="23" VPOS="2313" HPOS="665"/>
<String CS="1" CONTENT="l.,"/>
<SP HEIGHT="48" WIDTH="28" VPOS="2313" HPOS="735"/>
<String CONTENT="185" HEIGHT="41" WIDTH="84" VPOS="2312" HPOS="764"/>
<SP HEIGHT="47" WIDTH="26" VPOS="2313" HPOS="849"/>
<String CONTENT="p." HEIGHT="38" WIDTH="43" VPOS="2322" HPOS="876"/>
<SP HEIGHT="40" WIDTH="56" VPOS="2312" HPOS="920"/>
<String CS="1" CONTENT="20&#189;" HEIGHT="40" WIDTH="57" VPOS="2310" HPOS="977"/>
<String STYLE="superscript" CS="1" CONTENT="&#7580;&#7504;."/>
<SP/>
<String CONTENT="(Half-title:" HEIGHT="50" WIDTH="301" VPOS="2308" HPOS="1193"/>
<SP HEIGHT="40" WIDTH="27" VPOS="2309" HPOS="1495"/>
<String CONTENT="Philosophy" HEIGHT="50" WIDTH="298" VPOS="2308" HPOS="1523"/>
<SP HEIGHT="47" WIDTH="27" VPOS="2309" HPOS="1822"/>
<String CONTENT="for" HEIGHT="40" WIDTH="80" VPOS="2309" HPOS="1850"/>
<SP HEIGHT="39" WIDTH="29" VPOS="2311" HPOS="1931"/>
<String CONTENT="the" HEIGHT="39" WIDTH="82" VPOS="2310" HPOS="1961"/>
<SP HEIGHT="38" WIDTH="29" VPOS="2311" HPOS="2044"/>
<String CONTENT="layman" HEIGHT="46" WIDTH="198" VPOS="2310" HPOS="2074"/>
<SP HEIGHT="30" WIDTH="29" VPOS="2320" HPOS="2273"/>
<String CONTENT="series)" HEIGHT="102" WIDTH="1992" VPOS="2319" HPOS="362"/>
</TextLine>
<TextLine HEIGHT="59" WIDTH="1648" VPOS="2418" HPOS="365" CS="1">
<String CONTENT="&#169;" HEIGHT="53" WIDTH="53" VPOS="2424" HPOS="365"/>
<SP HEIGHT="52" WIDTH="28" VPOS="2424" HPOS="418"/>
<String CONTENT="Jan." HEIGHT="39" WIDTH="112" VPOS="2429" HPOS="446"/>
<SP HEIGHT="40" WIDTH="27" VPOS="2427" HPOS="558"/>
<String CONTENT="8," HEIGHT="47" WIDTH="41" VPOS="2427" HPOS="585"/>
<SP HEIGHT="48" WIDTH="27" VPOS="2426" HPOS="626"/>
<String CS="1" CONTENT="1929;" HEIGHT="40" WIDTH="116" VPOS="2425" HPOS="653"/>
<SP HEIGHT="47" WIDTH="29" VPOS="2426" HPOS="796"/>
<String CONTENT="2c." HEIGHT="41" WIDTH="70" VPOS="2426" HPOS="825"/>
<SP HEIGHT="33" WIDTH="28" VPOS="2434" HPOS="895"/>
<String CONTENT="and" HEIGHT="39" WIDTH="97" VPOS="2425" HPOS="923"/>
<SP HEIGHT="39" WIDTH="27" VPOS="2425" HPOS="1020"/>
<String LANG="de" CONTENT="aff." HEIGHT="41" WIDTH="83" VPOS="2423" HPOS="1047"/>
<SP HEIGHT="40" WIDTH="29" VPOS="2424" HPOS="1130"/>
<String CONTENT="Jan." HEIGHT="42" WIDTH="113" VPOS="2423" HPOS="1159"/>
<SP HEIGHT="41" WIDTH="27" VPOS="2423" HPOS="1272"/>
<String CONTENT="9;" HEIGHT="47" WIDTH="54" VPOS="2423" HPOS="1299"/>
<SP HEIGHT="47" WIDTH="32" VPOS="2423" HPOS="1353"/>
<!-- cceid 86793712-6CFA-1014-9C3C-CEA95E7AA542 --><String CONTENT="A" HEIGHT="41" WIDTH="42" VPOS="2422" HPOS="1385"/>
<SP HEIGHT="41" WIDTH="26" VPOS="2422" HPOS="1427"/>
<String CONTENT="3599;" HEIGHT="48" WIDTH="144" VPOS="2422" HPOS="1453"/>
<SP HEIGHT="46" WIDTH="33" VPOS="2424" HPOS="1597"/>
<String CONTENT="Macmillan" HEIGHT="42" WIDTH="284" VPOS="2422" HPOS="1630"/>
<SP HEIGHT="31" WIDTH="27" VPOS="2432" HPOS="1914"/>
<String CONTENT="co." HEIGHT="30" WIDTH="72" VPOS="2433" HPOS="1941"/>
</TextLine>
<TextLine HEIGHT="51" WIDTH="252" VPOS="2482" HPOS="444" STYLEREFS="StyleId-2E57AE47-3183-47D5-9633-782D41D74FEB-">
<String CONTENT="(29-1094)" HEIGHT="51" WIDTH="252" VPOS="2482" HPOS="444"/>
</TextLine>
<TextLine HEIGHT="75" WIDTH="1231" VPOS="2558" HPOS="364" STYLEREFS="StyleId-2980AE28-0EE6-4094-AFA9-250801801B4E-">
<String CONTENT="Punch." HEIGHT="55" WIDTH="223" VPOS="2562" HPOS="364"/>
<SP HEIGHT="34" WIDTH="73" VPOS="2581" HPOS="588"/>
<String CONTENT="v." HEIGHT="35" WIDTH="52" VPOS="2581" HPOS="662"/>
<SP HEIGHT="49" WIDTH="29" VPOS="2567" HPOS="715"/>
<String CONTENT="175," HEIGHT="68" WIDTH="117" VPOS="2562" HPOS="745"/>
<SP HEIGHT="49" WIDTH="25" VPOS="2581" HPOS="863"/>
<String CONTENT="no." HEIGHT="35" WIDTH="89" VPOS="2580" HPOS="889"/>
<SP HEIGHT="49" WIDTH="27" VPOS="2565" HPOS="979"/>
<String CONTENT="4557," HEIGHT="70" WIDTH="155" VPOS="2560" HPOS="1007"/>
<SP HEIGHT="69" WIDTH="27" VPOS="2561" HPOS="1163"/>
<String CONTENT="Nov." HEIGHT="52" WIDTH="144" VPOS="2561" HPOS="1191"/>
<SP HEIGHT="55" WIDTH="27" VPOS="2559" HPOS="1336"/>
<String CONTENT="7," HEIGHT="69" WIDTH="49" VPOS="2559" HPOS="1364"/>
<SP HEIGHT="64" WIDTH="29" VPOS="2564" HPOS="1414"/>
<String CONTENT="1928." HEIGHT="50" WIDTH="151" VPOS="2563" HPOS="1444"/>
</TextLine>
<TextLine HEIGHT="117" WIDTH="1989" VPOS="2635" HPOS="366" STYLEREFS="StyleId-2E57AE47-3183-47D5-9633-782D41D74FEB-" CS="1">
<String CONTENT="&#169;" HEIGHT="54" WIDTH="54" VPOS="2642" HPOS="366"/>
<SP/>
<String CS="1" CONTENT="1c."/>
<SP/>
<String CONTENT="Jan." HEIGHT="40" WIDTH="110" VPOS="2646" HPOS="541"/>
<SP HEIGHT="41" WIDTH="25" VPOS="2645" HPOS="652"/>
<String CONTENT="3," HEIGHT="46" WIDTH="39" VPOS="2645" HPOS="678"/>
<SP HEIGHT="46" WIDTH="25" VPOS="2645" HPOS="718"/>
<String CS="1" CONTENT="1929;" HEIGHT="40" WIDTH="115" VPOS="2644" HPOS="744"/>
<SP HEIGHT="48" WIDTH="28" VPOS="2643" HPOS="886"/>
<!-- cceid 867A60D7-6CFA-1014-9C3C-CEA95E7AA542 --><String CONTENT="A" HEIGHT="40" WIDTH="41" VPOS="2643" HPOS="915"/>
<SP HEIGHT="40" WIDTH="24" VPOS="2643" HPOS="957"/>
<String CONTENT="ad" HEIGHT="38" WIDTH="62" VPOS="2645" HPOS="982"/>
<SP HEIGHT="40" WIDTH="25" VPOS="2643" HPOS="1045"/>
<String CONTENT="int." HEIGHT="42" WIDTH="88" VPOS="2643" HPOS="1071"/>
<SP HEIGHT="42" WIDTH="24" VPOS="2643" HPOS="1160"/>
<String CS="1" CONTENT="12185;" HEIGHT="40" WIDTH="144" VPOS="2642" HPOS="1185"/>
<SP HEIGHT="38" WIDTH="28" VPOS="2653" HPOS="1359"/>
<String CONTENT="pubd." HEIGHT="48" WIDTH="144" VPOS="2643" HPOS="1388"/>
<SP HEIGHT="41" WIDTH="25" VPOS="2643" HPOS="1533"/>
<String CONTENT="Nov." HEIGHT="42" WIDTH="120" VPOS="2642" HPOS="1559"/>
<SP HEIGHT="39" WIDTH="27" VPOS="2644" HPOS="1680"/>
<String CONTENT="7," HEIGHT="45" WIDTH="38" VPOS="2644" HPOS="1708"/>
<SP HEIGHT="45" WIDTH="28" VPOS="2644" HPOS="1747"/>
<String CS="1" CONTENT="1928;" HEIGHT="38" WIDTH="25" VPOS="2644" HPOS="1776"/>
<SP HEIGHT="47" WIDTH="29" VPOS="2643" HPOS="1919"/>
<String CONTENT="Herbert" HEIGHT="40" WIDTH="212" VPOS="2643" HPOS="1949"/>
<SP HEIGHT="40" WIDTH="27" VPOS="2643" HPOS="2162"/>
<String CONTENT="Heather," HEIGHT="108" WIDTH="1921" VPOS="2643" HPOS="434"/>
<SP HEIGHT="48" WIDTH="27" VPOS="2703" HPOS="500"/>
<String CONTENT="London." HEIGHT="41" WIDTH="214" VPOS="2702" HPOS="527"/>
</TextLine>
<TextLine HEIGHT="71" WIDTH="750" VPOS="2780" HPOS="531" STYLEREFS="StyleId-2980AE28-0EE6-4094-AFA9-250801801B4E-" CS="1">
<String CS="1" CONTENT="Punch."/>
<SP/>
<String CS="1" CONTENT="v."/>
<SP/>
<String CS="1" CONTENT="175,"/>
<SP/>
<String CONTENT="no." HEIGHT="34" WIDTH="90" VPOS="2802" HPOS="531"/>
<SP HEIGHT="50" WIDTH="28" VPOS="2785" HPOS="622"/>
<String CONTENT="4558," HEIGHT="66" WIDTH="155" VPOS="2784" HPOS="651"/>
<SP HEIGHT="67" WIDTH="28" VPOS="2782" HPOS="807"/>
<String CONTENT="Nov." HEIGHT="54" WIDTH="144" VPOS="2781" HPOS="836"/>
<SP HEIGHT="48" WIDTH="34" VPOS="2786" HPOS="981"/>
<String CONTENT="14," HEIGHT="64" WIDTH="82" VPOS="2785" HPOS="1016"/>
<SP HEIGHT="64" WIDTH="31" VPOS="2785" HPOS="1099"/>
<String CONTENT="1928." HEIGHT="52" WIDTH="150" VPOS="2783" HPOS="1131"/>
</TextLine>
<TextLine HEIGHT="64" WIDTH="2004" VPOS="2854" HPOS="371" STYLEREFS="StyleId-2E57AE47-3183-47D5-9633-782D41D74FEB-" CS="1">
<String CONTENT="&#169;" HEIGHT="55" WIDTH="51" VPOS="2861" HPOS="371"/>
<SP/>
<String CS="1" CONTENT="1c."/>
<SP/>
<String CONTENT="Jan." HEIGHT="42" WIDTH="110" VPOS="2865" HPOS="572"/>
<SP HEIGHT="41" WIDTH="39" VPOS="2865" HPOS="683"/>
<String CONTENT="9," HEIGHT="48" WIDTH="40" VPOS="2865" HPOS="723"/>
<SP HEIGHT="48" WIDTH="39" VPOS="2865" HPOS="764"/>
<String CONTENT="1929;" HEIGHT="50" WIDTH="141" VPOS="2862" HPOS="804"/>
<SP HEIGHT="47" WIDTH="42" VPOS="2864" HPOS="946"/>
<!-- cceid 867B7C10-6CFA-1014-9C3C-CEA95E7AA542 --><String CONTENT="A" HEIGHT="39" WIDTH="40" VPOS="2864" HPOS="989"/>
<SP HEIGHT="40" WIDTH="38" VPOS="2864" HPOS="1030"/>
<String CONTENT="ad" HEIGHT="40" WIDTH="63" VPOS="2865" HPOS="1069"/>
<SP HEIGHT="42" WIDTH="39" VPOS="2863" HPOS="1133"/>
<String CONTENT="int." HEIGHT="41" WIDTH="87" VPOS="2863" HPOS="1173"/>
<SP HEIGHT="40" WIDTH="39" VPOS="2864" HPOS="1261"/>
<String CONTENT="12207;" HEIGHT="49" WIDTH="171" VPOS="2862" HPOS="1301"/>
<SP HEIGHT="39" WIDTH="43" VPOS="2873" HPOS="1473"/>
<String CONTENT="pubd." HEIGHT="49" WIDTH="144" VPOS="2863" HPOS="1517"/>
<SP HEIGHT="41" WIDTH="39" VPOS="2863" HPOS="1662"/>
<String CONTENT="Nov." HEIGHT="41" WIDTH="119" VPOS="2863" HPOS="1702"/>
<SP HEIGHT="41" WIDTH="40" VPOS="2862" HPOS="1822"/>
<String CONTENT="14," HEIGHT="49" WIDTH="70" VPOS="2862" HPOS="1863"/>
<SP HEIGHT="46" WIDTH="40" VPOS="2864" HPOS="1934"/>
<String CS="1" CONTENT="1928;" HEIGHT="47" WIDTH="143" VPOS="2864" HPOS="1975"/>
<SP HEIGHT="47" WIDTH="43" VPOS="2864" HPOS="2119"/>
<String CONTENT="Herbert" HEIGHT="42" WIDTH="212" VPOS="2863" HPOS="2163"/>
</TextLine>
<TextLine HEIGHT="50" WIDTH="472" VPOS="2922" HPOS="436" STYLEREFS="StyleId-2E57AE47-3183-47D5-9633-782D41D74FEB-">
<String CONTENT="Heather," HEIGHT="49" WIDTH="235" VPOS="2923" HPOS="436"/>
<SP HEIGHT="49" WIDTH="23" VPOS="2922" HPOS="671"/>
<String CONTENT="London." HEIGHT="42" WIDTH="214" VPOS="2922" HPOS="694"/>
</TextLine>
<TextLine HEIGHT="81" WIDTH="1933" VPOS="2996" HPOS="367" STYLEREFS="StyleId-2980AE28-0EE6-4094-AFA9-250801801B4E-">
<String CONTENT="Punch" HEIGHT="54" WIDTH="205" VPOS="3003" HPOS="367"/>
<SP HEIGHT="52" WIDTH="33" VPOS="3003" HPOS="573"/>
<String CONTENT="almanack," HEIGHT="71" WIDTH="315" VPOS="3001" HPOS="607"/>
<SP HEIGHT="63" WIDTH="32" VPOS="3007" HPOS="923"/>
<String CONTENT="1929." HEIGHT="51" WIDTH="151" VPOS="3004" HPOS="956"/>
<SP HEIGHT="53" WIDTH="73" VPOS="3002" HPOS="1108"/>
<String CONTENT="Punch," HEIGHT="53" WIDTH="219" VPOS="3002" HPOS="1182"/>
<SP HEIGHT="35" WIDTH="72" VPOS="3020" HPOS="1402"/>
<String CONTENT="no." HEIGHT="35" WIDTH="91" VPOS="3019" HPOS="1475"/>
<SP HEIGHT="50" WIDTH="30" VPOS="3004" HPOS="1567"/>
<String CONTENT="4556A." HEIGHT="54" WIDTH="213" VPOS="3001" HPOS="1598"/>
<SP HEIGHT="53" WIDTH="73" VPOS="3002" HPOS="1812"/>
<String CONTENT="Nov." HEIGHT="54" WIDTH="145" VPOS="3001" HPOS="1886"/>
<SP HEIGHT="49" WIDTH="33" VPOS="3005" HPOS="2032"/>
<String CONTENT="5," HEIGHT="65" WIDTH="47" VPOS="3005" HPOS="2066"/>
<SP HEIGHT="65" WIDTH="34" VPOS="3005" HPOS="2114"/>
<String CONTENT="1928." HEIGHT="51" WIDTH="151" VPOS="3004" HPOS="2149"/>
</TextLine>
<TextLine HEIGHT="64" WIDTH="2003" VPOS="3075" HPOS="371" STYLEREFS="StyleId-2E57AE47-3183-47D5-9633-782D41D74FEB-" CS="1">
<String CONTENT="&#169;" HEIGHT="53" WIDTH="51" VPOS="3082" HPOS="371"/>
<SP/>
<String CS="1" CONTENT="1c."/>
<SP/>
<String CONTENT="Jan." HEIGHT="42" WIDTH="110" VPOS="3085" HPOS="576"/>
<SP HEIGHT="41" WIDTH="41" VPOS="3085" HPOS="687"/>
<String CONTENT="3," HEIGHT="47" WIDTH="40" VPOS="3085" HPOS="729"/>
<SP HEIGHT="47" WIDTH="40" VPOS="3085" HPOS="770"/>
<String CONTENT="1929;" HEIGHT="49" WIDTH="142" VPOS="3083" HPOS="811"/>
<SP HEIGHT="47" WIDTH="44" VPOS="3084" HPOS="954"/>
<!-- cceid 867C9633-6CFA-1014-9C3C-CEA95E7AA542 --><String CONTENT="A" HEIGHT="39" WIDTH="41" VPOS="3084" HPOS="999"/>
<SP HEIGHT="40" WIDTH="40" VPOS="3084" HPOS="1041"/>
<String CONTENT="ad" HEIGHT="39" WIDTH="62" VPOS="3085" HPOS="1082"/>
<SP HEIGHT="40" WIDTH="41" VPOS="3084" HPOS="1145"/>
<String CONTENT="int." HEIGHT="40" WIDTH="88" VPOS="3084" HPOS="1187"/>
<SP HEIGHT="39" WIDTH="41" VPOS="3085" HPOS="1276"/>
<String CONTENT="12184;" HEIGHT="49" WIDTH="172" VPOS="3083" HPOS="1318"/>
<SP HEIGHT="38" WIDTH="45" VPOS="3094" HPOS="1491"/>
<String CONTENT="pubd." HEIGHT="49" WIDTH="143" VPOS="3083" HPOS="1537"/>
<SP HEIGHT="40" WIDTH="42" VPOS="3084" HPOS="1681"/>
<String CONTENT="Nov." HEIGHT="41" WIDTH="119" VPOS="3084" HPOS="1724"/>
<SP HEIGHT="41" WIDTH="43" VPOS="3084" HPOS="1844"/>
<String CONTENT="5," HEIGHT="49" WIDTH="40" VPOS="3084" HPOS="1888"/>
<SP HEIGHT="48" WIDTH="43" VPOS="3085" HPOS="1929"/>
<String CONTENT="1928;" HEIGHT="47" WIDTH="141" VPOS="3084" HPOS="1973"/>
<SP HEIGHT="47" WIDTH="46" VPOS="3084" HPOS="2115"/>
<String CONTENT="Herbert" HEIGHT="42" WIDTH="212" VPOS="3083" HPOS="2162"/>
</TextLine>
<TextLine HEIGHT="50" WIDTH="476" VPOS="3140" HPOS="438" STYLEREFS="StyleId-2E57AE47-3183-47D5-9633-782D41D74FEB-">
<String CONTENT="Heather," HEIGHT="48" WIDTH="233" VPOS="3142" HPOS="438"/>
<SP HEIGHT="48" WIDTH="28" VPOS="3141" HPOS="672"/>
<String CONTENT="London." HEIGHT="42" WIDTH="213" VPOS="3140" HPOS="701"/>
</TextLine>
<TextLine HEIGHT="70" WIDTH="972" VPOS="3218" HPOS="371" STYLEREFS="StyleId-F15AF104-5C6C-4686-9AD8-AFB5C69A627C-">
<String CONTENT="Ragatz," HEIGHT="64" WIDTH="248" VPOS="3222" HPOS="371"/>
<SP HEIGHT="63" WIDTH="31" VPOS="3222" HPOS="620"/>
<String CONTENT="Lowell" HEIGHT="54" WIDTH="214" VPOS="3220" HPOS="652"/>
<SP HEIGHT="53" WIDTH="28" VPOS="3221" HPOS="867"/>
<String CONTENT="Joseph," HEIGHT="65" WIDTH="241" VPOS="3221" HPOS="896"/>
<SP HEIGHT="58" WIDTH="34" VPOS="3227" HPOS="1138"/>
<String CONTENT="1897-" HEIGHT="54" WIDTH="170" VPOS="3222" HPOS="1173"/>
</TextLine>
<TextLine HEIGHT="80" WIDTH="1873" VPOS="3292" HPOS="502" STYLEREFS="StyleId-F13D2427-9BDF-4F95-A769-83FE4110865D-" CS="1">
<String CS="1" CONTENT="&#8230;"/>
<SP HEIGHT="51" WIDTH="42" VPOS="3300" HPOS="502"/>
<String CONTENT="The" HEIGHT="53" WIDTH="121" VPOS="3299" HPOS="545"/>
<SP HEIGHT="53" WIDTH="37" VPOS="3298" HPOS="667"/>
<String CONTENT="fall" HEIGHT="53" WIDTH="108" VPOS="3298" HPOS="705"/>
<SP HEIGHT="50" WIDTH="35" VPOS="3301" HPOS="814"/>
<String CONTENT="of" HEIGHT="54" WIDTH="65" VPOS="3297" HPOS="850"/>
<SP HEIGHT="54" WIDTH="34" VPOS="3297" HPOS="916"/>
<String CONTENT="the" HEIGHT="53" WIDTH="96" VPOS="3299" HPOS="951"/>
<SP HEIGHT="50" WIDTH="36" VPOS="3317" HPOS="1048"/>
<String CONTENT="planter" HEIGHT="68" WIDTH="227" VPOS="3299" HPOS="1085"/>
<SP HEIGHT="34" WIDTH="38" VPOS="3317" HPOS="1313"/>
<String CONTENT="class" HEIGHT="54" WIDTH="143" VPOS="3298" HPOS="1352"/>
<SP HEIGHT="52" WIDTH="38" VPOS="3299" HPOS="1496"/>
<String CONTENT="in" HEIGHT="52" WIDTH="60" VPOS="3299" HPOS="1535"/>
<SP HEIGHT="46" WIDTH="37" VPOS="3305" HPOS="1596"/>
<String CONTENT="the" HEIGHT="54" WIDTH="96" VPOS="3298" HPOS="1634"/>
<SP HEIGHT="51" WIDTH="37" VPOS="3300" HPOS="1731"/>
<String CONTENT="British" HEIGHT="54" WIDTH="224" VPOS="3298" HPOS="1769"/>
<SP HEIGHT="55" WIDTH="41" VPOS="3298" HPOS="1994"/>
<String CONTENT="Caribbean," HEIGHT="69" WIDTH="339" VPOS="3297" HPOS="2036"/>
</TextLine>
<TextLine HEIGHT="83" WIDTH="2004" VPOS="3368" HPOS="373" STYLEREFS="StyleId-F13D2427-9BDF-4F95-A769-83FE4110865D-">
<String CONTENT="1763-1833;" HEIGHT="71" WIDTH="337" VPOS="3374" HPOS="373"/>
<SP HEIGHT="48" WIDTH="35" VPOS="3395" HPOS="711"/>
<String CONTENT="a" HEIGHT="33" WIDTH="31" VPOS="3395" HPOS="747"/>
<SP HEIGHT="34" WIDTH="29" VPOS="3395" HPOS="779"/>
<String CONTENT="study" HEIGHT="69" WIDTH="174" VPOS="3376" HPOS="809"/>
<SP HEIGHT="67" WIDTH="29" VPOS="3377" HPOS="984"/>
<String CONTENT="in" HEIGHT="52" WIDTH="60" VPOS="3377" HPOS="1014"/>
<SP HEIGHT="34" WIDTH="31" VPOS="3395" HPOS="1075"/>
<String CONTENT="social" HEIGHT="53" WIDTH="173" VPOS="3377" HPOS="1107"/>
<SP HEIGHT="51" WIDTH="31" VPOS="3378" HPOS="1281"/>
<String CONTENT="and" HEIGHT="53" WIDTH="113" VPOS="3377" HPOS="1313"/>
<SP HEIGHT="52" WIDTH="32" VPOS="3377" HPOS="1427"/>
<String CONTENT="economic" HEIGHT="53" WIDTH="285" VPOS="3377" HPOS="1460"/>
<SP HEIGHT="53" WIDTH="31" VPOS="3376" HPOS="1746"/>
<String CONTENT="history," HEIGHT="70" WIDTH="241" VPOS="3375" HPOS="1778"/>
<SP HEIGHT="67" WIDTH="31" VPOS="3377" HPOS="2020"/>
<String CONTENT="by" HEIGHT="67" WIDTH="75" VPOS="3377" HPOS="2052"/>
<SP HEIGHT="67" WIDTH="32" VPOS="3377" HPOS="2128"/>
<String CONTENT="Lowell" HEIGHT="54" WIDTH="216" VPOS="3376" HPOS="2161"/>
</TextLine>
<TextLine HEIGHT="84" WIDTH="2001" VPOS="3446" HPOS="370" STYLEREFS="StyleId-F13D2427-9BDF-4F95-A769-83FE4110865D-" CS="1">
<String CONTENT="Joseph" HEIGHT="70" WIDTH="217" VPOS="3453" HPOS="370"/>
<SP HEIGHT="52" WIDTH="25" VPOS="3455" HPOS="587"/>
<String CONTENT="Ragatz" HEIGHT="69" WIDTH="223" VPOS="3454" HPOS="612"/>
<SP HEIGHT="33" WIDTH="28" VPOS="3473" HPOS="836"/>
<String CS="1" CONTENT="&#8230;"/>
<SP HEIGHT="52" WIDTH="63" VPOS="3455" HPOS="921"/>
<String CONTENT="New" HEIGHT="52" WIDTH="141" VPOS="3455" HPOS="984"/>
<SP HEIGHT="52" WIDTH="24" VPOS="3454" HPOS="1125"/>
<String CONTENT="York," HEIGHT="69" WIDTH="180" VPOS="3453" HPOS="1149"/>
<SP HEIGHT="66" WIDTH="24" VPOS="3455" HPOS="1329"/>
<String CONTENT="London," HEIGHT="68" WIDTH="260" VPOS="3454" HPOS="1353"/>
<SP HEIGHT="65" WIDTH="24" VPOS="3456" HPOS="1613"/>
<String CONTENT="The" HEIGHT="53" WIDTH="122" VPOS="3455" HPOS="1637"/>
<SP HEIGHT="55" WIDTH="26" VPOS="3453" HPOS="1759"/>
<String CONTENT="Century" HEIGHT="72" WIDTH="258" VPOS="3452" HPOS="1785"/>
<SP HEIGHT="51" WIDTH="22" VPOS="3472" HPOS="2044"/>
<String CONTENT="co." HEIGHT="35" WIDTH="81" VPOS="3472" HPOS="2067"/>
<SP/>
<String CS="1" CONTENT="[&#7580;1928]" HEIGHT="64" WIDTH="85" VPOS="3457" HPOS="2286"/>
</TextLine>
<TextLine HEIGHT="56" WIDTH="985" VPOS="3532" HPOS="441" STYLEREFS="StyleId-F13D2427-9BDF-4F95-A769-83FE4110865D-" CS="1">
<String CONTENT="xiv," HEIGHT="48" WIDTH="96" VPOS="3537" HPOS="441"/>
<SP HEIGHT="49" WIDTH="27" VPOS="3536" HPOS="538"/>
<String CONTENT="520" HEIGHT="41" WIDTH="86" VPOS="3536" HPOS="566"/>
<SP HEIGHT="51" WIDTH="24" VPOS="3535" HPOS="653"/>
<String CONTENT="p." HEIGHT="37" WIDTH="42" VPOS="3548" HPOS="678"/>
<SP HEIGHT="40" WIDTH="55" VPOS="3537" HPOS="721"/>
<String CONTENT="diagrs." HEIGHT="49" WIDTH="180" VPOS="3535" HPOS="777"/>
<SP HEIGHT="39" WIDTH="55" VPOS="3537" HPOS="958"/>
<String CS="1" CONTENT="22&#189;" HEIGHT="39" WIDTH="56" VPOS="3537" HPOS="1014"/>
<String STYLE="superscript" CS="1" CONTENT="&#7580;&#7504;."/>
<SP HEIGHT="52" WIDTH="133" VPOS="3534" HPOS="1162"/>
<String CONTENT="$5.00" HEIGHT="52" WIDTH="130" VPOS="3533" HPOS="1296"/>
</TextLine>
<TextLine HEIGHT="53" WIDTH="1496" VPOS="3587" HPOS="442" STYLEREFS="StyleId-F13D2427-9BDF-4F95-A769-83FE4110865D-" CS="1">
<String CONTENT="At" HEIGHT="38" WIDTH="62" VPOS="3595" HPOS="442"/>
<SP HEIGHT="40" WIDTH="25" VPOS="3593" HPOS="505"/>
<String CONTENT="head" HEIGHT="40" WIDTH="125" VPOS="3593" HPOS="531"/>
<SP HEIGHT="39" WIDTH="26" VPOS="3594" HPOS="657"/>
<String CONTENT="of" HEIGHT="40" WIDTH="51" VPOS="3593" HPOS="684"/>
<SP HEIGHT="40" WIDTH="25" VPOS="3593" HPOS="736"/>
<String CS="1" CONTENT="title:" HEIGHT="40" WIDTH="108" VPOS="3593" HPOS="762"/>
<SP HEIGHT="39" WIDTH="29" VPOS="3594" HPOS="897"/>
<String CONTENT="The" HEIGHT="40" WIDTH="102" VPOS="3594" HPOS="927"/>
<SP HEIGHT="41" WIDTH="24" VPOS="3593" HPOS="1030"/>
<String CONTENT="American" HEIGHT="43" WIDTH="259" VPOS="3592" HPOS="1055"/>
<SP HEIGHT="37" WIDTH="26" VPOS="3595" HPOS="1315"/>
<String CONTENT="historical" HEIGHT="42" WIDTH="253" VPOS="3593" HPOS="1342"/>
<SP HEIGHT="39" WIDTH="30" VPOS="3595" HPOS="1596"/>
<String CONTENT="association." HEIGHT="44" WIDTH="311" VPOS="3592" HPOS="1627"/>
</TextLine>
<TextLine HEIGHT="53" WIDTH="737" VPOS="3647" HPOS="444">
<String CONTENT="Map" HEIGHT="46" WIDTH="114" VPOS="3652" HPOS="444"/>
<SP HEIGHT="37" WIDTH="27" VPOS="3661" HPOS="559"/>
<String CONTENT="on" HEIGHT="29" WIDTH="59" VPOS="3661" HPOS="587"/>
<SP HEIGHT="40" WIDTH="27" VPOS="3649" HPOS="647"/>
<String CONTENT="front" HEIGHT="41" WIDTH="137" VPOS="3649" HPOS="675"/>
<SP HEIGHT="39" WIDTH="28" VPOS="3651" HPOS="813"/>
<String CONTENT="lining-paper." HEIGHT="51" WIDTH="339" VPOS="3648" HPOS="842"/>
</TextLine>
<TextLine HEIGHT="57" WIDTH="1931" VPOS="3700" HPOS="445">
<String CONTENT="&#8220;An" HEIGHT="38" WIDTH="103" VPOS="3707" HPOS="445"/>
<SP HEIGHT="28" WIDTH="39" VPOS="3717" HPOS="548"/>
<String CONTENT="expansion" HEIGHT="48" WIDTH="267" VPOS="3707" HPOS="587"/>
<SP HEIGHT="29" WIDTH="41" VPOS="3718" HPOS="854"/>
<String CONTENT="of" HEIGHT="42" WIDTH="54" VPOS="3705" HPOS="895"/>
<SP HEIGHT="41" WIDTH="38" VPOS="3705" HPOS="949"/>
<String CONTENT="a" HEIGHT="29" WIDTH="29" VPOS="3717" HPOS="987"/>
<SP HEIGHT="39" WIDTH="44" VPOS="3708" HPOS="1016"/>
<String CONTENT="University" HEIGHT="49" WIDTH="284" VPOS="3706" HPOS="1060"/>
<SP HEIGHT="36" WIDTH="42" VPOS="3718" HPOS="1344"/>
<String CONTENT="of" HEIGHT="42" WIDTH="53" VPOS="3706" HPOS="1386"/>
<SP HEIGHT="41" WIDTH="40" VPOS="3706" HPOS="1439"/>
<String CONTENT="Wisconsin" HEIGHT="42" WIDTH="277" VPOS="3706" HPOS="1479"/>
<SP HEIGHT="39" WIDTH="41" VPOS="3708" HPOS="1756"/>
<String CONTENT="doctoral" HEIGHT="41" WIDTH="221" VPOS="3707" HPOS="1797"/>
<SP HEIGHT="39" WIDTH="40" VPOS="3708" HPOS="2018"/>
<String CONTENT="dissertation" HEIGHT="43" WIDTH="318" VPOS="3705" HPOS="2058"/>
</TextLine>
<TextLine HEIGHT="62" WIDTH="2001" VPOS="3755" HPOS="376">
<String CONTENT="which" HEIGHT="41" WIDTH="156" VPOS="3762" HPOS="376"/>
<SP HEIGHT="39" WIDTH="30" VPOS="3763" HPOS="533"/>
<String CONTENT="was" HEIGHT="32" WIDTH="99" VPOS="3771" HPOS="564"/>
<SP HEIGHT="30" WIDTH="27" VPOS="3772" HPOS="664"/>
<String CONTENT="awarded" HEIGHT="40" WIDTH="229" VPOS="3763" HPOS="692"/>
<SP HEIGHT="40" WIDTH="28" VPOS="3763" HPOS="922"/>
<String CONTENT="the" HEIGHT="40" WIDTH="81" VPOS="3763" HPOS="951"/>
<SP HEIGHT="40" WIDTH="28" VPOS="3763" HPOS="1033"/>
<String CONTENT="Justin" HEIGHT="42" WIDTH="166" VPOS="3762" HPOS="1062"/>
<SP HEIGHT="40" WIDTH="27" VPOS="3764" HPOS="1229"/>
<String CONTENT="Winsor" HEIGHT="41" WIDTH="196" VPOS="3763" HPOS="1257"/>
<SP HEIGHT="38" WIDTH="26" VPOS="3774" HPOS="1454"/>
<String CONTENT="prize" HEIGHT="48" WIDTH="131" VPOS="3764" HPOS="1481"/>
<SP HEIGHT="32" WIDTH="29" VPOS="3773" HPOS="1613"/>
<String CONTENT="of" HEIGHT="41" WIDTH="53" VPOS="3764" HPOS="1643"/>
<SP HEIGHT="40" WIDTH="26" VPOS="3764" HPOS="1697"/>
<String CONTENT="the" HEIGHT="40" WIDTH="81" VPOS="3764" HPOS="1724"/>
<SP HEIGHT="40" WIDTH="28" VPOS="3764" HPOS="1806"/>
<String CONTENT="American" HEIGHT="42" WIDTH="259" VPOS="3763" HPOS="1835"/>
<SP HEIGHT="39" WIDTH="27" VPOS="3764" HPOS="2095"/>
<String CONTENT="historical" HEIGHT="43" WIDTH="254" VPOS="3762" HPOS="2123"/>
</TextLine>
<TextLine HEIGHT="47" WIDTH="761" VPOS="3816" HPOS="374">
<String CONTENT="association" HEIGHT="43" WIDTH="295" VPOS="3817" HPOS="374"/>
<SP HEIGHT="38" WIDTH="30" VPOS="3819" HPOS="670"/>
<String CONTENT="in" HEIGHT="39" WIDTH="49" VPOS="3819" HPOS="701"/>
<SP HEIGHT="38" WIDTH="31" VPOS="3820" HPOS="751"/>
<String CONTENT="1926.&#8221;&#8212;Pref." HEIGHT="43" WIDTH="352" VPOS="3818" HPOS="783"/>
</TextLine>
<TextLine HEIGHT="57" WIDTH="1931" VPOS="3868" HPOS="447">
<String CONTENT="&#8220;This" HEIGHT="39" WIDTH="146" VPOS="3875" HPOS="447"/>
<SP HEIGHT="28" WIDTH="28" VPOS="3886" HPOS="594"/>
<String CONTENT="volume" HEIGHT="40" WIDTH="191" VPOS="3876" HPOS="623"/>
<SP HEIGHT="39" WIDTH="28" VPOS="3876" HPOS="815"/>
<String CONTENT="is" HEIGHT="39" WIDTH="41" VPOS="3876" HPOS="844"/>
<SP HEIGHT="39" WIDTH="31" VPOS="3885" HPOS="886"/>
<String CONTENT="published" HEIGHT="48" WIDTH="256" VPOS="3875" HPOS="918"/>
<SP HEIGHT="40" WIDTH="29" VPOS="3876" HPOS="1175"/>
<String CONTENT="from" HEIGHT="40" WIDTH="129" VPOS="3876" HPOS="1205"/>
<SP HEIGHT="29" WIDTH="31" VPOS="3887" HPOS="1335"/>
<String CONTENT="a" HEIGHT="29" WIDTH="27" VPOS="3887" HPOS="1367"/>
<SP HEIGHT="39" WIDTH="29" VPOS="3878" HPOS="1395"/>
<String CONTENT="fund" HEIGHT="41" WIDTH="124" VPOS="3877" HPOS="1425"/>
<SP HEIGHT="39" WIDTH="31" VPOS="3878" HPOS="1550"/>
<String CONTENT="contributed" HEIGHT="41" WIDTH="309" VPOS="3877" HPOS="1582"/>
<SP HEIGHT="41" WIDTH="31" VPOS="3877" HPOS="1892"/>
<String CONTENT="to" HEIGHT="40" WIDTH="49" VPOS="3878" HPOS="1924"/>
<SP HEIGHT="38" WIDTH="32" VPOS="3879" HPOS="1974"/>
<String CONTENT="the" HEIGHT="40" WIDTH="82" VPOS="3877" HPOS="2007"/>
<SP HEIGHT="40" WIDTH="29" VPOS="3876" HPOS="2090"/>
<String CONTENT="American" HEIGHT="43" WIDTH="258" VPOS="3875" HPOS="2120"/>
</TextLine>
<TextLine HEIGHT="62" WIDTH="1786" VPOS="3924" HPOS="376">
<String CONTENT="historical" HEIGHT="42" WIDTH="253" VPOS="3930" HPOS="376"/>
<SP HEIGHT="38" WIDTH="22" VPOS="3933" HPOS="630"/>
<String CONTENT="association" HEIGHT="42" WIDTH="297" VPOS="3931" HPOS="653"/>
<SP HEIGHT="39" WIDTH="21" VPOS="3933" HPOS="951"/>
<String CONTENT="by" HEIGHT="47" WIDTH="63" VPOS="3933" HPOS="973"/>
<SP HEIGHT="46" WIDTH="24" VPOS="3934" HPOS="1037"/>
<String CONTENT="the" HEIGHT="42" WIDTH="82" VPOS="3931" HPOS="1062"/>
<SP HEIGHT="42" WIDTH="23" VPOS="3932" HPOS="1145"/>
<String CONTENT="Carnegie" HEIGHT="50" WIDTH="237" VPOS="3931" HPOS="1169"/>
<SP HEIGHT="31" WIDTH="22" VPOS="3943" HPOS="1407"/>
<String CONTENT="corporation" HEIGHT="49" WIDTH="312" VPOS="3932" HPOS="1430"/>
<SP HEIGHT="29" WIDTH="24" VPOS="3944" HPOS="1742"/>
<String CONTENT="of" HEIGHT="40" WIDTH="53" VPOS="3933" HPOS="1767"/>
<SP HEIGHT="40" WIDTH="21" VPOS="3933" HPOS="1821"/>
<String CONTENT="New" HEIGHT="42" WIDTH="120" VPOS="3932" HPOS="1843"/>
<SP HEIGHT="39" WIDTH="21" VPOS="3934" HPOS="1964"/>
<String CONTENT="York.&#8221;" HEIGHT="42" WIDTH="175" VPOS="3932" HPOS="1986"/>
</TextLine>
</TextBlock>
<GraphicalElement ID="Page12_Block3" HEIGHT="7" WIDTH="140" VPOS="2816" HPOS="364"/>
</PrintSpace>
</Page>
</Layout>
</alto>