2542 4389
0 0 0 0 777
116 369 317 53 American
469 370 279 52 institute
786 370 64 52 of
887 369 294 54 electrical
1217 369 330 63 engineers.

185 461 1924 70 Transactions … v. 48, no. 2, April, 1929. New York, The
114 539 1558 69 American institute of electrical engineers, ᶜ1 929.
178 619 1171 50 1 p. l. , 299-680 p. illus., tables, diagrs. 30 ᶜᵐ.
111 673 51 51 ©
188 678 114 46 May
323 677 70 47 28,
420 677 139 46 1929;
588 677 67 40 2c.
681 678 96 39 and
802 677 82 40 aff.
912 678 125 39 June
1062 677 81 48 14;
1170 678 41 38 A
1236 677 141 47 9689;
1404 676 147 41 Amer.
1590 677 230 40 institute
1842 677 52 40 of
178 678 1909 96 electrical
277 733 267 49 engineers.

109 827 480 65 André-Bonnet,
617 827 167 54 Jules
812 828 289 65 Léonard,
1135 829 171 55 1879-

239 918 1865 70 … Sous le signe du quetzal, roman précolombien. Paris,
109 995 340 70 Carpentier
480 1002 54 48 et
564 997 316 68 Fasquelle,
915 1000 150 51 1928.

174 1078 835 50 228, [1] p., 1 l. fold. map. 19 ᶜᵐ.
106 1131 1945 53 © Nov. 9, 1928; 1c. Jan. 18, 1929; A—Foreign 1581; Eugène Fasquelle.
186 1191 281 49 (29-12395)

105 1286 213 63 Baker,
351 1287 139 52 Elsa
523 1287 279 56 Gorham.

172 1379 121 53 The
334 1379 318 56 Christmas
692 1380 252 69 package
986 1382 113 52 and
1141 1380 163 52 other
1341 1379 199 54 stories
1582 1379 94 55 for
1713 1378 276 72 children,
2028 1382 74 69 by

99 1456 1980 148 Elsa Gorham Baker. Rock Island, Ill., Augustana book concern [ ᶜ1 929]
170 1617 245 49 96 p. 18 ᶜᵐ.
103 1670 51 52 ©
182 1676 114 47 May
321 1676 68 46 17,
417 1675 140 47 1929;
586 1676 66 40 2c.
680 1677 114 47 May
819 1675 59 40 20;
930 1675 82 41 aff.
1040 1677 115 46 May
1182 1676 82 46 25;
1293 1676 40 39 A
1359 1676 141 48 9275;
1530 1677 288 47 Augustana
1843 1677 124 40 book
169 1688 1911 84 concern.
366 1732 279 49 (29-11674)

107 1827 310 68 [Bargone,
449 1827 262 67 Charles]
750 1828 171 55 1876-

168 1919 1907 70 Black opium (Fumée d’opium) by Claude Farrère [ pseud.]
96 1997 356 56 Authorized
483 1998 343 55 translation
856 2001 77 68 by
966 1998 230 56 Samuel
1226 2001 269 65 Putnam,
1526 2000 140 52 with
1700 2019 31 34 a
1763 1998 231 70 preface
2024 1999 77 71 by

95 2076 2005 71 Pierre Louÿs; illustrated by Alexander King. New York,
96 2153 201 57 Issued
332 2153 287 72 privately
654 2153 94 55 for
781 2155 345 54 subscribers
1160 2157 77 69 by
1270 2156 70 53 N.
1375 2157 64 53 L.
1477 2157 228 69 Brown,
1741 2159 151 52 1929.

234 2236 1329 51 xx p., 1 l., 23-263, [1] p. front., illus., plates. 25 ᶜᵐ.
170 2295 146 41 “This
350 2295 184 41 edition
568 2295 41 41 is
645 2295 188 41 limited
872 2297 48 38 to
955 2295 116 40 1250
1107 2295 264 40 numbered
1407 2294 173 48 copies,
1616 2295 84 40 775
1735 2294 53 41 of
1821 2295 159 41 which
2015 2306 83 30 are

95 2351 2003 51 for America … This is number 480.” The 480 corrected in manuscript
95 2411 50 39 to
175 2409 267 49 Copyright
471 2410 144 40 office.

166 2467 176 42 “Short
371 2466 412 42 stories.”—Pref.

97 2522 51 52 ©
179 2525 114 49 Apr.
322 2525 69 47 15,
422 2524 140 46 1929;
593 2525 67 40 2c.
692 2526 115 46 May
836 2524 81 43 11;
951 2524 81 41 aff.
1066 2526 117 46 May
1211 2524 82 43 10;
1326 2525 41 39 A
1396 2524 141 46 8135;
1570 2524 230 41 Nicholas
1875 2557 8 9 L.
1914 2525 178 39 Brown

164 2583 96 39 and
288 2582 145 41 Sam’l
459 2582 42 40 J.
528 2583 245 46 Wegman,
799 2582 118 39 New
939 2582 146 40 York.
1148 2581 281 49 (29-11706)

95 2676 250 65 Bender,
373 2677 208 63 Henry
607 2675 279 65 Richard,
918 2676 173 55 1847-

161 2766 1932 70 Walks with Saint John, by H. R. Bender … New York,
92 2845 70 54 N.
197 2845 91 68 Y.,
320 2845 242 53 Printed
597 2844 95 54 for
724 2845 97 53 the
854 2845 207 52 author
1093 2845 75 68 by
1200 2845 95 52 the
1327 2844 317 53 Methodist
1673 2845 150 52 book
1856 2863 237 35 concern

171 2926 100 50 [ ᶜ1 929]
196 3005 734 49 v, 172 p. front. (port.) 19½ ᶜᵐ.
94 3059 51 52 ©
173 3063 113 48 Apr.
311 3063 68 47 19,
406 3062 117 41 1929;
572 3063 67 39 2c.
665 3063 95 39 and
784 3061 82 41 aff.
893 3062 115 47 May
1032 3062 27 38 2;
1113 3062 40 38 A
1177 3061 114 41 9233:
1346 3062 61 39 H.
1432 3062 55 40 R.
1513 3062 203 47 Bender,
159 3063 1912 104 Northumberland,

315 3121 83 39 Pa.
470 3118 279 49 (29-11730)

91 3214 316 63 Bentham,
444 3212 338 65 Josephine.

164 3304 318 68 Outsiders,
512 3324 30 33 a
568 3305 184 66 novel,
777 3305 77 67 by
882 3303 313 69 Josephine
1223 3303 302 53 Bentham.
1590 3303 138 54 New
1758 3306 181 68 York,
1969 3308 121 53 Rae

92 3382 825 67 D. Henkle co., inc. [ ᶜ1 929]
163 3463 539 49 5 p. l., 3-296 p. 20 ᶜᵐ.
91 3519 53 51 ©
168 3524 122 38 Mar.
311 3523 70 46 27,
403 3521 115 41 1929;
567 3522 67 39 2c.
659 3522 114 47 May
794 3522 56 39 27;
903 3520 82 41 aff.
1009 3521 114 47 Apr.
1147 3521 55 38 12;
1253 3520 41 39 A
1316 3520 115 40 9345;
1484 3520 43 40 J.
1547 3521 253 49 Bentham,
1823 3524 96 40 San
159 3525 1910 95 Francisco.

369 3578 280 49 (29-11750)

92 3674 192 62 Betts,
314 3672 226 64 George
568 3671 277 64 Herbert,
877 3676 171 50 1868-

88 3760 1975 149 … The beliefs of 700 ministers and their meaning for religious
339 3837 1749 77 education, by George Herbert Betts … New York,
90 3915 1420 69 Cincinnati [etc.] The Abingdon press [ ᶜ1 929]
