2512 4377
1322 4002 104 51 412

408 435 64 49 xi,
505 435 88 41 146
623 447 45 37 p.
835 467 10 10 19ᶜᵐ.

409 493 205 41 Preface
655 492 196 48 signed:
892 492 211 40 Mildred
1142 492 209 47 Inskeep
1390 491 217 48 Morgan,
1647 490 218 43 William
1906 491 54 40 E.
1997 491 156 47 Kroll,
339 490 1991 101 chairmen
475 551 51 40 of
553 550 82 41 the
662 548 336 44 Commission.

412 607 69 41 “A
508 608 206 41 selected
746 606 293 49 descriptive
1067 604 396 50 bibliography”:
1495 616 44 38 p.
1568 604 218 43 135-138.

347 662 52 52 ©
424 667 123 39 Mar.
571 665 69 48 18,
663 664 116 41 1929;
831 664 69 41 2c.
925 665 123 40 Mar.
1071 664 83 47 22;
1182 663 83 41 aff.
1290 664 123 39 Mar.
1437 663 83 45 21;
1546 662 42 39 A
1610 661 114 41 6105;
1780 662 208 41 General
2011 663 152 40 board
2190 663 52 40 of
2266 663 79 42 the

412 723 174 47 Young
620 721 151 40 men's
810 720 253 41 Christian
1101 719 311 42 association.
1491 718 253 50 (29-8340)

349 816 278 64 Courths,
658 817 158 52 Frau
845 815 251 65 Hedwig
1133 814 291 66 (Mahler)
1464 815 172 54 1867-

413 894 398 66 Verschmäht,
850 912 200 34 roman
1090 911 111 34 von
1239 893 77 52 H.
1359 892 520 55 Courths-Mahler.
1954 891 243 70 Leipzig
2234 891 114 53 und

345 971 863 68 Bern, F. Rothbarth [ ᶜ1 927]
413 1055 86 40 192
529 1066 44 38 p.
664 1053 117 44 15½ᶜᵐ.

349 1109 1983 109 © Dec. 10, 1927; 1c. May 29, 1928; A—Foreign 1049; Friedrich Rothbarth. (29-8306)
346 1264 185 64 Daye,
569 1263 223 66 Pierre,
834 1268 173 49 1892-

484 1340 1504 79 … Blancs. Paris, Les Éditions de France [1928]
417 1431 684 50 2 p. l., 240 p., 1 l. 19ᶜᵐ.
353 1485 1983 110 © Dec. 3, 1928; 1c. Jan. 18, 1929; A—Foreign 1550; Pierre Daye, Brussels, Belgium. (29-8177)
354 1639 294 62 Delmont,
691 1638 242 67 Joseph,
976 1640 170 55 1873-

423 1719 74 54 In
555 1719 216 69 chains,
828 1719 77 69 by
962 1720 218 67 Joseph
1239 1719 291 64 Delmont,
1586 1719 320 54 translated
1961 1719 77 71 by
2096 1718 262 69 Huntley

354 1800 296 53 Paterson.
726 1799 260 60 London,
1023 1799 370 53 Hutchinson
1431 1801 44 49 &
1513 1817 98 48 co.,
1648 1799 103 53 ltd.
1798 1801 171 65 [1929]

421 1880 623 49 2 p. l., 9-288 p. 19½ᶜᵐ.
422 1937 215 41 “Second
669 1935 334 51 impression.”

357 1991 2001 52 © 1c. Feb. 15, 1929; A ad int. 12492; pubd. Jan. 4; Hutchinson & co.
434 2051 326 49 (publishers)
798 2052 89 40 ltd.
957 2050 253 50 (29-8842)

357 2146 234 63 Faylor,
623 2147 139 53 Mrs.
796 2145 324 65 Rosalynn.

425 2225 218 68 Sparks
668 2225 50 55 o’
742 2226 97 53 the
862 2227 165 53 heart
1059 2225 109 68 [by]
1200 2225 296 69 Rosalynn
1522 2226 233 69 Faylor.
1843 2224 118 57 [San
1988 2225 153 69 Jose,
2168 2225 193 69 Calif.,

353 2307 151 64 1928]

425 2383 598 51 5 p. l., 15-76 p. 18ᶜᵐ.
410 2444 186 41 Poems.

360 2497 52 52 ©
448 2501 112 41 Dec.
595 2501 40 46 7,
669 2500 142 48 1928;
847 2500 68 41 2c.
950 2501 97 39 and
1079 2499 83 42 aft.
1198 2501 110 40 Jan.
1341 2500 40 48 2,
1417 2499 143 48 1929;
1596 2499 42 41 A
1671 2500 142 47 3471;
1852 2500 52 40 F.
1939 2500 58 40 R.
2032 2500 193 47 Faylor,
2264 2499 96 41 San

429 2558 127 48 Jose,
590 2557 145 41 Calif.
805 2557 252 49 (29-8331)

361 2637 300 62 Flitcroft,
696 2637 156 55 John
890 2638 209 54 Ehret.

431 2717 123 53 The
583 2717 245 53 novelist
860 2717 65 52 of
953 2717 308 67 Vermont;
1296 2737 32 34 a
1359 2715 401 70 biographical
1793 2718 113 52 and
1940 2717 221 53 critical
2194 2716 171 68 study

363 2795 65 53 of
473 2796 210 52 Daniel
730 2795 199 53 Pierce
975 2795 352 67 Thompson,
1371 2796 77 67 by
1495 2795 156 54 John
1701 2795 67 55 E.
1818 2794 295 54 Flitcroft.
360 2794 1979 147 Cambridge.

612 2873 192 68 Mass.,
835 2873 278 54 Harvard
1147 2873 319 70 university
1499 2893 175 48 press,
1711 2876 150 51 1929.

427 2954 133 47 xxiv,
594 2955 86 41 329
714 2966 44 37 p.
817 2956 165 46 front.,
1017 2956 172 48 plates,
1224 2957 150 47 ports.
1542 2986 9 9 22ᶜᵐ.

361 3011 1984 106 “ ‘The honest lawyer’ … the novel that Judge Thompson left uncompleted
548 3068 1813 49 at his death … here published for the first time from the original
359 3124 361 49 manuscript”:
761 3136 45 37 p.
848 3124 250 51 [161]-299.

433 3181 291 41 “Published
769 3182 161 40 works
974 3182 53 41 of
1069 3181 176 41 Daniel
1290 3182 167 41 Pierce
1500 3182 290 49 Thompson,
1837 3181 410 50 chronologically
362 3192 1985 91 arranged”:
640 3249 44 37 p.
725 3238 250 49 [321]-324.

434 3294 134 40 “List
602 3295 52 40 of
687 3294 332 41 references”:
1057 3306 42 37 p.
1134 3295 218 41 325-329.

367 3346 52 52 ©
445 3352 123 39 Mar.
593 3352 41 46 4,
661 3351 118 40 1929;
830 3353 68 38 2c.
925 3352 123 40 Mar.
1075 3352 52 45 6;
1157 3351 83 41 aff.
1266 3352 124 41 Mar.
1416 3351 83 47 25;
1529 3352 39 39 A
1595 3352 141 41 7084:
1766 3352 258 40 President
2052 3353 95 39 and
2174 3352 191 39 fellows

434 3408 51 40 of
516 3408 231 40 Harvard
779 3409 192 47 college,
1005 3408 302 48 Cambridge,
1341 3410 148 40 Mass.
1561 3408 251 49 (29-8166)

368 3488 532 65 Forbes-Lindsay,
937 3489 247 54 Charles
1216 3490 300 53 Harcourt
1548 3489 248 60 Ainslie,
1830 3494 170 51 1860-

442 3566 158 55 Cuba
639 3568 113 52 and
788 3569 103 51 her
927 3570 200 66 people
1164 3568 65 54 of
1264 3569 227 68 to-day;
1535 3588 71 33 an
1643 3575 237 48 account
1915 3569 66 54 of
2015 3570 97 52 the
2147 3569 222 68 history

371 3646 112 52 and
528 3664 265 49 progress
836 3646 66 53 of
942 3647 97 52 the
1080 3647 190 53 island
1313 3647 265 68 previous
1621 3653 60 48 to
1723 3648 75 53 its
1839 3648 452 67 independence;
2336 3666 31 33 a

370 3723 350 68 description
747 3723 65 54 of
836 3724 74 54 its
935 3724 261 69 physical
1224 3723 279 66 features;
1533 3744 31 34 a
1591 3726 173 69 study
1789 3725 65 54 of
1879 3726 76 54 its
1979 3726 230 67 people;
2239 3725 130 67 and,

370 3800 60 53 in
472 3801 335 68 particular,
848 3821 72 33 an
962 3803 388 52 examination
1392 3803 65 53 of
1495 3803 75 54 its
1610 3809 231 62 present
1878 3804 261 68 political
369 3803 1976 144 conditions,
566 3880 74 52 its
668 3879 329 70 industries,
1023 3881 232 52 natural
1283 3899 303 52 resources,
1615 3882 114 53 and
1758 3886 320 64 prospects;
2109 3882 262 69 together
