2533 4342
1350 4013 135 54 1866

415 448 168 53 schen
625 447 355 53 chemischen
1024 446 387 70 gesellschaft,
1453 447 188 53 bearb.
1688 466 112 34 von
1845 448 304 53 Bernhard
2194 448 221 68 Prager

439 525 114 53 [and
582 525 208 66 others]
863 527 81 49 12.
974 524 95 54 bd.
1100 524 376 68 Isocyclische
1507 524 171 53 reihe.
1746 523 382 54 Monoamine.
2196 523 219 68 Berlin,

416 600 55 56 J.
506 600 298 70 Springer,
836 603 150 51 1929.

484 682 435 50 viii, 1436 p. 25 ᶜᵐ.
418 747 1796 54 © July 27, 1929; 1c. Oct. 2; A —Foreign 4703; Julius Springer.
410 858 302 67 Boericke,
740 859 212 65 Garth,
981 864 174 51 1893-

483 937 56 53 A
572 937 279 68 compend
886 936 66 53 of
986 938 97 52 the
1119 938 313 67 principles
1468 937 66 53 of
1566 937 424 68 homoeopathy
2028 936 95 53 for
2159 935 260 55 students

412 1012 2007 72 in medicine, by Garth Boericke … Philadelphia, Pa., Boericke
413 1092 460 69 & Tafel [ ᶜ1 929]
485 1174 609 49 178 p. incl. forms. 20 ᶜᵐ.
422 1241 52 53 ©
502 1247 120 40 Nov.
650 1245 39 49 9,
719 1245 114 41 1929;
890 1245 68 42 2c.
988 1248 101 39 and
1114 1246 84 41 aff.
1226 1247 120 40 Nov.
1375 1246 55 40 15;
1490 1246 42 39 A
1560 1246 145 41 15873:
1765 1244 234 42 Boericke
2029 1246 37 40 &
2095 1245 158 40 Tafel.

497 1300 283 50 (29-25913)

409 1396 236 65 Brown,
675 1396 273 56 Corinne.

485 1471 1875 71 Creative drama in the lower school, by Corinne Brown …
414 1551 1791 70 New York, London, D. Appleton and company [ ᶜ1 929]
482 1634 1113 50 xiv, 226 p. col. front., illus., plates. 19 ᶜᵐ.
484 1704 351 49 Bibliography
863 1707 52 37 at
940 1706 92 39 end
1060 1705 53 40 of
1138 1707 125 39 most
1290 1705 54 40 of
1367 1706 82 40 the
1476 1706 244 48 chapters.

419 1769 55 52 ©
503 1775 119 40 Nov.
651 1774 70 49 15,
752 1774 142 46 1929;
926 1775 68 40 2c.
1027 1776 95 40 and
1153 1775 84 41 aff.
1267 1776 119 41 Nov.
1417 1775 83 47 21;
1533 1776 41 38 A
1604 1775 172 48 15978;
1810 1776 58 41 D.
1898 1776 240 48 Appleton
2170 1776 37 39 &
2237 1786 66 31 co.

497 1830 280 49 (29-25763)

412 1923 210 67 Bruce,
651 1924 195 66 Philip
876 1925 358 67 Alexander,
1268 1932 171 51 1856-

483 2003 269 71 Virginia;
812 2006 220 54 rebirth
1058 2006 65 55 of
1144 2007 95 53 the
1265 2005 116 56 Old
1407 2006 332 70 Dominion,
1761 2008 77 69 by
1862 2004 202 72 Philip
2089 2005 331 56 Alexander

416 2082 1942 73 Bruce … Virginia biography by special staff of writers …
416 2160 254 71 Chicago
698 2163 113 52 and
838 2162 141 53 New
1007 2162 182 70 York,
1216 2164 122 52 The
1363 2160 186 57 Lewis
1576 2163 338 69 publishing
1940 2179 298 53 company,
2268 2164 150 53 1929.

490 2242 1636 51 5 v. fronts. (v. 1-2) illus. (incl. map, facsims.) ports. 27 ᶜᵐ.
475 2312 1945 50 Vols, III -V, “Virginia biography” issued without the author’s name on
416 2367 83 42 the
532 2370 99 47 t.-p.

488 2423 378 50 Bibliography:
900 2426 94 41 vol.
1071 2457 9 17 II,
1115 2437 44 38 p.
1193 2425 217 42 530-534.

421 2488 54 53 ©
502 2495 120 40 Nov.
650 2495 39 48 1,
719 2494 141 49 1929;
890 2496 69 42 2c.
987 2495 121 42 each
1135 2496 120 43 Nov.
1282 2496 55 50 4;
1369 2495 81 42 aff.
1481 2496 120 42 Nov.
1630 2496 84 49 21;
1747 2496 42 39 A
1816 2494 172 50 16002;
2021 2494 158 42 Lewis
2208 2495 111 49 pub.
2350 2504 68 32 co.

500 2550 283 51 (29-25483)

413 2641 328 69 Burnham,
770 2645 217 67 Smith,
1021 2653 172 50 1866-

485 2720 122 54 The
637 2721 240 72 making
906 2723 67 54 of
1000 2742 104 36 our
1136 2730 269 66 country;
1441 2746 31 34 a
1504 2726 224 70 history
1760 2726 64 54 of
1853 2727 96 52 the
1978 2725 219 55 United
2234 2723 188 56 States

415 2796 1982 134 for schools, by Smith Burnham … illustrated with three hundred
588 2878 115 53 and
734 2878 351 71 thirty-four
1116 2881 346 70 engravings
1494 2883 61 52 in
1585 2882 170 54 black
1787 2882 113 53 and
1932 2881 190 68 white,
2155 2879 267 71 fifty-one

414 2972 181 51 maps,
621 2956 115 53 and
761 2956 159 70 eight
945 2958 155 53 color
1125 2958 183 69 plates
1334 2960 153 53 from
1512 2961 96 53 the
1633 2961 57 54 J.
1717 2961 64 52 L.
1808 2960 69 55 G.
1904 2959 196 54 Ferris
2125 2957 297 55 collection

415 3031 2009 76 of American historical paintings … Philadelphia, Chicago
439 3110 1394 75 [etc.] The John C. Winston company [ ᶜ1 928]
486 3193 97 49 xvi,
615 3193 98 50 616,
746 3196 57 40 37
833 3207 44 37 p.
934 3196 87 41 col.
1054 3196 165 46 front.,
1251 3197 143 48 illus.,
1428 3200 87 39 col.
1546 3200 174 47 plates,
1752 3209 152 38 maps.
1963 3197 57 41 20½ᶜᵐ.

485 3264 150 40 Verso
664 3265 52 40 of
745 3266 119 40 each
893 3268 134 47 plate
1055 3268 224 41 contains
1309 3269 292 49 descriptive
1632 3271 301 47 letterpress.

486 3319 350 50 Bibliography
864 3325 53 38 at
944 3324 94 39 end
1065 3324 52 40 of
1143 3325 121 39 each
1292 3325 216 48 chapter.

422 3370 52 53 ©
513 3375 112 43 Dec.
662 3377 70 49 20,
770 3377 141 48 1928;
951 3378 70 42 2c.
1059 3380 119 42 Nov.
1215 3380 70 49 21,
1323 3380 142 48 1929;
1507 3381 84 41 aff.
1627 3383 121 40 Nov.
1784 3381 84 48 20;
1908 3381 43 41 A
1988 3381 170 47 14928;
2200 3381 128 40 John
2368 3381 50 41 C.

489 3431 224 42 Winston
742 3444 68 30 co.
887 3430 52 53 [©
970 3435 240 41 revisions
1239 3438 96 39 and
1364 3437 262 49 additions]
1698 3437 281 50 (29-25597)

415 3524 290 67 Canning,
732 3527 156 54 John
916 3528 280 57 Bennett.

485 3603 121 55 The
650 3606 312 56 economics
1009 3608 66 53 of
1117 3615 414 64 accountancy;
1579 3629 32 35 a
1658 3610 223 55 critical
1926 3608 250 71 analysis
2221 3609 66 54 of
415 3627 1981 124 accounting

733 3684 1687 74 theory, by John B. Canning … New York, The
414 3757 950 76 Ronald press company [ ᶜ1 929]
488 3839 100 49 viii,
622 3840 88 41 367
744 3852 43 37 p.
822 3841 111 43 incl.
968 3844 172 41 tables.
1203 3844 59 40 22ᶜᵐ.

422 3889 52 53 ©
501 3896 120 40 Nov.
647 3896 39 48 9,
716 3897 116 40 1929;
885 3899 68 42 2c.
980 3901 119 46 Nov,
1127 3900 55 45 13;
1241 3900 81 45 aff.
1349 3902 119 40 Nov.
1497 3903 56 39 12;
1610 3904 43 39 A
1680 3903 144 46 14784;
1884 3903 191 45 Ronald
2105 3911 135 39 press
2270 3912 68 30 co.

498 3951 282 51 (29-25474)
