2542 4389
1021 4055 103 55 867

212 472 706 49 xv, 192 p. incl. tables. 28 ᶜᵐ .
77 540 52 52 ©
161 545 126 39 June
317 545 40 47 3,
388 544 141 48 1929;
560 546 67 40 2c.
659 547 96 39 and
786 547 82 40 aff.
900 547 126 40 June
1056 546 82 48 10;
1172 548 40 38 A
1242 547 140 47 9631;
1416 548 194 39 Bausch
1641 548 36 39 &
1708 548 148 39 Lonib
1889 548 177 47 optical

145 612 67 29 co.
267 597 68 54 [©
359 611 107 30 new
487 603 242 49 material]
793 604 280 50 (29-12845)

75 695 342 63 Beardsley,
453 698 138 53 Mrs.
631 697 186 54 Grace
852 699 291 62 Maynard
1188 698 289 65 (Hadley)
1525 704 168 49 1896-

205 773 1863 72 … The negro in Greek and Roman civilization; a study of
71 850 1971 144 the Ethiopian type, by Grace Hadley Beardsley … Baltimore,
272 928 122 52 The
421 928 184 54 Johns
633 929 270 68 Hopkins
931 949 185 50 press;
1146 932 261 66 London,
1435 931 76 53 H.
1541 929 267 70 Milford,
1838 931 224 55 Oxford

73 1004 319 70 university
422 1023 175 51 press,
631 1009 151 51 1929.

141 1086 85 48 xii,
266 1086 85 40 145
391 1097 44 38 p.
495 1087 171 48 plates.
726 1089 146 41 23½ᶜᵐ.
944 1089 123 49 (The
1108 1091 155 39 Johns
1303 1090 222 49 Hopkins
1567 1090 272 48 university
1881 1091 186 41 studies

72 1142 686 51 in archaeology … no. 4)
143 1213 281 40 Half-title:
470 1213 403 42 Semicentennial
918 1216 325 48 publications
1285 1217 52 40 of
1377 1217 82 41 the
1504 1217 153 40 Johns
1701 1216 221 49 Hopkins
72 1217 1979 100 university,
301 1269 275 42 1876-1926.

144 1325 239 49 Chapters
434 1349 31 5 I-III
559 1327 254 48 published
847 1329 103 39 also
986 1339 52 30 as
1072 1329 152 41 thesis
1268 1329 14 48 (PH.
1444 1329 33 48 D.)
1521 1330 153 40 Johns
1710 1329 221 49 Hopkins
71 1329 1980 101 university.

142 1439 379 49 Bibliography:
550 1451 42 37 p.
621 1440 218 42 135-142.

73 1507 52 52 ©
153 1512 115 47 May
291 1511 72 48 25,
390 1511 115 41 1929;
561 1512 68 40 2c.
658 1513 127 39 June
811 1513 52 47 1;
893 1513 82 40 aff.
1004 1513 126 40 June
1158 1513 52 47 5;
1241 1514 42 39 A
1310 1514 140 46 9463;
1483 1514 152 41 Johns
1664 1513 222 49 Hopkins
1915 1524 150 38 press.

151 1568 280 50 (29-12729)

70 1672 351 66 Beaumont,
454 1674 276 54 Édouard
763 1676 89 64 de,
886 1681 326 50 1821-1888.

143 1752 122 52 The
289 1752 187 53 sword
503 1753 111 52 and
641 1752 394 53 womankind:
1064 1753 171 69 being
1262 1772 70 34 an
1360 1752 371 54 informative
1756 1753 223 68 history
2004 1752 64 55 of

72 1829 304 53 indiscreet
401 1830 369 65 revelations;
798 1831 247 67 adapted
1071 1831 153 52 from
1248 1832 95 51 the
1366 1831 224 53 French
1615 1830 62 54 of
1701 1831 274 53 Edouard
2000 1829 67 53 de

73 1908 336 53 Beaumont.
473 1908 300 70 Privately
798 1910 187 51 issued
1014 1909 94 53 for
1135 1909 343 53 subscribers
1507 1910 149 68 only.
1720 1909 138 51 New
1888 1907 180 67 York,

72 1987 120 52 The
222 1987 269 68 Panurge
521 2004 174 50 press,
727 1989 151 51 1929.

138 2067 97 47 xvi,
264 2067 86 41 237
377 2078 43 38 p.
480 2067 117 41 22ᶜᵐ.

141 2138 146 40 “This
319 2137 184 42 edition
532 2138 41 41 is
601 2138 192 41 limited
822 2140 49 39 to
902 2149 144 30 seven
1075 2139 223 40 hundred
1329 2139 94 39 and
1454 2138 131 48 sixty
1615 2137 201 50 copies.”

143 2195 103 49 Slip
272 2195 120 40 with
423 2195 254 49 copyright
704 2196 160 40 notice
894 2197 230 39 mounted
1156 2207 57 31 on
1244 2206 140 30 verso
1414 2195 53 41 of
1496 2199 97 45 t.-p.

139 2253 294 40 Translated
462 2253 63 48 by
553 2254 125 39 Esar
707 2253 194 41 Levine.

72 2319 52 53 ©
149 2324 116 48 Apr.
320 2356 9 16 1,
355 2324 142 47 1929;
524 2324 66 41 2c.
617 2325 116 47 May
757 2325 84 46 24;
870 2324 82 41 aff.
979 2324 126 42 June
1131 2324 51 46 5;
1211 2324 42 39 A
1278 2323 142 47 9496;
1450 2324 224 45 Panurge
1697 2334 151 38 press.

149 2381 280 50 (29-12781)

72 2476 294 65 Benkard,
400 2478 204 62 Ernst,
639 2483 169 50 1883-

70 2552 1972 151 … Caravaggio-studien, mit 32 abbildungen. Berlin-Wilmersdorf,
401 2635 76 53 H.
508 2635 215 66 Keller,
753 2637 150 51 1928.

139 2714 99 50 185,
265 2715 54 51 [1]
347 2727 57 37 p.,
430 2716 79 41 11.
568 2716 57 41 32
649 2727 63 38 pl.
737 2727 60 30 on
820 2717 57 40 17
920 2749 8 8 1.
988 2716 119 41 22ᶜᵐ.

71 2782 1992 54 © Nov. 10, 1928; 1c. Mar. 20, 1929; A—Foreign 2462; Verlag Heinrich
137 2845 181 40 Keller.
388 2844 280 49 (29-12936)

69 2947 183 54 Bible.
330 2950 66 55 0.
429 2952 62 51 T.
566 2951 239 54 Psalms.
881 2952 264 67 English.

141 3023 121 53 The
297 3023 251 66 Psalms;
588 3043 81 49 or,
705 3026 121 52 The
861 3025 149 53 book
1044 3024 64 54 of
1144 3024 243 68 praises;
1428 3042 31 34 a
1494 3042 123 34 new
1651 3023 414 69 transcription

70 3101 113 52 and
218 3102 345 53 translation
598 3103 285 68 arranged
918 3102 378 69 strophicallv
1333 3102 112 52 and
1482 3101 322 69 metrically
1841 3101 152 53 from
2033 3120 31 34 a

71 3177 283 71 critically
388 3181 420 52 reconstructed
843 3187 138 50 text,
1016 3180 141 52 with
1193 3179 408 62 introduction,
1635 3179 221 53 textual
1888 3184 178 61 notes,

71 3256 1993 70 and glossary, by Herbert H. Gowen … Milwaukee, Wis.,
69 3332 338 55 Morehouse
454 3334 337 68 publishing
838 3353 108 50 co.;
996 3335 259 59 London,
1303 3334 71 53 A.
1425 3335 69 52 R.
1542 3333 299 71 Mowbray
1890 3337 46 50 &
1984 3353 79 35 co.

75 3413 193 65 [ ᶜ1 929 ]
140 3492 28 39 4
197 3503 43 37 p.
270 3493 45 41 1..
343 3493 100 47 473,
481 3494 54 48 [1]
567 3504 43 38 p.
670 3494 116 41 17ᶜᵐ.
858 3494 299 48 (Half-title:
1187 3493 208 41 Biblical
1428 3494 95 40 and
1555 3493 207 41 oriental
1796 3494 175 48 series)

74 3545 52 53 ©
153 3551 114 47 May
291 3550 70 48 31,
388 3550 142 47 1929;
556 3551 68 41 2c.
651 3552 96 39 and
775 3551 81 42 aff.
885 3552 126 41 June
1038 3551 52 42 5:
1121 3552 40 38 A
1186 3551 141 46 8514;
1356 3551 286 40 Morehouse
1669 3552 109 47 pub.
1807 3562 68 30 co.

151 3606 280 49 (29-12850)

72 3700 344 62 Birnbaum,
446 3703 163 63 Karl,
642 3705 169 54 1878-

136 3778 110 52 Die
264 3780 553 68 psychopathischen
835 3782 332 52 Verbrecher
1184 3800 11 36 ;
1217 3781 90 53 die
1326 3782 447 63 grenzzustände
1788 3781 276 53 zwischen

71 3855 270 68 geistiger
381 3859 338 66 gesundheit
758 3859 117 52 und
916 3859 307 52 krankheit
1264 3859 60 51 in
1365 3859 164 51 ihren
1567 3858 386 70 beziehungen
1996 3878 63 32 zu

72 3934 339 53 verbrechen
438 3936 115 52 und
578 3935 353 55 strafwesen,
958 3935 98 53 für
1081 3940 152 48 ärzfe
1259 3936 116 52 und
1400 3935 241 55 i’uristen
1667 3955 111 35 von
1805 3938 83 56 dr.
1915 3937 146 55 Karl
