2542 4389
1017 4023 138 55 2071

141 494 315 49 Advertising
485 496 179 40 matter:
722 505 45 38 p.
795 492 219 43 252-259.

141 550 413 49 Bibliographical
587 550 279 41 foot-notes.

76 602 52 53 ©
157 608 113 47 Apr.
299 607 70 48 25,
399 606 118 40 1929;
570 607 67 41 1c.
668 607 119 47 Aug.
817 607 55 38 14;
930 605 312 48 A—Foreign
1272 603 117 41 4250;
1447 604 223 41 Theodor
1701 602 287 48 Steinkopff.

152 676 223 49 (30-442)

68 785 316 62 Staunton,
415 784 275 63 Howard,
725 783 326 56 1810-1874.

145 876 121 53 The
303 875 308 53 American
650 874 406 70 chessplayer’s
1096 874 324 68 handbook,
1458 874 172 54 based
1671 892 71 35 on
1782 874 99 53 the
1919 872 158 54 work

75 952 65 54 of
175 952 289 56 Staunton
498 953 112 52 and
644 952 238 53 modern
916 952 368 68 authorities;
1322 951 271 70 teaching
1625 952 96 53 the
1758 951 319 53 rudiments

76 1030 64 54 of
163 1031 94 53 the
283 1049 181 51 game,
489 1030 112 53 and
626 1029 203 70 giving
855 1048 74 34 an
953 1029 250 69 analysis
1229 1028 64 54 of
1319 1031 79 51 all
1422 1030 96 52 the
1545 1028 334 70 recognized
75 1047 1977 131 openings;

283 1106 1733 70 illustrated by appropriate games actually played …
75 1187 139 53 Rev.
251 1187 85 52 ed.
407 1185 430 69 Philadelphia,
874 1183 254 71 Chicago
1190 1190 121 62 [etc.]
1354 1184 125 54 The
1514 1184 158 55 John
1708 1183 63 56 C.
1808 1183 270 56 Winston

75 1280 281 53 company
439 1266 152 64 [ᶜ1928]

142 1345 851 50 256 p. col. front., illus. 17 ᶜᵐ .
79 1412 52 53 ©
169 1416 112 40 Dec.
320 1415 69 49 15,
427 1415 118 41 1928;
607 1416 68 40 2c.
714 1415 118 40 Nov.
871 1414 47 39 21,
980 1413 140 48 1929;
1163 1413 82 42 aff.
1284 1414 120 40 Nov.
1441 1413 84 47 20;
1567 1414 40 39 A
1645 1414 171 47 17185;
1859 1414 126 39 John
2027 1414 49 42 C.

145 1472 226 41 Winston
401 1483 67 29 со.
538 1470 281 50 (29-30166)

70 1579 314 65 Stephens,
413 1580 173 64 Kate,
616 1585 173 50 1853-

140 1674 130 53 Lies
300 1674 112 53 and
442 1673 163 54 libels
634 1671 64 55 of
727 1673 199 53 Frank
954 1672 230 68 Harris,
1214 1672 191 54 edited
1433 1673 76 71 by
1539 1672 198 57 Gerrit
1766 1674 112 52 and
1907 1675 173 69 Mary

73 1749 2007 72 Caldwell Smith; arguments by Kate Stephens … New York,
72 1827 290 71 Antigone
392 1847 175 50 press,
598 1832 151 50 1929.

141 1909 65 50 xi,
235 1910 85 41 197
350 1922 42 37 p.
452 1910 217 41 facsims.
729 1910 148 40 20½ᶜᵐ.

80 1977 52 53 ©
171 1982 118 40 Nov.
328 1982 70 47 18,
437 1981 117 40 1929;
621 1981 67 41 2c.
728 1982 98 39 and
864 1979 82 42 aff.
986 1981 120 40 Nov.
1147 1980 55 40 19;
1271 1980 42 40 A
1353 1981 144 39 17152;
1566 1981 58 41 K.
1669 1981 252 48 Stephens.
1963 1981 119 40 New

147 2038 146 40 York.
364 2037 281 49 (29-29946)

73 2144 436 66 Weissenborn,
544 2146 180 64 Erna,
760 2151 172 50 1898-

145 2237 119 53 Der
294 2242 154 48 stern
480 2236 337 69 Kretuklar,
850 2237 88 53 ein
975 2255 218 49 roman,
1227 2238 101 53 der
1361 2238 283 67 versucht,
1678 2238 109 53 den
1860 2238 224 70 vorhang

76 2316 96 52 tod
218 2315 739 69 auseinanderzuschlagen,
1002 2334 111 34 von
1158 2316 160 52 Erna
1362 2314 419 56 Weissenborn.
1864 2316 219 67 Berlin,

75 2392 1475 70 Deutsche buch-gemekischaft g. m. b. h. [ ᶜ 1927]
145 2473 562 51 372, [1] p., 1 l. 19 ᶜᵐ .
83 2540 1982 111 © Aug. 30, 1927; 1c. Oct. 29, 1928; A —Foreign 2336; Deutsche buchgemeinschaft, g. m. b. h. (30-300)
76 2709 219 65 Welch,
324 2709 187 53 Marie
538 2710 69 53 de
634 2710 66 55 L.

149 2799 84 55 Of
270 2819 31 34 a
341 2800 251 68 feather;
634 2801 415 71 unimproving
1086 2802 444 70 ornithological
1569 2802 245 70 rhymes,
1853 2804 230 53 written

77 2877 74 69 by
191 2878 186 54 Marie
421 2879 67 52 de
531 2879 62 52 L.
637 2878 218 69 Welch,
900 2879 141 53 with
1084 2879 333 71 improving
1459 2880 381 54 illustrations
1884 2882 200 53 drawn

77 2955 75 69 by
175 2955 194 54 James
394 2955 258 69 Lindsay
674 2955 331 71 McCreery,
1030 2958 114 52 and
1170 2958 95 53 the
1292 2958 180 53 whole
1499 2958 236 53 excused
1762 2958 77 70 by
1867 2960 216 53 Bertha

80 3031 177 55 Clark
286 3033 243 53 Damon.
622 3033 118 56 [San
771 3035 325 68 Francisco,
1129 3038 152 65 1929]

149 3114 60 41 36
238 3115 30 39 l.
329 3114 129 42 illus.
518 3115 117 41 31ᶜᵐ.

152 3182 202 43 Printed
383 3194 61 31 on
473 3185 173 40 double
674 3186 163 40 leaves
866 3185 49 41 in
946 3187 246 49 Japanese
1220 3188 141 47 style.

89 3250 51 52 ©
173 3255 113 41 Dec.
319 3255 68 47 19,
421 3255 117 40 1929;
596 3256 67 41 2c.
699 3257 95 39 and
828 3257 82 40 aff.
946 3257 112 41 Dec.
1091 3258 59 39 26;
1211 3258 41 39 A
1285 3259 171 46 17526;
1495 3260 62 39 M.
1592 3262 59 38 de
1683 3260 49 38 L.
1769 3259 180 48 Welch,
1988 3261 96 40 San

157 3311 274 40 Francisco.
503 3311 222 50 (30-291)

81 3415 203 55 Who’s
328 3421 126 51 who
499 3421 56 52 in
605 3423 355 67 Davenport,
1006 3423 300 68 including
1349 3423 197 53 Who’s
1593 3425 125 53 who
1765 3425 61 53 in
1868 3426 218 54 Moline

151 3498 112 52 and
306 3497 196 54 Who’s
545 3499 126 52 who
715 3499 58 52 in
818 3501 161 52 Rock
1022 3500 219 67 Island,
1280 3501 400 69 biographical
1723 3502 255 55 sketches
2021 3504 65 53 of

155 3577 1936 74 men and women of achievement … 1929. Louisville, Ky.,
158 3652 354 68 Davenport,
576 3671 46 34 Ia.
678 3659 120 61 [etc.]
833 3654 217 53 Robert
1075 3655 80 52 M.
1188 3655 270 53 Baldwin
1488 3658 366 66 corporation
1930 3661 152 64 [ᶜ1929]

156 3733 975 51 4 p. l., 45 p. illus. (ports.) 27½ᶜᵐ.
90 3801 197 40 Editor:
318 3802 128 48 1929,
477 3802 120 42 Sara
626 3805 64 40 M.
719 3804 241 43 Baldwin.

93 3864 51 52 ©
181 3870 101 41 Oct.
317 3872 27 38 4,
393 3872 118 39 1929;
570 3873 66 40 2c.
672 3874 118 41 Nov.
826 3875 82 46 16;
947 3874 81 40 aff.
1066 3875 113 40 Dec.
1216 3875 82 47 26;
1336 3876 41 39 A
1412 3877 171 48 17568;
1622 3878 183 42 Robert
1840 3881 63 39 M.
159 3881 1905 85 Baldwin
285 3928 321 47 corporation.
675 3929 193 49 (30-14)
