2533 4342
1311 3986 135 51 1604

438 416 670 50 4 p. l., 280 p., 2 l. 19 ᶜᵐ .
442 489 62 39 At
534 488 126 41 bead
688 487 53 40 of
771 487 109 39 title
898 498 9 28 :
940 486 221 48 Virginie
1190 487 427 41 Demont-Breton.

376 554 1770 52 © July 3, 1929; 1c. Aug. 23; A—Foreign 4367; Librairie Plon.
367 680 230 64 Dottin,
623 678 165 56 Paul.

438 758 121 52 The
596 756 105 54 life
740 758 113 52 and
892 763 232 63 strange
1164 759 114 51 and
1315 757 327 69 surprising
1682 759 341 51 adventures
2062 757 65 53 of
2164 757 212 54 Daniel

367 836 87 52 De
482 838 132 53 Foe,
640 835 75 67 by
740 836 149 52 Paul
914 835 227 55 Dottin,
1166 835 318 53 translated
1513 834 155 54 from
1692 836 95 52 the
1816 836 225 52 French
2066 835 76 69 by
2167 835 207 53 Louise

368 913 1694 69 Ragan. New York, The Macaulay company [ ᶜ1 929]
438 994 1541 49 vii p., 3 l., 322 p. front., plates. ports., facsim. 22½ ᶜᵐ .
438 1065 1930 50 Translation of pt. I of the work published in French (in 3 parts)
369 1124 153 39 under
546 1123 110 40 title
673 1134 8 29 :
710 1122 176 41 Daniel
912 1124 73 39 De
1011 1124 97 39 Foe
1134 1126 49 38 et
1208 1134 76 29 ses
1312 1134 209 30 romans.

440 1180 133 40 “List
612 1180 51 39 of
702 1180 176 39 Daniel
919 1181 73 38 De
1030 1179 137 42 Foe’s
1207 1180 217 40 works”:
1468 1192 44 37 p.
1551 1180 231 46 267-304;
1826 1179 351 49 “Biogranhies
2215 1181 51 40 of
2305 1182 74 38 De

368 1236 124 41 Foe”
511 1248 9 29 :
551 1248 44 37 p.
623 1236 219 41 305-311.

376 1304 52 52 ©
461 1308 102 42 Oct.
594 1308 69 48 10,
694 1308 141 46 1929;
868 1309 67 40 2c.
967 1309 98 39 and
1095 1308 81 41 aff.
1209 1308 103 41 Oct.
1344 1308 81 46 19;
1459 1309 39 38 A
1531 1308 171 40 15148;
1738 1309 260 47 Macaulay
2029 1320 68 29 co.

453 1363 282 49 (29-22360)

369 1473 282 64 Douglas,
679 1473 184 64 Lloyd
894 1473 222 65 Cassel,
1148 1475 171 54 1877-

439 1552 376 69 Magnificent
845 1553 304 56 obsession,
1178 1554 74 68 by
1282 1553 187 70 Lloyd
1501 1553 62 55 C.
1595 1554 275 69 Douglas.
1941 1553 269 69 Chicago,
2242 1552 140 53 New

371 1632 180 68 York,
578 1631 246 70 Willett,
853 1630 179 55 Clark
1060 1633 46 51 &
1135 1631 200 69 Colby,
1367 1633 149 51 1929.

443 1712 528 49 4 p. l., 330 p. 21 ᶜᵐ .
377 1778 52 53 ©
465 1782 103 41 Oct.
602 1783 70 47 22,
707 1782 141 47 1929;
886 1782 68 42 2c.
990 1782 104 41 Oct.
1127 1783 83 46 25;
1249 1782 81 41 aff.
1369 1782 102 41 Oct.
1507 1783 84 47 24;
1629 1783 42 38 A
1706 1783 171 47 15275;
1915 1784 204 48 Willett,
2157 1784 148 41 Clark
2343 1787 36 40 &

444 1839 163 48 Colby.
677 1838 282 50 (29-22201)

368 1947 300 66 Duchêne,
703 1947 357 56 Ferdinand.

503 2027 1882 70 … Les barbaresques: L’aventure de Sidi-Flouss, roman
366 2105 1035 69 kabyle. Paris, A. Michel ᶜ1 929]
441 2185 468 50 251 p., 2 l. 19 ᶜᵐ .
379 2253 1772 52 © May 17, 1929; 1c. July 12; A—Foreign 3708; Albin Michel.
456 2313 281 49 (29-21943)

370 2423 264 64 Dunbar,
669 2423 247 55 Charles
947 2423 305 64 Franklin,
1288 2428 327 50 1830-1900.

444 2502 120 52 The
599 2502 202 67 theory
836 2502 113 52 and
984 2501 225 69 history
1243 2501 66 52 of
1341 2501 274 70 banking,
1650 2503 76 67 by
1762 2504 237 55 Charles
2036 2506 65 51 F.
2139 2505 242 53 Dunbar

435 2579 1945 72 … with supplementary chapter presenting the record of the
374 2657 2008 71 Federal reserve system, by Henry Parker Willis … 5th ed.,
373 2754 113 34 rev.
520 2736 114 52 and
663 2737 59 51 in
754 2740 133 64 part
916 2736 294 52 rewritten
1240 2736 142 53 with
1412 2734 324 54 additional
1765 2737 282 68 material,
2075 2737 76 69 by
2182 2738 201 55 Oliver

373 2813 2009 70 M. W. Sprague … New York and London, G. P. Putnam’s
372 2895 359 65 sons [ ᶜ1 929]
444 2973 491 50 viii, 320 p. 19½ ᶜᵐ .
380 3040 1916 53 © Oct. 18, 1929; 2c. and aff. Oct. 19; A 15120; G. P. Putnam’s sons.
457 3101 281 49 (29-22237)

373 3193 210 65 Eagin,
613 3194 201 52 Frank
845 3194 217 65 Oliver,
1093 3199 127 49 1884-
1478 3196 83 52 ed.

450 3272 321 55 Oklahoma
812 3273 135 52 civil
987 3273 215 69 digest;
1246 3293 30 33 a
1317 3274 188 68 digest
1543 3273 65 53 of
1647 3275 78 51 all
1765 3273 64 53 of
1866 3274 97 52 the
2003 3272 278 54 decisions
2321 3273 63 53 in

380 3349 321 55 Oklahoma
729 3350 135 52 civil
892 3355 224 63 reports
1145 3350 152 53 from
1324 3352 225 51 volume
1580 3357 27 46 1
1635 3362 60 42 to
1724 3351 224 52 volume
1979 3353 100 50 130
2106 3349 277 53 inclusive

379 3427 112 52 and
535 3426 212 54 Pacific
791 3433 258 61 reporter
1095 3428 269 69 covering
1407 3447 151 34 same
1603 3429 272 67 volumes,
1918 3427 142 53 with
2105 3427 280 67 complete

378 3504 151 52 table
576 3503 65 53 of
686 3523 151 34 cases
884 3505 114 52 and
1046 3505 137 53 desk
1227 3506 163 52 book.
1473 3524 52 34 v.
1574 3509 47 48 3.
1708 3504 302 68 Compiled
2056 3504 181 53 under
2285 3503 97 53 the

377 3581 309 52 American
730 3582 277 52 standard
1056 3583 185 68 digest
1289 3581 417 54 classification.
1790 3582 109 53 Ed.
1945 3581 76 68 by
2068 3580 199 53 Frank
2312 3579 68 55 O.

379 3658 192 68 Eagin
604 3659 113 52 and
753 3658 60 54 C.
846 3660 91 53 W.
969 3660 135 54 Van
1136 3660 206 52 Eaton.
1416 3659 325 55 Oklahoma
1777 3658 153 69 City,
1963 3659 242 52 Harlow
377 3655 1979 149 publishing
626 3753 299 51 company,
961 3739 151 50 1929.

448 3817 703 49 2 p. l., 1157-1798 p. 26 ᶜᵐ .
381 3868 52 52 ©
462 3873 120 45 Aug.
612 3873 55 39 22,
769 3873 82 43 1929;
882 3874 68 41 2c.
978 3875 120 41 Nov.
1128 3876 53 41 2;
1215 3875 81 41 aff.
1329 3875 102 41 Oct.
1463 3876 82 45 31;
1578 3875 42 40 A
1649 3873 172 48 14619;
1854 3874 203 39 Harlow
2088 3873 109 48 pub.
2229 3882 67 29 co.
