2542 4361
1087 3976 99 49 551

208 411 559 49 4 p. l., 11-288 p. 19½ᶜᵐ.
141 466 1974 107 © 1c. Mar. 16, 1929; A ad int. 12428; pubd. Jan, 18; John Marsh, Halifax, Yorkshire, England. (29-10172)
136 619 255 62 Hazard,
426 617 163 64 Paul,
627 620 171 53 1878-

210 695 280 55 Stendhal
538 694 213 70 (Henri
788 694 204 70 Beyle)
1037 695 77 68 by
1149 694 149 53 Paul
1333 694 257 67 Hazard,
1626 694 317 53 translated
1983 693 151 54 from

137 774 95 53 the
269 774 222 53 French
528 774 75 68 by
639 774 249 52 Eleanor
924 773 187 53 Hard.
1185 773 139 52 New
1362 771 181 68 York,
1582 770 554 69 Coward-McCann,

137 852 126 64 inc.,
296 853 150 51 1929.

206 933 61 47 vi,
300 933 86 40 315
418 944 44 37 p.
521 932 58 40 22½ᶜᵐ.

139 985 52 52 ©
221 990 113 47 Apr.
365 990 39 43 5,
435 989 117 39 1929;
606 990 69 39 2c.
703 990 115 47 Apr.
848 990 53 37 11;
963 989 82 39 aff.
1076 988 114 49 Apr.
1221 989 29 39 9;
1306 990 42 37 A
1377 988 114 40 6566;
1554 987 456 49 Coward-McCann,
2042 988 91 41 inc.

218 1045 250 48 (29-9533)

138 1139 350 64 Hendricks,
517 1139 243 54 Walter.

208 1216 196 69 Spires
440 1217 113 52 and
588 1235 212 50 spears,
834 1216 77 69 by
942 1217 223 54 Walter
1201 1216 356 69 Hendricks;
1596 1217 141 53 with
1773 1235 73 35 an
136 1218 1974 138 illustration,

284 1295 77 68 by
391 1294 214 70 Sigurd
692 1301 115 63 Vogt.
884 1293 273 71 Chicago,
1184 1295 70 52 R.
1283 1294 266 54 Packard
1579 1297 46 50 &
1652 1313 299 52 company,
1983 1298 152 51 1928.

235 1376 908 49 x p., 2 l., 15-108 p. incl. front. 22 ᶜᵐ.
203 1434 186 41 Poems.

138 1486 1996 53 © June 1, 1928; 2c. Apr. 10, 1929; aff. Apr. 13; A 7504; Robert Packard
207 1546 36 40 &
271 1557 68 29 co.
407 1546 250 49 (29-9537)

135 1626 251 62 Herzog,
418 1626 287 62 Reginald
737 1626 215 63 Oliver,
985 1629 83 52 ed.

205 1702 1867 72 Technologie der textilfasern; hrsg. von dr. R. O. Herzog …
133 1780 47 53 7.
208 1779 93 53 bd.
330 1780 363 53 Kunstseide.
759 1781 219 67 Berlin,
1006 1780 55 54 J.
1094 1780 301 70 Springer,
1426 1781 149 54 1927.

203 1861 814 49 viii, 354 p. illus., tables. 25½ ᶜᵐ.
137 1913 1942 55 © June 4, 1926; 1c. Nov. 8, 1927; A—Foreign 36603; Julius: Springer.
135 1998 202 62 Hicks,
372 1997 157 54 Julia
564 1999 327 63 Margaret.

199 2077 96 53 An
324 2076 391 54 introduction
744 2084 58 47 to
833 2095 31 33 a
892 2077 173 67 study
1094 2077 65 52 of
1186 2079 97 51 the
1311 2077 320 68 regulation
1664 2077 64 54 of
1757 2076 193 70 public

130 2077 1980 148 utilities,
286 2155 76 69 by
394 2156 161 54 Julia
589 2155 298 69 Margaret
919 2155 200 53 Hicks.
1195 2155 404 70 Washington,
1634 2156 71 52 D.
1744 2156 82 68 C.,
130 2156 1982 131 Committee

242 2253 71 34 on
343 2234 186 68 living
558 2241 162 58 costs,
748 2235 275 52 National
1052 2235 196 67 league
1278 2234 64 53 of
1370 2250 216 36 women
1618 2240 205 61 voters,
1855 2237 150 51 1929.

201 2314 500 49 5 p. l., 9-82 p. 22½ᶜᵐ.
136 2368 1997 52 © Apr. 8, 1929; 2c. and aff. Apr. 13; A 6532; Natl. league of women
202 2431 178 38 voters.
448 2428 251 49 (29-9503)

133 2509 212 63 Hume,
375 2508 219 53 Harold
624 2509 333 62 Hardrada,
987 2509 171 55 1875-

202 2585 1934 70 Gardening in the lower South, by H. Harold Hume … New
133 2663 179 69 York,
342 2664 122 53 The
492 2664 335 53 Macmillan
858 2682 299 51 company,
1189 2666 152 51 1929.

201 2746 1935 50 xix p., 1 l., 453 p. XLIX pl. (incl. front.) on 25 l. 22½ ᶜᵐ. (Half-title:
131 2804 101 39 The
261 2804 137 39 rural
426 2803 185 40 science
640 2803 165 47 series,
832 2804 73 39 ed.
933 2804 62 47 by
1022 2804 51 40 L.
1102 2804 61 40 H.
1192 2802 198 48 Bailey)

135 2855 52 52 ©
215 2860 114 48 Apr.
359 2860 39 46 9,
430 2859 139 48 1929;
600 2860 67 41 2c.
698 2861 96 38 and
823 2859 83 41 aff.
935 2860 115 48 Apr.
1081 2859 83 48 10;
1197 2859 42 40 A
1267 2859 142 47 7374;
1442 2859 281 40 Macmillan
1755 2870 69 29 co.

213 2915 253 49 (29-9585)

132 2996 221 64 James,
387 2995 219 65 Lionel,
643 2997 170 54 1871-

201 3074 164 69 High
393 3092 259 49 pressure;
707 3074 172 69 being
905 3093 152 34 some
1083 3074 198 53 record
1309 3073 64 53 of
1400 3074 282 53 activities
1709 3075 61 52 in
1796 3074 99 53 the
1920 3074 213 54 service

132 3151 2001 70 of the Times newspaper, by Colonel Lionel James … London,
131 3230 55 52 J.
215 3230 245 68 Murray
492 3263 13 34 [
513 3233 150 64 1929]

201 3311 1144 50 xi, 314 p. front., illus. (map) plates. 22 ᶜᵐ.
204 3368 293 49 “Primarily
537 3370 79 40 the
656 3370 169 40 record
864 3370 52 41 of
955 3381 79 37 my
1074 3370 134 40 work
1247 3380 55 29 as
1342 3380 25 29 a
1410 3379 103 30 war
1553 3370 376 47 correspondent
130 3370 2003 105 [1895-1904]”—p.
429 3426 101 41 214.

136 3477 1981 110 © 1c. Apr. 15, 1929; A ad int. 12543; pubd. Feb. 20; L. James, Hungerford, Berkshire, England. (29-10322)
133 3618 175 63 Judy,
339 3619 255 53 William
625 3619 211 55 Lewis.

203 3695 285 70 Training
539 3695 96 54 the
688 3696 142 69 dog;
886 3698 277 67 complete
1215 3696 343 53 instruction
1611 3696 243 55 suitable
1908 3697 93 52 for
2055 3697 78 53 all

130 3772 216 68 breeds,
384 3773 140 53 with
562 3774 264 68 chapters
865 3794 73 33 on
974 3774 253 69 feeding,
1262 3775 248 68 housing
1547 3775 112 53 and
1697 3793 144 50 care,
1877 3775 77 70 by
1990 3776 142 55 Will

131 3849 1690 73 Judy … Chicago, Judy publishing company, 1929.
