2533 4342
1335 4009 139 51 2036

449 461 129 47 Kept
607 471 64 37 up
700 462 48 38 to
776 460 115 40 date
918 459 61 47 by
1007 457 255 49 quarterly
1290 456 299 41 cumulative
1617 456 345 48 supplements.

384 514 52 52 ©
464 518 119 40 Nov.
611 517 70 42 10.
712 516 141 42 1920:
883 515 69 41 2c.
983 516 113 40 Dec.
1124 515 55 46 3;
1211 514 83 42 aff.
1324 514 114 40 Dec.
1466 514 55 46 2;
1553 513 43 39 A
1624 512 172 48 16158;
1829 512 149 49 Legal
2007 512 110 48 pub.
2148 522 108 37 soc.,
2287 512 93 39 inc.

459 572 282 51 (29-29409)

376 667 179 62 Hoar,
586 666 196 62 Roger
813 665 313 63 Sherman,
1161 667 171 51 1887-

448 744 372 55 Conditional
849 744 172 66 sales;
1053 745 110 50 law
1191 743 114 53 and
1330 744 146 51 local
1504 742 296 68 practices,
1829 741 94 53 for
1951 739 290 56 executive
2271 740 114 53 and

376 818 2010 72 lawyer, by Roger Sherman Hoar … New York, The Ronald
379 901 691 67 press company [ ᶜ192 9]
489 977 370 50 x, 521 p. 22 ᶜᵐ .
454 1035 377 48 Bibliography:
863 1045 43 37 p.
932 1034 220 41 471-473.

388 1089 52 52 ©
469 1094 120 40 Nov.
618 1092 70 49 30,
719 1092 143 47 1929;
892 1092 67 41 2c.
992 1092 113 41 Dec.
1135 1094 54 45 4;
1222 1092 82 41 aff.
1336 1092 113 41 Dec.
1479 1092 53 47 3;
1565 1091 42 39 A
1636 1090 172 48 16169;
1843 1091 191 40 Ronald
2065 1100 136 39 press
2231 1100 68 29 co.

464 1148 282 50 (29-29408)

379 1242 302 64 Hoffman,
707 1242 147 53 Paul
883 1242 66 55 G.

449 1315 1942 73 Marketing used cars, by Paul G. Hoffman … and James H.
382 1394 2011 71 Greene … with a foreword by C. A. Vane … New York and
381 1476 258 68 London,
672 1475 234 68 Harper
937 1476 48 51 &
1015 1474 280 68 brothers,
1331 1476 149 51 1929.

452 1557 1382 50 xi p., 1 l., 181 p. incl. illus., forms. plates. 21 ᶜᵐ .
455 1615 163 41 “First
650 1614 228 41 edition.”

391 1668 52 52 ©
476 1672 113 40 Dec.
622 1672 40 48 5,
695 1670 141 48 1929;
871 1671 69 40 2c.
973 1670 114 41 Dec.
1121 1669 53 48 5;
1211 1669 83 41 aff.
1327 1670 113 39 Dec.
1476 1670 52 47 7;
1565 1669 43 39 A
1639 1669 172 47 16332;
1848 1670 196 47 Harper
2078 1668 37 42 &
2147 1669 127 40 bros.

467 1726 283 51 (29-29366)

388 1820 249 64 Horton,
666 1820 199 53 Rufus
894 1819 264 65 Landon,
1190 1824 170 50 1861-

454 1896 361 69 Philosophy
847 1895 66 55 of
946 1898 238 52 modern
1220 1896 134 67 life;
1392 1915 74 34 an
1500 1896 462 69 autobiography
1998 1896 65 52 of
2098 1914 31 34 a
2166 1896 230 68 lawyer,

388 1974 72 70 by
501 1974 192 54 Rufus
733 1974 245 53 Landon
1018 1974 249 53 Horton.
1344 1974 113 54 Los
1497 1975 268 68 Angeles,
1808 1974 122 53 The
1969 1974 429 53 Times-mirror

386 2071 175 50 press,
598 2055 151 50 1929.

458 2136 119 40 xxiv
611 2147 58 37 p.,
708 2137 25 38 1
808 2166 9 17 l.,
858 2135 208 50 [27]-303
1103 2146 44 37 p.
1206 2136 166 47 front.,
1411 2135 129 40 illus.
1569 2134 134 49 (coat
1741 2136 53 40 of
1831 2135 157 45 arms)
2035 2135 171 48 plates,
2247 2139 150 44 ports.

386 2192 147 42 20½ ᶜᵐ .
462 2248 177 48 Signed
668 2249 61 47 by
758 2249 83 39 the
869 2247 196 40 author.

396 2301 52 52 ©
481 2306 120 40 Nov.
632 2304 70 49 29,
736 2304 141 47 1929;
911 2304 69 41 2c.
1015 2304 113 40 Dec.
1160 2304 53 47 5;
1249 2302 83 43 aff.
1365 2304 113 41 Dec.
1511 2304 54 47 3;
1599 2304 43 39 A
1674 2304 172 47 16212;
1883 2304 56 40 R.
1973 2304 52 41 L.
2059 2304 206 48 Horton,
2300 2304 95 41 Los

462 2360 222 50 Angeles.
754 2359 283 50 (29-29381)

393 2442 215 62 Hutty,
643 2439 231 65 Alfred,
910 2440 172 55 1877-

520 2515 1878 72 … Alfred Hutty, with an introduction by Duncan Phillips.
392 2594 300 69 Compiled
727 2595 77 69 by
838 2595 96 52 the
972 2594 251 55 Crafton
1257 2595 314 54 collection.
1644 2596 141 53 New
1824 2596 181 68 York,
2041 2596 66 53 T.
2150 2595 57 56 S.
390 2596 1985 145 Hutson;

550 2671 1471 71 London, P. & D. Colnaghi & company [ᶜ192 9]
466 2753 1639 51 [11] p. 12 mounted pl. 31 ᶜᵐ . (American etchers, vol. II)
465 2810 163 41 “First
654 2809 262 50 printing.”

401 2864 52 52 ©
482 2869 128 39 June
637 2868 69 49 10,
735 2868 142 47 1929;
906 2868 68 40 2c.
1006 2868 96 39 and
1131 2867 82 40 aff.
1243 2868 116 48 July
1388 2868 53 47 5;
1472 2868 43 39 A
1541 2868 173 48 11052;
1747 2868 209 41 Crafton
1983 2868 267 47 collection,
2281 2869 119 39 New

471 2925 145 40 York.
686 2923 283 51 (29-15731)

392 3003 233 63 Jacobs,
656 3003 276 54 Frederic
958 3004 329 64 Burnham,
1318 3010 172 49 1880-

464 3081 323 52 Industrial
828 3081 255 69 turmoil,
1125 3100 32 33 a
1199 3087 159 65 story
1399 3082 65 52 of
1504 3083 139 52 New
1687 3083 290 68 England,
2017 3082 77 70 by
2135 3084 152 51 Fred
2334 3085 67 50 B.

395 3158 227 67 Jacobs,
660 3176 165 35 cover
866 3158 202 69 design
1106 3159 75 69 by
1221 3158 210 53 Esther
1471 3159 259 68 Boquist.
1807 3161 228 51 Kansas
2076 3160 153 68 City,
2268 3160 135 65 Mo.,

396 3235 1124 71 Burton publishing company [ ᶜ192 7 ]
467 3317 582 49 2 p. l., 7-296 p. 19 ᶜᵐ .
406 3370 52 52 ©
491 3374 129 48 Sept.
650 3373 38 48 6,
719 3373 114 41 1927;
892 3374 67 40 2c.
989 3374 121 40 Nov.
1140 3374 69 48 14,
1239 3373 142 47 1929;
1415 3373 83 41 aff.
1528 3374 119 40 Nov.
1678 3374 82 47 13;
1794 3375 42 39 A
1865 3374 171 48 16358;
2070 3375 189 39 Benton
2291 3374 111 48 pub.

473 3440 67 31 co.
611 3429 281 49 (29-29426)

395 3509 198 63 Jones,
625 3509 258 53 Putnam
918 3509 258 55 Fennell.

470 3585 55 51 A
571 3586 382 52 concordance
1003 3591 59 47 to
1111 3587 96 52 the
1255 3587 266 52 Historia
1570 3587 377 53 ecclesiastica
1995 3587 66 53 of
2109 3587 172 66 Bede,
2330 3587 77 69 by

402 3662 2005 70 Putnam Fennell Jones … Cambridge, Mass., Pub. for the
404 3738 400 55 Concordance
842 3740 214 68 society
1092 3740 77 69 by
1207 3741 96 52 the
1341 3741 326 52 Mediaeval
1707 3741 271 69 academy
2018 3740 66 54 of
2121 3741 286 68 America,

404 3818 150 50 1929.

476 3895 1934 52 ix, 585 p. 25 ᶜᵐ . (Half-title: The Mediaeval academy of America.
406 3951 309 43 Publication
743 3964 76 30 no.
846 3953 53 49 2)
