2512 4335
1243 4036 100 50 140

305 395 309 65 Harrison,
650 396 226 64 George
909 396 351 64 Bagshawe.

372 473 96 54 An
518 474 378 53 Elizabethan
945 475 246 68 journal,
1240 475 171 69 being
1459 495 32 34 a
1539 477 198 51 record
1786 475 65 54 of
1896 477 161 53 those
2105 476 196 69 things

302 552 1975 147 most talked of during the years 1591-1594, by G. B. Harrison … London,
857 630 306 54 Constable
1189 633 46 50 &
1260 649 79 35 co.
1367 631 123 69 ltd.,
1520 634 149 50 1928.

373 710 1930 51 xxiii, [1], 429, [1] p., 1 l. front., plates (part double) ports., double
303 778 149 39 maps,
481 770 127 47 plan,
637 768 216 41 facsims.
913 768 146 42 22½ᶜᵐ.

374 839 87 39 “In
490 838 99 41 this
618 839 122 40 book
772 840 22 38 I
825 841 123 38 have
980 839 126 40 tried
1138 841 47 38 to
1216 841 86 46 put
1332 840 221 47 together
1583 849 29 30 a
1641 839 197 48 journal
1870 839 51 40 of
1951 839 163 48 gossip
2144 840 158 40 which

302 896 173 39 should
510 896 177 39 mirror
722 897 81 38 the
838 896 132 39 mind
1008 896 51 40 of
1096 897 82 39 the
1212 896 203 48 English
1449 898 168 46 people
1651 898 95 38 and
1783 897 108 48 give
1927 906 29 30 a
1991 898 310 47 background

302 953 1999 48 to their literature during the years 1591 to 1594 … Each entry … is,
302 1009 119 40 with
450 1020 29 30 a
507 1020 117 37 very
652 1011 98 38 few
778 1010 293 48 exceptions,
1103 1010 148 39 taken
1280 1010 205 48 directly
1515 1010 128 40 from
1672 1022 28 28 a
1732 1013 369 46 contemporary
2133 1021 169 30 source

301 1066 158 41 which
487 1066 43 41 is
559 1068 229 39 recorded
818 1067 49 39 in
899 1068 81 39 the
1009 1067 443 41 Notes.”—Introd.

373 1123 1925 50 “Abbreviations … used for authorities which are frequently cited”:
300 1192 43 37 p.
377 1180 218 43 351-352.

306 1246 1991 54 © 1c. Dec. 28, 1928; A ad int. 12294; pubd, Nov. 8; Constable & co., ltd.
385 1308 251 49 (29-4792)

300 1402 181 64 Heck,
515 1401 163 54 Arch
712 1401 217 66 Oliver,
965 1404 169 53 1887-

366 1481 491 54 Administration
883 1481 63 54 of
972 1482 166 67 pupil
1164 1482 298 67 personnel;
1520 1501 31 34 a
1575 1482 148 53 book
1749 1502 72 34 on
297 1481 1981 148 pupil-accounting
431 1559 230 54 written
697 1559 152 54 from
882 1560 96 52 the
1014 1560 163 68 point
1212 1560 64 53 of
1310 1559 143 53 view
1488 1560 64 53 of
1588 1562 97 51 the
1720 1562 303 52 classroom
2059 1562 243 65 teacher,

297 1637 1979 148 by Arch O. Heck … Boston, New York [etc. ] Ginn and company [ ᶜ19 29 ]
438 1796 1034 49 xx, 479 p. incl. illus., diagrs., forms. 20 ᶜᵐ.
369 1868 247 41 “Selected
652 1867 301 41 references”
988 1870 52 37 at
1074 1869 91 39 end
1200 1868 52 39 of
1284 1868 119 39 each
1437 1869 204 47 chapter
1672 1870 170 46 except
1876 1870 83 38 the
1990 1870 112 39 last.

305 1934 52 53 ©
386 1940 110 40 Jan.
525 1938 69 49 10,
623 1938 114 41 1929;
796 1939 67 40 2c.
893 1940 110 39 Jan.
1032 1938 83 48 25;
1148 1938 83 41 aff.
1261 1939 111 39 Jan.
1401 1938 83 46 22;
1516 1939 42 38 A
1586 1938 142 47 3908;
1761 1939 54 41 A.
1847 1938 52 41 O.
1930 1939 149 48 Heck,
371 1938 1909 107 Columbus,
505 1995 51 42 O.
624 1995 252 50 (29-3520)

300 2090 276 63 Herbert,
609 2089 153 53 Alan
793 2089 263 55 Patrick.

369 2167 1395 69 Topsy, M . P. 15. Has a snappy Christmas.
380 2251 82 49 (In
490 2247 171 44 Punch
690 2247 288 52 magazine)

302 2317 1992 52 © 1c. Feb. 21, 1929; A ad int. 12356; pubd. Dec. 26, 1928; A. P. Herbert,
369 2378 212 41 London.

295 2473 184 63 Hope,
512 2472 198 53 Laura
744 2472 135 54 Lee.

365 2552 123 52 The
521 2552 211 68 Blythe
763 2550 171 70 girls:
969 2550 366 56 Snowbound
1366 2552 60 51 in
1459 2569 192 50 camp;
1687 2569 80 51 or,
1801 2551 122 53 The
1956 2556 252 65 mystery
2241 2557 58 48 at

297 2628 2001 71 Elk lodge, by Laura Lee Hope … illustrated by Thelma
295 2707 210 55 Gooch.
582 2709 139 52 New
756 2707 179 69 York,
967 2706 49 56 G
1025 2713 176 48 rosset
1232 2710 46 49 &
1309 2708 237 67 Dunlap
1694 2709 84 65 [ᶜ1929]

365 2789 61 48 iv,
461 2789 87 40 210
580 2801 43 37 p.
683 2790 164 46 front.,
883 2789 173 47 plates.
1116 2787 145 42 19½ᶜᵐ.
1332 2788 127 49 (Her
1494 2789 178 47 Blythe
1705 2788 120 48 girls
1859 2787 174 48 books)

300 2856 52 52 ©
381 2860 112 41 Feb.
521 2859 39 49 8,
589 2859 114 41 1929;
759 2860 69 40 2c.
856 2860 97 40 and
980 2859 83 41 aff.
1092 2860 111 40 Feb.
1231 2860 54 39 11;
1344 2859 41 39 A
1414 2858 114 41 5194;
1587 2859 200 40 Grosset
1816 2859 36 40 &
1881 2859 209 48 Dunlap,
2121 2858 91 41 inc.

379 2916 251 50 (29-3971)

302 3010 277 69 [Hosken,
613 3010 245 55 Clifford
889 3010 204 54 James
1123 3008 289 69 Wheeler]
1451 3014 173 50 1882-

369 3089 123 52 The
538 3087 303 70 Havering
890 3088 141 68 plot,
1081 3087 75 68 by
1205 3087 255 53 Richard
1511 3087 263 53 Keverne
1851 3088 191 68 [pseud.]
2155 3087 139 53 New

303 3165 160 53 York
487 3165 113 52 and
626 3165 258 67 London,
908 3165 234 68 Harper
1167 3166 46 50 &
1238 3164 278 68 brothers,
1546 3167 150 50 1929.

367 3245 581 50 3 p. l., 351, [1] p. 19 ½ ᶜᵐ.
366 3316 43 38 A
434 3316 194 47 Harper
652 3317 163 39 sealed
840 3317 217 45 mystery
1082 3317 136 45 story
1254 3314 241 48 (255-351,
1573 3335 10 29 [1]
1611 3327 44 37 p.
1682 3315 189 46 sealed)

299 3369 52 52 ©
382 3373 111 42 Feb.
523 3374 39 46 1,
592 3373 118 40 1929;
763 3373 68 41 2c.
861 3374 110 40 Jan.
1000 3373 81 47 30;
1114 3372 82 41 aff.
1227 3373 111 40 Feb.
1367 3373 55 47 4;
1454 3374 40 38 A
1523 3373 140 47 5111;
1699 3373 49 41 C,
1779 3373 44 41 J.
1854 3374 71 40 W.
1957 3374 212 47 Hosken,
365 3373 1908 105 Oxford,
520 3430 236 48 England.
822 3429 252 49 (29-3428)

301 3525 122 54 The
449 3524 332 54 Humorist,
850 3544 51 34 v.
933 3528 81 66 14,
1043 3543 118 35 nos.
1191 3527 119 66 339,
1341 3527 118 66 340,
1490 3524 133 56 Feb.
1654 3527 49 67 2,
1733 3527 47 65 9,
1812 3527 150 51 1929.

300 3602 1988 52 © 1c. each Feb. 15, 1929; A ad int. 12343, 12344; pubd. Jan. 26, Feb. 2;
369 3662 184 49 George
576 3663 218 48 Newnes,
819 3664 100 47 ltd.,
947 3663 213 40 London.

300 3757 248 53 Indiana
578 3759 159 52 three
767 3760 59 51 in
858 3777 104 34 one
991 3759 239 62 service;
1265 3777 30 33 a
1327 3758 344 52 cumulative
1702 3757 211 54 service
1943 3757 186 54 which

367 3776 1900 126 supplements
670 3835 97 52 the
795 3835 231 68 digests,
1054 3840 238 47 statutes
1321 3835 113 52 and
1461 3839 159 48 notes
1648 3840 59 47 to
1736 3834 249 53 Indiana
2016 3834 275 53 decisions

427 3910 1863 71 … Prepared by Daniel W. Crockett, assisted by the pub-
