2547 4384
1353 4063 103 52 866

405 392 317 53 American
755 391 113 52 law
900 390 299 54 institute.

535 465 1872 69 … Restatement of the law of agency. Tentative draft no. 4.
406 547 326 55 Submitted
770 547 75 68 by
882 547 98 51 the
1018 545 239 55 Council
1295 550 59 48 to
1392 546 97 51 the
1525 545 294 65 members,
1860 543 93 53 for
1994 543 316 53 discussion
2349 548 57 48 at

404 620 1980 152 the seventh annual meeting, May 9, 10 and 11, 1929 … Reporter,
403 698 1982 154 Warren A. Seavey … March 25, 1929 … [Philadelphia,
584 783 120 66 Pa.,
730 780 424 54 International
1180 779 263 70 printing
1469 796 299 51 company,
1796 780 152 65 1929]

473 866 55 40 86
552 875 44 39 p.
655 864 149 40 23½ᶜᵐ.

472 936 299 43 Cover-title.

407 990 52 53 ©
482 995 116 47 Apr.
622 995 40 46 4,
689 992 142 48 1929;
857 994 69 40 2c.
951 993 96 39 and
1073 991 82 41 aff.
1182 993 114 46 May
1321 991 84 47 24;
1432 991 40 39 A
1499 990 140 47 8289;
1670 991 159 39 Amer.
1854 993 97 38 law
1977 989 243 47 institute,
475 989 1915 111 Philadelphia.

537 1142 1870 57 … Restatement of the law of contracts. Tentative draft no.
405 1229 46 48 6.
530 1223 325 56 Submitted
882 1224 77 67 by
984 1224 95 51 the
1108 1222 239 55 Council
1374 1227 58 47 to
1459 1222 98 52 the
1581 1221 277 53 members
1886 1220 93 53 for
2007 1220 317 53 discussion
2350 1225 64 48 at

404 1297 2008 153 the seventh annual meeting, May 9, 10 and 11, 1929 … Reporter, Samuel Williston … March 30,1929 … [Philadelphia,
404 1462 121 65 Pa.,
549 1459 426 52 International
999 1458 265 68 printing
1289 1474 298 51 company,
1616 1458 152 64 1929]

471 1542 56 41 95
551 1553 45 38 p.
654 1542 149 40 23½ᶜᵐ.

473 1598 299 43 Cover-title.

407 1654 51 52 ©
481 1657 114 48 Apr.
619 1656 69 46 11,
713 1654 142 47 1929;
880 1654 68 41 2c.
972 1655 96 39 and
1092 1653 83 42 aff.
1199 1655 115 46 May
1337 1653 82 47 24;
1447 1653 39 39 A
1510 1652 141 47 8298;
1677 1652 161 41 Amer.
1861 1653 97 39 law
1980 1651 243 45 institute,
474 1651 1916 112 Philadelphia.

462 1817 244 64 Āpadeva,
733 1838 103 34 son
863 1819 63 68 of
1008 1818 344 67 Ānantadeva,
1378 1819 67 52 17
1450 1817 63 52 th
1541 1822 140 48 cent.

475 1899 1932 72 The M ī m āṅ s ā ny ā ya prak ā sa ; or, Āpadevī: a treatise on
405 1988 95 54 the
538 1986 254 55 Mīmāṅsā
866 1994 210 62 system
1114 1989 75 69 by
1287 1987 237 68 Āpadeva.
1601 1988 343 53 Translated
1984 1988 122 53 into
2145 1986 265 69 English,

405 2062 140 53 with
585 2081 72 34 an
696 2062 411 67 introduction,
1146 2062 432 53 transliterated
1620 2060 267 57 Sanskrit
1927 2066 140 62 text,
2107 2061 115 54 and
403 2061 1984 132 glossarial

406 2139 2004 149 index, by Franklin Edgerton … New Haven, Yale university press; London, H. Milford, Oxford university press,
405 2299 152 51 1929.

474 2378 64 49 ix,
569 2377 87 43 308
686 2388 45 40 p.
790 2378 151 43 front.
1000 2378 119 42 24ᶜᵐ.

474 2435 380 49 Bibliography:
888 2447 43 37 p.
959 2434 161 43 33-35.

407 2489 52 53 ©
486 2494 115 48 May
626 2494 69 47 24,
721 2493 143 47 1929;
893 2493 68 41 2c.
989 2493 127 40 June
1142 2493 54 47 3;
1226 2493 82 42 aff.
1336 2494 127 40 June
1490 2494 53 46 1;
1572 2494 41 39 A
1640 2494 141 47 8444;
1811 2494 120 40 Yale
1959 2494 132 41 univ.
2119 2504 152 38 press.

484 2549 282 51 (29-12847)

405 2645 354 65 Auslander,
793 2646 240 64 Joseph,
1072 2647 172 54 1897-
1457 2649 83 52 ed.

473 2724 123 53 The
645 2725 227 69 winged
922 2725 166 53 horse
1138 2724 332 70 anthology,
1520 2724 77 69 by
1645 2725 218 67 Joseph
1915 2724 330 54 Auslander
2295 2725 114 53 and

404 2801 199 53 Frank
636 2802 213 53 Ernest
881 2802 158 66 Hill;
1077 2802 141 52 with
1254 2802 357 54 decorations
1644 2802 75 69 by
1755 2803 148 52 Paul
1938 2803 252 53 Honore.
405 2802 1982 130 Garden

545 2879 153 68 City,
725 2879 71 54 N.
828 2880 91 67 Y.,
946 2879 360 69 Doubleday,
1334 2880 199 52 Doran
1563 2881 46 51 &
1637 2898 299 50 company,
1965 2880 128 68 inc.,
2123 2883 152 50 1929.

473 2961 135 48 xxxi,
643 2961 87 41 669
760 2972 44 38 p.
865 2961 148 42 23½ᶜᵐ.

476 3017 299 49 Companion
803 3018 192 42 volume
1023 3019 48 39 to
1101 3017 83 41 the
1212 3017 199 41 editors’
1440 3017 102 41 The
1570 3017 190 49 winged
1790 3018 157 42 horse.

476 3073 163 41 “First
673 3072 228 42 edition.”

408 3124 52 53 ©
489 3129 115 48 May
631 3130 70 47 31,
733 3128 140 48 1929;
905 3129 68 41 2c.
1003 3130 96 39 and
1129 3129 83 41 aff.
1243 3130 128 40 June
1399 3131 53 46 7;
1483 3129 43 40 A
1553 3130 141 47 9514;
1727 3131 300 48 Doubleday,
2059 3131 168 40 Doran
2258 3131 36 40 &
2324 3142 83 38 co.,

473 3186 92 41 inc.
635 3185 282 50 (29-12709)

404 3278 281 66 Bartlett,
720 3279 237 56 Lanier.

471 3356 214 54 Adiós!
765 3359 92 67 By
888 3358 211 54 Lanier
1136 3359 255 53 Bartlett
1423 3361 113 52 and
1573 3360 271 69 Virginia
1884 3359 219 57 Stivers
2138 3361 269 53 Bartlett.

402 3435 139 54 New
570 3435 181 58 York,
778 3436 90 54 W.
899 3437 253 53 Morrow
1179 3438 46 51 &
1253 3456 299 51 company,
1584 3441 150 50 1929.

473 3529 45 35 X,
540 3517 88 41 309
647 3529 43 37 p.
751 3518 130 41 illus.
908 3518 203 50 (music)
1179 3519 147 42 19½ᶜᵐ.

472 3575 150 41 Note:
656 3586 44 38 p.
720 3575 219 41 308-309.

406 3627 52 53 ©
483 3632 128 41 June
634 3632 39 47 6,
700 3632 119 40 1929;
868 3633 69 41 2c.
962 3634 96 39 and
1083 3633 83 42 aff.
1191 3634 127 40 June
1342 3635 53 47 8;
1423 3635 41 38 A
1490 3635 141 47 8559;
1659 3635 217 40 William
1903 3636 211 39 Morrow
2139 3635 38 40 &
2203 3645 82 31 co..
2311 3635 92 41 inc.

482 3688 283 50 (29-12618)

403 3781 237 54 Bausch
671 3783 52 52 &
754 3783 185 53 Lomb
970 3785 215 63 optical
1219 3802 82 38 co.

476 3857 318 72 Surfacing
845 3862 135 52 data
1034 3861 94 53 for
1182 3863 282 67 orthogon
1517 3865 194 52 lenses.
1802 3864 326 53 Rochester.
2184 3864 69 53 N.
2310 3865 92 69 Y.,

403 3936 1093 73 Bausch & Lomb optical co. [ ᶜ1 929]
