2547 4384
1358 4006 102 53 858

423 362 233 65 Michie,
687 363 263 52 Thomas
979 363 284 64 Johnson,
1298 365 84 53 ed.

551 440 1870 70 … Supplement [1929] to The encyclopedic digest of Alabama
419 525 241 62 reports,
690 519 172 68 being
896 537 30 33 a
960 537 124 34 case
1116 518 239 53 citation
1388 519 361 67 supplement
1782 524 59 47 to
1874 519 100 51 the
2007 518 263 54 fourteen
417 520 1982 130 volumes

603 596 65 53 of
697 597 98 52 the
825 596 422 69 Encyclopedic
1278 596 205 69 digest,
1515 596 300 69 including
1847 598 77 50 all
1955 597 96 52 the
2084 615 152 35 cases
2269 594 154 55 from

418 676 251 52 volumes
711 677 99 51 198
848 680 59 46 to
946 674 120 67 217,
1103 674 285 52 Alabama
1426 678 224 64 reports
1690 675 113 52 and
1842 674 252 54 volumes
2136 678 64 49 15
2240 679 58 48 to
2338 677 85 65 21,

416 753 285 53 Alabama
730 752 313 69 Appellate
1070 758 161 47 court
1261 756 238 64 reports.
1574 751 202 55 Under
1804 752 97 55 the
1932 751 267 54 editorial
417 770 1984 116 supervision

647 831 64 53 of
757 831 249 52 Thomas
1068 831 245 52 Johnson
1355 830 216 53 Michie
1616 831 113 52 and
1775 830 71 53 A.
1894 830 249 53 Hewson
2192 830 229 53 Michie.

418 910 485 66 Charlottesville,
933 910 126 66 Va.,
1092 909 122 52 The
1246 907 213 54 Michie
1493 925 300 52 company,
1828 911 150 50 1929.

483 1003 522 52 2 p. l., 838 p. 26 ᶜᵐ .
420 1071 52 53 ©
498 1077 113 47 May
634 1076 70 48 22,
758 1075 86 40 1929;
896 1076 68 40 2c.
988 1076 94 39 and
1183 1106 8 9 aff.
1216 1075 114 47 May
1354 1074 56 39 24;
1463 1073 43 40 A
1557 1073 87 41 8315;
1699 1073 177 41 Michie
1901 1084 68 30 co.

415 1169 210 64 Miner,
659 1170 309 62 Margaret
999 1170 247 63 Mercer,
1282 1174 172 49 1898-

485 1247 188 53 Asher
715 1247 209 67 Miner,
966 1247 205 52 citizen
1216 1246 110 52 and
1374 1245 228 68 soldier,
1644 1246 76 69 by
1763 1245 299 70 Margaret
2105 1246 80 53 M.
2231 1247 191 52 Miner

476 1323 1604 71 … [Cambridge, Mass., The University press] 1929.
485 1418 1390 50 8 p. l., [3]-129 p. front., ports, double map. 25 ᶜᵐ .
515 1490 266 40 “Published
809 1491 155 38 under
990 1490 83 40 the
1100 1489 224 48 auspices
1352 1488 51 41 of
1431 1489 82 40 the
1543 1488 257 49 Wyoming
1826 1488 256 41 historical
2112 1491 96 39 and
414 1493 1992 94 geological
537 1547 227 48 society.”

416 1613 52 53 ©
494 1618 114 48 May
633 1618 70 48 13,
730 1617 114 40 1929;
898 1616 69 41 2c.
994 1618 113 46 May
1133 1616 58 40 16;
1243 1616 84 41 aff.
1352 1617 114 46 May
1491 1617 58 38 24;
1603 1617 41 38 A
1670 1616 115 41 8314;
1841 1617 252 48 Margaret
2119 1618 65 41 M.
2211 1619 206 47 Morton,

484 1674 304 49 Cambridge,
816 1675 149 40 Mass.
1031 1672 282 51 (29-12690)

415 1769 123 54 Mix
568 1768 51 54 &
650 1769 222 54 Genest
901 1767 619 66 aktiengesellschaft,
1550 1770 216 54 Berlin.

481 1847 322 69 Anleitung
827 1866 129 35 zum
980 1847 113 52 bau
1120 1865 111 35 von
1287 1847 676 69 schwachstromanlagen.
2038 1851 65 64 8.,
2120 1848 301 55 neubearb.

408 1924 1991 151 und erweiterte aufl. … Jubiläumsausgabe. Berlin-Schöneberg,
590 2004 126 54 Mix
744 2008 45 50 &
817 2004 212 55 Genest
1056 2022 150 51 a.-g.,
1235 2007 150 52 1928.

480 2101 135 48 xviii,
646 2100 88 42 710
760 2111 45 38 p.
864 2100 144 48 illus.,
1038 2100 180 49 diagrs.
1276 2099 149 42 22½ᶜᵐ.

415 2169 2002 52 © Dec. 28, 1928; 1c. Mar, 2, 1929; A —Foreign 2211; Mix & Genest a.-g.
491 2228 283 50 (29-12683)

416 2324 261 64 Moffatt,
706 2324 157 53 John
894 2324 274 64 Edward,
1200 2328 172 50 1894-

479 2403 122 53 The
644 2402 193 69 sanity
880 2401 65 53 of
987 2401 266 70 sanctity,
1298 2402 204 67 simple
1546 2402 317 53 reflections
1904 2421 73 34 on
2020 2403 96 52 the
2161 2419 257 35 common

407 2479 1987 133 sense of holiness, by Rev. J. E. Moffatt … New York, Cincinnati
771 2558 840 70 [etc .] Benziger brothers, 1929.
479 2655 547 50 169 p. front. 19 ᶜᵐ .
413 2722 52 53 ©
493 2729 121 39 Mar.
640 2728 39 47 1,
705 2727 142 48 1929;
874 2728 67 40 2c.
968 2728 123 39 Mar.
1118 2727 24 39 1;
1273 2759 8 8 aff.
1308 2727 128 41 June
1461 2727 52 47 8;
1542 2726 42 40 A
1610 2727 114 41 8583;
1780 2727 238 46 Benziger
2043 2728 126 41 bros.

490 2784 282 50 (29-12787)

412 2878 260 65 Molière,
703 2879 149 53 Jean
885 2878 275 64 Baptiste
1193 2878 302 65 Poquelin,
1531 2880 327 54 1622-1673.

542 2956 1869 70 … Les précieuses ridicules, Le Tartuffe — Le misanthrope;
411 3035 2002 69 edited by William A. Nitze and Hilda L. Norman … New
411 3110 1468 71 York, Chicago [etc.] C. Scribner’s sons [ ᶜ19 29]
409 3193 1985 105 3 p. l., ix-xxix, 311 p. 17 ᶜᵐ . ( Half-title : The modern student’s library.
633 3250 203 50 [French
866 3249 195 51 series])

479 3320 64 40 At
571 3319 127 40 head
725 3320 54 40 of
809 3319 135 41 title:
978 3319 215 42 Molière.

480 3375 378 48 Bibliography:
892 3387 45 37 p.
967 3375 305 42 xxvii-xxix.

412 3439 51 53 ©
499 3445 113 47 May
645 3443 69 48 29,
749 3443 142 49 1929;
926 3446 69 40 2c.
1029 3445 127 40 June
1188 3446 55 46 4;
1354 3476 9 10 aff.
1398 3445 127 40 June
1559 3445 53 47 5;
1648 3446 41 38 A
1722 3445 141 48 8519;
1903 3445 202 41 Charles
2143 3445 267 42 Scribner’s

478 3511 127 31 sons.
660 3496 71 54 [©
755 3501 200 49 editing]
1020 3501 282 50 (29-12647)

415 3594 295 68 [Morlock,
745 3595 152 53 Fred
929 3596 370 68 W]

479 3672 1924 72 Flowers of thought. [Cleveland, Kneale printing co., ᶜ19 29]
477 3753 29 39 2
535 3765 44 37 p.
644 3785 9 17 l.,
684 3753 118 42 7-80
831 3765 44 37 p.
932 3754 148 41 22½ᶜᵐ.

480 3823 297 48 “Copyright
805 3824 61 47 by
897 3823 126 41 Fred
1052 3825 73 40 W.
1156 3824 260 41 Morlock.”

411 3887 51 53 ©
490 3893 127 40 June
642 3893 40 45 3,
709 3892 142 47 1929;
879 3893 68 41 2c.
975 3895 96 38 and
1098 3893 82 42 aff.
1210 3895 127 39 June
1364 3894 52 47 5;
1446 3896 41 38 A
1514 3894 141 48 9494;
1687 3895 51 41 F.
1767 3897 72 39 W.
1868 3897 229 47 Morlock,
2129 3895 275 42 Cleveland.

487 3948 283 52 (29-12645)
