2542 4389
1029 4023 102 55 957

140 451 1925 51 64 p., 1 fold. 1 . 60 pl. (incl. port.) on 30 1. 20ᶜᵐ. (“Maitres de l' art
69 506 281 48 moderne”)

141 565 421 47 “Bibliographie”
580 576 9 30 :
621 577 43 37 p.
699 567 188 48 [57]-58.

75 618 1990 54 © Dec. 20, 1928; 1c. Mar. 22, 1929; A—Foreign 2569; Editions Rieder.
153 678 281 50 (29-13711)

74 761 166 61 Case,
274 759 242 52 Ermine
551 759 239 64 Cowles,
830 766 166 50 1871-

144 839 364 67 Description
546 838 64 53 of
644 840 92 52 the
772 840 145 52 skull
955 841 64 52 of
1054 861 26 32 a
1120 859 120 33 new
1279 841 149 52 form
1465 841 64 52 of
1564 841 329 67 phytosaur,
1929 839 134 52 with

76 923 156 47 notes
270 935 71 34 on
379 917 95 52 the
511 918 319 52 characters
866 919 63 51 of
967 919 287 53 described
1298 919 182 52 North
1522 919 304 52 American
1867 917 197 69 phytosaurs

74 1014 179 49 ,
291 995 74 68 by
407 995 67 53 E.
516 994 61 55 C.
621 995 156 53 Case.
857 996 129 52 Ann
1032 996 205 69 Arbor,
1280 996 334 70 University
1653 997 63 52 of
1754 996 315 68 Michigan,

73 1075 148 51 1929.

139 1153 1931 51 vi, 56 p. illus.. vii pl. (part fold.) 27½ᶜᵐ. (Half-title: University of
73 1211 245 47 Michigan
358 1210 198 40 studies.
622 1211 228 39 Memoirs
894 1211 49 39 of
986 1213 79 38 the
1109 1211 280 48 University
1430 1212 52 39 of
1525 1212 241 46 Michigan
1810 1223 258 31 museums.

72 1269 217 39 Museum
318 1267 52 39 of
397 1269 351 47 paleontology,
776 1270 91 38 vol.
944 1269 13 44 II)

142 1326 143 39 From
317 1326 82 39 the
430 1325 215 40 Triassic
677 1326 115 39 beds
824 1325 50 40 of
907 1330 207 35 western
1147 1326 159 40 Texas
1337 1337 118 28 near
1489 1326 250 41 Otischalk
1775 1326 46 39 in
1857 1327 209 39 Howard

70 1382 471 49 County, cf. p. 1 .
141 1438 378 42 “References”:
548 1451 44 37 p.
620 1438 158 42 55-56.

75 1494 51 52 ©
157 1499 114 47 May
298 1497 40 48 6,
367 1497 141 47 1929;
537 1497 67 40 2c.
634 1498 114 46 May
775 1497 82 45 31;
889 1496 81 40 aff.
1000 1498 127 38 June
1154 1497 81 42 13;
1267 1497 40 39 A
1337 1497 140 46 9839;
1510 1497 282 49 University
1821 1498 51 40 of
142 1498 1908 105 Michigan,

280 1554 253 41 Graduate
558 1554 162 40 school
748 1553 340 48 publications.
1155 1553 280 50 (29-13739)

74 1634 233 63 Cordts,
342 1633 175 53 Anna
549 1633 321 54 Dorothea.

147 1714 121 52 The
296 1731 122 34 new
450 1714 140 67 path
619 1719 57 46 to
709 1712 255 67 reading,
990 1713 147 52 book
1168 1718 45 51 1,
1241 1714 74 69 by
1345 1713 170 52 Anna
1544 1714 289 51 Dorothea
1865 1712 207 54 Cordts

137 1790 1932 69 … illustrated by Maurice Day. Boston, New York [etc.] Ginn
77 1871 662 67 and company [ ᶜ1 929]
142 1951 61 47 vi,
241 1949 86 41 190
361 1960 43 37 p.
465 1951 86 39 col.
588 1949 129 39 illus.
887 1981 8 7 19ᶜᵐ.

77 2002 51 52 ©
155 2007 127 39 June
308 2007 69 47 15,
402 2005 114 41 1929;
570 2006 66 40 2c.
664 2006 127 39 June
817 2005 54 40 27:
927 2005 82 41 aff.
1038 2005 127 41 June
1190 2006 55 38 25;
1300 2006 41 38 A
1368 2004 113 42 8939;
1537 2005 53 41 A.
1610 2006 55 40 D.
1686 2005 187 42 Cordts,
1892 2007 176 47 Boone,

171 2074 42 30 Ia.
282 2062 280 49 (29-13764)

79 2143 215 68 [Craik,
331 2146 137 52 Mrs.
506 2143 194 53 Dinah
740 2145 190 51 Maria
975 2142 318 68 (Mulock),
1340 2148 318 49 1826-1887.

140 2221 154 54 John
332 2222 267 68 Halifax,
638 2223 342 66 gentleman,
1021 2222 73 68 by
1135 2221 189 53 Dinah
1369 2222 184 52 Maria
1595 2222 247 53 Mulock.
1882 2223 183 53 edited

71 2300 1998 68 with an introduction by Eleanor M. Brown … New York,
70 2381 121 51 The
219 2379 335 53 Macmillan
587 2396 296 50 company.
920 2382 145 49 1929.

207 2459 1799 51 xv p., 1 l., 526 p. inch front. 18½ᶜᵐ. (The modern readers' series)
78 2515 51 52 ©
163 2519 127 40 June
317 2519 72 47 25,
421 2519 140 46 1929;
595 2519 68 40 2c.
695 2518 96 39 and
823 2517 82 41 aff.
937 2519 127 39 June
1094 2518 83 40 26;
1210 2518 42 38 A
1281 2517 140 40 9924:
1458 2517 277 39 Macmillan
1770 2527 66 29 co.
1916 2512 52 51 [©
147 2517 1903 107 introduction]
512 2571 280 53 (29-13781)

76 2656 261 63 Crowell,
368 2659 136 52 Mrs.
539 2655 185 55 Grace
764 2654 192 64 (Noll)
1001 2658 165 52 1877—

204 2733 1865 71 … Miss Humpety comes to tea and other poems, by Grace
73 2813 133 52 Noll
237 2813 272 68 Crowell;
543 2813 381 53 illustrations
952 2813 33 52 by
1054 2812 262 67 Dorothy
1348 2813 248 50 Hearon.
1672 2811 217 59 Dallas,
1919 2813 152 58 Tex.,

74 2892 887 68 The Southwest press [ ᶜ1 929]
144 2974 84 40 119
254 2985 44 37 p.
326 2975 111 39 inch
467 2975 142 46 illus.,
637 2975 172 47 plates.
978 3005 6 7 21ᶜᵐ.

144 3032 62 40 At
230 3032 124 39 head
383 3031 50 39 of
458 3031 135 40 title:
623 3032 39 38 A
690 3031 121 39 book
836 3030 52 39 of
913 3028 260 40 children's
1200 3038 149 30 verse.

80 3084 51 52 ©
157 3089 113 47 Apr.
327 3121 7 14 1,
361 3089 140 42 1929;
528 3089 66 39 2c.
620 3089 95 39 and
742 3088 81 40 aff.
851 3088 126 40 June
1001 3087 82 45 25;
1112 3087 38 37 A
1178 3085 140 41 8926:
1350 3085 274 39 Southwest
1650 3095 149 37 press.

156 3145 280 49 (29-13768).

79 3227 208 63 Crucy,
329 3227 300 53 François.

212 3301 1860 73 … Les Bruegel, par François Crucy. 60 planches hors-texte
80 3403 64 33 en
176 3383 414 70 heliogravure.
657 3383 186 58 Paris,
874 3383 224 52 Rieder.
1136 3383 147 52 1928.

147 3464 54 40 63
234 3475 57 37 p..
322 3466 25 38 1
379 3465 117 40 fold.
529 3467 29 38 1.
618 3464 57 40 60
707 3465 61 47 ph
803 3475 57 27 on
895 3463 56 40 30
981 3465 30 38 1.
1180 3494 7 7 20ᶜᵐ.
1259 3460 258 42 (“Maitres
1551 3461 57 38 de
1639 3460 110 39 hart
1785 3459 224 45 ancien”)

148 3522 420 47 “Bibliographie”
588 3533 9 28 :
627 3532 43 37 p.
704 3520 83 50 [60]

81 3573 1988 53 © Nov. 13. 1928; 1c. Jan. 18, 1929: A—Foreign 1563; Editions Rieder.
161 3636 279 48 (29-13710)

81 3716 201 63 Davis,
316 3717 145 63 Roy,
498 3717 171 55 1877-

150 3787 1920 74 English in school and out. by Roy Davis … and William H.
81 3865 1990 74 Cunningham … Boston, New York [etc.] Ginn and company
85 3950 193 65 [ ᶜ1 929]
