2512 4377
0 0 0 0 182
340 450 229 63 Cutter,
600 449 205 53 Victor
832 447 355 64 Macomber,
1222 451 170 50 1881-

409 529 190 54 Trade
633 527 270 54 relations
936 526 140 53 with
1108 524 176 53 Latin
1315 524 266 52 America
1636 523 94 71 [by]
1768 523 201 54 Victor
2001 523 81 54 M.
2119 522 217 57 Cutter.

341 608 234 66 Boston,
603 606 191 68 Mass.,
821 604 218 55 United
1068 603 147 53 fruit
1242 588 298 83 company,
1571 604 150 52 1929.

407 687 335 49 49 p. 25½ ᶜᵐ .
409 744 117 39 Five
559 743 255 40 addresses
846 742 244 40 delivered
1125 751 129 37 upon
1284 740 200 40 various
1516 739 249 41 occasions
1797 741 61 47 by
1892 741 82 40 the
2007 739 248 50 president
2289 740 51 40 of

338 801 81 40 the
453 800 179 41 United
663 799 127 40 fruit
822 808 250 38 company.

344 852 1777 53 © Feb. 1, 1929; 2c. Feb. 6; aff. Feb. 4; A 4375; United fruit co.
422 911 251 50 (29-4785)

341 1007 203 63 Davis,
577 1007 243 62 Eugene
850 1005 75 55 N.

338 1081 1980 134 The axe with three nicks, by Eugene N. Davis … A Vermont
521 1161 181 53 novel.
765 1162 235 66 Boston,
1025 1161 121 52 The
1173 1159 379 69 Christopher
1578 1160 338 69 publishing
1939 1160 173 53 house
2186 1164 152 64 [ᶜ1929]

408 1242 991 50 184 p. front. (port.) plates. 20½ ᶜᵐ .
347 1297 1997 52 © Feb. 9, 1929; 2c. Feb. 16; aff. Feb. 19; A 4500; E. N. Davis, Boston.
425 1357 252 49 (29-4755)

343 1452 85 52 De
456 1451 86 52 La
569 1451 215 64 Roche,
810 1452 186 63 Mazo,
1027 1456 171 49 1885-

413 1528 121 53 The
558 1533 198 47 return
781 1526 66 54 of
871 1527 97 53 the
994 1527 302 69 emigrant,
1322 1527 76 69 by
1422 1528 167 52 Mazo
1616 1529 87 52 De
1730 1528 84 52 La
1842 1528 207 53 Roche.
2112 1530 236 66 Boston,

341 1606 197 67 Little,
568 1606 230 66 Brown,
827 1605 114 52 and
970 1622 299 51 company,
1302 1608 151 50 1929.

410 1687 695 53 2 p. l., [75]-109 p. 18½ ᶜᵐ .
411 1746 42 40 A
479 1747 129 48 play.

349 1798 1995 54 © Feb. 15, 1929; 2c. and aff. Feb. 16; A 4446; M. De La Roche, Toronto,
417 1859 214 41 Canada.
702 1857 251 51 (29-4897)

350 1954 86 52 De
467 1954 133 62 Lee,
631 1953 220 63 Joseph
883 1951 252 65 Boliver,
1169 1955 83 51 ed.

345 2030 1978 132 … Obstetrics, ed. by Joseph B. De Lee … and J. P. Greenhill …
621 2108 1728 73 Gynecology, ed. by John Osborn Polak … Chicago,
347 2188 123 52 The
501 2188 154 52 Year
684 2187 148 53 book
862 2187 321 67 publishers
1263 2189 152 64 [ᶜ1929]

418 2268 1930 50 2 p. l., 7-688 p. illus., diagrs. 19ᶜᵐ. (The Practical medicine series
398 2326 390 48 … Series 1928)
352 2379 51 52 ©
433 2383 111 40 Feb.
573 2383 40 47 8,
641 2382 142 48 1929;
811 2382 68 40 2c.
909 2383 94 39 and
1033 2382 82 41 aff.
1146 2382 112 42 Feb.
1286 2382 82 47 13;
1398 2383 41 39 A
1467 2383 141 47 5258;
1641 2384 130 40 Year
1797 2384 122 40 book
1949 2384 290 49 publishers.

342 2492 342 53 Delineator
717 2491 172 53 home
925 2491 299 54 institute.

418 2570 334 52 Delineator
793 2568 140 53 cook
973 2567 163 54 book.
1212 2568 246 54 Revised
1497 2570 76 69 by
1612 2571 334 53 Delineator
1986 2573 167 53 home
348 2573 1981 127 institute

505 2648 181 52 under
722 2647 99 53 the
854 2647 281 52 direction
1171 2645 65 54 of
1270 2647 256 53 Mildred
1563 2649 316 54 Maddocks
1919 2651 244 69 Bentley
2201 2651 153 53 from

348 2727 121 51 The
492 2744 124 34 new
636 2725 301 53 Butterick
959 2725 140 53 cook
1119 2725 169 52 book;
1315 2726 190 52 edited
1530 2726 76 69 by
1624 2727 174 53 Flora
1818 2728 148 53 Rose
1988 2730 113 52 and
2120 2729 234 53 Martha

351 2801 2005 77 Van Rensselaer … New York, The Butterick publishing
349 2902 281 49 company
708 2884 151 65 [ᶜ1928]

418 2964 1115 50 vi, 788 p. front., plates, facsims. 21½ ᶜᵐ .
420 3024 101 39 The
554 3022 257 40 Butterick
845 3022 119 40 cook
997 3022 136 45 book,
1167 3022 162 40 edited
1361 3022 62 48 by
1457 3023 188 40 Helena
1682 3024 201 49 Judson,
1919 3026 257 47 published
2210 3026 113 41 1911;

349 3081 103 40 The
478 3091 105 29 new
611 3079 256 40 Butterick
895 3079 117 40 cook
1042 3080 134 45 book,
1205 3079 189 40 revised
1424 3080 96 39 and
1547 3081 230 48 enlarged
1805 3082 63 47 by
1897 3082 145 41 Flora
2073 3083 138 48 Rose,
347 3084 1990 94 published
526 3136 129 41 1924.

357 3191 51 52 ©
437 3195 113 40 Dec.
577 3193 69 49 19,
674 3193 115 41 1928;
845 3193 67 40 2c.
941 3193 113 40 Dec.
1081 3193 55 38 21;
1194 3192 83 41 aff.
1306 3193 110 40 Jan.
1445 3193 69 49 23,
1543 3194 115 40 1929;
1714 3195 43 39 A
1782 3195 116 40 4365;
1956 3196 258 41 Butterick
2243 3198 108 47 pub.

423 3260 68 31 co.
561 3249 252 50 (29-4573)

345 3331 221 64 Dilnot,
600 3330 247 64 George.

421 3406 1934 75 The Black Ace, by George Dilnot … Boston and New York,
352 3485 321 69 Houghton
701 3484 206 52 Mifflin
937 3502 299 52 company,
1269 3487 150 51 1929.

424 3565 491 49 viii, 293 p. 19½ ᶜᵐ .
357 3621 1993 57 © Feb. 15, 1929; 2c. Feb. 18; aff. Feb. 16; A 4487; G. Dilnot, London.
435 3679 251 50 (29-4532)

358 3761 319 64 Edginton,
713 3761 185 52 Helen
933 3761 250 54 Marion.

426 3837 134 54 Life
586 3838 133 53 isn’t
746 3856 59 35 so
833 3838 130 67 bad,
990 3838 75 68 by
1092 3839 140 67 May
1260 3839 314 68 Edginton.
1646 3841 362 66 [Instalment
2039 3849 47 63 5]

458 3922 61 39 (In
547 3917 86 52 My
663 3917 144 43 home
838 3916 277 52 magazine,
1146 3917 133 51 Feb.,
1312 3918 144 50 1929)

359 3973 1974 102 © 1c. Mar. 6, 1929; A ad int. 12394; pubd. Jan. 10; Helen Marion Edginton
542 4033 158 49 Baily,
730 4034 32 40 i.
793 4045 37 29 e.
862 4034 115 41 Mrs.
1011 4033 165 41 Frank
1207 4035 53 40 E.
1292 4034 157 49 Baily,
1483 4035 213 43 London.
