2512 4335
1261 4035 99 49 124

304 398 242 64 Naylor,
578 396 247 56 Charles
851 396 251 64 Wesley,
1137 396 172 54 1874-

380 474 177 54 Chats
603 474 141 52 with
789 473 182 54 Uncle
1016 472 148 54 Jack
1211 472 171 52 about
1429 476 220 62 nature,
1693 471 76 69 by
1817 470 63 55 C.
1925 471 92 54 W.
2065 471 235 69 Naylor.

307 549 1560 69 Anderson, Inch, Gospel trumpet company [ ᶜ19 29 ]
377 630 765 49 128 p. incl. front., illus. 19 ᶜᵐ.
306 685 51 53 ©
391 690 110 40 Jan.
533 689 68 47 25,
635 688 141 47 1929;
810 688 68 42 2c.
910 689 96 39 and
1039 687 82 42 aff.
1155 688 110 40 Jan.
1298 685 83 50 30;
1416 688 41 39 A
1489 686 141 48 5025;
1667 686 174 49 Gospel
1875 689 215 46 trumpet
2123 698 67 30 co.

381 746 252 49 (29-3304)

309 822 221 63 Nol'de,
560 821 173 52 Boris
816 820 479 64 Ėmmanuilovich,
1329 821 194 66 baron,
1555 819 172 54 1876-

371 894 1872 70 Russia in the economic war, by Baron Boris E. Nolde …
300 977 138 52 New
471 976 225 69 Haven,
731 976 145 52 Yale
909 975 320 67 university
1264 993 185 50 press;
1485 975 260 69 London,
1777 975 78 53 H.
1891 973 266 69 Milford,
301 974 1981 134 Oxford
472 1054 318 69 university

830 1072 156 48 press
1025 1054 94 51 for
1155 1054 96 52 the
1291 1053 281 68 Carnegie
1610 1054 355 53 endowment
2005 1054 93 52 for
298 1053 1985 133 international
586 1150 169 50 peace:
816 1130 269 55 Division
1117 1131 63 54 of
1211 1131 311 54 economics
1554 1132 112 52 and
1697 1130 241 72 history,
1971 1134 150 51 1928.

301 1211 1990 100 xvi, 232 p. 25 ᶜᵐ. [Carnegie endowment for international peace. Division of economics and
1026 1269 204 48 history.
1291 1268 257 41 Economic
1586 1271 96 38 and
1722 1269 150 40 social
1909 1269 190 47 history
2137 1269 51 40 of
2226 1270 81 39 the

301 1325 856 48 world war … Russian series]
306 1381 51 52 ©
386 1385 113 41 Dec.
526 1385 69 47 21,
625 1384 116 40 1928;
795 1384 68 40 2c.
892 1384 111 40 Feb.
1032 1383 40 47 2,
1101 1382 114 40 1929;
1275 1382 82 41 aff.
1387 1383 111 41 Feb.
1528 1383 27 39 6;
1612 1384 41 38 A
1681 1383 113 40 5162;
1856 1383 235 48 Carnegie
370 1384 1919 97 endowment

534 1441 81 40 for
647 1441 251 40 internati,
932 1451 159 37 peace,
1126 1439 336 49 Washington.
1534 1439 251 48 (29-3422)

297 1508 197 52 North
527 1507 254 53 Dakota.
854 1508 275 67 Supreme
1161 1514 175 46 court.

372 1583 1936 70 Reports of cases decided … November 4, 1927 to June 30,
303 1666 150 50 1928.
530 1662 129 69 (117
688 1663 195 68 cases.)
959 1663 68 52 E.
1058 1662 55 54 J.
1145 1663 233 67 Taylor,
1408 1667 273 62 reporter,
1749 1681 50 33 v.
1835 1665 80 49 56.
1983 1660 326 69 Rochester,

300 1743 70 51 N.
402 1742 90 67 Y.,
521 1742 122 52 The
671 1742 268 67 Lawyers
970 1741 384 67 co-operative
1384 1740 337 68 publishing
1752 1758 299 50 company,
2085 1743 150 49 1928.

371 1823 420 49 xix, 995 p. 23 ᶜᵐ.
307 1876 51 52 ©
388 1880 113 41 Dec.
530 1880 69 48 27,
629 1880 141 46 1928;
801 1880 67 40 2c.
899 1879 112 40 Dec.
1041 1879 83 47 29;
1156 1878 82 42 aff.
1269 1879 111 40 Jan.
1410 1880 39 46 7,
1480 1878 142 48 1929;
1655 1879 41 38 A
1724 1878 142 48 3837;
1901 1877 138 41 State
2069 1878 51 40 of
2151 1879 157 39 North

373 1937 209 47 Dakota,
612 1936 270 47 Bismarck,
910 1936 57 40 N.
996 1936 57 40 D.

303 2003 419 63 Nottingham,
755 2003 295 63 Stratton,
1084 2021 178 49 comp.

371 2081 123 51 The
529 2081 289 69 marriage
855 2080 205 52 license
1097 2080 184 52 bonds
1318 2079 64 53 of
1419 2080 430 68 Northampton
1890 2078 246 70 County,
301 2079 1983 149 Virginia,

521 2160 153 52 from
718 2159 134 54 1706
893 2165 58 47 to
997 2162 149 50 1854.
1242 2158 198 53 Listed
1483 2159 113 51 and
1639 2158 244 52 indexed
1925 2155 76 71 by
2045 2157 264 55 Stratton

302 2236 1167 70 Nottingham. Onancock, Va. [ ᶜ19 29 ]
371 2319 693 49 3 p. l., 135 numb. 1. 26 ᶜᵐ.
373 2376 410 49 Mimeographed.

307 2429 51 52 ©
388 2434 111 39 Jan.
529 2433 69 47 18,
626 2433 142 47 1929;
798 2433 68 40 2c.
896 2433 112 40 Feb.
1036 2433 26 40 7;
1121 2431 82 41 aff.
1235 2432 112 40 Feb.
1377 2431 53 47 8;
1463 2432 41 38 A
1534 2431 140 44 5175;
1711 2431 44 41 S.
1786 2431 334 48 Nottingham,
373 2431 1918 107 Onancock,
537 2490 86 39 Va.

304 2555 428 65 Ortenburger,
767 2555 234 52 Arthur
1034 2554 222 64 Irving,
1293 2559 172 49 1898-

378 2633 121 54 The
539 2634 155 67 whip
734 2633 201 53 snakes
976 2633 113 52 and
1130 2651 185 34 racers:
1386 2650 206 51 genera
1632 2632 378 68 Masticophis
2051 2633 113 52 and
308 2650 1979 129 Coluber,

509 2712 76 69 by
609 2711 226 53 Arthur
859 2711 207 69 Irving
1091 2710 410 69 Ortenburger.
1577 2711 137 51 Ann
1741 2710 209 68 Arbor,
1973 2710 339 68 University

307 2791 64 52 of
399 2790 317 68 Michigan,
746 2792 151 50 1928.

377 2870 1841 50 3 p. l., v-xviii, 247 p. illus., xxxvi pl., maps (part fold.) diagrs. 27½ ᶜᵐ.
317 2929 300 50 (Half-title:
647 2929 284 48 University
960 2928 52 41 of
1041 2928 247 48 Michigan
1317 2928 201 40 studies.
1575 2927 231 41 Memoirs
1835 2927 51 41 of
1916 2927 83 41 the
2028 2926 283 50 University

308 2987 51 40 of
390 2986 247 48 Michigan
667 2997 259 36 museums,
956 2987 94 39 vol.
1108 2987 13 47 I)

381 3044 307 40 “Literature
712 3043 128 40 cited
864 3043 50 39 in
939 3043 80 41 the
1044 3042 133 41 text”:
1240 3053 43 37 p.
1308 3042 217 40 235-243.

308 3096 51 52 ©
389 3101 117 41 Nov.
536 3101 70 48 28,
638 3100 117 41 1928;
810 3100 68 40 2c.
909 3101 110 40 Jan.
1050 3100 68 48 12,
1150 3099 117 40 1929;
1324 3098 82 41 aff.
1439 3099 112 40 Dec.
1582 3099 69 47 22,
1684 3098 118 40 1928;
1860 3099 41 38 A
1931 3097 114 41 2893;
374 3097 1917 108 University
505 3157 51 40 of

589 3157 261 48 Michigan.
912 3157 250 39 Graduate
1197 3156 163 40 school
1394 3154 340 49 publications,
1767 3155 110 38 Ann
1911 3154 170 40 Arbor.

386 3213 252 50 (29-3300)

305 3278 365 64 Parijanine,
703 3279 281 64 Maurice,
1021 3284 169 49 1885-

374 3358 122 52 The
516 3357 264 69 Krassin,
800 3358 76 68 by
898 3357 257 53 Maurice
1176 3357 338 68 Parijanine;
1569 3356 318 54 translated
1907 3356 77 70 by
2005 3355 304 53 Lawrence

311 3434 1732 70 Brown … New York, The Macaulay company [ᶜ1929]
377 3518 99 48 216,
514 3518 54 49 [2]
605 3529 43 37 p.
722 3517 164 48 front.,
921 3517 130 40 illus.
1079 3516 198 49 (double
1312 3516 135 49 map)
1491 3518 171 48 plates,
1699 3519 149 46 ports.
1908 3515 56 41 20½ᶜᵐ.

378 3577 185 39 “Roald
596 3575 324 46 Amundsen”,
953 3576 61 46 by
1050 3576 260 39 Lawrence
1344 3575 179 39 Brown:
1585 3575 27 39 2
1647 3586 44 37 p.
1723 3577 52 38 at
1808 3576 107 39 end.

309 3629 52 52 ©
389 3634 109 39 Jan.
525 3633 68 43 10,
619 3632 141 47 1929;
790 3632 67 40 2c.
884 3633 96 39 and
1007 3632 81 42 aff.
1116 3633 110 40 Jan.
1253 3632 83 47 12;
1364 3633 41 38 A
1430 3632 142 48 2783;
1602 3633 260 46 Macaulay
1890 3642 67 30 co.

387 3688 252 50 (29-3211)

306 3756 266 63 Phillips,
611 3756 227 62 George
873 3755 273 55 Wallace.

382 3833 123 52 The
550 3833 144 52 hour
740 3833 64 52 of
851 3851 225 49 prayer,
1122 3833 242 67 KTAB,
1408 3833 75 68 by
1531 3833 135 54 Geo.
1711 3833 90 54 W.
1849 3832 271 68 Phillips,
2204 3875 8 9 D.
2300 3874 10 10 D.

307 3930 52 34 v.
390 3916 44 48 1.
501 3911 286 67 Oakland,
817 3910 196 69 Calif.,
1041 3912 188 52 Tenth
1259 3930 214 34 avenue
1503 3911 236 68 Baptist
1767 3910 212 53 church
2122 3913 84 62 [ᶜ1928]
