2533 4342
1308 3995 140 53 2050

454 435 28 39 4
505 446 43 37 p.
611 466 8 16 l.,
645 434 86 41 178
755 445 43 37 p.
850 435 25 38 1
900 433 145 47 illus.,
1073 434 157 40 tables
1257 432 49 49 (1
1332 432 144 47 fold.)
1538 432 117 40 23ᶜᵐ.

457 502 934 49 Earlier Éditions by A. R. Bliss, jr.
396 570 52 52 ©
472 575 119 39 Nov.
616 574 69 48 11,
710 573 141 48 1929;
876 573 69 41 2c.
972 574 96 39 and
1095 572 82 42 aff.
1203 573 113 40 Dec.
1343 572 53 47 9;
1424 572 41 39 A
1491 571 171 46 16319;
1692 571 60 39 Η.
1780 571 61 39 H.
1871 570 232 41 Schaefer
2130 570 96 39 and
2252 569 54 39 A.
2335 569 56 39 R.

463 630 144 47 Bliss,
640 631 75 47 jr.,
750 629 254 49 Memphis,
1039 629 148 40 Tenn.
1261 627 280 49 (29-29689)

387 721 224 65 Bower,
641 722 256 53 William
931 722 269 64 Clayton,
1236 724 170 53 1878-

458 802 294 68 Religious
781 802 301 53 education
1108 802 59 52 in
1194 801 95 53 the
1316 802 236 52 modern
1579 801 229 68 church,
1834 801 76 69 by
1936 799 261 54 William

388 799 2008 147 Clayton Bower … A textbook in the Standard leadership training
391 956 346 52 curriculum
767 956 259 53 outlined
1044 957 112 51 and
1190 956 294 67 approved
1514 955 75 68 by
1609 956 96 51 the
1728 954 423 52 International
2172 953 222 52 council

387 1035 64 54 of
476 1034 271 71 religious
772 1035 318 54 education.
1154 1034 83 55 St.
1263 1035 191 56 Louis,
1480 1034 133 70 Mo.,
1641 1033 242 54 Printed
1911 1034 92 53 for
2030 1034 97 53 the

388 1032 1982 150 Leadership
565 1115 259 67 training
871 1114 337 68 publishing
1255 1112 357 69 association,
1658 1114 75 69 by
1780 1113 95 52 the
1924 1112 265 68 Bethany
2237 1130 157 49 press

433 1195 151 64 [ᶜ1929]

462 1272 342 49 270 p. 19 ᶜᵐ .
396 1336 1995 53 © Aug. 1, 1929; 2c. and aff. Dec. 21; A 17504; W. C. Bower, Chicago.
386 1448 248 65 Brandt,
665 1449 246 53 Francis
938 1449 219 65 Burke,
1191 1454 171 51 1865-

454 1527 124 54 The
607 1527 259 69 majestic
898 1529 317 68 Delaware,
1247 1529 98 53 the
1371 1528 247 55 nation’s
1650 1528 276 53 foremost
1955 1527 237 54 historic
2226 1526 169 69 river,

384 1604 2011 71 by Francis Burke Brandt … With over 150 illustrations from
385 1683 365 69 engravings,
786 1685 94 52 old
920 1683 206 70 prints,
1162 1684 395 69 photographs
1593 1686 113 52 and
1745 1684 314 69 paintings,
2094 1683 301 70 including

386 1760 276 70 originals
692 1761 76 71 by
801 1761 239 71 Stanley
1069 1762 80 53 M.
1182 1762 270 69 Arthurs,
1481 1761 292 70 drawings
1801 1762 77 70 by
1905 1760 200 54 Frank
2133 1760 79 53 H.
386 1761 1984 131 Taylor
508 1842 113 51 and

659 1838 1736 72 aerial views by Victor Dallin … Philadelphia, The
386 1918 226 52 Brandt
645 1919 112 52 and
791 1916 308 56 Gummere
1129 1936 282 51 company
1490 1921 151 64 [ᶜ1929]

459 1995 851 50 192 p. incl. front., illus. 26½ ᶜᵐ .
393 2049 1978 109 © Dec. 6, 1929; 2c. Dec. 9; aff. Dec. 7: A 17266; F. B. Brandt. Philadelphia.
740 2110 282 47 (29-29706)

384 2202 210 63 Brock,
622 2204 208 63 Henry
856 2203 224 66 Irving,
1113 2206 172 53 1876-

455 2282 140 53 New
628 2282 164 53 York
823 2282 47 55 is
900 2283 117 54 like
1048 2284 133 69 this,
1212 2285 76 69 by
1320 2284 76 54 Η.
1430 2284 47 52 I.
1513 2284 192 53 Brock
1736 2286 113 51 and
1881 2285 56 54 J.
1969 2285 91 53 W.
2096 2283 296 56 Golinkin.

385 2359 139 54 New
554 2361 180 66 York,
761 2362 191 67 Dodd,
979 2362 172 54 Mead
1178 2364 46 50 &
1251 2380 298 51 company,
1579 2365 151 51 1929.

456 2440 948 49 3 p. l., 236 p. front., illus. 26½ ᶜᵐ .
392 2492 1998 56 © Nov. 22, 1929; 2c. and aff. Nov. 27; A 17312; Dodd, Mead & co., inc.
468 2553 280 48 (29-29704)

382 2645 292 65 Brunner,
706 2647 284 53 Heinrich
1022 2648 173 64 Emil,
1228 2653 171 51 1889-

455 2723 1936 72 The theology of crisis, by H. Emil Brunner … New York,
383 2800 260 67 London,
673 2800 62 55 C.
768 2800 314 56 Scribner’s
1110 2822 147 49 sons,
1289 2806 151 51 1929.

455 2880 126 41 xxiii
609 2892 57 38 p.,
696 2883 25 38 1
786 2913 9 17 l.,
824 2882 86 42 118
937 2894 44 38 p.
1041 2882 147 43 19½ᶜᵐ.

459 2937 1557 48 “The essays … were delivered as the Swander lectures
2046 2942 50 41 in
2128 2944 81 39 the
386 2943 1988 99 Theological
591 2994 247 47 seminary
869 2995 52 40 of
952 2996 83 40 the
1067 2996 261 41 Reformed
1363 2998 180 39 church
1578 2998 48 39 in
1661 2999 82 40 the

385 2999 1990 98 United States at Lancaster, Pa. … 1928.”
458 3105 68 40 “A
554 3106 129 40 brief
711 3106 397 50 bibliography”:
1140 3118 44 38 p.
1213 3107 101 42 115.

390 3158 52 52 ©
475 3164 118 41 Nov.
626 3164 70 42 22,
729 3164 140 44 1929;
906 3164 67 41 2c.
1009 3166 111 41 Dec.
1157 3166 51 46 6;
1246 3166 80 39 aff.
1362 3167 112 40 Dec.
1509 3167 52 41 5;
1597 3167 42 39 A
1673 3168 169 41 16195:
1881 3169 202 40 Charles
2121 3168 267 41 Scribner’s

456 3229 126 32 sons.
652 3220 281 50 (29-29538)

383 3311 203 66 Camp,
612 3313 169 56 Jean.

517 3389 1337 75 … Vin nouveau … Paris, Gallimard, 1929.
453 3471 1350 54 3 p. l., [9]-222 p., 1 l. 19 ᶜᵐ . (Les livres du jour)
388 3521 52 53 ©
477 3527 114 48 May
624 3528 69 42 15,
730 3528 141 48 1929;
909 3530 67 40 3c.
1016 3531 115 47 July
1167 3531 81 41 27:
1288 3533 312 47 A—Foreign
1636 3534 143 47 4077;
1820 3534 241 40 Librairie
2100 3533 286 40 Gallimard.

464 3581 221 49 (30-147)

380 3674 315 66 Campbell,
726 3677 156 54 John
912 3679 164 64 Lyle.

450 3753 1937 79 The miracle of Peille, by J. L. Campbell … woodcut by
379 3829 239 69 Edgard
649 3833 177 58 Parin
859 3835 314 57 d’Aulaire.
1250 3839 140 52 New
1420 3840 181 64 York,
1630 3840 69 60 E,
1729 3842 65 56 P.
1826 3841 224 54 Dutton
2079 3843 46 50 &
2153 3859 98 52 co.,
2279 3843 109 51 inc.

423 3911 151 67 [ᶜ1929]
