2533 4384
1068 4014 101 49 363

204 434 84 48 xii,
316 434 99 48 355,
450 433 54 51 [1]
536 443 45 39 p.
639 433 166 47 front.,
834 434 172 48 plates,
1038 434 123 47 port.
1220 432 55 40 21½ᶜᵐ.

205 489 234 43 Contains
470 489 168 41 music.

205 546 167 40 “Brief
402 545 367 49 bibliography”:
829 556 44 38 p.
900 545 220 41 330-336.

137 599 51 52 ©
215 605 123 38 Mar.
365 603 68 47 13,
461 602 114 40 1929;
630 603 68 40 2c.
726 603 124 39 Mar.
876 602 56 39 14;
987 600 83 43 aff.
1098 603 123 39 Mar.
1248 600 54 40 15;
1360 601 41 39 A
1427 600 117 41 5849;
1600 600 171 49 Irving
1796 601 193 47 Brown,
2018 601 109 41 New

204 660 144 39 York.
419 659 250 49 (29-7609)

136 753 221 64 Canby,
389 754 206 64 Henry
622 752 210 67 Seidel,
866 754 170 54 1878-

207 833 306 52 American
553 834 305 67 estimates,
896 833 76 69 by
1011 832 204 70 Henry
1257 831 190 56 Seidel
1488 831 216 70 Canby.
1780 832 140 52 New
1959 831 180 69 York,

131 911 1193 68 Harcourt, Brace and company [ ᶜ1 929]
198 990 531 49 4 p. l., 3-287 p. 21 ½ ᶜᵐ.
137 1045 51 52 ©
221 1051 121 40 Mar.
372 1050 70 47 21,
474 1049 141 46 1929;
646 1050 69 40 2c.
746 1050 96 39 and
873 1048 82 42 aff.
987 1050 121 39 Mar.
1139 1049 83 47 23;
1254 1048 41 40 A
1327 1048 141 47 6116;
1502 1049 263 48 Harcourt,
1797 1050 160 40 Brace
1987 1049 37 40 &
2054 1060 83 34 co.,

200 1106 92 41 inc.
360 1106 250 49 (29-7862)

136 1199 138 55 Coal
304 1216 129 47 age.

199 1277 206 52 Tested
441 1276 304 69 operating
776 1276 185 65 ideas;
1000 1295 31 34 a
1067 1276 298 53 collection
1399 1276 65 53 of
1499 1278 66 51 86
1599 1276 376 69 coal-mining
129 1294 1986 128 suggestions

404 1355 113 52 and
547 1358 63 49 59
637 1354 284 53 electrical
950 1354 113 53 and
1090 1354 396 53 maintenance
1509 1353 188 68 kinks,
1725 1355 78 52 all
1830 1353 66 54 of
1922 1354 216 68 proved

129 1432 165 53 value
319 1431 59 53 in
404 1432 205 69 saving
634 1431 154 68 time,
813 1450 204 51 money
1043 1433 113 52 and
1183 1431 170 54 effort
1378 1432 59 52 in
1464 1431 169 68 mine,
1657 1432 144 68 shop
1829 1432 114 53 and
1969 1432 167 53 office.

133 1509 158 67 [New
327 1509 180 67 York]
551 1508 140 56 Coal
727 1528 132 51 age;
899 1510 139 53 New
1075 1509 181 68 York,
1291 1508 70 54 N.
1400 1509 91 68 Y.,
1527 1509 434 56 McGraw-Hill
127 1509 1985 148 publishing

372 1604 297 51 company,
698 1587 128 69 inc.,
857 1590 149 51 1929.

197 1670 801 50 158, [2] p. illus., diagrs. 24 ᶜᵐ.
131 1723 51 52 ©
219 1729 122 39 Mar.
377 1728 39 47 1,
450 1727 119 40 1929:
628 1728 68 39 2c.
732 1728 123 39 Mar.
889 1728 52 45 2;
979 1726 83 41 aff.
1097 1728 122 39 Mar.
1256 1726 82 47 14;
1376 1727 40 39 A
1450 1726 142 44 4953;
1633 1727 353 41 McGraw-Hill
2023 1729 109 47 pub.

196 1795 83 37 co.,
309 1784 91 41 inc.
468 1784 251 49 (29-7758)

130 1879 168 63 Coar,
330 1878 154 53 John
518 1878 261 63 Firman,
815 1883 170 50 1863-

194 1956 122 52 The
354 1974 168 49 peace
560 1955 64 54 of
662 1956 246 67 nations,
946 1956 76 69 by
1062 1956 153 54 John
1260 1956 241 52 Firman
1543 1955 166 56 Coar.
1798 1958 335 69 Plymouth,

122 2033 191 67 Mass.,
343 2034 120 53 The
491 2033 306 54 Memorial
827 2052 174 50 press,
1036 2037 150 50 1928.

192 2114 247 48 88 p. 20 ᶜᵐ.
129 2168 51 52 ©
211 2174 114 46 May
354 2173 69 45 31,
454 2173 140 42 1928;
626 2174 68 39 2c.
724 2174 96 39 and
850 2173 83 41 aff.
963 2173 112 40 Feb.
1104 2173 69 43 18,
1203 2173 143 47 1929;
1378 2174 41 39 A
1449 2173 141 48 5830;
1624 2174 43 41 J.
1700 2174 52 41 F.
1785 2173 139 49 Coar,
194 2174 1919 102 Kingston,

323 2231 148 39 Mass.
539 2230 252 48 (29-7836)

129 2323 266 57 Conklin.
432 2325 212 52 Emma
678 2325 218 54 Burke.

196 2402 53 52 A
285 2404 154 53 brief
473 2404 223 69 history
732 2405 65 53 of
832 2406 200 67 Logan
1072 2405 247 70 County,
1357 2405 303 64 Colorado,
1696 2407 135 53 with
126 2407 1981 128 reminiscenses

370 2483 75 69 by
504 2482 276 69 pioneers,
839 2483 282 69 compiled
1181 2485 109 52 and
1354 2486 283 67 arranged
1700 2484 94 54 for
1852 2485 282 69 Elbridge

125 2559 187 70 Gerry
361 2561 254 68 chapter,
665 2562 331 68 Daughters
1048 2562 64 53 of
1160 2563 96 54 the
1306 2561 307 55 American
1666 2564 339 66 revolution,
2054 2564 77 70 by

125 2639 1942 72 Emma Burke Conklin, assisted by members of the chapter …
130 2716 294 68 [Sterling,
476 2717 139 59 Col.,
666 2719 280 66 Elbridge
997 2718 187 70 Gerry
1234 2720 254 68 chapter,
1539 2720 331 69 Daughters
1920 2721 65 52 of
2033 2722 96 53 the

123 2795 885 69 American revolution, ᶜ1 928]
188 2877 1136 50 4 p. l ., 11-354 p. illus. (incl. ports.) 23½ ᶜᵐ.
191 2933 148 41 Short
369 2934 340 48 bibliography
739 2935 226 40 included
997 2935 50 40 in
1081 2935 290 48 “Prefatory
1403 2937 158 39 note”.

122 2985 51 53 ©
205 2991 103 40 Oct.
338 2990 69 48 29,
438 2990 141 48 1928;
610 2992 68 40 2c.
708 2992 119 40 Nov.
857 2991 53 47 5;
941 2991 83 42 aff.
1056 2993 121 41 Mar.
1207 2992 69 43 14,
1308 2992 142 48 1929;
1484 2993 39 39 A
1553 2994 115 40 6127;
1730 2996 52 39 E.
1815 2996 54 39 B.
1903 2994 220 50 Conklin,

192 3047 226 48 Sterling.
450 3047 97 41 Col.
614 3047 252 49 (29-8045)

125 3126 174 62 Cook,
339 3127 124 64 (T.)
503 3129 146 67 firm,
680 3131 342 66 publishers,
1052 3131 256 54 London.

203 3206 859 63 (1929. Thos. Cook & son)
191 3281 375 71 Suggestions
591 3284 95 53 for
709 3286 327 53 individual
1059 3287 276 53 travelers
1360 3287 56 52 in
1445 3287 260 69 Europe;
1732 3289 204 60 where,
1961 3289 165 54 when

120 3361 1683 73 and how to go. New York, Thos. Cook & son, ᶜ1 929.
187 3443 55 41 53
275 3453 43 38 p.
378 3444 130 40 illus.
570 3446 55 40 23½ᶜᵐ.

189 3499 72 41 On
292 3511 168 30 cover:
494 3500 171 42 Cook’s
697 3503 158 39 travel
886 3503 199 41 service.

119 3551 51 53 ©
201 3557 112 39 Feb.
341 3557 69 43 26,
440 3557 119 40 1929;
612 3559 68 39 2c.
709 3560 96 39 and
834 3559 83 41 aff.
946 3561 122 39 Mar.
1097 3561 59 40 15;
1211 3561 39 39 A
1279 3561 114 41 5833;
1453 3561 142 42 Thos.
1627 3562 130 42 Cook
1787 3566 37 41 &
1854 3573 101 31 son.

194 3612 251 48 (29-7742)

120 3693 221 64 Curtis,
373 3693 218 55 Claude
622 3695 204 64 Davis,
861 3697 168 54 1887-

186 3770 185 53 Three
400 3777 258 62 quarters
690 3772 65 53 of
785 3792 33 34 a
850 3780 237 63 century
1118 3781 57 47 at
1207 3776 236 53 Martha
1472 3777 388 70 Washington
1893 3779 229 69 college,

116 3846 75 69 by
225 3847 219 55 Claude
475 3850 71 52 D.
583 3849 211 56 Curtis.
867 3853 236 67 Bristol,
1137 3854 333 68 Tenn.-Va.,
1504 3855 121 53 The
1660 3855 164 71 King
1858 3855 266 72 printing

115 3943 298 54 company,
448 3931 149 51 1928.
