2561 4405
1106 4053 66 51 99

141 402 248 64 Burton,
428 401 309 53 Elizabeth
775 401 213 54 Eaton.

221 478 167 53 Paris
421 478 299 69 vignettes,
753 478 75 68 by
862 477 303 53 Elizabeth
1199 477 190 52 Eaton
1426 477 252 66 Burton;
1716 475 141 54 with
152 476 1968 133 illustrations
326 556 77 67 by
426 555 94 53 the
548 555 222 52 author.
846 555 139 52 New
1012 554 179 67 York,
1218 554 78 52 H.
1324 554 194 67 Vinal,
1546 553 121 68 ltd.,
1698 556 150 51 1928.

221 634 1131 51 xii p., 2 l., 133 p. incl. front., illus. 24 ᶜᵐ .
149 704 52 51 ©
231 708 112 40 Dec.
371 707 69 48 20,
469 706 141 47 1928;
641 707 68 40 2c.
739 707 111 40 Jan.
879 707 69 46 17,
978 706 114 40 1929
1111 716 8 36 ;
1152 705 83 41 alf.
1265 706 110 40 Jan.
1406 706 83 47 16;
1521 706 41 39 A
1591 704 143 49 3802;
1767 706 189 41 Harold
1987 706 159 48 Vinal,

214 765 86 39 ltd.
367 762 251 50 (29-2910)

143 858 280 63 Cadman,
453 856 236 55 Samuel
718 856 244 55 Parkes.

221 934 326 68 [Foreword
574 952 72 34 on
673 933 121 53 The
819 934 173 68 study
1019 932 64 53 of
1110 933 98 52 the
1232 933 184 68 Bible]
1449 933 76 69 by
1555 932 57 55 S.
1641 933 216 53 Parkes
1887 932 259 55 Cadman

205 1011 1943 69 … [in the book entitled] The International Bible commentary
205 1088 1939 71 … ed. by C. H. Irwin … Philadelphia, Chicago [etc.] The
141 1168 1092 68 John C. Winston company [ᶜ192 8]
212 1250 940 49 575 p. front., plates, maps. 22 ᶜᵐ .
145 1317 52 51 ©
230 1321 126 47 Sept.
386 1320 69 49 19,
485 1321 141 47 1928;
656 1321 68 40 2c.
753 1321 110 40 Jan.
891 1321 70 47 24,
991 1320 142 47 1929;
1165 1319 83 41 aff.
1278 1320 110 40 Jan.
1416 1319 83 47 29;
1530 1319 42 39 A
1601 1319 142 43 4111;
1776 1319 128 41 John
1936 1319 49 41 C.
213 1319 1915 99 Winston
349 1388 67 31 co.

138 1471 180 64 Cady,
355 1471 231 53 Marion
622 1472 239 54 Ernest.

210 1551 122 53 The
367 1551 148 53 book
550 1550 65 54 of
649 1557 231 61 nature;
920 1550 141 54 with
1096 1550 96 54 the
1229 1551 241 55 Creator
1507 1550 154 54 from
1699 1569 196 35 season
1932 1556 59 48 to
139 1568 1983 130 season,

295 1627 1790 72 by Marion E. Cady; revised by Frances A. Howell …
140 1726 32 33 a
210 1708 248 53 revision
499 1708 64 53 of
602 1708 166 53 Bible
807 1714 202 47 nature
1050 1706 187 70 series,
1275 1708 176 54 books
1491 1726 103 35 one
1637 1709 112 52 and
1788 1714 130 47 two.
137 1705 1983 135 Published

362 1785 95 54 for
493 1787 96 52 the
627 1787 382 67 Department
1049 1787 63 53 of
1151 1787 301 53 education
1493 1786 65 53 of
1594 1788 98 53 the
1732 1786 246 55 General
140 1806 1981 111 conference
404 1864 64 53 of

512 1864 392 70 Seventh-day
945 1864 355 55 Adventists.
1375 1864 308 54 Mountain
1723 1864 181 69 View,
1951 1864 195 69 Calif.,

139 1940 241 67 Omaha,
414 1942 138 54 Neb.
594 1946 137 63 [etc.]
772 1941 214 55 Pacific
1022 1961 157 50 press
1215 1942 337 70 publishing
1588 1942 339 55 association
1969 1946 171 64 [1929]

210 2023 1028 49 1 p. l., v-xvii, 280 p. illus., pl. 20 ᶜᵐ .
142 2091 52 51 ©
223 2095 111 39 Jan.
360 2096 40 46 7,
427 2093 141 49 1929;
597 2094 68 41 2c.
693 2096 96 38 and
818 2094 82 41 aff.
929 2095 111 40 Jan.
1067 2095 83 47 16;
1180 2095 41 39 A
1248 2094 143 47 3750;
1422 2095 180 41 Pacific
1629 2106 137 37 press
1794 2095 109 48 pub.
1934 2105 129 30 assn.

219 2150 252 49 (29-3042)

139 2243 318 65 Campbell,
492 2243 228 66 George
753 2245 315 65 Johnston,
1106 2247 171 54 1872-
1497 2264 179 51 comp.

210 2322 274 71 Borough
507 2324 109 53 law
640 2323 65 55 of
725 2324 96 54 the
845 2325 470 54 commonwealth
1339 2324 65 55 of
1426 2324 456 71 Pennsylvania;
1908 2325 233 54 manual

140 2401 2001 73 of statutes, compiled by Geo. J. Campbell … Pittsburgh, Pa.,
140 2479 844 71 Smith bros. co. inc., ᶜ192 8.
211 2561 133 48 xxiv,
376 2561 85 43 533
491 2573 44 38 p.
594 2562 148 42 23½ᶜᵐ.

139 2616 52 51 ©
219 2619 111 41 Dec.
356 2620 69 47 31,
452 2619 142 48 1928;
622 2620 68 41 2c.
717 2621 111 40 Jan.
854 2621 68 47 11,
950 2621 142 41 1929:
1122 2622 41 40 A
1187 2621 143 47 4002;
1363 2621 156 41 Smith
1546 2623 126 41 bros.
1700 2633 83 38 co.,
1811 2623 91 41 inc.

216 2676 251 48 (29-2806)

138 2769 274 65 Carman,
443 2771 139 53 Mrs.
617 2771 273 65 Dorothy
930 2772 387 65 (Walworth)

271 2848 1867 74 … The glory and the parlour. Garden City, N. Y., Double-
135 2925 130 70 day,
293 2926 200 54 Doran
523 2927 112 53 and
663 2946 300 52 company,
990 2929 128 69 inc.,
1149 2932 151 53 1929.

210 3008 547 49 3 p. l., 276 p. 20 ᶜᵐ .
210 3063 64 42 At
300 3065 126 40 head
452 3065 52 40 of
531 3065 136 41 title:
696 3066 222 48 Dorothy
947 3068 271 41 Walworth
1247 3068 226 42 Carman.

138 3118 52 51 ©
224 3122 110 40 Jan.
363 3121 71 49 25,
467 3122 141 41 1929:
642 3123 67 41 2c.
743 3125 96 39 and
873 3124 83 41 aff.
989 3125 111 42 Jan.
1132 3125 84 48 31;
1250 3127 42 39 A
1324 3127 144 47 4145;
1504 3128 57 40 D.
1595 3129 72 40 W.
1702 3129 226 48 Carman,
205 3130 1920 96 Maplewood,

384 3179 57 41 N.
470 3180 44 40 J.
581 3179 252 51 (29-2816)

133 3271 326 64 Champion
489 3273 70 52 de
589 3274 350 64 Crespigny,
971 3276 152 53 Rose
1154 3277 149 64 Key.

204 3349 122 54 The
364 3350 187 53 riddle
591 3350 65 53 of
693 3353 98 52 the
829 3354 296 67 emeralds,
1165 3355 76 68 by
1280 3355 140 53 Mrs.
1462 3356 202 69 Philip
1708 3356 324 70 Champion
2074 3358 69 53 de

134 3426 339 70 Crespigny.
550 3429 364 66 [Instalment
948 3435 28 48 1]

212 3510 83 48 (In
323 3506 202 45 London
556 3507 203 53 Sunday
790 3510 210 52 graphic
1031 3511 97 44 and
1160 3511 203 53 Sunday
1394 3513 199 50 herald)

136 3562 52 51 ©
222 3566 66 41 1c.
322 3566 111 41 Feb.
465 3567 39 48 1,
537 3568 141 47 1929;
712 3569 41 39 A
785 3570 63 40 ad
880 3570 87 41 int.
1001 3571 170 47 12335;
1206 3573 145 47 pubd.
1385 3573 112 40 Dec.
1531 3573 41 48 2,
1607 3574 141 46 1928;
1785 3574 56 41 R.
1876 3575 59 41 K.
203 3575 1919 97 Champion
346 3624 60 42 de

436 3622 280 52 Crespigny,
746 3626 30 41 i.
809 3637 38 30 e.
878 3627 116 41 Mrs.
1026 3627 165 51 Philip
1220 3628 270 50 Champion
1521 3631 61 41 de
1613 3630 281 50 Crespigny,
1926 3632 214 42 London.

134 3731 298 55 Chemical
469 3734 115 53 and
622 3734 435 66 metallurgical
1096 3737 407 67 engineering.

207 3809 405 71 Modernizing
645 3811 95 54 for
771 3813 202 69 profits
1007 3815 60 52 in
1101 3816 273 54 chemical
1408 3818 372 71 engineering
1811 3819 329 56 industries.

140 3885 138 55 New
323 3887 182 69 York,
549 3889 68 53 N.
665 3890 92 64 Y.,
804 3890 291 56 Chemical
1142 3895 114 53 and
1299 3896 423 68 metallurgical
1769 3898 372 66 engineering

143 3969 193 63 [ ᶜ192 9]
