2533 4384
1076 4036 100 49 453

207 450 1143 51 5 p. l., 262 p. plates, ports., facsims. 24 ᶜᵐ.
192 521 120 41 This
347 521 123 41 book
505 523 222 47 presents
764 523 191 47 reports
992 523 53 39 of
1083 524 291 39 statements
1410 523 141 39 made
1589 523 62 47 by
1689 522 110 41 “the
1840 522 299 50 Unknown”,

136 579 82 39 the
253 578 230 42 so-called
521 578 143 41 “Mrs.
703 578 327 42 Chaikovski”
1070 590 54 29 or
1158 579 282 48 Anastasia,
1478 580 96 40 and
1611 579 151 40 views
1800 579 53 41 of
1889 580 142 40 other
136 587 1984 98 responsible

425 636 96 39 and
566 635 202 40 reliable
816 634 301 42 individuals
1165 634 232 49 claiming
1444 636 110 40 that
1602 635 110 41 “the
1760 635 287 41 Unknown”
2096 635 43 42 is

135 691 234 42 identical
404 692 120 39 with
560 690 281 48 Anastasia,
881 692 81 39 the
999 693 242 46 daughter
1277 692 53 40 of
1366 693 82 39 the
1487 692 137 48 Tsar,
1661 692 87 40 but
1785 691 254 42 furnishes
2076 703 62 30 no

133 748 127 47 legal
286 747 143 50 proof
454 748 52 40 of
532 748 82 40 the
641 747 159 41 claim,
861 748 63 48 cf.
952 748 186 40 Tntrod.
1165 749 62 47 by
1255 749 84 40 the
1365 748 172 41 editor.

135 816 1999 55 © Mar. 23, 1929; 2c. Mar. 29; aff. Mar. 26; A 6288; Payson & Clarke,
201 877 88 40 ltd.
359 875 251 51 (29-8520)

131 969 317 65 Ruggless,
481 970 213 53 Emma
729 971 69 54 E.

197 1047 246 69 Wheels,
490 1047 181 70 wings
718 1049 114 52 and
878 1048 163 54 other
1086 1049 214 69 things,
1345 1047 74 71 by
1465 1049 208 53 Emma
1720 1050 67 51 E.
1836 1048 299 70 Ruggless.

129 1124 111 55 Los
270 1124 268 72 Angeles,
571 1124 195 70 Calif.,
797 1126 218 56 Wetzel
1047 1126 339 70 publishing
1417 1144 298 53 company,
1750 1130 151 51 1928.

198 1215 540 50 16 p. col. illus. 24 ᶜᵐ.
198 1292 176 42 Verses
402 1293 80 40 for
512 1293 235 42 children.

132 1344 52 53 ©
208 1349 113 41 Dec.
346 1348 68 49 27,
440 1349 115 40 1928;
608 1350 69 39 2c.
701 1350 125 40 Mar.
849 1350 70 49 20,
945 1349 141 48 1929;
1115 1350 83 41 aff.
1223 1352 126 40 Mar.
1375 1350 54 40 19;
1484 1350 42 40 A
1551 1349 141 49 6082;
1720 1352 54 38 E.
1800 1352 55 39 E.
1881 1351 252 46 Ruggless,

200 1405 94 41 Los
322 1404 222 49 Angeles.
611 1406 252 49 (29-8662)

130 1498 390 66 Rutherford,
555 1499 220 64 Joseph
811 1501 47 52 F
1148 1506 174 49 1869-

195 1575 351 70 Judgment:
583 1577 66 53 of
681 1578 98 53 the
812 1577 225 71 judges,
1071 1579 66 52 of
1170 1579 99 53 the
1302 1579 322 69 preachers,
1658 1579 65 53 of
1757 1579 99 53 the
1890 1579 247 66 nations,

126 1653 65 53 of
216 1655 99 52 the
340 1653 318 70 financiers,
686 1655 65 53 of
777 1656 97 53 the
903 1655 346 71 politicians,
1277 1657 67 53 of
1374 1656 226 57 Satan’s
1628 1657 417 70 organization,
2074 1657 64 53 of

125 1731 1987 136 the people, by J. F. Rutherford … Brooklyn, N. Y. [etc.] International
503 1810 1048 72 Bible students association, ᶜ1 929.
197 1893 250 50 62 p. 19 ᶜᵐ.
197 1950 228 42 Includes
458 1950 305 49 advertising
792 1953 197 41 matter.

130 2001 52 53 ©
207 2008 124 40 Mar.
354 2006 69 49 16,
449 2007 118 40 1929;
617 2009 69 40 2c.
712 2009 124 40 Mar.
861 2008 55 39 21;
973 2008 83 41 aff.
1083 2010 122 39 Mar.
1232 2008 83 48 22;
1343 2009 40 39 A
1409 2009 115 40 7027;
1582 2010 261 41 Internati.
1870 2010 139 41 Bible
197 2010 1918 97 students

368 2074 130 31 assn.
568 2064 253 49 (29-8638)

127 2157 295 65 Sabatier,
456 2158 224 56 Pierre.

195 2246 232 69 Judith,
461 2266 217 51 roman,
713 2248 234 69 préface
982 2250 68 53 de
1083 2237 129 66 Élie
1247 2251 271 53 Dautrin.
1590 2252 187 68 Paris,
1813 2251 72 53 A.
1920 2252 214 54 Michel

129 2324 172 65 [1928]

192 2403 543 52 2 p. l., 249, [1] p. 19 ᶜᵐ.
128 2456 1843 59 © Oct. 25, 1928; 1c. Jan. 19, 1929; A—Foreign 1569; Albin Michel.
206 2518 253 50 (29-8678)

126 2612 386 65 Schermann,
550 2614 232 65 Rafael,
824 2616 170 56 1879-

196 2691 112 54 Die
340 2692 209 55 schrift
582 2696 126 66 lügt
740 2695 162 53 nicht
921 2693 11 54 !
1007 2695 327 55 Erlebnisse
1370 2716 110 34 von
1514 2696 210 54 Rafael
1763 2697 370 56 Schermann.

127 2769 219 64 Berlin,
376 2771 510 71 Brücken-verlag,
914 2792 53 51 g.
995 2793 74 35 m.
1097 2775 53 52 b.
1178 2776 76 62 h.,
1283 2778 153 51 1928.

193 2850 1258 54 5 p. l., [3]-175 p. front. (port.) illus., pl. 22 ½ ᶜᵐ.
125 2901 2002 62 © Oct. 18, 1928; 1c. Jan. 11, 1929; A —Foreign 1292; Brückenverlag,
194 2973 41 39 g.
267 2974 61 30 m.
356 2966 43 38 b.
430 2965 46 40 h.
544 2965 253 49 (29-8518)

126 3057 331 65 Schorling,
490 3059 271 66 Raleigh,
799 3062 171 55 1887-

195 3134 1871 79 Modern algebra; second course, by Raleigh Schorling …
123 3211 1980 149 John R. Clark … and Selma A. Lindell … Yonkers-on-Hudson,
273 3289 70 53 N.
378 3291 90 67 Y.,
497 3292 205 54 World
732 3294 150 52 book
913 3312 298 52 company,
1246 3300 152 51 1929.

192 3371 827 53 xvi, 464 p. illus., diagrs. 19 ᶜᵐ.
125 3423 52 53 ©
204 3429 125 41 Mar.
353 3429 70 48 26,
448 3430 119 40 1929;
619 3432 67 40 2c.
714 3433 123 41 Mar.
864 3433 56 39 29;
976 3433 83 42 aff.
1085 3434 116 48 Apr.
1227 3436 25 39 1;
1312 3436 40 39 A
1378 3437 117 40 7197;
1550 3438 167 40 World
1746 3439 124 39 book
1898 3449 68 31 co.
202 3484 253 51 (29-8490)

123 3578 155 64 Sick,
309 3580 296 65 Ingeborg
633 3583 212 61 Maria,
879 3588 169 51 1869-

256 3658 1871 81 … Pigen fra Danmark; et rids af Karen Jeppes liv og
122 3735 262 70 gerning.
490 3737 379 68 København,
906 3738 348 72 Gyldendal,
1289 3742 256 55 Nordisk
1582 3744 211 71 forlag,
1832 3749 154 52 1928.

192 3815 832 54 218 p., 1 l. front. (port.) 21½ ᶜᵐ.
124 3868 1985 112 © Dec. 1, 1928; 1c. Jan. 25, 1929; A—Foreign 1482; Gyldendalske boghandel,
417 3932 212 40 Nordisk
660 3933 179 49 forlag.
909 3934 253 53 (29-8525)
