2542 4389
1051 4029 138 52 2009

199 448 562 49 cover-title, 11 p. 23 ᶜᵐ.
133 501 1975 107 © Sept. 23, 1929; 2c. and aff. Sept. 25; A 12551; J. E. Brown, Woonsocket, R. I.
126 653 316 65 Campbell,
472 654 202 53 James
701 654 306 63 Marshall,
1040 659 170 49 1895-

194 729 1933 71 The Greek fathers, by James Marshall Campbell … New
128 809 175 67 York,
328 809 346 68 Longmans,
702 807 183 56 Green
918 808 113 53 and
1060 826 98 50 co.,
1187 810 151 50 1929.

193 890 65 48 ix,
286 890 86 41 167
397 901 43 37 p.
500 890 55 40 18½ᶜᵐ.
716 889 302 50 (Half-title:
1043 889 101 42 Our
1172 889 113 41 debt
1313 891 49 39 to
1390 889 179 41 Greece
1597 889 96 39 and
1721 888 179 48 Rome;
1929 887 200 49 editors,

126 945 962 48 G. D. Hadzsits … D. M. Robinson)
196 1002 163 41 “First
391 1002 228 41 edition.”

193 1058 378 49 Bibliography:
601 1070 42 37 p.
673 1059 216 41 163-167.

130 1112 1995 53 © Dec. 18, 1929; 2c. and aff. Dec. 26; A 17545; Longmans, Green & co.
204 1172 223 50 (30-815)

122 1252 261 65 Cannan,
416 1253 247 64 Joanna,
699 1257 172 51 1898-

197 1331 122 53 The
346 1331 204 68 simple
578 1349 130 49 pass
737 1348 72 35 on
860 1331 94 66 [by]
988 1330 229 55 Joanna
1249 1329 257 55 Cannan.
1572 1329 260 67 London,
1862 1329 69 52 E.
1962 1329 164 52 Benn

125 1408 240 68 limited,
412 1410 149 51 1929.

192 1489 87 42 320
313 1501 44 37 p.
419 1490 118 42 19ᶜᵐ.

128 1542 1997 110 © 1c. Dec. 5, 1929; A ad int. 13337; pubd. Oct. 14; Joanna Pullein-Thompson, London. (30-2697)
120 1683 271 63 Carossa,
422 1682 184 65 Hans,
641 1684 167 54 1878-

252 1759 1636 70 … A Roumanian diary … London, M. Seeker, 1929.
187 1841 381 52 251, [1] p. 19 ᶜᵐ.
190 1899 322 41 “Translated
542 1899 128 41 from
700 1900 83 40 the
816 1899 210 41 German
1057 1900 62 47 by
1148 1899 160 49 Agnes
1339 1899 128 40 Neill
1499 1898 178 42 Scott.”

126 1952 1980 108 © 1c. Dec. 26, 1929; A ad int. 13430; pubd. Oct. 30; H. Carossa, Leipzig,
315 2012 257 49 Germany.
642 2012 251 50 (30-2318)

122 2092 275 64 Chicago.
473 2092 370 65 University.

191 2171 301 55 Abstracts
545 2172 64 53 of
659 2173 198 53 theses.
933 2172 371 54 Humanistic
1354 2173 188 70 series,
1594 2193 50 33 v.
1698 2176 46 50 6.
1819 2171 142 54 Arts
2016 2172 113 54 and

121 2249 315 71 literature,
469 2250 268 71 divinity,
769 2269 306 36 commerce
1108 2253 113 52 and
1255 2250 485 71 administration,
1773 2252 173 54 social
121 2270 1985 112 service

233 2327 481 55 administration.
795 2328 325 56 Submitted
1148 2337 60 47 to
1235 2330 95 52 the
1362 2328 294 56 Graduate
1687 2330 225 69 faculty
1941 2329 65 54 of
2033 2330 98 53 the

123 2405 340 71 University
489 2407 64 53 of
581 2407 254 69 Chicago
865 2407 93 54 for
985 2408 94 52 the
1107 2409 201 67 degree
1338 2408 65 54 of
1429 2408 216 54 Doctor
1674 2407 65 53 of
1764 2408 367 69 philosophy,

124 2484 332 70 September
494 2485 324 54 1927-June
854 2488 150 50 1928.
1082 2484 271 71 Chicago,
1387 2486 115 69 Ill.,
1535 2485 120 54 The
1690 2485 341 71 University
2066 2485 65 53 of

123 2562 667 70 Chicago press [ ᶜ19 29 ]
191 2644 494 49 xi, 454 p., 2 l. 23½ ᶜᵐ.
126 2696 52 52 ©
207 2701 119 41 Nov.
355 2701 70 47 12,
454 2700 118 42 1929;
624 2701 68 40 2c.
723 2703 95 39 and
850 2701 81 41 aff.
960 2703 120 40 Nov.
1109 2702 84 48 23;
1224 2702 42 40 A
1294 2701 173 49 16041;
1500 2702 285 48 University
1814 2702 54 40 of
1897 2701 224 49 Chicago,

190 2756 226 50 Chicago.

118 2835 171 65 Code,
316 2835 222 64 Joseph
563 2836 288 66 Bernard,
880 2843 171 49 1899-

185 2912 1876 73 Great American foundresses, by the Rev. Joseph B. Code …
117 2990 137 53 New
282 2990 180 68 York,
490 2992 120 52 The
639 2992 336 53 Macmillan
1006 3011 299 51 company,
1337 2997 150 49 1929.

186 3071 853 51 xviii p., 2 l., 512 p. ports. 22½ ᶜᵐ.
123 3124 1771 55 © Dec. 17, 1929; 2c. and aff. Dec. 18; A 16615; Macmillan co.
199 3184 223 50 (30-810)

117 3263 152 64 Cole,
300 3263 229 65 George
556 3266 263 64 Douglas
847 3267 276 64 Howard,
1153 3273 172 49 1889-

189 3341 1936 73 Politics and literature [by] G. D. H. Cole. New York,
116 3418 308 67 Harcourt,
453 3420 183 53 Brace
664 3421 110 52 and
806 3439 283 52 company
1234 3425 66 50 [ᶜ1929]

186 3499 1932 55 160 p. 19½ ᶜᵐ. (Half-title: Hogarth lectures on literature, [no. 11])
187 3556 378 48 Bibliography:
598 3569 42 37 p.
671 3559 128 39 7-10.

123 3608 1997 58 © Nov. 21, 1929; 2c. and aff. Nov. 27: A 17063; Harcourt, Brace & co.,
189 3669 92 41 inc.
345 3669 224 49 (30-966)

121 3748 249 65 Conrad,
401 3748 54 56 J.
487 3750 62 54 F.

190 3827 1939 77 Lessons in health, by J. F. Conrad … Magnetic Springs,
122 3903 993 72 O., Dr. J. F. Conrad co. [ ᶜ19 29 ]
