<alto xmlns="http://www.loc.gov/standards/alto/ns-v3#" xmlns:xlink="http://www.w3.org/1999/xlink" xmlns:xsi="http://www.w3.org/2001/XMLSchema-instance" xsi:schemaLocation="http://www.loc.gov/standards/alto/ns-v3# http://www.loc.gov/alto/v3/alto-3-0.xsd"><Description>
<MeasurementUnit>pixel</MeasurementUnit>
<sourceImageInformation>
<fileName>1929_v26_part001.pdf</fileName>
</sourceImageInformation>
<OCRProcessing ID="IdOcr">
<ocrProcessingStep>
<processingDateTime>2019-04-18</processingDateTime>
<processingSoftware>
<softwareCreator>ABBYY</softwareCreator>
<softwareName>ABBYY Recognition Server</softwareName>
<softwareVersion>4.0</softwareVersion>
</processingSoftware>
</ocrProcessingStep>
</OCRProcessing>
</Description>
<Styles>
<ParagraphStyle ID="StyleId-FFFFFFFF-FFFF-FFFF-FFFF-FFFFFFFFFFFF-" ALIGN="Left" LEFT="0." RIGHT="0." FIRSTLINE="0."/>
<ParagraphStyle ID="StyleId-11A520CB-49B0-4D42-A675-089886D5B704-" ALIGN="Center" LEFT="0." RIGHT="0." FIRSTLINE="0." LINESPACE="7.699999809"/>
<ParagraphStyle ID="StyleId-2AEC4724-E584-48A1-8E6D-86B1AA154223-" ALIGN="Left" LEFT="0." RIGHT="0." FIRSTLINE="0." LINESPACE="12.19999981"/>
<ParagraphStyle ID="StyleId-5ADCDE1D-F34B-405C-A765-E9B51F6229BD-" ALIGN="Left" LEFT="0." RIGHT="0." FIRSTLINE="-13." LINESPACE="8.050000191"/>
<ParagraphStyle ID="StyleId-D0AEFB96-F81D-4367-8545-C0AC945FA34C-" ALIGN="Block" LEFT="0." RIGHT="0." FIRSTLINE="-13." LINESPACE="8.899999619"/>
<ParagraphStyle ID="StyleId-9A3BB592-4BA4-4F85-B157-B9A7F1FC9680-" ALIGN="Left" LEFT="0." RIGHT="0." FIRSTLINE="0."/>
<ParagraphStyle ID="StyleId-E9D6144A-CFDC-4919-911D-02B0461DB967-" ALIGN="Left" LEFT="0." RIGHT="0." FIRSTLINE="-13." LINESPACE="23.43000031"/>
<ParagraphStyle ID="StyleId-EEECFC68-AAC5-42B1-B3BF-987799B5B74A-" ALIGN="Block" LEFT="0." RIGHT="0." FIRSTLINE="0." LINESPACE="23.43000031"/>
<ParagraphStyle ID="StyleId-98D20B11-A9BB-4FAB-8DC8-DC8C43F3755E-" ALIGN="Left" LEFT="0." RIGHT="0." FIRSTLINE="0." LINESPACE="10.5"/>
<ParagraphStyle ID="StyleId-C279DBAD-2656-4352-93E6-C942618B09B1-" ALIGN="Block" LEFT="0." RIGHT="0." FIRSTLINE="-13." LINESPACE="8.770000458"/>
<ParagraphStyle ID="StyleId-A539B2D0-654F-45BA-9385-D7E681D9BD87-" ALIGN="Block" LEFT="0." RIGHT="0." FIRSTLINE="0." LINESPACE="8.18999958"/>
<ParagraphStyle ID="StyleId-CFE66565-54F2-45CF-9511-65151219B0BC-" ALIGN="Left" LEFT="0." RIGHT="0." FIRSTLINE="-12." LINESPACE="12.19999981"/>
<ParagraphStyle ID="StyleId-37B60A95-D7B9-4720-9D46-F2E763AAD699-" ALIGN="Block" LEFT="0." RIGHT="0." FIRSTLINE="0." LINESPACE="12.19999981"/>
<ParagraphStyle ID="StyleId-255154CA-71AA-47B9-A5EB-ED90642010CE-" ALIGN="Block" LEFT="0." RIGHT="0." FIRSTLINE="13." LINESPACE="7.900000095"/>
<ParagraphStyle ID="StyleId-4618FB06-20CA-4F95-9CA2-829603EE887D-" ALIGN="Block" LEFT="0." RIGHT="0." FIRSTLINE="0." LINESPACE="10."/>
<ParagraphStyle ID="StyleId-61F9B98E-BA82-4DCF-809A-0C5481162321-" ALIGN="Left" LEFT="0." RIGHT="0." FIRSTLINE="-13." LINESPACE="8.479999542"/>
<ParagraphStyle ID="StyleId-16A4FB0C-4CB7-44C8-846E-AF89DD76FC73-" ALIGN="Left" LEFT="0." RIGHT="0." FIRSTLINE="0." LINESPACE="11.10000038"/>
<ParagraphStyle ID="StyleId-8CC01B24-9D1D-45D5-B954-83ECA9EA3425-" ALIGN="Left" LEFT="0." RIGHT="0." FIRSTLINE="-13." LINESPACE="8.050000191"/>
<ParagraphStyle ID="StyleId-3DB8CD3F-AD17-4DD7-8361-787A6A426C72-" ALIGN="Block" LEFT="0." RIGHT="0." FIRSTLINE="13." LINESPACE="7.900000095"/>
</Styles>
<Layout>
<Page ID="Page1535" PHYSICAL_IMG_NR="1535" HEIGHT="4389" WIDTH="2542">
<TopMargin HEIGHT="275" WIDTH="2542" VPOS="0" HPOS="0">
</TopMargin>
<LeftMargin HEIGHT="3807" WIDTH="107" VPOS="275" HPOS="0">
</LeftMargin>
<RightMargin HEIGHT="3807" WIDTH="317" VPOS="275" HPOS="2225">
</RightMargin>
<BottomMargin HEIGHT="307" WIDTH="2542" VPOS="4082" HPOS="0">
</BottomMargin>
<PrintSpace HEIGHT="3807" WIDTH="2118" VPOS="275" HPOS="107">
<TextBlock ID="Page1535_Block1" HEIGHT="70" WIDTH="154" VPOS="4012" HPOS="1081" LANG="en-US" STYLEREFS="StyleId-64256746-3569-4508-9321-1F435991265E-">
<TextLine HEIGHT="49" WIDTH="134" VPOS="4023" HPOS="1091">
<String CONTENT="1535" HEIGHT="49" WIDTH="134" VPOS="4023" HPOS="1091"/>
</TextLine>
</TextBlock>
<TextBlock ID="Page1535_Block2" HEIGHT="3745" WIDTH="2118" VPOS="275" HPOS="107" LANG="en-US" CS="1" STYLEREFS="StyleId-4E9B4D96-1F55-4927-9266-B4770C885F9C-">
<Shape>
<Polygon POINTS="2076,275 2211,275 2211,448 2212,448 2212,716 2213,716 2213,985 2214,985 2214,1253 2215,1253 2215,1522 2216,1522 2216,1791 2217,1791 2217,2059 2218,2059 2218,2328 2219,2328 2219,2596 2220,2596 2220,2865 2221,2865 2221,3134 2222,3134 2222,3402 2223,3402 2223,3671 2224,3671 2224,3939 2225,3939 2225,4012 2078,4012 2078,4013 1809,4013 1809,4014 1541,4014 1541,4015 1272,4015 1272,4016 1003,4016 1003,4017 735,4017 735,4018 466,4018 466,4019 198,4019 198,4020 121,4020 121,3941 120,3941 120,3673 119,3673 119,3404 118,3404 118,3136 117,3136 117,2867 116,2867 116,2598 115,2598 115,2330 114,2330 114,2061 113,2061 113,1793 112,1793 112,1524 111,1524 111,1255 110,1255 110,987 109,987 109,718 108,718 108,450 107,450 107,283 196,283 196,282 464,282 464,281 733,281 733,280 1001,280 1001,279 1270,279 1270,278 1539,278 1539,277 1807,277 1807,276 2076,276 2076,275"/>
</Shape>
<TextLine HEIGHT="77" WIDTH="2006" VPOS="352" HPOS="117" STYLEREFS="StyleId-64256746-3569-4508-9321-1F435991265E-">
<String CONTENT="The" HEIGHT="53" WIDTH="121" VPOS="368" HPOS="117"/>
<SP HEIGHT="51" WIDTH="26" VPOS="369" HPOS="239"/>
<String CONTENT="township" HEIGHT="64" WIDTH="295" VPOS="363" HPOS="266"/>
<SP HEIGHT="46" WIDTH="25" VPOS="380" HPOS="562"/>
<String CONTENT="manual" HEIGHT="54" WIDTH="232" VPOS="363" HPOS="588"/>
<SP HEIGHT="51" WIDTH="26" VPOS="363" HPOS="821"/>
<String CONTENT="for" HEIGHT="51" WIDTH="94" VPOS="363" HPOS="848"/>
<SP HEIGHT="49" WIDTH="23" VPOS="365" HPOS="943"/>
<String CONTENT="the" HEIGHT="53" WIDTH="95" VPOS="361" HPOS="967"/>
<SP HEIGHT="32" WIDTH="25" VPOS="381" HPOS="1063"/>
<String CONTENT="state" HEIGHT="49" WIDTH="143" VPOS="365" HPOS="1089"/>
<SP HEIGHT="34" WIDTH="24" VPOS="380" HPOS="1233"/>
<String CONTENT="of" HEIGHT="54" WIDTH="65" VPOS="359" HPOS="1258"/>
<SP HEIGHT="52" WIDTH="22" VPOS="359" HPOS="1324"/>
<String CONTENT="Minnesota." HEIGHT="54" WIDTH="341" VPOS="356" HPOS="1347"/>
<SP HEIGHT="54" WIDTH="73" VPOS="354" HPOS="1689"/>
<String CONTENT="A" HEIGHT="55" WIDTH="57" VPOS="353" HPOS="1763"/>
<SP HEIGHT="54" WIDTH="24" VPOS="353" HPOS="1821"/>
<String CONTENT="complete" HEIGHT="70" WIDTH="277" VPOS="352" HPOS="1846"/>
</TextLine>
<TextLine HEIGHT="84" WIDTH="1936" VPOS="430" HPOS="187" STYLEREFS="StyleId-64256746-3569-4508-9321-1F435991265E-">
<String CONTENT="guide" HEIGHT="70" WIDTH="172" VPOS="444" HPOS="187"/>
<SP HEIGHT="53" WIDTH="32" VPOS="443" HPOS="359"/>
<String CONTENT="for" HEIGHT="54" WIDTH="96" VPOS="442" HPOS="391"/>
<SP HEIGHT="48" WIDTH="28" VPOS="447" HPOS="487"/>
<String CONTENT="township" HEIGHT="69" WIDTH="287" VPOS="441" HPOS="515"/>
<SP HEIGHT="49" WIDTH="29" VPOS="460" HPOS="803"/>
<String CONTENT="officers" HEIGHT="55" WIDTH="210" VPOS="437" HPOS="832"/>
<SP HEIGHT="52" WIDTH="29" VPOS="439" HPOS="1042"/>
<String CONTENT="in" HEIGHT="51" WIDTH="59" VPOS="439" HPOS="1071"/>
<SP HEIGHT="45" WIDTH="30" VPOS="445" HPOS="1130"/>
<String CONTENT="their" HEIGHT="54" WIDTH="152" VPOS="436" HPOS="1160"/>
<SP HEIGHT="33" WIDTH="26" VPOS="455" HPOS="1313"/>
<String CONTENT="various" HEIGHT="55" WIDTH="233" VPOS="434" HPOS="1339"/>
<SP HEIGHT="53" WIDTH="30" VPOS="435" HPOS="1572"/>
<String CONTENT="duties" HEIGHT="54" WIDTH="187" VPOS="433" HPOS="1602"/>
<SP HEIGHT="35" WIDTH="25" VPOS="451" HPOS="1790"/>
<String CONTENT="under" HEIGHT="51" WIDTH="184" VPOS="433" HPOS="1815"/>
<SP HEIGHT="48" WIDTH="28" VPOS="436" HPOS="1999"/>
<String CONTENT="the" HEIGHT="55" WIDTH="96" VPOS="430" HPOS="2027"/>
</TextLine>
<TextLine HEIGHT="80" WIDTH="1932" VPOS="509" HPOS="190" STYLEREFS="StyleId-64256746-3569-4508-9321-1F435991265E-">
<String CONTENT="laws" HEIGHT="53" WIDTH="138" VPOS="524" HPOS="190"/>
<SP HEIGHT="33" WIDTH="33" VPOS="543" HPOS="329"/>
<String CONTENT="of" HEIGHT="53" WIDTH="64" VPOS="522" HPOS="363"/>
<SP HEIGHT="52" WIDTH="34" VPOS="521" HPOS="428"/>
<String CONTENT="Minnesota." HEIGHT="52" WIDTH="339" VPOS="520" HPOS="463"/>
<SP HEIGHT="51" WIDTH="76" VPOS="519" HPOS="803"/>
<String CONTENT="By" HEIGHT="67" WIDTH="90" VPOS="519" HPOS="880"/>
<SP HEIGHT="70" WIDTH="34" VPOS="516" HPOS="971"/>
<String LANG="fr" CONTENT="James" HEIGHT="54" WIDTH="196" VPOS="516" HPOS="1006"/>
<SP HEIGHT="53" WIDTH="33" VPOS="516" HPOS="1203"/>
<String CONTENT="D." HEIGHT="53" WIDTH="70" VPOS="515" HPOS="1237"/>
<SP HEIGHT="55" WIDTH="41" VPOS="513" HPOS="1308"/>
<String CONTENT="Shearer" HEIGHT="56" WIDTH="242" VPOS="512" HPOS="1350"/>
<SP HEIGHT="32" WIDTH="35" VPOS="532" HPOS="1593"/>
<String CONTENT="and" HEIGHT="51" WIDTH="112" VPOS="513" HPOS="1629"/>
<SP HEIGHT="55" WIDTH="37" VPOS="511" HPOS="1742"/>
<String CONTENT="Charles" HEIGHT="56" WIDTH="238" VPOS="510" HPOS="1780"/>
<SP HEIGHT="53" WIDTH="34" VPOS="510" HPOS="2019"/>
<String CONTENT="R." HEIGHT="53" WIDTH="68" VPOS="509" HPOS="2054"/>
</TextLine>
<TextLine HEIGHT="79" WIDTH="1935" VPOS="587" HPOS="190" STYLEREFS="StyleId-64256746-3569-4508-9321-1F435991265E-">
<String CONTENT="Butler." HEIGHT="52" WIDTH="217" VPOS="602" HPOS="190"/>
<SP HEIGHT="48" WIDTH="76" VPOS="603" HPOS="408"/>
<String CONTENT="31st" HEIGHT="50" WIDTH="121" VPOS="601" HPOS="485"/>
<SP HEIGHT="47" WIDTH="36" VPOS="604" HPOS="607"/>
<String CONTENT="ed.," HEIGHT="58" WIDTH="103" VPOS="597" HPOS="644"/>
<SP HEIGHT="57" WIDTH="37" VPOS="597" HPOS="748"/>
<String CONTENT="June," HEIGHT="66" WIDTH="170" VPOS="597" HPOS="786"/>
<SP HEIGHT="65" WIDTH="38" VPOS="598" HPOS="957"/>
<String CONTENT="1929." HEIGHT="50" WIDTH="148" VPOS="597" HPOS="996"/>
<SP HEIGHT="51" WIDTH="75" VPOS="593" HPOS="1145"/>
<String CONTENT="Minneapolis," HEIGHT="71" WIDTH="405" VPOS="589" HPOS="1221"/>
<SP HEIGHT="67" WIDTH="34" VPOS="590" HPOS="1627"/>
<String CONTENT="Minn.," HEIGHT="69" WIDTH="205" VPOS="588" HPOS="1662"/>
<SP HEIGHT="67" WIDTH="32" VPOS="589" HPOS="1868"/>
<String CONTENT="Walter" HEIGHT="53" WIDTH="224" VPOS="588" HPOS="1901"/>
</TextLine>
<TextLine HEIGHT="69" WIDTH="851" VPOS="673" HPOS="193" STYLEREFS="StyleId-64256746-3569-4508-9321-1F435991265E-" CS="1">
<String CONTENT="S." HEIGHT="56" WIDTH="57" VPOS="678" HPOS="193"/>
<SP HEIGHT="51" WIDTH="29" VPOS="680" HPOS="250"/>
<String CONTENT="Booth" HEIGHT="53" WIDTH="188" VPOS="677" HPOS="279"/>
<SP HEIGHT="51" WIDTH="27" VPOS="677" HPOS="467"/>
<String CONTENT="&amp;" HEIGHT="49" WIDTH="47" VPOS="678" HPOS="494"/>
<SP HEIGHT="50" WIDTH="23" VPOS="678" HPOS="541"/>
<String CONTENT="son," HEIGHT="46" WIDTH="119" VPOS="694" HPOS="564"/>
<SP HEIGHT="65" WIDTH="26" VPOS="675" HPOS="683"/>
<String CONTENT="inc." HEIGHT="53" WIDTH="107" VPOS="674" HPOS="709"/>
<SP HEIGHT="33" WIDTH="35" VPOS="707" HPOS="816"/>
<String CS="1" CONTENT="["/>
<String STYLE="superscript" CS="1" CONTENT="&#7580;19"/>
<String CONTENT="29]" HEIGHT="65" WIDTH="86" VPOS="674" HPOS="958"/>
</TextLine>
<TextLine HEIGHT="50" WIDTH="349" VPOS="757" HPOS="196" CS="1">
<String CONTENT="520" HEIGHT="41" WIDTH="85" VPOS="759" HPOS="196"/>
<SP HEIGHT="48" WIDTH="36" VPOS="759" HPOS="282"/>
<String CONTENT="p." HEIGHT="37" WIDTH="44" VPOS="770" HPOS="319"/>
<SP HEIGHT="41" WIDTH="65" VPOS="758" HPOS="364"/>
<String CONTENT="19" HEIGHT="41" WIDTH="55" VPOS="757" HPOS="430"/>
<String STYLE="superscript" CS="1" CONTENT="&#7580;&#7504;"/>
<String CONTENT="." HEIGHT="8" WIDTH="7" VPOS="789" HPOS="538"/>
</TextLine>
<TextLine HEIGHT="62" WIDTH="1995" VPOS="816" HPOS="132">
<String CONTENT="&#169;" HEIGHT="53" WIDTH="52" VPOS="825" HPOS="132"/>
<SP HEIGHT="54" WIDTH="28" VPOS="824" HPOS="185"/>
<String CONTENT="Aug." HEIGHT="47" WIDTH="120" VPOS="829" HPOS="214"/>
<SP HEIGHT="40" WIDTH="28" VPOS="828" HPOS="335"/>
<String CONTENT="26," HEIGHT="47" WIDTH="69" VPOS="827" HPOS="364"/>
<SP HEIGHT="48" WIDTH="28" VPOS="826" HPOS="434"/>
<String CONTENT="1929;" HEIGHT="46" WIDTH="140" VPOS="826" HPOS="463"/>
<SP HEIGHT="47" WIDTH="31" VPOS="825" HPOS="604"/>
<String CONTENT="2c." HEIGHT="40" WIDTH="68" VPOS="825" HPOS="636"/>
<SP HEIGHT="42" WIDTH="29" VPOS="823" HPOS="705"/>
<String CONTENT="Aug." HEIGHT="48" WIDTH="119" VPOS="823" HPOS="735"/>
<SP HEIGHT="40" WIDTH="28" VPOS="822" HPOS="855"/>
<String CONTENT="30;" HEIGHT="43" WIDTH="83" VPOS="822" HPOS="884"/>
<SP HEIGHT="33" WIDTH="32" VPOS="832" HPOS="968"/>
<String CONTENT="aff." HEIGHT="41" WIDTH="83" VPOS="821" HPOS="1001"/>
<SP HEIGHT="41" WIDTH="32" VPOS="821" HPOS="1085"/>
<String CONTENT="Sept." HEIGHT="48" WIDTH="128" VPOS="821" HPOS="1118"/>
<SP HEIGHT="39" WIDTH="29" VPOS="821" HPOS="1247"/>
<String CONTENT="28;" HEIGHT="45" WIDTH="83" VPOS="821" HPOS="1277"/>
<SP HEIGHT="46" WIDTH="31" VPOS="820" HPOS="1361"/>
<!-- cceid A57ADE5A-6CFA-1014-9C3C-CEA95E7AA542 --><String CONTENT="A" HEIGHT="38" WIDTH="41" VPOS="820" HPOS="1393"/>
<SP HEIGHT="39" WIDTH="27" VPOS="819" HPOS="1435"/>
<String CONTENT="13843;" HEIGHT="48" WIDTH="171" VPOS="818" HPOS="1463"/>
<SP HEIGHT="46" WIDTH="32" VPOS="819" HPOS="1635"/>
<String CONTENT="Walter" HEIGHT="41" WIDTH="190" VPOS="818" HPOS="1668"/>
<SP HEIGHT="40" WIDTH="31" VPOS="817" HPOS="1859"/>
<String CONTENT="S." HEIGHT="40" WIDTH="44" VPOS="817" HPOS="1891"/>
<SP HEIGHT="38" WIDTH="31" VPOS="818" HPOS="1936"/>
<String CONTENT="Booth" HEIGHT="41" WIDTH="159" VPOS="816" HPOS="1968"/>
</TextLine>
<TextLine HEIGHT="49" WIDTH="279" VPOS="882" HPOS="201">
<String CONTENT="&amp;" HEIGHT="39" WIDTH="36" VPOS="885" HPOS="201"/>
<SP HEIGHT="39" WIDTH="23" VPOS="885" HPOS="238"/>
<String CONTENT="son," HEIGHT="36" WIDTH="100" VPOS="895" HPOS="262"/>
<SP HEIGHT="48" WIDTH="25" VPOS="883" HPOS="363"/>
<String CONTENT="inc." HEIGHT="41" WIDTH="91" VPOS="882" HPOS="389"/>
</TextLine>
<TextLine HEIGHT="82" WIDTH="2002" VPOS="966" HPOS="132" STYLEREFS="StyleId-64256746-3569-4508-9321-1F435991265E-" CS="1">
<String CONTENT="True" HEIGHT="52" WIDTH="154" VPOS="980" HPOS="132"/>
<SP HEIGHT="37" WIDTH="40" VPOS="996" HPOS="287"/>
<String CONTENT="story" HEIGHT="64" WIDTH="160" VPOS="983" HPOS="327"/>
<SP HEIGHT="49" WIDTH="38" VPOS="997" HPOS="488"/>
<String CONTENT="classics" HEIGHT="55" WIDTH="226" VPOS="976" HPOS="526"/>
<SP HEIGHT="34" WIDTH="44" VPOS="996" HPOS="753"/>
<String CS="1" CONTENT="&#8230;"/>
<SP HEIGHT="52" WIDTH="78" VPOS="975" HPOS="855"/>
<String CONTENT="New" HEIGHT="53" WIDTH="140" VPOS="974" HPOS="933"/>
<SP HEIGHT="51" WIDTH="42" VPOS="973" HPOS="1073"/>
<String CONTENT="York," HEIGHT="69" WIDTH="182" VPOS="972" HPOS="1115"/>
<SP HEIGHT="68" WIDTH="39" VPOS="972" HPOS="1297"/>
<String CONTENT="Macfadden" HEIGHT="55" WIDTH="351" VPOS="970" HPOS="1336"/>
<SP HEIGHT="49" WIDTH="44" VPOS="988" HPOS="1688"/>
<String CONTENT="publications," HEIGHT="71" WIDTH="402" VPOS="966" HPOS="1732"/>
</TextLine>
<TextLine HEIGHT="64" WIDTH="307" VPOS="1058" HPOS="203" STYLEREFS="StyleId-64256746-3569-4508-9321-1F435991265E-">
<String CONTENT="inc.," HEIGHT="63" WIDTH="127" VPOS="1059" HPOS="203"/>
<SP HEIGHT="60" WIDTH="29" VPOS="1062" HPOS="331"/>
<String CONTENT="1929." HEIGHT="51" WIDTH="149" VPOS="1058" HPOS="361"/>
</TextLine>
<TextLine HEIGHT="50" WIDTH="762" VPOS="1134" HPOS="197" CS="1">
<String CONTENT="15" HEIGHT="40" WIDTH="55" VPOS="1138" HPOS="197"/>
<SP HEIGHT="39" WIDTH="29" VPOS="1139" HPOS="253"/>
<String CS="1" CONTENT="v."/>
<SP HEIGHT="41" WIDTH="58" VPOS="1137" HPOS="327"/>
<String CONTENT="fronts.," HEIGHT="48" WIDTH="190" VPOS="1136" HPOS="386"/>
<SP HEIGHT="37" WIDTH="33" VPOS="1146" HPOS="577"/>
<String CONTENT="plates." HEIGHT="48" WIDTH="171" VPOS="1135" HPOS="611"/>
<SP HEIGHT="39" WIDTH="58" VPOS="1135" HPOS="783"/>
<String CONTENT="21" HEIGHT="39" WIDTH="55" VPOS="1134" HPOS="842"/>
<String STYLE="superscript" CS="1" CONTENT="&#7580;&#7504;"/>
<String CONTENT="." HEIGHT="8" WIDTH="8" VPOS="1165" HPOS="951"/>
</TextLine>
<TextLine HEIGHT="57" WIDTH="1934" VPOS="1198" HPOS="199" CS="1">
<String CONTENT="&#8220;Stories" HEIGHT="43" WIDTH="215" VPOS="1207" HPOS="199"/>
<SP HEIGHT="29" WIDTH="30" VPOS="1219" HPOS="415"/>
<String CONTENT="which" HEIGHT="42" WIDTH="159" VPOS="1206" HPOS="446"/>
<SP HEIGHT="38" WIDTH="33" VPOS="1207" HPOS="606"/>
<String CS="1" CONTENT="&#8230;"/>
<SP HEIGHT="39" WIDTH="32" VPOS="1206" HPOS="688"/>
<String CONTENT="True" HEIGHT="40" WIDTH="129" VPOS="1205" HPOS="721"/>
<SP HEIGHT="30" WIDTH="30" VPOS="1214" HPOS="851"/>
<String CONTENT="story" HEIGHT="47" WIDTH="136" VPOS="1206" HPOS="882"/>
<SP HEIGHT="38" WIDTH="29" VPOS="1214" HPOS="1019"/>
<String CONTENT="magazine" HEIGHT="50" WIDTH="252" VPOS="1201" HPOS="1049"/>
<SP HEIGHT="30" WIDTH="32" VPOS="1212" HPOS="1302"/>
<String CONTENT="readers" HEIGHT="38" WIDTH="198" VPOS="1203" HPOS="1335"/>
<SP HEIGHT="30" WIDTH="30" VPOS="1210" HPOS="1534"/>
<String CS="1" CONTENT="have" HEIGHT="29" WIDTH="88" VPOS="1211" HPOS="1600"/>
<SP HEIGHT="40" WIDTH="30" VPOS="1200" HPOS="1689"/>
<String CONTENT="indicated" HEIGHT="42" WIDTH="245" VPOS="1199" HPOS="1720"/>
<SP HEIGHT="37" WIDTH="38" VPOS="1201" HPOS="1966"/>
<String CS="1" CONTENT="&#8230;"/>
<SP HEIGHT="39" WIDTH="32" VPOS="1200" HPOS="2052"/>
<String CONTENT="to" HEIGHT="38" WIDTH="48" VPOS="1200" HPOS="2085"/>
</TextLine>
<TextLine HEIGHT="54" WIDTH="1071" VPOS="1259" HPOS="128">
<String CONTENT="he" HEIGHT="40" WIDTH="56" VPOS="1267" HPOS="128"/>
<SP HEIGHT="40" WIDTH="30" VPOS="1267" HPOS="185"/>
<String CONTENT="the" HEIGHT="40" WIDTH="81" VPOS="1265" HPOS="216"/>
<SP HEIGHT="28" WIDTH="28" VPOS="1276" HPOS="298"/>
<String CONTENT="most" HEIGHT="39" WIDTH="126" VPOS="1266" HPOS="327"/>
<SP HEIGHT="40" WIDTH="31" VPOS="1265" HPOS="454"/>
<String CONTENT="entertaining.&#8221;&#8212;Foreword." HEIGHT="52" WIDTH="713" VPOS="1259" HPOS="486"/>
</TextLine>
<TextLine HEIGHT="61" WIDTH="1995" VPOS="1324" HPOS="137" CS="1">
<String CONTENT="&#169;" HEIGHT="53" WIDTH="52" VPOS="1332" HPOS="137"/>
<SP HEIGHT="54" WIDTH="34" VPOS="1331" HPOS="190"/>
<String CONTENT="Aug." HEIGHT="43" WIDTH="119" VPOS="1336" HPOS="225"/>
<SP HEIGHT="39" WIDTH="31" VPOS="1336" HPOS="345"/>
<String CONTENT="27," HEIGHT="46" WIDTH="69" VPOS="1336" HPOS="377"/>
<SP HEIGHT="47" WIDTH="35" VPOS="1335" HPOS="447"/>
<String CS="1" CONTENT="1929;" HEIGHT="40" WIDTH="111" VPOS="1333" HPOS="483"/>
<SP HEIGHT="39" WIDTH="33" VPOS="1334" HPOS="622"/>
<String CONTENT="2c." HEIGHT="41" WIDTH="68" VPOS="1334" HPOS="656"/>
<SP HEIGHT="32" WIDTH="32" VPOS="1343" HPOS="725"/>
<String CONTENT="each" HEIGHT="41" WIDTH="116" VPOS="1333" HPOS="758"/>
<SP HEIGHT="40" WIDTH="38" VPOS="1332" HPOS="875"/>
<String CONTENT="Sept." HEIGHT="49" WIDTH="127" VPOS="1331" HPOS="914"/>
<SP HEIGHT="39" WIDTH="32" VPOS="1333" HPOS="1042"/>
<String CS="1" CONTENT="3;" HEIGHT="37" WIDTH="26" VPOS="1333" HPOS="1075"/>
<SP HEIGHT="29" WIDTH="37" VPOS="1341" HPOS="1128"/>
<String CONTENT="aff." HEIGHT="41" WIDTH="82" VPOS="1330" HPOS="1166"/>
<SP HEIGHT="42" WIDTH="34" VPOS="1329" HPOS="1249"/>
<String CONTENT="Aug." HEIGHT="48" WIDTH="118" VPOS="1329" HPOS="1284"/>
<SP HEIGHT="39" WIDTH="32" VPOS="1331" HPOS="1403"/>
<String CONTENT="31;" HEIGHT="45" WIDTH="83" VPOS="1330" HPOS="1436"/>
<SP HEIGHT="46" WIDTH="36" VPOS="1329" HPOS="1520"/>
<!-- cceid A57B62D4-6CFA-1014-9C3C-CEA95E7AA542 --><String CONTENT="A" HEIGHT="39" WIDTH="40" VPOS="1329" HPOS="1557"/>
<SP HEIGHT="39" WIDTH="31" VPOS="1329" HPOS="1598"/>
<String CS="1" CONTENT="12728;" HEIGHT="40" WIDTH="144" VPOS="1328" HPOS="1630"/>
<SP HEIGHT="41" WIDTH="39" VPOS="1328" HPOS="1801"/>
<String CONTENT="Macfadden" HEIGHT="42" WIDTH="291" VPOS="1326" HPOS="1841"/>
</TextLine>
<TextLine HEIGHT="52" WIDTH="808" VPOS="1388" HPOS="204">
<String CONTENT="publications," HEIGHT="50" WIDTH="340" VPOS="1390" HPOS="204"/>
<SP HEIGHT="47" WIDTH="27" VPOS="1391" HPOS="545"/>
<String CONTENT="inc." HEIGHT="39" WIDTH="90" VPOS="1391" HPOS="573"/>
<SP HEIGHT="48" WIDTH="65" VPOS="1390" HPOS="664"/>
<String CONTENT="(29-20444)" HEIGHT="50" WIDTH="282" VPOS="1388" HPOS="730"/>
</TextLine>
<TextLine HEIGHT="67" WIDTH="703" VPOS="1484" HPOS="135" STYLEREFS="StyleId-12C24568-1DD2-4A8F-8910-1BB924A7C22A-">
<String LANG="en-US" CONTENT="Undset," HEIGHT="63" WIDTH="250" VPOS="1487" HPOS="135"/>
<SP HEIGHT="62" WIDTH="31" VPOS="1487" HPOS="385"/>
<String LANG="de" CONTENT="Sigrid," HEIGHT="65" WIDTH="217" VPOS="1485" HPOS="416"/>
<SP HEIGHT="58" WIDTH="31" VPOS="1490" HPOS="633"/>
<String LANG="en-US" CONTENT="1882-" HEIGHT="51" WIDTH="174" VPOS="1489" HPOS="664"/>
</TextLine>
<TextLine HEIGHT="78" WIDTH="1931" VPOS="1557" HPOS="208" STYLEREFS="StyleId-64256746-3569-4508-9321-1F435991265E-">
<String CONTENT="In." HEIGHT="53" WIDTH="76" VPOS="1567" HPOS="208"/>
<SP HEIGHT="47" WIDTH="36" VPOS="1573" HPOS="285"/>
<String CONTENT="the" HEIGHT="52" WIDTH="96" VPOS="1567" HPOS="322"/>
<SP HEIGHT="34" WIDTH="39" VPOS="1585" HPOS="419"/>
<String CONTENT="wilderness," HEIGHT="64" WIDTH="345" VPOS="1564" HPOS="459"/>
<SP HEIGHT="62" WIDTH="38" VPOS="1564" HPOS="805"/>
<String CONTENT="by" HEIGHT="69" WIDTH="75" VPOS="1564" HPOS="844"/>
<SP HEIGHT="71" WIDTH="44" VPOS="1562" HPOS="920"/>
<String LANG="de" CONTENT="Sigrid" HEIGHT="71" WIDTH="194" VPOS="1561" HPOS="965"/>
<SP HEIGHT="54" WIDTH="48" VPOS="1562" HPOS="1160"/>
<String CONTENT="Undset," HEIGHT="68" WIDTH="241" VPOS="1561" HPOS="1209"/>
<SP HEIGHT="61" WIDTH="36" VPOS="1567" HPOS="1451"/>
<String CONTENT="translated" HEIGHT="55" WIDTH="316" VPOS="1560" HPOS="1488"/>
<SP HEIGHT="55" WIDTH="45" VPOS="1559" HPOS="1805"/>
<String CONTENT="from" HEIGHT="52" WIDTH="149" VPOS="1559" HPOS="1851"/>
<SP HEIGHT="47" WIDTH="42" VPOS="1565" HPOS="2001"/>
<String CONTENT="the" HEIGHT="54" WIDTH="95" VPOS="1558" HPOS="2044"/>
</TextLine>
<TextLine HEIGHT="78" WIDTH="2002" VPOS="1636" HPOS="137" STYLEREFS="StyleId-64256746-3569-4508-9321-1F435991265E-">
<String CONTENT="Norwegian" HEIGHT="63" WIDTH="345" VPOS="1644" HPOS="137"/>
<SP HEIGHT="51" WIDTH="29" VPOS="1645" HPOS="483"/>
<String CONTENT="by" HEIGHT="67" WIDTH="74" VPOS="1645" HPOS="513"/>
<SP HEIGHT="70" WIDTH="31" VPOS="1642" HPOS="588"/>
<String CONTENT="Arthur" HEIGHT="54" WIDTH="225" VPOS="1641" HPOS="620"/>
<SP HEIGHT="54" WIDTH="31" VPOS="1641" HPOS="846"/>
<String CONTENT="G." HEIGHT="54" WIDTH="68" VPOS="1641" HPOS="878"/>
<SP HEIGHT="54" WIDTH="33" VPOS="1641" HPOS="947"/>
<String CONTENT="Chater." HEIGHT="55" WIDTH="230" VPOS="1640" HPOS="981"/>
<SP HEIGHT="53" WIDTH="73" VPOS="1639" HPOS="1212"/>
<String CONTENT="New" HEIGHT="53" WIDTH="138" VPOS="1639" HPOS="1286"/>
<SP HEIGHT="52" WIDTH="33" VPOS="1639" HPOS="1425"/>
<String CONTENT="York," HEIGHT="67" WIDTH="180" VPOS="1638" HPOS="1459"/>
<SP HEIGHT="65" WIDTH="29" VPOS="1639" HPOS="1640"/>
<String CONTENT="London," HEIGHT="68" WIDTH="260" VPOS="1638" HPOS="1670"/>
<SP HEIGHT="68" WIDTH="32" VPOS="1637" HPOS="1931"/>
<String CONTENT="A." HEIGHT="53" WIDTH="70" VPOS="1637" HPOS="1964"/>
<SP HEIGHT="52" WIDTH="33" VPOS="1638" HPOS="2035"/>
<String CONTENT="A." HEIGHT="53" WIDTH="70" VPOS="1637" HPOS="2069"/>
</TextLine>
<TextLine HEIGHT="71" WIDTH="404" VPOS="1722" HPOS="139" STYLEREFS="StyleId-64256746-3569-4508-9321-1F435991265E-">
<String CONTENT="Knopf," HEIGHT="70" WIDTH="225" VPOS="1723" HPOS="139"/>
<SP HEIGHT="64" WIDTH="27" VPOS="1727" HPOS="365"/>
<String CONTENT="1929." HEIGHT="50" WIDTH="150" VPOS="1725" HPOS="393"/>
</TextLine>
<TextLine HEIGHT="51" WIDTH="722" VPOS="1800" HPOS="202" CS="1">
<String CONTENT="4" HEIGHT="36" WIDTH="26" VPOS="1806" HPOS="202"/>
<SP/>
<String CONTENT="p." HEIGHT="37" WIDTH="41" VPOS="1814" HPOS="258"/>
<SP HEIGHT="39" WIDTH="25" VPOS="1805" HPOS="300"/>
<String CS="1" CONTENT="l.," HEIGHT="14" WIDTH="8" VPOS="1835" HPOS="363"/>
<SP HEIGHT="46" WIDTH="25" VPOS="1803" HPOS="372"/>
<String CONTENT="3-265," HEIGHT="44" WIDTH="158" VPOS="1801" HPOS="398"/>
<SP HEIGHT="29" WIDTH="31" VPOS="1821" HPOS="557"/>
<String CONTENT="[1]" HEIGHT="49" WIDTH="55" VPOS="1801" HPOS="589"/>
<SP HEIGHT="38" WIDTH="30" VPOS="1812" HPOS="645"/>
<String CONTENT="p." HEIGHT="37" WIDTH="41" VPOS="1812" HPOS="676"/>
<SP HEIGHT="40" WIDTH="58" VPOS="1801" HPOS="718"/>
<String CS="1" CONTENT="21&#189;" HEIGHT="38" WIDTH="26" VPOS="1801" HPOS="777"/>
<String STYLE="superscript" CS="1" CONTENT="&#7580;&#7504;"/>
<String CONTENT="." HEIGHT="7" WIDTH="8" VPOS="1833" HPOS="916"/>
</TextLine>
<TextLine HEIGHT="46" WIDTH="1547" VPOS="1854" HPOS="204">
<String CONTENT="Half-title:" HEIGHT="42" WIDTH="278" VPOS="1858" HPOS="204"/>
<SP HEIGHT="38" WIDTH="31" VPOS="1859" HPOS="483"/>
<String CONTENT="The" HEIGHT="38" WIDTH="100" VPOS="1859" HPOS="515"/>
<SP HEIGHT="28" WIDTH="28" VPOS="1869" HPOS="616"/>
<String CONTENT="master" HEIGHT="40" WIDTH="184" VPOS="1859" HPOS="645"/>
<SP HEIGHT="29" WIDTH="26" VPOS="1868" HPOS="830"/>
<String CONTENT="of" HEIGHT="40" WIDTH="51" VPOS="1857" HPOS="857"/>
<SP HEIGHT="40" WIDTH="28" VPOS="1857" HPOS="909"/>
<String CONTENT="Hestviken." HEIGHT="42" WIDTH="285" VPOS="1856" HPOS="938"/>
<SP HEIGHT="40" WIDTH="33" VPOS="1857" HPOS="1224"/>
<String CONTENT="In" HEIGHT="39" WIDTH="53" VPOS="1856" HPOS="1258"/>
<SP HEIGHT="37" WIDTH="30" VPOS="1858" HPOS="1312"/>
<String CONTENT="the" HEIGHT="39" WIDTH="82" VPOS="1856" HPOS="1343"/>
<SP HEIGHT="28" WIDTH="28" VPOS="1866" HPOS="1426"/>
<String CONTENT="wilderness." HEIGHT="41" WIDTH="296" VPOS="1854" HPOS="1455"/>
</TextLine>
<TextLine HEIGHT="52" WIDTH="1320" VPOS="1911" HPOS="206">
<String CONTENT="&#8220;First" HEIGHT="39" WIDTH="162" VPOS="1917" HPOS="206"/>
<SP HEIGHT="37" WIDTH="26" VPOS="1919" HPOS="369"/>
<String CONTENT="and" HEIGHT="42" WIDTH="94" VPOS="1914" HPOS="396"/>
<SP HEIGHT="40" WIDTH="26" VPOS="1914" HPOS="491"/>
<String CONTENT="second" HEIGHT="39" WIDTH="173" VPOS="1915" HPOS="518"/>
<SP HEIGHT="47" WIDTH="27" VPOS="1915" HPOS="692"/>
<String CONTENT="printings" HEIGHT="49" WIDTH="244" VPOS="1913" HPOS="720"/>
<SP HEIGHT="37" WIDTH="24" VPOS="1914" HPOS="965"/>
<String CONTENT="before" HEIGHT="41" WIDTH="165" VPOS="1912" HPOS="990"/>
<SP HEIGHT="37" WIDTH="26" VPOS="1923" HPOS="1156"/>
<String CONTENT="publication.&#8221;" HEIGHT="49" WIDTH="343" VPOS="1911" HPOS="1183"/>
</TextLine>
<TextLine HEIGHT="52" WIDTH="813" VPOS="1968" HPOS="206">
<String CONTENT="&#8220;Published" HEIGHT="40" WIDTH="291" VPOS="1972" HPOS="206"/>
<SP HEIGHT="41" WIDTH="35" VPOS="1971" HPOS="498"/>
<String CONTENT="September," HEIGHT="49" WIDTH="292" VPOS="1970" HPOS="534"/>
<SP HEIGHT="46" WIDTH="32" VPOS="1971" HPOS="827"/>
<String CONTENT="1929.&#8221;" HEIGHT="42" WIDTH="159" VPOS="1968" HPOS="860"/>
</TextLine>
<TextLine HEIGHT="61" WIDTH="1997" VPOS="2018" HPOS="144" CS="1">
<String CONTENT="&#169;" HEIGHT="54" WIDTH="53" VPOS="2025" HPOS="144"/>
<SP HEIGHT="53" WIDTH="33" VPOS="2025" HPOS="197"/>
<String CONTENT="Sept." HEIGHT="49" WIDTH="131" VPOS="2029" HPOS="230"/>
<SP HEIGHT="40" WIDTH="29" VPOS="2030" HPOS="361"/>
<String CONTENT="27," HEIGHT="46" WIDTH="71" VPOS="2030" HPOS="390"/>
<SP HEIGHT="48" WIDTH="33" VPOS="2028" HPOS="461"/>
<String CS="1" CONTENT="1929;" HEIGHT="39" WIDTH="116" VPOS="2028" HPOS="494"/>
<SP HEIGHT="39" WIDTH="32" VPOS="2029" HPOS="634"/>
<String CONTENT="2c." HEIGHT="42" WIDTH="70" VPOS="2028" HPOS="666"/>
<SP HEIGHT="42" WIDTH="32" VPOS="2027" HPOS="736"/>
<String CONTENT="Oct." HEIGHT="41" WIDTH="104" VPOS="2027" HPOS="768"/>
<SP HEIGHT="41" WIDTH="30" VPOS="2027" HPOS="872"/>
<String CONTENT="2;" HEIGHT="45" WIDTH="54" VPOS="2027" HPOS="902"/>
<SP HEIGHT="35" WIDTH="32" VPOS="2037" HPOS="956"/>
<String CONTENT="aff." HEIGHT="41" WIDTH="85" VPOS="2027" HPOS="988"/>
<SP HEIGHT="41" WIDTH="34" VPOS="2026" HPOS="1073"/>
<String CONTENT="Sept." HEIGHT="48" WIDTH="129" VPOS="2026" HPOS="1107"/>
<SP HEIGHT="39" WIDTH="32" VPOS="2027" HPOS="1236"/>
<String CS="1" CONTENT="30;" HEIGHT="40" WIDTH="60" VPOS="2026" HPOS="1268"/>
<SP HEIGHT="40" WIDTH="35" VPOS="2026" HPOS="1353"/>
<!-- cceid A57BC0B0-6CFA-1014-9C3C-CEA95E7AA542 --><String CONTENT="A" HEIGHT="38" WIDTH="39" VPOS="2026" HPOS="1388"/>
<SP HEIGHT="38" WIDTH="33" VPOS="2026" HPOS="1427"/>
<String CS="1" CONTENT="13825;" HEIGHT="41" WIDTH="144" VPOS="2025" HPOS="1460"/>
<SP HEIGHT="41" WIDTH="33" VPOS="2025" HPOS="1632"/>
<String CONTENT="Alfred" HEIGHT="41" WIDTH="172" VPOS="2024" HPOS="1665"/>
<SP HEIGHT="39" WIDTH="36" VPOS="2025" HPOS="1837"/>
<String CONTENT="A." HEIGHT="39" WIDTH="54" VPOS="2025" HPOS="1873"/>
<SP HEIGHT="39" WIDTH="33" VPOS="2025" HPOS="1927"/>
<String CONTENT="Knopf," HEIGHT="48" WIDTH="181" VPOS="2024" HPOS="1960"/>
</TextLine>
<TextLine HEIGHT="49" WIDTH="440" VPOS="2084" HPOS="210">
<String CONTENT="inc." HEIGHT="41" WIDTH="90" VPOS="2085" HPOS="210"/>
<SP HEIGHT="48" WIDTH="68" VPOS="2085" HPOS="301"/>
<String CONTENT="(29-20430)" HEIGHT="49" WIDTH="280" VPOS="2084" HPOS="370"/>
</TextLine>
<TextLine HEIGHT="72" WIDTH="718" VPOS="2179" HPOS="134" STYLEREFS="StyleId-EBD27D40-88DD-4F8A-85C4-7B74C34E00E8-">
<String CONTENT="U." HEIGHT="54" WIDTH="70" VPOS="2181" HPOS="134"/>
<SP HEIGHT="53" WIDTH="30" VPOS="2181" HPOS="205"/>
<String CONTENT="S." HEIGHT="53" WIDTH="57" VPOS="2181" HPOS="236"/>
<SP HEIGHT="51" WIDTH="75" VPOS="2183" HPOS="294"/>
<String CONTENT="Supreme" HEIGHT="68" WIDTH="275" VPOS="2182" HPOS="370"/>
<SP HEIGHT="33" WIDTH="30" VPOS="2201" HPOS="646"/>
<String CONTENT="court." HEIGHT="47" WIDTH="175" VPOS="2188" HPOS="677"/>
</TextLine>
<TextLine HEIGHT="156" WIDTH="1976" VPOS="2252" HPOS="139" STYLEREFS="StyleId-64256746-3569-4508-9321-1F435991265E-" CS="1">
<String CS="1" CONTENT="&#8230;"/>
<SP HEIGHT="54" WIDTH="34" VPOS="2259" HPOS="267"/>
<String CONTENT="Official" HEIGHT="55" WIDTH="219" VPOS="2258" HPOS="302"/>
<SP HEIGHT="50" WIDTH="28" VPOS="2261" HPOS="522"/>
<String CONTENT="reports" HEIGHT="63" WIDTH="222" VPOS="2264" HPOS="551"/>
<SP HEIGHT="32" WIDTH="30" VPOS="2280" HPOS="774"/>
<String CS="1" CONTENT="&#8230;"/>
<SP HEIGHT="32" WIDTH="79" VPOS="2277" HPOS="862"/>
<String CONTENT="v." HEIGHT="33" WIDTH="49" VPOS="2277" HPOS="942"/>
<SP HEIGHT="48" WIDTH="28" VPOS="2262" HPOS="992"/>
<String CS="1" CONTENT="278" HEIGHT="53" WIDTH="66" VPOS="2258" HPOS="1021"/>
<SP HEIGHT="52" WIDTH="27" VPOS="2258" HPOS="1124"/>
<String LANG="fr" CONTENT="U." HEIGHT="54" WIDTH="70" VPOS="2258" HPOS="1152"/>
<SP HEIGHT="55" WIDTH="31" VPOS="2257" HPOS="1223"/>
<String CONTENT="S." HEIGHT="56" WIDTH="56" VPOS="2256" HPOS="1255"/>
<SP HEIGHT="51" WIDTH="75" VPOS="2259" HPOS="1312"/>
<String CONTENT="Pages" HEIGHT="68" WIDTH="185" VPOS="2258" HPOS="1388"/>
<SP HEIGHT="48" WIDTH="25" VPOS="2261" HPOS="1574"/>
<String CONTENT="225" HEIGHT="48" WIDTH="99" VPOS="2260" HPOS="1600"/>
<SP HEIGHT="47" WIDTH="28" VPOS="2262" HPOS="1700"/>
<String CONTENT="to" HEIGHT="45" WIDTH="59" VPOS="2264" HPOS="1729"/>
<SP HEIGHT="49" WIDTH="27" VPOS="2260" HPOS="1789"/>
<String CS="1" CONTENT="666," HEIGHT="53" WIDTH="119" VPOS="2260" HPOS="1817"/>
<SP HEIGHT="57" WIDTH="24" VPOS="2256" HPOS="1937"/>
<String CONTENT="January" HEIGHT="153" WIDTH="1976" VPOS="2255" HPOS="139"/>
</TextLine>
<TextLine HEIGHT="76" WIDTH="1857" VPOS="2332" HPOS="285" STYLEREFS="StyleId-64256746-3569-4508-9321-1F435991265E-" CS="1">
<String CONTENT="2," HEIGHT="54" WIDTH="50" VPOS="2341" HPOS="285"/>
<SP HEIGHT="53" WIDTH="45" VPOS="2342" HPOS="336"/>
<String CONTENT="1929" HEIGHT="51" WIDTH="132" VPOS="2339" HPOS="382"/>
<SP HEIGHT="50" WIDTH="41" VPOS="2340" HPOS="515"/>
<String CONTENT="to" HEIGHT="47" WIDTH="61" VPOS="2343" HPOS="557"/>
<SP HEIGHT="34" WIDTH="41" VPOS="2357" HPOS="619"/>
<String CONTENT="and" HEIGHT="53" WIDTH="111" VPOS="2338" HPOS="661"/>
<SP HEIGHT="52" WIDTH="46" VPOS="2338" HPOS="773"/>
<String CONTENT="including" HEIGHT="69" WIDTH="300" VPOS="2336" HPOS="820"/>
<SP HEIGHT="67" WIDTH="51" VPOS="2337" HPOS="1121"/>
<String CONTENT="(in" HEIGHT="68" WIDTH="87" VPOS="2336" HPOS="1173"/>
<SP HEIGHT="50" WIDTH="43" VPOS="2355" HPOS="1261"/>
<String CONTENT="part)" HEIGHT="67" WIDTH="160" VPOS="2337" HPOS="1305"/>
<SP HEIGHT="62" WIDTH="53" VPOS="2336" HPOS="1466"/>
<String CONTENT="February" HEIGHT="64" WIDTH="297" VPOS="2334" HPOS="1520"/>
<SP HEIGHT="57" WIDTH="44" VPOS="2339" HPOS="1818"/>
<String CS="1" CONTENT="18," HEIGHT="48" WIDTH="64" VPOS="2339" HPOS="1863"/>
<SP/>
<String CS="1" CONTENT="1929." HEIGHT="51" WIDTH="83" VPOS="2337" HPOS="2059"/>
</TextLine>
<TextLine HEIGHT="77" WIDTH="2003" VPOS="2409" HPOS="143" STYLEREFS="StyleId-64256746-3569-4508-9321-1F435991265E-" CS="1">
<String CONTENT="[Advance" HEIGHT="68" WIDTH="290" VPOS="2416" HPOS="143"/>
<SP HEIGHT="35" WIDTH="41" VPOS="2436" HPOS="434"/>
<String CONTENT="sheets" HEIGHT="52" WIDTH="181" VPOS="2417" HPOS="476"/>
<SP HEIGHT="32" WIDTH="41" VPOS="2437" HPOS="658"/>
<String CONTENT="service." HEIGHT="54" WIDTH="227" VPOS="2415" HPOS="700"/>
<SP HEIGHT="52" WIDTH="74" VPOS="2415" HPOS="928"/>
<String CONTENT="Reprints]" HEIGHT="70" WIDTH="293" VPOS="2413" HPOS="1003"/>
<SP HEIGHT="66" WIDTH="79" VPOS="2414" HPOS="1297"/>
<String CONTENT="New" HEIGHT="51" WIDTH="138" VPOS="2414" HPOS="1377"/>
<SP HEIGHT="53" WIDTH="42" VPOS="2413" HPOS="1516"/>
<String CONTENT="York," HEIGHT="58" WIDTH="179" VPOS="2413" HPOS="1559"/>
<SP HEIGHT="56" WIDTH="40" VPOS="2415" HPOS="1739"/>
<String LANG="fr" CONTENT="N." HEIGHT="54" WIDTH="69" VPOS="2414" HPOS="1780"/>
<SP HEIGHT="54" WIDTH="42" VPOS="2413" HPOS="1850"/>
<String CS="1" CONTENT="Y.," HEIGHT="51" WIDTH="55" VPOS="2413" HPOS="1893"/>
<SP HEIGHT="50" WIDTH="37" VPOS="2415" HPOS="1985"/>
<String CONTENT="The" HEIGHT="53" WIDTH="123" VPOS="2414" HPOS="2023"/>
</TextLine>
<TextLine HEIGHT="76" WIDTH="1233" VPOS="2491" HPOS="138" STYLEREFS="StyleId-64256746-3569-4508-9321-1F435991265E-" CS="1">
<String CONTENT="Banks" HEIGHT="54" WIDTH="194" VPOS="2495" HPOS="138"/>
<SP HEIGHT="51" WIDTH="33" VPOS="2497" HPOS="333"/>
<String CONTENT="law" HEIGHT="51" WIDTH="108" VPOS="2496" HPOS="367"/>
<SP HEIGHT="49" WIDTH="33" VPOS="2513" HPOS="476"/>
<String CONTENT="publishing" HEIGHT="69" WIDTH="334" VPOS="2493" HPOS="510"/>
<SP HEIGHT="40" WIDTH="29" VPOS="2513" HPOS="845"/>
<String CONTENT="company" HEIGHT="54" WIDTH="282" VPOS="2510" HPOS="875"/>
<SP HEIGHT="51" WIDTH="38" VPOS="2512" HPOS="1158"/>
<String STYLE="subscript" CONTENT="[" HEIGHT="32" WIDTH="12" VPOS="2527" HPOS="1197"/>
<String STYLE="superscript" CONTENT="&#7580;" HEIGHT="21" WIDTH="18" VPOS="2499" HPOS="1214"/>
<String CS="1" CONTENT="1929]" HEIGHT="49" WIDTH="132" VPOS="2496" HPOS="1239"/>
</TextLine>
<TextLine HEIGHT="52" WIDTH="390" VPOS="2574" HPOS="219" STYLEREFS="StyleId-64256746-3569-4508-9321-1F435991265E-" CS="1">
<String CONTENT="[123]" HEIGHT="51" WIDTH="114" VPOS="2575" HPOS="219"/>
<SP HEIGHT="38" WIDTH="45" VPOS="2587" HPOS="333"/>
<String CONTENT="p." HEIGHT="37" WIDTH="44" VPOS="2587" HPOS="378"/>
<SP HEIGHT="40" WIDTH="71" VPOS="2575" HPOS="422"/>
<String CONTENT="26" HEIGHT="40" WIDTH="56" VPOS="2575" HPOS="493"/>
<String STYLE="superscript" CS="1" CONTENT="&#7580;&#7504;"/>
<String CONTENT="." HEIGHT="8" WIDTH="7" VPOS="2607" HPOS="602"/>
</TextLine>
<TextLine HEIGHT="63" WIDTH="1884" VPOS="2621" HPOS="149" CS="1">
<String CONTENT="&#169;" HEIGHT="54" WIDTH="52" VPOS="2627" HPOS="149"/>
<SP HEIGHT="53" WIDTH="29" VPOS="2627" HPOS="202"/>
<String CONTENT="Oct." HEIGHT="39" WIDTH="102" VPOS="2633" HPOS="232"/>
<SP HEIGHT="39" WIDTH="29" VPOS="2633" HPOS="335"/>
<String CS="1" CONTENT="11," HEIGHT="38" WIDTH="47" VPOS="2633" HPOS="365"/>
<SP HEIGHT="43" WIDTH="28" VPOS="2632" HPOS="434"/>
<String CONTENT="1929;" HEIGHT="44" WIDTH="140" VPOS="2630" HPOS="463"/>
<SP HEIGHT="41" WIDTH="31" VPOS="2632" HPOS="604"/>
<String CONTENT="2c." HEIGHT="40" WIDTH="67" VPOS="2632" HPOS="636"/>
<SP HEIGHT="30" WIDTH="30" VPOS="2642" HPOS="704"/>
<String CONTENT="and" HEIGHT="39" WIDTH="94" VPOS="2632" HPOS="735"/>
<SP HEIGHT="38" WIDTH="29" VPOS="2632" HPOS="830"/>
<String CONTENT="aff." HEIGHT="40" WIDTH="83" VPOS="2631" HPOS="860"/>
<SP HEIGHT="40" WIDTH="29" VPOS="2631" HPOS="944"/>
<String CONTENT="Oct." HEIGHT="42" WIDTH="103" VPOS="2630" HPOS="974"/>
<SP HEIGHT="40" WIDTH="29" VPOS="2631" HPOS="1078"/>
<String CS="1" CONTENT="19;" HEIGHT="38" WIDTH="58" VPOS="2630" HPOS="1108"/>
<SP HEIGHT="40" WIDTH="33" VPOS="2630" HPOS="1190"/>
<!-- cceid A57C1F00-6CFA-1014-9C3C-CEA95E7AA542 --><String CONTENT="A" HEIGHT="39" WIDTH="37" VPOS="2630" HPOS="1224"/>
<SP HEIGHT="40" WIDTH="33" VPOS="2629" HPOS="1262"/>
<String CS="1" CONTENT="15142;" HEIGHT="39" WIDTH="142" VPOS="2630" HPOS="1296"/>
<SP HEIGHT="40" WIDTH="33" VPOS="2630" HPOS="1466"/>
<String CONTENT="Banks" HEIGHT="42" WIDTH="169" VPOS="2629" HPOS="1500"/>
<SP HEIGHT="39" WIDTH="26" VPOS="2631" HPOS="1670"/>
<String CONTENT="law" HEIGHT="38" WIDTH="96" VPOS="2631" HPOS="1697"/>
<SP HEIGHT="38" WIDTH="29" VPOS="2640" HPOS="1794"/>
<String CONTENT="pub." HEIGHT="47" WIDTH="109" VPOS="2630" HPOS="1824"/>
<SP HEIGHT="29" WIDTH="30" VPOS="2640" HPOS="1934"/>
<String CONTENT="co." HEIGHT="29" WIDTH="68" VPOS="2640" HPOS="1965"/>
</TextLine>
<TextLine HEIGHT="82" WIDTH="2008" VPOS="2775" HPOS="141" STYLEREFS="StyleId-64256746-3569-4508-9321-1F435991265E-">
<String CONTENT="The" HEIGHT="55" WIDTH="121" VPOS="2784" HPOS="141"/>
<SP HEIGHT="38" WIDTH="35" VPOS="2800" HPOS="263"/>
<String CONTENT="village" HEIGHT="65" WIDTH="213" VPOS="2781" HPOS="299"/>
<SP HEIGHT="36" WIDTH="35" VPOS="2799" HPOS="513"/>
<String CONTENT="manual" HEIGHT="53" WIDTH="231" VPOS="2784" HPOS="549"/>
<SP HEIGHT="52" WIDTH="38" VPOS="2784" HPOS="781"/>
<String CONTENT="for" HEIGHT="52" WIDTH="94" VPOS="2784" HPOS="820"/>
<SP HEIGHT="46" WIDTH="34" VPOS="2790" HPOS="915"/>
<String CONTENT="the" HEIGHT="55" WIDTH="94" VPOS="2784" HPOS="950"/>
<SP HEIGHT="33" WIDTH="35" VPOS="2805" HPOS="1045"/>
<String CONTENT="state" HEIGHT="48" WIDTH="144" VPOS="2788" HPOS="1081"/>
<SP HEIGHT="33" WIDTH="36" VPOS="2802" HPOS="1226"/>
<String CONTENT="of" HEIGHT="53" WIDTH="63" VPOS="2783" HPOS="1263"/>
<SP HEIGHT="52" WIDTH="34" VPOS="2783" HPOS="1327"/>
<String CONTENT="Minnesota." HEIGHT="55" WIDTH="340" VPOS="2780" HPOS="1362"/>
<SP HEIGHT="52" WIDTH="76" VPOS="2782" HPOS="1703"/>
<String CONTENT="A" HEIGHT="53" WIDTH="51" VPOS="2781" HPOS="1780"/>
<SP HEIGHT="52" WIDTH="38" VPOS="2781" HPOS="1832"/>
<String CONTENT="complete" HEIGHT="69" WIDTH="278" VPOS="2781" HPOS="1871"/>
</TextLine>
<TextLine HEIGHT="72" WIDTH="1940" VPOS="2855" HPOS="210" STYLEREFS="StyleId-64256746-3569-4508-9321-1F435991265E-">
<String CONTENT="guide" HEIGHT="64" WIDTH="173" VPOS="2863" HPOS="210"/>
<SP HEIGHT="52" WIDTH="38" VPOS="2863" HPOS="383"/>
<String CONTENT="for" HEIGHT="53" WIDTH="96" VPOS="2862" HPOS="421"/>
<SP HEIGHT="33" WIDTH="35" VPOS="2881" HPOS="518"/>
<String CONTENT="village" HEIGHT="65" WIDTH="213" VPOS="2860" HPOS="553"/>
<SP HEIGHT="35" WIDTH="38" VPOS="2879" HPOS="767"/>
<String CONTENT="officers" HEIGHT="55" WIDTH="210" VPOS="2859" HPOS="805"/>
<SP HEIGHT="51" WIDTH="38" VPOS="2863" HPOS="1015"/>
<String CONTENT="in" HEIGHT="51" WIDTH="59" VPOS="2863" HPOS="1053"/>
<SP HEIGHT="47" WIDTH="38" VPOS="2868" HPOS="1113"/>
<String CONTENT="their" HEIGHT="54" WIDTH="153" VPOS="2861" HPOS="1151"/>
<SP HEIGHT="34" WIDTH="34" VPOS="2879" HPOS="1305"/>
<String CONTENT="various" HEIGHT="55" WIDTH="232" VPOS="2859" HPOS="1339"/>
<SP HEIGHT="52" WIDTH="37" VPOS="2861" HPOS="1571"/>
<String CONTENT="duties" HEIGHT="56" WIDTH="186" VPOS="2859" HPOS="1608"/>
<SP HEIGHT="37" WIDTH="37" VPOS="2878" HPOS="1795"/>
<String CONTENT="under" HEIGHT="51" WIDTH="183" VPOS="2860" HPOS="1832"/>
<SP HEIGHT="46" WIDTH="38" VPOS="2865" HPOS="2016"/>
<String CONTENT="the" HEIGHT="52" WIDTH="96" VPOS="2860" HPOS="2054"/>
</TextLine>
<TextLine HEIGHT="77" WIDTH="1936" VPOS="2934" HPOS="212" STYLEREFS="StyleId-64256746-3569-4508-9321-1F435991265E-" CS="1">
<String CONTENT="laws" HEIGHT="52" WIDTH="137" VPOS="2942" HPOS="212"/>
<SP HEIGHT="33" WIDTH="36" VPOS="2961" HPOS="350"/>
<String CONTENT="of" HEIGHT="52" WIDTH="65" VPOS="2941" HPOS="387"/>
<SP HEIGHT="53" WIDTH="32" VPOS="2940" HPOS="453"/>
<String CONTENT="Minnesota." HEIGHT="54" WIDTH="341" VPOS="2939" HPOS="486"/>
<SP HEIGHT="50" WIDTH="75" VPOS="2941" HPOS="828"/>
<String CONTENT="By" HEIGHT="68" WIDTH="91" VPOS="2941" HPOS="904"/>
<SP HEIGHT="70" WIDTH="34" VPOS="2939" HPOS="996"/>
<String CONTENT="James" HEIGHT="53" WIDTH="194" VPOS="2939" HPOS="1031"/>
<SP HEIGHT="51" WIDTH="34" VPOS="2940" HPOS="1226"/>
<String CS="1" CONTENT="D." HEIGHT="9" WIDTH="9" VPOS="2983" HPOS="1324"/>
<SP HEIGHT="53" WIDTH="38" VPOS="2939" HPOS="1334"/>
<String CONTENT="Shearer" HEIGHT="55" WIDTH="243" VPOS="2938" HPOS="1373"/>
<SP HEIGHT="33" WIDTH="36" VPOS="2959" HPOS="1617"/>
<String CONTENT="and" HEIGHT="51" WIDTH="111" VPOS="2941" HPOS="1654"/>
<SP HEIGHT="55" WIDTH="38" VPOS="2939" HPOS="1766"/>
<String CONTENT="Charles" HEIGHT="56" WIDTH="238" VPOS="2938" HPOS="1805"/>
<SP HEIGHT="53" WIDTH="36" VPOS="2938" HPOS="2044"/>
<String CONTENT="R." HEIGHT="54" WIDTH="67" VPOS="2938" HPOS="2081"/>
</TextLine>
<TextLine HEIGHT="79" WIDTH="1938" VPOS="3012" HPOS="213" STYLEREFS="StyleId-64256746-3569-4508-9321-1F435991265E-">
<String CONTENT="Butler." HEIGHT="53" WIDTH="220" VPOS="3019" HPOS="213"/>
<SP HEIGHT="49" WIDTH="76" VPOS="3023" HPOS="434"/>
<String CONTENT="12th" HEIGHT="52" WIDTH="128" VPOS="3019" HPOS="511"/>
<SP HEIGHT="52" WIDTH="39" VPOS="3019" HPOS="640"/>
<String CONTENT="ed.," HEIGHT="58" WIDTH="103" VPOS="3017" HPOS="680"/>
<SP HEIGHT="55" WIDTH="36" VPOS="3019" HPOS="784"/>
<String CONTENT="July," HEIGHT="68" WIDTH="161" VPOS="3018" HPOS="821"/>
<SP HEIGHT="57" WIDTH="38" VPOS="3022" HPOS="983"/>
<String CONTENT="1929." HEIGHT="49" WIDTH="149" VPOS="3021" HPOS="1022"/>
<SP HEIGHT="52" WIDTH="74" VPOS="3018" HPOS="1172"/>
<String CONTENT="Minneapolis," HEIGHT="72" WIDTH="405" VPOS="3016" HPOS="1247"/>
<SP HEIGHT="59" WIDTH="34" VPOS="3017" HPOS="1653"/>
<String CONTENT="Minn.," HEIGHT="70" WIDTH="204" VPOS="3016" HPOS="1688"/>
<SP HEIGHT="68" WIDTH="33" VPOS="3017" HPOS="1893"/>
<String CONTENT="Walter" HEIGHT="54" WIDTH="224" VPOS="3016" HPOS="1927"/>
</TextLine>
<TextLine HEIGHT="72" WIDTH="850" VPOS="3093" HPOS="216" STYLEREFS="StyleId-64256746-3569-4508-9321-1F435991265E-" CS="1">
<String CONTENT="S." HEIGHT="56" WIDTH="57" VPOS="3096" HPOS="216"/>
<SP HEIGHT="51" WIDTH="28" VPOS="3098" HPOS="273"/>
<String CONTENT="Booth" HEIGHT="52" WIDTH="188" VPOS="3097" HPOS="301"/>
<SP HEIGHT="51" WIDTH="26" VPOS="3097" HPOS="489"/>
<String CONTENT="&amp;" HEIGHT="49" WIDTH="45" VPOS="3099" HPOS="515"/>
<SP HEIGHT="50" WIDTH="24" VPOS="3099" HPOS="560"/>
<String CONTENT="son," HEIGHT="42" WIDTH="119" VPOS="3114" HPOS="584"/>
<SP HEIGHT="59" WIDTH="26" VPOS="3097" HPOS="703"/>
<String CONTENT="inc." HEIGHT="54" WIDTH="108" VPOS="3096" HPOS="729"/>
<SP HEIGHT="62" WIDTH="35" VPOS="3101" HPOS="837"/>
<String CS="1" CONTENT="[&#7580;19"/>
<String LANG="fr" CONTENT="29]" HEIGHT="65" WIDTH="85" VPOS="3098" HPOS="981"/>
</TextLine>
<TextLine HEIGHT="51" WIDTH="455" VPOS="3176" HPOS="221" CS="1">
<String CONTENT="595," HEIGHT="48" WIDTH="99" VPOS="3177" HPOS="221"/>
<SP HEIGHT="29" WIDTH="38" VPOS="3198" HPOS="321"/>
<String CONTENT="[1]" HEIGHT="48" WIDTH="54" VPOS="3179" HPOS="360"/>
<SP HEIGHT="36" WIDTH="37" VPOS="3190" HPOS="415"/>
<String CONTENT="p." HEIGHT="37" WIDTH="43" VPOS="3189" HPOS="453"/>
<SP HEIGHT="40" WIDTH="62" VPOS="3177" HPOS="497"/>
<String CONTENT="19" HEIGHT="39" WIDTH="55" VPOS="3177" HPOS="560"/>
<String STYLE="superscript" CS="1" CONTENT="&#7580;&#7504;"/>
<String CONTENT="." HEIGHT="9" WIDTH="8" VPOS="3209" HPOS="668"/>
</TextLine>
<TextLine HEIGHT="63" WIDTH="1995" VPOS="3222" HPOS="156" CS="1">
<String CONTENT="&#169;" HEIGHT="54" WIDTH="52" VPOS="3229" HPOS="156"/>
<SP HEIGHT="53" WIDTH="29" VPOS="3229" HPOS="209"/>
<String CONTENT="Aug." HEIGHT="45" WIDTH="120" VPOS="3235" HPOS="239"/>
<SP HEIGHT="39" WIDTH="27" VPOS="3235" HPOS="360"/>
<String CONTENT="26," HEIGHT="42" WIDTH="70" VPOS="3234" HPOS="388"/>
<SP HEIGHT="41" WIDTH="29" VPOS="3235" HPOS="459"/>
<String CONTENT="1929;" HEIGHT="46" WIDTH="140" VPOS="3233" HPOS="489"/>
<SP HEIGHT="45" WIDTH="30" VPOS="3234" HPOS="630"/>
<String CONTENT="2c." HEIGHT="40" WIDTH="68" VPOS="3234" HPOS="661"/>
<SP HEIGHT="41" WIDTH="29" VPOS="3233" HPOS="730"/>
<String CONTENT="Aug." HEIGHT="48" WIDTH="120" VPOS="3233" HPOS="760"/>
<SP HEIGHT="40" WIDTH="29" VPOS="3234" HPOS="881"/>
<String CONTENT="30;" HEIGHT="46" WIDTH="82" VPOS="3233" HPOS="911"/>
<SP HEIGHT="36" WIDTH="33" VPOS="3243" HPOS="994"/>
<String CONTENT="aff." HEIGHT="41" WIDTH="83" VPOS="3233" HPOS="1028"/>
<SP HEIGHT="41" WIDTH="32" VPOS="3233" HPOS="1112"/>
<String CONTENT="Sept." HEIGHT="48" WIDTH="128" VPOS="3233" HPOS="1145"/>
<SP HEIGHT="43" WIDTH="29" VPOS="3231" HPOS="1274"/>
<String CS="1" CONTENT="28;" HEIGHT="42" WIDTH="60" VPOS="3231" HPOS="1304"/>
<SP HEIGHT="39" WIDTH="33" VPOS="3233" HPOS="1387"/>
<!-- cceid A57C9025-6CFA-1014-9C3C-CEA95E7AA542 --><String CONTENT="A" HEIGHT="38" WIDTH="38" VPOS="3233" HPOS="1421"/>
<SP HEIGHT="38" WIDTH="30" VPOS="3233" HPOS="1460"/>
<String CS="1" CONTENT="13841;" HEIGHT="40" WIDTH="142" VPOS="3231" HPOS="1491"/>
<SP HEIGHT="39" WIDTH="33" VPOS="3233" HPOS="1661"/>
<String CONTENT="Walter" HEIGHT="41" WIDTH="188" VPOS="3232" HPOS="1695"/>
<SP HEIGHT="38" WIDTH="32" VPOS="3232" HPOS="1884"/>
<String CONTENT="S." HEIGHT="41" WIDTH="44" VPOS="3232" HPOS="1917"/>
<SP HEIGHT="40" WIDTH="31" VPOS="3233" HPOS="1962"/>
<String CONTENT="Booth" HEIGHT="41" WIDTH="157" VPOS="3232" HPOS="1994"/>
</TextLine>
<TextLine HEIGHT="48" WIDTH="292" VPOS="3289" HPOS="224">
<String CONTENT="&amp;" HEIGHT="40" WIDTH="36" VPOS="3291" HPOS="224"/>
<SP HEIGHT="40" WIDTH="29" VPOS="3291" HPOS="261"/>
<String CONTENT="son," HEIGHT="36" WIDTH="100" VPOS="3301" HPOS="291"/>
<SP HEIGHT="47" WIDTH="31" VPOS="3290" HPOS="392"/>
<String CONTENT="inc." HEIGHT="43" WIDTH="92" VPOS="3289" HPOS="424"/>
</TextLine>
<TextLine HEIGHT="67" WIDTH="524" VPOS="3382" HPOS="144" STYLEREFS="StyleId-12C24568-1DD2-4A8F-8910-1BB924A7C22A-">
<String CONTENT="Wallace," HEIGHT="65" WIDTH="273" VPOS="3383" HPOS="144"/>
<SP HEIGHT="62" WIDTH="32" VPOS="3385" HPOS="417"/>
<String CONTENT="Edgar." HEIGHT="64" WIDTH="219" VPOS="3384" HPOS="449"/>
</TextLine>
<TextLine HEIGHT="72" WIDTH="876" VPOS="3460" HPOS="217" STYLEREFS="StyleId-64256746-3569-4508-9321-1F435991265E-">
<String CONTENT="The" HEIGHT="51" WIDTH="120" VPOS="3464" HPOS="217"/>
<SP HEIGHT="49" WIDTH="26" VPOS="3481" HPOS="338"/>
<String CONTENT="green" HEIGHT="50" WIDTH="171" VPOS="3480" HPOS="365"/>
<SP HEIGHT="33" WIDTH="23" VPOS="3481" HPOS="537"/>
<String CONTENT="ribbon," HEIGHT="54" WIDTH="218" VPOS="3461" HPOS="561"/>
<SP HEIGHT="34" WIDTH="75" VPOS="3481" HPOS="780"/>
<String CONTENT="chap." HEIGHT="68" WIDTH="163" VPOS="3462" HPOS="856"/>
<SP HEIGHT="50" WIDTH="27" VPOS="3466" HPOS="1020"/>
<String CONTENT="3." HEIGHT="48" WIDTH="45" VPOS="3466" HPOS="1048"/>
</TextLine>
<TextLine HEIGHT="56" WIDTH="954" VPOS="3537" HPOS="240">
<String CONTENT="(In" HEIGHT="48" WIDTH="83" VPOS="3543" HPOS="240"/>
<SP HEIGHT="43" WIDTH="37" VPOS="3540" HPOS="324"/>
<String CONTENT="London" HEIGHT="45" WIDTH="200" VPOS="3539" HPOS="362"/>
<SP HEIGHT="42" WIDTH="39" VPOS="3540" HPOS="563"/>
<String CONTENT="News" HEIGHT="45" WIDTH="150" VPOS="3539" HPOS="603"/>
<SP HEIGHT="29" WIDTH="40" VPOS="3554" HPOS="754"/>
<String CONTENT="of" HEIGHT="43" WIDTH="54" VPOS="3540" HPOS="795"/>
<SP HEIGHT="44" WIDTH="39" VPOS="3540" HPOS="850"/>
<String CONTENT="the" HEIGHT="44" WIDTH="84" VPOS="3540" HPOS="890"/>
<SP HEIGHT="29" WIDTH="39" VPOS="3554" HPOS="975"/>
<String CONTENT="world)" HEIGHT="51" WIDTH="179" VPOS="3539" HPOS="1015"/>
</TextLine>
<TextLine HEIGHT="64" WIDTH="1997" VPOS="3587" HPOS="158" CS="1">
<String CONTENT="&#169;" HEIGHT="54" WIDTH="52" VPOS="3594" HPOS="158"/>
<SP HEIGHT="53" WIDTH="25" VPOS="3594" HPOS="211"/>
<String CS="1" CONTENT="1c."/>
<SP HEIGHT="39" WIDTH="24" VPOS="3600" HPOS="305"/>
<String CONTENT="Nov." HEIGHT="40" WIDTH="118" VPOS="3600" HPOS="330"/>
<SP HEIGHT="43" WIDTH="26" VPOS="3597" HPOS="449"/>
<String CONTENT="5," HEIGHT="44" WIDTH="39" VPOS="3597" HPOS="476"/>
<SP HEIGHT="42" WIDTH="26" VPOS="3599" HPOS="516"/>
<String CS="1" CONTENT="1929;" HEIGHT="40" WIDTH="115" VPOS="3599" HPOS="543"/>
<SP HEIGHT="39" WIDTH="28" VPOS="3600" HPOS="684"/>
<!-- cceid A57CEB32-6CFA-1014-9C3C-CEA95E7AA542 --><String CONTENT="A" HEIGHT="40" WIDTH="42" VPOS="3599" HPOS="713"/>
<SP HEIGHT="40" WIDTH="24" VPOS="3599" HPOS="756"/>
<String CONTENT="ad" HEIGHT="38" WIDTH="59" VPOS="3601" HPOS="781"/>
<SP HEIGHT="39" WIDTH="27" VPOS="3600" HPOS="841"/>
<String CONTENT="int." HEIGHT="41" WIDTH="86" VPOS="3600" HPOS="869"/>
<SP HEIGHT="41" WIDTH="27" VPOS="3600" HPOS="956"/>
<String CS="1" CONTENT="13175;" HEIGHT="42" WIDTH="144" VPOS="3599" HPOS="984"/>
<SP HEIGHT="37" WIDTH="28" VPOS="3610" HPOS="1156"/>
<String CONTENT="pubd." HEIGHT="48" WIDTH="143" VPOS="3599" HPOS="1185"/>
<SP HEIGHT="41" WIDTH="30" VPOS="3599" HPOS="1329"/>
<String CONTENT="Sept." HEIGHT="47" WIDTH="128" VPOS="3599" HPOS="1360"/>
<SP HEIGHT="41" WIDTH="28" VPOS="3599" HPOS="1489"/>
<String CONTENT="8;" HEIGHT="43" WIDTH="52" VPOS="3598" HPOS="1518"/>
<SP HEIGHT="39" WIDTH="29" VPOS="3601" HPOS="1571"/>
<String CONTENT="E." HEIGHT="39" WIDTH="51" VPOS="3601" HPOS="1601"/>
<SP HEIGHT="40" WIDTH="26" VPOS="3600" HPOS="1653"/>
<String CONTENT="Wallace," HEIGHT="43" WIDTH="232" VPOS="3599" HPOS="1680"/>
<SP HEIGHT="41" WIDTH="28" VPOS="3600" HPOS="1913"/>
<String CONTENT="London." HEIGHT="41" WIDTH="213" VPOS="3599" HPOS="1942"/>
</TextLine>
<TextLine HEIGHT="69" WIDTH="991" VPOS="3704" HPOS="158" STYLEREFS="StyleId-64256746-3569-4508-9321-1F435991265E-">
<String CONTENT="Walsh," HEIGHT="64" WIDTH="221" VPOS="3707" HPOS="158"/>
<SP HEIGHT="61" WIDTH="25" VPOS="3709" HPOS="380"/>
<String CONTENT="William" HEIGHT="54" WIDTH="255" VPOS="3707" HPOS="406"/>
<SP HEIGHT="50" WIDTH="28" VPOS="3709" HPOS="662"/>
<String CONTENT="Emmet," HEIGHT="63" WIDTH="256" VPOS="3708" HPOS="691"/>
<SP HEIGHT="55" WIDTH="29" VPOS="3715" HPOS="948"/>
<String CONTENT="1868-" HEIGHT="51" WIDTH="171" VPOS="3713" HPOS="978"/>
</TextLine>
<TextLine HEIGHT="136" WIDTH="1979" VPOS="3779" HPOS="156" STYLEREFS="StyleId-64256746-3569-4508-9321-1F435991265E-" CS="1">
<String CONTENT="The" HEIGHT="52" WIDTH="120" VPOS="3786" HPOS="225"/>
<SP HEIGHT="34" WIDTH="36" VPOS="3804" HPOS="346"/>
<String CONTENT="south" HEIGHT="51" WIDTH="163" VPOS="3787" HPOS="383"/>
<SP HEIGHT="50" WIDTH="40" VPOS="3787" HPOS="547"/>
<String CONTENT="of" HEIGHT="52" WIDTH="65" VPOS="3785" HPOS="588"/>
<SP HEIGHT="53" WIDTH="34" VPOS="3785" HPOS="654"/>
<String CONTENT="France;" HEIGHT="55" WIDTH="248" VPOS="3787" HPOS="689"/>
<SP HEIGHT="56" WIDTH="41" VPOS="3786" HPOS="938"/>
<String CONTENT="Gascony," HEIGHT="70" WIDTH="283" VPOS="3785" HPOS="980"/>
<SP HEIGHT="56" WIDTH="34" VPOS="3788" HPOS="1264"/>
<String CONTENT="Roussilon" HEIGHT="55" WIDTH="306" VPOS="3784" HPOS="1299"/>
<SP HEIGHT="48" WIDTH="27" VPOS="3805" HPOS="1606"/>
<String CS="1" CONTENT="[!]" HEIGHT="67" WIDTH="33" VPOS="3786" HPOS="1634"/>
<SP HEIGHT="48" WIDTH="45" VPOS="3805" HPOS="1688"/>
<String CONTENT="and" HEIGHT="54" WIDTH="113" VPOS="3786" HPOS="1734"/>
<SP HEIGHT="53" WIDTH="36" VPOS="3786" HPOS="1848"/>
<String CONTENT="old" HEIGHT="53" WIDTH="96" VPOS="3786" HPOS="1885"/>
<SP HEIGHT="53" WIDTH="35" VPOS="3787" HPOS="1982"/>
<String CS="1" CONTENT="Provence," HEIGHT="128" WIDTH="1979" VPOS="3787" HPOS="156"/>
</TextLine>
<TextLine HEIGHT="81" WIDTH="1778" VPOS="3856" HPOS="383" STYLEREFS="StyleId-64256746-3569-4508-9321-1F435991265E-" CS="1">
<String CONTENT="by" HEIGHT="55" WIDTH="76" VPOS="3863" HPOS="383"/>
<SP HEIGHT="54" WIDTH="42" VPOS="3864" HPOS="460"/>
<String CS="1" CONTENT="W." HEIGHT="52" WIDTH="76" VPOS="3864" HPOS="503"/>
<SP HEIGHT="51" WIDTH="48" VPOS="3865" HPOS="592"/>
<String CONTENT="F." HEIGHT="51" WIDTH="67" VPOS="3865" HPOS="641"/>
<SP HEIGHT="53" WIDTH="43" VPOS="3864" HPOS="709"/>
<String CONTENT="Walsh." HEIGHT="52" WIDTH="218" VPOS="3864" HPOS="753"/>
<SP HEIGHT="51" WIDTH="95" VPOS="3866" HPOS="972"/>
<String CONTENT="Boston," HEIGHT="65" WIDTH="235" VPOS="3865" HPOS="1068"/>
<SP HEIGHT="63" WIDTH="43" VPOS="3866" HPOS="1304"/>
<String CONTENT="The" HEIGHT="52" WIDTH="120" VPOS="3865" HPOS="1348"/>
<SP HEIGHT="51" WIDTH="43" VPOS="3865" HPOS="1469"/>
<String CONTENT="Four" HEIGHT="53" WIDTH="156" VPOS="3864" HPOS="1513"/>
<SP HEIGHT="32" WIDTH="43" VPOS="3883" HPOS="1670"/>
<String CONTENT="seas" HEIGHT="37" WIDTH="121" VPOS="3882" HPOS="1714"/>
<SP HEIGHT="36" WIDTH="43" VPOS="3882" HPOS="1836"/>
<String CONTENT="company" HEIGHT="50" WIDTH="281" VPOS="3881" HPOS="1880"/>
</TextLine>
<TextLine HEIGHT="64" WIDTH="83" VPOS="3944" HPOS="269" STYLEREFS="StyleId-64256746-3569-4508-9321-1F435991265E-" CS="1">
<String CS="1" CONTENT="["/>
<String STYLE="superscript" CS="1" CONTENT="&#7580;19"/>
<String CONTENT="28" HEIGHT="50" WIDTH="65" VPOS="3944" HPOS="269"/>
<String STYLE="subscript" CONTENT="]" HEIGHT="33" WIDTH="11" VPOS="3975" HPOS="341"/>
</TextLine>
</TextBlock>
<GraphicalElement ID="Page1535_Block3" HEIGHT="9" WIDTH="1994" VPOS="275" HPOS="121"/>
</PrintSpace>
</Page>
</Layout>
</alto>