2561 4405
1201 4052 32 56 7

264 471 100 48 viii,
396 472 87 40 344
513 482 44 37 p.
617 470 58 41 19½ᶜᵐ.

199 536 52 53 ©
282 541 110 40 Jan.
423 542 40 46 7,
495 540 115 39 1929;
669 540 69 41 2c.
771 540 110 40 Jan.
913 539 82 47 12;
1030 538 84 41 aff.
1145 539 112 40 Jan.
1288 538 82 47 10;
1405 537 42 40 A
1476 538 143 48 2800;
1655 540 288 47 Longmans,
1979 540 157 39 Green
2169 540 36 40 &

266 607 68 30 co.
401 595 251 50 (29-1191)

197 690 354 64 Higginson,
584 689 339 54 Alexander
957 689 225 64 Henry,
1219 690 173 54 1876-

268 768 273 68 Hunting
575 768 61 51 in
669 768 98 52 the
797 767 221 54 United
1055 766 189 55 States
1281 768 114 52 and
1430 766 266 69 Canada;
1733 768 172 69 being
1941 788 71 33 an
198 769 1986 130 illustrated

419 846 224 67 history
673 844 66 54 of
770 846 134 51 each
939 844 65 53 of
1033 846 97 52 the
1160 846 148 52 hunt
1339 845 156 53 clubs
1528 847 113 51 and
1674 846 327 53 individual
2035 848 174 67 packs

199 943 73 33 on
309 925 97 52 the
445 923 187 54 North
671 923 309 53 American
1021 923 312 68 continent,
1373 925 113 52 and
1528 924 334 69 presenting
1900 924 309 54 first-hand

194 1001 380 55 information
598 1001 66 54 of
685 1004 159 67 early
866 1001 244 54 colonial
1134 1001 374 70 foxhunting,
1530 1003 255 53 hitherto
1809 1005 404 68 unpublished,

198 1100 61 34 as
297 1081 127 53 well
463 1099 60 34 as
563 1081 436 67 reproductions
1038 1079 66 54 of
1141 1081 278 67 portraits
1458 1080 65 54 of
1562 1082 159 68 early
1760 1082 318 54 celebrities
2114 1083 97 53 the

199 1159 279 53 existence
512 1158 65 54 of
612 1159 186 52 which
831 1159 103 52 has
968 1164 103 47 not
1101 1159 139 53 been
1275 1158 210 53 known
1519 1164 60 48 to
1614 1160 252 69 hunting
1898 1180 146 34 men.
2121 1163 91 67 By

198 1238 68 52 A.
291 1238 204 68 Henry
517 1237 334 69 Higginson
874 1239 45 50 &
940 1237 204 54 Julian
1165 1237 287 68 Ingersoll
1477 1237 425 55 Chamberlain.
1978 1239 234 55 Garden

200 1315 154 70 City,
384 1316 69 53 N.
488 1315 91 68 Y.,
608 1314 359 70 Doubleday,
997 1314 200 54 Doran
1227 1317 46 50 &
1302 1333 301 51 company,
1632 1318 127 66 inc.,
1791 1319 152 51 1928.

267 1397 1800 51 xxix p., 1 l., 369 p., 1 l. col. front., plates, ports., fold. maps. 29 ᶜᵐ.
271 1456 94 41 “Of
388 1466 63 29 an
474 1455 186 40 edition
683 1455 52 40 of
756 1455 117 40 four
894 1455 224 40 hundred
1144 1456 95 39 and
1266 1455 112 48 fifty
1405 1457 264 39 numbered
1696 1456 159 49 copies
1883 1457 100 40 this
2009 1457 42 40 is
198 1469 1994 84 number
305 1514 87 38 441
478 1512 23 17 …”
560 1512 205 48 Signed:
792 1513 56 40 A.
874 1513 169 47 Henry
1070 1512 287 48 Higginson,
1386 1513 170 40 Julian
1583 1515 239 46 Ingersoll
1850 1514 361 41 Chamberlain.

267 1570 104 40 The
401 1569 217 41 authors’
649 1569 101 41 The
781 1570 152 40 hunts
966 1570 52 40 of
1049 1570 85 40 the
1165 1569 181 41 United
1379 1570 165 41 States
1576 1571 97 40 and
1705 1570 215 49 Canada,
1954 1571 259 49 published

197 1627 50 41 in
280 1627 128 48 1908,
445 1627 259 41 contained
739 1627 82 41 the
855 1627 279 41 narratives
1170 1627 52 41 of
1258 1627 150 42 about
1440 1627 58 42 50
1529 1628 149 41 hunts
1714 1629 117 40 then
1864 1628 51 41 in
1949 1629 261 42 existence.

198 1686 103 41 The
325 1688 196 46 present
549 1686 142 40 much
717 1686 231 47 enlarged
974 1685 136 40 work
1135 1688 84 37 not
1246 1687 112 46 only
1385 1685 168 49 brings
1580 1686 82 41 the
1687 1686 191 49 history
1907 1690 49 37 to
1984 1688 113 40 date
2126 1688 87 40 but

198 1743 105 40 also
328 1744 135 39 deals
489 1742 121 41 with
636 1743 86 40 the
743 1745 127 46 past.
930 1742 62 48 cf.
1025 1743 132 40 Pref.

269 1800 162 40 “First
453 1799 228 41 edition.”

200 1852 52 53 ©
281 1857 113 41 Dec.
421 1856 68 48 18,
517 1856 142 47 1928;
688 1857 69 40 2c.
785 1858 96 38 and
909 1856 82 41 aff.
1021 1857 110 41 Jan.
1159 1857 40 47 2,
1229 1856 142 48 1929;
1403 1857 40 39 A
1470 1856 144 48 2570;
1647 1858 300 48 Doubleday,
1978 1858 168 41 Doran
2176 1858 35 41 &

269 1924 81 37 co.,
377 1913 93 41 inc.
535 1913 223 49 (29-897)

201 2008 186 63 Hood,
421 2008 229 64 George
679 2007 277 65 William,
990 2014 171 49 1886-

271 2086 420 68 Horticulture,
726 2087 348 69 elementary
1108 2088 113 52 and
1257 2087 296 69 practical,
1590 2090 283 66 prepared
1911 2091 306 67 especially

203 2163 96 54 for
324 2165 160 52 those
510 2165 309 52 interested
848 2165 181 53 either
1058 2165 61 52 in
1146 2167 167 52 home
1339 2185 65 34 or
1430 2167 360 52 commercial
1819 2168 397 66 horticulture,

201 2243 2012 71 by George W. Hood … 3d ed., thoroughly rev. Illustrated
205 2321 138 54 with
381 2324 100 51 156
518 2322 364 70 engravings.
958 2322 431 70 Philadelphia,
1424 2324 116 54 Lea
1577 2326 46 51 &
1658 2324 265 70 Febiger,
1961 2329 150 49 1929.

272 2405 994 49 ix, 17-382 p. illus. (incl. plans) 21 ᶜᵐ.
273 2463 192 40 Earlier
490 2462 212 41 editions
724 2463 258 48 published
1007 2465 154 39 under
1185 2464 108 40 title:
1357 2464 147 40 Farm
1530 2464 340 41 horticulture.

273 2520 228 40 Lettered
523 2531 58 29 on
605 2530 142 30 cover:
809 2520 147 40 Farm
978 2520 342 42 horticulture.

204 2573 1786 54 © Jan. 2, 1929; 2c. Jan. 3; aff. Jan. 4; A 3534; Lea & Febiger.
282 2633 222 50 (29-896)

201 2727 282 65 Hoskins,
514 2728 200 53 Frank
746 2729 89 54 W.

271 2809 122 52 The
432 2808 224 69 history
698 2808 65 53 of
802 2809 350 53 Methodism
1195 2809 60 53 in
1297 2810 332 69 Pensacola,
1673 2811 269 67 Florida;
1990 2813 74 53 its
2107 2813 111 54 rise

203 2887 1989 72 and progress, by F. W. Hoskins … Nashville, Dallas [etc.]
201 2965 1503 72 Publishing house M. E. church, South [ ᶜ19 28]
272 3046 897 49 120 p. front., plates, ports. 19 ᶜᵐ.
207 3098 52 53 ©
285 3105 119 40 Nov.
430 3104 69 48 28,
529 3104 116 41 1928;
699 3104 68 41 2c.
795 3105 112 41 Dec.
935 3106 25 39 3:
1018 3104 82 43 aff.
1130 3106 114 41 Dec.
1272 3107 25 39 5:
1355 3107 41 38 A
1423 3107 117 40 2578;
1597 3108 53 41 F.
1678 3109 72 40 W.
1779 3108 231 44 Hoskins,
275 3110 1920 99 Pensacola,
424 3160 104 42 Fla.
596 3160 251 50 (29-1033)

205 3256 328 62 Housman,
571 3255 321 55 Laurence.

272 3332 572 69 Hop-o’-Me-Heart.

284 3416 85 48 (In
398 3412 185 44 Nash’s
616 3413 277 52 magazine,
927 3414 129 51 Dec.,
1094 3415 145 50 1928)

208 3467 2009 61 © 1c. Jan. 9, 1929; A ad int. 12201; pubd. Nov. 16, 1928; L. Housman,
279 3528 257 49 Somerset,
571 3530 238 47 England.

209 3623 121 53 The
358 3623 331 54 Humorist,
766 3644 51 35 v.
850 3628 81 66 13,
957 3644 90 36 no.
1077 3629 120 66 334,
1223 3627 135 56 Dec.
1387 3630 84 67 29,
1503 3631 150 52 1928.

211 3701 2008 64 © 1c. Jan. 12, 1929; A ad int. 12221; pubd. Dec. 22, 1928; George
277 3762 219 49 Newnes,
525 3764 101 48 ltd.,
655 3764 215 42 London.

373 3859 862 69 The Humorist, v. 13, no. 335, Jan. 5, 1929.
211 3934 2007 63 © 1c. Jan. 9, 1929; A ad int. 12209: pubd. Dec. 29, 1928; George Newnes,
278 3996 102 49 ltd.,
405 3996 214 42 London.
