2533 4342
1365 3999 133 50 1808

423 366 212 53 Texas.
709 368 166 53 Laws
882 411 11 26 ,
927 373 239 49 statutes
1173 412 11 25 ,
1217 374 100 48 etc.

559 444 1811 58 … Vernon's annotated Penal code of the state of Texas …
435 526 152 63 [1929
628 524 345 52 cumulative
1016 525 211 51 annual
1266 523 201 68 pocket
1508 528 179 64 parts,
1725 529 59 48 to
1822 526 67 52 be
1926 524 249 54 inserted
2214 525 60 52 in
427 526 1982 129 volumes

611 604 116 63 1-3]
794 600 228 54 Kansas
1051 599 152 70 City,
1228 601 135 68 Mo.,
1388 600 234 54 Vernon
1647 603 111 51 law
1780 602 149 53 book
1955 619 297 53 company,
2281 605 150 52 1929.

498 682 27 40 3
592 714 8 9 v.
660 681 118 41 25ᶜᵐ.

433 747 52 53 ©
518 752 128 48 Sept.
674 752 70 47 27,
775 750 142 42 1929:
947 751 69 40 2c.
1047 751 118 40 each
1195 751 118 41 Nov.
1345 751 82 47 14;
1460 750 108 41 affs.
1599 751 119 41 Nov.
1748 751 82 47 11;
1864 752 41 38 A
1936 751 347 49 15729-15731;
499 753 1915 95 Vernon
621 809 96 38 law
744 807 124 40 book
895 818 67 30 co.

424 903 180 63 Todd,
632 902 223 53 Robert
883 902 225 63 Henry.

494 980 96 53 An
620 980 312 54 adventure
963 982 141 51 with
1135 978 140 57 “Les
1305 980 314 54 Renards.”

531 1063 62 39 (In
619 1058 257 45 Canadian
903 1057 240 45 traveller
1170 1058 280 53 magazine,
1477 1059 123 52 Oct.,
1630 1059 146 51 1929)

432 1130 1979 107 © 1c. Dec. 14, 1929; A ad int. 33386; pubd. Oct. 24; R. H. Todd, Toronto, Canada.
419 1283 238 53 Vander
687 1283 177 64 Beke,
898 1284 229 63 George
1157 1284 46 51 E
1492 1287 83 53 ed.

495 1360 224 52 French
748 1360 158 53 word
933 1360 165 68 book,
1128 1360 296 53 tabulated
1454 1361 114 53 and
1598 1361 191 53 edited
1817 1361 76 69 by
1924 1361 222 70 George
2178 1362 67 52 E.
424 1363 1983 128 Vander

551 1437 1679 71 Beke … New York, The Macmillan company, 1929.
495 1518 105 48 xiii,
640 1518 87 41 188
767 1529 44 38 p.
870 1518 149 41 24½ᶜᵐ.
1089 1518 99 49 (On
1231 1529 164 32 cover:
1436 1519 335 41 Publications
1814 1520 52 40 of
1910 1521 81 39 the
2037 1520 255 40 American
2338 1522 95 39 and

427 1574 253 42 Canadian
709 1575 302 40 committees
1039 1586 59 29 on
1128 1576 199 39 modern
1357 1576 279 47 languages,
1699 1587 43 29 v.
1772 1574 80 49 15)

432 1643 51 52 ©
512 1648 118 39 Nov.
659 1647 39 48 6,
728 1647 116 40 1929;
899 1648 68 39 2c.
998 1648 96 39 and
1124 1645 82 43 aff.
1235 1647 119 40 Nov.
1385 1648 51 45 7;
1469 1647 41 39 A
1537 1647 172 42 15562;
1742 1647 283 40 Macmillan
2056 1658 67 30 co.

510 1703 281 48 (29-24368)

421 1796 284 65 Voltaire,
735 1797 284 53 François
1045 1796 189 54 Marie
1261 1797 229 53 Aronet
1516 1797 89 64 de,
1635 1798 327 54 1694-1778.

495 1875 183 69 Zadig
716 1874 109 68 [by]
863 1875 79 51 M.
980 1875 69 52 de
1083 1874 289 69 Voltaire;
1410 1893 72 34 an
1518 1874 393 53 introduction
1946 1875 75 69 by
2056 1875 190 53 David

424 1875 1985 130 Garnett
579 1955 50 50 &
664 1952 385 53 illustrations
1081 1952 75 67 by
1192 1952 233 53 Valenti
1461 1952 242 69 Angelo.
1776 1952 139 52 New
1953 1952 180 68 York,
423 1953 1986 129 Rimington

553 2032 50 50 &
635 2030 255 68 Hooper,
924 2032 150 50 1929.

497 2110 1226 50 2 p. l., iii-x p., 3 l., 3-131, [2] p. illus. 26ᶜᵐ.
498 2180 1936 49 “The Savoy editions, issue number one … an edition of 999 copies.”
499 2237 1937 48 “This translation … is by R. Bruce Boswell, done originally for
427 2294 179 41 Bohn’s
634 2294 226 41 classical
890 2292 232 50 library.”

433 2362 51 52 ©
522 2366 102 41 Oct.
659 2366 70 48 30,
765 2365 140 42 1929;
944 2366 68 40 2c.
1048 2366 96 39 and
1178 2365 83 41 aff.
1296 2366 119 39 Nov.
1452 2364 51 47 6;
1542 2364 41 40 A
1619 2364 171 48 15576;
1832 2364 281 49 Rimington
2151 2365 36 40 &
2222 2365 209 48 Hooper.

504 2418 67 54 [©
599 2423 188 47 editing
813 2423 96 38 and
936 2432 108 29 new
1071 2421 347 49 introduction]
1488 2421 283 49 (29-24361)

424 2517 275 63 Wallace,
730 2517 219 64 Edgar.

497 2596 187 54 Green
710 2596 200 53 ribbon.
993 2597 162 66 chap.
1189 2599 184 49 15-19.
1444 2629 11 33 [
1461 2599 31 48 2
1522 2595 376 67 instalments]

530 2678 62 39 (In
624 2674 202 43 London
859 2687 136 30 news
1028 2674 56 43 of
1118 2674 84 43 the
1238 2672 179 51 world)

433 2743 1980 108 © 1c. each Dec. 39, 3929; A ad int. 13402; pubd. Oct. 20, 27; E. Wallace, London.
423 2896 1139 65 Wern ø e, Thorvald Benedikt, 1884-
496 2973 1878 70 Nervelidelser; populsere skildringer af Th. B. Wernøe …
426 3052 376 68 København,
833 3052 347 69 Gyldendal,
1211 3052 254 53 Nordisk
1496 3052 211 69 forlag,
1741 3055 150 49 1929.

495 3136 86 40 146
612 3146 45 38 p.
715 3135 148 41 20½ᶜᵐ.

432 3202 1999 52 © Feb. 16, 1929; 1c. July 22; A—Foreign 3795; Gyldendalske boghan-
500 3264 76 39 del,
619 3263 214 40 Nordisk
860 3263 177 48 forlag.
1105 3263 281 49 (29-24323)

427 3356 355 64 Woodburn,
810 3357 204 52 James
1042 3356 229 64 Albert,
1303 3361 170 50 1856-

496 3433 371 68 Elementary
912 3432 308 53 American
1263 3432 151 53 history
1531 3433 113 51 and
1690 3436 388 65 government,
2121 3432 75 67 by
2240 3432 194 51 James

426 3509 2008 61 Albert Woodburn … and Thomas Francis Moran … New ed.,
426 3607 113 33 rev.
570 3588 114 52 and
712 3587 107 53 enl.
884 3587 140 52 New
1055 3587 179 69 York,
1266 3587 252 67 Chicago
1572 3592 120 61 [etc.]
1727 3587 345 69 Longmans,
2103 3586 186 54 Green
2320 3587 114 51 and

426 3683 97 50 co.,
559 3668 149 49 1929.

496 3747 81 49 vii,
614 3747 99 48 520,
748 3747 188 39 ix-xlix
972 3758 44 37 p.
1077 3748 86 39 col.
1197 3747 165 46 front.,
1397 3747 143 47 illus.,
1574 3749 88 38 col.
1698 3747 170 47 plates,
1904 3748 163 46 ports.,
2103 3757 151 37 maps.
2423 3779 9 8 20ᶜᵐ.

497 3817 350 48 Bibliography
874 3820 51 37 at
953 3819 90 38 end
1071 3818 51 39 of
1149 3819 126 38 most
1301 3818 52 39 of
1380 3817 81 40 the
1487 3817 243 48 chapters.

436 3883 51 52 ©
518 3887 128 49 Sept.
674 3887 69 41 26.
771 3887 116 40 1929;
942 3889 68 41 2c.
1040 3889 93 38 and
1165 3887 80 40 aff.
1277 3888 101 40 Oct.
1408 3888 82 46 10;
1520 3887 42 39 A
1589 3887 171 47 12859;
1792 3888 287 48 Longmans,
2112 3887 156 40 Green
2298 3891 37 39 &
2364 3897 66 30 co.

510 3943 281 52 (29-21506)
