2512 4377
1293 4036 101 50 240

359 450 101 68 ing
492 449 93 53 the
620 454 96 48 net
751 449 216 52 income
1002 449 113 52 and
1150 453 116 62 tax,
1301 448 374 68 preparation
1709 448 65 53 of
1808 455 225 48 returns
2067 450 114 53 and
358 468 1973 127 payment,

560 527 1795 70 by Robert H. Montgomery … New York, The Ronald
358 608 694 66 press company [ ᶜ19 29]
425 688 423 49 vi, 738 p. 22 ᶜᵐ .
360 741 52 53 ©
443 746 112 40 Feb.
583 746 68 47 15,
681 744 115 41 1929;
854 746 67 39 2c.
952 744 112 40 Feb.
1095 744 55 40 18;
1209 744 83 40 aff.
1322 745 111 40 Feb.
1465 744 58 39 16;
1579 744 42 39 A
1650 744 114 40 5335;
1824 745 57 40 R.
1912 745 61 39 H.
2005 746 347 48 Montgomery,

425 803 119 40 New
571 802 146 40 York.

352 900 269 62 Morgan,
654 896 263 64 Charles,
949 901 170 49 1894-

423 975 160 53 First
613 975 127 52 love
775 974 111 69 [by]
925 972 238 56 Charles
1196 973 264 68 Morgan.
1535 973 139 52 New
1709 973 180 68 York,
1921 974 70 51 A.
2026 974 72 51 A.
2132 974 226 69 Knopf,

354 1056 150 51 1929.

419 1135 747 50 4 p. l., 3-284 p., 1 l. 19½ᶜᵐ.
421 1194 164 40 “First
621 1194 95 39 and
755 1192 176 41 second
968 1191 219 49 printing
1223 1191 166 40 before
1426 1191 328 48 publication;
1794 1190 255 49 published
2087 1192 264 49 February,

349 1249 159 43 1929.”

357 1305 53 52 ©
438 1309 112 40 Feb.
576 1308 69 43 21,
673 1306 141 47 1929;
844 1306 68 40 2c.
940 1307 122 39 Mar.
1090 1306 52 41 5;
1173 1304 82 41 aff.
1284 1306 123 40 Mar.
1435 1305 25 39 2;
1519 1305 39 39 A
1585 1304 143 47 4691;
1759 1305 49 41 C.
1839 1306 218 48 Morgan,
2087 1308 213 41 London.

433 1363 251 50 (29-5699)

352 1461 214 60 Moses,
596 1460 304 51 Montrose
929 1458 202 59 Jonas,
1168 1458 170 53 1878-
1557 1458 85 52 ed.

421 1538 222 52 British
685 1537 165 68 plays
893 1535 153 53 from
1086 1535 94 53 the
1224 1534 341 53 restoration
1605 1540 60 47 to
1710 1538 148 50 1820.
1939 1535 233 66 Edited,
2213 1536 139 53 with

356 1613 1939 69 introductions and bibliographies, by Montrose J. Moses …
350 1696 234 66 Boston,
616 1692 197 69 Little,
849 1694 230 66 Brown,
1113 1692 113 53 and
1260 1709 299 50 company,
1597 1695 149 50 1929.

416 1774 1163 52 2 v. fronts., plates, ports., facsims. 24 ᶜᵐ .
416 1836 161 48 Paged
615 1834 356 47 continuously.

419 1893 132 40 Each
580 1894 113 46 play
722 1890 341 49 accompanied
1091 1891 61 46 by
1182 1889 342 49 reproduction
1554 1890 52 39 of
1633 1889 209 48 original
1873 1892 96 45 t.-p.

418 1949 349 48 Bibliography:
830 1960 43 29 v.
906 1948 39 47 2,
980 1958 44 38 p.
1062 1947 249 50 [903]-921.

686 2013 102 33 CONTENTS.—I.
821 2006 102 40 The
954 2005 265 42 rehearsal,
1250 2005 61 47 by
1345 2004 52 41 G.
1429 2004 212 41 Villiers.
1702 2005 101 39 The
1839 2004 210 49 Spanish
2082 2006 140 47 fryar:
2283 2017 68 36 or,

347 2065 100 39 The
474 2064 174 41 double
675 2063 266 47 discovery,
969 2063 60 47 by
1058 2062 43 41 J.
1130 2062 213 47 Dryden.
1400 2061 101 41 The
1529 2072 111 29 man
1669 2061 52 41 of
1748 2063 137 39 mode;
1943 2072 68 37 or,
2042 2062 78 41 Sir
2148 2062 204 49 Fopling

349 2121 204 45 Flutter,
582 2121 62 46 by
673 2120 52 41 G.
755 2120 253 47 Etherege.
1065 2118 101 43 The
1195 2118 334 49 plain-dealer,
1559 2119 61 45 by
1649 2118 72 41 W.
1751 2119 302 47 Wycherley.
2112 2119 100 40 The
2244 2130 107 36 way

347 2179 51 38 of
435 2178 83 40 the
556 2178 166 47 world,
763 2178 59 46 by
862 2178 71 38 W.
975 2176 260 48 Congreve.
1302 2176 101 40 The
1442 2175 231 49 provok’d
1715 2176 128 47 wife,
1884 2177 60 47 by
1985 2177 44 41 J.
2071 2177 280 46 Vanbrugh.

348 2235 176 40 Venice
550 2233 272 49 preserv’d;
853 2245 67 36 or,
950 2234 39 38 A
1016 2234 103 47 plot
1146 2231 282 49 discover’d,
1457 2233 61 48 by
1546 2234 53 39 T.
1630 2232 188 48 Otway.
1874 2233 101 40 The
2003 2234 210 41 careless
347 2235 1987 99 husband.

515 2292 61 45 by
604 2291 48 41 C.
682 2290 187 41 Cibber.
924 2290 102 41 The
1053 2290 251 40 conscious
1334 2291 172 45 lovers,
1534 2290 61 47 by
1625 2290 56 40 R.
1712 2288 288 42 Steele.—II.
2030 2291 124 40 Jane
2186 2291 164 45 Shore,

346 2349 60 47 by
445 2349 56 39 N.
542 2349 161 39 Rowe.
770 2348 101 40 The
912 2347 171 41 beaux’
1124 2349 284 44 stratagem,
1449 2347 61 47 by
1551 2347 54 40 G.
1646 2347 273 48 Farquhar.
1989 2348 101 40 The
2130 2348 220 48 beggar’s

345 2417 160 37 opera,
543 2406 60 46 by
641 2405 44 41 J.
724 2406 119 47 Gay.
906 2405 232 47 Douglas,
1174 2405 61 46 by
1272 2404 42 40 J.
1352 2405 169 40 Home.
1589 2405 94 41 She
1720 2406 164 47 stoops
1921 2407 49 38 to
2008 2415 236 39 conquer;
2284 2417 67 36 or,

345 2464 100 39 The
478 2463 235 40 mistakes
749 2463 51 39 of
834 2473 26 29 a
895 2461 154 49 night,
1083 2462 61 46 by
1180 2461 52 41 O.
1269 2461 290 41 Goldsmith.
1622 2462 101 39 The
1758 2461 310 41 fashionable
2105 2464 148 41 lover,
2288 2463 61 45 by

345 2521 56 40 R.
438 2520 340 41 Cumberland.
842 2519 101 40 The
979 2518 302 41 clandestine
1318 2518 257 48 marriage,
1613 2519 61 46 by
1712 2519 53 39 G.
1803 2519 216 46 Colman,
2057 2530 63 30 sr.
2158 2521 95 38 and
2291 2520 57 40 D.

346 2577 220 40 Garrick.
632 2577 101 38 The
771 2577 160 39 school
971 2576 79 40 for
1088 2576 214 46 scandal,
1341 2576 61 47 by
1441 2576 54 40 R.
1534 2577 55 39 B.
1630 2576 254 41 Sheridan.
1949 2577 102 41 The
2090 2576 157 48 Cenci,
2287 2578 28 38 by

343 2635 49 38 P.
426 2635 54 38 B.
517 2633 206 48 Shelley.

349 2687 57 52 ©
434 2691 112 40 Feb.
577 2691 68 42 16,
675 2690 142 43 1929;
849 2691 68 39 2c.
950 2690 110 41 Feb.
1091 2689 83 47 26;
1209 2690 81 41 aff.
1323 2691 111 40 Feb.
1465 2691 83 40 27;
1582 2690 41 40 A
1653 2690 143 47 4632;
1829 2690 164 43 Little,
2027 2691 191 41 Brown,
2252 2694 95 39 and

415 2758 250 38 company.
734 2746 251 50 (29-5744)

340 2840 282 54 National
654 2841 318 54 industrial
1003 2842 348 53 conference
1384 2842 201 55 board.

418 2921 205 53 Public
660 2922 219 53 schools
918 2923 113 52 and
1070 2922 96 53 the
1203 2921 221 54 worker
1461 2922 58 52 in
1559 2924 139 51 New
1737 2921 191 57 York;
1971 2941 31 33 a
2039 2940 206 48 survey
2284 2920 64 55 of

347 2999 192 63 public
565 3000 360 53 educational
950 3000 423 67 opportunities
1399 3000 94 52 for
1517 2999 308 53 industrial
1850 2999 248 55 workers
2122 3000 58 53 in
2207 3000 139 52 New

346 3078 164 52 York
537 3082 160 49 state.
774 3079 138 52 New
942 3078 180 60 York,
1149 3078 274 53 National
1452 3078 309 53 industrial
1791 3078 332 54 conference
2149 3079 198 67 board,

339 3156 126 55 inc.,
497 3159 150 50 1928.

412 3238 64 44 xi,
500 3238 56 41 80
576 3249 43 37 p.
679 3238 146 41 23½ᶜᵐ.

413 3297 245 46 Prepared
685 3296 62 47 by
776 3296 82 40 the
888 3296 297 41 Conference
1214 3296 149 40 board
1392 3296 80 39 for
1498 3297 82 39 the
1608 3296 118 40 New
1753 3296 133 40 York
1914 3298 129 38 state
2072 3295 272 41 Industrial

343 3363 176 36 survey
547 3352 308 41 commission
885 3354 52 39 at
965 3355 82 38 the
1075 3355 195 46 request
1296 3353 53 40 of
1376 3352 285 42 Associated
1691 3353 267 40 industries
1989 3353 51 40 of
2068 3354 117 39 New
2214 3353 131 40 York

340 3412 142 39 state,
505 3410 91 40 inc.
658 3410 47 45 cf
751 3410 131 40 Pref.

343 3463 53 52 ©
422 3468 112 39 Feb.
560 3468 39 45 5,
625 3467 114 40 1929;
794 3468 68 39 2c.
888 3468 95 39 and
1010 3467 83 41 aff.
1120 3468 111 40 Feb.
1257 3468 56 39 23;
1370 3467 40 39 A
1434 3467 116 40 4575;
1607 3468 116 40 Natl.
1765 3467 266 41 industrial
2056 3467 285 41 conference

412 3525 164 46 board,
605 3524 92 40 inc.
765 3524 252 49 (29-5685)

340 3599 422 63 Neustaedter,
792 3601 258 57 Marcus,
1082 3602 171 54 1871-

407 3678 296 52 Textbook
734 3677 65 53 of
829 3678 226 52 clinical
1089 3680 313 66 neurology
1437 3678 94 53 for
1564 3679 259 53 students
1858 3680 110 52 and
337 3678 1980 132 practitioners,

468 3755 1872 70 by M. Neustaedter … with an introduction by Edward D.
337 3833 1978 145 Fisher … with 228 illustrations, some in colors. Philadelphia,
522 3912 64 51 F.
615 3911 71 52 A.
715 3911 182 54 Davis
926 3930 298 51 company,
1256 3915 150 50 1929.
