2542 4361
1112 4004 99 53 679

146 359 235 64 Morris,
415 359 308 53 Elizabeth
755 360 185 64 Hunt,
978 362 170 51 1892-

215 437 273 53 Personal
522 437 167 52 traits
722 437 113 52 and
869 454 215 36 success
1117 436 56 52 in
1211 435 284 67 teaching,
1528 434 75 69 by
1638 435 304 52 Elizabeth
1976 437 162 51 Hunt

145 511 1971 148 Morris … New York city, Teachers college, Columbia university, 1929.
216 670 1928 50 3 p. l., 75 p. diagrs. 23½ ᶜᵐ . (Teachers college, Columbia university.
147 728 367 41 Contributions
545 731 47 37 to
624 728 273 47 education,
929 739 74 30 no.
1035 728 110 46 342)

219 799 262 39 Published
511 800 102 38 also
644 809 53 30 as
725 798 154 41 thesis
918 798 14 47 (PH.
1108 798 14 43 D.)
1162 797 251 41 Columbia
1443 797 287 47 university.

217 855 349 48 Bibliography
585 866 9 28 :
632 866 41 37 p.
709 854 158 41 70-75.

149 923 51 52 ©
235 928 122 39 Mar.
392 928 68 47 18,
494 927 140 46 1929;
671 927 67 40 2c.
771 927 113 47 Apr.
920 925 80 47 23;
1039 926 82 41 aff.
1156 926 113 48 Apr.
1303 925 83 47 27;
1423 925 40 38 A
1528 924 109 47 6805;
1674 925 243 40 Teachers
1952 926 193 47 college,

219 983 253 41 Columbia
502 983 129 40 univ.
701 982 281 49 (29-10760)

146 1092 235 63 Morris,
413 1092 155 53 John
599 1091 322 65 Theodore,
956 1092 171 53 1878-

219 1168 467 55 Considerations
719 1169 58 52 in
814 1168 377 69 establishing
1225 1188 28 33 a
1289 1168 193 69 junior
1518 1168 228 69 college,
1780 1168 75 69 by
1890 1169 157 53 John
2081 1170 65 51 T.

148 1245 1975 150 Morris … New York city, Teachers college, Columbia university, 1929.
218 1407 1924 50 3 p. l., 63 p. incl. maps, tables, diagrs. 23½ ᶜᵐ . (Teachers college.
150 1463 250 42 Columbia
436 1464 285 46 university.
783 1463 369 42 Contributions
1187 1466 47 38 to
1268 1464 273 47 education,
1576 1475 72 32 no.
1684 1464 110 47 343)

220 1535 230 47 Analysis
484 1536 139 39 made
656 1535 80 40 for
769 1546 27 29 a
833 1535 237 48 proposed
1104 1534 167 48 junior
1305 1536 179 46 college
1520 1534 49 39 in
1606 1535 358 40 southwestern
148 1536 1983 103 Pennsylvania.

222 1649 261 39 Published
513 1650 103 38 also
647 1659 54 29 as
731 1648 153 39 thesis
922 1649 13 46 (PH.
1112 1648 13 45 D.)
1166 1648 249 39 Columbia
1449 1648 285 46 university.

151 1714 51 52 ©
238 1719 121 40 Mar.
392 1719 69 47 26,
495 1719 140 46 1929;
670 1719 67 40 2c.
772 1720 113 46 Apr.
920 1719 82 41 23;
1040 1718 82 40 aff.
1157 1718 113 48 Apr.
1306 1719 81 44 27;
1425 1718 41 38 A
1500 1719 141 46 6804;
1679 1718 242 39 Teachers
1955 1718 193 47 college,

219 1775 252 41 Columbia
502 1775 131 41 univ.
702 1774 281 49 (29-10763)

149 1883 265 65 Murray,
445 1883 275 64 Andrew,
753 1884 325 54 1828-1917.

222 1962 174 54 God’s
420 1963 122 53 best
565 1969 221 47 secrets,
815 1964 32 51 by
915 1962 251 53 Andrew
1193 1963 257 68 Murray.
1526 1964 111 52 Eos
1662 1962 266 69 Angeles.
1957 1963 194 66 Calif.,

152 2041 901 67 The Biola book room [ ᶜ1 928]
217 2122 27 40 8
274 2133 42 37 p.
383 2154 8 16 l.,
426 2121 171 41 11-451
629 2133 42 37 p.
733 2121 147 43 20½ᶜᵐ.

154 2189 51 52 ©
241 2195 128 47 Sept.
401 2194 68 47 15,
502 2195 113 40 1928
633 2205 8 35 ;
676 2195 67 40 2c.
776 2195 92 38 and
904 2206 82 28 aff.
1021 2194 113 47 May
1168 2195 38 46 1,
1241 2194 140 46 1929;
1417 2195 40 38 A
1491 2195 140 40 7854;
1667 2195 138 39 Bible
1839 2195 227 40 institute
2101 2195 50 40 of

220 2250 92 40 Los
342 2252 220 46 Angeles,
595 2251 91 39 Los
717 2250 220 48 Angeles.
1009 2250 280 47 (29-10656)

155 2361 119 51 The
327 2359 146 52 New
527 2361 408 52 international
988 2380 136 49 year
1174 2359 175 65 book;
1407 2381 28 32 a
1490 2361 399 67 compendium
1942 2359 64 53 of
2057 2361 97 52 the

227 2440 225 51 world’s
481 2457 263 51 progress
774 2439 93 52 for
895 2439 95 53 the
1016 2458 153 50 year,
1203 2444 146 47 1928.
1428 2439 206 52 Editor
1663 2440 250 53 Herbert
228 2440 1901 128 Treadwell

382 2518 197 52 Wade.
657 2517 137 52 New
830 2517 176 57 York,
1036 2518 191 56 Dodd,
1257 2518 169 52 Mead
1459 2519 113 51 and
1603 2537 297 49 company,
1936 2521 146 48 1929.

221 2580 1332 66 4 p. l., 835 p. illus., plates, ports., maps. 25½ ᶜᵐ .
157 2665 51 51 ©
237 2670 112 45 May
379 2669 65 47 15,
472 2668 139 47 1929;
638 2669 68 40 2c.
734 2670 95 38 and
856 2668 82 42 aff.
965 2671 113 45 May
1107 2670 80 46 17;
1216 2669 40 39 A
1282 2669 142 47 8179;
1455 2670 153 46 Dodd,
1638 2671 143 39 Mead
1808 2671 36 39 &
1871 2683 82 35 co.,
1982 2670 90 40 inc.

153 2817 176 63 Page,
364 2817 207 64 Kirby,
609 2823 171 49 1890-

286 2895 1864 72 … The renunciation of war; an evaluation of the strength
155 2973 113 52 and
296 2972 284 54 weakness
607 2971 65 55 of
697 2973 93 53 the
821 2979 186 48 recent
1033 2975 376 52 multilateral
1440 2979 187 64 treaty
1656 2976 351 68 renouncing
2036 2995 118 33 war

155 3069 60 33 as
253 3069 70 33 an
364 3050 342 53 instrument
744 3050 64 53 of
844 3052 259 53 national
1142 3052 218 69 policy;
1404 3053 114 52 and
1558 3072 31 33 a
1630 3054 418 53 consideration
2091 3054 63 52 of

156 3133 133 48 next
311 3133 153 62 steps
486 3128 59 52 in
568 3128 94 53 the
688 3128 226 70 foreign
942 3130 188 68 policy
1154 3129 64 53 of
1241 3131 95 52 the
1362 3130 217 54 United
1605 3130 188 55 States
1840 3132 92 67 [by]
1966 3132 184 69 Kirby

156 3205 1996 75 Page … Garden City, N. Y., Doubleday, Doran & company,
156 3283 337 68 inc. [ ᶜ1 928]
225 3365 1604 51 30 p. 19½ ᶜᵐ . (Christianity and world problems: no. 16)
158 3432 1993 58 © Aug 18, 1929 ; 2c. and aff. May 3 ; A 7913 ; Doubleday, Doran & co.,
227 3493 90 40 inc.
387 3493 279 49 (29-10749)

156 3587 123 52 The
310 3588 192 62 Paper
534 3588 295 63 industry.

226 3665 286 52 Practical
543 3666 161 67 helps
737 3665 93 52 for
860 3666 95 52 the
986 3666 125 53 mill
1143 3685 150 48 man,
1325 3667 294 67 reprinted
1651 3668 153 54 from
1835 3671 96 52 the
1965 3672 190 67 Paper

158 3741 1709 73 industry … Chicago, Ill., The Paper industry [ ᶜ1 929]
225 3824 724 49 47 p. illus., diagrs. 30 ᶜᵐ .
160 3889 52 51 ©
238 3893 112 47 Apr.
378 3895 67 39 10,
473 3895 139 45 1929;
639 3895 67 39 2c.
733 3897 96 37 and
856 3896 81 40 aff.
965 3898 114 45 May
1106 3898 52 44 1;
1188 3897 41 37 A
1256 3897 114 39 7839;
1427 3898 210 40 Edward
1666 3901 52 38 B.
1751 3900 146 48 Fritz,
1928 3901 223 41 Chicago.

238 3947 280 50 (29-10600)
