2547 4384
1289 3996 133 50 1006

433 436 215 40 2 v. 19 ᶜᵐ.
711 531 62 3 CONTENTS.—
774 504 78 42 bk.
886 504 39 42 1.
957 506 186 40 Grades
1172 501 243 44 2-5.—bk.
1446 503 42 40 2.
1520 503 186 41 Grades
1737 503 99 41 6-8.

368 574 52 52 ©
456 579 114 47 Apr.
607 578 69 47 30,
714 578 142 46 1929;
894 578 68 39 2c.
998 577 119 40 each
1154 577 97 39 and
1287 575 108 41 affs.
1433 575 128 39 June
1596 574 83 47 28;
1718 574 42 39 A
1796 574 158 47 10116,
1992 573 171 48 10118;
2204 575 61 40 H.
2304 574 58 40 D.

435 635 239 40 Rinsland
704 636 98 38 and
832 634 197 40 Martha
1060 633 234 41 O’Daniel
1324 632 253 47 Rinsîand,
1608 631 231 48 Norman,
1870 631 105 40 Okl.

363 758 281 65 Robbins,
677 757 257 56 William
968 756 199 66 Jacob,
1205 760 169 51 1890-

431 838 256 67 Botany;
728 854 30 34 a
793 835 271 52 textbook
1100 834 93 53 for
1228 834 211 68 college
1475 833 114 53 and
1623 833 320 68 university
1977 833 278 66 students,
2289 833 75 68 by

359 909 2006 71 William J. Robbins … and Harold W. Rickett … New York,
421 1036 9 8 D.
461 993 130 52 Van
621 991 292 53 Nostrand
943 1007 297 50 company,
1270 990 127 66 inc.,
1429 991 150 50 1929.

429 1071 1053 51 xxiii, 535 p. front., illus., diagrs. 24 ᶜᵐ.
432 1143 378 41 “References”:
845 1154 43 37 p.
924 1142 218 41 514-522.

365 1210 1995 53 © May 29, 1929; 2c. June 13; aff. July 2; A 10022; D. Van Nostrand co.,
431 1272 90 40 inc.
589 1270 282 49 (29-14176)

360 1378 290 61 Sauvage,
689 1375 220 54 André.

489 1448 1867 69 … La nouvelle Julie, roman. Paris, J. Ferenczi & fils [ᶜ1929]
427 1531 277 49 224 p. 19 ᶜᵐ.
363 1599 1884 52 © Feb. 15, 1929; 1c. Mar. 22; A— Foreign 2587: J. Ferenczi & fils.
440 1659 281 49 (29-14070)

360 1753 255 64 Schilpp,
647 1754 148 52 Paul
823 1753 253 64 Arthur,
1112 1755 171 53 1897-

356 1830 1983 148 Contemporary morality; a course of lectures, by Paul Arthur Schilpp … [Stockton,
1291 1907 785 69 Calif.] Priv. pub. [ ᶜ19 29]
427 1992 55 40 65
517 2003 42 38 p.
619 1992 57 40 20½ᶜᵐ.

362 2058 1979 111 © June 4, 1929; 2c. and aff. June 29; A 9966; P. A. Schilpp, Stockton, Calif. (29-14160)
360 2216 185 63 Scott,
574 2218 139 53 Mrs.
750 2215 227 64 Evetyn
1008 2216 69 55 D.

429 2294 122 53 The
601 2313 175 48 wave,
826 2296 76 68 by
955 2295 223 67 Evelyn
1234 2293 175 56 Scott.
1499 2296 139 51 New
1694 2293 180 68 York,
1926 2295 56 53 J.
2039 2292 156 69 Cape
2247 2292 109 52 and

358 2372 532 68 H. Smith [ ᶜ19 29]
426 2455 570 49 5 p. l., 624, [1] p. 21 ᶜᵐ.
361 2521 52 52 ©
445 2525 116 48 July
592 2526 38 46 1,
664 2525 115 40 1929;
840 2526 68 40 2c.
941 2527 95 39 and
1068 2525 85 41 aff.
1184 2526 116 48 July
1333 2525 25 40 5;
1419 2525 39 39 A
1491 2525 147 40 11064;
1698 2526 53 40 E.
1785 2525 57 40 D.
1879 2525 148 49 Scott,
2059 2525 120 41 New
2212 2525 145 40 York.

437 2582 280 49 (29-14106)

358 2677 348 64 Stevenson,
741 2678 222 53 Robert
994 2677 199 65 Louis,
1229 2681 325 51 1850-1894.

435 2756 245 69 Strange
723 2775 125 35 case
889 2757 64 53 of
995 2758 102 53 Dr.
1141 2757 198 69 Jekyll
1384 2758 113 52 and
1539 2757 112 53 Mr.
1694 2757 190 68 Hyde.
1970 2758 127 66 [By]
2144 2755 218 55 Robert

360 2835 175 53 Louis
588 2835 329 54 Stevenson.
1004 2835 164 54 With
1220 2834 383 56 illustrations
1651 2836 76 69 by
1775 2835 89 54 W.
1915 2835 71 54 A.
2038 2834 322 69 Dwiggins.

358 2914 139 52 New
529 2913 180 68 York,
741 2913 265 54 Random
1035 2914 191 67 house,
1260 2916 150 51 1929.

425 2994 1078 50 161, [1] p. incl. plates, fold. facsim. 21 ᶜᵐ.
428 3065 286 41 “Facsimile
742 3067 137 40 sheet
908 3066 52 41 of
986 3066 219 41 author’s
1233 3066 303 48 manuscript
1563 3066 42 41 is
1634 3066 216 41 inserted
1878 3067 210 47 through
2117 3066 83 41 the
356 3077 1987 93 courtesy
493 3123 52 39 of
577 3133 28 30 a
635 3123 212 40 member
882 3123 52 41 of
966 3123 82 42 the
1081 3123 187 49 Quarto
1300 3124 108 40 club

1441 3124 51 40 of
1524 3124 118 40 New
1674 3123 174 41 York.”

427 3179 93 42 “Of
547 3180 100 40 this
674 3181 137 47 book,
842 3181 136 40 there
1007 3192 127 29 were
1162 3181 139 40 made
1331 3181 415 40 twelve-hundred
1775 3181 160 48 copies
1966 3182 60 46 by
2054 3182 82 39 the
2167 3181 193 47 Pynson

355 3237 213 48 printers
598 3237 52 40 of
680 3238 118 40 New
827 3239 144 47 York,
1002 3239 267 47 completed
1301 3238 52 40 in
1383 3239 81 39 the
1494 3239 169 39 month
1694 3239 51 39 of
1774 3238 152 48 April,
1958 3237 128 49 1929,
2118 3239 119 39 each
2271 3249 88 29 one

355 3294 167 48 signed
552 3295 61 47 by
643 3295 82 39 the
757 3295 190 41 artist.”

360 3360 51 53 ©
441 3365 128 40 June
595 3365 69 48 10,
692 3365 116 41 1929;
865 3366 67 41 2c.
961 3367 127 40 June
1115 3367 81 40 17:
1229 3366 81 40 aff.
1344 3367 115 45 July
1487 3366 53 45 1;
1573 3365 40 39 A
1643 3366 141 46 8741;
1817 3366 222 39 Random
2067 3366 165 47 house,
2262 3365 91 39 inc.

429 3418 70 55 [©
529 3422 344 49 illustrations,
904 3423 243 40 facsimile
1177 3434 135 38 page,
1345 3423 167 46 design
1544 3423 51 40 of
1625 3423 124 40 book
1780 3424 95 39 and
1906 3422 109 41 title
2047 3432 137 39 page]

439 3479 280 49 (29-14245)

363 3573 294 67 [Stewart,
690 3573 212 54 Alfred
933 3575 226 54 Walter]
1218 3580 168 49 1880-

433 3651 166 55 Grim
628 3672 336 49 vengeance,
990 3656 76 68 by
1092 3655 56 53 J.
1179 3655 54 54 J.
1267 3653 368 69 Connington
1694 3653 210 68 [pseud.]
1974 3655 236 67 Boston,
356 3651 1980 147 Little,
482 3731 230 69 Brown,
744 3733 113 52 and
889 3750 298 51 company,
1220 3735 149 51 1929.

426 3811 961 50 5 p. l., [3]-305 p. illus. (plan) 19½ᶜᵐ.
359 3876 52 52 ©
442 3881 116 47 July
587 3881 39 46 1,
658 3880 141 47 1929;
832 3881 67 41 2c.
930 3883 97 39 and
1058 3882 81 40 aff.
1172 3884 117 46 July
1318 3883 53 47 5;
1406 3883 41 38 A
1477 3881 170 48 10078;
1682 3883 162 47 Little,
1877 3884 192 46 Brown,
2102 3882 97 40 and
425 3891 1910 93 company.
637 3937 280 49 (29-14105)
