2512 4377
1267 4069 101 50 486

313 476 1997 72 brecht … St. Louis, Mo., and London, B. Herder book co.,
317 564 150 51 1929.

386 640 501 50 xxiv, 488 p. 21 ᶜᵐ .
387 699 350 47 Bibliography
754 708 10 29 :
793 708 44 37 p.
861 695 220 44 455-472.

317 752 53 53 ©
396 757 114 48 Apr.
538 756 40 48 1,
605 755 114 40 1929;
775 755 68 40 2c.
871 755 96 39 and
994 753 83 42 aff.
1105 753 113 48 Apr.
1245 753 54 47 4;
1329 752 42 39 A
1397 751 142 48 7259;
1569 752 55 40 B.
1653 752 191 39 Herder
1871 751 124 39 book
2023 761 68 30 co.

394 811 251 50 (29-8813)

316 879 257 62 Hegner,
606 877 222 53 Robert
861 875 292 61 Wilhelm,
1189 880 170 49 1880-

448 950 1864 72 … Animal parasitology, with special reference to man and
316 1028 1996 71 domesticated animals, by Robert Hegner … Francis M. Root
318 1105 1969 152 … and Donald L. Augustine … New York, London, The Century co. [ ᶜ1 929]
319 1264 1976 109 xxi, 640 p., 1 l., 641-731 p. illus., diagrs. 23 ᶜᵐ . (The Century biological series,
746 1325 56 40 R.
833 1325 209 47 Hegner,
1072 1324 182 48 editor)
1379 1321 131 52 $6.50

386 1382 350 48 Bibliography
755 1393 8 28 :
798 1392 42 38 p.
871 1380 217 41 641-697.

323 1436 51 53 ©
402 1441 114 48 Apr.
541 1441 40 47 4,
609 1439 118 41 1929;
779 1439 67 40 2c.
874 1440 96 38 and
997 1438 82 41 aff.
1106 1439 115 47 Apr.
1249 1438 29 39 6;
1331 1437 42 39 A
1399 1437 113 40 6345;
1571 1437 215 48 Century
1813 1446 68 31 co.

395 1496 252 51 (29-8866)

320 1563 289 64 Hertzler,
640 1562 234 52 Arthur
905 1561 305 64 Emanuel,
1243 1561 172 54 1870-

387 1637 1866 70 Diseases of the thyroid gland, by Arthur E. Hertzler …
322 1718 138 53 with
491 1738 31 33 a
554 1718 236 68 chapter
823 1736 72 34 on
926 1716 253 69 hospital
1211 1720 399 65 management
1642 1714 65 54 of
1739 1715 186 69 goiter
1957 1714 250 70 patients
2240 1714 75 70 by

321 1792 1994 71 Victor E. Chesky … 2d ed., entirely rewritten. St. Louis,
319 1875 120 52 The
470 1873 61 55 C.
562 1875 70 53 V.
661 1873 206 68 Mosby
895 1891 299 51 company,
1225 1875 150 49 1929.

387 1954 562 49 286 p. illus. 25½ ᶜᵐ .
321 2009 51 53 ©
399 2014 122 40 Mar.
548 2013 68 47 14,
643 2012 117 40 1929;
811 2013 68 40 2c.
906 2013 96 39 and
1027 2011 84 41 aff.
1137 2011 114 48 Apr.
1277 2011 28 40 8;
1358 2011 42 39 A
1426 2011 113 40 7310;
1597 2011 49 41 C.
1674 2011 54 40 Y.
1755 2011 169 47 Mosby
1951 2021 68 29 co.

398 2069 251 49 (29-8867)

318 2135 270 64 Hubbell,
624 2135 245 54 Charles
902 2135 267 64 Bulkley,
1209 2139 170 49 1853-

390 2213 120 52 The
557 2213 387 52 recollections
993 2211 63 54 of
1104 2231 73 33 an
1223 2211 484 69 inconsequential
1756 2230 151 49 man,
1954 2212 75 68 by
2079 2211 238 54 Charles

319 2291 208 51 Bulkley
596 2290 270 52 Hubbell.
933 2290 464 67 Williamstown,
1427 2290 191 67 Mass.,
1651 2292 149 50 1928.

388 2370 964 50 4 p. l., 109 p. front. (port.) 20 ᶜᵐ .
322 2425 51 53 ©
406 2431 122 39 Mar.
559 2431 40 46 7,
630 2429 118 40 1929;
804 2429 68 40 2c.
904 2430 95 39 and
1031 2428 83 42 aff.
1146 2429 114 47 Apr.
1292 2429 26 39 5;
1378 2428 41 39 A
1450 2428 114 41 7285;
1627 2428 50 42 C.
1710 2430 53 40 B.
1797 2428 225 47 Hubbell,
390 2427 1907 107 Williamstown,
562 2487 149 39 Mass.
778 2485 251 50 (29-8978)

322 2552 315 62 Hutchins,
683 2551 204 54 Grace.

390 2629 190 52 Labor
631 2629 114 53 and
795 2629 129 67 silk,
975 2630 74 68 by
1100 2628 181 55 Grace
1332 2629 320 67 Hutchins;
1707 2629 141 53 with
1900 2629 291 70 drawings
2240 2629 77 69 by

322 2705 1989 70 Esther Shemitz. New York, International publishers [ ᶜ1 929]
392 2788 1924 50 192 p. incl. front., illus., map, diagrs. 19½ ᶜᵐ . [Labor and industry
322 2844 164 50 series]

391 2902 349 48 Bibliography
759 2914 10 28 :
800 2913 42 37 p.
874 2902 217 41 187-189.

322 2954 53 53 ©
405 2960 122 40 Mar.
555 2960 70 47 28,
655 2959 117 41 1929;
827 2960 68 40 2c.
925 2961 96 39 and
1051 2959 82 42 aff.
1162 2960 114 48 Apr.
1350 2971 9 36 6;
1391 2960 42 39 A
1461 2960 142 47 6342;
1637 2961 242 39 Internati.
1925 2959 275 49 publishers
2232 2970 82 38 co.,

389 3016 92 41 inc.
548 3016 251 49 (29-8933)

322 3083 432 52 International
781 3083 314 52 harvester
1122 3099 289 48 company
1436 3083 64 53 of
1527 3083 276 53 America
1838 3083 472 65 (incorporated)

391 3160 378 69 Advertising
807 3162 152 67 dept.

391 3238 647 70 McCormick-Deering
1085 3240 235 52 dealers’
1364 3240 273 54 localized
1687 3240 355 69 advertising
2089 3240 228 68 service,

325 3317 300 67 publishéd
663 3318 61 52 in
760 3318 94 52 the
890 3319 263 53 interests
1189 3317 63 54 of
1286 3318 182 53 better
1503 3319 167 52 retail
1706 3319 357 68 advertising
2099 3318 63 53 of

327 3318 1965 146 McCormick-Deering
902 3396 152 51 farm
1083 3396 343 67 equipment.
1490 3396 116 52 For
1631 3415 96 34 use
1755 3397 60 52 in
1843 3396 272 53 localized

324 3414 1969 127 newspaper
538 3474 484 68 advertisements,
1056 3492 151 35 news
1241 3474 223 52 column
1503 3473 485 69 advertisements,
2022 3476 114 51 and
2169 3481 147 46 store

323 3569 361 49 newspapers
708 3570 64 33 or
793 3556 148 48 store
966 3552 287 52 bulletins.
1315 3551 271 69 Chicago,
1608 3552 114 68 Ill.,
1745 3552 378 69 Advertising
2145 3553 172 68 dept.,

323 3628 421 53 International
782 3629 293 53 harvester
1113 3647 281 51 company
1432 3628 64 54 of
1534 3628 265 54 America
1849 3630 455 69 (incorporated)

372 3710 117 49 ᶜ1 929.
395 3786 1032 50 [3]-8 p., 52 l., 61-138 p. illus. 25½ ᶜᵐ .
390 3843 155 48 Pages
574 3842 173 41 66-126
775 3853 84 30 are
887 3843 282 48 perforated
1198 3845 177 46 leaves,
1405 3843 193 49 printed
1629 3856 61 29 on
1717 3854 89 30 one
1837 3844 103 40 side
1969 3845 96 39 and
2093 3846 221 46 gummed

320 3909 62 29 on
408 3908 179 30 versos.

323 3950 52 52 ©
406 3954 111 40 Feb.
549 3955 68 46 11,
648 3954 141 47 1929;
822 3955 67 40 2c.
921 3966 26 29 and
1048 3955 82 40 aff.
1163 3955 111 41 Feb.
1305 3956 81 45 23;
1421 3956 38 38 A
1491 3955 142 48 7283;
1668 3957 242 40 Internati.
1958 3957 254 40 harvester
2243 3968 67 30 co.

391 4010 53 41 of
470 4011 237 48 America,
736 4011 91 42 inc.
893 4010 250 51 (29-8861)
