2542 4389
1096 4046 136 52 1211

219 469 1378 49 xxix, 450, 64 p. front., illus., plates, ports. 19½ ᶜᵐ .
156 511 1773 65 © July 23, 1929; 2c. and aff. Aug. 8; A 10700; A llyn & Bacon.
233 583 283 49 (29-16902)

153 663 225 66 Chubb,
408 664 286 64 Percival,
728 669 171 49 1860-

223 744 120 53 The
368 743 267 69 teaching
657 743 65 53 of
745 743 246 69 English
1016 745 61 52 in
1097 745 98 53 the
1217 745 348 57 elementary
1589 744 113 53 and
1724 744 97 53 the
1843 743 315 67 secondary

152 820 1943 71 school, revised and largely rewritten, by Percival Chubb …
150 900 141 53 New
318 899 180 69 York,
524 900 122 52 The
674 899 337 54 Macmillan
1041 918 299 51 company,
1371 903 151 51 1929.

216 979 1941 50 xxviii, 594 p. 19½ ᶜᵐ . (Half-title: Teacher’s professional library, ed.
147 1037 61 47 by
235 1038 57 40 N.
322 1038 62 39 M.
415 1036 198 49 Butler)

153 1091 52 53 ©
231 1096 121 47 Aug.
379 1096 70 47 13,
475 1094 141 48 1929;
644 1095 68 40 2c.
738 1095 96 39 and
862 1093 81 41 aff.
972 1094 121 49 Aug.
1120 1094 83 48 15;
1233 1095 42 39 A
1301 1094 172 48 11660;
1503 1094 282 41 Macmillan
1813 1105 69 30 co.

232 1151 282 50 (29-16942)

154 1233 260 64 Clouser,
444 1233 165 63 Lucy
635 1232 233 56 Weller.

223 1311 722 70 Kindergarten-primary
988 1312 283 54 activities
1313 1314 173 52 based
1528 1331 73 34 on
1641 1311 353 71 community
2034 1309 125 69 life,

152 1390 2007 70 by Lucy Weller Clouser … and Chloe Ethel Millikan … New
154 1470 181 68 York,
363 1470 123 54 The
511 1468 337 54 Macmillan
877 1487 301 52 company,
1207 1471 151 53 1929.

218 1549 88 41 viii
335 1560 59 38 p.,
423 1549 26 39 1
514 1580 9 17 l.,
551 1548 88 41 307
666 1559 44 37 p.
770 1548 129 42 illus.
961 1548 147 42 19½ᶜᵐ.

220 1606 130 40 “The
382 1605 227 41 material
642 1607 258 47 presented
933 1605 50 40 in
1015 1605 100 41 this
1148 1605 192 41 volume
1375 1608 276 46 represents
1686 1617 133 30 some
1851 1606 52 41 of
1937 1608 82 39 the
150 1617 1992 87 concrete

315 1661 134 42 units
483 1662 53 41 of
566 1661 207 49 activity
806 1661 160 42 which
1001 1661 125 42 have
1160 1663 119 40 been
1316 1663 261 48 developed
1613 1664 155 39 under
1803 1663 85 40 the
1921 1662 237 42 direction

149 1719 53 41 of
225 1721 83 39 the
333 1720 242 40 Teachers
601 1720 180 48 college
808 1719 52 41 of
887 1719 198 41 Kansas
1113 1718 351 48 City.”—Pref.

219 1776 236 42 Contains
485 1775 395 51 bibliographies.

155 1831 52 53 ©
235 1835 121 48 Aug.
383 1836 71 47 13,
481 1834 118 41 1929;
653 1834 68 42 2c.
750 1835 98 39 and
951 1867 8 8 aff.
988 1834 121 48 Aug.
1139 1833 56 40 14;
1251 1834 42 39 A
1321 1834 142 40 10741;
1525 1834 282 40 Macmillan
1837 1845 69 30 co.

233 1891 283 50 (29-16945)

155 1973 251 64 Conrad,
435 1971 239 65 Joseph.

224 2052 250 69 Murzyn
500 2071 29 32 z
557 2052 187 69 zalogi
774 2052 255 69 Narcyza;
1095 2051 396 69 opowiadanie
1521 2072 31 34 o
1580 2052 271 53 kasztelu.
155 2051 1982 134 [Translated

336 2132 78 68 by]
462 2130 117 54 Jan
605 2128 325 54 Lemański.
1004 2130 279 69 Warsaw,
1308 2131 151 51 Dorn
1486 2129 220 54 ksiązki
1733 2128 265 71 polskiej,
2022 2150 40 33 s.
2093 2149 69 49 a.,

155 2212 151 51 1928.

222 2289 26 41 1
281 2300 44 32 v.

156 2342 1982 110 © May 27, 1928; 1c. Aug. 8; A—Foreign 39785; Aniela Zagórska, Warsaw,
366 2404 200 41 Poland.

189 2481 1944 150 Opowiésci zasłyszane … [Translated by] Teresa X. Sapiez̓ yna
340 2564 19 53 i
400 2562 309 57 Stanislaw
745 2563 457 68 Wyrzykowski.
1275 2563 280 69 Warsaw,
1592 2564 91 51 Dom
1777 2560 222 55 ksiązki
158 2560 1978 151 polskiej,

349 2664 41 33 s.
419 2662 67 49 a.,
514 2645 150 51 1928.

223 2722 27 41 1
282 2732 45 32 V.

158 2775 1980 110 © Jan. 10, 1928; 1c. Aug. 8; A—Foreign 39786; Aniela Zagórska, Warsaw,
367 2837 201 41 Poland.

224 2915 1937 73 W ś r ó d pr ą d ó w. [Translated by] Teresa Tatarkiewiczowa.
155 2995 280 71 Warsaw,
461 2996 151 53 Dorn
637 2995 220 55 ksiązki
886 2996 265 70 polskiej,
1178 3016 40 36 s.
1248 3017 67 46 a.,
1345 2999 150 51 1928.

225 3076 26 40 1
318 3108 9 9 v.

160 3128 1982 110 © Mar. 18, 1928; 1c. Aug. 8; A—Foreign 39787; Aniela Zag ó rska, Warsaw,
372 3190 201 42 Poland.

229 3269 1932 73 Zwyci ę stwo. t. 1, 2. [Translated by] Aniela Zagórska.
158 3349 211 69 Lwow,
427 3349 456 70 Wydawnictwo
943 3351 246 53 zakładu
1248 3370 122 34 nar.
1444 3349 247 54 Imienia
1751 3349 413 71 Ossolińskich,

161 3426 151 55 1927.

225 3507 31 40 2
320 3541 9 9 v.

163 3559 1997 58 © Oct. 1, 1927; 1c. Aug. 8, 1928; A—Foreign 39788; Aniela Zagórska,
230 3621 237 49 Warsaw,
493 3622 200 41 Poland.

164 3685 175 64 Cook,
379 3685 124 66 (T.)
539 3688 146 70 firm,
713 3689 344 72 publishers,
1082 3691 260 54 London.

243 3765 180 68 (1929.
500 3765 167 55 Thos.
702 3768 156 52 Cook
886 3767 51 53 &
968 3774 129 64 son)

233 3841 177 54 From
435 3862 92 36 sea
553 3847 60 52 to
639 3864 91 35 sea;
788 3847 359 68 suggestions
1173 3852 59 48 to
1260 3847 275 54 travelers;
1595 3850 219 52 around
1841 3849 97 53 the
1965 3847 200 68 world,

165 3919 95 54 the
307 3920 118 54 Far
471 3921 160 71 East,
674 3923 98 54 the
816 3924 153 54 Near
1016 3924 160 70 East,
1221 3924 97 54 the
1366 3924 184 56 South
1600 3925 153 74 Seas,
1797 3925 227 76 Africa,
2068 3927 98 54 the
