<alto xmlns="http://www.loc.gov/standards/alto/ns-v3#" xmlns:xlink="http://www.w3.org/1999/xlink" xmlns:xsi="http://www.w3.org/2001/XMLSchema-instance" xsi:schemaLocation="http://www.loc.gov/standards/alto/ns-v3# http://www.loc.gov/alto/v3/alto-3-0.xsd"><Description>
<MeasurementUnit>pixel</MeasurementUnit>
<sourceImageInformation>
<fileName>1929_v26_part001.pdf</fileName>
</sourceImageInformation>
<OCRProcessing ID="IdOcr">
<ocrProcessingStep>
<processingDateTime>2019-04-18</processingDateTime>
<processingSoftware>
<softwareCreator>ABBYY</softwareCreator>
<softwareName>ABBYY Recognition Server</softwareName>
<softwareVersion>4.0</softwareVersion>
</processingSoftware>
</ocrProcessingStep>
</OCRProcessing>
</Description>
<Styles>
<ParagraphStyle ID="StyleId-FFFFFFFF-FFFF-FFFF-FFFF-FFFFFFFFFFFF-" ALIGN="Left" LEFT="0." RIGHT="0." FIRSTLINE="0."/>
<ParagraphStyle ID="StyleId-11A520CB-49B0-4D42-A675-089886D5B704-" ALIGN="Center" LEFT="0." RIGHT="0." FIRSTLINE="0." LINESPACE="7.699999809"/>
<ParagraphStyle ID="StyleId-2AEC4724-E584-48A1-8E6D-86B1AA154223-" ALIGN="Left" LEFT="0." RIGHT="0." FIRSTLINE="0." LINESPACE="12.19999981"/>
<ParagraphStyle ID="StyleId-5ADCDE1D-F34B-405C-A765-E9B51F6229BD-" ALIGN="Left" LEFT="0." RIGHT="0." FIRSTLINE="-13." LINESPACE="8.050000191"/>
<ParagraphStyle ID="StyleId-D0AEFB96-F81D-4367-8545-C0AC945FA34C-" ALIGN="Block" LEFT="0." RIGHT="0." FIRSTLINE="-13." LINESPACE="8.899999619"/>
<ParagraphStyle ID="StyleId-9A3BB592-4BA4-4F85-B157-B9A7F1FC9680-" ALIGN="Left" LEFT="0." RIGHT="0." FIRSTLINE="0."/>
<ParagraphStyle ID="StyleId-E9D6144A-CFDC-4919-911D-02B0461DB967-" ALIGN="Left" LEFT="0." RIGHT="0." FIRSTLINE="-13." LINESPACE="23.43000031"/>
<ParagraphStyle ID="StyleId-EEECFC68-AAC5-42B1-B3BF-987799B5B74A-" ALIGN="Block" LEFT="0." RIGHT="0." FIRSTLINE="0." LINESPACE="23.43000031"/>
<ParagraphStyle ID="StyleId-98D20B11-A9BB-4FAB-8DC8-DC8C43F3755E-" ALIGN="Left" LEFT="0." RIGHT="0." FIRSTLINE="0." LINESPACE="10.5"/>
<ParagraphStyle ID="StyleId-C279DBAD-2656-4352-93E6-C942618B09B1-" ALIGN="Block" LEFT="0." RIGHT="0." FIRSTLINE="-13." LINESPACE="8.770000458"/>
<ParagraphStyle ID="StyleId-A539B2D0-654F-45BA-9385-D7E681D9BD87-" ALIGN="Block" LEFT="0." RIGHT="0." FIRSTLINE="0." LINESPACE="8.18999958"/>
<ParagraphStyle ID="StyleId-CFE66565-54F2-45CF-9511-65151219B0BC-" ALIGN="Left" LEFT="0." RIGHT="0." FIRSTLINE="-12." LINESPACE="12.19999981"/>
<ParagraphStyle ID="StyleId-37B60A95-D7B9-4720-9D46-F2E763AAD699-" ALIGN="Block" LEFT="0." RIGHT="0." FIRSTLINE="0." LINESPACE="12.19999981"/>
<ParagraphStyle ID="StyleId-255154CA-71AA-47B9-A5EB-ED90642010CE-" ALIGN="Block" LEFT="0." RIGHT="0." FIRSTLINE="13." LINESPACE="7.900000095"/>
<ParagraphStyle ID="StyleId-4618FB06-20CA-4F95-9CA2-829603EE887D-" ALIGN="Block" LEFT="0." RIGHT="0." FIRSTLINE="0." LINESPACE="10."/>
<ParagraphStyle ID="StyleId-61F9B98E-BA82-4DCF-809A-0C5481162321-" ALIGN="Left" LEFT="0." RIGHT="0." FIRSTLINE="-13." LINESPACE="8.479999542"/>
<ParagraphStyle ID="StyleId-16A4FB0C-4CB7-44C8-846E-AF89DD76FC73-" ALIGN="Left" LEFT="0." RIGHT="0." FIRSTLINE="0." LINESPACE="11.10000038"/>
<ParagraphStyle ID="StyleId-8CC01B24-9D1D-45D5-B954-83ECA9EA3425-" ALIGN="Left" LEFT="0." RIGHT="0." FIRSTLINE="-13." LINESPACE="8.050000191"/>
<ParagraphStyle ID="StyleId-3DB8CD3F-AD17-4DD7-8361-787A6A426C72-" ALIGN="Block" LEFT="0." RIGHT="0." FIRSTLINE="13." LINESPACE="7.900000095"/>
</Styles>
<Layout>
<Page ID="Page1420" PHYSICAL_IMG_NR="1420" HEIGHT="4342" WIDTH="2533">
<TopMargin HEIGHT="426" WIDTH="2533" VPOS="0" HPOS="0">
</TopMargin>
<LeftMargin HEIGHT="3538" WIDTH="368" VPOS="426" HPOS="0">
</LeftMargin>
<RightMargin HEIGHT="3538" WIDTH="129" VPOS="426" HPOS="2404">
</RightMargin>
<BottomMargin HEIGHT="378" WIDTH="2533" VPOS="3964" HPOS="0">
<TextBlock ID="Page1420_Block1" HEIGHT="70" WIDTH="156" VPOS="3996" HPOS="1310" LANG="en-US" STYLEREFS="StyleId-F0BB35C1-697E-4E90-9DCC-160BCC4DCDE6-">
<TextLine HEIGHT="49" WIDTH="135" VPOS="4007" HPOS="1320">
<String CONTENT="1420" HEIGHT="49" WIDTH="135" VPOS="4007" HPOS="1320"/>
</TextLine>
</TextBlock>
<GraphicalElement ID="Page1420_Block2" HEIGHT="378" WIDTH="45" VPOS="3964" HPOS="2488"/>
</BottomMargin>
<PrintSpace HEIGHT="3538" WIDTH="2036" VPOS="426" HPOS="368">
<TextBlock ID="Page1420_Block3" HEIGHT="3538" WIDTH="2036" VPOS="426" HPOS="368" LANG="en-US" CS="1" STYLEREFS="StyleId-159B3A8B-A380-4D3B-A18F-9B1144C7E610-">
<TextLine HEIGHT="49" WIDTH="1931" VPOS="447" HPOS="457" CS="1">
<String CONTENT="&#8220;With" HEIGHT="40" WIDTH="163" VPOS="450" HPOS="457"/>
<SP HEIGHT="38" WIDTH="27" VPOS="451" HPOS="621"/>
<String CONTENT="the" HEIGHT="38" WIDTH="81" VPOS="451" HPOS="649"/>
<SP HEIGHT="30" WIDTH="29" VPOS="459" HPOS="731"/>
<String CONTENT="exception" HEIGHT="48" WIDTH="254" VPOS="448" HPOS="761"/>
<SP HEIGHT="28" WIDTH="29" VPOS="459" HPOS="1016"/>
<String CONTENT="of" HEIGHT="39" WIDTH="50" VPOS="448" HPOS="1046"/>
<SP HEIGHT="40" WIDTH="27" VPOS="448" HPOS="1097"/>
<String CONTENT="one" HEIGHT="29" WIDTH="88" VPOS="459" HPOS="1125"/>
<SP HEIGHT="29" WIDTH="28" VPOS="458" HPOS="1214"/>
<String CONTENT="chapter" HEIGHT="46" WIDTH="201" VPOS="449" HPOS="1243"/>
<SP HEIGHT="28" WIDTH="31" VPOS="458" HPOS="1445"/>
<String CS="1" CONTENT="&#8230;"/>
<SP HEIGHT="38" WIDTH="31" VPOS="449" HPOS="1523"/>
<String CONTENT="this" HEIGHT="40" WIDTH="96" VPOS="447" HPOS="1555"/>
<SP HEIGHT="39" WIDTH="28" VPOS="449" HPOS="1652"/>
<String CONTENT="book" HEIGHT="41" WIDTH="122" VPOS="447" HPOS="1681"/>
<SP HEIGHT="39" WIDTH="29" VPOS="447" HPOS="1804"/>
<String CONTENT="has" HEIGHT="38" WIDTH="89" VPOS="448" HPOS="1834"/>
<SP HEIGHT="39" WIDTH="27" VPOS="447" HPOS="1924"/>
<String CONTENT="been" HEIGHT="39" WIDTH="118" VPOS="447" HPOS="1952"/>
<SP HEIGHT="28" WIDTH="30" VPOS="458" HPOS="2071"/>
<String CONTENT="written" HEIGHT="40" WIDTH="197" VPOS="447" HPOS="2102"/>
<SP HEIGHT="40" WIDTH="28" VPOS="447" HPOS="2300"/>
<String CONTENT="by" HEIGHT="47" WIDTH="59" VPOS="447" HPOS="2329"/>
</TextLine>
<TextLine HEIGHT="43" WIDTH="2003" VPOS="503" HPOS="384">
<String CONTENT="members" HEIGHT="39" WIDTH="236" VPOS="507" HPOS="384"/>
<SP HEIGHT="29" WIDTH="40" VPOS="517" HPOS="621"/>
<String CONTENT="of" HEIGHT="39" WIDTH="51" VPOS="506" HPOS="662"/>
<SP HEIGHT="39" WIDTH="39" VPOS="506" HPOS="714"/>
<String CONTENT="the" HEIGHT="39" WIDTH="81" VPOS="506" HPOS="754"/>
<SP HEIGHT="29" WIDTH="39" VPOS="516" HPOS="836"/>
<String CONTENT="staff" HEIGHT="40" WIDTH="121" VPOS="505" HPOS="876"/>
<SP HEIGHT="39" WIDTH="38" VPOS="505" HPOS="998"/>
<String CONTENT="of" HEIGHT="39" WIDTH="52" VPOS="505" HPOS="1037"/>
<SP HEIGHT="39" WIDTH="39" VPOS="505" HPOS="1090"/>
<String CONTENT="the" HEIGHT="38" WIDTH="81" VPOS="506" HPOS="1130"/>
<SP HEIGHT="39" WIDTH="42" VPOS="505" HPOS="1212"/>
<String CONTENT="British" HEIGHT="41" WIDTH="190" VPOS="503" HPOS="1255"/>
<SP HEIGHT="38" WIDTH="40" VPOS="504" HPOS="1446"/>
<String CONTENT="National" HEIGHT="40" WIDTH="235" VPOS="504" HPOS="1487"/>
<SP HEIGHT="38" WIDTH="38" VPOS="504" HPOS="1723"/>
<String CONTENT="institute" HEIGHT="40" WIDTH="227" VPOS="504" HPOS="1762"/>
<SP HEIGHT="30" WIDTH="40" VPOS="514" HPOS="1990"/>
<String CONTENT="of" HEIGHT="39" WIDTH="50" VPOS="504" HPOS="2031"/>
<SP HEIGHT="39" WIDTH="40" VPOS="504" HPOS="2082"/>
<String CONTENT="industrial" HEIGHT="41" WIDTH="264" VPOS="503" HPOS="2123"/>
</TextLine>
<TextLine HEIGHT="50" WIDTH="584" VPOS="561" HPOS="384">
<String CONTENT="psychology.&#8221;&#8212;Introd." HEIGHT="50" WIDTH="584" VPOS="561" HPOS="384"/>
</TextLine>
<TextLine HEIGHT="49" WIDTH="699" VPOS="617" HPOS="454" CS="1">
<String CS="1" CONTENT="Bibliography:" HEIGHT="47" WIDTH="349" VPOS="619" HPOS="454"/>
<SP HEIGHT="37" WIDTH="30" VPOS="629" HPOS="832"/>
<String CONTENT="p." HEIGHT="37" WIDTH="43" VPOS="629" HPOS="863"/>
<SP HEIGHT="40" WIDTH="25" VPOS="618" HPOS="907"/>
<String CONTENT="245-248." HEIGHT="41" WIDTH="220" VPOS="617" HPOS="933"/>
</TextLine>
<TextLine HEIGHT="51" WIDTH="1997" VPOS="673" HPOS="388" CS="1">
<String CONTENT="&#169;" HEIGHT="51" WIDTH="51" VPOS="673" HPOS="388"/>
<SP HEIGHT="51" WIDTH="28" VPOS="673" HPOS="440"/>
<String CONTENT="Aug." HEIGHT="47" WIDTH="120" VPOS="677" HPOS="469"/>
<SP HEIGHT="41" WIDTH="27" VPOS="676" HPOS="590"/>
<String CONTENT="28," HEIGHT="48" WIDTH="69" VPOS="676" HPOS="618"/>
<SP HEIGHT="48" WIDTH="27" VPOS="676" HPOS="688"/>
<String CS="1" CONTENT="1929;" HEIGHT="40" WIDTH="115" VPOS="675" HPOS="716"/>
<SP HEIGHT="47" WIDTH="30" VPOS="675" HPOS="858"/>
<String CONTENT="2c." HEIGHT="40" WIDTH="67" VPOS="675" HPOS="889"/>
<SP HEIGHT="38" WIDTH="28" VPOS="676" HPOS="957"/>
<String CONTENT="Aug." HEIGHT="46" WIDTH="121" VPOS="676" HPOS="986"/>
<SP HEIGHT="39" WIDTH="28" VPOS="675" HPOS="1108"/>
<String CS="1" CONTENT="30;" HEIGHT="40" WIDTH="58" VPOS="674" HPOS="1137"/>
<SP HEIGHT="36" WIDTH="33" VPOS="685" HPOS="1220"/>
<String CONTENT="aff." HEIGHT="42" WIDTH="81" VPOS="674" HPOS="1254"/>
<SP HEIGHT="42" WIDTH="32" VPOS="674" HPOS="1336"/>
<String CONTENT="Sept." HEIGHT="48" WIDTH="128" VPOS="674" HPOS="1369"/>
<SP HEIGHT="39" WIDTH="28" VPOS="676" HPOS="1498"/>
<String CS="1" CONTENT="7;" HEIGHT="39" WIDTH="26" VPOS="676" HPOS="1527"/>
<SP HEIGHT="46" WIDTH="31" VPOS="675" HPOS="1581"/>
<!-- cceid A445CA6B-6CFA-1014-9C3C-CEA95E7AA542 --><String CONTENT="A" HEIGHT="38" WIDTH="42" VPOS="675" HPOS="1613"/>
<SP HEIGHT="39" WIDTH="27" VPOS="675" HPOS="1656"/>
<String CS="1" CONTENT="13061;" HEIGHT="41" WIDTH="143" VPOS="673" HPOS="1684"/>
<SP HEIGHT="46" WIDTH="30" VPOS="675" HPOS="1856"/>
<String CONTENT="Henry" HEIGHT="47" WIDTH="168" VPOS="675" HPOS="1887"/>
<SP HEIGHT="47" WIDTH="29" VPOS="675" HPOS="2056"/>
<String CONTENT="Holt" HEIGHT="39" WIDTH="120" VPOS="675" HPOS="2086"/>
<SP HEIGHT="39" WIDTH="26" VPOS="675" HPOS="2207"/>
<String CONTENT="&amp;" HEIGHT="39" WIDTH="37" VPOS="675" HPOS="2234"/>
<SP HEIGHT="39" WIDTH="27" VPOS="675" HPOS="2272"/>
<String LANG="ru" CONTENT="&#1089;&#1086;.," HEIGHT="36" WIDTH="85" VPOS="685" HPOS="2300"/>
</TextLine>
<TextLine HEIGHT="49" WIDTH="440" VPOS="732" HPOS="455">
<String CONTENT="inc." HEIGHT="40" WIDTH="91" VPOS="734" HPOS="455"/>
<SP HEIGHT="48" WIDTH="66" VPOS="733" HPOS="547"/>
<String CONTENT="(29-18465)" HEIGHT="49" WIDTH="281" VPOS="732" HPOS="614"/>
</TextLine>
<TextLine HEIGHT="71" WIDTH="1907" VPOS="813" HPOS="482" STYLEREFS="StyleId-8D2865AB-F0A3-49CC-A035-D41BACBC1B51-" CS="1">
<String CS="1" CONTENT="&#8230;A" HEIGHT="50" WIDTH="57" VPOS="816" HPOS="482"/>
<SP HEIGHT="50" WIDTH="34" VPOS="816" HPOS="540"/>
<String CONTENT="new" HEIGHT="36" WIDTH="129" VPOS="829" HPOS="575"/>
<SP HEIGHT="53" WIDTH="35" VPOS="830" HPOS="705"/>
<String CONTENT="genus" HEIGHT="50" WIDTH="176" VPOS="833" HPOS="741"/>
<SP HEIGHT="34" WIDTH="36" VPOS="834" HPOS="918"/>
<String CONTENT="of" HEIGHT="53" WIDTH="65" VPOS="814" HPOS="955"/>
<SP HEIGHT="53" WIDTH="35" VPOS="814" HPOS="1021"/>
<String CONTENT="the" HEIGHT="52" WIDTH="94" VPOS="815" HPOS="1057"/>
<SP HEIGHT="33" WIDTH="35" VPOS="833" HPOS="1152"/>
<String CONTENT="saxifrage" HEIGHT="69" WIDTH="295" VPOS="813" HPOS="1188"/>
<SP HEIGHT="52" WIDTH="35" VPOS="814" HPOS="1484"/>
<String CONTENT="family," HEIGHT="69" WIDTH="226" VPOS="813" HPOS="1520"/>
<SP HEIGHT="67" WIDTH="34" VPOS="815" HPOS="1747"/>
<String CONTENT="by" HEIGHT="67" WIDTH="75" VPOS="815" HPOS="1782"/>
<SP HEIGHT="69" WIDTH="34" VPOS="813" HPOS="1858"/>
<String CONTENT="LeRoy" HEIGHT="71" WIDTH="212" VPOS="813" HPOS="1893"/>
<SP HEIGHT="71" WIDTH="33" VPOS="813" HPOS="2106"/>
<String CONTENT="Abrams" HEIGHT="52" WIDTH="249" VPOS="813" HPOS="2140"/>
</TextLine>
<TextLine HEIGHT="71" WIDTH="1941" VPOS="889" HPOS="450" STYLEREFS="StyleId-8D2865AB-F0A3-49CC-A035-D41BACBC1B51-">
<String CONTENT="and" HEIGHT="51" WIDTH="112" VPOS="894" HPOS="450"/>
<SP HEIGHT="52" WIDTH="31" VPOS="893" HPOS="563"/>
<String CONTENT="Rimo" HEIGHT="52" WIDTH="168" VPOS="893" HPOS="595"/>
<SP HEIGHT="51" WIDTH="33" VPOS="894" HPOS="764"/>
<String CONTENT="Bacigalupi." HEIGHT="69" WIDTH="362" VPOS="891" HPOS="798"/>
<SP HEIGHT="50" WIDTH="74" VPOS="893" HPOS="1161"/>
<String CONTENT="Two" HEIGHT="51" WIDTH="138" VPOS="893" HPOS="1236"/>
<SP HEIGHT="35" WIDTH="29" VPOS="909" HPOS="1375"/>
<String CONTENT="new" HEIGHT="34" WIDTH="123" VPOS="909" HPOS="1405"/>
<SP HEIGHT="51" WIDTH="32" VPOS="893" HPOS="1529"/>
<String CONTENT="downingias" HEIGHT="68" WIDTH="360" VPOS="891" HPOS="1562"/>
<SP HEIGHT="52" WIDTH="31" VPOS="892" HPOS="1923"/>
<String CONTENT="from" HEIGHT="51" WIDTH="153" VPOS="892" HPOS="1955"/>
<SP HEIGHT="55" WIDTH="32" VPOS="889" HPOS="2109"/>
<String CONTENT="Oregon," HEIGHT="68" WIDTH="249" VPOS="889" HPOS="2142"/>
</TextLine>
<TextLine HEIGHT="73" WIDTH="1943" VPOS="967" HPOS="448" STYLEREFS="StyleId-8D2865AB-F0A3-49CC-A035-D41BACBC1B51-">
<String CONTENT="by" HEIGHT="69" WIDTH="76" VPOS="971" HPOS="448"/>
<SP HEIGHT="69" WIDTH="30" VPOS="971" HPOS="525"/>
<String CONTENT="Elmer" HEIGHT="51" WIDTH="197" VPOS="971" HPOS="556"/>
<SP HEIGHT="52" WIDTH="27" VPOS="970" HPOS="754"/>
<String CONTENT="K." HEIGHT="53" WIDTH="73" VPOS="970" HPOS="782"/>
<SP HEIGHT="53" WIDTH="28" VPOS="970" HPOS="856"/>
<String CONTENT="Applegate." HEIGHT="68" WIDTH="345" VPOS="970" HPOS="885"/>
<SP HEIGHT="51" WIDTH="75" VPOS="969" HPOS="1231"/>
<String CONTENT="Four" HEIGHT="52" WIDTH="156" VPOS="969" HPOS="1307"/>
<SP HEIGHT="33" WIDTH="26" VPOS="988" HPOS="1464"/>
<String CONTENT="new" HEIGHT="34" WIDTH="123" VPOS="987" HPOS="1491"/>
<SP HEIGHT="49" WIDTH="30" VPOS="987" HPOS="1615"/>
<String CONTENT="plants" HEIGHT="67" WIDTH="194" VPOS="969" HPOS="1646"/>
<SP HEIGHT="52" WIDTH="30" VPOS="970" HPOS="1841"/>
<String CONTENT="from" HEIGHT="51" WIDTH="153" VPOS="970" HPOS="1872"/>
<SP HEIGHT="55" WIDTH="31" VPOS="967" HPOS="2026"/>
<String CONTENT="San" HEIGHT="55" WIDTH="117" VPOS="967" HPOS="2058"/>
<SP HEIGHT="52" WIDTH="28" VPOS="968" HPOS="2176"/>
<String CONTENT="Diego" HEIGHT="66" WIDTH="186" VPOS="968" HPOS="2205"/>
</TextLine>
<TextLine HEIGHT="151" WIDTH="1917" VPOS="1045" HPOS="451" STYLEREFS="StyleId-8D2865AB-F0A3-49CC-A035-D41BACBC1B51-" CS="1">
<String CONTENT="County," HEIGHT="69" WIDTH="246" VPOS="1050" HPOS="452"/>
<SP HEIGHT="70" WIDTH="37" VPOS="1048" HPOS="699"/>
<String CONTENT="California," HEIGHT="69" WIDTH="345" VPOS="1048" HPOS="737"/>
<SP HEIGHT="68" WIDTH="31" VPOS="1049" HPOS="1083"/>
<String CONTENT="by" HEIGHT="69" WIDTH="77" VPOS="1049" HPOS="1115"/>
<SP HEIGHT="71" WIDTH="33" VPOS="1047" HPOS="1193"/>
<String CONTENT="Ira" HEIGHT="53" WIDTH="99" VPOS="1047" HPOS="1227"/>
<SP HEIGHT="52" WIDTH="34" VPOS="1048" HPOS="1327"/>
<String CONTENT="L." HEIGHT="51" WIDTH="63" VPOS="1048" HPOS="1362"/>
<SP HEIGHT="52" WIDTH="33" VPOS="1048" HPOS="1426"/>
<String CONTENT="Wiggins." HEIGHT="70" WIDTH="286" VPOS="1046" HPOS="1460"/>
<SP HEIGHT="56" WIDTH="78" VPOS="1045" HPOS="1747"/>
<String CONTENT="Stanford" HEIGHT="56" WIDTH="282" VPOS="1045" HPOS="1826"/>
<SP HEIGHT="55" WIDTH="34" VPOS="1046" HPOS="2109"/>
<String CONTENT="University," HEIGHT="150" WIDTH="1917" VPOS="1046" HPOS="451"/>
</TextLine>
<TextLine HEIGHT="68" WIDTH="1275" VPOS="1126" HPOS="614" STYLEREFS="StyleId-8D2865AB-F0A3-49CC-A035-D41BACBC1B51-" CS="1">
<String CONTENT="Calif.," HEIGHT="65" WIDTH="194" VPOS="1128" HPOS="614"/>
<SP HEIGHT="66" WIDTH="32" VPOS="1127" HPOS="809"/>
<String CONTENT="Stanford" HEIGHT="55" WIDTH="283" VPOS="1126" HPOS="842"/>
<SP HEIGHT="51" WIDTH="27" VPOS="1128" HPOS="1126"/>
<String CONTENT="university" HEIGHT="68" WIDTH="320" VPOS="1126" HPOS="1154"/>
<SP HEIGHT="51" WIDTH="28" VPOS="1143" HPOS="1475"/>
<String CONTENT="press" HEIGHT="50" WIDTH="159" VPOS="1143" HPOS="1504"/>
<SP HEIGHT="46" WIDTH="31" VPOS="1145" HPOS="1664"/>
<String STYLE="subscript" CONTENT="[" HEIGHT="33" WIDTH="13" VPOS="1158" HPOS="1696"/>
<String CS="1" CONTENT="&#7580;1929" HEIGHT="49" WIDTH="134" VPOS="1128" HPOS="1737"/>
<String STYLE="subscript" CONTENT="]" HEIGHT="33" WIDTH="12" VPOS="1158" HPOS="1877"/>
</TextLine>
<TextLine HEIGHT="109" WIDTH="1986" VPOS="1204" HPOS="385" CS="1">
<String CONTENT="3" HEIGHT="39" WIDTH="28" VPOS="1209" HPOS="454"/>
<SP HEIGHT="47" WIDTH="22" VPOS="1209" HPOS="483"/>
<String LANG="fr" CONTENT="p." HEIGHT="36" WIDTH="44" VPOS="1220" HPOS="506"/>
<SP HEIGHT="38" WIDTH="22" VPOS="1210" HPOS="551"/>
<String LANG="fr" CS="1" CONTENT="l."/>
<String CONTENT="," HEIGHT="16" WIDTH="8" VPOS="1240" HPOS="610"/>
<SP HEIGHT="48" WIDTH="26" VPOS="1208" HPOS="619"/>
<String CONTENT="95-302," HEIGHT="47" WIDTH="187" VPOS="1208" HPOS="646"/>
<SP HEIGHT="29" WIDTH="29" VPOS="1228" HPOS="834"/>
<String CS="1" CONTENT="[12]" HEIGHT="48" WIDTH="70" VPOS="1208" HPOS="878"/>
<SP HEIGHT="38" WIDTH="27" VPOS="1218" HPOS="949"/>
<String CONTENT="p." HEIGHT="37" WIDTH="44" VPOS="1218" HPOS="977"/>
<SP HEIGHT="41" WIDTH="25" VPOS="1207" HPOS="1022"/>
<String CONTENT="incl." HEIGHT="40" WIDTH="110" VPOS="1207" HPOS="1048"/>
<SP HEIGHT="41" WIDTH="26" VPOS="1206" HPOS="1159"/>
<String CONTENT="5" HEIGHT="39" WIDTH="25" VPOS="1206" HPOS="1186"/>
<SP HEIGHT="49" WIDTH="26" VPOS="1206" HPOS="1212"/>
<String CS="1" CONTENT="pl." HEIGHT="38" WIDTH="62" VPOS="1217" HPOS="1239"/>
<SP HEIGHT="40" WIDTH="53" VPOS="1206" HPOS="1302"/>
<String CS="1" CONTENT="25&#189;&#7580;&#7504;." HEIGHT="39" WIDTH="146" VPOS="1206" HPOS="1356"/>
<SP HEIGHT="48" WIDTH="66" VPOS="1206" HPOS="1503"/>
<String CONTENT="(Contributions" HEIGHT="50" WIDTH="395" VPOS="1204" HPOS="1570"/>
<SP HEIGHT="40" WIDTH="23" VPOS="1206" HPOS="1966"/>
<String CONTENT="from" HEIGHT="39" WIDTH="129" VPOS="1206" HPOS="1990"/>
<SP HEIGHT="37" WIDTH="27" VPOS="1208" HPOS="2120"/>
<String CONTENT="the" HEIGHT="39" WIDTH="82" VPOS="1206" HPOS="2148"/>
<SP HEIGHT="39" WIDTH="27" VPOS="1206" HPOS="2231"/>
<String CONTENT="Dudley" HEIGHT="107" WIDTH="1986" VPOS="1206" HPOS="385"/>
<SP HEIGHT="47" WIDTH="28" VPOS="1266" HPOS="463"/>
<String CONTENT="herbarium" HEIGHT="40" WIDTH="282" VPOS="1264" HPOS="492"/>
<SP HEIGHT="28" WIDTH="31" VPOS="1276" HPOS="775"/>
<String CONTENT="of" HEIGHT="40" WIDTH="51" VPOS="1264" HPOS="807"/>
<SP HEIGHT="40" WIDTH="32" VPOS="1264" HPOS="859"/>
<String CONTENT="Stanford" HEIGHT="41" WIDTH="236" VPOS="1263" HPOS="892"/>
<SP HEIGHT="39" WIDTH="31" VPOS="1264" HPOS="1129"/>
<String CONTENT="university," HEIGHT="47" WIDTH="287" VPOS="1263" HPOS="1161"/>
<SP HEIGHT="29" WIDTH="59" VPOS="1274" HPOS="1449"/>
<String CONTENT="v." HEIGHT="29" WIDTH="42" VPOS="1274" HPOS="1509"/>
<SP HEIGHT="41" WIDTH="30" VPOS="1262" HPOS="1552"/>
<String CONTENT="1," HEIGHT="49" WIDTH="39" VPOS="1262" HPOS="1583"/>
<SP HEIGHT="38" WIDTH="32" VPOS="1273" HPOS="1623"/>
<String CONTENT="no." HEIGHT="29" WIDTH="76" VPOS="1273" HPOS="1656"/>
<SP HEIGHT="40" WIDTH="29" VPOS="1263" HPOS="1733"/>
<String CONTENT="3)" HEIGHT="47" WIDTH="51" VPOS="1262" HPOS="1763"/>
</TextLine>
<TextLine HEIGHT="52" WIDTH="2002" VPOS="1318" HPOS="388" CS="1">
<String CONTENT="&#169;" HEIGHT="52" WIDTH="52" VPOS="1318" HPOS="388"/>
<SP HEIGHT="52" WIDTH="24" VPOS="1318" HPOS="441"/>
<String CONTENT="May" HEIGHT="45" WIDTH="113" VPOS="1324" HPOS="466"/>
<SP HEIGHT="47" WIDTH="22" VPOS="1322" HPOS="580"/>
<String CONTENT="20," HEIGHT="48" WIDTH="70" VPOS="1321" HPOS="603"/>
<SP HEIGHT="46" WIDTH="24" VPOS="1323" HPOS="674"/>
<String CS="1" CONTENT="1929;" HEIGHT="41" WIDTH="114" VPOS="1320" HPOS="699"/>
<SP HEIGHT="47" WIDTH="25" VPOS="1321" HPOS="840"/>
<String CONTENT="2c." HEIGHT="40" WIDTH="67" VPOS="1321" HPOS="866"/>
<SP HEIGHT="39" WIDTH="25" VPOS="1322" HPOS="934"/>
<String CONTENT="June" HEIGHT="38" WIDTH="127" VPOS="1322" HPOS="960"/>
<SP HEIGHT="39" WIDTH="22" VPOS="1321" HPOS="1088"/>
<String CS="1" CONTENT="24;" HEIGHT="38" WIDTH="57" VPOS="1321" HPOS="1111"/>
<SP HEIGHT="37" WIDTH="28" VPOS="1330" HPOS="1194"/>
<String CONTENT="aff." HEIGHT="41" WIDTH="82" VPOS="1319" HPOS="1223"/>
<SP HEIGHT="40" WIDTH="25" VPOS="1320" HPOS="1306"/>
<String CONTENT="June" HEIGHT="39" WIDTH="127" VPOS="1320" HPOS="1332"/>
<SP HEIGHT="39" WIDTH="23" VPOS="1320" HPOS="1460"/>
<String CS="1" CONTENT="22;" HEIGHT="38" WIDTH="54" VPOS="1320" HPOS="1484"/>
<SP HEIGHT="46" WIDTH="25" VPOS="1320" HPOS="1567"/>
<!-- cceid A446363C-6CFA-1014-9C3C-CEA95E7AA542 --><String CONTENT="A" HEIGHT="38" WIDTH="42" VPOS="1320" HPOS="1593"/>
<SP HEIGHT="40" WIDTH="25" VPOS="1319" HPOS="1636"/>
<String CS="1" CONTENT="8905;" HEIGHT="41" WIDTH="114" VPOS="1318" HPOS="1662"/>
<SP HEIGHT="45" WIDTH="28" VPOS="1320" HPOS="1803"/>
<String CONTENT="Board" HEIGHT="39" WIDTH="164" VPOS="1320" HPOS="1832"/>
<SP HEIGHT="39" WIDTH="22" VPOS="1320" HPOS="1997"/>
<String CONTENT="of" HEIGHT="40" WIDTH="53" VPOS="1319" HPOS="2020"/>
<SP HEIGHT="40" WIDTH="24" VPOS="1319" HPOS="2074"/>
<String CONTENT="trustees" HEIGHT="38" WIDTH="211" VPOS="1321" HPOS="2099"/>
<SP HEIGHT="29" WIDTH="25" VPOS="1330" HPOS="2311"/>
<String CONTENT="of" HEIGHT="39" WIDTH="53" VPOS="1320" HPOS="2337"/>
</TextLine>
<TextLine HEIGHT="51" WIDTH="1849" VPOS="1374" HPOS="456">
<String CONTENT="the" HEIGHT="40" WIDTH="81" VPOS="1379" HPOS="456"/>
<SP HEIGHT="40" WIDTH="26" VPOS="1379" HPOS="538"/>
<String CONTENT="Leland" HEIGHT="40" WIDTH="184" VPOS="1378" HPOS="565"/>
<SP HEIGHT="41" WIDTH="30" VPOS="1378" HPOS="750"/>
<String CONTENT="Stanford" HEIGHT="41" WIDTH="236" VPOS="1378" HPOS="781"/>
<SP HEIGHT="47" WIDTH="27" VPOS="1378" HPOS="1018"/>
<String CONTENT="junior" HEIGHT="48" WIDTH="166" VPOS="1377" HPOS="1046"/>
<SP HEIGHT="28" WIDTH="28" VPOS="1388" HPOS="1213"/>
<String CONTENT="university," HEIGHT="47" WIDTH="287" VPOS="1376" HPOS="1242"/>
<SP HEIGHT="47" WIDTH="32" VPOS="1376" HPOS="1530"/>
<String CONTENT="Stanford" HEIGHT="42" WIDTH="236" VPOS="1375" HPOS="1563"/>
<SP HEIGHT="41" WIDTH="29" VPOS="1376" HPOS="1800"/>
<String CONTENT="University," HEIGHT="48" WIDTH="297" VPOS="1376" HPOS="1830"/>
<SP HEIGHT="49" WIDTH="31" VPOS="1375" HPOS="2128"/>
<String CONTENT="Calif." HEIGHT="42" WIDTH="145" VPOS="1374" HPOS="2160"/>
</TextLine>
<TextLine HEIGHT="65" WIDTH="714" VPOS="1458" HPOS="384" STYLEREFS="StyleId-4CED0F83-A6DD-4412-91EB-D4E0493654E4-">
<String CONTENT="Nicolson," HEIGHT="64" WIDTH="299" VPOS="1458" HPOS="384"/>
<SP HEIGHT="64" WIDTH="31" VPOS="1458" HPOS="684"/>
<String CONTENT="John," HEIGHT="65" WIDTH="175" VPOS="1458" HPOS="716"/>
<SP HEIGHT="58" WIDTH="33" VPOS="1465" HPOS="892"/>
<String CONTENT="1866-" HEIGHT="49" WIDTH="172" VPOS="1464" HPOS="926"/>
</TextLine>
<TextLine HEIGHT="72" WIDTH="1939" VPOS="1534" HPOS="452" STYLEREFS="StyleId-8D2865AB-F0A3-49CC-A035-D41BACBC1B51-">
<String CONTENT="The" HEIGHT="52" WIDTH="121" VPOS="1537" HPOS="452"/>
<SP HEIGHT="35" WIDTH="35" VPOS="1554" HPOS="574"/>
<String CONTENT="revolving" HEIGHT="69" WIDTH="300" VPOS="1536" HPOS="610"/>
<SP HEIGHT="71" WIDTH="34" VPOS="1534" HPOS="911"/>
<String CONTENT="fund" HEIGHT="55" WIDTH="149" VPOS="1534" HPOS="946"/>
<SP HEIGHT="52" WIDTH="34" VPOS="1537" HPOS="1096"/>
<String CONTENT="of" HEIGHT="53" WIDTH="65" VPOS="1536" HPOS="1131"/>
<SP HEIGHT="52" WIDTH="31" VPOS="1536" HPOS="1197"/>
<String CONTENT="the" HEIGHT="51" WIDTH="96" VPOS="1538" HPOS="1229"/>
<SP HEIGHT="51" WIDTH="33" VPOS="1538" HPOS="1326"/>
<String CONTENT="Federal" HEIGHT="51" WIDTH="244" VPOS="1538" HPOS="1360"/>
<SP HEIGHT="52" WIDTH="35" VPOS="1537" HPOS="1605"/>
<String CONTENT="farm" HEIGHT="53" WIDTH="154" VPOS="1537" HPOS="1641"/>
<SP HEIGHT="52" WIDTH="32" VPOS="1538" HPOS="1796"/>
<String CONTENT="board;" HEIGHT="68" WIDTH="209" VPOS="1538" HPOS="1829"/>
<SP HEIGHT="50" WIDTH="38" VPOS="1556" HPOS="2039"/>
<String CONTENT="a" HEIGHT="33" WIDTH="31" VPOS="1556" HPOS="2078"/>
<SP HEIGHT="51" WIDTH="36" VPOS="1538" HPOS="2110"/>
<String CONTENT="fund" HEIGHT="53" WIDTH="148" VPOS="1538" HPOS="2147"/>
<SP HEIGHT="53" WIDTH="34" VPOS="1538" HPOS="2296"/>
<String CONTENT="in" HEIGHT="51" WIDTH="60" VPOS="1538" HPOS="2331"/>
</TextLine>
<TextLine HEIGHT="71" WIDTH="2010" VPOS="1614" HPOS="382" STYLEREFS="StyleId-8D2865AB-F0A3-49CC-A035-D41BACBC1B51-">
<String CONTENT="aid" HEIGHT="52" WIDTH="95" VPOS="1615" HPOS="382"/>
<SP HEIGHT="51" WIDTH="28" VPOS="1616" HPOS="478"/>
<String CONTENT="of" HEIGHT="52" WIDTH="64" VPOS="1614" HPOS="507"/>
<SP HEIGHT="51" WIDTH="26" VPOS="1614" HPOS="572"/>
<String CONTENT="farming" HEIGHT="69" WIDTH="259" VPOS="1614" HPOS="599"/>
<SP HEIGHT="69" WIDTH="24" VPOS="1614" HPOS="859"/>
<String CONTENT="by" HEIGHT="71" WIDTH="76" VPOS="1614" HPOS="884"/>
<SP HEIGHT="71" WIDTH="26" VPOS="1614" HPOS="961"/>
<String CONTENT="loans" HEIGHT="53" WIDTH="161" VPOS="1614" HPOS="988"/>
<SP HEIGHT="34" WIDTH="30" VPOS="1633" HPOS="1150"/>
<String CONTENT="and" HEIGHT="51" WIDTH="112" VPOS="1616" HPOS="1181"/>
<SP HEIGHT="51" WIDTH="29" VPOS="1616" HPOS="1294"/>
<String CONTENT="advances" HEIGHT="53" WIDTH="278" VPOS="1614" HPOS="1324"/>
<SP HEIGHT="47" WIDTH="30" VPOS="1620" HPOS="1603"/>
<String CONTENT="to" HEIGHT="47" WIDTH="59" VPOS="1620" HPOS="1634"/>
<SP HEIGHT="50" WIDTH="29" VPOS="1633" HPOS="1694"/>
<String CONTENT="proper" HEIGHT="50" WIDTH="211" VPOS="1633" HPOS="1724"/>
<SP HEIGHT="36" WIDTH="28" VPOS="1633" HPOS="1936"/>
<String CONTENT="organizations" HEIGHT="68" WIDTH="427" VPOS="1615" HPOS="1965"/>
</TextLine>
<TextLine HEIGHT="147" WIDTH="1988" VPOS="1692" HPOS="380" STYLEREFS="StyleId-8D2865AB-F0A3-49CC-A035-D41BACBC1B51-" CS="1">
<String CONTENT="maintained" HEIGHT="53" WIDTH="356" VPOS="1692" HPOS="380"/>
<SP HEIGHT="53" WIDTH="35" VPOS="1692" HPOS="737"/>
<String CONTENT="by" HEIGHT="69" WIDTH="75" VPOS="1692" HPOS="773"/>
<SP HEIGHT="68" WIDTH="36" VPOS="1693" HPOS="849"/>
<String CONTENT="farmers," HEIGHT="66" WIDTH="262" VPOS="1693" HPOS="886"/>
<SP HEIGHT="47" WIDTH="36" VPOS="1712" HPOS="1149"/>
<String CONTENT="authorized" HEIGHT="52" WIDTH="335" VPOS="1693" HPOS="1186"/>
<SP HEIGHT="52" WIDTH="36" VPOS="1694" HPOS="1522"/>
<String CONTENT="by" HEIGHT="67" WIDTH="75" VPOS="1694" HPOS="1559"/>
<SP HEIGHT="62" WIDTH="37" VPOS="1699" HPOS="1635"/>
<String CONTENT="the" HEIGHT="51" WIDTH="96" VPOS="1694" HPOS="1673"/>
<SP HEIGHT="51" WIDTH="33" VPOS="1694" HPOS="1770"/>
<String CONTENT="Agricultural" HEIGHT="71" WIDTH="402" VPOS="1692" HPOS="1804"/>
<SP HEIGHT="52" WIDTH="34" VPOS="1694" HPOS="2207"/>
<String CONTENT="marketing" HEIGHT="127" WIDTH="1988" VPOS="1712" HPOS="380"/>
</TextLine>
<TextLine HEIGHT="68" WIDTH="1768" VPOS="1772" HPOS="624" STYLEREFS="StyleId-8D2865AB-F0A3-49CC-A035-D41BACBC1B51-" CS="1">
<String CONTENT="act," HEIGHT="62" WIDTH="107" VPOS="1776" HPOS="624"/>
<SP HEIGHT="62" WIDTH="41" VPOS="1776" HPOS="732"/>
<String CONTENT="1929." HEIGHT="50" WIDTH="148" VPOS="1773" HPOS="774"/>
<SP HEIGHT="34" WIDTH="101" VPOS="1805" HPOS="923"/>
<String CS="1" CONTENT="["/>
<String LANG="ru" CONTENT="&#1042;&#1091;]" HEIGHT="68" WIDTH="107" VPOS="1772" HPOS="1043"/>
<SP HEIGHT="67" WIDTH="47" VPOS="1772" HPOS="1151"/>
<String CONTENT="John" HEIGHT="53" WIDTH="157" VPOS="1772" HPOS="1199"/>
<SP HEIGHT="52" WIDTH="39" VPOS="1772" HPOS="1357"/>
<String CONTENT="Nicolson" HEIGHT="52" WIDTH="273" VPOS="1772" HPOS="1397"/>
<SP HEIGHT="32" WIDTH="46" VPOS="1791" HPOS="1671"/>
<String CS="1" CONTENT="&#8230;"/>
<SP HEIGHT="34" WIDTH="103" VPOS="1805" HPOS="1774"/>
<String CS="1" CONTENT="[Walton," HEIGHT="68" WIDTH="253" VPOS="1772" HPOS="1894"/>
<SP HEIGHT="68" WIDTH="39" VPOS="1772" HPOS="2148"/>
<String CONTENT="N." HEIGHT="53" WIDTH="70" VPOS="1772" HPOS="2188"/>
<SP HEIGHT="53" WIDTH="42" VPOS="1772" HPOS="2259"/>
<String CONTENT="Y.," HEIGHT="65" WIDTH="90" VPOS="1772" HPOS="2302"/>
</TextLine>
<TextLine HEIGHT="70" WIDTH="1103" VPOS="1849" HPOS="380" STYLEREFS="StyleId-8D2865AB-F0A3-49CC-A035-D41BACBC1B51-" CS="1">
<String CONTENT="Printed" HEIGHT="52" WIDTH="244" VPOS="1849" HPOS="380"/>
<SP HEIGHT="51" WIDTH="25" VPOS="1850" HPOS="625"/>
<String CONTENT="by" HEIGHT="68" WIDTH="75" VPOS="1850" HPOS="651"/>
<SP HEIGHT="66" WIDTH="29" VPOS="1852" HPOS="727"/>
<String CONTENT="The" HEIGHT="52" WIDTH="120" VPOS="1850" HPOS="757"/>
<SP HEIGHT="51" WIDTH="28" VPOS="1851" HPOS="878"/>
<String CONTENT="Reporter" HEIGHT="66" WIDTH="283" VPOS="1851" HPOS="907"/>
<SP HEIGHT="33" WIDTH="27" VPOS="1868" HPOS="1191"/>
<String LANG="ru" CONTENT="&#1089;&#1086;.," HEIGHT="52" WIDTH="97" VPOS="1867" HPOS="1219"/>
<SP HEIGHT="64" WIDTH="31" VPOS="1855" HPOS="1317"/>
<String CS="1" CONTENT="1929]" HEIGHT="52" WIDTH="134" VPOS="1851" HPOS="1349"/>
</TextLine>
<TextLine HEIGHT="51" WIDTH="897" VPOS="1930" HPOS="457" STYLEREFS="StyleId-8D2865AB-F0A3-49CC-A035-D41BACBC1B51-" CS="1">
<String CONTENT="[3]," HEIGHT="48" WIDTH="71" VPOS="1932" HPOS="457"/>
<SP HEIGHT="48" WIDTH="27" VPOS="1930" HPOS="529"/>
<String CONTENT="iii," HEIGHT="49" WIDTH="69" VPOS="1930" HPOS="557"/>
<SP HEIGHT="31" WIDTH="31" VPOS="1950" HPOS="627"/>
<String CONTENT="[3]-31" HEIGHT="49" WIDTH="145" VPOS="1932" HPOS="659"/>
<SP HEIGHT="47" WIDTH="27" VPOS="1932" HPOS="805"/>
<String LANG="fr" CONTENT="p.," HEIGHT="37" WIDTH="58" VPOS="1942" HPOS="833"/>
<SP HEIGHT="46" WIDTH="27" VPOS="1932" HPOS="892"/>
<String CONTENT="1" HEIGHT="37" WIDTH="24" VPOS="1932" HPOS="920"/>
<SP/>
<String CS="1" CONTENT="l.,"/>
<SP/>
<String CONTENT="10" HEIGHT="40" WIDTH="57" VPOS="1931" HPOS="1050"/>
<SP HEIGHT="48" WIDTH="25" VPOS="1931" HPOS="1108"/>
<String CONTENT="p." HEIGHT="38" WIDTH="44" VPOS="1941" HPOS="1134"/>
<SP HEIGHT="40" WIDTH="58" VPOS="1931" HPOS="1179"/>
<String CS="1" CONTENT="23&#7580;&#7504;." HEIGHT="41" WIDTH="116" VPOS="1931" HPOS="1238"/>
</TextLine>
<TextLine HEIGHT="49" WIDTH="1936" VPOS="1988" HPOS="455">
<String CONTENT="&#8220;Annexed" HEIGHT="38" WIDTH="260" VPOS="1989" HPOS="455"/>
<SP HEIGHT="38" WIDTH="34" VPOS="1989" HPOS="716"/>
<String CONTENT="as" HEIGHT="30" WIDTH="53" VPOS="1998" HPOS="751"/>
<SP HEIGHT="30" WIDTH="36" VPOS="1998" HPOS="805"/>
<String CONTENT="a" HEIGHT="29" WIDTH="25" VPOS="1998" HPOS="842"/>
<SP HEIGHT="29" WIDTH="37" VPOS="1998" HPOS="868"/>
<String CONTENT="supplement" HEIGHT="48" WIDTH="306" VPOS="1989" HPOS="906"/>
<SP HEIGHT="40" WIDTH="33" VPOS="1988" HPOS="1213"/>
<String CONTENT="is" HEIGHT="39" WIDTH="42" VPOS="1988" HPOS="1247"/>
<SP HEIGHT="36" WIDTH="33" VPOS="1991" HPOS="1290"/>
<String CONTENT="the" HEIGHT="38" WIDTH="82" VPOS="1989" HPOS="1324"/>
<SP HEIGHT="38" WIDTH="32" VPOS="1989" HPOS="1407"/>
<String CONTENT="Agricultural" HEIGHT="48" WIDTH="337" VPOS="1988" HPOS="1440"/>
<SP HEIGHT="37" WIDTH="32" VPOS="1990" HPOS="1778"/>
<String CONTENT="marketing" HEIGHT="48" WIDTH="277" VPOS="1988" HPOS="1811"/>
<SP HEIGHT="38" WIDTH="33" VPOS="1998" HPOS="2089"/>
<String CONTENT="act," HEIGHT="46" WIDTH="91" VPOS="1989" HPOS="2123"/>
<SP HEIGHT="46" WIDTH="36" VPOS="1989" HPOS="2215"/>
<String CONTENT="being" HEIGHT="47" WIDTH="139" VPOS="1988" HPOS="2252"/>
</TextLine>
<TextLine HEIGHT="49" WIDTH="2008" VPOS="2044" HPOS="384">
<String CONTENT="the" HEIGHT="39" WIDTH="83" VPOS="2046" HPOS="384"/>
<SP HEIGHT="37" WIDTH="33" VPOS="2056" HPOS="468"/>
<String CONTENT="government" HEIGHT="46" WIDTH="312" VPOS="2047" HPOS="502"/>
<SP HEIGHT="46" WIDTH="38" VPOS="2047" HPOS="815"/>
<String CONTENT="print" HEIGHT="48" WIDTH="134" VPOS="2045" HPOS="854"/>
<SP HEIGHT="38" WIDTH="34" VPOS="2047" HPOS="989"/>
<String CONTENT="of" HEIGHT="39" WIDTH="51" VPOS="2045" HPOS="1024"/>
<SP HEIGHT="39" WIDTH="36" VPOS="2045" HPOS="1076"/>
<String CONTENT="Public" HEIGHT="40" WIDTH="169" VPOS="2045" HPOS="1113"/>
<SP HEIGHT="39" WIDTH="36" VPOS="2046" HPOS="1283"/>
<String CONTENT="law" HEIGHT="39" WIDTH="96" VPOS="2046" HPOS="1320"/>
<SP HEIGHT="29" WIDTH="34" VPOS="2056" HPOS="1417"/>
<String CONTENT="no." HEIGHT="29" WIDTH="76" VPOS="2056" HPOS="1452"/>
<SP HEIGHT="39" WIDTH="35" VPOS="2046" HPOS="1529"/>
<String CONTENT="30." HEIGHT="41" WIDTH="69" VPOS="2046" HPOS="1565"/>
<SP HEIGHT="39" WIDTH="38" VPOS="2048" HPOS="1635"/>
<String CONTENT="71st" HEIGHT="39" WIDTH="105" VPOS="2047" HPOS="1674"/>
<SP HEIGHT="41" WIDTH="37" VPOS="2046" HPOS="1780"/>
<String CONTENT="Congress," HEIGHT="47" WIDTH="252" VPOS="2046" HPOS="1818"/>
<SP HEIGHT="38" WIDTH="38" VPOS="2055" HPOS="2071"/>
<String CONTENT="an" HEIGHT="29" WIDTH="63" VPOS="2055" HPOS="2110"/>
<SP HEIGHT="29" WIDTH="35" VPOS="2055" HPOS="2174"/>
<String CONTENT="act" HEIGHT="37" WIDTH="79" VPOS="2048" HPOS="2210"/>
<SP HEIGHT="41" WIDTH="39" VPOS="2044" HPOS="2290"/>
<String CONTENT="&#8216;to" HEIGHT="41" WIDTH="62" VPOS="2044" HPOS="2330"/>
</TextLine>
<TextLine HEIGHT="49" WIDTH="1460" VPOS="2102" HPOS="383" CS="1">
<String CONTENT="establish" HEIGHT="41" WIDTH="236" VPOS="2102" HPOS="383"/>
<SP HEIGHT="39" WIDTH="31" VPOS="2103" HPOS="620"/>
<String CONTENT="a" HEIGHT="29" WIDTH="27" VPOS="2113" HPOS="652"/>
<SP HEIGHT="40" WIDTH="33" VPOS="2102" HPOS="680"/>
<String CONTENT="Federal" HEIGHT="40" WIDTH="206" VPOS="2102" HPOS="714"/>
<SP HEIGHT="39" WIDTH="29" VPOS="2102" HPOS="921"/>
<String CONTENT="farm" HEIGHT="39" WIDTH="132" VPOS="2102" HPOS="951"/>
<SP HEIGHT="38" WIDTH="30" VPOS="2103" HPOS="1084"/>
<String CONTENT="hoard" HEIGHT="39" WIDTH="151" VPOS="2103" HPOS="1115"/>
<SP HEIGHT="38" WIDTH="36" VPOS="2104" HPOS="1267"/>
<String CS="1" CONTENT="&#8230;&#8217;&#8221;" HEIGHT="16" WIDTH="51" VPOS="2102" HPOS="1359"/>
<SP HEIGHT="49" WIDTH="42" VPOS="2102" HPOS="1411"/>
<String CONTENT="(10" HEIGHT="49" WIDTH="81" VPOS="2102" HPOS="1454"/>
<SP HEIGHT="49" WIDTH="29" VPOS="2102" HPOS="1536"/>
<String CONTENT="p." HEIGHT="38" WIDTH="42" VPOS="2113" HPOS="1566"/>
<SP HEIGHT="32" WIDTH="32" VPOS="2113" HPOS="1609"/>
<String CONTENT="at" HEIGHT="38" WIDTH="53" VPOS="2105" HPOS="1642"/>
<SP HEIGHT="38" WIDTH="29" VPOS="2105" HPOS="1696"/>
<String CONTENT="end)" HEIGHT="48" WIDTH="117" VPOS="2102" HPOS="1726"/>
</TextLine>
<TextLine HEIGHT="53" WIDTH="2000" VPOS="2155" HPOS="387" CS="1">
<String CONTENT="&#169;" HEIGHT="52" WIDTH="52" VPOS="2155" HPOS="387"/>
<SP HEIGHT="52" WIDTH="23" VPOS="2155" HPOS="440"/>
<String CONTENT="July" HEIGHT="48" WIDTH="116" VPOS="2159" HPOS="464"/>
<SP HEIGHT="47" WIDTH="22" VPOS="2160" HPOS="581"/>
<String CONTENT="26," HEIGHT="47" WIDTH="70" VPOS="2160" HPOS="604"/>
<SP HEIGHT="47" WIDTH="23" VPOS="2160" HPOS="675"/>
<String CONTENT="1929;" HEIGHT="47" WIDTH="141" VPOS="2159" HPOS="699"/>
<SP HEIGHT="46" WIDTH="25" VPOS="2160" HPOS="841"/>
<String CONTENT="2c." HEIGHT="39" WIDTH="68" VPOS="2160" HPOS="867"/>
<SP HEIGHT="29" WIDTH="24" VPOS="2170" HPOS="936"/>
<String CONTENT="and" HEIGHT="39" WIDTH="97" VPOS="2160" HPOS="961"/>
<SP HEIGHT="39" WIDTH="24" VPOS="2160" HPOS="1059"/>
<String CONTENT="aff." HEIGHT="41" WIDTH="82" VPOS="2159" HPOS="1084"/>
<SP HEIGHT="40" WIDTH="24" VPOS="2160" HPOS="1167"/>
<String CONTENT="July" HEIGHT="47" WIDTH="115" VPOS="2160" HPOS="1192"/>
<SP HEIGHT="47" WIDTH="24" VPOS="2160" HPOS="1308"/>
<String CONTENT="26;" HEIGHT="47" WIDTH="82" VPOS="2160" HPOS="1333"/>
<SP HEIGHT="47" WIDTH="25" VPOS="2160" HPOS="1416"/>
<!-- cceid A446A8C9-6CFA-1014-9C3C-CEA95E7AA542 --><String CONTENT="A" HEIGHT="39" WIDTH="41" VPOS="2160" HPOS="1442"/>
<SP HEIGHT="39" WIDTH="24" VPOS="2160" HPOS="1484"/>
<String CS="1" CONTENT="11406;" HEIGHT="40" WIDTH="148" VPOS="2159" HPOS="1509"/>
<SP/>
<String CONTENT="J." HEIGHT="40" WIDTH="44" VPOS="2160" HPOS="1710"/>
<SP HEIGHT="40" WIDTH="24" VPOS="2160" HPOS="1755"/>
<String CONTENT="Nicolson," HEIGHT="48" WIDTH="242" VPOS="2160" HPOS="1780"/>
<SP HEIGHT="48" WIDTH="25" VPOS="2160" HPOS="2023"/>
<String CONTENT="Washington." HEIGHT="47" WIDTH="338" VPOS="2159" HPOS="2049"/>
</TextLine>
<TextLine HEIGHT="49" WIDTH="281" VPOS="2216" HPOS="463">
<String CONTENT="(29-18522)" HEIGHT="49" WIDTH="281" VPOS="2216" HPOS="463"/>
</TextLine>
<TextLine HEIGHT="65" WIDTH="1107" VPOS="2296" HPOS="384" STYLEREFS="StyleId-4CED0F83-A6DD-4412-91EB-D4E0493654E4-">
<String LANG="de" CONTENT="Nordhoff," HEIGHT="64" WIDTH="314" VPOS="2297" HPOS="384"/>
<SP HEIGHT="63" WIDTH="27" VPOS="2298" HPOS="699"/>
<String LANG="en-US" CONTENT="Charles" HEIGHT="55" WIDTH="248" VPOS="2296" HPOS="727"/>
<SP HEIGHT="52" WIDTH="24" VPOS="2297" HPOS="976"/>
<String LANG="en-US" CONTENT="Bernard," HEIGHT="63" WIDTH="289" VPOS="2297" HPOS="1001"/>
<SP HEIGHT="56" WIDTH="30" VPOS="2304" HPOS="1291"/>
<String LANG="en-US" CONTENT="1887-" HEIGHT="50" WIDTH="169" VPOS="2301" HPOS="1322"/>
</TextLine>
<TextLine HEIGHT="70" WIDTH="1933" VPOS="2375" HPOS="459" STYLEREFS="StyleId-8D2865AB-F0A3-49CC-A035-D41BACBC1B51-">
<String CONTENT="Falcons" HEIGHT="54" WIDTH="243" VPOS="2376" HPOS="459"/>
<SP HEIGHT="35" WIDTH="33" VPOS="2395" HPOS="703"/>
<String CONTENT="of" HEIGHT="52" WIDTH="64" VPOS="2377" HPOS="737"/>
<SP HEIGHT="52" WIDTH="31" VPOS="2376" HPOS="802"/>
<String CONTENT="France," HEIGHT="69" WIDTH="238" VPOS="2376" HPOS="834"/>
<SP HEIGHT="51" WIDTH="33" VPOS="2394" HPOS="1073"/>
<String CONTENT="a" HEIGHT="33" WIDTH="31" VPOS="2394" HPOS="1107"/>
<SP HEIGHT="46" WIDTH="31" VPOS="2381" HPOS="1139"/>
<String CONTENT="tale" HEIGHT="53" WIDTH="113" VPOS="2376" HPOS="1171"/>
<SP HEIGHT="34" WIDTH="33" VPOS="2395" HPOS="1285"/>
<String CONTENT="of" HEIGHT="52" WIDTH="63" VPOS="2377" HPOS="1319"/>
<SP HEIGHT="68" WIDTH="31" VPOS="2377" HPOS="1383"/>
<String CONTENT="youth" HEIGHT="68" WIDTH="179" VPOS="2377" HPOS="1415"/>
<SP HEIGHT="52" WIDTH="35" VPOS="2377" HPOS="1595"/>
<String CONTENT="and" HEIGHT="52" WIDTH="114" VPOS="2378" HPOS="1631"/>
<SP HEIGHT="52" WIDTH="32" VPOS="2378" HPOS="1746"/>
<String CONTENT="the" HEIGHT="52" WIDTH="95" VPOS="2377" HPOS="1779"/>
<SP HEIGHT="33" WIDTH="30" VPOS="2396" HPOS="1875"/>
<String CONTENT="air," HEIGHT="68" WIDTH="104" VPOS="2376" HPOS="1906"/>
<SP HEIGHT="68" WIDTH="32" VPOS="2376" HPOS="2011"/>
<String CONTENT="by" HEIGHT="69" WIDTH="76" VPOS="2376" HPOS="2044"/>
<SP HEIGHT="70" WIDTH="34" VPOS="2375" HPOS="2121"/>
<String CONTENT="Charles" HEIGHT="54" WIDTH="236" VPOS="2375" HPOS="2156"/>
</TextLine>
<TextLine HEIGHT="71" WIDTH="2004" VPOS="2452" HPOS="385" STYLEREFS="StyleId-8D2865AB-F0A3-49CC-A035-D41BACBC1B51-">
<String LANG="de" CONTENT="Nordhoff" HEIGHT="55" WIDTH="286" VPOS="2452" HPOS="385"/>
<SP HEIGHT="55" WIDTH="40" VPOS="2452" HPOS="672"/>
<String CONTENT="and" HEIGHT="51" WIDTH="113" VPOS="2456" HPOS="713"/>
<SP HEIGHT="52" WIDTH="38" VPOS="2455" HPOS="827"/>
<String CONTENT="James" HEIGHT="52" WIDTH="196" VPOS="2455" HPOS="866"/>
<SP HEIGHT="53" WIDTH="40" VPOS="2454" HPOS="1063"/>
<String CONTENT="Norman" HEIGHT="53" WIDTH="257" VPOS="2454" HPOS="1104"/>
<SP HEIGHT="53" WIDTH="37" VPOS="2454" HPOS="1362"/>
<String CONTENT="Hall," HEIGHT="69" WIDTH="162" VPOS="2454" HPOS="1400"/>
<SP HEIGHT="50" WIDTH="37" VPOS="2473" HPOS="1563"/>
<String CONTENT="with" HEIGHT="53" WIDTH="141" VPOS="2454" HPOS="1601"/>
<SP HEIGHT="51" WIDTH="41" VPOS="2456" HPOS="1743"/>
<String CONTENT="illustrations" HEIGHT="53" WIDTH="381" VPOS="2454" HPOS="1785"/>
<SP HEIGHT="54" WIDTH="35" VPOS="2453" HPOS="2167"/>
<String CONTENT="by" HEIGHT="69" WIDTH="76" VPOS="2453" HPOS="2203"/>
<SP HEIGHT="69" WIDTH="38" VPOS="2453" HPOS="2280"/>
<String CONTENT="A." HEIGHT="52" WIDTH="70" VPOS="2453" HPOS="2319"/>
</TextLine>
<TextLine HEIGHT="70" WIDTH="1741" VPOS="2531" HPOS="386" STYLEREFS="StyleId-8D2865AB-F0A3-49CC-A035-D41BACBC1B51-">
<String LANG="fr" CONTENT="Vimn&#232;ra." HEIGHT="54" WIDTH="290" VPOS="2531" HPOS="386"/>
<SP HEIGHT="50" WIDTH="75" VPOS="2533" HPOS="677"/>
<String CONTENT="Boston," HEIGHT="67" WIDTH="235" VPOS="2533" HPOS="753"/>
<SP HEIGHT="68" WIDTH="28" VPOS="2532" HPOS="989"/>
<String CONTENT="Little," HEIGHT="69" WIDTH="196" VPOS="2532" HPOS="1018"/>
<SP HEIGHT="67" WIDTH="29" VPOS="2534" HPOS="1215"/>
<String CONTENT="Brown," HEIGHT="67" WIDTH="230" VPOS="2534" HPOS="1245"/>
<SP HEIGHT="50" WIDTH="27" VPOS="2551" HPOS="1476"/>
<String CONTENT="and" HEIGHT="51" WIDTH="113" VPOS="2534" HPOS="1504"/>
<SP HEIGHT="51" WIDTH="27" VPOS="2534" HPOS="1618"/>
<String CONTENT="company," HEIGHT="51" WIDTH="300" VPOS="2550" HPOS="1646"/>
<SP HEIGHT="64" WIDTH="29" VPOS="2537" HPOS="1947"/>
<String CONTENT="1929." HEIGHT="51" WIDTH="150" VPOS="2534" HPOS="1977"/>
</TextLine>
<TextLine HEIGHT="48" WIDTH="1195" VPOS="2612" HPOS="451" CS="1">
<String CONTENT="6" HEIGHT="40" WIDTH="27" VPOS="2612" HPOS="451"/>
<SP/>
<String CONTENT="p." HEIGHT="36" WIDTH="42" VPOS="2623" HPOS="501"/>
<SP/>
<String CS="1" CONTENT="l.,"/>
<SP/>
<String CONTENT="332" HEIGHT="39" WIDTH="85" VPOS="2613" HPOS="641"/>
<SP HEIGHT="47" WIDTH="25" VPOS="2613" HPOS="727"/>
<String CONTENT="p." HEIGHT="37" WIDTH="42" VPOS="2623" HPOS="753"/>
<SP HEIGHT="31" WIDTH="53" VPOS="2622" HPOS="796"/>
<String CONTENT="col." HEIGHT="39" WIDTH="87" VPOS="2613" HPOS="850"/>
<SP HEIGHT="40" WIDTH="24" VPOS="2612" HPOS="938"/>
<String CONTENT="front.," HEIGHT="47" WIDTH="166" VPOS="2612" HPOS="963"/>
<SP HEIGHT="37" WIDTH="25" VPOS="2622" HPOS="1130"/>
<String CONTENT="col." HEIGHT="40" WIDTH="85" VPOS="2612" HPOS="1156"/>
<SP HEIGHT="37" WIDTH="26" VPOS="2623" HPOS="1242"/>
<String CONTENT="plates." HEIGHT="47" WIDTH="173" VPOS="2613" HPOS="1269"/>
<SP HEIGHT="41" WIDTH="53" VPOS="2612" HPOS="1443"/>
<String CS="1" CONTENT="21&#189;&#7580;&#7504;." HEIGHT="40" WIDTH="149" VPOS="2612" HPOS="1497"/>
</TextLine>
<TextLine HEIGHT="52" WIDTH="1891" VPOS="2666" HPOS="387" CS="1">
<String CONTENT="&#169;" HEIGHT="45" WIDTH="52" VPOS="2666" HPOS="387"/>
<SP HEIGHT="45" WIDTH="29" VPOS="2666" HPOS="440"/>
<String CONTENT="Sept." HEIGHT="47" WIDTH="128" VPOS="2670" HPOS="470"/>
<SP HEIGHT="39" WIDTH="25" VPOS="2671" HPOS="599"/>
<String CONTENT="6," HEIGHT="46" WIDTH="39" VPOS="2671" HPOS="625"/>
<SP HEIGHT="46" WIDTH="26" VPOS="2671" HPOS="665"/>
<String CS="1" CONTENT="1929;" HEIGHT="39" WIDTH="114" VPOS="2670" HPOS="692"/>
<SP HEIGHT="45" WIDTH="25" VPOS="2671" HPOS="834"/>
<String CONTENT="2c." HEIGHT="40" WIDTH="70" VPOS="2671" HPOS="860"/>
<SP HEIGHT="30" WIDTH="24" VPOS="2681" HPOS="931"/>
<String CONTENT="and" HEIGHT="38" WIDTH="98" VPOS="2671" HPOS="956"/>
<SP HEIGHT="38" WIDTH="25" VPOS="2671" HPOS="1055"/>
<String CONTENT="aff." HEIGHT="41" WIDTH="82" VPOS="2669" HPOS="1081"/>
<SP HEIGHT="41" WIDTH="28" VPOS="2670" HPOS="1164"/>
<String CONTENT="Sept." HEIGHT="48" WIDTH="129" VPOS="2670" HPOS="1193"/>
<SP HEIGHT="41" WIDTH="26" VPOS="2670" HPOS="1323"/>
<String CS="1" CONTENT="13;" HEIGHT="40" WIDTH="55" VPOS="2670" HPOS="1350"/>
<SP HEIGHT="46" WIDTH="28" VPOS="2670" HPOS="1432"/>
<!-- cceid A4471B34-6CFA-1014-9C3C-CEA95E7AA542 --><String CONTENT="A" HEIGHT="39" WIDTH="42" VPOS="2670" HPOS="1461"/>
<SP HEIGHT="39" WIDTH="25" VPOS="2670" HPOS="1504"/>
<String CS="1" CONTENT="13309;" HEIGHT="42" WIDTH="145" VPOS="2668" HPOS="1530"/>
<SP HEIGHT="47" WIDTH="28" VPOS="2670" HPOS="1703"/>
<String CONTENT="Little," HEIGHT="47" WIDTH="163" VPOS="2670" HPOS="1732"/>
<SP HEIGHT="46" WIDTH="28" VPOS="2671" HPOS="1896"/>
<String CONTENT="Brown," HEIGHT="47" WIDTH="192" VPOS="2671" HPOS="1925"/>
<SP HEIGHT="49" WIDTH="27" VPOS="2669" HPOS="2118"/>
<String CONTENT="&amp;" HEIGHT="40" WIDTH="37" VPOS="2669" HPOS="2146"/>
<SP HEIGHT="40" WIDTH="25" VPOS="2669" HPOS="2184"/>
<String LANG="ru" CONTENT="&#1089;&#1086;." HEIGHT="30" WIDTH="68" VPOS="2680" HPOS="2210"/>
</TextLine>
<TextLine HEIGHT="51" WIDTH="1718" VPOS="2724" HPOS="465">
<String CONTENT="(29-18553)" HEIGHT="50" WIDTH="280" VPOS="2725" HPOS="465"/>
<SP HEIGHT="50" WIDTH="1437" VPOS="2724" HPOS="746"/>
</TextLine>
<TextLine HEIGHT="70" WIDTH="959" VPOS="2807" HPOS="378" STYLEREFS="StyleId-4CED0F83-A6DD-4412-91EB-D4E0493654E4-">
<String CONTENT="Nottingham," HEIGHT="63" WIDTH="418" VPOS="2807" HPOS="378"/>
<SP HEIGHT="62" WIDTH="30" VPOS="2808" HPOS="797"/>
<String CONTENT="Stratton," HEIGHT="62" WIDTH="295" VPOS="2808" HPOS="828"/>
<SP HEIGHT="42" WIDTH="33" VPOS="2828" HPOS="1124"/>
<String CONTENT="comp." HEIGHT="49" WIDTH="179" VPOS="2828" HPOS="1158"/>
</TextLine>
<TextLine HEIGHT="70" WIDTH="1940" VPOS="2885" HPOS="452" STYLEREFS="StyleId-8D2865AB-F0A3-49CC-A035-D41BACBC1B51-">
<String CONTENT="Certificates" HEIGHT="53" WIDTH="353" VPOS="2886" HPOS="452"/>
<SP HEIGHT="32" WIDTH="38" VPOS="2906" HPOS="806"/>
<String CONTENT="and" HEIGHT="50" WIDTH="112" VPOS="2888" HPOS="845"/>
<SP HEIGHT="50" WIDTH="41" VPOS="2888" HPOS="958"/>
<String CONTENT="rights," HEIGHT="66" WIDTH="204" VPOS="2886" HPOS="1000"/>
<SP HEIGHT="65" WIDTH="35" VPOS="2887" HPOS="1205"/>
<String CONTENT="Accomack" HEIGHT="52" WIDTH="321" VPOS="2886" HPOS="1241"/>
<SP HEIGHT="54" WIDTH="41" VPOS="2886" HPOS="1563"/>
<String CONTENT="County," HEIGHT="69" WIDTH="245" VPOS="2886" HPOS="1605"/>
<SP HEIGHT="69" WIDTH="37" VPOS="2886" HPOS="1851"/>
<String CONTENT="Virginia," HEIGHT="69" WIDTH="289" VPOS="2885" HPOS="1889"/>
<SP HEIGHT="64" WIDTH="41" VPOS="2890" HPOS="2179"/>
<String CONTENT="1663-" HEIGHT="48" WIDTH="171" VPOS="2888" HPOS="2221"/>
</TextLine>
<TextLine HEIGHT="69" WIDTH="2007" VPOS="2963" HPOS="383" STYLEREFS="StyleId-8D2865AB-F0A3-49CC-A035-D41BACBC1B51-" CS="1">
<String CONTENT="1709," HEIGHT="58" WIDTH="152" VPOS="2965" HPOS="383"/>
<SP HEIGHT="40" WIDTH="36" VPOS="2983" HPOS="536"/>
<String CONTENT="compiled" HEIGHT="67" WIDTH="282" VPOS="2964" HPOS="573"/>
<SP HEIGHT="51" WIDTH="37" VPOS="2965" HPOS="856"/>
<String CONTENT="by" HEIGHT="53" WIDTH="73" VPOS="2965" HPOS="894"/>
<SP HEIGHT="54" WIDTH="42" VPOS="2964" HPOS="968"/>
<String CONTENT="Stratton" HEIGHT="53" WIDTH="262" VPOS="2964" HPOS="1011"/>
<SP HEIGHT="52" WIDTH="39" VPOS="2964" HPOS="1274"/>
<String CONTENT="Nottingham" HEIGHT="67" WIDTH="385" VPOS="2964" HPOS="1314"/>
<SP HEIGHT="33" WIDTH="40" VPOS="2983" HPOS="1700"/>
<String CS="1" CONTENT="&#8230;"/>
<SP HEIGHT="33" WIDTH="84" VPOS="2997" HPOS="1797"/>
<String CS="1" CONTENT="[Onancock," HEIGHT="69" WIDTH="324" VPOS="2963" HPOS="1902"/>
<SP HEIGHT="69" WIDTH="39" VPOS="2963" HPOS="2227"/>
<String LANG="fr" CONTENT="Va.," HEIGHT="69" WIDTH="123" VPOS="2963" HPOS="2267"/>
</TextLine>
<TextLine HEIGHT="64" WIDTH="151" VPOS="3044" HPOS="384" STYLEREFS="StyleId-8D2865AB-F0A3-49CC-A035-D41BACBC1B51-">
<String CONTENT="1929]" HEIGHT="64" WIDTH="151" VPOS="3044" HPOS="384"/>
</TextLine>
<TextLine HEIGHT="49" WIDTH="853" VPOS="3121" HPOS="455" CS="1">
<String CONTENT="cover-title," HEIGHT="48" WIDTH="285" VPOS="3122" HPOS="455"/>
<SP HEIGHT="47" WIDTH="27" VPOS="3123" HPOS="741"/>
<String CONTENT="2" HEIGHT="38" WIDTH="27" VPOS="3123" HPOS="769"/>
<SP HEIGHT="47" WIDTH="29" VPOS="3123" HPOS="797"/>
<String LANG="fr" CONTENT="p." HEIGHT="37" WIDTH="42" VPOS="3133" HPOS="827"/>
<SP/>
<String LANG="fr" CS="1" CONTENT="l.,"/>
<SP/>
<String CONTENT="91" HEIGHT="40" WIDTH="55" VPOS="3121" HPOS="975"/>
<SP HEIGHT="46" WIDTH="28" VPOS="3123" HPOS="1031"/>
<String CONTENT="p." HEIGHT="37" WIDTH="44" VPOS="3132" HPOS="1060"/>
<SP HEIGHT="40" WIDTH="55" VPOS="3122" HPOS="1105"/>
<String CS="1" CONTENT="26&#189;&#7580;&#7504;." HEIGHT="42" WIDTH="147" VPOS="3121" HPOS="1161"/>
</TextLine>
<TextLine HEIGHT="60" WIDTH="1035" VPOS="3166" HPOS="454">
<String CONTENT="Autographed" HEIGHT="48" WIDTH="347" VPOS="3178" HPOS="454"/>
<SP HEIGHT="51" WIDTH="32" VPOS="3166" HPOS="802"/>
<String CONTENT="from" HEIGHT="52" WIDTH="127" VPOS="3166" HPOS="835"/>
<SP HEIGHT="37" WIDTH="31" VPOS="3180" HPOS="963"/>
<String CONTENT="type-written" HEIGHT="47" WIDTH="331" VPOS="3178" HPOS="995"/>
<SP HEIGHT="28" WIDTH="27" VPOS="3189" HPOS="1327"/>
<String CONTENT="copy." HEIGHT="36" WIDTH="134" VPOS="3189" HPOS="1355"/>
</TextLine>
<TextLine HEIGHT="111" WIDTH="1981" VPOS="3230" HPOS="390" CS="1">
<String CONTENT="&#169;" HEIGHT="53" WIDTH="51" VPOS="3230" HPOS="390"/>
<SP HEIGHT="53" WIDTH="30" VPOS="3230" HPOS="442"/>
<String CONTENT="Aug." HEIGHT="48" WIDTH="120" VPOS="3236" HPOS="473"/>
<SP HEIGHT="40" WIDTH="29" VPOS="3236" HPOS="594"/>
<String CONTENT="26," HEIGHT="48" WIDTH="69" VPOS="3235" HPOS="624"/>
<SP HEIGHT="47" WIDTH="32" VPOS="3236" HPOS="694"/>
<String CS="1" CONTENT="1929;" HEIGHT="39" WIDTH="114" VPOS="3235" HPOS="727"/>
<SP HEIGHT="48" WIDTH="32" VPOS="3235" HPOS="869"/>
<String CONTENT="2c." HEIGHT="41" WIDTH="67" VPOS="3235" HPOS="902"/>
<SP HEIGHT="31" WIDTH="34" VPOS="3245" HPOS="970"/>
<String CONTENT="and" HEIGHT="40" WIDTH="95" VPOS="3236" HPOS="1005"/>
<SP HEIGHT="39" WIDTH="31" VPOS="3236" HPOS="1101"/>
<String CONTENT="aff." HEIGHT="42" WIDTH="82" VPOS="3235" HPOS="1133"/>
<SP HEIGHT="43" WIDTH="34" VPOS="3234" HPOS="1216"/>
<String CONTENT="Sept." HEIGHT="50" WIDTH="130" VPOS="3234" HPOS="1251"/>
<SP HEIGHT="39" WIDTH="29" VPOS="3237" HPOS="1382"/>
<String CS="1" CONTENT="9;" HEIGHT="38" WIDTH="25" VPOS="3237" HPOS="1412"/>
<SP HEIGHT="47" WIDTH="34" VPOS="3236" HPOS="1466"/>
<!-- cceid A4478132-6CFA-1014-9C3C-CEA95E7AA542 --><String CONTENT="A" HEIGHT="39" WIDTH="40" VPOS="3236" HPOS="1501"/>
<SP HEIGHT="39" WIDTH="31" VPOS="3236" HPOS="1542"/>
<String CS="1" CONTENT="13080;" HEIGHT="42" WIDTH="146" VPOS="3234" HPOS="1574"/>
<SP HEIGHT="47" WIDTH="37" VPOS="3235" HPOS="1746"/>
<String CONTENT="S." HEIGHT="41" WIDTH="43" VPOS="3235" HPOS="1784"/>
<SP HEIGHT="40" WIDTH="32" VPOS="3236" HPOS="1828"/>
<String CONTENT="Nottingham," HEIGHT="48" WIDTH="334" VPOS="3235" HPOS="1861"/>
<SP HEIGHT="49" WIDTH="33" VPOS="3234" HPOS="2196"/>
<String CONTENT="Onancock," HEIGHT="107" WIDTH="1915" VPOS="3234" HPOS="456"/>
<SP HEIGHT="48" WIDTH="28" VPOS="3293" HPOS="585"/>
<String LANG="fr" CONTENT="Va." HEIGHT="40" WIDTH="86" VPOS="3293" HPOS="614"/>
</TextLine>
<TextLine HEIGHT="65" WIDTH="801" VPOS="3373" HPOS="385" STYLEREFS="StyleId-4CED0F83-A6DD-4412-91EB-D4E0493654E4-">
<String CONTENT="Offel" HEIGHT="53" WIDTH="99" VPOS="3373" HPOS="385"/>
<SP HEIGHT="53" WIDTH="1" VPOS="3373" HPOS="485"/>
<String CONTENT="," HEIGHT="64" WIDTH="70" VPOS="3374" HPOS="487"/>
<SP HEIGHT="63" WIDTH="28" VPOS="3375" HPOS="558"/>
<String CONTENT="Horace" HEIGHT="52" WIDTH="229" VPOS="3375" HPOS="587"/>
<SP HEIGHT="35" WIDTH="29" VPOS="3391" HPOS="817"/>
<String CONTENT="van," HEIGHT="48" WIDTH="134" VPOS="3390" HPOS="847"/>
<SP HEIGHT="58" WIDTH="32" VPOS="3380" HPOS="982"/>
<String CONTENT="1876-" HEIGHT="54" WIDTH="171" VPOS="3374" HPOS="1015"/>
</TextLine>
<TextLine HEIGHT="68" WIDTH="1867" VPOS="3451" HPOS="517" STYLEREFS="StyleId-8D2865AB-F0A3-49CC-A035-D41BACBC1B51-" CS="1">
<String CS="1" CONTENT="&#8230;"/>
<SP HEIGHT="54" WIDTH="36" VPOS="3451" HPOS="517"/>
<String CONTENT="Sylvia" HEIGHT="68" WIDTH="201" VPOS="3451" HPOS="554"/>
<SP HEIGHT="34" WIDTH="26" VPOS="3470" HPOS="756"/>
<String LANG="fr" CONTENT="et" HEIGHT="47" WIDTH="57" VPOS="3457" HPOS="783"/>
<SP HEIGHT="51" WIDTH="25" VPOS="3453" HPOS="841"/>
<String LANG="fr" CONTENT="le" HEIGHT="51" WIDTH="50" VPOS="3453" HPOS="867"/>
<SP HEIGHT="34" WIDTH="28" VPOS="3470" HPOS="918"/>
<String CONTENT="cremnobate," HEIGHT="68" WIDTH="376" VPOS="3451" HPOS="947"/>
<SP HEIGHT="48" WIDTH="28" VPOS="3471" HPOS="1324"/>
<String CONTENT="roman." HEIGHT="34" WIDTH="215" VPOS="3470" HPOS="1353"/>
<SP HEIGHT="51" WIDTH="74" VPOS="3453" HPOS="1569"/>
<String CONTENT="Paris," HEIGHT="67" WIDTH="187" VPOS="3452" HPOS="1644"/>
<SP HEIGHT="67" WIDTH="27" VPOS="3452" HPOS="1832"/>
<String CONTENT="A." HEIGHT="51" WIDTH="69" VPOS="3452" HPOS="1860"/>
<SP HEIGHT="50" WIDTH="31" VPOS="3453" HPOS="1930"/>
<String CONTENT="Michel" HEIGHT="54" WIDTH="213" VPOS="3452" HPOS="1962"/>
<SP HEIGHT="63" WIDTH="36" VPOS="3455" HPOS="2176"/>
<String CS="1" CONTENT="[1929]" HEIGHT="64" WIDTH="151" VPOS="3454" HPOS="2233"/>
</TextLine>
<TextLine HEIGHT="77" WIDTH="764" VPOS="3505" HPOS="450" CS="1">
<String LANG="en-US" CONTENT="4" HEIGHT="38" WIDTH="29" VPOS="3535" HPOS="450"/>
<SP HEIGHT="46" WIDTH="21" VPOS="3535" HPOS="480"/>
<String LANG="fr" CONTENT="p." HEIGHT="36" WIDTH="43" VPOS="3545" HPOS="502"/>
<SP HEIGHT="39" WIDTH="20" VPOS="3535" HPOS="546"/>
<String LANG="fr" CS="1" CONTENT="l.,"/>
<SP HEIGHT="77" WIDTH="23" VPOS="3505" HPOS="618"/>
<String LANG="en-US" CS="1" CONTENT="[11]-249" HEIGHT="49" WIDTH="208" VPOS="3533" HPOS="642"/>
<SP HEIGHT="49" WIDTH="22" VPOS="3533" HPOS="851"/>
<String LANG="fr" CONTENT="p.," HEIGHT="37" WIDTH="56" VPOS="3545" HPOS="874"/>
<SP HEIGHT="46" WIDTH="24" VPOS="3536" HPOS="931"/>
<String LANG="en-US" CONTENT="1" HEIGHT="37" WIDTH="25" VPOS="3536" HPOS="956"/>
<SP HEIGHT="38" WIDTH="25" VPOS="3535" HPOS="982"/>
<String LANG="en-US" CS="1" CONTENT="l." HEIGHT="40" WIDTH="30" VPOS="3535" HPOS="1008"/>
<SP HEIGHT="40" WIDTH="58" VPOS="3535" HPOS="1039"/>
<String LANG="fr" CONTENT="19" HEIGHT="40" WIDTH="59" VPOS="3534" HPOS="1098"/>
<String LANG="en-US" CS="1" CONTENT="&#7580;&#7504;"/>
<String LANG="fr" CONTENT="." HEIGHT="9" WIDTH="8" VPOS="3567" HPOS="1206"/>
</TextLine>
<TextLine HEIGHT="109" WIDTH="1745" VPOS="3586" HPOS="389" CS="1">
<String CONTENT="&#169;" HEIGHT="52" WIDTH="52" VPOS="3586" HPOS="389"/>
<SP HEIGHT="52" WIDTH="29" VPOS="3586" HPOS="442"/>
<String CONTENT="Mar." HEIGHT="39" WIDTH="122" VPOS="3592" HPOS="472"/>
<SP HEIGHT="39" WIDTH="27" VPOS="3592" HPOS="595"/>
<String CONTENT="15," HEIGHT="47" WIDTH="68" VPOS="3591" HPOS="623"/>
<SP HEIGHT="47" WIDTH="28" VPOS="3591" HPOS="692"/>
<String CONTENT="1929;" HEIGHT="48" WIDTH="139" VPOS="3589" HPOS="721"/>
<SP HEIGHT="43" WIDTH="32" VPOS="3594" HPOS="861"/>
<String CONTENT="1c." HEIGHT="37" WIDTH="66" VPOS="3594" HPOS="894"/>
<SP HEIGHT="39" WIDTH="30" VPOS="3592" HPOS="961"/>
<String CONTENT="May" HEIGHT="46" WIDTH="114" VPOS="3592" HPOS="992"/>
<SP HEIGHT="46" WIDTH="27" VPOS="3592" HPOS="1107"/>
<String CONTENT="17;" HEIGHT="46" WIDTH="81" VPOS="3592" HPOS="1135"/>
<SP HEIGHT="47" WIDTH="32" VPOS="3591" HPOS="1217"/>
<!-- cceid A447F40D-6CFA-1014-9C3C-CEA95E7AA542 --><String CONTENT="A&#8212;Foreign" HEIGHT="48" WIDTH="310" VPOS="3591" HPOS="1250"/>
<SP HEIGHT="39" WIDTH="29" VPOS="3592" HPOS="1561"/>
<String CS="1" CONTENT="3205;" HEIGHT="40" WIDTH="116" VPOS="3591" HPOS="1591"/>
<SP HEIGHT="47" WIDTH="32" VPOS="3591" HPOS="1734"/>
<String LANG="fr" CONTENT="Albin" HEIGHT="40" WIDTH="144" VPOS="3591" HPOS="1767"/>
<SP HEIGHT="37" WIDTH="31" VPOS="3593" HPOS="1912"/>
<String CONTENT="Michel." HEIGHT="40" WIDTH="190" VPOS="3592" HPOS="1944"/>
<SP/>
<String CONTENT="(29-19195)" HEIGHT="49" WIDTH="280" VPOS="3646" HPOS="465"/>
</TextLine>
<TextLine HEIGHT="64" WIDTH="1137" VPOS="3729" HPOS="386" STYLEREFS="StyleId-4CED0F83-A6DD-4412-91EB-D4E0493654E4-">
<String CONTENT="Pence," HEIGHT="63" WIDTH="209" VPOS="3729" HPOS="386"/>
<SP HEIGHT="63" WIDTH="27" VPOS="3729" HPOS="596"/>
<String CONTENT="Raymond" HEIGHT="62" WIDTH="309" VPOS="3729" HPOS="624"/>
<SP HEIGHT="53" WIDTH="27" VPOS="3730" HPOS="934"/>
<String CONTENT="Woodbury," HEIGHT="64" WIDTH="359" VPOS="3729" HPOS="962"/>
<SP HEIGHT="56" WIDTH="29" VPOS="3737" HPOS="1322"/>
<String CONTENT="1885-" HEIGHT="49" WIDTH="171" VPOS="3735" HPOS="1352"/>
</TextLine>
<TextLine HEIGHT="71" WIDTH="1866" VPOS="3806" HPOS="461" STYLEREFS="StyleId-8D2865AB-F0A3-49CC-A035-D41BACBC1B51-" CS="1">
<String CONTENT="College" HEIGHT="69" WIDTH="229" VPOS="3806" HPOS="461"/>
<SP HEIGHT="33" WIDTH="56" VPOS="3826" HPOS="691"/>
<String CONTENT="composition," HEIGHT="68" WIDTH="395" VPOS="3807" HPOS="748"/>
<SP HEIGHT="66" WIDTH="54" VPOS="3809" HPOS="1144"/>
<String CONTENT="by" HEIGHT="68" WIDTH="76" VPOS="3809" HPOS="1199"/>
<SP HEIGHT="68" WIDTH="54" VPOS="3809" HPOS="1276"/>
<String CONTENT="Raymond" HEIGHT="66" WIDTH="302" VPOS="3809" HPOS="1331"/>
<SP HEIGHT="53" WIDTH="56" VPOS="3808" HPOS="1634"/>
<String CONTENT="Woodbury" HEIGHT="69" WIDTH="334" VPOS="3808" HPOS="1691"/>
<SP HEIGHT="68" WIDTH="54" VPOS="3809" HPOS="2026"/>
<String CONTENT="Pence" HEIGHT="50" WIDTH="183" VPOS="3809" HPOS="2081"/>
<SP HEIGHT="33" WIDTH="62" VPOS="3826" HPOS="2265"/>
<String CS="1" CONTENT="&#8230;"/>
</TextLine>
<TextLine HEIGHT="69" WIDTH="1365" VPOS="3885" HPOS="390" STYLEREFS="StyleId-8D2865AB-F0A3-49CC-A035-D41BACBC1B51-">
<String CONTENT="New" HEIGHT="53" WIDTH="139" VPOS="3885" HPOS="390"/>
<SP HEIGHT="51" WIDTH="26" VPOS="3886" HPOS="530"/>
<String CONTENT="York," HEIGHT="67" WIDTH="179" VPOS="3886" HPOS="557"/>
<SP HEIGHT="67" WIDTH="26" VPOS="3886" HPOS="737"/>
<String CONTENT="The" HEIGHT="52" WIDTH="121" VPOS="3886" HPOS="764"/>
<SP HEIGHT="52" WIDTH="24" VPOS="3886" HPOS="886"/>
<String CONTENT="Macmillan" HEIGHT="52" WIDTH="337" VPOS="3886" HPOS="911"/>
<SP HEIGHT="34" WIDTH="27" VPOS="3904" HPOS="1249"/>
<String CONTENT="company," HEIGHT="50" WIDTH="298" VPOS="3904" HPOS="1277"/>
<SP HEIGHT="63" WIDTH="28" VPOS="3890" HPOS="1576"/>
<String CONTENT="1929." HEIGHT="48" WIDTH="150" VPOS="3889" HPOS="1605"/>
</TextLine>
</TextBlock>
</PrintSpace>
</Page>
</Layout>
</alto>