2512 4377
1319 4066 103 52 254

427 505 1180 49 “Addenda et errata”: 1 leaf preceding t.-p.
427 568 126 40 Nine
579 567 51 41 of
656 568 82 39 the
764 565 210 41 sections
1001 565 234 48 preceded
1261 564 61 47 by
1348 562 239 40 half-title
1613 562 86 39 not
1725 560 227 41 included
1981 559 50 40 in
2057 560 83 40 the
2167 559 191 49 paging.

427 626 228 39 Lettered
686 635 60 29 on
776 634 142 29 cover:
979 622 230 46 Compact
1240 620 198 40 edition.

428 680 363 41 Proclamation
818 680 142 39 made
989 688 61 30 on
1081 678 251 45 February
1361 676 40 47 3,
1432 674 128 48 1929,
1593 675 60 46 by
1684 674 83 40 the
1797 683 237 38 governor
2064 672 52 41 of
2147 672 212 48 Florida,

358 738 186 47 stating
569 738 109 39 that
707 737 135 39 these
869 736 122 38 laws
1019 745 84 28 are
1130 734 179 46 hereby
1336 732 210 47 adopted
1575 731 96 39 and
1698 730 370 40 authenticated
2108 729 252 48 (mounted

357 806 61 29 on
452 794 137 40 front
622 791 351 50 lining-paper)

362 848 52 53 ©
443 852 110 40 Feb.
580 853 40 45 4,
649 850 114 40 1929;
819 850 68 40 2c.
915 849 97 39 and
1038 847 82 41 aff.
1150 847 109 39 Feb.
1289 846 26 40 8;
1371 846 42 39 A
1440 844 117 41 5179;
1612 844 244 40 Harrison
1883 854 68 31 co.

442 907 251 50 (29-6135)

356 988 302 63 Garrison,
687 986 256 54 William
972 986 45 53 I.

425 1064 123 53 The
579 1064 243 68 equalist
866 1063 60 67 (a
959 1062 194 67 novel)
1197 1057 1056 72 thrilling—romantic—mysterious,
2287 1056 77 70 by

354 1135 1984 152 William I. Garrison … New York, The Avondale press, incorporated
845 1220 84 64 [ ᶜ19 29]
425 1297 862 53 387, [1] p. front. (port.) 22ᶜᵐ.
365 1354 52 53 ©
445 1358 111 41 Feb.
583 1358 69 47 28,
679 1357 116 40 1929;
849 1357 67 39 2c.
945 1358 122 39 Mar.
1096 1356 26 39 5;
1179 1354 83 42 aff.
1289 1356 122 39 Mar.
1438 1355 26 38 2;
1521 1354 42 39 A
1590 1352 117 42 5689;
1762 1354 250 40 Avondale
2040 1362 149 38 press,
2218 1352 91 40 inc.

443 1414 253 51 (29-6179)

367 1495 244 63 Gerard,
649 1493 233 55 Louise.

432 1573 121 51 The
584 1572 182 52 winds
797 1570 65 53 of
891 1571 199 52 desire.
1163 1570 391 67 [Instalments
1587 1572 82 65 13,
1703 1572 82 63 14]

440 1656 83 48 (In
553 1651 202 43 London
785 1649 207 53 People)

365 1706 1998 54 © 1c. each Feb. 26, 1929; A ad int. 12408; pubd. Dec. 30, 1928, Jan. 6,
433 1768 114 40 1929;
605 1769 51 39 L.
687 1767 200 47 Gerard,
917 1767 214 40 London.

364 1849 201 63 Gibbs,
595 1849 99 53 Sir
722 1847 194 64 Philip
947 1847 324 64 Hamilton,
1306 1848 131 54 1877-

430 1925 308 53 Darkened
782 1943 204 50 rooms,
1029 1925 75 68 by
1146 1924 201 68 Philip
1393 1923 197 55 Gibbs.
1680 1922 234 56 Garden
1961 1923 153 69 City,
2159 1923 69 54 N.
2277 1924 90 67 Y.,

358 2003 359 69 Doubleday,
746 2004 198 51 Doran
974 2005 45 50 &
1046 2020 299 51 company,
1375 2003 128 65 inc.,
1533 2004 150 50 1929.

429 2086 27 38 4
485 2095 43 38 p.
593 2116 7 16 l.,
631 2084 145 41 3-298
805 2095 43 37 p.
938 2083 117 42 19½ᶜᵐ.

367 2138 52 53 ©
450 2143 110 40 Jan.
588 2143 70 45 25,
689 2142 114 40 1929;
861 2143 67 39 2c.
961 2143 96 38 and
1087 2141 82 40 aff.
1202 2142 122 40 Mar.
1355 2141 52 46 8;
1440 2141 42 39 A
1511 2140 141 48 5680;
1686 2140 300 49 Doubleday,
2019 2141 167 40 Doran
2217 2141 36 39 &
2284 2151 82 37 co.,

433 2199 91 41 inc.
594 2199 252 49 (29-6174)

359 2264 262 65 Godwin,
651 2264 158 64 Earl,
844 2269 172 50 1881-

428 2341 179 54 What
637 2341 48 53 is
717 2341 391 68 prohibition?
1190 2342 90 68 By
1313 2342 143 52 Earl
1488 2340 264 56 Godwin.
1828 2342 122 52 The
1983 2348 159 63 story
2175 2341 65 54 of
2273 2344 97 51 the

362 2418 2008 70 growth of the liquor traffic and how the American people
361 2497 202 69 finally
606 2497 165 53 made
814 2497 46 52 it
903 2515 71 34 an
1019 2498 228 51 outlaw.
1325 2497 316 67 Evanston,
1686 2497 114 68 Ill.,
1846 2497 276 53 National
2166 2498 90 54 W.
2305 2497 62 55 C.

361 2574 969 69 T. U. publishing house, ᶜ19 29.
431 2654 555 50 37 p. 23 ᶜᵐ . $0.15
367 2709 52 53 ©
448 2714 110 40 Feb.
587 2715 67 46 14,
683 2713 141 46 1929;
853 2713 68 41 2c.
949 2713 112 41 Feb.
1088 2714 82 46 23;
1201 2713 83 42 aff.
1313 2715 122 39 Mar.
1464 2714 52 46 5;
1547 2715 38 38 A
1614 2713 143 48 4710;
1788 2715 130 41 Natl,
1948 2715 230 41 woman’s
434 2715 1916 95 Christian

572 2773 306 45 temperance
909 2770 163 40 union.
1143 2769 251 50 (29-6121)

368 2837 182 63 Haas,
579 2836 155 54 John
763 2836 318 65 Augustus
1109 2836 274 66 William,
1418 2843 171 50 1862-

433 2914 178 55 What
638 2914 181 69 ought
846 2914 32 52 I
908 2920 58 47 to
994 2914 215 53 believe;
1269 2933 32 34 a
1331 2917 183 51 moral
1543 2921 127 63 test,
1698 2917 76 68 by
1801 2917 158 54 John
1987 2917 72 53 A.
2089 2918 91 54 W.
2208 2918 164 53 Haas

425 2992 1948 71 … Philadelphia, Pa., The United Lutheran publication house
478 3072 85 65 [ ᶜ19 29]
433 3152 56 41 91
526 3164 43 37 p.
629 3153 148 41 19½ᶜᵐ.

371 3205 51 52 ©
451 3208 111 41 Feb.
589 3210 70 46 25,
688 3209 141 47 1929;
859 3211 67 39 2c.
956 3210 121 39 Mar.
1106 3212 51 40 1;
1189 3210 82 41 aff.
1302 3210 110 40 Feb.
1441 3210 83 46 27;
1555 3212 41 38 A
1622 3211 142 47 4694;
1797 3213 164 40 Board
1990 3214 52 38 of
2069 3214 299 47 publication

437 3265 52 40 of
517 3266 83 39 the
633 3266 178 40 United
843 3266 252 40 Lutheran
1127 3266 180 40 church
1340 3267 49 38 in
1421 3267 238 40 America.
1730 3268 252 50 (29-6023)

362 3330 242 64 Haines,
640 3331 129 53 Ella
801 3332 240 55 Wister.

433 3407 347 69 Mysterious
808 3410 353 67 sweetheart,
1190 3410 76 68 by
1298 3411 132 52 Ella
1459 3411 216 54 Wister
1705 3413 235 54 Haines.
2016 3414 139 53 New
2188 3416 181 68 York,

361 3485 887 71 A. L. Burt company [ ᶜ19 29]
432 3566 86 40 342
546 3577 43 37 p.
650 3566 146 41 19½ᶜᵐ.

371 3619 52 52 ©
452 3624 121 40 Mar.
600 3625 40 46 4,
670 3624 115 40 1929;
841 3625 67 40 2c.
938 3626 122 41 Mar.
1088 3626 26 39 5;
1173 3626 83 41 aff.
1285 3627 121 40 Mar.
1437 3626 27 41 6;
1521 3628 41 39 A
1588 3629 120 40 4722;
1762 3630 54 39 A.
1846 3632 50 39 L.
1926 3631 125 40 Burt
2080 3642 66 31 co.

449 3680 251 49 (29-6175)

368 3745 175 63 Harr,
573 3745 229 53 Luther
830 3747 381 67 Armstrong,
1243 3756 171 49 1896-

435 3825 1933 74 Branch banking in England, by Luther A. Harr … with a
366 3901 2005 81 foreword by Edmund Platt … Philadelphia, University of
363 3979 426 71 Pennsylvania
819 4001 173 52 press,
1025 3987 149 51 1929.
