2542 4361
1126 3994 98 50 589

225 427 365 42 “Literature”:
622 439 45 37 p.
697 427 159 42 13-16.

160 494 52 52 ©
246 500 121 39 Mar.
398 499 70 41 11,
498 497 141 48 1920;
674 498 68 40 2c.
774 499 94 39 and
903 497 82 41 aff.
1019 497 113 48 Apr.
1165 496 83 46 20;
1285 496 40 38 A
1358 495 140 42 6666;
1536 495 193 47 Orange
1761 495 130 39 Judd
1925 495 109 47 pub.
2070 507 81 27 co..

224 555 91 39 inc.
383 553 226 48 (20-0737
620 555 14 46 )

155 647 265 63 Prosser,
454 646 245 54 Charles
728 645 189 65 Allen,
951 647 169 54 1871-

226 723 166 52 Have
435 742 81 33 we
556 722 138 69 kept
737 724 95 52 the
877 722 187 53 faith?
1147 722 267 53 America
1460 726 59 48 at
1562 721 96 54 the
1701 721 348 53 cross-roads
2094 721 59 52 in

157 798 1935 71 education, by Charles A. Prosser … and Charles R. Allen …
157 877 1528 70 New York and London, The Century co. [ ᶜ192 9 ]
227 956 1763 52 xvi p., 2 l., 3-429 p. incl. front., 1 illus., diagrs. 21½ ᶜᵐ . $2.75
159 1028 52 52 ©
237 1032 114 47 Apr.
376 1031 70 49 20,
473 1030 140 48 1920;
701 1063 7 8 2c.
736 1032 96 38 and
860 1030 82 42 aff.
970 1031 113 48 Apr.
1110 1031 82 47 23;
1223 1031 41 39 A
1290 1031 141 47 6709;
1462 1030 216 49 Century
1703 1041 68 30 co.

236 1087 250 50 (20-9854)

157 1181 262 64 Redlich,
456 1181 186 64 Josef,
683 1186 171 49 1869-

227 1257 1932 70 Austrian war government, by Joseph Redlich … New
155 1336 225 69 Haven,
422 1335 145 55 Yale
607 1335 322 70 university
969 1355 185 50 press;
1198 1337 261 68 London,
1498 1337 78 53 H.
1617 1335 268 69 Milford,
1928 1336 231 55 Oxford

156 1414 318 69 university
500 1432 155 51 press
686 1413 94 54 for
807 1415 97 53 the
932 1413 282 71 Carnegie
1240 1415 358 53 endowment
1627 1414 94 53 for
1748 1414 410 54 international

156 1510 184 51 peace,
370 1491 267 55 Division
666 1490 66 55 of
761 1493 312 52 economics
1105 1492 114 53 and
1249 1492 240 69 history,
1522 1495 150 50 1929.

227 1575 1933 49 xii p., 2 l., 175 p. 25 ᶜᵐ . [Carnegie endowment for international
158 1642 159 37 peace.
372 1631 222 41 Division
623 1631 53 41 of
702 1630 269 42 economics
999 1632 94 40 and
1122 1631 205 48 history.
1383 1632 257 41 Economic
1667 1631 96 41 and
1791 1631 150 41 social
1970 1631 190 50 history

158 1686 53 42 of
239 1687 81 41 the
349 1688 151 39 world
530 1697 115 30 war.
702 1687 293 41 Translated
1027 1687 96 41 and
1149 1686 234 50 abridged
1413 1687 166 50 series]

162 1753 52 53 ©
242 1758 109 40 Mar
390 1758 39 47 1,
455 1758 141 46 1929;
625 1758 55 39 2c
721 1757 112 48 Apr.
861 1757 82 41 20;
974 1757 83 40 aff.
1086 1758 121 39 Mar.
1237 1757 54 39 14
1349 1756 41 40 A
1417 1757 141 46 7785;
1590 1757 235 47 Carnegie
1853 1758 305 41 endowment

227 1814 81 39 for
336 1814 250 41 internati,
618 1824 159 38 peace.
848 1813 227 49 (29-9754
1086 1813 14 47 )

158 1917 222 64 Reiter,
416 1918 65 54 T.

231 1992 341 69 Zellteilung
606 1993 116 52 und
757 1992 322 69 Strahlung,
1115 2011 111 34 von
1261 1993 85 52 dr.
1380 1993 144 52 med.
1561 1993 66 52 T.
1664 1993 196 53 Reiter
1895 1994 117 52 und
2049 1994 108 53 dr.-

160 2069 2000 70 ing. D. Gabor, mit 212 textbildern und 3 tafeln … Berlin,
160 2148 55 53 J.
251 2147 297 70 Springer,
583 2151 150 51 1928.

231 2200 1411 80 2 p. l., 183, [1] p. illus., III fold. pl., diagrs. 27 ½ ᶜᵐ .
234 2301 336 40 “Literatur”;
601 2301 24 39 1
655 2312 44 37 p.
730 2303 53 39 at
811 2302 107 40 end.

235 2357 323 41 “Sonderheft
618 2359 85 39 der
762 2358 521 41 Wissenschaftlichen
1344 2358 501 48 Veröffentlichungen
1906 2369 89 31 aus
2055 2360 108 40 dem

164 2413 492 43 Siemens-konzern.”

163 2468 52 52 ©
244 2473 128 48 Sept.
398 2473 69 47 25,
493 2473 141 47 1928;
663 2474 66 39 1c.
756 2474 109 40 Jan.
892 2474 39 47 8,
959 2473 141 41 1920;
1130 2473 40 39 A
1172 2472 271 49 —Foreign
1469 2473 140 47 1394;
1639 2473 164 41 Julius
1834 2472 244 49 Springer.

243 2529 251 48 (29-9946)

167 2621 306 64 Richards,
506 2622 229 55 Milton.

232 2699 1929 71 Dick Kent at Half way house, by Milton Richards … New
165 2776 1084 71 York, A. L. Burt company [ ᶜ192 9 ]
235 2858 1873 52 256 p. front. 19 ᶜᵐ . (His Boys of the Royal mounted police series)
165 2911 52 52 ©
246 2916 113 48 Apr.
387 2917 68 41 15.
484 2917 140 48 1920;
654 2918 67 41 2c.
750 2920 95 39 and
873 2918 83 42 aff.
984 2919 115 48 Apr.
1125 2919 84 46 24;
1240 2919 41 38 A
1307 2918 113 40 7669;
1479 2918 54 40 A.
1562 2918 51 41 L.
1641 2919 126 39 Burt
1795 2929 67 30 co.

244 2972 251 50 (20-9722)

164 3066 250 64 Rigdon,
445 3067 320 66 Jonathan,
804 3075 169 49 1858-

235 3143 228 55 Science
494 3147 112 52 and
637 3147 244 69 religion
913 3167 60 33 as
1004 3148 135 68 they
1170 3147 132 53 look
1332 3152 57 47 to
1421 3166 30 33 a
1484 3147 247 68 layman,
1762 3147 76 68 by
1868 3146 296 54 Jonathan

164 3222 1427 71 Rigdon … Danville, Ind., The author, 1928.
231 3305 340 48 136 p. 18 ᶜᵐ .
166 3356 52 52 ©
253 3361 128 40 June
414 3363 68 47 15,
517 3363 114 41 1928;
694 3365 68 39 2c.
797 3365 113 48 Apr.
945 3365 70 47 24,
1053 3364 141 47 1929;
1233 3363 83 41 aff.
1352 3364 113 47 Apr.
1501 3364 83 41 23;
1622 3364 41 39 A
1698 3363 140 47 6730;
1877 3364 44 40 J.
1960 3363 202 47 Rigdon,

234 3417 240 49 Danville,
504 3420 105 40 Ind.
673 3420 254 50 (20-9898)

164 3510 272 65 Righter,
466 3512 276 55 Linwood
773 3515 253 64 Layton,
1060 3520 171 49 1881-

233 3586 176 55 Chatt
439 3588 243 70 Roland,
711 3610 32 33 a
772 3596 159 64 story
961 3592 65 53 of
1053 3591 309 52 American
1390 3591 109 54 fish
1527 3592 232 69 pirates,
1786 3592 76 69 by
1890 3591 279 52 Linwood

159 3664 65 51 L.
258 3664 262 70 Righter,
550 3667 327 55 illustrated
909 3670 76 68 by
1016 3669 289 68 Manning
1333 3669 87 52 De
1452 3670 70 53 V.
1555 3670 124 53 Lee.
1749 3670 234 54 Garden
2018 3669 153 68 City,

162 3741 69 53 N.
263 3742 90 65 Y.,
380 3743 357 71 Doubleday,
766 3747 202 52 Doran
996 3750 46 50 &
1070 3764 298 50 company,
1397 3746 126 68 inc.,
1554 3750 149 50 1929.

234 3824 1020 53 viii p., 1 l., 330 p. col. front. 20½ ᶜᵐ .
165 3874 54 52 ©
246 3879 113 48 Apr.
389 3882 67 42 19,
485 3883 117 41 1920;
657 3885 67 44 2c,
754 3888 96 37 and
879 3885 84 41 aff.
992 3886 115 47 Apr.
1136 3884 82 46 26;
1250 3884 42 39 A
1319 3885 141 39 7711-
1492 3886 299 47 Doubleday,
1823 3888 167 40 Doran
2021 3887 35 39 &
2085 3896 82 35 co.,

233 3934 91 42 inc.
393 3937 249 50 (29-9996)
