2542 4389
1087 4067 134 50 1999

199 498 365 50 312 p. 19 ½ᶜᵐ .
137 545 1978 115 © 1c. Dec. 14, 1929; A ad int. 13383; pubd. Oct. 16; G. C. Foster, London. (29-30411)
134 702 255 66 Frazier,
421 701 274 65 William,
728 705 327 50 1812-1885.

133 774 1981 157 Letters of William Frazier … [Los Angeles, Wetzel publishing со., inc., ᶜ 1929]
245 941 429 51 1 p. l ., 13 p. 18 ᶜᵐ .
201 999 260 41 Foreword
481 999 63 46 by
564 996 137 41 Irvin
722 995 215 41 Frazier.

140 1053 51 52 ©
225 1055 103 42 Oct.
356 1054 70 49 28,
458 1053 114 41 1929;
632 1054 67 39 2c.
730 1052 120 40 Nov.
881 1052 56 38 14;
998 1050 83 41 aff.
1111 1051 119 39 Nov.
1261 1051 27 38 4;
1348 1050 42 39 A
1420 1049 145 40 17418;
1628 1048 135 40 Irvin
1798 1046 212 47 Frazier,
2043 1043 95 43 Los

206 1112 221 49 Angeles.
498 1110 14 39 (
521 1107 258 49 29-30701)

137 1213 213 65 Fuller,
377 1211 258 56 William
664 1211 216 64 Oliver,
911 1216 172 49 1856-

206 1291 53 53 A
301 1290 169 69 night
513 1289 141 53 with
700 1287 276 56 Sherlock
1017 1287 269 66 Holmes;
1333 1305 31 34 a
1406 1305 182 49 paper
1628 1286 135 52 read
1805 1283 199 55 before
2044 1284 98 53 the

137 1372 157 51 12mo
329 1369 146 65 club,
511 1369 74 68 by
620 1366 262 56 William
920 1364 68 56 O.
1028 1365 213 52 Fuller.
1324 1363 384 70 [Cambridge,
1745 1363 192 67 Mass.]
1980 1361 159 54 Priv.

135 1449 194 68 print.,
358 1449 150 53 1929.

202 1528 82 48 vii,
316 1528 72 50 [1],
414 1527 70 48 30,
517 1527 54 49 [2]
601 1537 44 38 p.
704 1526 120 42 20ᶜᵐ.

205 1585 142 39 “Two
390 1584 222 39 hundred
654 1582 161 48 copies
856 1581 53 41 of
951 1581 99 40 this
1093 1581 124 40 book
1258 1590 127 30 were
1428 1579 194 49 printed
1664 1583 52 37 at
1760 1580 81 39 the
1886 1579 255 40 Riverside

133 1652 149 38 press,
315 1640 301 48 Cambridge,
650 1638 403 46 Massachusetts,
1085 1636 50 40 in
1168 1637 277 45 December,
1477 1635 157 42 1929.”

141 1694 52 53 ©
221 1699 113 39 Dec.
362 1699 39 46 7,
430 1696 115 41 1929;
600 1696 69 40 2c.
697 1694 112 42 Dec.
839 1696 55 38 14;
952 1693 82 41 aff.
1064 1695 114 40 Dec.
1205 1694 56 38 12;
1320 1693 42 39 A
1389 1692 143 41 17369;
1592 1694 70 40 W.
1695 1693 52 41 O.
1778 1694 179 45 Fuller,
209 1693 1913 109 Rockland,
374 1755 90 39 Me.
536 1751 282 50 (29-30426)

141 1847 247 69 [Glaser,
413 1847 138 53 Mrs.
582 1844 291 68 Dorothy]

207 1926 248 52 Brother
484 1924 273 54 Anselmo
809 1923 75 70 [by
914 1922 265 70 Dorothy
1211 1921 220 67 Glaser]
1535 1921 139 53 [New
1706 1922 181 70 York,
1915 1923 231 66 Payson

137 2008 45 49 &
212 2003 209 56 Clarke
450 2003 122 67 ltd.,
603 2005 152 65 1929]

206 2085 98 49 135,
331 2085 54 50 [1]
408 2095 57 38 p.,
488 2085 24 39 1
557 2116 6 7 l.
624 2084 129 40 illus.
814 2082 146 42 19½ᶜᵐ.

144 2138 51 52 ©
234 2143 118 39 Nov.
390 2142 70 47 30,
497 2140 117 40 1929;
677 2141 68 40 2c.
784 2141 95 39 and
917 2139 83 41 aff.
1038 2139 113 40 Dec.
1189 2139 53 47 3;
1284 2139 40 38 A
1361 2138 171 48 17409;
1575 2139 58 40 D.
1672 2138 185 49 Glaser,
1897 2138 244 50 Amherst,

213 2198 147 40 Mass.
429 2195 281 51 (29-30696)

141 2290 307 65 Griswold,
476 2291 201 64 Latta,
707 2291 172 54 1876-

211 2370 123 53 The
374 2369 267 70 teaching
681 2369 65 53 of
787 2368 96 54 the
926 2386 209 51 prayer
1175 2368 165 69 book,
1379 2369 75 69 by
1495 2369 99 53 the
1634 2369 298 53 Reverend
1974 2370 174 54 Latta

140 2447 2007 70 Griswold … Milwaukee, Wis., Morehouse publishing со.
146 2530 192 65 [ᶜ1929]

207 2607 509 51 xi, 101, [1] p. 19 ᶜᵐ .
211 2666 128 40 “The
367 2668 105 37 text
499 2664 51 40 of
577 2665 81 39 the
687 2663 189 41 revised
907 2663 257 41 American
1193 2673 177 39 prayer
1398 2663 124 41 book
1550 2663 43 41 is
1621 2665 108 39 that
1757 2666 48 38 to
1835 2664 159 40 which
138 2665 1992 105 ordinarily

325 2722 174 48 appeal
525 2721 42 40 is
594 2721 435 41 made.”—Introd.

147 2775 51 52 ©
237 2779 113 40 Dec.
386 2779 69 46 13,
493 2777 114 41 1929;
672 2778 69 40 2c.
779 2778 97 39 and
914 2777 83 42 aff.
1037 2777 111 41 Dec.
1186 2778 56 39 23;
1309 2778 42 38 A
1388 2777 143 40 16673;
1600 2778 288 40 Morehouse
1926 2778 110 47 pub.
2075 2788 69 30 со.

225 2833 282 51 (29-30690)

143 2928 210 64 Grove,
381 2926 256 55 William
665 2926 236 56 Jarboe.

212 3007 244 69 History
489 3006 63 54 of
586 3005 328 55 Carrollton
945 3025 217 48 manor,
1196 3006 311 54 Frederick
1542 3007 245 70 County,
1819 3008 331 70 Maryland,

143 3083 1982 149 by William Jarboe Grove … Frederick, Md., Marken & Bielfeld,
314 3163 419 68 incorporated,
765 3164 151 52 1928.

248 3275 8 15 x,
285 3243 87 41 496
400 3254 43 38 p.
503 3243 163 47 front.,
696 3243 172 47 plates,
897 3245 163 45 ports.,
1091 3243 191 41 facsim.
1342 3243 146 41 23½ᶜᵐ.

215 3300 205 48 “Giving
449 3300 81 40 the
558 3310 166 30 names
755 3299 52 40 of
837 3300 81 39 the
947 3300 137 46 early
1114 3301 212 47 settlers,
1357 3310 176 38 among
1562 3301 131 39 them
1725 3301 203 41 Charles
1959 3303 190 41 Carroll

143 3355 2007 54 of Carrollton … Additions include many interesting happenings
146 3414 297 47 throughout
472 3412 262 41 Frederick
763 3412 204 48 County.
1023 3413 101 39 The
1153 3413 379 48 revolutionary,
1562 3414 224 41 Mexican
1814 3417 97 39 and
1937 3418 82 39 the
2036 3417 114 42 civil

146 3481 114 37 war,
296 3470 315 40 Middletown
644 3469 171 47 Valley
848 3469 96 39 and
977 3469 82 39 the
1092 3472 111 45 part
1237 3469 39 41 it
1307 3471 175 47 played
1516 3471 50 39 in
1600 3472 79 39 the
1709 3474 136 46 early
1878 3473 191 49 history
2099 3475 53 40 of

146 3529 208 37 western
398 3526 272 47 Maryland,
713 3526 82 39 the
837 3526 133 39 lords
1012 3525 269 41 Baltimore
1324 3527 95 39 and
1462 3528 136 46 early
1640 3528 257 48 Maryland
1943 3531 204 41 colonial

146 3583 204 47 history.
408 3583 101 39 The
541 3582 155 40 Grove
725 3581 190 48 family.
974 3582 40 38 A
1045 3583 234 47 complete
1309 3582 189 49 lineage
1528 3583 52 40 of
1610 3585 80 39 the
1721 3585 180 41 Jarboe
1932 3587 217 49 family.”

155 3636 51 52 ©
243 3640 119 41 Nov.
400 3638 69 48 30,
508 3638 115 40 1929;
686 3639 69 40 2c.
792 3640 95 38 and
925 3637 81 40 aff.
1048 3639 110 39 Dec.
1195 3638 84 48 20;
1318 3640 43 38 A
1398 3639 171 48 16659;
1610 3641 71 41 W.
1720 3642 44 41 J.
1805 3642 169 49 Grove,
2015 3645 136 39 Lime

222 3696 131 48 Kiln,
382 3696 96 39 Md.
546 3693 282 50 (29-30536)

150 3789 258 59 Hankin,
438 3788 286 63 Gregory.

221 3867 217 54 United
483 3865 188 56 States
716 3865 277 69 Supreme
1031 3872 179 64 court,
1253 3871 337 62 1928-1929;
1634 3889 32 34 a
1708 3872 206 54 review
1953 3875 67 53 of
2056 3877 99 53 the

155 3946 156 52 work
345 3945 64 53 of
442 3945 96 53 the
573 3944 274 68 Supreme
879 3951 162 47 court
1073 3945 65 53 of
1169 3946 97 53 the
1300 3946 217 55 United
1554 3947 188 57 States
1778 3951 96 54 for
1908 3951 248 57 October
