2533 4342
1273 3953 133 48 1492

403 374 1595 50 xviii p., 2 l., [3]-548 p. front., pl., ports., facsims. 24ᶜᵐ.
338 428 51 52 ©
428 433 128 47 Sept.
591 433 69 47 21,
694 432 115 39 1929;
874 432 67 40 2c.
977 433 98 39 and
1111 431 83 42 aff.
1233 431 128 49 Sept.
1398 432 82 46 26;
1519 432 42 38 A
1596 431 171 47 12569;
1807 432 163 48 Little,
2009 433 191 42 Brown,
2238 432 97 39 and

405 500 249 37 company.
723 488 282 48 (29-19875)

331 584 175 54 Clark,
554 583 155 54 John
737 584 241 53 Roscoe.

404 660 462 53 Modern-school
914 661 341 52 arithmetic.
1339 661 91 67 3d,
1478 661 97 53 6th
1621 661 223 69 grades.
1927 663 90 67 By
2064 659 158 55 John
2267 659 70 55 R.

332 738 1984 134 Clark … Arthur S. Otis … and Caroline Hatton … with illustrations
624 819 76 68 by
750 818 275 52 Florence
1074 819 55 53 J.
1181 818 234 67 Hoopes
1466 819 114 53 and
1628 818 298 68 Margaret
1977 817 62 55 C.
2089 818 251 68 Hoopes.

332 896 656 67 Yonkers-on-Hudson,
1020 896 67 51 N.
1125 896 92 68 Y.,
1245 896 206 53 World
1482 896 148 53 book
1663 913 299 51 company,
1994 898 149 51 1929.

406 978 27 38 2
461 989 42 28 V.
560 977 144 46 illus.,
735 978 86 38 col.
851 978 172 46 plates,
1053 976 169 47 forms,
1255 976 180 48 diagrs.
1494 976 117 41 19ᶜᵐ.

339 1030 51 52 ©
421 1034 121 47 Aug.
573 1033 70 47 30,
676 1033 116 40 1929;
849 1033 69 41 2c.
950 1033 118 40 each
1104 1033 102 41 Oct.
1239 1033 26 40 5;
1328 1033 108 41 affs.
1472 1033 102 41 Oct.
1607 1035 27 38 7;
1697 1034 42 38 A
1770 1033 158 47 12847,
1962 1033 144 41 12848;
2170 1034 167 39 World

406 1092 125 40 book
558 1102 68 30 со.

339 1186 196 64 Clark,
561 1185 258 55 William
844 1185 144 65 Bell,
1020 1190 170 50 1889-

406 1266 186 53 When
624 1265 96 53 the
749 1264 246 55 U-boats
1025 1283 155 34 came
1207 1271 59 47 to
1296 1264 285 69 America,
1611 1266 75 68 by
1712 1264 262 55 William
2005 1265 127 53 Bell
2165 1264 178 55 Clark

398 1342 1446 70 … Boston, Little, Brown, and company, 1929.
403 1425 84 43 xii,
508 1424 88 41 359
616 1436 42 37 p.
718 1424 165 47 front.,
905 1424 174 48 plates.
1138 1423 148 42 22½ᶜᵐ.

406 1483 51 38 “I
481 1483 126 38 have
627 1481 158 40 aimed
811 1484 48 38 to
881 1483 199 46 present
1101 1492 61 29 an
1185 1481 254 40 authentic
1460 1480 190 49 history
1675 1481 53 40 of
1750 1482 82 39 the
1853 1481 279 49 operations
2157 1482 51 41 of
335 1481 1993 98 German
470 1539 305 40 submarines
798 1538 50 39 in
870 1540 83 39 the
975 1540 210 38 western
1206 1537 221 42 Atlantic
1449 1538 178 49 during
1648 1539 85 40 the
1752 1539 99 40 last
1873 1537 76 41 six
1970 1540 195 39 months
2188 1539 51 40 of
2262 1539 84 40 the

335 1597 152 39 world
518 1606 116 37 war,
666 1596 222 46 together
919 1595 120 40 with
1071 1606 25 28 a
1132 1595 394 48 comprehensive
1559 1597 208 38 account
1797 1595 52 40 of
1880 1595 130 40 their
2041 1595 144 41 effect
2216 1606 126 38 upon

335 1655 81 38 the
437 1653 179 41 United
642 1651 403 42 States.”—Pref.

404 1710 350 47 Bibliography:
816 1720 41 37 p.
880 1709 219 41 313-314.

340 1763 51 52 ©
420 1767 128 48 Sept.
574 1767 70 47 21,
670 1766 114 39 1929;
839 1767 68 40 2c.
934 1768 96 38 and
1057 1765 82 41 aff.
1168 1766 128 48 Sept.
1323 1767 82 45 27;
1435 1766 39 39 A
1501 1766 172 43 13670;
1702 1767 71 40 W.
1801 1767 54 39 B.
1884 1766 162 47 Clark,
2074 1767 265 47 Evanston,

408 1826 75 39 Ill.
548 1823 281 48 (29-20137)

342 1904 188 64 Eddy,
562 1903 198 64 Clyde.

405 1981 1875 70 Down the world’s most dangerous river, by Clyde Eddy …
338 2060 140 54 with
527 2060 256 69 eighteen
836 2060 382 53 illustrations
1267 2059 153 55 from
1470 2061 413 68 photographs.
1976 2060 139 53 New
2164 2060 182 63 York,

336 2138 311 53 Frederick
674 2139 69 53 A.
775 2139 201 56 Stokes
1005 2157 298 49 company,
1333 2142 148 50 1929.

475 2220 1388 49 xx p., 1 l., 293 p. front., illus., plates, ports. 21ᶜᵐ.
410 2279 139 46 Maps
580 2289 58 28 on
671 2277 364 49 lining-papers.

342 2331 51 52 ©
430 2335 129 47 Sept.
593 2335 69 47 19,
695 2334 118 41 1929;
873 2336 67 39 2c.
978 2335 129 48 Sept.
1143 2335 81 46 26;
1262 2334 81 41 aff.
1382 2335 129 48 Sept.
1545 2335 83 46 24;
1667 2335 40 39 A
1742 2335 170 46 12574;
1952 2335 48 41 C.
2036 2336 152 45 Eddy.
2224 2334 117 40 New

408 2392 145 41 York.
622 2391 282 49 (29-19874)

341 2472 298 65 Fellowes,
668 2471 206 64 Daisy.

406 2550 137 54 Cats
579 2550 60 53 in
674 2550 97 53 the
805 2549 116 54 Isle
956 2550 66 53 of
1056 2551 137 52 Man
1257 2550 92 69 [by]
1392 2550 184 70 Daisy
1613 2551 293 52 Fellowes.
1982 2550 139 53 New
2159 2549 182 67 York,

332 2628 65 52 L.
424 2628 356 69 MacVeagh,
806 2628 123 53 The
956 2628 139 53 Dial
1124 2647 176 50 press,
1332 2631 151 50 1929.

407 2709 529 49 5 p. l., 260 p. 20ᶜᵐ.
342 2763 51 52 ©
428 2767 127 48 Sept.
584 2767 69 46 25,
684 2767 115 39 1929;
858 2768 67 40 2c.
957 2768 97 39 and
1085 2767 82 41 aff.
1200 2767 102 40 Oct.
1333 2768 53 45 2;
1420 2768 40 38 A
1492 2766 134 41 13821;
1698 2767 114 40 Dial
1843 2778 149 37 press,
2025 2767 91 40 inc.

421 2822 280 50 (29-20022)

342 2903 237 64 Finger,
609 2903 247 56 Charles
882 2904 242 64 Joseph,
1156 2906 170 54 1871-

407 2979 365 67 Courageous
810 2982 387 66 companions,
1232 2982 76 68 by
1346 2981 237 55 Charles
1619 2983 55 53 J.
1714 2982 233 69 Finger,
1983 2981 248 68 pictures
2268 2981 76 69 by

337 3058 193 53 James
562 3058 76 51 H.
675 3059 356 68 Daugherty.
1126 3060 140 52 [New
1300 3060 179 66 York]
1518 3060 348 68 Longmans,
1899 3059 187 54 Green
2117 3059 114 52 and
2263 3076 79 35 со.

383 3138 151 63 [ ᶜ1929]
406 3217 1339 52 7 p. l., 304, [1] p. incl. front., illus., plates. 23ᶜᵐ.
407 3275 162 40 “First
602 3273 228 43 edition.”

407 3331 287 39 Illustrated
725 3331 97 47 t.-p.
853 3332 95 39 and
977 3331 351 49 lining-papers
1359 3331 49 39 in
1438 3333 170 39 colors.

343 3382 1999 109 © Sept. 18, 1929; 2c. Sept. 24; aff. Sept. 25; A 13584; Longmans, Green & со. (29-20115)
343 3522 291 64 Fletcher,
663 3523 221 63 Joseph
912 3524 217 64 Smith,
1161 3531 170 49 1863-

468 3600 1808 70 … The Box Hill murder. New York, A. A. Knopf, 1929.
406 3681 725 51 4 p. l., 3-232, [2] p. 19½ᶜᵐ.
407 3737 64 40 At
496 3737 125 40 head
648 3737 53 41 of
725 3737 110 41 title:
891 3739 44 40 J.
966 3739 45 41 S.
1040 3739 241 42 Fletcher.

344 3789 53 53 ©
437 3794 129 48 Sept.
602 3796 69 46 27,
709 3795 114 40 1929;
889 3796 67 41 2c.
996 3797 101 40 Oct.
1136 3798 53 46 2;
1229 3797 82 40 aff.
1353 3797 128 48 Sept.
1520 3797 83 46 30;
1643 3797 41 39 A
1721 3798 171 46 13827;
1934 3797 43 41 J.
2020 3797 43 41 S.
2102 3796 239 47 Fletcher,

412 3851 281 47 Falklands,
729 3852 230 49 Dorking.
999 3853 194 48 Surrey,
1229 3855 237 46 England.
1542 3853 280 50 (29-20021)
