2533 4342
1342 4039 133 48 1452

390 502 293 52 measured
737 499 291 69 drawings
1079 500 75 69 by
1205 499 175 55 Louis
1437 499 318 55 Skidmore.
1849 499 138 53 New
2043 499 161 52 York
2259 498 135 70 city,

390 579 427 53 Architectural
842 578 147 53 book
1017 577 336 69 publishing
1378 596 299 50 company,
1705 579 106 51 inc.
1919 580 118 63 [1929]

460 657 1270 51 9 p. l., 246 p. incl. illus., plates, front. 41½ ᶜᵐ .
395 726 52 51 ©
486 730 128 48 Sept.
649 729 70 47 16,
756 728 113 41 1929;
932 728 71 41 2c.
1041 729 96 39 and
1172 728 81 40 aff.
1294 728 128 48 Sept.
1458 729 56 39 23;
1579 728 42 39 A
1658 728 143 40 13569;
1868 728 362 41 Architectural
2269 729 124 40 book

462 786 109 47 pub.
601 796 81 35 co.,
713 785 91 40 inc.
872 784 281 49 (29-19619)

394 893 312 65 Chandler,
735 894 125 52 Asa
889 893 330 65 Crawford,
1251 899 173 49 1891-

461 988 354 52 Hookworm
851 989 243 65 disease;
1136 988 73 53 its
1247 987 391 69 distribution,
1674 988 250 68 biology,
1959 987 439 69 epidemiology,

393 1067 333 69 pathology,
754 1066 310 69 diagnosis,
1089 1071 306 48 treatment
1423 1067 114 53 and
1563 1066 239 69 control,
1828 1067 76 69 by
1927 1065 119 54 Asa
2075 1065 61 55 C.

393 1065 1975 148 Chandler … New York, The Macmillan company, 1929.
461 1223 1445 51 xii p., 1 l., 494 p. illus. (incl. maps) diagrs. 24 ᶜᵐ .
461 1295 351 49 Bibliography:
870 1306 42 37 p.
939 1294 220 42 453-477.

399 1362 1777 52 © Sept. 17, 1929; 2c. and aff. Sept. 18; A 12450; Macmillan co.
477 1421 281 50 (29-19416)

399 1531 315 65 Chauviré,
743 1532 215 63 Roger.

465 1624 122 52 The
618 1624 186 52 sword
837 1624 60 51 in
931 1624 98 51 the
1062 1623 140 61 soul,
1234 1623 75 71 by
1343 1624 190 66 Roger
1568 1621 305 70 Chauviré,
1909 1622 341 53 translation
2287 1622 115 53 and

396 1700 284 53 foreword
711 1701 75 68 by
819 1702 210 52 Ernest
1059 1702 184 68 Boyd,
1277 1701 138 52 with
1449 1720 30 33 a
1511 1700 232 68 preface
1773 1701 74 68 by
1876 1702 195 54 James
2103 1700 297 69 Stephens.

394 1779 259 57 London,
686 1780 138 52 New
858 1779 165 53 York
1077 1785 100 46 [etc.]
1235 1780 346 67 Longmans,
1614 1779 188 54 Green
1835 1779 111 52 and
1981 1796 97 51 co.,
2115 1782 148 49 1929.

467 1860 674 49 xii p., 1 l., 291 p. 19½ ᶜᵐ .
469 1932 162 40 “First
660 1930 228 43 edition.”

403 1998 1998 53 © Sept. 18, 1929; 2c. Sept. 24; aff. Sept. 25; A 13575; Longmans, Green
471 2059 35 40 &
533 2070 66 29 co.
668 2058 281 50 (29-19517)

397 2155 152 63 Cole,
579 2158 138 53 Mrs.
746 2155 194 53 Mabel
979 2155 219 66 (Cook)

470 2248 222 69 Savage
716 2250 339 67 gentlemen,
1077 2250 75 68 by
1177 2249 192 52 Mabel
1396 2249 157 54 Cook
1579 2248 152 55 Cole.
1808 2248 138 53 New
1974 2248 180 69 York,
2177 2249 72 51 D.
2276 2247 132 53 Van

397 2327 977 69 Nostrand company, inc. [ ᶜ192 9 ]
537 2407 1419 49 xv p., 1 l., 249 p. front., 1 illus., plates, ports. 23 ᶜᵐ .
474 2478 290 40 Illustrated
793 2477 366 49 lining-papers.

474 2534 42 39 A
545 2535 165 40 record
743 2534 51 40 of
822 2533 115 40 four
967 2534 156 47 years'
1156 2534 285 48 experience
1471 2544 175 38 among
1677 2535 82 39 the
1790 2544 204 38 savages
2027 2534 51 40 of
2110 2534 81 40 the
404 2532 1983 105 Philippine
541 2591 208 39 Islands.

407 2655 1999 54 © Aug. 15, 1929; 2c. Sept. 19; aff. Sept. 20; A 13498; D. Van Nostrand
476 2726 82 38 co.,
586 2716 90 41 inc.
743 2716 282 48 (29-19544)

407 2810 249 63 Conger,
686 2809 226 65 George
938 2810 266 65 Perrigo,
1235 2816 170 49 1884-

477 2902 1933 71 New views of evolution, by George Perrigo Conger … New
408 2980 1198 71 York, The Macmillan company, 1929.
403 3061 1988 104 ix p., 1 l., 235 p. illus. 20½ ᶜᵐ . (Half-title: Philosophy for the layman series)
411 3184 1774 55 © Sept. 17, 1929; 2c. and aff. Sept. 18; A 12448; Macmillan co.
486 3245 281 49 (29-19460)

410 3339 265 65 Cottrell,
703 3340 228 54 Donald
958 3342 209 63 Peery,
1199 3348 170 49 1902-

479 3430 356 55 Instruction
866 3434 114 52 and
1011 3435 400 53 instructional
1443 3436 272 54 facilities
1744 3437 56 52 in
1833 3437 95 53 the
1957 3436 238 68 colleges
2223 3434 64 53 of
2315 3433 97 54 the

412 3508 215 54 United
657 3509 295 54 Lutheran
982 3512 211 52 church
1225 3514 57 51 in
1309 3512 267 54 America;
1638 3534 33 33 a
1698 3515 172 68 study
1899 3514 64 54 of
1991 3514 96 53 the
410 3513 1975 141 organization,

579 3587 485 67 administration,
1095 3591 112 52 and
1237 3591 293 52 character
1559 3591 65 53 of
1653 3592 343 53 instruction
2026 3593 113 52 and
410 3591 1978 126 instructional

618 3663 1796 75 facilities, by Donald Peery Cottrell … New York city,
411 3741 278 54 Teachers
715 3744 228 67 college,
969 3743 303 55 Columbia
1298 3746 336 69 university,
1663 3750 151 51 1929.

479 3820 99 47 viii,
615 3822 85 40 138
734 3833 42 37 p.
838 3823 145 42 23½ᶜᵐ.
1054 3824 267 49 (Teachers
1357 3827 193 48 college,
1588 3826 253 42 Columbia
1878 3827 286 48 university.
407 3826 1989 91 Contributions

630 3880 49 38 to
708 3880 271 43 education,
1010 3891 74 31 no.
1115 3882 111 44 376)

479 3934 262 41 Published
778 3937 103 39 also
917 3948 54 29 as
1008 3938 152 40 thesis
1205 3939 107 48 (PH.
1381 3940 33 47 D.)
1462 3940 252 42 Columbia
1751 3940 288 49 university.
