2542 4389
1076 4002 135 55 1679

131 415 1985 156 lation and annotations by Chauncey D. Leake … Spring-field,
311 503 113 65 Ill.,
451 501 335 68 Baltimore,
809 500 142 68 Md.,
980 498 63 55 C.
1073 498 62 55 C.
1163 498 268 67 Thomas,
1459 499 150 51 1928.

198 577 1939 55 6 p. l., facsim. (72, [2] p.) 154 p., 1 l. front., plates, ports., facsim.
126 640 147 40 24½ ᶜᵐ .
198 695 122 41 Coat
351 694 50 41 of
431 704 131 30 arms
592 704 62 30 on
682 695 99 46 t.-p.

198 752 64 40 At
292 751 126 40 head
449 750 52 40 of
531 750 135 40 title:
698 747 373 41 Tercentennial
1103 747 199 41 edition.

467 806 142 46 CONTENTS.—pt.
649 803 42 41 1.
728 804 260 40 Facsimile
1028 803 52 41 of
1118 804 81 39 the
1237 803 211 48 original
1487 803 147 39 Latin
1671 802 186 41 edition
1905 803 164 48 (1628)
2080 827 59 5 —

129 862 70 49 pt.
228 859 43 42 2.
298 863 101 40 The
428 862 203 48 English
661 861 311 41 translation.

135 915 52 53 ©
232 920 128 48 Sept.
402 918 58 41 18,
571 918 57 40 1929;
700 918 66 40 2c.
812 917 129 49 Sept.
983 916 56 40 13;
1110 916 83 42 aff.
1239 916 128 48 Sept.
1409 915 83 48 10;
1536 916 42 39 A
1619 914 171 49 12759;
1837 916 204 41 Charles
2084 915 51 42 C.

201 976 226 40 Thomas.
495 972 280 51 (29-21411)

128 1069 320 64 Hayward,
479 1070 173 62 Mary
682 1067 183 64 Sully,
897 1070 84 52 ed.

210 1146 422 69 [Introduction
670 1146 114 52 and
821 1145 173 67 study
1031 1144 378 68 suggestions,
1446 1144 76 69 by
1559 1144 171 70 Mary
1771 1143 168 71 Sully
135 1145 1979 134 Hayward

327 1221 1812 70 in the book entitled] … George Eliot’s The mill on the
128 1301 2014 70 Floss … New York, Cincinnati [etc.] American book company
139 1385 193 64 [ ᶜ1 929]
204 1459 1306 53 606 p. illus. 17 ½ ᶜᵐ . (Eclectic English classics)
137 1516 53 54 ©
216 1521 102 41 Oct.
344 1519 40 49 9,
410 1518 115 41 1929;
579 1519 67 40 2c.
674 1519 96 39 and
796 1517 82 41 aff.
906 1517 103 41 Oct.
1036 1516 55 40 12;
1146 1516 42 40 A
1211 1515 145 41 12965;
1412 1516 147 41 Amer.
1599 1517 124 40 book
1749 1528 68 29 co.

126 1602 256 63 Heaton,
411 1599 189 55 Willis
632 1599 220 64 Edgar.

267 1673 1873 73 … The procedure and law of Surrogates’ courts of the state
135 1752 2006 72 of New York, by Willis E. Heaton … v. 2. 5th ed. Rev. by
133 1830 2007 72 Wm. Fenton Myers … with foreword by Hon. James A.
135 1908 1943 73 Foley … with introduction by Hon. George Albert Wingate …
135 1990 252 69 Albany,
414 1990 71 52 N.
514 1990 70 52 Y.
615 1989 113 52 and
755 1988 139 53 New
924 1988 182 67 York,
1133 1987 70 53 N.
1235 1987 91 67 Y.,
1353 1987 281 53 Matthew
1664 1988 228 52 Bender
1919 1990 48 49 &
134 2005 1984 132 company,
346 2067 128 68 inc.,
515 2069 150 51 1929.

205 2148 726 51 1 p. l., xxxii, 389 p. 25 ᶜᵐ .
139 2203 52 53 ©
222 2207 118 41 Nov.
372 2206 39 48 8,
442 2205 141 48 1929;
614 2205 69 41 2c.
713 2205 120 40 Nov.
865 2206 82 45 11;
982 2203 81 41 aff.
1096 2204 120 41 Nov.
1246 2202 54 49 9;
1332 2205 43 38 A
1404 2203 172 47 15680;
1612 2203 238 41 Matthew
1882 2204 192 40 Bender
2106 2208 37 40 &

205 2275 83 37 co.,
315 2263 91 41 inc.

132 2343 256 64 Hyland,
418 2341 243 54 Patrick
691 2341 226 64 Henry.

202 2418 1942 71 Machine design, by P. H. Hyland … and J. B. Kommers
294 2503 84 49 1st
420 2499 83 52 ed.
596 2499 140 52 New
780 2497 164 54 York
1010 2501 121 67 [etc.]
1178 2496 434 55 McGraw-Hill
1653 2496 149 54 book
1845 2516 300 51 company,

134 2577 124 70 inc.,
289 2580 150 50 1929.

204 2655 1458 52 viii, 448 p. incl. illus., tables, diagrs. 24 ᶜᵐ . $4.00
207 2714 350 42 “References”
591 2717 53 39 at
677 2715 93 40 end
804 2714 50 41 of
887 2715 97 40 last
1018 2715 202 48 chapter;
1283 2714 404 48 bibliographical
1722 2715 279 41 foot-notes.

140 2769 52 53 ©
222 2774 102 41 Oct.
352 2774 28 40 4,
482 2773 83 46 1929;
594 2773 69 40 2c.
693 2772 103 41 Oct.
826 2773 52 47 5;
910 2772 83 40 aff.
1026 2771 103 42 Oct.
1159 2773 28 39 7;
1244 2772 41 40 A
1315 2771 172 49 13999;
1520 2772 353 41 McGraw-Hill
1903 2773 124 40 book
2058 2783 82 32 co.,

206 2830 91 41 inc.
367 2829 281 49 (29-21535)

133 2910 266 54 Indiana.
474 2911 278 68 Supreme
782 2916 176 49 court.

210 2987 1935 69 Reports of cases decided … with tables of cases reported and
139 3066 167 66 cited,
343 3070 239 48 statutes
619 3065 151 52 cited
807 3065 113 52 and
959 3065 321 67 construed,
1318 3065 114 52 and
1471 3083 73 34 an
1583 3066 188 52 index.
1846 3063 139 55 Mrs.
139 3065 1978 131 Edward

331 3143 284 53 Franklin
645 3142 215 68 White,
892 3141 201 54 official
1125 3148 276 63 reporter,
1434 3143 68 52 B.
1537 3143 66 52 F.
1635 3142 260 68 Watson,
1927 3141 71 55 V.
2033 3140 109 56 Ed.

139 3221 189 67 Funk,
357 3220 228 54 Joanna
615 3221 65 51 F.
712 3219 279 68 Hinman,
1022 3220 298 53 assistants.
1403 3239 51 34 v.
1489 3223 114 50 199.
1671 3220 178 53 From
1879 3219 265 69 January

142 3303 83 64 13,
258 3298 153 68 1927,
439 3302 57 48 to
527 3297 176 57 April
737 3297 82 68 17,
853 3300 151 50 1928.
1072 3297 422 69 Indianapolis,
1525 3298 190 68 Levey
1746 3298 266 70 printing
2045 3316 99 50 co.,

141 3379 151 51 1928.

208 3457 538 49 xxxi, 805 p. 22½ ᶜᵐ .
144 3510 52 53 ©
230 3515 113 40 Feb.
376 3514 41 48 8,
450 3513 140 48 1929;
623 3513 69 41 2c.
728 3515 123 39 Mar.
884 3514 83 47 23;
1002 3513 83 41 aff.
1121 3513 102 41 Oct.
1257 3513 83 49 16;
1376 3514 42 39 A
1451 3513 172 47 15706;
1661 3513 137 41 State
1833 3513 52 41 of
1918 3513 225 48 Indiana,

210 3570 351 49 Indianapolis.

135 3651 190 54 Johns
355 3650 270 64 Hopkins
657 3649 353 65 university.

142 3727 1976 146 … Excavations at Olynthus … pt. I. The Neolithic settlement,
359 3805 76 69 by
482 3805 67 55 G.
598 3807 67 51 E.
714 3806 284 68 Mylonas.
1084 3806 336 67 Baltimore,
1469 3806 121 53 The
1638 3806 186 54 Johns
1873 3803 272 71 Hopkins

143 3901 187 50 press;
363 3882 260 69 London,
653 3883 78 52 H.
764 3882 268 69 Milford,
1065 3882 231 56 Oxford
1328 3883 319 69 university
1680 3902 177 51 press,
1892 3886 151 51 1929.
