2542 4389
1056 4045 136 51 2001

122 468 161 68 print.
333 468 94 52 for
459 468 95 52 the
587 465 222 55 friends
842 465 65 55 of
938 465 219 53 Luther
1189 464 274 54 Albertus
1496 463 114 53 and
1642 461 238 55 Elinore
1910 461 217 69 Taylor

123 548 248 66 Brewer,
399 547 150 52 1929.

190 627 58 40 96
273 637 43 38 p.
377 624 58 41 20½ᶜᵐ.

194 697 184 39 “Three
405 696 221 39 hundred
654 694 161 48 copies
843 693 237 49 printed.”

129 761 1997 55 © Dec. 14, 1929; 2c. Dec. 19; aff. Dec. 18; A 17492; Luther Albertus
196 824 210 46 Brewer,
440 823 156 40 Cedar
627 821 198 49 Rapids,
887 831 42 30 Ia.
998 819 282 51 (29-30560)

120 915 429 65 Jacquemaire,
583 917 170 53 Mme.
788 913 327 54 Madeleine
1158 914 448 66 (Clemenceau)

192 995 108 53 Vie
331 996 68 52 de
427 995 268 52 Madame
724 993 247 59 Roland,
1003 1011 106 49 par
1139 991 323 55 Madeleine
1492 992 393 56 Clemenceau-
127 991 1979 133 Jacquemaire

395 1069 1115 69 … t. 1. Paris, J. Tallandier [ ᶜ1 929]
195 1149 933 55 285, [1] p., 1 l. front., ports. 21 ᶜᵐ.
200 1222 87 40 “Je
311 1232 59 29 ne
393 1221 232 41 voudrais
650 1231 101 38 pas,
778 1221 124 39 dans
927 1231 52 29 ce
1004 1221 175 39 nouvel
1205 1220 143 47 essai,
1373 1231 77 29 me
1477 1221 174 39 borner
1677 1219 28 41 à
1734 1231 65 29 un
127 1219 1987 100 agrandissement

285 1277 210 49 régulier
520 1279 63 39 du
608 1277 122 49 petit
754 1277 212 49 portrait
991 1275 114 49 déjà
1132 1276 132 41 tenté
1293 1277 241 49 [Madame
1561 1277 189 40 Roland
1787 1275 181 50 (Paris,
1995 1276 136 47 Plon,

127 1334 139 49 1926)
279 1334 476 50 ]”—Avant-propos.

129 1401 1855 53 © July 2, 1929; 1c. Aug. 16; A— Foreign 4165; Jules Tallandier.
207 1462 281 49 (29-29867)

125 1556 311 64 Karasick,
464 1555 183 53 Edith
676 1556 67 54 B.

193 1633 122 53 The
348 1632 313 54 enchanted
693 1632 190 68 hours,
915 1632 74 69 by
1024 1632 182 53 Edith
1239 1634 68 52 B.
1340 1632 301 54 Karasick.
1711 1633 143 53 East
1886 1632 247 69 Aurora,

124 1710 965 71 N. Y., The Roycrofters [ ᶜ1 929]
193 1793 438 50 92 p. illus. 18 ½ ᶜᵐ.
196 1867 185 39 Poems.

131 1933 1642 52 © Dec. 1, 1929; 2c. and aff. Dec. 18; A 16621; Roycrofters.
207 1991 281 51 (29-30300)

126 2085 264 65 Kenney,
420 2086 203 53 James
651 2086 266 64 Francis,
950 2091 172 49 1884-

195 2166 123 53 The
342 2184 224 36 sources
588 2165 94 54 for
707 2165 96 55 the
826 2166 159 70 early
1009 2165 224 71 history
1258 2166 65 54 of
1347 2166 236 54 Ireland;
1643 2184 72 36 an
1741 2167 393 55 introduction

130 2243 1981 131 and guide, by James F. Kenney … New York, Columbia universi ty
378 2339 175 50 press,
588 2324 151 50 1929.

198 2403 96 48 xvi,
323 2403 86 41 807
435 2414 44 37 p.
534 2403 118 41 fold.
681 2414 152 37 maps.
889 2404 54 39 23½ᶜᵐ.
1103 2404 195 48 (Added
1328 2406 120 46 t.-p.:
1477 2403 213 41 Records
1720 2404 52 41 of
1799 2403 328 41 civilization:

128 2468 197 30 sources
356 2459 97 39 and
486 2459 199 47 studies,
722 2460 73 40 ed.
829 2459 154 40 under
1016 2460 83 39 the
1134 2459 224 48 auspices
1394 2458 52 41 of
1481 2460 83 39 the
1597 2459 323 48 Department
1955 2459 53 41 of
131 2459 1987 104 history,

285 2515 252 41 Columbia
569 2514 298 49 university)

204 2586 102 39 Vol.
343 2587 25 37 1
402 2585 256 48 published
693 2586 103 40 also
832 2596 56 30 as
923 2585 153 41 thesis
1123 2586 110 48 (PH.
1301 2586 35 47 D.)
1382 2585 253 42 Columbia
1672 2585 287 48 university.

201 2640 1656 50 “The period treated … terminates about A. D. 1170.”—Pref.
132 2708 51 53 ©
220 2713 111 40 Dec.
368 2714 70 48 11,
474 2713 140 47 1929;
652 2714 69 41 2c.
756 2713 113 43 Dec.
905 2714 82 46 11;
1027 2712 82 41 aff.
1147 2713 114 41 Dec.
1297 2714 82 46 17;
1418 2713 43 39 A
1494 2712 171 48 17428;
1707 2712 253 41 Columbia
1998 2712 131 40 univ.

201 2780 150 37 press.
421 2769 281 49 (29-30667)

125 2863 358 64 Kerschner,
513 2865 137 54 Mrs.
681 2864 195 53 Mabel
907 2864 289 55 Gardner.

197 2942 121 54 The
378 2942 343 71 missionary
780 2942 303 54 education
1144 2943 65 53 of
1269 2943 426 54 intermediates
1763 2943 110 68 [by]
1939 2943 194 54 Mabel

128 3019 2005 73 Gardner Kerschner … New York, Missionary education
127 3098 1642 68 movement of the United States and Canada [ ᶜ1 929]
196 3179 1401 51 viii, 184 p. 18½ ᶜᵐ. [The leader’s handbook series]
197 3251 298 48 “Suggested
525 3251 196 40 further
753 3251 229 48 reading”
1014 3254 52 38 at
1097 3252 91 40 end
1219 3251 52 40 of
1300 3252 121 39 each
1451 3252 201 46 chapter;
1715 3249 288 42 “Materials
2035 3252 95 40 and

126 3318 195 30 sources
350 3308 79 39 for
458 3308 192 40 leaders
680 3308 52 40 of
760 3307 398 41 intermediates”:
1218 3319 45 37 p.
1294 3307 217 41 176-184.

132 3373 51 53 ©
216 3379 119 40 Nov.
367 3379 70 48 27,
470 3378 113 41 1929;
645 3380 68 39 2c.
746 3379 96 39 and
875 3389 83 30 aff.
991 3379 112 40 Dec.
1139 3379 59 39 18;
1257 3379 40 38 A
1330 3377 144 40 16593;
1537 3377 297 48 Missionary
1868 3376 257 41 education

199 3437 271 37 movement
501 3435 51 40 of
580 3435 84 39 the
695 3435 178 40 United
907 3435 164 40 States
1102 3435 96 39 and
1230 3434 215 42 Canada.
1514 3433 282 50 (29-30422)

127 3527 137 65 Lea,
294 3528 155 54 John
478 3528 274 66 William,
784 3530 173 54 1870-

197 3608 122 52 The
346 3612 249 64 greatest
620 3607 150 54 book
797 3609 60 52 in
886 3609 96 53 the
1012 3607 181 54 world:
1253 3608 96 52 the
1377 3607 247 69 English
1653 3607 186 70 Bible,
1867 3608 77 70 by
1973 3607 159 55 John

127 3684 1514 72 W. Lea … Philadelphia, Pa., J. W. Lea [ ᶜ1 929]
195 3765 1469 50 viii, 234 p. front., illus., plates, ports., facsims. 22½ ᶜᵐ.
196 3823 130 40 “The
363 3826 193 45 present
593 3823 191 40 volume
823 3823 43 40 is
905 3823 149 40 based
1094 3832 128 38 upon
1260 3823 82 39 the
1379 3821 219 42 author’s
1634 3823 166 47 larger
1836 3823 135 40 work
2012 3823 114 41 ‘The

126 3880 132 39 Book
283 3879 52 40 of
360 3879 150 40 books
535 3880 95 39 and
655 3879 65 41 its
747 3879 275 40 wonderful
1047 3877 194 49 story’.”

132 3932 51 52 ©
215 3937 113 46 May
358 3937 68 47 14,
457 3935 139 47 1929;
630 3936 68 40 2c.
727 3936 119 41 Nov.
877 3936 82 47 18;
992 3935 83 41 aff.
1105 3935 112 40 Dec.
1247 3935 55 47 4;
1334 3934 44 40 A
1406 3934 171 48 17407;
1612 3935 43 42 J.
1684 3936 74 40 W.
1788 3936 113 39 Lea.

208 3991 279 49 (29-30424)
