<alto xmlns="http://www.loc.gov/standards/alto/ns-v3#" xmlns:xlink="http://www.w3.org/1999/xlink" xmlns:xsi="http://www.w3.org/2001/XMLSchema-instance" xsi:schemaLocation="http://www.loc.gov/standards/alto/ns-v3# http://www.loc.gov/alto/v3/alto-3-0.xsd"><Description>
<MeasurementUnit>pixel</MeasurementUnit>
<sourceImageInformation>
<fileName>1929_v26_part001.pdf</fileName>
</sourceImageInformation>
<OCRProcessing ID="IdOcr">
<ocrProcessingStep>
<processingDateTime>2019-04-18</processingDateTime>
<processingSoftware>
<softwareCreator>ABBYY</softwareCreator>
<softwareName>ABBYY Recognition Server</softwareName>
<softwareVersion>4.0</softwareVersion>
</processingSoftware>
</ocrProcessingStep>
</OCRProcessing>
</Description>
<Styles>
<ParagraphStyle ID="StyleId-FFFFFFFF-FFFF-FFFF-FFFF-FFFFFFFFFFFF-" ALIGN="Left" LEFT="0." RIGHT="0." FIRSTLINE="0."/>
<ParagraphStyle ID="StyleId-11A520CB-49B0-4D42-A675-089886D5B704-" ALIGN="Center" LEFT="0." RIGHT="0." FIRSTLINE="0." LINESPACE="7.699999809"/>
<ParagraphStyle ID="StyleId-2AEC4724-E584-48A1-8E6D-86B1AA154223-" ALIGN="Left" LEFT="0." RIGHT="0." FIRSTLINE="0." LINESPACE="12.19999981"/>
<ParagraphStyle ID="StyleId-5ADCDE1D-F34B-405C-A765-E9B51F6229BD-" ALIGN="Left" LEFT="0." RIGHT="0." FIRSTLINE="-13." LINESPACE="8.050000191"/>
<ParagraphStyle ID="StyleId-D0AEFB96-F81D-4367-8545-C0AC945FA34C-" ALIGN="Block" LEFT="0." RIGHT="0." FIRSTLINE="-13." LINESPACE="8.899999619"/>
<ParagraphStyle ID="StyleId-9A3BB592-4BA4-4F85-B157-B9A7F1FC9680-" ALIGN="Left" LEFT="0." RIGHT="0." FIRSTLINE="0."/>
<ParagraphStyle ID="StyleId-E9D6144A-CFDC-4919-911D-02B0461DB967-" ALIGN="Left" LEFT="0." RIGHT="0." FIRSTLINE="-13." LINESPACE="23.43000031"/>
<ParagraphStyle ID="StyleId-EEECFC68-AAC5-42B1-B3BF-987799B5B74A-" ALIGN="Block" LEFT="0." RIGHT="0." FIRSTLINE="0." LINESPACE="23.43000031"/>
<ParagraphStyle ID="StyleId-98D20B11-A9BB-4FAB-8DC8-DC8C43F3755E-" ALIGN="Left" LEFT="0." RIGHT="0." FIRSTLINE="0." LINESPACE="10.5"/>
<ParagraphStyle ID="StyleId-C279DBAD-2656-4352-93E6-C942618B09B1-" ALIGN="Block" LEFT="0." RIGHT="0." FIRSTLINE="-13." LINESPACE="8.770000458"/>
<ParagraphStyle ID="StyleId-A539B2D0-654F-45BA-9385-D7E681D9BD87-" ALIGN="Block" LEFT="0." RIGHT="0." FIRSTLINE="0." LINESPACE="8.18999958"/>
<ParagraphStyle ID="StyleId-CFE66565-54F2-45CF-9511-65151219B0BC-" ALIGN="Left" LEFT="0." RIGHT="0." FIRSTLINE="-12." LINESPACE="12.19999981"/>
<ParagraphStyle ID="StyleId-37B60A95-D7B9-4720-9D46-F2E763AAD699-" ALIGN="Block" LEFT="0." RIGHT="0." FIRSTLINE="0." LINESPACE="12.19999981"/>
<ParagraphStyle ID="StyleId-255154CA-71AA-47B9-A5EB-ED90642010CE-" ALIGN="Block" LEFT="0." RIGHT="0." FIRSTLINE="13." LINESPACE="7.900000095"/>
<ParagraphStyle ID="StyleId-4618FB06-20CA-4F95-9CA2-829603EE887D-" ALIGN="Block" LEFT="0." RIGHT="0." FIRSTLINE="0." LINESPACE="10."/>
<ParagraphStyle ID="StyleId-61F9B98E-BA82-4DCF-809A-0C5481162321-" ALIGN="Left" LEFT="0." RIGHT="0." FIRSTLINE="-13." LINESPACE="8.479999542"/>
<ParagraphStyle ID="StyleId-16A4FB0C-4CB7-44C8-846E-AF89DD76FC73-" ALIGN="Left" LEFT="0." RIGHT="0." FIRSTLINE="0." LINESPACE="11.10000038"/>
<ParagraphStyle ID="StyleId-8CC01B24-9D1D-45D5-B954-83ECA9EA3425-" ALIGN="Left" LEFT="0." RIGHT="0." FIRSTLINE="-13." LINESPACE="8.050000191"/>
<ParagraphStyle ID="StyleId-3DB8CD3F-AD17-4DD7-8361-787A6A426C72-" ALIGN="Block" LEFT="0." RIGHT="0." FIRSTLINE="13." LINESPACE="7.900000095"/>
</Styles>
<Layout>
<Page ID="Page1695" PHYSICAL_IMG_NR="1695" HEIGHT="4389" WIDTH="2542">
<TopMargin HEIGHT="330" WIDTH="2542" VPOS="0" HPOS="0">
</TopMargin>
<LeftMargin HEIGHT="3726" WIDTH="104" VPOS="330" HPOS="0">
</LeftMargin>
<RightMargin HEIGHT="3726" WIDTH="256" VPOS="330" HPOS="2286">
</RightMargin>
<BottomMargin HEIGHT="333" WIDTH="2542" VPOS="4056" HPOS="0">
</BottomMargin>
<PrintSpace HEIGHT="3726" WIDTH="2182" VPOS="330" HPOS="104">
<TextBlock ID="Page1695_Block1" HEIGHT="70" WIDTH="154" VPOS="3986" HPOS="1074" LANG="en-US" STYLEREFS="StyleId-510CF178-4605-44EF-91D1-99A97B545C9C-">
<TextLine HEIGHT="50" WIDTH="134" VPOS="3996" HPOS="1083">
<String CONTENT="1695" HEIGHT="50" WIDTH="134" VPOS="3996" HPOS="1083"/>
</TextLine>
</TextBlock>
<TextBlock ID="Page1695_Block2" HEIGHT="2826" WIDTH="2040" VPOS="330" HPOS="124" LANG="en-US" CS="1" STYLEREFS="StyleId-0C3CE442-FBAF-4F1D-993A-B6E74371208E-">
<TextLine HEIGHT="110" WIDTH="1984" VPOS="418" HPOS="142" CS="1">
<String CONTENT="Piper&#8217;s" HEIGHT="49" WIDTH="183" VPOS="424" HPOS="142"/>
<SP HEIGHT="38" WIDTH="35" VPOS="434" HPOS="326"/>
<String CONTENT="pickle.&#8212;Fog.&#8212;She" HEIGHT="50" WIDTH="508" VPOS="422" HPOS="362"/>
<SP HEIGHT="29" WIDTH="36" VPOS="433" HPOS="871"/>
<String CONTENT="was" HEIGHT="30" WIDTH="101" VPOS="432" HPOS="908"/>
<SP HEIGHT="30" WIDTH="37" VPOS="432" HPOS="1010"/>
<String CONTENT="a" HEIGHT="30" WIDTH="27" VPOS="432" HPOS="1048"/>
<SP HEIGHT="30" WIDTH="36" VPOS="432" HPOS="1076"/>
<String CONTENT="woman.&#8212;The" HEIGHT="41" WIDTH="369" VPOS="420" HPOS="1113"/>
<SP HEIGHT="30" WIDTH="37" VPOS="431" HPOS="1483"/>
<String CONTENT="silent" HEIGHT="41" WIDTH="146" VPOS="420" HPOS="1521"/>
<SP HEIGHT="39" WIDTH="35" VPOS="421" HPOS="1668"/>
<String CONTENT="witness.&#8212;Something" HEIGHT="110" WIDTH="1984" VPOS="418" HPOS="142"/>
</TextLine>
<TextLine HEIGHT="49" WIDTH="1673" VPOS="475" HPOS="307" CS="1">
<String CONTENT="different.&#8212;Gilbert" HEIGHT="41" WIDTH="496" VPOS="479" HPOS="307"/>
<SP HEIGHT="37" WIDTH="26" VPOS="482" HPOS="804"/>
<String CONTENT="the" HEIGHT="41" WIDTH="80" VPOS="478" HPOS="831"/>
<SP HEIGHT="41" WIDTH="25" VPOS="478" HPOS="912"/>
<String CS="1" CONTENT="filbert.&#8212;All" HEIGHT="40" WIDTH="318" VPOS="478" HPOS="938"/>
<SP HEIGHT="39" WIDTH="25" VPOS="479" HPOS="1257"/>
<String CONTENT="or" HEIGHT="30" WIDTH="53" VPOS="488" HPOS="1283"/>
<SP HEIGHT="29" WIDTH="25" VPOS="487" HPOS="1337"/>
<String CONTENT="nothing.&#8212;Called" HEIGHT="49" WIDTH="451" VPOS="475" HPOS="1363"/>
<SP HEIGHT="40" WIDTH="28" VPOS="476" HPOS="1815"/>
<String CONTENT="back." HEIGHT="41" WIDTH="136" VPOS="475" HPOS="1844"/>
</TextLine>
<TextLine HEIGHT="110" WIDTH="1979" VPOS="531" HPOS="145" CS="1">
<String CONTENT="&#169;" HEIGHT="52" WIDTH="51" VPOS="532" HPOS="145"/>
<SP HEIGHT="52" WIDTH="27" VPOS="532" HPOS="197"/>
<String CONTENT="Oct." HEIGHT="41" WIDTH="103" VPOS="536" HPOS="225"/>
<SP HEIGHT="40" WIDTH="24" VPOS="537" HPOS="329"/>
<String CONTENT="18," HEIGHT="48" WIDTH="69" VPOS="536" HPOS="354"/>
<SP HEIGHT="47" WIDTH="23" VPOS="537" HPOS="424"/>
<String CS="1" CONTENT="1929;" HEIGHT="40" WIDTH="117" VPOS="535" HPOS="448"/>
<SP HEIGHT="46" WIDTH="27" VPOS="536" HPOS="589"/>
<String CONTENT="2c." HEIGHT="39" WIDTH="67" VPOS="536" HPOS="617"/>
<SP HEIGHT="41" WIDTH="28" VPOS="535" HPOS="685"/>
<String CONTENT="Oct." HEIGHT="41" WIDTH="102" VPOS="535" HPOS="714"/>
<SP HEIGHT="41" WIDTH="24" VPOS="535" HPOS="817"/>
<String CS="1" CONTENT="19;" HEIGHT="40" WIDTH="58" VPOS="534" HPOS="842"/>
<SP HEIGHT="36" WIDTH="29" VPOS="545" HPOS="925"/>
<String CONTENT="aff." HEIGHT="40" WIDTH="82" VPOS="534" HPOS="955"/>
<SP HEIGHT="40" WIDTH="27" VPOS="534" HPOS="1038"/>
<String CONTENT="Oct." HEIGHT="40" WIDTH="102" VPOS="534" HPOS="1066"/>
<SP HEIGHT="39" WIDTH="26" VPOS="534" HPOS="1169"/>
<String CS="1" CONTENT="24;" HEIGHT="38" WIDTH="57" VPOS="534" HPOS="1196"/>
<SP HEIGHT="47" WIDTH="27" VPOS="533" HPOS="1280"/>
<!-- cceid A6DCB617-6CFA-1014-9C3C-CEA95E7AA542 --><String CONTENT="A" HEIGHT="39" WIDTH="43" VPOS="533" HPOS="1308"/>
<SP HEIGHT="39" WIDTH="23" VPOS="533" HPOS="1352"/>
<String CS="1" CONTENT="14430;" HEIGHT="40" WIDTH="145" VPOS="532" HPOS="1376"/>
<SP HEIGHT="42" WIDTH="31" VPOS="532" HPOS="1548"/>
<String CONTENT="C." HEIGHT="40" WIDTH="50" VPOS="532" HPOS="1580"/>
<SP HEIGHT="40" WIDTH="25" VPOS="532" HPOS="1631"/>
<String CONTENT="Hamilton," HEIGHT="47" WIDTH="270" VPOS="531" HPOS="1657"/>
<SP HEIGHT="47" WIDTH="28" VPOS="531" HPOS="1928"/>
<String CONTENT="Bronxville," HEIGHT="110" WIDTH="1913" VPOS="531" HPOS="211"/>
<SP HEIGHT="48" WIDTH="28" VPOS="593" HPOS="340"/>
<String LANG="fr" CONTENT="N." HEIGHT="39" WIDTH="57" VPOS="593" HPOS="369"/>
<SP HEIGHT="39" WIDTH="29" VPOS="593" HPOS="427"/>
<String CONTENT="Y." HEIGHT="40" WIDTH="53" VPOS="593" HPOS="457"/>
<SP HEIGHT="48" WIDTH="66" VPOS="591" HPOS="511"/>
<String CONTENT="(29-22419)" HEIGHT="48" WIDTH="280" VPOS="591" HPOS="578"/>
</TextLine>
<TextLine HEIGHT="64" WIDTH="926" VPOS="655" HPOS="137" STYLEREFS="StyleId-510CF178-4605-44EF-91D1-99A97B545C9C-">
<String CONTENT="Howard," HEIGHT="63" WIDTH="277" VPOS="656" HPOS="137"/>
<SP HEIGHT="63" WIDTH="26" VPOS="656" HPOS="415"/>
<String CONTENT="John" HEIGHT="54" WIDTH="156" VPOS="655" HPOS="442"/>
<SP HEIGHT="51" WIDTH="24" VPOS="657" HPOS="599"/>
<String CONTENT="Harris," HEIGHT="63" WIDTH="234" VPOS="656" HPOS="624"/>
<SP HEIGHT="56" WIDTH="30" VPOS="663" HPOS="859"/>
<String CONTENT="1861-" HEIGHT="49" WIDTH="173" VPOS="661" HPOS="890"/>
</TextLine>
<TextLine HEIGHT="72" WIDTH="1937" VPOS="731" HPOS="206" STYLEREFS="StyleId-510CF178-4605-44EF-91D1-99A97B545C9C-">
<String CONTENT="A" HEIGHT="52" WIDTH="57" VPOS="735" HPOS="206"/>
<SP HEIGHT="52" WIDTH="34" VPOS="735" HPOS="264"/>
<String CONTENT="history" HEIGHT="69" WIDTH="224" VPOS="733" HPOS="299"/>
<SP HEIGHT="50" WIDTH="35" VPOS="752" HPOS="524"/>
<String CONTENT="of" HEIGHT="54" WIDTH="65" VPOS="732" HPOS="560"/>
<SP HEIGHT="54" WIDTH="35" VPOS="732" HPOS="626"/>
<String CONTENT="Herring" HEIGHT="70" WIDTH="260" VPOS="733" HPOS="662"/>
<SP HEIGHT="68" WIDTH="36" VPOS="735" HPOS="923"/>
<String CONTENT="Lake;" HEIGHT="68" WIDTH="184" VPOS="733" HPOS="960"/>
<SP HEIGHT="48" WIDTH="40" VPOS="753" HPOS="1145"/>
<String CONTENT="with" HEIGHT="53" WIDTH="141" VPOS="733" HPOS="1186"/>
<SP HEIGHT="51" WIDTH="40" VPOS="734" HPOS="1328"/>
<String CONTENT="an" HEIGHT="33" WIDTH="71" VPOS="751" HPOS="1369"/>
<SP HEIGHT="52" WIDTH="40" VPOS="732" HPOS="1441"/>
<String CONTENT="introductory" HEIGHT="68" WIDTH="400" VPOS="732" HPOS="1482"/>
<SP HEIGHT="69" WIDTH="36" VPOS="731" HPOS="1883"/>
<String CONTENT="legend," HEIGHT="69" WIDTH="223" VPOS="731" HPOS="1920"/>
</TextLine>
<TextLine HEIGHT="150" WIDTH="1984" VPOS="809" HPOS="135" STYLEREFS="StyleId-510CF178-4605-44EF-91D1-99A97B545C9C-" CS="1">
<String CONTENT="The" HEIGHT="53" WIDTH="122" VPOS="812" HPOS="137"/>
<SP HEIGHT="53" WIDTH="27" VPOS="812" HPOS="260"/>
<String CONTENT="bride" HEIGHT="53" WIDTH="164" VPOS="811" HPOS="288"/>
<SP HEIGHT="34" WIDTH="27" VPOS="829" HPOS="453"/>
<String CONTENT="of" HEIGHT="52" WIDTH="64" VPOS="811" HPOS="481"/>
<SP HEIGHT="52" WIDTH="25" VPOS="811" HPOS="546"/>
<String CONTENT="mystery," HEIGHT="64" WIDTH="271" VPOS="816" HPOS="572"/>
<SP HEIGHT="65" WIDTH="28" VPOS="811" HPOS="844"/>
<String CONTENT="by" HEIGHT="69" WIDTH="74" VPOS="811" HPOS="873"/>
<SP HEIGHT="64" WIDTH="29" VPOS="816" HPOS="948"/>
<String CONTENT="the" HEIGHT="52" WIDTH="97" VPOS="811" HPOS="978"/>
<SP HEIGHT="50" WIDTH="28" VPOS="813" HPOS="1076"/>
<String CONTENT="Bard" HEIGHT="52" WIDTH="160" VPOS="811" HPOS="1105"/>
<SP HEIGHT="52" WIDTH="30" VPOS="811" HPOS="1266"/>
<String CONTENT="of" HEIGHT="54" WIDTH="64" VPOS="809" HPOS="1297"/>
<SP HEIGHT="54" WIDTH="30" VPOS="809" HPOS="1362"/>
<String CONTENT="Benzie" HEIGHT="53" WIDTH="210" VPOS="810" HPOS="1393"/>
<SP HEIGHT="70" WIDTH="38" VPOS="810" HPOS="1604"/>
<String CONTENT="(John" HEIGHT="71" WIDTH="187" VPOS="809" HPOS="1643"/>
<SP HEIGHT="52" WIDTH="25" VPOS="810" HPOS="1831"/>
<String CONTENT="H." HEIGHT="52" WIDTH="79" VPOS="810" HPOS="1857"/>
<SP HEIGHT="53" WIDTH="29" VPOS="809" HPOS="1937"/>
<String CONTENT="Howard)" HEIGHT="150" WIDTH="1984" VPOS="809" HPOS="135"/>
</TextLine>
<TextLine HEIGHT="70" WIDTH="1593" VPOS="887" HPOS="354" STYLEREFS="StyleId-510CF178-4605-44EF-91D1-99A97B545C9C-" CS="1">
<String CONTENT="Boston," HEIGHT="67" WIDTH="233" VPOS="890" HPOS="354"/>
<SP HEIGHT="66" WIDTH="33" VPOS="891" HPOS="588"/>
<String CONTENT="The" HEIGHT="53" WIDTH="120" VPOS="889" HPOS="622"/>
<SP HEIGHT="55" WIDTH="34" VPOS="889" HPOS="743"/>
<String CONTENT="Christopher" HEIGHT="69" WIDTH="380" VPOS="887" HPOS="778"/>
<SP HEIGHT="50" WIDTH="30" VPOS="906" HPOS="1159"/>
<String CONTENT="publishing" HEIGHT="70" WIDTH="339" VPOS="887" HPOS="1190"/>
<SP HEIGHT="68" WIDTH="29" VPOS="889" HPOS="1530"/>
<String CONTENT="house" HEIGHT="51" WIDTH="173" VPOS="889" HPOS="1560"/>
<SP HEIGHT="50" WIDTH="36" VPOS="905" HPOS="1734"/>
<String STYLE="subscript" CONTENT="[" HEIGHT="34" WIDTH="14" VPOS="921" HPOS="1771"/>
<String STYLE="superscript" CS="1" CONTENT="&#7580;1"/>
<String CS="1" CONTENT="929]" HEIGHT="51" WIDTH="101" VPOS="888" HPOS="1846"/>
</TextLine>
<TextLine HEIGHT="52" WIDTH="1194" VPOS="968" HPOS="210" STYLEREFS="StyleId-510CF178-4605-44EF-91D1-99A97B545C9C-" CS="1">
<String CONTENT="5" HEIGHT="39" WIDTH="26" VPOS="971" HPOS="210"/>
<SP HEIGHT="47" WIDTH="24" VPOS="971" HPOS="237"/>
<String LANG="fr" CONTENT="p." HEIGHT="37" WIDTH="44" VPOS="981" HPOS="262"/>
<SP HEIGHT="37" WIDTH="25" VPOS="975" HPOS="307"/>
<String CONTENT="l.," HEIGHT="43" WIDTH="43" VPOS="975" HPOS="333"/>
<SP HEIGHT="30" WIDTH="31" VPOS="990" HPOS="377"/>
<String CS="1" CONTENT="[9]-84" HEIGHT="51" WIDTH="145" VPOS="969" HPOS="409"/>
<SP HEIGHT="47" WIDTH="24" VPOS="971" HPOS="555"/>
<String CONTENT="p." HEIGHT="37" WIDTH="42" VPOS="981" HPOS="580"/>
<SP HEIGHT="41" WIDTH="59" VPOS="969" HPOS="623"/>
<String CONTENT="front.," HEIGHT="47" WIDTH="164" VPOS="969" HPOS="683"/>
<SP HEIGHT="37" WIDTH="26" VPOS="980" HPOS="848"/>
<String CONTENT="plates," HEIGHT="47" WIDTH="172" VPOS="970" HPOS="875"/>
<SP HEIGHT="37" WIDTH="28" VPOS="979" HPOS="1048"/>
<String CONTENT="ports." HEIGHT="46" WIDTH="151" VPOS="970" HPOS="1077"/>
<SP HEIGHT="41" WIDTH="58" VPOS="968" HPOS="1229"/>
<String CONTENT="21" HEIGHT="40" WIDTH="55" VPOS="968" HPOS="1288"/>
<String STYLE="superscript" CS="1" CONTENT="&#7580;&#7504;"/>
<String CONTENT="." HEIGHT="7" WIDTH="7" VPOS="1002" HPOS="1397"/>
</TextLine>
<TextLine HEIGHT="51" WIDTH="1243" VPOS="1024" HPOS="208">
<String CONTENT="Herring" HEIGHT="48" WIDTH="216" VPOS="1027" HPOS="208"/>
<SP HEIGHT="48" WIDTH="23" VPOS="1027" HPOS="425"/>
<String CONTENT="Lake" HEIGHT="39" WIDTH="129" VPOS="1027" HPOS="449"/>
<SP HEIGHT="40" WIDTH="25" VPOS="1026" HPOS="579"/>
<String CONTENT="is" HEIGHT="40" WIDTH="41" VPOS="1026" HPOS="605"/>
<SP HEIGHT="41" WIDTH="22" VPOS="1025" HPOS="647"/>
<String CONTENT="in" HEIGHT="40" WIDTH="50" VPOS="1025" HPOS="670"/>
<SP HEIGHT="38" WIDTH="26" VPOS="1027" HPOS="721"/>
<String CONTENT="Benzie" HEIGHT="39" WIDTH="178" VPOS="1026" HPOS="748"/>
<SP HEIGHT="41" WIDTH="26" VPOS="1025" HPOS="927"/>
<String CONTENT="County," HEIGHT="47" WIDTH="205" VPOS="1025" HPOS="954"/>
<SP HEIGHT="46" WIDTH="27" VPOS="1026" HPOS="1160"/>
<String CONTENT="Michigan." HEIGHT="48" WIDTH="263" VPOS="1024" HPOS="1188"/>
</TextLine>
<TextLine HEIGHT="52" WIDTH="1997" VPOS="1080" HPOS="144" CS="1">
<String CONTENT="&#169;" HEIGHT="52" WIDTH="52" VPOS="1080" HPOS="144"/>
<SP HEIGHT="52" WIDTH="30" VPOS="1080" HPOS="197"/>
<String CONTENT="Sept." HEIGHT="48" WIDTH="130" VPOS="1084" HPOS="228"/>
<SP HEIGHT="40" WIDTH="25" VPOS="1085" HPOS="359"/>
<String CONTENT="14," HEIGHT="47" WIDTH="69" VPOS="1085" HPOS="385"/>
<SP HEIGHT="47" WIDTH="27" VPOS="1085" HPOS="455"/>
<String CS="1" CONTENT="1929;" HEIGHT="40" WIDTH="117" VPOS="1083" HPOS="483"/>
<SP HEIGHT="39" WIDTH="27" VPOS="1084" HPOS="625"/>
<String CONTENT="2c." HEIGHT="40" WIDTH="70" VPOS="1084" HPOS="653"/>
<SP HEIGHT="41" WIDTH="28" VPOS="1083" HPOS="724"/>
<String CONTENT="Sept." HEIGHT="47" WIDTH="129" VPOS="1083" HPOS="753"/>
<SP HEIGHT="40" WIDTH="26" VPOS="1083" HPOS="883"/>
<String CS="1" CONTENT="21;" HEIGHT="38" WIDTH="49" VPOS="1083" HPOS="910"/>
<SP HEIGHT="36" WIDTH="29" VPOS="1093" HPOS="994"/>
<String CONTENT="aff." HEIGHT="42" WIDTH="83" VPOS="1082" HPOS="1024"/>
<SP HEIGHT="42" WIDTH="30" VPOS="1082" HPOS="1108"/>
<String CONTENT="Sept." HEIGHT="48" WIDTH="129" VPOS="1082" HPOS="1139"/>
<SP HEIGHT="41" WIDTH="27" VPOS="1082" HPOS="1269"/>
<String CONTENT="20;" HEIGHT="47" WIDTH="83" VPOS="1082" HPOS="1297"/>
<SP HEIGHT="46" WIDTH="29" VPOS="1083" HPOS="1381"/>
<!-- cceid A6DD035E-6CFA-1014-9C3C-CEA95E7AA542 --><String CONTENT="A" HEIGHT="38" WIDTH="42" VPOS="1083" HPOS="1411"/>
<SP HEIGHT="38" WIDTH="25" VPOS="1083" HPOS="1454"/>
<String CONTENT="12472;" HEIGHT="48" WIDTH="171" VPOS="1081" HPOS="1480"/>
<SP HEIGHT="47" WIDTH="30" VPOS="1082" HPOS="1652"/>
<String CONTENT="Christopher" HEIGHT="49" WIDTH="322" VPOS="1080" HPOS="1683"/>
<SP HEIGHT="37" WIDTH="25" VPOS="1091" HPOS="2006"/>
<String CONTENT="pub." HEIGHT="48" WIDTH="109" VPOS="1080" HPOS="2032"/>
</TextLine>
<TextLine HEIGHT="49" WIDTH="515" VPOS="1139" HPOS="211">
<String CONTENT="house." HEIGHT="39" WIDTH="165" VPOS="1141" HPOS="211"/>
<SP HEIGHT="48" WIDTH="68" VPOS="1140" HPOS="377"/>
<String CONTENT="(29-22641)" HEIGHT="49" WIDTH="280" VPOS="1139" HPOS="446"/>
</TextLine>
<TextLine HEIGHT="64" WIDTH="536" VPOS="1204" HPOS="136" STYLEREFS="StyleId-510CF178-4605-44EF-91D1-99A97B545C9C-">
<String CONTENT="James," HEIGHT="64" WIDTH="222" VPOS="1204" HPOS="136"/>
<SP HEIGHT="63" WIDTH="25" VPOS="1205" HPOS="359"/>
<String CONTENT="Marquis." HEIGHT="64" WIDTH="287" VPOS="1204" HPOS="385"/>
</TextLine>
<TextLine HEIGHT="70" WIDTH="1937" VPOS="1281" HPOS="209" STYLEREFS="StyleId-510CF178-4605-44EF-91D1-99A97B545C9C-">
<String CONTENT="The" HEIGHT="51" WIDTH="123" VPOS="1284" HPOS="209"/>
<SP HEIGHT="52" WIDTH="47" VPOS="1283" HPOS="333"/>
<String CONTENT="Raven;" HEIGHT="67" WIDTH="226" VPOS="1283" HPOS="381"/>
<SP HEIGHT="50" WIDTH="53" VPOS="1300" HPOS="608"/>
<String CONTENT="a" HEIGHT="33" WIDTH="31" VPOS="1300" HPOS="662"/>
<SP HEIGHT="51" WIDTH="50" VPOS="1283" HPOS="694"/>
<String CONTENT="biography" HEIGHT="69" WIDTH="325" VPOS="1282" HPOS="745"/>
<SP HEIGHT="51" WIDTH="49" VPOS="1300" HPOS="1071"/>
<String CONTENT="of" HEIGHT="52" WIDTH="66" VPOS="1281" HPOS="1121"/>
<SP HEIGHT="55" WIDTH="50" VPOS="1281" HPOS="1188"/>
<String CONTENT="Sam" HEIGHT="55" WIDTH="136" VPOS="1281" HPOS="1239"/>
<SP HEIGHT="52" WIDTH="48" VPOS="1282" HPOS="1376"/>
<String CONTENT="Houston," HEIGHT="67" WIDTH="285" VPOS="1282" HPOS="1425"/>
<SP HEIGHT="67" WIDTH="49" VPOS="1282" HPOS="1711"/>
<String CONTENT="by" HEIGHT="68" WIDTH="74" VPOS="1282" HPOS="1761"/>
<SP HEIGHT="68" WIDTH="46" VPOS="1282" HPOS="1836"/>
<String CONTENT="Marquis" HEIGHT="69" WIDTH="263" VPOS="1281" HPOS="1883"/>
</TextLine>
<TextLine HEIGHT="70" WIDTH="2003" VPOS="1359" HPOS="136" STYLEREFS="StyleId-510CF178-4605-44EF-91D1-99A97B545C9C-" CS="1">
<String CONTENT="James" HEIGHT="55" WIDTH="194" VPOS="1359" HPOS="136"/>
<SP HEIGHT="35" WIDTH="43" VPOS="1379" HPOS="331"/>
<String CS="1" CONTENT="&#8230;"/>
<SP HEIGHT="53" WIDTH="77" VPOS="1361" HPOS="432"/>
<String CONTENT="Indianapolis," HEIGHT="68" WIDTH="421" VPOS="1359" HPOS="510"/>
<SP HEIGHT="64" WIDTH="38" VPOS="1362" HPOS="932"/>
<String CONTENT="The" HEIGHT="52" WIDTH="122" VPOS="1361" HPOS="971"/>
<SP HEIGHT="51" WIDTH="37" VPOS="1361" HPOS="1094"/>
<String CONTENT="Bobbs-Merrill" HEIGHT="53" WIDTH="448" VPOS="1359" HPOS="1132"/>
<SP HEIGHT="52" WIDTH="36" VPOS="1360" HPOS="1581"/>
<String CONTENT="company" HEIGHT="52" WIDTH="282" VPOS="1377" HPOS="1618"/>
<SP HEIGHT="50" WIDTH="44" VPOS="1379" HPOS="1901"/>
<String CS="1" CONTENT="["/>
<String STYLE="superscript" CS="1" CONTENT="&#7580;1"/>
<String CONTENT="929]" HEIGHT="64" WIDTH="118" VPOS="1363" HPOS="2021"/>
</TextLine>
<TextLine HEIGHT="50" WIDTH="1927" VPOS="1440" HPOS="210" STYLEREFS="StyleId-510CF178-4605-44EF-91D1-99A97B545C9C-" CS="1">
<String CONTENT="7" HEIGHT="39" WIDTH="26" VPOS="1443" HPOS="210"/>
<SP HEIGHT="47" WIDTH="23" VPOS="1443" HPOS="237"/>
<String LANG="fr" CONTENT="p." HEIGHT="38" WIDTH="44" VPOS="1452" HPOS="261"/>
<SP/>
<String LANG="fr" CS="1" CONTENT="l.,"/>
<SP/>
<String CONTENT="3-489" HEIGHT="42" WIDTH="145" VPOS="1440" HPOS="402"/>
<SP HEIGHT="50" WIDTH="23" VPOS="1440" HPOS="548"/>
<String CONTENT="p." HEIGHT="39" WIDTH="45" VPOS="1451" HPOS="572"/>
<SP HEIGHT="39" WIDTH="57" VPOS="1442" HPOS="618"/>
<String CONTENT="front.," HEIGHT="47" WIDTH="165" VPOS="1442" HPOS="676"/>
<SP HEIGHT="48" WIDTH="25" VPOS="1441" HPOS="842"/>
<String CONTENT="illus." HEIGHT="40" WIDTH="130" VPOS="1441" HPOS="868"/>
<SP HEIGHT="48" WIDTH="25" VPOS="1441" HPOS="999"/>
<String CONTENT="(facsim.)" HEIGHT="49" WIDTH="241" VPOS="1440" HPOS="1025"/>
<SP HEIGHT="49" WIDTH="34" VPOS="1440" HPOS="1267"/>
<String CONTENT="plates," HEIGHT="48" WIDTH="173" VPOS="1441" HPOS="1302"/>
<SP HEIGHT="38" WIDTH="26" VPOS="1452" HPOS="1476"/>
<String CONTENT="ports.," HEIGHT="47" WIDTH="164" VPOS="1443" HPOS="1503"/>
<SP HEIGHT="37" WIDTH="26" VPOS="1451" HPOS="1668"/>
<String CONTENT="maps" HEIGHT="38" WIDTH="137" VPOS="1450" HPOS="1695"/>
<SP HEIGHT="48" WIDTH="27" VPOS="1441" HPOS="1833"/>
<String CONTENT="(1" HEIGHT="48" WIDTH="49" VPOS="1441" HPOS="1861"/>
<SP HEIGHT="39" WIDTH="25" VPOS="1441" HPOS="1911"/>
<String CONTENT="double)" HEIGHT="47" WIDTH="200" VPOS="1441" HPOS="1937"/>
</TextLine>
<TextLine HEIGHT="42" WIDTH="147" VPOS="1497" HPOS="137" STYLEREFS="StyleId-510CF178-4605-44EF-91D1-99A97B545C9C-" CS="1">
<String CS="1" CONTENT="22&#189;" HEIGHT="40" WIDTH="57" VPOS="1497" HPOS="137"/>
<String STYLE="superscript" CS="1" CONTENT="&#7580;&#7504;"/>
<String CONTENT="." HEIGHT="9" WIDTH="9" VPOS="1530" HPOS="275"/>
</TextLine>
<TextLine HEIGHT="43" WIDTH="418" VPOS="1553" HPOS="210">
<String CONTENT="&#8220;First" HEIGHT="41" WIDTH="163" VPOS="1555" HPOS="210"/>
<SP HEIGHT="39" WIDTH="25" VPOS="1557" HPOS="374"/>
<String CONTENT="edition.&#8221;" HEIGHT="42" WIDTH="228" VPOS="1553" HPOS="400"/>
</TextLine>
<TextLine HEIGHT="49" WIDTH="1240" VPOS="1609" HPOS="211">
<String CONTENT="&#8220;Sources" HEIGHT="41" WIDTH="234" VPOS="1611" HPOS="211"/>
<SP HEIGHT="29" WIDTH="28" VPOS="1622" HPOS="446"/>
<String CONTENT="and" HEIGHT="38" WIDTH="93" VPOS="1612" HPOS="475"/>
<SP HEIGHT="38" WIDTH="26" VPOS="1612" HPOS="569"/>
<String CONTENT="acknowledgments&#8221;" HEIGHT="49" WIDTH="505" VPOS="1609" HPOS="596"/>
<SP HEIGHT="40" WIDTH="18" VPOS="1609" HPOS="1102"/>
<String CONTENT=":" HEIGHT="29" WIDTH="9" VPOS="1620" HPOS="1121"/>
<SP HEIGHT="37" WIDTH="28" VPOS="1620" HPOS="1131"/>
<String CONTENT="p." HEIGHT="37" WIDTH="44" VPOS="1620" HPOS="1160"/>
<SP HEIGHT="39" WIDTH="24" VPOS="1611" HPOS="1205"/>
<String CONTENT="467-470." HEIGHT="41" WIDTH="221" VPOS="1609" HPOS="1230"/>
</TextLine>
<TextLine HEIGHT="51" WIDTH="1999" VPOS="1665" HPOS="144">
<String CONTENT="&#169;" HEIGHT="51" WIDTH="52" VPOS="1665" HPOS="144"/>
<SP HEIGHT="51" WIDTH="36" VPOS="1665" HPOS="197"/>
<String CONTENT="Oct." HEIGHT="41" WIDTH="103" VPOS="1669" HPOS="234"/>
<SP HEIGHT="40" WIDTH="34" VPOS="1669" HPOS="338"/>
<String CONTENT="16," HEIGHT="48" WIDTH="69" VPOS="1668" HPOS="373"/>
<SP HEIGHT="47" WIDTH="35" VPOS="1669" HPOS="443"/>
<String CONTENT="1929;" HEIGHT="47" WIDTH="141" VPOS="1667" HPOS="479"/>
<SP HEIGHT="47" WIDTH="36" VPOS="1667" HPOS="621"/>
<String CONTENT="2c." HEIGHT="41" WIDTH="69" VPOS="1667" HPOS="658"/>
<SP HEIGHT="40" WIDTH="36" VPOS="1667" HPOS="728"/>
<String CONTENT="Oct." HEIGHT="40" WIDTH="103" VPOS="1667" HPOS="765"/>
<SP HEIGHT="40" WIDTH="35" VPOS="1667" HPOS="869"/>
<String CONTENT="21;" HEIGHT="46" WIDTH="82" VPOS="1667" HPOS="905"/>
<SP HEIGHT="36" WIDTH="40" VPOS="1677" HPOS="988"/>
<String CONTENT="aff." HEIGHT="39" WIDTH="82" VPOS="1667" HPOS="1029"/>
<SP HEIGHT="41" WIDTH="37" VPOS="1666" HPOS="1112"/>
<String CONTENT="Oct." HEIGHT="41" WIDTH="102" VPOS="1666" HPOS="1150"/>
<SP HEIGHT="40" WIDTH="36" VPOS="1667" HPOS="1253"/>
<String CONTENT="23;" HEIGHT="46" WIDTH="83" VPOS="1667" HPOS="1290"/>
<SP HEIGHT="47" WIDTH="38" VPOS="1666" HPOS="1374"/>
<!-- cceid A6DD445D-6CFA-1014-9C3C-CEA95E7AA542 --><String CONTENT="A" HEIGHT="40" WIDTH="41" VPOS="1666" HPOS="1413"/>
<SP HEIGHT="40" WIDTH="35" VPOS="1666" HPOS="1455"/>
<String CONTENT="14316;" HEIGHT="47" WIDTH="170" VPOS="1667" HPOS="1491"/>
<SP HEIGHT="46" WIDTH="40" VPOS="1668" HPOS="1662"/>
<String CONTENT="Marquis" HEIGHT="47" WIDTH="220" VPOS="1667" HPOS="1703"/>
<SP HEIGHT="40" WIDTH="37" VPOS="1667" HPOS="1924"/>
<String CONTENT="James," HEIGHT="48" WIDTH="181" VPOS="1667" HPOS="1962"/>
</TextLine>
<TextLine HEIGHT="49" WIDTH="889" VPOS="1723" HPOS="214">
<String CONTENT="Pleasantville," HEIGHT="48" WIDTH="363" VPOS="1724" HPOS="214"/>
<SP HEIGHT="47" WIDTH="29" VPOS="1725" HPOS="578"/>
<String LANG="fr" CONTENT="N." HEIGHT="39" WIDTH="55" VPOS="1725" HPOS="608"/>
<SP HEIGHT="39" WIDTH="32" VPOS="1725" HPOS="664"/>
<String CONTENT="Y." HEIGHT="39" WIDTH="55" VPOS="1725" HPOS="697"/>
<SP HEIGHT="48" WIDTH="67" VPOS="1724" HPOS="753"/>
<String CONTENT="(29-22644)" HEIGHT="49" WIDTH="282" VPOS="1723" HPOS="821"/>
</TextLine>
<TextLine HEIGHT="65" WIDTH="660" VPOS="1789" HPOS="135" STYLEREFS="StyleId-510CF178-4605-44EF-91D1-99A97B545C9C-" CS="1">
<String LANG="fr" CONTENT="J" HEIGHT="53" WIDTH="35" VPOS="1789" HPOS="135"/>
<String LANG="en-US" CS="1" CONTENT="&#225;"/>
<String LANG="fr" CONTENT="szi," HEIGHT="65" WIDTH="104" VPOS="1789" HPOS="212"/>
<SP HEIGHT="65" WIDTH="29" VPOS="1789" HPOS="317"/>
<String LANG="fr" CONTENT="Oszk" HEIGHT="53" WIDTH="155" VPOS="1789" HPOS="347"/>
<String LANG="en-US" CS="1" CONTENT="&#225;"/>
<String LANG="fr" CONTENT="r," HEIGHT="48" WIDTH="48" VPOS="1805" HPOS="544"/>
<SP HEIGHT="58" WIDTH="32" VPOS="1795" HPOS="593"/>
<String LANG="en-US" CONTENT="1875-" HEIGHT="53" WIDTH="169" VPOS="1790" HPOS="626"/>
</TextLine>
<TextLine HEIGHT="69" WIDTH="1938" VPOS="1867" HPOS="208" STYLEREFS="StyleId-510CF178-4605-44EF-91D1-99A97B545C9C-" CS="1">
<String LANG="en-US" CONTENT="The" HEIGHT="51" WIDTH="123" VPOS="1869" HPOS="208"/>
<SP HEIGHT="52" WIDTH="30" VPOS="1868" HPOS="332"/>
<String LANG="en-US" CONTENT="dissolution" HEIGHT="53" WIDTH="339" VPOS="1867" HPOS="363"/>
<SP HEIGHT="34" WIDTH="31" VPOS="1885" HPOS="703"/>
<String LANG="en-US" CONTENT="of" HEIGHT="52" WIDTH="64" VPOS="1867" HPOS="735"/>
<SP HEIGHT="52" WIDTH="31" VPOS="1867" HPOS="800"/>
<String LANG="en-US" CONTENT="the" HEIGHT="52" WIDTH="96" VPOS="1868" HPOS="832"/>
<SP HEIGHT="52" WIDTH="29" VPOS="1868" HPOS="929"/>
<String LANG="de" CONTENT="Habsburg" HEIGHT="69" WIDTH="315" VPOS="1867" HPOS="959"/>
<SP HEIGHT="50" WIDTH="29" VPOS="1886" HPOS="1275"/>
<String LANG="en-US" CONTENT="monarchy," HEIGHT="69" WIDTH="330" VPOS="1867" HPOS="1305"/>
<SP HEIGHT="67" WIDTH="30" VPOS="1867" HPOS="1636"/>
<String LANG="en-US" CONTENT="by" HEIGHT="69" WIDTH="75" VPOS="1867" HPOS="1667"/>
<SP HEIGHT="69" WIDTH="31" VPOS="1867" HPOS="1743"/>
<String LANG="en-US" CONTENT="Oscar" HEIGHT="56" WIDTH="181" VPOS="1867" HPOS="1775"/>
<SP HEIGHT="55" WIDTH="28" VPOS="1869" HPOS="1957"/>
<String LANG="fr" CONTENT="J" HEIGHT="55" WIDTH="39" VPOS="1869" HPOS="1986"/>
<String LANG="en-US" CS="1" CONTENT="&#225;"/>
<String LANG="fr" CONTENT="szi" HEIGHT="53" WIDTH="80" VPOS="1868" HPOS="2066"/>
</TextLine>
<TextLine HEIGHT="71" WIDTH="1806" VPOS="1943" HPOS="200" STYLEREFS="StyleId-510CF178-4605-44EF-91D1-99A97B545C9C-" CS="1">
<String CS="1" CONTENT="&#8230;"/>
<SP HEIGHT="56" WIDTH="79" VPOS="1943" HPOS="200"/>
<String CONTENT="Chicago," HEIGHT="71" WIDTH="271" VPOS="1943" HPOS="280"/>
<SP HEIGHT="65" WIDTH="31" VPOS="1946" HPOS="552"/>
<String CONTENT="Ill.," HEIGHT="70" WIDTH="112" VPOS="1944" HPOS="584"/>
<SP HEIGHT="67" WIDTH="31" VPOS="1947" HPOS="697"/>
<String CONTENT="The" HEIGHT="53" WIDTH="121" VPOS="1945" HPOS="729"/>
<SP HEIGHT="54" WIDTH="32" VPOS="1945" HPOS="851"/>
<String CONTENT="University" HEIGHT="70" WIDTH="339" VPOS="1943" HPOS="884"/>
<SP HEIGHT="50" WIDTH="29" VPOS="1963" HPOS="1224"/>
<String CONTENT="of" HEIGHT="53" WIDTH="65" VPOS="1944" HPOS="1254"/>
<SP HEIGHT="56" WIDTH="31" VPOS="1944" HPOS="1320"/>
<String CONTENT="Chicago" HEIGHT="70" WIDTH="254" VPOS="1944" HPOS="1352"/>
<SP HEIGHT="51" WIDTH="29" VPOS="1963" HPOS="1607"/>
<String CONTENT="press" HEIGHT="51" WIDTH="158" VPOS="1963" HPOS="1637"/>
<SP HEIGHT="49" WIDTH="37" VPOS="1964" HPOS="1796"/>
<String CONTENT="[1929]" HEIGHT="66" WIDTH="172" VPOS="1948" HPOS="1834"/>
</TextLine>
<TextLine HEIGHT="49" WIDTH="1929" VPOS="2025" HPOS="209" STYLEREFS="StyleId-510CF178-4605-44EF-91D1-99A97B545C9C-" CS="1">
<String CONTENT="xxiv," HEIGHT="48" WIDTH="131" VPOS="2026" HPOS="209"/>
<SP HEIGHT="47" WIDTH="32" VPOS="2027" HPOS="341"/>
<String CONTENT="488" HEIGHT="42" WIDTH="88" VPOS="2025" HPOS="374"/>
<SP HEIGHT="49" WIDTH="32" VPOS="2025" HPOS="463"/>
<String CONTENT="p." HEIGHT="37" WIDTH="43" VPOS="2037" HPOS="496"/>
<SP HEIGHT="41" WIDTH="57" VPOS="2025" HPOS="540"/>
<String CS="1" CONTENT="24&#189;" HEIGHT="40" WIDTH="56" VPOS="2025" HPOS="598"/>
<String STYLE="superscript" CS="1" CONTENT="&#7580;&#7504;"/>
<String CONTENT="." HEIGHT="9" WIDTH="8" VPOS="2057" HPOS="737"/>
<SP HEIGHT="46" WIDTH="70" VPOS="2026" HPOS="746"/>
<String CONTENT="(Half-title:" HEIGHT="47" WIDTH="301" VPOS="2026" HPOS="817"/>
<SP HEIGHT="40" WIDTH="34" VPOS="2026" HPOS="1119"/>
<String CONTENT="Studies" HEIGHT="41" WIDTH="195" VPOS="2025" HPOS="1154"/>
<SP HEIGHT="40" WIDTH="38" VPOS="2026" HPOS="1350"/>
<String CONTENT="in" HEIGHT="39" WIDTH="46" VPOS="2026" HPOS="1389"/>
<SP HEIGHT="38" WIDTH="39" VPOS="2028" HPOS="1436"/>
<String CONTENT="the" HEIGHT="39" WIDTH="79" VPOS="2027" HPOS="1476"/>
<SP HEIGHT="29" WIDTH="35" VPOS="2037" HPOS="1556"/>
<String CONTENT="making" HEIGHT="45" WIDTH="198" VPOS="2025" HPOS="1592"/>
<SP HEIGHT="33" WIDTH="34" VPOS="2037" HPOS="1791"/>
<String CONTENT="of" HEIGHT="39" WIDTH="51" VPOS="2026" HPOS="1826"/>
<SP HEIGHT="40" WIDTH="33" VPOS="2026" HPOS="1878"/>
<String CONTENT="citizens)" HEIGHT="44" WIDTH="226" VPOS="2027" HPOS="1912"/>
</TextLine>
<TextLine HEIGHT="49" WIDTH="1935" VPOS="2081" HPOS="212">
<String CONTENT="&#8220;The" HEIGHT="38" WIDTH="129" VPOS="2084" HPOS="212"/>
<SP HEIGHT="37" WIDTH="37" VPOS="2093" HPOS="342"/>
<String CONTENT="present" HEIGHT="46" WIDTH="194" VPOS="2084" HPOS="380"/>
<SP HEIGHT="38" WIDTH="38" VPOS="2084" HPOS="575"/>
<String CONTENT="volume" HEIGHT="39" WIDTH="192" VPOS="2083" HPOS="614"/>
<SP HEIGHT="40" WIDTH="35" VPOS="2082" HPOS="807"/>
<String CONTENT="is" HEIGHT="40" WIDTH="41" VPOS="2082" HPOS="843"/>
<SP HEIGHT="41" WIDTH="36" VPOS="2081" HPOS="885"/>
<String CONTENT="in" HEIGHT="40" WIDTH="51" VPOS="2081" HPOS="922"/>
<SP HEIGHT="30" WIDTH="35" VPOS="2092" HPOS="974"/>
<String CONTENT="a" HEIGHT="30" WIDTH="28" VPOS="2092" HPOS="1010"/>
<SP HEIGHT="30" WIDTH="39" VPOS="2092" HPOS="1039"/>
<String CONTENT="sense" HEIGHT="30" WIDTH="138" VPOS="2092" HPOS="1079"/>
<SP HEIGHT="36" WIDTH="37" VPOS="2086" HPOS="1218"/>
<String CONTENT="the" HEIGHT="39" WIDTH="82" VPOS="2083" HPOS="1256"/>
<SP HEIGHT="29" WIDTH="36" VPOS="2093" HPOS="1339"/>
<String CONTENT="continuation" HEIGHT="39" WIDTH="337" VPOS="2083" HPOS="1376"/>
<SP HEIGHT="29" WIDTH="40" VPOS="2093" HPOS="1714"/>
<String CONTENT="of" HEIGHT="39" WIDTH="52" VPOS="2083" HPOS="1755"/>
<SP HEIGHT="39" WIDTH="36" VPOS="2083" HPOS="1808"/>
<String CONTENT="my" HEIGHT="35" WIDTH="76" VPOS="2094" HPOS="1845"/>
<SP HEIGHT="46" WIDTH="40" VPOS="2083" HPOS="1922"/>
<String CONTENT="former" HEIGHT="40" WIDTH="184" VPOS="2083" HPOS="1963"/>
</TextLine>
<TextLine HEIGHT="106" WIDTH="1991" VPOS="2138" HPOS="139" CS="1">
<String CONTENT="book:" HEIGHT="40" WIDTH="150" VPOS="2140" HPOS="139"/>
<SP HEIGHT="28" WIDTH="39" VPOS="2151" HPOS="290"/>
<String CS="1" CONTENT="&#8230;"/>
<SP HEIGHT="40" WIDTH="35" VPOS="2139" HPOS="379"/>
<String CONTENT="The" HEIGHT="40" WIDTH="101" VPOS="2139" HPOS="415"/>
<SP HEIGHT="29" WIDTH="32" VPOS="2150" HPOS="517"/>
<String CONTENT="evolution" HEIGHT="43" WIDTH="247" VPOS="2138" HPOS="550"/>
<SP HEIGHT="32" WIDTH="34" VPOS="2149" HPOS="798"/>
<String CONTENT="of" HEIGHT="40" WIDTH="51" VPOS="2138" HPOS="833"/>
<SP HEIGHT="40" WIDTH="31" VPOS="2138" HPOS="885"/>
<String CONTENT="the" HEIGHT="39" WIDTH="82" VPOS="2139" HPOS="917"/>
<SP HEIGHT="30" WIDTH="31" VPOS="2148" HPOS="1000"/>
<String CONTENT="nation" HEIGHT="40" WIDTH="170" VPOS="2138" HPOS="1032"/>
<SP HEIGHT="29" WIDTH="34" VPOS="2149" HPOS="1203"/>
<String CONTENT="states" HEIGHT="38" WIDTH="156" VPOS="2141" HPOS="1238"/>
<SP HEIGHT="31" WIDTH="33" VPOS="2148" HPOS="1395"/>
<String CONTENT="and" HEIGHT="39" WIDTH="97" VPOS="2140" HPOS="1429"/>
<SP HEIGHT="39" WIDTH="32" VPOS="2140" HPOS="1527"/>
<String CONTENT="the" HEIGHT="39" WIDTH="81" VPOS="2141" HPOS="1560"/>
<SP HEIGHT="29" WIDTH="34" VPOS="2151" HPOS="1642"/>
<String CONTENT="nationality" HEIGHT="48" WIDTH="296" VPOS="2139" HPOS="1677"/>
<SP HEIGHT="38" WIDTH="37" VPOS="2151" HPOS="1974"/>
<String CONTENT="problem" HEIGHT="95" WIDTH="1991" VPOS="2141" HPOS="139"/>
<SP HEIGHT="48" WIDTH="42" VPOS="2196" HPOS="233"/>
<String CONTENT="(in" HEIGHT="48" WIDTH="74" VPOS="2196" HPOS="276"/>
</TextLine>
<TextLine HEIGHT="49" WIDTH="1047" VPOS="2193" HPOS="384">
<String CONTENT="Hungarian;" HEIGHT="47" WIDTH="320" VPOS="2195" HPOS="384"/>
<SP HEIGHT="46" WIDTH="35" VPOS="2196" HPOS="705"/>
<String CONTENT="Budapest," HEIGHT="46" WIDTH="264" VPOS="2196" HPOS="741"/>
<SP HEIGHT="46" WIDTH="35" VPOS="2195" HPOS="1006"/>
<String CONTENT="1912).&#8221;&#8212;Pref." HEIGHT="49" WIDTH="389" VPOS="2193" HPOS="1042"/>
</TextLine>
<TextLine HEIGHT="50" WIDTH="698" VPOS="2250" HPOS="209">
<String CONTENT="Bibliography" HEIGHT="48" WIDTH="350" VPOS="2252" HPOS="209"/>
<SP HEIGHT="37" WIDTH="16" VPOS="2262" HPOS="560"/>
<String CONTENT=":" HEIGHT="29" WIDTH="9" VPOS="2262" HPOS="577"/>
<SP HEIGHT="38" WIDTH="29" VPOS="2262" HPOS="587"/>
<String CONTENT="p." HEIGHT="38" WIDTH="43" VPOS="2262" HPOS="617"/>
<SP HEIGHT="40" WIDTH="24" VPOS="2252" HPOS="661"/>
<String CONTENT="461-480." HEIGHT="42" WIDTH="221" VPOS="2250" HPOS="686"/>
</TextLine>
<TextLine HEIGHT="53" WIDTH="1998" VPOS="2305" HPOS="149" CS="1">
<String CONTENT="&#169;" HEIGHT="53" WIDTH="51" VPOS="2305" HPOS="149"/>
<SP HEIGHT="53" WIDTH="31" VPOS="2305" HPOS="201"/>
<String CONTENT="Sept." HEIGHT="48" WIDTH="129" VPOS="2310" HPOS="233"/>
<SP HEIGHT="42" WIDTH="24" VPOS="2309" HPOS="363"/>
<String CONTENT="24," HEIGHT="48" WIDTH="72" VPOS="2309" HPOS="388"/>
<SP HEIGHT="47" WIDTH="28" VPOS="2310" HPOS="461"/>
<String CS="1" CONTENT="1929;" HEIGHT="40" WIDTH="117" VPOS="2309" HPOS="490"/>
<SP HEIGHT="39" WIDTH="28" VPOS="2309" HPOS="632"/>
<String CONTENT="2c." HEIGHT="39" WIDTH="69" VPOS="2309" HPOS="661"/>
<SP HEIGHT="29" WIDTH="26" VPOS="2319" HPOS="731"/>
<String CONTENT="and" HEIGHT="39" WIDTH="95" VPOS="2309" HPOS="758"/>
<SP HEIGHT="39" WIDTH="29" VPOS="2309" HPOS="854"/>
<String CONTENT="aff." HEIGHT="42" WIDTH="84" VPOS="2307" HPOS="884"/>
<SP HEIGHT="41" WIDTH="29" VPOS="2308" HPOS="969"/>
<String CONTENT="Oct." HEIGHT="40" WIDTH="102" VPOS="2308" HPOS="999"/>
<SP HEIGHT="39" WIDTH="30" VPOS="2309" HPOS="1102"/>
<String CONTENT="18;" HEIGHT="47" WIDTH="81" VPOS="2308" HPOS="1133"/>
<SP HEIGHT="46" WIDTH="32" VPOS="2309" HPOS="1215"/>
<!-- cceid A6DD8B14-6CFA-1014-9C3C-CEA95E7AA542 --><String CONTENT="A" HEIGHT="37" WIDTH="36" VPOS="2309" HPOS="1248"/>
<SP HEIGHT="38" WIDTH="32" VPOS="2309" HPOS="1285"/>
<String CS="1" CONTENT="15107;" HEIGHT="42" WIDTH="145" VPOS="2307" HPOS="1318"/>
<SP HEIGHT="45" WIDTH="32" VPOS="2310" HPOS="1491"/>
<String CONTENT="University" HEIGHT="49" WIDTH="284" VPOS="2309" HPOS="1524"/>
<SP HEIGHT="37" WIDTH="30" VPOS="2321" HPOS="1809"/>
<String CONTENT="of" HEIGHT="40" WIDTH="51" VPOS="2310" HPOS="1840"/>
<SP HEIGHT="41" WIDTH="30" VPOS="2309" HPOS="1892"/>
<String CONTENT="Chicago," HEIGHT="46" WIDTH="224" VPOS="2309" HPOS="1923"/>
</TextLine>
<TextLine HEIGHT="49" WIDTH="571" VPOS="2365" HPOS="217">
<String CONTENT="Chicago." HEIGHT="48" WIDTH="224" VPOS="2366" HPOS="217"/>
<SP HEIGHT="48" WIDTH="64" VPOS="2366" HPOS="442"/>
<String CONTENT="(29-22812)" HEIGHT="49" WIDTH="281" VPOS="2365" HPOS="507"/>
</TextLine>
<TextLine HEIGHT="66" WIDTH="934" VPOS="2429" HPOS="139" STYLEREFS="StyleId-510CF178-4605-44EF-91D1-99A97B545C9C-">
<String CONTENT="Jones," HEIGHT="64" WIDTH="198" VPOS="2431" HPOS="139"/>
<SP HEIGHT="64" WIDTH="23" VPOS="2431" HPOS="338"/>
<String CONTENT="William" HEIGHT="56" WIDTH="257" VPOS="2429" HPOS="362"/>
<SP HEIGHT="52" WIDTH="25" VPOS="2430" HPOS="620"/>
<String CONTENT="Henry," HEIGHT="64" WIDTH="227" VPOS="2430" HPOS="646"/>
<SP HEIGHT="57" WIDTH="27" VPOS="2437" HPOS="874"/>
<String CONTENT="1896-" HEIGHT="50" WIDTH="171" VPOS="2435" HPOS="902"/>
</TextLine>
<TextLine HEIGHT="73" WIDTH="1936" VPOS="2506" HPOS="210" STYLEREFS="StyleId-510CF178-4605-44EF-91D1-99A97B545C9C-" CS="1">
<String CONTENT="The" HEIGHT="53" WIDTH="123" VPOS="2508" HPOS="210"/>
<SP HEIGHT="52" WIDTH="31" VPOS="2509" HPOS="334"/>
<String CONTENT="housing" HEIGHT="69" WIDTH="247" VPOS="2507" HPOS="366"/>
<SP HEIGHT="50" WIDTH="32" VPOS="2526" HPOS="614"/>
<String CONTENT="of" HEIGHT="54" WIDTH="66" VPOS="2506" HPOS="647"/>
<SP HEIGHT="53" WIDTH="31" VPOS="2506" HPOS="714"/>
<String CONTENT="negroes" HEIGHT="51" WIDTH="237" VPOS="2525" HPOS="746"/>
<SP HEIGHT="53" WIDTH="35" VPOS="2507" HPOS="984"/>
<String CONTENT="in" HEIGHT="53" WIDTH="60" VPOS="2507" HPOS="1020"/>
<SP HEIGHT="53" WIDTH="33" VPOS="2508" HPOS="1081"/>
<String CONTENT="Washington," HEIGHT="70" WIDTH="407" VPOS="2507" HPOS="1115"/>
<SP HEIGHT="67" WIDTH="34" VPOS="2509" HPOS="1523"/>
<String CONTENT="D." HEIGHT="53" WIDTH="72" VPOS="2509" HPOS="1558"/>
<SP HEIGHT="55" WIDTH="39" VPOS="2509" HPOS="1631"/>
<String CS="1" CONTENT="C.;" HEIGHT="55" WIDTH="64" VPOS="2509" HPOS="1671"/>
<SP HEIGHT="48" WIDTH="39" VPOS="2528" HPOS="1765"/>
<String CONTENT="a" HEIGHT="34" WIDTH="31" VPOS="2528" HPOS="1805"/>
<SP HEIGHT="35" WIDTH="37" VPOS="2528" HPOS="1837"/>
<String CONTENT="study" HEIGHT="69" WIDTH="174" VPOS="2510" HPOS="1875"/>
<SP HEIGHT="69" WIDTH="34" VPOS="2510" HPOS="2050"/>
<String CONTENT="in" HEIGHT="53" WIDTH="61" VPOS="2510" HPOS="2085"/>
</TextLine>
<TextLine HEIGHT="72" WIDTH="2006" VPOS="2585" HPOS="139" STYLEREFS="StyleId-510CF178-4605-44EF-91D1-99A97B545C9C-" CS="1">
<String CONTENT="human" HEIGHT="52" WIDTH="213" VPOS="2586" HPOS="139"/>
<SP HEIGHT="34" WIDTH="45" VPOS="2604" HPOS="353"/>
<String CONTENT="ecology," HEIGHT="68" WIDTH="249" VPOS="2586" HPOS="399"/>
<SP HEIGHT="68" WIDTH="43" VPOS="2585" HPOS="649"/>
<String CONTENT="by" HEIGHT="68" WIDTH="76" VPOS="2585" HPOS="693"/>
<SP HEIGHT="68" WIDTH="41" VPOS="2585" HPOS="770"/>
<String CONTENT="William" HEIGHT="54" WIDTH="263" VPOS="2585" HPOS="812"/>
<SP HEIGHT="52" WIDTH="42" VPOS="2586" HPOS="1076"/>
<String CONTENT="Henry" HEIGHT="69" WIDTH="206" VPOS="2586" HPOS="1119"/>
<SP HEIGHT="69" WIDTH="44" VPOS="2586" HPOS="1326"/>
<String CONTENT="Jones" HEIGHT="54" WIDTH="175" VPOS="2586" HPOS="1371"/>
<SP HEIGHT="35" WIDTH="50" VPOS="2605" HPOS="1547"/>
<String CS="1" CONTENT="&#8230;"/>
<SP HEIGHT="54" WIDTH="84" VPOS="2587" HPOS="1654"/>
<String CONTENT="Washington," HEIGHT="70" WIDTH="406" VPOS="2587" HPOS="1739"/>
</TextLine>
<TextLine HEIGHT="70" WIDTH="1210" VPOS="2663" HPOS="138" STYLEREFS="StyleId-510CF178-4605-44EF-91D1-99A97B545C9C-">
<String CONTENT="D." HEIGHT="53" WIDTH="71" VPOS="2663" HPOS="138"/>
<SP HEIGHT="55" WIDTH="30" VPOS="2663" HPOS="210"/>
<String CONTENT="C.," HEIGHT="70" WIDTH="82" VPOS="2663" HPOS="241"/>
<SP HEIGHT="70" WIDTH="24" VPOS="2663" HPOS="324"/>
<String CONTENT="Howard" HEIGHT="53" WIDTH="260" VPOS="2663" HPOS="349"/>
<SP HEIGHT="52" WIDTH="27" VPOS="2664" HPOS="610"/>
<String CONTENT="university" HEIGHT="69" WIDTH="321" VPOS="2663" HPOS="638"/>
<SP HEIGHT="51" WIDTH="27" VPOS="2681" HPOS="960"/>
<String CONTENT="press," HEIGHT="50" WIDTH="176" VPOS="2681" HPOS="988"/>
<SP HEIGHT="64" WIDTH="30" VPOS="2667" HPOS="1165"/>
<String CONTENT="1929." HEIGHT="50" WIDTH="152" VPOS="2666" HPOS="1196"/>
</TextLine>
<TextLine HEIGHT="50" WIDTH="1654" VPOS="2744" HPOS="212" CS="1">
<String CONTENT="191" HEIGHT="42" WIDTH="85" VPOS="2744" HPOS="212"/>
<SP HEIGHT="46" WIDTH="27" VPOS="2747" HPOS="298"/>
<String CONTENT="p." HEIGHT="37" WIDTH="45" VPOS="2756" HPOS="326"/>
<SP HEIGHT="41" WIDTH="27" VPOS="2744" HPOS="372"/>
<String CONTENT="incl." HEIGHT="41" WIDTH="110" VPOS="2744" HPOS="400"/>
<SP HEIGHT="40" WIDTH="29" VPOS="2744" HPOS="511"/>
<String CS="1" CONTENT="front."/>
<SP HEIGHT="48" WIDTH="26" VPOS="2744" HPOS="692"/>
<String CONTENT="(port.)" HEIGHT="48" WIDTH="174" VPOS="2744" HPOS="719"/>
<SP HEIGHT="49" WIDTH="37" VPOS="2744" HPOS="894"/>
<String CONTENT="plates," HEIGHT="48" WIDTH="172" VPOS="2745" HPOS="932"/>
<SP HEIGHT="37" WIDTH="27" VPOS="2755" HPOS="1105"/>
<String CONTENT="maps," HEIGHT="38" WIDTH="153" VPOS="2755" HPOS="1133"/>
<SP HEIGHT="47" WIDTH="30" VPOS="2745" HPOS="1287"/>
<String CONTENT="diagrs.," HEIGHT="49" WIDTH="196" VPOS="2745" HPOS="1318"/>
<SP HEIGHT="48" WIDTH="29" VPOS="2745" HPOS="1515"/>
<String CONTENT="form." HEIGHT="42" WIDTH="143" VPOS="2745" HPOS="1545"/>
<SP HEIGHT="41" WIDTH="58" VPOS="2746" HPOS="1689"/>
<String CONTENT="22" HEIGHT="39" WIDTH="57" VPOS="2746" HPOS="1748"/>
<String STYLE="superscript" CS="1" CONTENT="&#7580;&#7504;"/>
<String CONTENT="." HEIGHT="9" WIDTH="9" VPOS="2778" HPOS="1857"/>
</TextLine>
<TextLine HEIGHT="99" WIDTH="1987" VPOS="2800" HPOS="142" CS="1">
<String CONTENT="&#8220;An" HEIGHT="39" WIDTH="103" VPOS="2802" HPOS="215"/>
<SP HEIGHT="40" WIDTH="33" VPOS="2801" HPOS="319"/>
<String CONTENT="investigation" HEIGHT="49" WIDTH="349" VPOS="2800" HPOS="353"/>
<SP HEIGHT="28" WIDTH="33" VPOS="2812" HPOS="703"/>
<String CONTENT="made" HEIGHT="39" WIDTH="142" VPOS="2802" HPOS="737"/>
<SP HEIGHT="30" WIDTH="33" VPOS="2811" HPOS="880"/>
<String CONTENT="under" HEIGHT="39" WIDTH="155" VPOS="2802" HPOS="914"/>
<SP HEIGHT="38" WIDTH="33" VPOS="2803" HPOS="1070"/>
<String CONTENT="the" HEIGHT="41" WIDTH="82" VPOS="2801" HPOS="1104"/>
<SP HEIGHT="31" WIDTH="35" VPOS="2811" HPOS="1187"/>
<String CONTENT="auspices" HEIGHT="49" WIDTH="224" VPOS="2801" HPOS="1223"/>
<SP HEIGHT="29" WIDTH="36" VPOS="2813" HPOS="1448"/>
<String CONTENT="of" HEIGHT="41" WIDTH="53" VPOS="2801" HPOS="1485"/>
<SP HEIGHT="42" WIDTH="33" VPOS="2801" HPOS="1539"/>
<String CONTENT="the" HEIGHT="40" WIDTH="82" VPOS="2803" HPOS="1573"/>
<SP HEIGHT="39" WIDTH="37" VPOS="2803" HPOS="1656"/>
<String CONTENT="Interracial" HEIGHT="42" WIDTH="292" VPOS="2802" HPOS="1694"/>
<SP HEIGHT="40" WIDTH="38" VPOS="2804" HPOS="1987"/>
<String CONTENT="committee" HEIGHT="85" WIDTH="1987" VPOS="2814" HPOS="142"/>
<SP HEIGHT="30" WIDTH="25" VPOS="2869" HPOS="311"/>
<String CONTENT="of" HEIGHT="41" WIDTH="53" VPOS="2857" HPOS="337"/>
<SP HEIGHT="41" WIDTH="22" VPOS="2857" HPOS="391"/>
<String CONTENT="the" HEIGHT="39" WIDTH="82" VPOS="2859" HPOS="414"/>
</TextLine>
<TextLine HEIGHT="48" WIDTH="1011" VPOS="2857" HPOS="524">
<String CONTENT="Washington" HEIGHT="48" WIDTH="322" VPOS="2857" HPOS="524"/>
<SP HEIGHT="40" WIDTH="23" VPOS="2857" HPOS="847"/>
<String CONTENT="federation" HEIGHT="41" WIDTH="279" VPOS="2857" HPOS="871"/>
<SP HEIGHT="29" WIDTH="26" VPOS="2869" HPOS="1151"/>
<String CONTENT="of" HEIGHT="39" WIDTH="52" VPOS="2859" HPOS="1178"/>
<SP HEIGHT="39" WIDTH="23" VPOS="2859" HPOS="1231"/>
<String CONTENT="churches.&#8221;" HEIGHT="41" WIDTH="280" VPOS="2858" HPOS="1255"/>
</TextLine>
<TextLine HEIGHT="51" WIDTH="735" VPOS="2913" HPOS="213">
<String CONTENT="Bibliography" HEIGHT="48" WIDTH="351" VPOS="2914" HPOS="213"/>
<SP HEIGHT="37" WIDTH="15" VPOS="2925" HPOS="565"/>
<String CONTENT=":" HEIGHT="29" WIDTH="9" VPOS="2925" HPOS="581"/>
<SP HEIGHT="38" WIDTH="30" VPOS="2925" HPOS="591"/>
<String CONTENT="p." HEIGHT="38" WIDTH="44" VPOS="2925" HPOS="622"/>
<SP HEIGHT="29" WIDTH="31" VPOS="2934" HPOS="667"/>
<String CONTENT="[157]-158." HEIGHT="51" WIDTH="249" VPOS="2913" HPOS="699"/>
</TextLine>
<TextLine HEIGHT="52" WIDTH="1712" VPOS="2968" HPOS="150" CS="1">
<String CONTENT="&#169;" HEIGHT="52" WIDTH="52" VPOS="2968" HPOS="150"/>
<SP HEIGHT="52" WIDTH="29" VPOS="2968" HPOS="203"/>
<String CONTENT="July" HEIGHT="47" WIDTH="116" VPOS="2973" HPOS="233"/>
<SP HEIGHT="47" WIDTH="27" VPOS="2973" HPOS="350"/>
<String CONTENT="28," HEIGHT="48" WIDTH="69" VPOS="2972" HPOS="378"/>
<SP HEIGHT="47" WIDTH="30" VPOS="2973" HPOS="448"/>
<String CS="1" CONTENT="1929;" HEIGHT="41" WIDTH="115" VPOS="2971" HPOS="479"/>
<SP HEIGHT="41" WIDTH="29" VPOS="2973" HPOS="620"/>
<String CONTENT="2c." HEIGHT="40" WIDTH="68" VPOS="2973" HPOS="650"/>
<SP HEIGHT="30" WIDTH="28" VPOS="2983" HPOS="719"/>
<String CONTENT="and" HEIGHT="38" WIDTH="93" VPOS="2973" HPOS="748"/>
<SP HEIGHT="39" WIDTH="31" VPOS="2973" HPOS="842"/>
<String CONTENT="aff." HEIGHT="41" WIDTH="84" VPOS="2971" HPOS="874"/>
<SP HEIGHT="40" WIDTH="28" VPOS="2972" HPOS="959"/>
<String CONTENT="Aug." HEIGHT="46" WIDTH="120" VPOS="2972" HPOS="988"/>
<SP HEIGHT="40" WIDTH="30" VPOS="2973" HPOS="1109"/>
<String CS="1" CONTENT="9;" HEIGHT="38" WIDTH="25" VPOS="2973" HPOS="1140"/>
<SP HEIGHT="42" WIDTH="32" VPOS="2973" HPOS="1194"/>
<!-- cceid A6DDDBC8-6CFA-1014-9C3C-CEA95E7AA542 --><String CONTENT="A" HEIGHT="37" WIDTH="41" VPOS="2973" HPOS="1227"/>
<SP HEIGHT="37" WIDTH="28" VPOS="2973" HPOS="1269"/>
<String CS="1" CONTENT="11599;" HEIGHT="41" WIDTH="143" VPOS="2971" HPOS="1298"/>
<SP HEIGHT="40" WIDTH="32" VPOS="2973" HPOS="1470"/>
<String LANG="fr" CONTENT="W." HEIGHT="40" WIDTH="73" VPOS="2973" HPOS="1503"/>
<SP HEIGHT="40" WIDTH="30" VPOS="2973" HPOS="1577"/>
<String CONTENT="H." HEIGHT="40" WIDTH="59" VPOS="2973" HPOS="1608"/>
<SP HEIGHT="40" WIDTH="31" VPOS="2973" HPOS="1668"/>
<String CONTENT="Jones," HEIGHT="46" WIDTH="162" VPOS="2973" HPOS="1700"/>
</TextLine>
<TextLine HEIGHT="105" WIDTH="1916" VPOS="2973" HPOS="216" CS="1">
<String CONTENT="Washington." HEIGHT="96" WIDTH="1916" VPOS="2973" HPOS="216"/>
<SP HEIGHT="50" WIDTH="68" VPOS="3028" HPOS="315"/>
<String CONTENT="(29-22528)" HEIGHT="51" WIDTH="280" VPOS="3027" HPOS="384"/>
</TextLine>
<TextLine HEIGHT="63" WIDTH="1025" VPOS="3093" HPOS="143" STYLEREFS="StyleId-510CF178-4605-44EF-91D1-99A97B545C9C-">
<String CONTENT="Kaplan," HEIGHT="63" WIDTH="250" VPOS="3093" HPOS="143"/>
<SP HEIGHT="61" WIDTH="26" VPOS="3095" HPOS="394"/>
<String CONTENT="Mordecai" HEIGHT="53" WIDTH="296" VPOS="3094" HPOS="421"/>
<SP HEIGHT="52" WIDTH="26" VPOS="3094" HPOS="718"/>
<String CONTENT="Aaron," HEIGHT="62" WIDTH="221" VPOS="3094" HPOS="745"/>
<SP HEIGHT="56" WIDTH="29" VPOS="3100" HPOS="967"/>
<String CONTENT="1889-" HEIGHT="50" WIDTH="171" VPOS="3099" HPOS="997"/>
</TextLine>
</TextBlock>
<TextBlock ID="Page1695_Block3" HEIGHT="772" WIDTH="2182" VPOS="3186" HPOS="104" LANG="he" CS="1" STYLEREFS="StyleId-AE30625E-807B-4C84-A44D-B861E068D15E-">
<Shape>
<Polygon POINTS="104,3186 2286,3186 2286,3958 1385,3958 1385,3842 104,3842 104,3186"/>
</Shape>
<TextLine HEIGHT="108" WIDTH="1940" VPOS="3187" HPOS="143" CS="1">
<String CONTENT="&#1491;&#1506;&#1512;" HEIGHT="72" WIDTH="148" VPOS="3207" HPOS="1935"/>
<SP HEIGHT="62" WIDTH="82" VPOS="3207" HPOS="1852"/>
<String CS="1" CONTENT="&#1504;"/>
<String LANG="en-US" CS="1" CONTENT="&#1488;&#1463;"/>
<String CONTENT="&#1510;&#1497;" HEIGHT="60" WIDTH="74" VPOS="3209" HPOS="1683"/>
<String LANG="en-US" CS="1" CONTENT="&#1488;&#1479;"/>
<String CONTENT="&#1504;" HEIGHT="60" WIDTH="30" VPOS="3209" HPOS="1593"/>
<String LANG="en-US" CS="1" CONTENT="&#1488;&#1463;"/>
<String CONTENT="&#1500;&#1506;&#1512;" HEIGHT="92" WIDTH="140" VPOS="3187" HPOS="1389"/>
<SP HEIGHT="62" WIDTH="78" VPOS="3207" HPOS="1310"/>
<String CONTENT="&#1512;&#1506;&#1491;&#1504;&#1506;&#1512;" HEIGHT="70" WIDTH="288" VPOS="3207" HPOS="1021"/>
<SP HEIGHT="64" WIDTH="76" VPOS="3205" HPOS="944"/>
<String CONTENT="(&#1492;&#1504;&#1493;&#1488;&#1501;" HEIGHT="64" WIDTH="248" VPOS="3205" HPOS="695"/>
<SP HEIGHT="62" WIDTH="82" VPOS="3207" HPOS="612"/>
<String CONTENT="&#1492;&#1500;&#1488;&#1493;&#1502;&#1497;)" HEIGHT="82" WIDTH="288" VPOS="3187" HPOS="323"/>
<SP HEIGHT="64" WIDTH="80" VPOS="3203" HPOS="242"/>
<String CONTENT="&#1508;&#1493;&#1503;" HEIGHT="90" WIDTH="98" VPOS="3205" HPOS="143"/>
</TextLine>
<TextLine HEIGHT="132" WIDTH="2012" VPOS="3277" HPOS="141">
<String CONTENT="&#1492;&#1512;&#1489;" HEIGHT="60" WIDTH="154" VPOS="3321" HPOS="1999"/>
<SP HEIGHT="60" WIDTH="54" VPOS="3321" HPOS="1944"/>
<String CONTENT="&#1502;&#1512;&#1491;&#1499;&#1497;" HEIGHT="64" WIDTH="242" VPOS="3317" HPOS="1701"/>
<SP HEIGHT="82" WIDTH="34" VPOS="3277" HPOS="1666"/>
<String STYLE="superscript" CONTENT="&#1494;" HEIGHT="28" WIDTH="30" VPOS="3277" HPOS="1635"/>
<String CONTENT="&#1488;&#1492;&#1512;&#1503;" HEIGHT="86" WIDTH="184" VPOS="3321" HPOS="1465"/>
<SP HEIGHT="86" WIDTH="54" VPOS="3321" HPOS="1410"/>
<String CONTENT="&#1511;&#1488;&#1508;&#1500;&#1488;&#1503;." HEIGHT="118" WIDTH="308" VPOS="3289" HPOS="1101"/>
<SP HEIGHT="58" WIDTH="100" VPOS="3321" HPOS="1000"/>
<String CONTENT="&#1488;" HEIGHT="58" WIDTH="48" VPOS="3321" HPOS="951"/>
<SP HEIGHT="60" WIDTH="50" VPOS="3319" HPOS="900"/>
<String CONTENT="&#1494;&#1488;&#1502;&#1500;&#1493;&#1504;&#1490;" HEIGHT="94" WIDTH="278" VPOS="3287" HPOS="621"/>
<SP HEIGHT="58" WIDTH="52" VPOS="3321" HPOS="568"/>
<String CONTENT="&#1508;&#1493;&#1503;" HEIGHT="92" WIDTH="100" VPOS="3317" HPOS="467"/>
<SP HEIGHT="92" WIDTH="54" VPOS="3317" HPOS="412"/>
<String CONTENT="&#1491;&#1512;&#1513;&#1493;&#1514;," HEIGHT="64" WIDTH="270" VPOS="3317" HPOS="141"/>
</TextLine>
<TextLine HEIGHT="120" WIDTH="2010" VPOS="3401" HPOS="143">
<String CONTENT="&#1512;&#1506;&#1491;&#1506;&#1505;" HEIGHT="70" WIDTH="250" VPOS="3433" HPOS="1903"/>
<SP HEIGHT="62" WIDTH="58" VPOS="3433" HPOS="1844"/>
<String CONTENT="&#1488;&#1493;&#1503;" HEIGHT="88" WIDTH="100" VPOS="3431" HPOS="1743"/>
<SP HEIGHT="118" WIDTH="66" VPOS="3401" HPOS="1676"/>
<String CONTENT="&#1500;&#1506;&#1511;&#1496;&#1513;&#1493;&#1512;&#1505;" HEIGHT="120" WIDTH="404" VPOS="3401" HPOS="1271"/>
<SP HEIGHT="62" WIDTH="66" VPOS="3431" HPOS="1204"/>
<String CONTENT="&#1488;&#1497;&#1489;&#1506;&#1512;" HEIGHT="70" WIDTH="230" VPOS="3431" HPOS="973"/>
<SP HEIGHT="62" WIDTH="64" VPOS="3431" HPOS="908"/>
<String CONTENT="&#1513;&#1489;&#1514;," HEIGHT="62" WIDTH="196" VPOS="3433" HPOS="711"/>
<SP HEIGHT="62" WIDTH="66" VPOS="3433" HPOS="644"/>
<String CONTENT="&#1497;&#1502;&#1497;&#1501;" HEIGHT="62" WIDTH="160" VPOS="3431" HPOS="483"/>
<SP HEIGHT="62" WIDTH="68" VPOS="3431" HPOS="414"/>
<String CONTENT="&#1504;&#1493;&#1512;&#1488;&#1497;&#1501;," HEIGHT="66" WIDTH="270" VPOS="3429" HPOS="143"/>
</TextLine>
<TextLine HEIGHT="100" WIDTH="2008" VPOS="3515" HPOS="145">
<String CONTENT="&#1488;&#1500;&#1506;" HEIGHT="100" WIDTH="142" VPOS="3515" HPOS="2011"/>
<SP HEIGHT="68" WIDTH="52" VPOS="3547" HPOS="1958"/>
<String CONTENT="&#1488;&#1497;&#1512;&#1497;&#1513;&#1506;" HEIGHT="68" WIDTH="270" VPOS="3547" HPOS="1687"/>
<SP HEIGHT="68" WIDTH="52" VPOS="3547" HPOS="1634"/>
<String CONTENT="&#1497;&#1502;&#1497;&#1501;" HEIGHT="60" WIDTH="160" VPOS="3547" HPOS="1473"/>
<SP HEIGHT="60" WIDTH="42" VPOS="3547" HPOS="1430"/>
<String CONTENT="&#1496;&#1493;&#1489;&#1497;&#1501;," HEIGHT="64" WIDTH="238" VPOS="3543" HPOS="1191"/>
<SP HEIGHT="60" WIDTH="44" VPOS="3547" HPOS="1146"/>
<String CONTENT="&#1492;&#1494;&#1499;&#1512;&#1514;" HEIGHT="62" WIDTH="240" VPOS="3543" HPOS="905"/>
<SP HEIGHT="60" WIDTH="54" VPOS="3545" HPOS="850"/>
<String CONTENT="&#1504;&#1513;&#1502;&#1493;&#1514;," HEIGHT="64" WIDTH="256" VPOS="3543" HPOS="593"/>
<SP HEIGHT="62" WIDTH="48" VPOS="3543" HPOS="544"/>
<String CONTENT="&#1495;&#1504;&#1493;&#1499;&#1514;" HEIGHT="62" WIDTH="224" VPOS="3543" HPOS="319"/>
<SP HEIGHT="62" WIDTH="38" VPOS="3543" HPOS="280"/>
<String CONTENT="&#1489;&#1497;&#1514;" HEIGHT="62" WIDTH="134" VPOS="3543" HPOS="145"/>
</TextLine>
<TextLine HEIGHT="94" WIDTH="2008" VPOS="3653" HPOS="145">
<String CONTENT="&#1492;&#1499;&#1504;&#1505;&#1514;," HEIGHT="64" WIDTH="278" VPOS="3659" HPOS="1875"/>
<SP HEIGHT="64" WIDTH="26" VPOS="3659" HPOS="1848"/>
<String CONTENT="&#1489;&#1514;&#1497;" HEIGHT="60" WIDTH="136" VPOS="3659" HPOS="1711"/>
<SP HEIGHT="60" WIDTH="30" VPOS="3657" HPOS="1680"/>
<String CONTENT="&#1495;&#1504;&#1493;&#1498;" HEIGHT="90" WIDTH="162" VPOS="3657" HPOS="1517"/>
<SP HEIGHT="90" WIDTH="38" VPOS="3657" HPOS="1478"/>
<String CONTENT="&#1493;&#1489;&#1514;&#1497;" HEIGHT="62" WIDTH="158" VPOS="3657" HPOS="1319"/>
<SP HEIGHT="60" WIDTH="30" VPOS="3657" HPOS="1288"/>
<String CONTENT="&#1495;&#1505;&#1491;," HEIGHT="66" WIDTH="180" VPOS="3657" HPOS="1107"/>
<SP HEIGHT="68" WIDTH="30" VPOS="3655" HPOS="1076"/>
<String CONTENT="&#1505;&#1497;&#1493;&#1501;" HEIGHT="62" WIDTH="160" VPOS="3655" HPOS="915"/>
<SP HEIGHT="60" WIDTH="44" VPOS="3657" HPOS="870"/>
<String CONTENT="&#1492;&#1514;&#1493;&#1512;&#1492;" HEIGHT="62" WIDTH="244" VPOS="3655" HPOS="625"/>
<SP HEIGHT="62" WIDTH="44" VPOS="3655" HPOS="580"/>
<String CONTENT="&#1493;&#1504;&#1489;&#1497;&#1488;&#1497;&#1501;," HEIGHT="62" WIDTH="302" VPOS="3655" HPOS="277"/>
<SP HEIGHT="60" WIDTH="28" VPOS="3655" HPOS="248"/>
<String CONTENT="&#1488;&#1493;&#1503;" HEIGHT="90" WIDTH="102" VPOS="3653" HPOS="145"/>
</TextLine>
<TextLine HEIGHT="112" WIDTH="2012" VPOS="3739" HPOS="143">
<String CONTENT="&#1508;&#1493;&#1503;" HEIGHT="80" WIDTH="100" VPOS="3771" HPOS="2055"/>
<SP HEIGHT="80" WIDTH="32" VPOS="3771" HPOS="2022"/>
<String CONTENT="&#1488;&#1500;&#1506;" HEIGHT="102" WIDTH="146" VPOS="3739" HPOS="1875"/>
<SP HEIGHT="70" WIDTH="36" VPOS="3771" HPOS="1838"/>
<String CONTENT="&#1488;&#1497;&#1491;&#1497;&#1513;&#1506;" HEIGHT="64" WIDTH="276" VPOS="3771" HPOS="1561"/>
<SP HEIGHT="64" WIDTH="28" VPOS="3771" HPOS="1532"/>
<String CONTENT="&#1513;&#1502;&#1495;&#1493;&#1514;" HEIGHT="62" WIDTH="262" VPOS="3769" HPOS="1269"/>
<SP HEIGHT="62" WIDTH="28" VPOS="3769" HPOS="1240"/>
<String CONTENT="&#1488;&#1493;&#1503;" HEIGHT="76" WIDTH="102" VPOS="3767" HPOS="1137"/>
<SP HEIGHT="76" WIDTH="30" VPOS="3767" HPOS="1106"/>
<String CONTENT="&#1492;&#1505;&#1508;&#1491;&#1497;&#1501;." HEIGHT="62" WIDTH="320" VPOS="3767" HPOS="785"/>
<SP HEIGHT="60" WIDTH="74" VPOS="3769" HPOS="710"/>
<String CONTENT="&#1504;&#1497;&#1493;" HEIGHT="64" WIDTH="88" VPOS="3767" HPOS="621"/>
<SP HEIGHT="64" WIDTH="28" VPOS="3767" HPOS="592"/>
<String CONTENT="&#1497;&#1488;&#1512;&#1511;," HEIGHT="76" WIDTH="204" VPOS="3767" HPOS="387"/>
<SP HEIGHT="62" WIDTH="30" VPOS="3769" HPOS="356"/>
<String CONTENT="&#1492;&#1497;&#1489;&#1512;&#1493;" HEIGHT="64" WIDTH="212" VPOS="3765" HPOS="143"/>
</TextLine>
<TextLine HEIGHT="107" WIDTH="764" VPOS="3851" HPOS="1389" CS="1">
<String CONTENT="&#1508;&#1488;&#1489;&#1500;&#1497;&#1513;&#1497;&#1504;&#1490;" HEIGHT="92" WIDTH="396" VPOS="3851" HPOS="1757"/>
<SP HEIGHT="75" WIDTH="28" VPOS="3883" HPOS="1728"/>
<String CONTENT="&#1511;&#1488;&#1502;" HEIGHT="77" WIDTH="160" VPOS="3881" HPOS="1567"/>
<String LANG="en-US" CS="1" CONTENT="&#1508;&#1468;"/>
<String CONTENT="&#1488;&#1504;&#1497;" HEIGHT="60" WIDTH="116" VPOS="3881" HPOS="1389"/>
</TextLine>
</TextBlock>
<TextBlock ID="Page1695_Block4" HEIGHT="98" WIDTH="275" VPOS="3866" HPOS="1085" LANG="en-US" CS="1" STYLEREFS="StyleId-510CF178-4605-44EF-91D1-99A97B545C9C-">
<TextLine HEIGHT="64" WIDTH="120" VPOS="3877" HPOS="1217" CS="1">
<String STYLE="superscript" CS="1" CONTENT="[&#7580;1"/>
<String CONTENT="929]" HEIGHT="64" WIDTH="120" VPOS="3877" HPOS="1217"/>
</TextLine>
</TextBlock>
</PrintSpace>
</Page>
</Layout>
</alto>