2542 4389
1087 4011 105 52 929

121 365 259 65 Crosbie,
419 367 190 62 Mary.

185 443 1926 63 The old road, by Mary Crosbie … London, P. Allan & co.
115 521 101 52 ltd.
252 523 172 64 [1929]

183 601 340 49 320 p. 19 ᶜᵐ .
120 670 1941 53 © 1c. July 2, 1929; A ad int. 12834; pubd. May 7; M. Crosbie, London.
199 730 281 49 (29-14302)

120 841 146 63 Dell,
297 839 177 53 Ethel
505 840 158 63 May.

188 919 121 51 The
337 917 317 53 chatelaine.
745 924 81 62 pt.
855 920 49 51 2.

197 1002 83 48 (In
301 996 104 44 Red
425 995 288 53 magazine)

122 1068 1991 53 © 1c. July 27, 1929; A ad int. 12898; pubd. May 31; Ethel Mary Savage,
190 1130 30 40 i.
244 1142 38 29 e.
307 1131 117 39 Mrs.
449 1129 179 40 Gerald
654 1128 200 49 Savage,
881 1128 244 49 Ewhurst,
1154 1129 194 49 Surrey,
1375 1130 237 47 England.

124 1237 313 63 Emhardt,
470 1236 255 55 William
758 1238 335 64 Chauncey,
1125 1238 172 54 1874-

189 1314 269 70 Religion
495 1314 59 52 in
594 1314 180 53 soviet
814 1314 236 67 Russia;
1093 1315 269 69 anarchy,
1401 1315 76 68 by
1516 1314 258 54 William
1814 1315 302 68 Chauncey

121 1391 1998 71 Emhardt … together with an essay on the Living church, by
123 1468 1807 71 Sergius Troitsky … with an introduction by Clarence A.
119 1470 2002 146 Manning … Milwaukee, Wis., Morehouse publishing co.; London,
122 1624 907 70 A. R. Mowbray & co. [ ᶜ1 929]
191 1707 571 51 xix, 386, [2] p. 24 ᶜᵐ .
193 1780 129 40 “The
354 1777 297 42 translation
685 1777 51 40 of
767 1776 258 41 Professor
1056 1775 272 48 Troitsky’s
1360 1777 200 40 articles
1592 1787 101 30 was
1725 1777 139 40 made
1898 1776 48 40 in
1983 1777 141 41 Paris

122 1837 61 47 by
220 1835 270 41 associates
525 1835 51 39 of
615 1835 81 39 the
733 1833 217 40 Russian
988 1832 289 49 theological
1316 1833 259 48 seminary,
1613 1835 95 39 and
1747 1834 167 48 placed
1955 1833 46 39 in
2041 1835 82 39 the

124 1894 156 39 hands
311 1892 53 40 of
396 1892 80 40 the
509 1891 179 40 author
721 1890 51 40 of
804 1889 99 41 this
935 1889 191 40 volume
1160 1891 48 39 to
1241 1889 101 40 edit
1376 1890 96 39 and
1505 1889 155 41 revise
1693 1889 208 41 without
122 1890 1984 100 restrictions.

327 1950 47 39 It
423 1949 91 39 has
561 1947 119 39 been
729 1946 243 47 carefully
1020 1945 192 41 revised
1259 1946 62 47 by
1370 1947 90 39 Mr.
1509 1946 168 40 Alexis
1726 1946 166 41 Wiren
1940 1946 52 40 of
2040 1947 84 40 the

125 2007 169 46 Young
324 2003 150 42 men’s
508 2003 252 42 Christian
791 2001 536 42 association.”—Pref.

127 2074 52 52 ©
205 2077 128 41 June
357 2075 69 47 10,
452 2074 113 40 1929;
620 2074 66 40 2c.
714 2074 96 39 and
834 2072 82 41 aff.
944 2072 126 40 June
1096 2073 82 47 14;
1208 2072 41 39 A
1273 2071 114 41 9687;
1445 2073 286 40 Morehouse
1757 2073 110 48 pub.
1893 2084 68 29 co.

204 2131 281 52 (29-13572)

131 2244 162 62 Ertz,
333 2243 212 54 Susan.

193 2322 123 52 The
346 2320 229 70 galaxy,
606 2320 76 67 by
716 2316 186 56 Susan
934 2317 159 53 Ertz.
1161 2316 261 67 London,
1453 2315 240 54 Hodder
1727 2316 113 54 and
123 2315 1976 138 Stoughton
252 2398 225 54 limited
513 2399 173 65 [1929]

194 2477 627 53 2 p. l., 7-370 p. 19½ ᶜᵐ .
130 2546 1992 56 © 1c. June 27, 1929; A ad int. 12818; pubd. June 20; D. Appleton & co.,
197 2611 118 40 New
338 2609 145 41 York.
545 2605 282 51 (29-14301)

130 2720 234 64 Farnol,
396 2719 247 63 Jeffery.

199 2798 56 53 A
278 2798 168 53 black
471 2796 169 67 sheep
665 2796 60 52 in
750 2795 142 52 love.
974 2793 365 67 [Instalment
1364 2795 28 49 5]

209 2882 83 48 (In
315 2875 262 45 Pearson’s
602 2873 279 54 magazine,
905 2872 133 52 July,
1065 2871 144 51 1929)

132 2945 1994 57 © 1c. July 18, 1929; A ad int. 12883; pubd. July 1; J. Farnol, Preston
201 3011 143 47 Park,
370 3009 253 48 Brighton,
649 3006 238 49 England.

137 3119 264 63 Farwell,
432 3117 156 55 John
620 3115 244 64 Dennis,
901 3116 326 54 1832-1920.

203 3188 1926 74 The Farwell family … a history of Henry Farwell and his
138 3275 130 56 wife
292 3274 170 56 Olive
494 3270 260 73 (Welby)
789 3269 248 53 Farwell
1064 3267 64 54 of
1153 3269 235 64 Boston,
1413 3265 289 69 England,
1728 3267 114 53 and
1869 3266 258 57 Concord

135 3354 112 53 and
287 3350 387 67 Chelmsford,
713 3348 192 66 Mass.,
945 3344 363 65 1605-1927,
1348 3343 140 52 with
1529 3345 200 51 twelve
1769 3347 361 66 generations

132 3431 64 53 of
219 3430 151 53 their
393 3427 371 55 descendants;
823 3426 117 52 also
968 3423 248 68 lineages
1242 3419 64 54 of
1323 3438 172 50 many
1513 3419 171 54 allied
1704 3419 267 70 families,
1991 3423 133 53 with

134 3528 31 33 a
202 3507 262 54 hundred
501 3505 113 53 and
649 3503 138 68 fifty
822 3500 382 54 illustrations
1242 3497 153 53 from
1432 3497 248 69 original
1719 3497 413 71 photographs,

135 3586 498 68 daguerreotypes,
679 3580 77 53 oil
804 3577 296 70 portraits,
1147 3582 130 60 etc.;
1327 3575 225 54 records
1599 3573 64 55 of
1709 3574 156 56 John
1913 3576 218 55 Dennis

137 3662 265 59 Farwell,
433 3657 317 69 completed
782 3656 112 52 and
926 3653 282 69 compiled
1239 3652 75 68 by
1343 3651 148 55 Jane
1521 3652 219 54 Harter
1768 3653 222 55 Abbott
2018 3655 114 53 and

134 3729 1999 70 Lillian M. Wilson … [Orange, Tex.] F. H. Farwell and
138 3818 205 66 Fanny
374 3817 66 50 B.
473 3811 266 68 Farwell,
771 3812 152 51 1929.

206 3899 27 39 2
292 3931 9 8 v.
355 3897 164 45 front.,
548 3895 158 48 plates
733 3892 46 48 (1
808 3890 145 47 fold.)
989 3890 164 48 ports.,
1181 3887 230 48 facsims.,
1441 3890 136 40 coats
1605 3887 51 42 of
1682 3899 148 33 arms.
1883 3890 116 42 27ᶜᵐ.

208 3969 159 47 Paged
401 3963 356 47 continuously.
