2542 4389
1072 4053 100 50 885

185 481 729 49 630 p. front, illus. 19 ½ᶜᵐ .
117 534 52 52 ©
188 539 115 47 May
318 537 173 49 3,1929;
538 539 67 39 2c.
624 539 95 39 and
737 538 83 40 aff.
839 539 125 40 June
983 540 56 39 17;
1085 539 41 39 A
1143 539 141 47 9719;
1307 538 231 41 Saalfield
1554 540 108 47 pub.
1680 550 67 31 co.

119 633 223 61 Bruim,
382 631 297 64 Geoffrey.

244 709 1868 71 … The enlightened despots, by Geoffrey Brunn … New
118 787 1128 69 York, H. Holt and company [ ᶜ1 929 ]
115 868 1981 106 x p.. 1 l., 105 p. 18½ᶜᵐ. (The Berkshire studies in European history)
185 997 442 47 “Bibliographical
657 997 169 40 note”:
857 1008 43 38 p.
928 996 189 42 99-102.

119 1065 52 52 ©
198 1070 127 40 June
351 1069 40 47 3,
419 1069 140 47 1929;
588 1069 68 41 2c.
682 1068 127 41 June
836 1071 52 44 7;
918 1070 82 40 aff.
1029 1070 126 39 June
1183 1070 52 46 8;
1265 1069 41 39 A
1332 1069 141 48 8567;
1503 1071 168 47 Henry
1698 1071 121 40 Holt
1845 1071 37 40 &
1908 1081 82 37 co.,
2019 1071 90 39 inc.

196 1125 281 50 (29-13002)

118 1220 432 63 Buckingham,
580 1220 291 52 Burdette
902 1221 168 53 Ross.

183 1298 296 52 Teachers’
500 1298 109 68 key
629 1303 59 47 to
713 1315 348 50 accompany
1078 1297 119 52 The
1215 1297 662 69 Buckingham-Osburn
116 1301 1971 143 searchlight

292 1375 1818 69 arithmetics, bk. 3. By B. R. Buckingham … and W. J.
115 1451 1990 71 Osburn … Boston, New York [etc.] Ginn and company [ ᶜ1 928]
182 1535 70 48 iii,
272 1535 85 41 231
380 1546 44 37 p.
482 1535 117 41 21ᶜᵐ.

118 1600 52 54 ©
200 1605 112 41 Dec.
340 1605 71 48 28,
439 1605 142 47 1928;
609 1605 69 40 2c.
708 1605 111 40 Jan.
848 1605 71 48 21,
948 1604 142 48 1929;
1123 1604 82 41 aff.
1236 1605 110 40 Jan.
1376 1605 81 47 19;
1490 1606 42 38 A
1560 1605 141 47 2999;
1736 1605 125 41 Ginn
1891 1607 37 39 &
1957 1617 68 29 co.

121 1715 213 64 Cabell,
364 1716 202 52 James
596 1714 256 65 Branch,
886 1719 170 51 1879-

251 1793 1861 71 … Sonnets from Antan, with an editorial note by James
120 1875 228 51 Branch
384 1872 212 55 Cabell.
672 1873 139 52 New
843 1872 181 68 York,
1054 1873 121 51 The
1207 1872 292 52 Fountain
1528 1891 173 49 press,
1733 1875 150 51 1929.

187 1955 84 49 [41]
305 1965 43 37 p.
408 1954 26 39 1
465 1954 128 40 illus.
653 1953 148 41 23½ᶜᵐ.

186 2025 182 41 “Seven
418 2025 220 39 hundred
686 2025 95 39 and
829 2024 222 48 eighteen
1101 2023 174 48 copies,
1323 2023 51 40 of
1421 2022 158 41 which
1626 2022 76 41 six
1749 2024 222 40 hundred
2019 2026 94 39 and

115 2081 297 48 seventy-six
450 2092 83 30 are
569 2081 80 40 for
684 2083 115 42 sale,
837 2081 123 40 have
995 2082 119 38 been
1151 2080 193 48 printed
1382 2082 53 38 at
1468 2081 81 39 the
1587 2080 254 40 Grabhorn
1877 2092 149 37 press,
2064 2081 48 39 in

117 2140 148 47 April,
304 2139 126 40 1929.
493 2139 307 39 Distributed
839 2138 50 39 in
926 2137 221 41 America
1186 2138 61 47 by
1285 2137 222 41 Random
1542 2138 184 47 house,.
1745 2139 96 39 and
1876 2138 51 39 in
1965 2138 149 41 Great

115 2197 195 41 Britain
336 2198 61 46 by
427 2195 154 41 Grant
608 2195 242 40 Richards
878 2195 95 39 and
1001 2194 286 48 Humphrey
1316 2194 224 40 Toulmin
1568 2197 52 38 at
1647 2195 82 40 the
1757 2194 177 48 Cayme
1964 2206 149 37 press,

114 2255 86 40 ltd.
261 2253 219 41 Portrait
507 2255 60 45 by
595 2253 216 40 William
842 2253 60 40 H.
932 2251 219 42 Cotton.”

187 2310 277 48 Ostensibly
514 2311 225 39 “sonnets
788 2308 156 42 which
998 2309 180 39 Gerald
1225 2310 260 46 Musgrave
1533 2309 251 47 composed
1844 2309 91 48 (or,
1982 2319 132 29 more

116 2369 192 46 strictly
353 2368 247 48 speaking,
642 2364 361 51 paraphrased)
1058 2366 176 47 during
1275 2366 82 40 the
1399 2375 169 31 course
1611 2365 51 41 of
1704 2366 77 40 his
1824 2365 292 49 journeying

117 2427 186 39 toward
330 2423 209 42 Antan”.

121 2493 52 52 ©
206 2497 128 41 June
364 2498 41 46 4,
440 2495 140 46 1929;
617 2495 67 40 2c.
720 2496 94 38 and
850 2493 82 42 aff.
968 2495 126 39 June
1129 2494 81 42 13;
1248 2493 40 39 A
1322 2493 140 41 8691;
1501 2493 163 40 James
1701 2493 193 39 Branch
1932 2492 178 43 Cabell,

188 2554 284 41 Richmond.
542 2551 281 50 (29-12943)

122 2651 284 62 Caspary,
448 2648 190 54 Anna.

187 2727 189 52 Maria
407 2727 277 65 Zanders;
719 2726 100 51 das
850 2725 159 52 leben
1042 2725 154 52 einer
1224 2723 331 68 bergischen
1589 2722 150 57 frau,
1769 2723 342 65 geschildert

119 2823 112 34 von
269 2804 171 52 Anna
483 2802 276 68 Caspary,
799 2803 107 51 mit
946 2803 156 51 sechs
1143 2800 326 54 bildtafeln.
1548 2803 48 49 3-
1636 2799 86 53 bis
1767 2806 45 46 5.
1855 2801 256 52 tausend.

119 2881 164 68 Jena,
314 2881 69 53 E.
414 2881 354 66 Diederichs,
802 2883 150 49 1929.

183 2961 1163 51 2 p. l., [3]—190, [2] p. front., ports. 23½ᶜᵐ.
121 3029 1989 53 © Jan. 1, 1929; 1c. Mar. 13; A—Foreign 2409; Eugen Diederichs verlag.
199 3088 280 50 (29-13240)

123 3184 228 64 Clarke,
382 3184 190 53 Isabel
605 3186 348 53 Constance.

194 3263 299 52 Elizabeth
521 3263 231 51 Barrett
779 3262 345 68 Browning:
1151 3280 30 33 a
1208 3259 266 69 portrait,
1498 3260 76 68 by
1599 3259 185 53 Isabel
1815 3259 60 55 C.
1906 3259 207 55 Clarke

181 3337 1250 68 … London, Hutchinson & co., ltd. [1929]
190 3422 47 40 vi
259 3433 58 37 p.,
342 3423 24 38 1
412 3454 21 15 l.,
457 3422 144 40 9-304
625 3433 42 37 p.
726 3422 165 45 front.,
916 3423 171 47 plates,
1113 3423 149 47 ports.
1322 3420 145 41 22½ᶜᵐ.

123 3487 1988 52 © 1c. June 13, 1929; A ad int. 12794; pubd. Apr. 19; I. C. Clarke, Rome.
203 3548 279 50 (29-13695)

127 3642 242 65 Clifton,
395 3643 153 53 John
577 3644 210 63 Leroy,
821 3649 170 49 1881-

192 3720 122 53 The
343 3721 165 52 small
539 3722 309 67 secondary
879 3721 189 53 school
1099 3721 61 51 in
1190 3719 179 67 Ohio;
1405 3738 30 34 a
1467 3719 170 69 study
1668 3719 65 53 of
1762 3720 74 53 its
124 3719 1962 131 potentialities

342 3795 1593 71 and shortcomings … by John Leroy Clifton, b. s.
125 3795 1963 147 Columbus,
396 3874 87 66 O.,
514 3876 65 51 R.
614 3875 68 55 G.
715 3875 217 52 Adams
963 3877 46 50 &
1038 3892 297 50 company,
1369 3876 150 49 1929.

194 3956 85 40 131
303 3967 44 37 p.
374 3957 110 40 incl.
510 3967 149 37 maps,
686 3957 170 47 tables,
883 3956 180 48 diagrs,
1089 3956 143 40 form.
1285 3955 148 42 25½ᶜᵐ.
