2535 4403
1083 4066 102 54 487

131 424 268 66 Jacquet,
441 413 297 66 Édouard.

131 495 1970 151 … Géométrie dans l’espace, rédigée conformément aux programmes
443 575 223 55 officiels
697 577 68 51 de
794 575 459 69 l’enseignement
1284 574 327 53 secondaire
1643 574 77 52 du
1751 576 31 49 3
1813 573 128 69 juin
1976 575 151 65 1925,

131 650 1997 72 par É. Jacquet … Classe de première, baccalauréat. Paris,
130 732 302 67 Hachette,
465 734 150 50 1928.

203 811 578 51 96 p. diagrs. 15 ½ᶜᵐ .
202 882 64 40 At
294 882 124 44 head
448 881 51 40 of
527 881 109 40 title;
696 879 210 42 Résumé
933 879 373 41 aide-mémoire.

138 948 1906 53 © Oct. 10, 1928; 1c. Nov. 30; A— Foreign 1004; Librairie Hachette.
215 1008 252 50 (29-9029)

135 1101 206 65 Johns,
378 1103 120 51 Roe
536 1101 182 65 Lyell,
758 1106 170 52 1900-

201 1181 160 55 State
397 1183 112 51 and
543 1182 146 52 local
722 1180 465 54 administration
1223 1181 63 53 of
1321 1181 190 53 school
1545 1180 474 70 transportation,
2053 1182 76 69 by

128 1258 1742 71 Roe Lyell Johns … New York city, Teachers college,
127 1259 1979 132 Columbia
251 1337 335 69 university,
617 1339 150 50 1928.

201 1419 64 47 ix,
299 1419 86 40 134
418 1429 44 38 p.
494 1418 77 40 incl.
638 1418 170 47 tables,
842 1417 193 48 diagrs.,
1068 1418 169 40 forms.
1298 1417 147 42 23½ᶜᵐ.
1519 1418 265 48 (Teachers
1819 1418 193 47 college,
130 1417 1984 99 Columbia

339 1476 285 47 university.
681 1475 367 40 Contributions
1075 1477 47 38 to
1150 1472 272 51 education,
1450 1486 74 30 no.
1551 1474 111 49 330)

199 1546 264 40 Published
496 1546 102 39 also
631 1556 55 29 as
720 1545 153 40 thesis
916 1545 14 48 (PH.
1108 1547 13 46 D.)
1162 1544 253 41 Columbia
1448 1545 288 48 university.

203 1603 378 48 “Bibliography
619 1602 52 41 of
709 1612 136 31 cases
883 1602 190 40 carried
1113 1605 48 37 to
1204 1603 82 39 the
1324 1602 223 48 superior
1584 1603 132 39 state
1752 1605 164 37 courts
1958 1602 51 40 of
2049 1603 82 39 the

131 1661 179 40 United
345 1660 163 41 States
553 1659 310 50 (1658-1927)
905 1659 249 48 involving
1186 1661 125 38 torts
1346 1659 51 40 of
1430 1660 162 39 school
1627 1658 178 41 boards
1839 1659 96 40 and
1968 1659 162 40 school

131 1718 150 40 board
306 1717 265 41 members”
591 1728 9 29 :
627 1728 44 37 p.
698 1716 203 41 100-103;
958 1716 350 49 Bibliography
1326 1728 9 28 :
1365 1727 43 37 p.
1436 1716 216 41 133-134.

135 1785 51 51 ©
225 1788 112 41 Feb.
373 1788 70 48 25,
481 1787 114 41 1929;
661 1788 68 39 2c.
767 1788 124 39 Mar.
928 1787 25 40 5;
1020 1786 84 40 aff.
1141 1787 124 40 Mar.
1301 1787 28 40 7;
1394 1786 42 39 A
1472 1786 118 40 4740;
1655 1787 242 39 Teachers
1934 1787 193 46 college,

204 1844 252 41 Columbia
484 1844 131 41 univ.
681 1843 251 50 (29-8952)

133 1938 284 65 Johnson,
450 1938 226 54 Walter
706 1938 265 64 Nathan,
1005 1940 171 53 1875-

199 2015 573 54 Which—dominate
829 2032 64 34 or
948 2014 319 68 permeate?
1345 2016 57 50 A
1458 2015 194 67 frank,
1707 2014 155 53 brief
129 2015 1977 130 discussion

284 2091 66 54 of
381 2110 105 34 our
519 2096 229 64 present
780 2092 233 68 Baptist
1046 2091 181 53 world
1262 2091 277 54 situation
1572 2092 209 70 daring
1813 2097 58 47 to
1906 2091 159 54 blaze
2099 2110 34 34 a

129 2168 2001 70 trail out of the wilderness, by Walt N. Johnson … Kansas
131 2247 153 70 City,
318 2247 136 69 Mo.,
486 2247 264 56 Western
785 2247 234 69 Baptist
1054 2247 338 69 publishing
1425 2265 98 51 co.,
1560 2250 152 50 1929.

202 2330 303 49 99 p. 18 ᶜᵐ .
137 2383 51 51 ©
226 2388 122 39 Mar.
381 2387 70 48 29,
487 2386 118 40 1929;
665 2387 68 40 2c.
766 2387 115 48 Apr.
916 2387 54 47 2;
1007 2386 82 42 aff.
1125 2386 114 48 Apr.
1274 2387 53 46 1;
1365 2387 41 39 A
1441 2387 142 46 7224;
1621 2388 148 40 Walt.
1804 2388 57 40 N.
1898 2388 232 49 Johnson,

202 2444 135 40 Mars
367 2443 118 48 Hill,
514 2444 57 40 N.
602 2443 50 41 O.
719 2443 252 49 (29-8958)

134 2536 196 66 Jones,
367 2537 149 53 Jane
554 2537 233 65 Louise,
827 2543 169 49 1889-

199 2617 57 52 A
283 2619 299 65 personnel
611 2618 171 68 study
812 2618 63 52 of
905 2636 216 34 women
1150 2619 173 53 deans
1354 2617 62 55 in
1444 2618 240 70 colleges
1714 2621 111 53 and
130 2619 1977 146 universities,

272 2695 1858 73 by Jane Louise Jones … New York city, Teachers college,
133 2773 299 55 Columbia
459 2773 335 70 university,
823 2777 149 51 1928.

203 2855 1928 51 3 p. l., 155 p. incl. tables, diagrs., forms. 23½ᶜᵐ. (Teachers college,
134 2912 249 41 Columbia
416 2912 286 48 university.
764 2912 367 41 Contributions
1163 2916 48 37 to
1242 2913 273 47 education,
1546 2924 76 30 no.
1652 2913 111 51 326)

203 2969 262 41 Published
491 2970 103 40 also
622 2980 54 29 as
704 2969 152 41 thesis
893 2970 14 48 (PH.
1078 2970 14 47 D.)
1128 2970 253 40 Columbia
1409 2970 286 49 university.

203 3026 375 48 Bibliography:
608 3037 44 38 p.
680 3026 217 42 127-135.

137 3079 51 51 ©
227 3084 112 40 Feb.
374 3083 70 49 21,
480 3083 142 48 1929;
663 3083 65 41 2c.
767 3085 123 39 Mar.
927 3084 53 47 5;
1019 3084 82 40 aff.
1141 3085 122 41 Mar.
1302 3086 53 46 7;
1394 3085 41 38 A
1472 3084 141 48 4739;
1654 3085 242 41 Teachers
1935 3086 192 48 college,

205 3139 253 41 Columbia
485 3140 130 41 univ.
681 3139 252 50 (29-8948)

135 3232 198 65 Jones,
366 3233 198 53 Rufus
594 3233 310 65 Matthew,
941 3239 171 49 1863-

209 3312 1922 70 The trail of life in college, by Rufus M. Jones … New
136 3390 180 68 York,
344 3391 122 51 The
493 3390 335 52 Macmillan
857 3409 297 51 company,
1187 3395 150 49 1929.

203 3469 366 49 201 p. 20½ ᶜᵐ .
204 3526 41 39 A
274 3525 337 41 continuation
642 3526 51 40 of
723 3526 82 41 the
835 3526 218 41 author's
1085 3527 238 49 “Finding
1352 3528 83 40 the
1466 3528 116 40 trail
1613 3528 53 41 of
1694 3528 132 48 life”,
1857 3529 277 49 describing

135 3583 81 38 the
245 3581 218 41 author’s
491 3582 179 48 college
697 3583 309 48 experiences.
1081 3584 60 47 cf.
1172 3584 185 40 Introd.

139 3632 52 53 ©
221 3638 113 47 Apr.
363 3638 40 47 2,
434 3638 140 47 1929;
605 3638 69 41 2c.
703 3640 97 39 and
829 3638 82 41 aff.
943 3639 111 48 Apr.
1084 3640 53 46 3;
1170 3640 42 39 A
1240 3640 141 43 7217;
1417 3641 278 39 Macmillan
1728 3652 69 31 co.

215 3693 251 50 (29-8857)

138 3787 343 65 Kauffman,
510 3790 287 63 Reginald
826 3790 257 64 Wright,
1115 3792 171 54 1877-

208 3867 124 68 Beg
365 3868 239 67 pardon,
638 3868 78 53 sir
736 3868 11 52 !
819 3870 91 67 By
943 3869 286 69 Reginald
1260 3869 237 70 Wright
1530 3870 334 55 Kauffman.
139 3873 1969 139 Philadelphia,

420 3946 1213 71 The Penn publishing company [ ᶜ1 929]
