2533 4342
1329 4043 137 54 1790

452 483 1060 53 xxi p., 2 l., 3-281, [1] p. incl. ports. 21 ᶜᵐ.
457 545 145 39 “This
642 544 123 40 book
803 544 89 38 has
932 545 48 37 to
1019 543 60 39 do
1118 541 121 40 with
1277 551 108 29 men
1425 540 108 39 who
1573 550 105 28 won
1721 539 80 39 the
1841 539 150 46 Army
2030 536 358 49 congressional

383 603 161 38 medal
581 601 52 40 of
668 602 153 37 honor
857 599 52 40 of
943 599 83 39 the
1062 597 181 41 United
1282 597 163 40 States
1481 595 179 47 during
1694 596 82 39 the
1813 605 101 29 war
1952 594 159 40 which
2147 595 89 38 has
2304 603 85 30 been

382 658 156 40 called
570 658 83 39 the
684 656 150 40 Great
866 653 487 41 war.”—Foreword.

386 706 2006 112 CONTENTS. — Private Edwards. — Sergeant Gumpertz.—Sergeant Latham, Sergeant Eggers, Corporal O’Shea. — Private Kelly. — Corporal
385 828 155 39 Allex.
542 825 300 48 —Sergeant
881 822 407 41 Katz.—Private
1326 820 533 47 Neibaur.—Sergeant
1900 820 105 39 Van
385 817 1993 107 Iersel.—Captain
517 883 316 41 Holderman.

392 937 52 52 ©
477 940 103 41 Oct.
609 938 69 48 10,
709 937 142 47 1929;
882 937 69 39 2c.
981 936 119 39 Nov.
1133 935 19 38 1:
1219 933 83 41 aff.
1334 933 102 41 Oct.
1467 933 82 46 28;
1583 933 42 39 A
1656 932 172 47 14574;
1864 932 42 41 J.
1939 933 212 47 Hopper,
2185 930 205 47 Carmel,

461 996 146 42 Calif.
674 992 281 51 (29-24024)

382 1077 274 62 Hosmer,
686 1073 227 64 George
944 1071 290 64 Leonard,
1264 1072 172 54 1874-

455 1148 1936 73 Azimuth, by George L. Hosmer … 3d ed. New York, J.
383 1231 193 68 Wiley
609 1234 46 50 &
689 1247 146 50 sons,
871 1229 108 52 inc.;
1048 1228 259 66 London,
1346 1227 301 67 Chapman
1685 1230 46 49 &
1765 1226 162 68 Hall,
1962 1225 242 66 limited,
2243 1228 149 49 1929.

457 1308 1453 52 V, 39, 39b, 40-63 p. incl. tables, diagrs., charts. 18 ᶜᵐ.
394 1367 52 52 ©
477 1371 126 47 Sept.
630 1368 69 48 19,
725 1367 142 47 1929;
893 1367 69 40 2c.
988 1367 97 39 and
1111 1365 82 41 aff.
1223 1365 129 48 Sept.
1377 1365 56 40 28;
1488 1364 41 39 A
1554 1364 172 47 13721;
1757 1364 54 40 G.
1837 1365 50 38 L.
1915 1364 222 47 Hosmer,
2164 1362 230 45 Woburn,

463 1427 148 39 Mass.
677 1421 282 52 (29-24053)

383 1506 182 63 Hoyt,
594 1505 208 62 Henry
830 1502 305 65 Franklin,
1167 1507 172 50 1854-

456 1582 57 52 A
545 1580 246 53 frontier
822 1580 216 67 doctor,
1068 1579 76 69 by
1173 1579 206 68 Henry
1407 1579 66 52 F.
1505 1579 192 68 Hoyt;
1732 1578 141 53 with
1905 1596 72 34 an
2007 1576 392 53 introduction

386 1655 2013 74 by Frank B. Kellogg … Boston and New York, Houghton
386 1737 205 53 Mifflin
624 1754 299 51 company,
958 1738 151 50 1929.

526 1852 8 15 xv,
567 1820 87 40 260
684 1830 44 38 p.
787 1819 164 47 front.,
985 1820 172 46 plates,
1191 1824 162 42 ports.,
1385 1818 217 40 facsims.
1663 1817 147 41 21½ᶜᵐ.

458 1876 415 49 Autobiography.

395 1930 52 52 ©
482 1934 118 40 Nov.
635 1933 38 48 8,
707 1932 116 41 1929;
884 1933 68 40 2c.
985 1933 121 40 Nov.
1138 1932 53 39 11;
1258 1931 83 41 aff.
1373 1931 119 41 Nov.
1525 1931 26 40 9;
1615 1931 42 39 A
1690 1931 147 41 15672:
1899 1932 61 39 H.
1996 1932 52 39 F.
2082 1931 147 46 Hoyt,
2265 1932 134 43 Long

463 1990 177 48 Beach,
670 1989 145 42 Calif.
882 1987 282 50 (29-24167)

389 2069 241 53 Illinois.
697 2069 312 69 Appellate
1040 2077 203 47 courts.

462 2148 1761 68 Reports of cases determined … with a directory of the
392 2146 1987 149 judiciary
584 2226 65 51 of
684 2227 95 52 the
815 2231 145 49 state
995 2226 285 52 corrected
1317 2229 58 49 to
1410 2226 151 53 June
1601 2230 46 62 1,
1687 2228 152 67 1929,
1876 2227 113 52 and
2026 2225 278 53 abstracts
2338 2225 65 53 of

392 2323 151 34 cases
582 2304 331 68 designated
954 2304 76 69 by
1066 2302 96 54 the
1200 2307 189 49 courts
1429 2323 59 34 as
1526 2309 101 47 not
1664 2307 59 47 to
1759 2304 68 53 be
1866 2304 268 67 reported
2171 2303 60 52 in
2272 2302 130 55 full.

394 2380 1983 148 v. 252, A. D. 1929 … Reported by Basil Jones. Chicago, Callaghan
648 2460 47 50 &
733 2474 300 51 company,
1076 2460 151 50 1929.

464 2539 433 49 xxvi, 682 p. 23 ᶜᵐ.
398 2593 52 52 ©
479 2597 119 40 Nov.
627 2596 69 48 15,
726 2594 114 41 1929;
898 2596 69 41 2c.
996 2597 97 38 and
1121 2595 83 41 aff.
1233 2596 119 41 Nov.
1380 2596 58 39 20;
1496 2596 40 38 A
1564 2596 144 39 15951;
1771 2595 272 48 Callaghan
2071 2596 38 40 &
2138 2606 68 30 co.

387 2675 286 66 Johnson,
701 2673 190 56 Willis
919 2673 294 68 Fletcher,
1243 2679 170 52 1857-

461 2751 223 69 George
726 2751 255 69 Harvey,
1025 2751 50 52 ‘a
1118 2751 326 68 passionate
1487 2752 254 67 patriot’,
1782 2752 77 68 by
1899 2751 195 55 Willis
2138 2752 266 51 Fletcher

390 2828 2009 70 Johnson … with an introduction by Calvin Coolidge. Boston
391 2908 112 52 and
532 2907 140 53 New
701 2905 180 69 York,
909 2906 321 69 Houghton
1258 2906 204 53 Mifflin
1491 2925 300 51 company,
1823 2910 150 49 1929.

464 2988 969 50 x p., 1 l., 436 p. front. (port.) 24½ ᶜᵐ.
400 3042 52 52 ©
479 3046 102 41 Oct.
609 3046 68 47 18,
704 3046 142 46 1929;
874 3046 68 40 2c.
969 3045 118 40 Nov.
1116 3046 53 47 1;
1200 3044 83 43 aff.
1312 3045 102 41 Oct.
1441 3045 82 48 19;
1552 3046 42 39 A
1619 3046 173 47 15449;
1822 3048 71 39 W.
1922 3046 53 41 F.
2004 3047 231 47 Johnson,
466 3046 1914 105 Summit,
599 3103 57 40 N.
685 3102 44 41 J.
794 3101 284 50 (29-24044)

387 3180 271 65 Kratzig,
691 3182 209 63 Henry
931 3183 55 51 H
1274 3201 179 50 comp.

460 3262 122 52 The
616 3261 156 53 voice
807 3261 64 52 of
903 3260 280 68 Norfolk;
1221 3260 163 56 radio
1419 3280 281 51 messages
1734 3263 154 52 from
1922 3265 96 51 the
2051 3263 163 68 city’s
388 3265 1989 126 foremost
571 3339 327 67 preachers;

391 3339 1986 146 compiled by Henry H. Kratzig … introduction by
388 3415 1988 148 Ira S. D. Knight … New York, Chicago [etc.] Fleming H. Revell company [ ᶜ19 29 ]
464 3572 511 50 xiii, 153, [1] p. 19½ ᶜᵐ.
401 3626 52 52 ©
481 3630 103 40 Oct.
609 3629 69 48 26,
707 3630 117 40 1929;
878 3631 68 39 2c.
973 3631 98 39 and
1098 3630 82 41 aff.
1207 3631 120 41 Nov.
1355 3631 26 40 9;
1439 3632 41 38 A
1508 3631 141 40 15621;
1712 3633 222 47 Fleming
1960 3635 60 38 H.
2051 3635 168 38 Revell
2248 3645 69 30 co.

478 3685 282 50 (29-24207)

392 3763 334 65 Lindquist,
767 3764 308 54 Gustavus
1113 3766 200 53 Elmer
1352 3769 308 63 Emanuel,
1702 3774 171 49 1886-

464 3840 1874 75 The Jesus road and the red man, by G. E. E. Lindquist …
395 3916 1820 76 New York, Chicago [etc.] Fleming H. Revell company [ ᶜ1929]
