2542 4389
1080 4046 99 54 783

129 391 397 63 Honigmann,
558 390 211 64 Georg,
806 395 170 49 1863-

196 497 688 53 Krankheitserkenntnis
910 516 77 32 und
1056 496 647 68 krankenbehandlung,
1727 514 111 33 von
1865 497 83 51 dr.
1977 496 143 52 med.

128 574 1480 71 Georg Honigmann … Berlin, Ullstein [ ᶜ1 928]
193 667 1529 53 122, [1] p. 17½ᶜᵐ. (Half-title: Wege zum wissen. [ 90])
127 737 1758 52 © Oct. 25, 1928; 1c. Jan. 8, 1929; A—Foreign 1421; Ullstein a. g.
205 798 281 49 (29-12461)

126 934 231 63 Jacobs,
390 933 238 64 Joseph,
663 938 171 49 1881-
1047 935 84 53 ed.

193 1026 118 51 Bar
353 1024 386 53 examination
776 1025 287 67 questions
1104 1025 114 51 and
1258 1043 264 47 answers,
1563 1023 281 69 adjective
1883 1025 128 67 law,
2049 1023 75 69 by

122 1101 2003 69 Joseph Jacobs and Louis Applebome … 7th ed. New York,
124 1180 235 55 Central
386 1179 149 53 book
562 1197 298 50 company,
893 1182 149 49 1929.

191 1276 473 48 3 p. l. , 420 p. 23 ᶜᵐ.
194 1347 287 47 Previously
509 1346 253 48 published
794 1357 54 29 as
877 1349 110 45 part
1016 1346 52 40 of
1095 1347 82 39 the
1205 1346 197 41 editors’
1433 1347 144 39 “New
1606 1347 130 39 York
1766 1347 87 39 bar
124 1357 1979 87 examination

253 1403 250 49 questions
531 1404 96 39 and
656 1402 261 42 answers”.

195 1460 221 41 “Canons
445 1460 52 40 of
526 1459 182 41 ethics”:
767 1471 43 37 p.
838 1459 219 41 406-420.

127 1527 51 52 ©
204 1532 114 47 Apr.
342 1532 69 46 15,
436 1530 150 47 1929;
603 1531 65 39 2c.
694 1531 95 39 and
814 1530 82 40 aff.
920 1530 114 48 Apr.
1058 1531 56 39 17;
1167 1531 40 38 A
1231 1531 114 40 7498;
1398 1531 198 41 Central
1621 1532 122 39 book
1767 1542 67 29 co.

205 1587 280 49 (29-11640)

193 1723 118 52 Bar
358 1722 387 53 examination
792 1723 287 68 questions
1127 1723 113 52 and
1288 1741 265 50 answers,
1598 1723 353 53 substantive
1998 1724 128 67 law,

121 1800 74 68 by
222 1801 217 68 Joseph
469 1800 207 54 Jacobs
705 1802 112 52 and
846 1801 174 53 Louis
1047 1801 373 68 Applebome.
1498 1801 97 53 7th
1626 1802 82 52 ed.
1775 1802 140 52 New
1945 1801 180 67 York,

124 1877 235 55 Central
387 1878 149 53 book
567 1896 296 51 company,
900 1881 149 50 1929.

192 1974 474 49 3 p. l. , 869 p. 23 ᶜᵐ.
193 2045 287 48 Previously
517 2045 255 48 published
810 2056 54 30 as
900 2048 112 46 part
1049 2046 51 40 of
1137 2047 82 39 the
1255 2046 198 40 editors’
1494 2046 143 40 “New
1673 2047 132 40 York
1842 2048 88 38 bar
124 2058 1984 84 examination

340 2101 250 49 questions
618 2102 96 40 and
743 2101 261 43 answers”.

196 2157 220 42 “Canons
446 2159 51 39 of
526 2158 181 41 ethics”:
767 2169 42 37 p.
839 2158 217 41 855-869.

127 2224 51 52 ©
205 2230 113 47 Apr.
344 2230 68 45 15,
438 2229 140 47 1929;
604 2229 67 41 2c.
697 2231 96 38 and
819 2229 83 40 aff.
927 2230 113 48 Apr.
1068 2231 55 38 17;
1179 2231 39 38 A
1243 2230 140 42 7499;
1414 2230 198 41 Central
1639 2231 123 40 book
1788 2242 68 30 co.

205 2285 280 50 (29-11641)

126 2423 216 65 Javits,
374 2423 317 64 Benjamin
724 2423 72 55 A.

194 2514 171 53 Make
396 2515 322 68 everybody
749 2515 141 67 rich,
921 2515 312 69 industry’s
1265 2535 122 33 new
1420 2518 149 68 goal,
1602 2518 74 69 by
1710 2518 308 69 Benjamin
2051 2520 70 52 A.

127 2592 192 54 Javits
358 2593 60 52 in
457 2593 412 53 collaboration
911 2593 139 53 with
1094 2593 237 55 Charles
1370 2595 89 53 W.
1501 2596 201 53 Wood.
1779 2597 138 53 New
1961 2597 162 53 York

125 2669 1444 72 city, B. C. Forbes publishing company [ ᶜ1 929]
195 2765 1029 49 xiv p., 1 l., [15]-300 p. incl. front. 21ᶜᵐ.
127 2832 51 52 ©
204 2838 113 45 May
340 2838 39 46 1,
403 2836 116 41 1929;
568 2837 67 41 2c.
659 2839 96 38 and
778 2838 82 40 aff.
885 2839 114 47 May
1020 2839 56 39 17;
1127 2840 40 38 A
1191 2839 114 40 8174;
1358 2841 52 37 B.
1436 2840 50 40 C.
1512 2841 178 39 Forbes
1712 2841 110 47 pub.
1846 2852 67 29 co.

210 2893 279 48 (29-11663)

126 3029 253 64 Kasson,
412 3030 244 54 Charles
685 3031 81 53 Le
796 3032 215 55 Baron.

195 3119 368 69 Speculation
593 3139 72 35 on
694 3122 104 53 life
828 3124 113 52 and
972 3123 261 69 religion,
1263 3124 75 69 by
1366 3125 62 54 C.
1457 3125 65 52 L.
1552 3125 243 53 Kasson.
1884 3127 216 53 [Boston]

126 3200 151 51 1929.

196 3294 442 49 7 p. l. , 27 p. 22 ᶜᵐ.
129 3360 51 52 ©
207 3366 115 47 May
345 3366 68 46 17,
438 3365 139 47 1929;
604 3366 68 40 2c.
697 3368 95 38 and
816 3367 82 41 aff.
923 3369 114 46 May
1060 3368 53 38 21;
1171 3369 39 38 A
1235 3368 141 47 9222;
1406 3369 48 40 C.
1481 3369 50 40 L.
1556 3370 205 48 Kasson,
1788 3373 196 39 Boston.

206 3420 281 51 (29-11734)

127 3557 1970 145 … King David and his followers; a valuable aid to the memory,
274 3634 225 69 strictly
525 3635 58 52 in
611 3637 340 52 accordance
979 3637 140 52 with
1146 3638 95 52 the
1269 3639 219 52 revised
1516 3640 191 53 ritual.
1771 3642 139 53 New
1941 3643 181 67 York,

129 3711 69 53 N.
236 3712 90 67 Y.,
361 3712 172 53 Allen
567 3713 336 70 publishing
938 3733 298 51 company,
1276 3719 151 53 1929.

197 3805 85 40 198
313 3817 43 37 p.
416 3806 178 48 diagrs.
654 3808 55 40 13½ᶜᵐ.

200 3863 62 39 At
289 3863 123 40 head
441 3863 51 40 of
518 3864 108 40 title:
681 3864 71 42 30.

131 3929 52 51 ©
209 3935 113 46 May
346 3935 69 46 18,
440 3935 139 42 1929;
607 3935 68 40 2c.
702 3937 113 46 May
839 3937 82 42 22;
949 3937 82 41 aff.
1057 3939 112 46 May
1194 3939 55 39 23;
1305 3939 40 38 A
1369 3939 141 48 9256;
1538 3941 141 40 Allen
1704 3943 109 47 pub.
1838 3954 68 29 co.

209 3989 279 50 (29-11662)
