<alto xmlns="http://www.loc.gov/standards/alto/ns-v3#" xmlns:xlink="http://www.w3.org/1999/xlink" xmlns:xsi="http://www.w3.org/2001/XMLSchema-instance" xsi:schemaLocation="http://www.loc.gov/standards/alto/ns-v3# http://www.loc.gov/alto/v3/alto-3-0.xsd"><Description>
<MeasurementUnit>pixel</MeasurementUnit>
<sourceImageInformation>
<fileName>1929_v26_part001.pdf</fileName>
</sourceImageInformation>
<OCRProcessing ID="IdOcr">
<ocrProcessingStep>
<processingDateTime>2019-04-18</processingDateTime>
<processingSoftware>
<softwareCreator>ABBYY</softwareCreator>
<softwareName>ABBYY Recognition Server</softwareName>
<softwareVersion>4.0</softwareVersion>
</processingSoftware>
</ocrProcessingStep>
</OCRProcessing>
</Description>
<Styles>
<ParagraphStyle ID="StyleId-FFFFFFFF-FFFF-FFFF-FFFF-FFFFFFFFFFFF-" ALIGN="Left" LEFT="0." RIGHT="0." FIRSTLINE="0."/>
<ParagraphStyle ID="StyleId-11A520CB-49B0-4D42-A675-089886D5B704-" ALIGN="Center" LEFT="0." RIGHT="0." FIRSTLINE="0." LINESPACE="7.699999809"/>
<ParagraphStyle ID="StyleId-2AEC4724-E584-48A1-8E6D-86B1AA154223-" ALIGN="Left" LEFT="0." RIGHT="0." FIRSTLINE="0." LINESPACE="12.19999981"/>
<ParagraphStyle ID="StyleId-5ADCDE1D-F34B-405C-A765-E9B51F6229BD-" ALIGN="Left" LEFT="0." RIGHT="0." FIRSTLINE="-13." LINESPACE="8.050000191"/>
<ParagraphStyle ID="StyleId-D0AEFB96-F81D-4367-8545-C0AC945FA34C-" ALIGN="Block" LEFT="0." RIGHT="0." FIRSTLINE="-13." LINESPACE="8.899999619"/>
<ParagraphStyle ID="StyleId-9A3BB592-4BA4-4F85-B157-B9A7F1FC9680-" ALIGN="Left" LEFT="0." RIGHT="0." FIRSTLINE="0."/>
<ParagraphStyle ID="StyleId-E9D6144A-CFDC-4919-911D-02B0461DB967-" ALIGN="Left" LEFT="0." RIGHT="0." FIRSTLINE="-13." LINESPACE="23.43000031"/>
<ParagraphStyle ID="StyleId-EEECFC68-AAC5-42B1-B3BF-987799B5B74A-" ALIGN="Block" LEFT="0." RIGHT="0." FIRSTLINE="0." LINESPACE="23.43000031"/>
<ParagraphStyle ID="StyleId-98D20B11-A9BB-4FAB-8DC8-DC8C43F3755E-" ALIGN="Left" LEFT="0." RIGHT="0." FIRSTLINE="0." LINESPACE="10.5"/>
<ParagraphStyle ID="StyleId-C279DBAD-2656-4352-93E6-C942618B09B1-" ALIGN="Block" LEFT="0." RIGHT="0." FIRSTLINE="-13." LINESPACE="8.770000458"/>
<ParagraphStyle ID="StyleId-A539B2D0-654F-45BA-9385-D7E681D9BD87-" ALIGN="Block" LEFT="0." RIGHT="0." FIRSTLINE="0." LINESPACE="8.18999958"/>
<ParagraphStyle ID="StyleId-CFE66565-54F2-45CF-9511-65151219B0BC-" ALIGN="Left" LEFT="0." RIGHT="0." FIRSTLINE="-12." LINESPACE="12.19999981"/>
<ParagraphStyle ID="StyleId-37B60A95-D7B9-4720-9D46-F2E763AAD699-" ALIGN="Block" LEFT="0." RIGHT="0." FIRSTLINE="0." LINESPACE="12.19999981"/>
<ParagraphStyle ID="StyleId-255154CA-71AA-47B9-A5EB-ED90642010CE-" ALIGN="Block" LEFT="0." RIGHT="0." FIRSTLINE="13." LINESPACE="7.900000095"/>
<ParagraphStyle ID="StyleId-4618FB06-20CA-4F95-9CA2-829603EE887D-" ALIGN="Block" LEFT="0." RIGHT="0." FIRSTLINE="0." LINESPACE="10."/>
<ParagraphStyle ID="StyleId-61F9B98E-BA82-4DCF-809A-0C5481162321-" ALIGN="Left" LEFT="0." RIGHT="0." FIRSTLINE="-13." LINESPACE="8.479999542"/>
<ParagraphStyle ID="StyleId-16A4FB0C-4CB7-44C8-846E-AF89DD76FC73-" ALIGN="Left" LEFT="0." RIGHT="0." FIRSTLINE="0." LINESPACE="11.10000038"/>
<ParagraphStyle ID="StyleId-8CC01B24-9D1D-45D5-B954-83ECA9EA3425-" ALIGN="Left" LEFT="0." RIGHT="0." FIRSTLINE="-13." LINESPACE="8.050000191"/>
<ParagraphStyle ID="StyleId-3DB8CD3F-AD17-4DD7-8361-787A6A426C72-" ALIGN="Block" LEFT="0." RIGHT="0." FIRSTLINE="13." LINESPACE="7.900000095"/>
</Styles>
<Layout>
<Page ID="Page1037" PHYSICAL_IMG_NR="1037" HEIGHT="4389" WIDTH="2542">
<TopMargin HEIGHT="346" WIDTH="2542" VPOS="0" HPOS="0">
</TopMargin>
<LeftMargin HEIGHT="3840" WIDTH="124" VPOS="346" HPOS="0">
</LeftMargin>
<RightMargin HEIGHT="3840" WIDTH="380" VPOS="346" HPOS="2162">
</RightMargin>
<BottomMargin HEIGHT="203" WIDTH="2542" VPOS="4186" HPOS="0">
</BottomMargin>
<PrintSpace HEIGHT="3840" WIDTH="2038" VPOS="346" HPOS="124">
<TextBlock ID="Page1037_Block1" HEIGHT="187" WIDTH="199" VPOS="3999" HPOS="1055" LANG="en-US" STYLEREFS="StyleId-B7779F84-0A0C-4DBF-ADC0-818717E47DA1-">
<TextLine HEIGHT="54" WIDTH="134" VPOS="4005" HPOS="1073">
<String CONTENT="1037" HEIGHT="54" WIDTH="134" VPOS="4005" HPOS="1073"/>
</TextLine>
</TextBlock>
<TextBlock ID="Page1037_Block2" HEIGHT="3724" WIDTH="2038" VPOS="346" HPOS="124" LANG="en-US" CS="1" STYLEREFS="StyleId-DA186F4E-3460-4231-99D6-CF6A6FA7EDB6-">
<Shape>
<Polygon POINTS="124,346 2162,346 2162,4070 124,4070 124,346"/>
</Shape>
<TextLine HEIGHT="135" WIDTH="1977" VPOS="357" HPOS="151" CS="1">
<String CONTENT="The" HEIGHT="51" WIDTH="121" VPOS="363" HPOS="151"/>
<SP HEIGHT="53" WIDTH="32" VPOS="361" HPOS="273"/>
<String CONTENT="Federal" HEIGHT="53" WIDTH="245" VPOS="359" HPOS="306"/>
<SP HEIGHT="53" WIDTH="33" VPOS="359" HPOS="552"/>
<String CONTENT="reporter." HEIGHT="62" WIDTH="273" VPOS="366" HPOS="586"/>
<SP HEIGHT="55" WIDTH="77" VPOS="358" HPOS="860"/>
<String CONTENT="Second" HEIGHT="55" WIDTH="220" VPOS="358" HPOS="938"/>
<SP HEIGHT="52" WIDTH="32" VPOS="360" HPOS="1159"/>
<String CONTENT="series." HEIGHT="54" WIDTH="186" VPOS="358" HPOS="1192"/>
<SP HEIGHT="54" WIDTH="76" VPOS="357" HPOS="1379"/>
<String CONTENT="Cases" HEIGHT="54" WIDTH="171" VPOS="357" HPOS="1456"/>
<SP HEIGHT="33" WIDTH="30" VPOS="378" HPOS="1628"/>
<String CONTENT="argued" HEIGHT="68" WIDTH="217" VPOS="359" HPOS="1659"/>
<SP HEIGHT="52" WIDTH="32" VPOS="359" HPOS="1877"/>
<String CONTENT="and" HEIGHT="52" WIDTH="114" VPOS="360" HPOS="1910"/>
<SP HEIGHT="53" WIDTH="34" VPOS="359" HPOS="2025"/>
<String CONTENT="determined" HEIGHT="133" WIDTH="1907" VPOS="359" HPOS="221"/>
</TextLine>
<TextLine HEIGHT="68" WIDTH="1625" VPOS="435" HPOS="528">
<String CONTENT="in" HEIGHT="51" WIDTH="59" VPOS="439" HPOS="528"/>
<SP HEIGHT="47" WIDTH="24" VPOS="443" HPOS="588"/>
<String CONTENT="the" HEIGHT="54" WIDTH="95" VPOS="437" HPOS="613"/>
<SP HEIGHT="54" WIDTH="26" VPOS="437" HPOS="709"/>
<String CONTENT="Circuit" HEIGHT="54" WIDTH="222" VPOS="437" HPOS="736"/>
<SP HEIGHT="47" WIDTH="23" VPOS="443" HPOS="959"/>
<String CONTENT="courts" HEIGHT="48" WIDTH="189" VPOS="442" HPOS="983"/>
<SP HEIGHT="34" WIDTH="24" VPOS="456" HPOS="1173"/>
<String CONTENT="of" HEIGHT="54" WIDTH="65" VPOS="436" HPOS="1198"/>
<SP HEIGHT="52" WIDTH="23" VPOS="436" HPOS="1264"/>
<String CONTENT="appeals" HEIGHT="68" WIDTH="236" VPOS="435" HPOS="1288"/>
<SP HEIGHT="35" WIDTH="26" VPOS="455" HPOS="1525"/>
<String CONTENT="and" HEIGHT="52" WIDTH="111" VPOS="437" HPOS="1552"/>
<SP HEIGHT="52" WIDTH="25" VPOS="437" HPOS="1664"/>
<String CONTENT="District" HEIGHT="54" WIDTH="246" VPOS="435" HPOS="1690"/>
<SP HEIGHT="46" WIDTH="26" VPOS="443" HPOS="1937"/>
<String CONTENT="courts" HEIGHT="47" WIDTH="189" VPOS="442" HPOS="1964"/>
</TextLine>
<TextLine HEIGHT="68" WIDTH="1931" VPOS="514" HPOS="221">
<String CONTENT="of" HEIGHT="53" WIDTH="64" VPOS="516" HPOS="221"/>
<SP HEIGHT="53" WIDTH="20" VPOS="516" HPOS="286"/>
<String CONTENT="the" HEIGHT="52" WIDTH="96" VPOS="517" HPOS="307"/>
<SP HEIGHT="53" WIDTH="22" VPOS="517" HPOS="404"/>
<String CONTENT="United" HEIGHT="54" WIDTH="217" VPOS="516" HPOS="427"/>
<SP HEIGHT="54" WIDTH="26" VPOS="515" HPOS="645"/>
<String CONTENT="States" HEIGHT="54" WIDTH="188" VPOS="515" HPOS="672"/>
<SP HEIGHT="34" WIDTH="22" VPOS="534" HPOS="861"/>
<String CONTENT="and" HEIGHT="52" WIDTH="113" VPOS="516" HPOS="884"/>
<SP HEIGHT="52" WIDTH="23" VPOS="516" HPOS="998"/>
<String CONTENT="the" HEIGHT="53" WIDTH="96" VPOS="515" HPOS="1022"/>
<SP HEIGHT="54" WIDTH="25" VPOS="514" HPOS="1119"/>
<String CONTENT="Court" HEIGHT="54" WIDTH="180" VPOS="514" HPOS="1145"/>
<SP HEIGHT="49" WIDTH="23" VPOS="518" HPOS="1326"/>
<String CONTENT="of" HEIGHT="53" WIDTH="64" VPOS="514" HPOS="1350"/>
<SP HEIGHT="52" WIDTH="23" VPOS="514" HPOS="1415"/>
<String CONTENT="appeals" HEIGHT="67" WIDTH="235" VPOS="515" HPOS="1439"/>
<SP HEIGHT="34" WIDTH="23" VPOS="534" HPOS="1675"/>
<String CONTENT="of" HEIGHT="54" WIDTH="64" VPOS="514" HPOS="1699"/>
<SP HEIGHT="52" WIDTH="20" VPOS="514" HPOS="1764"/>
<String CONTENT="the" HEIGHT="52" WIDTH="97" VPOS="515" HPOS="1785"/>
<SP HEIGHT="52" WIDTH="22" VPOS="515" HPOS="1883"/>
<String CONTENT="District" HEIGHT="52" WIDTH="246" VPOS="514" HPOS="1906"/>
</TextLine>
<TextLine HEIGHT="70" WIDTH="1920" VPOS="591" HPOS="221" CS="1">
<String CONTENT="of" HEIGHT="53" WIDTH="64" VPOS="594" HPOS="221"/>
<SP HEIGHT="55" WIDTH="49" VPOS="593" HPOS="286"/>
<String CONTENT="Columbia," HEIGHT="68" WIDTH="317" VPOS="593" HPOS="336"/>
<SP HEIGHT="50" WIDTH="50" VPOS="611" HPOS="654"/>
<String CONTENT="with" HEIGHT="51" WIDTH="140" VPOS="593" HPOS="705"/>
<SP HEIGHT="51" WIDTH="50" VPOS="593" HPOS="846"/>
<String CONTENT="key-number" HEIGHT="69" WIDTH="374" VPOS="592" HPOS="897"/>
<SP HEIGHT="33" WIDTH="50" VPOS="611" HPOS="1272"/>
<String CS="1" CONTENT="annotations." HEIGHT="53" WIDTH="365" VPOS="591" HPOS="1323"/>
<SP HEIGHT="33" WIDTH="73" VPOS="610" HPOS="1705"/>
<String CONTENT="v." HEIGHT="35" WIDTH="50" VPOS="610" HPOS="1779"/>
<SP HEIGHT="50" WIDTH="54" VPOS="595" HPOS="1830"/>
<String CONTENT="31" HEIGHT="49" WIDTH="64" VPOS="595" HPOS="1885"/>
<SP HEIGHT="68" WIDTH="63" VPOS="591" HPOS="1950"/>
<String CONTENT="(2d)" HEIGHT="70" WIDTH="127" VPOS="591" HPOS="2014"/>
</TextLine>
<TextLine HEIGHT="71" WIDTH="1797" VPOS="669" HPOS="218">
<String CONTENT="April-June," HEIGHT="69" WIDTH="381" VPOS="671" HPOS="218"/>
<SP HEIGHT="63" WIDTH="32" VPOS="675" HPOS="600"/>
<String CONTENT="1929." HEIGHT="50" WIDTH="150" VPOS="673" HPOS="633"/>
<SP HEIGHT="55" WIDTH="78" VPOS="670" HPOS="784"/>
<String CONTENT="St." HEIGHT="55" WIDTH="82" VPOS="670" HPOS="863"/>
<SP HEIGHT="50" WIDTH="33" VPOS="672" HPOS="946"/>
<String CONTENT="Paul," HEIGHT="67" WIDTH="165" VPOS="671" HPOS="980"/>
<SP HEIGHT="67" WIDTH="27" VPOS="671" HPOS="1146"/>
<String CONTENT="West" HEIGHT="52" WIDTH="160" VPOS="671" HPOS="1174"/>
<SP HEIGHT="62" WIDTH="30" VPOS="676" HPOS="1335"/>
<String CONTENT="publishing" HEIGHT="70" WIDTH="338" VPOS="669" HPOS="1366"/>
<SP HEIGHT="52" WIDTH="27" VPOS="687" HPOS="1705"/>
<String CONTENT="co.." HEIGHT="34" WIDTH="98" VPOS="689" HPOS="1733"/>
<SP HEIGHT="47" WIDTH="33" VPOS="675" HPOS="1832"/>
<String CONTENT="1929." HEIGHT="51" WIDTH="149" VPOS="672" HPOS="1866"/>
</TextLine>
<TextLine HEIGHT="49" WIDTH="1035" VPOS="751" HPOS="217" CS="1">
<String CONTENT="xxviii," HEIGHT="48" WIDTH="170" VPOS="752" HPOS="217"/>
<SP HEIGHT="47" WIDTH="29" VPOS="753" HPOS="388"/>
<String CONTENT="1083" HEIGHT="42" WIDTH="114" VPOS="751" HPOS="418"/>
<SP HEIGHT="47" WIDTH="26" VPOS="752" HPOS="533"/>
<String CONTENT="p." HEIGHT="37" WIDTH="43" VPOS="762" HPOS="560"/>
<SP HEIGHT="40" WIDTH="30" VPOS="751" HPOS="604"/>
<String CONTENT="incl." HEIGHT="42" WIDTH="111" VPOS="751" HPOS="635"/>
<SP HEIGHT="42" WIDTH="27" VPOS="751" HPOS="747"/>
<String CS="1" CONTENT="front."/>
<SP HEIGHT="48" WIDTH="39" VPOS="752" HPOS="927"/>
<String CONTENT="(map)" HEIGHT="49" WIDTH="159" VPOS="751" HPOS="967"/>
<SP HEIGHT="47" WIDTH="65" VPOS="751" HPOS="1127"/>
<String CONTENT="26" HEIGHT="39" WIDTH="59" VPOS="751" HPOS="1193"/>
<String STYLE="superscript" CS="1" CONTENT="&#7580;&#7504;."/>
</TextLine>
<TextLine HEIGHT="52" WIDTH="1661" VPOS="819" HPOS="149" STYLEREFS="StyleId-6D3856ED-3C72-46D4-A000-FC2E2D979F84-" CS="1">
<String CONTENT="&#169;" HEIGHT="52" WIDTH="52" VPOS="819" HPOS="149"/>
<SP HEIGHT="52" WIDTH="24" VPOS="819" HPOS="202"/>
<String CONTENT="July" HEIGHT="47" WIDTH="117" VPOS="823" HPOS="227"/>
<SP HEIGHT="48" WIDTH="20" VPOS="822" HPOS="345"/>
<String CONTENT="30," HEIGHT="50" WIDTH="71" VPOS="821" HPOS="366"/>
<SP HEIGHT="48" WIDTH="22" VPOS="823" HPOS="438"/>
<String CS="1" CONTENT="1929;" HEIGHT="41" WIDTH="114" VPOS="821" HPOS="461"/>
<SP HEIGHT="47" WIDTH="27" VPOS="822" HPOS="602"/>
<String CONTENT="2c." HEIGHT="41" WIDTH="67" VPOS="822" HPOS="630"/>
<SP HEIGHT="30" WIDTH="23" VPOS="833" HPOS="698"/>
<String CONTENT="and" HEIGHT="39" WIDTH="95" VPOS="823" HPOS="722"/>
<SP HEIGHT="39" WIDTH="25" VPOS="823" HPOS="818"/>
<String CONTENT="aff." HEIGHT="41" WIDTH="82" VPOS="821" HPOS="844"/>
<SP HEIGHT="40" WIDTH="24" VPOS="822" HPOS="927"/>
<String CONTENT="Aug." HEIGHT="48" WIDTH="122" VPOS="822" HPOS="952"/>
<SP HEIGHT="41" WIDTH="23" VPOS="822" HPOS="1075"/>
<String CS="1" CONTENT="5;" HEIGHT="39" WIDTH="25" VPOS="822" HPOS="1099"/>
<SP HEIGHT="48" WIDTH="26" VPOS="821" HPOS="1152"/>
<!-- cceid 9E903D57-6CFA-1014-9C3C-CEA95E7AA542 --><String CONTENT="A" HEIGHT="40" WIDTH="42" VPOS="821" HPOS="1179"/>
<SP HEIGHT="40" WIDTH="22" VPOS="821" HPOS="1222"/>
<String CONTENT="10612;" HEIGHT="48" WIDTH="172" VPOS="821" HPOS="1245"/>
<SP HEIGHT="47" WIDTH="25" VPOS="822" HPOS="1418"/>
<String CONTENT="West" HEIGHT="40" WIDTH="137" VPOS="822" HPOS="1444"/>
<SP HEIGHT="47" WIDTH="23" VPOS="823" HPOS="1582"/>
<String CONTENT="pub." HEIGHT="48" WIDTH="109" VPOS="822" HPOS="1606"/>
<SP HEIGHT="29" WIDTH="25" VPOS="833" HPOS="1716"/>
<String CONTENT="co." HEIGHT="29" WIDTH="68" VPOS="833" HPOS="1742"/>
</TextLine>
<TextLine HEIGHT="62" WIDTH="457" VPOS="931" HPOS="144" STYLEREFS="StyleId-162F7AF4-B672-4FE3-A326-205EF76C03E2-">
<String CONTENT="The" HEIGHT="52" WIDTH="124" VPOS="931" HPOS="144"/>
<SP HEIGHT="52" WIDTH="34" VPOS="931" HPOS="269"/>
<String CONTENT="Foundry." HEIGHT="62" WIDTH="297" VPOS="931" HPOS="304"/>
</TextLine>
<TextLine HEIGHT="68" WIDTH="1937" VPOS="1009" HPOS="213">
<String CONTENT="Foundrymen&#8217;s" HEIGHT="68" WIDTH="453" VPOS="1009" HPOS="213"/>
<SP HEIGHT="51" WIDTH="47" VPOS="1010" HPOS="667"/>
<String CONTENT="handbook," HEIGHT="68" WIDTH="324" VPOS="1009" HPOS="715"/>
<SP HEIGHT="68" WIDTH="47" VPOS="1009" HPOS="1040"/>
<String CONTENT="based" HEIGHT="53" WIDTH="172" VPOS="1009" HPOS="1088"/>
<SP HEIGHT="52" WIDTH="49" VPOS="1010" HPOS="1261"/>
<String CONTENT="on" HEIGHT="34" WIDTH="71" VPOS="1027" HPOS="1311"/>
<SP HEIGHT="51" WIDTH="49" VPOS="1010" HPOS="1383"/>
<String CONTENT="data" HEIGHT="51" WIDTH="135" VPOS="1010" HPOS="1433"/>
<SP HEIGHT="33" WIDTH="48" VPOS="1029" HPOS="1569"/>
<String CONTENT="sheets" HEIGHT="52" WIDTH="184" VPOS="1011" HPOS="1618"/>
<SP HEIGHT="53" WIDTH="48" VPOS="1010" HPOS="1803"/>
<String CONTENT="from" HEIGHT="54" WIDTH="152" VPOS="1010" HPOS="1852"/>
<SP HEIGHT="48" WIDTH="48" VPOS="1016" HPOS="2005"/>
<String CONTENT="the" HEIGHT="51" WIDTH="96" VPOS="1013" HPOS="2054"/>
</TextLine>
<TextLine HEIGHT="146" WIDTH="1985" VPOS="1087" HPOS="140" CS="1">
<String CONTENT="Foundry;" HEIGHT="68" WIDTH="305" VPOS="1088" HPOS="141"/>
<SP HEIGHT="44" WIDTH="45" VPOS="1106" HPOS="447"/>
<String CONTENT="revised" HEIGHT="52" WIDTH="219" VPOS="1087" HPOS="493"/>
<SP HEIGHT="51" WIDTH="41" VPOS="1088" HPOS="713"/>
<String CONTENT="and" HEIGHT="53" WIDTH="110" VPOS="1087" HPOS="755"/>
<SP HEIGHT="53" WIDTH="42" VPOS="1087" HPOS="866"/>
<String CONTENT="supplemented" HEIGHT="67" WIDTH="435" VPOS="1087" HPOS="909"/>
<SP HEIGHT="52" WIDTH="39" VPOS="1088" HPOS="1345"/>
<String CONTENT="to" HEIGHT="47" WIDTH="59" VPOS="1092" HPOS="1385"/>
<SP HEIGHT="34" WIDTH="42" VPOS="1105" HPOS="1445"/>
<String CONTENT="represent" HEIGHT="62" WIDTH="290" VPOS="1093" HPOS="1488"/>
<SP HEIGHT="47" WIDTH="42" VPOS="1093" HPOS="1779"/>
<String CONTENT="and" HEIGHT="52" WIDTH="113" VPOS="1089" HPOS="1822"/>
<SP HEIGHT="52" WIDTH="38" VPOS="1089" HPOS="1936"/>
<String CONTENT="interpret" HEIGHT="144" WIDTH="1985" VPOS="1089" HPOS="140"/>
</TextLine>
<TextLine HEIGHT="69" WIDTH="1833" VPOS="1164" HPOS="312">
<String CONTENT="modern" HEIGHT="51" WIDTH="236" VPOS="1167" HPOS="312"/>
<SP HEIGHT="50" WIDTH="42" VPOS="1183" HPOS="549"/>
<String CONTENT="practice." HEIGHT="69" WIDTH="266" VPOS="1164" HPOS="592"/>
<SP HEIGHT="47" WIDTH="92" VPOS="1169" HPOS="859"/>
<String CONTENT="2d" HEIGHT="51" WIDTH="72" VPOS="1167" HPOS="952"/>
<SP HEIGHT="51" WIDTH="44" VPOS="1167" HPOS="1025"/>
<String CONTENT="ed." HEIGHT="53" WIDTH="82" VPOS="1165" HPOS="1070"/>
<SP HEIGHT="55" WIDTH="95" VPOS="1165" HPOS="1153"/>
<String CONTENT="Cleveland," HEIGHT="68" WIDTH="330" VPOS="1165" HPOS="1249"/>
<SP HEIGHT="68" WIDTH="44" VPOS="1165" HPOS="1580"/>
<String CONTENT="O.," HEIGHT="68" WIDTH="87" VPOS="1165" HPOS="1625"/>
<SP HEIGHT="65" WIDTH="43" VPOS="1168" HPOS="1713"/>
<String CONTENT="The" HEIGHT="52" WIDTH="122" VPOS="1167" HPOS="1757"/>
<SP HEIGHT="52" WIDTH="43" VPOS="1169" HPOS="1880"/>
<String CONTENT="Penton" HEIGHT="52" WIDTH="221" VPOS="1169" HPOS="1924"/>
</TextLine>
<TextLine HEIGHT="70" WIDTH="641" VPOS="1243" HPOS="139">
<String CONTENT="publishing" HEIGHT="70" WIDTH="336" VPOS="1243" HPOS="139"/>
<SP HEIGHT="52" WIDTH="26" VPOS="1261" HPOS="476"/>
<String CONTENT="co.," HEIGHT="51" WIDTH="96" VPOS="1261" HPOS="503"/>
<SP HEIGHT="63" WIDTH="27" VPOS="1249" HPOS="600"/>
<String CONTENT="1929." HEIGHT="50" WIDTH="152" VPOS="1246" HPOS="628"/>
</TextLine>
<TextLine HEIGHT="51" WIDTH="1876" VPOS="1324" HPOS="212" STYLEREFS="StyleId-6D3856ED-3C72-46D4-A000-FC2E2D979F84-" CS="1">
<String CONTENT="2" HEIGHT="38" WIDTH="26" VPOS="1327" HPOS="212"/>
<SP/>
<String LANG="fr" CS="1" CONTENT="p."/>
<SP/>
<String LANG="fr" CS="1" CONTENT="l."/>
<String CONTENT="," HEIGHT="16" WIDTH="8" VPOS="1358" HPOS="379"/>
<SP HEIGHT="30" WIDTH="33" VPOS="1345" HPOS="388"/>
<String CONTENT="[ix]-xiii," HEIGHT="51" WIDTH="218" VPOS="1324" HPOS="422"/>
<SP HEIGHT="47" WIDTH="31" VPOS="1326" HPOS="641"/>
<String CONTENT="574" HEIGHT="39" WIDTH="85" VPOS="1326" HPOS="673"/>
<SP HEIGHT="46" WIDTH="29" VPOS="1326" HPOS="759"/>
<String CONTENT="p." HEIGHT="36" WIDTH="42" VPOS="1336" HPOS="789"/>
<SP HEIGHT="40" WIDTH="31" VPOS="1325" HPOS="832"/>
<String CONTENT="incl." HEIGHT="40" WIDTH="109" VPOS="1325" HPOS="864"/>
<SP HEIGHT="40" WIDTH="30" VPOS="1325" HPOS="974"/>
<String CONTENT="illus.," HEIGHT="46" WIDTH="143" VPOS="1325" HPOS="1005"/>
<SP HEIGHT="45" WIDTH="31" VPOS="1326" HPOS="1149"/>
<String CONTENT="tables," HEIGHT="47" WIDTH="169" VPOS="1325" HPOS="1181"/>
<SP HEIGHT="46" WIDTH="31" VPOS="1326" HPOS="1351"/>
<String CONTENT="diagrs." HEIGHT="49" WIDTH="180" VPOS="1325" HPOS="1383"/>
<SP HEIGHT="40" WIDTH="72" VPOS="1326" HPOS="1564"/>
<String CONTENT="fold." HEIGHT="40" WIDTH="118" VPOS="1326" HPOS="1637"/>
<SP HEIGHT="29" WIDTH="33" VPOS="1337" HPOS="1756"/>
<String CONTENT="col." HEIGHT="40" WIDTH="86" VPOS="1327" HPOS="1790"/>
<SP HEIGHT="38" WIDTH="33" VPOS="1337" HPOS="1877"/>
<String CS="1" CONTENT="pl." HEIGHT="38" WIDTH="61" VPOS="1337" HPOS="1911"/>
<SP HEIGHT="39" WIDTH="59" VPOS="1328" HPOS="1973"/>
<String CONTENT="24" HEIGHT="39" WIDTH="55" VPOS="1328" HPOS="2033"/>
<String STYLE="superscript" CS="1" CONTENT="&#7580;&#7504;."/>
</TextLine>
<TextLine HEIGHT="54" WIDTH="1887" VPOS="1392" HPOS="146" STYLEREFS="StyleId-6D3856ED-3C72-46D4-A000-FC2E2D979F84-" CS="1">
<String CONTENT="&#169;" HEIGHT="52" WIDTH="52" VPOS="1392" HPOS="146"/>
<SP HEIGHT="52" WIDTH="29" VPOS="1392" HPOS="199"/>
<String CONTENT="June" HEIGHT="40" WIDTH="127" VPOS="1397" HPOS="229"/>
<SP HEIGHT="39" WIDTH="27" VPOS="1397" HPOS="357"/>
<String CONTENT="25," HEIGHT="47" WIDTH="69" VPOS="1397" HPOS="385"/>
<SP HEIGHT="47" WIDTH="29" VPOS="1397" HPOS="455"/>
<String CONTENT="1929;" HEIGHT="48" WIDTH="140" VPOS="1396" HPOS="485"/>
<SP HEIGHT="48" WIDTH="28" VPOS="1396" HPOS="626"/>
<String CONTENT="2c." HEIGHT="40" WIDTH="70" VPOS="1396" HPOS="655"/>
<SP HEIGHT="40" WIDTH="29" VPOS="1396" HPOS="726"/>
<String CONTENT="July" HEIGHT="47" WIDTH="117" VPOS="1396" HPOS="756"/>
<SP HEIGHT="47" WIDTH="27" VPOS="1396" HPOS="874"/>
<String CONTENT="8;" HEIGHT="47" WIDTH="52" VPOS="1396" HPOS="902"/>
<SP HEIGHT="37" WIDTH="31" VPOS="1406" HPOS="955"/>
<String CONTENT="aff." HEIGHT="41" WIDTH="83" VPOS="1395" HPOS="987"/>
<SP HEIGHT="40" WIDTH="29" VPOS="1396" HPOS="1071"/>
<String CONTENT="July" HEIGHT="47" WIDTH="116" VPOS="1396" HPOS="1101"/>
<SP HEIGHT="46" WIDTH="29" VPOS="1397" HPOS="1218"/>
<String CONTENT="1;" HEIGHT="45" WIDTH="52" VPOS="1397" HPOS="1248"/>
<SP HEIGHT="45" WIDTH="31" VPOS="1397" HPOS="1301"/>
<!-- cceid 9E915391-6CFA-1014-9C3C-CEA95E7AA542 --><String CONTENT="A" HEIGHT="38" WIDTH="41" VPOS="1397" HPOS="1333"/>
<SP HEIGHT="38" WIDTH="27" VPOS="1397" HPOS="1375"/>
<String CS="1" CONTENT="11087;" HEIGHT="41" WIDTH="144" VPOS="1396" HPOS="1403"/>
<SP HEIGHT="47" WIDTH="32" VPOS="1397" HPOS="1575"/>
<String CONTENT="Penton" HEIGHT="40" WIDTH="187" VPOS="1397" HPOS="1608"/>
<SP HEIGHT="38" WIDTH="28" VPOS="1408" HPOS="1796"/>
<String CONTENT="pub." HEIGHT="49" WIDTH="110" VPOS="1397" HPOS="1825"/>
<SP HEIGHT="30" WIDTH="28" VPOS="1408" HPOS="1936"/>
<String CONTENT="co." HEIGHT="30" WIDTH="68" VPOS="1408" HPOS="1965"/>
</TextLine>
<TextLine HEIGHT="49" WIDTH="281" VPOS="1453" HPOS="225" STYLEREFS="StyleId-6D3856ED-3C72-46D4-A000-FC2E2D979F84-">
<String CONTENT="(29-14643)" HEIGHT="49" WIDTH="281" VPOS="1453" HPOS="225"/>
</TextLine>
<TextLine HEIGHT="65" WIDTH="1060" VPOS="1547" HPOS="145">
<String LANG="en-US" CONTENT="Garve," HEIGHT="65" WIDTH="212" VPOS="1547" HPOS="145"/>
<SP HEIGHT="64" WIDTH="27" VPOS="1548" HPOS="358"/>
<String LANG="de" CONTENT="Treumund" HEIGHT="52" WIDTH="339" VPOS="1548" HPOS="386"/>
<SP HEIGHT="53" WIDTH="28" VPOS="1548" HPOS="726"/>
<String LANG="en-US" CONTENT="Walter," HEIGHT="65" WIDTH="245" VPOS="1547" HPOS="755"/>
<SP HEIGHT="58" WIDTH="31" VPOS="1554" HPOS="1001"/>
<String LANG="en-US" CONTENT="1880-" HEIGHT="50" WIDTH="172" VPOS="1552" HPOS="1033"/>
</TextLine>
<TextLine HEIGHT="72" WIDTH="1938" VPOS="1626" HPOS="209">
<String CONTENT="Factory" HEIGHT="70" WIDTH="252" VPOS="1628" HPOS="209"/>
<SP HEIGHT="71" WIDTH="44" VPOS="1627" HPOS="462"/>
<String CONTENT="design" HEIGHT="70" WIDTH="200" VPOS="1626" HPOS="507"/>
<SP HEIGHT="33" WIDTH="48" VPOS="1645" HPOS="708"/>
<String CONTENT="and" HEIGHT="52" WIDTH="113" VPOS="1628" HPOS="757"/>
<SP HEIGHT="52" WIDTH="47" VPOS="1628" HPOS="871"/>
<String CONTENT="equipment" HEIGHT="68" WIDTH="329" VPOS="1626" HPOS="919"/>
<SP HEIGHT="47" WIDTH="48" VPOS="1631" HPOS="1249"/>
<String CONTENT="and" HEIGHT="52" WIDTH="113" VPOS="1627" HPOS="1298"/>
<SP HEIGHT="52" WIDTH="46" VPOS="1627" HPOS="1412"/>
<String CONTENT="manufacture" HEIGHT="54" WIDTH="401" VPOS="1626" HPOS="1459"/>
<SP HEIGHT="33" WIDTH="48" VPOS="1647" HPOS="1861"/>
<String CONTENT="of" HEIGHT="53" WIDTH="63" VPOS="1627" HPOS="1910"/>
<SP HEIGHT="55" WIDTH="46" VPOS="1627" HPOS="1974"/>
<String CONTENT="clay" HEIGHT="68" WIDTH="126" VPOS="1630" HPOS="2021"/>
</TextLine>
<TextLine HEIGHT="71" WIDTH="2010" VPOS="1705" HPOS="138" CS="1">
<String CONTENT="wares," HEIGHT="51" WIDTH="195" VPOS="1723" HPOS="138"/>
<SP HEIGHT="69" WIDTH="31" VPOS="1705" HPOS="334"/>
<String CONTENT="by" HEIGHT="71" WIDTH="77" VPOS="1705" HPOS="366"/>
<SP HEIGHT="69" WIDTH="35" VPOS="1707" HPOS="444"/>
<String LANG="fr" CONTENT="T." HEIGHT="51" WIDTH="63" VPOS="1707" HPOS="480"/>
<SP HEIGHT="54" WIDTH="35" VPOS="1706" HPOS="544"/>
<String CONTENT="W." HEIGHT="54" WIDTH="90" VPOS="1706" HPOS="580"/>
<SP HEIGHT="55" WIDTH="37" VPOS="1705" HPOS="671"/>
<String CONTENT="Garve," HEIGHT="68" WIDTH="209" VPOS="1705" HPOS="709"/>
<SP HEIGHT="51" WIDTH="34" VPOS="1722" HPOS="919"/>
<String CS="1" CONTENT="CER." HEIGHT="8" WIDTH="8" VPOS="1750" HPOS="1062"/>
<SP HEIGHT="35" WIDTH="37" VPOS="1723" HPOS="1071"/>
<String CS="1" CONTENT="E." HEIGHT="8" WIDTH="8" VPOS="1749" HPOS="1148"/>
<SP HEIGHT="48" WIDTH="77" VPOS="1709" HPOS="1157"/>
<String CONTENT="1st" HEIGHT="48" WIDTH="84" VPOS="1709" HPOS="1235"/>
<SP HEIGHT="47" WIDTH="37" VPOS="1709" HPOS="1320"/>
<String CONTENT="ed.," HEIGHT="67" WIDTH="103" VPOS="1705" HPOS="1358"/>
<SP HEIGHT="61" WIDTH="40" VPOS="1711" HPOS="1462"/>
<String CONTENT="1929." HEIGHT="50" WIDTH="147" VPOS="1709" HPOS="1503"/>
<SP HEIGHT="53" WIDTH="76" VPOS="1706" HPOS="1651"/>
<String CONTENT="Indianapolis," HEIGHT="70" WIDTH="420" VPOS="1706" HPOS="1728"/>
</TextLine>
<TextLine HEIGHT="72" WIDTH="1180" VPOS="1783" HPOS="138" CS="1">
<String CONTENT="Ind.," HEIGHT="70" WIDTH="150" VPOS="1785" HPOS="138"/>
<SP HEIGHT="68" WIDTH="24" VPOS="1787" HPOS="289"/>
<String CONTENT="T." HEIGHT="51" WIDTH="63" VPOS="1787" HPOS="314"/>
<SP HEIGHT="54" WIDTH="27" VPOS="1784" HPOS="378"/>
<String CONTENT="A." HEIGHT="54" WIDTH="71" VPOS="1784" HPOS="406"/>
<SP HEIGHT="53" WIDTH="26" VPOS="1785" HPOS="478"/>
<String CONTENT="Randall" HEIGHT="55" WIDTH="252" VPOS="1783" HPOS="505"/>
<SP HEIGHT="54" WIDTH="27" VPOS="1783" HPOS="758"/>
<String CONTENT="&amp;" HEIGHT="50" WIDTH="45" VPOS="1787" HPOS="786"/>
<SP HEIGHT="50" WIDTH="25" VPOS="1787" HPOS="832"/>
<String CONTENT="co.," HEIGHT="49" WIDTH="99" VPOS="1801" HPOS="858"/>
<SP HEIGHT="67" WIDTH="24" VPOS="1783" HPOS="958"/>
<String CONTENT="inc." HEIGHT="53" WIDTH="107" VPOS="1783" HPOS="983"/>
<SP HEIGHT="34" WIDTH="33" VPOS="1817" HPOS="1091"/>
<String CS="1" CONTENT="["/>
<String STYLE="superscript" CS="1" CONTENT="&#7580;1"/>
<String CONTENT="929]" HEIGHT="66" WIDTH="118" VPOS="1786" HPOS="1200"/>
</TextLine>
<TextLine HEIGHT="50" WIDTH="463" VPOS="1865" HPOS="207" STYLEREFS="StyleId-6D3856ED-3C72-46D4-A000-FC2E2D979F84-" CS="1">
<String CONTENT="304" HEIGHT="41" WIDTH="87" VPOS="1866" HPOS="207"/>
<SP HEIGHT="48" WIDTH="26" VPOS="1867" HPOS="295"/>
<String CONTENT="p." HEIGHT="37" WIDTH="43" VPOS="1878" HPOS="322"/>
<SP HEIGHT="41" WIDTH="58" VPOS="1866" HPOS="366"/>
<String CONTENT="illus." HEIGHT="40" WIDTH="128" VPOS="1866" HPOS="425"/>
<SP HEIGHT="41" WIDTH="59" VPOS="1865" HPOS="554"/>
<String CONTENT="24" HEIGHT="40" WIDTH="56" VPOS="1865" HPOS="614"/>
<String STYLE="superscript" CS="1" CONTENT="&#7580;&#7504;."/>
</TextLine>
<TextLine HEIGHT="52" WIDTH="1937" VPOS="1935" HPOS="211" STYLEREFS="StyleId-6D3856ED-3C72-46D4-A000-FC2E2D979F84-">
<String CONTENT="&#8220;The" HEIGHT="39" WIDTH="129" VPOS="1939" HPOS="211"/>
<SP HEIGHT="29" WIDTH="35" VPOS="1949" HPOS="341"/>
<String CONTENT="chapters" HEIGHT="47" WIDTH="227" VPOS="1939" HPOS="377"/>
<SP HEIGHT="40" WIDTH="36" VPOS="1937" HPOS="605"/>
<String CONTENT="have" HEIGHT="39" WIDTH="125" VPOS="1937" HPOS="642"/>
<SP HEIGHT="29" WIDTH="36" VPOS="1947" HPOS="768"/>
<String CONTENT="appeared" HEIGHT="47" WIDTH="243" VPOS="1937" HPOS="805"/>
<SP HEIGHT="39" WIDTH="37" VPOS="1937" HPOS="1049"/>
<String CONTENT="serially" HEIGHT="49" WIDTH="201" VPOS="1935" HPOS="1087"/>
<SP HEIGHT="49" WIDTH="35" VPOS="1935" HPOS="1289"/>
<String CONTENT="in" HEIGHT="40" WIDTH="51" VPOS="1935" HPOS="1325"/>
<SP HEIGHT="38" WIDTH="40" VPOS="1937" HPOS="1377"/>
<String CONTENT="&#8216;The" HEIGHT="40" WIDTH="115" VPOS="1937" HPOS="1418"/>
<SP HEIGHT="41" WIDTH="36" VPOS="1937" HPOS="1534"/>
<String CONTENT="Clay-worker&#8217;," HEIGHT="50" WIDTH="360" VPOS="1936" HPOS="1571"/>
<SP HEIGHT="37" WIDTH="38" VPOS="1949" HPOS="1932"/>
<String CONTENT="mostly" HEIGHT="48" WIDTH="177" VPOS="1939" HPOS="1971"/>
</TextLine>
<TextLine HEIGHT="51" WIDTH="2009" VPOS="1993" HPOS="139" STYLEREFS="StyleId-6D3856ED-3C72-46D4-A000-FC2E2D979F84-">
<String CONTENT="during" HEIGHT="48" WIDTH="178" VPOS="1996" HPOS="139"/>
<SP HEIGHT="46" WIDTH="26" VPOS="1998" HPOS="318"/>
<String CONTENT="the" HEIGHT="40" WIDTH="82" VPOS="1996" HPOS="345"/>
<SP HEIGHT="36" WIDTH="28" VPOS="2006" HPOS="428"/>
<String CONTENT="years" HEIGHT="37" WIDTH="142" VPOS="2005" HPOS="457"/>
<SP HEIGHT="39" WIDTH="26" VPOS="1995" HPOS="600"/>
<String CONTENT="1927" HEIGHT="41" WIDTH="115" VPOS="1993" HPOS="627"/>
<SP HEIGHT="38" WIDTH="30" VPOS="1996" HPOS="743"/>
<String CONTENT="and" HEIGHT="39" WIDTH="94" VPOS="1995" HPOS="774"/>
<SP HEIGHT="39" WIDTH="31" VPOS="1995" HPOS="869"/>
<String CONTENT="1928," HEIGHT="48" WIDTH="129" VPOS="1993" HPOS="901"/>
<SP HEIGHT="47" WIDTH="29" VPOS="1994" HPOS="1031"/>
<String CONTENT="but" HEIGHT="40" WIDTH="86" VPOS="1994" HPOS="1061"/>
<SP HEIGHT="37" WIDTH="28" VPOS="1997" HPOS="1148"/>
<String CONTENT="they" HEIGHT="47" WIDTH="116" VPOS="1995" HPOS="1177"/>
<SP HEIGHT="48" WIDTH="26" VPOS="1994" HPOS="1294"/>
<String CONTENT="have" HEIGHT="40" WIDTH="126" VPOS="1994" HPOS="1321"/>
<SP HEIGHT="40" WIDTH="25" VPOS="1994" HPOS="1448"/>
<String CONTENT="been" HEIGHT="40" WIDTH="119" VPOS="1994" HPOS="1474"/>
<SP HEIGHT="39" WIDTH="28" VPOS="1995" HPOS="1594"/>
<String CONTENT="brought" HEIGHT="48" WIDTH="211" VPOS="1995" HPOS="1623"/>
<SP HEIGHT="39" WIDTH="25" VPOS="1996" HPOS="1835"/>
<String CONTENT="up" HEIGHT="38" WIDTH="64" VPOS="2005" HPOS="1861"/>
<SP HEIGHT="46" WIDTH="28" VPOS="1997" HPOS="1926"/>
<String CONTENT="to" HEIGHT="39" WIDTH="50" VPOS="1997" HPOS="1955"/>
<SP HEIGHT="40" WIDTH="27" VPOS="1996" HPOS="2006"/>
<String CONTENT="date" HEIGHT="40" WIDTH="114" VPOS="1996" HPOS="2034"/>
</TextLine>
<TextLine HEIGHT="51" WIDTH="984" VPOS="2050" HPOS="139" STYLEREFS="StyleId-6D3856ED-3C72-46D4-A000-FC2E2D979F84-">
<String CONTENT="to" HEIGHT="38" WIDTH="48" VPOS="2056" HPOS="139"/>
<SP HEIGHT="38" WIDTH="29" VPOS="2056" HPOS="188"/>
<String CONTENT="the" HEIGHT="39" WIDTH="83" VPOS="2055" HPOS="218"/>
<SP HEIGHT="41" WIDTH="23" VPOS="2053" HPOS="302"/>
<String CONTENT="first" HEIGHT="40" WIDTH="109" VPOS="2053" HPOS="326"/>
<SP HEIGHT="46" WIDTH="26" VPOS="2055" HPOS="436"/>
<String CONTENT="quarter" HEIGHT="47" WIDTH="200" VPOS="2054" HPOS="463"/>
<SP HEIGHT="29" WIDTH="26" VPOS="2063" HPOS="664"/>
<String CONTENT="of" HEIGHT="41" WIDTH="51" VPOS="2051" HPOS="691"/>
<SP HEIGHT="40" WIDTH="25" VPOS="2051" HPOS="743"/>
<String CONTENT="1929.&#8221;&#8212;Pref." HEIGHT="42" WIDTH="354" VPOS="2050" HPOS="769"/>
</TextLine>
<TextLine HEIGHT="53" WIDTH="1998" VPOS="2120" HPOS="143" STYLEREFS="StyleId-6D3856ED-3C72-46D4-A000-FC2E2D979F84-" CS="1">
<String CONTENT="&#169;" HEIGHT="52" WIDTH="52" VPOS="2121" HPOS="143"/>
<SP HEIGHT="52" WIDTH="29" VPOS="2121" HPOS="196"/>
<String CONTENT="July" HEIGHT="47" WIDTH="116" VPOS="2125" HPOS="226"/>
<SP HEIGHT="47" WIDTH="27" VPOS="2125" HPOS="343"/>
<String CONTENT="2," HEIGHT="47" WIDTH="40" VPOS="2125" HPOS="371"/>
<SP HEIGHT="47" WIDTH="27" VPOS="2125" HPOS="412"/>
<String CS="1" CONTENT="1929;" HEIGHT="41" WIDTH="114" VPOS="2123" HPOS="440"/>
<SP HEIGHT="47" WIDTH="29" VPOS="2123" HPOS="581"/>
<String CONTENT="2c." HEIGHT="40" WIDTH="69" VPOS="2123" HPOS="611"/>
<SP HEIGHT="30" WIDTH="28" VPOS="2133" HPOS="681"/>
<String CONTENT="and" HEIGHT="39" WIDTH="95" VPOS="2123" HPOS="710"/>
<SP HEIGHT="39" WIDTH="29" VPOS="2123" HPOS="806"/>
<String CONTENT="aff." HEIGHT="40" WIDTH="82" VPOS="2122" HPOS="836"/>
<SP HEIGHT="40" WIDTH="30" VPOS="2122" HPOS="919"/>
<String CONTENT="July" HEIGHT="47" WIDTH="116" VPOS="2122" HPOS="950"/>
<SP HEIGHT="47" WIDTH="28" VPOS="2122" HPOS="1067"/>
<String CONTENT="5;" HEIGHT="46" WIDTH="52" VPOS="2122" HPOS="1096"/>
<SP HEIGHT="47" WIDTH="31" VPOS="2121" HPOS="1149"/>
<!-- cceid 9E9206C4-6CFA-1014-9C3C-CEA95E7AA542 --><String CONTENT="A" HEIGHT="39" WIDTH="42" VPOS="2121" HPOS="1181"/>
<SP HEIGHT="40" WIDTH="28" VPOS="2121" HPOS="1224"/>
<String CONTENT="10081;" HEIGHT="49" WIDTH="170" VPOS="2120" HPOS="1253"/>
<SP HEIGHT="46" WIDTH="31" VPOS="2123" HPOS="1424"/>
<String CONTENT="T." HEIGHT="40" WIDTH="53" VPOS="2123" HPOS="1456"/>
<SP HEIGHT="41" WIDTH="30" VPOS="2122" HPOS="1510"/>
<String CONTENT="A." HEIGHT="40" WIDTH="55" VPOS="2122" HPOS="1541"/>
<SP HEIGHT="39" WIDTH="30" VPOS="2123" HPOS="1597"/>
<String CONTENT="Randall" HEIGHT="39" WIDTH="212" VPOS="2123" HPOS="1628"/>
<SP HEIGHT="40" WIDTH="28" VPOS="2122" HPOS="1841"/>
<String CONTENT="&amp;" HEIGHT="40" WIDTH="37" VPOS="2122" HPOS="1870"/>
<SP HEIGHT="40" WIDTH="26" VPOS="2122" HPOS="1908"/>
<String CONTENT="co.," HEIGHT="33" WIDTH="82" VPOS="2133" HPOS="1935"/>
<SP HEIGHT="43" WIDTH="31" VPOS="2123" HPOS="2018"/>
<String CONTENT="inc." HEIGHT="41" WIDTH="91" VPOS="2123" HPOS="2050"/>
</TextLine>
<TextLine HEIGHT="49" WIDTH="281" VPOS="2181" HPOS="222" STYLEREFS="StyleId-6D3856ED-3C72-46D4-A000-FC2E2D979F84-">
<String CONTENT="(29-14644)" HEIGHT="49" WIDTH="281" VPOS="2181" HPOS="222"/>
</TextLine>
<TextLine HEIGHT="64" WIDTH="708" VPOS="2276" HPOS="142" STYLEREFS="StyleId-162F7AF4-B672-4FE3-A326-205EF76C03E2-">
<String CONTENT="Glaser," HEIGHT="63" WIDTH="224" VPOS="2277" HPOS="142"/>
<SP HEIGHT="64" WIDTH="31" VPOS="2276" HPOS="367"/>
<String CONTENT="Abram," HEIGHT="63" WIDTH="245" VPOS="2276" HPOS="399"/>
<SP HEIGHT="57" WIDTH="33" VPOS="2282" HPOS="645"/>
<String CONTENT="1889-" HEIGHT="49" WIDTH="171" VPOS="2281" HPOS="679"/>
</TextLine>
<TextLine HEIGHT="70" WIDTH="1938" VPOS="2353" HPOS="206">
<String CONTENT="The" HEIGHT="53" WIDTH="120" VPOS="2355" HPOS="206"/>
<SP HEIGHT="35" WIDTH="32" VPOS="2373" HPOS="327"/>
<String CONTENT="mosaic" HEIGHT="53" WIDTH="210" VPOS="2354" HPOS="360"/>
<SP HEIGHT="34" WIDTH="33" VPOS="2373" HPOS="571"/>
<String CONTENT="of" HEIGHT="54" WIDTH="65" VPOS="2353" HPOS="605"/>
<SP HEIGHT="53" WIDTH="31" VPOS="2353" HPOS="671"/>
<String CONTENT="life;" HEIGHT="67" WIDTH="135" VPOS="2354" HPOS="703"/>
<SP HEIGHT="49" WIDTH="38" VPOS="2372" HPOS="839"/>
<String CONTENT="a" HEIGHT="34" WIDTH="31" VPOS="2372" HPOS="878"/>
<SP HEIGHT="34" WIDTH="34" VPOS="2372" HPOS="910"/>
<String CONTENT="study" HEIGHT="68" WIDTH="173" VPOS="2355" HPOS="945"/>
<SP HEIGHT="51" WIDTH="34" VPOS="2372" HPOS="1119"/>
<String CONTENT="of" HEIGHT="53" WIDTH="64" VPOS="2353" HPOS="1154"/>
<SP HEIGHT="53" WIDTH="33" VPOS="2353" HPOS="1219"/>
<String CONTENT="man" HEIGHT="34" WIDTH="132" VPOS="2372" HPOS="1253"/>
<SP HEIGHT="34" WIDTH="35" VPOS="2372" HPOS="1386"/>
<String CONTENT="and" HEIGHT="52" WIDTH="114" VPOS="2354" HPOS="1422"/>
<SP HEIGHT="52" WIDTH="34" VPOS="2354" HPOS="1537"/>
<String CONTENT="the" HEIGHT="52" WIDTH="95" VPOS="2355" HPOS="1572"/>
<SP HEIGHT="53" WIDTH="35" VPOS="2354" HPOS="1668"/>
<String CONTENT="factors" HEIGHT="54" WIDTH="217" VPOS="2354" HPOS="1704"/>
<SP HEIGHT="52" WIDTH="34" VPOS="2356" HPOS="1922"/>
<String CONTENT="in" HEIGHT="52" WIDTH="59" VPOS="2356" HPOS="1957"/>
<SP HEIGHT="51" WIDTH="35" VPOS="2357" HPOS="2017"/>
<String CONTENT="his" HEIGHT="54" WIDTH="91" VPOS="2355" HPOS="2053"/>
</TextLine>
<TextLine HEIGHT="73" WIDTH="2009" VPOS="2430" HPOS="135">
<String CONTENT="development," HEIGHT="67" WIDTH="414" VPOS="2434" HPOS="135"/>
<SP HEIGHT="68" WIDTH="62" VPOS="2432" HPOS="550"/>
<String CONTENT="by" HEIGHT="69" WIDTH="76" VPOS="2432" HPOS="613"/>
<SP HEIGHT="71" WIDTH="48" VPOS="2430" HPOS="690"/>
<String CONTENT="Abram" HEIGHT="54" WIDTH="221" VPOS="2430" HPOS="739"/>
<SP HEIGHT="55" WIDTH="50" VPOS="2431" HPOS="961"/>
<String CONTENT="Glaser." HEIGHT="55" WIDTH="220" VPOS="2431" HPOS="1012"/>
<SP HEIGHT="52" WIDTH="102" VPOS="2432" HPOS="1233"/>
<String CONTENT="Boston," HEIGHT="68" WIDTH="236" VPOS="2432" HPOS="1336"/>
<SP HEIGHT="68" WIDTH="62" VPOS="2432" HPOS="1573"/>
<String LANG="fr" CONTENT="R." HEIGHT="53" WIDTH="70" VPOS="2432" HPOS="1636"/>
<SP HEIGHT="56" WIDTH="67" VPOS="2431" HPOS="1707"/>
<String CONTENT="G." HEIGHT="56" WIDTH="70" VPOS="2431" HPOS="1775"/>
<SP HEIGHT="52" WIDTH="65" VPOS="2433" HPOS="1846"/>
<String CONTENT="Badger" HEIGHT="70" WIDTH="232" VPOS="2433" HPOS="1912"/>
</TextLine>
<TextLine HEIGHT="49" WIDTH="99" VPOS="2515" HPOS="215" CS="1">
<String CS="1" CONTENT="["/>
<String STYLE="superscript" CS="1" CONTENT="&#7580;1"/>
<String CS="1" CONTENT="929]" HEIGHT="49" WIDTH="99" VPOS="2515" HPOS="215"/>
</TextLine>
<TextLine HEIGHT="51" WIDTH="688" VPOS="2591" HPOS="204" STYLEREFS="StyleId-6D3856ED-3C72-46D4-A000-FC2E2D979F84-" CS="1">
<String CONTENT="xiii" HEIGHT="40" WIDTH="89" VPOS="2593" HPOS="204"/>
<SP HEIGHT="49" WIDTH="26" VPOS="2593" HPOS="294"/>
<String LANG="fr" CONTENT="p.," HEIGHT="37" WIDTH="57" VPOS="2605" HPOS="321"/>
<SP HEIGHT="47" WIDTH="26" VPOS="2593" HPOS="379"/>
<String CS="1" CONTENT="1"/>
<SP/>
<String CS="1" CONTENT="l.," HEIGHT="15" WIDTH="8" VPOS="2625" HPOS="496"/>
<SP HEIGHT="47" WIDTH="27" VPOS="2593" HPOS="505"/>
<String CONTENT="15-257" HEIGHT="42" WIDTH="174" VPOS="2591" HPOS="533"/>
<SP HEIGHT="48" WIDTH="26" VPOS="2593" HPOS="708"/>
<String CONTENT="p." HEIGHT="37" WIDTH="43" VPOS="2604" HPOS="735"/>
<SP HEIGHT="39" WIDTH="59" VPOS="2593" HPOS="779"/>
<String CS="1" CONTENT="21&#189;" HEIGHT="39" WIDTH="53" VPOS="2593" HPOS="839"/>
<String STYLE="superscript" CS="1" CONTENT="&#7580;&#7504;."/>
</TextLine>
<TextLine HEIGHT="52" WIDTH="1997" VPOS="2661" HPOS="143" STYLEREFS="StyleId-6D3856ED-3C72-46D4-A000-FC2E2D979F84-">
<String CONTENT="&#169;" HEIGHT="52" WIDTH="52" VPOS="2661" HPOS="143"/>
<SP HEIGHT="52" WIDTH="29" VPOS="2661" HPOS="196"/>
<String CONTENT="May" HEIGHT="46" WIDTH="113" VPOS="2667" HPOS="226"/>
<SP HEIGHT="48" WIDTH="29" VPOS="2665" HPOS="340"/>
<String CONTENT="8," HEIGHT="47" WIDTH="39" VPOS="2665" HPOS="370"/>
<SP HEIGHT="46" WIDTH="31" VPOS="2666" HPOS="410"/>
<String CONTENT="1929;" HEIGHT="43" WIDTH="139" VPOS="2664" HPOS="442"/>
<SP HEIGHT="42" WIDTH="31" VPOS="2665" HPOS="582"/>
<String CONTENT="2c." HEIGHT="40" WIDTH="68" VPOS="2665" HPOS="614"/>
<SP HEIGHT="40" WIDTH="31" VPOS="2665" HPOS="683"/>
<String CONTENT="May" HEIGHT="46" WIDTH="113" VPOS="2665" HPOS="715"/>
<SP HEIGHT="48" WIDTH="30" VPOS="2663" HPOS="829"/>
<String CONTENT="20;" HEIGHT="47" WIDTH="82" VPOS="2663" HPOS="860"/>
<SP HEIGHT="36" WIDTH="31" VPOS="2674" HPOS="943"/>
<String CONTENT="aff." HEIGHT="40" WIDTH="83" VPOS="2663" HPOS="975"/>
<SP HEIGHT="38" WIDTH="32" VPOS="2665" HPOS="1059"/>
<String CONTENT="May" HEIGHT="46" WIDTH="112" VPOS="2665" HPOS="1092"/>
<SP HEIGHT="47" WIDTH="30" VPOS="2664" HPOS="1205"/>
<String CONTENT="17;" HEIGHT="45" WIDTH="81" VPOS="2664" HPOS="1236"/>
<SP HEIGHT="46" WIDTH="33" VPOS="2663" HPOS="1318"/>
<!-- cceid 9E92BD54-6CFA-1014-9C3C-CEA95E7AA542 --><String CONTENT="A" HEIGHT="39" WIDTH="41" VPOS="2663" HPOS="1352"/>
<SP HEIGHT="41" WIDTH="28" VPOS="2663" HPOS="1394"/>
<String CONTENT="8212;" HEIGHT="46" WIDTH="141" VPOS="2664" HPOS="1423"/>
<SP HEIGHT="45" WIDTH="33" VPOS="2665" HPOS="1565"/>
<String CONTENT="Richard" HEIGHT="41" WIDTH="214" VPOS="2664" HPOS="1599"/>
<SP HEIGHT="39" WIDTH="32" VPOS="2666" HPOS="1814"/>
<String CONTENT="G." HEIGHT="40" WIDTH="54" VPOS="2666" HPOS="1847"/>
<SP HEIGHT="39" WIDTH="30" VPOS="2667" HPOS="1902"/>
<String CONTENT="Badger." HEIGHT="43" WIDTH="207" VPOS="2667" HPOS="1933"/>
</TextLine>
<TextLine HEIGHT="50" WIDTH="282" VPOS="2721" HPOS="220" STYLEREFS="StyleId-6D3856ED-3C72-46D4-A000-FC2E2D979F84-">
<String CONTENT="(29-14604)" HEIGHT="50" WIDTH="282" VPOS="2721" HPOS="220"/>
</TextLine>
<TextLine HEIGHT="63" WIDTH="650" VPOS="2817" HPOS="139" STYLEREFS="StyleId-162F7AF4-B672-4FE3-A326-205EF76C03E2-">
<String CONTENT="Harwood," HEIGHT="63" WIDTH="313" VPOS="2817" HPOS="139"/>
<SP HEIGHT="63" WIDTH="31" VPOS="2817" HPOS="453"/>
<String CONTENT="Harry" HEIGHT="62" WIDTH="201" VPOS="2817" HPOS="485"/>
<SP HEIGHT="62" WIDTH="27" VPOS="2817" HPOS="687"/>
<String CONTENT="H." HEIGHT="53" WIDTH="74" VPOS="2817" HPOS="715"/>
</TextLine>
<TextLine HEIGHT="70" WIDTH="1936" VPOS="2894" HPOS="207">
<String CONTENT="Are" HEIGHT="52" WIDTH="115" VPOS="2896" HPOS="207"/>
<SP HEIGHT="48" WIDTH="30" VPOS="2900" HPOS="323"/>
<String CONTENT="the" HEIGHT="52" WIDTH="97" VPOS="2896" HPOS="354"/>
<SP HEIGHT="51" WIDTH="28" VPOS="2913" HPOS="452"/>
<String CONTENT="great" HEIGHT="64" WIDTH="162" VPOS="2900" HPOS="481"/>
<SP HEIGHT="52" WIDTH="28" VPOS="2896" HPOS="644"/>
<String CONTENT="American" HEIGHT="54" WIDTH="308" VPOS="2894" HPOS="673"/>
<SP HEIGHT="34" WIDTH="29" VPOS="2912" HPOS="982"/>
<String CONTENT="salt," HEIGHT="68" WIDTH="128" VPOS="2894" HPOS="1012"/>
<SP HEIGHT="49" WIDTH="30" VPOS="2913" HPOS="1141"/>
<String CONTENT="sugar," HEIGHT="50" WIDTH="189" VPOS="2912" HPOS="1172"/>
<SP HEIGHT="47" WIDTH="30" VPOS="2914" HPOS="1362"/>
<String CONTENT="white" HEIGHT="53" WIDTH="174" VPOS="2894" HPOS="1393"/>
<SP HEIGHT="52" WIDTH="30" VPOS="2895" HPOS="1568"/>
<String CONTENT="flour," HEIGHT="69" WIDTH="162" VPOS="2895" HPOS="1599"/>
<SP HEIGHT="67" WIDTH="30" VPOS="2897" HPOS="1762"/>
<String CONTENT="hot" HEIGHT="51" WIDTH="100" VPOS="2897" HPOS="1793"/>
<SP HEIGHT="52" WIDTH="30" VPOS="2898" HPOS="1894"/>
<String CONTENT="drinks," HEIGHT="57" WIDTH="218" VPOS="2897" HPOS="1925"/>
</TextLine>
<TextLine HEIGHT="70" WIDTH="2005" VPOS="2972" HPOS="136">
<String CONTENT="vinegar," HEIGHT="69" WIDTH="253" VPOS="2973" HPOS="136"/>
<SP HEIGHT="66" WIDTH="33" VPOS="2975" HPOS="390"/>
<String CONTENT="hen" HEIGHT="51" WIDTH="110" VPOS="2975" HPOS="424"/>
<SP HEIGHT="35" WIDTH="33" VPOS="2990" HPOS="535"/>
<String CONTENT="egg" HEIGHT="52" WIDTH="108" VPOS="2990" HPOS="569"/>
<SP HEIGHT="50" WIDTH="35" VPOS="2992" HPOS="678"/>
<String CONTENT="and" HEIGHT="52" WIDTH="112" VPOS="2974" HPOS="714"/>
<SP HEIGHT="52" WIDTH="32" VPOS="2974" HPOS="827"/>
<String CONTENT="tobacco" HEIGHT="54" WIDTH="232" VPOS="2972" HPOS="860"/>
<SP HEIGHT="51" WIDTH="34" VPOS="2974" HPOS="1093"/>
<String CONTENT="debauches" HEIGHT="53" WIDTH="315" VPOS="2972" HPOS="1128"/>
<SP HEIGHT="49" WIDTH="33" VPOS="2991" HPOS="1444"/>
<String CONTENT="partially" HEIGHT="69" WIDTH="278" VPOS="2973" HPOS="1478"/>
<SP HEIGHT="50" WIDTH="35" VPOS="2992" HPOS="1757"/>
<String CONTENT="responsible" HEIGHT="67" WIDTH="348" VPOS="2975" HPOS="1793"/>
</TextLine>
<TextLine HEIGHT="149" WIDTH="1981" VPOS="3050" HPOS="136" CS="1">
<String CONTENT="for" HEIGHT="53" WIDTH="93" VPOS="3051" HPOS="138"/>
<SP HEIGHT="33" WIDTH="26" VPOS="3071" HPOS="232"/>
<String CONTENT="cancer," HEIGHT="48" WIDTH="214" VPOS="3070" HPOS="259"/>
<SP HEIGHT="66" WIDTH="30" VPOS="3052" HPOS="474"/>
<String CONTENT="infantile" HEIGHT="53" WIDTH="271" VPOS="3050" HPOS="505"/>
<SP HEIGHT="49" WIDTH="29" VPOS="3070" HPOS="777"/>
<String CONTENT="paralysis," HEIGHT="70" WIDTH="302" VPOS="3050" HPOS="807"/>
<SP HEIGHT="67" WIDTH="26" VPOS="3050" HPOS="1110"/>
<String CONTENT="influenza," HEIGHT="67" WIDTH="300" VPOS="3050" HPOS="1137"/>
<SP HEIGHT="48" WIDTH="29" VPOS="3069" HPOS="1438"/>
<String CONTENT="consumption," HEIGHT="67" WIDTH="416" VPOS="3052" HPOS="1468"/>
<SP HEIGHT="45" WIDTH="28" VPOS="3073" HPOS="1885"/>
<String CONTENT="whooping" HEIGHT="146" WIDTH="1981" VPOS="3053" HPOS="136"/>
</TextLine>
<TextLine HEIGHT="71" WIDTH="1858" VPOS="3128" HPOS="282">
<String CONTENT="cough" HEIGHT="68" WIDTH="185" VPOS="3131" HPOS="282"/>
<SP HEIGHT="51" WIDTH="44" VPOS="3131" HPOS="468"/>
<String CONTENT="and" HEIGHT="52" WIDTH="112" VPOS="3130" HPOS="513"/>
<SP HEIGHT="52" WIDTH="44" VPOS="3130" HPOS="626"/>
<String CONTENT="the" HEIGHT="51" WIDTH="96" VPOS="3130" HPOS="671"/>
<SP HEIGHT="34" WIDTH="45" VPOS="3147" HPOS="768"/>
<String CONTENT="alarming" HEIGHT="70" WIDTH="286" VPOS="3128" HPOS="814"/>
<SP HEIGHT="70" WIDTH="45" VPOS="3128" HPOS="1101"/>
<String CONTENT="increase" HEIGHT="53" WIDTH="250" VPOS="3128" HPOS="1147"/>
<SP HEIGHT="51" WIDTH="45" VPOS="3129" HPOS="1398"/>
<String CONTENT="in" HEIGHT="51" WIDTH="59" VPOS="3129" HPOS="1444"/>
<SP HEIGHT="51" WIDTH="45" VPOS="3130" HPOS="1504"/>
<String CONTENT="heart" HEIGHT="52" WIDTH="162" VPOS="3130" HPOS="1550"/>
<SP HEIGHT="53" WIDTH="47" VPOS="3129" HPOS="1713"/>
<String CONTENT="failure?" HEIGHT="54" WIDTH="246" VPOS="3129" HPOS="1761"/>
<SP HEIGHT="54" WIDTH="78" VPOS="3130" HPOS="2008"/>
<String CONTENT="A" HEIGHT="52" WIDTH="53" VPOS="3132" HPOS="2087"/>
</TextLine>
<TextLine HEIGHT="71" WIDTH="2007" VPOS="3207" HPOS="135" CS="1">
<String CONTENT="study" HEIGHT="68" WIDTH="172" VPOS="3210" HPOS="135"/>
<SP HEIGHT="69" WIDTH="39" VPOS="3209" HPOS="308"/>
<String CONTENT="by" HEIGHT="68" WIDTH="76" VPOS="3209" HPOS="348"/>
<SP HEIGHT="68" WIDTH="40" VPOS="3209" HPOS="425"/>
<String LANG="fr" CONTENT="H." HEIGHT="53" WIDTH="75" VPOS="3209" HPOS="466"/>
<SP HEIGHT="53" WIDTH="42" VPOS="3209" HPOS="542"/>
<String CONTENT="H." HEIGHT="52" WIDTH="77" VPOS="3209" HPOS="585"/>
<SP HEIGHT="52" WIDTH="43" VPOS="3209" HPOS="663"/>
<String CONTENT="Harwood" HEIGHT="52" WIDTH="295" VPOS="3208" HPOS="707"/>
<SP HEIGHT="51" WIDTH="50" VPOS="3208" HPOS="1003"/>
<String CS="1" CONTENT="&#8230;"/>
<SP HEIGHT="33" WIDTH="85" VPOS="3241" HPOS="1110"/>
<String CONTENT="[Richmond," HEIGHT="67" WIDTH="359" VPOS="3207" HPOS="1196"/>
<SP HEIGHT="54" WIDTH="42" VPOS="3209" HPOS="1556"/>
<String CONTENT="Richmond" HEIGHT="53" WIDTH="322" VPOS="3207" HPOS="1599"/>
<SP HEIGHT="67" WIDTH="44" VPOS="3209" HPOS="1922"/>
<String CONTENT="press," HEIGHT="49" WIDTH="175" VPOS="3227" HPOS="1967"/>
</TextLine>
<TextLine HEIGHT="67" WIDTH="311" VPOS="3289" HPOS="135" CS="1">
<String CONTENT="inc.," HEIGHT="67" WIDTH="122" VPOS="3289" HPOS="135"/>
<SP HEIGHT="62" WIDTH="31" VPOS="3294" HPOS="258"/>
<String STYLE="superscript" CS="1" CONTENT="&#7580;1"/>
<String CS="1" CONTENT="929]" HEIGHT="49" WIDTH="100" VPOS="3291" HPOS="346"/>
</TextLine>
<TextLine HEIGHT="51" WIDTH="459" VPOS="3367" HPOS="206" STYLEREFS="StyleId-6D3856ED-3C72-46D4-A000-FC2E2D979F84-" CS="1">
<String CONTENT="208" HEIGHT="41" WIDTH="86" VPOS="3369" HPOS="206"/>
<SP HEIGHT="49" WIDTH="25" VPOS="3369" HPOS="293"/>
<String CONTENT="p." HEIGHT="37" WIDTH="42" VPOS="3381" HPOS="319"/>
<SP HEIGHT="41" WIDTH="59" VPOS="3369" HPOS="362"/>
<String CONTENT="illus." HEIGHT="40" WIDTH="127" VPOS="3369" HPOS="422"/>
<SP HEIGHT="42" WIDTH="58" VPOS="3367" HPOS="550"/>
<String CS="1" CONTENT="23&#189;" HEIGHT="41" WIDTH="56" VPOS="3367" HPOS="609"/>
<String STYLE="superscript" CS="1" CONTENT="&#7580;&#7504;."/>
</TextLine>
<TextLine HEIGHT="109" WIDTH="1976" VPOS="3436" HPOS="142" STYLEREFS="StyleId-6D3856ED-3C72-46D4-A000-FC2E2D979F84-" CS="1">
<String CONTENT="&#169;" HEIGHT="52" WIDTH="52" VPOS="3438" HPOS="142"/>
<SP HEIGHT="52" WIDTH="31" VPOS="3438" HPOS="195"/>
<String CONTENT="Mar." HEIGHT="40" WIDTH="122" VPOS="3442" HPOS="227"/>
<SP HEIGHT="41" WIDTH="28" VPOS="3441" HPOS="350"/>
<String CONTENT="20," HEIGHT="47" WIDTH="68" VPOS="3440" HPOS="379"/>
<SP HEIGHT="45" WIDTH="31" VPOS="3442" HPOS="448"/>
<String CS="1" CONTENT="1929;" HEIGHT="41" WIDTH="113" VPOS="3439" HPOS="480"/>
<SP HEIGHT="46" WIDTH="31" VPOS="3440" HPOS="621"/>
<String CONTENT="2c." HEIGHT="39" WIDTH="68" VPOS="3440" HPOS="653"/>
<SP HEIGHT="30" WIDTH="29" VPOS="3449" HPOS="722"/>
<String CONTENT="and" HEIGHT="39" WIDTH="94" VPOS="3439" HPOS="752"/>
<SP HEIGHT="39" WIDTH="31" VPOS="3439" HPOS="847"/>
<String CONTENT="aff." HEIGHT="41" WIDTH="83" VPOS="3437" HPOS="879"/>
<SP HEIGHT="39" WIDTH="29" VPOS="3439" HPOS="963"/>
<String CONTENT="Mar." HEIGHT="39" WIDTH="124" VPOS="3439" HPOS="993"/>
<SP HEIGHT="40" WIDTH="29" VPOS="3438" HPOS="1118"/>
<String CS="1" CONTENT="21;" HEIGHT="38" WIDTH="52" VPOS="3438" HPOS="1148"/>
<SP HEIGHT="46" WIDTH="33" VPOS="3437" HPOS="1231"/>
<!-- cceid 9E936D67-6CFA-1014-9C3C-CEA95E7AA542 --><String CONTENT="A" HEIGHT="39" WIDTH="41" VPOS="3437" HPOS="1265"/>
<SP HEIGHT="39" WIDTH="30" VPOS="3437" HPOS="1307"/>
<String CS="1" CONTENT="6095;" HEIGHT="40" WIDTH="114" VPOS="3436" HPOS="1338"/>
<SP HEIGHT="45" WIDTH="36" VPOS="3438" HPOS="1479"/>
<String LANG="fr" CONTENT="H." HEIGHT="39" WIDTH="60" VPOS="3438" HPOS="1516"/>
<SP HEIGHT="38" WIDTH="32" VPOS="3439" HPOS="1577"/>
<String CONTENT="H." HEIGHT="39" WIDTH="60" VPOS="3439" HPOS="1610"/>
<SP HEIGHT="39" WIDTH="30" VPOS="3439" HPOS="1671"/>
<String CONTENT="Harwood," HEIGHT="42" WIDTH="260" VPOS="3439" HPOS="1702"/>
<SP HEIGHT="42" WIDTH="33" VPOS="3439" HPOS="1963"/>
<String CONTENT="Richmond." HEIGHT="101" WIDTH="1909" VPOS="3439" HPOS="209"/>
<SP HEIGHT="48" WIDTH="66" VPOS="3497" HPOS="368"/>
<String CONTENT="(29-14528)" HEIGHT="50" WIDTH="280" VPOS="3495" HPOS="435"/>
</TextLine>
<TextLine HEIGHT="66" WIDTH="1087" VPOS="3589" HPOS="140">
<String CONTENT="Hasbrook," HEIGHT="63" WIDTH="330" VPOS="3592" HPOS="140"/>
<SP HEIGHT="64" WIDTH="30" VPOS="3591" HPOS="471"/>
<String CONTENT="Albert" HEIGHT="53" WIDTH="209" VPOS="3590" HPOS="502"/>
<SP HEIGHT="53" WIDTH="31" VPOS="3590" HPOS="712"/>
<String CONTENT="Howard," HEIGHT="63" WIDTH="275" VPOS="3589" HPOS="744"/>
<SP HEIGHT="58" WIDTH="34" VPOS="3594" HPOS="1020"/>
<String CONTENT="1885-" HEIGHT="49" WIDTH="172" VPOS="3593" HPOS="1055"/>
</TextLine>
<TextLine HEIGHT="71" WIDTH="1934" VPOS="3666" HPOS="206">
<String CONTENT="Barricades," HEIGHT="67" WIDTH="357" VPOS="3670" HPOS="206"/>
<SP HEIGHT="50" WIDTH="44" VPOS="3687" HPOS="564"/>
<String CONTENT="a" HEIGHT="35" WIDTH="32" VPOS="3687" HPOS="609"/>
<SP HEIGHT="35" WIDTH="38" VPOS="3687" HPOS="642"/>
<String CONTENT="novel," HEIGHT="58" WIDTH="184" VPOS="3668" HPOS="681"/>
<SP HEIGHT="58" WIDTH="42" VPOS="3668" HPOS="866"/>
<String CONTENT="by" HEIGHT="68" WIDTH="75" VPOS="3668" HPOS="909"/>
<SP HEIGHT="70" WIDTH="42" VPOS="3666" HPOS="985"/>
<String CONTENT="A." HEIGHT="52" WIDTH="69" VPOS="3666" HPOS="1028"/>
<SP HEIGHT="51" WIDTH="44" VPOS="3668" HPOS="1098"/>
<String CONTENT="Howard" HEIGHT="52" WIDTH="259" VPOS="3667" HPOS="1143"/>
<SP HEIGHT="52" WIDTH="43" VPOS="3667" HPOS="1403"/>
<String CONTENT="Hasbrook." HEIGHT="53" WIDTH="320" VPOS="3667" HPOS="1447"/>
<SP HEIGHT="33" WIDTH="81" VPOS="3703" HPOS="1768"/>
<String CONTENT="[Trenton," HEIGHT="66" WIDTH="290" VPOS="3670" HPOS="1850"/>
</TextLine>
<TextLine HEIGHT="72" WIDTH="992" VPOS="3746" HPOS="135" CS="1">
<String LANG="fr" CONTENT="N." HEIGHT="53" WIDTH="71" VPOS="3752" HPOS="135"/>
<SP HEIGHT="53" WIDTH="25" VPOS="3752" HPOS="207"/>
<String CONTENT="J.]" HEIGHT="66" WIDTH="74" VPOS="3752" HPOS="233"/>
<SP HEIGHT="66" WIDTH="32" VPOS="3752" HPOS="308"/>
<String CONTENT="Bryce," HEIGHT="65" WIDTH="201" VPOS="3752" HPOS="341"/>
<SP HEIGHT="70" WIDTH="24" VPOS="3746" HPOS="543"/>
<String CONTENT="Gille" HEIGHT="56" WIDTH="155" VPOS="3746" HPOS="568"/>
<SP HEIGHT="51" WIDTH="23" VPOS="3749" HPOS="724"/>
<String CONTENT="&amp;" HEIGHT="51" WIDTH="47" VPOS="3749" HPOS="748"/>
<SP HEIGHT="51" WIDTH="25" VPOS="3749" HPOS="796"/>
<String CONTENT="co." HEIGHT="36" WIDTH="78" VPOS="3763" HPOS="822"/>
<SP HEIGHT="33" WIDTH="34" VPOS="3779" HPOS="901"/>
<String CONTENT="[" HEIGHT="33" WIDTH="12" VPOS="3779" HPOS="936"/>
<String STYLE="superscript" CS="1" CONTENT="&#7580;1"/>
<String CONTENT="929]" HEIGHT="65" WIDTH="118" VPOS="3747" HPOS="1009"/>
</TextLine>
<TextLine HEIGHT="51" WIDTH="274" VPOS="3829" HPOS="205" STYLEREFS="StyleId-6D3856ED-3C72-46D4-A000-FC2E2D979F84-" CS="1">
<String CONTENT="350" HEIGHT="42" WIDTH="87" VPOS="3831" HPOS="205"/>
<SP HEIGHT="49" WIDTH="25" VPOS="3831" HPOS="293"/>
<String CONTENT="p." HEIGHT="37" WIDTH="43" VPOS="3843" HPOS="319"/>
<SP HEIGHT="41" WIDTH="58" VPOS="3831" HPOS="363"/>
<String CS="1" CONTENT="20&#189;&#7580;&#7504;." HEIGHT="41" WIDTH="57" VPOS="3829" HPOS="422"/>
</TextLine>
<TextLine HEIGHT="58" WIDTH="1991" VPOS="3895" HPOS="144" STYLEREFS="StyleId-6D3856ED-3C72-46D4-A000-FC2E2D979F84-" CS="1">
<String CONTENT="&#169;" HEIGHT="52" WIDTH="52" VPOS="3901" HPOS="144"/>
<SP HEIGHT="52" WIDTH="27" VPOS="3901" HPOS="197"/>
<String CONTENT="June" HEIGHT="40" WIDTH="126" VPOS="3904" HPOS="225"/>
<SP HEIGHT="41" WIDTH="25" VPOS="3903" HPOS="352"/>
<String CONTENT="24," HEIGHT="43" WIDTH="69" VPOS="3903" HPOS="378"/>
<SP HEIGHT="44" WIDTH="27" VPOS="3902" HPOS="448"/>
<String CS="1" CONTENT="1929;" HEIGHT="41" WIDTH="114" VPOS="3900" HPOS="476"/>
<SP HEIGHT="39" WIDTH="27" VPOS="3901" HPOS="616"/>
<String CONTENT="2c." HEIGHT="38" WIDTH="68" VPOS="3901" HPOS="644"/>
<SP HEIGHT="40" WIDTH="28" VPOS="3899" HPOS="713"/>
<String CONTENT="July" HEIGHT="47" WIDTH="115" VPOS="3899" HPOS="742"/>
<SP HEIGHT="47" WIDTH="28" VPOS="3899" HPOS="858"/>
<String CS="1" CONTENT="1;" HEIGHT="37" WIDTH="20" VPOS="3899" HPOS="887"/>
<SP HEIGHT="32" WIDTH="30" VPOS="3908" HPOS="938"/>
<String CONTENT="aff." HEIGHT="41" WIDTH="83" VPOS="3897" HPOS="969"/>
<SP HEIGHT="41" WIDTH="28" VPOS="3897" HPOS="1053"/>
<String CONTENT="July" HEIGHT="46" WIDTH="115" VPOS="3897" HPOS="1082"/>
<SP HEIGHT="46" WIDTH="26" VPOS="3897" HPOS="1198"/>
<String CONTENT="3;" HEIGHT="41" WIDTH="53" VPOS="3897" HPOS="1225"/>
<SP HEIGHT="43" WIDTH="29" VPOS="3895" HPOS="1279"/>
<!-- cceid 9E940B00-6CFA-1014-9C3C-CEA95E7AA542 --><String CONTENT="A" HEIGHT="39" WIDTH="38" VPOS="3895" HPOS="1309"/>
<SP HEIGHT="40" WIDTH="29" VPOS="3895" HPOS="1348"/>
<String CONTENT="11039;" HEIGHT="43" WIDTH="170" VPOS="3896" HPOS="1378"/>
<SP HEIGHT="41" WIDTH="31" VPOS="3898" HPOS="1549"/>
<String CONTENT="A." HEIGHT="41" WIDTH="53" VPOS="3898" HPOS="1581"/>
<SP HEIGHT="39" WIDTH="29" VPOS="3900" HPOS="1635"/>
<String CONTENT="H." HEIGHT="39" WIDTH="59" VPOS="3900" HPOS="1665"/>
<SP HEIGHT="39" WIDTH="30" VPOS="3900" HPOS="1725"/>
<String CONTENT="Hasbrook." HEIGHT="43" WIDTH="271" VPOS="3900" HPOS="1756"/>
<SP HEIGHT="42" WIDTH="28" VPOS="3901" HPOS="2028"/>
<String CONTENT="Du" HEIGHT="40" WIDTH="78" VPOS="3901" HPOS="2057"/>
</TextLine>
<TextLine HEIGHT="53" WIDTH="590" VPOS="3955" HPOS="210" STYLEREFS="StyleId-6D3856ED-3C72-46D4-A000-FC2E2D979F84-">
<String LANG="fr" CONTENT="Bois," HEIGHT="47" WIDTH="130" VPOS="3961" HPOS="210"/>
<SP HEIGHT="48" WIDTH="28" VPOS="3960" HPOS="341"/>
<String LANG="en-US" CONTENT="Pa." HEIGHT="39" WIDTH="84" VPOS="3960" HPOS="370"/>
<SP HEIGHT="48" WIDTH="65" VPOS="3959" HPOS="455"/>
<String LANG="en-US" CONTENT="(29-14759)" HEIGHT="52" WIDTH="279" VPOS="3955" HPOS="521"/>
</TextLine>
</TextBlock>
</PrintSpace>
</Page>
</Layout>
</alto>