2547 4384
1386 4066 100 50 840

419 381 220 63 James,
675 380 208 53 Norah
921 380 61 55 C.

487 457 307 56 Sleeveless
825 457 226 68 errand,
1082 476 31 33 a
1143 458 185 66 novel,
1357 458 74 68 by
1463 457 198 53 Norah
1695 455 61 56 C.
1788 457 212 54 James.
2068 456 142 53 New
2240 455 181 68 York,

415 538 89 53 W.
533 536 254 53 Morrow
814 537 45 51 &
886 553 299 51 company,
1216 537 150 50 1929.

485 617 88 40 250
602 629 43 37 p.
705 618 148 40 19½ᶜᵐ.

489 675 214 39 “Second
737 673 231 48 printing,
1004 673 140 47 June,
1180 672 158 41 1929.”

419 728 53 52 ©
498 733 126 39 June
649 732 39 47 6,
715 731 114 40 1929;
884 732 68 40 2c.
977 742 62 28 and
1099 730 82 42 aff.
1208 732 130 39 June
1361 730 52 47 8;
1442 730 40 39 A
1539 730 54 40 8558;
1679 731 56 39 N.
1763 730 49 41 C.
1841 730 179 47 James,
2048 730 214 46 London,

498 788 283 51 (29-12530)

419 868 234 64 Kelsey,
691 868 332 53 Katherine
1060 869 308 54 Roxanna.

484 945 195 53 Abbot
717 945 272 68 academy
1026 944 273 68 sketches,
1341 948 329 64 1892-1912,
1707 945 75 68 by
1821 944 322 53 Katherine
2180 944 69 52 R.
415 943 1988 149 Kelsey.

592 1024 220 53 Boston
841 1024 113 52 and
983 1023 140 53 New
1152 1023 181 68 York,
1359 1023 321 68 Houghton
1710 1022 205 53 Mifflin
1944 1040 300 51 company,
2275 1023 150 50 1929.

487 1106 100 47 viii,
617 1107 86 39 234
733 1118 43 36 p.
836 1107 131 40 illus.
1026 1107 147 40 21½ᶜᵐ.

422 1159 53 52 ©
499 1163 127 39 June
650 1164 37 47 1,
714 1163 140 47 1929;
882 1163 64 40 2c.
974 1164 126 39 June
1123 1163 25 39 5;
1202 1163 82 41 aff.
1310 1163 126 40 June
1460 1164 25 39 3;
1539 1163 43 38 A
1604 1162 112 41 9481;
1772 1163 231 39 Trustees
2029 1162 51 40 of
2104 1162 160 39 Abbot
487 1162 1922 105 academy,

633 1220 241 47 Andover,
902 1221 148 39 Mass.
1115 1219 282 49 (29-12508)

421 1299 244 64 Kilmer,
698 1300 317 53 Frederick
1046 1301 275 64 Barnett,
1354 1306 172 49 1851-
1740 1302 85 54 ed.

490 1380 307 53 Johnson’s
826 1380 277 53 standard
1129 1379 125 54 first
1280 1380 96 53 aid
1400 1381 261 66 manual;
1690 1379 359 69 suggestions
2076 1379 94 52 for
2194 1380 235 67 prompt

426 1458 96 53 aid
567 1464 59 47 to
670 1459 98 52 the
810 1459 230 67 injured
1084 1459 59 52 in
1190 1459 285 53 accidents
1521 1459 115 52 and
1680 1458 394 69 emergencies,
2118 1457 192 52 edited
2355 1458 77 67 by

423 1536 2006 67 Fred B. Kilmer … in collaboration with eminent surgeons,
422 1612 2006 71 first aid authorities and specialists … 10th rev. ed. New
425 1693 1446 69 Brunswick, N. J., Johnson & Johnson [ ᶜ19 29 ]
490 1774 852 49 154 p. illus. (part col.) 22 ᶜᵐ .
491 1831 227 40 Lettered
748 1842 60 29 on
836 1841 141 30 cover;
1037 1830 259 41 Johnson’s
1324 1830 109 41 first
1462 1830 81 41 aid
1571 1832 215 40 manual.

424 1883 53 52 ©
504 1888 110 39 Jan.
639 1887 40 47 3,
706 1887 119 39 1929;
877 1887 68 40 2c.
972 1888 95 39 and
1094 1886 83 41 aff.
1205 1887 110 40 Jan.
1342 1887 53 46 4;
1426 1888 40 38 A
1492 1887 141 46 8454;
1665 1887 219 40 Johnson
1912 1887 36 39 &
1976 1886 234 40 Johnson.

501 1942 283 49 (29-12462)

426 2023 249 64 Kleiser,
709 2023 315 66 Grenville,
1057 2029 172 50 1868-
1444 2044 179 50 comp.

560 2100 1875 74 … Short-story writing, compiled by Grenville Kleiser for
427 2182 96 53 the
555 2183 287 52 exclusive
871 2201 95 34 use
998 2182 64 54 of
1093 2182 297 55 Grenville
1421 2182 273 55 Kleiser’s
1727 2183 484 67 correspondence
2242 2195 196 40 course

425 2261 1986 149 students. New York and London, Funk & Wagnalls company [ ᶜ19 29]
493 2421 81 47 vii,
600 2421 86 40 256
710 2431 44 38 p.
815 2422 146 40 16½ᶜᵐ.
1031 2421 270 49 (Practical
1328 2421 203 49 English
1560 2422 176 48 series)

427 2474 53 52 ©
509 2480 114 46 May
651 2479 68 48 13,
750 2478 140 47 1929;
922 2480 68 40 2c.
1019 2481 96 38 and
1145 2479 82 41 aff.
1257 2480 127 40 June
1411 2480 54 46 3;
1496 2480 42 39 A
1566 2480 142 47 9432;
1742 2480 53 40 G.
1825 2480 207 48 Kleiser,
2064 2480 171 39 Battle
2264 2479 166 48 Creek,

495 2536 144 40 Mich.
710 2535 283 49 (29-12484)

428 2616 238 65 Kniffin,
699 2617 258 54 William
990 2618 226 64 Henry,
1252 2619 171 53 1873-

493 2693 309 54 American
830 2693 258 71 banking
1116 2696 249 67 practice;
1425 2713 31 34 a
1484 2695 235 53 treatise
1745 2713 72 35 on
1843 2695 98 53 the
1969 2695 278 68 practical
425 2712 1987 112 operation

622 2771 64 53 of
725 2790 32 34 a
796 2772 170 68 bank,
1005 2772 273 54 intended
1320 2772 94 54 for
1453 2773 277 68 students,
1768 2772 154 54 bank
1962 2774 318 67 employees
2321 2771 114 53 and

425 2849 190 55 others
643 2850 128 53 who
800 2851 191 53 would
1018 2850 169 53 know
1214 2850 65 54 of
1306 2851 98 53 the
1431 2851 243 53 conduct
1703 2851 64 53 of
1796 2871 31 33 a
1854 2850 153 54 bank
2034 2850 184 52 under
425 2868 1987 113 recognized

626 2928 309 53 American
969 2929 267 69 practice,
1271 2929 140 52 with
1448 2929 186 53 which
1670 2929 48 53 is
1753 2929 295 53 combined
2085 2929 96 52 the
427 2928 1983 130 negotiable

594 3005 373 55 instruments
1010 3008 127 66 law,
1180 3006 260 53 uniform
1482 3007 61 52 in
1586 3008 78 51 all
1706 3012 191 62 states,
1938 3007 74 68 by
2056 3006 262 54 William
2356 3006 79 53 H.

426 3083 1986 148 Kniffin … 2d ed. New York [etc.] McGraw-Hill book company,
632 3162 128 68 inc.,
795 3165 151 50 1929.

499 3244 1048 50 xiv, 393 p. incl. forms. 21 ᶜᵐ . $3.50
432 3297 53 52 ©
510 3302 114 46 May
648 3302 69 46 29,
744 3302 115 40 1929;
912 3303 68 39 2c.
1007 3304 127 39 June
1157 3303 24 39 1;
1238 3301 82 42 aff.
1347 3303 128 39 June
1500 3302 25 40 5;
1581 3303 41 38 A
1647 3302 115 40 9497;
1819 3302 351 40 McGraw-Hill
2199 3302 123 40 book
2349 3313 81 33 co.,

499 3358 91 40 inc.
661 3357 282 49 (29-12599)

433 3423 407 64 Kwasigroch,
883 3425 146 53 Paul
1069 3426 53 55 J.

509 3503 213 54 Course
753 3504 61 51 in
844 3511 117 45 tree
993 3505 328 67 trimming;
1356 3505 284 67 prepared
1669 3505 61 52 in
1759 3505 98 53 the
1887 3504 66 53 E.
1986 3505 80 53 M.
2099 3505 67 52 B.
2199 3503 71 54 A.
435 3504 1978 130 educational

710 3583 381 67 department,
1118 3583 207 52 Public
1350 3583 212 53 service
1588 3583 284 68 building,
1898 3581 361 70 Milwaukee,
436 3581 1976 146 Wisconsin,

678 3660 75 69 by
784 3661 149 51 Paul
962 3659 54 54 J.
1050 3660 394 68 Kwasigroch.
1526 3660 377 66 [Milwaukee]
1940 3661 123 52 The
2093 3657 345 55 Milwaukee

435 3738 225 52 electric
685 3738 240 69 railway
953 3739 114 51 and
1094 3738 150 68 light
1270 3756 298 51 company,
1592 3738 325 53 Wisconsin
1943 3757 101 50 gas
2071 3739 113 53 and
2211 3737 226 54 electric

436 3816 1757 69 company, Wisconsin Michigan power company [ ᶜ19 29 ]
501 3896 719 48 3 p. l., 133 p. illus. 20 ᶜᵐ .
435 3948 53 53 ©
512 3954 113 47 May
649 3953 39 43 9,
713 3953 115 40 1929;
882 3953 66 42 2c.
974 3954 96 39 and
1095 3953 82 42 aff.
1203 3954 114 47 May
1340 3953 58 41 27;
1451 3953 41 40 A
1516 3953 113 41 8361;
1686 3953 291 41 Milwaukee
2003 3953 196 42 electric
2225 3952 205 50 railway

503 4011 36 39 &
562 4010 124 48 light
710 4021 68 30 co.
841 4010 280 48 (29-12436)
