2542 4389
1020 4061 137 52 1843

222 481 649 49 xv, 487 p. diagrs. 19½ ᶜᵐ .
154 538 281 40 Half-title:
470 538 102 40 The
603 537 237 41 Institute
872 536 53 40 of
957 535 268 41 economics
1259 535 52 41 of
1343 535 82 40 the
1458 533 273 49 Brookings
1763 532 298 42 institution.

91 590 52 53 ©
171 595 119 40 Nov.
318 595 41 47 3,
388 594 117 40 1929;
559 594 69 41 2c.
657 595 97 39 and
782 593 83 41 aff.
892 593 121 41 Nov.
1041 593 56 40 13;
1154 592 42 39 A
1224 590 148 42 14808;
1428 590 275 48 Brookings
1731 588 299 42 institution.

170 650 282 50 (29-24748)

79 743 366 65 Macdonald,
475 743 221 54 Austin
725 743 241 56 Faulks.

154 821 307 53 American
504 821 116 68 city
660 825 375 64 government
1076 820 114 53 and
1232 819 487 67 administration,
1758 819 77 69 by
1876 819 216 53 Austin

85 895 2007 71 F. Macdonald … New York, Thomas Y. Crowell company
89 978 194 65 [ ᶜ1 929 ]
225 1053 1869 52 xv, 762 p. 20½ ᶜᵐ . (Crowell’s social science series, ed. by Seba
88 1111 162 50 Eldridge)

160 1169 249 41 “Selected
437 1167 302 41 references”
768 1170 52 38 at
847 1168 91 40 end
966 1167 53 41 of
1045 1167 119 41 each
1193 1168 216 47 chapter.

91 1221 52 53 ©
171 1226 120 40 Nov.
319 1227 40 47 1,
389 1225 116 41 1929;
559 1225 69 41 2c.
656 1226 97 39 and
782 1224 83 42 aff.
893 1225 120 41 Nov.
1041 1224 26 40 5;
1125 1224 42 40 A
1195 1223 148 42 15508;
1399 1225 215 41 Thomas
1641 1226 55 40 Y.
1727 1224 206 41 Crowell
1963 1234 69 31 co.

171 1280 282 51 (29-24610)

87 1374 274 66 Mackail,
390 1375 185 53 Denis
602 1375 247 64 George.

161 1452 122 53 The
311 1451 143 54 wolf
482 1451 152 53 from
662 1452 97 53 the
788 1452 157 53 door.

171 1534 84 49 (In
282 1531 263 43 Pearson’s
576 1530 276 53 magazine,
884 1531 129 51 Dec.,
1046 1531 146 51 1929)

93 1586 1997 54 © 1c. Dec. 20, 1929; A ad int. 13412; pubd. Nov. 30; D. G. Mackail,
159 1647 215 41 London.

81 1739 306 67 Marshall,
417 1741 158 52 Leon
607 1740 245 65 Carroll,
883 1741 172 55 1879-
1268 1744 86 54 ed.

223 1816 1800 72 … Industrial society … pt. 1. Emergence of the modern
91 1896 186 68 order,
302 1895 77 69 by
403 1895 154 53 Leon
587 1894 228 56 Carroll
842 1896 300 53 Marshall.
1210 1894 272 71 Chicago,
1511 1895 122 54 The
1659 1895 343 69 University
2030 1893 66 55 of

93 1971 663 71 Chicago press [ ᶜ1 929]
159 2054 1934 50 xiii, 268 p. illus., diagrs. 23½ ᶜᵐ . (Half-title: Materials for the study
91 2110 53 41 of
170 2110 248 48 business)

160 2165 265 42 Published
459 2166 51 40 in
544 2165 115 42 1918
691 2167 155 41 under
880 2166 138 41 title:
1054 2165 248 49 Readings
1338 2165 51 41 in
1423 2165 266 41 industrial
1724 2164 198 49 society.

93 2218 52 53 ©
182 2223 103 43 Oct.
317 2224 41 47 2,
392 2223 116 41 1929;
570 2223 69 42 2c.
673 2224 97 40 and
805 2223 83 42 aff.
922 2224 121 41 Nov.
1078 2224 28 41 8;
1169 2223 43 40 A
1244 2223 145 42 15631;
1455 2222 286 50 University
1778 2222 52 42 of
1866 2221 225 49 Chicago,

162 2279 225 50 Chicago.
453 2279 281 50 (29-24609)

81 2373 389 65 Mayerstein,
498 2373 211 55 Albert
735 2374 73 55 A.

155 2451 152 55 How
339 2452 194 54 divide
565 2453 98 53 the
694 2453 187 68 word;
916 2453 201 71 nearly
1147 2452 133 54 nine
1313 2453 288 53 thousand
1634 2452 187 55 words
1852 2451 62 54 in
1947 2457 149 50 most

86 2547 259 35 common
385 2547 97 36 use
524 2529 260 70 showing
824 2529 153 53 their
1016 2534 218 49 correct
1273 2529 329 69 separation
1644 2530 122 52 into
1807 2529 287 70 syllables.

90 2606 300 70 Compiled
421 2607 305 70 especially
759 2607 94 55 for
882 2608 97 53 the
1008 2608 198 68 handy
1235 2607 290 54 reference
1556 2607 66 53 of
1649 2606 448 71 proof-readers,

88 2684 270 69 printers,
401 2685 459 69 stenographers,
906 2690 102 48 etc.
1104 2686 98 52 5th
1247 2686 104 67 ed.,
1395 2704 115 34 rev.
1560 2686 112 53 and
1718 2684 108 54 enl.
86 2682 1984 150 Lafayette,

282 2763 150 67 Ind.,
456 2763 72 53 A.
555 2764 72 53 A.
653 2763 371 69 Mayerstein,
1052 2765 150 52 1929.

157 2843 336 50 112 p. 14 ᶜᵐ .
97 2896 52 53 ©
183 2900 103 43 Oct.
316 2901 70 48 31,
418 2900 118 42 1929;
592 2901 69 41 2c.
693 2902 119 40 Nov.
845 2901 29 39 2;
935 2900 83 42 aff.
1050 2901 120 41 Nov.
1203 2901 56 40 13;
1322 2901 41 39 A
1395 2899 145 42 14805;
1602 2901 55 41 A.
1690 2900 56 41 A.
1778 2898 318 50 Mayerstein,

164 2957 275 49 Lafayette,
466 2958 106 40 Ind.
634 2956 283 50 (29-24869)

88 3051 223 64 Meyer,
340 3051 192 53 Franz
561 3049 185 67 Sales,
776 3055 173 51 1849-

219 3129 1876 71 … Manual de ornamentación, ordenado sistem á ticamente
88 3226 142 50 para
263 3227 101 35 uso
397 3209 69 53 de
499 3207 136 55 dibu
639 3207 205 71 jantes,
875 3207 362 71 arquitectos,
1268 3209 246 54 escuelas
1548 3209 68 53 de
1650 3213 150 50 artes
1831 3227 39 52 y
1902 3207 193 55 oficios

88 3284 2005 72 y para los amantes del arte; versi ó n de la 11 ᵃ . edicion alemana
88 3382 108 51 por
223 3364 68 54 E.
320 3365 67 53 de
416 3363 68 52 E.
559 3364 335 70 Barcelona,
921 3363 67 56 G.
1019 3362 140 72 Gili,
1190 3367 152 53 1929.

156 3444 1077 49 2 p. l., 717 p. incl. illus., plates. 23 ½ ᶜᵐ .
156 3501 64 39 At
247 3501 126 39 head
400 3500 53 40 of
479 3500 108 40 title
605 3511 9 29 :
646 3500 53 41 F.
728 3500 46 42 S.
803 3501 181 48 Meyer.

95 3552 1715 54 © Apr. 15, 1929; 1c. Aug. 3; A— Foreign 3851; Gustavo Gili.
172 3612 316 50 (29-25451))

82 3705 232 65 Mirick,
342 3705 234 56 Gordon
602 3707 69 55 R.

155 3784 180 52 Plane
382 3785 113 52 and
542 3783 146 55 solid
734 3790 292 64 geometry
1071 3786 113 52 and
1229 3785 154 53 their
1429 3804 142 48 uses,
1614 3787 76 69 by
1736 3786 236 56 Gordon
2018 3788 70 53 R.

84 3860 2004 72 Mirick … Marquis J. Newell … George A. Harper … with
83 3937 2005 74 the coöperation of George Walker Mullins … illustrations by
