2542 4389
1046 4030 134 52 1899

488 473 94 17 CONTENTS.—I.
613 451 102 40 The
747 451 207 41 colonial
988 453 96 39 and
1116 451 365 48 revolutionary
1514 461 123 31 eras.
1639 475 59 5 —II
1744 482 10 10 .
1787 452 101 41 The
1920 453 221 41 national

137 514 99 32 era.

144 571 52 53 ©
234 576 119 41 Nov.
388 576 70 49 22,
497 576 114 42 1929;
676 577 69 42 2c.
781 577 121 41 each
940 579 96 39 and
1075 576 83 43 aff.
1195 578 119 40 Nov.
1351 577 59 40 26;
1473 577 43 40 A
1551 576 145 42 16098;
1764 576 285 50 University
2087 579 53 41 of

210 632 156 40 North
399 632 228 42 Carolina
659 643 150 38 press.
880 633 283 51 (29-27915)

134 722 278 67 Burdick,
444 724 246 55 Francis
721 724 251 67 Marion,
1008 730 327 52 1845-1920.

205 800 1937 72 Cases on the law of torts, by Francis M. Burdick … 4th
134 878 1981 148 ed., by Charles K. Burdick … Albany, N. Y., Banks & company, 1929.
201 1040 171 47 xxviii,
404 1039 113 41 1031
548 1051 45 38 p.
651 1041 56 40 23½ᶜᵐ.

202 1097 228 41 Lettered
456 1107 62 30 on
543 1107 140 30 cover:
738 1098 43 38 A
805 1096 287 49 companion
1117 1099 192 38 volume
1336 1100 48 38 to
1412 1096 256 42 Burdick’s
1696 1098 117 40 Law
1839 1098 53 40 of
1917 1100 141 40 torts.

203 1152 235 42 Previous
473 1153 210 41 editions
720 1153 257 48 published
1015 1154 155 39 under
1208 1153 137 41 title:
1385 1153 149 41 Cases
1572 1165 60 29 on
1668 1156 140 38 torts.

138 1205 52 53 ©
224 1208 103 43 Oct.
358 1210 40 48 4,
432 1209 114 41 1929;
606 1210 69 41 2c.
709 1209 103 42 Oct.
844 1211 27 39 7;
933 1209 83 42 aff.
1047 1210 119 40 Nov.
1200 1209 28 41 6;
1288 1210 43 39 A
1363 1209 147 42 16088;
1573 1210 201 42 Charles
1808 1212 60 41 K.
1902 1211 230 50 Burdick,

205 1266 186 48 Ithaca,
419 1266 58 41 N.
503 1267 53 39 Y.
627 1266 282 49 (29-27773)

130 1360 275 65 Carman,
434 1358 175 67 Bliss,
641 1365 327 51 1861-1929.

200 1438 339 71 Sanctuary,
571 1437 286 57 Sunshine
889 1440 173 53 house
1093 1444 245 64 sonnets,
1367 1440 78 70 by
1477 1440 154 54 Bliss
1664 1440 279 69 Carman;

127 1441 1984 131 illustrations
411 1518 77 70 by
527 1518 302 54 Whitman
871 1518 221 70 Bailey.
1168 1517 140 54 New
1349 1518 183 70 York,
1574 1519 191 70 Dodd,
1805 1519 173 54 Mead
2021 1520 114 53 and

127 1614 297 51 company,
454 1599 150 51 1929.

196 1675 1059 50 viii p., 2 l., 55 p. incl. front., illus. 19½ ᶜᵐ.
133 1729 52 53 ©
214 1734 119 40 Nov.
360 1733 70 49 22,
459 1733 114 41 1929;
630 1734 69 41 2c.
728 1734 96 40 and
854 1733 83 41 aff.
965 1734 120 41 Nov.
1112 1734 59 40 27;
1225 1733 43 40 A
1296 1733 143 41 17061;
1500 1734 153 48 Dodd,
1685 1735 143 40 Mead
1859 1734 37 41 &
1924 1745 84 38 co.,
2039 1735 91 41 inc.

212 1789 282 50 (29-27943)

125 1885 345 64 Carpenter,
499 1884 278 56 Frances.

258 1960 1873 71 … The ways we travel, by Frances Carpenter, F. R. G. S.
123 2038 1932 72 New York, Cincinnati [etc.] American book company [ ᶜ19 29]
193 2122 1935 50 xiv, 298 p. incl. col. front., illus. (part col.) 21½ ᶜᵐ . (Carpenters’
121 2178 209 49 journey
357 2180 110 40 club
495 2179 210 48 travels)

129 2231 52 53 ©
211 2236 120 41 Nov.
360 2236 70 48 16,
461 2234 140 50 1929;
633 2237 68 40 2c.
731 2237 98 39 and
857 2235 83 42 aff.
970 2236 121 41 Nov.
1120 2234 83 48 20;
1238 2235 42 40 A
1309 2235 172 48 14920;
1515 2235 160 42 Amer,
1704 2236 127 41 book
1861 2247 68 31 co.

206 2292 282 50 (29-27770)

120 2385 335 66 Chadwick,
483 2386 257 55 William
770 2386 258 65 Sydney.

190 2464 208 56 Giants
427 2463 65 55 of
519 2466 96 52 the
646 2465 180 53 forest;
887 2464 249 54 African
1166 2465 252 70 hunting
1449 2464 358 69 adventures,
1837 2464 76 71 by
1942 2466 90 54 W.
2067 2466 56 56 S.

120 2541 2004 71 Chadwick … Indianapolis, The Bobbs-Merrill company
124 2623 193 65 [ ᶜ19 29]
189 2700 482 50 5 p. l., 326 p. 24 ᶜᵐ.
192 2758 170 42 “Some
397 2761 138 45 parts
568 2759 53 39 of
653 2757 100 42 this
788 2758 125 40 book
945 2768 84 30 are
1064 2758 258 48 published
1356 2757 50 41 in
1439 2758 225 48 England
1699 2758 95 40 and
1829 2758 62 40 ad
1924 2757 199 41 interim

118 2815 255 49 copyright
400 2815 91 40 has
521 2815 118 40 been
669 2814 299 41 established
998 2815 157 39 under
1185 2815 83 39 the
1296 2814 110 41 title
1438 2814 305 40 Man-killers
1772 2814 97 40 and
117 2815 1989 98 marauders.”—Verso
480 2870 54 42 of
558 2872 99 47 t.-p.

123 2924 52 53 ©
201 2929 119 40 Nov.
345 2928 70 42 20.
441 2928 117 41 1929;
611 2929 68 40 2c.
705 2928 118 40 Nov.
849 2927 57 40 22;
962 2927 83 41 aff.
1070 2927 119 41 Nov.
1216 2927 55 41 23;
1327 2927 42 40 A
1394 2927 146 41 16026;
1595 2926 371 41 Bobbs-Merrill
1994 2935 68 33 co.

201 2985 282 50 (29-27785)

116 3075 378 66 Chatterton,
524 3078 255 53 Edward
806 3077 203 60 Keble,
1042 3079 173 55 1878-

186 3154 278 70 Through
501 3174 90 34 sea
629 3156 114 52 and
779 3154 122 69 sky,
937 3155 77 68 by
1052 3156 67 51 E.
1159 3154 183 54 Keble
1382 3153 360 67 Chatterton,
1780 3153 141 53 with
115 3153 1982 133 illustrations

383 3232 78 70 by
483 3232 213 54 Alfred
721 3232 314 54 Krakusin.
1101 3232 410 68 Philadelphia
1539 3231 112 53 and
1677 3231 262 68 London,
1966 3231 55 55 J.
2051 3232 67 52 B.

114 3309 887 71 Lippincott company [ ᶜ19 29]
187 3390 707 50 259 p. front., plates. 19½ ᶜᵐ.
120 3443 52 53 ©
203 3449 129 49 Sept.
358 3450 70 47 25,
456 3449 117 41 1929;
626 3450 68 41 2c.
722 3451 96 39 and
846 3449 82 43 aff.
956 3450 119 40 Nov.
1103 3449 58 39 22:
1217 3448 42 40 A
1286 3448 146 41 17087;
1489 3449 53 40 E.
1571 3448 60 40 K.
1661 3446 304 48 Chatterton,

187 3446 1910 100 London.
365 3505 281 49 (29-27795)

113 3596 188 67 Clare,
328 3598 186 54 Israel
541 3598 215 66 Smith,
787 3600 328 54 1847-1924.

185 3675 120 53 The
337 3675 276 54 standard
645 3676 224 69 history
900 3675 66 55 of
994 3676 97 53 the
1122 3675 183 53 world;
1369 3697 31 33 a
1432 3675 293 53 narrative
1759 3673 65 55 of
1855 3673 257 70 political

114 3758 192 47 events
336 3753 114 53 and
481 3772 31 33 a
543 3754 195 52 record
769 3753 65 54 of
863 3753 355 54 civilization
1249 3752 153 54 from
1433 3753 96 53 the
1561 3752 227 54 earliest
1817 3751 298 55 historical

114 3829 199 68 period
347 3835 59 48 to
440 3830 96 53 the
572 3836 245 63 present,
855 3830 330 69 embracing
1220 3849 31 34 a
1289 3831 230 68 general
1556 3848 207 51 survey
1798 3828 66 56 of
1898 3829 217 53 human

111 3924 264 51 progress
409 3908 113 53 and
540 3908 403 67 achievement,
961 3907 136 54 civil
1115 3913 388 63 government,
1521 3907 263 70 religion,
1800 3908 316 69 literature,
