2533 4384
1124 4017 104 54 297

157 360 219 62 Meyer,
409 357 311 64 Fulgence.

231 434 356 69 Safeguards
617 433 64 53 of
708 434 276 68 chastity;
1019 452 31 34 a
1081 433 192 67 frank,
1303 438 95 63 yet
1428 437 261 48 reverent
1717 431 346 54 instruction
2092 451 73 35 on

162 514 91 51 the
286 512 265 52 intimate
580 516 237 48 matters
849 511 65 52 of
946 511 265 68 personal
1243 509 106 55 life
1384 509 95 55 for
1510 528 194 51 young
1735 528 148 49 men,
1916 510 76 69 by
2025 510 138 53 Rev.

161 586 2004 72 Fulgence Meyer … Cincinnati, O., St. Francis book shop,
161 671 149 49 1929.

229 748 929 48 vi p., 2 l., 84 p., 1 l. front. 17ᶜᵐ.
163 818 51 52 ©
243 823 112 39 Feb.
381 822 69 47 27,
477 822 141 46 1929;
647 822 68 40 2c.
742 822 124 39 Mar.
893 822 53 41 1;
977 820 82 41 aff.
1087 821 123 40 Mar.
1237 820 54 46 2;
1321 819 42 40 A
1390 820 141 47 5594;
1564 820 301 40 Franciscan
1890 820 193 40 fathers
2112 820 51 41 of

231 878 81 41 the
339 878 229 48 province
594 878 51 40 of
674 877 67 41 St.
771 878 130 40 John
928 878 83 39 the
1037 877 211 48 Baptist,
1278 876 294 41 Cincinnati.
1640 876 252 49 (29-6430)

163 972 233 64 Michie,
434 973 258 52 Thomas
728 972 285 60 Johnson,
1051 973 83 53 ed.

232 1050 120 52 The
388 1050 396 68 encyclopedic
821 1051 185 68 digest
1043 1049 64 54 of
1141 1051 312 52 Tennessee
1488 1055 238 62 reports.
1802 1049 365 54 Cumulative

162 1127 2004 69 supplement … under the editorial supervision of Thomas
162 1206 261 54 Johnson
459 1206 232 65 Michie,
728 1206 237 53 assisted
1004 1206 34 53 by
1118 1206 209 53 Beirne
1368 1205 275 55 Stedman
1682 1206 112 52 and
1835 1206 332 53 Armistead

164 1283 235 54 Yellott.
472 1303 50 33 v.
559 1288 46 48 3.
645 1284 393 68 Supplement.
1114 1282 483 70 Charlottesville,
1633 1285 126 66 Va.,
1795 1285 123 52 The
1954 1282 212 56 Michie

162 1381 299 50 company,
493 1366 150 49 1929.

228 1444 101 47 viii,
362 1445 84 40 962
479 1456 42 37 p.
580 1445 148 41 24½ᶜᵐ.

163 1511 51 52 ©
247 1516 123 40 Mar.
399 1516 41 47 4,
471 1515 142 47 1929;
645 1515 68 41 2c.
745 1516 124 40 Mar.
899 1517 53 44 7;
987 1514 82 41 aff.
1101 1516 123 40 Mar.
1255 1515 82 47 11;
1373 1516 41 39 A
1445 1515 141 47 5766;
1621 1515 178 41 Michie
1831 1526 69 30 co.

164 1609 210 64 Moley,
406 1610 328 63 Raymond,
767 1615 171 49 1886-

230 1689 1879 73 Politics and criminal prosecution, by Raymond Moley …
161 1769 139 53 New
335 1768 180 61 York,
549 1768 247 61 Minton,
831 1770 180 51 Balch
1046 1771 45 50 &
1124 1787 300 52 company,
1460 1772 149 50 1929.

230 1849 70 40 xii
327 1860 57 37 p.,
412 1849 27 39 2
500 1881 8 15 l.,
536 1850 143 40 3-241
706 1861 44 37 p.
812 1849 180 49 diagrs.
1052 1849 147 42 20½ᶜᵐ.

163 1902 52 53 ©
244 1907 112 40 Feb.
382 1907 70 42 21.
481 1906 141 47 1929;
651 1907 67 40 2c.
747 1907 112 41 Feb.
886 1906 56 41 27;
999 1905 83 42 aff.
1111 1908 122 40 Mar.
1261 1908 26 38 2;
1346 1907 40 39 A
1414 1907 141 45 5561;
1587 1908 56 39 R.
1673 1909 173 46 Moley,
1875 1908 117 40 New
2021 1909 145 41 York.

244 1962 251 48 (29-6689)

163 2057 245 64 Morley,
441 2057 393 64 Christopher
866 2058 375 64 Darlington,
1276 2064 172 49 1890-

232 2133 263 56 Seacoast
541 2135 64 52 of
648 2136 296 65 Bohemia,
987 2136 73 69 by
1109 2134 380 71 Christopher
1533 2136 241 69 Morley.
1856 2136 315 55 Published

162 2211 94 55 for
287 2213 95 53 the
415 2212 114 56 Old
562 2214 195 52 Rialto
791 2214 238 67 theatre,
1064 2218 98 50 118
1194 2214 246 54 Hudson
1474 2219 189 63 street,
1696 2213 302 70 Hoboken,
2031 2215 141 54 New

160 2290 219 70 Jersey,
403 2291 77 69 by
504 2292 358 68 Doubleday,
889 2292 197 53 Doran
1116 2292 113 53 and
1257 2310 298 51 company,
1582 2293 108 52 inc.
1754 2292 234 56 Garden
2019 2292 154 71 City,

161 2372 151 50 1929.

230 2452 72 40 xii
331 2463 57 38 p.,
417 2453 27 39 2
510 2485 7 15 l.,
547 2453 116 41 3-68
691 2464 43 38 p.
763 2453 112 41 incl.
905 2453 143 49 illus.,
1079 2455 172 48 plates,
1280 2453 194 42 facsim.
1532 2454 151 41 front.
1741 2455 148 42 21½ᶜᵐ.

234 2509 163 41 “First
430 2509 228 42 edition.”

167 2561 53 52 ©
252 2566 111 41 Feb.
394 2566 27 39 2,
468 2565 114 41 1929;
643 2567 67 40 2c.
743 2568 98 39 and
872 2567 83 40 aff.
989 2569 123 39 Mar.
1144 2567 52 42 S;
1232 2568 38 39 A
1304 2567 142 46 5677;
1481 2568 300 48 Doubleday.
1817 2569 167 40 Doran
2019 2570 36 40 &
2087 2581 82 37 co.,

221 2622 91 41 inc.
393 2622 251 49 (29-6372)

160 2715 280 53 National
473 2716 319 54 industrial
824 2718 347 54 conference
1205 2719 202 53 board.

231 2792 258 70 Mergers
523 2795 111 52 and
669 2796 96 52 the
799 2796 125 51 law.
1001 2796 139 53 New
1175 2796 182 67 York,
1390 2797 276 53 National
1699 2797 309 55 industrial
163 2817 1984 107 conference
421 2871 198 68 board,
652 2872 127 68 inc.,
818 2875 151 51 1929.

270 2983 8 10 x.
309 2951 84 42 153
423 2963 42 37 p.
525 2952 147 42 23½ᶜᵐ.

169 3005 52 53 ©
246 3010 112 41 Feb.
382 3011 69 41 21.
478 3011 141 47 1929;
643 3011 69 41 2c.
738 3013 96 39 and
860 3012 83 40 aff.
969 3014 122 39 Mar.
1118 3013 52 46 6;
1198 3013 40 39 A
1264 3013 142 47 5660;
1434 3015 116 39 Natl.
1592 3014 266 41 industrial
1885 3016 286 41 conference

236 3067 166 47 board,
434 3067 90 41 inc.
596 3067 251 48 (29-6426)

164 3160 282 53 National
479 3161 205 64 safety
716 3162 244 54 council.
1037 3166 327 53 Education
1397 3167 264 53 division.

235 3238 122 52 The
387 3237 194 65 junior
612 3238 192 70 safety
835 3241 248 57 council;
1119 3260 30 34 a
1182 3242 307 54 handbook
1523 3242 94 54 for
1648 3244 97 53 the
1775 3245 238 67 schools,
166 3265 1983 116 prepared
374 3315 75 68 by
480 3315 95 54 the
608 3317 325 53 Education
966 3318 250 54 division
1249 3319 65 53 of
1345 3321 96 52 the
1473 3319 276 55 National
1781 3321 192 70 safety
166 3342 1982 102 council.
331 3393 140 52 New
513 3394 180 66 York,
735 3395 70 52 N.
851 3396 89 53 Y.,
986 3396 325 54 Education
1355 3397 266 69 division,
1664 3399 277 54 National
1984 3401 191 69 safety

164 3469 452 69 council [ ᶜ1 928]
235 3551 56 40 56
323 3562 43 37 p.
426 3551 143 47 illus.,
604 3552 155 49 diagr.
927 3586 9 9 23ᶜᵐ.

267 3607 320 42 “References”:
648 3620 44 37 p.
723 3609 160 42 53-56.

171 3660 51 52 ©
260 3665 119 41 Nov.
415 3666 68 40 15.
521 3665 114 42 1928;
701 3667 68 41 2c.
807 3669 95 38 and
939 3667 83 41 aff.
1059 3670 123 40 Mar.
1216 3669 43 48 2,
1297 3670 142 43 1929;
1478 3672 41 38 A
1556 3672 114 40 5597;
1736 3673 233 41 National
2009 3675 163 48 safety

238 3722 202 40 council.
510 3722 252 48 (29-6429)

241 3813 206 71 Safety
485 3816 298 53 education
825 3817 59 52 in
923 3818 94 52 the
1056 3819 158 52 rural
1251 3820 221 67 school;
1514 3823 304 68 suggested
1857 3824 183 68 topics
2081 3824 95 54 for

168 3891 191 69 safety
389 3893 228 67 lessons,
648 3896 283 66 prepared
963 3895 75 69 by
1069 3897 94 51 the
1198 3897 325 54 Education
1554 3899 249 54 division
1837 3900 65 55 of
1933 3903 96 53 the
2061 3903 113 56 Na-
