2533 4342
1311 4017 138 56 1796

376 372 255 65 Sonnek,
661 372 220 64 Erwin,
913 377 172 50 1892-

449 449 111 53 Die
595 449 274 69 regelung
904 449 101 52 der
1038 448 545 68 holzschleifereien,
1619 466 111 35 von
1764 448 298 69 Ingenieur
2096 448 150 55 VDI

380 448 2011 147 Erwin Sonnek … Biberach a. d. Riss (Württ.) Güntter-Staib
384 608 195 65 [ ᶜ1 929 ]
448 689 56 39 32
535 699 43 37 p.
638 688 143 48 illus.,
814 686 183 49 diagrs.
1054 687 149 42 27½ᶜᵐ.

451 756 436 42 “Sonderabdruck
925 767 90 29 aus
1051 757 107 39 dem
1198 757 354 39 ‘Wochenblatt
1589 756 85 40 für
1713 756 505 49 papierfabrikation,
377 758 1994 104 jahrgang

536 812 246 50 1928/29.”

386 879 1918 53 © Apr. 5, 1929; 1c. June 28; A —Foreign 3634; Güntter-Staib verlag.
464 939 281 49 (29-24329)

379 1033 298 70 [Stewart,
706 1031 211 55 Alfred
949 1031 243 70 Walter]
1230 1038 172 50 1880-

506 1113 1879 70 … The eye in the museum. London, V. Gollancz ltd., 1929.
445 1192 369 50 287 p. 19 ½ᶜᵐ .
447 1263 231 40 Author’s
710 1264 180 47 pseud.,
924 1263 43 40 J.
999 1263 44 41 J.
1076 1262 321 49 Connington,
1430 1266 53 38 at
1514 1264 125 39 head
1672 1263 52 40 of
1757 1264 123 41 title.

385 1329 2002 55 © 1c. Nov. 1, 1929; A ad int. 13151; pubd. Oct. 14; Little, Brown, and
452 1400 248 38 company,
732 1390 198 40 Boston.
999 1388 282 51 (29-24377)

376 1486 279 62 Stewart,
687 1483 227 55 Walter
943 1484 271 55 Sinclair.

447 1563 443 68 Later.Baptist
921 1563 388 54 missionaries
1343 1566 114 51 and
1488 1564 278 68 pioneers,
1838 1584 51 35 v.
1924 1572 49 47 2.
2045 1567 90 68 By
2168 1565 224 54 Walter

384 1639 2006 71 Sinclair Stewart … Ed. by the Department of missionary
377 1720 320 68 education,
723 1720 196 52 Board
944 1720 64 53 of
1032 1718 303 54 education
1362 1720 65 53 of
1450 1720 96 51 the
1572 1719 294 53 Northern
1891 1720 235 69 Baptist
377 1737 1990 114 convention

596 1797 1790 70 … Philadelphia, Boston [etc.] The Judson press [ ᶜ1 929]
452 1878 829 49 8 p. l., 3-266 p. ports. 20½ᶜᵐ.
385 1944 53 52 ©
467 1949 120 39 Nov.
616 1948 69 47 15,
716 1947 140 47 1929;
888 1947 68 40 2c.
986 1948 120 41 Nov.
1209 1957 10 37 19;
1251 1946 83 42 aff.
1363 1947 120 40 Nov.
1512 1947 84 48 20;
1628 1947 44 40 A
1701 1947 170 47 14918;
1906 1948 190 40 Judson
2125 1958 151 38 press.

372 2055 260 65 Stidger,
661 2055 256 55 William
947 2056 82 52 Le
1057 2056 147 64 Roy,
1235 2060 173 50 1886-
1621 2058 85 52 ed.

442 2136 66 52 If
538 2135 32 52 I
602 2136 116 53 had
748 2137 136 68 only
914 2152 106 36 one
1051 2153 223 35 sermon
1306 2141 60 48 to
1397 2134 210 69 preach
1639 2153 75 34 on
1746 2135 400 70 immortality,
2178 2134 211 69 edited,

378 2214 136 53 with
543 2233 72 34 an
645 2213 412 69 introduction,
1084 2214 75 69 by
1187 2212 263 55 William
1481 2213 64 54 L.
1581 2212 251 70 Stidger.
1908 2213 140 53 New
2080 2213 165 53 York
2273 2215 115 52 and

372 2292 261 69 London,
659 2291 234 68 Harper
920 2292 46 51 &
993 2291 280 69 brothers,
1303 2293 150 52 1929.

445 2371 85 48 xii,
560 2371 89 41 340
678 2381 45 38 p.
890 2403 10 9 21ᶜᵐ.

384 2425 53 52 ©
465 2430 119 40 Nov.
612 2430 40 47 7,
679 2428 142 47 1929;
851 2428 70 41 2c.
951 2429 118 39 Nov.
1101 2430 52 45 7;
1184 2427 83 41 aff.
1295 2429 119 40 Nov.
1444 2428 52 47 9;
1529 2428 42 39 A
1599 2428 172 47 15658;
1804 2429 194 48 Harper
2029 2428 37 41 &
2094 2429 127 40 bros.

462 2485 282 50 (29-24202)

373 2579 198 65 Stiles,
600 2579 159 53 Kent
789 2580 66 54 B.

448 2658 252 69 Stamps,
742 2674 72 34 an
854 2656 218 53 outline
1110 2656 65 52 of
1216 2656 299 69 philately,
1554 2656 76 68 by
1670 2657 160 52 Kent
1870 2660 67 49 B.
1981 2656 202 69 Stiles;
373 2658 1988 130 illustrated

608 2734 76 69 by
728 2751 306 35 numerous
1078 2733 413 69 photographs.
1567 2734 140 53 New
1754 2733 164 53 York
1965 2735 114 52 and
2126 2735 260 65 London,

373 2813 235 67 Harper
636 2814 51 50 &
718 2811 279 68 brothers,
1028 2814 150 51 1929.

445 2891 1050 51 XX p., 1 l., 374 p., 1 l. illus., pl. 23ᶜᵐ.
448 2949 323 49 “Magazines,
805 2948 160 48 books,
1001 2948 95 39 and
1128 2946 281 42 societies”:
1443 2959 44 37 p.
1515 2947 222 42 316-325.

384 3004 51 51 ©
463 3008 118 40 Nov.
608 3008 41 47 7,
676 3006 141 46 1929;
846 3006 67 39 2c.
940 3005 121 39 Nov.
1131 3015 10 36 8;
1171 3003 83 42 aff.
1281 3005 119 40 Nov.
1427 3003 53 48 9;
1511 3005 42 38 A
1579 3003 172 48 15664;
1782 3005 195 48 Harper
2004 3004 37 41 &
2066 3006 127 39 bros.

461 3062 283 49 (29-24069)

373 3155 2010 145 Studies in English philology; a miscellany in honor of Frederick Klaeber, edited by Kemp Malone … and Martin B.
450 3307 1935 71 Ruud … Minneapolis, The University of Minnesota press,
452 3391 150 50 1929.

485 3503 8 16 x,
526 3470 89 41 486
644 3482 44 36 p.
749 3470 150 40 front,
927 3469 174 49 (port.)
1128 3469 217 41 facsims.
1406 3468 118 41 24ᶜᵐ.

452 3529 69 39 “A
553 3526 340 48 bibliography
928 3526 52 40 of
1016 3526 82 40 the
1132 3525 162 41 works
1328 3525 52 40 of
1415 3525 265 40 Frederick
1713 3525 215 40 Klaeber
1979 3525 77 49 [by]
2096 3524 172 41 Stefan
378 3523 1987 101 Einarsson”:

681 3594 43 38 p.
760 3582 220 42 477-485.

383 3636 53 52 ©
465 3640 103 40 Oct.
595 3640 67 47 16,
690 3638 141 47 1929;
862 3639 67 41 2c.
957 3639 120 39 Nov.
1106 3639 52 44 7;
1189 3637 83 41 aff.
1299 3638 119 39 Nov.
1446 3638 54 45 4;
1531 3638 41 38 A
1600 3636 171 47 14699;
1804 3636 285 47 University
2118 3636 52 39 of
452 3635 1912 109 Minnesota,
602 3694 337 49 Minneapolis.
1006 3693 281 49 (29-24223)

367 3786 298 64 Tandrup,
698 3786 243 66 Harald,
977 3787 175 56 1874-

507 3859 1875 72 … Navnløs … København, Gyldendal, Nordisk forlag,
377 3944 150 49 1929.
