2542 4361
1139 4008 100 53 557

154 357 282 65 Priester,
470 355 227 66 George
727 354 264 65 Charles,
1026 358 170 51 1885-

279 428 1647 76 … Application of trigonometric series to cable stress
148 431 2002 145 analysis in suspension bridges r bvi George C. Priester … [Ann
149 593 209 67 Arbor]
394 594 150 50 1929.

152 664 1988 116 50 p. diagrs. 22½ ᶜᵐ. (Department of engineering research, University of Michigan … Engineering research bulletin no. 12)
221 800 173 42 Thesis
436 800 108 48 (PH.
609 798 392 49 D.)—University
1032 798 52 41 of
1115 796 261 49 Michigan,
1407 794 130 43 1928.

224 857 349 42 “References”:
630 868 45 38 p.
703 855 70 43 50.

158 924 52 54 ©
242 929 115 48 Apr.
387 929 40 48 3,
459 928 142 48 1929;
634 927 68 42 2c.
735 928 96 38 and
862 926 83 41 aff.
978 924 113 51 Apr.
1125 925 81 47 13;
1242 926 40 38 A
1314 924 141 47 6534;
1492 922 284 48 University
1809 922 52 39 of
1894 920 261 47 Michigan,

227 986 110 39 Ann
366 985 171 40 Arbor.
605 983 253 49 (29-9577)

161 1078 268 55 Priscilla
459 1077 342 65 publishing
829 1093 308 47 company,
1167 1079 234 53 Boston.

291 1151 1867 66 … Modern Priscilla standard cook book; Modern Priscilla
163 1237 248 68 proving
451 1236 164 69 plant
654 1235 261 53 methods
957 1234 63 53 of
1060 1234 316 68 preparing
1416 1233 108 52 and
1569 1231 243 67 cooking
1852 1248 133 35 over
2028 1232 134 50 1000

157 1308 1981 157 appetizing dishes … Boston, The Priscilla publishing company [ᶜ1929]
229 1475 63 48 iv,
322 1475 86 40 443
439 1486 44 37 p.
542 1474 88 42 col.
659 1474 166 47 front.,
856 1474 87 40 col.
976 1473 171 48 plates.
1209 1472 57 40 19½ᶜᵐ.

231 1545 312 41 Illustration
574 1555 61 31 on
666 1547 99 45 t.-p.

163 1609 1915 57 © Apr. 11, 1929; 2c. Apr. 15; aff. Apr. 18; A 6641; Priscilla pub co.
244 1672 252 48 (29-9514)

166 1766 265 63 Ralston,
464 1764 256 56 Jackson
754 1765 261 62 Harvey,
1053 1763 172 55 1857-

234 1844 423 55 International
686 1844 364 57 arbitration,
1079 1842 151 53 from
1259 1843 222 53 Athens
1507 1849 58 47 to
1594 1843 275 68 Locarno,
1893 1842 76 71 by
160 1843 1983 134 Jackson

166 1916 1973 138 H. Ralston … Stanford University. Calif., Stanford university
415 2018 184 50 press;
641 1999 260 66 London,
940 1999 78 53 H.
1058 1997 267 55 Milford,
1365 1996 231 55 Oxford
1636 1996 320 71 university
1995 2017 174 48 press,

167 2080 133 51 1929.

234 2161 99 49 xvi,
360 2160 88 42 417
474 2171 45 38 p.
577 2159 56 42 23½ᶜᵐ.

238 2230 299 49 Companion
565 2230 193 41 volume
789 2231 49 39 to
870 2230 83 40 the
982 2228 220 43 author’s
1234 2229 129 41 “The
1395 2230 95 40 law
1520 2230 96 40 and
1646 2231 267 47 procedure
1943 2230 51 40 of
167 2230 1987 98 international

415 2286 288 43 tribunals”,
762 2286 61 46 cf.
854 2285 278 44 Foreword.

237 2343 379 49 Bibliography:
646 2353 44 38 p.
719 2342 220 42 395-400.

170 2409 53 53 ©
250 2414 114 48 Apr.
393 2414 39 44 6,
462 2413 142 48 1929;
632 2412 69 42 2c.
728 2413 116 48 Apr.
873 2413 82 47 12;
987 2412 84 42 aff.
1101 2413 112 47 Apr.
1244 2413 81 44 15;
1358 2411 40 41 A
1427 2413 105 40 7471;
1602 2414 160 39 Board
1794 2414 54 39 of
1876 2415 212 41 trustees
2119 2414 51 39 of

240 2470 84 40 the
349 2470 183 40 Leland
561 2468 236 43 Stanford
823 2469 167 48 junior
1019 2468 143 49 univ.,
1193 2469 236 40 Stanford
1457 2469 298 49 University,
1785 2470 145 41 Calif.

251 2525 252 50 (29-9590)

172 2623 261 61 Reagan,
469 2620 215 62 Oliver,
719 2623 83 53 ed.

240 2699 307 53 American
580 2697 378 56 architecture
989 2697 65 52 of
1084 2699 96 52 the
1212 2698 294 54 twentieth
1541 2703 264 62 century:
1843 2718 31 33 a
1907 2700 170 54 series
2111 2699 64 52 of

171 2776 396 67 photographs
607 2778 111 51 and
759 2777 290 51 measured
1097 2775 292 61 drawings
1428 2775 65 52 of
1530 2777 253 51 modern,
1824 2776 161 56 civic,

171 2795 2003 128 commercial and industrial buildings, ed. by Oliver Reagan … with
174 2948 33 35 a
237 2930 232 68 preface
496 2931 75 65 by
601 2929 185 55 Lewis
817 2928 319 56 Mumford.
1205 2949 50 33 v.
1288 2933 31 48 2
1375 2935 80 63 [pt.
1490 2933 117 65 5-6]
1678 2930 140 53 New
1852 2929 181 70 York,
174 2930 1977 130 Architectural

539 3004 1009 74 book publishing co., inc. [ ᶜ19 29]
244 3087 709 51 2 p, l., 11-20. 1-20 pl. 52 ᶜᵐ.
178 3141 52 52 ©
261 3146 115 48 Apr.
407 3146 69 47 20,
509 3144 141 50 1929;
683 3146 69 41 2c.
784 3146 96 40 and
912 3145 83 42 aff.
1029 3146 115 48 May
1176 3147 53 39 1:
1264 3146 41 38 A
1336 3145 115 41 7828;
1514 3145 361 41 Architectural
1909 3146 123 41 book
2066 3147 109 45 pub.

247 3212 82 38 co.,
357 3202 92 41 inc.

179 3295 402 61 Regenhardt,
623 3296 61 54 C.

248 3367 1869 76 C. Regenhardt’s geschäftskaiend er für den weltverkehr …
181 3453 149 49 1929.
395 3454 81 49 54.
504 3449 187 69 jahrg.
756 3452 217 55 Berlin,
1003 3450 61 55 C.
1094 3451 375 68 Regenhardt
1495 3469 149 52 a.-g.,
1674 3454 149 51 1929.

247 3531 260 49 1072 p. 17 ½ ᶜᵐ.
182 3579 1833 60 © Jan. 1, 1929; 1c. Mar. 2; A —Foreign 2126: C. Regenhardt a.-g.
182 3695 213 64 Reger,
425 3694 309 58 Ambrose.

254 3773 164 55 Alias
450 3794 129 34 oves
613 3775 207 54 habeo:
857 3775 266 70 chapters
1156 3795 70 33 on
1264 3774 425 57 home-mission
1725 3778 176 59 work,
1934 3778 76 69 by
2044 3778 138 52 Rev.

184 3851 277 55 Ambrose
491 3852 202 64 Reger,
760 3898 8 8 O.
834 3899 8 8 S.
911 3898 8 8 B.
987 3853 139 55 New
1156 3854 164 51 York
1349 3855 112 54 and
1497 3853 347 58 Cincinnati.
1874 3855 310 55 Frederick

185 3930 199 53 Pustet
415 3949 97 39 co.,
541 3930 125 71 inc.,
697 3934 150 50 1929.
