2542 4389
1142 4026 133 50 1003

257 434 1934 54 7 p. l., 331 p. col. front., illus., 74 pl. on 58 l. (part col.; incl. ports.,
187 491 1579 52 map, diagr.) 24 ᶜᵐ. (Smithsonian scientific series, v. 3)
258 553 120 39 Part
419 551 52 41 of
514 552 80 39 the
636 551 159 48 plates
838 549 345 49 accompanied
1226 550 61 46 by
1330 549 155 47 guard
1529 549 162 39 sheets
1736 547 121 41 with
1900 547 294 48 descriptive

186 609 300 46 letterpress.

257 663 228 41 Lettered
513 673 60 29 on
599 673 142 29 cover:
797 662 209 40 Patrons
1033 661 200 41 edition.

259 718 350 48 Bibliography
636 720 52 38 at
714 719 90 39 end
836 717 52 41 of
916 719 119 39 each
1063 719 126 47 part.

191 771 51 52 ©
276 776 127 40 June
435 776 68 46 17,
538 774 116 40 1929;
713 775 68 39 2c.
816 775 95 39 and
946 773 84 41 aff.
1063 774 127 40 June
1224 772 55 40 25;
1342 773 42 38 A
1418 772 143 41 10033;
1629 772 335 41 Smithsonian

260 772 1914 101 institution
387 832 163 48 series,
576 832 92 40 inc.
730 831 282 49 (29-14171)

190 926 218 63 Moore,
445 925 246 65 George,
728 930 173 50 1852-

192 1003 1982 149 … The brook Kerith; a Syrian story, with twelve engravings
358 1084 77 68 by
478 1083 252 69 Stephen
772 1082 254 55 Gooden.
1104 1083 140 53 New
1285 1082 181 70 York,
1507 1083 123 53 The
1669 1082 338 54 Macmillan
186 1100 1988 133 company,
395 1165 150 51 1929.

259 1241 710 50 5 p. l., 391 p. plates. 26½ ᶜᵐ.
261 1299 1939 49 “Of this revised and reset edition … 500 copies have been printed
188 1357 79 40 for
300 1357 257 40 American
592 1358 115 46 sale,
743 1357 50 39 of
827 1357 160 39 which
1021 1357 100 40 this
1157 1357 42 40 is
1232 1357 205 41 number
1470 1357 129 41 490.”

260 1415 345 47 Autographed
632 1414 61 48 by
719 1415 81 39 the
828 1414 181 40 author
1034 1414 96 40 and
1158 1415 83 39 the
1266 1415 296 41 illustrator.

194 1468 56 52 ©
278 1473 126 39 June
433 1472 70 48 18,
535 1471 140 47 1929;
706 1471 69 40 2c.
806 1472 96 39 and
934 1471 83 40 aff.
1049 1471 126 40 June
1206 1471 83 48 19;
1323 1471 42 39 A
1394 1471 143 48 9782;
1574 1471 54 42 G.
1658 1473 178 47 Moore,
1870 1472 214 40 London.

274 1528 281 49 (27-14243)

193 1622 230 66 Müller,
461 1622 181 65 Fritz,
682 1626 172 52 1875-

261 1702 120 53 Das
429 1701 303 54 verkaufte
782 1701 153 70 dorf,
984 1719 218 50 roman,
1252 1719 112 35 von
1414 1702 162 53 Fritz
190 1702 1990 132 Müller-Partenkirchen.

420 1780 258 71 Leipzig,
707 1783 62 52 L.
803 1781 406 67 Staackmann,
1240 1784 151 50 1928.

261 1864 85 40 287
375 1874 42 38 p.
477 1863 57 40 19½ᶜᵐ.

196 1917 1986 110 © Oct. 9, 1928; 1c. Jan. 8, 1929; A—Foreign 1352; L. Staackmann v erlag, g. m. b. h. (29-14085)
197 2074 187 62 Muse,
419 2073 213 52 Maude
667 2072 279 55 Blanche.

267 2151 97 53 An
403 2151 392 54 introduction
836 2158 59 48 to
938 2150 236 56 efficient
1216 2151 173 71 study
1429 2152 192 54 habits
1662 2151 309 70 according
2011 2158 58 47 to
2108 2150 95 53 the

198 2232 137 52 laws
364 2231 112 53 and
509 2230 312 68 principles
852 2231 319 68 governing
1202 2231 344 52 economical
1576 2231 282 68 learning,
1885 2231 77 69 by
1992 2229 213 53 Maude

199 2308 2007 71 Blanche Muse … Philadelphia and London, W. B. Saunders
194 2406 299 51 company,
530 2389 150 52 1929.

264 2467 950 50 2 p. 1. 11-110 p. illus., diagr. 20½ ᶜᵐ.
268 2527 305 39 “Annotated
601 2525 397 49 bibliography”:
1029 2536 43 38 p.
1104 2525 219 42 104-106.

201 2579 2004 53 © June 15, 1929; 2c. June 26; aff. June 28; A 9941; W. B. Saunders
269 2651 68 31 co.
402 2640 282 50 (29-14136)

200 2735 282 53 National
514 2735 318 53 industrial
864 2735 349 54 conference
1246 2735 203 55 board.

267 2813 121 52 The
431 2811 410 54 international
884 2811 270 55 financial
1197 2813 252 68 position
1492 2813 64 52 of
1597 2814 98 52 the
1735 2813 220 55 United
2001 2813 203 55 States.

199 2890 138 53 New
369 2889 180 68 York,
581 2890 275 52 National
888 2889 310 54 industrial
1230 2890 332 54 conference
1593 2891 197 69 board,
1822 2891 128 67 inc.,
1985 2894 150 49 1929.

341 3004 8 14 xx,
378 2973 88 40 276
491 2983 44 38 p.
561 2973 112 40 incl.
701 2973 171 46 tables,
902 2972 181 49 diagrs.
1142 2973 147 41 23½ᶜᵐ.

203 3025 51 51 ©
284 3029 128 40 June
437 3029 70 48 21,
538 3029 139 47 1929;
707 3029 69 41 2c.
806 3030 96 39 and
932 3029 82 41 aff.
1045 3029 128 40 June
1200 3029 83 47 25;
1316 3030 40 38 A
1386 3029 115 41 8927;
1560 3031 131 39 Natl.
1721 3030 265 40 industrial
272 3031 1915 95 conference
417 3087 164 47 board,
613 3086 92 40 inc.
776 3085 282 51 (29-14162)

203 3180 239 64 Newell,
477 3181 253 52 Edward
762 3180 322 63 Theodore,
1119 3186 173 50 1886-

205 3257 1979 131 Alexander hoards. [v. 4] Olympia. By Edward T. Newell … New
613 3336 181 67 York,
821 3337 123 52 The
971 3336 308 53 American
1306 3337 364 53 numismatic
1699 3337 230 69 society,
1961 3341 149 51 1929.

203 3418 1984 105 2 p. l., 27 p. plates. 17 ᶜᵐ. (Half-title: Numismatic notes & monographs )
208 3527 51 52 ©
295 3531 111 40 Feb.
441 3533 39 39 7.
516 3531 113 40 1929;
692 3531 68 41 2c.
796 3533 94 39 and
926 3531 84 42 aff.
1045 3532 112 41 Feb.
1193 3533 55 38 14;
1313 3533 40 39 A
1388 3533 114 39 4421;
1569 3533 159 41 Amer,
1762 3533 315 41 numismatic
2111 3544 96 31 soc.

284 3587 280 50 (21-14235)

207 3668 177 63 Oaks,
416 3668 179 53 Louis
627 3670 262 63 Weston,
924 3674 172 50 1892-

274 3747 163 51 Your
466 3765 149 49 nose,
643 3749 195 51 throat
870 3748 111 52 and
1013 3766 151 47 ears;
1197 3749 151 52 their
1376 3750 195 51 health
1604 3751 111 51 and
1747 3768 142 48 care,
1919 3751 76 68 by
2024 3753 65 51 L.
2120 3753 88 52 W.

206 3824 2002 73 Oaks, M . D., and H. G. Merrill, M. D. New York, London, D.
204 3903 295 68 Appleton
527 3905 111 52 and
667 3923 299 50 company,
996 3908 149 51 1929.
