2533 4342
1377 4006 136 50 1626

460 362 232 65 Mayne,
723 362 177 52 Ethel
931 362 276 56 Colburn.

527 442 121 53 The
692 442 106 52 life
843 443 114 52 and
1003 443 194 52 letters
1243 442 65 53 of
1352 442 167 53 Anne
1563 442 267 69 Isabella,
1873 443 136 69 lady
2054 443 144 52 Noel
2244 443 218 69 Byron,

459 520 152 53 from
643 519 387 68 unpublished
1063 538 208 49 papers
1304 520 61 52 in
1396 521 96 52 the
1526 521 318 67 possession
1878 520 64 54 of
1973 522 96 52 the
2101 522 114 51 late
2249 519 211 68 Ralph,

458 599 118 52 earl
605 597 65 54 of
698 598 294 68 Lovelace,
1022 598 75 69 by
1128 597 174 53 Ethel
1335 597 255 54 Colburn
1619 597 240 68 Mayne;
1894 598 141 53 with
2067 617 73 34 an
456 599 1981 129 introduction

611 676 114 52 and
759 675 264 69 epilogue
1058 676 73 68 by
1166 675 189 69 Mary,
1391 682 258 47 countess
1684 676 66 53 of
1781 675 293 69 Lovelace,
2111 677 113 52 and
2258 676 202 54 twelve

458 752 1677 71 illustrations … New York, C. Scribner’s sons, 1929.
519 833 1301 49 xvi p., 1 l., 501 p. front., plates, ports. 23½ᶜᵐ.
456 899 53 53 ©
532 904 121 48 Aug.
679 904 69 48 16,
775 903 141 48 1929;
944 905 70 39 2c.
1043 904 128 48 Sept.
1197 905 81 46 13;
1309 903 83 42 aff.
1421 904 129 48 Sept.
1576 904 84 48 11;
1689 904 43 40 A
1756 903 171 49 13300;
1958 905 206 40 Charles
2190 905 268 41 Scribner’s

523 970 126 30 sons.
717 959 283 50 (29-18658)

452 1052 211 66 Meigs,
694 1052 270 56 Cornelia
992 1053 224 65 Lynde,
1247 1059 172 50 1884-

518 1130 121 53 The
682 1130 242 53 crooked
965 1131 172 68 apple
1178 1138 135 60 tree,
1351 1131 76 69 by
1470 1130 268 55 Cornelia
1780 1132 205 69 Meigs,
2025 1132 141 52 with
447 1133 1989 128 illustrations
644 1208 75 69 by
767 1208 188 53 Helen
1004 1208 199 53 Mason
1257 1208 194 55 Grose.
1539 1211 236 66 Boston,
1822 1210 197 67 Little,
2067 1211 230 68 Brown,
2347 1210 114 53 and

447 1303 298 52 company,
778 1287 151 52 1929.

515 1380 45 34 X,
589 1368 86 41 300
702 1380 43 37 p.
774 1369 111 40 incl.
914 1369 144 47 illus.,
1089 1370 172 47 plates,
1321 1370 89 40 col.
1437 1369 151 41 front.
1757 1402 9 9 21ᶜᵐ.

453 1420 52 53 ©
538 1426 128 47 Sept.
693 1426 69 47 21,
793 1425 141 47 1929;
965 1426 68 41 2c.
1061 1426 96 39 and
1186 1425 83 41 aff.
1301 1425 103 42 Oct.
1432 1426 53 46 2;
1518 1427 42 38 A
1588 1425 172 48 13856;
1792 1427 163 48 Little,
1987 1428 192 47 Brown,
2211 1427 38 40 &
2278 1437 68 31 co.

530 1480 283 50 (29-20798)

445 1574 233 65 Mellon,
711 1575 227 63 Evelyn
971 1575 195 64 Emig.

516 1655 138 53 Two
683 1655 157 67 prize
868 1656 167 67 plays
1064 1656 113 52 and
1207 1655 134 53 four
1369 1656 208 69 others,
1605 1655 137 53 each
1770 1656 61 52 in
1858 1675 106 34 one
1992 1663 108 62 act,
2127 1657 76 69 by
2232 1656 225 68 Evelyn

444 1732 1904 71 Emig Mellon. Boston, Walter H. Baker company [ ᶜ1 929 ]
518 1814 82 48 vii,
633 1814 85 39 141
751 1824 44 38 p.
855 1813 148 41 19½ᶜᵐ.

788 1870 175 39 CONTENTS.—The
1005 1869 155 41 China
1202 1870 312 48 pig.—Love!
1557 1866 128 45 love!
1729 1866 389 45 love!—Mother
2159 1872 96 38 and
2298 1880 163 30 son.-—

450 1926 101 41 The
582 1927 79 39 old
690 1926 815 41 order.—Pen-and-ink.—Trains.

454 1978 51 52 ©
531 1982 123 48 Aug.
679 1982 69 48 15,
776 1982 115 40 1929;
947 1982 70 40 2c.
1043 1983 97 39 and
1167 1982 83 41 aff.
1277 1982 119 48 Aug.
1425 1982 83 47 29;
1538 1983 43 39 A
1606 1982 173 48 11943;
1809 1984 190 39 Walter
2026 1983 63 41 H.
2117 1983 164 40 Baker
2308 1993 70 31 co.

529 2038 282 49 (29-15922)

452 2132 229 64 Mirick,
711 2133 228 63 George
967 2132 241 65 Alonzo,
1239 2138 173 49 1863-

512 2210 188 53 Home
740 2209 107 54 life
888 2210 223 53 around
1151 2210 97 53 the
1287 2210 212 68 world;
1544 2229 72 33 an
1658 2210 402 69 introductory
2100 2211 356 69 geography,

445 2288 72 69 by
556 2287 223 70 George
818 2288 72 52 A.
931 2288 233 68 Mirick,
1203 2288 142 53 with
1386 2288 384 53 illustrations
1812 2288 76 69 by
1931 2291 226 50 Burton
2196 2288 257 53 Holmes.

443 2365 138 56 Rev.
615 2367 113 51 and
763 2367 107 51 enl.
906 2367 84 52 ed.
1063 2368 236 66 Boston,
1332 2366 140 53 New
1507 2366 165 53 York
1731 2371 120 62 [etc.]
1891 2365 325 70 Houghton
2248 2365 208 53 Mifflin

441 2446 509 66 company [ ᶜ1 929]
511 2525 63 48 iv,
605 2526 73 49 [2],
705 2525 85 41 185
816 2537 43 37 p.
919 2525 131 41 illus.
1078 2524 136 50 (incl.
1240 2524 163 50 maps)
1472 2524 147 42 19½ᶜᵐ.

513 2582 190 41 “Books
730 2582 80 41 for
835 2580 263 42 children’s
1127 2581 260 49 reading”:
1418 2592 44 37 p.
1494 2580 252 51 [180]-181.

449 2635 52 53 ©
542 2640 129 48 Sept.
707 2640 39 48 9,
784 2639 115 41 1929;
965 2640 71 41 2c.
1075 2640 130 47 Sept.
1243 2640 82 47 11;
1366 2638 83 41 aff.
1489 2639 130 48 Sept.
1658 2638 83 48 10;
1782 2640 42 38 A
1860 2637 171 49 13191;
2075 2639 53 41 G.
2167 2639 56 40 A.
2263 2637 190 49 Mirick,

516 2696 277 48 Brookline,
826 2697 148 40 Mass.
1045 2695 283 49 (29-20770)

446 2789 283 66 Mitchell,
757 2789 258 55 William
1044 2790 256 64 Samuel,
1332 2790 172 54 1877-

516 2870 57 52 A
604 2870 309 69 seven-day
946 2871 213 51 church
1195 2875 59 46 at
1287 2868 186 67 work;
1510 2870 96 52 the
1639 2875 159 64 story
1832 2869 64 53 of
1928 2869 97 52 the
2058 2869 398 67 development

446 2949 114 52 and
593 2966 274 51 program
898 2947 65 53 of
993 2948 228 68 Wesley
1254 2947 230 68 church,
1513 2947 340 68 Worcester,
1886 2947 466 69 Massachusetts,
2382 2944 76 70 by

446 3022 2008 71 William S. Mitchell … New York and London, Funk and
444 3104 302 69 Wagnalls
775 3121 299 50 company,
1107 3106 149 51 1929.

510 3183 97 48 xiv,
638 3183 85 40 255
755 3194 42 37 p.
858 3183 166 47 front.,
1055 3182 129 41 illus.
1213 3181 191 49 (plans)
1443 3182 173 48 plates.
1677 3182 145 39 19½ᶜᵐ.

447 3236 52 54 ©
536 3242 129 48 Sept.
698 3241 70 49 20,
803 3240 141 49 1929;
979 3241 70 40 2c.
1084 3241 97 40 and
1215 3239 83 42 aff.
1334 3239 103 43 Oct.
1472 3239 52 48 2;
1562 3240 40 39 A
1636 3239 173 48 12793;
1846 3239 142 40 Funk
2023 3240 37 40 &
2095 3238 253 49 Wagnalls
2384 3248 67 30 co.

524 3297 282 50 (29-20811)

443 3392 319 64 Molineux,
795 3392 228 53 Roland
1055 3391 328 65 Burnham,
1418 3395 328 59 1866-1917,
1780 3393 332 67 defendant.

515 3466 1939 74 The Molineux case, edited by Samuel Klaus … New York,
445 3551 70 51 A.
544 3550 71 54 A.
643 3548 227 70 Knopf,
898 3551 152 52 1929.

509 3625 1941 53 3 p. l., v-x, 409, [1] p. 4 port, on 1 pl., 2 plans on 1 pl., fold, facsims.
438 3686 147 40 24½ᶜᵐ.
653 3684 194 49 (Added
878 3687 121 45 t.-p.:
1028 3685 258 39 American
1318 3684 156 42 trials,
1505 3684 173 48 editor,
1711 3684 46 41 S.
1787 3683 183 47 Klaus)

510 3742 74 40 On
610 3752 140 30 verso
779 3742 51 39 of
856 3742 158 40 added
1043 3744 125 45 t.-p.:
1199 3742 101 39 The
1329 3742 167 47 people
1523 3741 53 40 of
1603 3741 84 40 the
1714 3743 129 37 state
1870 3740 52 40 of
1948 3741 119 38 New
2094 3740 132 39 York
2253 3739 197 47 against

438 3797 190 40 Roland
660 3797 254 40 Burnham
945 3797 266 41 Molineux.

508 3853 137 40 Trial
672 3853 52 40 of
748 3853 251 40 Molineux
1024 3853 80 40 for
1128 3854 82 39 the
1235 3854 198 59 ipurder
1459 3864 57 28 on
1545 3852 265 40 December
1835 3852 70 43 28,
1930 3851 116 41 1898
2073 3852 52 40 of
2152 3852 117 39 Mrs.
438 3851 1994 99 Katherine
612 3909 44 41 J.
697 3909 196 41 Adams.
962 3908 103 41 The
1107 3909 263 48 testimony
1410 3909 115 40 here
1565 3908 209 49 printed,
1815 3909 110 40 that
1966 3908 53 40 of
2059 3909 82 39 the
2181 3907 108 40 first
2332 3907 116 41 trial
