2533 4384
1049 4007 101 54 375

97 356 346 66 Updegraff,
477 356 222 52 Robert
730 354 217 65 Rawls,
981 358 170 50 1889-

162 434 121 52 The
314 451 122 34 new
466 431 308 54 American
802 436 192 62 tempo
1024 430 113 53 and
1167 431 97 51 the
1292 435 211 48 stream
1534 429 64 52 of
1625 428 124 67 life,
1775 428 78 69 by
1883 427 215 54 Robert

93 513 66 52 R.
194 509 339 71 Updegraff.
611 508 272 69 Chicago,
914 507 71 54 A.
1016 509 91 54 W.
1141 507 173 55 Shaw
1344 524 300 51 company,
1677 509 150 49 1929.

162 588 1787 54 3 p. l., 60, [1] p. 17½ᶜᵐ. (His The little library of self-starters)
97 661 51 52 ©
179 667 123 37 Mar.
329 665 67 45 11,
427 663 113 40 1929;
598 663 68 39 2c.
695 663 96 39 ancl
821 661 81 41 aff.
933 663 123 38 Mar.
1086 660 81 48 16;
1199 660 40 39 A
1267 660 143 47 4924;
1442 660 54 40 A.
1526 661 73 39 W.
1632 659 144 41 Shaw
1806 671 69 29 co.

173 720 251 49 (29-7710)

162 830 55 52 A
260 848 123 34 new
428 828 145 69 “bag
617 827 64 54 of
723 826 215 55 tricks”
983 827 94 52 for
1120 845 168 50 every
1332 825 273 68 business,
1647 825 77 69 by
1768 825 217 53 Robert
2029 826 68 51 R.

94 906 338 70 Updegraif.
509 905 271 69 Chicago,
808 905 72 52 A.
908 906 89 52 W.
1031 904 172 55 Shaw
1230 921 299 51 company,
1562 906 148 49 1929.

161 986 1735 52 3 p. l. , 59, [1] p. 17½ᶜᵐ. (His The little library of self-starters)
96 1059 51 52 ©
178 1064 122 38 Mar.
330 1062 51 38 11,
427 1060 140 41 1929;
599 1061 66 39 2c.
695 1060 96 39 and
821 1059 82 40 aff.
934 1060 79 38 Mar
1086 1057 82 48 16;
1199 1058 41 39 A
1267 1057 143 48 4925;
1442 1057 55 41 A.
1528 1058 71 40 W.
1630 1057 146 41 Shaw
1805 1068 68 30 co.

173 1118 252 48 (29-7708)

163 1225 111 55 Old
308 1224 404 69 specification,
742 1224 76 68 by
848 1221 216 55 Robert
1093 1224 70 51 R.
1194 1222 342 69 Updegraff.
1606 1220 273 70 Chicago,
1908 1221 71 53 A.
2010 1222 87 53 W.

95 1303 172 56 Shaw
297 1320 298 51 company,
627 1304 150 50 1929.

161 1382 1791 53 3 p. l., 78, [1] p. 17½ᶜᵐ. (His The little library of self-starters)
97 1455 51 52 ©
178 1460 122 37 Mar.
329 1457 68 47 11,
428 1456 113 41 1929;
599 1456 67 40 2c.
696 1456 95 39 and
822 1455 82 40 aff.
934 1455 122 39 Mar.
1086 1454 55 40 16;
1199 1454 41 39 A
1267 1453 117 40 4927:
1444 1453 53 41 A.
1527 1454 72 41 W.
1633 1453 144 41 Shaw
1807 1464 69 31 co.

174 1514 251 49 (29-7711)

163 1622 123 53 The
314 1622 152 53 sixth
501 1639 197 49 prune,
728 1620 76 69 by
835 1619 213 54 Robert
1081 1621 69 51 R.
1182 1619 343 69 Updegraif.
1602 1617 273 70 Chicago,
1908 1619 70 52 A.
2011 1619 90 51 W.

95 1700 163 55 Shaw
296 1716 298 51 company,
627 1700 150 51 1929.

162 1779 1790 52 3 p. l. , 56. [1] p. 17½ᶜᵐ. (His The little library of self-starters)
97 1851 51 52 ©
179 1856 123 38 Mar.
331 1854 69 41 11,
428 1853 115 40 1929;
601 1853 67 40 2c.
698 1853 96 39 and
823 1851 82 42 aff.
936 1853 123 38 Mar.
1088 1851 81 42 16;
1203 1851 40 39 A
1270 1850 143 47 4928;
1446 1851 54 40 A.
1530 1852 72 40 W.
1635 1851 145 41 Shaw
1809 1862 68 29 co.

174 1910 251 49 (29-7707)

163 2018 123 53 The
314 2017 395 54 subconscious
738 2016 160 53 mind
929 2017 56 52 in
1013 2016 254 53 business;
1329 2035 32 34 a
1390 2017 262 53 six-hour
1680 2017 114 68 day
1824 2016 95 53 for
95 2034 1980 119 executives,

327 2096 76 67 by
436 2095 216 53 Robert
684 2096 68 52 R.
789 2094 341 69 Updegraif.
1208 2094 273 68 Chicago,
1515 2094 70 52 A.
1618 2095 91 54 W.
1747 2093 173 56 Shaw
96 2112 1979 130 company,
301 2176 149 50 1929.

162 2255 1704 50 4 p. l. , 60 p. 17½ᶜᵐ. (His The little library of self-starters)
99 2324 51 52 ©
180 2330 122 37 Mar.
331 2328 69 41 11,
430 2327 140 45 1929;
601 2327 67 40 2c.
697 2326 97 40 and
823 2325 83 41 aff.
936 2326 122 40 Mar.
1088 2325 59 40 16;
1202 2325 39 39 A
1269 2325 144 47 4929;
1446 2326 54 40 A.
1530 2327 71 40 W.
1635 2326 144 41 Shaw
1810 2337 68 30 co.

175 2383 252 50 (29-7709)

96 2493 256 63 Villiers,
388 2484 152 61 Alan
574 2493 34 52 J
901 2496 172 49 1903-

165 2571 307 53 Falmouth
508 2570 93 52 for
630 2571 224 65 orders;
887 2571 94 51 the
1012 2576 158 61 story
1200 2569 65 53 of
1294 2571 95 52 the
1419 2571 111 52 last
1559 2571 222 68 clipper
1812 2571 131 69 ship
1976 2589 126 35 race

96 2650 219 52 around
348 2648 154 69 Cape
530 2649 186 66 Horn,
742 2649 78 69 by
846 2648 72 53 A.
947 2649 56 53 J.
1031 2648 266 62 Villiers;
1331 2649 137 52 with
1502 2668 71 33 an
1604 2649 393 53 introduction
2026 2649 76 69 by

95 2728 199 52 Frank
349 2727 62 55 C.
468 2728 240 64 Bowen;
810 2726 217 54 profusely
1121 2727 325 53 illustrated
1506 2727 136 52 with
1704 2725 398 72 photographs

96 2804 1981 70 taken by the author. New York, H. Holt and company [ᶜ1 929]
268 2888 740 48 xxv , 301 p. front., plates. 22½ᶜᵐ.
167 2959 71 38 An
272 2961 204 37 account
508 2958 52 40 of
594 2958 80 40 the
707 2968 113 30 race
852 2958 53 40 of
936 2958 243 48 Herzogin
1216 2957 177 42 Cecilie
1427 2959 93 39 and
1558 2958 226 42 Beatrice
1817 2959 127 40 from
96 2959 1987 96 Australia
274 3018 48 38 to
352 3015 236 46 England.

99 3077 51 52 ©
181 3083 122 39 Mar.
331 3082 54 38 15,
428 3082 139 41 1929;
598 3083 67 39 2c.
693 3085 96 38 and
815 3082 85 40 aff.
929 3083 122 39 Mar.
1080 3082 54 39 19;
1192 3082 41 40 A
1261 3082 141 45 6036;
1434 3083 168 48 Henry
1632 3083 118 41 Holt
1779 3084 36 40 &
1843 3094 67 30 co.,
1954 3083 91 42 inc.

177 3137 251 49 (29-7741)

153 3263 72 35 Von
257 3246 303 64 Hoffman,
594 3246 153 63 Carl,
783 3251 171 50 1889-

167 3323 214 70 Jungle
431 3326 159 66 gods,
638 3325 77 69 by
765 3325 138 55 Carl
953 3327 129 53 Yon
1135 3325 309 64 Hoffman;
1497 3327 190 53 edited
1739 3326 76 70 by
1867 3328 235 68 Eugene

94 3402 255 67 Löhrke;
419 3403 325 53 illustrated
811 3404 75 68 by
953 3405 282 52 Baroness
1301 3405 330 53 Katharina
1698 3403 401 56 Dombrowski

107 3479 86 66 (K.
270 3523 9 9 O.
350 3480 38 69 S.)
436 3482 112 52 and
587 3482 139 52 with
763 3482 398 69 photographs
1198 3482 75 70 by
1311 3483 95 53 the
1445 3483 223 53 author.
1742 3484 140 52 New
1921 3483 181 69 York,

96 3558 942 70 H. Holt and company [ ᶜ1 929]
166 3641 1116 51 3 p. l., v-xxiv, 286 p. front., plates. 22ᶜᵐ.
167 3711 288 42 Illustrated
488 3712 365 49 lining-papers.

169 3767 1933 52 “The scene … is … north-eastern Rhodesia … tribe, the Lalas.”—
98 3825 185 39 Introd.

102 3889 50 52 ©
178 3895 122 40 Mar.
327 3894 67 44 15,
422 3895 113 41 1929;
589 3896 67 41 2c.
683 3898 95 38 and
806 3895 82 42 aff.
916 3899 121 39 Mar.
1064 3898 82 46 19;
1175 3898 40 39 A
1241 3898 141 47 6037;
1413 3900 168 47 Henry
1608 3901 119 39 Holt
1754 3901 35 39 &
1817 3912 83 31 co..
1928 3901 90 40 inc.

177 3949 251 50 (29-7947)
