2533 4342
1364 4020 135 51 1856

406 369 137 67 Hill,
570 369 274 66 Rudolph
871 370 76 55 N.

476 442 1936 74 Red ship wings, poems by Rudolph N. Hill … Wewoka,
405 523 1252 71 Okla., Lasiter printing company [ ᶜ1 929]
476 604 730 52 5 p. l. , [1], 65 p. port. 17½ᶜᵐ.
412 659 52 53 ©
496 663 123 49 Aug.
649 663 71 49 26,
752 661 115 41 1929;
927 662 70 40 2c.
1032 662 96 39 and
1161 660 82 42 aff.
1276 660 122 49 Aug.
1430 659 57 41 30;
1549 660 42 40 A
1622 659 144 41 11961;
1829 660 57 41 R.
1920 660 57 40 N.
2012 658 118 50 Hill,
2165 658 245 48 Wewoka,

483 719 106 41 Okl.
656 717 282 51 (29-25322)

406 783 273 65 Holland,
708 783 230 63 Rupert
966 783 279 63 Sargent,
1277 783 172 54 1878-

478 861 122 52 The
632 860 199 53 Pirate
864 857 66 54 of
962 859 98 53 the
1094 857 165 69 Gulf,
1293 858 76 70 by
1402 858 225 68 Rupert
1664 857 247 70 Sargent
1945 856 280 68 Holland,
406 856 1988 135 illustrated

625 938 77 69 by
730 937 144 69 Lyle
904 936 204 55 Justis.
1176 936 411 69 Philadelphia
1616 937 48 52 &
1693 935 261 68 London,
1984 934 57 56 J.
2072 936 68 52 B.
407 933 1988 136 Lippincott

553 1033 298 51 company,
884 1017 152 51 1929.

477 1097 1224 51 270 p. incl. illus., col. plates. col. front. 20 ᶜᵐ.
415 1152 52 53 ©
497 1156 129 49 Sept.
652 1157 71 47 18,
750 1155 114 40 1929;
918 1155 69 42 2c.
1015 1156 96 39 and
1137 1155 83 40 aff.
1247 1155 120 41 Nov.
1392 1155 57 39 22;
1505 1155 44 39 A
1573 1154 149 41 14956;
1776 1155 45 40 J.
1848 1155 55 40 B.
1931 1154 280 49 Lippincott
2237 1164 68 30 co.

493 1212 282 50 (29-25347)

408 1276 308 65 Hubbard,
746 1278 140 54 Mrs.
919 1274 309 56 Theodora
1268 1275 320 66 (Kimball)
1629 1277 173 55 1887-

483 1353 125 56 Our
632 1353 178 69 cities,
836 1354 203 69 to-day
1067 1354 112 52 and
1209 1359 332 47 to-morrow;
1601 1371 32 35 a
1662 1371 207 51 survey
1898 1352 65 54 of
1991 1353 285 69 planning
2305 1353 113 53 and

412 1432 211 69 zoning
658 1449 266 51 progress
960 1431 61 52 in
1060 1432 96 51 the
1192 1430 220 55 United
1453 1429 209 70 States,
1700 1431 76 69 by
1815 1431 302 52 Theodora
2157 1430 265 53 Kimball

411 1506 2010 71 Hubbard … and Henry Vincent Hubbard … Cambridge,
411 1587 276 52 Harvard
719 1585 322 69 university
1072 1604 176 50 press,
1282 1587 151 52 1929.

484 1667 137 49 xviii,
648 1666 87 42 389
762 1678 45 38 p.
865 1666 166 49 front.,
1062 1668 173 47 plates,
1264 1677 153 38 maps,
1446 1667 181 48 diagrs.
1687 1667 58 40 25½ᶜᵐ.

488 1724 129 40 “The
653 1724 114 40 field
804 1723 148 48 study
986 1724 99 40 and
1121 1722 314 49 compilation
1473 1722 52 41 of
1563 1723 182 41 results
1782 1733 63 30 on
1882 1722 161 41 which
2080 1722 101 41 this
2220 1723 123 40 book
2381 1723 43 40 is

417 1780 149 41 based
604 1789 127 31 were
770 1780 142 39 made
951 1778 212 50 possible
1201 1779 62 49 by
1303 1789 27 30 a
1371 1781 146 46 grant
1554 1778 131 41 from
1724 1779 85 40 the
1848 1778 177 41 Milton
2065 1778 125 41 fund
2231 1778 81 41 for
416 1789 1988 95 research,

633 1836 233 40 Harvard
898 1834 288 49 university,
1219 1834 307 42 1928-1929.”

420 1890 52 52 ©
500 1893 103 41 Oct.
627 1893 71 47 30,
725 1892 118 41 1929;
895 1893 68 40 2c.
989 1893 121 40 Nov.
1136 1893 55 39 12;
1249 1892 82 41 aff.
1358 1892 119 41 Nov.
1503 1893 30 38 4;
1586 1892 42 39 A
1655 1891 145 41 14795;
1858 1893 169 47 Henry
2056 1892 209 40 Vincent
486 1891 1917 106 Hubbard,

655 1949 302 49 Cambridge,
990 1949 149 40 Mass.
1210 1948 282 50 (29-25174)

481 2017 123 52 The
635 2014 138 64 jade
807 2016 329 67 mountain;
1175 2036 31 33 a
1242 2014 243 56 Chinese
1518 2016 334 69 anthology,
1884 2016 173 69 being
2089 2015 160 53 three
414 2015 1986 130 hundred

584 2109 194 50 poems
806 2090 66 54 of
898 2092 98 53 the
1025 2090 186 71 T’ang
1238 2092 266 68 dynasty,
1536 2094 260 65 618-906,
1824 2091 318 53 translated
2171 2091 76 68 by
414 2089 1988 134 Witter

542 2169 236 70 Bynner
820 2168 155 53 from
1015 2168 96 54 the
1152 2175 149 48 texts
1341 2169 67 53 of
1445 2169 202 70 Kiang
1687 2168 298 71 Kang-hu.
2063 2168 140 55 New
2247 2167 179 68 York,

413 2247 73 53 A.
516 2247 72 53 A.
619 2246 227 69 Knopf,
878 2249 153 51 1929.

483 2330 807 50 xxxvii, 279, [1] p. front. 21½ ᶜᵐ.
486 2386 317 41 Translation
841 2386 53 41 of
934 2385 181 50 “T’ang
1151 2386 112 41 shih
1301 2396 89 30 san
1429 2386 82 49 pai
1551 2386 166 49 shou”,
1757 2397 64 30 an
1860 2396 301 39 anonymous
418 2385 1991 98 compilation

548 2443 52 40 of
626 2443 86 41 311
741 2452 178 39 poems,
948 2443 259 48 published
1234 2442 50 40 in
1313 2443 82 40 the
1424 2442 114 41 18th
1567 2445 219 46 century.

490 2499 147 40 “This
668 2500 124 40 book
821 2499 44 40 is
896 2500 81 40 the
1011 2501 156 39 result
1196 2498 53 41 of
1279 2509 28 30 a
1340 2500 178 40 decade
1549 2499 53 40 of
1631 2499 193 41 intense
1854 2500 173 40 labour
2057 2499 178 49 during
2265 2499 162 41 which

417 2554 2010 51 Mr. Bynner, in collaboration with … Dr. Kiang Kanghu, revised and
416 2611 195 41 studied
639 2612 97 40 and
763 2612 221 47 polished
1013 2613 137 39 these
1177 2612 86 40 311
1292 2611 329 50 poems.”—[1]
1650 2623 45 38 p.
1724 2618 52 35 at
1804 2614 107 40 end.

424 2664 52 52 ©
511 2668 103 41 Oct.
647 2668 70 48 11,
749 2668 142 47 1929;
926 2670 70 40 2c.
1031 2668 103 42 Oct.
1168 2669 82 47 16;
1288 2668 83 42 aff.
1405 2668 103 42 Oct.
1542 2669 82 47 14;
1662 2670 42 39 A
1736 2670 171 48 14827;
1943 2670 174 41 Alfred
2150 2670 56 40 A.
2241 2669 181 49 Knopf,

491 2724 92 41 inc.
646 2724 283 50 (29-25006)

416 2789 362 66 Januschke,
807 2790 262 57 Eduard.

487 2869 111 54 Die
625 2869 364 54 tuberkulose
1020 2871 97 53 des
1147 2871 210 69 rindes,
1387 2871 124 53 ihre
1539 2870 400 71 bekämpfung
1967 2888 131 36 vom
418 2871 1984 130 landwirtschaftlichen

871 2949 118 52 und
1065 2965 131 35 vom
1269 2947 698 70 volksgesundheitlichen
2066 2948 364 69 standpunkte

420 3025 170 54 sowie
646 3026 124 53 ihre
825 3025 373 69 gerichtliche
1251 3026 333 69 bewertung
1637 3026 85 55 als
1776 3026 463 70 gewährmangel;
2327 3026 100 54 für

420 3102 508 54 veterinärbeamte
959 3105 120 52 und
1113 3102 460 69 praktizierende
1604 3103 287 71 tierärzte,
1923 3106 157 52 ärzte
2112 3105 119 54 und
423 3104 1980 147 landwirte,

636 3180 1792 71 von dr. med. vet. E. Januschke … mit 63 abbildungen
422 3260 80 53 im
557 3264 123 49 text
735 3261 119 52 und
910 3263 36 49 4
1002 3259 270 70 farbigen
1327 3259 203 54 tafeln.
1606 3259 219 71 Berlin,
1878 3260 188 68 Wien,
2122 3259 204 56 Urban
2382 3263 47 51 &

425 3336 498 70 Schwarzenberg,
953 3339 152 51 1928.

491 3417 1111 49 xii, 340 p. illus., IV col. pl., diagrs. 26 ᶜᵐ.
494 3473 416 48 Bibliographical
942 3473 280 41 foot-notes.

496 3531 180 39 Errata
704 3530 95 47 slip
823 3530 232 40 mounted
1083 3541 60 29 on
1171 3531 131 47 plate
1330 3530 42 42 1.

430 3581 1982 110 © June 19, 1928; 1c. Aug. 14, 1929; A—Foreign 4232; Urban & Schwarzenberg. (29-25630)
425 3706 286 66 Johnson,
742 3707 189 53 Marie
960 3708 90 56 W.

496 3784 177 68 Plays
717 3786 113 52 and
875 3790 279 64 pageants
1199 3785 95 53 for
1338 3787 96 51 the
1478 3788 213 52 church
1734 3787 210 68 school,
1988 3788 282 68 compiled
2315 3790 114 52 and

426 3862 191 53 edited
647 3862 35 53 by
752 3862 184 53 Marie
963 3864 91 54 W.
1086 3863 276 55 Johnson.
1440 3866 236 66 Boston,
1705 3865 121 52 The
1858 3867 226 51 Beacon
2116 3884 175 51 press,
2321 3866 107 52 inc.

431 3942 192 65 [ᶜ1929]
