2542 4389
1019 4018 134 50 1631

135 434 1873 71 The law of wills in North Carolina, by P. H. Vartanian …
68 515 478 67 Charlottesville,
574 516 125 65 Va.,
729 515 122 52 The
879 513 214 53 Michie
1123 531 298 50 company,
1454 515 150 51 1929.

134 596 116 46 xvii,
277 595 88 41 492
393 608 42 37 p.
604 628 9 9 23ᶜᵐ.

73 650 1611 52 © Oct. 23, 1929; 2c. and aff. Oct. 25; A 14376; Michie co.
149 709 280 49 (29-22447)

67 788 171 54 Vidal
274 788 70 53 de
378 789 88 52 La
497 788 237 65 Blache,
767 789 146 52 Paul
947 788 188 53 Marie
1169 787 241 65 Joseph,
1448 793 327 58 1845-1918,
1813 789 85 52 ed.

137 866 1936 71 G é ographie universelle, pub. sous la direction de P. Vidal
72 946 69 52 de
176 945 82 52 La
298 945 217 52 Blache
547 949 52 47 et
635 944 64 52 L.
738 944 239 54 Gallois.
1052 950 39 47 t.
1130 948 47 49 9.
1215 944 141 53 Asie
1392 944 97 53 des
1524 961 312 51 moussons,
1873 962 107 49 par
2016 944 58 54 J.

66 1022 2006 69 Sion … Deuxième partie. Inde — Indochine — Insulinde.
67 1102 185 69 Paris,
277 1102 71 54 A.
379 1101 185 70 Colin,
594 1105 151 50 1929.

142 1181 1489 51 2 p. l., [273]-548 p. illus., plates, maps, diagrs. 29ᶜᵐ.
143 1237 422 50 “Bibliographie”
602 1241 52 37 at
690 1240 93 39 end
819 1239 53 39 of
907 1238 243 48 chapters.

76 1291 1999 53 © Apr. 30, 1929; 1c. July 19; A—Foreign 4114; Max Leclerc & cie.,
141 1351 157 42 Paris.

73 1431 257 64 Walker,
359 1431 210 54 Albert
598 1432 225 63 Henry,
854 1437 327 50 1844-1915.

145 1511 55 52 A
236 1511 232 54 treatise
504 1529 71 35 on
611 1512 97 52 the
742 1514 111 50 law
889 1512 65 52 of
989 1516 230 64 patents
1256 1512 95 52 for
1386 1511 342 70 inventions,
1762 1513 75 69 by
1876 1511 207 54 Albert

76 1589 1943 70 H. Walker … 6th ed., rev. and enl. by John L. Lotsch …
76 1668 139 53 New
243 1667 180 68 York,
453 1667 207 67 Baker,
686 1667 250 54 Voorhis
964 1669 112 53 and
1106 1687 300 51 company,
1435 1672 152 50 1929.

139 1749 28 39 2
234 1780 9 10 v.
302 1748 118 41 26ᶜᵐ.

140 1805 162 47 Paged
335 1803 355 49 continuously.

142 1860 133 40 First
302 1860 184 40 edition
513 1860 256 48 published
796 1859 114 42 1883
937 1862 156 39 under
1118 1861 136 40 title:
1284 1862 269 40 Text-book
1579 1862 52 40 of
1656 1863 83 39 the
1764 1864 169 46 patent
1960 1865 122 38 laws

72 1917 51 40 of
149 1917 83 40 the
259 1916 179 41 United
468 1917 162 40 States
658 1917 53 40 of
737 1916 239 42 America.

142 1973 178 40 “Table
349 1973 53 40 of
429 1973 188 41 federal
647 1972 247 49 reports”:
926 1984 42 29 v.
998 1974 39 43 1,
1068 1984 44 38 p.
1140 1973 335 43 xxxi-xxxiv;
1507 1986 43 30 v.
1580 1976 40 43 2,
1649 1985 43 38 p.
1722 1975 164 42 v-viii.

78 2025 51 52 ©
163 2030 129 48 Sept.
323 2029 39 48 3,
395 2029 114 40 1929;
569 2030 68 40 2c.
670 2031 119 39 each
824 2030 128 48 Sept.
984 2029 83 48 11;
1100 2029 42 40 A
1173 2030 172 47 12253;
1381 2031 176 48 Baker,
1590 2031 208 41 Voorhis
1831 2032 37 40 &
1899 2044 68 29 co.

157 2085 281 49 (29-20713)

70 2165 218 65 White,
317 2166 269 54 Leonard
616 2168 221 63 Dupee,
871 2173 172 50 1891-

145 2247 121 52 The
308 2246 251 69 prestige
600 2248 166 52 value
807 2247 65 53 of
914 2248 194 68 public
1150 2249 388 67 employment
1579 2249 58 53 in
1683 2249 282 70 Chicago;
2010 2270 74 35 an

72 2324 412 68 experimental
531 2325 171 69 study
745 2326 35 52 by
865 2326 265 54 Leonard
1175 2326 201 68 Dupee
1418 2327 214 70 White,
1674 2344 99 36 ph.
1819 2347 48 33 d.
72 2328 1983 143 Chicago,

262 2402 1443 71 Ill., The University of Chicago press [ ᶜ1 929 ]
146 2482 99 49 xix,
277 2483 85 41 183
391 2494 43 37 p.
465 2483 110 41 incl.
606 2484 24 38 1
662 2483 145 49 illus.,
839 2484 170 48 tables,
1041 2485 181 48 diagrs.
1390 2518 8 8 21ᶜᵐ.
1469 2485 300 50 (Half-title:
1804 2487 157 41 Social
78 2487 1983 92 science

227 2539 202 48 studies,
465 2540 215 40 directed
718 2541 61 47 by
816 2541 82 40 the
934 2541 145 40 Local
1118 2542 299 48 community
1454 2543 227 41 research
1718 2544 276 41 committee
2032 2545 52 40 of

77 2595 82 39 the
191 2595 284 48 University
507 2596 52 41 of
594 2596 224 49 Chicago,
853 2607 74 31 no.
1060 2597 13 48 XIV)

81 2647 2000 58 © Aug. 17, 1929; 2c. and aff. Oct. 18; A 15103; University of Chicago,
152 2708 223 49 Chicago.
444 2709 281 48 (29-22438)

75 2787 348 67 Whiteside,
454 2789 193 65 Abby.

146 2868 121 53 The
314 2869 261 67 pianist’s
620 2870 377 65 mechanism;
1048 2891 28 33 a
1124 2872 172 68 guide
1342 2880 58 46 to
1445 2874 96 52 the
1586 2873 340 68 production
1974 2873 114 54 and

75 2947 396 52 transmission
507 2947 63 54 of
600 2966 192 50 power
824 2949 59 52 in
917 2949 259 69 playing,
1208 2951 75 69 by
1315 2950 171 70 Abby
1520 2952 345 65 Whiteside;
77 2954 1987 138 drawings

78 3025 1984 146 by Martha Eaton. New York, G. Schirmer (incorporated) r ᶜ1 929]
149 3181 101 49 viii,
279 3183 56 40 57
362 3193 42 38 p.
466 3186 157 45 plates
651 3182 48 49 (1
728 3185 144 47 fold.)
911 3186 155 48 diagr.
1126 3187 148 41 22½ᶜᵐ.

85 3234 1888 61 © Oct. 8, 1929; 2c. Oct. 12: aff. Oct. 11; A 12961: G. Schirmer, inc.
160 3295 280 51 (29-22091)

76 3360 289 65 Whiting,
396 3362 253 54 Edward
680 3363 220 65 Elwell,
932 3367 172 53 1875-

151 3432 309 78 Changing
517 3440 138 53 New
714 3443 273 66 England
1052 3444 90 68 [by]
1224 3445 255 52 Edward
1538 3446 206 53 Elwell
1800 3448 286 71 Whiting.

81 3516 1433 74 New York, London, The Century co. [ ᶜ1 929]
184 3599 1334 52 x p., 2 1., 3-275 p. front., plates. 20ᶜᵐ. $2.50
88 3650 1686 62 © Oct. 11, 1929; 2c. and aff. Oct. 16; A 15094; Century co.
162 3710 281 52 (29-22115)

81 3777 186 65 Wick,
296 3776 168 58 Jean.

151 3853 1936 73 The love quest, by Jean Wick … New York, A. L. Burt
79 3937 511 65 company [ ᶜ1 929]
