2542 4361
1126 4025 99 47 593

152 361 243 63 Adams,
431 359 277 56 Herbert.

221 436 267 56 Caroline
533 436 324 70 Ormesby’s
901 437 189 67 crime,
1130 436 76 70 by
1250 435 247 53 Herbert
1541 435 236 53 Adams.
150 435 1969 148 Philadelphia

320 517 45 49 &
395 514 260 66 London,
687 515 56 52 J.
780 516 65 50 B.
879 514 339 68 Lippincott
1253 532 298 49 company,
1589 516 150 48 1929.

218 594 337 50 301 p. 20 ᶜᵐ .
152 664 51 52 ©
232 668 110 40 Jan.
369 667 25 40 31,
466 666 139 47 1929;
635 667 68 40 2c.
729 667 97 39 and
854 666 82 40 aff.
964 666 113 48 Apr.
1105 666 56 41 27;
1216 665 42 40 A
1284 665 142 47 6814;
1456 665 45 40 J.
1528 666 55 40 B.
1612 664 276 49 Lippincott
1917 677 67 28 co.

230 722 251 49 (29-9933)

151 831 310 62 Andrews,
492 830 291 53 Matthew
813 831 178 64 Page,
1024 832 170 54 1879-

216 910 206 54 History
491 910 63 53 of
581 910 312 69 Maryland:
953 911 269 68 province
1252 912 112 52 and
1394 917 161 61 state,
1583 910 75 69 by
1688 911 278 53 Matthew
1995 913 157 68 Page

148 989 297 52 Andrews.
538 987 232 55 Garden
817 988 153 69 City,
1015 989 69 53 N.
1132 989 90 69 Y.,
1267 989 358 71 Doubleday,
1668 990 198 51 Doran
1911 991 50 50 &
2007 1008 120 35 com
147 1085 172 51 pany,

346 1068 126 66 inc.,
502 1068 148 51 1929.

217 1149 28 39 4
273 1159 42 37 p.
381 1179 8 16 l.,
419 1147 131 40 vii-x
580 1158 57 37 p.,
668 1148 27 39 3
745 1178 23 17 l.,
798 1148 84 40 721
914 1157 41 38 p.
1031 1147 163 48 front.,
1229 1149 162 47 ports.,
1422 1158 138 38 maps
1589 1147 134 49 (part
1753 1148 144 47 fold.)
1935 1147 218 42 facsims.

148 1205 115 41 25 ᶜᵐ .
221 1276 147 40 “This
403 1275 183 41 edition
623 1275 42 40 is
699 1274 191 41 limited
927 1278 50 38 to
1014 1277 96 38 two
1145 1275 222 40 hundred
1404 1275 95 40 and
1536 1274 331 48 seventy-nine
1904 1275 161 48 copies
2104 1276 51 39 of

150 1333 157 41 which
335 1333 99 41 this
461 1333 42 40 is
530 1343 73 30 no.
630 1332 98 41 67.”
793 1332 176 47 Signed
997 1333 61 46 by
1086 1333 83 40 the
1196 1333 192 40 author.

155 1400 51 52 ©
236 1405 113 48 Apr.
378 1404 68 47 19,
475 1403 114 40 1929;
646 1404 68 39 2c.
742 1403 96 40 and
866 1402 83 41 aff.
978 1403 114 48 Apr.
1121 1403 83 46 24;
1235 1403 40 39 A
1303 1402 142 47 6760;
1478 1402 297 49 Doubleday,
1807 1404 167 40 Doran
2003 1404 37 39 &
2070 1415 80 35 co.,

221 1460 90 42 inc.
380 1459 281 50 (29-10034)

154 1567 214 64 Baker,
398 1569 140 53 Mrs.
567 1567 176 53 Aleta
774 1566 278 64 Blanche,
1087 1572 172 50 1880-

220 1648 122 51 The
383 1647 285 52 luminous
711 1647 256 52 doctrine
1011 1646 64 52 of
1119 1648 93 51 the
1253 1646 269 68 spiritual
1568 1648 160 52 heart
1774 1648 182 53 which
2002 1650 154 52 leads

152 1744 131 34 man
328 1729 57 48 to
431 1726 95 52 the
571 1723 231 54 radiant
845 1723 156 54 mind
1050 1722 64 54 of
1158 1723 124 55 God
1334 1725 93 52 the
1474 1725 231 63 Father,
1752 1725 73 70 by
1871 1725 167 53 Aleta
2089 1728 65 50 B.

152 1803 992 69 Baker … Boston, Mass., 1929.
221 1883 654 50 viii, 107 p. illus. 21 ᶜᵐ .
157 1952 51 52 ©
242 1957 120 38 Mar.
394 1956 40 47 5,
494 1955 111 46 1929;
638 1955 68 40 2c.
737 1955 122 39 Mar.
891 1954 58 39 16;
1007 1953 83 41 aff.
1122 1955 122 38 Mar.
1276 1954 54 39 15;
1392 1954 40 39 A
1463 1954 141 45 5912;
1636 1954 55 41 A.
1724 1956 53 38 B.
1812 1956 173 42 Baker,
225 1956 1909 96 Newton

339 2011 288 48 Highlands,
660 2011 146 39 Mass.
876 2009 229 49 (29-10041
1145 2011 14 47 )

157 2121 212 63 Barry,
398 2117 335 65 Frederick,
765 2121 84 52 ed.

233 2197 438 67 [Introduction,
716 2197 74 68 by
839 2197 311 52 Frederick
1197 2198 206 68 Barry,
1453 2197 54 52 in
1558 2197 93 53 the
1700 2197 145 53 book
1893 2198 236 53 entitled]

159 2274 1975 148 Essays, by Thomas H. Huxley … New York, Macmillan company,
363 2356 149 50 1929.

227 2436 98 48 xix,
357 2436 88 40 330
475 2447 41 37 p.
549 2435 110 41 incl.
689 2435 151 39 front.
900 2435 147 39 18½ᶜᵐ.
1116 2434 125 48 (The
1272 2435 199 39 modern
1505 2433 209 41 readers’
1748 2434 176 49 series)

160 2502 51 52 ©
242 2506 113 48 Apr.
384 2506 68 47 16,
482 2505 139 46 1929;
652 2506 66 39 2c.
749 2507 96 39 and
875 2504 81 40 aff.
986 2505 114 47 Apr.
1131 2505 55 39 17;
1242 2504 43 40 A
1313 2505 141 46 7480;
1486 2505 283 40 Macmillan
1798 2516 68 30 co.

160 2615 142 65 Bell,
330 2615 266 52 Bernard
626 2613 263 65 Iddings,
920 2619 171 49 1886-

230 2695 235 69 Beyond
503 2693 395 70 agnosticism;
938 2713 28 33 a
1007 2691 149 55 book
1195 2693 92 53 for
1324 2692 148 55 tired
1509 2694 360 69 mechanists,
1908 2698 74 68 by
157 2700 1980 126 Bernard

350 2771 1810 72 Iddings Bell … New York and London, Harper &
155 2851 278 69 brothers,
466 2853 149 50 1929.

230 2929 806 51 viii p., 1 l., 170 p., 1 l. 19½ᶜᵐ.
165 3000 51 52 ©
245 3004 112 47 Apr.
385 3004 67 43 17,
479 3003 140 46 1929;
646 3002 68 40 2c.
741 3001 115 48 Apr.
881 3001 55 40 17;
992 3000 83 41 aff.
1101 3002 116 46 Apr.
1242 3000 81 46 19;
1353 3000 40 39 A
1421 3001 111 39 7561;
1592 3002 193 48 Harper
1812 3004 35 39 &
1875 3004 125 41 bros.

241 3058 282 49 (29-10040)

163 3168 221 62 Bevan,
414 3165 221 55 Wilson
669 3165 203 63 Lloyd,
905 3170 172 49 1866-
1290 3167 84 51 ed.

231 3246 245 69 History
531 3246 62 51 of
647 3245 317 67 Delaware,
1018 3250 127 62 past
1204 3245 113 52 and
1374 3251 254 62 present;
1685 3246 201 70 editor,
1941 3251 218 53 Wilson

162 3322 2003 72 Lloyd Bevan … associate editor, E. Melvin Williams … New
165 3403 178 69 York,
379 3403 182 53 Lewis
599 3401 294 53 historical
934 3399 335 70 publishing
1306 3418 298 55 company,
1642 3402 125 70 inc.,
1807 3408 149 52 1929.

233 3486 25 37 4
330 3516 8 9 v.
397 3484 190 46 fronts.,
625 3483 171 48 plates,
835 3483 164 47 ports.,
1038 3492 125 37 map,
1200 3480 217 43 facsims.
1476 3482 147 42 27½ᶜᵐ.

234 3556 128 40 Vols.
390 3555 25 40 3-4
504 3553 197 41 contain
727 3552 334 49 biographical
1091 3551 242 41 material.

170 3623 51 52 ©
251 3628 115 47 Apr.
394 3627 40 47 2,
465 3625 140 47 1929;
635 3626 68 39 2c.
733 3623 118 41 each
879 3624 115 47 Apr.
1021 3624 84 45 24;
1138 3622 83 42 aff.
1248 3623 116 48 Apr.
1393 3624 28 39 4;
1479 3624 41 39 A
1549 3625 140 47 6785;
1723 3627 157 42 Lewis
1909 3629 255 43 historical

237 3684 110 47 pub.
378 3693 82 37 co.,
493 3682 90 40 inc.
654 3679 281 50 (29-10032)

169 3790 231 64 Bissell,
432 3791 211 50 Emma
675 3787 223 64 Magin.

243 3870 169 53 Lines
461 3869 112 52 and
621 3867 244 67 rhymes,
913 3866 74 68 by
1037 3866 203 52 Emma
1292 3865 202 69 Magin
1545 3868 222 59 Bissell,
1842 3874 325 68 Rochester,

171 3948 69 53 N.
279 3947 90 65 Y.,
407 3949 149 50 1929.
