2533 4342
0 0 0 0 1674
414 412 277 41 “Treaties”
711 423 9 29 :
753 423 43 38 p.
828 412 69 41 96.
960 413 178 39 “Table
1167 411 51 41 of
1248 410 164 42 cases”
1432 422 10 29 :
1474 422 45 37 p.
1548 409 190 43 98-102.

351 478 52 52 ©
440 482 128 49 Sept.
602 484 69 47 11,
705 483 142 47 1929;
882 483 68 42 2c.
986 483 129 48 Sept.
1149 483 84 46 28;
1270 481 83 41 aff.
1390 481 128 49 Sept.
1552 482 83 47 27;
1673 482 44 39 A
1747 482 172 48 12618;
1957 483 56 40 R.
2049 482 54 40 A.
2138 483 210 47 Barney,

416 539 292 48 Pawhuska,
742 539 105 42 Okl.
918 538 282 50 (29-21503)

344 647 282 65 Bartlett,
654 646 195 66 Philip
878 647 73 56 A.

343 723 1985 130 … The Lakeport bank mystery, by Philip A. Bartlett, illustrated
561 801 77 68 by
667 801 157 53 John
854 801 80 52 M.
967 801 220 53 Foster.
1255 801 140 51 New
1426 800 180 70 York,
1638 802 71 52 N.
1742 801 73 52 Y.;
1877 800 265 68 Newark,
2173 800 71 53 N.
2276 801 78 68 J.,

344 879 588 67 Barse & co. [ ᶜ1 929]
413 960 1872 50 iv p., 1 l., 7-246 p. front., plates. 20 ᶜᵐ . (His Roy Stover stories)
351 1028 52 52 ©
435 1031 102 41 Oct.
566 1031 69 48 16,
665 1031 117 41 1929;
836 1032 68 40 2c.
934 1032 98 39 and
1061 1031 83 40 aff.
1175 1030 102 42 Oct.
1307 1031 81 47 18;
1422 1031 42 39 A
1492 1031 172 47 14220;
1697 1032 154 40 Barse
1881 1031 37 41 &
1947 1042 68 30 co.

430 1088 281 49 (29-21549)

346 1195 1984 132 … The mystery of the snowbound express, by Philip A. Bartlett
555 1273 1799 70 … illustrated by John M. Foster. New York, N. Y.,
345 1351 263 68 Newark,
637 1351 69 52 N.
736 1351 75 68 J.,
841 1351 181 53 Barse
1049 1353 46 51 &
1123 1370 78 34 co.
1279 1354 151 64 [ᶜ1929]

413 1433 1541 50 243 p. front., plates. 20 ᶜᵐ . (His Roy Stover stories)
353 1501 52 52 ©
436 1505 100 41 Oct.
566 1505 69 48 16,
664 1504 115 41 1929;
837 1504 67 41 2c.
935 1506 97 39 and
1061 1505 84 40 aff.
1177 1504 102 41 Oct.
1310 1505 57 40 18;
1424 1505 42 38 A
1493 1504 144 41 14219;
1698 1506 155 39 Barse
1883 1506 38 40 &
1947 1515 69 32 co.

429 1560 280 50 (29-21548)

349 1655 200 64 Black,
578 1655 253 53 Newton
861 1656 226 63 Henry,
1120 1656 171 54 1874-

419 1735 139 52 New
590 1735 332 69 laboratory
953 1736 382 67 experiments
1368 1737 60 51 in
1461 1735 279 69 practical
1772 1735 247 70 physics,
2049 1741 59 48 to
352 1753 1980 129 accompany

534 1813 183 53 Black
745 1815 114 52 and
887 1814 200 53 Davis’
1117 1812 174 53 “New
1318 1814 277 67 practical
1624 1813 293 69 physics”;
1948 1816 77 68 by
2050 1814 70 55 N.
2151 1814 207 66 Henry

351 1891 1789 70 Black … New York, The Macmillan company, 1929.
414 1971 1596 50 viii p., 1 l., 168 p., 3 1. incl. illus., tables, diagrs. 27½ ᶜᵐ .
352 2036 52 53 ©
431 2041 102 41 Oct.
558 2042 39 47 1,
623 2042 115 40 1929;
792 2042 68 41 2c.
887 2042 103 41 Oct.
1016 2042 26 39 2;
1097 2042 82 42 aff.
1206 2042 103 41 Oct.
1335 2042 58 41 19;
1445 2042 43 39 A
1512 2042 149 41 12716;
1713 2043 283 40 Macmillan
2022 2054 68 30 co.
2150 2038 68 55 [©
2243 2054 111 30 new

419 2099 96 39 and
546 2098 189 41 revised
764 2098 246 50 material]
1082 2098 281 50 (29-21410)

345 2191 179 64 Blair,
553 2191 256 54 William
836 2192 169 65 Reid,
1040 2194 171 54 1875-

416 2269 74 52 In
521 2270 95 52 the
650 2271 139 65 Zoo;
825 2270 396 70 representing
1254 2276 411 63 twenty-seven
1697 2290 164 51 years
1896 2271 65 53 of
1992 2270 364 56 observation

349 2348 112 52 and
499 2348 173 68 study
709 2348 64 52 of
808 2349 98 52 the
946 2348 242 54 animals
1227 2349 57 52 in
1326 2350 96 51 the
1459 2350 140 53 New
1638 2349 166 54 York
1839 2349 312 70 zoological
2190 2349 166 69 park,

346 2425 1983 148 by W. Reid Blair … foreword by Madison Grant … photographically
746 2504 1609 71 illustrated by Elwin R. Sanborn … New York,
345 2582 259 69 London,
633 2583 63 55 C.
725 2582 315 56 Scribner’s
1066 2602 146 46 sons,
1241 2587 151 51 1929.

416 2663 1062 51 xii p., 1 l., 195 p. front., plates. 21 ᶜᵐ .
352 2730 52 53 ©
436 2734 102 43 Oct.
568 2736 40 46 4,
640 2735 117 41 1929;
813 2737 68 41 2c.
913 2738 97 39 and
1041 2737 83 41 aff.
1156 2736 103 42 Oct.
1290 2736 55 40 11;
1407 2737 42 39 A
1478 2736 144 41 14153;
1686 2736 202 42 Charles
1923 2734 266 44 Scribner’s
2222 2745 127 31 sons.

429 2791 281 50 (29-21581)

343 2884 331 65 Bordeaux,
706 2886 225 65 Henry,
966 2889 171 53 1870-

421 2963 166 56 Saint
623 2965 243 55 Francis
900 2967 67 53 de
1009 2966 187 65 Sales;
1236 2967 329 68 theologian
1600 2966 67 54 of
1700 2969 143 66 love,
1876 2968 77 68 by
1986 2965 188 53 Henri
348 2966 1983 128 Bordeaux

638 3041 1718 73 … translated by Sister Benita. London, New York
370 3123 119 63 [etc.]
523 3120 346 70 Longmans,
899 3120 188 56 Green
1116 3123 113 52 and
1257 3141 99 49 co.,
1387 3123 150 52 1929.

414 3198 1073 52 xvi p., 1 l., 282 p. front. (port.) 21 ᶜᵐ .
417 3267 230 43 “Printed
678 3270 51 40 in
758 3272 82 40 the
870 3272 181 41 United
1083 3271 208 43 States.”

352 3335 52 52 ©
435 3339 128 49 Sept.
589 3342 69 47 18,
686 3341 140 49 1929;
854 3343 67 41 2c.
952 3343 129 49 Sept.
1107 3344 83 48 24;
1221 3343 83 41 aff.
1335 3344 127 47 Sept.
1489 3343 84 48 25;
1605 3344 40 39 A
1673 3343 144 41 13582;
1874 3344 289 48 Longmans.
2193 3342 157 41 Green

420 3396 37 40 &
485 3407 67 31 co.
620 3398 281 49 (29-21487)

345 3488 304 66 Brantley,
678 3492 211 54 Rabun
919 3494 135 56 Lee.

417 3567 246 70 Georgia
702 3569 342 69 journalism
1080 3575 64 52 of
1179 3575 95 53 the
1311 3574 135 54 civil
1481 3594 118 34 war
1635 3575 220 68 period,
1889 3575 78 67 by
2000 3571 208 54 Rabun
2242 3571 114 53 Lee

345 3645 2012 76 Brantley, PH. D. Nashville, Tenn., George Peabody college for
344 3723 270 68 teachers,
646 3727 150 51 1929.

344 3804 2009 94 4 p. l., xi-xvi p., 1 l., 134 p. illus. (map) fold. facsims. 24 ᶜᵐ . (Half-title:
501 3859 368 43 Contributions
896 3864 49 39 to
972 3865 260 41 education
1258 3866 52 40 of
1339 3867 184 47 George
1549 3867 228 47 Peabody
1802 3866 181 48 college
2008 3864 80 40 for
2115 3865 236 47 teachers,

344 3925 72 34 no,
449 3915 80 51 58)
