2542 4389
1059 4008 134 55 1771

153 338 246 63 Brooke,
440 338 220 64 Gladys
695 338 209 54 Milton
951 338 293 66 (Palmer)
1286 342 185 65 dayan
1480 359 37 49 g
1549 340 176 53 muda
1758 342 64 67 of
1857 341 297 68 Sarawak,

216 419 170 49 1884-

216 492 295 52 Relations
542 495 43 48 &
617 492 461 67 complications;
1113 492 171 68 being
1317 492 94 51 the
1445 491 387 53 recollections
1866 490 64 54 of
1962 492 76 51 H.
2072 492 78 52 H.

146 570 93 51 the
278 569 249 68 Dayang
564 569 181 52 Muda
784 568 63 52 of
890 567 293 69 Sarawak,
1224 569 138 52 with
1406 587 30 33 a
1477 567 287 54 foreword
1801 569 77 69 by
1917 569 97 53 the
2054 569 95 53 Rt.

142 644 1982 148 Hon. T. P. O’Connor … and 38 illustrations from photographs. London, John Lane [1929]
217 804 1229 48 xviii p., 1 l., 253 p. front., plates, ports. 22½ ᶜᵐ.
149 859 1996 51 © 1c. Aus. 24. 1929; A ad int. 13064: pubd. June 26: G. P. Brooke,
217 920 193 46 dayang
441 920 141 38 muda
618 919 51 39 of
702 918 249 41 Sarawak.
985 919 156 39 Paris.
1212 917 282 49 (20-24864)

141 1012 246 64 Brooke,
418 1010 254 56 William
704 1011 338 64 Ellsworth,
1076 1013 169 53 1870-

211 1089 1937 70 Engineering mechanics, by William E. Brooke … and Hugh
142 1168 2006 68 B. Wilcox … Boston, New York [etc.] Ginn and company
145 1250 191 64 [ ᶜ19 29]
247 1327 1814 51 x, 320 p. diagrs. 24 ᶜᵐ. [Engineering series, ed. by A. A. Potter]
145 1382 1995 52 © Sept. 26, 1929; 2c. Oct. 14; Oct. 12: A 15012; W. E. Brooke and
210 1443 144 46 Hugh
394 1443 54 39 B.
485 1443 201 41 Wilcox.
724 1442 339 48 Minneapolis.
1141 1442 280 40 (20-21536)

131 1522 246 65 Brooks,
407 1522 225 54 Fowler
660 1523 145 56 Dell,
839 1529 172 49 1885-

206 1599 1875 71 The psychology of adolescence, by Fowler D. Brooks …
136 1677 1983 70 Boston, New York [etc.] Houghton Mifflin company [ ᶜ19 29]
206 1759 139 48 xxiii,
377 1759 85 41 652
495 1771 43 38 p.
570 1760 109 41 incl.
713 1760 143 48 illus.,
889 1761 172 48 tables,
1093 1760 182 48 diagrs.
1335 1759 57 41 19½ᶜᵐ.
1552 1759 302 49 (Half-title:
1888 1758 258 43 Riverside

137 1816 274 41 text-books
438 1816 48 40 in
513 1816 273 44 education,
813 1817 73 41 ed.
913 1817 60 47 by
1000 1817 53 41 E.
1082 1816 50 40 P.
1162 1815 296 49 Cubberley)

207 1873 249 41 “Selected
483 1873 303 41 references”
816 1876 52 38 at
896 1874 89 40 end
1017 1873 52 41 of
1096 1874 118 40 each
1241 1873 218 48 chapter.

141 1926 1980 108 © Oct. 3. 1929; 2c. Nov. 2; Oct. 5; A 14620; F. D . Brooks, Baltimore. (29-23704)
128 2069 233 63 Brown,
390 2068 170 54 Ancil
587 2069 64 54 T.

129 2144 1987 227 Energizing personality, by Ancil T. Brown: with an introduction by Meredith Nicholson. 1st ed. New York [etc.] McGraw-Hill book company, inc., 1929.
199 2383 738 50 xvi, 156 p. incl. forms. 21 ᶜᵐ.
200 2441 298 48 “Suggested
528 2440 230 49 reading”:
820 2452 43 37 p.
893 2440 218 41 153-156.

137 2494 2001 53 © Oct. 29, 1929; 2c. Oct. 31: Oct. 30: A 14518; McGraw-Hill book
204 2566 53 30 co.,
318 2555 91 41 inc.
478 2554 281 50 (29-23802)

132 2635 339 65 Browning,
501 2636 242 64 Robert,
777 2641 327 49 1812-1889.

206 2712 239 56 Shorter
476 2732 193 50 poems
701 2712 66 54 of
797 2713 217 53 Robert
1048 2713 336 69 Browning,
1419 2712 190 53 edited
1640 2711 77 69 by
1749 2711 284 53 Franklin
2069 2711 66 52 T.

134 2791 207 67 Baker,
373 2791 220 53 revised
623 2791 77 67 by
730 2791 77 52 H.
842 2792 72 51 Y.
948 2789 249 69 Moffett,
1229 2789 328 54 illustrated
1589 2789 76 69 by
1696 2789 201 68 Harry
133 2788 1975 134 Townsend.

355 2867 1418 69 [New York] The Macmillan company [ ᶜ19 29]
131 2947 1984 108 xxxiii, 364 p. incl. front., plates. 17 ᶜᵐ. (Half-title: New pocket classics)
200 3062 350 48 Bibliography:
613 3073 43 37 p.
690 3061 328 42 xxxi-xxxiii.

134 3111 1982 112 © Sept. 3. 1929; 2c. and Sept. 4: A 13197: Macmillan co.: [© revised introduction and new illustrations] (29-20426)
123 3255 320 63 Buranelli,
472 3256 273 62 Prosper,
775 3258 83 50 ed.

200 3334 122 52 The
363 3351 150 34 cross
554 3334 154 52 word
756 3335 196 51 puzzle
995 3333 163 53 book.
1240 3331 342 54 Thirteenth
1626 3331 185 53 series.
1892 3330 56 52 A
129 3330 1980 134 thirteenth

354 3411 313 69 anthology
700 3410 65 52 of
797 3410 273 68 fifty-five
1102 3429 123 34 new
1258 3429 151 33 cross
1443 3409 158 53 word
1634 3408 226 68 puzzles
1892 3407 236 53 selected

130 3507 60 33 as
213 3489 96 52 the
331 3488 123 53 best
479 3488 65 53 of
566 3489 95 52 the
687 3489 317 52 thousands
1029 3488 310 53 submitted
1367 3493 59 47 to
1452 3487 97 52 the
1574 3487 140 52 New
1741 3485 166 53 York
1934 3485 200 66 world,

130 3566 298 64 published
472 3565 131 54 here
645 3566 347 69 exclusively
1034 3565 95 53 for
1168 3565 96 53 the
1307 3564 125 53 first
1472 3564 156 58 time,
1669 3564 112 52 and
1825 3563 186 53 edited
2056 3562 77 68 by

128 3645 250 67 Prosper
413 3644 317 66 Buranelli,
767 3644 64 51 F.
872 3643 264 69 Gregory
1171 3641 352 67 Hartswick,
1559 3642 300 69 Margaret
1895 3640 235 53 Pether-

127 3722 218 67 bridge.
408 3721 140 53 New
575 3721 179 56 York,
783 3720 198 56 Simon
1010 3721 108 51 and
1154 3719 289 57 Schuster,
1469 3719 127 55 inc.,
1625 3722 149 50 1929.

195 3802 852 49 4 p. l., 7-134 p. diagrs. 20ᶜᵐ.
130 3855 1981 109 © Aug. 29. 1929; 2c. Aug. 30: Aug. 31: A 11983; Simon and Schuster, inc., The Plaza pub. co. (29-18213)
