2542 4389
1062 4007 132 49 1433

123 351 355 64 Alexander,
510 351 227 63 Carter,
770 355 170 51 1881-

192 430 384 54 Educational
608 430 285 65 research;
929 429 357 69 suggestions
1321 430 111 52 and
1464 447 224 35 sources
1719 427 63 53 of
1813 428 135 52 data
1981 426 138 52 with

123 504 1936 74 specific reference to administration, by Carter Alexander …
122 588 73 52 2d
226 588 103 67 ed.,
362 605 114 34 rev.
550 586 139 52 New
723 585 164 53 York
918 585 135 68 city,
1086 585 279 53 Teachers
1396 583 230 69 college,
1660 582 301 56 Columbia

122 581 1972 153 university,
384 667 150 50 1929.

219 745 343 47 v, 77 p. 23 ᶜᵐ .
187 797 1808 53 “[On] the 1927 edition … the author had the cooperation of his
115 799 1984 106 colleagues,
360 856 281 40 Professors
677 856 185 48 George
896 856 57 40 D.
992 855 214 48 Strayer,
1241 857 57 39 N.
1334 856 50 39 L.
1421 856 315 47 Engelhardt,
1771 854 98 40 and
1904 855 122 40 Paul
2064 856 56 40 R.

116 911 2003 49 Mort … This edition brings the entries to May 10, 1929.”—Foreword
116 972 48 38 to
191 970 62 40 2d
281 970 87 47 ed.,
399 979 95 30 rev.

186 1026 226 40 Includes
447 1025 264 39 standards
744 1025 80 39 for
858 1035 27 28 a
920 1023 320 41 dissertation
1274 1024 50 39 in
1358 1025 83 39 the
1472 1024 111 40 field
1619 1024 51 40 of
1704 1023 311 41 educational
115 1035 1988 87 research.
359 1080 61 48 cf.
451 1081 260 40 Foreword
742 1083 47 37 to
819 1081 75 40 1st
923 1081 72 39 ed.

188 1137 418 48 “Bibliographies
654 1138 96 38 and
798 1138 138 38 notes
985 1147 60 29 on
1092 1135 275 41 individual
1416 1136 157 47 items,
1622 1136 380 48 alphabetically
116 1147 1988 95 arranged”:
386 1203 43 38 p.
458 1193 157 41 18-77.

124 1246 51 53 ©
207 1251 116 47 July
355 1251 69 47 11,
456 1250 139 41 1929:
629 1251 67 40 2c.
731 1251 127 47 Sept.
890 1250 25 39 5:
977 1249 83 41 aff.
1095 1250 128 47 Sept.
1255 1250 56 40 10:
1371 1250 41 39 A
1444 1250 144 40 13273;
1649 1250 245 40 Teachers
1925 1251 193 47 college,

192 1307 251 40 Columbia
470 1306 129 41 univ.
664 1305 280 47 (29-19081)

116 1401 2009 70 American law reports, annotated … v. 61. Rochester, N. Y.,
187 1482 120 52 The
343 1482 268 67 Lawyers
646 1479 383 69 co-operative
1064 1480 336 68 publishing
1436 1499 309 51 company;
1782 1481 343 67 Northport,

188 1561 62 51 L.
290 1559 67 62 I.,
394 1562 68 51 N.
504 1559 89 68 Y.,
631 1559 253 52 Edward
924 1558 329 67 Thompson
1292 1577 309 49 company;
1645 1559 118 54 San
1800 1560 325 68 Francisco,

193 1634 194 57 Calif.,
422 1633 588 69 Bancroft-Whitney
1043 1652 299 51 company,
1379 1637 149 51 1929.

189 1716 522 49 viii, 1598 p. 25½ ᶜᵐ .
123 1769 53 53 ©
213 1774 128 47 Sept.
375 1774 70 47 27,
480 1772 140 48 1929;
658 1773 67 40 2c.
762 1774 96 38 and
894 1772 82 41 aff.
1014 1772 102 41 Oct.
1152 1773 54 46 2;
1244 1773 43 39 A
1321 1773 169 41 13818:
1530 1773 229 47 Lawyers
1796 1775 324 47 co-operative

190 1831 109 47 pub.
330 1842 80 34 co.,
442 1830 211 40 Edward
682 1829 275 48 Thompson
988 1839 68 31 co.
1087 1830 96 39 and
1213 1830 490 48 Bancroft-Whitney
1734 1841 67 30 co.

121 1909 354 65 Auslander,
504 1909 238 65 Joseph,
775 1910 172 54 1897-

184 1987 138 52 Hell
348 1987 59 52 in
434 1987 251 67 harness,
712 1987 75 69 by
813 1987 214 68 Joseph
1058 1987 355 66 Auslander;
1446 1988 326 54 illustrated
1800 1989 76 71 by
1905 1990 218 54 Ervine

114 2066 193 52 Metzl.
375 2064 231 55 Garden
640 2064 153 70 City,
825 2065 70 52 N.
929 2065 91 68 Y.,
1052 2065 144 53 Pub.
1231 2065 95 53 for
1357 2066 95 53 the
1486 2065 191 55 Crime
1708 2067 147 68 club,
1889 2068 127 69 inc.,
2047 2069 76 70 by

115 2142 357 69 Doubleday,
499 2143 199 52 Doran
726 2145 45 50 &
797 2162 298 49 company,
1123 2143 127 67 inc.,
1281 2146 151 51 1929.

189 2225 1043 49 5 p. l. , 41 p. incl. illus., plates. 23½ᶜᵐ.
192 2283 129 39 “The
353 2282 133 48 prize
518 2282 121 48 fight
673 2281 197 49 episode
904 2281 262 49 originally
1202 2284 243 46 appeared
1481 2282 51 40 in
1567 2282 217 49 Cyclops’
1820 2296 86 36 eye
1952 2285 165 49 (1926)

120 2341 155 39 under
311 2340 82 39 the
432 2339 110 40 title
577 2339 261 40 Knockout:
906 2349 27 30 a
971 2338 262 48 fragment.
1294 2338 102 41 The
1434 2339 254 41 narrative
1728 2350 152 39 poem,
1919 2341 114 41 Hell
2074 2341 52 41 in

119 2397 219 45 harness,
370 2395 43 41 is
444 2397 180 46 merely
657 2396 83 40 the
771 2394 175 49 logical
980 2395 335 48 development
1348 2396 52 40 of
1432 2395 100 41 this
1564 2395 178 41 earlier
1773 2396 353 49 fragment.”—

118 2453 230 41 Author’s
377 2455 127 39 note.

125 2507 51 53 ©
218 2512 127 48 Sept.
385 2511 39 48 6,
462 2511 117 39 1929;
643 2511 67 40 2c.
749 2511 96 39 and
883 2509 83 41 aff.
1008 2509 129 49 Sept.
1176 2509 81 47 13;
1300 2510 39 38 A
1378 2509 171 48 13306;
1591 2511 43 40 J.
1674 2511 290 48 Auslander,
2004 2512 118 39 New

194 2568 145 40 York.
406 2567 278 49 (29-18876)

125 2647 256 64 Bayliss,
407 2647 278 53 Blanche.

193 2727 155 53 That
375 2727 136 69 they
540 2745 131 50 may
701 2726 68 53 be
800 2743 121 51 one,
950 2725 77 69 by
1059 2725 255 54 Blanche
1344 2726 246 69 Bayliss.
1666 2728 235 67 Boston,
1934 2727 156 54 Mass
2114 2771 11 25 ,

123 2804 983 69 The Stratford company [ ᶜ192 9 ]
190 2885 562 49 5 p. l. , 3-246 p. 20 ᶜᵐ .
127 2939 52 52 ©
219 2943 128 47 Sept.
382 2943 68 40 14.
486 2942 140 46 1929;
665 2942 66 40 2c.
771 2942 128 47 Sept.
935 2941 82 47 16;
1056 2941 82 41 aff.
1177 2942 128 48 Sept.
1342 2942 82 42 19:
1465 2943 39 39 A
1540 2943 169 42 13483;
1751 2944 249 40 Stratford
2039 2957 83 37 co.,

194 2999 289 48 publishers.
549 2997 281 49 (29-19250)

124 3076 232 66 Benoît,
385 3076 221 66 Pierre,
640 3082 172 50 1886-

257 3156 1461 70 … Erromango, roman. Paris, A. Michel [1929]
190 3236 443 50 317, [1] p. 19 ᶜᵐ .
131 3289 51 53 ©
212 3295 114 46 May
351 3294 69 39 17.
449 3293 114 40 1929;
620 3294 67 40 1c.
716 3293 116 46 July
859 3293 82 40 12:
974 3293 312 48 A—Foreign
1312 3293 115 41 3707;
1485 3294 146 40 Albin
1660 3295 191 43 Michel.

206 3349 280 48 (29-19563)

128 3429 274 65 Bigham,
433 3429 212 63 Madge
675 3428 71 55 A.

191 3506 198 68 Merry
419 3505 213 53 animal
663 3505 160 66 tales,
855 3523 32 35 a
916 3505 149 53 book
1095 3504 64 54 of
1191 3507 95 52 old
1320 3505 183 55 fables
1535 3507 60 53 in
1627 3527 124 35 new
1784 3511 234 69 dresses,
2050 3514 76 70 by

122 3585 210 67 Madge
365 3583 70 52 A.
472 3583 267 69 Bigham,
774 3583 326 53 illustrated
1136 3583 76 69 by
1249 3583 173 55 Clara
1458 3584 248 56 Atwood
1743 3589 169 53 Fitts.

121 3592 1979 137 Boston,
265 3661 196 67 Little,
489 3661 229 66 Brown,
747 3661 114 52 and
889 3678 299 52 company,
1219 3663 152 51 1929.

192 3741 1293 49 xiii, 186 p. col. front., illus., col. plates. 21 ᶜᵐ .
195 3799 175 41 Fables
395 3799 149 40 based
571 3810 59 28 on
659 3798 67 40 La
756 3797 294 41 Fontaine’s,
1112 3798 61 49 cf.
1203 3798 132 41 Pref.

131 3853 52 52 ©
213 3857 128 48 Sept.
367 3857 39 47 6,
433 3855 117 41 1929;
601 3856 68 40 2c.
696 3857 95 39 and
819 3855 82 41 aff.
931 3856 127 48 Sept.
1086 3855 55 39 12;
1198 3854 40 40 A
1265 3856 147 40 12257;
1466 3857 162 50 Little,
1657 3861 193 49 Brown,
1879 3864 95 38 and

199 3875 1907 85 company.
399 3908 69 53 [©
494 3912 344 48 illustrations]
906 3911 281 48 (29-18881)
