2533 4342
1295 4013 135 51 1938

456 482 10 17 x,
492 450 87 42 158
604 462 44 37 p.
675 450 111 41 incl.
814 461 152 37 maps,
996 451 170 47 tables,
1195 451 180 48 diagrs.
1435 451 57 41 28½ᶜᵐ.
1653 451 301 48 (Half-title:
1984 450 157 42 Social
2170 451 187 42 science
351 507 201 48 studies,

592 507 217 40 directed
850 507 62 47 by
952 507 83 40 the
1073 507 147 40 Local
1259 507 297 48 community
1597 508 228 40 research
1865 507 277 41 committee
2182 508 52 40 of
2273 509 85 39 the
350 563 284 48 University
661 562 53 41 of

738 562 226 49 Chicago,
988 573 78 31 no.
1163 562 15 48 XV)

423 635 130 39 “The
579 636 196 46 present
801 635 148 47 study
974 645 103 30 was
1104 635 307 40 undertaken
1438 645 55 30 as
1521 646 27 29 a
1577 637 114 46 part
1718 635 53 39 of
1796 635 82 40 the
1906 635 197 48 general
2130 645 226 38 program
351 691 53 41 of
441 690 299 48 community

777 691 228 40 research
1043 691 142 48 being
1220 691 192 40 carried
1448 702 62 29 on
1549 691 62 48 by
1648 692 85 39 the
1770 691 147 40 Local
1954 691 297 47 community
351 701 1991 87 research
550 747 189 41 council
765 746 54 41 of
847 747 82 42 the

959 747 286 48 University
1273 747 53 40 of
1353 746 226 49 Chicago,
1608 747 166 48 acting
1800 747 51 40 in
1879 747 330 48 co-operation
2239 746 118 41 with

352 805 83 40 the
479 803 211 49 Chicago
734 803 404 40 commonwealth
1182 803 109 41 club
1337 804 96 39 and
1478 804 83 40 the
1606 803 211 48 Chicago
1863 803 218 49 regional
2125 802 237 49 planning

350 859 591 42 association.”—Introd.

424 915 393 42 “Identification
851 915 142 49 map”
1040 915 101 49 (no.
1177 915 51 47 1)
1273 915 50 40 in
1357 915 277 49 duplicate:
1670 916 25 39 1
1731 916 103 39 leaf
1869 915 101 41 laid
2007 915 65 41 in.

357 983 52 53 ©
446 986 102 42 Oct.
583 987 41 48 8,
659 986 142 48 1929;
836 987 69 40 2c.
940 987 99 40 and
1073 985 84 42 aff.
1191 986 119 41 Nov.
1346 985 53 48 8;
1437 986 41 39 A
1512 985 172 48 15632;
1723 985 286 49 University
2042 985 54 41 of
2131 984 226 48 Chicago,

426 1043 224 50 Chicago.
722 1042 284 50 (29-28689)

350 1138 178 64 Dürr,
557 1137 246 66 Lorenz,
834 1143 174 50 1886-

422 1216 561 54 Alttestamentliche
1013 1216 315 69 parallelen
1358 1236 68 34 zu
1457 1218 109 52 den
1597 1216 291 53 einzelnen
351 1221 1987 142 sonntagsevangelien,

583 1312 113 35 von
726 1294 53 53 d.
811 1294 84 54 dr.
928 1296 221 51 Lorenz
1181 1296 175 52 Dürr.
1432 1293 218 68 Berlin,
1683 1293 311 56 Germania
2026 1311 150 52 a.-g.,
2209 1297 152 51 1928.

421 1374 469 50 2 p. l., 178 p. 20 ᶜᵐ.
358 1442 1891 110 © Oct. 12, 1928; 1c. Jan. 8, 1929; A —Foreign 1357; Germania a. g. (29-28528)
353 1597 286 63 Everson,
670 1595 246 56 Charles
945 1597 66 55 T.

422 1672 124 54 The
595 1672 111 54 last
755 1672 266 70 warning
1069 1691 270 51 message,
1389 1673 114 53 and
1553 1673 163 53 other
1767 1672 167 54 Bible
1984 1673 256 70 lectures,
2288 1671 77 70 by

353 1749 2012 69 Charles T. Everson … Mountain View, Calif.; Portland, Or.
498 1828 1403 71 [etc.] Pacific press publishing association [ ᶜ1 929]
420 1911 726 50 4 p. l., 7-190 p. port. 20 ᶜᵐ.
361 1979 52 53 ©
441 1983 130 49 Sept.
595 1982 70 48 20,
691 1982 142 46 1929;
859 1983 68 40 2c.
954 1984 97 39 and
1077 1981 82 41 aff.
1189 1981 129 50 Sept.
1345 1982 83 48 30;
1457 1983 41 39 A
1523 1982 173 47 13728;
1725 1982 180 41 Pacific
1931 1993 136 38 press
2094 1982 109 49 pub.
2231 1994 130 30 assn.

438 2038 283 51 (29-28669)

354 2131 143 65 Faÿ,
527 2132 288 65 Bernard,
848 2138 173 50 1893-

425 2211 1876 69 Bernard Faÿ ’s Franklin, the apostle of modern times …
356 2289 233 61 Boston,
620 2288 199 68 Little,
850 2291 233 65 Brown,
1116 2291 113 52 and
1261 2308 300 50 company,
1595 2293 152 51 1929.

426 2370 1820 50 xvi, 547 p. front., plates, ports., maps (part fold.) facsims. 24 ᶜᵐ.
427 2441 102 40 The
562 2440 206 49 English
800 2440 194 42 version
1032 2452 102 29 was
1168 2442 235 48 prepared
1438 2442 62 47 by
1536 2441 186 48 Bravig
1756 2442 146 40 Imbs.
1963 2441 60 49 cf.
2061 2440 131 43 Pref.

425 2496 379 50 Bibliography:
837 2510 46 37 p.
913 2496 251 51 [517]-533.

362 2563 53 54 ©
444 2569 119 40 Nov.
591 2568 70 48 30,
691 2568 142 43 1929;
863 2568 69 42 2c.
962 2568 115 42 Dec.
1105 2568 55 48 5;
1191 2567 84 42 aff.
1304 2568 114 42 Dec.
1447 2568 54 48 6;
1532 2568 41 39 A
1601 2568 173 48 16201;
1807 2568 165 49 Little,
2002 2569 193 45 Brown,
2226 2568 37 40 &
2294 2578 67 29 co.

441 2624 282 49 (29-28650)

358 2710 181 73 Field,
569 2718 225 64 Henry.

425 2794 122 54 The
588 2794 169 55 Field
799 2795 517 57 museum-Oxford
1359 2797 322 69 university
1723 2797 331 68 expedition
2096 2802 60 47 to
2198 2795 170 68 Kish,

355 2872 2011 149 Mesopotamia, 1923-1929, by Henry Field … 14 plates in photogravure
354 2952 1989 148 and 2 maps … Chicago, Field museum of natural history, 1929.
356 3113 1993 106 cover-title, 32, [2] p. xiv pi., maps. 21½ ᶜᵐ. ([Field museum of natural history]
763 3170 368 50 Anthropology
1159 3172 165 41 leaflet
1354 3172 82 47 28)

428 3235 445 51 “Bibliographical
903 3237 332 43 references”:
1267 3249 44 39 p.
1387 3259 11 31 [1]
1430 3241 52 40 at
1511 3241 108 40 end.

365 3302 51 53 ©
445 3307 120 41 Nov.
589 3307 72 49 20,
690 3308 142 47 1929;
860 3309 69 41 2c.
958 3311 96 39 and
1082 3310 83 40 aff.
1194 3311 117 40 Nov.
1341 3310 83 48 25;
1456 3311 41 39 A
1525 3309 172 48 16065;
1729 3311 138 40 Field
1896 3321 219 34 museum
2146 3309 52 42 of
434 3311 1913 93 natural
538 3363 205 49 history.
813 3364 283 49 (29-28655)

357 3455 174 66 Ford,
558 3459 140 55 Mrs.
727 3456 158 56 Julia
914 3459 341 66 Ellsworth,
1287 3467 172 49 1859-

435 3533 440 71 Consequences,
921 3537 78 69 by
1047 3538 163 55 Julia
1258 3539 316 54 Ellsworth
1625 3540 176 66 Ford,
1850 3539 393 53 introduction
2292 3536 77 69 by

362 3611 158 54 John
554 3613 238 68 Haynes
824 3614 259 69 Holmes,
1116 3615 190 69 jacket
1341 3617 355 53 illustration
1728 3617 79 69 by
1840 3616 316 53 Ellsworth
2192 3614 174 53 Ford.

363 3689 1371 72 New York, E. P. Dutton & co., inc. [ ᶜ1 929]
430 3771 499 49 xv, 342 p. 19 ½ᶜᵐ .
430 3839 161 42 “First
639 3841 228 42 edition.”

366 3890 51 52 ©
446 3894 101 42 Oct.
575 3896 69 46 26,
672 3897 117 41 1929;
842 3899 67 40 2c.
937 3900 120 41 Nov.
1085 3900 82 47 18;
1197 3901 82 41 aff.
1307 3902 121 41 Nov.
1455 3902 82 47 19;
1567 3902 42 40 A
1637 3901 171 48 16017;
1839 3902 54 39 E.
1921 3902 51 40 P.
2002 3901 189 39 Dutton
2219 3900 36 40 &
2282 3909 85 39 co.,
430 3950 93 45 inc.
