2542 4361
1105 4022 98 51 543

205 448 322 42 “Translated
557 448 130 39 from
719 448 83 40 the
835 445 208 42 German
1079 445 61 46 by
1173 442 213 41 Herbert
1419 441 54 39 E.
1508 440 193 40 Palmer
1735 439 94 40 and
1865 438 157 41 Leslie
2058 440 71 38 W.

134 505 253 49 Charley.”

134 565 1859 62 © 1c. Apr. 6, 1929; A ad int. 12555; pubd. Feb. 15; Martin Seeker.
213 632 282 51 (29-10177)

135 728 130 54 Van
292 726 319 64 Wagenen,
639 724 233 53 Marvin
902 723 220 63 James,
1156 724 171 51 1884-

201 806 405 69 Comparative
656 804 167 69 pupil
872 800 384 57 achievement
1303 800 60 52 in
1413 798 175 67 rural,
1634 801 172 62 town,
1854 797 114 52 and
2016 795 117 70 city

130 886 247 63 schools;
417 905 30 34 a
482 883 173 70 study
690 882 310 54 conducted
1041 879 93 54 for
1169 880 96 52 the
1298 877 381 68 Department
1715 875 65 54 of
1815 872 318 69 education,

129 950 2005 78 state of Minnesota, by M. J. Van Wagenen … Minneapolis,
131 1044 121 52 The
275 1040 339 70 University
638 1039 65 54 of
726 1037 325 55 Minnesota
1079 1054 173 51 press,
1281 1037 150 51 1929.

202 1117 866 54 X, 144 p. incl. tables, diagr. 23 ᶜᵐ.
137 1181 1978 117 © Mar. 26, 1929; 2c. Apr. 15; aff. Apr. 13; A 6541; University of Minnesota,
359 1248 337 51 Minneapolis.
767 1245 252 51 (29-9496)

194 1346 177 64 Verrill,
402 1345 266 63 Alpheus
699 1344 213 63 Hyatt,
946 1343 173 54 1871-

206 1424 115 56 Old
362 1421 379 56 civilizations
782 1420 65 54 of
885 1421 97 52 the
1022 1419 138 54 New
1202 1418 199 68 world,
1440 1416 75 69 by
1557 1416 71 53 A.
1669 1415 190 69 Hyatt
1901 1413 233 56 Verrill.

135 1496 1599 74 Indianapolis, The Bobbs-Merrill company [ ᶜ19 29]
206 1575 1845 60 viii, [8] p., 1 l., 393 p. front., illus. (incl. map, plan) plates. 24ᶜᵐ.
207 1656 235 40 Contains
476 1654 168 42 music.

207 1710 377 50 Bibliography:
619 1721 42 38 p.
692 1708 219 43 359-377.

140 1779 54 52 ©
224 1783 115 48 Apr.
370 1783 72 43 11.
474 1781 143 48 1929;
648 1782 70 40 2c.
749 1782 97 43 and
878 1780 84 43 aff.
994 1781 115 47 Apr.
1142 1780 82 41 15;
1261 1779 42 40 A
1335 1779 113 40 7454;
1510 1778 56 42 A.
1598 1778 158 48 Hyatt
1789 1776 195 42 Verrill.
2019 1776 118 41 New

208 1839 145 41 York.
421 1837 250 51 (29-9422)

140 1933 149 54 Vom
322 1953 232 37 wasser;
590 1934 90 53 ein
711 1933 277 69 jahrbuch
1027 1933 99 52 für
1159 1931 420 55 wasserchemie
1610 1933 115 51 und
1760 1929 378 54 wasserroini-

209 2011 435 68 gungstechnik,
681 2011 152 68 hrsg.
872 2028 112 35 von
1020 2011 100 51 der
1158 2008 383 69 Fachgruppe
1582 2006 99 55 für
1717 2005 421 56 wasserchemie

210 2091 97 52 des
334 2088 240 56 Vereins
602 2088 300 54 deutscher
929 2087 300 54 Chemiker.
1298 2091 46 48 2.
1376 2087 93 53 bd.:
1533 2089 148 50 1928.
1748 2085 219 58 Berlin,
210 2085 1906 151 Verlag

335 2166 247 68 Chemie,
609 2186 53 49 g.
689 2186 74 34 m.
789 2167 54 53 b.
870 2166 75 68 h.,
973 2169 151 51 1928.

208 2247 1111 52 280 p. illus. (incl. ports.) fold. tab. 24 ½ ᶜᵐ .
210 2309 224 38 Includes
467 2306 393 49 bibliographies.

145 2356 1995 57 © Dec. 15, 1928; 1c. Mar. 2, 1929; A—Foreign 2034; Verlag Chemie,
210 2431 30 38 g
283 2432 60 29 m.
375 2420 43 42 b.
448 2419 46 42 h.

146 2514 233 62 Waller,
417 2513 175 65 Mary
628 2513 147 62 Ella,
815 2518 171 49 1855-

215 2593 121 53 The
381 2593 388 54 wood-carver
812 2593 66 54 of
922 2591 291 69 ’Lympus,
1257 2593 76 67 by
1374 2592 171 68 Mary
1591 2593 65 52 F.
1699 2590 237 68 Waller,
1983 2591 154 54 wood

147 2678 120 47 cuts
298 2673 76 54 bv
405 2672 224 53 Walter
658 2672 210 52 Buehr.
939 2672 236 57 Boston,
1206 2670 196 55 Little.
1436 2671 230 58 Brown,
1699 2671 108 52 and
1846 2688 298 51 company,

144 2753 148 50 1929.

248 2826 1028 52 x p., 3 l., [3]-307 p. front., plates. 20 ᶜᵐ.
147 2879 1859 58 © Apr. 16. 1929; 2c. and aff. Apr. 18; A 6644; Little, Brown. & c o.
223 2943 254 49 (29-9367)

147 3037 292 64 Warthin,
471 3038 217 54 Aldred
720 3037 184 65 Scott,
939 3044 170 49 1866-

217 3114 115 56 Old
364 3134 120 51 age,
516 3116 94 53 the
640 3115 187 69 major
859 3116 318 53 involution;
1245 3116 94 53 the
1373 3114 344 69 physiology
1750 3118 45 50 &
1828 3115 316 70 pathology

148 3187 1993 77 of the aging process, by Aldred Scott Warthin … with 29
148 3270 397 55 illustrations.
610 3271 139 53 New
779 3271 180 68 York,
988 3273 66 51 P.
1087 3274 65 50 B.
1185 3271 248 68 Hoeber,
1462 3272 126 66 inc.,
1621 3274 150 51 1929.

217 3350 942 52 xvi, 199 p. incl. plates, diagrs. 22 ᶜᵐ.
204 3410 102 39 The
333 3409 192 48 Wesley
553 3410 62 39 M.
646 3408 268 50 Carpenter
940 3412 198 45 lecture,
1169 3409 243 42 delivered
1442 3410 62 47 by
1533 3411 81 40 the
1642 3411 180 40 author
1851 3422 60 29 on
1941 3410 206 42 October

151 3466 38 41 1,
219 3466 115 40 1928
363 3468 51 37 at
443 3466 81 40 the
552 3467 118 38 New
698 3467 131 39 York
858 3467 232 46 academy
1121 3466 52 41 of
1201 3466 237 42 medicine
1469 3467 156 40 under
1654 3467 82 41 the
1766 3468 109 40 title
1908 3468 129 40 “The

152 3478 1974 91 pathology
385 3522 53 41 of
474 3523 81 41 the
593 3522 146 49 aging
776 3523 237 49 process”,
1050 3524 155 39 forms
1244 3524 83 40 the
1364 3523 200 40 nucleus
1604 3524 52 39 of
1695 3524 99 41 this
1832 3525 315 48 monograph.

177 3579 34 45 cf.
243 3577 274 44 Foreword.

152 3632 52 52 ©
233 3637 113 47 Apr.
375 3637 68 47 12,
472 3636 140 49 1929;
643 3637 66 40 2c.
738 3638 94 39 and
862 3636 70 42 aff
973 3637 113 48 Apr.
1116 3638 81 45 13;
1229 3637 41 40 A
1298 3636 142 47 6542;
1471 3637 123 40 Paul
1625 3637 52 42 B.
1707 3638 206 42 Hoeber.
1942 3638 91 41 inc.

231 3692 252 50 (29-9459)

150 3786 206 64 Weiss,
391 3786 203 66 Ernst,
631 3792 171 50 1884-

219 3862 438 64 Dämonenzug;
698 3864 140 53 fünf
871 3865 382 68 erzählungen
1292 3883 108 34 von
1439 3865 178 53 Ernst
1652 3866 200 54 Weiss.
1928 3866 218 65 Berlin,

150 3940 251 53 Ullstein
547 3943 84 65 [ᶜ1928]
