2542 4389
1044 4005 103 52 967

174 357 1927 72 … The Southern reporter, v. 120. Permanent ed. … with
178 434 372 68 key-number
579 439 379 53 annotations.
1005 440 201 51 March
1237 439 241 67 9-April
1507 441 85 63 20,
1622 441 148 49 1929.
1821 436 83 56 St.
1933 438 166 67 Paul,

179 514 158 52 West
370 514 335 69 publishing
737 536 96 36 co..
868 521 149 49 1929.

279 624 8 16 xxv,
324 593 86 41 988
445 605 43 37 p.
656 629 7 7 26ᶜᵐ.

111 659 52 52 ©
191 661 128 45 June
345 664 40 48 3,
413 665 140 47 1929;
583 665 67 41 2c.
680 668 97 39 and
804 667 82 42 aff.
916 669 115 47 July
1061 669 51 46 8;
1143 670 42 38 A
1212 669 169 46 11116;
1414 670 135 39 West
1578 669 107 48 pub.
1715 679 67 29 co.

107 758 450 54 Southwestern
588 764 287 59 reporter.
959 763 103 63 (2d
1094 763 145 63 ser.)

178 837 271 53 Missouri
486 839 276 54 decisions
797 843 264 65 reported
1096 842 60 52 in
1195 841 180 55 South
1411 848 238 46 western
1683 846 274 63 reporter,
109 859 1969 106 second

255 913 187 56 series,
475 915 137 52 vols.
650 918 63 49 12
757 915 126 69 (2d)
926 923 59 47 to
1021 922 65 48 14
1128 917 127 69 (2d)
1300 917 296 69 February
1628 923 58 47 to
1720 918 193 67 April,
1949 921 151 64 1929,

110 993 1990 70 annotated … with table of statutes construed. St. Paul, West
108 1069 336 69 publishing
477 1089 96 49 co.,
608 1074 151 50 1929.

178 1152 209 40 Various
421 1152 191 49 paging.
783 1186 9 9 26ᶜᵐ.

109 1219 52 51 ©
189 1223 127 39 June
341 1222 68 48 29,
436 1223 116 40 1929;
605 1224 68 40 2c.
700 1226 95 39 and
821 1225 82 41 aff.
931 1227 116 47 July
1073 1226 53 46 8;
1155 1226 42 40 A
1222 1226 169 48 11118;
1421 1228 136 40 West
1582 1227 108 48 pub.
1718 1237 68 30 co.

110 1317 198 63 Stock,
343 1318 202 63 Harry
575 1319 276 55 Thomas.

176 1395 230 54 Church
438 1396 158 53 work
626 1397 139 52 with
796 1416 194 51 young
1018 1401 202 67 people
1272 1399 93 69 [by]
1402 1400 199 68 Harry
1632 1400 250 53 Thomas
1913 1399 189 55 Stock.

104 1473 1362 73 Boston, Chicago, The Pilgrim press [ ᶜ1 929]
175 1557 632 48 vi p., 1 l., 236 p. 20½ᶜᵐ.
175 1613 352 48 Bibliography
553 1616 54 38 at
633 1616 91 38 end
754 1616 51 39 of
833 1617 118 39 each
982 1617 214 47 chapter.

109 1665 52 52 ©
184 1670 129 40 June
336 1670 69 40 14.
431 1669 140 48 1929;
598 1671 65 39 2c.
691 1672 127 39 June
842 1673 82 45 21;
952 1672 82 41 aff.
1061 1674 126 38 June
1210 1673 83 42 20;
1321 1674 41 38 A
1387 1674 140 46 8862;
1560 1674 176 47 Sidney
1762 1674 181 40 Adams
176 1675 1904 99 Weston,
292 1728 198 39 Boston.
560 1727 280 49 (29-13701)

109 1819 187 65 Stoss,
333 1821 202 52 Anton
570 1821 161 65 Otto,
770 1827 170 50 1888-

177 1900 411 54 Tierärztliche
623 1902 425 69 geburtskunde
1080 1905 116 51 und
1231 1903 398 70 gynäkologie,
1663 1903 440 55 einschliesslich

108 1980 101 51 der
242 1979 380 53 krankheiten
657 1981 99 52 der
788 1981 445 68 neugeborenen,
1267 2000 112 34 von
1413 1983 83 52 dr.
1533 1981 195 54 Anton
1766 1981 140 55 Otto
1944 1982 157 55 Stoss

170 2058 1691 71 … mit 78 textabbildungen. Stuttgart, F. Enke, 1928.
172 2138 668 49 xii, 432 p. illus. 24 ½ᶜᵐ .
177 2196 126 40 “Der
346 2196 323 47 stoffumfang
711 2196 66 41 ist
820 2207 51 29 so
915 2197 225 48 gewählt,
1186 2198 113 39 dass
1341 2199 85 38 der
1467 2197 159 41 inhalt
1669 2199 83 39 des
1795 2199 177 41 buches
2017 2200 83 39 der

104 2253 466 48 Prüfungsordnung
606 2265 109 28 vom
753 2254 70 40 21.
862 2257 178 45 august
1077 2254 115 40 1925
1228 2254 613 48 entspricht.”—Vorwort.

175 2311 279 40 “Literatur
490 2312 97 38 und
620 2311 425 48 literaturquellen
1083 2311 118 40 über
1234 2311 324 48 geburtshilfe
1593 2313 96 39 und
1725 2312 344 49 gvnäkologie”:

102 2378 42 37 P.
179 2366 114 51 [419]

108 2421 1989 53 © Sept. 14, 1928; 1c. Mar. 13, 1929; A —Foreign 2382; Ferdinand Enke.
184 2482 280 48 (29-13969)

107 2576 125 52 Tax
272 2579 110 52 law
421 2579 63 53 of
524 2579 94 53 the
657 2586 144 47 state
841 2579 64 53 of
944 2581 138 51 New
1121 2577 180 67 York,
1336 2578 171 68 being
1544 2579 36 52 1.
1624 2580 151 66 1909,
1812 2578 163 68 chap.
2016 2580 83 66 62,

170 2655 1905 132 entitled “ An act in relation to taxation, constituting chapter
299 2734 155 70 sixty
497 2735 62 52 of
600 2735 96 53 the
741 2735 405 56 Consolidated
1190 2733 172 54 laws”
1405 2733 140 54 with
1590 2734 77 53 all
1712 2735 386 53 amendments

171 2819 58 46 to
259 2814 96 52 the
385 2813 108 53 end
527 2813 62 53 of
621 2814 96 52 the
746 2813 321 68 legislative
1097 2812 209 53 session
1338 2811 63 53 of
1434 2815 150 64 1929,
1616 2811 186 54 edited
1836 2812 73 69 by
1943 2813 152 54 John

170 2890 1928 70 T. Fitzpatrick … completely indexed. New York, Baker,
171 2971 249 52 Voorhis
454 2975 44 49 &
533 2988 308 51 company;
877 2969 249 70 Albany,
1158 2971 69 52 N.
1263 2971 71 52 Y.
1370 2970 110 52 and
1515 2970 137 52 New
1688 2968 180 70 York,
1903 2969 68 53 N.
2008 2969 91 66 Y.,

169 3048 81 56 M.
279 3050 227 52 Bender
534 3053 43 50 &
605 3066 298 51 company,
931 3047 417 69 incorporated,
1380 3050 148 50 1929.

169 3131 625 51 2 p. 1., [3]—409 p. 23ᶜᵐ.
106 3186 52 52 ©
189 3190 126 40 June
341 3190 69 48 27,
442 3189 139 48 1929;
612 3190 66 40 2c.
709 3190 96 39 and
834 3188 81 41 aff.
946 3189 128 40 June
1102 3188 58 41 28;
1217 3187 40 40 A
1287 3187 112 41 9963;
1461 3187 238 40 Matthew
1725 3187 190 40 Bender
1946 3186 36 40 &
2009 3196 83 35 co.,

173 3247 106 48 inc.,
309 3247 388 40 Baker-Voorhis
728 3247 36 39 &
792 3257 66 30 co.
926 3244 281 50 (29-13883)

105 3340 123 51 Tax
257 3343 110 51 law
397 3342 64 52 of
489 3343 95 52 the
612 3349 145 47 state
787 3341 63 53 of
879 3341 137 52 New
1046 3339 189 65 York;
1270 3339 320 68 provisions
1620 3338 62 53 of
1709 3338 95 53 the
1833 3339 124 51 Tax
1988 3339 105 51 law

168 3417 65 53 of
266 3419 96 52 the
394 3425 146 47 state
573 3419 62 52 of
669 3420 137 52 New
843 3418 163 53 York
1041 3416 248 69 relating
1323 3422 58 45 to
1415 3415 144 52 local
1595 3423 374 61 assessments,
168 3416 1903 150 being
309 3499 95 51 the
446 3498 121 52 first
608 3498 156 68 eight
806 3497 225 52 articles
1070 3494 243 60 thereof,
1352 3494 112 52 and
1505 3493 238 53 sections
1784 3498 118 61 205,
1942 3494 148 69 219-j

169 3576 111 52 and
313 3576 164 53 219-1.
509 3575 139 53 with
679 3576 76 51 all
787 3576 388 51 amendments
1203 3578 60 46 to
1292 3572 96 52 the
1419 3574 106 51 end
1556 3571 65 53 of
1648 3571 97 53 the
1774 3571 320 70 legislative

167 3653 210 53 session
422 3653 64 53 of
530 3656 147 52 1929.
753 3653 292 67 Prepared
1091 3650 93 52 for
1225 3650 96 52 the
1360 3654 146 48 state
1551 3651 123 51 Tax
1717 3649 374 53 commission.

168 3730 358 70 Completely
570 3731 260 53 indexed.
905 3731 139 51 New
1090 3727 179 55 York.
1314 3727 206 67 Baker,
1564 3727 247 54 Voorhis
1856 3731 45 49 &
167 3745 1842 132 company;

389 3810 248 69 Albany.
676 3810 69 52 N.
785 3810 71 52 Y.
895 3809 109 51 and
1044 3809 138 51 New
1219 3805 179 55 York.
1437 3807 68 51 N.
1542 3806 72 51 Y.,
1668 3806 79 52 M.
1786 3806 225 52 Bender
2048 3807 42 49 &

165 3905 297 50 company,
492 3887 418 68 incorporated.
942 3888 149 50 1929.
