2542 4389
1069 4048 136 57 1741

200 441 561 55 4 p. l., 47 pl. 25½ ᶜᵐ .
233 503 114 38 “Two
383 502 220 39 hundred
638 501 161 47 copies
834 500 111 46 only
981 510 84 29 are
1102 498 207 49 printed,
1346 499 51 38 of
1434 498 157 40 which
1630 497 96 41 this
1762 498 41 38 is
1840 509 75 28 no.
1952 498 97 40 53.”

139 554 51 53 ©
220 559 129 47 Sept.
374 557 71 48 24,
473 558 139 43 1929;
641 558 68 40 2c.
739 557 127 46 Sept.
895 556 82 46 28;
1010 556 82 40 all.
1122 557 102 40 Oct.
1252 556 83 46 19;
1366 555 41 40 A
1434 554 145 41 14517;
1636 554 218 42 William
1882 554 198 40 Abhatt.

216 613 283 51 (29-23515)

130 708 361 63 Davenport,
522 708 137 54 Mrs.
694 705 309 56 Charlotte
1034 707 60 53 C.

198 787 55 50 A
298 789 186 50 motor
530 783 233 67 ramble,
809 784 299 67 including
1156 784 403 67 Carcassonne,
1604 784 74 69 by
1726 784 296 55 Charlotte
2072 786 61 54 C.

128 864 355 67 Davenport,
522 860 382 55 illustrations
941 862 75 67 by
1054 861 231 53 Harold
1322 860 168 55 Field
1589 861 207 69 Kellogg.
1876 862 255 68 [Boston]

130 940 156 52 Priv.
320 939 175 69 print.
534 938 265 69 [Thomas
832 938 165 53 Todd
1033 956 96 47 co.,
1162 939 268 68 printers]
1471 942 150 50 1929.

199 1016 898 56 3 p. l., v-vii, 76 p. plates. 21 ᶜᵐ .
137 1074 54 52 ©
218 1077 103 41 Oct.
348 1077 70 47 25,
447 1077 113 40 1929;
617 1076 68 41 2c.
714 1077 94 38 and
839 1075 82 41 aff.
952 1075 101 41 Oct.
1084 1075 82 47 30;
1199 1077 39 37 A
1266 1076 172 40 14500;
1470 1077 48 41 O.
1550 1077 49 40 C.
1629 1076 297 50 Davenport,
202 1070 1918 118 Brooklyn.

365 1131 282 53 (29-23328)

128 1229 85 50 De
242 1227 175 60 Both,
447 1227 190 54 Jessie
666 1226 208 54 Marie.

198 1302 376 55 Modernistic
610 1302 382 69 recipe-menu
1028 1302 148 54 book
1213 1302 64 53 of
1313 1304 96 53 the
1446 1305 245 53 DeBoth
1728 1307 410 55 homemakers’

134 1377 2005 79 cooking school, by Jessie Marie De Both … Chicago, Ill.,
136 1462 150 50 1929.

199 1539 87 41 318
318 1550 44 37 p.
421 1539 146 41 21½ᶜᵐ.

138 1593 52 52 ©
219 1597 103 41 Oct.
350 1597 69 47 17,
448 1596 141 47 1929;
618 1596 70 42 2c.
714 1597 96 39 and
838 1595 82 42 aff.
952 1596 102 41 Oct.
1083 1596 83 48 31;
1196 1597 40 39 A
1266 1596 172 44 15418;
1470 1598 43 40 J.
1544 1599 63 40 M.
1638 1599 72 41 De
1738 1600 143 49 Both,
1911 1600 228 44 Chicago.

213 1652 284 51 (29-23387)

125 1731 377 64 Deissmann,
534 1731 231 55 Gustav
795 1731 199 64 Adolf,
1031 1738 171 50 1866-

199 1810 120 52 The
359 1809 138 53 New
538 1811 326 52 Testament
908 1810 59 52 in
1007 1811 95 52 the
1144 1810 152 70 light
1333 1811 64 53 of
1437 1815 235 52 modern
1713 1818 286 60 research;
2041 1820 97 52 the

127 1884 2012 82 Haskell lectures, 1929, by Adolf Deissmann … Garden City,
129 1967 68 54 N.
230 1967 90 56 Y.,
353 1964 355 69 Doubleday.
742 1967 197 51 Doran
973 1969 43 49 &
1050 1983 300 52 company,
1382 1968 126 58 inc.,
1542 1972 150 51 1929.

202 2043 741 54 viii p., 2 l., 3-193 p. 19½ ᶜᵐ .
137 2099 51 53 ©
219 2103 102 41 Oct.
349 2102 70 49 25,
448 2102 140 48 1929;
619 2102 67 41 2c.
716 2103 96 39 and
843 2102 81 41 aff.
953 2103 119 41 Nov.
1102 2104 52 41 1;
1187 2105 40 37 A
1255 2104 171 49 14566;
1458 2107 299 51 Doubleday,
1790 2111 167 40 Doran
1988 2113 35 39 &
2053 2123 53 29 co.,

202 2160 92 39 inc.
358 2155 283 54 (29-23501)

129 2241 344 61 Densmore,
507 2239 128 55 Gail
664 2240 239 53 Ernest.

202 2312 1937 86 Contest debating, by G. E. Densmore … Ann Arbor, Mich.,
130 2393 69 55 G.
233 2393 200 69 Wahr,
466 2395 150 51 1929.

199 2474 560 52 4 p. l., 168 p. 20½ ᶜᵐ .
232 2531 348 50 “Bibliography
609 2531 52 41 of
689 2534 104 38 text
821 2533 148 40 books
996 2534 49 38 in
1074 2533 202 42 debate”:
1334 2547 42 37 p.
1409 2538 249 49 [160]-163.

138 2584 51 52 ©
224 2589 128 48 Sept.
382 2590 69 45 27,
482 2587 113 41 1929;
654 2589 68 40 2c.
753 2589 102 41 Oct.
885 2589 26 41 3;
972 2590 82 40 aff.
1088 2593 102 38 Oct.
1222 2593 25 38 7;
1309 2594 37 37 A
1380 2593 144 42 13996;
1587 2597 182 50 George
1802 2602 152 40 Wahr.

214 2643 281 51 (29-23355)

126 2725 235 62 Dewey,
394 2723 174 64 John,
605 2728 170 51 1859-

199 2802 121 52 The
356 2806 160 64 quest
553 2800 94 55 for
683 2804 313 67 certainty:
1033 2824 25 33 a
1099 2806 172 69 study
1309 2807 65 52 of
1410 2810 95 52 the
1545 2813 241 54 relation
1824 2816 64 53 of
130 2812 1983 143 knowledge

317 2878 1820 78 and action, by John Dewey … New York, Minton,
131 2957 180 53 Balch
340 2961 47 50 &
413 2974 298 51 company,
743 2961 150 52 1929.

201 3036 1325 58 4 p. l., 3-318 p. 23 ᶜᵐ . (Gifford lectures. 1929)
138 3092 52 52 ©
220 3096 102 40 Oct.
350 3095 68 48 11,
447 3095 139 47 1929;
617 3094 68 42 2c.
714 3097 97 39 and
839 3096 82 41 aff.
952 3096 102 42 Oct.
1082 3098 83 48 28;
1195 3100 41 39 A
1263 3101 171 48 14425;
1466 3104 44 40 J.
1540 3106 191 50 Dewey,
1761 3109 119 41 New
1910 3113 130 41 York

217 3150 282 51 (29-23500)

132 3227 349 66 Dictionary
514 3232 62 52 of
606 3231 308 55 American
945 3234 344 71 biography,
1320 3241 183 53 under
1536 3243 92 53 the
1662 3248 256 68 auspices
1952 3254 63 51 of
2046 3255 95 53 the

206 3306 1908 138 American council of learned societies. Ed. by Allen Johnson … v.
546 3389 30 47 3
612 3384 613 73 [Brearly-Chandler]
1297 3393 139 53 New
1467 3394 179 71 York,
1678 3397 238 61 Charles
205 3398 1907 124 Scribner’s
380 3481 149 48 sons,
560 3464 150 52 1929.

205 3542 431 51 ix, 618 p. 26 ᶜᵐ .
141 3595 51 52 ©
217 3600 118 40 Nov.
360 3599 68 48 15,
454 3599 113 41 1929;
621 3600 67 40 2c.
714 3602 96 39 and
836 3600 81 42 aff.
942 3603 119 40 Nov.
1085 3604 47 38 21;
1194 3605 42 39 A
1260 3606 143 41 15961;
1459 3610 145 40 Amer.
1645 3615 188 41 council
1860 3620 51 38 of
1938 3622 198 40 learned

208 3654 238 50 societies,
477 3654 336 50 Washington.

131 3733 298 64 Dotterer,
457 3734 130 63 Ray
615 3734 350 66 Harbaugh,
997 3744 172 51 1880-

203 3811 358 70 Philosophy
600 3812 75 68 by
715 3831 126 52 way
884 3815 64 51 of
987 3817 96 51 the
1126 3816 241 57 sciences;
1439 3842 73 34 an
1552 3825 399 79 introductory
132 3835 1982 118 textbook,

339 3889 1794 86 by Ray H. Dotterer … New York, The Macmillan
132 3983 298 52 company,
459 3969 150 51 1929.
