2561 4405
1131 4099 99 50 113

174 429 218 62 Alcott,
426 428 218 53 Louisa
677 429 157 62 May,
871 431 327 51 1832-1888.

243 506 179 53 Little
453 524 157 48 men;
645 504 106 54 life
785 510 59 47 at
875 504 309 53 Plumfield
1218 504 141 52 with
1393 503 121 54 Jo’s
1548 503 157 66 boys,
1736 502 77 67 by
1845 501 210 54 Louisa
2089 502 81 53 M.

172 582 216 68 Alcott,
414 583 326 52 illustrated
768 583 75 64 by
873 581 172 55 Clara
1074 582 79 52 M.
1185 581 179 52 Burd.
1441 579 430 69 Philadelphia,
1899 578 273 71 Chicago,

179 658 1389 69 [etc.] The John C. Winston company [ ᶜ192 8 ]
245 738 1929 50 ix, 349 p. col. front., illus., col. plates. 21 ᶜᵐ . (Lettered on cover:
174 798 101 39 The
306 796 221 41 Winston
558 797 265 46 clear-type
852 797 206 48 popular
1087 795 227 48 classics)

245 854 289 39 Illustrated
566 852 365 49 lining-papers.

171 907 52 52 ©
257 911 128 48 Sept.
414 911 41 47 4,
486 910 142 46 1928;
658 910 70 41 2c.
758 910 110 41 Jan.
897 910 71 47 24,
1000 909 141 47 1929;
1175 909 82 41 aff.
1290 910 110 40 Jan.
1431 909 83 47 29;
1548 909 43 40 A
1620 909 142 48 5129;
1797 909 128 41 John
1959 909 49 41 C.

235 909 1917 100 Winston
375 978 68 30 co.
506 963 67 55 [©
605 966 345 50 illustrations]
1021 966 253 50 (29-3486)

171 1049 331 64 Anderson,
534 1050 138 52 Mrs.
705 1049 192 53 Isabel
930 1048 164 54 Weld
1135 1048 313 65 (Perkins)
1493 1048 171 55 1876-

245 1125 1928 70 Circling South America, by Isabel Anderson, LITT . D . (Mrs.
171 1204 148 52 Larz
343 1203 332 69 Anderson)
761 1205 234 55 Boston,
1022 1203 283 54 Marshall
1330 1204 175 54 Jones
1531 1222 301 51 company,
1858 1206 151 51 1929.

242 1285 116 46 xvii,
390 1285 70 49 [1],
487 1285 86 39 214
600 1296 43 37 p.
702 1285 165 48 front.,
896 1285 129 40 illus.
1053 1284 161 49 (map)
1252 1286 173 48 plates.
1485 1286 116 40 23ᶜᵐ.

244 1342 213 40 “Second
490 1341 231 49 printing,
751 1343 278 42 December,
1061 1341 159 42 1928.”

172 1396 53 52 ©
253 1400 119 40 Nov.
401 1399 70 48 30,
500 1399 142 46 1928;
673 1400 67 40 2c.
770 1399 111 40 Feb.
909 1401 41 46 4,
981 1399 141 48 1929;
1154 1399 83 42 aff.
1269 1400 111 40 Feb.
1409 1401 54 45 2;
1496 1400 40 40 A
1565 1399 143 46 4208;
1742 1401 239 39 Marshall
2012 1401 161 47 Jones,

240 1456 90 41 inc.
401 1455 252 49 (29-3432)

167 1538 331 64 Anderson,
533 1538 124 53 Lou
693 1538 336 55 Eastwood.

241 1615 334 54 Basketball
614 1614 94 55 for
746 1633 234 49 women,
1016 1615 141 54 with
1195 1615 212 69 special
1443 1615 289 55 reference
1767 1620 60 50 to
1862 1615 98 54 the
169 1615 1983 149 training
300 1693 66 54 of
391 1694 273 68 teachers,

168 1693 1985 149 by Lou Eastwood Anderson … with introduction by Frederick E.
896 1772 943 68 Bolton … New York, The Macmillan
169 1869 300 51 company,
503 1853 151 50 1929.

238 1934 85 41 xiv
350 1945 58 38 p.,
434 1933 25 40 1
524 1965 9 13 l.,
562 1934 87 40 129
676 1944 44 38 p.
780 1934 144 46 illus.,
953 1934 182 46 diagrs.
1195 1934 145 40 19½ᶜᵐ.

171 1987 1770 52 © Jan. 29, 1929; 2c. and aff. Jan. 30; A 5039; Macmillan co.
247 2046 252 49 (29-3173)

175 2128 273 71 [Ashton,
482 2127 314 68 Winifred]

242 2206 182 54 Enter
475 2205 96 56 Sir
620 2207 175 66 John,
844 2207 75 67 by
972 2205 295 55 Clemence
1314 2208 165 52 Dane
1552 2208 182 67 [pseud.]
1825 2209 113 52 and
1990 2208 188 53 Helen

172 2284 286 71 Simpson,
493 2286 326 54 illustrated
854 2286 74 69 by
966 2284 233 71 Sydney
1237 2284 278 72 Seymour
1549 2285 200 55 Lucas.
1820 2286 141 55 New
1996 2285 182 70 York,

172 2364 430 68 Cosmopolitan
636 2363 147 55 book
819 2364 384 69 corporation,
1239 2368 150 51 1928.

242 2447 1374 49 viii p., 2 l., 315 p. front., 2 pl. (1 double) 19½ᶜᵐ.
174 2500 52 52 ©
254 2505 113 40 Dec.
394 2505 41 47 3,
462 2504 141 47 1928;
632 2504 68 41 2c.
727 2504 113 41 Dec.
868 2505 53 47 3;
952 2503 82 42 aff.
1064 2506 110 40 Jan.
1202 2505 69 48 21,
1301 2505 141 42 1929;
1474 2505 41 39 A
1542 2505 142 47 4372;
1717 2505 244 41 Winifred
1990 2507 188 41 Ashton

241 2561 37 40 &
306 2562 156 39 Helen
494 2560 222 49 Simpson
747 2562 221 47 Browne,
998 2561 214 41 London.
1282 2561 281 49 (28-29961)

176 2640 194 63 Beale,
399 2643 138 52 Mrs.
567 2640 245 54 Harriet
842 2641 148 55 Stan
994 2642 163 53 wood
1197 2641 266 65 (Blaine)
1502 2643 173 54 1872-

240 2722 122 52 The
400 2720 343 70 beginnings
784 2721 65 53 of
887 2720 337 70 chemistry;
1269 2741 31 34 a
1342 2725 118 50 story
1540 2722 149 54 book
1729 2723 63 54 of
1832 2723 213 55 science
2087 2724 96 54 for

169 2818 194 50 young
395 2800 217 67 people,
643 2799 76 69 by
751 2799 269 54 Harriett
1053 2798 206 55 Blaine
1290 2798 193 71 Beale,
1516 2799 141 54 with
1690 2799 383 57 illustrations
2105 2802 76 69 by

169 2877 56 55 J.
264 2878 272 53 Edmund
569 2877 232 54 Woods.
877 2876 140 53 New
1053 2877 179 69 York,
1273 2877 554 73 Coward-McCann,
1864 2881 125 66 inc.,
2029 2884 149 50 1929.

242 2957 1071 51 ix p., 1 l.. 243 p. illus., diagrs. 19½ ᶜᵐ .
176 3013 52 52 ©
254 3018 110 39 Jan.
390 3016 69 48 25,
486 3016 115 41 1929;
657 3016 67 41 2c.
750 3018 111 39 Jan.
886 3016 83 48 29;
998 3016 83 42 aff.
1109 3018 111 39 Jan.
1246 3017 83 43 28;
1359 3018 41 39 A
1425 3018 144 47 4093;
1600 3018 459 48 Coward-McCann,
2088 3021 92 41 inc.

248 3073 229 49 (29-3040
487 3074 14 47 )

173 3140 277 62 Bennett,
479 3139 243 55 Arnold.

243 3218 336 68 Piccadilly.
656 3217 200 68 [Chap.]
897 3221 63 50 13
1006 3217 245 70 (contd.)
1299 3222 80 49 14.

276 3302 59 38 (In
378 3296 130 44 Film
551 3296 190 53 weekly
785 3296 290 54 magazine)

177 3353 2001 58 © 1c. Feb. 18, 1929; A ad int. 12346: pubd. Dec. 24, 1928: A. Bennett,
242 3414 213 41 London.

170 3480 254 56 Benson,
457 3480 253 52 Edward
746 3479 295 54 Frederic.

245 3559 120 52 The
394 3558 260 69 hanging
683 3557 66 53 of
776 3556 214 55 Alfred
1019 3556 304 56 Wadham.

253 3641 83 47 (In
371 3637 265 44 Britannia
674 3637 290 53 magazine)

179 3694 2001 60 © 1c. Feb. 16, 1929; A ad int. 12345: pubd. Dec. 21, 1928; E. F. Benson,
246 3756 212 40 London.

176 3821 184 53 Bible.
435 3821 264 66 English.

247 3899 121 52 The
394 3897 236 53 marked
659 3897 185 64 Bible,
871 3897 172 67 being
1069 3898 96 52 the
1191 3897 165 70 King
1383 3898 195 55 James
1606 3919 66 33 or
1700 3902 333 56 authorized
177 3925 1984 104 version

326 3975 65 54 of
413 3976 96 52 the
534 3974 116 56 Old
676 3976 114 52 and
815 3975 139 53 New
980 3975 376 69 Testaments,
1377 3977 237 54 marked
1638 3979 76 69 by
1738 3980 95 54 the
1859 3981 122 55 best
2005 3986 178 53 meth-
