2542 4389
1037 4039 137 52 1921

165 479 367 50 232 p. 19 ½ᶜᵐ .
166 538 351 47 Bibliography
535 547 10 30 :
576 547 45 39 p.
651 536 220 43 219-221.

105 590 1994 53 © Oct. 21, 1929; 2c. and aff. Nov 25; A 16075; H. M. Jones, Cambridge,
171 651 239 48 England.
480 649 280 50 (29-28338)

96 743 242 55 Illinois.
411 745 280 68 Supreme
723 751 175 49 court.

173 822 247 68 Reports
453 821 66 53 of
549 839 152 35 cases
733 827 60 47 at
822 822 112 52 law
967 822 115 53 and
1114 822 62 53 in
1208 822 280 70 chancery
1522 822 215 70 argued
1771 822 114 53 and
101 822 1978 130 determined

399 898 1705 71 … v. 335, containing cases in which opinions were
102 976 134 54 filed
265 978 62 51 in
357 976 171 68 June,
559 979 154 65 1929,
743 975 114 54 and
889 994 152 35 cases
1073 976 250 53 wherein
1355 976 334 69 rehearings
1720 995 147 35 were
1897 975 206 54 denied

103 1062 59 47 at
189 1054 98 52 the
314 1053 152 55 June
497 1054 112 52 and
640 1052 248 56 October
915 1058 192 63 terms,
1139 1056 150 50 1929.
1360 1053 232 55 Samuel
1622 1053 250 70 Pashley
1902 1052 203 68 Irwin,

103 1137 258 62 reporter
388 1130 66 53 of
481 1131 292 53 decisions.
840 1130 433 69 Bloomington,
1300 1130 117 69 III.,
1448 1134 150 50 1929.

206 1212 436 51 x, [11]-710 p. 22½ ᶜᵐ.
105 1265 52 53 ©
186 1269 113 42 Dec.
327 1269 70 49 10,
426 1268 118 40 1929;
598 1269 69 40 2c.
694 1268 98 40 and
820 1267 85 41 aff.
933 1268 114 40 Dec.
1076 1268 56 40 13;
1191 1268 43 39 A
1260 1267 145 41 16402;
1468 1267 195 42 Samuel
1693 1269 210 48 Pashley
1935 1268 167 48 Irwin,

174 1325 355 49 Bloomington,
558 1325 78 40 Ill.

97 1418 285 67 Johnson,
411 1418 269 64 Zachary
707 1418 235 65 Taylor.

174 1498 121 52 The
330 1497 261 69 political
628 1497 235 69 policies
899 1496 66 54 of
998 1497 232 53 Howell
1268 1496 177 69 Cobb,
1481 1498 77 69 by
1593 1497 259 70 Zachary
1889 1497 217 70 Taylor

101 1574 2005 72 Johnson … Nashville, Tenn., George Peabody college for
102 1652 272 68 teachers,
402 1654 150 51 1929.

172 1733 1932 51 187 p. illus. (maps) 22½ ᶜᵐ. (George Peabody college for teachers.
104 1789 368 42 Contributions
499 1794 49 37 to
574 1790 273 49 education,
874 1801 77 30 no.
979 1790 81 50 55)

172 1846 172 41 Thesis
388 1847 108 48 (PH.
560 1846 292 49 D.)—George
886 1847 227 48 Peabody
1147 1847 182 48 college
1360 1847 79 41 for
1473 1847 237 50 teachers,
1744 1846 130 43 1929.

172 1903 173 40 Thesis
371 1906 113 38 note
510 1914 60 29 on
595 1903 128 40 label
749 1904 232 39 mounted
1008 1914 62 29 on
1094 1915 45 37 p.
1164 1903 30 40 2
1219 1903 54 41 of
1298 1913 156 32 cover.

172 1958 378 50 Bibliography:
580 1969 44 39 p.
654 1958 252 51 [181]-184.

105 2010 52 53 ©
183 2015 123 49 Aug.
329 2015 71 48 22,
429 2015 141 47 1929;
598 2015 70 41 2c.
694 2015 121 42 Nov.
841 2015 55 47 4;
926 2015 84 42 aff.
1037 2016 119 40 Nov.
1184 2015 55 48 2;
1268 2016 45 40 A
1338 2015 173 48 15475;
1545 2015 185 50 George
1756 2017 228 47 Peabody
173 2016 1914 104 college
303 2071 81 41 for

414 2071 236 41 teachers.
717 2071 283 50 (29-20310)

97 2164 204 66 Krieg,
326 2167 140 54 Mrs.
496 2164 235 66 Shirley
758 2165 293 56 Kreasan.

175 2243 121 53 The
322 2243 224 68 history
572 2242 65 54 of
660 2244 138 52 Zeta
823 2249 103 47 tau
951 2243 193 70 alpha,
1174 2247 310 52 1898-1928
1519 2245 103 70 [by]
1664 2244 233 72 Shirley
104 2246 1979 128 Kreasan

233 2319 1774 74 Krieg … v. 2. [Menasha, Wis.] The Fraternity, 1929.
172 2402 1234 51 xvii, 656, [2] p. illus., fold. pl., ports. 24 ½ᶜᵐ .
106 2454 52 53 ©
192 2459 120 41 Nov.
344 2459 71 49 25,
449 2459 114 40 1929;
625 2459 69 42 2c.
727 2459 113 41 Dec.
874 2461 57 38 14;
995 2459 83 43 aff.
1113 2460 113 41 Dec.
1262 2460 58 40 16;
1381 2461 42 39 A
1457 2461 148 40 16558;
1666 2461 118 41 Zeta
1818 2463 87 38 tau
1942 2460 160 49 alpha,

173 2515 227 49 Toronto,
430 2515 218 49 Ontario,
680 2515 216 42 Canada.

101 2595 237 64 Legend
369 2595 64 53 of
462 2595 258 57 Kawelo.

167 2674 122 53 The
319 2674 205 69 legend
553 2672 66 55 of
648 2675 257 68 Kawelo,
935 2675 320 54 translated
1286 2675 154 54 from
1472 2695 32 34 a
1534 2676 312 54 Hawaiian
1876 2682 123 48 text
2032 2676 74 71 by

97 2753 191 51 Laura
316 2752 61 55 C.
406 2751 204 70 Green,
635 2752 191 53 edited
849 2753 76 68 by
952 2753 237 53 Martha
1211 2754 246 54 Warren
1487 2754 314 55 Beckwith.
98 2756 1984 141 Poughkeepsie,

365 2830 68 53 N.
464 2830 89 66 Y.,
639 2847 157 35 Vassar
821 2830 230 69 college,
1082 2834 150 50 1929.

169 2910 1938 51 3 p. l., [3]-111, [1] p. 23 ᶜᵐ. (On cover: Publications of the Folklore
100 2966 306 42 foundation,
464 2977 77 31 no.
571 2966 52 49 9)

170 3024 66 40 At
270 3024 126 40 head
431 3024 53 40 of
519 3023 298 41 cover-title:
855 3025 185 39 Vassar
1075 3025 180 47 college
1291 3025 270 40 field-work
1595 3025 51 40 in
1680 3025 225 42 folklore.

170 3079 265 41 Hawaiian
460 3081 96 39 and
582 3080 206 48 English
814 3091 62 29 on
901 3080 219 48 opposite
1148 3091 162 38 pages.

170 3137 128 40 Title
323 3137 51 40 in
398 3136 264 40 Hawaiian
680 3146 9 30 :
717 3136 76 40 He
816 3137 205 40 moolelo
1047 3148 63 29 no
1135 3137 218 41 Kawelo.

108 3189 52 53 ©
191 3194 102 41 Oct.
323 3194 39 48 8,
391 3193 118 41 1929;
561 3196 70 38 2c.
661 3194 97 39 and
785 3193 84 41 aff.
901 3193 102 42 Oct.
1033 3192 58 41 10;
1148 3194 43 39 A
1218 3193 146 41 15092;
1423 3195 63 41 M.
1516 3195 72 40 W.
1620 3194 266 47 Beckwith,
176 3195 1911 104 Poughkeepsie,

413 3250 58 41 N.
501 3250 54 40 Y.
625 3248 282 50 (29-28349)

101 3329 327 65 Lenanton,
456 3332 139 53 Mrs.
625 3330 210 55 Carola
860 3331 176 63 Mary
1062 3329 219 54 Anima
1317 3331 252 66 (Oman)
1606 3333 171 54 1897-

170 3408 1875 72 Miss Barrett’s elopement, by C. Lenanton (Carola Oman) …
101 3488 258 68 London,
389 3487 242 53 Hodder
662 3489 114 52 and
811 3487 328 70 Stoughton
1166 3488 226 54 limited
1429 3491 172 65 [1929]

175 3567 89 41 368
293 3578 43 38 p.
397 3566 147 42 19½ᶜᵐ.

108 3620 1998 55 © 1c. Nov. 15, 1929; A ad int. 13232; pubd. Oct. 18; C. Lenanton, Ayot
180 3679 68 43 St.
278 3681 274 46 Lawrence,
582 3681 85 41 Nr.
697 3682 233 48 Welwyn,
960 3681 166 49 Herts,
1157 3682 239 47 England.
1464 3681 282 51 (29-28184)

101 3759 210 66 Lewis,
342 3761 245 53 Harriet
614 3762 291 55 Rossiter.

173 3837 384 73 Glimmering
615 3839 243 72 fireflies,
915 3842 77 69 by
1049 3840 242 55 Harriet
1349 3841 258 55 Rossiter
1662 3842 203 55 Lewis.
102 3841 1983 147 Cambridge,

353 3917 159 53 Priv.
545 3919 175 68 print,
756 3925 59 47 at
845 3919 96 54 the
973 3916 300 57 Riverside
1305 3937 177 53 press,
1516 3924 150 52 1929.
