2547 4384
1376 4038 101 49 822

501 468 1695 50 [43] p. incl. front. (port.) illus. (1 mounted) plates, map. 31 ᶜᵐ.
432 520 52 52 ©
512 525 109 39 Feb.
648 525 38 45 1,
713 523 116 41 1929;
882 525 68 39 2c.
978 525 95 39 and
1099 524 81 40 aff.
1207 526 113 46 May
1344 528 28 35 4;
1426 526 42 38 A
1492 524 114 41 9101;
1662 526 215 40 Herbick
1904 526 38 40 &
1966 527 128 39 Held
2118 527 221 48 printing
2364 537 67 31 co.

510 581 281 48 (29-11272)

428 659 203 64 Hulse,
667 660 256 52 Edward
957 659 221 66 Pierce,
1213 664 83 52 ed.

496 738 118 52 Arc
645 737 278 70 welding;
959 739 243 52 Lincoln
1234 739 156 69 prize
1426 757 206 52 papers
1665 739 310 53 submitted
2008 745 57 47 to
2099 742 99 51 the
425 743 1984 126 American

578 815 214 71 society
819 816 64 53 of
909 818 351 53 mechanical
1288 817 311 69 engineers,
1629 818 189 53 edited
1847 820 75 67 by
1951 820 256 52 Edward
2235 820 197 54 Pierce

424 895 1983 147 Hulse … 1st ed. New York [etc.] McGraw-Hill book company,
627 973 127 70 inc.,
789 977 150 50 1929.

497 1055 1482 50 ix, 421 p. illus., fold. plates, diagrs. 23½ ᶜᵐ. $5.00
498 1112 230 41 “Lincoln
755 1123 84 30 arc
866 1112 209 48 welding
1102 1112 186 49 prizes”
1316 1113 155 48 given,
1499 1112 130 50 1928,
1657 1115 60 47 by
1748 1115 81 40 the
1858 1114 202 41 Lincoln
2087 1114 197 41 electric
426 1126 1989 92 company

583 1169 52 41 of
665 1170 276 41 Cleveland,
1002 1171 62 47 cf.
1097 1170 130 41 Pref.

431 1223 2002 52 © May 28, 1929; 2c. and aff. May 31; A 9403; McGraw-Hill book co., inc.
509 1284 282 49 (29-12286)

430 1365 186 63 Hunt,
655 1364 192 53 Leslie
886 1365 64 54 L.

514 1446 66 49 25
619 1443 148 53 kites
809 1444 128 51 that
979 1443 78 68 fly
1104 1443 110 70 [by]
1259 1443 186 53 Leslie
1486 1445 64 51 L.
1594 1445 185 52 Hunt.
1872 1444 359 67 Milwaukee,
2273 1444 160 67 Wis.,

426 1521 1827 70 New York [etc.] The Bruce publishing company [ ᶜ1 929]
495 1603 1107 49 xiv, 110 p. incl. front., illus., diagrs. 23 ᶜᵐ.
495 1661 380 48 Bibliography:
904 1671 44 38 p.
981 1660 113 50 [107]

431 1714 52 52 ©
513 1720 116 46 May
653 1719 68 43 16,
751 1718 118 41 1929;
923 1718 66 40 2c.
1017 1718 95 40 and
1139 1718 82 40 aff.
1249 1718 128 40 June
1401 1719 53 46 3;
1483 1719 41 38 A
1550 1718 142 47 9444;
1723 1719 50 39 L.
1803 1718 52 41 L.
1881 1719 151 46 Hunt,
2062 1719 214 46 Harvey.
2306 1719 74 39 Ill.

509 1776 283 48 (29-12278)

428 1855 354 64 Hutchison,
817 1857 220 51 Ernest
1070 1855 298 63 Kinyoun.

497 1934 221 52 Mental
751 1934 265 69 engineer
1046 1934 186 52 series,
1309 1934 108 52 vol.
1493 1977 9 8 A.
1535 1932 157 55 Gods
1725 1934 112 52 and
1870 1934 289 67 religions,
2192 1952 94 34 sex
2321 1932 113 53 and

424 2012 304 68 marriage,
747 2012 317 53 education.
1142 2013 48 51 By
1251 2012 211 53 Ernest
1476 2012 280 68 Kinyoun
1772 2011 344 53 Hutchison.
2199 2010 231 67 Seattle,

426 2091 811 66 Wash., The author [ ᶜ1 929]
498 2173 85 40 197
605 2185 42 36 p.
708 2174 171 47 plates,
903 2175 122 46 port.
1085 2173 58 41 20
1145 2176 44 21 cm

431 2226 52 52 ©
508 2232 113 46 Apr.
643 2231 69 45 25,
738 2230 116 40 1929;
906 2231 65 39 2c.
999 2232 113 46 May
1134 2230 26 39 2;
1213 2230 82 40 aff.
1319 2231 114 47 May
1455 2230 25 39 1;
1533 2231 39 38 A
1598 2230 115 40 8300;
1767 2232 52 38 E.
1838 2230 59 40 K.
1916 2228 290 43 Hutchison,
2234 2229 198 40 Seattle.

508 2288 282 49 (29-12137)

430 2368 350 65 Johnstone,
809 2370 139 54 Mrs.
978 2369 180 53 Maud
1186 2367 215 55 Louise
1439 2367 286 67 (Barber)
1765 2372 171 52 1885-

498 2449 419 69 Perpetuating
965 2449 253 53 honored
1266 2467 192 35 names
1504 2449 253 68 through
1805 2467 72 34 an
1922 2448 253 52 honored
2223 2447 208 68 school,

430 2528 113 52 and
578 2529 95 52 the
706 2527 223 70 history
962 2527 64 53 of
1059 2527 248 53 Newark
1340 2527 288 68 academy,
1661 2528 76 68 by
1769 2526 180 54 Maud
1982 2527 64 52 L.
2080 2526 348 65 Johnstone;

428 2606 171 68 being
640 2625 31 33 a
715 2607 343 52 substantial
1102 2607 206 67 appeal
1352 2604 95 53 for
1488 2606 95 52 the
1626 2605 407 68 perpetuating
2075 2604 64 54 of
2176 2605 255 52 honored

427 2703 192 35 names
655 2685 252 67 through
946 2702 72 34 an
1053 2685 253 51 honored
1342 2683 207 53 school.
1625 2683 312 68 Including
1976 2702 72 33 an
2084 2687 239 49 account
2358 2701 74 35 on

429 2763 96 52 the
553 2764 157 54 early
735 2763 224 68 history
983 2761 66 54 of
1072 2762 96 53 the
1194 2762 207 53 school.
1483 2761 283 69 [Newark,
1792 2761 70 53 N.
1889 2761 75 68 J.,
1989 2761 80 55 M.
2098 2761 64 53 F.
2192 2761 240 68 Dreher,

430 2839 1995 70 inc.] The sign of the puritan hat pierced with an arrow [ ᶜ1 929]
499 2920 1083 51 [15] p. illus. (incl. ports.) fold. pl. 29 ᶜᵐ.
430 2974 52 52 ©
510 2979 123 39 Mar.
658 2978 70 42 25,
756 2977 140 47 1929;
925 2978 68 40 2c.
1020 2978 114 47 Apr.
1161 2977 85 48 20;
1275 2977 83 41 aff.
1386 2978 114 46 May
1526 2977 54 47 4;
1610 2977 41 39 A
1679 2976 141 48 7929;
1852 2977 63 40 M.
1943 2977 51 40 L.
2025 2977 284 46 Johnstone,
2338 2976 91 40 inc.

507 3034 282 48 (29-11263)

428 3101 227 63 Kallen,
689 3102 229 52 Horace
949 3102 222 62 Meyer,
1209 3106 172 49 1882-

498 3179 297 52 Frontiers
832 3178 65 53 of
932 3179 149 67 hope
1123 3178 109 69 [by]
1274 3179 226 52 Horace
1537 3179 79 51 M.
1655 3179 227 51 Kallen.
1959 3178 139 53 New
2137 3178 180 67 York,
2353 3178 78 52 H.

426 3257 190 53 Liveri
624 3257 122 69 ght,
778 3260 149 50 1929.

492 3339 388 49 viii, 452 p. 21 ᶜᵐ.
777 3397 331 39 CONTENTS.—Remnants
1145 3397 109 39 that
1290 3396 346 41 return.—Out
1670 3397 52 40 of
1756 3397 83 40 the
1874 3396 166 40 Polish
422 3396 1990 105 depths.—Salvage
563 3454 51 39 in
635 3453 195 40 Russia.

428 3506 52 52 ©
506 3511 114 47 May
645 3510 40 47 8,
711 3509 116 40 1929;
880 3510 68 40 2c.
974 3511 96 39 and
1096 3509 82 41 aff.
1204 3511 114 46 May
1344 3509 57 40 10;
1454 3509 42 40 A
1521 3509 115 41 8010;
1691 3510 192 40 Horace
1909 3509 266 48 Liveright,
2203 3509 91 40 inc.

505 3565 281 50 (29-10696)

423 3630 177 76 King,
633 3631 219 64 Frank,
888 3636 171 50 1892-

495 3694 121 67 TÎie
668 3708 210 68 Ghoul,
930 3709 75 68 by
1059 3709 199 52 Frank
1309 3709 178 69 King.
1562 3709 140 53 New
1755 3709 181 68 York,
1990 3708 69 56 G.
2111 3709 79 52 H.
2244 3709 181 68 Watt,

426 3789 149 49 1929.

525 3867 563 49 v p., 1 l. , 9-308 p. 19½ ᶜᵐ.
429 3919 51 52 ©
507 3925 109 40 Jan.
642 3925 68 47 16,
738 3925 116 40 1929;
906 3926 67 39 2c.
1001 3926 121 38 Mar.
1148 3926 55 39 23;
1260 3924 82 41 aff.
1369 3927 122 39 Mar.
1517 3924 58 40 20;
1628 3925 43 38 A
1697 3925 114 39 6126;
1868 3925 53 40 G.
1949 3925 216 40 Howard
2192 3925 151 41 Watt.

505 3979 250 52 (29-7492)
