2512 4377
1321 4073 103 50 284

415 493 896 50 5 p. l., 153 p. front. (port.) 20½ ᶜᵐ.
351 549 52 53 ©
431 553 111 41 Feb.
566 553 70 48 28,
663 553 113 40 1929;
831 553 68 40 2c.
926 553 96 40 and
1047 552 82 41 aff.
1156 553 122 40 Mar.
1305 552 51 39 11;
1417 551 40 40 A
1484 551 141 47 5756;
1655 551 186 42 Judson
1870 562 149 39 press.
428 609 252 49 (29-6444)

349 692 286 64 Berliner,
669 691 243 64 Arnold,
950 695 170 50 1862-

418 769 300 52 Lehrbuch
745 770 99 51 der
870 769 211 68 physik
1104 769 59 52 in
1190 771 368 51 elementarer
1585 769 374 69 darstellung,
1986 788 110 33 von
2123 768 224 54 Arnold

348 846 279 53 Berliner.
702 850 47 48 4.
783 846 148 67 aufl.,
961 846 105 53 mit
1098 849 100 50 802
1230 846 404 69 abbildungen.
1710 846 218 67 Berlin,
1959 847 56 54 J.
2052 845 297 71 Springer,

351 927 150 50 1928.

418 1004 768 49 v, 658 p. illus., diagrs. 25½ ᶜᵐ.
356 1059 1941 52 © Oct. 20, 1928; 1c. Jan. 11, 1929; A—Foreign 1239; Julius Springer.
433 1119 251 48 (29-7064)

356 1201 182 54 Bible.
604 1203 70 51 N.
706 1203 63 50 T.
839 1201 252 68 Gospels.
1159 1203 325 52 Selections.
1551 1202 262 67 English.

354 1277 1979 302 The life and teaching of Christ, in the very words of Scripture, compiled from the four Gospels, and chronologically arranged by Reginald Ponsonby; preface by Sir Wilfred Grenfell … London, Simpkin, Marshall, limited [1928]
424 1594 885 49 xvi, 264 p. front., pl., map. 22 ᶜᵐ.
359 1647 1994 53 © 1c. Jan. 11, 1929; A ad int. 12407; pubd. Nov. 12, 1928; Reginald
427 1708 193 41 Gordon
654 1708 269 48 Ponsonby,
960 1707 201 48 Oxford,
1199 1707 236 48 England.
1509 1707 252 50 (29-7521)

359 1789 304 65 Bickford,
694 1790 180 64 Hugh
906 1789 196 64 Craig,
1137 1793 171 50 1900-

428 1868 176 55 Court
638 1871 310 66 procedure
979 1868 58 54 in
1073 1869 219 53 federal
1326 1876 98 46 tax
1456 1889 168 44 cases,
1654 1870 76 64 by
1763 1871 182 65 Hugh
1979 1871 62 53 C.
2077 1869 280 57 Bickford

416 1946 1944 72 … Rev. ed., giving effect to the revised rules of the Supreme
357 2032 161 47 court
555 2026 64 53 of
655 2027 95 51 the
789 2026 214 53 United
1049 2025 205 64 States,
1291 2026 165 52 made
1495 2024 256 54 effective
1789 2026 143 66 July
1974 2029 45 57 1,
2062 2030 162 61 1928;

2265 2029 96 52 the
358 2105 359 53 amendment
756 2110 59 47 to
854 2105 97 51 the
987 2103 156 53 Writ
1183 2103 64 53 of
1286 2122 157 34 error
1484 2110 86 46 act
1614 2105 200 66 passed
1854 2103 174 69 April
2067 2107 85 66 25,
2197 2108 161 64 1928;

358 2183 94 53 the
489 2183 321 68 provisions
847 2182 63 53 of
945 2183 93 52 the
1075 2182 264 52 Revenue
1374 2187 90 48 act
1498 2181 65 53 of
1601 2185 161 60 1928;
1801 2183 113 53 and
1952 2182 409 54 authoritative

358 2279 151 35 cases
551 2261 233 53 decided
829 2259 149 54 since
1022 2261 94 51 the
1162 2259 156 54 First
1361 2259 232 54 edition.
1670 2260 138 52 New
1852 2260 180 58 York,
357 2260 2003 148 Prentice-Hall,
544 2340 126 59 inc.,
701 2341 149 50 1929.

428 2419 362 49 xl, 440 p. 23½ ᶜᵐ.
364 2473 51 53 ©
443 2479 110 38 Jan.
580 2477 39 47 2,
647 2476 116 40 1929;
818 2476 66 40 2c.
912 2477 122 39 Mar.
1062 2475 81 46 13;
1173 2474 81 41 aff.
1283 2476 122 40 Mar.
1434 2475 81 47 12;
1545 2475 40 39 A
1610 2475 142 46 4863;
1783 2475 375 48 Prentice-Hall,
2189 2475 89 41 inc.
441 2532 252 48 (29-6695)

362 2613 317 63 Bingham,
707 2612 221 52 Harold
961 2611 198 64 Clyde,
1191 2617 171 49 1888-

360 2688 1979 149 … Chimpanzee translocation by means of boxes, by Harold C. Bingham … Baltimore,
1382 2767 140 67 Md.,
1548 2768 122 52 The
1697 2767 185 54 Johns
1909 2766 271 69 Hopkins
2207 2785 157 50 press
366 2851 171 64 [1929]

432 2928 1934 50 cover-title, 91 p. incl. tables. 4 pl. 26½ ᶜᵐ. (Comparative psychology
364 2987 335 48 monographs,
756 2999 44 29 v.
830 2988 38 42 5,
899 2987 146 40 serial
1076 2997 74 30 no.
1179 2986 69 43 25,
1279 2986 266 47 February,
1574 2985 140 50 1929)

432 3043 349 42 “References”
801 3054 9 29 :
844 3054 43 38 p.
919 3044 70 40 91.

367 3096 51 53 ©
449 3101 111 40 Feb.
588 3101 68 45 27,
685 3100 117 40 1929;
856 3100 68 40 2c.
953 3102 95 38 and
1076 3099 82 41 aff.
1189 3101 122 38 Mar.
1339 3100 28 39 5;
1422 3099 41 39 A
1490 3100 116 40 4715;
1666 3099 155 41 Johns
1849 3098 224 49 Hopkins
2102 3109 150 38 press.

445 3157 252 48 (29-6463)

361 3237 199 64 Blake,
593 3237 240 63 Gladys.

433 3315 121 51 The
588 3314 350 53 Poindexter
974 3315 181 67 pride,
1188 3315 76 68 by
1297 3313 221 70 Gladys
1554 3313 196 53 Blake.
1826 3313 139 53 New
2003 3312 179 68 York,
365 3314 1975 144 London,

521 3392 71 52 D.
622 3392 293 67 Appleton
946 3395 45 50 &
1020 3411 298 49 company,
1350 3394 150 50 1929.

433 3473 794 50 3 p. l., 230. [1] p. front. 19½ᶜᵐ
369 3527 52 52 ©
449 3533 122 38 Mar.
599 3532 38 46 8,
665 3532 115 39 1929;
834 3532 69 40 2c.
930 3535 96 38 and
1053 3531 82 40 aff.
1163 3532 123 39 Mar.
1314 3531 54 40 13;
1424 3530 41 39 A
1491 3531 115 39 5777;
1663 3531 57 40 D.
1748 3530 240 48 Appleton
2016 3530 36 40 &
2079 3540 67 31 co.

447 3588 250 48 (29-6457)

369 3667 381 65 Bodenheim,
782 3668 290 62 Maxwell,
1105 3673 170 49 1893-

438 3743 170 70 Sixty
657 3746 250 63 seconds,
957 3745 74 68 by
1083 3745 269 52 Maxwell
1404 3744 369 53 Bodenheim.
1863 3743 140 54 New
2057 3744 180 67 York,
2288 3745 77 52 H.

363 3822 303 68 Liveright
744 3826 152 63 [ᶜ1929]

435 3903 628 48 vi p., 1 l. , 9-280 p. 19½ ᶜᵐ.
372 3956 52 52 ©
448 3962 125 39 Mar.
599 3962 38 41 8.
664 3961 113 40 1929;
832 3962 67 40 2c.
926 3963 122 38 Mar.
1075 3961 51 47 9;
1156 3960 81 42 aff.
1266 3962 120 39 Mar.
1415 3961 81 46 13;
1525 3960 42 39 A
1592 3960 140 48 5780;
1763 3960 192 41 Horace
1981 3959 266 44 Liveright.
2274 3960 90 40 inc.

448 4016 252 44 (29-6451)
