2582 4377
1367 4054 67 53 78

479 478 786 50 ix, [1] p., 1 l., 351, [1] p. 21 ᶜᵐ.
412 530 51 52 ©
491 535 109 40 Jan.
627 535 69 48 18,
724 534 114 40 1929;
893 534 67 40 2c.
988 536 94 39 and
1109 534 82 42 aff.
1219 536 110 40 Jan.
1357 535 54 40 23;
1468 534 41 40 A
1535 535 141 46 3874;
1707 535 57 40 D.
1793 535 238 48 Appleton
2060 536 36 40 &
2123 547 68 30 co.

489 590 250 48 (29-2250)

408 686 157 65 Rice,
597 687 200 52 Elmer
827 687 175 64 Cook,
1036 692 171 50 1868-

478 763 1933 70 The national standard squab book, by Elmer C. Rice … a
406 842 277 67 practical
723 843 233 51 manual
996 842 204 69 giving
1240 843 277 67 complete
1557 843 114 52 and
1712 842 216 69 precise
1969 843 307 54 directions
2317 843 94 53 for

407 920 96 54 the
537 919 359 55 installation
931 921 113 53 and
1078 925 399 65 management
1509 919 65 55 of
1607 939 32 35 a
1675 920 308 55 successful
2017 922 175 69 squab
2229 922 178 69 plant.

408 999 2002 70 Facts from experiences of many … illustrated with new
406 1079 253 52 sketches
714 1079 112 53 and
879 1078 131 53 half
1059 1084 131 48 tone
1243 1080 183 66 plates
1480 1078 153 53 from
1686 1079 397 69 photographs
2135 1080 275 70 specially

405 1156 1980 148 made for this work. Cambridge, Mass., The Murray printing company [ ᶜ19 29]
472 1317 1202 50 3 p. l., 11-416 p. front. (port.) illus. 20 ᶜᵐ .
475 1375 361 49 “Fifty-second
869 1374 228 42 edition.”

408 1428 1998 52 © Jan. 1, 1929; 2c. Jan. 18; aff. Jan. 37; A 3912; E . C. Rice, Melrose,
475 1490 146 39 Mass.
692 1489 251 48 (29-2567)

404 1584 318 64 Robinson,
753 1583 243 55 Willard
1029 1583 262 65 Haskell,
1325 1588 171 51 1889-

474 1663 122 52 The
627 1662 262 69 parables
924 1661 64 53 of
1022 1662 167 53 Jesus
1222 1661 61 52 in
1315 1662 151 52 their
1500 1662 244 53 relation
1776 1667 59 48 to
1870 1662 112 53 His
2016 1662 287 70 ministry,
2337 1663 73 70 by

402 1737 2009 74 Willard H. Robinson … Chicago, Ill., The University of
406 1818 251 70 Chicago
689 1837 157 50 press
1029 1823 47 62 [ᶜ1928]

471 1902 371 49 ix, 222 p. 20 ᶜᵐ.
472 1959 351 48 Bibliography:
885 1970 43 37 p.
960 1958 101 41 205.

405 2013 51 52 ©
492 2016 102 41 Oct.
627 2015 40 49 5,
700 2016 141 45 1928;
876 2016 68 39 2c.
978 2015 110 40 Jan.
1120 2015 69 41 21,
1224 2014 141 42 1929;
1402 2014 83 40 aff.
1520 2014 110 41 Jan.
1664 2015 82 46 14;
1782 2015 42 38 A
1856 2014 141 42 2982;
2037 2015 283 46 University
2356 2016 51 40 of

472 2073 224 47 Chicago,
733 2072 223 48 Chicago.
1032 2071 251 49 (29-2491)

403 2167 185 62 Scott,
622 2168 139 51 Mrs.
800 2165 323 56 Catharine
1160 2165 157 63 Amy
1359 2164 317 66 (Dawson)

471 2244 60 54 Is
567 2244 116 54 this
715 2242 258 56 Wilson?
1052 2243 287 70 Messages
1375 2243 319 54 accredited
1730 2247 59 50 to
1823 2244 307 55 Woodrow
2166 2243 242 69 Wilson,

401 2323 254 53 received
684 2322 75 69 by
786 2322 140 53 Mrs.
960 2321 61 55 C.
1049 2321 71 53 A.
1150 2322 251 53 Dawson
1433 2321 177 68 Scott,
1640 2322 139 52 with
1810 2341 73 33 an
1911 2322 394 54 introduction
2331 2323 75 69 by

402 2399 1999 70 Edward S. Martin. New York, E. P. Dutton & co. inc. [ ᶜ19 29]
469 2484 277 50 165 p. 20 ᶜᵐ.
403 2539 51 52 ©
483 2543 110 39 Jan.
620 2542 69 47 11,
717 2541 114 41 1929;
887 2542 66 40 2c.
982 2541 96 39 and
1105 2540 83 41 aff.
1217 2540 109 40 Jan.
1354 2540 81 42 14;
1466 2540 40 39 A
1533 2540 140 42 3739;
1705 2541 52 40 E.
1786 2541 50 40 P.
1865 2541 188 39 Dutton
2082 2545 37 41 &
2145 2552 81 37 co.,
2256 2541 90 41 inc.

480 2597 252 50 (29-2490)

402 2693 306 63 Seymour,
741 2693 140 53 Mrs.
915 2691 274 55 Beatrice
1223 2692 166 53 Kean
1432 2690 370 65 (Stapleton)

471 2769 1935 69 Youth rides out, by Beatrice Kean Seymour … New York,
398 2847 72 55 A.
497 2847 72 54 A.
598 2846 226 71 Knopf,
855 2849 150 52 1929.

468 2932 692 49 5 p. l., [3]-318 p., 1 l. 19½ᶜᵐ.
470 2990 129 39 “The
633 2989 191 47 history
857 2988 52 40 of
941 2988 136 47 Tony
1111 2987 248 41 Warren’s
1393 2987 244 47 marriage
1669 2989 96 39 and
1798 2988 52 40 of
1883 2989 87 39 her
2004 2989 295 47 subsequent

397 3000 1988 93 relationship
698 3045 120 40 with
851 3045 214 46 Lindsay
1098 3046 194 39 Bordon
1323 3044 43 40 is
1398 3044 140 46 given
1570 3044 48 39 in
1654 3045 171 40 ‘Three
1855 3044 207 41 wives’.”

403 3099 51 52 ©
483 3103 110 40 Jan.
619 3103 69 46 18,
715 3102 140 46 1929;
885 3102 66 39 2c.
980 3102 110 39 Jan.
1118 3102 82 45 23;
1229 3100 83 42 aff.
1341 3101 110 40 Jan.
1479 3101 83 46 22;
1594 3101 39 38 A
1661 3101 141 47 3856;
1834 3102 53 40 B.
1917 3102 58 39 K.
2009 3102 245 46 Seymour,
470 3101 1916 99 London.
645 3158 251 49 (29-2377)

398 3253 175 64 Sims,
609 3253 277 63 Thomas,
926 3258 172 49 1849-

470 3329 230 56 Church
749 3348 137 51 year
934 3348 279 45 sermons;
1267 3330 194 68 pulpit
1509 3330 292 53 addresses
1853 3329 94 53 for
1993 3330 98 53 the
2138 3328 198 57 Sundays

398 3406 1979 150 from Advent to Easter, by Thomas Sims … New York, Chicago [etc.]
741 3485 1133 71 Fleming H. Revell company [ ᶜ19 29 ]
465 3571 89 40 208
580 3582 44 37 p.
684 3571 146 39 19½ᶜᵐ.

401 3623 51 52 ©
482 3628 109 40 Jan.
620 3627 68 42 12,
717 3627 115 39 1929;
888 3627 68 40 2c.
986 3627 95 39 and
1109 3626 82 41 aff.
1221 3627 110 40 Jan.
1359 3625 82 48 19;
1474 3627 38 38 A
1541 3626 115 40 2920;
1714 3626 221 45 Fleming
1961 3627 61 40 H.
2053 3626 167 40 Revell
2249 3637 68 29 co.

478 3683 251 49 (29-2489)

401 3777 190 63 Snow,
619 3776 180 53 Louis
829 3776 303 64 Franklin,
1162 3776 83 55 ed.

473 3853 323 67 [Questions
845 3855 181 52 added
1080 3856 60 50 in
1186 3874 124 34 new
1358 3855 356 68 impression]
1768 3854 76 68 by
1891 3854 175 53 Louis
2115 3853 285 53 Franklin

399 3931 1999 71 Snow … [in the book entitled] An inland voyage and Travels
