2547 4384
1327 4016 136 52 1020

406 368 286 64 Cochran,
731 367 199 56 Louis.

471 445 120 53 The
617 449 158 64 story
800 443 64 54 of
886 444 96 52 the
1006 443 173 68 lowly
1203 460 203 51 gnome;
1460 441 187 54 When
1671 441 97 52 the
1793 458 91 35 sea
1909 440 186 69 king’s
2122 441 283 68 daughter

401 541 153 34 came
581 526 97 48 out
704 521 66 53 of
793 522 96 52 the
914 540 91 34 sea;
1062 520 151 52 How
1238 520 96 52 the
1359 519 99 52 red
1484 537 122 34 rose
1633 536 154 34 came
1812 523 58 47 to
1894 518 69 52 be
1988 518 118 67 red,
2128 518 77 69 by
2230 518 175 52 Louis

402 596 1754 70 Cochran. Philadelphia, Dorrance and company [ ᶜ1 929]
472 682 243 49 72 p. 21 ᶜᵐ.
407 750 52 53 ©
485 753 116 48 July
625 752 68 49 10,
719 752 115 40 1929;
888 752 69 41 2c.
982 751 117 48 July
1124 750 81 48 10;
1234 749 83 41 aff.
1342 749 117 49 July
1484 749 55 39 12;
1595 748 41 40 A
1662 748 171 48 10199;
1862 749 249 41 Dorrance
2138 750 37 40 &
2201 759 82 37 co.,
2310 750 92 40 inc.

485 810 282 49 (29-14403)

409 906 239 63 Cooper,
679 904 261 53 Thomas
969 904 168 54 Yost.

470 984 222 54 Wren’s
717 987 154 48 nest:
899 1000 31 35 a
960 981 156 69 fairy
1141 981 114 53 tale
1282 980 60 52 in
1369 998 175 51 verse,
1572 981 113 52 and
1712 982 162 51 other
1901 1000 210 51 poems,
2136 983 77 67 by
2239 983 67 52 T.
2333 983 72 52 Y.

402 1060 237 70 Cooper.
714 1061 293 68 Hanover,
1040 1062 121 62 Pa.,
1198 1060 120 53 The
1355 1058 204 55 Picket
1592 1076 175 53 press,
1806 1063 150 50 1929.

508 1142 309 50 x, 213 p. 23 ᶜᵐ.
407 1210 52 52 ©
484 1215 115 47 July
622 1215 39 46 1,
686 1213 115 40 1929;
854 1214 68 40 2c.
948 1214 96 39 and
1067 1212 83 40 aff.
1176 1212 116 48 July
1318 1212 24 39 5;
1397 1212 43 39 A
1463 1211 143 40 10072;
1662 1212 53 41 T.
1740 1212 55 40 Y.
1822 1211 196 49 Cooper,
2046 1212 246 46 Hanover,
2319 1212 85 40 Pa.

484 1270 282 50 (29-14499)

407 1364 276 64 Courths,
711 1365 159 53 Frau
899 1362 250 66 Hedwig
1186 1362 290 67 (Mahler)
1516 1364 172 54 1867-

470 1443 104 53 Ich
628 1443 113 52 hab
797 1461 60 34 so
909 1443 112 52 viel
1076 1461 97 34 um
1229 1442 131 52 dich
1416 1441 261 69 geweint,
1733 1460 198 34 roman
1989 1461 111 33 von
2156 1442 253 70 Hedwig

402 1520 1805 69 Courths-Mahler. Reutlingen, Ensslin & Laiblin [ ᶜ1 929]
469 1603 271 50 352 p. 19 ᶜᵐ.
406 1671 1857 52 © Jan. 21, 1929; 1c. Mar. 20; A —Foreign 2510; Ensslin & Laiblin.
484 1731 281 49 (29-14203)

404 1825 220 65 Cullen,
660 1826 261 53 Thomas
955 1826 65 54 F.

469 1905 120 52 The
627 1905 157 67 Very
820 1903 297 53 Reverend
1155 1904 231 52 Mother
1423 1904 175 68 Mary
1633 1901 63 54 of
1735 1904 95 52 the
1868 1903 241 54 Passion
2150 1904 114 53 and
2303 1904 102 53 her

398 1982 279 67 institute,
698 1982 78 69 by
800 1982 137 52 Rev.
964 1982 250 52 Thomas
1239 1982 64 51 F.
1333 1980 221 55 Cullen.
1615 1981 314 54 Published
1954 1982 77 68 by
2056 1982 348 53 Franciscan

399 2059 383 54 missionaries
813 2058 65 54 of
904 2059 173 69 Mary
1107 2060 60 51 in
1198 2078 136 51 year
1365 2058 64 54 of
1460 2060 208 69 golden
1701 2059 210 69 jubilee
1944 2058 65 54 of
2040 2058 365 70 foundation,

399 2136 995 69 1877-1927. [Providence, ᶜ1 929]
467 2219 1342 48 3 p. l. , vi p., 1 l., 370 p. front., plates, ports. 21½ ᶜᵐ.
404 2287 52 52 ©
487 2292 126 39 June
642 2291 69 48 20,
743 2290 141 47 1929;
916 2292 68 39 2c.
1015 2292 96 39 and
1143 2290 82 41 aff.
1260 2290 112 49 July
1403 2292 24 38 1;
1489 2291 40 39 A
1561 2290 141 48 9982;
1739 2291 296 40 Franciscan
2067 2291 335 42 missionaries

471 2348 52 40 of
549 2349 153 48 Mary,
732 2348 58 40 N.
817 2347 310 50 Providence,
1157 2348 55 39 R.
1243 2349 38 39 I.
1348 2347 281 50 (29-14454)

402 2443 219 64 Cutler,
652 2442 213 54 Alfred
896 2444 255 54 Morton.

528 2520 1875 71 … The continental “great union” flag … by Alfred Morton
399 2597 212 55 Cutler.
681 2597 356 70 Somerville,
1065 2599 193 68 Mass.,
1291 2602 150 50 1929.

467 2679 1535 51 4 p. l. , 48 p. front., illus., plates (1 col.) facsims. 23 ᶜᵐ.
466 2749 63 39 At
552 2749 125 39 head
701 2749 53 40 of
777 2749 108 40 title:
940 2749 112 47 City
1076 2749 53 41 of
1155 2749 297 49 Somerville,
1480 2751 403 48 Massachusetts,
1912 2751 171 41 School
2111 2752 291 42 committee.

467 2804 284 41 Cover-title:
808 2806 102 40 The
940 2807 103 39 real
1070 2806 110 41 first
1207 2805 220 42 national
1458 2807 108 48 flag,
1598 2818 63 29 an
1692 2807 339 49 introductory
2062 2809 148 48 study
2240 2809 52 40 of
2321 2810 83 40 the

398 2861 251 41 historical
678 2862 248 40 evolution
952 2863 53 40 of
1032 2864 81 39 the
1142 2863 98 48 flag
1264 2864 53 40 of
1344 2865 83 39 the
1455 2864 179 40 United
1665 2864 178 41 States.

403 2927 52 52 ©
481 2932 126 40 June
632 2933 68 47 14,
728 2933 140 47 1929;
896 2934 69 41 2c.
991 2936 96 38 and
1114 2933 83 41 aff.
1225 2935 115 47 July
1365 2935 53 46 3;
1447 2935 41 39 A
1514 2934 171 48 11040;
1714 2936 55 40 A.
1796 2937 63 39 M.
1888 2935 180 48 Cutler,
2100 2936 298 48 Somerville,

470 2989 148 41 Mass.
683 2989 281 50 (29-14463)

400 3082 295 66 Dominik,
731 3085 169 52 Hans
931 3085 288 65 Joachim,
1256 3087 173 55 1872-

465 3161 198 69 König
703 3161 248 55 Laurins
990 3165 231 61 mantel,
1261 3183 199 35 roman
1500 3184 111 33 von
1652 3167 166 52 Hans
1858 3166 292 54 Dominik.
2229 3172 46 49 1.
2316 3167 86 54 bis

398 3241 80 51 15.
514 3241 256 53 tausend.
847 3242 217 69 Berlin,
1100 3245 67 52 E.
1204 3243 163 53 Keils
1402 3241 193 55 nachf.
1646 3244 97 70 (A.
1784 3245 226 69 Scherl)
2057 3264 53 50 g.
2146 3265 73 33 m.
2255 3245 52 54 b.
2344 3246 55 53 h.

401 3321 173 63 [ ᶜ1 928]
464 3399 378 51 303, [1] p. 19 ᶜᵐ.
401 3452 52 52 ©
481 3457 111 40 Dec.
619 3459 39 46 7,
686 3458 141 47 1928;
886 3469 38 30 1c.
952 3461 123 39 Mar.
1103 3460 69 48 20,
1200 3460 142 45 1929;
1372 3461 101 39 A—
1476 3460 208 49 Foreign
1711 3461 115 41 2506;
1886 3463 152 39 Ernst
2065 3461 138 41 Keils
2230 3460 165 42 nachf.

478 3513 212 49 (August
721 3514 191 49 Scherl)
948 3526 42 38 g.
1020 3528 59 30 m.
1107 3517 43 40 b.
1180 3517 45 41 h.
1292 3517 282 50 (29-14204)

399 3607 284 64 Dreyfus,
716 3609 244 65 Robert,
999 3612 170 54 1873-

526 3683 1869 76 … Monsieur Thiers contre l’empire, la guerre, la commune,
394 3761 1177 73 1869-1871. Paris, B. Grasset [ ᶜ1 928]
463 3843 696 50 2 p. l., [7]-35l p., 2 l. 19 ½ ᶜᵐ.
399 3895 1992 59 © Dec. 20, 1928; 1c. Mar. 22, 1929; A— Foreign 2602; Bernard Grasset.
476 3955 280 52 (29-14185)
