2542 4389
1104 4017 135 51 1005

181 363 188 65 Place,
397 363 211 63 Perley
634 362 287 62 Oakland,
952 363 171 54 1872-

245 437 1793 73 First year Latin, by Perley Oakland Place … with the
175 439 1980 147 collaboration of Henry R. Gardner … and M. Julia Bentley …
176 597 137 52 New
345 596 181 68 York,
557 595 332 55 Cincinnati
1054 627 13 35 [etc.]
1105 594 310 53 American
1446 593 148 54 book
1626 611 282 51 company
2056 596 85 64 [ᶜ1929]

245 674 1875 52 xxvi, 403 p. incl. col. front., illus. (part col.) maps (1 double) 19 ᶜᵐ.
181 746 52 52 ©
268 751 127 39 June
428 750 69 47 24,
533 749 140 47 1929;
710 749 69 40 2c.
816 750 127 39 June
978 749 82 46 27;
1099 748 82 39 aff.
1217 748 128 40 June
1380 747 82 47 28;
1501 748 41 38 A
1576 747 142 47 9936;
1755 746 160 40 Amer,
1952 747 124 40 book
2112 758 68 28 co.

258 804 282 52 (29-14067)

183 916 260 70 [Portail,
479 919 169 55 Mme.
685 917 245 66 Jeanne]

307 991 1873 71 … La femme enchaînée, roman. Paris, G. Crès et c ⁱᵉ , 1928.
244 1074 1284 51 2 p. l., 224 p., 1 l. 19½ᶜᵐ. (“Le beau navire”)
230 1147 230 41 Author’s
488 1148 179 47 pseud.,
695 1148 125 39 Jean
846 1146 202 48 Portail,
1079 1148 52 38 at
1158 1146 125 40 head
1311 1145 53 41 of
1389 1144 125 43 title.

181 1216 52 52 ©
264 1220 119 40 Nov.
413 1219 39 48 9,
483 1219 141 47 1928;
687 1230 38 30 1c.
756 1219 112 40 Dec.
900 1219 82 47 17;
1015 1218 315 48 A—Foreign
1359 1218 140 46 1134;
1535 1217 225 41 Editions
1792 1217 52 40 G.
1879 1217 117 41 Crès
2027 1217 37 40 &
2094 1216 87 42 cie.

260 1275 280 50 (29-14076)

181 1386 377 54 Providence.
638 1388 371 68 Ordinances,
1039 1394 100 47 etc.

315 1463 1758 70 … 1929 official Providence building & zoning ordinances
181 1479 1980 133 relating
397 1550 59 47 to
486 1544 267 67 building
782 1543 336 68 inspection,
1149 1544 250 51 elevator
1429 1544 113 52 and
1572 1542 100 54 fire
1703 1540 338 71 protection,
2072 1541 114 54 and

182 1623 347 68 restricting,
573 1623 146 68 style
766 1623 114 52 and
924 1623 110 52 size
1080 1622 65 52 of
1188 1621 296 69 buildings
1530 1623 60 51 in
1636 1621 272 53 districts.
1984 1621 203 51 Rhode

180 1700 201 54 Island
409 1700 226 69 factory
661 1701 318 67 inspection
1005 1701 157 67 laws,
1188 1701 283 66 compiled
1496 1701 182 51 under
1703 1701 98 51 the
1826 1699 359 69 supervision

181 1778 64 54 of
272 1779 97 53 the
398 1779 329 68 inspectors.
804 1779 371 59 Providence,
1205 1779 67 53 R.
1304 1778 66 59 I.,
1400 1778 158 53 John
1587 1778 64 52 F.
1682 1777 219 55 Greene
1930 1796 98 50 co.,
2057 1779 128 67 inc.,

182 1859 150 51 1929.

246 1937 608 49 336 p. tables. 17 ½ᶜᵐ .
248 2008 234 42 Contains
516 2009 304 49 advertising
850 2010 193 40 matter.

179 2076 52 52 ©
259 2081 128 39 June
413 2081 40 48 1,
482 2080 117 41 1929;
652 2081 68 41 2c.
749 2082 127 39 June
903 2081 82 47 26;
1017 2081 82 40 aff.
1130 2081 126 41 June
1284 2081 84 47 24;
1397 2081 41 39 A
1468 2080 140 47 8952;
1639 2081 131 40 John
1798 2081 52 42 F.
1882 2081 185 41 Greene
2097 2091 82 39 co.,

246 2137 91 42 inc.

179 2233 1273 71 Punch. v. 176, no. 4588, June 12, 1929.
179 2311 1999 56 © 1c. Aug. 7, 1929; A ad int 12935; pubd. June 12; Herbert Heather,
248 2373 215 41 London.

175 2467 294 66 Rabelais,
503 2468 299 68 François,
838 2474 135 50 1490
1006 2471 357 67 (ca.)-1553?

251 2547 102 53 All
393 2549 97 53 the
529 2555 194 47 extant
767 2549 187 55 works
994 2550 65 54 of
1101 2549 278 64 François
1419 2549 296 68 Rabelais;
1762 2569 73 34 an
1875 2548 310 54 American

178 2627 343 54 translation
566 2627 141 53 with
754 2648 30 33 a
830 2629 221 53 critical
1097 2633 139 63 text,
1281 2629 232 53 variant
1557 2628 286 71 readings,
1889 2627 293 55 variorum

177 2711 159 48 notes
373 2707 51 50 &
464 2706 290 69 drawings
792 2707 316 53 attributed
1146 2713 59 48 to
1244 2707 285 52 Rabelais.
1604 2707 71 53 In
1714 2708 159 53 three
1911 2708 269 52 volumes.

179 2785 90 69 By
298 2783 230 56 Samuel
555 2786 266 52 Putnam.
885 2785 162 53 With
1076 2786 383 54 illustrations
1485 2787 76 68 by
1587 2786 147 54 Jean
1760 2789 69 51 de
1855 2786 326 54 Bosschère.

175 2863 140 52 New
360 2863 181 69 York,
585 2863 159 54 Priv.
789 2865 162 67 print
996 2863 94 53 for
1134 2865 347 53 subscribers
1527 2865 152 69 only,
1728 2864 452 69 Covici-Friede,

173 2944 150 51 1929.

243 3022 1937 51 3 v. fronts. (v. 1-2 col., v. 3 port.) illus., plates (part col.) double
172 3080 241 48 map. 34 ᶜᵐ.
244 3151 128 41 “The
403 3151 184 41 edition
619 3151 42 41 is
692 3151 190 41 limited
916 3154 49 39 to
997 3151 216 41 thirteen
1245 3153 222 39 hundred
1500 3153 264 40 numbered
1797 3152 204 50 copies.”
2062 3153 119 42 This

171 3218 120 38 copy
319 3211 85 39 not
434 3209 277 41 numbered.

243 3267 100 39 The
387 3267 186 40 French
616 3269 119 44 text,
777 3267 128 40 from
950 3267 158 40 which
1151 3268 82 39 the
1277 3267 299 41 translation
1617 3266 41 42 is
1702 3268 155 47 made,
1899 3267 42 41 is
1984 3270 86 39 not
171 3269 1993 96 included.

418 3325 102 39 The
555 3324 217 40 “critical
807 3323 134 41 text”
973 3324 229 40 followed
1236 3324 43 40 is
1312 3325 110 39 that
1458 3325 52 39 of
1542 3326 84 39 the
1658 3325 210 48 original
1903 3326 186 40 edition
2125 3337 54 30 as

172 3381 189 40 revised
391 3382 176 47 during
596 3381 244 41 Rabelais’
873 3381 223 48 lifetime,
1127 3381 210 41 checked
1368 3382 119 40 with
1519 3382 179 40 earlier
1727 3382 210 48 original
1968 3383 212 41 editions

171 3439 95 39 and
293 3439 127 39 later
447 3439 190 39 critical
664 3438 209 40 editions
901 3439 79 39 for
1008 3438 287 40 variations.

175 3505 52 52 ©
256 3511 113 46 May
397 3509 69 48 29,
495 3509 139 48 1929;
664 3510 68 41 2c.
760 3509 128 43 June
914 3509 83 47 25;
1028 3509 82 40 aff.
1141 3509 127 40 June
1296 3509 82 46 26;
1411 3510 41 38 A
1480 3509 141 47 9961;
1654 3509 177 49 Covici,
1863 3510 188 48 Friede,
2083 3510 90 41 inc.

251 3566 281 50 (29-14246)

173 3661 305 65 Rinsland,
511 3663 206 62 Henry
748 3661 228 55 Daniel.

245 3740 122 52 The
411 3740 284 54 Rinsland
740 3740 249 69 spelling
1033 3740 148 54 book
1228 3740 93 53 for
1366 3741 204 68 grades
1617 3747 112 47 two
1774 3744 59 50 to
1878 3739 176 69 eight,
2099 3740 76 67 by

174 3816 1939 70 Henry D. Rinsland … and Martha O’Daniel Rinsland …
175 3893 1896 71 bks. 1, 2 … Norman, Okl., Rinsland and Rinsland [ ᶜ19 29]
