2542 4389
1046 4036 134 48 1815

115 374 251 62 Heaton,
394 372 190 54 Willis
611 373 219 63 Edgar.

244 450 1876 69 … The procedure and law of Surrogates' courts of the state
119 527 2000 69 of New York, by Willis E. Heaton … [v. 3] 5th ed., rev. by
111 607 2010 68 Wm. Fenton Myers … with foreword by Hon. James A. Foley
173 684 1885 70 … with introduction by Hon. George Albert Wingate …
111 764 251 66 Albany,
392 764 69 51 N.
494 764 70 53 Y.
595 765 109 50 and
738 763 138 50 New
909 763 179 68 York,
1117 763 69 51 N.
1219 763 89 67 Y.,
1336 763 280 52 Matthew
1644 764 228 51 Bender
1902 765 44 49 &
110 781 1986 129 company,
311 843 127 64 inc.,
470 844 150 50 1929.

183 922 173 48 xxxiii,
388 921 87 41 590
506 933 42 37 p.
607 921 119 41 25ᶜᵐ.

118 974 51 52 ©
199 980 119 39 Nov.
346 977 68 49 29,
447 978 113 38 1929;
617 977 67 41 2c.
715 978 111 40 Dec.
856 978 25 38 2;
942 978 81 40 aff.
1053 979 118 38 Nov.
1202 977 83 47 30;
1319 979 39 37 A
1387 978 137 40 17131;
1593 979 236 39 Matthew
1859 979 191 39 Bender
2082 979 35 40 &

184 1046 82 37 co.,
284 1035 92 41 inc.

107 1127 263 64 Hewart,
403 1127 232 53 Gordon
668 1128 263 63 Hewart,
965 1131 194 67 baron,
1193 1133 171 49 1870-

179 1207 122 51 The
329 1223 122 35 new
483 1206 327 68 despotism,
840 1206 74 66 by
946 1206 97 52 the
1073 1206 184 68 Right
1287 1206 373 54 Honourable
1690 1208 155 52 Lord
1877 1209 239 52 Hewart

109 1283 2005 69 of Bury … New York, Cosmopolitan book corporation, 1929.
177 1366 27 38 4
231 1376 43 37 p.
321 1396 23 15 l.,
371 1365 145 39 3-311
544 1375 42 37 p.
647 1364 146 41 23½ᶜᵐ.

116 1417 51 53 ©
198 1422 100 40 Oct.
328 1421 69 48 26,
427 1421 118 39 1929;
597 1422 67 40 2c.
695 1421 102 41 Oct.
826 1421 83 42 28;
942 1421 83 40 aff.
1054 1422 119 40 Nov.
1203 1422 53 44 8;
1288 1422 41 38 A
1359 1422 170 40 14792:
1565 1423 76 38 Sir
1672 1423 195 40 Gordon
1896 1424 218 40 Hewart.

185 1479 294 46 Totteridge,
513 1477 149 41 South
694 1478 163 41 Herts.
890 1478 237 45 England.
1197 1477 281 48 (29-24336)

109 1571 317 63 Heywood,
461 1574 136 53 Mrs.
634 1570 162 53 Eliza
838 1570 286 66 (Fowler)
1170 1576 132 49 1693
1323 1573 212 54 61756.

178 1651 122 52 The
327 1651 207 52 female
558 1657 314 62 spectator;
901 1651 171 69 being
1097 1652 296 53 selections
1422 1651 153 53 from
1601 1653 139 54 Mrs.
1768 1653 164 54 Eliza
108 1654 1983 128 Heywood’s

367 1728 312 69 periodical
740 1728 369 70 (1744—1746)
1169 1728 203 54 chosen
1423 1732 114 52 and
1585 1730 191 54 edited
1860 1751 36 51 by
1944 1732 170 68 Mary

108 1806 244 54 Priestley
439 1805 138 54 with
608 1826 71 34 an
708 1807 391 53 introduction
1126 1808 75 68 by
1228 1807 57 55 J.
1315 1808 68 52 B.
1413 1808 301 70 Priestley,
1744 1810 113 53 and
107 1810 1984 129 decorations

289 1886 74 68 by
398 1883 316 56 Constance
748 1885 327 53 Rowlands.
1152 1885 260 69 London,
1446 1885 157 55 John
1638 1887 157 55 Lane
1835 1891 172 65 [1929]

176 1965 1324 49 2 p. l., vii-xvii p., 1 l., Ill, [1] p. illus. 22½ᶜᵐ.
116 2018 1998 57 © 1c. Nov. 1, 1929; A ad int. 13158: pubd. Sept. 24; Mart Priestley,
183 2079 213 40 London.
464 2078 281 48 (29-25499)

107 2173 187 62 Jesse,
328 2171 321 63 Fryniwyd
681 2172 336 62 Tennyson

178 2251 155 55 Lot’s
362 2251 152 54 wife.

191 2334 77 46 (In
315 2330 202 42 London
560 2330 276 51 magazine,
880 2330 140 50 Nov.,
1067 2330 144 51 1929)

115 2385 1980 100 © 1c. Dec. 14. 1929; A ad int. 13384; pubd. Oct. 16; Fryniwyd Tennyson
297 2446 137 39 Jesse
463 2446 258 39 Harwood.
751 2446 227 40 Bosham.
1008 2446 83 40 Nr.
1121 2446 297 50 Chichester,
1448 2449 237 46 England.

101 2540 342 62 Kernahan,
474 2539 233 53 Arthur
737 2539 158 64 Earl,
928 2545 171 50 1888-

178 2616 293 54 Christian
506 2617 337 67 citizenship
877 2618 113 52 and
1024 2618 297 53 visitation
1357 2621 366 68 evangelism,
1757 2623 75 68 by
1865 2624 71 51 A.
1975 2626 140 52 Earl

106 2694 2008 75 Kernahan … New York, Chicago [etc.] Fleming H. Revell
105 2773 512 67 company [ ᶜ1 929]
178 2853 86 40 127
293 2863 45 38 p.
399 2851 144 43 19½ᶜᵐ.

113 2906 51 52 ©
202 2912 102 39 Oct.
337 2911 69 41 26.
440 2910 141 42 1929;
617 2911 66 41 2c.
720 2913 91 37 and
849 2911 82 41 aff.
964 2913 119 39 Nov.
1118 2913 25 36 9;
1207 2914 37 37 A
1281 2915 113 37 15624;
1490 2915 221 45 Fleming
1745 2918 59 40 H.
1842 2919 162 39 Revell
2071 2930 25 25 co

191 2967 280 48 (29-24483)

104 3061 233 63 Kollist,
376 3062 219 52 Ernest
630 3062 322 54 Johannes.

177 3139 223 53 French
431 3145 216 63 pastry,
674 3140 425 71 confectionery
1128 3146 113 50 and
1271 3151 224 59 sweets;
1527 3148 350 52 continental
1907 3151 206 66 dishes,

106 3219 2005 71 by E. J. Kollist … with seventy-six half-tone illustrations.
106 3297 259 69 London,
392 3298 253 52 Toronto
678 3301 138 63 [etc.]
853 3296 216 56 Cassell
1098 3300 46 50 &
1171 3316 300 53 company,
1498 3301 103 52 ltd.
1657 3305 151 66 [1929]

176 3377 169 46 xxviii,
384 3377 86 40 268
506 3388 42 36 p.
608 3377 164 45 front.,
813 3377 172 49 plates.
1045 3379 147 41 25½ᶜᵐ.

115 3429 1978 110 © 1c. Oct. 2, 1929: A ad int. 13138; pubd. Sept. 19; E. J. Kollist, Dagenham, Essex, England. (29-25436)
105 3570 218 64 Lewin,
354 3570 212 64 Philip,
600 3577 172 49 1888-

176 3647 1938 75 Posture and hygiene of the feet, by Philip Lewin … New
114 3725 158 53 York
303 3725 112 53 and
448 3726 257 65 London,
738 3727 170 51 Funk
939 3729 46 50 &
1015 3728 302 68 Wagnalls
1349 3747 297 54 company,
1681 3739 149 49 1929.

178 3809 63 45 ix,
279 3810 56 39 47
374 3819 42 37 p.
478 3808 141 41 illus..
658 3809 172 47 plates.
892 3809 145 40 15½ᶜᵐ.
1108 3810 126 48 (The
1272 3812 218 41 national
1531 3815 167 42 health
1739 3820 164 43 series,
1943 3823 71 39 ed.
2054 3824 60 46 by

111 3866 79 39 the
222 3865 232 39 National
488 3865 167 39 health
687 3865 213 41 council)

118 3917 52 52 ©
201 3921 100 41 Oct.
331 3922 69 42 21,
430 3921 139 46 1929;
600 3921 66 41 2c.
697 3923 95 38 and
823 3921 82 40 aff.
933 3922 120 39 Nov.
1082 3923 26 37 2;
1168 3923 42 39 A
1238 3925 172 47 15457;
1443 3927 142 41 Funk
1615 3930 36 40 &
1679 3932 251 44 Wagnalls
1963 3946 51 28 co

193 3978 280 49 (29-24317)
