2542 4389
1067 4027 102 54 827

113 383 281 63 Priester,
426 383 225 63 George
682 383 262 65 Charles,
977 389 171 49 1885-

108 460 1974 132 … Application of trigonometric series to cable stress analysis in
109 537 1993 146 suspension bridges [by] George C. Priester … [Ann Arbor] 1929.
177 697 1926 50 50 p. diagrs. 22½ ᶜᵐ. (Department of engineering research, University
110 755 1466 49 of Michigan … Engineering research bulletin no. 12)
178 825 172 39 Thesis
379 824 106 48 (PH.
542 824 387 48 D.)—University
953 826 52 39 of
1030 825 260 48 Michigan,
1315 825 129 41 1928.

180 880 348 42 “References”
546 891 9 29 :
589 892 43 37 p.
658 881 69 41 50.

112 948 51 52 ©
195 953 114 46 Apr.
341 951 69 49 15,
442 951 141 47 1929;
616 951 68 40 2c.
716 953 96 38 and
844 951 81 41 aff.
961 953 113 39 May
1106 952 52 47 8;
1193 952 42 39 A
1266 952 141 46 7878;
1443 951 282 48 University
1757 951 52 40 of
1841 950 261 49 Michigan,

178 1009 108 41 Ann
310 1008 170 39 Arbor.
541 1007 251 50 (29-9577)

112 1102 186 53 Radio
331 1102 327 63 frequency
688 1101 410 65 laboratories,
1133 1102 130 64 inc.,
1294 1105 284 67 Boonton,
1608 1103 70 53 N.
1712 1104 56 52 J.

180 1180 414 67 Development
625 1178 64 53 of
720 1179 300 53 broadcast
1054 1180 163 52 radio
1249 1179 290 53 receivers.
1609 1181 282 67 Boonton,
1924 1181 71 52 N.
2030 1181 75 67 J.,

111 1256 1313 69 Radio frequency laboratories, inc. [ ᶜ1 929]
180 1338 792 49 30 p., 1 l. illus., diagrs. 24 ᶜᵐ.
184 1408 133 40 “List
344 1408 52 40 of
422 1407 355 41 contributions
803 1408 127 40 from
960 1410 82 38 the
1071 1407 156 41 Radio
1256 1409 264 48 frequency
1549 1407 350 42 laboratories”;
1959 1420 44 38 p.
111 1408 1988 98 29-30.

113 1533 51 51 ©
192 1537 114 47 Apr.
334 1537 70 47 22,
434 1536 112 40 1929;
604 1536 67 41 2c.
701 1537 96 39 and
826 1536 82 40 aff.
937 1535 114 49 Apr.
1081 1536 57 40 30;
1195 1536 42 39 A
1266 1535 113 41 6970;
1438 1536 156 40 Radio
1624 1537 263 47 frequency
181 1536 1905 106 laboratories,

371 1593 91 40 inc.
528 1593 279 49 (29-12352)

113 1688 176 62 Reed,
321 1687 52 51 A
658 1686 241 55 Shuart.

181 1765 171 68 Boys’
384 1765 159 52 work
574 1769 59 47 to
665 1765 190 52 match
888 1766 96 51 the
1016 1765 192 68 times;
1245 1765 97 52 the
1375 1764 265 70 evolving
1671 1765 211 54 service
1915 1765 65 53 of
2010 1766 97 52 the

112 1843 211 69 Young
366 1843 173 53 men’s
588 1842 295 55 Christian
928 1842 357 70 association,
1329 1844 282 67 prepared
1655 1844 75 68 by
1773 1844 72 52 A.
1893 1843 216 55 Shuart

111 1922 171 66 Reed,
318 1922 62 55 C.
420 1922 61 55 C.
520 1920 292 54 Robinson
872 1921 130 67 [and]
1045 1923 128 67 Roy
1209 1921 310 69 Sorenson;
1558 1923 181 53 Work
1776 1921 141 53 with
1952 1922 155 68 boys,

111 2000 96 53 the
247 1998 274 55 National
561 1999 221 52 council
822 1999 65 52 of
925 1999 97 52 the
1065 2000 211 68 Young
1317 1999 172 53 men’s
1534 1998 294 56 Christian
110 1999 1974 132 associations.
351 2079 139 52 New
529 2079 179 66 York,
747 2077 363 53 Association
1148 2095 174 51 press,
1362 2081 149 49 1929.

182 2159 436 49 26 p. illus. 28 ᶜᵐ.
184 2218 375 47 “Bibliography
587 2217 95 39 and
711 2215 202 48 reading
937 2215 198 41 course”
1154 2226 9 29 :
1190 2226 42 38 p.
1259 2214 70 42 26.

117 2271 51 52 ©
191 2276 115 47 Apr.
320 2274 205 48 29,1929;
576 2274 68 40 2c.
668 2274 95 39 and
786 2273 83 41 aff.
893 2274 114 46 May
1030 2273 25 38 2;
1109 2273 41 38 A
1171 2272 140 46 6870;
1340 2273 207 40 General
1571 2274 149 39 board
1745 2273 51 40 of
1819 2273 83 40 the
1938 2272 170 46 Young

181 2331 149 41 men’s
356 2331 251 41 Christian
630 2340 144 38 assn.,
799 2331 118 39 New
941 2330 145 40 York.
1150 2329 280 49 (29-12066)

114 2424 208 70 [Reiss,
357 2427 185 66 Isaac]
582 2429 171 50 1885-

1117 2523 756 118 … אַ ל אָ מ פּ אַ פן פענצטער.
116 2660 1194 69 [New York, Far lag “Narayev”, ᶜ1 929]
182 2767 853 50 192 p. front. (port.) illus. 25 ᶜᵐ.
182 2866 1319 51 Author’s pseudonym משה נאַדיר at head of title.
183 2967 127 40 Title
337 2966 418 48 (transliterated)
783 2978 9 28 :
825 2967 42 39 A
892 2968 131 46 lomp
1045 2966 89 39 afn
1158 2965 203 41 fenzter.

116 3019 51 52 ©
197 3025 122 40 Mar.
347 3024 70 48 26,
445 3024 140 47 1929;
615 3024 68 40 2c.
711 3024 114 48 Apr.
857 3024 52 47 8;
941 3023 82 41 aff.
1051 3024 115 48 Apr.
1194 3023 82 47 10;
1308 3023 41 39 A
1377 3022 142 47 7621;
1550 3023 141 39 Isaac
1720 3022 187 40 Moislie
1936 3021 168 48 Nadir,

187 3081 260 47 Brooklyn.
518 3080 249 49 (29-9788)

117 3174 315 64 Reynolds,
472 3175 226 64 George
738 3174 276 55 Fullmer.

191 3254 245 68 English
467 3254 296 53 literature
793 3255 60 51 in
887 3254 120 53 fact
1037 3255 51 50 &
1120 3260 183 62 story;
1336 3253 171 69 being
1538 3272 31 33 a
1598 3252 152 54 brief
1781 3257 235 48 account
2047 3249 64 53 of

120 3331 74 53 its
227 3331 222 55 writers
482 3333 50 50 &
564 3332 149 53 their
745 3331 417 69 backgrounds,
1193 3336 235 48 matters
1460 3349 138 51 very
1629 3349 293 51 necessary
1953 3337 59 47 to
2041 3329 69 53 be

119 3409 208 53 known
362 3411 75 68 by
474 3411 94 52 the
605 3412 188 67 gentle
831 3411 199 52 reader
1068 3410 64 52 of
1170 3410 177 68 polite
1385 3410 210 52 letters.
1669 3409 84 53 To
1791 3408 186 52 which
2015 3425 97 35 are

122 3489 185 51 added
356 3488 93 53 for
491 3489 88 53 his
624 3495 224 63 greater
895 3487 324 54 edification
1264 3505 171 51 many
1483 3486 261 70 amusing
1789 3488 50 50 &
1887 3487 224 53 famous

121 3567 296 52 anecdotes
463 3567 112 52 and
621 3567 168 52 much
836 3567 162 52 other
1043 3565 347 53 illustrative
1435 3565 263 52 material
1743 3565 141 53 with
1930 3582 180 50 maps,

121 3640 1990 74 charts, & pictures … By George F. Reynolds … New York,
121 3721 737 71 The Century co. [ ᶜ1 929 ]
186 3800 1756 52 xviii, 505 p. illus. (incl. ports., maps, facsims.) 17 ᶜᵐ. $2.25
188 3859 195 41 Outline
412 3861 95 39 and
537 3871 110 37 map
675 3871 60 29 on
764 3859 364 49 lining-papers.

120 3911 51 52 ©
198 3917 114 47 May
336 3917 68 47 29,
432 3917 139 47 1929;
599 3917 66 41 2c.
693 3918 95 39 and
815 3917 82 42 aff.
924 3918 125 39 June
1076 3918 25 38 1;
1158 3916 40 39 A
1224 3915 112 41 8411;
1394 3915 214 48 Century
1634 3927 66 29 co.
198 3973 279 48 (29-12298)
