2547 4384
1388 4064 102 51 820

415 407 164 63 Ellis,
616 406 247 54 Charles
896 405 257 65 Calvert,
1192 406 172 54 1874-

481 485 122 51 The
647 483 246 69 religion
938 483 64 52 of
1047 483 272 69 religious
1364 482 370 68 psychology,
1777 482 76 69 by
1900 481 237 55 Charles
2187 481 233 54 Calvert

411 559 1984 134 Ellis … Los Angeles, Calif., The Biola book room, Bible institute
639 639 716 69 of Los Angeles [ ᶜ1 928]
484 723 245 47 60 p. 19½ ᶜᵐ.
486 779 237 42 “Revised
754 781 96 39 and
880 780 230 48 enlarged
1140 778 228 42 edition.”

485 836 354 49 Bibliography
856 848 9 29 :
900 847 43 38 p.
976 836 159 41 58-60.

420 889 52 52 ©
496 895 120 46 Aug.
642 893 68 48 18,
737 893 140 42 1928;
906 894 67 39 2c.
999 894 95 39 and
1118 892 84 41 aff.
1227 894 117 46 May
1367 893 41 46 1,
1432 892 141 47 1929;
1601 892 41 39 A
1667 892 142 47 7850;
1836 892 138 40 Bible
2000 892 229 41 institute
2253 892 52 41 of
2331 893 92 40 Los

487 951 222 48 Angeles,
735 951 92 40 Los
852 951 221 48 Angeles.
1110 949 281 50 (29-12146)

421 1046 144 63 Eno,
603 1044 257 55 William
896 1044 236 65 Phelps,
1174 1050 171 50 1858-

487 1123 448 70 Simplification
969 1123 63 53 of
1065 1123 273 69 highway
1371 1122 178 54 traffic
1603 1124 93 67 [by]
1734 1122 263 56 William
2028 1122 216 69 Phelps
2280 1125 144 52 Eno.

422 1201 421 70 [Washington,
879 1203 72 52 D.
988 1203 81 66 C.]
1110 1202 122 53 The
1268 1203 127 52 Eno
1432 1200 346 54 foundation
1813 1201 94 53 for
1939 1201 276 69 highway
2248 1201 178 53 traffic

416 1280 342 69 regulation,
785 1280 128 68 inc.,
944 1283 149 50 1929.

489 1361 840 50 2 p. l., iii-xi, 206 p. illus. 23½ ᶜᵐ.
423 1417 52 52 ©
502 1422 116 47 Apr.
645 1420 70 48 29,
745 1420 141 47 1929;
917 1420 69 41 2c.
1016 1421 95 39 and
1141 1419 81 41 aff.
1254 1420 114 47 May
1398 1419 52 42 6;
1482 1420 41 38 A
1552 1418 141 48 9436;
1727 1420 102 39 Eno
1859 1419 292 40 foundation
2184 1419 80 40 for
489 1418 1920 108 highway
626 1478 156 40 traffic

811 1477 288 48 regulation,
1128 1476 91 41 inc.
1286 1476 282 50 (29-12378)

425 1570 314 65 Enriques,
780 1570 308 65 Federigo,
1131 1572 171 55 1871-

495 1652 122 52 The
646 1651 237 54 historic
913 1652 399 67 development
1340 1651 64 54 of
1433 1651 149 69 logic;
1642 1652 95 53 the
1768 1651 311 69 principles
2110 1652 114 53 and
427 1656 1981 126 structure
583 1729 64 54 of

675 1730 215 53 science
919 1730 60 51 in
1007 1730 96 53 the
1134 1730 334 67 conception
1498 1729 64 53 of
1591 1730 427 53 mathematical
2050 1730 277 69 thinkers,
2355 1731 77 68 by

425 1807 284 69 Federigo
738 1807 311 68 Enriques;
1079 1808 333 53 authorized
1441 1808 344 53 translation
1812 1808 151 53 from
1991 1808 96 53 the
2113 1807 219 53 Italian
2356 1807 76 68 by

427 1885 1982 71 Jerome Rosenthal. New York, H. Holt and company [ ᶜ1 929]
494 1965 620 49 xi p., 2 l., 3-271 p. 22½ ᶜᵐ.
497 2022 419 49 Bibliographical
948 2022 280 42 foot-notes.

501 2079 1931 49 “Bibliographical additions” to chapters I and III, compiled by the
427 2137 296 40 translator:
757 2147 45 37 p.
830 2136 220 41 261-263.

429 2191 52 52 ©
514 2195 114 47 May
659 2194 69 46 23,
761 2194 114 40 1929;
935 2194 67 40 2c.
1035 2195 114 46 May
1181 2193 59 39 28;
1298 2193 82 41 aff.
1415 2195 112 47 May
1560 2193 83 43 29;
1678 2194 39 39 A
1750 2194 114 40 8383;
1927 2195 168 48 Henry
2130 2195 118 39 Holt
2282 2194 36 40 &
2349 2205 82 37 co.,

497 2251 91 41 inc.
660 2251 282 49 (20-12222)

431 2346 218 64 Evans,
687 2348 139 53 Mrs.
866 2345 283 55 Adelaide
1187 2347 136 54 Bee.

500 2426 136 53 Men
679 2426 65 53 of
788 2425 205 69 might,
1038 2425 168 54 Bible
1250 2425 250 69 pictures
1544 2427 111 52 and
1702 2427 201 54 stories
1950 2427 152 53 from
2146 2427 188 53 Moses
2377 2432 58 47 to

435 2503 247 68 Samuel,
712 2506 76 67 by
820 2505 139 52 Mrs.
993 2503 282 55 Adelaide
1312 2506 109 51 Bee
1453 2505 208 53 Evans.
1739 2504 257 54 Takoma
2028 2505 176 67 Park,
433 2505 1979 146 Washington,

432 2581 1980 148 D. C., South Bend, Ind. [etc.] Review and herald publishing association [ ᶜ1 929]
500 2741 770 49 190 p. incl. front., illus. 23 ᶜᵐ.
501 2797 265 41 Published
789 2797 50 39 in
862 2797 114 40 1911
999 2809 54 29 as
1077 2799 113 46 part
1212 2797 52 40 of
1287 2797 81 41 the
1392 2797 220 41 author’s
1635 2799 129 45 Easy
1789 2800 131 46 steps
1946 2798 48 40 in
2019 2799 81 40 the
2124 2797 138 41 Bible
2287 2800 149 44 story.

434 2850 52 52 ©
510 2855 116 46 May
648 2854 69 47 15,
742 2853 141 46 1929;
910 2854 67 40 2c.
1000 2855 94 39 and
1118 2853 82 40 aff.
1227 2855 115 46 May
1364 2853 57 40 16;
1474 2855 39 38 A
1534 2854 114 40 9113;
1702 2854 196 40 Review
1921 2855 36 40 &
1980 2855 170 39 herald
2175 2855 110 47 pub.
2309 2865 128 30 assn.

505 2907 69 54 [©
601 2921 105 29 new
731 2910 227 41 material
984 2911 96 39 and
1106 2921 105 29 new
1238 2911 345 49 illustrations]
1652 2911 281 49 (29-11303)

508 3004 217 56 Stories
753 3005 65 54 of
843 3007 96 51 the
963 3006 169 69 kings
1160 3006 150 52 from
1340 3006 192 53 David
1561 3012 58 47 to
1647 3005 214 68 Christ,
1886 3008 76 67 by
1988 3007 140 53 Mrs.
2156 3006 283 54 Adelaide

437 3085 112 53 Bee
585 3084 213 52 Evans.
874 3083 255 54 Takoma
1164 3084 175 58 Park,
1372 3084 404 69 Washington,
1810 3084 70 53 D.
1919 3084 81 69 C.,
2038 3084 184 55 South
2258 3086 181 52 Bend.

435 3161 1928 70 Ind. [etc.] Review and herald publishing association [ ᶜ1 929]
503 3242 769 49 190 p. incl. front., illus. 23 ᶜᵐ.
503 3298 265 41 Published
792 3298 49 40 in
863 3299 114 40 1911
1001 3310 54 29 as
1079 3300 112 46 part
1214 3298 52 41 of
1288 3299 82 39 the
1394 3297 219 42 author’s
1637 3300 130 47 Easy
1790 3302 131 45 steps
1946 3299 48 39 in
2019 3299 82 40 the
2124 3299 140 39 Bible
2287 3301 148 45 story.

438 3351 52 52 ©
515 3357 115 46 May
650 3355 68 47 15,
742 3355 142 46 1929;
909 3356 68 39 2c.
1001 3356 96 39 and
1122 3355 83 40 aff.
1227 3357 114 45 May
1363 3355 80 42 16;
1471 3356 41 38 A
1535 3355 140 46 9112;
1704 3356 196 40 Review
1923 3356 36 40 &
1981 3357 170 39 herald
2177 3357 109 47 pub.
2310 3367 128 29 assn.

510 3408 68 54 [©
603 3423 105 29 new
733 3412 227 40 material
983 3414 96 38 and
1102 3423 106 29 new
1232 3412 345 50 illustrations]
1662 3411 280 49 (29-11302)

439 3506 195 64 Frost,
672 3506 242 64 Robert,
954 3507 170 55 1875-

505 3583 57 53 A
596 3601 126 51 way
759 3589 127 62 out;
926 3602 31 34 a
994 3603 105 34 one
1134 3590 91 47 act
1261 3586 154 67 play,
1452 3585 75 69 by
1564 3585 217 52 Robert
1817 3584 185 54 Frost.
2078 3586 139 52 New
2256 3583 180 69 York,

436 3661 122 53 The
586 3661 235 53 Harbor
852 3680 175 49 press,
1058 3665 151 49 1929.

506 3742 570 49 5 p. l., 19 p., 1 l. 20 ᶜᵐ.
509 3799 159 39 “Four
695 3798 222 41 hundred
948 3800 96 38 and
1074 3798 277 48 eighty-five
1381 3798 159 48 copies
1570 3798 236 48 printed.”

507 3853 204 41 Preface
748 3853 168 45 signed
934 3865 9 28 :
979 3854 184 40 Robert
1196 3854 159 41 Frost.

443 3905 52 52 ©
520 3911 115 45 May
655 3909 69 42 29,
751 3909 139 46 1929;
915 3910 67 40 2c.
1005 3911 96 38 and
1125 3909 82 40 aff.
1232 3911 126 39 June
1381 3910 25 38 5;
1458 3911 39 38 A
1519 3910 115 40 9469;
1686 3911 54 39 R.
1765 3911 157 46 Frost,
1950 3910 152 41 South
2128 3910 310 47 Shaftsbury,

509 3966 77 42 Vt.
651 3961 68 55 [©
742 3966 346 50 introduction]
1161 3966 280 48 (29-12393)
