2542 4389
1043 4009 104 56 917

165 454 83 47 (In
271 450 158 51 Royal
453 451 275 51 magazine,
753 451 141 52 June,
922 453 143 50 1929)

88 505 1986 56 © 1c. July 13, 1929; A ad int. 12870; pubd. May 17; G. Fairlie, London.
90 619 258 63 Fitzroy,
382 620 98 52 Sir
509 619 258 54 Almeric
794 620 274 66 William,
1102 626 171 50 1851-

156 695 1860 72 The history of the Privy council, by Sir Almeric Fitzroy …
85 773 139 53 with
255 773 277 67 portraits
562 775 113 51 and
706 774 395 53 illustrations.
1176 776 259 66 London,
1465 775 56 54 J.
1553 773 241 69 Murray
1852 777 150 63 [1928]

257 855 953 48 xv, 348 p. front., plates, ports. 22½ ᶜᵐ .
156 924 162 41 “First
338 924 184 41 edition
544 924 156 41 1928.”

89 990 1970 110 © 1c. Jan. 9, 1929; A ad int. 12635; pubd. Nov. 13, 1928; Sir A. W . Fitzroy,
279 1051 214 41 London.

91 1158 321 66 Flanagan,
453 1160 180 55 Luke.

155 1237 311 53 Insurance
500 1238 59 52 in
590 1238 95 52 the
718 1238 372 54 distribution
1123 1239 64 53 of
1219 1239 226 68 wealth,
1476 1239 75 69 by
1584 1237 157 55 Luke
1776 1239 298 68 Flanagan

147 1314 1054 70 … New York, L. Flanagan, 1929.
154 1396 81 48 vii,
267 1395 99 49 200,
402 1396 86 49 [22]
522 1407 42 37 p.
596 1396 111 41 incl.
739 1397 171 40 tables.
969 1397 147 41 19½ᶜᵐ.

89 1461 51 53 ©
167 1466 113 46 May
302 1465 69 46 21,
398 1464 114 40 1929;
565 1465 68 41 2c.
658 1466 127 39 June
810 1466 54 39 17;
919 1465 82 41 aff.
1028 1467 127 40 June
1179 1466 54 39 15;
1288 1467 42 38 A
1354 1466 114 40 8743;
1522 1467 51 40 L.
1599 1467 265 47 Flanagan.

167 1521 283 50 (29-13324)

90 1630 136 62 Foa,
258 1630 168 54 Mme.
463 1628 262 63 Eugénie
767 1628 633 64 (Rodrigues-Gradis)
1440 1633 53 52 d.
1531 1635 147 49 1853.

154 1706 120 52 The
312 1713 231 61 strange
579 1706 212 68 search,
829 1707 121 52 told
990 1706 151 52 from
1176 1706 95 54 the
1308 1707 224 53 French
1569 1707 65 52 of
1669 1707 255 68 Eugénie
1961 1707 117 53 Foa

84 1783 74 69 by
196 1783 222 53 Amena
457 1784 335 67 Pendleton,
832 1783 139 53 with
1010 1802 73 33 an
1122 1784 389 52 introduction
1548 1784 75 68 by
1661 1784 246 53 Frances
84 1785 1971 129 Jenkins

249 1861 212 67 Olcott,
494 1861 380 53 illustrations
909 1862 59 51 in
1003 1863 153 51 color
1188 1862 76 68 by
1298 1861 278 55 Sherman
1613 1862 203 54 Cooke.
85 1862 1966 146 Philadelphia

349 1941 45 51 &
422 1939 258 68 London,
710 1939 56 53 J.
797 1940 65 52 B.
894 1939 336 68 Lippincott
1262 1958 278 50 company
1596 1943 150 64 [1928]

156 2022 1925 50 202 p. col. front., col. plates. 21 ᶜᵐ . [The stories all children love
86 2078 166 51 series]

89 2143 51 53 ©
166 2149 114 47 Apr.
306 2148 39 42 9,
372 2148 142 47 1929;
543 2148 66 40 2c.
635 2149 94 38 and
757 2148 83 40 aff.
867 2149 126 39 June
1018 2147 55 39 22;
1129 2148 41 38 A
1197 2147 140 48 9888;
1367 2149 44 39 J.
1438 2149 54 39 B.
1519 2148 278 48 Lippincott
1822 2159 69 31 co.

169 2204 280 50 (29-13367)

92 2298 240 66 Forbes,
369 2298 253 56 Russell.

158 2374 1924 71 Governmental purchasing, by Russell Forbes … New York
88 2454 113 53 and
229 2454 260 66 London,
517 2454 235 68 Harper
779 2456 52 51 &
860 2452 278 68 brothers,
1170 2455 150 51 1929.

157 2533 1922 53 xvi p., 1 l., 370 p. incl. 1 illus., diagrs., forms, tables (1 double) 24 ᶜᵐ .
158 2604 248 42 “Selected
437 2604 367 50 bibliography”:
866 2615 44 38 p.
942 2604 217 42 351-357.

93 2683 51 54 ©
172 2689 128 42 June
324 2688 69 48 15,
420 2688 141 48 1929;
589 2689 68 40 2c.
686 2689 127 40 June
839 2689 55 40 13;
951 2688 82 42 aff.
1061 2689 128 40 June
1214 2689 55 40 18;
1326 2688 41 39 A
1394 2687 111 42 8801;
1564 2689 195 47 Harper
1783 2689 37 39 &
1847 2688 125 40 bros.

170 2745 281 49 (29-13322)

93 2839 140 64 Fox,
266 2839 258 54 Frances
553 2841 327 64 Margaret,
913 2841 171 55 1870-

157 2917 121 53 The
306 2917 265 71 wildling
595 2919 270 68 princess,
891 2919 75 68 by
992 2920 246 52 Frances
1266 2919 296 67 Margaret
1589 2919 141 64 Fox,
1759 2917 322 53 illustrated

86 2994 75 68 by
191 2996 156 53 John
378 2997 254 53 Edward
663 2996 259 54 Perkins.
997 2996 196 66 Joliet,
1225 2997 137 52 New
1396 2997 161 51 York
1613 3001 117 61 [etc.]
1769 2997 119 51 The
1918 2998 66 52 P.
2017 2997 65 52 F.

88 3074 794 68 Volland company [ ᶜ19 29 ]
159 3153 1731 52 79 p. illus., col. plates. 21 ᶜᵐ . (The Volland Inglenook series)
160 3227 289 40 Illustrated
476 3230 109 46 t.-p.
614 3228 96 39 and
735 3227 350 49 lining-papers
1110 3226 52 40 in
1186 3227 170 40 colors.

159 3283 124 41 Text
313 3284 173 42 within
515 3285 303 39 ornamental
847 3285 214 41 borders.

94 3349 51 53 ©
171 3355 127 40 June
322 3355 68 48 15,
416 3355 114 40 1929;
583 3355 68 41 2c.
677 3356 127 39 June
827 3355 54 39 21;
938 3354 83 40 aff.
1048 3355 127 39 June
1198 3353 59 40 20;
1308 3353 42 39 A
1375 3353 113 41 8845;
1544 3354 49 38 P.
1623 3353 51 40 F.
1700 3353 207 40 Volland
1932 3363 69 29 co.

171 3411 281 50 (29-13435)

98 3505 355 54 Franciscan
492 3507 213 52 sisters
743 3506 63 52 of
845 3505 304 55 Christian
1189 3503 252 64 charity,
1479 3505 361 68 Manitowoc,
1880 3504 135 53 Wis.

163 3583 267 69 Religion
470 3584 267 69 teaching
777 3584 193 67 plans;
1016 3583 214 53 outline
1272 3583 211 51 lesions
1522 3581 171 53 based
1735 3600 71 34 on
1848 3600 55 34 modern

95 3661 311 67 principles
444 3661 64 53 of
545 3661 296 53 education
883 3678 61 35 as
982 3659 357 68 exemplified
1376 3659 60 51 in
1476 3658 274 68 practical
1788 3658 143 53 class
1969 3671 113 52 use,

94 3738 335 69 suggesting
462 3757 152 50 ways
651 3737 64 54 of
751 3737 359 69 developing,
1146 3735 339 69 organizing
1521 3735 112 52 and
1670 3735 283 67 applying
1987 3735 94 52 the

95 3815 182 52 lesson
303 3816 59 52 in
389 3816 93 52 the
514 3815 337 67 Catechism,
878 3815 75 68 by
980 3814 94 53 the
1102 3813 346 52 Franciscan
1476 3812 191 53 sisters
1694 3811 65 53 of
1789 3811 293 55 Christian

95 3891 241 69 charity,
371 3893 160 68 Holy
567 3892 208 68 family
812 3898 257 60 convent,
1106 3890 361 65 Manitowoc,
1504 3889 348 66 Wisconsin;
1895 3888 187 53 edited
