2533 4342
1309 3953 134 50 1658

370 302 221 62 Baden,
621 302 201 55 Katia.

440 379 1935 71 Touch, by Katia Baden … Philadelphia, Dorrance and
373 461 507 67 company [ ᶜ1 929]
435 539 87 40 200
554 549 42 37 p.
686 539 26 39 19½ᶜᵐ.

366 592 1992 99 CONTENTS. — Strange consolations. — The military trot. — Two spinsters.—Guilt.—The
918 649 178 48 ugliest
1131 648 694 42 flowers.—Touch.—Candle
1857 649 312 40 tears.—Red
2201 649 172 49 pencil,

366 707 373 47 darling.—The
770 707 182 44 angel’s
983 705 93 40 left
1109 705 222 39 arm.—A
1362 703 254 42 traveler’s
1649 708 135 37 scent
1815 705 167 41 bottle.

374 759 52 52 ©
465 763 128 48 Sept.
628 763 69 47 10,
732 762 115 40 1929;
908 763 68 39 2c.
1013 762 97 39 and
1145 761 83 41 aff.
1263 760 104 42 Oct.
1402 761 55 39 11;
1519 761 43 39 A
1595 760 144 41 14082;
1805 761 251 40 Dorrance
2090 762 37 40 &
2161 772 82 37 co.,
2279 763 93 40 inc.

438 819 281 49 (29-21216)

368 913 285 65 Baldwin,
688 913 245 55 Charles
965 914 196 63 Sears,
1196 914 171 53 1867-

441 990 1935 72 College composition, by Charles Sears Baldwin … Rev. ed.
370 1072 139 55 New
539 1072 180 69 York,
747 1071 242 54 London
1043 1077 119 62 [etc.]
1196 1071 347 70 Longmans,
1572 1069 189 56 Green
1791 1072 113 53 and
1932 1090 99 51 co.,
2059 1073 150 51 1929.

439 1151 384 50 xii, 316 p. 19½ ᶜᵐ.
378 1207 52 52 ©
459 1211 120 47 Aug.
607 1210 70 47 30,
706 1210 115 40 1929;
877 1209 68 42 2c.
974 1210 97 39 and
1099 1209 83 40 aff.
1213 1208 103 42 Oct.
1345 1208 57 40 10;
1458 1209 40 39 A
1528 1208 146 41 12855:
1734 1209 287 48 Longmans,
2055 1209 155 40 Green
2241 1209 36 40 &
2307 1220 69 29 co.

453 1266 281 49 (29-21280)

375 1360 247 64 Barnes,
651 1360 202 63 Harry
882 1358 219 65 Elmer,
1134 1365 171 49 1889-

446 1437 1872 71 The twilight of Christianity, by Harry Elmer Barnes …
376 1516 1251 70 New York, The Vanguard press [ ᶜ1 929]
442 1597 629 48 3 p. l., v-xi, 470 p. 21½ᶜᵐ.
445 1655 249 40 “Selected
726 1652 304 42 references”
1063 1657 53 38 at
1149 1654 83 40 the
1265 1655 92 39 end
1390 1653 52 41 of
1473 1654 119 41 each
1624 1653 219 48 chapter.

377 1708 52 52 ©
460 1712 129 48 Sept.
618 1712 70 47 30,
719 1711 113 40 1929;
890 1712 68 40 2c.
988 1713 96 38 and
1115 1711 81 40 aff.
1229 1711 103 40 Oct.
1362 1712 53 41 9;
1448 1711 40 39 A
1517 1712 172 40 14062:
1723 1712 265 45 Vanguard
2019 1722 149 37 press,
2202 1712 89 39 inc.

452 1768 280 48 (29-21377)

369 1862 211 64 Berge,
607 1861 221 56 André.

503 1940 1879 69 … Bernard Bardeau … [t. 1] La nebuleuse. Paris, Plon
376 2022 173 64 [1929]

443 2101 483 48 3 p. l. , 245 p. 19 ᶜᵐ.
380 2152 51 53 ©
463 2158 113 47 May
606 2157 38 47 6,
677 2157 141 47 1929;
850 2158 68 40 1c.
950 2158 128 41 June
1107 2158 84 47 21;
1224 2158 311 48 A—Foreign
1565 2158 144 47 3539;
1744 2157 242 40 Librairie
2017 2158 135 39 Plon.

456 2213 279 48 (29-22355)

374 2306 285 66 Bischoff,
689 2309 317 53 Lawrence
1036 2308 212 65 Philip,
1284 2314 171 50 1888-
1670 2326 179 51 comp.

443 2388 186 52 Naval
664 2389 422 69 reciprocating
1118 2389 258 68 engines;
1413 2407 30 34 a
1477 2389 273 53 textbook
1782 2389 95 53 for
1908 2389 97 54 the
2036 2386 346 55 instruction

375 2465 64 54 of
463 2466 387 68 midshipmen
878 2473 59 48 at
963 2468 98 53 the
1085 2467 71 54 U.
1188 2466 56 57 S.
1273 2468 186 52 Naval
1489 2468 289 68 academy,
1807 2466 283 69 compiled
2116 2467 77 68 by
2218 2466 64 54 L.
2311 2466 68 53 P.

375 2542 2007 72 Bischoff … under the supervision of the head of Department
374 2622 65 52 of
468 2623 371 69 engineering
871 2625 113 52 and
1017 2623 369 54 aeronautics.
1463 2623 343 70 Annapolis,
1836 2623 140 68 Md.,
2010 2624 122 52 The
2161 2621 221 55 United

378 2698 187 57 States
593 2702 172 52 naval
794 2702 280 69 institute,
1107 2705 150 50 1929.

444 2780 1223 51 ix, 208 p. front., illus., fold. pi., diagrs. 24 ᶜᵐ.
446 2838 175 40 “Much
661 2838 52 40 of
750 2839 85 40 the
873 2839 229 40 material
1139 2839 80 41 for
1259 2839 99 40 this
1396 2840 124 41 book
1558 2850 103 30 was
1700 2840 149 40 taken
1888 2840 129 40 from
2058 2840 187 40 Barton
2283 2840 99 40 and

378 2894 269 49 Stickney’s
694 2896 157 39 Naval
901 2896 357 49 reciprocating
1307 2897 197 48 engines
1553 2898 97 39 and
1699 2897 249 48 auxiliary
1995 2896 389 49 machinery.”—

373 2950 131 41 Pref.

380 3004 52 52 ©
463 3009 128 48 Sept.
617 3010 68 46 19,
714 3010 115 40 1929;
881 3010 70 41 2c.
982 3010 129 49 Sept.
1139 3011 56 40 27;
1252 3011 83 41 aff.
1365 3010 128 49 Sept.
1519 3012 84 47 26;
1633 3013 42 38 A
1701 3011 171 43 12608:
1904 3014 56 39 U.
1993 3013 45 40 S.
2066 3013 147 38 naval
446 3010 1914 96 institute.

633 3066 281 48 (29-21372)

374 3144 286 66 Blunden,
689 3147 273 53 Edmund
994 3147 264 65 Charles,
1291 3154 171 50 1896-

445 3223 220 56 Nature
699 3227 61 52 in
796 3226 248 70 English
1080 3228 297 54 literature
1420 3228 108 70 [by]
1573 3229 274 54 Edmund
1884 3228 282 53 Blunden.
2241 3225 141 53 New

375 3302 1405 73 York, Harcourt, Brace and company [ ᶜ1 929]
444 3381 1934 53 5 p. l. , 9-156 p. 19½ᶜᵐ. (Half-title: Hogarth lectures on literature.
389 3447 76 32 [no.
492 3437 70 51 9])

379 3491 52 52 ©
460 3495 101 41 Oct.
589 3497 39 47 3,
656 3497 117 40 1929;
826 3499 68 40 2c.
920 3501 97 38 and
1045 3500 82 40 aff.
1155 3500 102 41 Oct.
1284 3502 26 38 7;
1366 3500 40 39 A
1434 3500 143 40 13933;
1635 3501 263 47 Harcourt,
1928 3501 155 38 Brace
2112 3498 35 41 &
2173 3509 82 35 co.,
2284 3498 93 40 inc.

454 3551 281 51 (29-21287)

378 3631 174 65 Boas,
580 3635 140 53 Mrs.
751 3634 214 54 Louise
997 3636 238 55 Schutz.

449 3710 57 52 A
549 3718 162 61 great
754 3713 123 53 rich
920 3732 162 42 man;
1127 3716 96 52 the
1266 3733 262 35 romance
1572 3715 66 53 of
1683 3715 94 55 Sir
1821 3715 221 54 Walter
2089 3713 176 67 Scott,
2305 3712 77 70 by

372 3788 2011 76 Louise Schutz Boas … London, New York [etc.] Longmans,
378 3865 184 55 Green
592 3869 111 51 and
732 3888 97 49 co.,
858 3873 151 51 1929.
