2533 4342
1299 3977 142 50 2012

364 329 235 64 Jessup,
628 326 194 66 Philip
854 327 197 65 Caryl,
1082 327 171 55 1897-

440 407 122 53 The
588 406 219 55 United
837 405 189 55 States
1054 405 114 53 and
1194 404 96 54 the
1318 405 181 52 world
1527 409 180 62 court,
1731 404 77 69 by
1834 402 203 70 Philip
2068 402 63 56 C.
2159 403 209 67 Jessup

432 482 1378 69 … foreword by Elihu Root … Boston, 1929.
438 561 1929 53 4 p. l., 159 p. 20 ᶜᵐ. (World peace foundation. Pamphlets, vol. XII,
368 632 77 31 no.
471 621 53 48 4)

374 686 1979 108 © Nov. 13, 1929; 2c. Dec. 13; aff. Dec. 12; A 17328; World peace foundation,
654 747 198 39 Boston.
920 744 224 50 (30-269)

367 837 282 66 Langley,
678 837 156 55 John
864 837 254 67 Wesley,
1150 843 171 51 1868-

438 919 159 69 They
628 919 149 53 tried
803 925 58 47 to
890 918 225 70 crucify
1142 937 87 34 me;
1289 937 82 50 or,
1398 919 121 53 The
1547 918 412 54 smoke-screen
1986 918 64 53 of
2076 917 97 54 the
369 917 1981 149 Cumberlands,

687 994 1687 72 by John W. Langley … profusely illustrated from
367 1095 127 34 rare
525 1074 188 69 prints
746 1075 114 54 and
893 1073 413 70 photographs.
1381 1072 302 69 Pikeville,
1717 1073 134 71 Ky.,
1883 1074 58 55 J.
1974 1073 90 55 W.
2098 1073 278 69 Langley,

370 1156 150 51 1929.

469 1232 1812 51 x p., 2 l., 15-256 p. front., plates, ports., facsims. (2 double) 22½ ᶜᵐ.
376 1300 1997 53 © Nov. 22, 1929; 2c. Nov. 25; aff. Nov. 29; A 16107; J. W. Langley.
452 1359 223 51 (30-128)

366 1452 249 65 Lennes,
645 1452 145 53 Nels
814 1451 257 65 Johann,
1103 1454 171 53 1871-

436 1528 1937 71 Plane analytic geometry, by N. J. Lennes … and A. S.
366 1606 1947 70 Merrill … with the editorial coöperation of H. E. Slaught …
366 1685 141 53 New
536 1685 164 53 York
730 1685 113 52 and
871 1684 262 69 London,
1161 1685 235 68 Harper
1426 1687 46 50 &
1500 1685 282 68 brothers,
1815 1687 151 51 1929.

503 1765 762 50 xv p., 1 l., 305 p. diagrs. 21 ᶜᵐ.
374 1819 1915 53 © Dec. 13, 1929; 2c. Dec. 13; aff. Dec. 16; A 16577; Harper & bros.
451 1880 281 49 (29-30523)

368 1973 273 65 Lockley,
671 1974 172 55 Fred.

440 2052 231 70 Oregon
718 2053 138 53 trail
898 2052 237 71 blazers,
1180 2055 76 68 by
1303 2053 153 54 Fred
1500 2053 267 70 Lockley.
1842 2054 139 53 New
2029 2053 181 70 York,
2256 2054 122 53 The

368 2130 464 54 Knickerbocker
859 2149 176 51 press,
1065 2134 150 50 1929.

469 2212 314 49 v, 369 p. 20 ᶜᵐ.
374 2264 1998 55 © Dec. 18, 1929; 2c. and aff. Dec. 19; A 17472; F. Lockley, Portland,
443 2324 81 42 Or.
592 2324 283 50 (29-30534)

370 2418 297 65 Magoffin,
698 2417 192 65 Ralph
921 2418 132 53 Van
1085 2419 248 65 Deman,
1368 2421 172 53 1874-

439 2496 194 70 Magic
677 2499 233 67 spades;
956 2498 97 53 the
1096 2514 263 38 romance
1403 2499 65 52 of
1512 2498 396 70 archaeology,
1951 2500 76 69 by
2071 2500 69 54 R.
2185 2499 71 52 V.
2301 2500 73 53 D.

368 2574 2008 73 Magoffin … and Emily C. Davis … New York, H. Holt and
366 2656 494 67 company [ ᶜ1 929]
505 2734 782 49 xv, 348 p. incl. front., illus. 24 ᶜᵐ.
439 2791 162 41 “First
622 2790 261 49 printing.”

434 2848 305 47 “Important
762 2847 385 48 archaeological
1171 2848 316 41 excavations
1509 2850 97 39 and
1626 2848 357 49 publications”:
2045 2860 42 37 p.
2110 2849 220 42 330-339.

375 2899 1996 55 © Nov. 22, 1929; 2c. and aff. Dec. 20; A 16653; Henry Holt & co., inc.
451 2959 282 50 (29-30700)

369 3053 273 64 Mandell,
672 3053 361 65 Gwendolyn
1060 3054 171 56 Ross.

443 3131 378 69 Honeymoon
859 3130 95 54 for
987 3132 178 67 three,
1200 3133 75 68 by
1311 3132 359 71 Gwendolyn
1708 3135 143 53 Ross
1886 3135 274 53 Mandell.
2234 3136 140 53 New

376 3208 161 53 York
565 3208 134 69 city,
727 3208 258 55 Authors
1015 3210 46 52 &
1089 3208 322 69 publishers
1442 3211 385 69 corporation,
1859 3215 149 51 1929.

440 3291 88 39 viii
556 3301 57 37 p.,
642 3291 27 39 2
718 3321 23 16 l.,
767 3291 174 39 11-154
969 3301 44 38 p.
1071 3291 57 41 20½ᶜᵐ.

376 3341 1996 56 © Dec. 16, 1929; 2c. and aff. Dec. 26; A 17557; G. R. Mandell, New
442 3402 146 41 York.
653 3401 193 49 (30-34)

367 3493 236 66 Morris,
634 3495 219 64 Frank,
887 3500 172 50 1869-

439 3571 123 55 Our
603 3572 137 53 wild
784 3573 258 66 orchids;
1088 3574 165 53 trails
1297 3576 112 52 and
1455 3575 296 68 portraits,
1794 3577 76 68 by
1915 3578 198 51 Frank
2157 3578 214 53 Morris

367 3649 1940 74 and Edward A. Eames, with foreword by Oakes Ames …
366 3725 141 53 New
539 3725 181 71 York,
754 3726 62 54 C.
853 3726 314 55 Scribner’s
1199 3747 147 48 sons,
1381 3732 149 50 1929.

438 3806 1298 53 xxxi, 464 p. col. front., illus.. col. plates. 23 ᶜᵐ.
375 3859 1993 58 © Dec. 6, 1929; 2c. Dec. 10; aff. Dec. 9; A 17317; Charles Scribner’s
441 3929 126 31 sons.
638 3919 281 51 (29-30524)
