2512 4377
1313 4063 104 49 464

434 491 26 40 1
525 523 8 9 v.

369 542 1993 54 © Nov. 20, 1926; 1c. Sept. 24, 1927; A—Foreign 36871; R. Bemporad
435 616 27 29 e
489 604 58 41 f°.
2159 600 120 43 3109

364 699 202 63 Webb,
605 698 55 51 K
946 697 66 54 L.

431 774 163 53 More
629 773 379 54 four-minute
1041 774 151 54 talks
1227 773 95 54 for
1353 773 528 68 superintendents;
1918 793 31 33 a
1983 774 204 53 second
2220 773 147 54 book

363 850 2003 71 of fifty-two four-minute talks … appropriate for leaders of all
363 930 321 53 assemblies
729 928 66 53 of
837 929 95 52 the
976 947 256 51 younger
1276 946 194 52 young
1513 929 217 68 people.
1806 929 91 68 By
1940 928 75 53 K.
2058 928 66 54 L.
2170 928 195 55 Webb.

365 1005 1891 70 Cincinnati, O., The Standard publishing company [ ᶜ1 929]
518 1090 190 49 111 p. 20 ᶜᵐ.
366 1143 52 52 ©
447 1148 123 39 Mar.
596 1146 71 47 30,
695 1145 116 40 1929;
866 1146 67 40 2c.
961 1147 96 38 and
1085 1144 81 41 aff.
1195 1145 114 48 Apr.
1337 1146 52 45 3;
1422 1146 40 38 A
1489 1144 115 41 7207;
1665 1145 246 40 Standard
1940 1146 109 48 pub.
2078 1156 67 30 co.

444 1202 251 49 (29-8642)

363 1296 333 64 Wermuth,
724 1296 259 53 William
1015 1295 264 64 Charles,
1312 1300 172 50 1888-
1696 1315 179 49 comp.

431 1375 123 52 The
589 1372 429 54 authenticated
1053 1391 146 50 copy
1232 1372 66 53 of
1330 1373 97 53 the
1462 1373 197 53 record
1694 1373 59 52 in
1788 1373 229 54 Illinois
2052 1393 74 34 on
2160 1375 206 67 appeal

361 1471 65 34 or
463 1452 60 52 in
563 1457 198 47 return
798 1456 60 47 to
897 1450 134 53 writ
1068 1450 66 53 of
1171 1469 158 34 error
1368 1469 65 34 or
1471 1450 297 53 certiorari
1809 1470 61 35 as
1909 1451 342 54 established
2291 1452 75 69 by

361 1531 95 52 the
491 1530 151 53 rules
676 1529 66 52 of
774 1529 97 52 the
909 1527 278 70 Supreme
1221 1528 113 53 and
1367 1528 312 68 Appellate
1715 1534 189 49 courts
1939 1530 115 53 and
2086 1529 152 54 their
361 1530 1981 146 decisions,

361 1605 1981 150 compiled by William C. Wermuth … [Chicago, Chicago law printing
964 1686 302 68 co., ᶜ1 929]
431 1767 443 50 3 p. l ., 45 p. 25½ ᶜᵐ.
365 1822 52 52 ©
444 1826 112 39 Feb.
579 1825 71 48 20,
678 1824 115 40 1929;
848 1824 67 40 2c.
942 1825 94 38 and
1065 1823 82 41 aff.
1173 1824 114 47 Apr.
1315 1824 26 39 3;
1398 1823 41 39 A
1463 1823 116 41 7219;
1634 1824 217 40 William
1881 1824 49 42 C.
1959 1825 267 48 Wermuth,
434 1826 1912 104 Chicago.
634 1880 252 50 (29-8773)

360 1978 261 62 Wüster,
659 1977 227 61 Eugen.

431 2052 633 54 Zamenhof-radikaro.
1140 2053 137 51 Kun
1319 2052 280 69 derivaĵoj
1643 2053 95 68 kaj
1785 2052 375 72 fontindikoj.
362 2055 1977 145 Prizorgita

620 2131 68 52 de
722 2131 149 51 Paul
906 2130 300 53 Kirschke.
1279 2130 259 69 Leipzig,
1574 2131 334 53 Ferdinand
1946 2133 144 53 Hirt
2125 2135 46 51 &
2205 2133 160 68 sohn,

364 2209 151 53 1927.

432 2292 56 40 84
518 2303 44 37 p.
621 2291 117 39 25ᶜᵐ.

365 2343 1996 52 © Aug. 3, 1927; 1c. Dec. 20; A—Foreign 36541; Ferdinand Hirt & sohn.
359 2429 206 64 Yates,
595 2427 310 54 Elizabeth
937 2427 152 54 Hall.

427 2505 115 67 Ah,
567 2505 96 52 the
690 2503 239 54 delicate
957 2503 260 69 passion!
1286 2505 92 67 By
1406 2503 302 53 Elizabeth
1736 2505 144 52 Hall
1909 2504 191 55 Yates.
358 2507 1980 137 Philadelphia,
640 2583 122 51 The

793 2581 1053 63 Penn publishing company [ ᶜ1 929]
429 2624 681 90 5 p. l., [9 ]-305 p. 19½ᶜᵐ.
363 2718 52 52 ©
444 2723 111 40 Feb.
583 2722 69 40 15.
681 2721 141 46 1929;
852 2721 67 39 2c.
948 2722 96 38 and
1073 2720 82 41 aff.
1186 2721 122 40 Mar.
1339 2721 20 38 1;
1421 2721 40 38 A
1488 2721 142 45 4644;
1663 2722 132 40 Penn
1826 2722 108 48 pub.
1963 2732 68 30 co.
441 2777 253 49 (29-5946)

367 2857 223 70 [Yates,
631 2856 186 54 Helen
858 2858 146 66 Eva]

429 2934 308 70 Shopping
760 2936 184 51 round
968 2936 95 51 the
1088 2936 182 53 world
1295 2955 72 34 on
1390 2938 96 51 the
1510 2936 305 54 President
1838 2937 193 70 liners,
2054 2938 307 55 American

356 3013 139 52 mail
528 3013 115 52 line
677 3012 115 53 and
825 3013 206 52 Dollar
1066 3013 312 69 steamship
1412 3014 131 53 line.
1625 3013 137 68 [San
1798 3015 324 69 Francisco,
2155 3016 206 55 Dollar

356 3090 1471 72 steamship line and American mail line, ᶜ1 929]
429 3170 468 51 [36] p. illus. 23 ᶜᵐ.
428 3229 319 39 “Illustrated
774 3228 62 47 by
862 3228 129 40 Kate
1021 3228 171 43 Droz.”

428 3285 262 46 Prefatory
714 3286 112 38 note
851 3285 61 46 by
939 3284 155 41 Helen
1122 3286 104 39 Eva
1252 3286 164 40 Yates.

429 3341 328 48 “Interesting
786 3342 158 39 travel
975 3341 177 40 books”
1172 3352 10 29 :
1215 3352 45 37 p.
1297 3342 85 49 [33]

361 3400 52 52 ©
442 3406 122 39 Mar.
592 3405 69 47 12,
690 3404 118 40 1929;
861 3405 67 40 2c.
959 3406 95 38 and
1082 3404 82 41 aff.
1194 3405 122 40 Mar.
1345 3405 83 46 19;
1458 3406 41 38 A
1527 3406 140 46 6011;
1699 3407 171 40 Dollar
1899 3410 271 48 steamship
2195 3410 100 40 line
2322 3411 37 40 &

590 3461 618 49 Amer. mail line. (29-8250)
360 3540 214 64 Yoder,
609 3540 153 53 Fred
797 3541 146 63 Roy,
982 3546 170 51 1888-

430 3617 1866 73 Introduction to agricultural economics, by Fred R. Yoder …
360 3695 1558 73 New York, Thomas Y. Crowell company [ ᶜ1 929]
429 3777 1929 56 xix, 472 p. diagrs. 21 ᶜᵐ. (Crowell’s social science series, ed. by
363 3834 44 41 S.
448 3833 256 49 Eldridge)

433 3890 248 41 “Selected
712 3890 302 41 references”
1047 3894 53 39 at
1129 3893 92 38 end
1252 3891 52 41 of
1333 3891 120 42 each
1484 3892 216 49 chapter.

365 3941 52 52 ©
442 3946 122 40 Mar.
588 3946 59 40 26,
683 3947 118 40 1929;
849 3948 67 39 2c.
942 3949 96 38 and
1063 3948 82 41 aff.
1171 3950 122 39 Mar.
1318 3950 56 40 28;
1428 3949 41 40 A
1494 3950 118 40 6200;
1663 3951 211 41 Thomas
1899 3953 53 40 Y.
1981 3953 204 41 Crowell
2212 3965 67 30 co.

442 4001 251 51 (29-8269)
