2535 4403
1058 4032 102 53 497

108 374 113 53 Am
249 375 32 51 I
308 375 225 68 getting
560 394 71 33 an
660 374 333 53 education?
1062 376 90 67 By
1181 373 221 69 George
1434 373 68 53 A.
1532 372 131 70 Coe,
1691 373 155 54 John
1871 374 230 66 Dewey,

171 449 1932 70 William Lyon Phelps [and others] … Garden City, N. Y.,
172 529 358 61 Doubleday,
556 529 198 51 Doran
783 531 45 49 &
856 545 297 45 company,
1180 527 127 63 inc.,
1338 530 150 50 1929.

172 609 591 49 3 p. l., 5-92 p. 21½ ᶜᵐ .
441 680 398 46 CONTENTS.—By-products
880 679 52 40 of
974 680 81 39 the
1097 680 178 46 college
1317 681 278 44 classroom,
1636 679 62 47 by
1741 679 52 40 G.
1835 679 55 40 A.
1934 679 171 43 Coe.—

106 736 125 40 How
263 737 49 38 to
346 735 197 48 acquire
578 746 26 29 a
641 737 106 38 love
782 734 52 41 of
867 736 122 47 good
1024 735 215 48 reading,
1274 735 62 47 by
1372 736 72 40 W.
1481 735 51 40 L.
1569 735 297 48 Phelps.—A
1904 735 200 41 student

105 793 136 40 looks
271 794 52 38 at
353 792 273 47 education,
658 792 62 47 by
751 792 51 40 P.
833 792 351 39 Porter.—The
1215 791 228 48 meaning
1474 791 53 40 of
1559 791 273 47 education,
1864 792 62 47 by
1959 792 52 40 F.
2044 793 59 39 D.

108 848 378 41 Slutz.—Soviet
532 848 272 48 education,
853 849 61 47 by
960 848 43 41 J.
1049 848 299 47 Dewey.—A
1394 848 328 40 constructive
1769 848 233 41 criticism
2052 848 53 41 of

105 907 200 38 modern
338 905 272 48 education,
646 905 62 47 by
743 905 44 40 J.
826 905 44 40 S.
907 904 351 41 Wilson.—Am
1296 905 24 39 I
1357 904 188 49 getting
1582 915 64 29 an
1681 904 291 41 education?
2030 906 74 47 By

106 962 46 44 S.
181 963 153 47 Eddy.

105 1030 51 52 ©
190 1034 110 49 Apr.
331 1034 39 47 5,
401 1033 114 40 1929
533 1044 9 31 ;
573 1034 68 40 2c.
673 1034 94 39 and
799 1032 82 41 aff.
913 1033 113 48 Apr.
1056 1032 83 48 10;
1172 1033 42 39 A
1244 1033 139 46 7343;
1419 1033 299 48 Doubleday,
1751 1033 169 40 Doran
1952 1033 35 39 &
2018 1043 68 29 co.,

171 1091 90 40 inc.
329 1090 252 49 (29-9200)

102 1185 142 63 Aza,
280 1184 181 64 Vital,
498 1190 326 49 1851-1912.

174 1260 260 56 Ciencias
469 1266 243 63 exactas,
747 1261 217 54 sainete
994 1280 63 35 en
1097 1280 78 34 un
1210 1267 124 48 acto
1370 1281 37 49 y
1442 1281 67 34 en
1546 1280 169 50 prosa
1750 1261 250 70 original
2035 1262 70 52 de

99 1339 164 55 Vital
295 1339 140 53 Aza.
510 1339 357 54 Authorized
902 1340 102 60 ed.,
1037 1340 141 53 with
1210 1340 410 66 introduction,
1652 1346 178 53 notes,
1863 1339 114 53 and
101 1357 1979 129 vocabulary

396 1417 1648 70 by Margie Burks … and Federico Ruiz Morcuende …
100 1496 382 54 illustrations
513 1496 76 69 by
675 1498 132 67 Ángel
844 1496 249 55 Cabrera
1127 1496 257 53 Latorre.
1463 1496 271 70 Chicago,
1767 1497 139 52 New
1943 1495 164 54 York

125 1578 120 63 [etc.]
278 1574 68 53 B.
376 1574 79 53 H.
486 1573 262 56 Sanborn
777 1576 47 50 &
851 1592 99 49 co.,
981 1576 149 51 1929.

102 1656 1986 106 xxxv, 138 p. incl. front. (port.) illus. 18½ ᶜᵐ . (Half-title: The Hispanic series)
173 1782 379 49 Bibliography:
584 1793 44 38 p.
659 1781 259 42 xxi-xxiii.

104 1849 51 52 ©
185 1854 114 47 Apr.
328 1854 39 47 6,
396 1852 141 48 1929;
567 1853 69 41 2c.
665 1854 95 39 and
790 1851 82 42 aff.
900 1852 114 48 Apr.
1045 1853 51 46 8;
1129 1853 39 38 A
1198 1853 108 40 7331
1331 1864 10 35 ;
1372 1854 140 47 Benj.
1541 1855 61 39 H.
1636 1854 220 41 Sanborn
1886 1856 38 39 &
1951 1866 68 30 co.

183 1909 250 48 (29-9013)

102 2003 215 64 Baker,
356 2004 198 62 Clyde.

173 2079 244 53 Modern
460 2079 428 69 gunsmithing;
940 2099 29 33 a
1015 2082 233 51 manual
1295 2079 64 54 of
1405 2081 258 54 firearms
1709 2082 218 70 design,
102 2102 1976 108 construction

415 2158 113 52 and
562 2158 372 69 remodeling,
967 2157 94 54 for
1097 2164 286 48 amateurs
1417 2159 113 53 and
1564 2159 431 70 professionals,
2028 2162 76 69 by

105 2234 180 69 Clyde
326 2235 203 53 Baker.
606 2235 403 68 Marshallton,
1048 2237 145 67 Del.,
1238 2236 363 56 Small-arms
1639 2239 282 53 technical

102 2240 1978 143 publishing company [ ᶜ1 928 ]
174 2394 1220 50 xi p., 1 l., 530 p. front., illus., diagrs. 22 ᶜᵐ .
105 2448 51 52 ©
185 2453 117 48 July
328 2453 40 48 7,
396 2453 140 47 1928;
566 2453 68 40 2c.
663 2454 96 39 and
787 2453 83 41 aff.
898 2454 113 48 Apr.
1040 2454 39 47 6,
1109 2453 141 48 1929;
1281 2455 41 39 A
1351 2455 140 47 6343;
1527 2456 304 41 Small-arms
1862 2457 240 41 technical

175 2510 109 48 pub.
313 2521 67 29 co.
446 2509 252 50 (29-9103)

106 2604 168 63 Bate,
307 2603 258 54 Richard
599 2604 356 65 Alexander,
992 2606 171 54 1871-

177 2684 122 52 The
322 2703 261 34 romance
609 2684 63 53 of
697 2683 223 71 George
945 2685 217 69 Rogers
1189 2685 178 55 Clark
1393 2687 112 53 and
1532 2688 245 53 Therese
1801 2689 68 53 de
1894 2689 212 71 Leyba,

105 2761 2001 78 by R. Alexander Bate … Louisville, The Standard printing
106 2840 742 68 co., incorporated [ ᶜ1 929
174 2921 306 49 51 p. 23 ᶜᵐ .
175 2977 377 48 Bibliography:
585 2988 44 37 p.
659 2977 71 41 51.

107 3029 51 52 ©
187 3034 113 48 Apr.
329 3034 41 46 2,
399 3033 118 40 1929
532 3044 8 36 ;
571 3034 68 41 2c.
667 3035 96 39 and
792 3033 83 42 aff.
904 3034 113 48 Apr.
1047 3034 29 40 8
1090 3045 10 33 ;
1131 3035 41 39 A
1201 3035 113 40 7316
1332 3046 10 37 ;
1375 3037 55 39 R.
1458 3037 54 41 A.
1544 3039 136 40 Bate.
1712 3039 280 43 Louisville.

185 3089 250 49 (29-9137)

108 3184 280 65 Béhaine,
430 3184 179 55 René.

237 3262 1641 76 … Avec les yeux de l’esprit. Paris, B. Grasset [1928]
175 3345 1818 59 2 p. l., vii-xxii, 244 p. 2 l. 19 ᶜᵐ . (His Histoire d’une société. [VI])
108 3397 1996 56 © Nov. 10, 1928; 1c. Jan. 25, 1929; A— Foreign 1668; Bernard Grasset.
185 3456 253 50 (29-9062)

111 3550 161 65 Betz,
314 3551 335 65 Frederick,
691 3557 171 50 1884-

177 3627 55 52 A
265 3627 125 54 first
422 3627 252 55 German
706 3628 164 53 book,
905 3629 141 53 with
1080 3632 290 67 exercises,
1403 3632 77 70 by
1515 3635 311 56 Frederick
1861 3639 142 53 Betz

110 3705 1991 82 and William Raleigh Price … New York, Cincinnati [etc.]
111 3783 1021 70 American book company [ ᶜ1 929]
177 3863 1414 54 473 p. incl. front. (port.) illus. double map. 19 ᶜᵐ .
113 3917 1679 56 © Mar. 30, 1929 ; 2c. and aff. Apr. 8; A 7313 ; Amer. book co.
188 3977 251 45 (29-9275)
