2533 4342
1294 3965 138 53 2008

446 436 1922 51 3 p. l. , [9]-324 p., 2 l. plates, ports. 23 ᶜᵐ. (Bibliothèque historique)
448 506 422 48 “Bibliographie”:
937 517 43 37 p.
1019 506 116 50 [325]

379 575 1549 53 © June 14, 1929; 1c. Aug. 23; A— Foreign 4351; Payot.
457 634 280 48 (29-29866)

372 741 254 66 Walker,
656 743 203 53 James
889 743 300 53 Bradford
1221 742 346 65 Richmond,
1603 749 325 50 1821-1885.

443 835 121 53 The
598 836 462 67 comprehensive
1094 837 382 53 concordance
1508 843 59 47 to
1600 838 96 52 the
1728 837 160 71 Holy
1926 837 343 70 Scriptures,
2301 839 77 69 by

375 913 137 53 Rev.
548 914 56 54 J.
642 915 66 52 B.
746 915 67 53 R.
849 914 265 68 Walker;
1153 935 31 33 a
1221 915 295 69 practical,
1549 913 354 72 convenient,
1938 919 259 51 accurate
2231 921 146 48 text-

371 991 2005 71 finder … based on the authorized version. New ed. Boston,
373 1068 1103 72 Chicago, The Pilgrim press [ ᶜ1 929]
439 1151 365 49 vi, 958 p. 23 ᶜᵐ.
376 1218 52 53 ©
468 1222 127 49 Sept.
630 1222 71 48 28,
740 1222 113 41 1929;
919 1222 67 43 2c.
1027 1222 102 42 Oct.
1165 1223 57 38 14;
1287 1221 82 41 aff.
1408 1222 113 41 Dec.
1559 1222 55 41 13;
1681 1222 43 40 A
1758 1222 145 41 16604;
1973 1222 178 49 Sidney
2189 1223 181 40 Adams

444 1280 213 47 Weston,
697 1280 197 40 Boston.
967 1274 72 54 [©
1076 1289 107 30 new
1222 1280 184 39 matter
1444 1278 95 40 and
1580 1283 401 44 rearrangement
2020 1280 50 40 in
2109 1279 261 50 foreword]

454 1334 282 49 (29-30421)

366 1444 357 65 Washburn,
754 1443 206 54 Edwin
993 1443 247 65 Chapin.

453 1533 1922 70 “The 17”, by Edwin C. Washburn … Englewood, N. J.,
366 1613 566 67 Washburn [ ᶜ1 929]
496 1693 726 49 x, 290 p. front., plates. 21 ᶜᵐ.
438 1765 102 40 The
569 1766 135 46 story
733 1763 54 41 of
814 1775 26 29 a
872 1763 226 41 Baldwin
1125 1764 301 40 locomotive.

377 1832 52 51 ©
464 1836 100 40 Dec
641 1867 9 17 8,
685 1835 141 47 1929;
863 1835 66 41 2c.
965 1835 113 41 Dec.
1112 1835 83 47 14;
1234 1834 81 41 aff.
1351 1835 113 40 Dec.
1498 1836 82 45 13;
1618 1835 41 38 A
1694 1835 169 47 16432;
1903 1836 53 39 E.
1994 1835 50 41 C.
2080 1836 291 48 Washburn,

443 1893 305 47 Englewood,
778 1892 57 39 N.
866 1892 44 40 J.
979 1891 282 48 (29-30525)

367 2000 356 64 Washburn,
752 2000 164 53 Ruth
945 1999 282 55 Wendell.

498 2089 1873 71 … A study of the smiling and laughing of infants in the
367 2168 124 53 first
520 2186 136 51 year
687 2166 64 55 of
779 2167 134 68 life;
949 2167 153 54 from
1134 2168 96 53 the
1262 2168 147 53 Yale
1441 2169 430 68 psycho-clinic,
1902 2170 76 67 by
2010 2170 158 52 Ruth
366 2171 1979 129 Wendell

511 2245 1858 72 Washburn … Worcester, Mass., Clark university, ᶜ1 929.
436 2326 1936 51 p. 397-537. illus. 24½ᶜᵐ. (Genetic psychology monographs … vol. v,
365 2395 75 30 no.
467 2384 26 40 5
521 2384 38 41 &
584 2383 51 49 6)

438 2455 202 39 Volume
666 2454 203 40 number
895 2454 53 40 of
972 2453 152 42 series
1151 2455 247 40 corrected
1425 2454 50 39 in
1500 2453 305 50 manuscript
1833 2456 49 39 to
1910 2454 92 41 vol.
2088 2486 8 9 VI.

438 2510 147 41 “This
623 2513 164 46 report
824 2510 42 41 is
905 2513 113 46 part
1054 2510 54 40 of
1144 2521 28 29 a
1213 2510 317 41 dissertation
1570 2511 258 48 presented
1866 2510 79 41 for
1986 2511 83 40 the
2106 2512 173 47 degree
2320 2510 52 42 of

366 2567 168 41 doctor
559 2567 53 40 of
636 2567 288 49 philosophy
951 2566 51 41 in
1030 2567 121 41 Yale
1178 2566 317 49 university.”

437 2622 351 43 “References”:
845 2635 44 37 p.
918 2622 218 43 532-535.

372 2690 52 53 ©
454 2696 119 39 Nov.
602 2695 71 48 27,
703 2694 118 41 1929;
875 2696 66 39 2c.
972 2695 120 41 Nov.
1122 2694 55 41 29;
1239 2694 82 41 aff.
1352 2694 112 41 Dec.
1495 2693 57 41 10;
1610 2694 41 39 A
1684 2694 143 41 16375;
1889 2695 149 41 Clark
2069 2695 130 40 univ.

446 2749 223 51 (30-419)

364 2861 166 52 West
557 2859 345 65 publishing
926 2876 103 47 co.,
1056 2863 84 52 St.
1168 2860 164 54 Paul.

435 2951 295 69 Complete
756 2954 185 51 Texas
967 2953 161 53 writs
1156 2954 64 51 of
1248 2971 156 34 error
1430 2953 152 52 table;
1641 2953 209 56 Courts
1879 2950 64 54 of
1969 2952 135 54 civil
2132 2954 235 67 appeals

363 3048 150 34 cases
549 3031 202 66 passed
787 3048 155 50 upon
976 3030 77 68 by
1088 3031 96 51 the
1223 3030 275 68 Supreme
1535 3035 163 48 court
1735 3028 153 55 from
1923 3028 228 55 earliest
2184 3029 181 54 times.

361 3108 98 52 4th
495 3108 103 65 ed.,
633 3111 149 50 1929.
862 3107 81 55 St.
978 3107 166 69 Paul,
1176 3109 161 53 West
1369 3107 338 69 publishing
1740 3125 297 51 company,
2073 3110 150 51 1929.

428 3187 57 41 95
510 3198 43 38 p.
612 3186 59 42 25½ᶜᵐ.

435 3260 157 47 “Kept
624 3261 50 39 to
707 3260 113 40 date
855 3260 211 47 through
1099 3270 24 29 a
1164 3261 353 46 supplemental
1555 3260 131 39 table
1720 3259 50 39 in
1805 3260 81 39 the
1921 3261 197 38 current
2149 3260 218 38 advance

363 3316 161 40 sheets
553 3315 53 41 of
632 3317 82 39 the
746 3316 153 40 South
928 3318 210 38 western
1169 3314 674 50 reporter.”—Explanation.

370 3380 53 53 ©
452 3386 120 41 Nov.
603 3386 40 48 5,
674 3386 117 40 1929;
849 3386 66 42 2c.
949 3386 113 40 Dec.
1095 3385 58 40 16;
1213 3385 82 41 aff.
1327 3385 112 41 Dec.
1472 3386 56 38 14;
1589 3385 41 39 A
1664 3384 143 41 16503;
1868 3386 138 40 West
2037 3385 109 48 pub.
2181 3394 68 30 co.

447 3440 163 49 (30-2)

366 3532 364 69 [Wilkinson,
760 3534 181 54 Louis
969 3534 373 68 Umfreville]
1377 3539 172 50 1881-

432 3624 1871 73 Love by accident, a tragi-farce, by Louis Marlow [pseud.] …
360 3704 259 68 London,
643 3704 70 55 V.
741 3703 294 63 Gollancz,
1061 3705 121 67 ltd.,
1213 3708 149 50 1929.

430 3783 99 48 287,
562 3785 54 49 [1]
647 3795 45 38 p.
751 3784 56 41 19ᶜᵐ.

370 3850 1989 54 © 1c. Dec. 11, 1929; A ad int. 13360; pubd. Oct. 14; L. U. Wilkinson,
435 3911 212 44 London.
716 3911 280 53 (29-30557)
