2535 4403
1046 4038 99 51 513

93 395 199 64 Adler,
331 394 231 65 Alfred,
603 395 171 54 1870-

158 487 122 52 The
311 504 124 34 case
466 484 65 54 of
561 485 144 53 Miss
737 485 69 52 R.
875 485 120 53 The
1029 484 445 68 interpretation
1505 484 64 53 of
1601 503 33 33 a
1665 484 107 53 life
1804 489 177 64 story,
2013 485 76 69 by

88 563 212 53 Alfred
338 562 200 67 Adler,
576 562 318 53 translated
932 563 74 68 by
1046 562 282 52 Eleanore
1365 562 114 52 and
1517 561 302 54 Friedrich
1860 562 230 68 Jensen,

144 638 1095 69 M . D . New York, Greenberg [ ᶜ1 929]
160 722 424 49 xxii, 306 p. 21 ᶜᵐ.
92 791 51 51 ©
175 794 114 48 Apr.
320 794 31 39 2,
393 792 114 41 1929;
567 793 68 40 2c.
667 792 115 49 Apr.
814 791 28 41 8;
901 791 82 41 aff.
1013 792 115 48 Apr.
1160 791 29 40 9;
1247 792 42 39 A
1321 792 113 39 6441;
1499 792 288 49 Greenberg,
1821 793 263 49 publisher,

159 850 93 41 inc.
317 849 252 50 (29-8959)

87 960 284 53 Alcanter
399 959 69 52 de
497 958 244 64 Brahm,
770 958 223 53 Jeanne
1021 957 232 54 Ichard.

159 1053 81 52 Le
276 1051 224 53 manoir
537 1051 69 52 de
644 1050 174 69 glace.
894 1050 185 67 Paris,
1117 1050 270 53 Editions
1428 1048 662 71 Gautier-Languereau,

90 1129 149 54 1927.

158 1211 457 49 126 p. illus. 21½ ᶜᵐ.
91 1288 51 51 ©
167 1292 119 41 Nov.
311 1291 68 48 15,
406 1290 140 48 1927;
604 1301 38 30 1c.
668 1290 113 41 Feb.
806 1289 70 48 10,
902 1289 140 47 1928;
1071 1288 313 50 A—Foreign
1408 1290 172 47 37468;
1611 1280 226 52 Éditions
1864 1290 223 42 Gautier-

158 1348 333 48 Languereau.

93 1460 263 63 Barrett,
387 1457 253 53 Edward
671 1456 155 54 John
857 1456 184 65 Boyd,
1074 1461 171 50 1883-

161 1549 1930 73 While Peter sleeps, by E. Boyd Barrett … New York,
91 1633 48 54 I.
170 1631 348 67 Washburn,
555 1631 150 51 1929.

160 1709 1000 53 1 p. l ., v-xi, [1] p., 1 l., 15-321 p. 21 ᶜᵐ.
160 1784 76 40 An
268 1782 218 48 analysis
518 1781 54 41 of
601 1780 312 49 present-day
943 1780 241 48 problems
1215 1779 53 40 in
1299 1781 82 40 the
1414 1780 224 43 Catholic
1666 1783 197 42 church.

93 1852 51 53 ©
177 1857 122 38 Mar.
329 1854 71 47 22,
433 1852 141 47 1929;
608 1853 68 40 2c.
709 1852 97 39 and
837 1850 83 43 aff.
952 1850 114 49 Apr.
1098 1851 82 46 12;
1216 1851 41 39 A
1288 1851 142 48 7420;
1466 1854 53 39 E.
1553 1854 136 47 Boyd
1723 1855 215 42 Barrett.
1972 1857 118 41 New

159 1912 146 40 York.
374 1908 252 52 (29-9350)

92 2022 244 62 Barton,
369 2019 226 54 Walter
628 2018 225 64 Elbert,
891 2023 170 49 1886-

159 2112 243 54 Federal
443 2111 217 53 income
699 2110 113 52 and
855 2114 176 49 estate
1068 2115 99 47 tax
1208 2110 156 60 laws,
1405 2112 314 53 correlated
1760 2114 114 52 and
90 2133 1975 126 annotated,

302 2191 173 68 being
511 2209 31 33 a
582 2188 373 68 compilation
992 2188 113 52 and
1145 2189 337 53 annotation
1521 2189 65 54 of
1626 2191 76 51 all
1744 2190 220 54 federal
91 2193 1974 130 income

278 2269 113 52 and
426 2272 177 49 estate
636 2271 99 48 tax
769 2267 138 52 laws
942 2266 150 54 since
1130 2269 132 50 1909
1300 2267 113 53 and
1449 2287 31 33 a
1517 2269 342 53 correlation
1896 2270 63 54 of
1994 2271 96 54 the

91 2350 266 56 Revenue
382 2351 117 48 acts
526 2345 64 53 of
618 2344 153 68 1917,
798 2348 153 64 1918,
980 2347 152 63 1921,
1161 2348 152 63 1924,
1343 2349 135 50 1926
1506 2346 114 54 and
1650 2351 153 64 1928,
1830 2346 77 71 by
90 2347 1975 133 Walter

208 2421 1882 75 E. Barton … and Carroll W. Browning … Washington,
91 2506 71 54 D.
194 2504 82 67 C.,
305 2504 56 54 J.
391 2504 196 68 Byrne
614 2504 45 50 &
687 2519 300 51 company,
1018 2504 151 50 1929.

158 2584 401 51 xlv, 766 p. 26 ᶜᵐ.
161 2657 215 42 “Fourth
406 2655 228 42 edition.”

95 2725 51 53 ©
170 2729 114 47 Apr.
309 2729 39 46 8,
373 2727 141 46 1929;
541 2727 67 39 2c.
634 2727 95 39 and
755 2725 83 41 aff.
863 2725 114 48 Apr.
1002 2725 81 41 10;
1111 2724 41 40 A
1177 2725 142 47 7390;
1347 2727 71 39 W.
1446 2727 53 41 E.
1525 2728 188 40 Barton
1738 2729 37 40 &
1801 2729 190 42 Carroll
2019 2733 71 40 W.

161 2784 275 49 Browning,
468 2782 337 49 Washington.
873 2781 251 50 (29-9112)

93 2895 244 62 Barton,
367 2892 256 55 William
651 2891 265 64 Eleazar,
949 2896 170 50 1861-

90 2984 1979 150 The lineage of Lincoln [by] William E. Barton … Indianapolis,
318 3062 1127 70 The Bobbs-Merrill company [ ᶜ1 929]
161 3143 1840 51 14 p. l ., 419 p. front., illus. (maps) plates, ports., facsims. 24½ ᶜᵐ.
162 3217 68 40 “A
259 3216 191 42 critical
477 3213 368 50 bibliography”;
903 3225 43 37 p.
979 3213 248 50 [393]-397.

95 3285 53 52 ©
175 3288 115 48 Apr.
319 3289 68 47 11,
418 3287 141 47 1929;
589 3287 69 39 2c.
687 3287 96 39 and
812 3285 82 40 aff.
924 3285 113 49 Apr.
1068 3286 82 46 15;
1182 3285 40 39 A
1252 3287 141 46 7455;
1428 3287 370 43 Bobbs-Merrill
1828 3302 67 30 co.

174 3345 251 49 (29-9284)

94 3449 330 62 Baumann,
464 3436 209 74 Émile,
717 3450 171 50 1868-

168 3547 166 56 Saint
359 3547 165 65 Paul,
549 3547 77 68 by
650 3533 189 66 Émile
866 3546 303 52 Baumann;
1225 3548 317 53 translated
1569 3548 153 54 from
1745 3552 97 53 the
1868 3554 223 54 French

93 3624 75 68 by
194 3621 270 54 Kenneth
490 3620 193 53 Burke;
742 3620 142 52 with
912 3639 31 33 a
973 3618 371 70 frontispiece
1371 3619 76 71 by
1473 3619 185 58 Émile
1685 3625 263 56 Bernard
1977 3630 114 53 and

95 3700 355 55 decorations
474 3698 76 69 by
576 3698 156 53 René
756 3697 239 53 Pottier.
1058 3697 139 54 New
1224 3697 181 69 York,
1431 3698 312 72 Harcourt,
1769 3704 182 55 Brace
1977 3707 115 54 and

94 3778 509 69 company [ ᶜ1 929]
164 3860 169 47 xxviii,
362 3858 87 41 316
473 3869 45 38 p.
571 3858 165 47 front.,
765 3857 129 40 illus.
950 3856 58 40 22½ᶜᵐ.

101 3928 51 51 ©
184 3932 123 39 Mar.
337 3930 69 46 28,
437 3928 141 46 1929;
611 3928 67 40 2c.
710 3927 97 39 and
838 3926 82 41 aff.
951 3927 113 48 Apr.
1097 3927 81 47 12;
1212 3928 42 39 A
1283 3928 142 49 7395;
1460 3930 261 51 Harcourt,
1755 3935 155 41 Brace
1943 3937 37 41 &
2010 3949 80 37 co,

167 3988 91 40 inc.
325 3985 250 50 (29-9123)
