<alto xmlns="http://www.loc.gov/standards/alto/ns-v3#" xmlns:xlink="http://www.w3.org/1999/xlink" xmlns:xsi="http://www.w3.org/2001/XMLSchema-instance" xsi:schemaLocation="http://www.loc.gov/standards/alto/ns-v3# http://www.loc.gov/alto/v3/alto-3-0.xsd"><Description>
<MeasurementUnit>pixel</MeasurementUnit>
<sourceImageInformation>
<fileName>1929_v26_part001.pdf</fileName>
</sourceImageInformation>
<OCRProcessing ID="IdOcr">
<ocrProcessingStep>
<processingDateTime>2019-04-18</processingDateTime>
<processingSoftware>
<softwareCreator>ABBYY</softwareCreator>
<softwareName>ABBYY Recognition Server</softwareName>
<softwareVersion>4.0</softwareVersion>
</processingSoftware>
</ocrProcessingStep>
</OCRProcessing>
</Description>
<Styles>
<ParagraphStyle ID="StyleId-FFFFFFFF-FFFF-FFFF-FFFF-FFFFFFFFFFFF-" ALIGN="Left" LEFT="0." RIGHT="0." FIRSTLINE="0."/>
<ParagraphStyle ID="StyleId-11A520CB-49B0-4D42-A675-089886D5B704-" ALIGN="Center" LEFT="0." RIGHT="0." FIRSTLINE="0." LINESPACE="7.699999809"/>
<ParagraphStyle ID="StyleId-2AEC4724-E584-48A1-8E6D-86B1AA154223-" ALIGN="Left" LEFT="0." RIGHT="0." FIRSTLINE="0." LINESPACE="12.19999981"/>
<ParagraphStyle ID="StyleId-5ADCDE1D-F34B-405C-A765-E9B51F6229BD-" ALIGN="Left" LEFT="0." RIGHT="0." FIRSTLINE="-13." LINESPACE="8.050000191"/>
<ParagraphStyle ID="StyleId-D0AEFB96-F81D-4367-8545-C0AC945FA34C-" ALIGN="Block" LEFT="0." RIGHT="0." FIRSTLINE="-13." LINESPACE="8.899999619"/>
<ParagraphStyle ID="StyleId-9A3BB592-4BA4-4F85-B157-B9A7F1FC9680-" ALIGN="Left" LEFT="0." RIGHT="0." FIRSTLINE="0."/>
<ParagraphStyle ID="StyleId-E9D6144A-CFDC-4919-911D-02B0461DB967-" ALIGN="Left" LEFT="0." RIGHT="0." FIRSTLINE="-13." LINESPACE="23.43000031"/>
<ParagraphStyle ID="StyleId-EEECFC68-AAC5-42B1-B3BF-987799B5B74A-" ALIGN="Block" LEFT="0." RIGHT="0." FIRSTLINE="0." LINESPACE="23.43000031"/>
<ParagraphStyle ID="StyleId-98D20B11-A9BB-4FAB-8DC8-DC8C43F3755E-" ALIGN="Left" LEFT="0." RIGHT="0." FIRSTLINE="0." LINESPACE="10.5"/>
<ParagraphStyle ID="StyleId-C279DBAD-2656-4352-93E6-C942618B09B1-" ALIGN="Block" LEFT="0." RIGHT="0." FIRSTLINE="-13." LINESPACE="8.770000458"/>
<ParagraphStyle ID="StyleId-A539B2D0-654F-45BA-9385-D7E681D9BD87-" ALIGN="Block" LEFT="0." RIGHT="0." FIRSTLINE="0." LINESPACE="8.18999958"/>
<ParagraphStyle ID="StyleId-CFE66565-54F2-45CF-9511-65151219B0BC-" ALIGN="Left" LEFT="0." RIGHT="0." FIRSTLINE="-12." LINESPACE="12.19999981"/>
<ParagraphStyle ID="StyleId-37B60A95-D7B9-4720-9D46-F2E763AAD699-" ALIGN="Block" LEFT="0." RIGHT="0." FIRSTLINE="0." LINESPACE="12.19999981"/>
<ParagraphStyle ID="StyleId-255154CA-71AA-47B9-A5EB-ED90642010CE-" ALIGN="Block" LEFT="0." RIGHT="0." FIRSTLINE="13." LINESPACE="7.900000095"/>
<ParagraphStyle ID="StyleId-4618FB06-20CA-4F95-9CA2-829603EE887D-" ALIGN="Block" LEFT="0." RIGHT="0." FIRSTLINE="0." LINESPACE="10."/>
<ParagraphStyle ID="StyleId-61F9B98E-BA82-4DCF-809A-0C5481162321-" ALIGN="Left" LEFT="0." RIGHT="0." FIRSTLINE="-13." LINESPACE="8.479999542"/>
<ParagraphStyle ID="StyleId-16A4FB0C-4CB7-44C8-846E-AF89DD76FC73-" ALIGN="Left" LEFT="0." RIGHT="0." FIRSTLINE="0." LINESPACE="11.10000038"/>
<ParagraphStyle ID="StyleId-8CC01B24-9D1D-45D5-B954-83ECA9EA3425-" ALIGN="Left" LEFT="0." RIGHT="0." FIRSTLINE="-13." LINESPACE="8.050000191"/>
<ParagraphStyle ID="StyleId-3DB8CD3F-AD17-4DD7-8361-787A6A426C72-" ALIGN="Block" LEFT="0." RIGHT="0." FIRSTLINE="13." LINESPACE="7.900000095"/>
</Styles>
<Layout>
<Page ID="Page2173" PHYSICAL_IMG_NR="2173" HEIGHT="4389" WIDTH="2542">
<TopMargin HEIGHT="359" WIDTH="2542" VPOS="0" HPOS="0">
</TopMargin>
<LeftMargin HEIGHT="3808" WIDTH="184" VPOS="359" HPOS="0">
</LeftMargin>
<RightMargin HEIGHT="3808" WIDTH="316" VPOS="359" HPOS="2226">
</RightMargin>
<BottomMargin HEIGHT="222" WIDTH="2542" VPOS="4167" HPOS="0">
</BottomMargin>
<PrintSpace HEIGHT="3808" WIDTH="2042" VPOS="359" HPOS="184">
<TextBlock ID="Page2173_Block1" HEIGHT="127" WIDTH="374" VPOS="4040" HPOS="1042" LANG="en-US" STYLEREFS="StyleId-62FBD89C-DF0E-4623-A8B9-79D07ED4660A-">
<TextLine HEIGHT="55" WIDTH="138" VPOS="4046" HPOS="1134">
<String CONTENT="2173" HEIGHT="55" WIDTH="138" VPOS="4046" HPOS="1134"/>
</TextLine>
</TextBlock>
<TextBlock ID="Page2173_Block2" HEIGHT="3666" WIDTH="2042" VPOS="359" HPOS="184" LANG="en-US" CS="1" STYLEREFS="StyleId-7A571E12-8BF1-438F-BBE4-036650E1F099-">
<TextLine HEIGHT="64" WIDTH="893" VPOS="378" HPOS="198" STYLEREFS="StyleId-62FBD89C-DF0E-4623-A8B9-79D07ED4660A-">
<String CONTENT="Thom," HEIGHT="64" WIDTH="206" VPOS="378" HPOS="198"/>
<SP HEIGHT="64" WIDTH="27" VPOS="378" HPOS="405"/>
<String CONTENT="Burton" HEIGHT="52" WIDTH="231" VPOS="378" HPOS="433"/>
<SP HEIGHT="52" WIDTH="26" VPOS="378" HPOS="665"/>
<String CONTENT="Peter," HEIGHT="63" WIDTH="195" VPOS="378" HPOS="692"/>
<SP HEIGHT="58" WIDTH="29" VPOS="383" HPOS="888"/>
<String CONTENT="1874-" HEIGHT="54" WIDTH="173" VPOS="378" HPOS="918"/>
</TextLine>
<TextLine HEIGHT="72" WIDTH="1941" VPOS="452" HPOS="269" STYLEREFS="StyleId-FB160667-A2E7-4E27-A96B-9CE5E813E089-" CS="1">
<String CONTENT="Dust" HEIGHT="52" WIDTH="151" VPOS="458" HPOS="269"/>
<SP HEIGHT="48" WIDTH="24" VPOS="462" HPOS="421"/>
<String CONTENT="to" HEIGHT="47" WIDTH="58" VPOS="463" HPOS="446"/>
<SP HEIGHT="51" WIDTH="23" VPOS="458" HPOS="505"/>
<String CS="1" CONTENT="life;" HEIGHT="55" WIDTH="106" VPOS="455" HPOS="529"/>
<SP HEIGHT="62" WIDTH="25" VPOS="462" HPOS="665"/>
<String CONTENT="the" HEIGHT="52" WIDTH="97" VPOS="457" HPOS="691"/>
<SP HEIGHT="34" WIDTH="23" VPOS="476" HPOS="789"/>
<String CONTENT="scientific" HEIGHT="56" WIDTH="274" VPOS="454" HPOS="813"/>
<SP HEIGHT="35" WIDTH="25" VPOS="475" HPOS="1088"/>
<String CONTENT="story" HEIGHT="63" WIDTH="157" VPOS="461" HPOS="1114"/>
<SP HEIGHT="50" WIDTH="23" VPOS="474" HPOS="1272"/>
<String CONTENT="of" HEIGHT="54" WIDTH="65" VPOS="454" HPOS="1296"/>
<SP HEIGHT="53" WIDTH="24" VPOS="454" HPOS="1362"/>
<String CONTENT="creation," HEIGHT="71" WIDTH="271" VPOS="452" HPOS="1387"/>
<SP HEIGHT="69" WIDTH="23" VPOS="454" HPOS="1659"/>
<String CONTENT="by" HEIGHT="70" WIDTH="76" VPOS="454" HPOS="1683"/>
<SP HEIGHT="70" WIDTH="26" VPOS="454" HPOS="1760"/>
<String CONTENT="Burton" HEIGHT="51" WIDTH="224" VPOS="454" HPOS="1787"/>
<SP HEIGHT="53" WIDTH="25" VPOS="452" HPOS="2012"/>
<String CONTENT="Peter" HEIGHT="52" WIDTH="172" VPOS="452" HPOS="2038"/>
</TextLine>
<TextLine HEIGHT="71" WIDTH="1572" VPOS="533" HPOS="201" STYLEREFS="StyleId-FB160667-A2E7-4E27-A96B-9CE5E813E089-" CS="1">
<String CONTENT="Thom" HEIGHT="52" WIDTH="184" VPOS="536" HPOS="201"/>
<SP HEIGHT="33" WIDTH="34" VPOS="554" HPOS="386"/>
<String CS="1" CONTENT="&#8230;"/>
<SP HEIGHT="53" WIDTH="77" VPOS="535" HPOS="477"/>
<String CONTENT="New" HEIGHT="53" WIDTH="140" VPOS="535" HPOS="555"/>
<SP HEIGHT="52" WIDTH="29" VPOS="534" HPOS="696"/>
<String CONTENT="York," HEIGHT="71" WIDTH="182" VPOS="533" HPOS="726"/>
<SP HEIGHT="70" WIDTH="29" VPOS="534" HPOS="909"/>
<String LANG="fr" CONTENT="E." HEIGHT="53" WIDTH="68" VPOS="534" HPOS="939"/>
<SP HEIGHT="53" WIDTH="26" VPOS="534" HPOS="1008"/>
<String CONTENT="P." HEIGHT="52" WIDTH="65" VPOS="534" HPOS="1035"/>
<SP HEIGHT="53" WIDTH="29" VPOS="533" HPOS="1101"/>
<String CONTENT="Dutton" HEIGHT="53" WIDTH="225" VPOS="533" HPOS="1131"/>
<SP HEIGHT="51" WIDTH="29" VPOS="534" HPOS="1357"/>
<String CONTENT="&amp;" HEIGHT="51" WIDTH="47" VPOS="534" HPOS="1387"/>
<SP HEIGHT="51" WIDTH="27" VPOS="534" HPOS="1435"/>
<String LANG="ru" CONTENT="&#1089;&#1086;." HEIGHT="35" WIDTH="80" VPOS="551" HPOS="1463"/>
<SP HEIGHT="34" WIDTH="34" VPOS="565" HPOS="1544"/>
<String LANG="ru" CS="1" CONTENT="["/>
<String CS="1" CONTENT="&#7580;1929]" HEIGHT="64" WIDTH="152" VPOS="534" HPOS="1621"/>
</TextLine>
<TextLine HEIGHT="52" WIDTH="1096" VPOS="612" HPOS="340" CS="1">
<String CS="1" CONTENT="xv," HEIGHT="15" WIDTH="9" VPOS="649" HPOS="340"/>
<SP HEIGHT="47" WIDTH="22" VPOS="617" HPOS="350"/>
<String CONTENT="409" HEIGHT="40" WIDTH="87" VPOS="616" HPOS="373"/>
<SP HEIGHT="48" WIDTH="23" VPOS="616" HPOS="461"/>
<String CONTENT="p." HEIGHT="37" WIDTH="44" VPOS="627" HPOS="485"/>
<SP HEIGHT="41" WIDTH="23" VPOS="616" HPOS="530"/>
<String CONTENT="incl." HEIGHT="40" WIDTH="111" VPOS="616" HPOS="554"/>
<SP HEIGHT="41" WIDTH="22" VPOS="615" HPOS="666"/>
<String CONTENT="front.," HEIGHT="48" WIDTH="165" VPOS="615" HPOS="689"/>
<SP HEIGHT="48" WIDTH="26" VPOS="615" HPOS="855"/>
<String CONTENT="illus.," HEIGHT="46" WIDTH="144" VPOS="615" HPOS="882"/>
<SP HEIGHT="46" WIDTH="25" VPOS="615" HPOS="1027"/>
<String CONTENT="diagrs." HEIGHT="48" WIDTH="180" VPOS="614" HPOS="1053"/>
<SP HEIGHT="39" WIDTH="53" VPOS="614" HPOS="1234"/>
<String CS="1" CONTENT="22&#189;&#7580;&#7504;." HEIGHT="43" WIDTH="148" VPOS="612" HPOS="1288"/>
</TextLine>
<TextLine HEIGHT="53" WIDTH="2000" VPOS="667" HPOS="205" CS="1">
<String CONTENT="&#169;" HEIGHT="52" WIDTH="52" VPOS="668" HPOS="205"/>
<SP HEIGHT="52" WIDTH="26" VPOS="668" HPOS="258"/>
<String CONTENT="Nov." HEIGHT="40" WIDTH="120" VPOS="673" HPOS="285"/>
<SP HEIGHT="39" WIDTH="24" VPOS="673" HPOS="406"/>
<String CONTENT="22," HEIGHT="46" WIDTH="70" VPOS="673" HPOS="431"/>
<SP HEIGHT="47" WIDTH="26" VPOS="672" HPOS="502"/>
<String CS="1" CONTENT="1929;" HEIGHT="39" WIDTH="118" VPOS="672" HPOS="529"/>
<SP HEIGHT="40" WIDTH="27" VPOS="672" HPOS="671"/>
<String CONTENT="2c." HEIGHT="40" WIDTH="69" VPOS="672" HPOS="699"/>
<SP HEIGHT="30" WIDTH="26" VPOS="682" HPOS="769"/>
<String CONTENT="and" HEIGHT="38" WIDTH="96" VPOS="673" HPOS="796"/>
<SP HEIGHT="38" WIDTH="26" VPOS="673" HPOS="893"/>
<String CONTENT="aff." HEIGHT="40" WIDTH="82" VPOS="670" HPOS="920"/>
<SP HEIGHT="39" WIDTH="28" VPOS="671" HPOS="1003"/>
<String CONTENT="Dec." HEIGHT="40" WIDTH="113" VPOS="671" HPOS="1032"/>
<SP HEIGHT="40" WIDTH="25" VPOS="671" HPOS="1146"/>
<String CONTENT="23;" HEIGHT="46" WIDTH="83" VPOS="671" HPOS="1172"/>
<SP HEIGHT="47" WIDTH="29" VPOS="670" HPOS="1256"/>
<!-- cceid A8E09D93-6CFA-1014-9C3C-CEA95E7AA542 --><String CONTENT="A" HEIGHT="39" WIDTH="42" VPOS="670" HPOS="1286"/>
<SP HEIGHT="39" WIDTH="24" VPOS="670" HPOS="1329"/>
<String CONTENT="16750;" HEIGHT="48" WIDTH="171" VPOS="668" HPOS="1354"/>
<SP HEIGHT="46" WIDTH="30" VPOS="670" HPOS="1526"/>
<String LANG="fr" CONTENT="E." HEIGHT="40" WIDTH="54" VPOS="670" HPOS="1557"/>
<SP HEIGHT="41" WIDTH="27" VPOS="669" HPOS="1612"/>
<String CONTENT="P." HEIGHT="41" WIDTH="51" VPOS="669" HPOS="1640"/>
<SP HEIGHT="42" WIDTH="27" VPOS="668" HPOS="1692"/>
<String CONTENT="Dutton" HEIGHT="40" WIDTH="191" VPOS="668" HPOS="1720"/>
<SP HEIGHT="41" WIDTH="24" VPOS="667" HPOS="1912"/>
<String CONTENT="&amp;" HEIGHT="41" WIDTH="38" VPOS="667" HPOS="1937"/>
<SP HEIGHT="41" WIDTH="24" VPOS="667" HPOS="1976"/>
<String LANG="ru" CONTENT="&#1089;&#1086;.," HEIGHT="37" WIDTH="84" VPOS="677" HPOS="2001"/>
<SP HEIGHT="47" WIDTH="27" VPOS="667" HPOS="2086"/>
<String LANG="fr" CONTENT="inc." HEIGHT="40" WIDTH="91" VPOS="667" HPOS="2114"/>
</TextLine>
<TextLine HEIGHT="50" WIDTH="252" VPOS="728" HPOS="282">
<String CONTENT="(30-1425)" HEIGHT="50" WIDTH="252" VPOS="728" HPOS="282"/>
</TextLine>
<TextLine HEIGHT="64" WIDTH="1195" VPOS="821" HPOS="195" STYLEREFS="StyleId-62FBD89C-DF0E-4623-A8B9-79D07ED4660A-">
<String CONTENT="Thompson," HEIGHT="64" WIDTH="356" VPOS="821" HPOS="195"/>
<SP HEIGHT="62" WIDTH="28" VPOS="823" HPOS="552"/>
<String CONTENT="John" HEIGHT="53" WIDTH="156" VPOS="822" HPOS="581"/>
<SP HEIGHT="52" WIDTH="28" VPOS="822" HPOS="738"/>
<String CONTENT="Reuben," HEIGHT="63" WIDTH="261" VPOS="821" HPOS="767"/>
<SP HEIGHT="58" WIDTH="30" VPOS="826" HPOS="1029"/>
<String CONTENT="1823-1873." HEIGHT="54" WIDTH="330" VPOS="821" HPOS="1060"/>
</TextLine>
<TextLine HEIGHT="73" WIDTH="1941" VPOS="898" HPOS="268" STYLEREFS="StyleId-FB160667-A2E7-4E27-A96B-9CE5E813E089-">
<String CONTENT="The" HEIGHT="52" WIDTH="122" VPOS="903" HPOS="268"/>
<SP HEIGHT="50" WIDTH="30" VPOS="921" HPOS="391"/>
<String CONTENT="genius" HEIGHT="70" WIDTH="199" VPOS="901" HPOS="422"/>
<SP HEIGHT="34" WIDTH="33" VPOS="920" HPOS="622"/>
<String CONTENT="and" HEIGHT="51" WIDTH="113" VPOS="903" HPOS="656"/>
<SP HEIGHT="51" WIDTH="33" VPOS="903" HPOS="770"/>
<String CONTENT="character" HEIGHT="52" WIDTH="293" VPOS="902" HPOS="804"/>
<SP HEIGHT="33" WIDTH="33" VPOS="920" HPOS="1098"/>
<String CONTENT="of" HEIGHT="54" WIDTH="64" VPOS="899" HPOS="1132"/>
<SP HEIGHT="53" WIDTH="31" VPOS="899" HPOS="1197"/>
<String CONTENT="Edgar" HEIGHT="69" WIDTH="202" VPOS="899" HPOS="1229"/>
<SP HEIGHT="54" WIDTH="31" VPOS="898" HPOS="1432"/>
<String CONTENT="Allan" HEIGHT="54" WIDTH="179" VPOS="898" HPOS="1464"/>
<SP HEIGHT="53" WIDTH="29" VPOS="899" HPOS="1644"/>
<String CONTENT="Poe," HEIGHT="70" WIDTH="135" VPOS="899" HPOS="1674"/>
<SP HEIGHT="70" WIDTH="28" VPOS="899" HPOS="1810"/>
<String CONTENT="by" HEIGHT="70" WIDTH="77" VPOS="899" HPOS="1839"/>
<SP HEIGHT="70" WIDTH="30" VPOS="899" HPOS="1917"/>
<String CONTENT="John" HEIGHT="54" WIDTH="157" VPOS="899" HPOS="1948"/>
<SP HEIGHT="52" WIDTH="33" VPOS="898" HPOS="2106"/>
<String CONTENT="R." HEIGHT="54" WIDTH="69" VPOS="898" HPOS="2140"/>
</TextLine>
<TextLine HEIGHT="72" WIDTH="2013" VPOS="976" HPOS="198" STYLEREFS="StyleId-FB160667-A2E7-4E27-A96B-9CE5E813E089-">
<String CONTENT="Thompson," HEIGHT="67" WIDTH="349" VPOS="981" HPOS="198"/>
<SP HEIGHT="48" WIDTH="44" VPOS="998" HPOS="548"/>
<String CONTENT="edited" HEIGHT="53" WIDTH="190" VPOS="979" HPOS="593"/>
<SP HEIGHT="52" WIDTH="48" VPOS="980" HPOS="784"/>
<String CONTENT="and" HEIGHT="51" WIDTH="113" VPOS="980" HPOS="833"/>
<SP HEIGHT="51" WIDTH="48" VPOS="980" HPOS="947"/>
<String CONTENT="arranged" HEIGHT="67" WIDTH="285" VPOS="979" HPOS="996"/>
<SP HEIGHT="54" WIDTH="44" VPOS="977" HPOS="1282"/>
<String CONTENT="by" HEIGHT="70" WIDTH="75" VPOS="977" HPOS="1327"/>
<SP HEIGHT="69" WIDTH="46" VPOS="978" HPOS="1403"/>
<String CONTENT="James" HEIGHT="54" WIDTH="194" VPOS="978" HPOS="1450"/>
<SP HEIGHT="55" WIDTH="45" VPOS="977" HPOS="1645"/>
<String CONTENT="H." HEIGHT="55" WIDTH="79" VPOS="977" HPOS="1691"/>
<SP HEIGHT="55" WIDTH="43" VPOS="977" HPOS="1771"/>
<String CONTENT="Whitty" HEIGHT="71" WIDTH="234" VPOS="976" HPOS="1815"/>
<SP HEIGHT="53" WIDTH="45" VPOS="994" HPOS="2050"/>
<String CONTENT="and" HEIGHT="53" WIDTH="115" VPOS="977" HPOS="2096"/>
</TextLine>
<TextLine HEIGHT="72" WIDTH="2015" VPOS="1053" HPOS="197" STYLEREFS="StyleId-FB160667-A2E7-4E27-A96B-9CE5E813E089-" CS="1">
<String LANG="en-US" CONTENT="James" HEIGHT="60" WIDTH="195" VPOS="1058" HPOS="197"/>
<SP HEIGHT="54" WIDTH="29" VPOS="1058" HPOS="393"/>
<String LANG="en-US" CONTENT="H." HEIGHT="52" WIDTH="77" VPOS="1058" HPOS="423"/>
<SP HEIGHT="52" WIDTH="33" VPOS="1058" HPOS="501"/>
<String LANG="de" CONTENT="Rindfleisch." HEIGHT="54" WIDTH="369" VPOS="1056" HPOS="535"/>
<SP HEIGHT="33" WIDTH="82" VPOS="1090" HPOS="905"/>
<String LANG="en-US" CONTENT="[Richmond," HEIGHT="68" WIDTH="361" VPOS="1056" HPOS="988"/>
<SP HEIGHT="69" WIDTH="28" VPOS="1055" HPOS="1350"/>
<String LANG="fr" CONTENT="Va.]" HEIGHT="67" WIDTH="128" VPOS="1055" HPOS="1379"/>
<SP HEIGHT="65" WIDTH="36" VPOS="1057" HPOS="1508"/>
<String LANG="en-US" CONTENT="Priv." HEIGHT="56" WIDTH="160" VPOS="1055" HPOS="1545"/>
<SP HEIGHT="50" WIDTH="32" VPOS="1075" HPOS="1706"/>
<String LANG="en-US" CONTENT="print." HEIGHT="70" WIDTH="179" VPOS="1055" HPOS="1739"/>
<SP HEIGHT="35" WIDTH="35" VPOS="1088" HPOS="1919"/>
<String LANG="en-US" CS="1" CONTENT="[Garrett" HEIGHT="57" WIDTH="239" VPOS="1053" HPOS="1973"/>
</TextLine>
<TextLine HEIGHT="69" WIDTH="645" VPOS="1135" HPOS="197" STYLEREFS="StyleId-FB160667-A2E7-4E27-A96B-9CE5E813E089-">
<String CONTENT="&amp;" HEIGHT="50" WIDTH="45" VPOS="1139" HPOS="197"/>
<SP HEIGHT="52" WIDTH="25" VPOS="1137" HPOS="243"/>
<String CONTENT="Massie," HEIGHT="69" WIDTH="230" VPOS="1135" HPOS="269"/>
<SP HEIGHT="67" WIDTH="28" VPOS="1137" HPOS="500"/>
<String CONTENT="inc.]" HEIGHT="66" WIDTH="125" VPOS="1137" HPOS="529"/>
<SP HEIGHT="63" WIDTH="35" VPOS="1140" HPOS="655"/>
<String CONTENT="1929." HEIGHT="51" WIDTH="151" VPOS="1137" HPOS="691"/>
</TextLine>
<TextLine HEIGHT="51" WIDTH="1326" VPOS="1214" HPOS="266" CS="1">
<String LANG="fr" CONTENT="xi" HEIGHT="40" WIDTH="52" VPOS="1217" HPOS="266"/>
<SP HEIGHT="48" WIDTH="23" VPOS="1217" HPOS="319"/>
<String LANG="fr" CONTENT="p.," HEIGHT="38" WIDTH="59" VPOS="1227" HPOS="343"/>
<SP HEIGHT="47" WIDTH="26" VPOS="1218" HPOS="403"/>
<String CONTENT="1" HEIGHT="38" WIDTH="24" VPOS="1218" HPOS="430"/>
<SP/>
<String CS="1" CONTENT="l.,"/>
<SP/>
<String CONTENT="60" HEIGHT="41" WIDTH="56" VPOS="1216" HPOS="552"/>
<SP HEIGHT="48" WIDTH="26" VPOS="1216" HPOS="609"/>
<String LANG="fr" CONTENT="p.," HEIGHT="37" WIDTH="57" VPOS="1227" HPOS="636"/>
<SP HEIGHT="45" WIDTH="26" VPOS="1217" HPOS="694"/>
<String CONTENT="1" HEIGHT="38" WIDTH="24" VPOS="1217" HPOS="721"/>
<SP HEIGHT="38" WIDTH="27" VPOS="1217" HPOS="746"/>
<String CS="1" CONTENT="l." HEIGHT="8" WIDTH="9" VPOS="1248" HPOS="796"/>
<SP HEIGHT="40" WIDTH="58" VPOS="1216" HPOS="806"/>
<String CS="1" CONTENT="front." HEIGHT="41" WIDTH="137" VPOS="1216" HPOS="865"/>
<SP HEIGHT="48" WIDTH="27" VPOS="1215" HPOS="1016"/>
<String CONTENT="(port.)" HEIGHT="49" WIDTH="173" VPOS="1214" HPOS="1044"/>
<SP HEIGHT="48" WIDTH="34" VPOS="1214" HPOS="1218"/>
<String CONTENT="illus." HEIGHT="41" WIDTH="130" VPOS="1214" HPOS="1253"/>
<SP HEIGHT="41" WIDTH="58" VPOS="1214" HPOS="1384"/>
<String CS="1" CONTENT="23&#189;&#7580;&#7504;." HEIGHT="42" WIDTH="149" VPOS="1214" HPOS="1443"/>
</TextLine>
<TextLine HEIGHT="50" WIDTH="1939" VPOS="1270" HPOS="271">
<String CONTENT="&#8220;Of" HEIGHT="41" WIDTH="94" VPOS="1274" HPOS="271"/>
<SP HEIGHT="39" WIDTH="36" VPOS="1275" HPOS="366"/>
<String CONTENT="this" HEIGHT="41" WIDTH="100" VPOS="1273" HPOS="403"/>
<SP HEIGHT="30" WIDTH="38" VPOS="1284" HPOS="504"/>
<String CONTENT="edition" HEIGHT="40" WIDTH="185" VPOS="1273" HPOS="543"/>
<SP HEIGHT="39" WIDTH="38" VPOS="1273" HPOS="729"/>
<String CONTENT="150" HEIGHT="41" WIDTH="86" VPOS="1271" HPOS="768"/>
<SP HEIGHT="40" WIDTH="39" VPOS="1272" HPOS="855"/>
<String CONTENT="copies" HEIGHT="49" WIDTH="161" VPOS="1271" HPOS="895"/>
<SP HEIGHT="39" WIDTH="39" VPOS="1272" HPOS="1057"/>
<String CONTENT="have" HEIGHT="40" WIDTH="125" VPOS="1272" HPOS="1097"/>
<SP HEIGHT="41" WIDTH="41" VPOS="1271" HPOS="1223"/>
<String CONTENT="been" HEIGHT="40" WIDTH="117" VPOS="1271" HPOS="1265"/>
<SP HEIGHT="38" WIDTH="39" VPOS="1281" HPOS="1383"/>
<String CONTENT="printed," HEIGHT="49" WIDTH="210" VPOS="1270" HPOS="1423"/>
<SP HEIGHT="38" WIDTH="39" VPOS="1281" HPOS="1634"/>
<String CONTENT="of" HEIGHT="40" WIDTH="52" VPOS="1271" HPOS="1674"/>
<SP HEIGHT="40" WIDTH="39" VPOS="1271" HPOS="1727"/>
<String CONTENT="which" HEIGHT="40" WIDTH="160" VPOS="1271" HPOS="1767"/>
<SP HEIGHT="39" WIDTH="39" VPOS="1272" HPOS="1928"/>
<String CONTENT="only" HEIGHT="46" WIDTH="114" VPOS="1273" HPOS="1968"/>
<SP HEIGHT="46" WIDTH="39" VPOS="1273" HPOS="2083"/>
<String CONTENT="125" HEIGHT="40" WIDTH="87" VPOS="1271" HPOS="2123"/>
</TextLine>
<TextLine HEIGHT="54" WIDTH="1752" VPOS="1325" HPOS="198">
<String CONTENT="copies" HEIGHT="48" WIDTH="160" VPOS="1331" HPOS="198"/>
<SP HEIGHT="30" WIDTH="33" VPOS="1341" HPOS="359"/>
<String CONTENT="are" HEIGHT="29" WIDTH="85" VPOS="1341" HPOS="393"/>
<SP HEIGHT="40" WIDTH="29" VPOS="1330" HPOS="479"/>
<String CONTENT="for" HEIGHT="40" WIDTH="79" VPOS="1330" HPOS="509"/>
<SP HEIGHT="38" WIDTH="30" VPOS="1339" HPOS="589"/>
<String CONTENT="general" HEIGHT="47" WIDTH="198" VPOS="1330" HPOS="620"/>
<SP HEIGHT="38" WIDTH="31" VPOS="1330" HPOS="819"/>
<String CONTENT="circulation.&#8221;" HEIGHT="42" WIDTH="333" VPOS="1326" HPOS="851"/>
<SP HEIGHT="40" WIDTH="61" VPOS="1326" HPOS="1185"/>
<String CONTENT="This" HEIGHT="43" WIDTH="120" VPOS="1325" HPOS="1247"/>
<SP HEIGHT="31" WIDTH="30" VPOS="1337" HPOS="1368"/>
<String CONTENT="copy" HEIGHT="38" WIDTH="120" VPOS="1337" HPOS="1399"/>
<SP HEIGHT="37" WIDTH="30" VPOS="1338" HPOS="1520"/>
<String CONTENT="not" HEIGHT="39" WIDTH="85" VPOS="1329" HPOS="1551"/>
<SP HEIGHT="39" WIDTH="31" VPOS="1329" HPOS="1637"/>
<String CONTENT="numbered." HEIGHT="41" WIDTH="281" VPOS="1328" HPOS="1669"/>
</TextLine>
<TextLine HEIGHT="108" WIDTH="1984" VPOS="1384" HPOS="207" CS="1">
<String CONTENT="&#169;" HEIGHT="52" WIDTH="51" VPOS="1384" HPOS="207"/>
<SP HEIGHT="52" WIDTH="33" VPOS="1384" HPOS="259"/>
<String CONTENT="Dec." HEIGHT="39" WIDTH="113" VPOS="1389" HPOS="293"/>
<SP HEIGHT="41" WIDTH="28" VPOS="1387" HPOS="407"/>
<String CONTENT="20," HEIGHT="47" WIDTH="73" VPOS="1387" HPOS="436"/>
<SP HEIGHT="47" WIDTH="32" VPOS="1387" HPOS="510"/>
<String CONTENT="1929;" HEIGHT="47" WIDTH="140" VPOS="1386" HPOS="543"/>
<SP HEIGHT="47" WIDTH="34" VPOS="1386" HPOS="684"/>
<String CONTENT="2c." HEIGHT="40" WIDTH="68" VPOS="1386" HPOS="719"/>
<SP HEIGHT="40" WIDTH="34" VPOS="1386" HPOS="788"/>
<String CONTENT="Dec." HEIGHT="39" WIDTH="112" VPOS="1386" HPOS="823"/>
<SP HEIGHT="38" WIDTH="34" VPOS="1386" HPOS="936"/>
<String CONTENT="21;" HEIGHT="45" WIDTH="82" VPOS="1386" HPOS="971"/>
<SP HEIGHT="36" WIDTH="35" VPOS="1395" HPOS="1054"/>
<String CONTENT="aff." HEIGHT="42" WIDTH="83" VPOS="1384" HPOS="1090"/>
<SP HEIGHT="41" WIDTH="33" VPOS="1385" HPOS="1174"/>
<String CONTENT="Dec." HEIGHT="39" WIDTH="112" VPOS="1385" HPOS="1208"/>
<SP HEIGHT="40" WIDTH="34" VPOS="1384" HPOS="1321"/>
<String CONTENT="26;" HEIGHT="47" WIDTH="82" VPOS="1384" HPOS="1356"/>
<SP HEIGHT="47" WIDTH="37" VPOS="1384" HPOS="1439"/>
<!-- cceid A8E0A12D-6CFA-1014-9C3C-CEA95E7AA542 --><String CONTENT="A" HEIGHT="39" WIDTH="39" VPOS="1384" HPOS="1477"/>
<SP HEIGHT="40" WIDTH="33" VPOS="1384" HPOS="1517"/>
<String CONTENT="17523;" HEIGHT="46" WIDTH="173" VPOS="1384" HPOS="1551"/>
<SP HEIGHT="46" WIDTH="36" VPOS="1384" HPOS="1725"/>
<String CONTENT="James" HEIGHT="41" WIDTH="169" VPOS="1384" HPOS="1762"/>
<SP HEIGHT="40" WIDTH="31" VPOS="1385" HPOS="1932"/>
<String CONTENT="H." HEIGHT="40" WIDTH="62" VPOS="1385" HPOS="1964"/>
<SP HEIGHT="40" WIDTH="34" VPOS="1385" HPOS="2027"/>
<String CONTENT="Rindfleisch," HEIGHT="108" WIDTH="1918" VPOS="1384" HPOS="273"/>
</TextLine>
<TextLine HEIGHT="50" WIDTH="606" VPOS="1440" HPOS="482">
<String CONTENT="Richmond." HEIGHT="41" WIDTH="285" VPOS="1443" HPOS="482"/>
<SP HEIGHT="48" WIDTH="66" VPOS="1442" HPOS="768"/>
<String CONTENT="(30-1403)" HEIGHT="50" WIDTH="253" VPOS="1440" HPOS="835"/>
</TextLine>
<TextLine HEIGHT="66" WIDTH="717" VPOS="1521" HPOS="199" STYLEREFS="StyleId-62FBD89C-DF0E-4623-A8B9-79D07ED4660A-">
<String CONTENT="Turkington," HEIGHT="64" WIDTH="393" VPOS="1523" HPOS="199"/>
<SP HEIGHT="64" WIDTH="32" VPOS="1522" HPOS="593"/>
<String CONTENT="Grace" HEIGHT="54" WIDTH="187" VPOS="1522" HPOS="626"/>
<SP HEIGHT="53" WIDTH="31" VPOS="1521" HPOS="814"/>
<String CONTENT="A." HEIGHT="55" WIDTH="70" VPOS="1521" HPOS="846"/>
</TextLine>
<TextLine HEIGHT="153" WIDTH="1990" VPOS="1597" HPOS="202" STYLEREFS="StyleId-FB160667-A2E7-4E27-A96B-9CE5E813E089-" CS="1">
<String CONTENT="Lessons" HEIGHT="53" WIDTH="240" VPOS="1603" HPOS="271"/>
<SP HEIGHT="54" WIDTH="32" VPOS="1602" HPOS="512"/>
<String CONTENT="in" HEIGHT="51" WIDTH="58" VPOS="1602" HPOS="545"/>
<SP HEIGHT="34" WIDTH="36" VPOS="1620" HPOS="604"/>
<String CONTENT="citizenship" HEIGHT="68" WIDTH="338" VPOS="1601" HPOS="641"/>
<SP HEIGHT="49" WIDTH="36" VPOS="1620" HPOS="980"/>
<String CONTENT="and" HEIGHT="52" WIDTH="112" VPOS="1601" HPOS="1017"/>
<SP HEIGHT="68" WIDTH="36" VPOS="1601" HPOS="1130"/>
<String CONTENT="government," HEIGHT="63" WIDTH="392" VPOS="1606" HPOS="1167"/>
<SP HEIGHT="67" WIDTH="30" VPOS="1602" HPOS="1560"/>
<String CONTENT="by" HEIGHT="68" WIDTH="75" VPOS="1602" HPOS="1591"/>
<SP HEIGHT="72" WIDTH="34" VPOS="1598" HPOS="1667"/>
<String CONTENT="Grace" HEIGHT="56" WIDTH="184" VPOS="1598" HPOS="1702"/>
<SP HEIGHT="54" WIDTH="32" VPOS="1599" HPOS="1887"/>
<String CONTENT="A." HEIGHT="53" WIDTH="72" VPOS="1599" HPOS="1920"/>
<SP HEIGHT="53" WIDTH="35" VPOS="1599" HPOS="1993"/>
<String CONTENT="Turkington," HEIGHT="153" WIDTH="1990" VPOS="1597" HPOS="202"/>
<SP HEIGHT="69" WIDTH="25" VPOS="1681" HPOS="425"/>
<String CONTENT="Mary" HEIGHT="68" WIDTH="170" VPOS="1681" HPOS="451"/>
</TextLine>
<TextLine HEIGHT="71" WIDTH="1565" VPOS="1677" HPOS="651" STYLEREFS="StyleId-FB160667-A2E7-4E27-A96B-9CE5E813E089-">
<String CONTENT="A." HEIGHT="51" WIDTH="71" VPOS="1680" HPOS="651"/>
<SP HEIGHT="55" WIDTH="32" VPOS="1679" HPOS="723"/>
<String CONTENT="S." HEIGHT="55" WIDTH="56" VPOS="1679" HPOS="756"/>
<SP HEIGHT="53" WIDTH="29" VPOS="1679" HPOS="813"/>
<String CONTENT="Mugan" HEIGHT="69" WIDTH="220" VPOS="1679" HPOS="843"/>
<SP HEIGHT="34" WIDTH="29" VPOS="1698" HPOS="1064"/>
<String CONTENT="and" HEIGHT="51" WIDTH="113" VPOS="1681" HPOS="1094"/>
<SP HEIGHT="53" WIDTH="27" VPOS="1679" HPOS="1208"/>
<String CONTENT="Myron" HEIGHT="69" WIDTH="211" VPOS="1679" HPOS="1236"/>
<SP HEIGHT="51" WIDTH="28" VPOS="1680" HPOS="1448"/>
<String CONTENT="T." HEIGHT="50" WIDTH="66" VPOS="1680" HPOS="1477"/>
<SP HEIGHT="51" WIDTH="30" VPOS="1679" HPOS="1544"/>
<String CONTENT="Pritchard." HEIGHT="54" WIDTH="328" VPOS="1677" HPOS="1575"/>
<SP HEIGHT="51" WIDTH="75" VPOS="1678" HPOS="1904"/>
<String CONTENT="Boston," HEIGHT="65" WIDTH="236" VPOS="1678" HPOS="1980"/>
</TextLine>
<TextLine HEIGHT="68" WIDTH="833" VPOS="1758" HPOS="204" STYLEREFS="StyleId-FB160667-A2E7-4E27-A96B-9CE5E813E089-" CS="1">
<String CONTENT="Ginn" HEIGHT="56" WIDTH="156" VPOS="1758" HPOS="204"/>
<SP HEIGHT="35" WIDTH="29" VPOS="1777" HPOS="361"/>
<String CONTENT="and" HEIGHT="52" WIDTH="112" VPOS="1760" HPOS="391"/>
<SP HEIGHT="52" WIDTH="28" VPOS="1760" HPOS="504"/>
<String CONTENT="company," HEIGHT="50" WIDTH="299" VPOS="1776" HPOS="533"/>
<SP HEIGHT="63" WIDTH="29" VPOS="1763" HPOS="833"/>
<String CS="1" CONTENT="&#7580;1929." HEIGHT="51" WIDTH="151" VPOS="1760" HPOS="886"/>
</TextLine>
<TextLine HEIGHT="42" WIDTH="97" VPOS="1840" HPOS="272" STYLEREFS="StyleId-8E02A49F-3FFE-49EB-9168-D803B95650B8-" CS="1">
<String CONTENT="1" HEIGHT="40" WIDTH="26" VPOS="1840" HPOS="272"/>
<SP HEIGHT="41" WIDTH="24" VPOS="1840" HPOS="299"/>
<String CS="1" CONTENT="v." HEIGHT="9" WIDTH="9" VPOS="1873" HPOS="360"/>
</TextLine>
<TextLine HEIGHT="109" WIDTH="1987" VPOS="1892" HPOS="207" CS="1">
<String CONTENT="&#169;" HEIGHT="52" WIDTH="51" VPOS="1892" HPOS="207"/>
<SP HEIGHT="52" WIDTH="30" VPOS="1892" HPOS="259"/>
<String CONTENT="Aug." HEIGHT="47" WIDTH="122" VPOS="1897" HPOS="290"/>
<SP HEIGHT="40" WIDTH="30" VPOS="1896" HPOS="413"/>
<String CONTENT="28," HEIGHT="48" WIDTH="69" VPOS="1895" HPOS="444"/>
<SP HEIGHT="48" WIDTH="31" VPOS="1895" HPOS="514"/>
<String CS="1" CONTENT="1929;" HEIGHT="40" WIDTH="118" VPOS="1894" HPOS="546"/>
<SP HEIGHT="40" WIDTH="32" VPOS="1895" HPOS="689"/>
<String CONTENT="2c." HEIGHT="40" WIDTH="69" VPOS="1895" HPOS="722"/>
<SP HEIGHT="40" WIDTH="34" VPOS="1895" HPOS="792"/>
<String CONTENT="Sept." HEIGHT="47" WIDTH="127" VPOS="1895" HPOS="827"/>
<SP HEIGHT="40" WIDTH="35" VPOS="1896" HPOS="955"/>
<String CS="1" CONTENT="14;" HEIGHT="38" WIDTH="53" VPOS="1895" HPOS="991"/>
<SP HEIGHT="29" WIDTH="34" VPOS="1905" HPOS="1073"/>
<String CONTENT="aff." HEIGHT="40" WIDTH="81" VPOS="1894" HPOS="1108"/>
<SP HEIGHT="41" WIDTH="37" VPOS="1894" HPOS="1190"/>
<String CONTENT="Sept." HEIGHT="48" WIDTH="128" VPOS="1894" HPOS="1228"/>
<SP HEIGHT="39" WIDTH="34" VPOS="1895" HPOS="1357"/>
<String CONTENT="13;" HEIGHT="48" WIDTH="82" VPOS="1894" HPOS="1392"/>
<SP HEIGHT="47" WIDTH="34" VPOS="1895" HPOS="1475"/>
<!-- cceid A8E0A5A8-6CFA-1014-9C3C-CEA95E7AA542 --><String CONTENT="A" HEIGHT="39" WIDTH="42" VPOS="1895" HPOS="1510"/>
<SP HEIGHT="39" WIDTH="31" VPOS="1895" HPOS="1553"/>
<String CONTENT="13378;" HEIGHT="48" WIDTH="170" VPOS="1893" HPOS="1585"/>
<SP HEIGHT="48" WIDTH="37" VPOS="1893" HPOS="1756"/>
<String CONTENT="G." HEIGHT="41" WIDTH="53" VPOS="1893" HPOS="1794"/>
<SP HEIGHT="40" WIDTH="34" VPOS="1894" HPOS="1848"/>
<String CONTENT="A." HEIGHT="41" WIDTH="54" VPOS="1894" HPOS="1883"/>
<SP HEIGHT="40" WIDTH="33" VPOS="1895" HPOS="1938"/>
<String CONTENT="Turkington," HEIGHT="108" WIDTH="1923" VPOS="1893" HPOS="271"/>
<SP HEIGHT="48" WIDTH="16" VPOS="1953" HPOS="370"/>
<String CONTENT="Boston." HEIGHT="40" WIDTH="198" VPOS="1953" HPOS="387"/>
</TextLine>
<TextLine HEIGHT="70" WIDTH="2012" VPOS="2032" HPOS="199" STYLEREFS="StyleId-12BFF222-373D-4069-AFB3-9663BE2DD31A-">
<String LANG="fr" CONTENT="U." HEIGHT="54" WIDTH="71" VPOS="2033" HPOS="199"/>
<SP HEIGHT="55" WIDTH="31" VPOS="2032" HPOS="271"/>
<String CONTENT="S." HEIGHT="55" WIDTH="58" VPOS="2032" HPOS="303"/>
<SP HEIGHT="52" WIDTH="66" VPOS="2034" HPOS="362"/>
<String CONTENT="Naval" HEIGHT="53" WIDTH="192" VPOS="2033" HPOS="429"/>
<SP HEIGHT="53" WIDTH="29" VPOS="2033" HPOS="622"/>
<String CONTENT="academy," HEIGHT="68" WIDTH="291" VPOS="2034" HPOS="652"/>
<SP HEIGHT="69" WIDTH="30" VPOS="2033" HPOS="944"/>
<String CONTENT="Annapolis." HEIGHT="68" WIDTH="342" VPOS="2033" HPOS="975"/>
<SP HEIGHT="52" WIDTH="69" VPOS="2033" HPOS="1318"/>
<String CONTENT="Dept," HEIGHT="68" WIDTH="172" VPOS="2033" HPOS="1388"/>
<SP HEIGHT="34" WIDTH="33" VPOS="2053" HPOS="1561"/>
<String CONTENT="of" HEIGHT="68" WIDTH="63" VPOS="2034" HPOS="1595"/>
<SP HEIGHT="68" WIDTH="30" VPOS="2034" HPOS="1659"/>
<String CONTENT="engineering" HEIGHT="69" WIDTH="372" VPOS="2033" HPOS="1690"/>
<SP HEIGHT="53" WIDTH="33" VPOS="2049" HPOS="2063"/>
<String CONTENT="and" HEIGHT="53" WIDTH="114" VPOS="2033" HPOS="2097"/>
</TextLine>
<TextLine HEIGHT="53" WIDTH="373" VPOS="2113" HPOS="268" STYLEREFS="StyleId-12BFF222-373D-4069-AFB3-9663BE2DD31A-">
<String CONTENT="aeronautics." HEIGHT="53" WIDTH="373" VPOS="2113" HPOS="268"/>
</TextLine>
<TextLine HEIGHT="70" WIDTH="1943" VPOS="2189" HPOS="271" STYLEREFS="StyleId-FB160667-A2E7-4E27-A96B-9CE5E813E089-">
<String CONTENT="Naval" HEIGHT="52" WIDTH="188" VPOS="2190" HPOS="271"/>
<SP HEIGHT="51" WIDTH="36" VPOS="2191" HPOS="460"/>
<String CONTENT="auxiliary" HEIGHT="70" WIDTH="287" VPOS="2189" HPOS="497"/>
<SP HEIGHT="51" WIDTH="35" VPOS="2208" HPOS="785"/>
<String CONTENT="machinery," HEIGHT="70" WIDTH="350" VPOS="2189" HPOS="821"/>
<SP HEIGHT="51" WIDTH="33" VPOS="2208" HPOS="1172"/>
<String CONTENT="prepared" HEIGHT="67" WIDTH="285" VPOS="2191" HPOS="1206"/>
<SP HEIGHT="52" WIDTH="37" VPOS="2191" HPOS="1492"/>
<String CONTENT="at" HEIGHT="48" WIDTH="59" VPOS="2196" HPOS="1530"/>
<SP HEIGHT="48" WIDTH="35" VPOS="2196" HPOS="1590"/>
<String CONTENT="the" HEIGHT="53" WIDTH="94" VPOS="2191" HPOS="1626"/>
<SP HEIGHT="36" WIDTH="35" VPOS="2208" HPOS="1721"/>
<String CONTENT="request" HEIGHT="65" WIDTH="225" VPOS="2193" HPOS="1757"/>
<SP HEIGHT="48" WIDTH="33" VPOS="2193" HPOS="1983"/>
<String CONTENT="of" HEIGHT="52" WIDTH="65" VPOS="2190" HPOS="2017"/>
<SP HEIGHT="54" WIDTH="32" VPOS="2190" HPOS="2083"/>
<String CONTENT="the" HEIGHT="53" WIDTH="98" VPOS="2191" HPOS="2116"/>
</TextLine>
<TextLine HEIGHT="70" WIDTH="2012" VPOS="2267" HPOS="199" STYLEREFS="StyleId-FB160667-A2E7-4E27-A96B-9CE5E813E089-">
<String CONTENT="head" HEIGHT="54" WIDTH="145" VPOS="2268" HPOS="199"/>
<SP HEIGHT="51" WIDTH="28" VPOS="2271" HPOS="345"/>
<String CONTENT="of" HEIGHT="53" WIDTH="65" VPOS="2269" HPOS="374"/>
<SP HEIGHT="52" WIDTH="25" VPOS="2269" HPOS="440"/>
<String CONTENT="the" HEIGHT="53" WIDTH="95" VPOS="2269" HPOS="466"/>
<SP HEIGHT="54" WIDTH="27" VPOS="2268" HPOS="562"/>
<String CONTENT="Department" HEIGHT="68" WIDTH="384" VPOS="2268" HPOS="590"/>
<SP HEIGHT="48" WIDTH="25" VPOS="2274" HPOS="975"/>
<String CONTENT="of" HEIGHT="54" WIDTH="65" VPOS="2268" HPOS="1001"/>
<SP HEIGHT="53" WIDTH="26" VPOS="2268" HPOS="1067"/>
<String CONTENT="engineering" HEIGHT="70" WIDTH="373" VPOS="2267" HPOS="1094"/>
<SP HEIGHT="51" WIDTH="28" VPOS="2286" HPOS="1468"/>
<String CONTENT="and" HEIGHT="53" WIDTH="114" VPOS="2269" HPOS="1497"/>
<SP HEIGHT="53" WIDTH="28" VPOS="2269" HPOS="1612"/>
<String CONTENT="aeronautics," HEIGHT="68" WIDTH="376" VPOS="2268" HPOS="1641"/>
<SP HEIGHT="68" WIDTH="28" VPOS="2268" HPOS="2018"/>
<String LANG="fr" CONTENT="U." HEIGHT="54" WIDTH="72" VPOS="2268" HPOS="2047"/>
<SP HEIGHT="57" WIDTH="33" VPOS="2267" HPOS="2120"/>
<String CONTENT="S." HEIGHT="57" WIDTH="57" VPOS="2267" HPOS="2154"/>
</TextLine>
<TextLine HEIGHT="149" WIDTH="1989" VPOS="2344" HPOS="198" STYLEREFS="StyleId-FB160667-A2E7-4E27-A96B-9CE5E813E089-" CS="1">
<String CONTENT="Naval" HEIGHT="53" WIDTH="187" VPOS="2347" HPOS="200"/>
<SP HEIGHT="51" WIDTH="38" VPOS="2348" HPOS="388"/>
<String CONTENT="academy." HEIGHT="68" WIDTH="286" VPOS="2347" HPOS="427"/>
<SP HEIGHT="51" WIDTH="74" VPOS="2346" HPOS="714"/>
<String CONTENT="Annapolis," HEIGHT="69" WIDTH="345" VPOS="2346" HPOS="789"/>
<SP HEIGHT="69" WIDTH="35" VPOS="2346" HPOS="1135"/>
<String CONTENT="Md.," HEIGHT="68" WIDTH="141" VPOS="2346" HPOS="1171"/>
<SP HEIGHT="68" WIDTH="37" VPOS="2346" HPOS="1313"/>
<String CONTENT="United" HEIGHT="56" WIDTH="219" VPOS="2344" HPOS="1351"/>
<SP HEIGHT="57" WIDTH="40" VPOS="2345" HPOS="1571"/>
<String CONTENT="States" HEIGHT="57" WIDTH="189" VPOS="2345" HPOS="1612"/>
<SP HEIGHT="36" WIDTH="36" VPOS="2364" HPOS="1802"/>
<String CONTENT="naval" HEIGHT="51" WIDTH="173" VPOS="2349" HPOS="1839"/>
<SP HEIGHT="54" WIDTH="38" VPOS="2345" HPOS="2013"/>
<String CONTENT="institute," HEIGHT="148" WIDTH="1989" VPOS="2345" HPOS="198"/>
<SP HEIGHT="64" WIDTH="29" VPOS="2429" HPOS="339"/>
<String CONTENT="1929." HEIGHT="50" WIDTH="150" VPOS="2427" HPOS="369"/>
</TextLine>
<TextLine HEIGHT="50" WIDTH="1525" VPOS="2505" HPOS="275" CS="1">
<String CONTENT="[165]" HEIGHT="50" WIDTH="115" VPOS="2505" HPOS="275"/>
<SP HEIGHT="38" WIDTH="29" VPOS="2516" HPOS="391"/>
<String CONTENT="p." HEIGHT="38" WIDTH="44" VPOS="2516" HPOS="421"/>
<SP HEIGHT="41" WIDTH="56" VPOS="2505" HPOS="466"/>
<String CONTENT="illus." HEIGHT="41" WIDTH="128" VPOS="2505" HPOS="523"/>
<SP HEIGHT="48" WIDTH="27" VPOS="2505" HPOS="652"/>
<String CONTENT="(part" HEIGHT="49" WIDTH="137" VPOS="2505" HPOS="680"/>
<SP HEIGHT="39" WIDTH="27" VPOS="2507" HPOS="818"/>
<String CONTENT="col.)" HEIGHT="48" WIDTH="114" VPOS="2506" HPOS="846"/>
<SP HEIGHT="48" WIDTH="35" VPOS="2506" HPOS="961"/>
<String CS="1" CONTENT="fold." HEIGHT="41" WIDTH="105" VPOS="2505" HPOS="997"/>
<SP HEIGHT="38" WIDTH="28" VPOS="2516" HPOS="1119"/>
<String CONTENT="plates" HEIGHT="48" WIDTH="159" VPOS="2506" HPOS="1148"/>
<SP HEIGHT="48" WIDTH="25" VPOS="2505" HPOS="1308"/>
<String CONTENT="(part" HEIGHT="49" WIDTH="136" VPOS="2505" HPOS="1334"/>
<SP HEIGHT="39" WIDTH="30" VPOS="2507" HPOS="1471"/>
<String CONTENT="col.)" HEIGHT="48" WIDTH="113" VPOS="2505" HPOS="1502"/>
<SP HEIGHT="48" WIDTH="64" VPOS="2505" HPOS="1616"/>
<String CS="1" CONTENT="24&#7580;&#7504;." HEIGHT="40" WIDTH="119" VPOS="2506" HPOS="1681"/>
</TextLine>
<TextLine HEIGHT="48" WIDTH="874" VPOS="2562" HPOS="272">
<String CONTENT="Each" HEIGHT="40" WIDTH="134" VPOS="2562" HPOS="272"/>
<SP HEIGHT="40" WIDTH="28" VPOS="2562" HPOS="407"/>
<String CONTENT="chapter" HEIGHT="48" WIDTH="201" VPOS="2562" HPOS="436"/>
<SP HEIGHT="38" WIDTH="26" VPOS="2572" HPOS="638"/>
<String CONTENT="paged" HEIGHT="48" WIDTH="155" VPOS="2562" HPOS="665"/>
<SP HEIGHT="40" WIDTH="29" VPOS="2562" HPOS="821"/>
<String CONTENT="separately." HEIGHT="47" WIDTH="295" VPOS="2563" HPOS="851"/>
</TextLine>
<TextLine HEIGHT="49" WIDTH="1932" VPOS="2617" HPOS="275">
<String CONTENT="&#8220;This" HEIGHT="40" WIDTH="146" VPOS="2618" HPOS="275"/>
<SP HEIGHT="39" WIDTH="27" VPOS="2619" HPOS="422"/>
<String CONTENT="text" HEIGHT="39" WIDTH="104" VPOS="2619" HPOS="450"/>
<SP HEIGHT="40" WIDTH="26" VPOS="2618" HPOS="555"/>
<String CONTENT="has" HEIGHT="40" WIDTH="90" VPOS="2618" HPOS="582"/>
<SP HEIGHT="40" WIDTH="27" VPOS="2618" HPOS="673"/>
<String CONTENT="been" HEIGHT="40" WIDTH="119" VPOS="2618" HPOS="701"/>
<SP HEIGHT="38" WIDTH="26" VPOS="2628" HPOS="821"/>
<String CONTENT="prepared" HEIGHT="48" WIDTH="239" VPOS="2618" HPOS="848"/>
<SP HEIGHT="40" WIDTH="29" VPOS="2618" HPOS="1088"/>
<String CONTENT="by" HEIGHT="48" WIDTH="62" VPOS="2618" HPOS="1118"/>
<SP HEIGHT="46" WIDTH="28" VPOS="2620" HPOS="1181"/>
<String CONTENT="the" HEIGHT="41" WIDTH="82" VPOS="2617" HPOS="1210"/>
<SP HEIGHT="38" WIDTH="27" VPOS="2628" HPOS="1293"/>
<String CONTENT="personnel" HEIGHT="46" WIDTH="258" VPOS="2620" HPOS="1321"/>
<SP HEIGHT="39" WIDTH="29" VPOS="2620" HPOS="1580"/>
<String CONTENT="of" HEIGHT="40" WIDTH="51" VPOS="2619" HPOS="1610"/>
<SP HEIGHT="39" WIDTH="28" VPOS="2619" HPOS="1662"/>
<String CONTENT="the" HEIGHT="41" WIDTH="82" VPOS="2618" HPOS="1691"/>
<SP HEIGHT="40" WIDTH="29" VPOS="2619" HPOS="1774"/>
<String CONTENT="Department" HEIGHT="47" WIDTH="322" VPOS="2619" HPOS="1804"/>
<SP HEIGHT="37" WIDTH="30" VPOS="2622" HPOS="2127"/>
<String LANG="ru" CONTENT="&#1086;" HEIGHT="29" WIDTH="26" VPOS="2630" HPOS="2158"/>
<String CONTENT="t" HEIGHT="40" WIDTH="15" VPOS="2618" HPOS="2192"/>
</TextLine>
<TextLine HEIGHT="49" WIDTH="1838" VPOS="2673" HPOS="202" CS="1">
<String CONTENT="engineering" HEIGHT="48" WIDTH="314" VPOS="2674" HPOS="202"/>
<SP HEIGHT="38" WIDTH="27" VPOS="2684" HPOS="517"/>
<String CONTENT="and" HEIGHT="39" WIDTH="94" VPOS="2675" HPOS="545"/>
<SP HEIGHT="39" WIDTH="29" VPOS="2675" HPOS="640"/>
<String CS="1" CONTENT="a&#235;ronautics" HEIGHT="41" WIDTH="312" VPOS="2673" HPOS="670"/>
<SP HEIGHT="30" WIDTH="30" VPOS="2684" HPOS="983"/>
<String CONTENT="of" HEIGHT="40" WIDTH="52" VPOS="2674" HPOS="1014"/>
<SP HEIGHT="40" WIDTH="29" VPOS="2674" HPOS="1067"/>
<String CONTENT="the" HEIGHT="41" WIDTH="82" VPOS="2673" HPOS="1097"/>
<SP HEIGHT="41" WIDTH="29" VPOS="2674" HPOS="1180"/>
<String LANG="fr" CONTENT="U." HEIGHT="41" WIDTH="56" VPOS="2674" HPOS="1210"/>
<SP HEIGHT="41" WIDTH="32" VPOS="2674" HPOS="1267"/>
<String CONTENT="S." HEIGHT="41" WIDTH="46" VPOS="2674" HPOS="1300"/>
<SP HEIGHT="40" WIDTH="29" VPOS="2674" HPOS="1347"/>
<String CONTENT="Naval" HEIGHT="40" WIDTH="159" VPOS="2674" HPOS="1377"/>
<SP HEIGHT="38" WIDTH="29" VPOS="2676" HPOS="1537"/>
<String CONTENT="academy.&#8221;&#8212;Pref." HEIGHT="49" WIDTH="473" VPOS="2673" HPOS="1567"/>
</TextLine>
<TextLine HEIGHT="52" WIDTH="2003" VPOS="2726" HPOS="205" CS="1">
<String CONTENT="&#169;" HEIGHT="52" WIDTH="52" VPOS="2726" HPOS="205"/>
<SP HEIGHT="52" WIDTH="33" VPOS="2726" HPOS="258"/>
<String CONTENT="Nov." HEIGHT="41" WIDTH="119" VPOS="2731" HPOS="292"/>
<SP HEIGHT="41" WIDTH="34" VPOS="2731" HPOS="412"/>
<String CONTENT="16," HEIGHT="47" WIDTH="69" VPOS="2730" HPOS="447"/>
<SP HEIGHT="46" WIDTH="32" VPOS="2731" HPOS="517"/>
<String CS="1" CONTENT="1929;" HEIGHT="40" WIDTH="113" VPOS="2730" HPOS="550"/>
<SP HEIGHT="41" WIDTH="35" VPOS="2730" HPOS="692"/>
<String CONTENT="2c." HEIGHT="41" WIDTH="67" VPOS="2730" HPOS="728"/>
<SP HEIGHT="30" WIDTH="35" VPOS="2741" HPOS="796"/>
<String CONTENT="and" HEIGHT="39" WIDTH="95" VPOS="2731" HPOS="832"/>
<SP HEIGHT="39" WIDTH="33" VPOS="2731" HPOS="928"/>
<String CONTENT="aff." HEIGHT="41" WIDTH="83" VPOS="2730" HPOS="962"/>
<SP HEIGHT="41" WIDTH="34" VPOS="2730" HPOS="1046"/>
<String CONTENT="Dec." HEIGHT="41" WIDTH="112" VPOS="2730" HPOS="1081"/>
<SP HEIGHT="40" WIDTH="35" VPOS="2730" HPOS="1194"/>
<String CONTENT="9;" HEIGHT="48" WIDTH="53" VPOS="2730" HPOS="1230"/>
<SP HEIGHT="47" WIDTH="36" VPOS="2731" HPOS="1284"/>
<!-- cceid A8E0A965-6CFA-1014-9C3C-CEA95E7AA542 --><String CONTENT="A" HEIGHT="39" WIDTH="42" VPOS="2731" HPOS="1321"/>
<SP HEIGHT="39" WIDTH="31" VPOS="2731" HPOS="1364"/>
<String CONTENT="16318;" HEIGHT="47" WIDTH="173" VPOS="2730" HPOS="1396"/>
<SP HEIGHT="46" WIDTH="37" VPOS="2731" HPOS="1570"/>
<String LANG="fr" CONTENT="U." HEIGHT="41" WIDTH="55" VPOS="2731" HPOS="1608"/>
<SP HEIGHT="42" WIDTH="37" VPOS="2730" HPOS="1664"/>
<String CONTENT="S." HEIGHT="42" WIDTH="45" VPOS="2730" HPOS="1702"/>
<SP HEIGHT="30" WIDTH="34" VPOS="2742" HPOS="1748"/>
<String CONTENT="naval" HEIGHT="39" WIDTH="147" VPOS="2732" HPOS="1783"/>
<SP HEIGHT="39" WIDTH="35" VPOS="2731" HPOS="1931"/>
<String CONTENT="institute." HEIGHT="41" WIDTH="241" VPOS="2730" HPOS="1967"/>
</TextLine>
<TextLine HEIGHT="51" WIDTH="252" VPOS="2785" HPOS="283">
<String CONTENT="(30-1249)" HEIGHT="51" WIDTH="252" VPOS="2785" HPOS="283"/>
</TextLine>
<TextLine HEIGHT="71" WIDTH="1387" VPOS="2867" HPOS="201" STYLEREFS="StyleId-62FBD89C-DF0E-4623-A8B9-79D07ED4660A-">
<String CONTENT="United" HEIGHT="54" WIDTH="220" VPOS="2867" HPOS="201"/>
<SP HEIGHT="55" WIDTH="34" VPOS="2867" HPOS="422"/>
<String CONTENT="States" HEIGHT="55" WIDTH="204" VPOS="2867" HPOS="457"/>
<SP HEIGHT="37" WIDTH="34" VPOS="2883" HPOS="662"/>
<String CONTENT="naval" HEIGHT="52" WIDTH="175" VPOS="2867" HPOS="697"/>
<SP HEIGHT="51" WIDTH="35" VPOS="2867" HPOS="873"/>
<String CONTENT="institute," HEIGHT="64" WIDTH="300" VPOS="2867" HPOS="909"/>
<SP HEIGHT="61" WIDTH="35" VPOS="2870" HPOS="1210"/>
<String CONTENT="Annapolis." HEIGHT="69" WIDTH="342" VPOS="2869" HPOS="1246"/>
</TextLine>
<TextLine HEIGHT="71" WIDTH="1942" VPOS="2945" HPOS="270" STYLEREFS="StyleId-FB160667-A2E7-4E27-A96B-9CE5E813E089-">
<String CONTENT="Naval" HEIGHT="54" WIDTH="189" VPOS="2945" HPOS="270"/>
<SP HEIGHT="52" WIDTH="45" VPOS="2947" HPOS="460"/>
<String CONTENT="leadership," HEIGHT="69" WIDTH="342" VPOS="2946" HPOS="506"/>
<SP HEIGHT="50" WIDTH="48" VPOS="2965" HPOS="849"/>
<String CONTENT="with" HEIGHT="52" WIDTH="140" VPOS="2946" HPOS="898"/>
<SP HEIGHT="53" WIDTH="47" VPOS="2947" HPOS="1039"/>
<String CONTENT="some" HEIGHT="36" WIDTH="152" VPOS="2964" HPOS="1087"/>
<SP HEIGHT="52" WIDTH="44" VPOS="2948" HPOS="1240"/>
<String CONTENT="hints" HEIGHT="55" WIDTH="157" VPOS="2947" HPOS="1285"/>
<SP HEIGHT="51" WIDTH="46" VPOS="2951" HPOS="1443"/>
<String CONTENT="to" HEIGHT="50" WIDTH="58" VPOS="2951" HPOS="1490"/>
<SP HEIGHT="69" WIDTH="47" VPOS="2947" HPOS="1549"/>
<String CONTENT="junior" HEIGHT="70" WIDTH="194" VPOS="2946" HPOS="1597"/>
<SP HEIGHT="37" WIDTH="46" VPOS="2963" HPOS="1792"/>
<String CONTENT="officers" HEIGHT="57" WIDTH="209" VPOS="2945" HPOS="1839"/>
<SP HEIGHT="35" WIDTH="48" VPOS="2967" HPOS="2049"/>
<String CONTENT="and" HEIGHT="53" WIDTH="114" VPOS="2948" HPOS="2098"/>
</TextLine>
<TextLine HEIGHT="147" WIDTH="1987" VPOS="3023" HPOS="200" STYLEREFS="StyleId-FB160667-A2E7-4E27-A96B-9CE5E813E089-" CS="1">
<String CONTENT="others;" HEIGHT="65" WIDTH="219" VPOS="3024" HPOS="200"/>
<SP HEIGHT="48" WIDTH="34" VPOS="3041" HPOS="420"/>
<String CONTENT="a" HEIGHT="34" WIDTH="31" VPOS="3041" HPOS="455"/>
<SP HEIGHT="35" WIDTH="32" VPOS="3041" HPOS="487"/>
<String CONTENT="compilation" HEIGHT="69" WIDTH="372" VPOS="3023" HPOS="520"/>
<SP HEIGHT="53" WIDTH="28" VPOS="3025" HPOS="893"/>
<String CONTENT="by" HEIGHT="68" WIDTH="76" VPOS="3025" HPOS="922"/>
<SP HEIGHT="50" WIDTH="32" VPOS="3043" HPOS="999"/>
<String CONTENT="and" HEIGHT="52" WIDTH="113" VPOS="3026" HPOS="1032"/>
<SP HEIGHT="54" WIDTH="34" VPOS="3024" HPOS="1146"/>
<String CONTENT="for" HEIGHT="54" WIDTH="94" VPOS="3024" HPOS="1181"/>
<SP HEIGHT="49" WIDTH="30" VPOS="3029" HPOS="1276"/>
<String CONTENT="the" HEIGHT="53" WIDTH="97" VPOS="3025" HPOS="1307"/>
<SP HEIGHT="35" WIDTH="30" VPOS="3043" HPOS="1405"/>
<String CONTENT="navy." HEIGHT="50" WIDTH="170" VPOS="3044" HPOS="1436"/>
<SP HEIGHT="49" WIDTH="68" VPOS="3029" HPOS="1607"/>
<String CONTENT="3d" HEIGHT="51" WIDTH="72" VPOS="3028" HPOS="1676"/>
<SP HEIGHT="51" WIDTH="32" VPOS="3028" HPOS="1749"/>
<String CONTENT="ed." HEIGHT="53" WIDTH="84" VPOS="3025" HPOS="1782"/>
<SP HEIGHT="53" WIDTH="68" VPOS="3024" HPOS="1867"/>
<String CONTENT="Annapolis," HEIGHT="146" WIDTH="1985" VPOS="3024" HPOS="202"/>
</TextLine>
<TextLine HEIGHT="71" WIDTH="1436" VPOS="3101" HPOS="314" STYLEREFS="StyleId-FB160667-A2E7-4E27-A96B-9CE5E813E089-">
<String CONTENT="Md.," HEIGHT="68" WIDTH="141" VPOS="3102" HPOS="314"/>
<SP HEIGHT="67" WIDTH="22" VPOS="3103" HPOS="456"/>
<String CONTENT="The" HEIGHT="52" WIDTH="122" VPOS="3103" HPOS="479"/>
<SP HEIGHT="54" WIDTH="23" VPOS="3102" HPOS="602"/>
<String CONTENT="United" HEIGHT="54" WIDTH="220" VPOS="3102" HPOS="626"/>
<SP HEIGHT="56" WIDTH="27" VPOS="3101" HPOS="847"/>
<String CONTENT="States" HEIGHT="56" WIDTH="189" VPOS="3101" HPOS="875"/>
<SP HEIGHT="35" WIDTH="25" VPOS="3122" HPOS="1065"/>
<String CONTENT="naval" HEIGHT="52" WIDTH="172" VPOS="3104" HPOS="1091"/>
<SP HEIGHT="53" WIDTH="25" VPOS="3102" HPOS="1264"/>
<String CONTENT="institute," HEIGHT="70" WIDTH="282" VPOS="3102" HPOS="1290"/>
<SP HEIGHT="65" WIDTH="27" VPOS="3107" HPOS="1573"/>
<String CONTENT="1929." HEIGHT="51" WIDTH="149" VPOS="3106" HPOS="1601"/>
</TextLine>
<TextLine HEIGHT="50" WIDTH="492" VPOS="3182" HPOS="272" STYLEREFS="StyleId-FB160667-A2E7-4E27-A96B-9CE5E813E089-" CS="1">
<String CONTENT="xiv," HEIGHT="47" WIDTH="97" VPOS="3183" HPOS="272"/>
<SP HEIGHT="47" WIDTH="28" VPOS="3183" HPOS="370"/>
<String CONTENT="178" HEIGHT="41" WIDTH="87" VPOS="3183" HPOS="399"/>
<SP HEIGHT="49" WIDTH="26" VPOS="3183" HPOS="487"/>
<String CONTENT="p." HEIGHT="38" WIDTH="42" VPOS="3194" HPOS="514"/>
<SP HEIGHT="42" WIDTH="59" VPOS="3182" HPOS="557"/>
<String CS="1" CONTENT="19&#189;&#7580;&#7504;"/>
<String LANG="ru" CONTENT="." HEIGHT="9" WIDTH="9" VPOS="3215" HPOS="755"/>
</TextLine>
<TextLine HEIGHT="50" WIDTH="967" VPOS="3238" HPOS="274">
<String CONTENT="Blank" HEIGHT="39" WIDTH="161" VPOS="3240" HPOS="274"/>
<SP HEIGHT="47" WIDTH="24" VPOS="3240" HPOS="436"/>
<String CONTENT="pages" HEIGHT="38" WIDTH="147" VPOS="3249" HPOS="461"/>
<SP HEIGHT="40" WIDTH="24" VPOS="3240" HPOS="609"/>
<String CONTENT="for" HEIGHT="40" WIDTH="82" VPOS="3240" HPOS="634"/>
<SP HEIGHT="39" WIDTH="25" VPOS="3239" HPOS="717"/>
<String CONTENT="&#8220;Notes&#8221;" HEIGHT="42" WIDTH="205" VPOS="3238" HPOS="743"/>
<SP HEIGHT="50" WIDTH="39" VPOS="3238" HPOS="949"/>
<String CONTENT="(174-175)" HEIGHT="49" WIDTH="252" VPOS="3239" HPOS="989"/>
</TextLine>
<TextLine HEIGHT="50" WIDTH="1929" VPOS="3295" HPOS="277" CS="1">
<String LANG="en-US" CONTENT="Compiled" HEIGHT="48" WIDTH="249" VPOS="3295" HPOS="277"/>
<SP HEIGHT="40" WIDTH="36" VPOS="3295" HPOS="527"/>
<String LANG="en-US" CONTENT="by" HEIGHT="48" WIDTH="61" VPOS="3295" HPOS="564"/>
<SP HEIGHT="48" WIDTH="39" VPOS="3295" HPOS="626"/>
<String LANG="en-US" CONTENT="Lieut." HEIGHT="42" WIDTH="158" VPOS="3295" HPOS="666"/>
<SP HEIGHT="40" WIDTH="39" VPOS="3297" HPOS="825"/>
<String LANG="en-US" CONTENT="L." HEIGHT="39" WIDTH="51" VPOS="3297" HPOS="865"/>
<SP HEIGHT="39" WIDTH="39" VPOS="3296" HPOS="917"/>
<String LANG="fr" CONTENT="H." HEIGHT="41" WIDTH="62" VPOS="3296" HPOS="957"/>
<SP HEIGHT="42" WIDTH="38" VPOS="3295" HPOS="1020"/>
<String LANG="fr" CONTENT="Th&#233;baud," HEIGHT="48" WIDTH="247" VPOS="3295" HPOS="1059"/>
<SP HEIGHT="37" WIDTH="42" VPOS="3306" HPOS="1307"/>
<String LANG="fr" CS="1" CONTENT="U"/>
<String LANG="ru" CONTENT="." HEIGHT="8" WIDTH="8" VPOS="3328" HPOS="1389"/>
<SP HEIGHT="30" WIDTH="43" VPOS="3306" HPOS="1398"/>
<String LANG="en-US" CS="1" CONTENT="S." HEIGHT="7" WIDTH="7" VPOS="3329" HPOS="1473"/>
<SP HEIGHT="30" WIDTH="41" VPOS="3306" HPOS="1481"/>
<String LANG="en-US" CS="1" CONTENT="N.," HEIGHT="14" WIDTH="22" VPOS="3328" HPOS="1564"/>
<SP HEIGHT="35" WIDTH="40" VPOS="3307" HPOS="1587"/>
<String LANG="en-US" CONTENT="who" HEIGHT="40" WIDTH="107" VPOS="3296" HPOS="1628"/>
<SP HEIGHT="30" WIDTH="40" VPOS="3306" HPOS="1736"/>
<String LANG="en-US" CONTENT="was" HEIGHT="30" WIDTH="102" VPOS="3306" HPOS="1777"/>
<SP HEIGHT="39" WIDTH="40" VPOS="3297" HPOS="1880"/>
<String LANG="en-US" CONTENT="designated" HEIGHT="49" WIDTH="285" VPOS="3296" HPOS="1921"/>
</TextLine>
<TextLine HEIGHT="97" WIDTH="1985" VPOS="3351" HPOS="204" CS="1">
<String CONTENT="officially" HEIGHT="48" WIDTH="227" VPOS="3351" HPOS="204"/>
<SP HEIGHT="47" WIDTH="27" VPOS="3352" HPOS="432"/>
<String CONTENT="for" HEIGHT="39" WIDTH="78" VPOS="3352" HPOS="460"/>
<SP HEIGHT="38" WIDTH="28" VPOS="3354" HPOS="539"/>
<String CONTENT="the" HEIGHT="40" WIDTH="84" VPOS="3352" HPOS="568"/>
<SP HEIGHT="29" WIDTH="27" VPOS="3362" HPOS="653"/>
<String CONTENT="work" HEIGHT="40" WIDTH="135" VPOS="3352" HPOS="681"/>
<SP HEIGHT="40" WIDTH="26" VPOS="3352" HPOS="817"/>
<String CONTENT="by" HEIGHT="48" WIDTH="62" VPOS="3352" HPOS="844"/>
<SP HEIGHT="48" WIDTH="29" VPOS="3352" HPOS="907"/>
<String CONTENT="Rear" HEIGHT="40" WIDTH="132" VPOS="3352" HPOS="937"/>
<SP HEIGHT="39" WIDTH="26" VPOS="3353" HPOS="1070"/>
<String CONTENT="Admiral" HEIGHT="40" WIDTH="221" VPOS="3352" HPOS="1097"/>
<SP HEIGHT="39" WIDTH="30" VPOS="3353" HPOS="1319"/>
<String CONTENT="Henry" HEIGHT="47" WIDTH="170" VPOS="3353" HPOS="1350"/>
<SP HEIGHT="47" WIDTH="30" VPOS="3353" HPOS="1521"/>
<String CONTENT="B." HEIGHT="40" WIDTH="55" VPOS="3353" HPOS="1552"/>
<SP HEIGHT="40" WIDTH="29" VPOS="3353" HPOS="1608"/>
<String CONTENT="Wilson," HEIGHT="48" WIDTH="201" VPOS="3352" HPOS="1638"/>
<SP HEIGHT="36" WIDTH="32" VPOS="3364" HPOS="1840"/>
<String CONTENT="superintendent" HEIGHT="96" WIDTH="1984" VPOS="3352" HPOS="205"/>
<SP HEIGHT="39" WIDTH="27" VPOS="3409" HPOS="287"/>
<String CONTENT="of" HEIGHT="40" WIDTH="52" VPOS="3408" HPOS="315"/>
</TextLine>
<TextLine HEIGHT="49" WIDTH="1648" VPOS="3408" HPOS="394">
<String CONTENT="the" HEIGHT="40" WIDTH="82" VPOS="3408" HPOS="394"/>
<SP HEIGHT="40" WIDTH="24" VPOS="3408" HPOS="477"/>
<String CONTENT="Naval" HEIGHT="39" WIDTH="158" VPOS="3408" HPOS="502"/>
<SP HEIGHT="39" WIDTH="26" VPOS="3409" HPOS="661"/>
<String CONTENT="academy," HEIGHT="47" WIDTH="248" VPOS="3409" HPOS="688"/>
<SP HEIGHT="30" WIDTH="55" VPOS="3419" HPOS="937"/>
<String CONTENT="cf." HEIGHT="48" WIDTH="62" VPOS="3409" HPOS="993"/>
<SP HEIGHT="39" WIDTH="28" VPOS="3409" HPOS="1056"/>
<String CONTENT="Pref.," HEIGHT="47" WIDTH="145" VPOS="3409" HPOS="1085"/>
<SP HEIGHT="36" WIDTH="29" VPOS="3420" HPOS="1231"/>
<String CONTENT="signed" HEIGHT="46" WIDTH="168" VPOS="3409" HPOS="1261"/>
<SP HEIGHT="40" WIDTH="29" VPOS="3409" HPOS="1430"/>
<String LANG="fr" CONTENT="U." HEIGHT="41" WIDTH="56" VPOS="3409" HPOS="1460"/>
<SP HEIGHT="42" WIDTH="30" VPOS="3408" HPOS="1517"/>
<String CONTENT="S." HEIGHT="41" WIDTH="46" VPOS="3408" HPOS="1548"/>
<SP HEIGHT="30" WIDTH="28" VPOS="3419" HPOS="1595"/>
<String CONTENT="naval" HEIGHT="38" WIDTH="146" VPOS="3410" HPOS="1624"/>
<SP HEIGHT="39" WIDTH="28" VPOS="3409" HPOS="1771"/>
<String CONTENT="institute." HEIGHT="42" WIDTH="242" VPOS="3408" HPOS="1800"/>
</TextLine>
<TextLine HEIGHT="52" WIDTH="1997" VPOS="3460" HPOS="209" CS="1">
<String CONTENT="&#169;" HEIGHT="52" WIDTH="52" VPOS="3460" HPOS="209"/>
<SP HEIGHT="52" WIDTH="26" VPOS="3460" HPOS="262"/>
<String CONTENT="Dec." HEIGHT="40" WIDTH="113" VPOS="3464" HPOS="289"/>
<SP HEIGHT="40" WIDTH="25" VPOS="3464" HPOS="403"/>
<String CONTENT="5," HEIGHT="47" WIDTH="40" VPOS="3464" HPOS="429"/>
<SP HEIGHT="47" WIDTH="26" VPOS="3464" HPOS="470"/>
<String CONTENT="1929;" HEIGHT="47" WIDTH="139" VPOS="3463" HPOS="497"/>
<SP HEIGHT="46" WIDTH="28" VPOS="3464" HPOS="637"/>
<String CONTENT="2c." HEIGHT="41" WIDTH="68" VPOS="3464" HPOS="666"/>
<SP HEIGHT="40" WIDTH="26" VPOS="3465" HPOS="735"/>
<String CONTENT="Dec." HEIGHT="40" WIDTH="113" VPOS="3465" HPOS="762"/>
<SP HEIGHT="40" WIDTH="25" VPOS="3465" HPOS="876"/>
<String CONTENT="14;" HEIGHT="41" WIDTH="84" VPOS="3465" HPOS="902"/>
<SP HEIGHT="31" WIDTH="28" VPOS="3475" HPOS="987"/>
<String CONTENT="aff." HEIGHT="40" WIDTH="84" VPOS="3465" HPOS="1016"/>
<SP HEIGHT="40" WIDTH="26" VPOS="3465" HPOS="1101"/>
<String CONTENT="Dec." HEIGHT="41" WIDTH="113" VPOS="3465" HPOS="1128"/>
<SP HEIGHT="40" WIDTH="27" VPOS="3466" HPOS="1242"/>
<String CS="1" CONTENT="16;" HEIGHT="40" WIDTH="58" VPOS="3466" HPOS="1270"/>
<SP HEIGHT="40" WIDTH="27" VPOS="3466" HPOS="1354"/>
<!-- cceid A8E0ACE4-6CFA-1014-9C3C-CEA95E7AA542 --><String CONTENT="A" HEIGHT="38" WIDTH="42" VPOS="3466" HPOS="1382"/>
<SP HEIGHT="38" WIDTH="26" VPOS="3466" HPOS="1425"/>
<String CONTENT="16554;" HEIGHT="47" WIDTH="171" VPOS="3464" HPOS="1452"/>
<SP HEIGHT="47" WIDTH="30" VPOS="3464" HPOS="1624"/>
<String CONTENT="United" HEIGHT="41" WIDTH="180" VPOS="3464" HPOS="1655"/>
<SP HEIGHT="41" WIDTH="31" VPOS="3465" HPOS="1836"/>
<String CONTENT="States" HEIGHT="41" WIDTH="166" VPOS="3465" HPOS="1868"/>
<SP HEIGHT="34" WIDTH="24" VPOS="3472" HPOS="2035"/>
<String CONTENT="naval" HEIGHT="39" WIDTH="146" VPOS="3467" HPOS="2060"/>
</TextLine>
<TextLine HEIGHT="50" WIDTH="559" VPOS="3519" HPOS="276">
<String CONTENT="institute." HEIGHT="41" WIDTH="242" VPOS="3520" HPOS="276"/>
<SP HEIGHT="49" WIDTH="63" VPOS="3520" HPOS="519"/>
<String CONTENT="(30-1248)" HEIGHT="50" WIDTH="252" VPOS="3519" HPOS="583"/>
</TextLine>
<TextLine HEIGHT="152" WIDTH="2015" VPOS="3598" HPOS="200" STYLEREFS="StyleId-FB160667-A2E7-4E27-A96B-9CE5E813E089-" CS="1">
<String CONTENT="University" HEIGHT="65" WIDTH="352" VPOS="3598" HPOS="200"/>
<SP HEIGHT="46" WIDTH="33" VPOS="3617" HPOS="553"/>
<String CONTENT="oratorical" HEIGHT="52" WIDTH="305" VPOS="3604" HPOS="587"/>
<SP HEIGHT="50" WIDTH="34" VPOS="3605" HPOS="893"/>
<String CONTENT="annual," HEIGHT="65" WIDTH="231" VPOS="3605" HPOS="928"/>
<SP HEIGHT="47" WIDTH="31" VPOS="3623" HPOS="1160"/>
<String CONTENT="edited" HEIGHT="53" WIDTH="190" VPOS="3604" HPOS="1192"/>
<SP HEIGHT="52" WIDTH="34" VPOS="3605" HPOS="1383"/>
<String CONTENT="by" HEIGHT="68" WIDTH="76" VPOS="3605" HPOS="1418"/>
<SP HEIGHT="68" WIDTH="32" VPOS="3605" HPOS="1495"/>
<String CONTENT="Benjamin" HEIGHT="67" WIDTH="307" VPOS="3602" HPOS="1528"/>
<SP HEIGHT="52" WIDTH="33" VPOS="3605" HPOS="1836"/>
<String CONTENT="E." HEIGHT="53" WIDTH="68" VPOS="3605" HPOS="1870"/>
<SP HEIGHT="53" WIDTH="34" VPOS="3605" HPOS="1939"/>
<String CONTENT="Yonngdahl," HEIGHT="143" WIDTH="1911" VPOS="3605" HPOS="277"/>
<SP HEIGHT="69" WIDTH="26" VPOS="3679" HPOS="434"/>
<String CONTENT="Evan" HEIGHT="53" WIDTH="165" VPOS="3679" HPOS="461"/>
<SP HEIGHT="52" WIDTH="28" VPOS="3680" HPOS="627"/>
<String CONTENT="E." HEIGHT="51" WIDTH="66" VPOS="3680" HPOS="656"/>
<SP HEIGHT="52" WIDTH="27" VPOS="3680" HPOS="723"/>
<String CONTENT="Anderson," HEIGHT="54" WIDTH="319" VPOS="3680" HPOS="751"/>
<SP HEIGHT="33" WIDTH="75" VPOS="3700" HPOS="1071"/>
<String CONTENT="v." HEIGHT="33" WIDTH="50" VPOS="3700" HPOS="1147"/>
<SP HEIGHT="48" WIDTH="31" VPOS="3686" HPOS="1198"/>
<String CONTENT="1," HEIGHT="64" WIDTH="48" VPOS="3686" HPOS="1230"/>
<SP HEIGHT="64" WIDTH="28" VPOS="3686" HPOS="1279"/>
<String CONTENT="1929." HEIGHT="49" WIDTH="150" VPOS="3684" HPOS="1308"/>
<SP HEIGHT="57" WIDTH="77" VPOS="3679" HPOS="1459"/>
<String CONTENT="St." HEIGHT="57" WIDTH="82" VPOS="3679" HPOS="1537"/>
<SP HEIGHT="51" WIDTH="26" VPOS="3683" HPOS="1620"/>
<String CONTENT="Peter," HEIGHT="56" WIDTH="188" VPOS="3683" HPOS="1647"/>
<SP HEIGHT="56" WIDTH="25" VPOS="3683" HPOS="1836"/>
<String CONTENT="Minn.," HEIGHT="58" WIDTH="204" VPOS="3683" HPOS="1862"/>
<SP HEIGHT="58" WIDTH="25" VPOS="3683" HPOS="2067"/>
<String CONTENT="The" HEIGHT="51" WIDTH="122" VPOS="3683" HPOS="2093"/>
</TextLine>
<TextLine HEIGHT="69" WIDTH="685" VPOS="3757" HPOS="276" STYLEREFS="StyleId-FB160667-A2E7-4E27-A96B-9CE5E813E089-" CS="1">
<String CONTENT="Forensic" HEIGHT="53" WIDTH="269" VPOS="3757" HPOS="276"/>
<SP HEIGHT="49" WIDTH="30" VPOS="3776" HPOS="546"/>
<String CONTENT="press" HEIGHT="49" WIDTH="156" VPOS="3776" HPOS="577"/>
<SP HEIGHT="47" WIDTH="34" VPOS="3778" HPOS="734"/>
<String CS="1" CONTENT="[&#7580;1929]" HEIGHT="65" WIDTH="151" VPOS="3761" HPOS="810"/>
</TextLine>
<TextLine HEIGHT="49" WIDTH="804" VPOS="3838" HPOS="275" CS="1">
<String LANG="en-US" CONTENT="7" HEIGHT="40" WIDTH="27" VPOS="3838" HPOS="275"/>
<SP HEIGHT="48" WIDTH="30" VPOS="3838" HPOS="303"/>
<String LANG="fr" CONTENT="p." HEIGHT="38" WIDTH="41" VPOS="3848" HPOS="334"/>
<SP HEIGHT="38" WIDTH="32" VPOS="3839" HPOS="376"/>
<String LANG="fr" CS="1" CONTENT="l.,"/>
<SP HEIGHT="43" WIDTH="32" VPOS="3838" HPOS="454"/>
<String LANG="en-US" CONTENT="17-172" HEIGHT="40" WIDTH="174" VPOS="3838" HPOS="487"/>
<SP HEIGHT="48" WIDTH="28" VPOS="3839" HPOS="662"/>
<String LANG="en-US" CONTENT="p.," HEIGHT="37" WIDTH="57" VPOS="3850" HPOS="691"/>
<SP HEIGHT="47" WIDTH="32" VPOS="3839" HPOS="749"/>
<String LANG="en-US" CONTENT="2" HEIGHT="40" WIDTH="28" VPOS="3839" HPOS="782"/>
<SP HEIGHT="40" WIDTH="28" VPOS="3839" HPOS="811"/>
<String LANG="en-US" CS="1" CONTENT="l." HEIGHT="8" WIDTH="8" VPOS="3872" HPOS="863"/>
<SP HEIGHT="41" WIDTH="58" VPOS="3839" HPOS="872"/>
<String LANG="en-US" CS="1" CONTENT="20&#189;&#7580;&#7504;." HEIGHT="43" WIDTH="148" VPOS="3839" HPOS="931"/>
</TextLine>
<TextLine HEIGHT="55" WIDTH="1995" VPOS="3889" HPOS="210" CS="1">
<String CONTENT="&#169;" HEIGHT="52" WIDTH="52" VPOS="3889" HPOS="210"/>
<SP HEIGHT="52" WIDTH="26" VPOS="3889" HPOS="263"/>
<String CONTENT="Nov." HEIGHT="41" WIDTH="120" VPOS="3894" HPOS="290"/>
<SP HEIGHT="41" WIDTH="24" VPOS="3894" HPOS="411"/>
<String CONTENT="9," HEIGHT="47" WIDTH="42" VPOS="3894" HPOS="436"/>
<SP HEIGHT="46" WIDTH="25" VPOS="3895" HPOS="479"/>
<String CS="1" CONTENT="1929;" HEIGHT="41" WIDTH="117" VPOS="3893" HPOS="505"/>
<SP HEIGHT="39" WIDTH="29" VPOS="3896" HPOS="646"/>
<String CONTENT="2c." HEIGHT="39" WIDTH="65" VPOS="3896" HPOS="676"/>
<SP HEIGHT="30" WIDTH="28" VPOS="3905" HPOS="742"/>
<String CONTENT="and" HEIGHT="38" WIDTH="96" VPOS="3897" HPOS="771"/>
<SP HEIGHT="39" WIDTH="27" VPOS="3897" HPOS="868"/>
<String CONTENT="aff." HEIGHT="40" WIDTH="82" VPOS="3896" HPOS="896"/>
<SP HEIGHT="40" WIDTH="27" VPOS="3896" HPOS="979"/>
<String CONTENT="Nov." HEIGHT="40" WIDTH="118" VPOS="3896" HPOS="1007"/>
<SP HEIGHT="39" WIDTH="28" VPOS="3897" HPOS="1126"/>
<String CS="1" CONTENT="14;" HEIGHT="37" WIDTH="55" VPOS="3897" HPOS="1155"/>
<SP HEIGHT="40" WIDTH="30" VPOS="3896" HPOS="1238"/>
<!-- cceid A8E0B082-6CFA-1014-9C3C-CEA95E7AA542 --><String CONTENT="A" HEIGHT="39" WIDTH="42" VPOS="3896" HPOS="1269"/>
<SP HEIGHT="39" WIDTH="27" VPOS="3896" HPOS="1312"/>
<String CONTENT="15805;" HEIGHT="48" WIDTH="170" VPOS="3895" HPOS="1340"/>
<SP HEIGHT="46" WIDTH="30" VPOS="3897" HPOS="1511"/>
<String CONTENT="Benjamin" HEIGHT="47" WIDTH="262" VPOS="3897" HPOS="1542"/>
<SP HEIGHT="38" WIDTH="29" VPOS="3899" HPOS="1805"/>
<String CONTENT="E." HEIGHT="39" WIDTH="52" VPOS="3899" HPOS="1835"/>
<SP HEIGHT="39" WIDTH="30" VPOS="3899" HPOS="1888"/>
<String CONTENT="Youngdahl" HEIGHT="43" WIDTH="286" VPOS="3899" HPOS="1919"/>
</TextLine>
<TextLine HEIGHT="54" WIDTH="1403" VPOS="3949" HPOS="277">
<String CONTENT="&amp;" HEIGHT="41" WIDTH="37" VPOS="3949" HPOS="277"/>
<SP HEIGHT="41" WIDTH="26" VPOS="3949" HPOS="315"/>
<String CONTENT="Evan" HEIGHT="39" WIDTH="137" VPOS="3951" HPOS="342"/>
<SP HEIGHT="38" WIDTH="28" VPOS="3951" HPOS="480"/>
<String CONTENT="E." HEIGHT="39" WIDTH="50" VPOS="3951" HPOS="509"/>
<SP HEIGHT="39" WIDTH="31" VPOS="3951" HPOS="560"/>
<String CONTENT="Anderson," HEIGHT="49" WIDTH="266" VPOS="3951" HPOS="592"/>
<SP HEIGHT="49" WIDTH="32" VPOS="3951" HPOS="859"/>
<String CONTENT="St." HEIGHT="42" WIDTH="67" VPOS="3951" HPOS="892"/>
<SP HEIGHT="40" WIDTH="29" VPOS="3953" HPOS="960"/>
<String CONTENT="Peter," HEIGHT="46" WIDTH="157" VPOS="3953" HPOS="990"/>
<SP HEIGHT="46" WIDTH="30" VPOS="3953" HPOS="1148"/>
<String CONTENT="Minn." HEIGHT="42" WIDTH="150" VPOS="3952" HPOS="1179"/>
<SP HEIGHT="50" WIDTH="68" VPOS="3952" HPOS="1330"/>
<String CONTENT="(29-28099)" HEIGHT="51" WIDTH="281" VPOS="3952" HPOS="1399"/>
</TextLine>
</TextBlock>
</PrintSpace>
</Page>
</Layout>
</alto>