2512 4377
1311 4030 100 51 528

359 377 325 65 Whitehill,
726 379 291 63 Dorothy.

354 471 1982 133 Joyful adventures of Polly, by Dorothy Whitehill … illustrated
573 550 77 69 by
680 551 158 54 John
867 551 79 53 M.
979 551 218 54 Foster.
1274 552 140 52 New
1446 552 181 68 York,
1658 553 70 54 N.
1763 553 91 69 Y.,
1887 553 265 71 Newark,
2183 556 70 53 N.
2285 555 76 68 J.,

354 630 580 66 Barse & co. [ ᶜ1 929]
423 710 1788 51 4 p. l., 11-216 p. incl. plates, front. 19½ᶜᵐ. (Her Polly series)
361 777 51 53 ©
439 782 114 48 Apr.
581 782 69 47 11,
677 781 114 41 1929;
846 782 69 41 2c.
941 783 96 39 and
1064 781 83 41 aff.
1173 782 115 48 Apr.
1316 782 54 40 13;
1427 782 42 39 A
1496 782 113 40 6523;
1668 784 155 41 Barse
1850 784 36 40 &
1912 795 68 29 co.

437 838 253 49 (29-9294)

358 950 360 64 Whiteman,
759 949 187 55 Edna.

425 1042 1932 71 Jane and Jerry, by Edna Whiteman … illustrated by E. G.
359 1120 273 55 Sommer.
696 1120 140 53 New
862 1120 182 68 York,
1069 1121 64 51 T.
1163 1120 213 53 Nelson
1402 1122 46 50 &
1474 1139 130 34 sons
1638 1123 172 65 [1929]

426 1201 967 49 4 p. l., 210 p. col. front., illus. 20½ᶜᵐ.
360 1272 55 52 ©
438 1276 115 47 Apr.
579 1275 70 47 10,
676 1275 141 47 1929;
845 1275 68 40 2c.
941 1275 96 40 and
1065 1274 82 41 aff.
1173 1274 115 49 Apr.
1316 1274 82 46 12;
1427 1274 42 39 A
1494 1274 114 41 7398;
1666 1274 212 41 Thomas
1905 1275 180 40 Nelson
2113 1275 37 40 &
2177 1286 126 29 sons.

437 1332 252 49 (29-9093)

360 1443 305 64 Williams,
696 1442 260 54 Blanche
990 1442 227 65 Colton,
1253 1443 170 54 1879-
1637 1442 84 55 ed.

432 1536 177 55 Short
657 1536 201 53 stories
910 1536 94 51 for
1053 1536 213 67 college
1315 1535 220 65 classes,
1585 1534 239 54 selected
1870 1535 75 68 by
1995 1536 253 53 teachers
2297 1535 64 54 of

359 1615 300 53 narration
701 1615 60 51 in
801 1614 97 52 the
937 1614 384 66 Department
1361 1613 65 52 of
1466 1612 266 68 English,
1772 1612 233 54 Hunter
2045 1615 211 68 college
2298 1614 64 53 of

362 1690 1938 71 the city of New York, edited by Blanche Colton Williams …
361 1773 137 53 New
531 1772 181 69 York,
741 1773 72 52 D.
847 1771 292 68 Appleton
1176 1772 111 51 and
1319 1789 299 51 company,
1654 1773 145 51 1929.

428 1853 100 48 xxi,
559 1853 87 39 422
679 1864 44 36 p.
783 1852 26 39 21ᶜᵐ.

429 1918 150 39 Notes:
639 1927 44 37 p.
713 1914 219 41 405-422.

429 1973 379 48 Bibliography:
840 1984 43 37 p.
912 1971 220 41 xix-xxi.

359 2043 53 52 ©
437 2046 114 48 Apr.
578 2046 70 46 12,
673 2045 120 40 1929;
843 2045 69 40 2c.
938 2045 95 39 and
1060 2044 82 41 aff.
1170 2044 113 48 Apr.
1311 2044 54 40 17;
1422 2044 41 39 A
1490 2045 84 39 7478;
1661 2045 57 40 D.
1746 2044 240 49 Appleton
2012 2045 36 40 &
2075 2057 67 29 co.

437 2102 254 49 (29-9370)

357 2224 484 63 Williams-Ellis,
870 2226 137 51 Mrs.
1040 2223 267 55 Amabel.

423 2302 123 54 The
578 2301 277 69 exquisite
886 2301 271 69 tragedy;
1193 2319 72 34 an
1297 2300 264 54 intimate
1592 2301 105 53 life
1729 2301 65 53 of
1824 2302 158 53 John
2072 2301 183 68 Ruskin,
2287 2301 75 70 by

356 2380 239 55 Amabel
706 2378 407 54 Williams-Ellis.
1182 2378 233 55 Garden
1449 2378 153 69 City,
1631 2379 70 53 N.
1735 2379 92 68 Y.,
1858 2379 358 70 Doubleday,
355 2380 1981 132 Doran

492 2458 113 53 and
638 2474 299 51 company,
968 2456 420 69 incorporated,
1425 2459 149 50 1929.

426 2539 1013 51 xii p., 1 l., 371 p. front. (port.) 24ᶜᵐ.
428 2610 351 42 “Decorations
807 2610 61 47 by
897 2610 182 48 Joseph
1109 2610 53 39 E.
1194 2609 290 41 Sandford.”

427 2669 199 40 London
654 2666 185 41 edition
878 2665 164 50 (1928)
1079 2667 91 40 has
1198 2665 136 41 title:
1365 2666 101 40 The
1496 2667 204 47 tragedy
1728 2666 52 40 of
1807 2667 129 40 John
1963 2667 204 42 Ruskin.

360 2737 53 52 ©
443 2740 114 47 Apr.
587 2739 39 45 5,
657 2737 115 41 1929;
831 2737 68 41 2c.
931 2737 95 39 and
1058 2736 82 42 aff.
1170 2737 115 47 Apr.
1317 2737 48 38 11;
1432 2737 39 38 A
1501 2737 114 40 7447;
1678 2737 299 49 Doubleday,
2011 2739 165 39 Doran
2209 2739 36 39 &
2276 2750 82 37 co.,

428 2797 91 39 inc.
591 2793 282 50 (29-26345)

363 2891 272 64 Woolley,
673 2892 139 52 Mrs.
851 2889 354 54 Katharine.

425 2982 336 53 Adventure
799 2980 156 69 calls,
990 2981 77 69 by
1104 2980 326 54 Katharine
1462 2982 279 68 Woolley.
1815 2982 139 53 New
1997 2981 176 68 York,
358 2982 1977 146 Minton,

501 3060 182 53 Balch
713 3061 47 50 &
787 3076 300 52 company,
1119 3061 151 51 1929.

427 3141 531 49 5 p. l., 3-286 p. 19½ᶜᵐ.
361 3210 51 53 ©
445 3215 123 40 Mar.
599 3214 70 44 22,
703 3212 141 46 1929;
878 3213 68 39 2c.
980 3213 122 40 Mar.
1134 3213 82 46 27;
1252 3211 82 41 aff.
1367 3212 114 47 Apr.
1514 3213 82 45 12;
1631 3212 41 39 A
1705 3212 141 47 7399;
1882 3213 59 39 K.
1975 3214 230 44 Woolley,
428 3214 1911 97 London.
601 3269 253 49 (29-9006)

361 3363 194 64 Work,
589 3362 211 54 Milton
837 3363 242 64 Cooper,
1119 3368 168 49 1864-

431 3455 1929 69 Auction bridge complete, by Milton C. Work … including
366 3536 92 51 the
494 3536 170 51 latest
701 3532 198 55 official
938 3535 140 52 laws
1114 3534 65 53 of
1216 3533 227 54 auction
1478 3534 203 68 bridge
1718 3534 113 53 and
1870 3534 118 53 also
2026 3533 96 53 the
2160 3532 200 54 official

363 3615 139 51 laws
535 3612 66 54 of
635 3611 358 69 progressive
1026 3612 204 67 bridge
1265 3613 113 51 and
1412 3611 164 68 pivot
1607 3610 203 70 bridge
1845 3613 113 52 and
1995 3612 96 53 the
2124 3613 138 52 laws
2297 3611 63 59 of

362 3692 290 67 duplicate
690 3690 219 68 bridge.
985 3689 429 68 Philadelphia,
1455 3688 253 70 Chicago
1753 3695 137 61 [etc.]
1935 3690 123 52 The
2097 3689 156 54 John
2296 3689 61 55 C.

358 3769 818 67 Winston company [ ᶜ1 929]
427 3848 84 49 xii,
543 3848 89 41 498
662 3860 43 37 p.
765 3848 180 49 diagrs.
1005 3847 57 41 19½ᶜᵐ.

360 3915 53 52 ©
441 3918 112 40 Feb.
582 3918 40 47 5,
651 3918 141 47 1929;
824 3918 66 41 2c.
920 3915 114 51 Apr.
1063 3918 83 44 15;
1178 3917 82 41 aff.
1290 3917 114 48 Apr.
1434 3918 82 46 13;
1547 3917 41 40 A
1617 3918 140 48 6554;
1792 3918 132 40 John
1952 3918 49 41 C.
2030 3917 225 41 Winston
2285 3929 68 30 co.

433 3970 69 55 [©
534 3974 262 50 additions]
869 3973 251 50 (29-9348)
