2542 4389
1080 3999 135 52 2051

207 438 578 51 223 p. front. 19½ ᶜᵐ .
211 509 161 41 “First
403 508 184 41 edition.”

147 571 1991 57 © Nov. 1, 1929; 2c. Nov. 30: aff. Nov. 20; A 17085; E. P. Dutton & co.,
213 637 90 39 inc.
375 634 254 50 (29-29082)

140 728 307 54 Casanova
476 729 69 52 de
575 728 287 64 Seingalt,
895 727 276 54 Giacomo
1203 725 316 64 Girolamo,
1551 725 327 54 1725-1798.

208 808 121 52 The
378 807 264 54 memoirs
690 807 64 54 of
800 807 245 67 Jacques
1095 805 316 69 Casanova,
1458 803 190 55 edited
1697 804 77 69 by
1821 801 322 53 Madeleine

138 878 2006 77 Boyd, introduction by Ernest Boyd … New York, The
137 964 242 53 Modern
407 964 219 69 library
660 966 172 64 [1929]

211 1037 1934 55 xii, 492 p. 17 ᶜᵐ . (Half-title: The modern library of the world’s best
144 1100 171 48 books)

146 1167 1646 53 © Nov. 25, 1929; 2c. Dec. 11; aff. Dec. 7; A 17297; Modern
1818 1167 201 47 library,
2048 1166 94 40 inc.

224 1227 280 49 (29-29865)

140 1319 353 65 Castaneda,
525 1319 205 56 Carlos
757 1321 297 63 Eduardo,
1087 1325 172 50 1896-

139 1397 1980 133 Early Texas album; fifty illustrations with notes … collected
359 1478 114 52 and
515 1477 309 53 annotated
865 1477 77 69 by
985 1477 61 55 C.
1092 1478 66 52 E.
1204 1477 322 55 Castaneda
1570 1477 112 52 and
1724 1475 313 54 Frederick
2079 1475 61 55 C.

141 1553 235 56 Chabot.
453 1554 229 70 Austin,
713 1557 150 51 1929.

210 1632 1926 52 2 p. l. , 50 mounted pl. (incl. ports., maps, plan, facsims., coat of arms)
138 1691 237 43 26 × 38 ᶜᵐ .
209 1763 58 39 In
294 1763 247 48 portfolio.

210 1820 134 40 Each
375 1820 131 48 plate
539 1819 343 49 accompanied
914 1820 60 47 by
1006 1820 156 47 guard
1195 1819 136 41 sheet
1367 1818 119 40 with
1520 1818 293 48 descriptive
1844 1819 301 47 letterpress.

211 1876 203 40 “Album
442 1877 203 39 number
673 1874 101 43 26.”

147 1942 1996 52 © June 19, 1929; 3c. Nov. 29; 1c. Oct. 26; aff. Dec. 12; A 17336: C. E.
215 2001 291 48 Castaneda,
535 2003 190 48 Austin,
755 2003 129 47 Tex.,
914 2003 94 39 and
1037 2002 265 40 Frederick
1332 2001 47 41 C.
1412 2001 201 49 Chabot,
1646 2001 98 41 San
1771 2001 226 47 Antonio,
2028 2001 115 39 Tex.

224 2058 280 49 (29-29956)

140 2152 314 64 Cendrars,
485 2152 215 56 Blaise.

210 2231 178 53 Little
413 2231 167 54 black
607 2233 202 53 stories
838 2233 95 53 for
959 2232 150 54 little
1138 2233 174 52 white
1341 2232 278 70 children,
1646 2232 317 54 translated
1995 2232 154 54 from

142 2309 93 53 the
284 2310 223 53 French
556 2310 65 53 of
670 2310 193 54 Blaise
914 2310 287 55 Cendrars
1249 2311 77 69 by
1374 2310 274 70 Margery
1697 2311 233 52 Bianco.
2008 2310 140 53 New

145 2387 175 66 York,
346 2389 229 68 Payson
602 2390 45 50 &
677 2387 226 70 Clarke,
929 2389 123 68 ltd.,
1083 2391 150 50 1929.

210 2468 1341 50 5 p. l. , 138 p. col. front., illus., col. plates. 24 ᶜᵐ .
212 2538 129 40 “The
384 2538 330 41 illustrations
757 2539 80 40 for
880 2539 99 41 this
1022 2540 124 40 book
1189 2550 84 30 are
1314 2540 129 40 from
1485 2540 208 48 original
1737 2540 305 41 woodblocks
2086 2541 63 48 by

143 2595 164 40 Pierre
340 2595 252 41 Pinsard.”

149 2661 51 52 ©
232 2665 101 41 Oct.
362 2666 70 43 19.
459 2667 141 47 1929;
631 2667 66 42 2c.
730 2667 102 41 Oct.
861 2668 83 45 23;
977 2668 82 42 aff.
1091 2668 101 41 Oct.
1223 2669 82 47 22;
1337 2669 41 39 A
1408 2667 171 49 10250;
1613 2670 53 38 B.
1699 2666 257 47 Cendrars,
1989 2669 155 40 Paris.

227 2722 280 49 (29-29841)

141 2815 262 65 Chaney,
432 2816 166 57 Jack.

210 2894 234 54 Foolish
507 2895 304 69 questions,
874 2897 385 53 Yellowstone
1318 2898 260 52 national
1637 2898 164 69 park,
1861 2900 77 67 by
1999 2898 149 57 Jack

142 2970 248 70 Chaney.
467 2973 96 52 4th
595 2975 103 57 ed.,
728 2975 190 53 edited
948 2976 113 52 and
1092 2975 271 69 enlarged
1391 2976 76 69 by
1496 2977 55 54 J.
1584 2977 66 52 E.
1682 2977 254 68 Haynes.
142 2977 1980 125 Yellowstone

451 3051 173 55 Park,
661 3053 150 67 Wy.,
854 3052 82 56 St.
977 3053 166 57 Paul,
1180 3053 204 67 Minn.,
1422 3055 236 66 Haynes
1697 3053 223 69 picture
1957 3053 190 69 shops,

141 3125 339 71 inc. [ᶜ192 9]
211 3208 814 50 2 p. l., [9]-94 p. illus. 17½ ᶜᵐ .
151 3259 52 53 ©
239 3265 126 41 June
396 3265 69 48 20,
499 3266 83 40 1929;
676 3266 67 41 2c.
778 3269 96 38 and
909 3267 81 41 aff.
1026 3269 112 39 Dec.
1174 3269 83 47 13;
1293 3268 41 39 A
1370 3269 171 40 16411:
1579 3268 123 40 Jack
1737 3270 53 39 E.
1826 3270 214 47 Haynes,
2079 3270 68 41 St.

218 3320 136 41 Paul.
426 3321 281 51 (29-29062)

144 3412 284 66 Chaucer,
457 3414 296 66 Geoffrey,
782 3420 53 53 d.
868 3422 150 49 1400.

214 3492 122 54 The
377 3493 360 72 Canterbury
776 3497 158 55 tales,
974 3498 74 69 by
1089 3497 269 70 Geoffrey
1399 3497 275 70 Chaucer,
1713 3499 191 54 edited
1942 3502 75 68 by
2054 3500 97 53 the

145 3569 1944 78 Rev. Walter W. Skeat, introduction by Louis Untermeyer …
144 3647 138 53 New
312 3649 180 69 York,
519 3650 120 54 The
668 3652 242 53 Modern
939 3654 220 68 library
1192 3657 172 63 [1929]

215 3729 1935 53 vii, 602 p. 17 ᶜᵐ . (Half-title: The modern library of the world’s best
145 3783 172 50 books)

153 3836 53 53 ©
244 3842 128 48 Sept.
406 3843 70 46 25,
511 3843 83 40 1929;
689 3845 67 41 2c.
793 3846 112 40 Dec.
941 3847 82 44 11;
1063 3845 81 41 aff.
1182 3846 112 41 Dec.
1333 3849 51 39 7:
1425 3849 37 37 A
1499 3848 171 42 17290:
1710 3851 201 40 Modern
1947 3850 200 48 library,

221 3898 91 43 inc.
377 3895 68 55 [©
481 3900 345 53 introduction]
901 3901 256 50 (29-29541)
