2512 4377
1287 4024 103 51 462

341 385 456 64 Pennsylvania.
870 386 268 68 Orphans
1146 388 11 25 ’
1189 393 160 47 court
1390 386 352 69 (Allegheny
1823 385 77 70 Co.)

408 461 175 55 Rules
635 462 93 53 for
781 462 249 68 practice
1082 462 63 53 in
1195 462 97 53 the
1345 461 290 69 Orphans’
1687 465 161 49 court
1900 461 66 54 of
2015 460 325 70 Allegheny

340 539 244 71 County,
621 539 171 54 Fifth
829 538 241 71 judicial
1104 539 230 54 district
1367 539 66 54 of
1467 539 446 70 Pennsylvania,
1947 539 283 70 prepared
2265 539 76 71 by

338 617 1940 56 J. J. Miller … Thomas P. Trimble … H. Walton Mitchell …
338 696 114 53 and
496 696 97 53 the
637 694 303 70 following
983 695 321 53 committee
1348 694 66 54 of
1455 695 98 53 the
1595 694 326 70 Allegheny
1967 694 228 70 County
2237 695 106 53 bar

338 771 2003 71 association … Frank C. Osburn, chairman, William F. Knox,
337 850 2004 69 John E. Winner … [and others] Adopted January 30, A. D.
341 926 1501 71 1929. [Pittsburgh, Smith bros. co., inc., ᶜ1 929]
445 1011 314 49 x, 396 p. 23 ᶜᵐ.
410 1081 227 40 Includes
667 1080 148 40 blank
844 1090 146 38 pages
1019 1079 81 40 for
1130 1080 144 39 rules.

412 1137 203 40 “Tables
646 1135 52 42 of
725 1136 232 40 citations
988 1136 96 39 and
1115 1135 232 48 indexing
1375 1136 63 47 by
1468 1135 113 41 Geo.
1610 1135 43 40 J.
1685 1135 292 48 Campbell.”

342 1203 1885 108 © Feb. 27, 1929; 2c. and aff. Feb. 28; A 5551; Smith bros. co., inc. (29-8768)
338 1358 271 63 Preston,
649 1356 202 65 Keith,
894 1357 326 53 1884-1927.

407 1435 115 52 Pot
552 1433 157 53 shots
746 1432 153 53 from
933 1433 270 68 Pegasus,
1239 1432 75 69 by
1349 1432 181 53 Keith
1565 1433 271 67 Preston;
1875 1433 142 53 with
2055 1451 75 35 an
339 1434 1979 131 introduction
610 1511 77 69 by

727 1510 380 69 Christopher
1145 1510 241 69 Morley.
1461 1510 139 53 New
1641 1510 180 69 York,
1863 1510 214 70 Covici,
2118 1512 226 69 Friede,
339 1592 152 51 1929.

407 1673 67 48 xi,
501 1672 87 41 243
615 1682 45 39 p.
718 1671 119 42 23ᶜᵐ.

343 1740 1998 51 © Mar. 25, 1929; 2c. Mar. 30; aff. Apr. 2; A 6302; Covici, Friede, inc.
419 1798 251 50 (29-8738)

338 1892 216 64 Prime,
586 1894 139 52 Mrs.
757 1892 289 52 Laurette
1078 1892 71 52 de
1180 1892 285 64 Tousard,
1503 1892 325 54 1847-1927.

407 1970 205 52 Poems
662 1969 110 69 [by]
822 1969 271 52 Laurette
1137 1970 69 52 de
1252 1969 261 53 Tousard
1558 1969 212 69 Prime,
1815 1969 310 54 1847-1927;
2202 1970 141 52 with

368 2047 159 53 three
561 2064 194 51 poems
787 2046 75 69 by
895 2045 215 54 Alfred
1146 2045 154 55 Coxe
1334 2045 211 53 Prime.
1619 2046 429 70 Philadelphia,
2086 2050 151 50 1929.

409 2129 377 50 197, iii p. 19 ᶜᵐ.
342 2196 1978 52 © Mar. 31, 1929; 2c. and aff. Apr. 2; A 6269; Alice M. Prime, Phila
410 2257 210 48 delpbia.
688 2255 252 49 (29-8736)

342 2350 291 65 Sheffield,
662 2350 213 52 Alfred
903 2349 262 65 Dwight,
1199 2351 172 54 1871-

411 2427 318 55 Command
776 2427 65 53 of
887 2432 573 63 sentence-patterns;
1512 2447 73 33 an
1634 2428 249 68 English
1931 2447 290 51 grammar
2269 2447 73 35 on

339 2504 1980 147 new principles, by Alfred Dwight Sheffield … Chicago, Atlanta [etc.]
709 2583 1206 70 Scott, Foresman and company [ ᶜ1 929]
408 2665 530 51 2 p. 1., 3-323 p. 19½ ᶜᵐ.
342 2731 1890 110 © Mar. 28, 1929; 2c. and aff. Apr. 1; A 7200; Scott, Foresman & co. (29-8670)
411 2885 267 54 Exercise
704 2885 147 53 book
877 2891 58 47 to
965 2903 347 51 accompany
1342 2883 318 56 Command
1688 2884 66 55 of
1781 2891 561 64 sentence-patterns,

342 2964 72 68 by
456 2963 214 54 Alfred
712 2964 242 69 Dwight
1000 2963 280 56 Sheffield.
1363 2962 270 71 Chicago,
1677 2964 244 53 Atlanta
1989 2969 121 63 [etc.]
2163 2963 178 69 Scott,

342 3042 994 68 Foresman and company [ ᶜ1 929]
411 3124 273 49 101 p. 24 ᶜᵐ.
343 3190 1888 52 © Mar. 28, 1929; 2c. and aff. Apr. 1; A 7201; Scott, Foresman & co.
421 3250 250 49 (29-8669)

351 3344 270 67 [Simson,
659 3344 138 53 Eric
829 3345 259 52 Andrew]
1150 3349 170 49 1895-

419 3421 1924 72 One more river, by Laurence Kirk [pseud.] … London,
343 3500 367 53 Hutchinson
743 3503 46 49 &
823 3519 98 50 co.,
954 3502 102 52 ltd.
1151 3503 117 64 [ᶜ1929]

411 3581 563 49 4 p. l., 13-288 p. 19½ ᶜᵐ.
345 3634 1994 52 © 1c. Mar. 1, 1929; A ad int. 12377; pubd. Jan. 4; Eric A. Simson,
411 3694 268 47 Marykirk,
721 3694 448 48 Kincardineshire,
1214 3695 244 40 Scotland.
1537 3694 252 48 (29-9090)

351 3746 287 68 [Skinner,
673 3747 231 54 Conrad
935 3747 252 68 Arthur]
1225 3752 170 50 1889-

344 3826 163 50 inson
534 3825 46 50 &
606 3842 98 49 co.,
731 3824 104 52 ltd.
889 3826 152 65 [1929]

414 3901 178 52 Blind
621 3901 203 69 vision,
852 3902 76 69 by
955 3901 249 53 Michael
1233 3901 256 53 Maurice
1543 3902 214 67 [pseud.]
1826 3902 260 67 London,
2117 3902 222 53 Hutch-
