2542 4389
1055 3991 102 55 937

82 342 309 54 Alabama.
466 345 277 67 Supreme
775 353 174 47 court.

151 417 1927 74 Report of cases argued and determined … during the October
82 504 190 60 terms,
315 498 327 68 1927-1928,
685 503 326 64 1928-1929,
1050 502 76 66 by
1166 501 184 53 Noble
1388 501 76 51 H.
1510 499 164 69 Seay,
1715 504 258 63 reporter
2011 500 65 53 of

82 576 279 54 decisions.
452 595 51 33 v.
529 579 117 51 218.
724 577 83 54 St.
834 578 165 67 Paul,
1015 578 204 67 Minn.,
1235 577 160 55 West
1421 575 336 71 publishing
1780 595 297 51 company,

84 657 149 50 1929.

151 735 413 49 xi, 767 p. 26 ᶜᵐ .
86 804 52 52 ©
165 808 128 40 June
318 808 41 47 1,
386 807 142 47 1929;
557 807 67 40 2c.
652 809 96 39 and
776 808 82 41 aff.
887 809 116 47 July
1030 809 53 47 8;
1112 809 43 39 A
1181 809 169 47 11109;
1382 809 122 39 Bibb
1534 809 198 48 Graves,
1761 818 237 39 governor
2027 808 51 41 of

153 865 252 47 Alabama,
429 864 81 40 for
533 875 83 30 use
640 865 52 40 of
715 866 107 39 said
847 868 142 46 state,
1015 867 348 47 Montgomery,
1388 866 106 41 Ala.

85 960 290 53 Alabama
410 963 113 51 and
559 962 287 54 Southern
878 967 257 63 reporter
1168 963 203 68 digest,
1404 963 267 68 covering
1704 964 76 52 all
1814 981 150 35 cases
158 981 1898 127 reported

395 1041 60 51 in
488 1040 282 52 Alabama
805 1046 239 62 reports,
1078 1041 280 53 Alabama
1398 1042 285 67 appellate
1716 1046 221 63 reports
1971 1040 112 52 and

157 1116 1924 70 Southern reporter … v. 9, 10 … St. Paul, Minn., West
154 1194 671 68 publishing co. [ ᶜ1 929]
153 1275 270 43 2 v. 26 ᶜᵐ .
424 1357 116 30 CONTENTS.—v.
574 1344 41 43 9.
651 1346 236 42 Criminal
919 1348 110 48 law,
1063 1346 116 41 1004
1212 1350 49 38 to
1295 1346 449 42 end-Dealers.—v.
1782 1345 72 43 10.
84 1347 1998 100 Death-Election
324 1405 53 41 of
397 1403 251 43 remedies.

91 1473 51 53 ©
173 1477 127 41 June
327 1477 70 48 12,
426 1476 141 47 1929;
598 1476 69 42 2c.
697 1476 118 41 each
846 1477 96 39 and
973 1476 109 41 affs.
1113 1476 115 48 July
1258 1477 52 47 8;
1344 1477 41 39 A
1415 1476 158 49 11099,
1602 1476 171 47 11100;
1805 1478 137 40 West
1971 1478 110 48 pub.

157 1545 69 32 co.

90 1630 188 64 Allen,
309 1629 188 53 Nellie
528 1629 326 65 Burnham,
888 1633 171 51 1864-

157 1707 211 55 Cotton
399 1707 113 52 and
543 1707 163 52 other
736 1706 190 53 useful
958 1706 184 68 fibers,
1172 1708 76 67 by
1279 1706 186 53 Nellie
1496 1708 66 51 B.
1597 1707 186 52 Allen.
1852 1709 233 64 Boston,

86 1783 1371 69 New York [etc.] Ginn and company [ ᶜ1 929]
157 1865 1929 51 viii, 368 p. incl. front., illus. (incl. maps) diagrs. 19 ᶜᵐ . (Lettered
88 1933 61 30 on
177 1933 164 31 cover:
370 1923 183 42 Stories
581 1923 52 41 of
661 1934 103 30 raw
791 1922 280 49 materials)

93 1991 51 53 ©
174 1997 113 45 May
315 1995 70 48 16,
413 1994 118 41 1929;
584 1994 69 40 2c.
682 1994 128 40 June
837 1994 56 39 24;
952 1993 83 41 aff.
1064 1994 126 40 June
1219 1994 54 38 22;
1332 1994 41 39 A
1401 1994 117 40 8896;
1573 1996 56 40 N.
1659 1996 53 39 B.
1742 1996 154 45 Allen,
162 1996 1902 105 Lynnfield,
314 2054 148 39 Mass.
525 2051 280 50 (29-13599)

92 2149 201 64 Arien,
326 2147 270 55 Michael.

161 2227 235 53 Riviera.
488 2231 80 63 pt.
599 2229 48 49 2.

174 2309 82 48 (In
281 2304 282 54 Bystander
588 2304 278 53 magazine,
892 2305 117 51 May
1035 2305 41 49 8,
1103 2303 143 50 1929)

97 2354 1971 118 © 1c. July 2, 1929; A ad int. 12885; pubd. May 6; M. Arlen, Manchester, England.
98 2519 381 63 Armstrong,
513 2516 273 54 Roswald
819 2516 229 54 Lester.

164 2595 257 55 Callable
450 2594 151 53 bond
634 2594 114 52 and
777 2592 160 54 stock
965 2592 211 66 values,
1204 2591 259 68 showing
1491 2592 97 52 the
1616 2591 182 69 yields
1828 2593 113 52 and

95 2594 1971 133 values
221 2672 64 54 of
314 2673 138 53 both
484 2672 181 53 bonds
697 2671 113 53 and
843 2670 186 54 stocks
1061 2670 182 53 called
1274 2687 65 35 or
1368 2669 237 53 callable
1637 2675 59 47 at
1729 2688 31 34 a
1793 2675 298 64 premium,

93 2752 231 53 devised
356 2751 76 69 by
462 2751 69 52 R.
564 2750 64 52 L.
662 2749 365 68 Armstrong,
1061 2747 301 68 computed
1394 2747 76 68 by
1503 2747 300 53 Financial
96 2748 1970 151 publishing

226 2846 298 51 company.
595 2828 236 66 Boston,
865 2826 141 53 New
1041 2824 164 53 York
1244 2829 137 62 [etc.]
1422 2823 300 55 Financial
1759 2825 334 70 publishing

93 2907 514 69 company [ ᶜ1 929]
165 2985 767 53 963 p. of tables. 30½ × 19 ᶜᵐ .
166 3047 198 40 Edition
393 3045 52 41 of
471 3044 115 41 1926
612 3045 90 39 has
729 3043 109 41 title
855 3053 11 30 :
897 3041 218 43 Callable
1140 3041 127 40 bond
1293 3041 183 41 values.

101 3099 51 53 ©
187 3104 127 40 June
344 3103 40 47 7,
416 3101 142 47 1929;
591 3101 69 40 2c.
693 3100 128 40 June
850 3099 84 47 22;
970 3097 83 41 aff.
1087 3098 127 40 June
1244 3097 49 39 21;
1362 3098 43 38 A
1436 3097 142 47 9854;
1615 3099 55 41 B.
1704 3099 51 40 L.
1788 3099 302 49 Armstrong,

170 3162 198 39 Boston.
439 3157 281 51 (29-13551)

102 3253 347 56 Automatic
482 3251 193 65 signal
708 3249 393 65 corporation,
1132 3250 140 52 New
1304 3250 223 53 Haven.

167 3330 248 57 General
461 3328 178 54 traffic
687 3344 207 51 survey
941 3326 142 52 with
1132 3326 544 54 recommendations
1727 3327 94 53 for

98 3329 1976 134 electromatic
322 3408 235 65 control,
608 3404 284 69 prepared
944 3403 95 53 for
1087 3403 96 53 the
1233 3402 117 68 city
1398 3403 65 52 of
1511 3404 368 68 Providence,
1929 3408 68 52 R.
2049 3408 48 52 I.

98 3488 201 68 Harry
339 3487 71 52 A.
454 3484 244 66 Wilcox,
743 3481 90 69 jr.,
878 3480 256 54 Edward
1178 3480 77 52 H.
1302 3480 223 67 Eames,
1568 3482 178 53 traffic
1790 3484 309 69 engineers,

100 3564 332 54 Automatic
455 3562 187 69 signal
666 3558 385 69 corporation,
1077 3559 150 50 1929.
1287 3557 139 53 New
1450 3557 223 70 Haven,
1699 3559 196 69 Conn.,

101 3563 1975 147 Automatic signal corporation [ ᶜ1 929]
170 3716 1296 58 4 p. l., 77 p. illus. (incl. maps) diagrs. 28½ᶜᵐ.
174 3782 132 40 Each
333 3782 111 46 part
473 3776 234 50 preceded
736 3775 61 47 by
824 3774 104 40 leaf
955 3773 121 40 with
1103 3772 239 40 half-title
1366 3775 90 39 not
1482 3773 226 43 included
1736 3776 51 41 in
1815 3779 83 40 the
1926 3779 179 50 paging

113 3839 80 40 (10
223 3835 188 45 leaves)

108 3891 52 52 ©
194 3895 127 40 June
350 3891 71 48 15,
453 3889 114 41 1929;
628 3887 69 40 2c.
728 3886 97 40 and
857 3884 83 42 aff.
975 3884 127 40 June
1133 3883 83 47 17;
1250 3883 42 39 A
1323 3883 141 48 9744;
1501 3886 281 47 Automatic
1813 3891 158 50 signal
176 3903 1908 97 corporation.
486 3943 280 52 (29-13555)
