2542 4361
0 0 0 0 637
105 433 1997 71 rev. and enl., by H. W. Sellander … San Francisco, King’s
104 514 146 52 book
276 519 166 60 store,
474 516 149 49 1929.

166 592 534 49 3 p. l., 11-189 p. 16 ᶜᵐ.
102 646 51 53 ©
189 651 114 48 Apr.
338 650 69 47 15,
443 649 118 40 1929;
620 650 67 40 2c.
723 650 114 47 Apr.
872 651 82 46 22;
993 650 82 41 aff.
1111 651 114 47 Apr.
1261 649 82 47 20;
1382 650 42 39 A
1458 649 142 46 6690;
1641 648 44 41 S.
1723 649 54 40 A.
1815 649 142 47 King,
1999 648 60 40 San
170 706 276 40 Francisco.
513 705 280 49 (29-10411)

106 800 445 69 [Shakespeare,
584 799 274 67 William]
900 805 324 50 1564-1616.

234 876 1867 70 … Much ado about nothing. Parallel passage ed., edited
102 953 2000 70 by Alphonso Gerald Newcomer … completed by Henry David
103 1030 2000 72 Gray … Stanford University, Calif., Stanford university
102 1129 174 50 press,
311 1113 150 50 1929.

173 1190 1931 50 275 p. 25½ ᶜᵐ. (Stanford university publications. University series.
106 1250 258 47 Language
391 1249 94 39 and
512 1248 272 46 literature,
812 1249 92 39 vol.
954 1279 8 16 I,
989 1259 74 29 no.
1090 1248 50 47 2)

176 1307 124 39 Text
335 1306 52 39 of
425 1306 79 39 the
538 1306 170 39 drama
745 1306 96 38 and
877 1306 206 47 parallel
1119 1315 232 38 passages
1386 1305 129 39 from
1554 1305 376 48 Shakespeare’s
1967 1307 139 39 other

105 1364 197 38 dramas
334 1374 59 28 on
424 1362 219 49 opposite
674 1372 160 38 pages.

105 1417 51 53 ©
186 1422 114 48 Apr.
329 1421 39 47 9,
398 1420 118 40 1929;
569 1420 67 40 2c.
665 1420 115 48 Apr.
810 1420 54 39 17;
924 1419 82 41 aff.
1035 1420 114 48 Apr.
1177 1420 57 40 30;
1291 1420 43 39 A
1360 1420 142 47 6832;
1534 1421 162 40 Board
1727 1420 51 41 of
1807 1422 212 39 trustees
2051 1420 50 41 of

174 1478 83 41 the
285 1478 183 40 Leland
500 1476 235 41 Stanford
764 1476 167 48 junior
962 1476 129 40 univ.
1161 1476 280 50 (29-10398)

104 1558 286 64 Shepard,
421 1556 181 64 Odell,
638 1562 172 50 1884-
1024 1559 82 52 ed.

177 1635 457 67 Contemporary
661 1653 205 48 essays,
894 1635 189 51 edited
1111 1635 75 67 by
1214 1633 170 55 Odell
1414 1633 279 69 Shepard.
1757 1636 139 51 New
1926 1634 180 66 York,

107 1711 1263 70 Chicago [etc.] C. Scribner’s sons [ ᶜ1 929]
178 1793 1719 49 xiii. 348 p. 17 ᶜᵐ. (Half-title: The modern student’s library)
109 1849 51 52 ©
194 1853 113 48 Apr.
339 1853 42 46 4,
415 1852 118 39 1929;
592 1852 67 40 2c.
694 1852 113 48 Apr.
840 1852 84 46 26;
961 1851 82 40 aff.
1077 1851 114 48 Apr.
1224 1851 56 40 25;
1344 1852 40 38 A
1420 1852 116 39 7716;
1599 1851 202 40 Charles
1839 1850 266 42 Scribner’s

175 1920 125 30 sons.
372 1908 279 49 (29-10396)

108 1988 274 64 Sherriff,
415 1989 222 52 Robert
673 1989 224 63 Cedric,
935 1993 169 49 1896-
2093 2002 14 19 ·

178 2067 305 69 Journey’s
513 2069 125 54 end.
671 2087 29 33 a
735 2069 137 67 play
903 2069 58 51 in
993 2068 157 51 three
1182 2072 117 48 acts
1328 2068 75 68 by
1434 2067 65 51 R.
1536 2066 60 54 C.
1634 2065 258 55 Sherriff.
1969 2066 138 52 New

112 2147 176 68 York,
319 2146 354 68 Brentano’s,
706 2149 149 51 1929.

176 2227 632 49 5 p. l., 3-204 p. 19½ᶜᵐ.
109 2282 51 52 ©
202 2288 121 39 Mar.
361 2286 69 47 26,
470 2285 139 43 1929;
650 2286 67 40 2c.
757 2287 122 38 Mar.
917 2285 55 40 28;
1041 2284 81 41 aff.
1160 2284 114 48 Apr.
1313 2285 54 39 17;
1436 2285 39 38 A
1512 2282 141 47 6285;
1696 2284 54 40 R.
1792 2284 48 41 C.
1883 2283 220 47 Sherriff,
179 2342 213 41 London.
464 2341 281 49 (29-10492)

109 2421 288 65 Sherwin,
430 2421 202 55 Oscar.

182 2500 110 52 Mr.
341 2499 155 68 Gay;
545 2499 172 69 being
767 2521 31 33 a
848 2499 221 68 picture
1118 2498 64 53 of
1230 2498 93 53 the
1374 2496 104 54 life
1527 2497 113 53 and
1689 2498 165 52 times
1903 2496 65 53 of
2016 2498 94 52 the

112 2578 207 52 author
368 2577 65 52 of
481 2578 92 53 the
628 2578 276 68 Beggar’s
956 2595 189 49 opera.
1233 2577 90 68 By
1375 2575 179 56 Oscar
1605 2574 279 56 Sherwin.
1972 2575 140 53 New

113 2656 179 61 York,
320 2656 120 53 The
467 2656 156 54 John
651 2657 131 67 Day
810 2673 298 51 company,
1140 2657 151 50 1929.

183 2736 961 49 5 p. l., 3-184 p. front. (port.) 20 ᶜᵐ.
187 2794 345 47 Bibliography
551 2804 8 29 :
593 2805 42 37 p.
666 2794 219 40 181-184.

113 2847 51 52 ©
192 2851 114 48 Apr.
333 2852 67 46 18,
429 2852 140 46 1929;
599 2852 68 40 2c.
694 2853 96 39 and
819 2851 81 41 aff.
928 2851 113 48 Apr.
1069 2851 81 42 29;
1180 2851 41 38 A
1247 2851 141 40 7789;
1420 2849 52 40 O.
1503 2849 120 40 Slier
1630 2848 107 47 will,
1765 2848 117 39 New
1912 2848 143 40 York.

192 2908 280 48 (29-10390)

113 2988 208 64 Sletto,
354 2988 164 64 Olav,
550 2993 173 50 1886-

244 3064 1226 68 … Frukt; roman. Oslo, O. Norli, 1928.
177 3148 89 41 235
299 3160 42 37 p.
404 3149 118 41 20ᶜᵐ.

182 3206 242 42 Preceded
454 3206 60 40 by
545 3204 198 42 “Valet”
774 3206 95 39 and
902 3203 264 42 “Primas”.

115 3257 1802 109 © Oct. 13, 1928; 1c. Feb. 15, 1929; A—Foreign 1798; Olaf Norli. (29-10554)
117 3398 274 64 Stanton,
421 3399 181 53 Hazel
628 3399 262 63 Martha,
921 3404 171 49 1890-

117 3471 1975 137 … Prognosis of musical achievement; a study of the predictive value
477 3554 64 53 of
580 3561 138 47 tests
759 3556 60 51 in
859 3556 95 51 the
996 3553 266 55 selection
1304 3551 66 53 of
1410 3552 200 67 degree
1654 3551 112 51 and
1810 3549 305 53 certificate

115 3633 259 53 students
407 3632 93 53 for
530 3634 93 52 the
657 3632 279 54 Eastman
968 3632 191 53 school
1191 3630 64 53 of
1284 3630 196 65 music,
1511 3629 75 69 by
1618 3628 184 52 Hazel
1832 3627 80 53 M.
118 3626 1974 150 Stanton,
348 3754 8 8 PH.
427 3755 8 8 D.

503 3711 326 67 Rochester,
859 3711 69 52 N.
961 3710 91 67 Y.,
1084 3712 151 50 1929.

185 3788 1930 53 89 p. incl. diagrs., forms. 24½ ᶜᵐ. (Studies in psychology, Eastman
117 3850 163 39 school
307 3850 53 41 of
385 3850 167 41 music,
582 3850 81 40 the
692 3850 285 47 University
1007 3849 50 40 of
1085 3848 279 42 Rochester,
1393 3848 93 39 vol.
1538 3878 8 15 I,
1576 3856 74 30 no.
1678 3847 52 45 4)

120 3902 51 51 ©
202 3906 114 47 Apr.
346 3908 69 40 23,
447 3907 112 38 1929;
620 3908 67 38 2c.
719 3909 94 36 and
847 3907 82 40 aff.
958 3907 115 46 Apr.
1104 3905 82 45 26;
1220 3904 39 38 A
1291 3904 140 46 7750;
1466 3904 60 38 H.
1560 3904 62 38 M.
1657 3903 220 46 Stanton,
187 3903 1910 107 Rochester,
307 3962 56 40 N.
396 3963 53 40 Y.
520 3962 281 50 (29-10446)
