2533 4342
1331 3972 135 54 1826

465 413 56 38 15
586 444 8 8 v.
655 413 175 39 fronts.
860 412 49 47 (1
940 413 114 47 col.)
1096 413 127 40 illus.
1252 412 134 47 (incl.
1418 413 162 47 maps)
1619 414 158 46 plates
1805 413 136 48 (part
1972 414 101 46 col.,
2104 414 111 46 part
2246 412 144 48 fold.)

395 468 549 48 ports., diagrs. 25 ᶜᵐ .
466 525 160 47 Paged
654 524 357 48 continuously.

403 578 51 51 ©
483 582 101 40 Oct.
611 583 68 46 21,
707 581 141 47 1929;
877 582 67 39 2c.
971 581 120 40 each
1116 582 119 39 Nov.
1263 582 81 45 14;
1374 581 71 40 aff
1484 582 118 40 Nov.
1629 582 54 45 9;
1713 583 42 37 A
1780 581 144 40 15787;
1983 581 189 40 Grolier
2202 581 196 45 society.

472 634 68 53 [©
570 639 195 46 general
796 637 214 41 revision
1039 639 96 38 and
1164 647 107 30 new
1299 639 194 47 matter]
1565 637 282 49 (29-24601)

391 732 296 64 Bragdon,
717 731 186 53 Helen
933 731 237 55 Dalton.

467 807 349 69 Counseling
859 808 97 53 the
997 808 210 69 college
1251 810 259 65 student;
1557 828 33 34 a
1633 809 172 69 study
1849 808 141 53 with
2033 808 211 68 special
395 807 1985 132 reference

613 892 58 46 to
696 886 95 53 the
816 885 203 54 liberal
1046 892 118 48 arts
1190 887 211 69 college
1428 886 95 53 for
1548 905 235 49 women,
1807 887 75 68 by
1906 887 188 51 Helen
2119 886 72 52 D.
395 887 1986 130 Bragdon

602 963 1491 71 … Cambridge, Harvard university press, 1929.
465 1047 1788 50 xi, 162 p. incl. forms. 22½ ᶜᵐ . (Half-title: Harvard studies in
394 1048 1992 104 education … v. 13)
467 1161 246 41 “Selected
747 1161 367 49 bibliography”
1133 1173 9 28 :
1176 1173 43 37 p.
1252 1162 250 49 [151]-162.

404 1213 52 52 ©
490 1219 118 40 Nov.
643 1219 38 46 1,
716 1218 141 46 1929;
892 1219 68 40 2c.
995 1220 95 39 and
1124 1218 82 41 aff.
1240 1220 118 39 Nov.
1392 1218 53 47 9;
1480 1219 42 39 A
1555 1219 146 40 15678;
1764 1219 256 40 President
2055 1219 36 40 &
2123 1219 193 40 fellows
2351 1219 51 40 of

472 1275 230 40 Harvard
731 1276 192 46 college,
955 1274 303 49 Cambridge.
1326 1275 282 48 (29-24622)

394 1368 263 64 Bricout,
690 1369 221 55 Pierre.

529 1447 1872 70 … Ondes et é lectrons, par Pierre Bricout … 57 figures.
397 1526 185 67 Paris,
611 1526 69 53 A.
712 1526 185 56 Colin,
928 1530 150 50 1929.

469 1606 1886 49 2 p. h. 215 p. illus., diagrs. 17ᶜᵐ. (Collection Armand Colin …
394 1665 55 37 n°
480 1662 112 48 113)

468 1719 450 48 “Bibliographie”:
951 1731 44 38 p.
1031 1719 249 50 [209]-210.

404 1773 52 52 ©
486 1778 129 40 .June
643 1779 39 42 1,
713 1777 141 41 1929;
887 1778 67 39 1c.
987 1777 116 46 July
1132 1777 59 39 19;
1247 1776 311 46 A—Foreign
1589 1777 116 37 4009;
1766 1778 116 38 Max
1913 1778 194 39 Leclerc
2138 1782 35 40 &
2204 1777 84 39 cie.

480 1834 281 46 (29-25458)

397 1913 287 65 Broemel,
715 1915 188 63 Percy
932 1914 292 64 Rudolph.

472 1992 169 53 Paris
669 1992 114 53 and
811 1992 243 53 London
1083 1992 59 52 in
1175 1995 134 50 1815
1352 1991 167 65 (with
1551 1992 326 53 excursions
1906 1993 124 52 into
2061 1992 163 53 other
402 1992 1973 130 periods

548 2069 111 53 and
705 2068 232 69 places,)
995 2087 261 35 romance
1300 2070 110 52 and
1458 2070 224 68 reality.
1765 2071 90 67 By
1900 2070 183 68 Percy
2128 2068 274 70 Rudolph

403 2145 2002 71 Broemel … with ten full-page photographic reproductions
401 2223 1978 147 from old prints and manuscripts … London, Murray & company; [etc., etc., 1929]
474 2384 1481 49 5 p. l., [9]-203 p. front… plates, port., facsims. 22 ᶜᵐ .
471 2440 229 40 Author’s
730 2440 274 48 autograph
1037 2451 58 30 on
1130 2442 97 46 t.-p.

406 2492 52 53 ©
488 2498 66 38 1c.
584 2497 118 40 Nov.
730 2496 28 39 4,
801 2496 115 41 1929;
973 2497 41 40 A
1043 2498 59 39 ad
1133 2497 87 39 int.
1251 2496 143 41 13165;
1455 2497 142 49 pubd.
1629 2496 103 42 Oct.
1763 2496 24 40 5;
1848 2497 51 40 P.
1930 2497 55 40 R.
2017 2496 235 40 Broemel.
473 2554 106 39 London.
649 2552 283 50 (29-25948)

394 2632 319 65 Buranelli,
743 2634 274 64 Prosper,
1046 2637 83 53 ed.

467 2709 122 53 The
626 2727 150 36 cross
817 2711 157 53 word
1014 2713 198 66 puzzle
1251 2712 162 53 book.
1491 2712 354 53 Fourteenth
1884 2711 185 54 series.
2147 2711 55 52 A

397 2711 1982 128 fourteenth
623 2788 314 69 anthology
970 2788 65 53 of
1067 2788 272 70 fifty-five
1371 2808 123 34 new
1528 2808 151 35 cross
1713 2790 157 52 word
1904 2789 226 68 puzzles
2163 2788 240 53 selected

398 2883 59 35 as
505 2864 95 53 the
649 2865 120 53 best
816 2864 65 54 of
927 2866 97 53 the
1070 2867 314 53 thousands
1433 2867 310 53 submitted
1794 2872 60 48 to
1903 2867 95 53 the
2049 2867 139 52 New
2240 2865 164 53 York

400 2942 199 66 world,
652 2942 304 68 published
1011 2944 132 53 here
1197 2945 345 69 exclusively
1597 2944 96 53 for
1746 2944 95 53 the
1895 2944 126 53 first
2072 2944 156 66 time,
2283 2943 114 53 and

397 3016 190 55 edited
636 3019 76 69 by
762 3020 250 69 Prosper
1064 3022 317 53 Buranelli.
1432 3023 64 51 F.
1550 3022 263 69 Gregory
1861 3021 333 54 Hartswick
2269 3021 114 52 [and]

396 3095 295 70 Margaret
720 3099 432 70 Petherbridge.
1217 3101 139 53 New
1384 3101 179 52 York.
1593 3100 198 55 Simon
1820 3101 113 52 and
1963 3099 287 56 Schuster,
2276 3100 128 66 inc.,

398 3176 149 51 1929.

468 3255 578 51 136 p. diagrs. 20 ᶜᵐ .
470 3313 313 48 Advertising
807 3318 181 38 matter
1008 3327 9 29 :
1046 3328 43 36 p.
1118 3317 218 43 133-136.

402 3364 52 52 ©
482 3370 118 40 Nov.
629 3372 55 38 14,
785 3372 55 40 1929;
898 3374 67 40 2c.
996 3375 92 39 and
1121 3374 81 41 aff.
1232 3376 118 39 Nov.
1381 3375 55 39 18;
1494 3377 40 38 A
1563 3376 145 40 14874;
1769 3375 163 40 Simon
1964 3376 36 40 &
2032 3375 243 39 Schuster,
2308 3373 93 38 inc.

481 3425 281 50 (29-24619)

397 3500 217 78 Capek,
644 3515 198 65 Karel,
873 3523 173 50 1890-

464 3598 1938 79 Money and other stories, by Karel Čapek … with a foreword
393 3671 76 69 by
493 3672 154 54 John
675 3673 384 72 Galsworthy.
1121 3679 259 57 London,
1404 3680 371 57 Hutchinson
1800 3683 45 49 &
1869 3698 78 34 co.
1973 3678 225 53 limited
2247 3679 135 50 [1929]

465 3753 470 51 191, [1] p. 19½ ᶜᵐ .
468 3811 1938 57 “Translated from the Czech by Francis P . Marchant, Dora Round,
395 3865 50 40 F.
476 3867 49 39 P.
556 3867 154 47 Casey
740 3871 92 43 and
866 3870 52 42 O.
948 3873 256 41 Vočadlo.”
