2512 4377
1306 4051 102 49 320

435 466 288 41 Loose-leaf.

436 523 279 40 Half-title:
753 522 187 42 Oxford
974 522 205 41 medical
1215 522 338 49 publications.

437 580 350 48 Bibliography
816 583 52 37 at
895 581 92 39 end
1016 580 52 39 of
1095 581 118 40 each
1244 580 216 49 chapter.

370 634 51 52 ©
451 640 123 39 Mar.
603 639 39 46 9,
672 638 140 46 1929;
843 638 68 40 2c.
941 641 96 39 and
1066 638 82 41 aff.
1179 639 122 39 Mar.
1330 638 83 47 13;
1444 638 41 39 A
1514 638 141 47 5794;
1689 638 188 41 Oxford
1909 640 128 40 univ.
2069 649 149 38 press,
2248 640 117 41 New

437 695 144 47 York,
612 695 90 40 inc.
770 694 252 49 (29-6849)

369 776 252 64 Millard,
650 776 255 54 William
936 777 264 63 Barrett,
1236 777 170 53 1867-
1618 779 84 52 ed.

433 854 122 53 The
585 855 468 68 supplementary
1086 855 194 67 Bible;
1317 873 72 34 an
1423 855 314 69 anthology
1768 854 66 54 of
1864 856 95 52 the
1992 860 249 64 greatest
364 855 1978 130 literature

620 932 64 53 of
717 933 95 52 the
847 933 294 54 Christian
1179 952 94 34 era
1309 933 293 70 reflecting
1637 934 93 52 the
1766 934 173 68 spirit
1972 932 64 54 of
2070 934 94 53 the
2199 934 165 54 Bible

362 1012 112 52 and
509 1011 282 69 restating
823 1011 74 53 its
931 1012 291 52 immortal
1256 1011 206 54 truths.
1532 1012 214 53 Edited
1781 1011 75 70 by
1891 1012 296 53 Reverend
362 1011 1978 131 William

362 1089 1978 132 Barrett Millard … with cooperation of a board of associate
535 1168 1761 70 editors. Chicago, Buxton-Westerman company [ ᶜ1 928]
429 1250 87 41 610
542 1262 43 37 p.
614 1251 110 41 incl.
753 1252 87 40 col.
869 1251 135 40 front.
1075 1252 87 41 col.
1191 1253 172 46 plates.
1420 1252 147 41 24½ᶜᵐ.

366 1303 51 52 ©
449 1309 114 47 May
591 1309 40 46 4,
662 1308 141 47 1928;
835 1309 68 39 2c.
935 1309 110 41 Feb.
1074 1309 40 48 2,
1146 1308 140 47 1929;
1320 1308 82 41 aff.
1434 1309 111 40 Feb.
1575 1309 83 46 14;
1691 1309 41 39 A
1761 1308 142 48 5865;
434 1310 1910 95 Buxton-Westerman

573 1376 67 29 co.
705 1364 251 49 (29-6890)

371 1445 373 68 [Minnesota.
808 1446 369 64 University.
1245 1448 338 53 Committee
1610 1468 72 33 on
1706 1449 360 53 educational
2091 1449 274 54 research.

428 1526 445 53 Subcommittee
903 1547 72 33 on
1004 1527 506 53 extra-curricular
1538 1528 283 53 activities]

432 1603 528 55 Extra-curricular
998 1605 282 54 activities
1320 1612 57 46 at
1415 1605 95 53 the
1549 1604 337 70 University
1924 1606 64 53 of
2024 1605 342 67 Minnesota,

360 1682 1944 72 by F. Stuart Chapin … assisted by O. Myking Mehus …
360 1761 403 69 Minneapolis,
799 1763 120 53 The
958 1761 338 71 University
1333 1763 64 53 of
1431 1762 325 54 Minnesota
1794 1782 156 49 press
1995 1796 11 32 [
2067 1766 101 49 ᶜ1929
2174 1796 12 34 ]

431 1843 63 48 ix,
523 1842 86 41 140
635 1855 43 37 p.
707 1843 110 41 incl.
846 1845 170 46 tables,
1046 1844 168 40 forms.
1274 1844 55 40 23½
1363 1845 44 22 cm
1413 1877 8 7 .
1492 1844 253 47 (Lettered
1775 1855 62 29 on
1866 1854 163 31 cover:
2061 1843 304 50 [Minnesota.

360 1900 298 49 University]
722 1900 191 47 College
946 1901 241 49 problems
1218 1900 177 48 series)

433 1958 145 39 “This
617 1958 204 40 bulletin
864 1958 41 40 is
943 1959 49 41 in
1031 1969 28 29 a
1098 1969 116 37 very
1254 1959 102 39 real
1395 1969 138 30 sense
1573 1970 25 28 a
1640 1958 275 41 committee
359 1958 1989 105 report.”—Foreword,
538 2015 196 48 signed:
769 2016 51 40 F.
856 2016 172 40 Stuart
1060 2015 203 49 Chapin,
1297 2015 267 48 chairman,
1601 2016 375 41 Subcommittee
2007 2026 61 30 on
359 2019 1989 94 extra-curricular
570 2073 261 41 activities.

429 2131 377 47 Bibliography:
837 2141 44 37 p.
929 2129 235 50 [119]-126.

364 2184 51 52 ©
443 2189 122 39 Mar.
591 2189 39 46 7,
657 2188 118 40 1929;
826 2189 67 40 2c.
920 2189 123 39 Mar.
1070 2187 82 46 16;
1182 2187 82 41 aff.
1291 2189 122 38 Mar.
1440 2188 82 46 14;
1551 2187 41 39 A
1617 2187 143 47 4955;
1791 2188 284 48 University
2102 2188 51 40 of
428 2189 1916 98 Minnesota.
583 2245 338 48 Minneapolis.
992 2244 252 49 (29-7189)

364 2337 315 62 Monheim,
712 2339 210 64 Maria,
958 2344 171 50 1885-

426 2419 532 68 Rationalisierung
993 2420 100 52 der
1129 2420 297 52 menschenv
1471 2420 343 68 ermehrung
1830 2438 11 48 ;
1883 2418 122 54 eine
2040 2419 187 54 Studie
2263 2438 100 34 zur

361 2495 1940 71 praktischen bevölkerungspolitik, von Maria Monheim …
354 2575 165 60 Jena,
549 2575 67 54 G.
649 2576 251 59 Fischer,
936 2579 148 50 1928.

425 2657 645 49 vi p., 1 l., 142 p. 24 ½ᶜᵐ .
427 2713 337 42 “Literatur”:
795 2725 43 37 p.
871 2713 249 50 [134]-142,

359 2768 1831 52 © Apr. 12, 1928; 1c. July 18; A —Foreign 39740; Gustav Fischer.
436 2827 252 49 (29-7378)

361 2910 435 63 Montgomery,
825 2911 136 52 Mrs.
992 2911 184 51 Helen
1215 2910 307 63 (Barrett)
1560 2914 170 48 1861-

353 2988 1982 147 From Jerusalem to Jerusalem … by Helen Barrett Montgomery.
679 3068 186 53 North
900 3068 362 66 Cambridge.
1294 3068 191 54 Mass,.
1516 3068 120 52 The
1669 3066 229 55 Central
1935 3064 319 55 committee
2288 3086 72 34 on

353 3147 94 52 the
473 3147 196 53 united
698 3147 171 66 study
897 3147 63 52 of
988 3146 225 66 foreign
1242 3145 262 53 missions
1539 3180 12 32 [
1612 3147 101 49 ᶜ1929]

423 3226 969 49 240 p. front., plates, ports. 19½ ᶜᵐ .
423 3286 102 39 The
565 3286 147 45 study
750 3286 124 39 book
911 3284 80 41 for
1030 3284 228 41 women’s
1297 3284 191 46 foreign
1529 3282 293 48 missionary
1863 3281 237 45 societies,
2141 3281 49 40 in
2230 3281 128 40 1928.

380 3343 33 46 cf.
443 3342 275 41 Foreword.

425 3400 165 39 “Book
617 3399 141 41 list”:
789 3410 42 37 p.
861 3399 217 41 231-232.

356 3453 51 52 ©
436 3458 122 40 Mar.
585 3458 38 42 1,
650 3457 120 40 1929;
821 3457 68 40 2c.
917 3458 94 39 and
1040 3456 82 41 aff.
1150 3457 122 39 Mar.
1300 3457 56 38 14;
1412 3456 41 39 A
1478 3453 142 44 4868;
1653 3454 195 41 Central
1879 3453 275 42 committee
2182 3465 59 28 on
2271 3454 81 40 the

426 3514 169 39 united
623 3514 146 47 study
796 3514 52 39 of
872 3514 192 46 foreign
1091 3512 242 41 missions.
1400 3511 251 49 (29-6875)

355 3581 434 62 Montgomery,
818 3581 223 52 Robert
1070 3581 260 61 Hiester,
1362 3580 170 53 1872-

422 3658 244 52 Federal
690 3663 99 47 tax
815 3658 277 67 practice;
1121 3657 248 68 practice
1394 3656 199 55 before
1617 3657 95 52 the
1738 3656 305 67 Treasury,
2070 3655 194 53 Board
2290 3653 65 54 of

352 3734 1939 69 tax appeals, and federal courts, by Robert H. Montgomery …
353 3810 1994 71 assisted by J. Marvin Haynes … Roswell F. Magill … [and]
353 3890 2000 69 James O. Wynn … New York. The Ronald press company
353 3971 192 64 [ ᶜ1 929]
