2542 4389
1138 4023 136 54 1467

187 371 313 65 Douglass,
528 368 225 55 Harlan
782 367 164 63 Paul,
978 368 170 52 1871-

259 450 228 55 Church
521 449 238 66 comity;
797 465 32 34 a
862 446 171 68 study
1065 442 65 56 of
1161 440 360 70 cooperative
1554 438 210 54 church
1800 433 293 56 extension
2128 435 57 50 in

186 513 2002 82 American cities, by H. Paul Douglass … Garden City, N. Y.,
187 606 358 68 Doubleday,
573 605 199 51 Doran
805 603 45 50 &
881 616 299 51 company,
1211 599 126 66 inc.,
1370 599 151 52 1929.

256 679 905 56 vii p., 4 l., 181 p. diagrs. 22½ᶜᵐ.
257 728 1930 57 “The Institute of social and religious research … is responsible for
186 801 98 39 this
314 796 344 51 publication.”

190 840 1999 64 © Sept. 13, 1929; 2c. and aff. Sept. 21; A 12482; Doubleday, Doran &
257 922 81 37 co.,
371 911 91 40 inc.
532 906 280 52 (29-19710)

186 991 216 63 Drake,
433 990 334 54 Lawrence.

313 1057 1869 75 … Don’t call me clever, a novel. New York, Simon and
182 1145 288 68 Schuster,
502 1147 150 49 1929.

254 1223 532 53 5 p. l., 3-351 p. 19½ ᶜᵐ.
254 1284 63 40 At
344 1283 125 40 head
498 1283 51 39 of
575 1282 110 40 title:
742 1281 73 47 By
843 1281 260 39 Lawrence
1133 1278 178 40 Drake.

192 1337 51 52 ©
271 1341 129 48 Sept.
425 1340 68 48 19,
518 1340 140 46 1929;
685 1339 68 40 2c.
781 1337 129 49 Sept.
935 1337 84 46 23;
1045 1336 85 42 aff.
1157 1336 130 47 Sept.
1312 1336 55 38 27:
1424 1335 38 39 A
1488 1334 169 41 12024;
1688 1333 165 42 Simon
1879 1333 36 40 &
1943 1331 246 41 Schuster,

259 1398 92 40 inc.
418 1395 281 50 (29-19777)

190 1476 323 64 Edgerton,
545 1475 252 52 Edward
829 1475 115 62 Ira,
977 1474 170 54 1877-

259 1548 1935 77 Elementary algebra, by Edward I. Edgerton … and Perry
188 1626 2002 153 A. Carpenter … Boston, New York [etc.] Allyn and Bacon [ᶜ1929]
255 1792 85 48 xli,
366 1790 101 48 498,
495 1792 27 38 4
550 1801 43 38 p.
654 1789 143 48 illus.,
828 1789 180 47 diagrs.
1069 1787 56 42 19½ᶜᵐ.

194 1846 51 52 ©
277 1851 127 46 Sept.
431 1850 41 46 4,
500 1848 140 46 1929;
669 1847 68 40 2c.
768 1846 128 49 Sept.
924 1846 56 39 20;
1038 1844 82 43 aff.
1150 1845 130 47 Sept.
1310 1844 81 40 18:
1423 1844 39 40 A
1492 1844 143 39 12463:
1693 1843 145 49 Allyn
1869 1845 35 39 &
1931 1844 179 40 Bacon.

272 1904 280 50 (29-19427)

187 1985 281 62 Graham,
502 1984 244 64 Evelyn.

263 2064 121 52 The
425 2061 225 54 famous
688 2061 165 54 trials
894 2060 64 52 of
996 2060 155 53 Lord
1192 2059 265 69 Darling.
1533 2060 187 54 When
1763 2059 253 70 Chicago
2056 2060 142 70 May

192 2148 114 46 met
334 2141 102 51 her
466 2141 205 52 match.
739 2139 294 68 Prepared
1062 2137 75 69 by
1170 2138 221 67 Evelyn
1426 2137 273 68 Graham,
1732 2138 181 53 under
1942 2139 95 51 the

192 2156 1979 115 personal
386 2217 357 70 supervision
777 2215 66 55 of
876 2216 158 53 Lord
1068 2215 268 70 Darling.

294 2302 60 37 (In
386 2296 200 44 London
621 2295 202 51 Sunday
857 2294 234 52 express)

197 2346 1982 108 © 1c. Oct. 24, 1929; A ad int. 13130; pubd. Aug. 25; E. Graham. London.
196 2477 286 64 Gregory,
512 2476 254 54 William
795 2475 322 64 Mumford,
1152 2480 170 50 1876-

266 2550 1873 81 History and geography of Ohio, by William M. Gregory …
197 2628 2002 78 and William B. Guitteau … Rev. ed. … Boston, New York
341 2709 876 73 [etc.] Ginn and company [ ᶜ19 29 ]
266 2788 1697 57 vi, 280 p. incl. front., illus., diagrs. maps (part double) 21½ ᶜᵐ.
267 2850 133 41 With
441 2849 99 41 this
579 2850 41 40 is
661 2849 159 41 bound:
893 2848 137 41 Ohio.
1100 2847 349 44 Constitution.
1519 2850 101 40 The
1660 2850 320 41 constitution
2024 2851 50 40 of
2116 2851 79 41 the

198 2900 1813 61 state of Ohio, with questions by E. A. Hotchkiss. Boston [ ᶜ19 24]
270 2963 147 39 “Aids
443 2964 49 39 to
518 2962 83 40 the
624 2963 148 46 study
798 2961 53 40 of
876 2961 83 40 the
984 2961 350 48 problems"·at
1363 2963 91 39 end
1483 2963 52 39 of
1563 2966 122 36 most
1714 2961 54 42 of
1796 2963 82 40 the
1902 2962 244 49 chapters.

203 3013 52 53 ©
287 3019 128 47 Sept.
444 3018 40 41 5.
513 3017 141 46 1929;
684 3018 68 40 2c.
785 3016 128 50 Sept.
943 3017 82 42 19;
1057 3016 83 43 aff.
1171 3018 128 47 Sept.
1329 3018 82 47 16;
1444 3019 38 38 A
1514 3018 168 42 13460;
1716 3018 126 41 Ginn
1873 3024 37 39 &
1938 3031 69 29 co.

279 3073 280 49 (29-19705)

201 3139 136 64 Hill,
365 3141 138 54 Mrs.
536 3138 268 56 Caroline
841 3139 231 65 (Miles)
1108 3159 178 51 comp.

272 3219 321 53 Twentieth
629 3224 237 64 century
901 3219 123 52 love
1062 3236 210 50 poems,
1306 3220 281 68 compiled
1624 3221 72 69 by
1732 3220 268 58 Caroline
2036 3223 168 54 Miles

202 3296 146 52 Hill.
423 3296 152 54 Love
615 3295 220 69 aflame,
872 3295 125 53 love
1038 3296 260 70 reveries,
1333 3298 126 53 love
1500 3297 326 60 victorious,
1866 3302 124 52 love
203 3301 1973 139 rebellious,

393 3374 160 55 ashes
579 3373 64 55 of
669 3375 141 69 love,
837 3375 205 67 mystic
1068 3373 140 54 love.
1287 3373 270 72 Chicago,
1587 3376 136 52 New
1754 3377 179 59 York.
1960 3379 244 58 Willett.

205 3453 178 55 Clark
408 3454 51 50 &
490 3451 200 70 Colby,
719 3454 150 52 1929.

271 3531 607 51 viii p., 1 l., 218 p. 21 ᶜᵐ.
207 3579 1994 68 © Sept. 10. 1929; 1c. Sept. 13; 1c. Sept. 23; aff. Sept. 16; A 13605;
275 3644 203 48 Willett,
509 3644 149 41 Clark
685 3644 37 41 &
751 3643 163 50 Colby.
984 3643 282 52 (29-19722)

207 3708 269 66 Holland,
506 3709 308 63 Raymond
841 3710 251 62 Prunty,
1124 3716 171 49 1884-

275 3782 1929 90 My gun dogs, by Ray P. Holland … with illustrations by
206 3867 71 52 A.
310 3868 62 50 L.
403 3867 227 69 Ripley.
706 3867 217 53 Boston
954 3869 112 51 and
1096 3870 139 53 New
1267 3868 180 69 York,
1477 3870 318 70 Houghton
1824 3873 206 54 Mifflin
209 3892 1974 122 company,
413 3947 149 53 1929.
