2542 4389
1049 4053 136 54 1375

164 461 1176 51 xii, 288 p. front., plates, map, cliagr. 19 ᶜᵐ.
153 521 118 42 “Die
293 521 308 47 vorliegende
624 519 231 42 deutsche
881 519 212 48 ausgabe
1118 519 67 40 ist
1208 518 135 40 nicht
1367 517 228 48 lediglich
1621 517 105 40 eine
1786 517 301 46 übersetzung,

96 580 208 38 sondern
328 577 106 41 eine
457 577 319 47 bearbeitung
798 577 84 39 des
906 575 424 41 amerikanischen
1354 574 179 40 bûches
1563 574 100 49 [das
1689 573 114 39 1922
1822 576 143 36 unter
1983 574 108 38 dem

99 635 106 41 titel
235 635 114 39 ‘The
375 635 284 39 northward
688 644 170 30 course
883 633 54 40 of
964 633 195 47 empire’
1190 631 266 49 erschien]”
1459 654 60 5 —
1520 631 238 40 Vorwort.

169 691 128 40 “Aus
328 693 107 38 dem
467 690 276 48 englischen
773 701 94 29 von
897 690 105 39 Ada
1034 688 219 42 Ditzen.”

168 746 542 41 “Literaturhinweise”
729 757 9 29 :
777 757 44 38 p.
856 746 219 41 273-277.

101 800 1990 52 © Nov. 20, 1928; 1c. June 1, 1929; A —Foreign 3371; F. A. Brockhaus.
179 860 279 49 (29-18216)

98 955 162 64 Taft,
289 956 208 62 Henry
525 955 255 63 Waters,
814 959 171 49 1859-

162 1032 265 53 Kindred
461 1037 144 50 arts;
644 1031 395 53 conversation
1075 1033 114 51 and
1224 1031 193 69 public
1452 1031 295 68 speaking,
1781 1031 76 69 by
1890 1031 205 69 Henry

92 1110 87 53 W.
208 1111 49 51 Taff.
430 1110 139 52 New
596 1108 181 57 York,
805 1110 122 52 The
954 1110 336 52 Macmillan
1319 1127 299 51 company,
1648 1111 151 50 1929.

229 1190 667 50 xv p., 2 l., 3-202 p. 20½ᶜᵐ.
168 1247 1929 49 “The early chapters of this book, with a foreword by … Dr. John
97 1306 59 40 H.
186 1305 184 47 Finley,
400 1307 95 38 and
525 1315 27 30 a
579 1304 199 49 preface
806 1305 62 47 by
897 1304 192 49 myself,
1121 1306 124 39 have
1275 1305 202 47 already
1507 1305 119 40 been
1655 1303 256 50 published
1944 1304 155 40 under

97 1363 82 40 the
213 1362 109 40 title
356 1362 88 40 ‘An
477 1372 140 38 essay
653 1373 60 29 on
747 1360 694 42 conversation’.”—Author’s
1477 1361 123 49 pref.

102 1416 51 52 ©
184 1421 120 48 Aug.
332 1421 70 47 27,
433 1420 140 46 1929;
604 1421 70 40 2c.
705 1421 95 38 and
832 1419 83 40 aff.
946 1420 120 47 Aug.
1098 1419 82 47 28;
1213 1419 41 39 A
1284 1419 171 46 13094;
1490 1419 280 40 Macmillan
1802 1430 69 27 co.
179 1476 280 49 (29-18348)

102 1572 373 53 Theobaldus
504 1575 63 67 of
591 1574 246 54 Provins
843 1615 11 19 ,
880 1573 186 54 Saint,
1094 1575 52 52 d.
1179 1576 149 50 1066.
1404 1572 257 64 Legend.

174 1652 85 53 La
293 1651 90 53 vie
418 1653 68 52 de
520 1652 150 54 saint
705 1652 253 52 Thibaut;
1028 1669 72 36 an
1137 1652 93 53 old
1269 1653 225 51 French
1532 1669 163 50 poem
1729 1651 66 54 of
1827 1652 97 52 the
102 1651 1978 132 thirteenth

333 1728 1769 70 century, edited by Helen Eastman Manning … New
102 1808 180 67 York,
313 1808 273 54 Institute
616 1808 64 53 of
710 1807 225 54 French
965 1808 232 67 studies,
1231 1811 150 49 1929.

169 1888 489 49 ix, 134 p., 1 l. 20 ᶜᵐ.
170 1945 173 41 Thesis
380 1945 108 48 (PH.
546 1945 357 48 D.)—Columbia
933 1946 286 48 university,
1248 1945 129 43 1929.

170 2002 129 41 Vita.

173 2059 95 40 “La
300 2059 77 41 vie
405 2061 57 38 de
493 2059 130 41 saint
650 2059 216 41 Thibaut
896 2059 324 41 Confesseur”
1250 2060 163 40 edited
1440 2060 79 40 for
1548 2062 82 39 the
1657 2061 109 41 first
1797 2061 116 41 time
1951 2062 150 46 (from

103 2117 81 39 the
212 2117 111 46 only
352 2116 302 48 manuscript
680 2117 191 44 known,
901 2117 125 40 Bibl.
1056 2119 101 38 nat.
1185 2117 64 40 fr.
1278 2117 169 43 24870)
1517 2119 48 39 It
1593 2118 42 40 is
1664 2129 25 29 a
1721 2119 303 47 paraphrase
2053 2119 53 39 of

103 2173 145 40 Latin
284 2184 195 30 sources
514 2174 61 46 by
611 2173 277 41 Guillaume
924 2173 163 47 d’Oyé,
1123 2173 135 42 vicar
1296 2175 51 38 of
1382 2175 83 39 the
1500 2175 192 40 Church
1728 2174 53 41 of
1815 2177 82 39 the
1933 2176 171 48 Virgin

103 2231 141 47 Mary
282 2234 51 37 at
372 2230 273 41 Tremblins
694 2230 309 48 (Trambly?)
1051 2231 200 41 France.
1313 2232 40 40 A
1390 2233 193 39 shorter
1619 2243 136 37 poem
1796 2233 91 39 “La
1931 2233 76 41 vie
2047 2235 58 39 de

103 2287 131 41 saint
275 2288 258 42 Thibaut”,
573 2288 314 40 transmitted
930 2289 49 39 in
1021 2289 84 39 the
1146 2299 132 29 same
1320 2289 315 48 manuscript,
1679 2290 42 38 is
1763 2291 252 47 appended
2056 2293 48 38 to

104 2344 97 40 this
230 2345 184 40 edition
452 2345 66 47 (p.
550 2345 228 40 123-134)
848 2346 60 47 of.
941 2346 185 40 Introd.

172 2402 350 48 Bibliography;
581 2414 43 36 p.
654 2402 216 40 120-122.

107 2454 51 53 ©
190 2461 115 46 May
335 2460 69 45 21,
436 2459 113 41 1929;
609 2460 67 41 2c.
709 2461 120 41 Aug.
862 2461 57 39 24;
981 2460 82 40 aff.
1097 2461 120 42 Aug.
1248 2461 55 38 21;
1366 2461 40 39 A
1438 2461 144 41 11824;
1645 2462 53 40 G.
1731 2463 52 40 L.
1815 2463 105 39 Van
174 2462 1910 98 Roosbroeck.
393 2517 119 40 New
538 2518 145 40 York.
750 2517 283 50 (29-18473)

107 2611 276 64 Thomas,
413 2611 220 65 André,
668 2614 171 53 1867-

106 2691 1977 145 … Les phénomènes de répercussivité. Système sympathique—système
568 2769 573 62 cérébrospinal—les
1185 2790 250 49 spasmes
107 2771 1976 130 vasculaires—épilepsie—asthme.
568 2847 186 56 Paris.

782 2849 605 61 Masson et c ⁱᵉ , 1929.
173 2927 514 50 vi, 7-243, [2] p. 23 ᶜᵐ.
176 2984 449 48 “Bibliographie”:
657 2997 43 37 p.
732 2985 217 41 237-243.

111 3038 1716 109 © Jan. 19, 1929; 1c. June 7; A— Foreign 3471; Masson & cie. (29-18395)
111 3193 252 63 Yerona,
394 3193 188 54 Guido
609 3194 92 62 da,
733 3200 172 48 1881-

239 3271 1871 66 … Un’avventura d’amore a Téhéran, romanzo. Firenze,
107 3349 784 70 R. Bemporad e f° [ᶜ19 29]
178 3430 217 49 219 p. 19½ᶜᵐ.
183 3488 171 48 Sequel
378 3490 50 38 to
452 3488 69 43 La
545 3488 97 40 mia
670 3489 100 40 vita
801 3491 48 39 in
876 3501 64 28 un
968 3489 168 47 raggio
1162 3490 48 40 di
1238 3491 113 39 sole.

115 3539 1882 59 © Apr. 15, 1929; 1c. June 27; A—Foreign 3410; R. Bemporad e fo.
191 3601 280 45 (29-18324)

114 3696 311 64 Warwick,
462 3698 257 52 Frances
756 3697 226 57 Evelvn
1029 3699 353 62 (Maynard)
1428 3701 271 63 Greville,
1740 3710 256 47 countess
2035 3705 79 66 of,

189 3777 172 51 1861-

187 3852 1929 62 Life’s ebb & flow, by Frances, countess of Warwick … New
120 3931 178 55 York.
325 3932 88 52 W.
444 3932 250 52 Morrow
722 3934 49 50 &
798 3952 299 50 company,
1126 3937 149 51 1929.
