2512 4377
1294 3995 103 52 346

354 364 283 68 [Arnaud,
669 366 240 67 Robert]
949 367 171 54 1873-

480 442 1597 73 … L’homme qui rit jaune. Paris, A. Michel [ ᶜ 1926]
417 525 478 49 313 p., 2 l. 19 ᶜᵐ .
418 582 231 41 Author’s
678 585 178 46 pseud.,
887 584 181 41 Robert
1097 585 221 48 Randau,
1349 587 51 39 at
1430 586 125 40 head
1585 587 52 40 of
1666 586 122 41 title.

353 636 1706 54 © Feb. 25, 1926; 1c. Apr. 12; A—Foreign 30640; Albin Michel.
430 696 251 49 (29-7632)

356 791 411 69 [Asbjørnsen,
797 793 176 52 Peter
1005 793 299 68 Christen]
1340 799 326 51 1812-1885.

415 869 255 56 “Doodle
707 871 162 53 Doo”
906 874 96 51 the
1040 880 215 46 rooster
1292 875 126 52 who
1457 875 103 52 fell
1598 876 120 52 into
1757 877 95 52 the
1891 895 104 49 pea
2034 895 159 50 soup,
2231 879 117 52 also

342 949 96 53 the
467 955 157 63 story
653 950 64 53 of
746 949 155 54 “The
930 952 157 52 three
1116 951 143 70 billy
1290 959 162 61 goats
1485 952 223 54 Gruff”.
1783 954 270 66 Adapted
2086 955 94 53 for
344 955 1980 125 children

521 1028 153 52 from
712 1030 90 51 old
844 1030 347 67 Norwegian
1231 1031 156 69 fairy
1422 1032 158 52 tales.
1656 1032 264 67 Newark,
1957 1032 69 53 N.
2065 1033 75 58 J.,
2179 1033 61 55 C.
2280 1034 67 52 E.

343 1104 255 55 Graham
631 1109 45 49 &
706 1125 98 50 co.,
836 1110 150 50 1929.

418 1186 83 49 [26]
533 1198 42 37 p.
637 1186 128 42 illus.
793 1187 137 48 (part
955 1187 114 48 col.)
1138 1188 146 41 20½ᶜᵐ.

351 1239 52 52 ©
434 1246 120 38 Mar.
583 1244 28 40 9,
653 1244 140 43 1929;
823 1246 67 39 2c.
918 1247 95 38 and
1044 1246 81 40 aff.
1156 1248 121 38 Mar.
1306 1247 55 39 20;
1419 1248 39 38 A
1487 1247 116 40 5929;
1659 1248 203 40 Charles
1890 1250 52 38 E.
1973 1248 214 41 Graham
2218 1249 36 39 &
2281 1260 67 30 co.

423 1297 69 54 [©
518 1312 141 29 cover
685 1303 168 45 design
880 1304 94 38 and
1001 1303 345 49 illustrations]
1413 1304 251 48 (29-7655)

413 1398 121 53 The
567 1399 169 67 sheep
772 1400 112 52 and
919 1400 95 52 the
1048 1400 103 67 pig
1183 1400 127 52 who
1344 1406 149 47 went
1526 1401 122 52 into
1679 1402 98 51 the
1810 1402 190 53 woods
2034 1407 60 48 to
2129 1402 112 52 live
2273 1402 76 70 by

342 1477 350 53 themselves.
786 1477 272 68 Adapted
1107 1478 93 53 for
1243 1478 257 53 children
1547 1476 153 55 from
1745 1498 71 34 an
1862 1479 94 54 old
2003 1478 346 71 Norwegian

341 1555 130 52 tale.
547 1555 264 60 Newark,
845 1556 68 53 N.
948 1555 75 61 J.,
1060 1556 61 55 C.
1158 1557 67 52 E.
1263 1556 256 54 Graham
1553 1559 45 49 &
1631 1575 97 49 co.,
1785 1559 149 50 ᶜ1929.

416 1635 870 50 [26] p. illus. (part col.) 20½ ᶜᵐ .
351 1689 52 53 ©
433 1695 121 40 Mar.
583 1695 26 39 9,
651 1694 115 40 1929;
822 1694 66 41 2c.
918 1696 91 38 and
1040 1694 82 41 aff.
1152 1696 122 39 Mar.
1302 1694 82 43 20;
1417 1695 38 39 A
1486 1694 141 43 5928;
1658 1695 202 41 Charles
1890 1697 50 39 E.
1973 1695 213 41 Graham
2216 1696 36 41 &
2281 1707 67 30 co.

421 1748 70 54 [©
516 1763 140 29 cover
681 1753 168 45 design
876 1755 95 37 and
995 1753 344 48 illustrations]
1407 1753 252 48 (29-7654)

345 1846 503 64 Aufricht-Ruda,
884 1848 186 59 Hans,
1109 1852 171 50 1899-

413 1927 121 52 The
563 1945 122 35 case
720 1925 92 54 for
842 1928 94 51 the
969 1928 333 58 defendant,
1334 1928 75 68 by
1439 1927 165 54 Hans
1640 1927 493 65 Aufricht-Ruda,
341 1933 1984 125 translated

525 2005 76 69 by
636 2006 262 52 Bernard
930 2005 187 63 Miall,
1151 2005 140 53 with
1325 2025 73 33 an
1431 2006 311 52 afterword
1776 2006 76 66 by
1884 2005 180 54 Jacob
340 2005 1985 130 Wassermann.

607 2084 234 54 Boston,
875 2083 197 58 Little,
1107 2084 230 71 Brown,
1372 2084 111 52 and
1518 2102 299 50 company,
1854 2086 150 50 1929.

411 2163 622 50 3 p. l., [3]-308 p. 20 ᶜᵐ .
350 2218 52 52 ©
433 2223 121 39 Mar.
583 2223 55 38 16,
681 2220 114 41 1929;
853 2222 67 40 2c.
948 2223 95 38 and
1072 2221 82 40 aff.
1186 2223 121 39 Mar.
1337 2221 81 42 19;
1450 2222 37 39 A
1517 2221 115 41 6057;
1690 2222 162 41 Little.
1882 2223 191 44 Brown,
2103 2223 95 39 and
416 2233 1914 94 company.
629 2278 252 49 (29-7072)

348 2361 213 63 Ayres,
590 2361 177 63 Ruby
794 2361 269 55 Mildred.

414 2439 228 54 Lovers.
719 2439 133 53 Jan.
879 2442 85 57 26,
991 2439 134 52 Feb.
1151 2442 50 55 2,
1229 2442 150 49 1929.

430 2520 79 47 (In
544 2517 251 44 Woman’s
829 2517 166 44 friend
1027 2517 289 53 magazine)

350 2574 1997 52 © 1c. Mar. 26. Apr. 1, 1929; A ad. int. 12522, 12523; pubd. Jan. 26, Feb.
417 2636 27 38 2;
501 2637 298 46 Doubleday,
832 2637 165 38 Doran
1029 2636 29 39 &
1091 2647 82 36 co.,
1204 2636 90 39 inc.,
1340 2635 194 40 Garden
1564 2635 123 48 City.
1725 2636 51 39 N.
1809 2636 52 38 Y.

344 2716 288 63 Babcock,
662 2718 138 52 Mrs.
833 2717 215 51 Bernie
1086 2716 275 64 (Smade)
1406 2720 169 49 1868-

409 2793 287 53 Lincoln’s
729 2794 171 68 Mary
932 2795 114 52 and
1079 2794 96 53 the
1206 2793 211 54 babies,
1446 2793 76 69 by
1556 2793 208 53 Bernie
1799 2793 279 53 Babcock.
341 2794 1981 145 Philadelphia

608 2873 46 51 &
685 2871 260 56 London,
979 2872 56 55 J.
1070 2873 67 52 B.
1173 2871 340 69 Lippincott
1548 2890 298 51 company,
1884 2873 150 52 1929.

408 2953 339 48 316 p. 20 ᶜᵐ .
412 3009 217 41 “Books”
649 3021 9 28 :
692 3021 43 38 p.
767 3010 219 41 315-316.

349 3064 52 52 ©
431 3069 109 39 Jan.
569 3068 69 42 19,
666 3068 140 42 1929;
836 3068 66 41 2c.
933 3070 96 38 and
1058 3068 81 39 aff.
1170 3070 121 37 Mar.
1319 3068 60 39 20;
1433 3068 39 39 A
1499 3068 117 39 5948;
1672 3070 53 37 B.
1755 3068 237 46 Babcock,
2023 3068 147 40 Little
2200 3069 146 46 Rock,

417 3126 115 39 Ark.
603 3125 251 45 (29-7204)

345 3205 303 65 Bacheler,
677 3206 208 62 Isabel,
913 3208 148 52 illus.

420 3285 429 64 [Illustrations,
871 3284 76 67 by
970 3284 188 52 Isabel
1184 3284 293 56 Bacheler,
1502 3284 58 52 in
1585 3283 97 52 the
1706 3282 148 53 book
1877 3284 256 66 entitled]
2163 3282 183 69 Early

344 3380 192 48 poems
564 3362 64 52 of
654 3362 156 54 John
838 3363 230 58 Milton,
1097 3363 234 51 selected
1364 3362 112 51 and
1504 3362 189 51 edited
1720 3362 76 67 by
1822 3362 197 67 Mercy
2047 3361 69 51 A.
2147 3363 200 50 Brann

404 3440 1376 78 … New York, H. Holt and company [ᶜ1929]
343 3521 1984 107 xi, 235 p. illus., 2 port. (incl. front.) 17½ ᶜᵐ . (Half-title: English readings)
349 3633 52 52 ©
426 3638 122 39 Mar.
573 3637 39 46 9,
638 3637 114 40 1929;
805 3637 67 40 2c.
899 3638 120 38 Mar.
1044 3636 55 40 16;
1153 3636 83 41 aff.
1263 3638 121 39 Mar.
1410 3636 55 39 15;
1519 3636 41 39 A
1582 3636 140 46 5869;
1751 3637 167 46 Henry
1944 3636 117 39 Holt
2085 3636 36 39 &
2145 3647 81 33 co.,
2253 3635 89 40 inc.

344 3717 210 63 Bader,
589 3718 167 51 Hans
790 3716 211 65 Georg,
1038 3717 172 55 1887-
1420 3716 86 55 ed.

411 3793 327 53 Handbuch
782 3794 98 52 für
921 3794 487 68 flugzeugführer,
1448 3799 166 47 unter
1655 3793 293 52 mitarbeit
1988 3810 109 34 von
2140 3792 204 65 Barth,

341 3869 2000 71 Blume, Boykow, Gosslau, Lempertz, Leonhardy † , v. Mitter-
