2542 4389
1115 4075 98 51 813

219 502 182 39 “Index
435 503 49 38 to
520 501 227 48 Rotary’s
783 501 196 42 Outline
1015 501 52 40 of
1102 501 401 41 classifications”
1549 501 67 49 (p.
1651 502 228 48 181-199)
1922 503 89 41 has
147 514 1983 85 special
287 561 99 46 t.-p.

153 627 52 52 ©
231 632 116 47 May
367 631 69 46 22,
459 630 115 40 1929;
624 630 67 40 2c.
716 631 97 39 and
836 630 82 40 aff.
944 632 114 46 May
1080 631 57 39 25;
1189 631 43 39 A
1255 630 115 40 9325;
1423 631 189 47 Rotary
1634 631 265 48 internati.,
1925 631 224 49 Chicago.

231 687 280 50 (29-12114)

152 782 251 64 Russell,
438 782 224 64 Elbert,
698 783 172 54 1871-

218 858 1871 69 The beatitudes; a series of studies, by Elbert Russell …
148 936 232 55 Garden
413 936 151 69 City,
593 937 71 52 N.
696 935 91 69 Y.,
817 936 358 68 Doubleday,
1205 937 199 51 Doran
1435 940 46 50 &
1511 955 298 51 company,
1839 937 127 58 inc.,
1999 940 150 50 1929.

218 1020 414 48 viii, 125 p. 19½ ᶜᵐ.
155 1087 52 52 ©
238 1093 116 46 May
380 1092 69 45 17,
478 1091 115 40 1929;
649 1091 68 40 2c.
746 1092 96 38 and
872 1090 82 40 aff.
984 1092 115 46 May
1125 1091 56 38 24;
1237 1091 42 38 A
1309 1091 113 40 8331;
1481 1092 299 47 Doubleday,
1810 1092 167 39 Doran
2008 1092 36 40 &
2070 1103 82 37 co.,

222 1148 92 41 inc.
385 1148 279 49 (29-11901)

219 1241 1934 70 The parables of Jesus, by Elbert Russell … Philadelphia,
151 1319 1498 70 Chicago [etc.] The John C. Winston co. [ ᶜ1 928 ]
219 1403 532 49 2 p. l., 7-168 p. 17 ᶜᵐ.
223 1460 215 41 “Fourth
469 1461 96 39 and
594 1459 192 41 revised
814 1458 229 42 edition.”

156 1527 52 52 ©
237 1532 116 47 July
378 1532 39 46 5,
446 1531 141 47 1928;
614 1532 68 39 2c.
711 1532 95 38 and
834 1530 82 40 aff.
947 1531 114 47 May
1089 1530 69 48 27,
1187 1530 141 47 1929;
1358 1530 40 39 A
1454 1530 85 41 8357;
1598 1531 128 40 John
1755 1531 49 41 C.
1834 1531 224 41 Winston
2086 1543 68 30 co.

234 1588 281 50 (29-11902)

153 1683 278 64 Sanford,
462 1682 317 54 Frederick
810 1683 269 54 Warren.

286 1759 1865 70 … A second-year Latin reader (a revision of A junior Latin
154 1836 2000 72 reader) by Frederick Warren Sanford … and Harry Fletcher
154 1915 1974 148 Scott … Chicago, New York [etc.] Scott, Foresman and company [ ᶜ1 929]
226 2075 1926 51 548, 123 p. col. front., illus., col. plates, 3 double maps. 19½ ᶜᵐ. (The
155 2132 130 40 Lake
314 2131 226 41 classical
567 2131 177 48 series)

228 2189 182 40 Folded
436 2198 111 38 map
572 2189 229 39 mounted
829 2199 59 29 on
916 2188 137 40 front
1080 2188 339 48 lining-paper.

229 2245 263 41 Published
533 2245 114 41 1919
687 2246 156 39 under
882 2245 110 39 title
1010 2256 9 28 :
1062 2245 40 38 A
1143 2246 173 39 second
1359 2244 145 40 Latin
1546 2245 122 41 book
1706 2245 81 40 for
1827 2246 167 47 junior
2035 2246 118 48 high

156 2303 189 41 schools;
403 2303 256 48 published
685 2303 129 47 1922,
843 2301 114 42 1923
987 2303 154 39 under
1172 2303 107 40 title
1296 2313 10 29 :
1338 2303 40 39 A
1406 2303 165 47 junior
1600 2303 143 41 Latin
1773 2304 174 39 reader

160 2370 52 52 ©
242 2375 115 46 May
445 2405 8 16 18,
479 2373 116 40 1929;
649 2374 68 40 2c.
744 2375 97 38 and
869 2373 82 40 aff.
980 2375 115 46 May
1122 2373 57 39 22;
1234 2374 41 38 A
1303 2373 114 39 8231;
1478 2373 147 47 Scott,
1653 2373 265 41 Foresman
1946 2374 36 39 &
2010 2385 66 29 co.
238 2431 281 49 (29-12083)

159 2526 188 63 Seem,
375 2526 248 53 Warren
654 2525 296 65 Pharoah,
985 2526 172 54 1872-

230 2605 141 52 Raw
399 2604 112 54 silk
539 2605 111 53 and
679 2605 308 69 throwing,
1015 2606 76 68 by
1117 2605 246 54 Warren
1391 2605 65 52 P.
1491 2603 176 55 Seem.
1745 2608 84 52 1st
1858 2603 83 54 ed.
2017 2604 140 53 New

162 2683 162 53 York
380 2688 120 62 [etc.]
539 2683 142 53 Pub.
717 2683 94 53 for
843 2683 95 53 the
971 2683 224 53 Textile
1229 2683 180 53 world
1442 2683 76 68 by
1548 2681 431 55 McGraw-Hill
2009 2680 148 56 book

159 2781 299 50 company,
487 2763 126 67 inc.,
648 2765 149 50 1929.

226 2842 81 49 vii,
337 2843 86 40 198
452 2854 43 38 p.
554 2843 128 41 illus.
743 2844 147 39 23½ᶜᵐ.
1007 2841 132 50 $5.00

163 2910 52 52 ©
242 2915 115 46 May
379 2914 68 45 24,
473 2914 114 40 1929;
640 2915 66 39 2c.
730 2917 96 37 and
852 2914 82 40 aff.
959 2915 114 46 May
1096 2915 56 39 27;
1206 2915 41 38 A
1300 2913 86 41 8359;
1438 2914 350 40 McGraw-Hill
1811 2914 124 40 book
1960 2925 81 34 co.,
2068 2914 90 41 inc.

240 2971 281 51 (29-12094)

162 3065 122 54 Silk
319 3065 358 54 association
712 3066 64 52 of
809 3066 296 53 America.
1179 3067 197 53 Broad
1407 3066 111 54 silk
1550 3066 265 54 division.

230 3142 136 56 Cost
411 3144 339 70 accounting
794 3144 94 52 for
928 3145 179 53 broad
1151 3143 112 54 silk
1302 3160 247 36 weavers;
1624 3162 30 33 a
1695 3144 233 53 manual
1970 3143 187 54 issued

158 3222 181 52 under
374 3223 96 51 the
507 3222 254 68 auspices
800 3221 64 54 of
901 3223 110 52 and
1050 3222 303 68 published
1390 3222 76 68 by
1501 3222 97 52 the
1634 3222 194 53 Broad
1864 3221 114 53 silk
158 3222 1975 131 division
307 3299 64 53 of
394 3301 96 51 the

519 3298 1614 69 Silk association of America, inc. New York [ ᶜ1 929]
229 3380 1165 50 263 p. incl. pl., tables, diagrs., forms. 20 ᶜᵐ.
230 3439 314 49 Advertising
572 3441 180 39 matter
770 3450 10 30 :
811 3451 43 37 p.
884 3439 217 42 247-263.

167 3507 52 52 ©
244 3512 115 47 May
380 3511 70 47 23,
475 3511 114 41 1929;
642 3512 67 40 2c.
735 3514 95 37 and
856 3511 82 41 aff.
964 3513 114 46 May
1100 3510 57 41 29;
1210 3511 40 39 A
1276 3510 113 42 8381;
1448 3509 103 42 Silk
1576 3521 128 29 assn,
1730 3509 54 41 of
1805 3509 237 47 America,
2069 3510 92 42 inc.

244 3568 281 50 (29-12194)

165 3662 290 64 Solomon,
497 3662 263 64 Charles,
801 3668 172 50 1883-

231 3739 1928 71 Plane geometry, by Charles Solomon … and Herman H.
160 3817 1999 70 Wright … New York, Chicago [etc.] C. Scribner’s sons
168 3900 191 64 [ ᶜ1 929]
235 3977 1021 49 viii p., 1 l., 340 p. illus., diagrs. 19 ᶜᵐ.
