2542 4389
1027 4043 138 53 2091

167 468 265 41 Published
458 467 128 43 1929.

447 525 244 40 CONTENTS.—Robert
733 526 72 39 W.
848 523 418 42 Chanler.—John
1309 524 53 39 E.
1407 523 438 49 Costigan.—Leon
1889 522 212 42 Dabo.—

98 581 216 41 Howard
364 581 201 40 Everett
612 580 407 48 Giles.—Eugene
1065 579 491 49 Higgins.—Charles
1605 580 69 41 W.
1723 579 378 41 Hawthorne.—

98 638 245 40 Rockwell
380 638 206 40 Kent.—
587 637 129 40 Leon
753 637 155 40 Kroll.
910 659 60 5 —
973 636 117 41 Gari
1131 636 255 41 Melchers.
1386 637 257 47 —Eugene
1683 634 245 50 Speicher.

104 691 52 52 ©
195 695 113 40 Dec.
346 694 40 47 2,
427 693 139 46 1929;
608 694 68 40 2c.
716 694 113 40 Dec.
869 693 53 47 9;
965 692 82 42 aff.
1088 693 112 40 Dec.
1241 694 53 46 7;
1335 693 42 39 A
1417 692 170 48 17256;
1630 691 208 41 Roerich
1878 700 220 31 museum

170 761 150 37 press.
389 749 222 50 (30-700)

99 844 281 53 National
412 843 316 53 industrial
758 843 348 53 conference
1136 843 202 54 board.

170 923 56 52 A
256 924 222 67 picture
508 922 64 52 of
601 923 180 52 world
815 922 284 53 economic
1129 921 322 54 conditions
1484 928 58 48 at
1571 923 97 52 the
1696 920 318 70 beginning
2042 919 66 53 of

103 1004 150 50 1929.
331 999 232 57 Studies
611 1000 65 54 of
724 1000 412 52 international
1189 1000 301 68 problems.
1567 1000 138 52 New
1760 997 179 58 York,
100 998 1981 134 National

312 1079 308 53 industrial
650 1077 331 54 conference
1011 1078 197 67 board,
1239 1079 126 67 inc.,
1399 1081 150 51 1929.

0 0 0 0 1 v.
104 1212 1979 110 © May 8, 1929; 2c. and aff. May 23; A 9270; Natl. industrial conference board, inc.
94 1365 239 65 Nissen,
364 1364 277 65 Hartvig,
675 1369 326 51 1856-1924.

166 1445 287 52 Practical
504 1463 256 50 massage
812 1446 113 52 and
977 1443 309 55 corrective
1336 1443 290 71 exercises,
1676 1444 142 55 with
1868 1446 237 68 applied

98 1522 2007 72 anatomy, by Hartvig Nissen … 5th ed., rev. and enl., by
97 1601 2007 70 Harry Nissen … illustrated with 72 original half-tone and
96 1680 115 52 line
241 1679 360 69 engravings.
678 1679 429 69 Philadelphia,
1138 1680 63 54 F.
1232 1679 73 55 A.
1336 1680 182 54 Davis
1549 1697 298 51 company,
1881 1683 150 51 1929.

164 1759 728 49 1 p. l., 5-271 p. illus. 23 ᶜᵐ.
103 1813 52 52 ©
184 1817 117 40 Nov.
332 1817 39 47 6,
401 1816 116 40 1929;
571 1816 66 42 2c.
669 1817 112 40 Dec.
810 1817 82 47 13;
925 1816 81 41 aff.
1037 1817 112 40 Dec.
1179 1817 83 47 14;
1294 1818 42 39 A
1365 1817 171 48 17392;
1569 1817 52 41 F.
1651 1818 55 42 A.
1738 1818 154 42 Davis
1922 1830 69 30 co.

180 1872 222 50 (30-682)

99 1966 263 65 Ogburn,
394 1966 255 55 William
683 1968 64 54 F.

172 2045 190 56 Social
402 2047 244 68 changes
685 2047 59 51 in
788 2049 148 49 1928.
1015 2046 271 71 Chicago,
1326 2049 123 53 The
1487 2048 339 72 University
1866 2050 66 53 of
99 2049 1983 145 Chicago
267 2142 175 52 press,
473 2127 148 51 1929.

0 0 0 0 1 v.
105 2258 52 52 ©
187 2262 128 42 June
343 2262 70 48 12,
444 2261 141 49 1929;
617 2262 67 40 2c.
714 2263 97 39 and
842 2262 82 40 aff.
956 2263 128 40 June
1113 2263 83 47 24;
1229 2263 41 39 A
1300 2263 142 48 9874;
1477 2264 286 49 University
1794 2264 53 42 of
1877 2264 224 49 Chicago,

170 2317 224 50 Chicago.

101 2410 244 65 O’Rear,
371 2410 234 54 Arthur
630 2411 65 55 T.

171 2490 1876 72 The nativity of the Hoty Spirit, by Arthur T. O’Rear …
100 2567 331 71 Louisville,
462 2568 132 70 Ky.,
627 2570 360 52 Pentecostal
1020 2570 337 69 publishing
1390 2589 298 51 company,
1723 2575 149 50 1929.

169 2648 282 49 188 p. 19 ᶜᵐ.
103 2701 52 52 ©
187 2705 128 41 June
345 2706 68 48 15,
447 2705 112 41 1929;
620 2706 67 41 2c.
721 2706 115 48 July
866 2706 83 48 26;
985 2706 81 42 aff.
1100 2707 118 49 July
1248 2708 84 48 24;
1368 2709 42 39 A
1441 2708 172 49 10395;
1647 2710 308 40 Pentecostal
1990 2711 109 47 pub.

168 2771 69 31 co.

97 2840 220 65 Payne,
350 2841 253 54 Edward
686 2884 13 12 F.

172 2920 122 54 The
330 2920 224 70 charity
592 2921 65 53 of
695 2920 237 55 Charles
970 2922 279 56 Dickens;
1290 2923 89 54 his
1418 2925 235 53 interest
1690 2926 60 52 in
1786 2926 97 53 the
1920 2927 189 52 Home

103 2997 93 53 for
225 2998 180 53 fallen
433 3017 215 35 women
678 3001 112 52 and
820 3019 31 33 a
876 3000 223 70 history
1124 3001 65 53 of
1215 3003 93 51 the
1338 3008 230 63 strange
1598 3022 120 34 case
1747 3004 65 54 of
1839 3003 269 55 Caroline

99 3076 2005 75 Maynard Thompson, by Edward F. Payne … and Henry H.
98 3153 250 69 Harper.
424 3155 233 59 Boston,
692 3155 243 55 Printed
972 3156 94 52 for
1097 3157 277 55 members
1408 3159 65 52 of
1505 3159 96 53 the
1633 3159 353 69 Bibliophile
99 3180 1980 121 society,·
299 3235 148 50 1929.

170 3313 916 50 100 p. plates, fold. facsims. 24 ᶜᵐ.
104 3365 52 52 ©
182 3370 119 40 Nov.
330 3370 68 48 11,
428 3370 114 40 1929;
597 3370 67 41 2c.
694 3371 118 40 Nov.
842 3371 55 41 18:
956 3371 83 43 aff.
1069 3371 112 41 Dec.
1211 3373 30 40 9;
1296 3373 42 39 A
1365 3373 148 40 17540;
1569 3373 296 50 Bibliophile
1893 3386 93 30 soc.

97 3448 281 65 Peacock,
410 3448 232 54 Arthur
671 3449 278 66 Bigelow,
981 3470 178 50 comp.

172 3528 456 68 Pharmacology
660 3534 176 61 notes,
869 3530 173 53 based
1077 3547 72 37 on
1184 3531 238 53 lectures
1453 3532 77 69 by
1564 3532 100 51 Dr.
1701 3532 297 54 Thurman
2032 3534 72 52 D.

101 3604 2002 73 Kitchin … compiled and edited by A. B. Peacock and V . T.
104 3681 1550 74 Sullivan. [Raleigh, Capital printing co., ᶜ19 29]
170 3762 89 42 156
288 3764 160 40 numb.
482 3765 32 41 1.
574 3764 117 42 19ᶜᵐ.

170 3819 202 41 Printed
406 3831 63 29 on
504 3831 89 30 one
627 3820 105 41 side
768 3821 52 40 of
852 3821 104 41 leaf
990 3822 129 48 only.

106 3870 52 52 ©
201 3875 128 48 Sept.
367 3875 71 48 30,
480 3875 140 49 1929;
662 3877 68 40 2c.
772 3876 102 42 Oct.
916 3879 53 46 7;
1013 3877 82 41 aff.
1137 3877 103 41 Oct.
1282 3878 51 48 5;
1377 3879 42 39 A
1459 3879 171 49 14658;
1671 3881 56 41 A.
1769 3882 54 39 B.
1867 3883 229 48 Peacock,

172 3931 219 46 Raleigh,
423 3932 56 40 N.
511 3931 62 48 C.,
606 3934 95 38 and
732 3933 52 40 V.
816 3934 52 40 T.
903 3933 236 49 Sullivan,
1171 3935 333 49 Wilmington,
1536 3937 57 42 N.
1626 3937 49 42 C.

183 3986 14 49 (CA
282 3987 175 41 29-714
475 3989 235 49 Unrev’d)
