2542 4361
1101 3996 101 52 697

175 342 146 53 Arts
347 341 222 54 council
595 341 64 53 of
685 342 104 52 the
816 341 122 64 city
966 341 63 53 of
1055 341 147 53 New
1226 341 181 55 York.

169 418 1969 146 … Exhibition of one hundred important paintings by living
302 496 309 53 American
646 497 213 66 artists,
894 495 175 68 April
1110 500 64 49 15
1211 501 58 49 to
1307 495 176 68 April
1519 497 86 67 27,
1644 501 150 49 1929.
166 498 1971 128 Architectural

359 572 1741 71 and allied arts exposition … Grand central palace …
171 651 572 68 [New York, ᶜ1 929]
235 734 57 40 85
322 744 44 37 p.
396 732 110 41 incl.
537 732 163 49 front.,
735 732 130 41 illus.
923 732 149 41 20½ᶜᵐ.

171 801 53 52 ©
252 805 113 48 Apr.
395 805 69 48 15,
494 804 140 49 1929;
664 806 69 39 2c.
764 805 95 39 and
890 804 83 40 aff.
1002 805 115 47 Apr.
1146 804 83 47 25;
1261 804 44 39 A
1332 804 141 48 6786;
1507 805 115 41 Arts
1652 805 187 40 council
1870 806 52 40 of
1952 807 82 39 the
2063 806 99 49 city

236 862 51 40 of
316 862 119 40 New
462 862 144 45 York,
637 862 119 39 New
784 861 145 40 York.
998 860 281 49 (29-11173)

166 970 245 63 Barnes,
448 970 253 54 Carman
738 970 138 54 Dee.

236 1046 341 71 Schoolgirl,
612 1048 76 68 by
721 1046 256 55 Carman
1016 1047 234 53 Barnes.
1327 1046 138 54 New
1505 1046 179 69 York,
1724 1048 76 53 H.
1840 1048 317 70 Liveright,

165 1129 149 50 1929.

233 1206 736 50 viii p., 1 l., 7-240 p. 19½ᶜᵐ.
167 1276 51 49 ©
251 1281 115 47 May
395 1281 69 46 17,
497 1279 140 47 1929;
670 1280 69 40 2c.
772 1280 114 47 May
917 1279 82 46 17;
1036 1277 83 42 aff.
1152 1279 114 47 May
1299 1278 82 46 21;
1416 1278 42 39 A
1490 1278 141 47 9207;
1667 1280 193 40 Horace
1891 1279 265 50 Liveright,

231 1336 91 41 inc.
390 1334 279 51 (29-11282)

162 1446 244 63 Barton,
442 1445 140 63 May
615 1443 207 56 Hollis.

231 1523 122 52 The
386 1522 142 69 girls
562 1521 65 54 of
658 1521 357 69 Lighthouse
1049 1521 230 66 Island;
1318 1539 81 49 or,
1436 1521 122 53 The
1593 1526 231 65 strange
1858 1540 92 35 sea
1986 1523 171 68 chest,

159 1598 1972 149 by May Hollis Barton … New York, Cupples & Leon company [ ᶜ1 929]
232 1757 1481 51 2 p. l., 204 p. front. 19½ᶜᵐ. (Her Books for girls)
163 1827 53 53 ©
246 1832 111 40 Feb.
383 1831 72 47 20,
484 1830 141 47 1929;
656 1832 67 40 2c.
753 1831 116 47 May
896 1830 83 47 20;
1010 1829 83 42 aff.
1124 1830 114 47 May
1267 1829 82 47 18;
1382 1830 41 38 A
1450 1829 142 48 9186;
1627 1830 209 48 Cupples
1864 1831 37 40 &
1928 1831 128 40 Leon
2087 1842 67 30 co.

240 1887 279 49 (29-11287)

159 1982 221 63 Bevan,
419 1982 161 54 Tom.

226 2057 1929 70 The ancient world, by Tom Bevan … London, S. Low,
154 2136 262 54 Marston
442 2138 46 50 &
513 2154 97 50 co.,
636 2135 103 53 ltd.
775 2138 172 64 [1929]

226 2220 100 48 viii,
352 2220 99 48 247,
483 2218 54 50 [3]
566 2229 43 38 p.
668 2219 165 47 front.,
860 2218 143 48 illus.,
1033 2219 170 48 plates,
1231 2220 163 47 ports.,
1423 2229 150 37 maps.
1633 2219 146 39 22½ᶜᵐ.

226 2291 127 48 Page
381 2289 67 41 vii
476 2290 217 48 wrongly
719 2289 264 40 numbered
1011 2289 63 41 vi.

227 2347 147 41 “This
399 2347 124 40 book
547 2356 168 30 covers
739 2346 83 40 the
846 2345 167 49 period
1039 2345 129 40 from
1195 2345 83 40 the
1304 2345 142 39 dawn
1474 2345 51 40 of
1552 2344 296 42 civilisation
1876 2347 49 39 to
1953 2347 81 39 the
2062 2346 91 40 fall

155 2405 51 39 of
237 2405 81 39 the
351 2404 186 40 Roman
568 2401 427 49 empire.”—Note.

160 2471 1989 53 © 1c. May 9, 1929; A ad int. 12653; pubd. Apr. 18; Sampson Low,
226 2533 222 39 Marston
476 2531 36 40 &
540 2541 79 37 co.,
649 2531 87 40 ltd.
803 2529 280 50 (29-11371)

155 2625 241 65 Bishop,
429 2623 320 65 Farnham,
785 2629 171 51 1886-

154 2700 1993 149 The story of the submarine, by Farnham Bishop … illustrated with photographs and drawings. Rev. and enl. ed.
153 2856 1442 69 New York, London, The Century co. [ ᶜ1 929]
223 2950 76 37 XV,
335 2939 88 41 228
455 2950 43 38 p.
557 2938 163 49 front.,
756 2938 129 41 illus.
914 2938 135 49 (incl.
1084 2937 175 49 ports.)
1328 2937 146 42 19½ᶜᵐ.
1589 2935 129 50 $2.00

157 3009 53 52 ©
236 3014 114 47 May
377 3012 38 48 8,
443 3010 141 49 1929;
611 3011 68 40 2c.
707 3011 95 39 and
830 3009 84 42 aff.
941 3011 113 46 May
1082 3010 81 46 11;
1194 3010 42 39 A
1261 3009 141 47 9044;
1435 3008 212 49 Century
1674 3020 68 29 co.

235 3067 280 50 (29-11298)

154 3163 273 64 Bradley,
461 3163 206 62 Henry
703 3162 198 55 Crum.

222 3240 216 70 Flying
465 3239 178 68 chips,
669 3239 75 68 by
770 3239 78 52 H.
881 3237 62 55 C.
973 3238 269 68 Bradley.
1309 3236 296 67 Caldwell,
1633 3236 108 68 Id.,
1769 3238 125 53 The
1923 3238 223 55 Caxton

150 3319 268 68 printers,
445 3318 122 67 ltd.,
598 3320 150 50 1929.

220 3401 55 40 80
306 3411 43 38 p.
409 3399 146 41 20½ᶜᵐ.

222 3464 1132 51 “This edition … is limited to 500 copies.”
220 3529 185 39 Poems.

155 3597 53 52 ©
245 3600 112 48 Apr.
397 3600 69 47 22,
504 3597 140 47 1929;
684 3598 68 39 2c.
790 3598 114 46 May
943 3596 82 47 16;
1067 3594 82 41 aff.
1188 3595 114 46 May
1341 3593 82 46 15;
1465 3593 41 38 A
1544 3594 140 47 8143;
1725 3596 61 39 H.
1828 3596 49 41 C.
1916 3597 226 49 Bradley,

221 3656 203 48 Nampa,
453 3656 71 39 Id.
589 3653 280 49 (29-11224)

155 3744 1991 70 Capt. Billy’s smokehouse poetry annual … 3d series. Robbinsdale
217 3828 277 65 ,
525 3826 181 52 Minn.
747 3825 275 66 [Fawcett
1052 3820 400 70 publications,
1485 3820 127 70 inc.,
1647 3825 151 67 1929]

219 3909 87 40 208
335 3919 43 37 p.
439 3909 127 39 illus.
595 3907 133 47 (incl.
759 3905 179 46 music)
1006 3904 147 39 18½ᶜᵐ.
