2533 4384
1081 4019 103 50 213

138 370 189 64 Kelly,
353 370 204 52 James
579 368 263 62 Patrick,
871 373 172 49 1901-

206 464 122 51 The
362 462 364 68 jurisdiction
764 462 65 52 of
862 462 97 52 the
993 460 290 54 confessor
1319 460 307 68 according
1660 466 58 47 to
1754 461 98 52 the
1888 459 155 55 Code
2077 461 64 54 of

136 559 180 35 canon
345 541 128 67 law,
501 540 75 68 by
606 540 136 53 Rev.
775 539 194 54 James
999 539 65 52 P.
1094 538 192 68 Kelly,
1317 555 47 34 J.
1396 554 46 36 c.
1471 555 68 51 d.,
1571 535 140 55 with
1742 557 32 33 a
1805 537 231 67 preface
2066 537 74 69 by

136 615 2003 72 Rt. Rev. Msgr. Philip Bernardini … New York, Cincinnati
159 703 120 60 [etc.]
314 696 280 69 Benziger
621 696 278 68 brothers,
930 697 149 51 1929.

205 777 104 50 xiii,
336 777 85 42 273
448 788 43 38 p.
658 809 10 10 19ᶜᵐ.

208 851 263 40 Published
508 861 57 28 as
598 849 221 40 author’s
854 849 153 40 thesis
1052 848 63 48 (d.
1152 858 39 31 c.
1225 848 67 47 l.)
1338 847 222 41 Catholic
1597 847 287 48 university,
1921 848 127 48 1927,
2087 859 55 30 as

138 908 221 41 Catholic
393 907 271 47 university
695 907 51 40 of
776 906 239 47 America,
1048 905 166 41 Canon
1245 906 97 39 law
1373 905 201 48 studies,
1607 916 74 29 no.
1714 905 69 47 43,
1816 906 155 39 under
2004 905 136 41 title:

136 966 102 39 The
263 963 313 49 jurisdiction
600 964 53 40 of
680 964 80 39 the
789 963 170 48 simple
985 962 264 41 confessor.

143 1032 51 52 ©
223 1037 111 39 Jan.
361 1036 69 47 31,
458 1035 141 47 1929;
629 1035 67 40 2c.
725 1035 113 40 Feb.
865 1035 81 45 11;
978 1033 82 40 aff.
1090 1033 112 40 Feb.
1231 1031 56 41 15;
1344 1033 41 38 A
1411 1032 142 47 5329;
1584 1032 236 49 Benziger
1849 1034 127 40 bros.

221 1092 253 49 (29-4796)

138 1203 305 63 Kennedy,
475 1202 278 53 Clarence
785 1202 48 51 E
1128 1206 173 49 1885-

210 1297 231 67 Boxing
469 1294 328 69 simplified,
824 1295 282 68 prepared
1136 1294 306 70 especially
1471 1293 94 54 for
1592 1294 254 54 teachers
1874 1295 77 68 by
1980 1294 61 55 C.
2070 1295 69 53 E.

137 1371 1927 72 Kennedy … Yellow Springs, O., The Antioch press [ ᶜ1 929 ]
205 1455 718 50 6 p. l., 75 p. illus. 23½ᶜᵐ.
143 1524 51 52 ©
224 1528 112 40 Feb.
363 1528 39 41 6.
430 1527 141 47 1929;
599 1528 68 39 2c.
694 1528 96 39 and
819 1526 82 41 aff.
930 1527 112 40 Feb.
1071 1526 82 47 16;
1182 1526 42 39 A
1250 1526 144 47 4453;
1424 1526 209 40 Antioch
1660 1536 151 39 press.

219 1584 252 49 (29-4780)

137 1695 176 63 King,
347 1695 228 52 Horace
607 1694 308 63 Williams,
951 1694 170 54 1874-

136 1784 2002 148 Handbook of hydraulics for the solution of hydraulic problems, by Horace Williams King … 2d ed. New York [etc.]
135 1940 430 55 McGraw-Hill
596 1941 148 52 book
774 1959 298 50 company,
1105 1941 126 67 inc.,
1265 1944 151 50 1929.

204 2024 100 48 xxi,
334 2025 84 40 523
447 2036 43 36 p.
519 2025 110 40 incl.
657 2024 145 48 illus.,
832 2025 170 46 tables,
1033 2024 180 48 diagrs.
1382 2056 8 8 18ᶜᵐ.
1507 2023 131 49 $4.00

141 2092 52 51 ©
226 2095 111 40 Feb.
370 2096 68 47 13,
470 2095 140 46 1929;
644 2095 67 40 2c.
745 2095 112 40 Feb.
888 2095 81 47 15;
1005 2095 83 41 aff.
1121 2095 112 40 Feb.
1265 2095 83 46 16;
1382 2095 41 39 A
1452 2096 143 43 4449;
1631 2096 354 40 McGraw-Hill
2018 2098 122 39 book

208 2163 81 36 co.,
319 2152 90 40 inc.
475 2151 251 49 (29-5113)

145 2262 185 64 Klein,
359 2261 257 54 Richard
645 2262 225 63 Henry.

209 2355 320 69 Judgment
552 2355 35 53 by
653 2354 322 54 confession
1001 2355 60 53 in
1086 2356 446 68 Pennsylvania,
1557 2357 77 69 by
1657 2357 257 55 Richard
1939 2358 203 70 Henry

144 2433 1798 71 Klein … Philadelphia, George T. Bisel company, 1929.
202 2516 99 46 xlv,
330 2515 86 41 388
447 2526 43 37 p.
687 2547 10 10 28½ᶜᵐ.

206 2585 180 41 “Table
412 2586 52 39 of
492 2585 193 41 cases”:
716 2597 43 37 p.
789 2585 304 43 xvii-xxxix.

204 2642 236 41 Contains
472 2643 148 39 blank
651 2653 148 38 pages
828 2643 80 39 for
940 2642 400 43 “Annotations”.

140 2708 51 52 ©
222 2713 112 39 Feb.
363 2713 40 46 1,
434 2712 139 47 1929;
604 2713 67 41 2c.
700 2714 97 39 and
826 2713 83 41 aff.
940 2713 112 40 Feb.
1083 2714 52 46 8;
1167 2714 40 39 A
1237 2713 143 47 5405;
1414 2715 183 48 George
1627 2716 53 40 T.
1712 2717 134 39 Bisel
1875 2729 69 29 co.

218 2769 251 48 (29-5245)

136 2877 470 65 Krishnamurti,
634 2879 198 64 Jiddu,
864 2885 169 49 1895-

268 2968 1609 74 … Life in freedom. New York, H. Liveright, 1928.
205 3049 56 41 96
290 3061 43 37 p.
393 3050 146 42 22½ᶜᵐ.

202 3121 65 40 At
292 3122 123 39 head
440 3122 52 39 of
516 3121 135 41 title:
679 3123 44 40 J.
747 3123 388 41 Krishnamurti.

208 3178 146 40 “This
380 3179 121 39 book
529 3179 89 40 has
642 3180 119 39 been
788 3179 237 48 compiled
1050 3181 60 47 by
1137 3182 82 40 the
1247 3182 180 40 author
1451 3182 129 40 from
1607 3183 247 48 camp-fire
1882 3185 256 41 addresses

137 3233 140 48 given
306 3235 48 38 in
383 3235 229 45 Benares,
642 3235 113 48 Ojai
783 3238 97 38 and
909 3237 200 41 Ommen
1138 3237 179 49 during
1345 3238 158 41 1928.”

205 3291 213 40 “Second
450 3291 229 49 printing.
714 3293 235 48 January,
983 3293 158 42 1929.”

137 3357 53 51 ©
229 3362 113 40 Dec.
377 3362 70 48 29,
486 3363 140 46 1928;
666 3364 68 40 2c.
772 3363 113 41 Feb.
923 3366 68 46 13,
1031 3365 141 46 1929;
1214 3365 83 42 aff.
1336 3367 112 39 Feb.
1485 3367 82 46 12;
1608 3368 42 40 A
1687 3368 142 48 5300;
1874 3369 116 40 Star
2025 3370 111 47 pub.

204 3419 144 47 trust,
381 3420 167 47 Eerde,
583 3419 213 49 Ommen,
829 3421 229 41 Holland.
1129 3422 253 50 (29-5089)

136 3512 349 64 Lattimore,
517 3514 197 64 Owen,
746 3521 170 49 1900-

131 3606 1980 150 The desert road to Turkestan, by Owen Lattimore … Boston, Little, Brown, and company, 1929.
267 3795 7 15 xv,
306 3764 85 40 373
421 3775 43 36 p.
524 3764 163 43 front.,
720 3767 173 47 plates.
952 3767 148 42 23½ᶜᵐ.

199 3830 140 47 Maps
369 3841 59 29 on
458 3830 365 50 lining-papers.

135 3897 51 52 ©
217 3902 113 40 Feb.
359 3903 67 46 16,
457 3903 140 47 1929;
628 3903 68 42 2c.
725 3906 97 39 and
851 3905 83 40 aff.
964 3907 112 40 Feb.
1105 3907 83 46 21;
1219 3906 42 40 A
1287 3907 144 47 4562;
1465 3908 163 50 Little,
1660 3911 192 48 Brown,
1885 3912 96 39 and
202 3922 1912 85 company.
409 3959 251 50 (29-5279)
