2533 4342
1332 3989 137 51 1892

397 419 1945 71 coma or any other form of malignancy [by] Perry Nichols …
397 499 115 53 and
538 499 340 53 co-workers
906 504 59 47 at
990 499 98 52 the
1113 499 104 51 Dr.
1245 498 237 53 Nichols
1509 498 370 67 sanatorium,
1910 496 327 69 Savannah,

395 497 1986 133 Missouri.
639 576 143 54 East
814 577 250 67 Aurora,
1099 576 71 53 N.
1207 576 89 67 Y.,
1332 576 244 52 Printed
1610 575 115 53 and
1761 575 147 54 done
1940 575 122 54 into
2097 593 32 35 a
2162 575 150 54 book
2346 580 62 48 at

396 653 838 71 the Roycroft shops [ ᶜ19 29 ]
467 736 1645 49 3 p. l., 9-256, 259-272 p. front., plates (1 col.) ports. 25 ᶜᵐ.
404 789 52 52 ©
486 793 103 42 Oct.
618 793 70 49 10,
716 793 115 40 1929;
889 793 68 41 2c.
988 793 96 39 and
1114 792 83 42 aff.
1226 793 119 40 Nov.
1374 793 27 39 2;
1460 793 42 39 A
1530 791 147 41 15604;
1734 793 86 41 Dr.
1850 792 199 41 Nichols
2080 791 319 43 sanatorium,

472 849 106 49 inc.,
611 849 277 49 Savannah,
917 850 96 39 Mo.
1083 848 282 51 (29-24322)

408 914 234 69 [North,
669 913 277 69 William]
981 918 173 51 1869-

466 990 1935 70 The secret of the flames, by Ralph Rodd [pseud.] … New
397 1069 180 68 York,
623 1068 66 55 L.
736 1069 357 70 MacVeagh,
1140 1069 124 54 The
1310 1069 138 53 Dial
1497 1088 187 51 press;
1735 1070 273 69 Toronto,
2054 1070 349 70 Longmans,

394 1146 188 56 Green
612 1149 46 51 &
686 1165 98 50 co.,
816 1150 152 51 1929.

464 1227 470 51 3 p. l., 308 p. 19½ ᶜᵐ.
404 1283 52 52 ©
487 1287 127 48 Sept.
641 1287 70 47 25,
739 1286 142 46 1929;
910 1286 68 41 2c.
1008 1286 103 41 Oct.
1138 1286 52 47 2;
1222 1285 82 42 aff.
1334 1286 103 40 Oct.
1464 1286 84 47 24;
1578 1286 41 39 A
1646 1285 172 48 13823;
1850 1286 115 40 Dial
1993 1296 150 39 press,
2172 1286 91 41 inc.

482 1342 281 50 (29-20007)

404 1408 208 64 Oman,
638 1409 102 54 Sir
763 1406 250 56 Charles
1035 1406 257 55 William
1319 1406 337 65 Chadwick,
1684 1412 173 50 1860-

535 1484 1874 72 … Greece, by C. W. C. Oman … with continuation from the
399 1563 1947 71 time of Alexander to the present day by G. Mercer Adam …
409 1643 320 68 [Memorial
779 1643 104 66 ed.]
962 1642 141 53 New
1152 1641 180 70 York,
1381 1643 66 52 P:
1497 1641 64 53 F.
1614 1640 217 57 Collier
1878 1643 51 51 &
1976 1659 103 36 son
2125 1660 283 50 company

408 1724 193 65 [ ᶜ19 28]
466 1802 104 47 xiii,
617 1801 84 41 581
747 1812 42 37 p.
864 1801 86 40 col.
997 1800 164 47 front.,
1209 1800 129 40 illus.
1367 1799 175 49 (maps,
1589 1801 167 48 plans)
1811 1801 158 48 plates
1998 1801 49 48 (1
2094 1802 112 47 col.)
2288 1802 57 40 23
2348 1805 44 20 cm.

405 1856 1770 51 (The history of nations, H. O. Lodge … editor-in-chief, vol. II)
466 1912 334 49 Frontispiece
842 1913 97 40 and
982 1913 192 40 colored
1216 1913 134 47 plate
1389 1912 344 49 accompanied
1776 1913 63 48 by
1880 1914 156 47 guard
2078 1914 163 40 sheets
2284 1914 122 41 with

396 1969 294 49 descriptive
717 1970 301 47 letterpress.

466 2025 377 48 Bibliography:
876 2035 44 38 p.
955 2024 251 49 [575]-581.

404 2078 52 52 ©
481 2083 120 40 Nov.
626 2082 40 48 6,
692 2081 116 41 1928;
860 2082 68 40 2c.
956 2080 130 49 Sept.
1112 2080 70 49 30,
1209 2080 114 41 1929;
1379 2079 83 42 aff.
1489 2080 103 41 Oct.
1618 2080 59 41 30;
1731 2082 42 39 A
1798 2081 144 41 13887;
1999 2082 51 41 P.
2078 2082 52 41 F.
2159 2083 182 41 Collier
2365 2083 38 41 &

474 2149 87 30 son
591 2148 67 31 co.
730 2136 282 51 (29-21118)

403 2202 159 65 Otté,
592 2201 160 54 Elise
782 2203 61 54 C.

531 2279 1876 73 … Norwajr, Sweden and Denmark, by E. C. Otté, edited by
400 2358 2008 70 Edward Samuel Corwin … Polar research, by G. T. Surface
461 2435 1946 72 … [Memorial ed.] New York, P. F. Collier & son company
404 2518 193 65 [ ᶜ19 28]
469 2596 65 49 xi,
563 2596 99 48 292,
690 2595 284 50 292a-292p,
1005 2595 234 50 [293]-351
1268 2606 43 38 p.
1372 2596 87 41 col.
1476 2596 164 48 front.,
1660 2595 129 41 illus.
1818 2597 186 48 (maps)
2031 2598 158 47 plates
2217 2597 14 48 (1
2285 2597 113 49 col.)

400 2651 1998 52 23 ᶜᵐ. (The history of nations, H. C. Lodge … editor-in-chief, vol. XVI)
471 2710 334 48 Frontispiece
835 2711 97 38 and
959 2710 193 40 colored
1181 2710 133 47 plate
1342 2710 345 47 accompanied
1715 2711 62 48 by
1805 2712 155 47 guard
1990 2712 162 40 sheets
2180 2711 122 41 with
399 2712 1991 104 descriptive
655 2768 299 47 letterpress.

470 2824 351 48 Bibliography:
879 2835 44 37 p.
954 2822 250 50 [345]-351.

406 2878 52 52 ©
483 2883 119 40 Nov.
626 2881 40 49 6,
693 2881 114 41 1928;
861 2882 68 41 2c.
958 2881 130 48 Sept.
1113 2879 70 50 30,
1210 2880 114 41 1929;
1380 2880 83 42 aff.
1490 2881 103 42 Oct.
1619 2881 61 41 30;
1731 2882 42 39 A
1798 2882 144 41 13887;
2000 2884 50 40 P.
2079 2884 52 40 F.
2160 2884 180 39 Collier
2367 2884 37 39 &

473 2948 87 30 son
587 2948 66 31 co.
725 2937 283 49 (29-21132)

396 3002 281 65 Overton,
707 3003 190 54 Grant
925 3003 245 65 Martin,
1203 3004 171 55 1887-

527 3080 1817 71 … An hour of the American novel, by Grant Overton …
394 3160 410 67 Philadelphia
840 3160 114 52 and
986 3160 260 66 London,
1280 3160 57 54 J.
1372 3160 67 52 B.
1474 3159 344 69 Lippincott
1850 3178 296 50 company,
2185 3163 150 50 1929.

463 3242 86 41 155
570 3253 43 39 p.
673 3242 117 42 19ᶜᵐ.
860 3242 125 48 (The
1007 3252 90 32 one
1116 3243 125 41 hour
1261 3242 177 50 series)

466 3300 163 40 “First
648 3299 229 41 edition.”

405 3352 1996 52 © Aug. 15, 1929; 2c. and aff. Nov. 7; A 14823; G. Overton, New York.
484 3412 281 49 (29-27522)

404 3477 218 65 Payne,
653 3478 255 52 Edward
936 3478 175 65 John,
1144 3483 327 50 1844-1904.

532 3555 1810 70 … Colonies of the world, by Edward James [!] Payne …
400 3633 1979 145 revised and edited by Philip Patterson Wells … The Philippines
614 3711 182 53 under
848 3710 309 54 American
1209 3716 389 64 government,
1650 3712 77 69 by
1780 3711 292 56 Jeremiah
2127 3709 277 70 Whipple

400 3788 1998 68 Jenks … Colonies, dominions, mandates … [Memorial ed.]
400 3865 1581 70 New York, P. F. Collier & son company [ ᶜ19 28]
