2542 4389
996 4033 135 51 1353

72 393 321 59 Mossman,
420 388 136 53 Lois
584 387 224 64 Coffey,
840 389 170 52 1877-

143 469 322 67 Principles
523 467 63 53 of
642 465 266 69 teaching
965 466 112 52 and
1135 463 263 69 learning
1453 463 60 52 in
1570 463 95 53 the
1721 463 347 67 elementary

71 548 219 65 school;
329 563 72 35 an
434 544 438 68 interpretation
909 543 64 53 of
1005 544 235 51 modern
1278 543 190 52 school
1505 541 338 69 procedures
1879 541 60 52 in
1972 539 96 53 the

75 625 151 69 light
266 624 63 52 of
370 641 103 34 our
513 629 226 61 present
780 622 333 67 knowledge
1153 621 64 52 of
1257 621 94 51 the
1392 619 138 53 laws
1571 620 63 52 of
1674 617 282 70 learning,
1994 619 76 67 by

71 695 1995 75 Lois Coffey Mossman … Boston, New York [etc. ] Houghton
71 778 744 69 Mifflin company [ᶜ192 9]
69 855 1979 109 xv p., 1 l., 292 p. 19½ ᶜᵐ . (Half-title: Riverside textbooks in education, ed. by E. P. Cubberley)
73 983 53 53 ©
160 988 119 47 Aug.
314 987 69 46 26,
419 986 117 40 1929;
596 986 67 40 2c.
701 986 128 46 Sept.
863 985 53 46 3;
954 984 83 41 aff.
1073 985 119 46 Aug.
1226 984 83 47 31;
1347 984 40 38 A
1422 984 171 46 11977;
1632 984 49 40 L.
1717 983 49 42 C.
1803 984 261 42 Mossman,

140 1045 117 39 New
283 1044 145 39 York.
493 1042 279 48 (29-18075)

70 1155 264 61 Murray,
369 1151 298 55 Rosalind.

140 1233 168 52 Hard
340 1232 208 68 liberty
601 1231 74 67 [by]
731 1230 277 53 Rosalind
1043 1231 256 67 Murray.
1377 1229 138 51 New
1549 1228 178 68 York,
1759 1228 311 65 Harcourt,

72 1311 845 67 Brace and company [ ᶜ192 9]
138 1388 461 50 3 p. l. , 361 p. 19½ᶜᵐ.
74 1457 51 52 ©
157 1461 129 47 Sept.
314 1461 38 47 5,
382 1461 140 44 1929;
553 1461 67 39 2c.
650 1461 94 38 and
776 1460 83 41 aff.
891 1460 128 47 Sept.
1049 1460 81 46 11;
1164 1460 40 38 A
1233 1459 170 46 13230;
1437 1459 261 47 Harcourt,
1731 1459 154 39 Brace
1918 1459 35 39 &
1983 1468 82 36 co.,

141 1518 90 40 inc.
296 1516 279 50 (29-18332)

70 1627 263 63 Nachod,
365 1627 209 64 Oskar,
607 1632 170 48 1858-

141 1703 1930 71 Geschichte von Japan, von O. Nachod. 2. bd.: l. hlfte.: Die
69 1784 347 53 Übernahme
447 1786 98 51 der
574 1784 385 52 chinesischen
988 1783 198 52 kultur
1226 1785 127 67 (645
1381 1785 86 52 bis
1497 1803 78 33 ca.
1608 1781 125 69 850)

70 1782 1976 149 Herausgegeben
363 1881 130 33 vom
538 1863 426 66 Japaninstitut
1011 1863 58 51 in
1115 1861 215 52 Berlin.

1407 1861 257 69 Leipzig,
1708 1861 218 69 Verlag
1970 1861 100 52 der

69 1942 141 52 Asia
239 1941 205 67 major,
474 1943 148 51 1929.

138 2021 709 49 xxii p., 1 l., 539 p. 22 ᶜᵐ .
73 2088 1993 52 © Apr. 19, 1929; 1c. July 3; A— Foreign 3897; Verlag der Asia major.
68 2214 442 52 Northeastern
540 2217 288 61 reporter.

202 2293 1867 70 … Temporary North eastern reporter digest of volumes 156
72 2379 57 45 to
160 2377 96 47 165
284 2373 185 53 North
496 2378 218 47 eastern
741 2378 257 61 reporter
1025 2373 135 50 with
1193 2372 248 52 Indiana
1468 2376 210 49 statute
1706 2371 365 54 annotations

73 2453 111 50 and
228 2451 150 51 table
421 2450 64 52 of
525 2469 164 33 cases.
772 2450 267 66 [Indiana
1083 2451 103 65 ed.]
1271 2450 208 53 Edited
1523 2451 75 68 by
1639 2452 96 51 the
1779 2450 291 52 Editorial

71 2525 1975 150 staff of the American digest system … St. Paul, West publishing co., 1929.
138 2687 567 49 36, iii, 684 p. 26 ᶜᵐ .
73 2754 51 52 ©
154 2759 115 46 July
295 2758 69 47 26,
392 2758 141 41 1929;
563 2757 67 41 2c.
661 2757 127 48 Sept.
818 2758 81 47 12;
932 2757 81 41 aff.
1046 2757 128 48 Sept.
1203 2757 80 47 16;
1313 2758 41 39 A
1383 2757 171 47 12352;
1586 2759 133 40 West
1749 2758 110 48 pub.
1888 2769 68 30 co.

130 2907 1939 71 … The Pacific reporter. v. 277. Permanent ed. … with key
138 2990 237 51 number
407 2989 378 52 annotations.
861 2990 150 51 June
1045 2989 211 70 3-July
1289 2995 47 62 8,
1372 2993 147 49 1929.
1599 2989 81 54 St.
1711 2988 167 70 Paul,
1908 2989 161 54 West

139 3068 334 68 publishing
500 3085 97 49 co.,
626 3069 150 51 1929.

208 3179 8 16 xx,
250 3147 115 40 1190
397 3158 43 37 p.
500 3147 116 41 26ᶜᵐ.

71 3213 51 52 ©
150 3218 120 47 Aug.
296 3218 69 47 28,
394 3218 118 40 1929;
564 3219 67 41 2c.
662 3218 128 48 Sept.
818 3219 55 38 12;
929 3218 84 41 aff.
1044 3219 128 47 Sept.
1201 3217 56 41 16;
1313 3219 41 38 A
1381 3219 144 38 12346;
1584 3219 135 40 West
1745 3219 110 48 pub.
1884 3230 68 29 co.

68 3327 338 64 Patterson,
435 3329 138 53 Mrs.
605 3327 236 64 Shelley
878 3328 254 65 (Rodes)
1173 3333 171 49 1901-

139 3407 55 51 A
220 3408 159 52 short
405 3407 220 69 history
652 3409 113 51 and
794 3407 314 70 genealogy
1135 3408 65 53 of
1227 3409 95 52 the
1351 3407 245 69 English
1628 3408 206 70 family
1860 3409 206 64 Rodes,

69 3484 126 53 who
230 3485 238 52 reached
504 3485 262 53 America
802 3486 60 51 in
895 3485 96 53 the
1028 3485 130 54 17th
1193 3491 236 63 century
1464 3487 112 52 and
1613 3485 123 54 first
1768 3486 203 52 settled
2005 3486 59 52 in

67 3562 139 52 New
256 3562 155 52 Kent
465 3563 244 69 County,
758 3562 289 69 Virginia,
1095 3565 75 68 by
1226 3563 229 69 Shelley
1505 3563 185 55 Rodes
1741 3564 322 52 Patterson.

73 3641 156 67 [New
260 3641 180 66 York,
472 3640 120 54 The
622 3641 194 54 Ferris
849 3641 263 69 printing
1142 3660 79 34 co.]
1281 3644 150 50 1929.

134 3721 1535 49 3 p. l. , 3-48 p. front. (coat of arms) pl., ports. 24½ ᶜᵐ .
135 3792 147 40 “This
311 3791 183 41 edition
527 3793 41 39 is
598 3793 188 40 limited
818 3796 49 36 to
901 3793 110 47 fifty
1044 3793 160 47 copies
1236 3793 51 40 of
1321 3794 157 40 which
1511 3795 98 39 this
1640 3795 42 39 is
1713 3806 76 29 no.
1820 3795 100 41 25.”

135 3849 187 40 “Books
351 3849 277 40 consulted”:
688 3860 42 37 p.
759 3850 70 40 31.

67 3915 1990 54 © Aug. 12, 1929; 2c. and aff. Aug. 27; A 12182; S. R. Patterson, New
135 3977 145 38 York.
345 3977 279 49 (29-18038)
