2542 4389
1035 4025 134 50 1845

83 376 166 55 Ohio.
325 378 241 54 Pulaski
591 378 508 69 sesquicentennial
1128 375 375 56 commission.

155 453 240 54 Pulaski
437 454 58 51 in
537 458 328 64 retrospect.
942 453 200 53 Issued
1181 452 77 68 by
1301 450 151 56 Ohio
1493 450 240 54 Pulaski
85 450 1978 133 sesquicentennial

331 527 1758 70 commission. October 11, 1929. Copyright … by W. E.
89 607 1029 67 Stankiewicz. [Cleveland] ᶜ1 929.
159 687 746 50 16 p. illus. (port.) 21½ ᶜᵐ .
93 756 52 52 ©
176 761 128 48 Sept.
330 760 69 47 27,
426 760 115 40 1929;
596 760 68 40 2c.
693 759 103 41 Oct.
822 759 57 39 22;
936 759 83 40 aff.
1049 759 102 41 Oct.
1180 759 54 39 21;
1292 759 41 39 A
1361 758 143 40 14295;
1563 759 71 40 W.
1665 759 51 40 E.
1751 757 337 50 Stankiewicz,

159 817 344 46 Youngstown,
537 816 52 41 O.
657 815 283 49 (29-24858)

90 908 451 64 Oppenheimer,
572 909 165 63 Karl,
771 910 172 54 1874-

90 985 1979 132 Die fermente und ihre wirkungen, von prof. Carl Oppenheimer …
489 1063 176 54 Nebst
707 1064 182 52 einem
929 1064 429 68 sonderkapitel
1400 1063 436 69 Physikalische
1878 1063 212 53 chemie

92 1141 2001 69 und kinetik, von prof. dr. Richard Kuhn … 5., völlig neu
92 1218 188 53 bearb.
317 1219 129 53 aufl.
517 1219 91 53 bd.
707 1261 10 10 IV.
753 1219 111 52 Die
898 1218 357 69 technologie
1292 1219 100 52 der
1428 1218 295 67 fermente,
1758 1223 169 47 unter
94 1218 1977 131 mitarbeit

93 1295 1976 146 von fachgenossen hrsg. von Carl Oppenheimer … Leipzig, G. Thieme, 1929.
162 1454 1289 50 xvi p., 1 l., 370 p. illus., tables, diagrs. 26 ½ ᶜᵐ .
97 1520 52 52 ©
209 1536 93 29 June
327 1525 69 47 27,
424 1525 140 47 1929;
591 1525 67 41 1c.
686 1525 102 41 Oct.
814 1525 27 38 2;
897 1525 40 38 A
938 1525 272 47 —Foreign
1236 1525 142 46 4685;
1410 1524 157 47 Georg
1593 1523 212 41 Thieme.

85 1617 250 64 Phillips
370 1619 317 70 university
724 1637 269 50 sermons,
1027 1619 78 70 by
1138 1619 96 54 the
1268 1635 257 54 younger
1560 1620 324 68 graduates.
157 1618 1913 145 Cincinnati,
425 1696 68 56 O.,

545 1696 1373 69 The Standard publishing company [ ᶜ1 929]
159 1777 331 49 201 p. 20 ᶜᵐ .
162 1848 241 41 “Editor’s
428 1848 140 41 note”
597 1849 169 47 signed
784 1859 9 30 :
823 1849 54 40 E.
906 1849 71 41 W.
1005 1849 268 41 Thornton.

99 1901 51 53 ©
180 1906 101 41 Oct.
309 1905 68 47 16,
404 1904 115 42 1929;
574 1905 68 41 2c.
670 1906 97 39 and
794 1904 83 41 aff.
906 1904 103 41 Oct.
1037 1904 56 41 23;
1149 1905 41 39 A
1218 1904 146 41 14350;
1424 1904 247 41 Standard
1699 1905 110 47 pub.
1838 1915 68 31 co.

178 1961 281 49 (29-24649)

85 2053 192 65 Poole,
312 2054 234 53 Arthur
580 2055 282 64 Butman,
899 2060 326 50 1852-1929.

161 2132 120 52 The
323 2131 107 53 life
472 2131 65 53 of
576 2131 179 55 Amos
797 2133 173 52 Poole
1017 2133 113 52 and
1175 2133 119 52 The
1338 2132 183 54 cruise
1563 2130 65 55 of
1669 2131 95 54 the
1812 2131 286 68 Caroline,

94 2209 133 53 1867
244 2228 11 35 :
296 2209 171 69 being
506 2209 485 54 “Reminiscences
1031 2211 114 52 and
1184 2210 311 54 traditions
1537 2209 64 54 of
1639 2228 98 50 my
1778 2209 248 67 father”,
2068 2229 30 32 a

90 2286 194 53 sketch
322 2287 58 51 in
417 2293 112 46 two
563 2293 161 62 parts
760 2288 76 69 by
871 2288 227 52 Arthur
1136 2289 252 51 Butman
1427 2288 194 67 Poole,
1657 2287 263 70 together
1957 2287 142 53 with

92 2364 157 53 “The
275 2365 181 53 cruise
484 2363 64 54 of
575 2365 96 53 the
701 2363 322 69 Caroline”,
1056 2364 152 68 1867,
1237 2366 96 52 the
1362 2366 98 68 log
1486 2365 64 53 of
1580 2383 32 34 a
1640 2383 248 35 summer
1918 2366 182 52 cruise

93 2441 65 53 of
208 2441 179 54 Amos
442 2443 171 52 Poole
671 2443 111 52 and
838 2443 157 53 John
1049 2443 244 53 Ritchie.
1388 2443 212 53 Edited
1656 2443 78 68 by
1788 2443 313 53 Frederick

91 2518 227 54 Arthur
344 2520 193 68 Poole,
562 2520 71 68 jr.
699 2519 271 70 Chicago,
998 2521 161 53 Priv.
1189 2521 195 68 print.,
1418 2523 151 50 1929.

165 2600 312 50 92 p. 26 ᶜᵐ .
168 2656 153 49 “Only
354 2657 297 48 twenty-five
682 2658 160 48 copies
875 2657 53 41 of
958 2657 104 42 this
1090 2658 123 41 book
1246 2659 125 40 have
1405 2659 118 40 been
1557 2658 207 49 printed,
1797 2659 80 40 for
1912 2658 191 49 private

96 2712 362 42 distribution.”

100 2766 51 52 ©
192 2771 129 49 Sept.
357 2772 42 48 2,
438 2771 115 41 1929;
615 2771 70 41 2c.
725 2771 102 42 Oct.
866 2772 27 40 8;
959 2771 83 41 aff.
1083 2772 103 41 Oct.
1224 2772 28 40 9;
1320 2773 39 38 A
1397 2772 147 40 15210;
1610 2771 263 42 Frederick
1910 2772 188 40 Arthur

170 2828 158 47 Poole,
356 2828 76 48 jr.,
463 2828 222 48 Chicago.
752 2828 282 48 (29-24861)

91 2921 227 63 Potter,
344 2920 238 54 Pitman
610 2921 339 66 Benjamin,
980 2927 171 50 1892-

163 2998 141 54 This
344 3000 181 52 world
565 3000 63 52 of
669 3000 245 59 nations,
956 3000 392 66 foundations,
1389 3001 374 64 institutions,
1804 3001 295 68 practices,

93 3076 1983 148 by Pitman B. Potter … New York, The Macmillan company, 1929.
165 3234 1176 51 xix p., 2 l., 3-366 p. front., plates. 22½ ᶜᵐ .
167 3291 337 41 “Literature”
534 3294 50 38 at
614 3293 91 39 end
733 3292 54 40 of
812 3293 119 39 each
959 3293 217 47 chapter.

103 3343 51 53 ©
182 3349 118 40 Nov.
328 3349 27 40 6,
453 3349 55 39 1929;
564 3349 66 41 2c.
658 3350 96 39 and
783 3349 81 42 aff.
892 3350 117 40 Nov.
1040 3351 25 38 7;
1123 3349 39 40 A
1190 3349 145 41 15560;
1393 3349 282 41 Macmillan
1703 3361 68 29 co.

182 3404 282 48 (29-24883)

94 3498 270 65 Prévost,
398 3498 167 56 Jean.

96 3576 1983 148 … Eiffel, par Jean Prévost; 60 planches hors-texte en héliogravure.
432 3655 185 69 Paris,
646 3656 229 68 Rieder,
906 3660 150 51 1929.

168 3735 1932 51 94 (i. e. 64) p., 1 fold. l. 60 pl. (incl. port.) on 30 l. 20½ × 16ᶜᵐ.
107 3792 260 49 (“Maîtres
400 3794 58 38 de
492 3791 111 42 l’art
638 3792 283 48 moderne”)

168 3847 129 49 Page
326 3847 56 41 64
411 3847 43 42 is
483 3848 293 49 incorrectly
803 3850 264 39 numbered
1098 3850 69 40 94.

104 3906 1801 56 © Apr. 23, 1929; 1c. July 19; A—Foreign 4034; Éditions Rieder.
183 3967 282 49 (29-25441)
