2512 4335
1102 4046 101 51 133

206 461 1141 58 xii, [17]-495 p. illus., col. pl., diagrs. 24½ ᶜᵐ.
209 527 128 39 “The
367 525 201 48 chapter
598 534 60 30 on
691 519 348 43 Malocclusion
1070 519 53 41 of
1152 519 84 41 the
1266 518 133 41 teeth
1430 517 97 40 and
1560 515 318 41 dento-facial

139 513 1978 111 deformities
261 593 99 30 was
389 582 197 42 written
616 580 62 47 by
706 580 55 39 B.
793 579 53 39 E.
874 576 213 49 Lischer,
1151 607 9 8 D.
1239 606 9 9 M.
1311 606 21 17 D.,
1365 574 97 40 and
1492 572 81 41 the
1605 573 201 47 chapter
1837 581 61 31 on
1928 570 205 42 Tumors

138 627 1616 58 of the mouth by Carl E. [!] Waldron, M. D., D. D. S.”—Pref.
206 693 415 51 Bibliographical
651 692 279 41 foot-notes.

142 748 54 53 ©
222 753 113 39 Jan.
420 781 10 18 30,
456 750 118 40 1929;
626 750 70 40 2c.
722 749 97 40 and
846 746 85 43 aff.
958 747 113 41 Feb.
1097 747 26 38 1;
1181 746 44 39 A
1250 744 118 42 5072;
1424 744 96 41 Lea
1549 744 37 39 &
1615 742 219 49 Febiger.

219 806 252 51 (29-3666)

142 874 180 63 Burd,
353 871 173 57 Clara
554 872 98 63 M.,
679 871 151 54 illus.

219 949 428 68 [Illustrations]
685 948 77 69 by
796 946 173 55 Clara
1002 946 81 52 M.
1119 945 163 52 Burd
1323 978 13 33 t
1339 945 62 51 in
1434 944 97 52 the
1564 943 147 52 book
1745 942 257 67 entitled]
2043 940 98 55 An

141 1017 1972 159 old-fashioned girl, by Louisa M. Alcott … Philadelphia, Chicago [etc. ]
488 1106 122 51 The
638 1105 157 54 John
826 1103 63 54 C.
918 1102 268 55 Winston
1217 1118 281 51 company
1642 1101 85 64 [ᶜ1928]

211 1183 1195 55 ix, 342 p. col. front., illus., col. plates. 21 ᶜᵐ.
145 1235 1977 109 © Sept. 4, 1928; 2c. Jan. 24, 1929; aff. Jan. 29; A 5130; John C. Winston co.
144 1366 344 56 California.
560 1364 369 63 University.
1000 1364 158 68 Dept.
1207 1364 63 69 of
1303 1361 400 71 bacteriology.

211 1443 358 69 Laboratory
613 1443 233 52 manual
891 1442 60 52 in
997 1441 230 69 general
1273 1438 407 71 bacteriology,
1724 1438 78 70 by
1846 1438 97 54 the
1988 1436 152 56 staff.

144 1522 296 70 Berkeley,
467 1520 195 69 Calif.,
688 1519 340 70 University
1053 1518 66 53 of
1147 1516 326 57 California
1501 1534 176 52 press,
1706 1519 150 50 1929.

212 1606 88 40 318
333 1616 44 37 p.
438 1604 56 40 21½ᶜᵐ.
653 1602 298 51 [University
986 1601 51 41 of
1074 1599 290 43 California.
1431 1598 226 49 Syllabus
1695 1598 166 41 series,
1925 1610 76 30 no.
2037 1598 102 51 215]

142 1660 131 51 $1.00

212 1719 129 39 Most
371 1716 50 43 of
451 1717 81 40 the
561 1717 245 40 alternate
834 1723 151 41 pages
1011 1713 164 42 blank.

215 1772 232 43 Contains
479 1772 289 41 references.

147 1826 53 53 ©
230 1831 110 40 Jan.
370 1828 70 51 19,
470 1829 114 40 1929;
641 1829 69 40 2c.
741 1828 112 40 Feb.
884 1827 27 42 6;
968 1826 85 43 aff.
1084 1827 113 40 Feb.
1227 1827 52 39 11;
1342 1826 42 39 A
1411 1825 116 42 4360;
1590 1826 212 47 Regents
1834 1825 52 41 of
1917 1825 83 40 the
210 1823 1916 112 University
425 1886 55 41 of
508 1884 288 49 California,
828 1884 253 50 Berkeley,

1112 1883 146 42 Calif,
1328 1884 15 48 (CA
1428 1881 177 41 29-146
1634 1881 237 48 Unrev’d)

146 1953 305 62 Cameron,
483 1950 206 65 Jenks,
724 1952 173 54 1879-

275 2025 1868 76 … The Bureau of biological survey; its history, activities
144 2110 114 54 and
297 2109 416 70 organization,
751 2108 76 70 by
866 2106 180 57 Jenks
1090 2106 296 56 Cameron.
1465 2107 335 69 Baltimore,
1838 2106 142 71 Md.,
2019 2106 123 57 The

140 2189 183 55 Johns
357 2188 270 70 Hopkins
663 2207 177 49 press,
875 2188 150 53 1929.

247 2265 1898 55 x, 339 p. incl. illus. (map) tables. 22½ ᶜᵐ. (Institute for government
142 2328 240 41 research.
440 2326 191 42 Service
657 2325 324 49 monographs
1009 2326 51 40 of
1088 2326 81 41 the
1196 2326 180 40 United
1406 2324 162 43 States
1597 2328 328 46 government,
1952 2337 76 31 no.
2057 2325 80 50 54)

213 2383 391 42 “Publications”:
665 2395 44 37 p.
740 2383 202 41 217-251;
1004 2383 351 48 Bibliography:
1414 2394 45 37 p.
1490 2382 220 43 323-334.

146 2437 54 53 ©
237 2442 111 40 Jan.
384 2440 72 50 25,
491 2440 144 48 1929;
672 2441 69 41 2c.
778 2441 96 39 and
911 2440 83 42 aff.
1032 2440 113 41 Feb.
1180 2441 55 46 4;
1275 2440 42 39 A
1353 2439 142 49 5089;
1535 2439 273 50 Brookings
1845 2439 299 49 institution,

214 2497 336 50 Washington.
619 2497 251 49 (29-3540)

146 2562 342 67 Cescinsky,
521 2562 279 66 Herbert,
838 2563 171 55 1875-

215 2640 245 70 English
499 2641 114 53 and
650 2640 309 53 American
1001 2640 317 68 furniture;
1361 2660 31 33 a
1432 2639 269 70 pictorial
1739 2641 307 54 handbook
2083 2642 66 53 of

146 2717 290 55 furniture
460 2719 166 52 made
651 2719 60 52 in
738 2717 178 56 Great
942 2718 232 54 Britain
1201 2719 114 52 and
1341 2719 61 52 in
1427 2719 97 54 the
1550 2719 309 53 American
1885 2718 263 71 colonies,

143 2815 151 35 some
335 2797 60 53 in
435 2797 97 52 the
572 2796 284 53 sixteenth
898 2801 238 65 century
1176 2796 104 53 but
1320 2795 354 71 principally
1715 2797 61 53 in
1818 2798 97 52 the

145 2814 1978 128 seventeenth,
381 2874 327 71 eighteenth
736 2875 112 52 and
877 2874 157 70 early
1058 2875 331 52 nineteenth
1417 2874 296 55 centuries.
1778 2876 92 68 By
1897 2874 252 55 Herbert

147 2947 2001 75 Cescinsky … and George Leland Hunter … with more than
146 3034 100 49 400
274 3030 395 54 illustrations.
734 3029 200 56 Grand
963 3030 240 70 Rapids,
1230 3031 194 67 Mich.,
1451 3030 123 54 The
1599 3030 375 55 Dean-Hicks
146 3049 1979 128 company,
350 3110 149 51 1929.

216 3190 753 51 2 p. l., [7]-312 p. illus. 24 ᶜᵐ.
219 3246 309 42 “Craftsmen
553 3248 96 38 and
675 3248 205 40 authors
906 3246 52 42 of
984 3247 170 48 design
1179 3248 148 40 books
1355 3248 50 39 in
1432 3248 223 49 England
1684 3249 49 39 in
1761 3249 82 40 the
1871 3247 278 50 eighteenth

148 3303 258 48 century”:
439 3315 44 37 p.
513 3303 220 41 302-304.

216 3358 377 51 Bibliography:
628 3371 44 37 p.
704 3359 219 43 308-312.

153 3411 52 53 ©
232 3417 110 40 Jan.
364 3415 72 50 22,
463 3416 141 48 1929;
632 3417 68 41 2c.
726 3418 96 39 and
848 3417 83 41 aff.
959 3416 110 44 Jan.
1092 3417 85 48 28;
1205 3418 42 39 A
1273 3418 141 47 5145;
1444 3417 312 43 Dean-Hicks
1784 3429 68 31 co.

231 3471 251 52 (29-3668)

153 3537 326 66 Champion
509 3539 69 53 de
611 3539 349 67 Crespigny,
987 3541 154 53 Rose
1169 3541 149 65 Key.

224 3617 120 52 The
383 3616 188 55 riddle
609 3617 65 53 of
711 3619 97 52 the
846 3619 295 69 emeralds,
1178 3620 78 68 by
1294 3620 139 52 Mrs.
1474 3620 200 70 Philip
1718 3620 324 69 Champion
2084 3622 67 53 de

155 3692 336 72 Crespigny.
568 3696 362 66 [Instalment
961 3699 50 66 4]

233 3777 84 48 (In
346 3773 201 45 London
576 3775 203 52 Sunday
809 3775 209 53 graphic
1047 3776 96 43 and
1176 3776 202 53 Sunday
1409 3775 198 53 herald)

157 3824 1994 122 © 1c. Feb. 19, 1929; A ad int. 12350; pubd. Dec. 23, 1928; R. K. Champion de Crespigny, i. e. Mrs. Philip Champion de Crespigny, London.
