2533 4342
1337 3985 133 49 1360

413 338 268 64 Warren,
712 337 239 65 Austin,
982 343 171 49 1899-

479 416 329 52 Alexander
840 418 159 65 Pope
1034 436 60 33 as
1129 416 162 52 critic
1326 418 111 51 and
1472 415 311 69 humanist,
1814 417 77 68 by
1924 416 210 54 Austin
2169 419 246 53 Warren

470 493 1478 69 … Princeton, Princeton university press, 1929.
479 576 86 40 viii
596 586 57 37 p.,
684 577 24 38 1
775 607 8 15 l.,
814 575 88 41 289
930 587 43 37 p.
1035 575 147 41 23½ᶜᵐ.
1251 575 302 50 ([Princeton
1585 575 288 50 university]
1937 575 259 41 Princeton
2228 577 187 41 studies

409 632 49 40 in
490 632 216 49 English,
738 644 76 29 no.
882 633 14 48 1)

481 689 263 41 Published
779 690 103 40 also
917 700 54 30 as
1008 689 154 40 thesis
1205 689 108 48 (ph.
1349 690 65 46 d.)
1460 689 260 41 Princeton
1755 689 288 48 university.

482 746 378 48 “Bibliography
885 745 53 41 of
963 747 162 40 works
1149 746 156 40 cited”:
1362 758 42 36 p.
1435 746 249 49 [279]-281.

414 800 51 52 ©
501 805 112 47 Apr.
649 805 69 41 12.
751 803 142 47 1929;
929 804 69 40 2c.
1033 804 119 43 Aug.
1187 804 82 41 27:
1308 803 82 41 aff.
1425 804 120 47 Aug.
1581 804 83 41 24;
1702 804 39 39 A
1776 804 171 40 12036:
1985 804 258 41 Princeton
2281 805 131 39 univ.

478 872 151 37 press.
698 860 281 48 (29-18240)

411 943 291 60 Webster,
733 943 195 54 Doris.

475 1020 125 52 Tell
632 1038 145 51 your
810 1039 125 33 own
971 1019 252 57 fortune,
1255 1021 77 69 by
1363 1021 175 53 Doris
1570 1021 263 53 Webster
1869 1022 112 52 and
2016 1022 172 70 Mary
2221 1022 190 54 Alden

404 1098 2007 69 Hopkins … In four parts. l. Your past; 2. Your future; 3.
404 1178 131 51 You
566 1195 103 35 can
700 1178 216 66 change
947 1195 145 51 your
1125 1176 149 57 fate;
1308 1181 47 48 4.
1388 1178 152 52 Let’s
1573 1177 163 54 make
1769 1196 220 51 money.
2057 1179 139 53 New
2230 1180 181 53 York.

402 1256 259 66 London,
689 1255 121 52 The
841 1254 258 70 Century
1128 1273 78 35 co.
1243 1258 172 64 [1929]

473 1335 878 50 3 p. l ., 3-166 p. 19½ᶜᵐ. $1.00
410 1390 52 53 ©
490 1395 120 48 Aug.
638 1394 68 43 16,
734 1394 142 42 1929;
906 1395 67 40 2c.
1003 1395 95 39 and
1128 1394 83 40 aff.
1239 1394 119 46 Aug.
1386 1395 50 38 21:
1499 1395 40 38 A
1567 1393 172 42 10849:
1771 1395 215 40 Century
2015 1407 67 29 co.

486 1451 281 49 (29-17242)

405 1516 196 64 Wells,
634 1518 258 52 Herbert
925 1517 247 64 George.

480 1597 122 52 The
638 1597 212 52 science
888 1596 65 54 of
987 1596 105 53 life
1152 1598 92 65 [by]
1288 1597 75 50 H.
1404 1595 68 54 G.
1507 1598 198 54 Wells,
1742 1597 199 53 Julian
1982 1598 234 69 Huxley
2259 1598 149 68 [and]

408 1674 68 54 G.
510 1676 63 50 P.
607 1675 179 53 Wells.
886 1679 118 63 [pt.]
1047 1679 79 48 11.
1160 1675 175 51 From
1368 1674 231 69 embryo
1630 1679 60 48 to
1724 1675 177 52 adult.
1984 1675 275 68 [London.
2293 1675 123 53 The

407 1753 442 67 Amalgamated
879 1772 175 48 press,
1086 1756 151 63 1929]

475 1833 1236 48 321-352 p. col. front., illus., diagrs. 27½ ᶜᵐ .
409 1886 1997 53 © 1c. Sept. 21, 1929; A ad int. 13062; pubd. July 25: H. G. Wells, Julian
478 1947 44 41 S.
548 1948 197 46 Huxley
770 1948 94 38 and
891 1946 186 47 George
1101 1947 165 48 Philip
1288 1948 163 43 Wells,
1480 1948 213 39 London.

406 2013 217 64 White,
652 2016 137 53 Mrs.
819 2013 166 53 Ellen
1017 2013 186 54 Gould
1239 2014 327 64 (Harmon)
1604 2016 328 54 1827-1915.

470 2091 323 69 Principles
825 2091 63 54 of
917 2100 128 47 true
1075 2092 241 58 science;
1350 2111 80 36 or.
1464 2094 271 55 Creation
1767 2093 58 53 in
1855 2094 97 53 the
1982 2094 152 63 light
2164 2095 65 52 of
400 2114 1985 115 revelation;

644 2190 26 32 a
703 2170 373 69 compilation
1109 2170 152 55 from
1291 2172 97 52 the
1418 2171 166 54 Bible
1615 2172 114 53 and
1760 2173 96 52 the
1888 2172 187 67 Spirit
2103 2173 65 52 of
400 2173 1986 146 prophecy

537 2248 65 52 of
642 2250 94 51 the
778 2249 226 69 plainly
1044 2249 219 53 factual
1306 2250 112 53 and
1459 2249 304 67 sublimely
1803 2250 270 68 spiritual
2114 2252 192 52 truths
2346 2251 65 52 of

399 2328 250 54 creation
681 2329 112 52 and
824 2327 150 53 their
1005 2327 355 68 application
1392 2333 57 47 to
1478 2328 215 53 human
1725 2327 121 54 life.
1922 2330 175 52 From
2126 2330 96 51 the
398 2329 1988 146 writings

555 2406 64 52 of
648 2408 140 51 Mrs.
820 2406 167 53 Ellen
1021 2407 66 55 G.
1119 2406 211 54 White.
1444 2407 453 53 <Recommended
1929 2409 76 63 by
2033 2408 95 52 the
398 2410 1988 127 Department

589 2484 64 52 of
689 2484 298 53 education
1029 2484 64 52 of
1127 2486 96 51 the
1261 2485 246 53 General
1544 2484 332 53 conference
1913 2485 65 52 of
2017 2486 391 68 Seventh-day

397 2563 339 54 Adventists>
844 2564 257 52 Takoma
1135 2563 175 56 Park,
1343 2565 71 52 D.
1451 2564 82 57 C.,
1566 2562 387 71 Washington
1987 2564 211 68 college
2233 2583 176 50 press,

400 2647 148 49 1929.

467 2725 86 40 720
581 2736 42 37 p.
685 2724 145 41 18½ᶜᵐ.

469 2782 287 48 Previously
784 2782 256 48 published
1069 2792 55 29 as
1153 2783 96 38 two
1278 2781 149 40 books
1458 2782 154 39 under
1641 2781 136 40 titles:
1839 2780 194 42 Science
2063 2780 49 41 in
2143 2782 82 39 the
2254 2781 154 48 Bible,

399 2841 94 39 and
535 2839 270 48 Principles
844 2838 53 40 of
937 2841 109 37 true
1087 2838 200 41 science.
1347 2838 119 40 This
1508 2838 181 40 edition
1734 2837 41 41 is
1818 2839 104 39 also
1965 2838 190 41 revised
2196 2840 95 38 and

398 2849 1992 96 enlarged.
641 2898 63 47 cf.
739 2897 262 40 Foreword
1037 2896 168 48 signed:
1275 2894 190 41 Marion
1503 2896 53 39 E.
1596 2895 149 47 Cady.

406 2951 51 52 ©
486 2956 115 45 May
629 2954 39 41 9.
698 2954 141 42 1929;
869 2955 68 38 2c.
966 2955 95 37 and
1091 2953 81 40 aff.
1204 2954 77 38 May
1345 2953 83 41 29:
1460 2953 38 38 A
1529 2953 143 39 8399:
1704 2953 189 39 Marion
1926 2954 52 39 E.
2010 2953 146 46 Cady,
2186 2953 213 38 Takoma.

472 3012 143 42 Park,
647 3012 56 39 D.
735 3010 48 42 C.
852 3010 282 48 (29-15062)

401 3077 218 63 White,
652 3076 219 55 Frank.

536 3153 1872 70 … White on corporations, state of New York, containing
403 3234 95 54 the
540 3234 138 54 laws
721 3254 59 34 as
820 3235 276 53 amended
1138 3239 58 48 to
1237 3234 263 64 January
1545 3238 47 53 1,
1636 3236 152 51 1930,
1828 3233 262 65 together
2128 3232 137 54 with
403 3234 1977 138 decisions,

662 3313 449 56 commentaries,
1148 3312 180 52 forms
1368 3312 107 53 and
1519 3312 349 68 precedents,
1902 3313 76 68 by
2015 3312 154 51 Hon.
2207 3310 200 52 Frank

401 3389 1823 66 White, M. A. Bender ed., by Alden T. Rosbrook … with
404 3389 1975 133 foreword
583 3469 77 65 by
684 3469 173 53 Louis
882 3469 279 51 Marshall;
1222 3468 138 51 with
1389 3468 387 52 introduction
1801 3468 76 66 by
1901 3467 199 52 Frank
2128 3467 55 54 S.
2214 3467 190 66 Sharp

464 3545 1940 68 … Albany, N. Y. and New York, N. Y., Matthew Bender &
401 3643 298 48 company,
726 3624 127 57 inc.,
881 3626 151 50 1929.

467 3704 276 41 3 v. 26 ᶜᵐ .
808 3770 46 30 CONTENTS.—v.
881 3758 42 42 5.
950 3760 236 40 Railroad
1213 3761 217 39 law.—v.
1459 3757 42 43 6.
1529 3759 373 41 Miscellaneous
1930 3759 396 48 provisions.—v.
2357 3759 41 41 7.

400 3816 186 41 Forms.

403 3869 51 52 ©
493 3873 126 47 Sept.
654 3873 69 43 13,
757 3872 140 43 1929;
933 3873 69 40 2c.
1037 3873 117 40 each
1191 3872 127 48 Sept.
1353 3872 82 47 14;
1473 3872 81 41 aff.
1594 3873 129 47 Sept.
1758 3872 82 47 16;
1877 3872 41 39 A
1951 3873 170 46 12364;
2160 3873 238 39 Matthew

472 3930 194 40 Bender
692 3929 36 41 &
755 3940 81 37 co.,
864 3929 91 41 inc.
