2533 4342
1307 3968 136 49 1520

457 402 175 40 Edited
659 402 62 47 by
746 403 60 39 H.
834 403 54 39 B.
915 402 212 40 Wahlin.
1188 403 62 46 cf.
1277 403 129 39 Pref.
1435 406 49 37 to
1512 404 80 39 the
1619 405 59 38 2d
1707 404 197 40 edition.

395 454 52 52 ©
477 459 128 48 Sept.
632 459 69 47 20,
728 459 119 39 1929;
900 461 67 38 2c.
996 461 96 38 and
1120 459 82 41 aff.
1233 459 128 48 Sept.
1389 460 56 39 24;
1504 459 40 40 A
1571 460 145 40 12506;
1775 461 352 40 McGraw-Hill
2156 463 123 39 book
2307 474 84 36 co.,

462 515 91 42 inc.
624 515 280 49 (29-20287)

392 596 204 64 Terry,
627 596 222 54 Robert
880 598 222 64 James,
1134 599 169 53 1871-

454 673 96 52 An
579 673 391 53 introduction
1001 680 58 46 to
1088 675 96 51 the
1214 675 171 68 study
1416 675 64 52 of
1509 676 214 52 human
1756 682 286 63 anatomy,
2073 678 75 68 by
2178 678 215 52 Robert

385 751 1936 73 James Terry … New York, The Macmillan company, 1929.
454 834 638 48 xviii p., 1 l., 346 p. 24½ᶜᵐ.
456 891 100 40 One
582 891 102 39 leaf
709 890 52 40 of
789 891 209 39 “Errata
1026 891 120 40 with
1173 891 325 40 corrections”
1525 891 215 41 inserted
1768 893 216 39 between
2010 905 43 36 p.
2079 894 84 38 xiv
2190 896 94 38 and
2312 907 78 29 xv.

454 947 234 40 Contains
730 946 365 41 “References”.

393 999 52 52 ©
477 1003 128 48 Sept.
635 1003 69 48 24,
733 1003 114 40 1929;
903 1003 69 42 2c.
1002 1005 96 38 and
1128 1003 82 41 aff.
1243 1003 128 49 Sept.
1400 1004 56 40 25;
1515 1004 41 39 A
1585 1004 147 40 13629;
1789 1005 284 41 Macmillan
2101 1018 68 29 co.

469 1059 281 50 (29-20291)

376 1143 345 63 Townsend,
750 1144 63 54 F.
844 1144 92 63 H.,
999 1145 116 53 illus.

464 1221 429 66 [Illustrations]
924 1220 78 70 by
1026 1222 66 51 F.
1119 1222 76 52 H.
1223 1222 320 52 Townsend
1577 1223 78 65 [in
1682 1223 95 51 the
1802 1223 148 52 book
1978 1225 256 66 entitled]
2269 1225 122 53 The

386 1298 1979 131 tiger’s mistake, tales of Malay magic, by Walter Skeat … Introduction
747 1377 76 67 by
857 1378 274 68 Margery
1166 1378 266 68 Quigley.
1504 1379 139 52 New
1681 1380 180 66 York,
1896 1380 124 52 The
2053 1378 335 54 Macmillan

386 1473 299 50 company,
723 1458 150 49 1929.

455 1537 83 41 xii.
566 1536 55 40 92
647 1548 56 37 p.,
731 1538 18 38 4
804 1570 7 7 l.
839 1537 109 41 incl.
974 1537 166 48 front.,
1168 1538 129 39 illus.,
1340 1539 172 47 plates,
1540 1548 127 37 map.
1753 1538 29 38 16½ᶜᵐ.

389 1589 52 52 ©
470 1594 121 47 Aug.
621 1595 68 44 27,
722 1594 141 40 1929;
896 1596 67 38 2c.
996 1596 95 38 and
1123 1594 82 41 aff.
1237 1595 119 46 Aug.
1387 1595 59 39 28;
1505 1596 40 38 A
1575 1594 146 41 13085;
1783 1595 280 40 Macmillan
2095 1607 67 28 co.

383 1674 274 64 Troland,
688 1675 268 53 Leonard
986 1674 357 65 Thompson,
1377 1680 171 49 1889-

458 1754 122 52 The
623 1754 313 68 principles
979 1755 66 53 of
1088 1754 562 69 psychophysiology;
1726 1776 31 32 a
1801 1774 206 50 survey
2048 1756 64 52 of
2155 1756 236 52 modern

387 1832 2004 70 scientific psychology, by Leonard T. Troland … with original
375 1910 2010 69 drawings by the author … v. 1. New York. D. Van Nostrand
382 2005 298 51 company,
723 1988 127 53 inc.,
896 1991 151 49 1929.

454 2069 1325 50 3 p. l., v-xix p., 1 l., 429 p. illus., diagrs. 22½ᶜᵐ.
451 2126 350 50 Bibliography:
861 2138 43 29 v.
936 2127 40 45 1,
1008 2138 43 36 p.
1079 2126 219 41 405-417.

385 2180 52 52 ©
468 2183 127 49 Sept.
623 2185 69 42 13,
720 2184 114 39 1929;
890 2184 68 41 2c.
989 2184 129 48 Sept.
1146 2185 55 38 21;
1260 2184 82 41 aff.
1374 2184 128 48 Sept.
1529 2184 59 40 26;
1643 2185 42 38 A
1713 2184 144 39 12598;
1916 2186 56 38 D.
2002 2186 105 38 Van
2135 2186 249 39 Nostrand

454 2252 82 36 co.,
566 2241 90 40 inc.
725 2240 283 50 (29-20238)

383 2307 130 52 Van
540 2308 320 63 Wagenen,
888 2310 140 51 Mrs.
1056 2307 228 53 Beulah
1319 2307 238 64 (Clark)
1596 2313 171 50 1900-

447 2384 530 53 Extra-curricular
1028 2385 284 53 activities
1364 2385 56 52 in
1471 2385 95 52 the
1618 2386 240 62 colleges
1909 2385 63 52 of
2022 2386 95 51 the
2169 2385 216 53 United

376 2462 292 52 Lutheran
702 2462 210 53 church
944 2462 61 52 in
1036 2463 263 52 America;
1367 2482 31 33 a
1429 2481 206 50 survey
1668 2464 111 52 and
1813 2482 289 49 program,
2132 2463 76 69 by
376 2465 1984 128 Beulah

502 2540 1883 70 Clark Van Wagenen … New York city, Teachers college,
377 2618 300 53 Columbia
711 2618 337 69 university,
1084 2621 150 50 1929.

443 2701 1937 48 3 p. l., 156 p. incl. diagrs.. forms. 234 ᶜᵐ. (Teachers college, Columbia
373 2758 286 47 university.
723 2757 369 41 Contributions
1126 2763 49 34 to
1208 2758 273 47 education,
1514 2770 75 27 no.
1622 2758 112 44 380)

448 2815 1937 48 “The purpose … is to present facts on the non-athletic extra-curricular
376 2872 1041 47 activities of the Lutheran colleges.”— p. l.
443 2928 264 40 Published
738 2929 103 39 also
871 2938 54 29 as
955 2928 155 40 thesis
1149 2928 109 40 (PH.
1321 2928 33 40 D.)
1395 2928 247 41 Columbia
1679 2928 273 46 university

443 2984 262 40 Published
736 2985 105 39 also
871 2994 54 29 ns
956 2987 66 44 pt.
1052 2994 39 34 v,
1124 2985 136 47 chap,
1311 3008 29 3 I-V
1399 2984 52 41 of
1480 2986 81 39 the
1594 2984 216 46 “Survey
1841 2984 52 40 of
1922 2984 171 48 higher
2121 2986 261 39 education

370 3041 80 39 for
477 3041 82 40 the
590 3040 179 41 United
798 3040 253 40 Lutheran
1080 3041 181 40 church
1291 3040 48 39 in
1372 3040 265 42 America”.
1670 3041 127 40 1929.

441 3096 352 48 Bibliography:
858 3108 43 37 p.
938 3097 218 40 154-156.

380 3149 52 52 ©
463 3154 120 47 Aug.
614 3153 68 48 13,
714 3153 140 40 1929:
887 3155 67 38 2c.
990 3153 128 48 Sept.
1151 3153 53 47 5;
1238 3153 83 42 aff.
1356 3154 128 47 Sept.
1515 3153 56 40 10;
1632 3154 42 39 A
1704 3154 143 40 13281;
1910 3155 241 40 Teachers
2184 3155 192 44 college.

448 3209 253 41 Columbia
730 3209 131 41 univ.
930 3209 281 49 (29-20282)

374 3276 294 64 Watkins,
700 3277 235 53 Gordon
963 3278 40 54 S
1291 3283 172 49 1889-

449 3355 1871 69 Labor problems, by Gordon S. Watkins … Rev. ed. …
376 3433 1560 69 New York, Thomas Y. Crowell company [ ᶜ1 929]
445 3513 1933 50 xvi. 726 p. diagrs. (1 fold.) 21 ᶜᵐ. (Crowell’s social science series,
374 3571 73 39 ed.
473 3571 63 46 by
565 3571 44 40 S.
640 3570 254 47 Eldridge)

446 3626 211 48 “Eighth
689 3627 219 48 printing
950 3628 158 44 (First
1143 3628 219 48 printing
1392 3629 54 39 of
1477 3628 192 41 revised
1703 3628 247 47 edition)”

445 3684 277 42 Published,
759 3684 128 42 1922,
926 3686 154 38 under
1116 3685 108 41 title:
1289 3685 73 39 An
1399 3685 333 41 introduction
1770 3689 49 37 to
1855 3687 82 39 the
1973 3687 146 46 study
2153 3685 52 40 of
2241 3687 137 39 labor

374 3740 255 48 problems.

448 3797 293 41 “Collateral
779 3797 257 45 readings”
1073 3801 49 37 at
1158 3799 90 39 end
1285 3798 52 39 of
1370 3800 126 38 most
1531 3799 54 39 of
1617 3799 85 40 the
1734 3799 242 47 chapters.

379 3849 52 53 ©
468 3853 128 49 Sept.
629 3854 69 45 25,
734 3854 141 45 1929;
911 3855 68 40 2c.
1015 3857 94 38 and
1145 3855 82 40 aff.
1265 3855 128 44 Sept.
1428 3856 59 40 28;
1547 3856 41 39 A
1621 3857 146 39 13723;
1830 3856 211 40 Thomas
2076 3857 54 41 Y.
2167 3856 204 39 Crowell

445 3921 67 30 co.
576 3910 279 48 (29-20227)
