2512 4377
1262 4037 101 52 640

313 372 196 64 Wells,
542 373 260 52 Herbert
837 373 247 64 George.

383 451 120 52 The
539 451 213 53 science
787 450 65 54 of
886 451 106 53 life
1034 451 110 69 [by]
1186 453 76 51 H.
1303 451 67 55 G.
1408 453 197 68 Wells,
1642 454 203 53 Julian
1881 456 237 69 Huxley
2179 457 131 67 [and]

312 528 68 55 G.
418 530 65 51 P.
520 529 179 55 Wells.
813 533 101 64 [pt.]
955 532 46 50 2.
1042 530 123 53 The
1200 530 151 68 body
1389 531 259 53 machine
1687 537 61 48 at
1784 532 174 54 work.
2039 531 277 72 [London,

311 608 121 51 The
461 607 444 69 Amalgamated
935 626 177 49 press,
1142 608 123 67 ltd.,
1298 611 153 64 1929]

379 689 146 40 33-64
552 700 43 37 p.
653 689 86 40 col.
767 688 164 41 front.,
961 689 143 48 illus.,
1136 690 179 48 diagrs.
1373 690 117 41 28ᶜᵐ.

381 744 296 41 Cover-title.

313 797 1999 56 © 1c. May 20, 1929; A ad int. 12694; pubd. Mar. 21; H. G. Wells, Julian
381 857 43 40 S.
459 857 208 46 Huxley,
702 859 96 40 and
833 857 183 47 George
1050 858 164 48 Philip
1246 859 163 47 Wells,
1445 860 212 47 London,
1694 861 237 47 England.

0 0 0 0 The science of life [by] H. G. Wells, Julian Huxley [and]
477 950 1538 71 G. P. Wells. [pt.] 3. Life feels and reproduces. [London, The
308 955 1981 125 Amalgamated
533 1046 175 49 press,
741 1029 123 67 ltd.,
900 1032 153 64 1929]

379 1110 829 48 65-96 p. col. front., illus. 28 ᶜᵐ.
380 1166 297 40 Cover-title.

311 1217 2000 58 © 1c. May 31, 1929; A ad int. 12720; pubd. Apr. 4; H. G. Wells, Julian
381 1278 44 39 S.
460 1278 196 47 Huxley
689 1280 96 38 and
820 1278 186 49 George
1039 1280 163 48 Philip
1234 1281 163 47 Wells,
1433 1281 213 41 London.

311 1372 270 64 Wilkins,
611 1373 163 52 Eliza
805 1373 287 65 Gregory,
1124 1376 171 53 1877-

379 1451 121 52 The
537 1451 248 68 Delphic
820 1451 245 54 maxims
1102 1452 58 52 in
1199 1452 317 69 literature,
1551 1452 75 70 by
1665 1453 166 53 Eliza
1869 1453 264 72 Gregory
306 1456 1984 125 Wilkins.

519 1527 272 70 Chicago,
821 1529 113 67 Ill.,
965 1530 120 53 The
1117 1530 340 69 University
1490 1531 64 53 of
1585 1530 255 71 Chicago
1871 1551 159 50 press
2087 1536 152 65 [1929]

379 1610 755 49 ix, 271 p. front., illus. 20 ᶜᵐ.
381 1668 235 41 Contains
652 1679 27 28 a
717 1667 191 41 résumé
942 1668 52 40 of
1029 1669 82 39 the
1146 1668 229 41 material
1413 1669 270 48 published,
1720 1670 127 47 1917,
1886 1670 49 39 in
1975 1671 82 40 the
2095 1673 221 41 author’s

311 1726 185 40 “Know
526 1725 211 48 thyself’
770 1726 221 44 together
1022 1725 118 41 with
1170 1737 27 29 a
1230 1726 146 47 study
1407 1726 52 41 of
1490 1726 81 41 the
1602 1727 140 41 other
1773 1730 95 38 two
1900 1728 208 41 maxims
2139 1740 57 29 on
2233 1730 82 41 the

307 1782 2014 51 Delphic temple. M ἄγαηδϵ̀ v v (“Nothing too much”) and ’E γγν́α , πάρα δ’ ἄ τη
319 1841 174 48 (“Give
526 1851 26 29 a
587 1841 183 47 pledge,
806 1851 54 29 or
894 1840 106 45 give
1035 1840 229 47 security,
1300 1842 95 38 and
1433 1841 189 40 trouble
1657 1841 42 40 is
1735 1844 50 37 at
1823 1841 185 48 hand”)
2054 1853 125 30 were
307 1854 1991 91 previously
528 1897 256 49 published
814 1897 49 39 in

895 1897 236 40 Classical
1162 1897 247 49 philology
1439 1897 79 41 for
1547 1897 114 40 1926
1693 1899 94 39 and
1818 1898 128 48 1927,
1981 1899 334 50 respectively.

308 1955 61 47 cf.
407 1955 129 39 Pref.

380 2012 178 39 “Notes
589 2013 94 38 and
717 2010 332 41 references”:
1083 2021 40 37 p.
1158 2009 219 42 214-259.

309 2066 52 52 ©
387 2070 110 40 Feb.
524 2069 55 39 15,
620 2069 141 46 1929;
789 2070 67 39 2c.
884 2070 122 39 Mar.
1033 2068 53 47 9;
1115 2067 82 42 aff.
1225 2069 122 40 Mar.
1375 2068 51 47 8;
1456 2068 40 39 A
1523 2068 142 46 5728;
1695 2069 285 48 University
2007 2069 52 41 of
2086 2069 223 49 Chicago.

387 2125 282 48 (29-10392)

307 2221 242 63 Wilson,
581 2222 207 61 Henry
816 2220 53 50 H
1161 2223 171 49 1854-

377 2296 1934 70 Occasional addresses of Henry H. Wilson … edited by
308 2374 2004 69 Charles Telford Fairfield … Lincoln, Neb., C. T. Fairfield,
309 2458 149 50 1929.

374 2534 1033 52 3 p. l., [3]-445 p. front. (port.) 24ᶜᵐ.
376 2593 163 41 “First
571 2592 227 41 edition.”

308 2646 52 52 ©
391 2653 121 38 Mar.
541 2651 68 41 23,
640 2649 141 46 1929;
810 2650 70 40 2c.
910 2648 114 48 Apr.
1053 2649 82 45 27;
1168 2648 83 41 aff.
1281 2648 112 48 Apr.
1424 2649 82 45 26;
1539 2648 41 40 A
1610 2649 140 46 7754;
1786 2649 59 39 Η.
1878 2649 59 39 H.
1969 2648 200 47 Wilson,
375 2649 1915 104 Lincoln,
526 2707 116 39 Neb.
710 2705 282 49 (29-10323)

307 2787 195 64 Wolff,
542 2787 186 54 Hans.

309 2863 1982 151 Die natürlichen harze, von dr. H. Wolff … mit 5 abbildungen,
483 2949 33 48 4
563 2944 184 53 tafeln
797 2946 117 51 und
963 2948 29 48 5
1042 2944 262 52 tabellen.
1384 2942 313 69 Stuttgart,
1744 2943 571 54 Wissenschaftliche

346 3021 559 71 verlagsgesellschaft
935 3041 72 33 m.
1040 3022 51 53 b.
1123 3022 74 68 h.,
1230 3024 149 51 1928.

305 3102 2005 107 xvi, 379 p. incl. illus., tables. 24 ½ᶜᵐ . ( Added t.-p.: Monographien aus dem gebiete der
767 3159 601 47 fett-chemie … bd. X)
374 3217 416 48 Bibliographical
821 3216 279 41 foot-notes.

307 3271 1999 52 © Oct. 30, 1928; 1c. Feb. 5, 1929; A—Foreign 1922; Wissenschaftliche
408 3329 481 49 verlagsgesellschaft
925 3341 60 28 m.
1023 3330 42 39 b.
1103 3329 45 39 h.
1224 3328 282 49 (29-10586)

306 3410 207 64 Wylie,
543 3412 139 53 Mrs.
714 3409 202 52 Elinor
953 3409 224 64 (Hoyt)
1213 3412 53 52 d.
1301 3414 150 49 1928.

436 3485 1873 71 … Angels and earthly creatures … New York, London,
304 3566 70 52 A.
406 3565 69 52 A.
505 3563 226 70 Knopf,
763 3567 150 50 1929.

375 3645 943 51 xi, 63, [2] p. front. (port.) 22 ½ᶜᵐ .
374 3705 185 39 Poems.

375 3760 65 40 At
464 3760 126 39 head
617 3759 51 41 of
696 3759 108 40 title
822 3769 9 30 :
861 3758 172 41 Elinor
1057 3757 172 48 Wylie.

376 3816 164 40 “First
569 3816 96 39 and
696 3816 174 39 second
902 3814 243 49 printings
1175 3814 168 40 before
1373 3814 344 48 publication.”

378 3873 68 38 “A
471 3872 148 40 check
643 3872 85 40 list
754 3872 51 40 of
832 3872 82 39 the
939 3871 223 46 writings
1190 3871 51 40 of
1268 3870 170 41 Elinor
1464 3870 186 46 Wylie”
1668 3882 10 29 :
1708 3882 42 37 p.
1782 3871 86 49 [64]

309 3925 52 52 ©
389 3929 114 47 Apr.
531 3929 69 40 26,
630 3928 140 45 1929;
800 3929 68 40 2c.
897 3929 95 38 and
1022 3928 82 41 aff.
1133 3928 114 48 Apr.
1277 3926 82 48 29;
1390 3928 42 39 A
1460 3928 140 47 7788;
1631 3928 173 41 Alfred
1833 3929 55 39 A.
1918 3928 179 49 Knopf,
2129 3928 90 41 inc.

385 3984 279 49 (29-10540)
