2535 4403
1058 4076 99 48 535

170 454 1776 56 242 p. front. 19½ ᶜᵐ. [Mystery and adventure series for boys]
101 515 52 52 ©
179 520 115 47 Apr.
321 519 68 45 13,
417 517 113 40 1929;
586 517 68 41 2c.
681 517 97 39 and
804 516 83 40 aff.
915 516 113 47 Apr.
1056 515 81 45 18;
1168 513 41 39 A
1236 513 113 40 6615;
1408 513 55 40 A.
1491 513 51 40 L.
1570 513 127 39 Burt
1723 522 69 30 co.

178 575 250 49 (29-9375)

99 669 342 63 Hitchcock,
485 668 226 62 George
753 666 210 53 David.

169 750 1862 71 The art of amateur wrestling, by George D. Hitchcock …
102 826 1990 69 and David N. Minkow … South Bend, Ind., The Mirror
95 930 175 49 press,
297 911 126 66 inc.,
454 912 150 50 1929.

167 990 465 49 Ill p. illus. 19½ ᶜᵐ.
100 1044 52 52 ©
178 1050 122 37 Mar.
324 1048 68 46 15,
417 1046 113 41 1929;
585 1047 69 40 2c.
676 1046 115 47 Apr.
817 1046 25 39 8;
897 1044 83 40 aff.
1004 1045 114 47 Apr.
1142 1044 55 40 17;
1251 1044 41 38 A
1316 1042 114 42 7494;
1487 1042 54 41 G.
1567 1042 57 41 D.
1650 1042 282 43 Hitchcock,
167 1042 1907 110 Madison,

317 1105 95 39 and
442 1103 160 40 David
629 1103 57 40 N.
715 1102 227 47 Minkow,
973 1101 153 40 South
1154 1101 149 46 Bend,
1335 1101 106 39 Ind.
1507 1098 252 50 (29-9509)

99 1199 230 63 Horler,
359 1198 257 63 Sydney,
651 1202 171 49 1888-

169 1275 187 53 Heart
395 1280 94 47 cut
528 1274 291 67 diamond,
855 1273 78 68 by
974 1272 232 70 Sydney
1246 1272 230 52 Horler.
1552 1272 262 67 London,
1853 1271 241 53 Hodder

100 1354 112 52 and
247 1352 326 69 Stoughton
605 1352 223 52 limited
955 1354 83 63 [1929]

168 1435 87 40 316
284 1445 44 37 p.
387 1434 56 40 19½ᶜᵐ.

101 1488 1976 108 © 1c. Apr. 16, 1929; A ad int. 12551; pubd. Feb. 21; S. Horler, Bournemouth, Hants, England. (29-10184)
102 1644 211 63 Hume,
356 1642 178 64 Cyril,
580 1646 169 50 1900-

173 1721 56 52 A
259 1722 128 53 dish
419 1721 93 52 for
542 1721 96 53 the
667 1721 142 68 gods
845 1720 109 69 [by]
992 1719 161 70 Cyril
1184 1719 205 53 Hume.
1457 1718 232 54 Garden
1722 1719 153 69 City,
1905 1718 69 55 N.
2008 1718 92 68 Y.,

101 1801 357 68 Doubleday,
487 1800 200 52 Doran
718 1800 114 51 and
863 1816 298 51 company,
1192 1798 127 68 inc.,
1351 1800 149 53 1929.

173 1878 528 50 5 p. l., 3-374 p. 20 ᶜᵐ.
102 1934 52 52 ©
179 1937 115 49 Apr.
319 1938 39 47 5,
385 1937 115 40 1929;
553 1937 69 41 2c.
649 1938 94 38 and
770 1936 83 40 aff.
879 1936 114 48 Apr.
1020 1935 55 40 18;
1130 1936 41 38 A
1196 1934 114 41 6624;
1368 1934 50 42 C.
1445 1935 172 48 Hume,
1645 1935 118 40 New
1790 1935 146 40 York.

178 1994 252 48 (29-9373)

104 2087 207 63 Hurst,
341 2087 237 53 Samuel
608 2087 183 64 Need,
827 2089 170 52 1867-

168 2165 121 53 The
320 2164 327 54 mountains
679 2164 322 67 redeemed;
1036 2163 96 53 the
1165 2181 262 35 romance
1460 2162 64 54 of
1557 2163 96 53 the
1685 2163 346 68 mountains,
2065 2181 32 35 a

102 2248 122 47 true
254 2247 157 65 story
442 2242 64 53 of
535 2241 106 54 life
673 2243 112 52 and
818 2243 125 52 love
975 2243 58 51 in
1068 2240 324 56 Southwest
1424 2241 291 69 Virginia,
1747 2241 350 53 interwoven

106 2321 133 52 with
266 2339 73 33 an
365 2320 320 68 exposition
712 2319 64 53 of
802 2320 99 52 her
928 2319 298 53 mountain
1254 2318 104 54 life
1386 2320 114 52 and
1525 2319 97 53 the
1649 2319 177 53 weird
1853 2319 244 70 religion

99 2397 65 53 of
200 2398 96 53 the
332 2397 345 68 mountains,
716 2397 326 69 embracing
1079 2415 184 35 scores
1301 2397 64 53 of
1401 2398 328 67 humorous,
1767 2397 332 68 ridiculous,

99 2475 323 69 laughable,
456 2476 114 52 and
604 2476 186 68 tragic
823 2476 218 68 stories,
1076 2476 274 67 episodes,
1386 2476 113 52 and
1534 2476 283 52 incidents
1854 2476 113 52 and
2002 2476 96 53 the

99 2554 289 68 religious,
418 2554 200 67 moral,
650 2554 376 67 educational,
1058 2553 308 53 industrial
1400 2554 114 52 and
1548 2553 259 69 political
105 2555 1969 129 redemption

247 2630 1849 70 of the mountains, by Sam N. Hurst … illustrated by S. N.
100 2709 1866 70 Hurst, jr. … Appalachia, Va., Hurst and company, 1929.
169 2791 1186 49 xvii, 384 p. front., illus., plates, ports. 19½ ᶜᵐ.
170 2849 159 39 Based
364 2859 61 29 on
458 2848 81 42 the
571 2848 89 41 life
693 2848 52 40 of
779 2849 82 40 the
894 2848 191 42 author.

107 2899 51 53 ©
191 2906 122 38 Mar.
342 2905 68 42 15,
442 2904 140 47 1929;
615 2905 68 40 2c.
713 2906 123 40 Mar.
866 2906 83 46 30;
982 2905 82 40 aff.
1095 2906 115 48 Apr.
1240 2906 53 46 1;
1327 2907 41 37 A
1399 2906 140 40 7355:
1576 2905 47 42 S.
1653 2907 56 40 N.
1742 2907 170 44 Hurst,
171 2907 1907 101 Appalachia,
377 2961 86 41 Va.
531 2961 251 50 (29-9416)

106 3056 219 64 James,
356 3057 205 52 Norah
595 3058 60 54 C.

174 3131 1928 73 Sleeveless errand, a novel by Norah C. James … London,
103 3210 120 54 The
253 3209 316 56 Scholartis
598 3230 177 50 press,
805 3215 148 50 1929.

172 3293 571 50 4 p. l., 238, [1] p. 19 ᶜᵐ.
176 3349 212 41 “Second
420 3349 332 49 impression.”

177 3406 128 38 “The
339 3406 108 39 first
479 3406 184 39 edition
697 3406 208 40 consists
940 3408 52 37 of
1021 3406 85 40 500
1140 3407 172 48 copies,
1348 3409 52 38 of
1432 3409 158 38 which
1626 3409 55 39 50
1715 3419 83 30 are
1834 3410 210 47 signed.”

107 3456 1973 111 © 1c. Apr. 20, 1929; A ad int. 12579; pubd. Feb. 21; N. C. James, London. (29-10004)
106 3609 176 65 Kent,
321 3610 206 53 Edwin
562 3612 240 54 Newell.

179 3687 1921 73 The business side of dentistry, by Edwin N. Kent … St.
108 3764 192 68 Louis,
325 3765 122 53 The
475 3765 60 54 C.
565 3767 69 53 V.
662 3766 205 69 Mosby
893 3786 298 51 company,
1220 3771 150 50 1929.

177 3845 619 48 180 p. incl. forms. 24 ᶜᵐ.
181 3902 348 41 “References”:
591 3915 43 37 p.
667 3904 98 41 175.

110 3954 52 52 ©
188 3959 113 48 Apr.
327 3960 69 47 12,
422 3960 118 40 1929;
590 3962 69 41 20.
684 3963 94 38 and
806 3961 83 41 aff.
915 3963 114 47 Apr.
1056 3963 82 46 15;
1166 3964 41 38 A
1234 3963 141 48 7472;
1407 3964 49 42 C.
1485 3966 54 41 V.
1566 3966 169 48 Mosby
1762 3977 67 30 co.

188 4015 250 49 (29-9462)
