2542 4389
1055 4051 136 50 2055

210 486 424 49 ix, 245 p. 20 ᶜᵐ .
143 540 52 52 ©
230 544 110 40 Dec.
377 545 40 47 3,
450 544 142 47 1929;
626 544 69 40 2c.
730 545 111 39 Dec.
878 545 26 38 4;
970 544 82 40 aff.
1088 545 112 41 Dec.
1236 545 83 46 14;
1356 544 42 39 A
1434 543 170 47 17354;
1642 544 196 41 Horace
1870 542 266 48 Liveright,

209 599 90 41 inc.
370 599 281 48 (29-29525)

133 693 270 63 Haydon,
434 693 211 53 Albert
675 694 277 64 Eustace,
986 699 170 49 1880-

204 769 122 53 The
358 774 161 64 quest
552 769 65 53 of
649 769 96 54 the
779 787 150 51 ages,
962 770 75 69 by
1071 770 72 53 A.
1177 770 247 53 Eustace
1455 770 270 68 Haydon.
1801 770 139 52 New
1978 769 164 52 York

134 848 113 52 and
274 847 260 69 London,
561 846 235 69 Harper
825 849 46 51 &
898 848 279 67 brothers,
1209 850 151 50 1929.

202 930 698 48 xiii p., 1 l., 243 p. 21½ ᶜᵐ .
140 981 51 53 ©
221 987 111 40 Dec.
361 987 39 46 5,
429 987 140 46 1929;
598 987 67 39 2c.
695 987 112 41 Dec.
836 987 52 46 5;
920 986 82 41 aff.
1032 987 112 41 Dec.
1173 988 53 46 7;
1257 987 42 39 A
1326 987 171 47 16333;
1528 987 195 48 Harper
1751 986 37 41 &
1813 987 127 41 bros.

217 1042 280 49 (29-29726)

132 1134 184 65 Hays,
347 1135 132 53 Will
509 1136 52 52 H
853 1140 168 50 1879-

205 1213 1931 73 See and hear, by Will H. Hays … a brief history of motion
131 1291 249 69 pictures
415 1293 111 52 and
560 1293 95 52 the
691 1294 395 66 development
1122 1293 65 51 of
1218 1294 197 52 sound.
1516 1293 139 52 [New
1691 1293 181 68 York]
1917 1297 147 49 1929.

200 1372 671 49 63 p. plates, port. 19 ᶜᵐ .
137 1425 52 52 ©
227 1430 119 40 Nov.
384 1430 40 46 1,
463 1429 140 48 1929;
641 1430 67 42 2c.
749 1430 96 39 and
883 1429 82 41 aff.
1004 1430 119 41 Nov.
1163 1430 81 46 16;
1285 1430 42 39 A
1363 1430 171 47 15857;
1577 1430 186 41 Motion
1801 1430 191 49 picture

206 1442 1910 84 producers
405 1485 35 40 &
467 1486 317 40 distributors
811 1485 52 41 of
889 1486 237 40 America.
1156 1486 117 39 New
1301 1487 146 40 York.
1514 1486 282 49 (29-29545)

129 1578 218 63 Heath,
376 1578 177 53 Janet
584 1578 181 55 Field.

199 1657 121 53 The
346 1657 326 69 built-upon
701 1658 191 64 house,
918 1659 74 68 by
1021 1658 174 53 Janet
1221 1658 165 53 Field
1414 1658 215 65 Heath,
1656 1659 381 54 illustrations
2061 1660 74 69 by

130 1734 1767 71 Lloyd J. Dotterer. Chicago, A. Whitman & co. [ᶜ192 9]
200 1815 1931 51 126 p. incl. col. front., illus. (part col.) 23½ ᶜᵐ . [The artistic library.
199 1872 287 40 Illustrated
515 1875 95 45 t.-p.
639 1874 95 38 and
762 1872 351 47 lining-papers
1140 1873 48 41 in
1215 1874 169 38 colors.

135 1925 51 52 ©
222 1929 101 41 Oct.
358 1930 69 41 28.
461 1929 113 40 1929;
636 1930 68 40 2c.
738 1931 96 38 and
868 1929 83 42 aff.
987 1930 97 39 Dec
1133 1931 51 39 7:
1220 1930 42 38 A
1293 1929 172 41 17265:
1501 1930 171 40 Albert
1705 1930 253 40 Whitman
1993 1930 37 41 &
2064 1941 66 30 co.

211 1985 281 49 (29-29558)

128 2079 265 63 Henney,
424 2078 202 56 Keith.

197 2158 1935 70 Principles of radio, by Keith Henney … New York, J.
127 2235 189 70 Wiley
345 2238 45 49 &
418 2254 145 48 sons,
591 2237 136 64 inc.;
757 2236 260 67 London,
1047 2235 302 69 Chapman
1379 2239 46 49 &
1452 2237 162 69 Hall,
1640 2237 242 69 limited,
1913 2239 149 51 1929.

195 2315 1086 50 xii, 477 p. illus., diagrs. 20 ᶜᵐ . $3.50
195 2373 176 40 Tables
396 2383 60 31 on
483 2373 363 48 lining-papers.

133 2425 52 52 ©
219 2430 113 40 Dec.
365 2430 39 41 2.
439 2429 115 39 1929
570 2440 8 30 :
613 2430 68 40 2c.
716 2430 113 40 Dec.
863 2429 52 40 6:
953 2429 80 40 aff.
1069 2430 112 40 Dec.
1214 2431 54 39 4:
1306 2431 41 38 A
1379 2430 171 47 16214;
1586 2431 58 39 K.
1680 2431 218 47 Henney,
1936 2430 195 41 Garden

201 2485 123 49 City,
355 2487 55 40 N.
442 2486 52 40 Y.
565 2485 280 49 (29-29575)

125 2564 269 64 Herrick,
427 2565 159 63 Cyril
616 2565 195 64 Allyn,
846 2570 325 51 1885-1920.

197 2645 54 51 A
297 2646 313 68 genealogy
655 2645 65 51 of
765 2646 96 52 the
909 2645 209 69 family
1165 2645 64 53 of
1274 2645 335 52 Devereaux
1655 2645 65 52 of
1765 2645 95 51 the
1907 2644 115 54 line
2069 2645 63 53 of

125 2723 293 53 Jonathan
460 2723 352 64 Devereaux,
850 2724 142 52 born
1032 2724 58 51 in
1129 2721 419 55 Wethersfield.
1590 2723 389 66 Connecticut,
126 2723 1982 131 November

393 2801 49 66 7,
489 2800 150 54 1716.
715 2801 162 54 With
921 2819 150 35 some
1114 2800 307 54 additions.
1501 2799 300 69 Compiled
1845 2801 75 70 by
1968 2799 162 71 Cyril

126 2878 177 62 Allyn
335 2879 249 53 Herrick
614 2881 110 51 and
757 2878 238 55 Charles
1025 2879 64 53 F.
1120 2878 245 62 Haight.
1441 2876 275 64 Lansing,
1744 2877 195 63 Mich.,
1970 2878 62 56 C.
2064 2879 66 55 F.

122 2957 245 68 Haight,
398 2959 148 50 1929.

197 3036 1266 48 vii, 265 p. plates, ports, coat of arms. 23½ ᶜᵐ .
130 3090 52 52 ©
212 3095 83 39 July
357 3094 69 46 31,
455 3093 140 44 1929;
627 3094 68 40 2c.
726 3095 95 38 and
851 3093 81 40 aff.
965 3093 111 41 Dec.
1105 3093 83 42 10:
1220 3094 42 38 A
1290 3093 172 47 16345;
1496 3093 202 41 Charles
1729 3093 51 40 F.
1812 3093 202 48 Haight.

206 3149 280 49 (29-29712)

123 3229 394 64 Hutchinson,
545 3230 165 62 Paul,
744 3235 171 50 1890-

192 3309 122 54 The
357 3309 197 53 united
598 3315 174 48 states
818 3310 63 52 of
925 3310 249 67 Europe,
1219 3311 75 67 by
1339 3310 148 51 Paul
1532 3307 384 54 Hutchinson.
124 3308 1979 147 Chicago,

310 3387 139 52 New
480 3387 179 69 York,
686 3388 245 66 Willett,
963 3387 177 55 Clark
1168 3389 46 50 &
1245 3387 199 69 Colby,
1478 3389 150 50 1929.

191 3467 562 49 7 p. l. , 225 p. 20½ᶜᵐ.
129 3520 1996 52 © Nov. 22. 1929; 2c. Nov. 29; aff. Dec. 5; A 17166: Willett, Clark &
198 3579 161 48 Colby.
427 3579 278 49 (29-29832)

120 3659 283 63 Johnson,
437 3661 254 62 Samuel,
729 3663 323 52 1696-1772.

193 3735 229 56 Samuel
449 3737 278 66 Johnson,
757 3738 291 65 president
1076 3736 65 53 of
1168 3736 209 69 King’s
1405 3735 239 69 college;
1674 3735 92 54 his
1794 3753 190 35 career
2013 3734 110 53 and

121 3814 280 69 writings,
430 3814 189 54 edited
646 3814 74 70 by
749 3815 252 52 Herbert
1029 3815 112 51 and
1172 3813 172 55 Carol
1375 3813 338 66 Schneider;
1745 3813 139 53 with
1916 3831 30 34 a

122 3811 2002 149 foreword by Nicholas Murray Butler … New York, Columbia
121 3969 318 70 university
472 3988 175 52 press,
683 3973 151 50 1929.
