2542 4389
1027 4047 138 50 2023

119 397 352 65 Higginson,
504 397 70 54 A.
608 398 224 63 Henry.

199 475 438 67 [Introduction]
667 476 77 68 by
767 475 71 53 A.
865 476 205 67 Henry
1094 475 335 69 Higginson
1477 476 62 52 [in
1562 476 97 53 the
1683 476 150 53 book
1857 476 260 67 entitled]

122 551 2000 71 The chace; a poem by William Somerville, esq. … Garden
124 629 152 70 City,
304 630 70 53 N.
406 630 90 66 Y.,
525 629 357 68 Doubleday,
911 629 200 52 Doran
1140 631 47 50 &
1216 647 300 51 company,
1543 629 129 69 inc.,
1702 633 152 50 1929.

189 710 1095 50 xxvii p., 5 l., [5]-118 p., 1 l. illus. 31 ᶜᵐ.
122 763 52 52 ©
202 767 119 42 Nov.
348 767 70 49 29,
446 767 117 40 1929;
617 766 66 41 2c.
714 767 94 39 and
837 765 81 41 aff.
949 766 112 40 Dec.
1089 767 27 39 7;
1172 766 43 40 A
1240 765 145 41 16299;
1442 766 302 49 Doubleday,
1774 767 169 41 Doran
1972 771 37 41 &
2036 777 82 38 co.,

187 822 92 42 inc.

113 914 452 65 Hollingworth,
595 916 201 63 Harry
826 916 162 63 Levi,
1022 920 171 50 1880-

185 994 341 54 Vocational
572 993 354 68 psychology
974 993 114 52 and
1137 993 295 53 character
1481 994 268 70 analysis,
1798 995 76 69 by
1924 996 77 52 H.
2053 997 65 52 L.

113 1070 1981 148 Hollingworth … New York, London, D. Appleton and company, 1929.
217 1228 1297 51 x p., 1 l., 409 p. double front., illus., diagrs. 21 ᶜᵐ.
177 1286 1943 50 “The first edition of Vocational psychology appeared in 1916 … in
113 1344 129 49 1922,
279 1345 154 39 under
470 1343 81 41 the
588 1343 108 39 title
735 1342 216 48 Judging
987 1342 183 40 human
1208 1341 271 50 character,
1520 1354 27 29 a
1588 1344 397 48 supplementary
115 1347 1986 95 volume

256 1398 1863 50 was published … This revised edition … not only combines the
113 1456 228 42 material
375 1456 51 41 of
460 1456 82 40 the
576 1458 95 38 two
707 1455 181 40 earlier
919 1455 231 47 volumes,
1186 1455 86 40 but
1308 1456 140 39 seeks
1484 1456 104 40 also
1623 1458 48 38 to
1708 1456 323 50 incorporate,
2068 1458 51 40 in

113 1523 177 38 survey
318 1513 214 46 fashion,
560 1512 82 40 the
670 1522 134 30 more
834 1513 162 39 recent
1027 1512 362 47 developments
1420 1511 52 40 in
1502 1512 83 40 the
1614 1511 112 42 field
1758 1513 52 41 of
1840 1513 277 42 vocational

114 1568 529 50 psychology.”—Pref.

181 1626 351 48 Bibliography:
589 1635 43 38 p.
661 1623 219 42 387-404.

116 1680 52 52 ©
198 1685 119 39 Nov.
345 1683 71 49 20,
447 1682 140 47 1929;
619 1682 68 41 2c.
720 1682 96 39 and
847 1681 82 40 aff.
960 1681 118 40 Nov.
1109 1680 84 48 26;
1226 1681 43 40 A
1299 1680 146 41 16094;
1505 1681 58 41 D.
1594 1682 241 49 Appleton
1865 1683 37 41 &
1932 1695 68 31 co.

192 1739 282 50 (29-29230)

106 1819 289 65 Hopkins,
428 1818 230 64 Alfred,
693 1817 172 56 1870-

110 1894 1978 134 The fundamentals of good bank building, by Alfred Hopkins …
410 1974 139 53 New
583 1973 181 68 York,
799 1973 123 53 The
957 1972 260 53 Bankers
1252 1972 339 70 publishing
1624 1991 300 52 company,
1961 1976 151 50 1929.

179 2053 1389 52 7 p. l. , 142 p., 1 l. front., illus. (plans) plates. 24½ᶜᵐ.
114 2109 52 53 ©
199 2113 113 41 Dec.
403 2145 9 15 11,
445 2111 115 41 1929;
620 2111 67 41 2c.
720 2111 112 40 Dec.
866 2111 82 47 13;
984 2110 81 40 aff.
1099 2111 113 40 Dec.
1245 2112 82 46 14;
1361 2110 43 40 A
1435 2110 172 48 17486;
1643 2112 223 40 Bankers
1900 2112 110 48 pub.
2043 2121 67 31 co.

190 2169 222 49 (30-272)

105 2248 390 63 Huddleston,
526 2247 209 64 Sisley,
769 2251 173 50 1883-

175 2322 1937 71 Europe in zigzags, by Sisley Huddleston … social, artistic,
106 2405 236 68 literary
379 2403 114 53 and
530 2402 259 68 political
826 2400 199 54 affairs
1062 2420 71 34 on
1169 2401 96 53 the
1303 2402 294 52 continent;
1667 2402 142 53 with
1848 2405 67 50 36
105 2403 1981 131 illustrations.

431 2479 409 69 Philadelphia
875 2482 46 50 &
952 2479 260 68 London,
1245 2480 56 53 J.
1334 2480 68 52 B.
1436 2479 341 69 Lippincott
1811 2498 300 52 company,

107 2562 148 50 1929.

176 2641 86 40 viii
289 2652 57 37 p.,
373 2641 26 38 2
448 2671 23 15 l.,
498 2639 144 41 3-354
670 2650 42 37 p.
773 2639 165 42 front.,
967 2639 172 47 plates,
1169 2641 148 45 ports.
1378 2639 56 39 24½ᶜᵐ.

111 2694 52 53 ©
196 2699 102 41 Oct.
329 2697 69 49 29,
428 2697 140 46 1929;
602 2697 66 41 2c.
701 2698 96 39 and
828 2696 81 40 aff.
942 2697 113 40 Dec.
1085 2697 54 45 4;
1173 2695 43 40 A
1246 2696 172 48 17176;
1453 2697 43 40 J.
1529 2697 53 40 B.
1615 2696 281 49 Lippincott
1925 2707 69 29 co.

186 2754 282 50 (29-29235)

98 2835 267 63 Hudnut,
393 2832 240 66 Joseph,
667 2837 171 51 1886-

170 2913 245 52 Modern
448 2912 307 67 sculpture,
790 2911 75 68 by
901 2910 219 68 Joseph
1154 2910 266 52 Hudnut.
1495 2911 139 52 New
1672 2910 180 68 York,
1888 2911 90 53 W.
2017 2912 88 53 W.

101 2989 987 68 Norton & company, inc. [ ᶜ1 929]
171 3069 1654 51 4 p. l. , [3]-90 p. 19½ ᶜᵐ. [The new arts, ed. by P. N. Youtz]
109 3125 52 53 ©
195 3130 119 40 Nov.
349 3129 69 47 16,
454 3128 140 46 1930;
631 3127 68 41 2c.
735 3128 96 39 and
867 3126 83 42 aff.
986 3127 113 40 Dec.
1135 3126 53 48 5;
1225 3127 41 39 A
1300 3126 172 48 17207;
1510 3127 73 40 W.
1619 3127 72 41 W.
1726 3126 191 40 Norton
1949 3127 37 40 &
2020 3137 84 38 co.,

174 3186 91 40 inc.
333 3183 280 50 (29-29215)

98 3263 300 65 Husslein,
428 3263 220 64 Joseph
680 3264 240 63 Casper,
952 3267 172 51 1873-

167 3342 123 52 The
321 3359 149 35 mass
501 3339 64 53 of
595 3340 97 53 the
724 3341 275 67 apostles;
1035 3341 97 52 the
1165 3340 314 53 eucharist:
1514 3340 75 52 its
1621 3345 221 63 nature,
1877 3341 228 53 earliest

98 3417 2005 71 history and present application, by Joseph Husslein … New
99 3496 1077 68 York, P. J. Kenedy & sons [ ᶜ1 929]
169 3575 1034 51 xiv p., 1 l., 333 p. front., plates. 20 ᶜᵐ.
104 3631 52 53 ©
188 3636 118 40 Nov.
341 3636 40 46 9,
416 3635 117 40 1929;
592 3635 67 40 2c.
694 3635 96 39 and
824 3634 83 40 aff.
942 3635 118 39 Nov.
1095 3633 82 47 12;
1214 3633 43 40 A
1289 3633 171 46 15719;
1497 3634 52 39 P.
1583 3633 46 41 J.
1661 3634 204 48 Kenedy
1899 3633 38 41 &
1970 3643 128 30 sons.

180 3691 222 50 (30-817)

99 3770 230 65 Istrati,
356 3769 233 66 Panait,
620 3774 173 51 1884-

228 3844 1873 71 … Die haiduken; aus den geschichten des Adrian Zograffi.
95 3924 1349 70 Frankfurt a. M., R ütten & Loening, 1929.
