2582 4377
1420 4012 64 49 18

421 371 181 65 Blair,
639 369 189 54 Anne.

561 434 1869 83 … Candlelight dreams [by] Anne Blair. New York, H.
485 526 597 66 Vinal limited [ ᶜ19 28]
501 597 1128 61 5 p. l., 30 p. 16 ᶜᵐ. (The friendly books)
499 668 185 39 Poems.

433 720 54 52 ©
512 725 120 38 Nov.
660 722 69 47 10,
757 719 115 42 1928;
927 719 67 40 2c.
1022 717 98 40 and
1148 715 82 40 aff.
1260 714 112 42 Jan.
1399 714 40 47 5,
1468 711 115 40 1929;
1641 712 41 38 A
1709 710 115 42 3553;
1884 711 190 39 Harold
2146 709 115 44 Vinal,
2290 709 89 40 ltd.

510 777 252 52 (29-1544)

432 873 206 63 Bland,
667 871 222 53 Robert
920 868 368 53 Henderson.

567 937 1871 75 … The mirrored heart, a book of love poems. New York,
434 1032 76 51 H.
601 1029 137 66 Vinal,
769 1025 122 70 ltd.,
925 1028 150 50 1928.

505 1105 831 55 6 p. l., 90 p. front. (port.) 21½ᶜᵐ.
504 1170 64 39 At
594 1169 123 39 head
743 1168 51 39 of
818 1166 109 40 title:
989 1165 55 39 R.
1070 1163 288 40 Henderson
1384 1162 174 39 Bland.

436 1214 1946 60 © Dec. 24, 1928; 2c. and aff. Jan. 11, 1929; A 3644; Harold Vinal, ltd.
515 1281 251 49 (29-1473)

430 1374 211 64 Booth,
682 1372 245 56 Charles
966 1372 68 54 G.

506 1444 1749 74 Gold bullets [by ] Charles G. Booth … New York, W.
435 1445 1981 138 Morrow
581 1532 46 50 &
656 1546 298 52 company,
988 1531 152 49 1929.

505 1609 576 52 vi p., 1 l. , 306 p. 20 ᶜᵐ.
439 1667 53 52 ©
523 1671 108 39 Jan.
664 1669 69 48 10,
763 1667 141 43 1929;
935 1668 68 40 2c.
1035 1667 108 40 Jan.
1177 1667 82 46 12;
1292 1664 82 42 aff.
1408 1666 110 39 Jan.
1550 1665 82 40 14;
1665 1665 42 39 A
1735 1663 143 48 3685;
1913 1663 216 41 William
2162 1663 212 41 Morrow
2405 1665 36 38 Λ

507 1738 82 37 co.,
616 1727 91 40 inc.
773 1723 251 51 (29-1198)

437 1821 404 64 Bostelmann,
876 1821 135 54 Carl
1042 1820 175 54 John.

505 1901 175 68 April
712 1919 181 35 comes
926 1901 158 68 early
1137 1899 93 68 [by]
1268 1899 137 56 Carl
1437 1899 156 53 John
1628 1899 388 53 Bostelmann.
2092 1898 138 52 New
2265 1896 179 56 York.

437 1979 75 54 H.
606 1980 136 58 Vinal,
777 1979 123 69 ltd.,
937 1981 151 50 1928.

508 2061 97 47 xvi,
637 2061 99 47 111,
771 2061 54 48 [1]
855 2071 43 37 p.
928 2060 111 41 incl.
1065 2059 152 41 front.
1276 2058 117 42 21ᶜᵐ.

509 2118 185 41 Poems.

443 2168 1919 57 © Dec. 3, 1928; 2c. and aff. Jan. 5, 1929; A 3555; Harold Vinal, ltd.
520 2231 250 51 (29-1537)

436 2328 243 53 Boston.
754 2328 273 53 Museum
1060 2326 64 54 of
1157 2327 113 53 fine
1302 2329 149 53 arts.

575 2401 1870 77 … Catalogue of Greek and Etruscan vases, I. Early vases,
441 2485 309 68 preceding
779 2484 295 54 Athenian
1102 2482 417 72 black-figured
1550 2503 166 41 ware,
1743 2484 76 70 by
1847 2483 227 54 Arthur
2103 2484 341 55 Fairbanks.

445 2563 362 68 Cambridge,
839 2563 156 53 Mass.,
1065 2564 143 52 Pub.
1245 2563 95 53 for
1371 2564 97 52 the
1500 2563 262 53 Museum
1798 2563 64 53 of
1896 2563 110 53 fine
2041 2569 136 63 arts,
2209 2564 236 69 Boston,

440 2644 77 68 by
544 2644 95 54 the
666 2641 277 55 Harvard
971 2641 322 71 university
1321 2659 177 51 press,
1531 2645 149 49 1928.

511 2723 1049 51 5 p. l., 3-235 p., 1 l. illus., plates. 30 ᶜᵐ.
513 2781 64 40 At
603 2782 125 38 head
756 2781 51 39 of
835 2780 109 40 title:
1001 2781 223 39 Museum
1251 2780 52 40 of
1328 2780 94 40 fine
1450 2783 118 44 arts,
1598 2781 198 40 Boston.

514 2838 88 38 “In
630 2837 114 40 1895
774 2838 82 38 the
886 2846 220 30 museum
1134 2835 194 49 printed
1361 2847 27 30 a
1421 2838 256 48 catalogue
1707 2838 51 39 of
1789 2837 65 41 its
1887 2837 157 41 Greek
2075 2839 96 39 and
2205 2839 242 41 Etruscan

443 2905 141 30 vases
610 2893 158 41 which
794 2904 101 30 was
921 2895 239 47 prepared
1186 2894 62 47 by
1274 2894 84 42 Dr.
1386 2894 262 48 Robinson,
1676 2906 28 29 a
1730 2893 124 43 book
1880 2894 160 41 which
2065 2894 42 41 is
2134 2896 83 40 the
444 2897 1986 94 groundwork

617 2951 51 40 of
707 2952 82 39 the
828 2953 196 45 present
1062 2952 206 39 volume.
1331 2950 199 49 Shortly
1571 2951 272 41 thereafter
1883 2953 83 39 the
2005 2952 124 41 book
2169 2962 101 32 was
444 2953 1987 94 withdrawn

636 3008 128 39 from
788 3006 291 42 circulation
1101 3007 207 41 because
1329 3008 83 39 the
1438 3008 140 47 rapid
1603 3006 220 42 increase
1847 3009 51 38 of
1923 3010 82 38 the
2029 3007 254 43 collection
2308 3010 141 39 made

444 3065 39 39 it
511 3066 83 37 out
623 3064 51 39 of
702 3062 495 43 date.”—Foreword.

516 3120 226 40 Includes
774 3119 394 49 bibliographies.

449 3172 53 52 ©
532 3176 113 40 Dec.
676 3175 69 48 19,
778 3178 22 38 1928;
951 3176 68 41 2c.
1052 3176 109 41 Jan.
1193 3178 39 46 7,
1265 3175 141 49 1929;
1441 3176 84 40 aff.
1555 3176 114 40 Dec.
1701 3175 70 49 31,
1802 3176 142 47 1928;
1978 3176 40 39 A
2049 3176 142 47 2682;
2227 3175 222 43 Museum

515 3232 52 40 of
595 3232 95 40 fine
719 3234 118 46 arts,
867 3232 198 41 Boston.
1135 3232 251 50 (29-1237)

445 3325 217 65 Bowie,
695 3326 226 54 Walter
954 3327 252 63 Russell,
1245 3333 170 51 1882-

516 3403 121 52 The
663 3401 245 68 Master;
937 3422 32 33 a
996 3404 105 53 life
1128 3404 64 53 of
1218 3405 166 55 Jesus
1414 3406 214 67 Christ,
1654 3407 76 68 by
1754 3407 224 55 Walter
2004 3408 225 53 Russell
2257 3408 195 53 Bowie

507 3478 1220 76 … New York, C. Scribner’s sons, 1928.
516 3562 700 51 xii p., 2 l., 3-328 p. 21 em .
451 3615 53 52 ©
534 3619 114 41 Dec.
678 3620 39 47 5,
747 3619 140 47 1928;
919 3621 68 40 2c.
1018 3621 112 41 Dec.
1162 3622 82 47 12;
1277 3623 83 41 aff.
1391 3623 111 40 Jan.
1533 3624 69 42 11,
1635 3623 142 50 1929;
1810 3625 41 39 A
1881 3625 144 47 2788;
2059 3625 204 42 Charles
517 3626 1917 90 Scribner’s
677 3686 126 31 sons.
875 3676 252 50 (29-1312)

445 3767 320 65 Burdekin,
799 3770 138 55 Mrs.
971 3771 353 58 Katharine.

518 3845 121 53 The
669 3845 253 72 burning
951 3849 149 66 ring,
1129 3849 75 69 by
1236 3851 132 70 Kay
1402 3853 315 53 Burdekin.
1787 3856 139 51 New
1959 3855 181 67 York,
2172 3854 91 55 W.
447 3855 1981 120 Morrow
594 3925 47 50 &
670 3941 298 54 company,
1001 3930 150 50 1929.
