2542 4389
1013 4031 135 57 1297

115 361 168 64 Abel,
311 362 303 55 Theodore
646 367 171 65 Fred,
851 374 172 51 1896-

188 438 341 72 Systematic
580 445 289 70 sociology
917 450 59 51 in
1026 449 317 70 Germany:
1398 471 28 34 a
1480 453 219 53 critical
1751 454 250 71 analysis
2049 457 65 54 of

114 537 150 36 some
307 525 271 63 attempts
620 528 58 49 to
722 526 267 54 establish
1036 528 289 70 sociology
1366 548 60 36 as
1470 550 71 33 an
1584 532 382 69 independent
113 526 1975 137 science,

113 598 1976 152 by Theodore Abel, PH . D. New York, Columbia university
254 695 184 49 press;
468 679 257 60 London,
750 681 65 51 P.
848 682 54 53 S.
932 682 162 69 King
1120 686 43 50 &
1188 702 117 35 son.
1331 686 122 63 ltd.,
1485 689 148 51 1929.

180 755 1926 63 169 p. 28 ᶜᵐ. (Half-title: Studies in history, economies and public law,
109 814 71 39 ed.
208 814 64 46 by
300 814 82 40 the
411 813 207 47 Faculty
649 816 52 40 of
727 818 221 47 political
977 820 188 41 science
1194 821 52 40 of
1277 821 251 42 Columbia
1561 823 287 50 university,
1879 837 75 30 no.
2017 827 79 41 310)

179 884 264 41 Published
470 886 103 40 also
603 896 53 30 as
686 889 155 39 thesis
880 890 106 49 (PH.
1049 893 34 46 D.)
1122 890 248 43 Columbia
1405 892 285 49 university.

179 940 129 40 “The
334 942 378 48 interpretation
739 944 51 40 of
817 944 82 40 the
925 946 307 49 sociological
1262 952 207 45 systems
1499 949 51 40 of
1580 950 209 44 Simmel,
1820 951 284 44 Vierkandt.

142 996 1963 61 v. Wiese and Weber, and … a critical appraisal of the propositions
105 1052 159 42 which
298 1053 135 42 these
467 1057 209 46 systems
710 1057 436 43 contain.”—Pref.

175 1108 248 42 “Selected
469 1111 339 50 bibliography
858 1114 51 40 of
958 1119 162 36 recent
1169 1117 212 39 German
1430 1118 258 42 literature
1737 1119 196 51 dealing
1981 1121 119 41 with

104 1165 404 49 methodological
576 1168 245 41 questions”:
889 1181 42 38 p.
969 1171 216 42 160-163.

107 1232 51 52 ©
188 1235 110 42 Feb.
326 1237 69 48 26,
424 1237 140 49 1929;
593 1239 68 41 2c.
690 1240 96 40 and
814 1240 82 40 aff.
926 1241 117 49 July
1070 1244 82 45 11;
1184 1244 41 38 A
1253 1243 170 49 11172;
1455 1245 52 41 T.
1537 1244 131 50 Abel,
1699 1247 213 48 Urbana,
1943 1248 76 39 Ill.

183 1292 282 51 (29-13140)

102 1401 224 66 Alexis,
358 1402 218 55 Lucien
610 1405 223 56 Victor.

173 1481 1929 81 Fundamentals in physics and in chemistry … by Lucien V.
99 1557 1592 77 Alexis … New Orleans, La., L. V. Alexis, 1929.
169 1639 850 54 xviii, 336 p. illus., diagrs. 24 ᶜᵐ.
101 1707 1996 61 © Aug. 34, 1929; 2c. and aff. Aug. 28; A 12043; L . V. Alexis. New
169 1767 220 42 Orleans.
455 1768 279 51 (29-18054)

98 1879 315 54 American
447 1881 222 54 council
699 1882 63 52 of
790 1882 238 54 learned
1059 1882 274 55 societies
1364 1885 249 52 devoted
1644 1889 63 49 to
1733 1884 366 56 humanistic

167 1957 247 55 studies.

225 2034 1872 78 … Bulletin. no. 10, April. 1929. [Promotion of Chinese
93 2114 232 54 studies.
390 2115 335 68 Baltimore,
753 2116 141 68 Md.,
924 2117 124 53 The
1075 2116 274 71 Waverly
1379 2136 174 52 press,
1582 2119 126 68 inc.,
1740 2122 151 65 1929]

163 2196 243 49 72 p. 23 ᶜᵐ.
94 2263 54 53 ©
177 2267 115 49 Apr.
318 2268 41 48 3,
388 2267 142 49 1929;
559 2269 69 41 2c.
658 2269 94 40 and
784 2268 81 41 aff.
895 2269 114 49 Apr.
1040 2269 83 48 13;
1156 2270 40 39 A
1225 2269 142 48 6535;
1400 2270 147 40 Amer.
1591 2270 186 42 council
1809 2272 52 40 of
1891 2273 199 39 learned

162 2323 236 47 societies,
427 2325 337 49 Washington.

93 2432 241 66 Arnold,
365 2433 309 66 Matthew,
709 2439 325 52 1822-1888.

162 2512 273 57 Arnold’s
476 2513 222 58 Sohrab
737 2516 114 53 and
889 2515 266 70 Rustum,
1191 2516 114 53 and
1343 2514 162 55 other
1543 2533 211 51 poems,
1788 2514 191 55 edited
2014 2514 77 70 by

90 2586 1938 79 Florence Allen Crocker … decorations by Alice M. Beyer …
91 2666 1895 79 Boston, New York [etc.] D. C. Heath and company [ ᶜ1 929]
82 2745 1986 119 xvii, 78 p. front. (port.) illus. (incl. map) 17 ᶜᵐ. (Golden key series)
88 2875 52 53 ©
170 2879 119 49 Aug.
319 2879 69 48 15,
418 2878 114 42 1929;
590 2879 67 41 2c.
689 2880 95 39 and
814 2878 82 41 aff.
930 2879 128 48 Sept.
1088 2879 27 40 3;
1174 2879 40 39 A
1242 2877 148 42 12098;
1447 2879 56 39 D.
1577 2911 7 8 C.
1616 2879 163 41 Heath
1808 2879 38 41 &
1874 2889 68 32 co.

158 2930 68 57 [©
261 2936 210 49 preface,
508 2934 345 47 introduction,
891 2935 356 49 arrangement,
1284 2933 331 42 illustrations
1651 2936 96 40 and
154 2928 1911 119 supplementary

292 2991 246 51 material]
604 2990 283 51 (29-18016)

84 3086 244 65 Baetke,
358 3086 242 56 Walter.

153 3165 229 55 Islands
445 3166 335 68 besiedlung
845 3167 113 53 und
1029 3166 198 53 älteste
1292 3163 337 72 geschichte.
1704 3165 205 55 Bearb.
1974 3183 112 35 von

82 3238 1454 69 Walter Baetke … Jena, E.. Diederichs, 1928.
178 3326 74 40 1 v.
84 3386 1978 121 © Jan. 1, 1928; 1c. Apr. 23; A—Foreign 38638; Eugen Diederichs v erlag.
82 3546 244 65 Barnes,
358 3546 221 64 Djuna.

143 3623 55 52 A
232 3623 169 70 night
436 3642 209 51 among
682 3625 96 52 the
815 3624 210 66 horses,
1062 3623 74 69 by
1175 3621 198 70 Djuna
1412 3623 235 53 Barnes.
1720 3623 139 53 New
1899 3622 179 57 York,

75 3700 73 53 H.
178 3701 321 70 Liveright,
531 3705 148 51 1929.

144 3779 700 56 viii p., 1 l., 256, [3] p. 19½ᶜᵐ.
145 3854 38 40 A
212 3864 108 30 new
348 3853 184 43 edition
560 3854 53 40 of
642 3855 82 40 the
754 3851 219 44 author’s
1005 3854 40 38 A
1077 3851 135 48 book,
1245 3851 120 41 with
1397 3853 138 39 three
1564 3862 105 31 new
1699 3851 176 43 stories
1906 3852 170 42 added.

78 3922 51 52 ©
158 3925 120 50 Aug.
306 3927 69 47 16,
405 3926 118 41 1929;
576 3926 68 40 2c.
672 3926 120 45 Aug.
821 3924 82 48 29;
937 3924 82 41 aff.
1048 3924 121 48 Aug.
1198 3923 55 41 31;
1313 3923 41 39 A
1383 3923 169 47 11948;
1585 3923 192 46 Horace
1807 3921 265 53 Liveright,

143 3983 94 41 inc.
301 3982 282 51 (29-18129)
