2547 4384
1258 4002 135 53 1162

345 365 295 64 Coleman,
668 365 321 65 Algernon,
1022 366 172 54 1876-

407 443 120 53 The
567 443 267 68 teaching
873 441 66 54 of
975 442 237 52 modern
1254 439 229 69 foreign
1524 439 312 69 languages
1877 438 61 54 in
1978 439 97 54 the
2117 439 221 55 United

340 519 217 68 States;
599 539 32 33 a
670 525 196 63 report
904 519 283 68 prepared
1228 516 93 54 for
1360 518 97 52 the
1496 517 244 53 Modern
1783 515 229 71 foreign
2052 517 287 70 language

336 593 2002 73 study, by Algernon Coleman … New York, The Macmillan
336 693 298 50 company,
663 678 150 49 1929.

476 752 1865 53 xx p., 1 l., 299 p. incl. tables, diagrs. 24½ᶜᵐ. (On cover: Publications
339 813 52 41 of
415 814 82 40 the
522 813 260 41 American
807 814 96 39 and
930 812 253 41 Canadian
1210 811 302 41 committees
1538 821 60 30 on
1625 811 199 40 modern
1851 811 282 48 languages,
2189 822 46 31 v.
2250 812 82 48 12)

411 884 134 41 “List
581 884 52 40 of
666 884 215 48 projects
916 883 80 40 for
1032 882 226 40 research
1294 882 96 39 and
1427 880 303 49 experiment
1767 880 259 49 organized
2066 882 155 40 under
2259 882 81 40 the

339 940 315 49 sponsorship
690 940 54 40 of
778 940 82 40 the
897 940 201 39 Modern
1134 937 193 49 foreign
1364 938 240 47 language
1642 938 147 47 study
1828 938 96 40 and
1964 938 81 40 the
2086 937 254 42 Canadian

338 996 274 41 committee
639 1008 59 29 on
723 997 201 39 modern
950 993 295 50 languages”
1263 1004 10 30 :
1302 1005 43 38 p.
1373 993 218 42 288-293.

345 1064 1714 110 © July 9, 1929; 2c. and aff. July 10; A 10145; Macmillan co. (29-16180)
346 1222 227 62 Coster,
604 1219 245 56 Charles
876 1220 303 52 Théodore
1206 1218 187 54 Henri
1424 1219 88 64 de,
1544 1219 327 55 1827-1879.

335 1295 1980 133 … Thyl Ulenspiegel; die legende und die heroischen, heiteren
458 1376 117 52 und
601 1374 398 53 ruhmreichen
1026 1374 302 53 abenteuer
1354 1374 154 69 Thyl
1532 1373 399 70 Ulenspiegels
1958 1375 118 52 und
2104 1374 235 55 Lamme

336 1452 296 55 Goedzaks
677 1452 80 53 im
801 1452 169 53 lande
1016 1451 294 53 Flandern
1353 1452 119 53 und
1519 1452 372 68 anderwärts,
1936 1451 88 54 ins
2072 1453 266 53 deutsche

334 1531 342 68 übertragen
730 1531 118 52 und
899 1529 107 53 mit
1058 1529 181 54 einem
1290 1530 327 53 nachworte
1670 1531 271 52 versehen
1993 1548 112 35 von
2159 1531 180 54 Ernst

333 1607 1951 71 Heinrich Schrenzei. Berlin, Büchergilde Gutenberg [ ᶜ1 929]
408 1689 375 51 505, [1] p. 24 ᶜᵐ.
407 1761 65 40 At
498 1760 126 40 head
652 1759 52 41 of
733 1758 108 42 title
860 1770 9 30 :
900 1760 202 41 Charles
1131 1760 59 41 de
1220 1760 185 41 Coster.

407 1815 211 43 Initials.

344 1885 1992 54 © Mar. 9, 1929; 1c. May 2; A —Foreign 3076; Büchergilde Gutenberg.
420 1946 280 49 (29-16489)

342 2042 214 64 Couch,
583 2041 260 54 Herbert
870 2041 239 56 Newell.

411 2121 121 52 The
560 2120 305 55 treasuries
892 2121 65 53 of
984 2121 94 53 the
1109 2120 214 56 Greeks
1353 2123 112 52 and
1494 2122 270 70 Romans,
1791 2124 74 68 by
1895 2121 251 55 Herbert
341 2122 1973 128 Newell

341 2197 1974 148 Couch … Menasha, Wis., George Banta publishing company, 1929.
403 2356 570 50 4 p. l., Ill, [1] p. 23 ᶜᵐ.
405 2427 248 41 “Selected
685 2427 366 49 bibliography”
1070 2440 9 30 :
1112 2440 45 38 p.
1187 2430 218 41 110-111.

340 2478 1976 113 © June 26, 1929; 2c. July 2; aff. July 1; A 9994; H. N. Couch, Champaign, Ill. (29-16253)
339 2635 173 64 Eder,
541 2635 170 53 Josef
739 2636 209 57 Maria.

407 2714 110 52 Die
540 2715 413 54 theoretischen
978 2718 118 52 und
1122 2718 365 67 praktischen
1513 2720 359 68 grundlagen
1898 2721 99 53 der
2023 2718 313 71 autotypie,

338 2810 110 33 von
504 2792 167 54 Josef
725 2793 190 55 Maria
973 2795 154 53 Eder
1182 2797 117 52 und
1355 2795 212 55 Alfred
1624 2798 152 68 Hay.
1853 2802 46 49 3.
1956 2797 130 53 aufl.
2160 2797 174 53 Halle

347 2868 1331 74 (Saale) Germany, W ilhelm Knapp, 1928.
430 2950 76 41 1 v.
339 3001 1774 61 © Jan. 1, 1928; 1c. May 29; A—Foreign 38925; Wilhelm Knapp.
338 3116 330 66 Fairbairn,
702 3118 245 54 Charles
978 3120 69 54 V.

407 3195 120 53 The
554 3201 176 49 secret
758 3197 64 53 of
848 3204 126 47 true
1001 3200 217 52 revival
1257 3201 276 69 (holiness
1559 3209 150 47 must
1735 3204 66 52 be
1830 3204 309 68 preached)
337 3203 1971 121 written

337 3275 1973 145 and compiled by Charles V. Fairbairn … with introduction by Rev. J. T.
335 3354 1996 149 Logan … Chicago, Ill., Pub. for the author by Free Methodist publishing
1322 3435 191 69 house,
1546 3439 149 51 1929.

401 3507 708 54 104 p. front. (port.) 17½ ᶜᵐ.
336 3560 1974 110 © May 23, 1929; 2c. July 8; aff. July 31; A 10462; C. V. Fairbairn, McPherson,
658 3624 125 42 Kan.
846 3626 280 49 (29-16328)

333 3714 363 66 Francastel,
728 3718 219 56 Pierre.

457 3790 1866 84 … Girardon, par Pierre Francastel; biographie et catalogue
323 3867 285 72 critiques,
646 3869 229 57 l’œuvre
915 3877 275 67 complete
1231 3877 69 53 de
1339 3877 240 55 l’artiste
1619 3881 331 69 reproduite
1990 3901 67 34 en
2099 3887 223 63 quatre-
