2547 4384
1294 4069 101 55 798

344 402 307 64 Newman,
682 401 251 53 Horatio
963 401 281 64 Hackett,
1278 403 172 53 1875-

414 482 360 66 Laboratory
799 481 172 68 guide
995 482 112 51 and
1133 481 206 51 review
1361 481 233 52 manual
1622 480 92 53 for
1738 482 230 67 general
1992 481 257 69 zoology,
2271 481 75 69 by

345 558 2002 70 H. H. Newman … New York, The Macmillan company, 1929.
411 641 64 47 ix,
498 641 56 40 87
574 651 42 37 p.
677 640 131 40 illus.
868 639 56 39 22½ᶜᵐ.

416 697 303 49 Specifically
752 696 230 47 designed
1013 697 79 40 for
1126 707 84 30 use
1243 697 121 40 with
1397 698 81 39 the
1511 696 219 41 author’s
1763 697 244 47 textbook,
2042 697 223 41 Outlines
2300 697 51 41 of

341 756 196 47 general
563 756 213 47 zoölogy,
837 755 60 48 cf.
926 754 131 41 Pref.

350 810 51 51 ©
431 814 115 46 May
571 813 70 46 21,
669 812 141 48 1929;
840 813 68 40 2c.
937 813 96 38 and
1061 823 82 29 aff.
1171 813 116 46 May
1311 812 83 46 22;
1427 812 38 38 A
1494 812 140 47 8256;
1667 812 281 39 Macmillan
1977 822 67 29 co.

427 869 281 49 (29-11701)

341 961 271 65 Pauling,
653 962 220 64 Harry.

415 1040 359 55 Elektrische
821 1041 540 69 luftverbrennung,
1408 1060 112 33 von
1567 1042 288 68 dipl.-ing.
1904 1043 85 51 dr.
2036 1041 117 68 ing.
2202 1059 44 35 e.
2291 1039 55 52 h.

344 1119 200 70 Harry
584 1121 271 67 Pauling,
895 1120 106 53 mit
1041 1120 67 53 78
1148 1120 387 69 abbildungen
1575 1121 120 52 und
1736 1123 29 49 9
1803 1120 249 52 tabellen
2090 1120 81 51 im
2208 1124 138 47 text.

345 1198 175 53 Halle
562 1198 226 69 (Saale)
827 1198 91 54 W.
952 1198 236 70 Knapp,
1224 1201 151 51 1929.

409 1278 1941 50 4 p. l. , 188 p. illus., diagrs. 24 ᶜᵐ. (Added t.-p.: Monographien über
341 1336 1149 48 angewandte elektrochemie … XLIX. bd.)
412 1393 613 41 “Literaturverzeichnis”:
1090 1404 43 38 p.
1170 1393 249 50 [185]-187.

348 1448 1917 51 © Nov. 15, 1928; 1c. Feb. 5, 1929; A—Foreign 1906; Wilhelm Knapp.
426 1508 282 49 (29-12442)

343 1603 204 53 Punch.
639 1624 92 34 no.
768 1603 211 53 4583A.
1056 1603 262 55 Summer
1350 1603 257 69 number,
1644 1606 150 50 1929.

347 1682 51 51 ©
451 1697 23 29 1c
497 1686 116 47 July
635 1685 39 48 9,
697 1684 115 41 1929;
865 1686 41 38 A
928 1686 62 39 ad
1013 1684 86 41 int.
1124 1684 144 41 12859;
1319 1686 143 47 pubd.
1488 1685 115 47 May
1625 1685 55 40 13;
1734 1686 214 39 Herbert
1968 1686 235 46 Heather,
415 1685 1915 98 London.

503 1822 898 68 Punch. v. 176, no. 4583, May 8, 1929.
347 1901 51 51 ©
455 1916 23 29 1c
503 1905 116 47 July
641 1905 40 46 2,
707 1904 142 47 1929;
876 1905 42 38 A
943 1906 61 38 ad
1028 1905 86 40 int.
1142 1905 170 47 12836;
1339 1906 143 47 pubd.
1509 1906 114 46 May
1648 1905 52 47 8;
1727 1905 215 39 Herbert
1964 1905 235 46 Heather,
415 1904 1911 97 London.

342 2041 267 64 Ralston,
645 2041 223 63 Joseph
904 2041 235 65 Vivian,
1180 2046 171 50 1898-
1565 2044 83 52 ed.

338 2117 1987 131 Baldwin’s Ohio law review and quizzer … Ohio bar examination
605 2196 289 68 questions
941 2196 141 53 with
1129 2215 264 49 answers,
1438 2196 76 69 by
1560 2196 218 69 Joseph
1824 2198 72 52 V.
1943 2196 245 53 Ralston
2235 2195 115 53 and

339 2274 2008 70 Ray A. McFadyen … Outlined, arranged and “keyed” to
340 2351 1946 71 Bates’ compact Ohio digest, by Kennion K. Kauffman …
341 2430 1317 70 Cleveland, The Baldwin company [ ᶜ1 929]
408 2513 441 49 xxvi, 546 p. 18½ ᶜᵐ.
347 2567 51 51 ©
424 2572 113 46 May
560 2572 68 46 14,
652 2570 117 40 1929;
818 2571 67 39 2c.
911 2572 95 38 and
1030 2570 82 41 aff.
1136 2572 114 46 May
1274 2571 55 39 23;
1382 2571 40 38 A
1446 2570 117 40 9266;
1615 2571 216 40 William
1852 2572 51 38 E.
1923 2570 239 47 Baldwin,
413 2570 1913 98 Cleveland.

615 2627 282 49 (29-11915)

340 2709 262 63 Redlich,
642 2709 318 53 Marcellus
996 2709 248 55 Donald.

408 2786 424 52 International
864 2786 110 52 law
1004 2805 60 34 as
1096 2805 31 33 a
1159 2786 306 53 substitute
1498 2785 93 53 for
1624 2786 345 69 diplomacy,
1999 2787 76 68 by
400 2785 1922 131 Marcellus

453 2863 1894 70 Donald Redlich … Chicago, Ill., Independent publishing
337 2945 496 64 company [ ᶜ1 929]
409 3025 65 46 xi,
502 3024 88 41 208
618 3035 44 37 p.
720 3025 58 40 23½ᶜᵐ.

412 3081 213 40 “Second
659 3080 228 42 edition.”

413 3137 133 40 “List
580 3137 51 39 of
664 3137 148 39 books
846 3137 95 39 and
976 3136 291 48 periodicals
1301 3136 309 40 consulted”:
1646 3147 44 37 p.
1723 3136 218 41 205-208.

689 3193 424 39 CONTENTS.—International
1148 3192 514 40 relations.—Periods
1693 3192 51 39 in
1778 3193 82 39 the
1892 3192 190 48 history
2112 3193 53 40 of
340 3193 1987 95 international

590 3248 236 40 relations
857 3249 97 39 and
984 3248 492 48 diplomacy.—Some
1506 3249 228 47 chapters
1763 3248 52 39 in
1845 3249 83 39 the
1958 3248 189 48 history
2180 3248 52 40 of
2261 3250 84 39 the

340 3305 246 40 evolution
617 3305 51 39 of
697 3305 84 39 the
810 3307 161 37 status
1002 3304 51 40 of
1083 3304 282 48 diplomatic
1396 3305 362 39 officers.—The
1788 3306 161 38 status
1980 3305 51 39 of
2061 3304 284 48 diplomatic

341 3361 646 39 officers.—Consuls.—The
1022 3360 235 47 diplomat
1291 3361 96 39 and
1421 3361 83 39 the
1534 3360 352 40 international
1920 3362 196 46 lawyer.

347 3413 51 51 ©
430 3419 114 46 May
571 3417 68 46 13,
668 3416 116 40 1929;
841 3417 66 39 2c.
938 3417 115 47 May
1080 3417 54 39 15;
1194 3416 81 40 aff.
1307 3418 115 46 May
1448 3416 56 40 25;
1564 3417 40 38 A
1632 3416 115 40 9289;
1806 3418 61 38 M.
1899 3418 55 38 D.
1985 3417 216 46 Redlich,
417 3417 1905 104 Chicago.

612 3469 68 53 [©
707 3473 273 40 additional
1003 3475 194 45 matter,
1222 3475 398 45 rearrangement
1647 3474 95 38 and
1767 3474 270 39 corrections]

425 3530 280 48 (29-11989)

342 3611 276 63 Rickard,
651 3610 192 54 Jessie
876 3610 236 54 Louisa.

411 3687 123 53 The
553 3693 195 63 empty
769 3688 157 56 villa,
947 3688 76 67 by
1044 3687 139 53 Mrs.
1208 3687 202 54 Victor
1432 3687 270 53 Rickard,
1778 3689 161 67 chap.
1965 3691 65 49 21
2054 3688 292 69 (contd.)-

343 3766 82 53 27.
507 3769 49 63 [6
584 3766 378 66 instalments]

420 3848 82 48 (In
534 3844 204 43 London
770 3844 147 52 Daily
949 3859 134 29 news
1120 3845 96 42 and
1249 3844 354 44 Westminster
1639 3844 225 53 gazette)

348 3899 1988 53 © 1c. each July 6, 1929; A ad int. 12851; pubd. May 10, 11, 13-16; J. L.
417 3960 227 43 Rickard,
674 3960 29 41 i.
734 3971 38 29 e.
804 3962 115 39 Mrs.
948 3960 169 41 Victor
1144 3961 228 48 Rickard,
1405 3960 207 49 Staines,
1645 3961 283 48 Middlesex,
1960 3961 237 48 England.
