2542 4389
1003 4071 136 51 1853

76 419 353 64 Cristofaro,
462 417 189 56 Carlo.

212 493 1865 70 … Trattato della privativa o riserva industriale … v. 1.
79 575 175 52 Parte
283 575 276 68 generale.
629 574 231 68 Napoli,
896 571 158 56 Stab.
1088 573 105 67 tip.
1227 572 86 52 ed.
1348 572 201 67 Tocco,
1584 573 151 51 1928.

181 655 315 49 x, 163 p. 24 ᶜᵐ.
81 721 1995 53 © May 7, 1928; 1c. July 14; A—Foreign 2667; Carlo Cristofaro, Roma.
159 781 281 50 (29-28034)

72 876 245 65 Crosby,
346 876 190 62 Percy
562 875 136 55 Leo.

147 951 228 63 Skippy
406 953 114 52 and
551 953 162 52 other
744 952 223 62 humor,
996 951 75 63 by
1104 952 183 62 Percy
1320 952 65 52 L.
1419 950 235 64 Crosby.
1723 951 140 53 New
1899 951 181 63 York,

73 1030 554 69 Greenberg [ ᶜ1 929]
146 1110 753 50 64 p. illus. (part col.) 28½ ᶜᵐ.
78 1180 52 52 ©
160 1184 121 48 Aug.
310 1184 70 48 15,
411 1183 115 40 1929;
582 1183 69 40 2c.
682 1183 120 41 Nov.
834 1182 25 40 9;
921 1182 83 42 aff.
1035 1183 120 40 Nov.
1187 1182 54 39 11;
1302 1182 43 39 A
1374 1183 146 40 14777;
1581 1183 52 41 P.
1664 1183 52 41 L.
1751 1182 197 48 Crosby,
147 1182 1912 107 McLean,

321 1241 86 39 Va.
476 1238 279 50 (29-25170)

70 1335 158 64 Cule,
258 1336 70 53 W
613 1335 68 54 E.

144 1413 121 53 The
298 1431 134 33 man
468 1419 59 46 at
558 1412 95 53 the
687 1418 132 62 gate
853 1412 65 52 of
952 1412 96 52 the
1084 1411 210 67 world;
1336 1429 32 34 a
1403 1416 158 64 story
1598 1411 65 53 of
1697 1412 95 52 the
1828 1417 138 62 star,
2002 1413 74 68 by

73 1491 90 54 W.
203 1491 67 52 E.
312 1489 159 71 Cule,
509 1490 141 52 with
689 1507 73 34 an
802 1489 251 69 original
1091 1489 232 69 etching
1361 1490 75 67 by
1476 1488 206 53 Albert
1720 1489 69 52 R.
1830 1490 246 68 Thayer.

73 1566 1245 70 Boston, Hale, Cushman & Flint [ ᶜ1 929]
144 1647 653 51 3 p. l. , 90 p. front. 19½ᶜᵐ.
75 1717 52 52 ©
158 1720 103 41 Oct.
290 1720 40 48 8,
359 1719 141 48 1929;
531 1720 68 40 2c.
628 1720 96 39 and
755 1719 82 41 aff.
867 1719 119 40 Nov.
1016 1719 83 47 25;
1133 1719 40 39 A
1203 1718 172 48 17003;
1408 1719 139 49 Hale,
1581 1719 246 42 Cushman
1858 1720 38 40 &
1925 1718 149 47 Flint,

142 1777 91 41 inc.
299 1775 281 51 (29-28058)

67 1873 235 63 Dewey,
334 1871 174 64 John,
545 1875 170 50 1859-

139 1946 1877 73 The sources of a science of education, by John Dewey …
68 2027 140 53 New
236 2025 181 69 York,
443 2025 78 53 H.
549 2025 322 70 Liveright,
901 2028 152 51 1929.

138 2109 1648 51 77 p. 19 ᶜᵐ. (The Kappa delta pi lecture series. [no. 1])
139 2180 162 40 “First
334 2179 229 49 printing,
597 2178 220 48 October,
850 2178 128 41 1929.
1041 2179 185 41 Second
1257 2179 231 49 printing,
1523 2179 220 49 October,
1775 2180 158 42 1929.”

76 2247 52 52 ©
166 2251 103 41 Oct.
305 2250 69 49 15,
409 2250 117 40 1929;
587 2251 69 40 2c.
692 2250 118 40 Nov.
849 2249 82 47 15;
972 2249 82 42 aff.
1093 2249 103 42 Oct.
1232 2250 83 47 19;
1355 2251 41 39 A
1432 2251 172 47 14838;
1644 2252 44 42 J.
1726 2252 194 48 Dewey,
1957 2253 120 40 New

142 2307 145 41 York.
355 2305 281 51 (29-25182)

72 2400 316 70 [Dodgson,
423 2400 245 55 Charles
700 2399 332 69 Lutwidge]
1073 2405 326 51 1832-1898.

136 2479 122 55 The
288 2479 269 54 collected
587 2497 158 36 verse
775 2479 64 53 of
868 2479 188 54 Lewis
1084 2479 228 55 Carroll
1373 2481 208 68 [pseud.]
1618 2481 142 54 with
1792 2501 73 35 an
68 2481 1980 131 introduction

329 2559 76 69 by
433 2558 157 54 John
621 2557 241 55 Francis
891 2558 381 53 McDermott.
1348 2559 140 53 New
1517 2559 182 71 York,
1728 2561 68 52 E.
1829 2562 66 53 P.
67 2562 1983 128 Dutton

192 2636 531 70 & co., inc. [ ᶜ1 929]
135 2717 510 48 xxxviii, 228 p. 21 ᶜᵐ.
137 2787 350 49 Bibliography:
545 2798 43 38 p.
617 2787 220 42 223-224.

76 2856 1996 57 © Oct. 11, 1929; 2c. Nov. 18; aff. Nov. 16; A 15878; E. P. Dutton & co.,
143 2915 90 41 inc.
299 2914 281 50 (29-25491)

67 3011 314 63 Domarus,
410 3009 244 53 Eilhard
682 3025 134 39 von.

201 3086 1871 74 … Das denken und seine krankhaften Störungen, von dr.
69 3163 1932 74 med. Eilhard von Domarus … Leipzig, C. Kabitzsch, 1929.
94 3244 1963 105 cover-title, 88 p. diagrs. 25 ᶜᵐ. (On cover: Würzburger abhandlungen
280 3302 1787 57 aus dem gesamtgebiet der medizin … neue folge, bd. v, hft. 8)
74 3355 1773 54 © Feb. 25, 1929; 1c. July 3; A —Foreign 3927; Curt Kabitzsch.
151 3415 281 50 (29-27802)

72 3511 233 67 [Dorey,
334 3509 273 69 Jacques]

137 3587 184 51 Three
347 3586 113 52 and
487 3586 94 53 the
606 3604 169 34 moon;
832 3587 310 68 legendary
1169 3589 199 53 stories
1396 3589 66 52 of
1486 3591 96 52 old
1609 3592 292 72 Brittany,
67 3595 1982 137 Normandy

311 3664 113 52 and
456 3664 305 52 Provence.
851 3665 139 52 [New
1024 3665 181 68 York,
1235 3666 72 52 A.
1339 3667 72 52 A.
1444 3667 226 71 Knopf,
1704 3674 152 65 1929]

169 3746 1482 52 x p., 2 l., 3-103 p. illus., col. plates (part double) 26 ᶜᵐ.
139 3803 215 41 “Stories
378 3804 101 40 told
501 3802 61 48 by
586 3803 209 47 Jacques
820 3803 161 47 Dorey
1005 3805 95 38 and
1125 3803 283 43 illustrated
1432 3807 61 47 by
1516 3808 143 41 Boris
1683 3810 388 49 Artzybasheff.”

416 3859 1653 52 CONTENTS. — Brittany: The story of Ivon Tortik. The wonderful
69 3918 170 47 legend
277 3917 53 39 of
370 3915 68 42 St.
477 3915 620 48 Triphine.—Normandy:
1138 3917 102 39 The
1279 3920 136 46 story
1454 3920 51 40 of
1543 3932 28 29 a
1610 3923 217 41 Norman
1867 3931 205 43 peasant

70 3975 101 47 boy,
207 3974 119 39 born
361 3973 208 39 Michael
604 3972 185 40 Martin
824 3973 86 39 but
945 3973 107 40 who
1084 3973 111 40 died
1232 3974 80 41 Sir
1343 3976 211 42 Michael
1588 3980 58 40 de
1680 3981 227 43 Vaufort.
1971 3985 102 41 The
