2533 4342
1305 4021 142 54 2174

366 364 248 65 Vahlen,
644 364 145 52 Karl
819 363 288 63 Theodor,
1139 367 172 50 1869-

368 435 1985 154 … Deviation und kompensation; neue grundlegung der theorie,
508 538 142 34 neue
692 517 395 69 aufwendung
1130 515 104 53 auf
1278 515 91 53 die
1413 515 213 68 praxis.
1707 514 114 52 Mit
1861 514 67 52 27
1973 513 404 69 abbildungen.

369 595 465 69 Braunschweig,
864 595 67 53 F.
961 593 237 69 Vieweg
1227 595 46 50 &
1301 593 139 53 sohn
1473 593 277 69 akt.-ges.,
1782 595 150 49 1929.

436 678 649 49 viii, 188 p. diagrs. 24 ᶜᵐ.
374 730 2000 56 © Mar. 8, 1929; 1c. Aug. 14; A —Foreign 4283; T. Vahlen, Eldena bei
442 792 310 47 Greifswald,
786 791 260 46 Germany.
1116 788 251 49 (30-2926)

371 886 185 64 Vaile,
586 884 228 54 Roland
843 885 58 54 S.

440 964 361 69 Marketing;
837 981 74 35 an
940 962 401 69 introductory
1372 979 212 50 course,
1613 962 77 67 by
1720 960 229 52 Roland
1982 959 56 55 S.
2070 958 168 54 Vaile
2270 959 114 53 and

370 1045 170 53 Peter
564 1043 65 55 L.
659 1041 321 70 Slagsvoid.
1059 1038 388 72 Preliminary
1473 1040 84 53 ed.
1633 1038 140 53 New
1801 1037 181 71 York,
2006 1038 125 55 The
2154 1036 230 58 Ronald

371 1141 157 50 press
556 1137 300 52 company,
887 1122 150 51 1929.

466 1204 78 41 1 v.
373 1256 51 52 ©
458 1259 129 48 Sept.
617 1258 69 48 20,
718 1256 118 41 1929;
892 1257 68 40 2c.
993 1256 102 41 Oct.
1127 1255 56 41 29;
1244 1255 81 40 aff.
1362 1255 128 48 Sept.
1521 1255 56 38 24;
1637 1254 44 39 A
1710 1253 147 41 15380;
1916 1254 193 40 Ronald
2138 1264 137 38 press
2308 1263 68 30 со.

366 1367 333 64 Valentine,
730 1365 311 54 Elizabeth
1074 1365 180 63 Gray.

437 1447 188 52 Dawn
654 1453 57 46 to
742 1444 284 69 twilight;
1059 1443 159 53 work
1247 1443 64 54 of
1342 1442 255 54 Edward
1626 1441 72 54 V.
1730 1441 324 69 Valentine,
2082 1442 76 70 by
366 1440 1989 138 Elizabeth

537 1519 1842 75 Gray Valentine … Richmond, Va., The William Byrd
367 1621 176 51 press,
569 1603 127 67 inc.,
726 1604 149 50 1929.

435 1683 84 40 201
551 1693 43 38 p.
654 1682 165 48 front.,
849 1681 173 48 plates,
1052 1682 164 47 ports.,
1246 1679 192 41 facsim.
1498 1679 118 41 22ᶜᵐ.

437 1739 147 39 “This
613 1739 42 39 is
684 1750 26 29 a
740 1738 191 40 limited
960 1737 185 40 edition
1173 1736 52 41 of
1253 1735 130 48 1,000
1411 1735 205 48 copies.”

376 1792 52 53 ©
458 1796 113 40 Dec.
602 1796 68 48 14,
702 1794 119 41 1929;
876 1794 67 40 2c.
974 1795 97 38 and
1103 1792 82 41 aff.
1216 1793 113 41 Dec.
1359 1792 83 46 31;
1476 1792 41 39 A
1547 1791 172 47 17632;
1754 1791 257 40 Elizabeth
2044 1791 131 47 Gray
443 1792 1918 101 Valentine

573 1852 225 45 Thomas,
830 1850 286 41 Richmond.
1186 1848 252 49 (30-1293)

372 1931 297 70 [Vallette,
698 1933 140 52 Mrs.
868 1928 370 65 Marguérite
1277 1928 351 67 (Eymery)]
1666 1934 171 49 1860-

498 2005 1883 68 … Madame Adonis, roman. Edition definitive. Paris, J.
366 2086 269 54 Ferenczi
666 2091 55 48 et
748 2084 89 54 fils
873 2087 175 65 [1929]

434 2170 89 41 239
550 2181 58 37 p.,
638 2169 26 40 1
715 2199 9 9 l.
784 2167 117 42 19ᶜᵐ.

435 2224 232 42 Author’s
696 2224 180 49 pseud.,
908 2222 251 47 Rachilde,
1189 2224 52 38 at
1270 2223 126 40 head
1424 2222 52 41 of
1505 2222 124 41 title.

376 2278 1887 53 © Aug. 1, 1929; 1c. Sept. 27; A—Foreign 4620; J. Ferenczi & fils.
451 2336 253 53 (30-3561)

367 2420 213 62 Verne,
607 2417 184 64 Jules,
824 2422 327 49 1828-1905.

500 2492 1882 71 … Un capitano di quindici anni, a cura di Adele Albieri,
368 2573 381 54 illustrazioni
785 2590 28 35 e
847 2571 295 69 copertina
1179 2571 59 52 di
1276 2571 64 52 F.
1378 2570 202 53 Fabbi.
1651 2571 259 68 Firenze,
1946 2572 68 52 R.
2052 2572 328 68 Bemporad

367 2655 46 50 &
442 2651 66 55 f°.
544 2654 174 65 [1928]

0 0 0 0 232. p. illus. 19ᶜᵐ. (His Opere)
374 2788 51 52 ©
461 2792 99 39 Dec.
607 2791 70 48 16,
712 2790 141 43 1928;
919 2800 37 29 1c.
992 2788 112 41 Feb.
1138 2788 68 48 21,
1243 2787 140 48 1929;
1421 2788 314 48 A—Foreign
1770 2788 141 47 1851;
1951 2789 54 39 R.
2043 2790 274 47 Bemporad
2353 2801 28 29 e

440 2848 58 40 f°.
570 2845 253 51 (30-3320)

371 2926 257 65 Villiers,
659 2926 261 52 Thomas
947 2923 309 64 Wayland.

444 3003 1942 69 The dawn of love, by Wayland Villiers … [Atlanta, Ga.,
373 3084 244 53 Printed
643 3084 77 69 by
746 3083 159 54 John
932 3082 66 53 T.
1026 3080 278 54 Hancock
1331 3100 99 50 со.,
1459 3084 152 63 1929]

442 3164 58 41 76
535 3175 43 38 p.
644 3165 125 46 port.
834 3163 118 40 16ᶜᵐ.

376 3216 52 53 ©
464 3220 129 49 Sept.
625 3220 39 48 5,
698 3219 114 41 1929;
874 3219 67 41 2c.
975 3219 97 39 and
1105 3217 82 41 aff.
1224 3218 128 49 Sept.
1386 3220 26 39 7;
1475 3218 41 40 A
1548 3218 147 41 13157;
1756 3218 213 42 Thomas
2003 3219 243 48 Wayland
442 3220 1914 105 Villiers,
604 3277 249 47 Marietta,
884 3275 53 41 O.

369 3352 284 66 Voltaire,
687 3353 283 69 François
1001 3354 189 53 Marie
1223 3355 229 53 Arouet
1483 3356 90 63 de,
1609 3356 327 54 1694-1778.

502 3432 1877 72 … Candide, wood engravings by Howard Simon. New
370 3511 181 67 York,
577 3511 49 53 I.
652 3511 349 71 Washburn,
1032 3515 150 51 1929.

440 3591 1283 51 viii p., 3 l., 3-326 p., 1 l. front., plates. 24½ᶜᵐ.
440 3648 64 40 At
532 3648 124 40 head
680 3647 54 40 of
756 3648 111 40 title:
922 3647 235 42 Voltaire.

443 3703 1936 49 “Of this edition … one hundred sixty numbered copies … have been
371 3760 195 47 printed
593 3770 61 30 on
681 3760 67 39 all
776 3770 88 37 rag
891 3760 167 40 deckle
1086 3761 120 46 edge
1230 3770 164 38 paper.
1454 3760 102 40 The
1583 3759 332 41 illustrations
1942 3760 83 41 for
2051 3762 137 39 these
2217 3760 161 48 copies

374 3817 123 39 have
539 3817 119 39 been
700 3816 181 47 proved
926 3817 97 38 and
1067 3815 168 46 signed
1278 3817 61 46 by
1381 3817 82 39 the
1508 3815 163 41 artist.
1745 3817 157 39 There
1944 3816 125 40 have
2110 3817 104 39 also
2259 3817 120 39 been

372 3871 194 48 printed
601 3882 61 30 on
696 3872 378 39 water-marked
1109 3882 88 37 rag
1228 3881 164 39 paper,
1429 3873 95 38 two
1558 3871 247 41 thousand
1839 3872 174 48 copies,
2048 3873 82 39 the
373 3873 1987 95 illustrations
532 3928 80 40 for

641 3927 158 41 which
831 3928 123 39 have
983 3928 121 39 been
1133 3927 195 48 printed
1357 3927 130 40 from
1518 3928 82 39 the
1631 3927 211 49 original
1875 3929 137 40 wood
2041 3926 337 50 engravings.”
