2533 4342
1299 3981 141 59 2176

370 349 285 66 Wolfson,
688 351 201 64 Harry
918 351 294 64 Austryn,
1247 351 172 55 1887-

441 426 251 56 Crescas’
722 427 240 68 critique
993 426 65 53 of
1086 426 281 54 Aristotle;
1429 427 287 68 problems
1746 426 65 54 of
1840 426 326 54 Aristotle’s
370 426 1987 133 Physics
475 505 59 53 in

368 504 1991 149 Jewish and Arabic philosophy, by Harry Austryn Wolfson … Cambridge, Harvard university press, 1929.
438 665 1941 50 xvi p., 1 l., 759 p. 24½ᶜᵐ. (Half-title: Harvard Semitic series,
368 725 92 40 vol.
488 723 74 48 VI)

438 793 379 48 Bibliography:
850 804 44 38 p.
922 793 220 41 703-714.

780 849 752 49 CONTENTS.—Introduction.—Explanation
1564 849 52 40 of
1647 849 415 47 symbols.—Text
2093 850 96 40 and
369 852 1994 96 translation

563 905 1818 50 of the twenty-five propositions of part I of book I of the Or
369 961 2013 50 Adonai. —Notes on the twenty-five propositions of book I of the Or
367 1019 205 42 Adonai.

378 1072 51 54 ©
454 1077 118 41 Nov.
598 1076 69 49 26,
694 1075 114 42 1929;
863 1075 68 42 2c.
958 1076 114 42 Dec.
1098 1075 59 42 18;
1210 1075 82 42 aff.
1320 1075 113 41 Dec.
1460 1075 56 40 16;
1571 1075 41 40 A
1638 1074 148 41 16606;
1841 1075 256 42 President
2124 1075 37 42 &
2186 1076 194 42 fellows

444 1133 52 41 of
529 1134 231 39 Harvard
794 1134 192 48 college,
1024 1133 302 48 Cambridge,
1363 1134 147 38 Mass.
1585 1132 253 49 (30-2330)

373 1227 398 64 Woodworth,
799 1227 223 53 Robert
1051 1227 57 55 S.

444 1307 380 69 Psychology.
900 1306 138 52 Rev.
1084 1307 84 52 ed.
1244 1306 139 52 New
1427 1305 180 70 York,
1648 1306 206 70 Henry
1894 1306 145 54 Holt
2083 1308 114 51 and
373 1324 1989 131 company,
578 1387 151 50 1929.

441 1465 27 41 1
538 1497 9 9 v.

377 1517 51 53 ©
459 1522 127 48 Sept.
616 1521 68 49 10,
712 1521 142 47 1929;
884 1522 68 41 2c.
982 1522 101 41 Oct.
1113 1521 83 48 26;
1227 1521 82 40 aff.
1341 1521 127 48 Sept.
1499 1521 82 47 27;
1611 1522 42 39 A
1680 1520 171 49 13709;
1884 1522 169 48 Henry
2081 1522 123 41 Holt
2230 1523 36 40 &
2294 1534 83 37 со.,

443 1578 91 41 inc.
599 1574 69 54 [©
702 1581 400 45 rearrangement
1135 1579 96 39 and
1263 1588 108 30 new
1402 1578 244 49 material]

367 1673 202 62 Woog,
599 1671 165 56 Paul.

502 1751 1878 70 … Le cancer; essai d’une théorie cellulaire plwsico-chimique.
369 1829 186 70 Paris,
582 1828 287 55 Librairie
896 1830 342 69 Delagrave,
1271 1833 149 49 1929.

436 1909 364 49 139 p. 18 ½ᶜᵐ .
438 1966 417 49 Bibliographical
881 1967 281 40 foot-notes.

374 2019 1918 54 © Sept. 20, 1929; 1c. Nov. 8; A— Foreign 5039; Librairie Delagrave.
452 2079 252 49 (30-4231)

370 2174 259 65 Wright,
664 2174 390 55 Richardson.

441 2252 342 56 Gardener’s
808 2252 301 71 bed-book,
1135 2255 75 67 by
1237 2254 355 53 Richardsou
1624 2255 252 69 Wright.
1953 2255 431 71 Philadelphia,

372 2332 55 53 J.
460 2333 65 50 B.
556 2332 341 68 Lippincott
926 2350 299 51 company,
1257 2335 151 50 1929.

441 2412 25 39 1
529 2444 8 9 v.

374 2463 2000 57 © Mar. 30, 1929 ; 2c. and aff. June 21; A 15969; R. Wright, New York.
369 2577 278 64 Yntema,
685 2577 213 54 Hessel
935 2578 68 55 E.

445 2655 210 56 Source
687 2656 150 54 book
870 2656 65 53 of
967 2657 226 53 Roman
1227 2658 125 51 law.
1428 2662 80 63 pt.
1549 2662 43 50 1.
1627 2658 181 69 Legal
1841 2659 223 70 history
2098 2660 114 53 and
2246 2659 136 54 civil

373 2735 312 67 procedure
737 2735 61 52 [in
826 2738 32 48 2
886 2753 123 48 sec.]
1090 2736 92 69 By
1209 2735 76 54 H.
1317 2736 67 51 E.
1417 2737 250 51 Yntema
1697 2739 113 52 and
1838 2737 70 52 A.
1940 2737 226 53 Arthur
370 2737 1988 128 Schiller.

544 2812 139 53 New
718 2811 181 60 York,
935 2815 150 50 1929.

438 2892 29 40 2
537 2925 8 9 v.

371 2949 77 40 1st
484 2959 105 38 sec.,
630 2945 53 52 ©
722 2950 111 39 Feb.
872 2951 38 40 7.
950 2949 119 40 1929;
1134 2950 59 40 2d
1232 2961 90 30 sec.
1380 2947 51 52 ©
1470 2951 113 48 Apr.
1625 2952 55 39 15;
1749 2952 67 40 2c.
1856 2953 119 40 each
2015 2954 113 47 May
2167 2954 59 39 28;
2292 2954 83 41 aff.

443 3006 115 47 May
586 3006 57 39 27;
700 3006 41 39 A
771 3005 136 40 11061;
974 3006 61 40 H.
1067 3007 54 40 E.
1150 3007 221 48 Yntema,
1404 3008 283 49 Baltimore,
1721 3009 96 39 and
1847 3008 55 41 A.
1934 3009 189 40 Arthur
2156 3009 219 49 Schiller,

442 3061 119 41 New
588 3062 146 40 York.

371 3140 228 64 Young,
632 3142 44 53 C
1032 3141 245 56 Walter.

442 3218 123 53 The
588 3217 414 55 international
1028 3219 272 54 relations
1325 3220 65 54 of
1416 3221 343 54 Manchuria;
1819 3242 31 34 a
1876 3222 190 70 digest
2085 3223 113 53 and
371 3223 1979 140 analysis

524 3295 66 53 of
625 3297 249 67 treaties,
912 3303 372 63 agreements,
1322 3299 114 52 and
1473 3300 386 68 negotiations
1900 3301 342 69 concerning
2279 3301 97 53 the

371 3372 160 53 three
565 3379 222 47 eastern
822 3375 299 66 provinces
1155 3374 65 53 of
1256 3374 206 67 China,
1495 3377 283 67 prepared
1816 3375 94 55 for
1944 3378 96 52 the
2079 3381 133 49 1929
375 3396 1977 106 conference

631 3448 65 54 of
727 3450 96 54 the
857 3451 276 53 Institute
1167 3450 67 54 of
1265 3452 214 54 Pacific
1512 3454 273 53 relations
1820 3453 60 53 in
1914 3454 215 69 Kyoto,
2162 3454 214 69 Japan,

371 3526 2005 72 by C. Walter Young … Chicago, Ill., Pub. for the American
372 3604 238 67 council,
653 3604 276 55 Institute
972 3605 66 53 of
1079 3605 215 54 Pacific
1336 3607 291 67 relations,
1671 3607 75 69 by
1788 3608 95 53 the
1927 3608 339 70 University
2310 3607 66 54 of

373 3680 254 70 Chicago
659 3699 158 50 press
895 3685 153 65 [ᶜ1929]

546 3793 8 17 xxx,
590 3762 87 41 307
710 3773 44 38 p.
789 3763 110 41 incl.
932 3764 151 41 front,
1112 3765 161 48 (map)
1343 3765 116 41 24ᶜᵐ.

443 3818 391 49 “Documentary
868 3820 226 41 sources”:
1161 3833 42 37 p.
1240 3819 218 44 301-302.

376 3868 51 53 ©
456 3873 103 42 Oct.
586 3874 69 47 15,
683 3874 142 48 1929;
855 3876 65 40 2c.
950 3878 97 38 and
1075 3876 82 41 aff.
1186 3878 117 39 Nov.
1333 3878 52 46 8;
1415 3878 41 38 A
1484 3878 172 48 15634;
1689 3878 49 41 C.
1767 3880 73 39 W.
1869 3879 183 48 Young,
2082 3880 117 39 New
2227 3880 145 40 York.

452 3929 250 49 (30-3997)
