2533 4342
1321 3999 136 54 1744

363 347 223 52 Hearst
620 349 379 61 temperance
1034 349 232 51 contest
1303 345 360 56 committee.

437 426 521 66 Temperance—or
988 423 392 68 prohibition?
1459 425 122 51 The
1611 425 216 52 Hearst
1857 429 359 63 temperance
366 442 1984 112 contest

502 502 337 67 committee,
868 502 241 52 Francis
1135 505 56 50 J.
1222 502 269 68 Tietsort,
1519 501 202 53 editor.
1797 503 139 52 New
1964 501 164 53 York
368 502 1984 131 [Printed

468 579 1326 69 by J. J. Little and Ives company] ᶜ19 29.
506 659 1393 49 xx p., 1 l., 397 p. front., illus., ports., diagr. 19½ ᶜᵐ .
441 729 161 41 “First
629 728 228 41 edition.”

444 786 264 47 Subjoined
746 786 42 39 is
824 786 82 39 the
947 786 239 39 Franklin
1224 785 156 41 Chase
1419 786 132 47 Hoyt
1590 787 116 47 plan
1742 786 80 38 for
1860 788 319 45 temperance,
2220 786 159 39 which

371 843 218 40 received
617 843 81 39 the
726 841 190 49 $25,000
943 843 169 38 award
1141 842 50 38 in
1221 843 81 39 the
1331 842 185 40 Hearst
1544 844 308 45 temperance
1880 843 202 46 contest,
2111 843 268 39 conducted

370 899 127 40 from
535 899 223 46 January
797 901 49 37 to
882 898 153 48 April,
1073 897 129 41 1929.
1263 897 118 40 This
1416 898 125 40 book
1576 898 43 40 is
1655 899 147 39 based
1841 909 59 31 on
1938 899 82 39 the
2058 900 187 38 contest
2283 899 94 39 and

371 955 218 41 includes
626 956 140 39 other
798 953 372 50 prize-winning
1203 953 157 49 plans,
1420 955 62 47 cf.
1517 965 44 37 p.
1594 953 120 42 xvii.

378 1021 51 52 ©
466 1026 102 40 Oct.
602 1025 69 47 28,
707 1025 115 39 1929;
886 1025 67 39 2c.
989 1025 98 38 and
1121 1022 83 42 aff,
1241 1023 101 40 Oct.
1378 1023 59 39 29;
1499 1024 42 38 A
1576 1023 144 40 15354;
1785 1025 118 39 New
1938 1025 132 38 York
2106 1023 269 40 American.

445 1082 78 40 inc.,
577 1081 119 40 New
721 1081 144 40 York.
932 1079 283 51 (29-23511)

367 1174 279 64 Imperial
678 1190 193 38 crown
905 1174 239 63 royalty
1178 1175 392 62 corporation.

445 1252 279 68 Imperial
776 1270 189 34 crown
1020 1252 228 68 royalty
1301 1253 382 66 corporation.
1781 1253 289 67 [Toronto,
2125 1252 256 67 Canada,

376 1330 276 53 Edouard
682 1330 79 52 M.
792 1330 87 52 De
909 1330 212 67 Loach,
1154 1331 153 65 1929]

443 1410 726 51 37 l., [4] p. diagr. 29½ ᶜᵐ .
379 1464 2003 51 © 1c. Oct. 24, 1929; A ad int. 13293; pubd. Oct. 11; Edouard M. De
446 1524 176 48 Loach,
650 1524 75 40 Ft.
754 1524 186 48 Worth,
968 1524 117 40 Tex.

375 1617 181 51 Index
594 1624 58 46 to
689 1618 148 68 legal
874 1618 361 68 periodicals,
1272 1618 264 69 January
1576 1621 134 49 1926
1746 1622 58 48 to
1846 1617 349 69 September,
2234 1621 150 49 1928.

449 1696 191 54 Eldon
670 1696 67 51 R.
768 1696 214 66 James,
1013 1695 201 52 editor.
1282 1695 139 52 New
1453 1694 164 53 York
1647 1697 135 66 city,
1813 1694 316 53 Published
2161 1694 94 53 for
2285 1695 98 52 the

447 1772 309 53 American
784 1772 342 53 association
1155 1771 65 53 of
1247 1774 109 50 law
1385 1772 263 53 libraries
1676 1772 77 69 by
1781 1772 121 53 The
1931 1772 78 53 H.
2039 1772 89 54 W.
2158 1771 226 54 Wilson

447 1867 300 51 company,
779 1852 150 50 1929.

447 1931 334 49 779 p. 26 ᶜᵐ .
381 1984 51 52 ©
465 1988 103 41 Oct.
598 1988 69 41 22,
699 1987 141 48 1929;
872 1987 66 40 2c.
970 1988 96 39 and
1096 1987 82 40 aff.
1211 1988 103 40 Oct.
1344 1987 55 40 31;
1458 1986 40 39 A
1529 1986 172 47 15406;
1735 1987 62 40 H.
1828 1988 72 40 W.
1933 1986 186 41 Wilson
2151 1997 82 36 co.,
2264 1986 119 40 New

447 2045 147 41 York.

370 2140 122 51 The
529 2137 434 52 International
1001 2139 278 53 standard
1320 2138 164 53 Bible
1523 2137 469 70 encyclopaedia;
2033 2139 195 54 James
2269 2136 116 55 Orr

503 2216 1819 69 … general editor, John L. Nuelsen … Edgar Y. Mullins …
445 2292 1917 131 assistant editors, Morris O. Evans … managing editor, Melvin
444 2370 1918 133 Grove Kyle … revising editor … Chicago, The Howard-Severance
923 2465 299 50 company,
1257 2451 150 50 1980.

450 2530 25 40 5
510 2542 43 29 v.
613 2530 191 46 fronts.,
840 2529 115 40 illus.,
1022 2530 171 46 plates,
1232 2539 138 38 maps
1399 2528 136 48 (part
1573 2528 143 48 fold.)
1761 2529 218 40 facsims.
2007 2528 136 49 (part
2180 2529 198 48 double)

375 2586 148 41 27½ ᶜᵐ .
448 2642 237 41 “Revised
715 2641 228 41 edition.”

448 2700 161 46 Paged
641 2698 358 48 continuously.

447 2756 264 40 Published
740 2754 130 41 1929.

386 2810 50 51 ©
467 2813 102 41 Oct.
598 2813 69 46 24,
696 2811 115 40 1929;
866 2812 68 40 2c.
964 2811 119 40 each
1114 2810 102 40 Oct.
1244 2810 56 39 28;
1404 2809 37 40 aff.
1471 2809 118 41 Nov.
1618 2812 54 44 4;
1705 2810 41 39 A
1776 2810 142 40 15491;
453 2811 1915 98 Howard-Severance

601 2879 66 30 co.
737 2866 283 51 (29-23505)

378 2960 371 64 Kinsolving,
776 2960 220 63 Wythe
1026 2960 207 63 Leigh,
1266 2961 171 54 1878-

377 3037 1987 148 Tapestry; lyrics by Wythe Leigh Kinsolving … [Richmond,
687 3119 85 64 ᶜ19 29]
449 3196 306 50 39 p. 23 ᶜᵐ .
388 3250 51 53 ©
471 3254 129 49 Sept.
628 3253 55 41 19,
784 3253 58 40 1929;
897 3253 68 41 2c.
998 3252 128 48 Sept.
1154 3252 57 40 20;
1269 3252 82 40 aff.
1382 3252 101 42 Oct.
1512 3252 82 47 26;
1626 3253 41 39 A
1696 3252 170 44 14509;
1898 3254 71 40 W.
1999 3254 50 40 L.
2080 3253 307 49 Kinsolving,

455 3311 284 40 Richmond.
807 3309 282 49 (29-23339)

381 3402 260 65 Kipling,
670 3404 303 63 Rudyard,
1008 3409 170 49 1865-

451 3482 256 52 Address
746 3481 77 67 by
864 3483 281 67 Rudyard
1187 3481 268 68 Kipling,
1498 3487 60 47 at
1596 3482 97 52 the
1735 3481 250 70 opening
2025 3481 65 53 of
2128 3483 96 51 the
2264 3501 124 33 new

382 3560 162 51 home
593 3564 59 46 at
698 3558 213 53 Milner
959 3564 178 49 court.
1187 3559 227 67 Sturry,
1460 3559 175 57 Kent,
1686 3558 64 52 of
1794 3559 97 52 the
1938 3558 196 69 junior
2178 3559 210 69 King’s

380 3637 209 65 school,
618 3636 379 67 Canterbury,
1025 3635 247 55 October
1301 3641 47 61 5,
1379 3639 148 49 1929.
1605 3635 233 54 Garden
1868 3636 152 69 City,
2050 3637 139 51 New
2208 3636 181 69 York,

380 3712 357 68 Doubleday,
763 3713 199 51 Doran
988 3717 46 48 &
1060 3729 298 52 company,
1384 3713 126 66 inc.,
1541 3716 150 49 1929.

453 3793 27 39 2
505 3805 43 37 p.
610 3825 8 15 l.,
644 3792 89 41 3-6
757 3804 43 37 p.
860 3792 148 42 20½ᶜᵐ.

392 3846 51 52 ©
477 3850 102 41 Oct.
611 3849 70 47 30,
713 3849 114 40 1929;
888 3850 68 40 2c.
988 3851 96 38 and
1117 3849 82 40 aff.
1232 3850 118 39 Nov.
1382 3850 27 38 4;
1470 3849 42 39 A
1543 3849 146 40 14598;
1753 3850 54 39 R.
1842 3849 214 48 Kipling,
2092 3849 295 47 Bateman’s,

458 3905 256 41 Burwash,
747 3904 193 49 Sussex,
972 3906 238 44 England.
1279 3905 280 49 (29-23333)
