2547 4384
1337 4025 135 54 1172

391 376 122 53 The
549 374 373 64 coöperative
960 382 321 47 movement
1316 376 61 52 in
1413 376 206 52 Russia
1654 373 215 71 during
1902 376 97 53 the
2034 393 136 35 war.
454 374 1916 132 Consumers’

722 452 1671 70 coöperation, by Eugene M. Kayden … Credit and
455 528 1939 72 agricultural coöperation, by Alexis N. Antsiferov … New
454 609 225 68 Haven,
712 609 148 53 Yale
892 607 320 70 university
1243 627 185 51 press;
1462 609 259 65 London,
1753 609 77 53 H.
1863 607 268 68 Milford,
2163 606 231 58 Oxford

454 686 320 69 university
815 703 158 51 press
1015 686 94 53 for
1149 687 97 53 the
1290 685 281 70 Carnegie
1610 687 359 52 endowment
2009 685 94 53 for
455 686 1915 132 international

676 783 197 52 peace:
910 764 269 55 Division
1218 764 64 54 of
1322 764 312 55 economics
1674 765 114 53 and
1822 764 243 69 history,
2103 767 152 51 1929.

388 846 1992 99 xvi, 420 p. 25 ᶜᵐ. [Carnegie endowment for international peace. Division of economics
941 906 96 39 and
1078 904 205 48 history.
1354 904 257 41 Economic
1654 905 96 40 and
1794 903 151 42 social
1987 904 191 48 history
2222 903 52 42 of
2315 905 83 39 the
388 963 153 40 world
567 973 118 29 war.
743 960 215 42 Russian
986 961 165 50 series]

395 1030 1983 102 © June 21, 1929; 2c. July 29; aff. July 27; A 10712; Carnegie endowment for
992 1090 920 51 internatl. peace, Washington. (29-16398)
393 1217 236 62 Daviot,
661 1217 256 55 Gordon.

457 1309 122 52 The
604 1326 134 35 man
764 1309 61 52 in
849 1308 97 54 the
971 1327 195 50 queue,
1191 1310 78 68 by
1295 1308 237 56 Gordon
1559 1308 232 54 Daviot.
1853 1309 140 53 New
2022 1308 183 70 York,
2231 1309 69 53 E.
2328 1309 68 53 P.

385 1387 762 68 Dutton & co., inc. [ ᶜ1 929]
459 1468 671 50 vii p., 1 l. , 246 p. 19½ᶜᵐ.
396 1538 52 53 ©
481 1542 116 48 July
627 1543 40 46 1,
699 1541 142 48 1929;
873 1541 68 42 2c.
974 1542 96 39 and
1101 1541 82 41 aff.
1213 1541 121 49 Aug.
1365 1542 52 47 8;
1451 1541 43 40 A
1523 1541 171 48 10663;
1730 1543 53 40 E.
1815 1542 51 41 P.
1899 1542 193 41 Dutton
2121 1542 36 40 &
2188 1552 83 35 co.,
2303 1541 92 41 inc.

475 1598 283 49 (29-16556)

399 1710 300 69 [Delgado,
728 1709 183 53 Pablo
937 1709 48 53 L]

457 1786 1650 70 Mary, the mother of Christ. [El Paso, Tex., ᶜ1 929]
647 1868 887 51 11 p. l. , 25-127 p. incl. plates, port. 20 ᶜᵐ.
462 1940 343 41 Introduction
832 1940 169 48 signed
1020 1951 10 30 :
1059 1940 150 41 Pablo
1239 1940 52 41 L.
1319 1940 232 49 Delgado.

463 1997 274 42 “Editorial
766 1997 142 41 note”
940 1996 169 50 signed
1128 2008 8 29 :
1170 1996 156 41 Marie
1361 1996 246 49 Sophrene
1639 1997 271 42 Bonorden.

464 2054 301 41 “Ilustrated
796 2050 50 55 [!]
875 2055 62 48 by
967 2054 217 41 Gustavo
1216 2053 222 49 Gloryo.”

399 2122 52 53 ©
476 2127 116 48 July
616 2127 40 48 5,
680 2126 142 48 1929;
850 2126 67 41 2c.
944 2126 115 48 July
1084 2125 53 47 9;
1165 2124 82 42 aff.
1274 2126 117 47 July
1416 2125 52 48 8;
1496 2125 42 40 A
1561 2124 171 49 10172;
1760 2126 52 41 P.
1837 2127 51 40 L.
1915 2126 232 49 Delgado,
2174 2128 58 38 El
2259 2127 140 40 Paso.

477 2184 282 49 (29-16513)

400 2294 280 63 Dorland,
712 2293 258 56 William
1007 2293 338 54 Alexander
1378 2295 307 64 Newman,
1722 2300 172 49 1864-

469 2388 123 54 The
634 2387 310 54 American
988 2387 327 54 illustrated
1360 2387 242 54 medical
1648 2386 353 72 dictionary;
2050 2407 33 33 a
2129 2387 277 70 complete

400 2467 326 69 dictionary
764 2466 65 53 of
863 2467 97 53 the
995 2473 175 47 terms
1205 2467 138 53 used
1380 2466 60 52 in
1475 2467 296 67 medicine,
1810 2485 255 51 surgery,
2103 2467 304 69 dentistry,

400 2545 332 69 pharmacy,
789 2545 325 68 chemistry,
1172 2545 259 69 nursing,
1487 2545 327 69 veterinary
1870 2546 230 68 science,
2154 2545 253 69 biology,

399 2624 243 53 medical
683 2623 345 69 biography,
1072 2627 120 64 etc.,
1234 2623 142 53 with
1419 2624 97 53 the
1559 2623 461 69 pronunciation,
2064 2624 343 69 derivation,

401 2701 2004 71 and definition, by W. A. Newman Dorland … 15th ed., rev.
402 2778 1979 148 and enl. With the collaboration of E. C. L. Miller … Philadelphia
666 2858 114 53 and
807 2857 260 69 London,
1093 2857 90 54 W.
1214 2859 67 53 B.
1314 2857 289 56 Saunders
1629 2876 299 52 company,
1958 2863 151 50 1929.

466 2936 1939 53 1 p. l., 11-1427 p. incl. illus., tables, diagrs. plates (part col.) 23 ᶜᵐ .
404 3006 52 53 ©
485 3011 117 47 July
631 3010 69 46 11,
732 3009 118 40 1929;
904 3009 68 41 2c.
1003 3010 96 39 and
1129 3008 82 41 aff.
1241 3009 121 49 Aug.
1390 3009 27 41 3;
1477 3010 42 40 A
1547 3011 143 40 11453;
1751 3012 72 41 W.
1854 3012 55 40 B.
1943 3012 248 42 Saunders
2221 3025 69 29 co.
480 3067 284 50 (29-16457)

402 3177 195 64 Dunn,
627 3175 319 54 Frederick
975 3175 337 66 Sherwood,
1343 3182 172 50 1893-

465 3268 123 52 The
615 3267 252 69 practice
896 3268 114 52 and
1041 3268 312 68 procedure
1381 3268 64 54 of
1476 3269 412 55 international
1918 3271 379 70 conferences,
2327 3273 76 70 by

396 3343 2007 76 Frederick Sherwood Dunn … Baltimore, The Johns Hopkins
397 3441 157 51 press;
612 3422 262 68 London,
898 3422 80 54 H.
1005 3422 268 68 Milford,
1303 3423 231 56 Oxford
1562 3425 322 69 university
1911 3445 176 50 press,
2117 3431 152 50 1929.

468 3503 1936 54 xiv, 229 p. 22 ᶜᵐ. (Half-title: Johns Hopkins university studies in
398 3566 253 42 historical
682 3567 97 39 and
808 3565 220 49 political
1057 3566 199 43 science.
1318 3568 155 40 Extra
1504 3569 232 42 volumes,
1794 3580 109 31 new
1931 3580 106 39 ser.,
2068 3582 76 30 no.
2176 3571 51 49 6)

472 3636 130 40 “The
628 3636 261 40 substance
914 3637 53 39 of
992 3636 100 41 this
1118 3639 146 46 study
1289 3648 102 30 was
1416 3641 258 45 presented
1700 3638 52 41 in
1777 3650 28 30 a
1832 3640 151 41 series
2010 3641 53 41 of
2088 3641 78 41 six
2193 3643 210 41 lectures

400 3698 245 42 delivered
675 3697 168 41 before
871 3700 82 39 the
984 3698 226 41 Political
1241 3699 187 41 science
1458 3701 308 47 department
1797 3702 53 40 of
1880 3703 83 40 the
1994 3702 154 42 Johns
2180 3704 224 48 Hopkins

400 3759 273 49 university
698 3759 52 40 in
774 3759 139 49 April
940 3762 95 39 and
1064 3761 128 48 May,
1219 3759 354 44 1928.”—Pref.

471 3834 264 41 Published
762 3836 104 40 also
893 3846 55 30 as
975 3836 154 41 thesis
1166 3837 107 48 (PH.
1332 3836 35 49 D.)
1404 3837 155 41 Johns
1587 3838 224 48 Hopkins
1840 3838 287 50 university.

408 3905 52 53 ©
496 3911 116 48 July
647 3912 68 48 18,
752 3913 141 46 1929;
930 3914 68 40 2c.
1034 3914 116 47 July
1186 3914 82 47 24;
1306 3913 83 42 aff.
1425 3915 116 47 July
1575 3915 84 47 26;
1698 3914 42 40 A
1775 3915 170 49 10401;
1985 3917 154 40 Johns
2177 3915 224 48 Hopkins

473 3979 150 38 press.
695 3969 282 51 (29-16591)
