2547 4384
1300 3995 134 51 1088

447 407 1648 51 154 p., 1 l. illus. (incl. coat of arms) plates, ports. 22 ᶜᵐ .
449 465 130 41 “One
608 466 185 41 edition
821 467 82 40 for
928 466 301 41 subscribers
1261 466 125 46 only.
1447 464 211 41 Limited
1688 464 194 49 strictly
1912 468 50 38 to
1993 466 137 40 three
2160 466 224 40 hundred

377 521 1952 51 and fifty copies … This copy numbered 165.” Signed by the author.
382 575 51 53 ©
459 581 123 39 Mar.
605 581 70 47 11,
699 580 116 41 1929;
867 581 69 41 2c.
960 582 96 39 and
1081 580 83 41 aff.
1190 581 116 47 July
1331 581 57 39 17;
1441 579 43 40 A
1507 579 144 41 10272;
1709 579 54 42 G.
1789 579 53 42 F.
1910 579 105 49 Viett,
2042 579 222 47 Norfolk,
2292 581 87 40 Va.

459 636 282 50 (29-15079)

378 689 254 66 Walker,
660 690 191 53 Rollin
881 690 237 65 Hough,
1149 696 172 50 1865-

445 768 362 54 Entrevistas
839 786 103 36 con
972 770 196 67 Jesús;
1203 787 79 35 un
1312 767 221 54 estudio
1565 784 192 37 acerca
1788 769 70 53 de
1889 769 55 53 la
1976 768 407 69 personalidad

374 846 2010 69 suprema, por Rollin H. Walker … Versión castellana de
375 924 255 55 Gonzalo
677 926 151 52 Báez
880 925 300 68 Camargo.
1274 924 139 54 New
1460 924 181 68 York,
1689 924 331 56 Cincinnati
2074 929 139 64 [etc.]
373 926 1987 143 Imprenta

607 1002 546 70 Abingdon [ ᶜ1 929]
443 1084 365 49 128 p. 16½ ᶜᵐ .
448 1141 123 40 “Las
611 1141 325 40 ‘Entrevistas
974 1152 87 29 con
1100 1140 159 41 Jesús’
1298 1151 91 38 que
1428 1151 50 30 se
1518 1140 223 41 discuten
1782 1151 59 30 en
1879 1143 102 38 este
2021 1141 226 40 volumen
2286 1141 98 40 han

374 1198 106 40 sido
512 1199 224 39 tomadas
769 1199 141 40 todas
942 1199 77 40 del
1052 1198 266 48 Evangelio
1353 1199 57 39 de
1445 1197 424 42 Juan.”—Introd.

379 1251 52 52 ©
456 1257 114 46 May
594 1255 69 49 15,
688 1255 116 40 1929;
857 1256 67 40 2c.
950 1256 96 39 and
1070 1255 82 40 aff.
1180 1256 116 47 July
1321 1255 55 40 19;
1430 1256 41 38 A
1495 1254 143 42 10281;
1695 1256 56 40 R.
1777 1256 62 39 H.
1865 1255 213 48 Walker,
2105 1255 272 42 Delaware.

448 1312 52 42 O.
565 1312 282 49 (29-15067)

375 1366 185 64 Watt,
589 1366 210 63 Henry
825 1365 277 64 Jackson,
1134 1367 328 54 1879-1925.

504 1443 1814 70 … The common sense of dreams, by Henry J. Watt …
369 1521 337 67 Worcester,
753 1522 193 66 Mass.,
994 1522 178 55 Clark
1218 1521 319 70 university
1584 1540 186 51 press;
1818 1522 259 68 London,
2123 1522 78 53 H.
372 1521 1985 145 Milford,

564 1598 233 57 Oxford
835 1599 282 53 university
1198 1618 174 49 press,
1414 1603 151 51 1929.

370 1680 1993 106 xvi p., 1 l., 212 p. 24 ᶜᵐ . (The international university series in psychology)
443 1795 376 48 “Biographical
853 1796 169 40 sketch
1055 1796 96 39 and
1184 1794 341 49 bibliography
1558 1795 52 41 of
1642 1798 60 39 H.
1739 1796 45 41 J.
1819 1794 180 50 Watt”,
2032 1795 62 48 by
2130 1795 251 48 Shepherd

369 1853 212 40 Dawson
600 1863 9 29 :
640 1864 44 37 p.
712 1851 187 42 vii-xii.

377 1906 52 52 ©
459 1911 119 47 July
603 1910 56 40 10,
701 1910 142 46 1929;
874 1910 67 40 2c.
970 1910 117 48 July
1115 1910 56 39 12;
1230 1909 83 42 aff.
1342 1910 116 48 July
1488 1910 57 39 15;
1602 1910 40 39 A
1672 1909 171 48 10267;
1877 1910 148 41 Clark
2054 1908 131 41 univ.

454 1966 281 49 (29-15055)

376 2022 120 52 The
550 2020 316 63 Waverley
921 2021 305 54 children’s
1282 2021 342 68 dictionary,
1678 2022 97 53 the
1830 2022 231 52 wonder
2116 2020 149 52 book
2318 2019 65 53 of

448 2101 204 66 words,
703 2100 190 52 edited
944 2101 34 51 by
1067 2099 224 53 Harold
1345 2100 264 52 Wheeler.
1701 2118 50 35 v.
1803 2099 48 54 7.
1905 2098 476 70 Snail-Zymotic.

442 2178 260 57 London,
728 2178 121 52 The
878 2178 292 69 Fleetway
1195 2178 174 52 house
1404 2180 171 64 [1929]

442 2257 1933 50 2 p. l., 3993-4664 p. col. front., illus., col. plates, facsim., diagr. 25 ᶜᵐ .
375 2310 53 53 ©
462 2316 68 40 1c.
564 2315 119 48 Aug.
718 2315 70 48 13,
822 2315 142 47 1929;
1001 2317 41 38 A
1076 2317 62 39 ad
1173 2316 88 41 int.
1295 2315 171 48 12959;
1503 2316 144 49 pubd.
1683 2316 116 48 July
1833 2317 53 45 9;
1922 2316 158 40 Adam
2115 2315 260 49 Dingwall,

441 2372 120 42 New
590 2372 146 42 York.

372 2426 308 65 Williams,
708 2426 335 55 Valentine.

444 2507 122 51 The
593 2525 172 49 green
795 2507 261 66 garland.

472 2587 61 39 (In
566 2583 109 43 Pall
711 2583 119 44 mall
866 2584 278 53 magazine,
1180 2584 133 53 July,
1352 2585 146 51 1929)

375 2639 2000 56 © 1c. Aug. 3, 1929; A ad int. 12970; pubd. June 7; George Valentine
440 2700 257 49 Williams,
721 2701 214 42 London.

369 2753 282 66 Wisdom,
682 2755 141 52 Earl
854 2756 46 52 F
1189 2762 173 50 1888-

441 2833 98 53 An
579 2835 251 68 analysis
869 2836 64 52 of
970 2836 94 53 the
1106 2835 392 55 Constitution
1536 2837 65 52 of
1638 2838 97 52 the
1772 2836 220 54 United
2032 2836 191 56 States
2262 2836 112 54 and

371 2911 97 53 the
498 2913 373 53 constitution
904 2913 63 53 of
998 2914 176 69 Iowa,
1204 2915 141 52 with
1375 2921 159 48 notes
1568 2916 113 52 and
1713 2916 316 54 references
2062 2915 93 53 for
2186 2934 98 34 use
2314 2914 60 54 in

372 2990 96 52 the
508 2991 220 53 schools
769 2991 64 52 of
873 2993 96 52 the
1010 2997 145 49 state
1195 2993 61 52 in
1295 2992 351 68 compliance
1686 2993 141 53 with
1867 2993 241 55 sections
2148 2997 228 64 4255-6,

375 3067 2001 74 Code of Iowa, 1927, by Earl F. Wisdom … [Des Moines, Ia.,
374 3149 153 64 1929]

441 3226 56 40 64
526 3237 44 38 p.
629 3227 148 42 21½ᶜᵐ.

444 3284 172 40 Issued
644 3283 116 41 1924
787 3285 63 47 by
877 3285 82 40 the
988 3287 132 39 Iowa
1151 3286 127 48 Dept.
1324 3286 51 41 of
1403 3286 162 48 public
1594 3287 309 49 instruction,
1933 3287 119 41 with
2083 3288 173 42 official
369 3288 1985 99 imprint.

373 3392 52 52 ©
454 3397 118 47 July
610 3397 40 48 1,
692 3397 115 41 1929;
877 3399 67 40 2c.
986 3400 96 39 and
1124 3399 82 42 aff.
1249 3400 116 48 July
1407 3402 82 46 17;
1533 3401 41 39 A
1616 3400 170 48 10259;
1833 3403 53 40 E.
1930 3402 52 41 F.
2011 3401 231 46 Wisdom,
2272 3403 97 41 Des

442 3452 200 41 Moines.
711 3454 281 51 (29-15026)

371 3506 200 62 Wood,
601 3506 246 55 Charles
876 3509 254 53 Erskine
1158 3511 185 63 Scott,
1375 3516 170 49 1852-

439 3582 56 52 A
524 3582 149 54 book
703 3583 66 53 of
797 3586 170 67 tales;
1003 3587 173 69 being
1206 3606 151 35 some
1389 3589 194 67 myths
1614 3587 65 55 of
1711 3590 98 52 the
1840 3589 188 54 North
2062 3589 308 54 American

369 3659 2001 77 Indians, retold by Charles Erskine Scott Wood … New York,
370 3737 879 72 The Vanguard press [ ᶜ1 929]
435 3818 87 41 165
541 3829 44 38 p.
644 3819 148 42 18½ᶜᵐ.

375 3871 51 53 ©
458 3875 118 48 July
607 3877 69 42 11,
709 3876 116 41 1929;
886 3879 67 39 2c.
987 3879 116 49 July
1133 3880 84 48 22;
1253 3880 82 41 aff.
1369 3881 116 47 July
1518 3881 82 46 20;
1636 3881 41 40 A
1709 3882 171 47 11319;
1917 3883 263 47 Vanguard
2216 3893 149 36 press,

440 3931 92 44 inc.
599 3932 282 50 (29-15151)
