2512 4335
1135 4022 96 50 151

148 363 300 62 Williams,
479 359 168 55 Jesse
679 355 258 65 Feiring,
972 358 168 51 1886-

212 439 237 69 Topical
491 454 221 36 sources
757 434 94 53 for
895 431 307 55 “Personal
1246 428 245 71 hygiene
1535 424 289 71 applied”,
1866 425 74 67 by
1986 425 157 53 Jesse

143 500 1978 151 Feiring Williams … Philadelphia and London, W. B. Saunders
301 610 298 52 company,
632 594 152 50 1929.

214 680 24 39 1
270 689 44 38 p.
368 707 22 18 l.,
424 674 144 43 11-97
600 685 43 38 p.
703 673 60 41 20½ᶜᵐ.

215 732 348 49 Bibliography:
624 743 43 37 p.
699 730 159 41 21-78.

153 789 51 53 ©
232 793 110 38 Jan.
369 791 69 46 24,
466 787 141 44 1929;
636 788 68 40 2c.
733 787 111 40 Feb.
872 784 53 48 5;
956 783 83 41 aff.
1067 783 112 41 Feb.
1207 782 29 40 6;
1290 781 43 39 A
1361 780 139 47 5139;
1533 779 71 41 W.
1635 780 53 39 B.
1722 777 246 41 Saunders
1997 787 68 29 co.

229 846 252 50 (29-3664)

148 928 384 62 Williamson,
572 926 226 62 Henry.

217 995 1936 79 The pathway, by Henry Williamson … London, J. Cape
153 1088 171 65 [1928]

217 1164 378 50 415, [1] p. 20 ᶜᵐ.
155 1220 53 54 ©
234 1224 67 41 1c.
327 1225 110 39 Jan.
463 1224 39 45 7,
530 1220 117 42 1929;
699 1221 43 39 A
766 1221 61 39 ad
853 1218 88 42 int.
967 1218 171 46 12224;
1168 1216 143 49 pubd.
1340 1216 102 40 Oct.
1470 1215 69 47 29,
1567 1213 115 42 1928;
1740 1215 52 37 E.
1821 1214 50 39 P.
1901 1212 188 41 Dutton
2118 1212 36 41 &

222 1291 84 36 co.,
332 1280 107 47 inc.,
465 1279 120 41 New
608 1278 145 40 York.
819 1275 254 50 (29-4427)

154 1361 120 53 The
311 1357 272 55 Winston
621 1355 306 70 simplified
967 1354 341 69 dictionary.
1382 1351 412 55 Intermediate
1832 1350 86 54 ed.
1989 1349 160 55 With

225 1456 167 48 every
418 1437 157 54 word
603 1435 217 53 defined
853 1454 59 34 so
939 1435 128 52 that
1093 1434 74 52 its
1194 1450 95 35 use
1318 1432 113 52 and
1456 1431 270 68 meaning
1751 1448 101 35 can
1881 1430 68 52 be
1976 1427 179 70 easily

224 1507 1933 77 understood; edited by William Dodge Lewis … and Edgar
225 1585 1930 77 A. Singer … Philadelphia, Chicago [etc.] The John C.
222 1671 805 69 Winston company [ ᶜ1 928]
295 1750 1151 52 xx, 940 p. col. front., illus., col. plates. 20 ᶜᵐ.
161 1808 52 54 ©
242 1813 116 47 July
384 1813 69 46 25,
482 1810 140 44 1928;
653 1811 67 40 2c.
749 1810 110 41 Jan.
887 1808 69 50 24,
985 1808 142 46 1929;
1158 1807 83 42 aff.
1270 1808 110 41 Jan.
1408 1807 83 46 29;
1524 1808 39 38 A
1591 1806 143 49 4107;
1767 1807 127 40 John
1967 1838 7 8 C.
229 1806 1913 103 Winston

340 1880 68 30 co.
476 1867 252 49 (29-3200)

158 1951 178 61 Wise,
363 1948 276 53 Frederic
666 1949 159 61 May,
854 1947 173 55 1877-

228 2027 55 52 A
319 2026 219 53 marine
576 2026 127 52 tells
738 2025 47 52 it
819 2029 58 48 to
914 2042 129 50 you,
1080 2042 61 35 as
1175 2024 122 53 told
1333 2023 76 54 bv
1446 2022 233 57 Colonel
1720 2021 270 55 Frederic
2026 2023 139 68 May

158 2098 1983 154 Wise … to Meigs O. Frost. New York, J. H. Sears & company, inc. [ ᶜ1 929]
231 2265 579 51 xii p., 1 l., 366 p. 21½ ᶜᵐ.
231 2325 130 39 “The
392 2325 137 45 story
559 2323 54 40 of
643 2323 136 39 what
811 2323 23 39 I
867 2331 104 32 saw
999 2320 51 41 in
1084 2321 350 48 twenty-seven
1467 2330 144 37 years
1644 2320 184 41 service
1862 2322 186 39 around
2085 2322 82 40 the

162 2382 153 41 world
350 2391 54 30 as
439 2391 62 29 an
537 2379 159 42 officer
728 2378 53 41 of
814 2379 82 39 the
933 2377 180 41 United
1151 2376 164 43 States
1351 2377 191 41 Marine
1578 2377 372 50 corps.”—Leaf
161 2378 1989 109 following
271 2449 44 37 p.
344 2437 85 41 xii.

168 2485 1998 61 © Feb. 15, 1929; 2c. Feb. 23; aff. Feb. 19; A 5434; J. H. Sears & co.,
235 2551 90 41 inc.
393 2548 252 50 (29-6009)

161 2631 200 59 Wood,
391 2630 284 56 Clement,
707 2635 172 49 1888-

238 2703 1933 78 King Henry, the rake <Henry VIII and his women> by
171 2781 2001 81 Clement Wood … Boston, Mass., The Stratford company
175 2868 192 66 [ ᶜ1 929]
239 2945 864 51 4 p. l. , 327 p. front., ports. 23 ᶜᵐ.
174 2999 54 54 ©
258 3004 112 41 Feb.
400 3004 57 40 18,
500 3003 115 42 1929;
674 3004 68 40 2c.
775 3003 111 40 Feb.
917 3004 59 39 20;
1034 3003 84 41 aff.
1149 3002 113 43 Feb.
1292 3004 83 42 23;
1410 3004 39 39 A
1480 3003 143 47 5445;
1661 3003 253 41 Stratford
1946 3015 66 29 co.,
241 3005 1914 96 publishers.

501 3059 252 51 (29-5589)

170 3142 338 65 Woodring,
544 3142 195 53 Maxie
774 3141 187 63 Nave,
998 3146 172 50 1888-

246 3221 284 52 Enriched
573 3220 268 69 teaching
880 3219 65 53 of
982 3220 213 52 science
1234 3220 59 53 in
1333 3220 99 52 the
1466 3219 141 69 high
1650 3220 219 57 school;
1914 3239 31 34 a
1985 3238 194 35 source

174 3298 147 54 book
343 3298 95 53 for
458 3297 252 55 teachers
728 3298 65 53 of
810 3299 229 65 general
1061 3297 231 61 science,
1312 3299 251 68 biology,
1585 3298 248 70 physics,
1854 3299 325 69 chemistry,

175 3378 110 52 and
316 3377 164 52 other
506 3377 260 65 sciences,
793 3375 203 73 listing
1022 3376 206 68 chiefly
1256 3375 121 56 free
1405 3377 114 52 and
1546 3376 112 53 low
1686 3382 120 48 cost
1832 3376 349 55 illustrative

177 3450 1942 77 and supplementary materials, by Maxie Nave Woodring …
178 3528 2004 65 Mervin E. Oakes … and H. Emmett Brown … New York
180 3612 132 67 city,
343 3612 279 54 Teachers
655 3613 229 68 college,
919 3612 301 55 Columbia
1252 3613 338 69 university,
1624 3616 150 51 1928.

247 3694 66 43 xi,
337 3695 85 40 374
447 3706 43 37 p.
541 3695 55 41 23½ᶜᵐ.
743 3694 259 51 [Enriched
1025 3695 229 48 teaching
1276 3696 166 47 series,
1466 3707 77 30 no.
1565 3697 44 49 3]

252 3752 159 39 Blank
436 3761 147 38 pages
609 3762 85 30 are
720 3751 231 48 provided
979 3755 50 38 at
1058 3754 81 39 the
1166 3754 92 40 end
1285 3753 52 40 of
1364 3755 119 39 each
1509 3752 212 43 division
1746 3753 79 41 for
1852 3752 172 51 listing
183 3754 1980 95 additional

355 3808 253 41 materials
630 3810 93 39 and
748 3818 210 34 sources.

185 3860 52 54 ©
268 3866 110 41 Jan.
407 3866 69 47 29,
506 3865 142 48 1929;
679 3867 68 39 2c.
778 3866 112 41 Feb.
919 3866 54 47 2;
1007 3867 82 41 aff.
1121 3867 112 41 Feb.
1263 3865 53 49 9;
1350 3867 40 39 A
1419 3867 143 47 4329;
1596 3868 242 43 Teachers
1871 3848 193 66 collet,
251 3868 1911 95 Columbia
466 3922 284 50 university.
820 3921 252 51 (29-4183)
