2533 4342
1320 3999 140 54 2034

438 440 924 50 2 p. l., iii-xiv p., 1 l., 314 p. 21 ᶜᵐ .
373 507 52 53 ©
456 513 112 40 Dec.
597 512 40 48 3,
667 512 118 40 1929;
839 512 67 40 2c.
937 513 97 39 and
1063 511 82 41 aff.
1175 511 112 41 Dec.
1318 511 26 39 6;
1403 511 41 39 A
1471 510 172 48 16235;
1677 511 115 39 Dial
1820 521 151 38 press,
2002 511 92 41 inc.

449 568 281 49 (29-29217)

366 661 313 64 Eilgelder,
709 661 135 55 Carl
873 661 176 65 John,
1084 667 172 49 1890-

439 741 54 52 A
527 740 272 55 textbook
833 742 64 51 of
932 742 345 68 elementary
1313 740 384 68 quantitative
1734 739 268 70 analysis,
2036 741 75 69 by
2148 739 137 55 Carl
2322 739 56 55 J.

366 817 1986 132 Engelder … New York, J. Wiley & sons, inc.; London, Chapman &
597 897 161 69 Hall,
785 897 243 68 limited,
1059 899 150 52 1929.

441 974 1131 50 xii, 254 p. illus., diagr. 23½ ᶜᵐ . $2.75
377 1030 52 52 ©
459 1034 112 40 Dec.
601 1034 40 48 2,
670 1033 118 41 1929;
843 1034 67 40 2c.
941 1033 115 41 Dec.
1086 1033 52 47 6;
1170 1032 82 41 aff.
1283 1033 114 40 Dec.
1425 1033 54 47 4;
1511 1034 43 38 A
1582 1033 172 47 16215;
1789 1033 49 41 C.
1869 1033 44 41 J.
1945 1033 254 48 Engelder,
442 1031 1917 108 Pittsburgh.

684 1089 282 49 (29-29414)

372 1183 170 64 Finn,
572 1183 249 54 Francis
847 1184 224 64 James,
1104 1188 326 51 1859-1928.

442 1262 216 52 Father
691 1261 172 66 Finn,
927 1304 10 9 S.
1010 1304 29 24 J.,
1070 1261 97 52 the
1199 1266 159 64 story
1392 1261 64 52 of
1489 1261 88 53 his
1610 1259 106 55 life
1749 1261 123 53 told
1905 1260 35 53 by
2014 1259 236 54 himself
2285 1259 97 54 for

371 1339 88 53 his
504 1338 222 53 friends
769 1356 194 52 young
1008 1339 113 52 and
1164 1339 124 66 old;
1336 1338 207 68 edited,
1587 1339 115 52 and
1750 1338 139 53 with
1934 1357 31 34 a
2012 1338 248 69 preface,
2305 1338 76 69 by

371 1416 211 53 Daniel
616 1415 73 53 A.
724 1416 176 67 Lord,
969 1459 9 9 S.
1057 1459 9 9 J.
1140 1414 139 55 New
1317 1416 181 67 York,
1538 1415 331 55 Cincinnati
1934 1420 119 62 [etc.]
2099 1416 283 69 Benziger

371 1494 279 66 brothers,
680 1496 152 51 1929.

549 1574 1713 50 xxv, 236 p. incl. mounted front. (port.) mounted plates. 21 ᶜᵐ .
449 1631 68 40 “A
542 1631 340 49 bibliography
908 1631 53 41 of
988 1632 185 40 Father
1200 1631 166 41 Finn’s
1393 1631 207 41 books”:
1628 1642 45 38 p.
1701 1631 219 42 229-232.

380 1684 52 52 ©
462 1689 118 40 Nov.
612 1688 70 49 29,
714 1688 141 48 1929;
887 1690 68 39 2c.
988 1689 112 40 Dec.
1133 1688 53 47 9;
1220 1688 82 41 aff.
1335 1688 113 41 Dec.
1480 1688 52 48 6;
1565 1689 42 39 A
1639 1687 171 49 16301;
1846 1688 236 48 Benziger
2113 1688 126 41 bros.

457 1744 281 50 (29-29392)

376 1840 282 63 Fornaro,
689 1839 174 54 Carlo
890 1839 89 64 de,
1015 1840 171 55 1871-

446 1916 121 53 The
604 1915 263 54 Arabian
904 1917 152 52 droll
1093 1917 202 53 stories
1331 1917 276 52 rendered
1646 1917 123 52 into
1808 1916 247 69 English
2094 1916 77 70 by
2211 1915 173 55 Carlo

376 1994 68 52 de
470 1994 289 66 Fornaro;
789 1994 327 53 illustrated
1144 1994 75 69 by
1246 1994 70 53 A.
1347 1994 371 70 Zaidenberg.
1783 1994 138 53 New
1951 1993 181 68 York,
2162 1996 152 50 1929.

450 2074 1158 50 5 p. l., 15-200 p. incl. plates, front. 25 ᶜᵐ .
452 2130 147 43 “This
637 2131 186 40 edition
861 2131 43 41 is
942 2131 195 49 strictly
1175 2132 189 40 limited
1405 2134 49 39 to
1495 2132 92 40 five
1628 2132 224 40 hundred
1893 2132 96 40 and
2030 2131 112 48 fifty
2182 2131 206 49 copies.”

379 2187 120 41 This
526 2198 120 38 copy
672 2187 43 41 is
741 2199 75 29 no.
843 2187 101 42 236.

384 2241 52 52 ©
465 2244 103 42 Oct.
596 2246 69 47 15,
692 2245 114 40 1929;
860 2245 71 41 2c.
960 2245 102 41 Oct.
1091 2246 58 39 16;
1204 2246 82 41 aff.
1316 2246 102 40 Oct.
1445 2246 82 46 18;
1558 2246 41 39 A
1626 2245 172 42 15708;
1830 2246 187 40 Martin
2043 2244 194 47 Kamin,
2266 2245 121 40 New

448 2302 146 40 York.
665 2301 281 50 (29-29395)

376 2393 256 64 Gordon,
659 2395 176 63 John,
868 2400 170 50 1863-

447 2470 105 70 My
590 2471 89 53 six
717 2489 165 51 years
919 2472 142 53 with
1101 2473 96 53 the
1238 2473 184 53 Black
1460 2473 204 69 watch,
1706 2474 338 65 1881-1887;
2088 2471 301 69 Egyptian

378 2549 321 69 campaign,
731 2555 222 48 eastern
986 2549 252 70 Soudan,
1270 2550 132 54 Nile
1432 2550 349 69 expedition,
1811 2550 301 70 Egyptian
2142 2549 249 53 frontier

378 2626 133 55 field
548 2626 155 55 force
750 2627 330 71 (including
1115 2649 30 33 a
1182 2630 171 68 study
1389 2628 65 54 of
1487 2628 248 55 General
1773 2627 238 56 Charles
2046 2628 69 55 G.
2152 2627 239 56 Gordon

379 2706 114 53 and
531 2705 91 54 his
661 2706 362 54 commission
1063 2706 154 53 from
1254 2707 98 54 the
1392 2707 223 54 British
1658 2707 114 53 and
1810 2706 301 70 Egyptian
378 2723 1989 114 governments

586 2784 1805 70 to Khartoum) By John Gordon … Boston, Mass., The
379 2861 143 54 Fort
551 2862 131 53 Hill
711 2881 174 50 press,
917 2862 56 56 S.
1005 2863 206 67 Usher,
1244 2866 150 50 1929.

449 2946 1128 48 362 p. front., plates, ports., map. 20 ᶜᵐ .
388 2998 52 52 ©
469 3003 120 40 Nov.
618 3002 39 49 9,
687 3002 142 48 1929;
860 3004 67 40 2c.
956 3004 97 39 and
1083 3002 82 42 aff.
1195 3003 118 40 Nov.
1344 3002 84 47 11;
1459 3002 42 39 A
1528 3002 173 46 17016;
1734 3002 43 41 J.
1810 3002 209 49 Gordon,
2050 3003 199 40 Boston.

466 3058 281 49 (29-29380)

385 3151 278 65 Graham,
694 3152 201 53 Frank
924 3153 268 55 Duncan.

514 3229 1878 73 … Audels new electric library … for engineers, electricians,
384 3310 78 51 all
503 3310 284 52 electrical
827 3310 268 67 workers,
1134 3311 320 54 mechanics
1493 3312 112 52 and
1644 3311 277 68 students,
1961 3309 331 69 presenting
2334 3309 60 52 in

384 3386 275 68 simplest,
698 3388 218 53 concise
954 3388 155 52 form
1146 3389 96 54 the
1282 3389 402 52 fundamental
1724 3387 329 70 principles,
2091 3388 151 54 rules
2280 3388 111 53 and

385 3463 383 69 applications
805 3467 64 51 of
904 3465 235 68 applied
1176 3465 331 68 electricity,
1545 3467 152 68 fully
1734 3466 325 54 illustrated

2096 3464 141 53 with
386 3465 1982 145 diagrams
632 3544 113 51 and
798 3542 273 69 sketches,
1125 3544 299 66 including
1478 3543 372 54 calculations
1902 3545 112 52 and
2067 3544 180 53 tables
2301 3543 95 53 for

387 3618 2005 71 ready reference … by Frank D. Graham … New York, T.
387 3695 617 68 Audel & co. [ ᶜ192 9]
458 3776 951 50 7 v. fronts., illus., diagrs. 27 ᶜᵐ .
460 3831 163 48 Paged
652 3832 357 48 continuously.

394 3882 52 54 ©
478 3889 117 39 Nov.
629 3889 68 41 19.
730 3889 141 41 1929:
906 3890 67 40 2c.
1008 3891 117 39 each
1159 3892 96 38 and
1288 3891 80 39 aff.
1401 3891 119 42 Nov.
1555 3890 82 49 20;
1673 3892 41 37 A
1747 3891 171 46 16166;
1953 3891 250 40 Theodore
2235 3889 157 40 Audel

524 3944 414 50 & co. (29-29405)
