2542 4389
1107 4017 101 51 945

189 453 874 48 xvi, 143 p. plates, ports. 20 ᶜᵐ .
123 521 51 51 ©
200 525 114 45 May
337 523 69 46 18,
431 522 140 48 1929;
596 523 67 39 2c.
689 524 96 38 and
810 523 82 40 aff.
915 524 126 39 June
1063 523 83 47 20;
1172 523 42 39 A
1237 521 140 48 8808;
1406 521 54 41 G.
1485 521 52 48 Q.
1563 521 239 49 LeSourd,
1827 523 118 38 New
1968 523 147 39 York.

203 579 282 49 (29-13553)

122 672 287 63 Leonard,
444 672 221 52 Robert
700 672 292 65 Josselyn,
1030 676 325 51 1885-1929.

193 747 222 69 Survey
443 747 65 53 of
535 748 204 68 higher
767 750 302 52 education
1097 749 94 53 for
1219 749 94 53 the
1343 749 217 54 United
1587 748 291 52 Lutheran
1910 748 209 52 church

123 825 1996 70 in America … by R. J. Leonard … E. S. Evenden … and F. B.
124 903 1952 69 O’Rear … with the cooperation of other members of the staff
121 982 114 52 and
267 981 279 68 graduate
575 981 274 53 students.
917 981 139 53 New
1089 981 163 52 York
1282 981 135 67 city,
1448 981 278 52 Teachers
1757 980 228 68 college,

125 980 1974 131 Columbia
367 1058 336 69 university,
737 1062 150 49 1929.

196 1140 1288 49 3 v. illus (incl. maps) tables, diagrs. 23½ ᶜᵐ .
201 1211 186 46 Survey
413 1211 140 39 made
578 1213 51 37 at
658 1211 81 39 the
764 1211 238 39 direction
1028 1211 52 40 of
1104 1211 83 39 the
1213 1211 162 39 Board
1402 1211 51 39 of
1478 1211 256 39 education
1762 1211 50 39 of
1839 1211 83 39 the
1949 1211 176 40 United

129 1267 250 39 Lutheran
415 1267 180 39 church
634 1266 48 39 in
717 1267 222 39 America
978 1267 61 47 by
1073 1267 237 40 members
1346 1267 52 40 of
1433 1267 242 40 Teachers
1710 1268 193 46 college,
129 1267 1980 96 Columbia
237 1323 274 47 university.
581 1323 62 46 cf.
671 1324 200 43 Introd.,
900 1334 43 30 v.
971 1324 40 40 1.

131 1376 51 51 ©
210 1379 127 41 June
360 1380 41 47 2,
427 1379 141 47 1929;
595 1380 68 39 2c.
691 1379 117 41 each
834 1379 127 40 June
986 1379 82 47 19;
1098 1378 109 40 affs.
1232 1379 126 41 June
1384 1379 84 47 22;
1497 1379 42 39 A
1564 1378 288 47 8868-8870;
1883 1378 241 41 Teachers

202 1437 192 47 college,
422 1435 251 41 Columbia
699 1436 132 40 univ.
895 1435 280 50 (29-13611)

133 1531 243 63 Martin,
419 1531 48 53 G
758 1531 65 53 G.

208 1610 199 54 Under
450 1610 95 53 the
585 1610 223 52 Roman
851 1610 174 68 eagle,
1068 1610 76 68 by
1186 1609 68 54 G.
1300 1609 68 54 G.
1410 1609 239 68 Martin,
1689 1610 326 52 illustrated
2058 1609 74 69 by

137 1689 63 53 L.
250 1689 68 53 E.
365 1689 254 68 Dugger.
703 1687 196 69 Elgin,
948 1688 112 69 Ill.,
1109 1688 194 52 David
1353 1687 63 54 C.
1466 1687 159 55 Cook
1671 1688 334 70 publishing
2053 1708 79 33 co.

137 1770 193 64 [ ᶜ1 928 ]
202 1846 707 50 119 p. incl. plates. 19½ ᶜᵐ .
137 1901 52 53 ©
220 1905 102 41 Oct.
351 1905 39 48 5,
421 1905 85 39 1928;
593 1905 68 40 2c.
690 1904 115 48 Apr.
835 1903 70 49 20,
936 1903 114 40 1929;
1110 1903 83 41 aff.
1224 1903 114 48 Apr.
1368 1903 54 39 19;
1481 1903 41 39 A
1553 1903 115 41 6736;
1726 1904 160 40 David
1919 1904 49 41 C.
2001 1904 129 40 Cook

208 1963 110 48 pub.
342 1973 68 30 co.
472 1961 281 49 (29-13627)

142 2056 256 64 Mathes,
436 2055 225 65 Hodge.

206 2134 369 69 “Vengeance
620 2133 48 52 is
714 2132 203 67 mine”,
963 2151 31 33 a
1038 2138 159 63 story
1240 2131 64 53 of
1348 2132 203 69 simple
1597 2131 170 68 faith,
1811 2134 74 67 by
1930 2135 207 67 Hodge

135 2213 244 67 Mathes,
406 2213 325 52 illustrated
757 2212 77 68 by
861 2211 255 54 Richard
1141 2211 275 68 Holberg.
1493 2212 195 68 Elgin,
1713 2212 114 69 Ill.,
1852 2212 193 53 David
2075 2213 62 54 C.

137 2291 158 55 Cook
327 2290 334 70 publishing
693 2308 280 50 company
1032 2292 150 64 [1928]

213 2372 546 51 [3]-62 p. pl. 19½ ᶜᵐ .
143 2428 51 51 ©
226 2431 102 41 Oct.
359 2431 39 47 5,
427 2430 116 40 1928;
600 2430 69 40 2c.
696 2430 114 48 Apr.
841 2428 69 49 20,
942 2428 141 47 1929;
1116 2427 83 41 aff.
1229 2428 114 47 Apr.
1374 2427 81 46 19;
1488 2428 42 39 A
1560 2427 139 48 6739;
1732 2428 159 40 David
1924 2428 49 40 C.
2004 2428 132 40 Cook

214 2489 109 47 pub.
350 2499 66 29 co.
480 2486 281 50 (29-13683)

146 2581 254 64 Medina,
431 2580 221 53 Harold
683 2580 329 64 Raymond,
1048 2583 169 50 1888-

223 2661 254 55 Selected
525 2661 186 68 digest
755 2659 64 54 of
863 2659 139 52 New
1049 2657 164 53 York
1256 2661 211 50 statute
1511 2658 127 67 law,
1682 2657 76 69 by
1800 2655 228 54 Harold
2073 2656 69 52 R.

149 2735 1234 69 Medina … 4th ed. [New York] 1929.
214 2820 469 48 vii, 283 p. 23½ ᶜᵐ .
150 2873 52 53 ©
228 2879 114 46 May
365 2878 69 46 25,
461 2877 140 47 1929;
628 2876 69 42 2c.
722 2877 97 39 and
844 2875 83 41 aff.
953 2875 128 40 June
1103 2874 55 39 21;
1214 2874 40 38 A
1278 2873 114 41 9842;
1447 2873 61 40 H.
1535 2873 55 40 R.
1617 2873 208 45 Medina,
1851 2873 119 39 New
1995 2872 146 40 York.

230 2933 281 50 (29-13617)

151 3028 211 60 Minor,
403 3027 191 64 Ruby.

279 3100 1869 74 … Pupil activities in the elementary grades; a series of
149 3178 1975 154 practical natural learning activities for grades I to VI inclusive, by
440 3256 1708 75 Ruby Minor … Philadelphia, Chicago [etc.] J. B.
148 3340 880 69 Lippincott company [ ᶜ1 929]
254 3414 1896 57 x p.. 1 l., 260 p. plates. 19½ ᶜᵐ . (Lippincott’s school project series,
151 3481 73 40 ed.
250 3481 62 47 by
339 3481 72 40 W.
440 3480 51 40 F.
521 3479 219 47 Russell)

225 3538 101 39 “An
363 3537 147 48 Open
544 3535 198 41 sesame’
777 3537 50 38 to
861 3544 146 37 many
1038 3530 278 44 treasures”
1335 3541 9 29 :
1378 3540 45 38 p.
1456 3530 218 40 243-260.

159 3591 51 51 ©
236 3597 114 45 May
372 3595 69 46 31,
466 3593 140 47 1929;
632 3593 69 40 2c.
724 3593 97 39 and
845 3591 83 41 aff.
951 3591 128 41 June
1101 3590 56 39 22;
1211 3589 42 39 A
1276 3588 114 41 9887;
1446 3588 43 40 J.
1515 3587 54 40 B.
1595 3586 276 49 Lippincott
1895 3596 69 30 co.

239 3650 280 51 (29-13673)

160 3744 360 64 Mississippi
561 3747 112 52 and
716 3745 285 55 Southern
1042 3747 258 62 reporter
1338 3739 203 61 digest,
1580 3738 266 68 covering
1885 3737 78 53 all
2003 3754 150 34 cases

230 3814 1859 77 reported in Mississippi reports and Southern reporter …
232 3892 1814 66 v. 9, 10 … St. Paul, Minn., West publishing co. [ ᶜ1 929]
