2533 4342
1344 4000 137 51 1912

395 360 242 66 Wilson,
668 360 245 66 Eulalie,
943 362 153 54 illus.

478 453 368 67 [Thumbnail
870 452 383 53 illustrations
1279 470 74 34 on
1377 457 122 48 text
1524 453 185 67 plates
1734 453 77 67 by
1835 454 228 54 Eulalie
2090 453 226 57 Wilson
2342 457 60 53 in

401 532 96 52 the
531 531 149 53 book
716 531 257 65 entitled]
1016 531 121 52 The
1173 530 245 52 brimful
1453 530 175 68 book;
1669 549 31 34 a
1738 531 297 53 collection
2072 531 65 54 of
2173 530 229 56 Mother

403 607 184 55 Goose
610 608 243 67 rhymes.
914 604 240 56 Animal
1179 607 216 54 stories.
1457 607 224 55 ABC.
1744 609 107 53 Ed.
1879 608 75 65 by
1979 609 202 68 Watty
2208 610 193 68 Piper.

402 686 339 52 Illustrated
778 685 77 68 by
892 685 248 67 Eulalie,
1179 684 62 55 C.
1281 685 80 52 M.
1402 686 164 52 Burd
1611 719 13 33 [
1629 686 133 66 and]
1805 685 89 55 W.
1935 685 251 69 Gurney.
2264 685 139 55 New

403 762 1380 68 York, The Platt and Munk co., inc. [ ᶜ1 929 ]
474 843 1002 52 [74] p. incl. col. front., col. illus. 31 ᶜᵐ.
405 909 52 52 ©
487 914 121 48 Aug.
636 914 69 48 21,
736 913 113 40 1929;
909 914 67 40 2c.
1007 914 97 40 and
1134 912 82 42 aff.
1245 913 119 41 Nov.
1394 913 59 39 12;
1509 914 41 38 A
1579 913 146 40 15695;
1784 913 137 41 Platt
1950 913 36 40 &
2016 915 152 39 Munk
2198 925 82 37 co.,
2311 915 92 40 inc.

396 1050 210 66 Wolfe,
636 1049 317 66 Humbert,
986 1055 172 51 1885-

468 1144 175 54 Notes
681 1161 74 36 on
792 1143 250 70 English
1079 1162 159 36 verse
1275 1143 174 54 satire
1508 1144 95 69 [by]
1645 1144 290 53 Humbert
1969 1144 212 56 Wolfe.
400 1147 1981 144 London,
556 1222 65 54 L.
648 1224 47 51 &

722 1222 272 69 Virginia
1020 1222 219 67 Woolf,
1268 1226 149 49 1929.

467 1304 85 41 158
582 1315 43 37 p.
683 1303 116 41 19ᶜᵐ.
869 1302 302 49 (Half-title:
1200 1304 225 47 Hogarth
1455 1304 211 40 lectures
1698 1314 61 30 on
1788 1303 274 42 literature,
2124 1316 88 38 [no.
2244 1305 99 50 10])

406 1370 2002 53 © 1c. Oct. 26, 1929; A ad int. 13137; pubd. Oct. 10; Harcourt, Brace &
475 1441 81 36 co.,
584 1430 106 48 inc.,
718 1430 118 40 New
863 1430 146 39 York.
1081 1428 283 49 (29-25495)

396 1556 211 64 Woolf,
636 1558 140 53 Mrs.
804 1555 277 65 Virginia
1117 1556 324 67 (Stephen)

467 1648 57 53 A
551 1666 158 36 room
737 1647 65 54 of
830 1648 150 53 one’s
1009 1666 127 35 own
1185 1649 94 68 [by]
1315 1648 272 69 Virginia
1616 1648 216 57 Woolf.
1908 1650 140 54 New
2077 1650 181 69 York,
2286 1654 123 51 The

399 1726 292 53 Fountain
724 1743 186 52 press;
944 1726 262 55 London,
1240 1728 122 52 The
1395 1728 273 67 Hogarth
1701 1745 177 50 press,
1913 1731 150 50 1929.

468 1806 654 50 4 p. l., 3-159 p., 1 l. 24½ ᶜᵐ.
472 1877 95 43 “Of
603 1878 99 41 this
741 1878 124 41 book
901 1878 116 41 four
1055 1878 223 40 hundred
1315 1878 286 47 ninety-two
1637 1878 176 48 copies,
1854 1879 51 40 of
1943 1878 159 41 which
2140 1879 114 41 four
400 1880 1990 96 hundred
559 1935 113 47 fifty
711 1945 86 30 are
835 1935 80 40 for

403 1934 2004 106 sale, have been printed by Robert S. Josephy, in October, 1929 … Each copy signed
399 1992 2011 98 by the author … This is number Out of series.”
408 2116 52 52 ©
493 2120 103 41 Oct.
626 2120 70 47 21,
729 2119 141 46 1929;
904 2119 68 39 2c.
1006 2118 96 39 and
1135 2117 82 40 aff.
1249 2118 119 40 Nov.
1401 2116 53 48 9;
1489 2117 43 39 A
1562 2117 171 47 35679;
1769 2118 263 49 Harcourt,
2067 2120 155 39 Brace
2255 2120 37 39 &
2325 2130 81 37 co.,

475 2176 91 41 inc.
637 2174 282 49 (29-27524)

405 2286 233 64 Young,
668 2284 139 54 Eric
834 2285 196 54 Brett.

469 2375 1943 70 Dancing beggars, by Eric Brett Young … Philadelphia &
399 2455 260 67 London,
686 2454 57 54 J.
772 2454 68 52 B.
869 2453 343 68 Lippincott
1240 2471 300 50 company,
1572 2456 152 50 1929.

470 2536 88 41 302
587 2547 45 38 p.
690 2534 119 43 20ᶜᵐ.

408 2604 53 53 ©
493 2609 116 47 May
637 2608 69 48 16,
737 2607 141 48 1929;
912 2606 67 41 2c.
1012 2607 96 40 and
1139 2606 82 41 aff.
1253 2607 128 39 June
1410 2606 83 47 22;
1526 2606 42 39 A
1599 2605 172 48 16295;
1805 2607 53 40 E.
1892 2607 54 39 B.
1977 2607 184 48 Young,
2194 2606 214 41 London.

489 2664 281 49 (29-26573)

402 2770 325 66 Zabriskie,
757 2771 235 55 Louise.

534 2859 1814 71 … Nurses handbook of obstetrics, by Louise Zabriskie …
402 2940 103 54 270
542 2940 400 66 illustrations,
978 2939 65 52 of
1080 2939 185 53 which
1306 2944 30 49 6
1374 2956 94 35 are
1505 2938 60 53 in
1603 2939 170 52 color.
1848 2938 410 69 Philadelphia
2295 2941 114 52 and

401 3016 1357 69 London, J. B. Lippincott company [ ᶜ1 929]
473 3096 1928 51 4 p. l., v-xviii p., 1 l. , 526, [2], 527-535 p. front., illus. (part col.)
403 3152 1999 51 4 pl. (3 col., 1 fold.) facsim. 21½ ᶜᵐ. (Lippincott’s nursing manuals)
474 3226 102 41 The
603 3225 192 42 colored
814 3225 164 49 plates
1005 3235 84 31 are
1113 3224 279 42 numbered.

476 3283 350 48 Bibliography
844 3293 10 29 :
901 3281 42 50 [2]
974 3293 43 37 p.
1046 3281 255 48 following
1327 3291 43 37 p.
1402 3281 97 39 526.

413 3350 52 52 ©
495 3354 129 48 Sept.
652 3353 69 48 23,
750 3352 115 41 1929;
922 3353 67 39 2c.
1021 3353 96 39 and
1145 3351 82 40 aff.
1257 3351 118 40 Nov.
1404 3351 56 38 22;
1519 3351 42 38 A
1588 3350 145 40 14958;
1792 3351 44 40 J.
1865 3351 55 41 B.
1950 3349 280 49 Lippincott
2258 3359 69 31 co.

491 3409 282 50 (29-27780)

409 3517 173 62 1914;
618 3537 72 35 an
720 3518 123 68 epic
872 3535 166 51 poem
1069 3523 58 47 to
1156 3517 96 52 the
1281 3516 289 53 unknown
1602 3516 239 52 warrior
1874 3517 113 53 and
2019 3535 101 35 our
2151 3513 261 70 empire’s

478 3596 214 66 heroes,
731 3595 76 68 by
851 3612 73 34 an
966 3594 292 52 unknown
1300 3598 147 63 poet.
1534 3591 262 68 [Belfast.
1841 3592 122 52 The
2008 3591 210 53 Ballad
479 3608 1906 130 company,
681 3674 152 64 1929]

479 3755 28 42 8
535 3755 32 42 1.
625 3753 152 42 ltao.

479 3822 298 42 Cover-title.

414 3888 1993 52 © 1c. Dec. 26, 1929; A ad int. 13423; pubd. Nov. 9; William Kennedy
483 3948 193 48 Gibson,
707 3947 205 49 Belfast,
943 3947 213 40 Ireland.
