2542 4389
1053 4018 135 50 1619

105 355 369 65 Burroughs,
504 354 200 64 Edgar
729 353 159 65 Rice,
922 354 170 54 1875-

169 428 1935 69 The illustrated Tarzan books … no. 1, picturized from
103 512 97 52 the
238 511 165 52 novel
444 509 257 53 “Tarzan
742 509 65 53 of
844 509 100 53 the
982 509 187 69 apes”,
1209 507 75 70 by
1325 507 201 69 Edgar
1566 507 142 52 Rice
1746 503 357 70 Burroughs.

99 584 1980 152 300 pictures by Harold Foster. New York, Grosset & Dunlap [ ᶜ1 929 ]
173 748 57 40 79
260 758 44 38 p.
364 749 130 39 illus.
661 780 8 7 22ᶜᵐ.

108 799 52 53 ©
190 804 121 48 Aug.
342 803 70 48 10,
445 803 139 46 1929;
617 804 69 40 2c.
717 803 122 47 Aug.
871 803 82 45 15;
989 802 82 42 aff.
1107 802 128 48 Sept.
1268 803 54 39 4:
1357 802 40 38 A
1428 800 173 47 10771;
1636 801 166 44 Edgar
1833 799 116 39 Rice
175 799 1913 109 Burroughs,
398 859 90 41 inc.
555 858 281 49 (29-19527)

102 952 326 54 California
459 960 228 48 current
716 954 214 70 digest;
966 975 28 32 a
1025 955 187 67 digest
1241 954 64 53 of
1333 955 96 51 the
1459 972 152 34 cases
1641 951 236 54 decided
1905 951 77 69 by
2011 952 97 51 the

173 1032 277 68 Supreme
493 1034 112 51 and
648 1032 311 67 Appellate
1003 1037 190 48 courts
1236 1031 65 53 of
1346 1029 344 69 California,
1734 1029 114 53 and
1890 1029 77 68 by
2009 1029 97 53 the

171 1111 242 53 Federal
449 1115 187 49 courts
672 1128 71 34 on
777 1109 288 69 questions
1101 1109 64 52 of
1202 1108 325 54 California
1563 1109 127 58 law,
1724 1107 151 55 since
1908 1106 198 54 Kerr’s

174 1189 322 53 California
540 1188 202 69 digest,
783 1188 96 53 the
921 1190 329 51 1915-1919.
1293 1189 308 50 1920-1923
1642 1187 113 51 and
1795 1184 312 55 1924-1927

171 1263 1938 72 supplements and 1928 California current digest … Ed. by
171 1341 1935 71 James H. Deering, with a table of cases digested … Comp,
170 1424 77 68 by
294 1422 222 70 George
562 1423 55 54 J.
666 1421 238 52 Martin.
985 1420 116 54 San
1147 1420 325 68 Francisco,
1520 1418 589 71 Bancroft-Whitney

171 1520 298 50 company,
499 1503 150 50 1929.

176 1581 725 50 1 p. l., 25, lv, 658 p. 26ᶜᵐ.
110 1634 52 53 ©
190 1639 102 41 Oct.
319 1638 70 48 30,
415 1637 142 48 1929;
586 1638 67 40 2c.
680 1638 119 40 Nov.
827 1637 53 47 5;
911 1636 82 41 aff.
1021 1637 119 40 Nov.
1166 1637 54 46 4;
1250 1637 41 39 A
1319 1635 171 48 15509;
1521 1635 492 46 Bancroft-Whitney
2041 1647 68 29 co.

104 1745 263 65 Carlson,
398 1745 154 55 John
584 1744 244 66 Fabian,
862 1746 173 54 1875-

233 1824 1876 70 … Elementary principles of landscape painting, by John F.
106 1904 257 68 Carlson,
387 1922 61 34 n.
472 1923 50 34 a.
598 1903 305 54 Mountain
927 1903 155 52 Lake
1107 1902 176 59 Park,
1308 1903 140 57 Md.,
1473 1901 275 54 National
1772 1902 341 70 publishing

103 1982 228 68 society,
362 1984 149 51 1928.

179 2061 1417 50 5 p. l., 260 p. plates. 25ᶜᵐ. (National art series)
112 2115 52 53 ©
195 2120 111 41 Feb.
334 2120 40 46 4,
405 2118 141 48 1929;
575 2119 68 40 2c.
674 2120 96 39 and
799 2117 83 43 aff.
914 2118 103 41 Oct.
1046 2117 82 41 16:
1161 2118 43 40 A
1231 2118 172 48 14176;
1435 2118 133 40 Natl.
1599 2119 107 47 pub.
1739 2129 93 30 soc.

189 2175 281 49 (29-26566)

105 2270 186 55 Cifar.

177 2349 74 53 El
276 2349 148 53 libro
451 2351 91 51 del
567 2351 284 52 cauallero
877 2347 163 55 Zifar
1079 2349 98 69 (El
1208 2349 147 54 libro
1384 2349 91 54 del
1506 2349 302 54 Cauallero
1835 2349 68 54 de
1930 2348 172 71 Dios)

105 2426 1985 149 edited from the three extant versions by Charles Philip Wagner … pt. 1. Ann Arbor, University of Michigan, 1929.
180 2587 117 48 xvii,
341 2588 71 48 [1],
452 2586 97 47 532,
589 2586 87 40 viii
716 2597 43 37 p.
826 2588 172 46 plates,
1039 2586 217 41 facsims.
1285 2585 50 48 (2
1376 2587 187 47 double,
1605 2587 109 41 incl.
1755 2587 177 46 front.)
1959 2587 154 49 diagr.

110 2644 146 40 23½ᶜᵐ.
324 2643 299 48 (Half-title:
652 2643 285 47 University
966 2643 52 40 of
1048 2642 247 49 Michigan
1324 2643 341 49 publicatiofas.
1725 2644 262 49 Language
2019 2644 96 40 and

109 2699 273 41 literature,
445 2700 93 40 vol.
572 2699 54 47 v)

183 2756 1931 48 “The extant sources … are: Ms. esp. 36 of the Bibliotheque nationale
113 2811 2002 48 of Paris … Ms. 11,309 … of the Biblioteca nacional of Madrid … and
113 2869 81 39 the
228 2867 177 42 Seville
436 2868 132 48 print
599 2868 52 40 of
681 2868 369 48 1512.”·—Pref.,
1080 2871 67 46 pt.
1179 2879 32 31 i.

115 2919 52 53 ©
199 2924 119 48 Aug.
349 2924 69 47 15,
448 2923 141 47 1929;
621 2925 67 41 2c.
722 2924 129 49 Sept.
881 2925 83 45 12;
996 2925 83 41 aff.
1115 2925 128 49 Sept.
1274 2925 84 47 30;
1392 2926 41 39 A
1462 2925 172 48 13786;
1668 2925 251 40 Graduate
1952 2925 163 40 school

182 2980 341 48 publications,
553 2980 284 49 University
868 2982 52 40 of
949 2981 261 48 Michigan.
1281 2981 282 49 (29-27288)

114 3073 296 65 Coleman,
440 3074 302 54 Laurence
773 3075 151 62 Vail,
958 3081 171 49 1893-

185 3153 306 70 Directory
523 3153 63 55 of
615 3173 284 36 museums
932 3156 55 52 in
1026 3154 183 56 South
1242 3154 285 56 America,
1558 3158 36 52 by
1662 3156 290 52 Laurence
1982 3153 138 54 Vail

119 3230 2003 71 Coleman … Washington, D. C., The American association of
115 3328 302 49 museums,
447 3312 149 52 1929.

180 3390 62 45 vi,
273 3389 85 41 133
390 3400 41 37 p.
492 3390 149 41 front,
670 3390 161 48 (map)
871 3390 129 41 illus.
1028 3390 135 48 (incl.
1195 3391 166 49 plans)
1429 3391 149 42 23½ᶜᵐ.

119 3441 52 53 ©
204 3445 102 41 Oct.
336 3446 40 48 1,
405 3445 141 43 1929:
580 3445 67 42 2c.
678 3447 96 39 and
807 3447 82 40 aff.
923 3447 102 41 Oct.
1056 3448 54 46 3;
1143 3448 41 38 A
1214 3447 172 43 12707:
1421 3448 158 40 Amer.
1613 3459 115 29 assn.
1776 3448 52 41 of
1857 3459 261 30 museums.

196 3501 281 50 (29-20833)

119 3580 304 55 Columbia
453 3582 354 65 university.

187 3660 97 53 An
326 3661 390 55 introduction
757 3667 58 50 to
857 3669 438 64 contemporary
1339 3664 286 68 problems
1664 3666 62 52 in
1765 3666 97 53 the
1903 3664 219 56 United

122 3736 216 68 States;
372 3759 31 33 a
436 3740 269 69 syllabus,
736 3742 285 67 prepared
1049 3742 77 69 by
1156 3741 303 55 Columbia
1490 3742 212 70 college
1731 3742 301 56 associates
2062 3743 59 53 in

121 3816 328 70 economics,
489 3825 372 61 government
900 3821 112 52 and
1054 3819 194 68 public
1289 3819 128 61 law,
1455 3819 224 69 history
1719 3822 113 53 and
119 3820 1980 142 philosophy.
329 3895 140 53 New
500 3895 180 69 York,
713 3895 299 55 Columbia
1046 3897 321 71 university
1399 3917 175 51 press,
1607 3901 150 51 1929.
