<alto xmlns="http://www.loc.gov/standards/alto/ns-v3#" xmlns:xlink="http://www.w3.org/1999/xlink" xmlns:xsi="http://www.w3.org/2001/XMLSchema-instance" xsi:schemaLocation="http://www.loc.gov/standards/alto/ns-v3# http://www.loc.gov/alto/v3/alto-3-0.xsd"><Description>
<MeasurementUnit>pixel</MeasurementUnit>
<sourceImageInformation>
<fileName>1929_v26_part001.pdf</fileName>
</sourceImageInformation>
<OCRProcessing ID="IdOcr">
<ocrProcessingStep>
<processingDateTime>2019-04-18</processingDateTime>
<processingSoftware>
<softwareCreator>ABBYY</softwareCreator>
<softwareName>ABBYY Recognition Server</softwareName>
<softwareVersion>4.0</softwareVersion>
</processingSoftware>
</ocrProcessingStep>
</OCRProcessing>
</Description>
<Styles>
<ParagraphStyle ID="StyleId-FFFFFFFF-FFFF-FFFF-FFFF-FFFFFFFFFFFF-" ALIGN="Left" LEFT="0." RIGHT="0." FIRSTLINE="0."/>
<ParagraphStyle ID="StyleId-11A520CB-49B0-4D42-A675-089886D5B704-" ALIGN="Center" LEFT="0." RIGHT="0." FIRSTLINE="0." LINESPACE="7.699999809"/>
<ParagraphStyle ID="StyleId-2AEC4724-E584-48A1-8E6D-86B1AA154223-" ALIGN="Left" LEFT="0." RIGHT="0." FIRSTLINE="0." LINESPACE="12.19999981"/>
<ParagraphStyle ID="StyleId-5ADCDE1D-F34B-405C-A765-E9B51F6229BD-" ALIGN="Left" LEFT="0." RIGHT="0." FIRSTLINE="-13." LINESPACE="8.050000191"/>
<ParagraphStyle ID="StyleId-D0AEFB96-F81D-4367-8545-C0AC945FA34C-" ALIGN="Block" LEFT="0." RIGHT="0." FIRSTLINE="-13." LINESPACE="8.899999619"/>
<ParagraphStyle ID="StyleId-9A3BB592-4BA4-4F85-B157-B9A7F1FC9680-" ALIGN="Left" LEFT="0." RIGHT="0." FIRSTLINE="0."/>
<ParagraphStyle ID="StyleId-E9D6144A-CFDC-4919-911D-02B0461DB967-" ALIGN="Left" LEFT="0." RIGHT="0." FIRSTLINE="-13." LINESPACE="23.43000031"/>
<ParagraphStyle ID="StyleId-EEECFC68-AAC5-42B1-B3BF-987799B5B74A-" ALIGN="Block" LEFT="0." RIGHT="0." FIRSTLINE="0." LINESPACE="23.43000031"/>
<ParagraphStyle ID="StyleId-98D20B11-A9BB-4FAB-8DC8-DC8C43F3755E-" ALIGN="Left" LEFT="0." RIGHT="0." FIRSTLINE="0." LINESPACE="10.5"/>
<ParagraphStyle ID="StyleId-C279DBAD-2656-4352-93E6-C942618B09B1-" ALIGN="Block" LEFT="0." RIGHT="0." FIRSTLINE="-13." LINESPACE="8.770000458"/>
<ParagraphStyle ID="StyleId-A539B2D0-654F-45BA-9385-D7E681D9BD87-" ALIGN="Block" LEFT="0." RIGHT="0." FIRSTLINE="0." LINESPACE="8.18999958"/>
<ParagraphStyle ID="StyleId-CFE66565-54F2-45CF-9511-65151219B0BC-" ALIGN="Left" LEFT="0." RIGHT="0." FIRSTLINE="-12." LINESPACE="12.19999981"/>
<ParagraphStyle ID="StyleId-37B60A95-D7B9-4720-9D46-F2E763AAD699-" ALIGN="Block" LEFT="0." RIGHT="0." FIRSTLINE="0." LINESPACE="12.19999981"/>
<ParagraphStyle ID="StyleId-255154CA-71AA-47B9-A5EB-ED90642010CE-" ALIGN="Block" LEFT="0." RIGHT="0." FIRSTLINE="13." LINESPACE="7.900000095"/>
<ParagraphStyle ID="StyleId-4618FB06-20CA-4F95-9CA2-829603EE887D-" ALIGN="Block" LEFT="0." RIGHT="0." FIRSTLINE="0." LINESPACE="10."/>
<ParagraphStyle ID="StyleId-61F9B98E-BA82-4DCF-809A-0C5481162321-" ALIGN="Left" LEFT="0." RIGHT="0." FIRSTLINE="-13." LINESPACE="8.479999542"/>
<ParagraphStyle ID="StyleId-16A4FB0C-4CB7-44C8-846E-AF89DD76FC73-" ALIGN="Left" LEFT="0." RIGHT="0." FIRSTLINE="0." LINESPACE="11.10000038"/>
<ParagraphStyle ID="StyleId-8CC01B24-9D1D-45D5-B954-83ECA9EA3425-" ALIGN="Left" LEFT="0." RIGHT="0." FIRSTLINE="-13." LINESPACE="8.050000191"/>
<ParagraphStyle ID="StyleId-3DB8CD3F-AD17-4DD7-8361-787A6A426C72-" ALIGN="Block" LEFT="0." RIGHT="0." FIRSTLINE="13." LINESPACE="7.900000095"/>
</Styles>
<Layout>
<Page ID="Page700" PHYSICAL_IMG_NR="700" HEIGHT="4384" WIDTH="2547">
<TopMargin HEIGHT="352" WIDTH="2547" VPOS="0" HPOS="0">
</TopMargin>
<LeftMargin HEIGHT="3640" WIDTH="244" VPOS="352" HPOS="0">
</LeftMargin>
<RightMargin HEIGHT="3640" WIDTH="127" VPOS="352" HPOS="2420">
</RightMargin>
<BottomMargin HEIGHT="392" WIDTH="2547" VPOS="3992" HPOS="0">
<TextBlock ID="Page700_Block1" HEIGHT="142" WIDTH="251" VPOS="4026" HPOS="1288" LANG="en-US" STYLEREFS="StyleId-2FA9F3EA-2E02-446C-B295-34BA9D17B2C0-">
<TextLine HEIGHT="53" WIDTH="103" VPOS="4034" HPOS="1312">
<String CONTENT="700" HEIGHT="53" WIDTH="103" VPOS="4034" HPOS="1312"/>
</TextLine>
</TextBlock>
</BottomMargin>
<PrintSpace HEIGHT="3640" WIDTH="2176" VPOS="352" HPOS="244">
<TextBlock ID="Page700_Block2" HEIGHT="3640" WIDTH="2176" VPOS="352" HPOS="244" CS="1" STYLEREFS="StyleId-D650E3C2-687E-4378-9414-58CFCFB4AB04-">
<TextLine HEIGHT="65" WIDTH="700" VPOS="401" HPOS="360" STYLEREFS="StyleId-176A3C3C-8BA4-488E-80A9-5A4E708AB64D-" LANG="de">
<String CONTENT="Gl&#252;ck," HEIGHT="64" WIDTH="202" VPOS="402" HPOS="360"/>
<SP HEIGHT="64" WIDTH="37" VPOS="402" HPOS="563"/>
<String CONTENT="Gustav," HEIGHT="63" WIDTH="249" VPOS="402" HPOS="601"/>
<SP HEIGHT="58" WIDTH="37" VPOS="407" HPOS="851"/>
<String CONTENT="1871-" HEIGHT="54" WIDTH="171" VPOS="401" HPOS="889"/>
</TextLine>
<TextLine HEIGHT="68" WIDTH="1931" VPOS="473" HPOS="426" STYLEREFS="StyleId-4D5D6590-D4D3-433A-9C4A-B1FC4682581C-">
<String LANG="de" CONTENT="Die" HEIGHT="53" WIDTH="113" VPOS="479" HPOS="426"/>
<SP HEIGHT="53" WIDTH="16" VPOS="479" HPOS="540"/>
<String LANG="de" CONTENT="kunst" HEIGHT="53" WIDTH="176" VPOS="479" HPOS="557"/>
<SP HEIGHT="53" WIDTH="22" VPOS="479" HPOS="734"/>
<String LANG="de" CONTENT="der" HEIGHT="52" WIDTH="98" VPOS="479" HPOS="757"/>
<SP HEIGHT="33" WIDTH="23" VPOS="497" HPOS="856"/>
<String LANG="en-US" CONTENT="renaissance" HEIGHT="53" WIDTH="353" VPOS="477" HPOS="880"/>
<SP HEIGHT="53" WIDTH="24" VPOS="476" HPOS="1234"/>
<String LANG="de" CONTENT="in" HEIGHT="52" WIDTH="61" VPOS="476" HPOS="1259"/>
<SP HEIGHT="52" WIDTH="21" VPOS="476" HPOS="1321"/>
<String LANG="de" CONTENT="Deutschland," HEIGHT="67" WIDTH="412" VPOS="474" HPOS="1343"/>
<SP HEIGHT="67" WIDTH="23" VPOS="474" HPOS="1756"/>
<String LANG="de" CONTENT="den" HEIGHT="53" WIDTH="109" VPOS="474" HPOS="1780"/>
<SP HEIGHT="53" WIDTH="24" VPOS="474" HPOS="1890"/>
<String LANG="de" CONTENT="Niederlanden," HEIGHT="66" WIDTH="442" VPOS="473" HPOS="1915"/>
</TextLine>
<TextLine HEIGHT="153" WIDTH="1978" VPOS="551" HPOS="356" STYLEREFS="StyleId-4D5D6590-D4D3-433A-9C4A-B1FC4682581C-" LANG="de" CS="1">
<String CONTENT="Frankreich," HEIGHT="67" WIDTH="374" VPOS="556" HPOS="358"/>
<SP HEIGHT="48" WIDTH="37" VPOS="575" HPOS="733"/>
<String CONTENT="etc.," HEIGHT="61" WIDTH="120" VPOS="561" HPOS="771"/>
<SP HEIGHT="48" WIDTH="37" VPOS="574" HPOS="892"/>
<String CONTENT="von" HEIGHT="35" WIDTH="109" VPOS="573" HPOS="930"/>
<SP HEIGHT="55" WIDTH="37" VPOS="553" HPOS="1040"/>
<String CONTENT="Gustav" HEIGHT="55" WIDTH="222" VPOS="553" HPOS="1078"/>
<SP HEIGHT="56" WIDTH="38" VPOS="552" HPOS="1301"/>
<String CONTENT="Gl&#252;ck." HEIGHT="56" WIDTH="204" VPOS="552" HPOS="1340"/>
<SP HEIGHT="52" WIDTH="73" VPOS="553" HPOS="1545"/>
<String CONTENT="Berlin," HEIGHT="68" WIDTH="219" VPOS="552" HPOS="1619"/>
<SP HEIGHT="68" WIDTH="37" VPOS="552" HPOS="1839"/>
<String CONTENT="Propyl&#228;en-verlag" HEIGHT="153" WIDTH="1978" VPOS="551" HPOS="356"/>
</TextLine>
<TextLine HEIGHT="64" WIDTH="192" VPOS="637" HPOS="490" STYLEREFS="StyleId-4D5D6590-D4D3-433A-9C4A-B1FC4682581C-" LANG="de" CS="1">
<String CONTENT="[" HEIGHT="33" WIDTH="12" VPOS="668" HPOS="490"/>
<String STYLE="superscript" CS="1" CONTENT="&#7580;1"/>
<String CONTENT="928]" HEIGHT="64" WIDTH="118" VPOS="637" HPOS="564"/>
</TextLine>
<TextLine HEIGHT="54" WIDTH="1933" VPOS="710" HPOS="427" CS="1">
<String LANG="de" CONTENT="658," HEIGHT="47" WIDTH="97" VPOS="716" HPOS="427"/>
<SP HEIGHT="30" WIDTH="30" VPOS="734" HPOS="525"/>
<String LANG="de" CONTENT="[1]" HEIGHT="48" WIDTH="55" VPOS="716" HPOS="556"/>
<SP HEIGHT="38" WIDTH="18" VPOS="726" HPOS="612"/>
<String LANG="de" CONTENT="p." HEIGHT="36" WIDTH="43" VPOS="726" HPOS="631"/>
<SP HEIGHT="40" WIDTH="58" VPOS="715" HPOS="675"/>
<String LANG="de" CONTENT="illus.," HEIGHT="46" WIDTH="142" VPOS="715" HPOS="734"/>
<SP HEIGHT="36" WIDTH="16" VPOS="725" HPOS="877"/>
<String LANG="de" CONTENT="xlix" HEIGHT="30" WIDTH="119" VPOS="724" HPOS="894"/>
<SP HEIGHT="48" WIDTH="25" VPOS="714" HPOS="1014"/>
<String LANG="de" CS="1" CONTENT="(i." HEIGHT="48" WIDTH="15" VPOS="714" HPOS="1040"/>
<SP HEIGHT="40" WIDTH="19" VPOS="714" HPOS="1094"/>
<String LANG="de" CONTENT="e." HEIGHT="30" WIDTH="37" VPOS="724" HPOS="1114"/>
<SP HEIGHT="40" WIDTH="15" VPOS="714" HPOS="1152"/>
<String LANG="de" CONTENT="48)" HEIGHT="48" WIDTH="82" VPOS="712" HPOS="1168"/>
<SP HEIGHT="48" WIDTH="25" VPOS="712" HPOS="1251"/>
<String LANG="de" CONTENT="pl." HEIGHT="47" WIDTH="62" VPOS="713" HPOS="1277"/>
<SP HEIGHT="48" WIDTH="26" VPOS="712" HPOS="1340"/>
<String LANG="de" CONTENT="(1" HEIGHT="48" WIDTH="49" VPOS="712" HPOS="1367"/>
<SP HEIGHT="39" WIDTH="18" VPOS="713" HPOS="1417"/>
<String LANG="de" CS="1" CONTENT="double;" HEIGHT="39" WIDTH="173" VPOS="713" HPOS="1436"/>
<SP HEIGHT="37" WIDTH="18" VPOS="723" HPOS="1637"/>
<String LANG="en-US" CONTENT="part" HEIGHT="48" WIDTH="112" VPOS="712" HPOS="1656"/>
<SP HEIGHT="39" WIDTH="16" VPOS="712" HPOS="1769"/>
<String LANG="en-US" CONTENT="col." HEIGHT="40" WIDTH="86" VPOS="712" HPOS="1786"/>
<SP HEIGHT="30" WIDTH="16" VPOS="722" HPOS="1873"/>
<String LANG="en-US" CONTENT="mounted)" HEIGHT="48" WIDTH="254" VPOS="710" HPOS="1890"/>
<SP HEIGHT="48" WIDTH="68" VPOS="710" HPOS="2145"/>
<String LANG="de" CONTENT="28" HEIGHT="41" WIDTH="57" VPOS="710" HPOS="2214"/>
<String LANG="en-US" CS="1" CONTENT="&#189;&#7580;&#7504;"/>
<String LANG="de" CONTENT="." HEIGHT="8" WIDTH="9" VPOS="743" HPOS="2351"/>
</TextLine>
<TextLine HEIGHT="54" WIDTH="1183" VPOS="768" HPOS="368">
<String LANG="de" CONTENT="(" HEIGHT="48" WIDTH="15" VPOS="773" HPOS="368"/>
<String LANG="en-US" CONTENT="Half-title" HEIGHT="49" WIDTH="252" VPOS="773" HPOS="392"/>
<String LANG="de" CONTENT=":" HEIGHT="29" WIDTH="14" VPOS="784" HPOS="653"/>
<SP HEIGHT="41" WIDTH="28" VPOS="772" HPOS="668"/>
<String LANG="de" CONTENT="Propyl&#228;en-kunstgeschichte." HEIGHT="50" WIDTH="738" VPOS="770" HPOS="697"/>
<SP HEIGHT="31" WIDTH="57" VPOS="780" HPOS="1436"/>
<String LANG="de" CONTENT="x)" HEIGHT="49" WIDTH="57" VPOS="768" HPOS="1494"/>
</TextLine>
<TextLine HEIGHT="49" WIDTH="631" VPOS="842" HPOS="430" LANG="de" CS="1">
<String CS="1" CONTENT="&#8220;Malerei&#8221;:" HEIGHT="40" WIDTH="259" VPOS="843" HPOS="430"/>
<SP HEIGHT="38" WIDTH="31" VPOS="853" HPOS="719"/>
<String CONTENT="p." HEIGHT="37" WIDTH="44" VPOS="854" HPOS="751"/>
<SP HEIGHT="42" WIDTH="29" VPOS="842" HPOS="796"/>
<String CS="1" CONTENT="611-[642]" HEIGHT="49" WIDTH="235" VPOS="842" HPOS="826"/>
</TextLine>
<TextLine HEIGHT="53" WIDTH="1996" VPOS="910" HPOS="361" LANG="de" CS="1">
<String CONTENT="&#169;" HEIGHT="52" WIDTH="52" VPOS="911" HPOS="361"/>
<SP HEIGHT="52" WIDTH="31" VPOS="911" HPOS="414"/>
<String CONTENT="Nov." HEIGHT="40" WIDTH="118" VPOS="916" HPOS="446"/>
<SP HEIGHT="40" WIDTH="30" VPOS="916" HPOS="565"/>
<String CONTENT="15," HEIGHT="48" WIDTH="68" VPOS="915" HPOS="596"/>
<SP HEIGHT="48" WIDTH="30" VPOS="915" HPOS="665"/>
<String CONTENT="1928;" HEIGHT="47" WIDTH="142" VPOS="914" HPOS="696"/>
<SP/>
<String CS="1" CONTENT="1c."/>
<SP HEIGHT="41" WIDTH="31" VPOS="914" HPOS="939"/>
<String CONTENT="Feb." HEIGHT="39" WIDTH="112" VPOS="914" HPOS="971"/>
<SP HEIGHT="40" WIDTH="30" VPOS="913" HPOS="1084"/>
<String CONTENT="5," HEIGHT="48" WIDTH="39" VPOS="913" HPOS="1115"/>
<SP HEIGHT="47" WIDTH="29" VPOS="914" HPOS="1155"/>
<String CONTENT="1929;" HEIGHT="48" WIDTH="141" VPOS="912" HPOS="1185"/>
<SP HEIGHT="48" WIDTH="33" VPOS="912" HPOS="1327"/>
<!-- cceid 98486566-6CFA-1014-9C3C-CEA95E7AA542 --><String LANG="en-US" CONTENT="A" HEIGHT="39" WIDTH="42" VPOS="912" HPOS="1361"/>
<String CONTENT="&#8212;Foreign" HEIGHT="48" WIDTH="273" VPOS="911" HPOS="1403"/>
<SP HEIGHT="38" WIDTH="28" VPOS="912" HPOS="1677"/>
<String CONTENT="1897;" HEIGHT="48" WIDTH="141" VPOS="911" HPOS="1706"/>
<SP HEIGHT="47" WIDTH="34" VPOS="912" HPOS="1848"/>
<String CONTENT="Propyl&#228;en-verlag," HEIGHT="48" WIDTH="474" VPOS="910" HPOS="1883"/>
</TextLine>
<TextLine HEIGHT="49" WIDTH="631" VPOS="970" HPOS="429" LANG="de">
<String CONTENT="g." HEIGHT="38" WIDTH="43" VPOS="981" HPOS="429"/>
<SP HEIGHT="30" WIDTH="27" VPOS="982" HPOS="473"/>
<String CONTENT="m." HEIGHT="30" WIDTH="61" VPOS="982" HPOS="501"/>
<SP HEIGHT="41" WIDTH="26" VPOS="971" HPOS="563"/>
<String CONTENT="b." HEIGHT="41" WIDTH="44" VPOS="971" HPOS="590"/>
<SP HEIGHT="41" WIDTH="27" VPOS="971" HPOS="635"/>
<String CONTENT="h." HEIGHT="40" WIDTH="45" VPOS="971" HPOS="663"/>
<SP HEIGHT="48" WIDTH="68" VPOS="971" HPOS="709"/>
<String CONTENT="(29-11172)" HEIGHT="49" WIDTH="282" VPOS="970" HPOS="778"/>
</TextLine>
<TextLine HEIGHT="65" WIDTH="984" VPOS="1078" HPOS="361" STYLEREFS="StyleId-176A3C3C-8BA4-488E-80A9-5A4E708AB64D-">
<String LANG="en-US" CONTENT="Gregory," HEIGHT="63" WIDTH="285" VPOS="1080" HPOS="361"/>
<SP HEIGHT="64" WIDTH="32" VPOS="1079" HPOS="647"/>
<String LANG="en-US" CONTENT="John" HEIGHT="54" WIDTH="157" VPOS="1078" HPOS="680"/>
<SP HEIGHT="52" WIDTH="31" VPOS="1079" HPOS="838"/>
<String LANG="en-US" CONTENT="Duncan," HEIGHT="63" WIDTH="266" VPOS="1079" HPOS="870"/>
<SP HEIGHT="58" WIDTH="37" VPOS="1084" HPOS="1137"/>
<String LANG="de" CONTENT="1878-" HEIGHT="54" WIDTH="170" VPOS="1079" HPOS="1175"/>
</TextLine>
<TextLine HEIGHT="73" WIDTH="1930" VPOS="1154" HPOS="434" STYLEREFS="StyleId-4D5D6590-D4D3-433A-9C4A-B1FC4682581C-" LANG="en-US" CS="1">
<String LANG="de" CONTENT="On" HEIGHT="55" WIDTH="91" VPOS="1158" HPOS="434"/>
<SP HEIGHT="46" WIDTH="39" VPOS="1166" HPOS="526"/>
<String CONTENT="the" HEIGHT="53" WIDTH="94" VPOS="1159" HPOS="566"/>
<SP HEIGHT="35" WIDTH="37" VPOS="1177" HPOS="661"/>
<String CONTENT="edge" HEIGHT="68" WIDTH="142" VPOS="1159" HPOS="699"/>
<SP HEIGHT="35" WIDTH="36" VPOS="1176" HPOS="842"/>
<String CONTENT="of" HEIGHT="54" WIDTH="64" VPOS="1157" HPOS="879"/>
<SP HEIGHT="53" WIDTH="37" VPOS="1157" HPOS="944"/>
<String CONTENT="diplomacy;" HEIGHT="69" WIDTH="356" VPOS="1157" HPOS="982"/>
<SP HEIGHT="48" WIDTH="40" VPOS="1175" HPOS="1339"/>
<String CONTENT="rambles" HEIGHT="53" WIDTH="244" VPOS="1156" HPOS="1380"/>
<SP HEIGHT="34" WIDTH="38" VPOS="1175" HPOS="1625"/>
<String CONTENT="and" HEIGHT="52" WIDTH="113" VPOS="1157" HPOS="1664"/>
<SP HEIGHT="52" WIDTH="38" VPOS="1157" HPOS="1778"/>
<String CONTENT="reflections," HEIGHT="69" WIDTH="334" VPOS="1154" HPOS="1817"/>
<SP HEIGHT="62" WIDTH="41" VPOS="1161" HPOS="2152"/>
<String CONTENT="1902-" HEIGHT="51" WIDTH="170" VPOS="1157" HPOS="2194"/>
</TextLine>
<TextLine HEIGHT="151" WIDTH="1978" VPOS="1232" HPOS="361" STYLEREFS="StyleId-4D5D6590-D4D3-433A-9C4A-B1FC4682581C-" LANG="en-US" CS="1">
<String CONTENT="1928," HEIGHT="65" WIDTH="151" VPOS="1240" HPOS="365"/>
<SP HEIGHT="69" WIDTH="27" VPOS="1236" HPOS="517"/>
<String CONTENT="by" HEIGHT="69" WIDTH="76" VPOS="1236" HPOS="545"/>
<SP HEIGHT="69" WIDTH="30" VPOS="1236" HPOS="622"/>
<String CONTENT="J." HEIGHT="55" WIDTH="54" VPOS="1236" HPOS="653"/>
<SP HEIGHT="54" WIDTH="33" VPOS="1237" HPOS="708"/>
<String CONTENT="D." HEIGHT="52" WIDTH="71" VPOS="1237" HPOS="742"/>
<SP HEIGHT="55" WIDTH="31" VPOS="1235" HPOS="814"/>
<String CONTENT="Gregory" HEIGHT="69" WIDTH="263" VPOS="1235" HPOS="846"/>
<SP HEIGHT="50" WIDTH="33" VPOS="1254" HPOS="1110"/>
<String CS="1" CONTENT="&#8230;"/>
<SP HEIGHT="34" WIDTH="36" VPOS="1254" HPOS="1201"/>
<String CONTENT="with" HEIGHT="52" WIDTH="140" VPOS="1235" HPOS="1238"/>
<SP HEIGHT="51" WIDTH="29" VPOS="1236" HPOS="1379"/>
<String CONTENT="thirty-six" HEIGHT="70" WIDTH="301" VPOS="1234" HPOS="1409"/>
<SP HEIGHT="53" WIDTH="29" VPOS="1234" HPOS="1711"/>
<String CONTENT="illustrations." HEIGHT="54" WIDTH="397" VPOS="1233" HPOS="1741"/>
<SP HEIGHT="53" WIDTH="74" VPOS="1232" HPOS="2139"/>
<String CONTENT="London," HEIGHT="151" WIDTH="1978" VPOS="1232" HPOS="361"/>
</TextLine>
<TextLine HEIGHT="66" WIDTH="902" VPOS="1314" HPOS="524" STYLEREFS="StyleId-4D5D6590-D4D3-433A-9C4A-B1FC4682581C-" LANG="en-US">
<String CONTENT="Hutchinson" HEIGHT="53" WIDTH="369" VPOS="1314" HPOS="524"/>
<SP HEIGHT="50" WIDTH="29" VPOS="1316" HPOS="894"/>
<String CONTENT="&amp;" HEIGHT="49" WIDTH="45" VPOS="1316" HPOS="924"/>
<SP HEIGHT="51" WIDTH="28" VPOS="1316" HPOS="970"/>
<String CONTENT="co." HEIGHT="34" WIDTH="79" VPOS="1333" HPOS="999"/>
<SP HEIGHT="53" WIDTH="31" VPOS="1314" HPOS="1079"/>
<String CONTENT="ltd." HEIGHT="53" WIDTH="103" VPOS="1314" HPOS="1111"/>
<SP HEIGHT="33" WIDTH="38" VPOS="1347" HPOS="1215"/>
<String CONTENT="[1929]" HEIGHT="64" WIDTH="172" VPOS="1316" HPOS="1254"/>
</TextLine>
<TextLine HEIGHT="50" WIDTH="1114" VPOS="1394" HPOS="427" LANG="en-US" CS="1">
<String CONTENT="286" HEIGHT="41" WIDTH="86" VPOS="1396" HPOS="427"/>
<SP HEIGHT="48" WIDTH="27" VPOS="1396" HPOS="514"/>
<String CONTENT="p." HEIGHT="37" WIDTH="43" VPOS="1407" HPOS="542"/>
<SP HEIGHT="41" WIDTH="55" VPOS="1395" HPOS="586"/>
<String CONTENT="front.," HEIGHT="47" WIDTH="166" VPOS="1395" HPOS="642"/>
<SP HEIGHT="47" WIDTH="28" VPOS="1395" HPOS="809"/>
<String CONTENT="illus.," HEIGHT="47" WIDTH="144" VPOS="1395" HPOS="838"/>
<SP HEIGHT="38" WIDTH="28" VPOS="1405" HPOS="983"/>
<String CONTENT="plates," HEIGHT="48" WIDTH="170" VPOS="1395" HPOS="1012"/>
<SP HEIGHT="37" WIDTH="30" VPOS="1406" HPOS="1183"/>
<String CONTENT="ports." HEIGHT="47" WIDTH="151" VPOS="1396" HPOS="1214"/>
<SP HEIGHT="39" WIDTH="57" VPOS="1394" HPOS="1366"/>
<String CS="1" CONTENT="24&#7580;&#7504;." HEIGHT="9" WIDTH="9" VPOS="1426" HPOS="1532"/>
</TextLine>
<TextLine HEIGHT="108" WIDTH="1981" VPOS="1462" HPOS="363" LANG="en-US" CS="1">
<String CONTENT="&#169;" HEIGHT="52" WIDTH="52" VPOS="1462" HPOS="363"/>
<SP/>
<String CS="1" CONTENT="1c."/>
<SP HEIGHT="38" WIDTH="28" VPOS="1467" HPOS="512"/>
<String CONTENT="May" HEIGHT="46" WIDTH="114" VPOS="1467" HPOS="541"/>
<SP HEIGHT="48" WIDTH="24" VPOS="1465" HPOS="656"/>
<String CONTENT="4," HEIGHT="48" WIDTH="40" VPOS="1465" HPOS="681"/>
<SP HEIGHT="48" WIDTH="30" VPOS="1465" HPOS="722"/>
<String CONTENT="1929;" HEIGHT="48" WIDTH="141" VPOS="1464" HPOS="753"/>
<SP HEIGHT="48" WIDTH="29" VPOS="1464" HPOS="895"/>
<!-- cceid 98493436-6CFA-1014-9C3C-CEA95E7AA542 --><String CONTENT="A" HEIGHT="40" WIDTH="43" VPOS="1464" HPOS="925"/>
<SP HEIGHT="40" WIDTH="25" VPOS="1464" HPOS="969"/>
<String CONTENT="ad" HEIGHT="39" WIDTH="63" VPOS="1465" HPOS="995"/>
<SP HEIGHT="40" WIDTH="26" VPOS="1464" HPOS="1059"/>
<String CONTENT="int." HEIGHT="42" WIDTH="87" VPOS="1464" HPOS="1086"/>
<SP HEIGHT="41" WIDTH="26" VPOS="1465" HPOS="1174"/>
<String CONTENT="12645;" HEIGHT="47" WIDTH="171" VPOS="1464" HPOS="1201"/>
<SP HEIGHT="38" WIDTH="30" VPOS="1474" HPOS="1373"/>
<String CONTENT="pubd." HEIGHT="48" WIDTH="143" VPOS="1464" HPOS="1404"/>
<SP HEIGHT="40" WIDTH="28" VPOS="1464" HPOS="1548"/>
<String CONTENT="Mar." HEIGHT="39" WIDTH="122" VPOS="1464" HPOS="1577"/>
<SP HEIGHT="41" WIDTH="29" VPOS="1462" HPOS="1700"/>
<String CONTENT="8;" HEIGHT="49" WIDTH="53" VPOS="1462" HPOS="1730"/>
<SP HEIGHT="48" WIDTH="31" VPOS="1463" HPOS="1784"/>
<String CONTENT="J." HEIGHT="41" WIDTH="45" VPOS="1463" HPOS="1816"/>
<SP HEIGHT="41" WIDTH="28" VPOS="1463" HPOS="1862"/>
<String CONTENT="D." HEIGHT="40" WIDTH="57" VPOS="1463" HPOS="1891"/>
<SP HEIGHT="41" WIDTH="31" VPOS="1462" HPOS="1949"/>
<String CONTENT="Gregory," HEIGHT="49" WIDTH="230" VPOS="1462" HPOS="1981"/>
<SP HEIGHT="44" WIDTH="31" VPOS="1462" HPOS="2212"/>
<String CONTENT="London." HEIGHT="100" WIDTH="1911" VPOS="1462" HPOS="433"/>
<SP HEIGHT="48" WIDTH="70" VPOS="1522" HPOS="541"/>
<String CONTENT="(29-11215)" HEIGHT="50" WIDTH="283" VPOS="1520" HPOS="612"/>
</TextLine>
<TextLine HEIGHT="65" WIDTH="660" VPOS="1614" HPOS="363" STYLEREFS="StyleId-176A3C3C-8BA4-488E-80A9-5A4E708AB64D-" LANG="en-US">
<String CONTENT="Gribble," HEIGHT="65" WIDTH="256" VPOS="1614" HPOS="363"/>
<SP HEIGHT="64" WIDTH="30" VPOS="1615" HPOS="620"/>
<String CONTENT="Leonard" HEIGHT="52" WIDTH="271" VPOS="1615" HPOS="651"/>
<SP HEIGHT="52" WIDTH="30" VPOS="1615" HPOS="923"/>
<String CONTENT="R." HEIGHT="54" WIDTH="69" VPOS="1615" HPOS="954"/>
</TextLine>
<TextLine HEIGHT="71" WIDTH="1936" VPOS="1692" HPOS="427" STYLEREFS="StyleId-4D5D6590-D4D3-433A-9C4A-B1FC4682581C-" LANG="en-US">
<String CONTENT="The" HEIGHT="51" WIDTH="120" VPOS="1696" HPOS="427"/>
<SP HEIGHT="56" WIDTH="57" VPOS="1693" HPOS="548"/>
<String CONTENT="Gillespie" HEIGHT="69" WIDTH="279" VPOS="1693" HPOS="606"/>
<SP HEIGHT="33" WIDTH="52" VPOS="1714" HPOS="886"/>
<String CONTENT="suicide" HEIGHT="53" WIDTH="214" VPOS="1694" HPOS="939"/>
<SP HEIGHT="34" WIDTH="54" VPOS="1712" HPOS="1154"/>
<String CONTENT="mystery," HEIGHT="64" WIDTH="270" VPOS="1699" HPOS="1209"/>
<SP HEIGHT="69" WIDTH="53" VPOS="1694" HPOS="1480"/>
<String CONTENT="by" HEIGHT="69" WIDTH="76" VPOS="1694" HPOS="1534"/>
<SP HEIGHT="69" WIDTH="51" VPOS="1694" HPOS="1611"/>
<String CONTENT="Leonard" HEIGHT="53" WIDTH="263" VPOS="1694" HPOS="1663"/>
<SP HEIGHT="53" WIDTH="55" VPOS="1694" HPOS="1927"/>
<String CONTENT="R." HEIGHT="52" WIDTH="67" VPOS="1694" HPOS="1983"/>
<SP HEIGHT="56" WIDTH="57" VPOS="1692" HPOS="2051"/>
<String CONTENT="Gribble." HEIGHT="56" WIDTH="254" VPOS="1692" HPOS="2109"/>
</TextLine>
<TextLine HEIGHT="69" WIDTH="1451" VPOS="1771" HPOS="356" STYLEREFS="StyleId-4D5D6590-D4D3-433A-9C4A-B1FC4682581C-" LANG="en-US" CS="1">
<String CONTENT="London" HEIGHT="53" WIDTH="241" VPOS="1773" HPOS="356"/>
<SP HEIGHT="46" WIDTH="38" VPOS="1793" HPOS="598"/>
<String CONTENT="[etc.]" HEIGHT="63" WIDTH="138" VPOS="1776" HPOS="637"/>
<SP HEIGHT="68" WIDTH="38" VPOS="1771" HPOS="776"/>
<String CONTENT="G." HEIGHT="56" WIDTH="68" VPOS="1771" HPOS="815"/>
<SP HEIGHT="55" WIDTH="35" VPOS="1771" HPOS="884"/>
<String CONTENT="G." HEIGHT="55" WIDTH="69" VPOS="1771" HPOS="920"/>
<SP HEIGHT="53" WIDTH="34" VPOS="1772" HPOS="990"/>
<String CONTENT="Harrap" HEIGHT="68" WIDTH="237" VPOS="1772" HPOS="1025"/>
<SP HEIGHT="66" WIDTH="31" VPOS="1774" HPOS="1263"/>
<String CONTENT="&amp;" HEIGHT="50" WIDTH="48" VPOS="1774" HPOS="1295"/>
<SP HEIGHT="51" WIDTH="30" VPOS="1774" HPOS="1344"/>
<String CONTENT="co." HEIGHT="36" WIDTH="79" VPOS="1790" HPOS="1375"/>
<SP HEIGHT="53" WIDTH="33" VPOS="1773" HPOS="1455"/>
<String CONTENT="ltd." HEIGHT="54" WIDTH="105" VPOS="1772" HPOS="1489"/>
<SP HEIGHT="34" WIDTH="39" VPOS="1805" HPOS="1595"/>
<String CS="1" CONTENT="[1929]" HEIGHT="64" WIDTH="152" VPOS="1774" HPOS="1655"/>
</TextLine>
<TextLine HEIGHT="50" WIDTH="365" VPOS="1852" HPOS="424" LANG="en-US" CS="1">
<String CONTENT="312" HEIGHT="42" WIDTH="87" VPOS="1853" HPOS="424"/>
<SP HEIGHT="49" WIDTH="24" VPOS="1853" HPOS="512"/>
<String CONTENT="p." HEIGHT="38" WIDTH="43" VPOS="1864" HPOS="537"/>
<SP HEIGHT="42" WIDTH="59" VPOS="1853" HPOS="581"/>
<String CS="1" CONTENT="19&#189;&#7580;&#7504;." HEIGHT="43" WIDTH="148" VPOS="1852" HPOS="641"/>
</TextLine>
<TextLine HEIGHT="52" WIDTH="1998" VPOS="1921" HPOS="365" LANG="en-US" CS="1">
<String CONTENT="&#169;" HEIGHT="52" WIDTH="52" VPOS="1921" HPOS="365"/>
<SP/>
<String CS="1" CONTENT="1c."/>
<SP HEIGHT="39" WIDTH="27" VPOS="1927" HPOS="513"/>
<String CONTENT="May" HEIGHT="46" WIDTH="115" VPOS="1927" HPOS="541"/>
<SP HEIGHT="47" WIDTH="24" VPOS="1926" HPOS="657"/>
<String CONTENT="11," HEIGHT="47" WIDTH="70" VPOS="1926" HPOS="682"/>
<SP HEIGHT="47" WIDTH="27" VPOS="1926" HPOS="753"/>
<String CONTENT="1929;" HEIGHT="47" WIDTH="141" VPOS="1924" HPOS="781"/>
<SP HEIGHT="47" WIDTH="28" VPOS="1924" HPOS="923"/>
<!-- cceid 984A05B8-6CFA-1014-9C3C-CEA95E7AA542 --><String CONTENT="A" HEIGHT="39" WIDTH="42" VPOS="1924" HPOS="952"/>
<SP HEIGHT="40" WIDTH="24" VPOS="1924" HPOS="995"/>
<String CONTENT="ad" HEIGHT="39" WIDTH="61" VPOS="1925" HPOS="1020"/>
<SP HEIGHT="39" WIDTH="26" VPOS="1925" HPOS="1082"/>
<String CONTENT="int." HEIGHT="40" WIDTH="88" VPOS="1925" HPOS="1109"/>
<SP HEIGHT="40" WIDTH="26" VPOS="1925" HPOS="1198"/>
<String CONTENT="12665;" HEIGHT="47" WIDTH="170" VPOS="1924" HPOS="1225"/>
<SP HEIGHT="38" WIDTH="28" VPOS="1934" HPOS="1396"/>
<String CONTENT="pubd." HEIGHT="48" WIDTH="143" VPOS="1924" HPOS="1425"/>
<SP HEIGHT="40" WIDTH="28" VPOS="1925" HPOS="1569"/>
<String CONTENT="Mar." HEIGHT="41" WIDTH="124" VPOS="1925" HPOS="1598"/>
<SP HEIGHT="41" WIDTH="27" VPOS="1925" HPOS="1723"/>
<String CONTENT="15;" HEIGHT="47" WIDTH="81" VPOS="1924" HPOS="1751"/>
<SP HEIGHT="47" WIDTH="31" VPOS="1924" HPOS="1833"/>
<String CONTENT="Doubleday," HEIGHT="46" WIDTH="299" VPOS="1924" HPOS="1865"/>
<SP HEIGHT="46" WIDTH="30" VPOS="1924" HPOS="2165"/>
<String CONTENT="Doran" HEIGHT="39" WIDTH="167" VPOS="1924" HPOS="2196"/>
</TextLine>
<TextLine HEIGHT="50" WIDTH="1183" VPOS="1980" HPOS="432" LANG="en-US" CS="1">
<String CONTENT="&amp;" HEIGHT="41" WIDTH="36" VPOS="1981" HPOS="432"/>
<SP HEIGHT="41" WIDTH="25" VPOS="1981" HPOS="469"/>
<String CONTENT="co.," HEIGHT="38" WIDTH="82" VPOS="1992" HPOS="495"/>
<SP HEIGHT="49" WIDTH="28" VPOS="1981" HPOS="578"/>
<String CONTENT="inc.," HEIGHT="48" WIDTH="104" VPOS="1981" HPOS="607"/>
<SP HEIGHT="49" WIDTH="32" VPOS="1980" HPOS="712"/>
<String CONTENT="Garden" HEIGHT="41" WIDTH="196" VPOS="1980" HPOS="745"/>
<SP HEIGHT="41" WIDTH="27" VPOS="1980" HPOS="942"/>
<String CONTENT="City," HEIGHT="49" WIDTH="123" VPOS="1980" HPOS="970"/>
<SP HEIGHT="49" WIDTH="29" VPOS="1980" HPOS="1094"/>
<String CONTENT="N." HEIGHT="42" WIDTH="58" VPOS="1980" HPOS="1124"/>
<SP HEIGHT="42" WIDTH="26" VPOS="1980" HPOS="1183"/>
<String CONTENT="Y." HEIGHT="41" WIDTH="56" VPOS="1980" HPOS="1210"/>
<SP HEIGHT="48" WIDTH="66" VPOS="1981" HPOS="1267"/>
<String CS="1" CONTENT="(29-11259)" HEIGHT="49" WIDTH="281" VPOS="1980" HPOS="1334"/>
</TextLine>
<TextLine HEIGHT="64" WIDTH="1322" VPOS="2074" HPOS="359" STYLEREFS="StyleId-176A3C3C-8BA4-488E-80A9-5A4E708AB64D-" LANG="en-US">
<String CONTENT="Griffin," HEIGHT="64" WIDTH="223" VPOS="2074" HPOS="359"/>
<SP HEIGHT="63" WIDTH="31" VPOS="2075" HPOS="583"/>
<String CONTENT="Austin" HEIGHT="54" WIDTH="222" VPOS="2074" HPOS="615"/>
<SP HEIGHT="52" WIDTH="29" VPOS="2075" HPOS="838"/>
<String CONTENT="B" HEIGHT="52" WIDTH="49" VPOS="2075" HPOS="868"/>
<SP HEIGHT="54" WIDTH="287" VPOS="2075" HPOS="918"/>
<String CONTENT="1880-" HEIGHT="49" WIDTH="171" VPOS="2080" HPOS="1206"/>
<SP HEIGHT="35" WIDTH="217" VPOS="2094" HPOS="1378"/>
<String CONTENT="ed." HEIGHT="56" WIDTH="85" VPOS="2076" HPOS="1596"/>
</TextLine>
<TextLine HEIGHT="147" WIDTH="1974" VPOS="2153" HPOS="363" STYLEREFS="StyleId-4D5D6590-D4D3-433A-9C4A-B1FC4682581C-" LANG="en-US" CS="1">
<String CONTENT="Mechanics&#8217;" HEIGHT="54" WIDTH="345" VPOS="2153" HPOS="433"/>
<SP HEIGHT="51" WIDTH="42" VPOS="2155" HPOS="779"/>
<String CONTENT="lien" HEIGHT="53" WIDTH="114" VPOS="2154" HPOS="822"/>
<SP HEIGHT="52" WIDTH="41" VPOS="2154" HPOS="937"/>
<String CONTENT="law" HEIGHT="53" WIDTH="110" VPOS="2154" HPOS="979"/>
<SP HEIGHT="34" WIDTH="41" VPOS="2173" HPOS="1090"/>
<String CONTENT="of" HEIGHT="54" WIDTH="64" VPOS="2153" HPOS="1132"/>
<SP HEIGHT="54" WIDTH="39" VPOS="2153" HPOS="1197"/>
<String CONTENT="the" HEIGHT="55" WIDTH="96" VPOS="2154" HPOS="1237"/>
<SP HEIGHT="35" WIDTH="41" VPOS="2174" HPOS="1334"/>
<String CONTENT="state" HEIGHT="51" WIDTH="145" VPOS="2157" HPOS="1376"/>
<SP HEIGHT="33" WIDTH="40" VPOS="2174" HPOS="1522"/>
<String CONTENT="of" HEIGHT="53" WIDTH="65" VPOS="2154" HPOS="1563"/>
<SP HEIGHT="53" WIDTH="39" VPOS="2153" HPOS="1629"/>
<String CONTENT="New" HEIGHT="53" WIDTH="140" VPOS="2153" HPOS="1669"/>
<SP HEIGHT="52" WIDTH="42" VPOS="2154" HPOS="1810"/>
<String CONTENT="York," HEIGHT="69" WIDTH="181" VPOS="2153" HPOS="1853"/>
<SP HEIGHT="49" WIDTH="39" VPOS="2173" HPOS="2035"/>
<String CONTENT="with" HEIGHT="53" WIDTH="143" VPOS="2153" HPOS="2075"/>
<SP HEIGHT="53" WIDTH="37" VPOS="2154" HPOS="2219"/>
<String CONTENT="important" HEIGHT="146" WIDTH="1974" VPOS="2154" HPOS="363"/>
</TextLine>
<TextLine HEIGHT="70" WIDTH="1734" VPOS="2232" HPOS="631" STYLEREFS="StyleId-4D5D6590-D4D3-433A-9C4A-B1FC4682581C-" LANG="en-US" CS="1">
<String CONTENT="changes" HEIGHT="69" WIDTH="246" VPOS="2232" HPOS="631"/>
<SP HEIGHT="35" WIDTH="31" VPOS="2251" HPOS="878"/>
<String CONTENT="and" HEIGHT="52" WIDTH="114" VPOS="2233" HPOS="910"/>
<SP HEIGHT="52" WIDTH="31" VPOS="2233" HPOS="1025"/>
<String CONTENT="amendments" HEIGHT="53" WIDTH="390" VPOS="2233" HPOS="1057"/>
<SP HEIGHT="35" WIDTH="29" VPOS="2251" HPOS="1448"/>
<String CONTENT="made" HEIGHT="52" WIDTH="166" VPOS="2233" HPOS="1478"/>
<SP HEIGHT="52" WIDTH="29" VPOS="2233" HPOS="1645"/>
<String CONTENT="by" HEIGHT="69" WIDTH="76" VPOS="2233" HPOS="1675"/>
<SP HEIGHT="64" WIDTH="28" VPOS="2238" HPOS="1752"/>
<String CONTENT="the" HEIGHT="54" WIDTH="97" VPOS="2233" HPOS="1781"/>
<SP HEIGHT="54" WIDTH="29" VPOS="2233" HPOS="1879"/>
<String CONTENT="Legislature" HEIGHT="69" WIDTH="360" VPOS="2232" HPOS="1909"/>
<SP HEIGHT="35" WIDTH="30" VPOS="2250" HPOS="2270"/>
<String CONTENT="of" HEIGHT="53" WIDTH="64" VPOS="2232" HPOS="2301"/>
</TextLine>
<TextLine HEIGHT="149" WIDTH="1976" VPOS="2310" HPOS="366" STYLEREFS="StyleId-4D5D6590-D4D3-433A-9C4A-B1FC4682581C-" LANG="en-US" CS="1">
<String CONTENT="1929," HEIGHT="65" WIDTH="150" VPOS="2314" HPOS="369"/>
<SP HEIGHT="49" WIDTH="33" VPOS="2330" HPOS="520"/>
<String CONTENT="and" HEIGHT="52" WIDTH="112" VPOS="2312" HPOS="554"/>
<SP HEIGHT="52" WIDTH="33" VPOS="2312" HPOS="667"/>
<String CONTENT="working" HEIGHT="69" WIDTH="263" VPOS="2310" HPOS="701"/>
<SP HEIGHT="69" WIDTH="32" VPOS="2310" HPOS="965"/>
<String CONTENT="forms" HEIGHT="54" WIDTH="181" VPOS="2310" HPOS="998"/>
<SP HEIGHT="34" WIDTH="33" VPOS="2330" HPOS="1180"/>
<String CONTENT="under" HEIGHT="52" WIDTH="183" VPOS="2311" HPOS="1214"/>
<SP HEIGHT="34" WIDTH="29" VPOS="2329" HPOS="1398"/>
<String CONTENT="new" HEIGHT="34" WIDTH="124" VPOS="2329" HPOS="1428"/>
<SP HEIGHT="35" WIDTH="31" VPOS="2329" HPOS="1553"/>
<String CONTENT="sections" HEIGHT="53" WIDTH="241" VPOS="2311" HPOS="1585"/>
<SP HEIGHT="34" WIDTH="31" VPOS="2330" HPOS="1827"/>
<String CONTENT="of" HEIGHT="54" WIDTH="65" VPOS="2310" HPOS="1859"/>
<SP HEIGHT="55" WIDTH="30" VPOS="2310" HPOS="1925"/>
<String CONTENT="statute," HEIGHT="65" WIDTH="230" VPOS="2313" HPOS="1956"/>
<SP HEIGHT="50" WIDTH="33" VPOS="2328" HPOS="2187"/>
<String CONTENT="completely" HEIGHT="131" WIDTH="1976" VPOS="2328" HPOS="366"/>
</TextLine>
<TextLine HEIGHT="72" WIDTH="1762" VPOS="2387" HPOS="605" STYLEREFS="StyleId-4D5D6590-D4D3-433A-9C4A-B1FC4682581C-" LANG="en-US" CS="1">
<String CONTENT="indexed." HEIGHT="54" WIDTH="261" VPOS="2389" HPOS="605"/>
<SP HEIGHT="57" WIDTH="64" VPOS="2387" HPOS="867"/>
<String CONTENT="Special" HEIGHT="70" WIDTH="226" VPOS="2387" HPOS="932"/>
<SP HEIGHT="55" WIDTH="24" VPOS="2387" HPOS="1159"/>
<String CONTENT="Association" HEIGHT="56" WIDTH="363" VPOS="2387" HPOS="1184"/>
<SP HEIGHT="33" WIDTH="25" VPOS="2409" HPOS="1548"/>
<String CONTENT="ed." HEIGHT="54" WIDTH="84" VPOS="2390" HPOS="1574"/>
<SP HEIGHT="11" WIDTH="29" VPOS="2433" HPOS="1659"/>
<String CS="1" CONTENT="&#8230;"/>
<SP HEIGHT="54" WIDTH="66" VPOS="2388" HPOS="1747"/>
<String CONTENT="Edited" HEIGHT="55" WIDTH="214" VPOS="2388" HPOS="1814"/>
<SP HEIGHT="54" WIDTH="22" VPOS="2389" HPOS="2029"/>
<String CONTENT="by" HEIGHT="70" WIDTH="75" VPOS="2389" HPOS="2052"/>
<SP HEIGHT="71" WIDTH="24" VPOS="2388" HPOS="2128"/>
<String CONTENT="Austin" HEIGHT="56" WIDTH="214" VPOS="2388" HPOS="2153"/>
</TextLine>
<TextLine HEIGHT="70" WIDTH="1998" VPOS="2466" HPOS="365" STYLEREFS="StyleId-4D5D6590-D4D3-433A-9C4A-B1FC4682581C-" LANG="en-US">
<String CONTENT="B." HEIGHT="53" WIDTH="66" VPOS="2469" HPOS="365"/>
<SP HEIGHT="55" WIDTH="33" VPOS="2468" HPOS="432"/>
<String CONTENT="Griffin" HEIGHT="57" WIDTH="203" VPOS="2466" HPOS="466"/>
<SP HEIGHT="34" WIDTH="30" VPOS="2487" HPOS="670"/>
<String CONTENT="and" HEIGHT="53" WIDTH="113" VPOS="2468" HPOS="701"/>
<SP HEIGHT="54" WIDTH="30" VPOS="2467" HPOS="815"/>
<String CONTENT="A." HEIGHT="55" WIDTH="71" VPOS="2467" HPOS="846"/>
<SP HEIGHT="56" WIDTH="31" VPOS="2466" HPOS="918"/>
<String CONTENT="A." HEIGHT="56" WIDTH="72" VPOS="2466" HPOS="950"/>
<SP HEIGHT="55" WIDTH="28" VPOS="2467" HPOS="1023"/>
<String LANG="de" CONTENT="Alles," HEIGHT="69" WIDTH="179" VPOS="2467" HPOS="1052"/>
<SP HEIGHT="69" WIDTH="29" VPOS="2467" HPOS="1232"/>
<String CONTENT="jr.," HEIGHT="69" WIDTH="90" VPOS="2467" HPOS="1262"/>
<SP HEIGHT="49" WIDTH="30" VPOS="2487" HPOS="1353"/>
<String CONTENT="at" HEIGHT="48" WIDTH="59" VPOS="2473" HPOS="1384"/>
<SP HEIGHT="48" WIDTH="30" VPOS="2473" HPOS="1444"/>
<String CONTENT="the" HEIGHT="53" WIDTH="95" VPOS="2468" HPOS="1475"/>
<SP HEIGHT="33" WIDTH="29" VPOS="2487" HPOS="1571"/>
<String CONTENT="request" HEIGHT="61" WIDTH="223" VPOS="2474" HPOS="1601"/>
<SP HEIGHT="48" WIDTH="28" VPOS="2474" HPOS="1825"/>
<String CONTENT="of" HEIGHT="55" WIDTH="64" VPOS="2467" HPOS="1854"/>
<SP HEIGHT="55" WIDTH="31" VPOS="2467" HPOS="1919"/>
<String CONTENT="Col." HEIGHT="55" WIDTH="121" VPOS="2467" HPOS="1951"/>
<SP HEIGHT="54" WIDTH="30" VPOS="2468" HPOS="2073"/>
<String CONTENT="John" HEIGHT="54" WIDTH="158" VPOS="2468" HPOS="2104"/>
<SP HEIGHT="51" WIDTH="31" VPOS="2469" HPOS="2263"/>
<String CONTENT="B." HEIGHT="53" WIDTH="68" VPOS="2469" HPOS="2295"/>
</TextLine>
<TextLine HEIGHT="70" WIDTH="2003" VPOS="2545" HPOS="363" STYLEREFS="StyleId-4D5D6590-D4D3-433A-9C4A-B1FC4682581C-" LANG="en-US" CS="1">
<String CONTENT="Rose" HEIGHT="53" WIDTH="146" VPOS="2547" HPOS="363"/>
<SP HEIGHT="33" WIDTH="35" VPOS="2567" HPOS="510"/>
<String CS="1" CONTENT="&#8230;"/>
<SP HEIGHT="52" WIDTH="78" VPOS="2547" HPOS="602"/>
<String CONTENT="New" HEIGHT="52" WIDTH="140" VPOS="2547" HPOS="681"/>
<SP HEIGHT="52" WIDTH="31" VPOS="2546" HPOS="822"/>
<String CONTENT="York" HEIGHT="53" WIDTH="164" VPOS="2545" HPOS="854"/>
<SP HEIGHT="54" WIDTH="30" VPOS="2545" HPOS="1019"/>
<String CONTENT="city," HEIGHT="70" WIDTH="134" VPOS="2545" HPOS="1050"/>
<SP HEIGHT="68" WIDTH="29" VPOS="2547" HPOS="1185"/>
<String CONTENT="The" HEIGHT="54" WIDTH="121" VPOS="2546" HPOS="1215"/>
<SP HEIGHT="55" WIDTH="30" VPOS="2545" HPOS="1337"/>
<String CONTENT="Association" HEIGHT="55" WIDTH="365" VPOS="2545" HPOS="1368"/>
<SP HEIGHT="53" WIDTH="32" VPOS="2546" HPOS="1734"/>
<String CONTENT="for" HEIGHT="53" WIDTH="93" VPOS="2546" HPOS="1767"/>
<SP HEIGHT="33" WIDTH="30" VPOS="2566" HPOS="1861"/>
<String CONTENT="revision" HEIGHT="54" WIDTH="249" VPOS="2546" HPOS="1892"/>
<SP HEIGHT="35" WIDTH="30" VPOS="2565" HPOS="2142"/>
<String CONTENT="of" HEIGHT="55" WIDTH="65" VPOS="2545" HPOS="2173"/>
<SP HEIGHT="55" WIDTH="28" VPOS="2545" HPOS="2239"/>
<String CONTENT="the" HEIGHT="54" WIDTH="98" VPOS="2547" HPOS="2268"/>
</TextLine>
<TextLine HEIGHT="69" WIDTH="984" VPOS="2624" HPOS="360" STYLEREFS="StyleId-4D5D6590-D4D3-433A-9C4A-B1FC4682581C-" LANG="en-US">
<String CONTENT="New" HEIGHT="55" WIDTH="139" VPOS="2624" HPOS="360"/>
<SP HEIGHT="52" WIDTH="28" VPOS="2625" HPOS="500"/>
<String CONTENT="York" HEIGHT="54" WIDTH="162" VPOS="2624" HPOS="529"/>
<SP HEIGHT="54" WIDTH="26" VPOS="2624" HPOS="692"/>
<String CONTENT="state" HEIGHT="49" WIDTH="146" VPOS="2629" HPOS="719"/>
<SP HEIGHT="53" WIDTH="26" VPOS="2625" HPOS="866"/>
<String CONTENT="lien" HEIGHT="52" WIDTH="114" VPOS="2625" HPOS="893"/>
<SP HEIGHT="51" WIDTH="27" VPOS="2625" HPOS="1008"/>
<String CONTENT="law," HEIGHT="68" WIDTH="127" VPOS="2625" HPOS="1036"/>
<SP HEIGHT="65" WIDTH="29" VPOS="2628" HPOS="1164"/>
<String CONTENT="1929." HEIGHT="52" WIDTH="150" VPOS="2627" HPOS="1194"/>
</TextLine>
<TextLine HEIGHT="49" WIDTH="582" VPOS="2705" HPOS="431" LANG="en-US" CS="1">
<String CONTENT="76" HEIGHT="41" WIDTH="55" VPOS="2706" HPOS="431"/>
<SP HEIGHT="48" WIDTH="25" VPOS="2706" HPOS="487"/>
<String CONTENT="(i." HEIGHT="49" WIDTH="55" VPOS="2705" HPOS="513"/>
<SP HEIGHT="30" WIDTH="30" VPOS="2716" HPOS="569"/>
<String CONTENT="e." HEIGHT="30" WIDTH="38" VPOS="2716" HPOS="600"/>
<SP HEIGHT="41" WIDTH="30" VPOS="2705" HPOS="639"/>
<String CONTENT="80)" HEIGHT="48" WIDTH="80" VPOS="2705" HPOS="670"/>
<SP HEIGHT="49" WIDTH="39" VPOS="2705" HPOS="751"/>
<String CONTENT="p." HEIGHT="38" WIDTH="44" VPOS="2716" HPOS="791"/>
<SP HEIGHT="41" WIDTH="57" VPOS="2705" HPOS="836"/>
<String CS="1" CONTENT="23&#7580;&#7504;." HEIGHT="10" WIDTH="10" VPOS="2737" HPOS="1003"/>
</TextLine>
<TextLine HEIGHT="49" WIDTH="1151" VPOS="2775" HPOS="432" LANG="en-US">
<String CONTENT="Pages" HEIGHT="47" WIDTH="152" VPOS="2777" HPOS="432"/>
<SP HEIGHT="41" WIDTH="30" VPOS="2775" HPOS="585"/>
<String CONTENT="54" HEIGHT="40" WIDTH="55" VPOS="2775" HPOS="616"/>
<SP HEIGHT="38" WIDTH="27" VPOS="2776" HPOS="672"/>
<String CONTENT="and" HEIGHT="39" WIDTH="98" VPOS="2775" HPOS="700"/>
<SP HEIGHT="40" WIDTH="28" VPOS="2775" HPOS="799"/>
<String CONTENT="73" HEIGHT="40" WIDTH="55" VPOS="2775" HPOS="828"/>
<SP HEIGHT="40" WIDTH="27" VPOS="2775" HPOS="884"/>
<String CONTENT="are" HEIGHT="29" WIDTH="84" VPOS="2785" HPOS="912"/>
<SP HEIGHT="29" WIDTH="29" VPOS="2785" HPOS="997"/>
<String CONTENT="numbered" HEIGHT="40" WIDTH="263" VPOS="2775" HPOS="1027"/>
<SP HEIGHT="39" WIDTH="30" VPOS="2775" HPOS="1291"/>
<String CONTENT="as" HEIGHT="30" WIDTH="53" VPOS="2785" HPOS="1322"/>
<SP HEIGHT="39" WIDTH="30" VPOS="2776" HPOS="1376"/>
<String CONTENT="leaves." HEIGHT="40" WIDTH="176" VPOS="2776" HPOS="1407"/>
</TextLine>
<TextLine HEIGHT="49" WIDTH="1929" VPOS="2831" HPOS="432" LANG="en-US">
<String CONTENT="&#8220;The" HEIGHT="39" WIDTH="129" VPOS="2833" HPOS="432"/>
<SP HEIGHT="30" WIDTH="34" VPOS="2842" HPOS="562"/>
<String CONTENT="changes" HEIGHT="46" WIDTH="209" VPOS="2833" HPOS="597"/>
<SP HEIGHT="29" WIDTH="36" VPOS="2842" HPOS="807"/>
<String CONTENT="and" HEIGHT="39" WIDTH="95" VPOS="2832" HPOS="844"/>
<SP HEIGHT="39" WIDTH="37" VPOS="2832" HPOS="940"/>
<String CONTENT="amendments" HEIGHT="40" WIDTH="334" VPOS="2832" HPOS="978"/>
<SP HEIGHT="39" WIDTH="36" VPOS="2833" HPOS="1313"/>
<String CONTENT="to" HEIGHT="39" WIDTH="49" VPOS="2833" HPOS="1350"/>
<SP HEIGHT="37" WIDTH="35" VPOS="2835" HPOS="1400"/>
<String CONTENT="the" HEIGHT="40" WIDTH="83" VPOS="2832" HPOS="1436"/>
<SP HEIGHT="39" WIDTH="35" VPOS="2833" HPOS="1520"/>
<String CONTENT="Mechanics&#8217;" HEIGHT="41" WIDTH="291" VPOS="2831" HPOS="1556"/>
<SP HEIGHT="40" WIDTH="35" VPOS="2831" HPOS="1848"/>
<String CONTENT="lien" HEIGHT="40" WIDTH="99" VPOS="2832" HPOS="1884"/>
<SP HEIGHT="39" WIDTH="30" VPOS="2833" HPOS="1984"/>
<String CONTENT="law," HEIGHT="47" WIDTH="109" VPOS="2833" HPOS="2015"/>
<SP HEIGHT="36" WIDTH="35" VPOS="2844" HPOS="2125"/>
<String CONTENT="enacted" HEIGHT="39" WIDTH="200" VPOS="2835" HPOS="2161"/>
</TextLine>
<TextLine HEIGHT="49" WIDTH="2004" VPOS="2887" HPOS="360" LANG="en-US" CS="1">
<String CONTENT="by" HEIGHT="47" WIDTH="62" VPOS="2889" HPOS="360"/>
<SP HEIGHT="45" WIDTH="26" VPOS="2891" HPOS="423"/>
<String CONTENT="the" HEIGHT="39" WIDTH="82" VPOS="2889" HPOS="450"/>
<SP HEIGHT="40" WIDTH="28" VPOS="2888" HPOS="533"/>
<String CONTENT="Legislature" HEIGHT="49" WIDTH="308" VPOS="2887" HPOS="562"/>
<SP HEIGHT="29" WIDTH="27" VPOS="2898" HPOS="871"/>
<String CONTENT="of" HEIGHT="39" WIDTH="52" VPOS="2888" HPOS="899"/>
<SP HEIGHT="38" WIDTH="27" VPOS="2888" HPOS="952"/>
<String CONTENT="1929," HEIGHT="47" WIDTH="127" VPOS="2887" HPOS="980"/>
<SP HEIGHT="35" WIDTH="30" VPOS="2899" HPOS="1108"/>
<String CONTENT="were" HEIGHT="29" WIDTH="127" VPOS="2898" HPOS="1139"/>
<SP HEIGHT="30" WIDTH="31" VPOS="2898" HPOS="1267"/>
<String CS="1" CONTENT="&#8230;"/>
<SP HEIGHT="41" WIDTH="30" VPOS="2887" HPOS="1346"/>
<String CONTENT="introduced" HEIGHT="41" WIDTH="287" VPOS="2887" HPOS="1377"/>
<SP HEIGHT="39" WIDTH="29" VPOS="2889" HPOS="1665"/>
<String CONTENT="and" HEIGHT="39" WIDTH="96" VPOS="2889" HPOS="1695"/>
<SP HEIGHT="47" WIDTH="29" VPOS="2889" HPOS="1792"/>
<String CONTENT="passed," HEIGHT="47" WIDTH="188" VPOS="2889" HPOS="1822"/>
<SP HEIGHT="35" WIDTH="30" VPOS="2900" HPOS="2011"/>
<String CONTENT="and" HEIGHT="38" WIDTH="97" VPOS="2891" HPOS="2042"/>
<SP HEIGHT="38" WIDTH="30" VPOS="2891" HPOS="2140"/>
<String CONTENT="became" HEIGHT="39" WIDTH="193" VPOS="2891" HPOS="2171"/>
</TextLine>
<TextLine HEIGHT="49" WIDTH="2004" VPOS="2943" HPOS="360" LANG="en-US">
<String CONTENT="chapter" HEIGHT="46" WIDTH="202" VPOS="2946" HPOS="360"/>
<SP HEIGHT="41" WIDTH="32" VPOS="2943" HPOS="563"/>
<String CONTENT="515" HEIGHT="41" WIDTH="84" VPOS="2943" HPOS="596"/>
<SP HEIGHT="41" WIDTH="32" VPOS="2943" HPOS="681"/>
<String CONTENT="of" HEIGHT="40" WIDTH="52" VPOS="2944" HPOS="714"/>
<SP HEIGHT="40" WIDTH="31" VPOS="2944" HPOS="767"/>
<String CONTENT="the" HEIGHT="40" WIDTH="83" VPOS="2944" HPOS="799"/>
<SP HEIGHT="39" WIDTH="29" VPOS="2945" HPOS="883"/>
<String CONTENT="laws" HEIGHT="39" WIDTH="122" VPOS="2945" HPOS="913"/>
<SP HEIGHT="30" WIDTH="31" VPOS="2954" HPOS="1036"/>
<String CONTENT="of" HEIGHT="39" WIDTH="52" VPOS="2944" HPOS="1068"/>
<SP HEIGHT="38" WIDTH="28" VPOS="2944" HPOS="1121"/>
<String CONTENT="1929," HEIGHT="48" WIDTH="128" VPOS="2943" HPOS="1150"/>
<SP HEIGHT="37" WIDTH="32" VPOS="2954" HPOS="1279"/>
<String CONTENT="at" HEIGHT="39" WIDTH="52" VPOS="2945" HPOS="1312"/>
<SP HEIGHT="39" WIDTH="30" VPOS="2945" HPOS="1365"/>
<String CONTENT="the" HEIGHT="39" WIDTH="83" VPOS="2945" HPOS="1396"/>
<SP HEIGHT="29" WIDTH="32" VPOS="2955" HPOS="1480"/>
<String CONTENT="request" HEIGHT="46" WIDTH="195" VPOS="2946" HPOS="1513"/>
<SP HEIGHT="38" WIDTH="31" VPOS="2946" HPOS="1709"/>
<String CONTENT="of" HEIGHT="38" WIDTH="51" VPOS="2946" HPOS="1741"/>
<SP HEIGHT="38" WIDTH="33" VPOS="2946" HPOS="1793"/>
<String CONTENT="the" HEIGHT="39" WIDTH="82" VPOS="2946" HPOS="1827"/>
<SP HEIGHT="40" WIDTH="31" VPOS="2945" HPOS="1910"/>
<String CONTENT="Association" HEIGHT="41" WIDTH="307" VPOS="2945" HPOS="1942"/>
<SP HEIGHT="38" WIDTH="34" VPOS="2947" HPOS="2250"/>
<String CONTENT="for" HEIGHT="40" WIDTH="79" VPOS="2947" HPOS="2285"/>
</TextLine>
<TextLine HEIGHT="42" WIDTH="1148" VPOS="2999" HPOS="362" LANG="en-US">
<String CONTENT="revision" HEIGHT="40" WIDTH="212" VPOS="3000" HPOS="362"/>
<SP HEIGHT="30" WIDTH="24" VPOS="3010" HPOS="575"/>
<String CONTENT="of" HEIGHT="39" WIDTH="51" VPOS="3001" HPOS="600"/>
<SP HEIGHT="39" WIDTH="26" VPOS="3001" HPOS="652"/>
<String CONTENT="the" HEIGHT="40" WIDTH="83" VPOS="3000" HPOS="679"/>
<SP HEIGHT="40" WIDTH="25" VPOS="3000" HPOS="763"/>
<String CONTENT="New" HEIGHT="39" WIDTH="118" VPOS="3000" HPOS="789"/>
<SP HEIGHT="39" WIDTH="24" VPOS="3000" HPOS="908"/>
<String CONTENT="York" HEIGHT="40" WIDTH="132" VPOS="3000" HPOS="933"/>
<SP HEIGHT="40" WIDTH="25" VPOS="3000" HPOS="1066"/>
<String CONTENT="state" HEIGHT="39" WIDTH="128" VPOS="3002" HPOS="1092"/>
<SP HEIGHT="40" WIDTH="24" VPOS="3001" HPOS="1221"/>
<String CONTENT="lien" HEIGHT="41" WIDTH="98" VPOS="2999" HPOS="1246"/>
<SP HEIGHT="38" WIDTH="25" VPOS="3001" HPOS="1345"/>
<String CONTENT="law.&#8221;" HEIGHT="42" WIDTH="139" VPOS="2999" HPOS="1371"/>
</TextLine>
<TextLine HEIGHT="55" WIDTH="1994" VPOS="3066" HPOS="365" LANG="en-US" CS="1">
<String CONTENT="&#169;" HEIGHT="52" WIDTH="52" VPOS="3066" HPOS="365"/>
<SP HEIGHT="52" WIDTH="30" VPOS="3066" HPOS="418"/>
<String CONTENT="May" HEIGHT="47" WIDTH="113" VPOS="3071" HPOS="449"/>
<SP HEIGHT="47" WIDTH="29" VPOS="3071" HPOS="563"/>
<String CONTENT="10," HEIGHT="48" WIDTH="69" VPOS="3070" HPOS="593"/>
<SP HEIGHT="48" WIDTH="29" VPOS="3070" HPOS="663"/>
<String CS="1" CONTENT="1929;" HEIGHT="41" WIDTH="117" VPOS="3069" HPOS="693"/>
<SP HEIGHT="46" WIDTH="31" VPOS="3070" HPOS="837"/>
<String CONTENT="2c." HEIGHT="41" WIDTH="68" VPOS="3070" HPOS="869"/>
<SP HEIGHT="31" WIDTH="30" VPOS="3080" HPOS="938"/>
<String CONTENT="and" HEIGHT="40" WIDTH="98" VPOS="3070" HPOS="969"/>
<SP HEIGHT="40" WIDTH="27" VPOS="3070" HPOS="1068"/>
<String CONTENT="aff." HEIGHT="41" WIDTH="83" VPOS="3069" HPOS="1096"/>
<SP HEIGHT="40" WIDTH="30" VPOS="3070" HPOS="1180"/>
<String CONTENT="May" HEIGHT="47" WIDTH="114" VPOS="3070" HPOS="1211"/>
<SP HEIGHT="47" WIDTH="27" VPOS="3070" HPOS="1326"/>
<String CONTENT="11;" HEIGHT="47" WIDTH="82" VPOS="3070" HPOS="1354"/>
<SP HEIGHT="48" WIDTH="31" VPOS="3069" HPOS="1437"/>
<!-- cceid 984AD52F-6CFA-1014-9C3C-CEA95E7AA542 --><String CONTENT="A" HEIGHT="39" WIDTH="42" VPOS="3069" HPOS="1469"/>
<SP HEIGHT="41" WIDTH="28" VPOS="3069" HPOS="1512"/>
<String CONTENT="9058;" HEIGHT="47" WIDTH="141" VPOS="3070" HPOS="1541"/>
<SP HEIGHT="45" WIDTH="33" VPOS="3072" HPOS="1683"/>
<String CONTENT="Matthew" HEIGHT="41" WIDTH="237" VPOS="3071" HPOS="1717"/>
<SP HEIGHT="39" WIDTH="30" VPOS="3073" HPOS="1955"/>
<String CONTENT="Bender" HEIGHT="40" WIDTH="190" VPOS="3073" HPOS="1986"/>
<SP HEIGHT="40" WIDTH="31" VPOS="3074" HPOS="2177"/>
<String CONTENT="&amp;" HEIGHT="40" WIDTH="36" VPOS="3074" HPOS="2209"/>
<SP HEIGHT="40" WIDTH="31" VPOS="3074" HPOS="2246"/>
<String CONTENT="co.," HEIGHT="37" WIDTH="81" VPOS="3084" HPOS="2278"/>
</TextLine>
<TextLine HEIGHT="51" WIDTH="441" VPOS="3124" HPOS="432" LANG="en-US">
<String CONTENT="inc." HEIGHT="40" WIDTH="91" VPOS="3126" HPOS="432"/>
<SP HEIGHT="48" WIDTH="66" VPOS="3127" HPOS="524"/>
<String CONTENT="(29-11126)" HEIGHT="51" WIDTH="282" VPOS="3124" HPOS="591"/>
</TextLine>
<TextLine HEIGHT="64" WIDTH="817" VPOS="3219" HPOS="366" STYLEREFS="StyleId-176A3C3C-8BA4-488E-80A9-5A4E708AB64D-" LANG="en-US">
<String CONTENT="Grimes," HEIGHT="64" WIDTH="250" VPOS="3219" HPOS="366"/>
<SP HEIGHT="63" WIDTH="33" VPOS="3220" HPOS="617"/>
<String CONTENT="Edward" HEIGHT="53" WIDTH="254" VPOS="3219" HPOS="651"/>
<SP HEIGHT="53" WIDTH="31" VPOS="3219" HPOS="906"/>
<String CONTENT="Breene." HEIGHT="55" WIDTH="245" VPOS="3219" HPOS="938"/>
</TextLine>
<TextLine HEIGHT="71" WIDTH="1867" VPOS="3295" HPOS="431" STYLEREFS="StyleId-4D5D6590-D4D3-433A-9C4A-B1FC4682581C-" LANG="en-US" CS="1">
<String CONTENT="Poems" HEIGHT="52" WIDTH="204" VPOS="3297" HPOS="431"/>
<SP HEIGHT="54" WIDTH="41" VPOS="3295" HPOS="636"/>
<String CONTENT="for" HEIGHT="54" WIDTH="94" VPOS="3295" HPOS="678"/>
<SP HEIGHT="34" WIDTH="41" VPOS="3315" HPOS="773"/>
<String CONTENT="all" HEIGHT="52" WIDTH="77" VPOS="3297" HPOS="815"/>
<SP HEIGHT="51" WIDTH="40" VPOS="3297" HPOS="893"/>
<String CONTENT="the" HEIGHT="52" WIDTH="96" VPOS="3297" HPOS="934"/>
<SP HEIGHT="54" WIDTH="41" VPOS="3295" HPOS="1031"/>
<String CONTENT="family," HEIGHT="71" WIDTH="225" VPOS="3295" HPOS="1073"/>
<SP HEIGHT="67" WIDTH="40" VPOS="3297" HPOS="1299"/>
<String CONTENT="by" HEIGHT="69" WIDTH="76" VPOS="3297" HPOS="1340"/>
<SP HEIGHT="68" WIDTH="43" VPOS="3298" HPOS="1417"/>
<String CONTENT="Edward" HEIGHT="54" WIDTH="254" VPOS="3298" HPOS="1461"/>
<SP HEIGHT="53" WIDTH="43" VPOS="3299" HPOS="1716"/>
<String CONTENT="Breene" HEIGHT="53" WIDTH="217" VPOS="3300" HPOS="1760"/>
<SP HEIGHT="55" WIDTH="44" VPOS="3300" HPOS="1978"/>
<String CONTENT="Grimes" HEIGHT="55" WIDTH="227" VPOS="3300" HPOS="2023"/>
<SP HEIGHT="34" WIDTH="47" VPOS="3320" HPOS="2251"/>
<String CS="1" CONTENT="&#8230;"/>
</TextLine>
<TextLine HEIGHT="76" WIDTH="1993" VPOS="3372" HPOS="367" STYLEREFS="StyleId-4D5D6590-D4D3-433A-9C4A-B1FC4682581C-" LANG="en-US">
<String CONTENT="[Greenfield," HEIGHT="68" WIDTH="359" VPOS="3373" HPOS="367"/>
<SP HEIGHT="68" WIDTH="50" VPOS="3373" HPOS="727"/>
<String CONTENT="O.," HEIGHT="68" WIDTH="87" VPOS="3373" HPOS="778"/>
<SP HEIGHT="66" WIDTH="47" VPOS="3375" HPOS="866"/>
<String CONTENT="The" HEIGHT="53" WIDTH="122" VPOS="3374" HPOS="914"/>
<SP HEIGHT="56" WIDTH="49" VPOS="3372" HPOS="1037"/>
<String CONTENT="Greenfield" HEIGHT="56" WIDTH="323" VPOS="3372" HPOS="1087"/>
<SP HEIGHT="68" WIDTH="52" VPOS="3375" HPOS="1411"/>
<String CONTENT="printing" HEIGHT="69" WIDTH="264" VPOS="3376" HPOS="1464"/>
<SP HEIGHT="67" WIDTH="47" VPOS="3378" HPOS="1729"/>
<String CONTENT="&amp;" HEIGHT="52" WIDTH="47" VPOS="3378" HPOS="1777"/>
<SP HEIGHT="68" WIDTH="48" VPOS="3378" HPOS="1825"/>
<String CONTENT="publishing" HEIGHT="71" WIDTH="337" VPOS="3377" HPOS="1874"/>
<SP HEIGHT="51" WIDTH="49" VPOS="3397" HPOS="2212"/>
<String CONTENT="co.," HEIGHT="49" WIDTH="98" VPOS="3398" HPOS="2262"/>
</TextLine>
<TextLine HEIGHT="64" WIDTH="118" VPOS="3454" HPOS="417" STYLEREFS="StyleId-4D5D6590-D4D3-433A-9C4A-B1FC4682581C-" LANG="en-US" CS="1">
<String STYLE="superscript" CS="1" CONTENT="&#7580;1"/>
<String CONTENT="929]" HEIGHT="64" WIDTH="118" VPOS="3454" HPOS="417"/>
</TextLine>
<TextLine HEIGHT="50" WIDTH="659" VPOS="3532" HPOS="430" LANG="en-US" CS="1">
<String CONTENT="225," HEIGHT="48" WIDTH="98" VPOS="3532" HPOS="430"/>
<SP HEIGHT="30" WIDTH="35" VPOS="3552" HPOS="529"/>
<String CONTENT="[1]" HEIGHT="48" WIDTH="55" VPOS="3534" HPOS="565"/>
<SP HEIGHT="38" WIDTH="33" VPOS="3544" HPOS="621"/>
<String CONTENT="p." HEIGHT="36" WIDTH="44" VPOS="3544" HPOS="655"/>
<SP HEIGHT="36" WIDTH="58" VPOS="3544" HPOS="700"/>
<String CONTENT="port." HEIGHT="45" WIDTH="124" VPOS="3535" HPOS="759"/>
<SP HEIGHT="39" WIDTH="58" VPOS="3534" HPOS="884"/>
<String CS="1" CONTENT="18&#189;&#7580;&#7504;." HEIGHT="41" WIDTH="146" VPOS="3533" HPOS="943"/>
</TextLine>
<TextLine HEIGHT="57" WIDTH="1992" VPOS="3600" HPOS="365" LANG="en-US" CS="1">
<String CONTENT="&#169;" HEIGHT="52" WIDTH="52" VPOS="3600" HPOS="365"/>
<SP HEIGHT="52" WIDTH="25" VPOS="3600" HPOS="418"/>
<String CONTENT="May" HEIGHT="47" WIDTH="114" VPOS="3605" HPOS="444"/>
<SP HEIGHT="46" WIDTH="24" VPOS="3606" HPOS="559"/>
<String CONTENT="10," HEIGHT="46" WIDTH="68" VPOS="3604" HPOS="584"/>
<SP HEIGHT="45" WIDTH="26" VPOS="3605" HPOS="653"/>
<String CS="1" CONTENT="1929;" HEIGHT="39" WIDTH="115" VPOS="3605" HPOS="680"/>
<SP HEIGHT="47" WIDTH="27" VPOS="3605" HPOS="822"/>
<String CONTENT="2c." HEIGHT="40" WIDTH="68" VPOS="3605" HPOS="850"/>
<SP HEIGHT="29" WIDTH="24" VPOS="3616" HPOS="919"/>
<String CONTENT="and" HEIGHT="38" WIDTH="97" VPOS="3607" HPOS="944"/>
<SP HEIGHT="38" WIDTH="24" VPOS="3607" HPOS="1042"/>
<String CONTENT="aff." HEIGHT="41" WIDTH="81" VPOS="3605" HPOS="1067"/>
<SP HEIGHT="39" WIDTH="27" VPOS="3607" HPOS="1149"/>
<String CONTENT="May" HEIGHT="47" WIDTH="114" VPOS="3607" HPOS="1177"/>
<SP HEIGHT="48" WIDTH="23" VPOS="3606" HPOS="1292"/>
<String CONTENT="15;" HEIGHT="48" WIDTH="82" VPOS="3606" HPOS="1316"/>
<SP HEIGHT="48" WIDTH="27" VPOS="3606" HPOS="1399"/>
<!-- cceid 984BB2DB-6CFA-1014-9C3C-CEA95E7AA542 --><String CONTENT="A" HEIGHT="39" WIDTH="42" VPOS="3606" HPOS="1427"/>
<SP HEIGHT="41" WIDTH="24" VPOS="3606" HPOS="1470"/>
<String CONTENT="8118;" HEIGHT="48" WIDTH="140" VPOS="3607" HPOS="1495"/>
<SP HEIGHT="46" WIDTH="29" VPOS="3609" HPOS="1636"/>
<String CONTENT="E." HEIGHT="40" WIDTH="54" VPOS="3609" HPOS="1666"/>
<SP HEIGHT="40" WIDTH="26" VPOS="3609" HPOS="1721"/>
<String CONTENT="B." HEIGHT="40" WIDTH="54" VPOS="3609" HPOS="1748"/>
<SP HEIGHT="41" WIDTH="29" VPOS="3608" HPOS="1803"/>
<String CONTENT="Grimes," HEIGHT="49" WIDTH="201" VPOS="3608" HPOS="1833"/>
<SP HEIGHT="48" WIDTH="29" VPOS="3609" HPOS="2035"/>
<String CONTENT="Dayton," HEIGHT="47" WIDTH="209" VPOS="3609" HPOS="2065"/>
<SP HEIGHT="46" WIDTH="29" VPOS="3610" HPOS="2275"/>
<String CONTENT="O." HEIGHT="40" WIDTH="52" VPOS="3610" HPOS="2305"/>
</TextLine>
<TextLine HEIGHT="51" WIDTH="281" VPOS="3659" HPOS="442" LANG="en-US">
<String CONTENT="(29-11230)" HEIGHT="51" WIDTH="281" VPOS="3659" HPOS="442"/>
</TextLine>
<TextLine HEIGHT="66" WIDTH="1115" VPOS="3753" HPOS="362" STYLEREFS="StyleId-821AD036-DCB0-4E0F-BC3E-E8ECB7E1A98E-" LANG="en-US">
<String CONTENT="Hellwig," HEIGHT="64" WIDTH="268" VPOS="3753" HPOS="362"/>
<SP HEIGHT="63" WIDTH="28" VPOS="3754" HPOS="631"/>
<String CONTENT="Albert" HEIGHT="54" WIDTH="211" VPOS="3754" HPOS="660"/>
<SP HEIGHT="52" WIDTH="28" VPOS="3756" HPOS="872"/>
<String CONTENT="Ernst" HEIGHT="52" WIDTH="184" VPOS="3756" HPOS="901"/>
<SP HEIGHT="51" WIDTH="28" VPOS="3757" HPOS="1086"/>
<String CONTENT="Max," HEIGHT="62" WIDTH="158" VPOS="3757" HPOS="1115"/>
<SP HEIGHT="57" WIDTH="33" VPOS="3762" HPOS="1274"/>
<String CONTENT="1880-" HEIGHT="50" WIDTH="169" VPOS="3762" HPOS="1308"/>
</TextLine>
<TextLine HEIGHT="134" WIDTH="1975" VPOS="3828" HPOS="358" STYLEREFS="StyleId-821AD036-DCB0-4E0F-BC3E-E8ECB7E1A98E-" LANG="de" CS="1">
<String CONTENT="Okkultismus" HEIGHT="56" WIDTH="400" VPOS="3828" HPOS="431"/>
<SP HEIGHT="33" WIDTH="29" VPOS="3851" HPOS="832"/>
<String CONTENT="und" HEIGHT="52" WIDTH="117" VPOS="3833" HPOS="862"/>
<SP HEIGHT="52" WIDTH="29" VPOS="3833" HPOS="980"/>
<String CONTENT="verbrechen," HEIGHT="68" WIDTH="359" VPOS="3832" HPOS="1010"/>
<SP HEIGHT="46" WIDTH="30" VPOS="3854" HPOS="1370"/>
<String CONTENT="eine" HEIGHT="53" WIDTH="121" VPOS="3834" HPOS="1401"/>
<SP HEIGHT="35" WIDTH="31" VPOS="3853" HPOS="1523"/>
<String CONTENT="einf&#252;hrung" HEIGHT="72" WIDTH="357" VPOS="3834" HPOS="1555"/>
<SP HEIGHT="70" WIDTH="29" VPOS="3836" HPOS="1913"/>
<String CONTENT="in" HEIGHT="53" WIDTH="61" VPOS="3836" HPOS="1943"/>
<SP HEIGHT="52" WIDTH="29" VPOS="3838" HPOS="2005"/>
<String CONTENT="die" HEIGHT="54" WIDTH="92" VPOS="3836" HPOS="2035"/>
<SP HEIGHT="53" WIDTH="28" VPOS="3837" HPOS="2128"/>
<String CONTENT="kriminalistischen" HEIGHT="125" WIDTH="1975" VPOS="3837" HPOS="358"/>
</TextLine>
<TextLine HEIGHT="75" WIDTH="1564" VPOS="3909" HPOS="792" STYLEREFS="StyleId-821AD036-DCB0-4E0F-BC3E-E8ECB7E1A98E-" LANG="de" CS="1">
<String CONTENT="probleme" HEIGHT="69" WIDTH="288" VPOS="3909" HPOS="792"/>
<SP HEIGHT="53" WIDTH="62" VPOS="3911" HPOS="1081"/>
<String CONTENT="des" HEIGHT="53" WIDTH="96" VPOS="3911" HPOS="1144"/>
<SP HEIGHT="35" WIDTH="61" VPOS="3929" HPOS="1241"/>
<String CS="1" CONTENT="okkultismus" HEIGHT="56" WIDTH="346" VPOS="3911" HPOS="1337"/>
<SP HEIGHT="53" WIDTH="63" VPOS="3914" HPOS="1684"/>
<String CONTENT="f&#252;r" HEIGHT="53" WIDTH="99" VPOS="3914" HPOS="1748"/>
<SP HEIGHT="50" WIDTH="61" VPOS="3933" HPOS="1848"/>
<String CONTENT="polizeibeamte," HEIGHT="70" WIDTH="446" VPOS="3914" HPOS="1910"/>
</TextLine>
</TextBlock>
</PrintSpace>
</Page>
</Layout>
</alto>