2582 4377
1417 4081 67 54 70

427 514 160 71 eight
623 515 302 53 thousand.
999 514 140 53 New
1179 514 180 68 York,
1397 514 57 55 J.
1492 513 193 71 Wiley
1723 515 46 52 &
1806 532 148 51 sons,
1991 514 138 69 inc.;
2171 515 260 69 London,

427 592 302 69 Chapman
757 592 46 52 &
831 591 160 69 Hall,
1021 591 242 68 limited,
1296 594 152 51 1929.

532 673 725 52 x, 399 p. illus., diagrs. 24 ᶜᵐ.
429 742 53 53 ©
511 746 109 40 Jan.
647 745 69 48 19,
743 744 115 41 1929;
915 743 66 43 2c.
1009 745 96 40 and
1132 744 82 41 aff.
1243 745 110 40 Jan.
1380 745 55 40 23;
1493 744 42 39 A
1560 742 142 49 3859;
1731 744 56 41 A.
1815 745 52 40 P.
1896 745 215 50 Folwell,
2139 746 118 41 New
2284 746 146 42 York.

507 801 251 51 (29-2384)

423 896 240 63 Forbes,
704 896 278 54 Clarence
1021 894 189 56 Allen.

559 971 1874 74 … Greek physical education, by Clarence A. Forbes … New
433 1048 1354 72 York and London, The Century co. [ ᶜ19 29 ]
500 1129 1643 53 vii, 300 p. 20½ ᶜᵐ. (The Century education series) $2.25
501 1201 378 50 Bibliography:
912 1213 43 38 p.
986 1201 218 42 271-287.

432 1269 53 53 ©
513 1274 111 40 Jan.
652 1273 38 48 9,
718 1273 115 40 1929;
889 1273 68 41 2c.
985 1274 96 40 and
1109 1273 83 42 aff.
1221 1273 110 41 Jan.
1359 1274 54 40 17;
1472 1274 42 39 A
1539 1272 116 43 2878;
1714 1275 215 49 Century
1957 1287 68 30 co.

510 1330 252 49 (29-2361)

427 1423 188 65 Funk,
652 1425 261 53 Frances
948 1425 185 54 Ellen.

502 1501 290 69 Playtime
830 1501 184 54 round
1054 1502 99 52 the
1188 1503 201 67 world,
1425 1502 78 70 by
1540 1503 248 54 Frances
1829 1505 168 53 Ellen
2038 1506 199 68 Funk;
433 1505 1979 131 illustrated
648 1580 75 69 by

432 1578 1981 150 Eleanore Mineah Hubbard. Chicago, Albert Whitman co. [ ᶜ19 28]
505 1738 1793 57 160 p. incl. col. front., illus. (part col.) 21 ᶜᵐ. [Just right books]
435 1806 51 54 ©
521 1810 102 42 Oct.
655 1811 68 48 13,
757 1810 117 41 1928;
932 1809 67 44 2c.
1032 1811 113 41 Dec.
1175 1810 56 41 29;
1295 1811 82 42 aff.
1409 1812 111 42 Jan.
1553 1812 69 50 18,
1656 1814 114 41 1929;
1831 1815 42 39 A
1904 1815 116 40 2942;
2083 1817 170 41 Albert
502 1815 1919 95 Whitman
645 1867 37 40 &
712 1878 68 30 co.
848 1866 252 51 (29-2362)

440 1962 246 64 Gerard,
716 1962 234 55 Louise.

501 2040 207 54 Winds
741 2039 65 53 of
839 2039 198 55 desire.
1114 2041 390 66 [Instalments
1543 2046 82 65 11,
1661 2046 82 65 12]

512 2124 83 49 (In
629 2118 202 45 London
865 2118 206 55 People)

436 2188 2002 60 © 1c. each Feb. 12, 1929; A ad int. 12323; pubd. Dec. 16, 23, 1928;
504 2250 51 42 L.
588 2250 201 49 Gerard,
820 2249 213 44 London.

437 2345 292 65 Glasgow,
759 2345 238 55 Samuel
1026 2346 404 66 McPheeters,
1461 2353 173 50 1883-

569 2422 1876 76 … The general epistles; studies in the letters of James,
436 2500 1947 77 Peter, John, and Jude, by Samuel McPheeters Glasgow …
437 2578 2003 77 New York, Chicago [etc.] Fleming H. Revell company [ ᶜ19 28]
508 2662 86 41 169
622 2673 44 38 p.
726 2662 147 42 19½ᶜᵐ.

507 2733 64 40 At
597 2732 125 41 head
752 2732 51 41 of
830 2733 108 40 title:
996 2733 141 40 Brief
1165 2733 123 40 book
1315 2734 201 41 studies.

440 2785 55 53 ©
520 2790 113 40 Jan.
658 2790 71 47 12,
756 2789 143 47 1929;
927 2789 70 42 2c.
1024 2791 98 39 and
1148 2789 85 41 aff.
1261 2790 112 41 Jan.
1400 2789 83 49 19;
1512 2790 44 40 A
1579 2791 145 48 2916;
1756 2792 223 50 Fleming
2005 2795 61 39 H.
2096 2795 168 41 Revell
2293 2807 70 30 co.

519 2845 252 50 (29-2492)

440 2942 360 64 Goodspeed,
836 2941 260 54 Thömas
1133 2942 340 65 Wakefield,
1514 2944 328 56 1842-1927.

511 3019 262 54 William
798 3018 222 70 Rainey
1048 3019 253 69 Harper,
1326 3019 126 54 first
1479 3020 294 70 president
1798 3022 65 53 of
1889 3023 96 53 the
2014 3024 338 71 University
2382 3026 65 53 of

442 3095 271 71 Chicago,
735 3096 77 70 by
836 3097 250 54 Thomas
1108 3096 319 55 Wakefield
1455 3097 356 70 Goodspeed.
1888 3099 271 72 Chicago,
2185 3101 115 71 Ill.,
2324 3104 123 54 The

441 3174 339 69 University
813 3173 65 54 of
913 3173 254 71 Chicago
1198 3193 159 50 press
1397 3178 173 65 [1928]

512 3254 1079 52 xi, 241, [1] p. front., plates, ports. 20 ᶜᵐ.
514 3312 279 48 Completed
823 3313 96 39 and
951 3311 190 42 revised
1173 3312 133 41 after
1336 3314 82 40 the
1450 3314 220 43 author’s
1702 3316 149 40 death
1881 3317 61 48 by
1974 3317 77 41 his
2084 3328 126 39 sons,
2245 3319 204 43 Charles

444 3370 53 40 T.
524 3370 54 38 B.
608 3369 282 48 Goodspeed
918 3370 96 40 and
1044 3370 164 47 Edgar
1236 3370 44 41 J.
1310 3369 296 50 Goodspeed.
1667 3373 61 49 cf.
1758 3373 132 41 Pref.

514 3425 192 41 “Books
729 3426 94 39 and
849 3424 199 43 articles
1070 3426 62 48 by
1156 3426 217 41 William
1397 3426 189 49 Rainey
1609 3428 225 48 Harper”:
1889 3440 44 38 p.
1959 3430 218 43 225-235.

445 3478 54 54 ©
533 3482 102 42 Oct.
667 3484 38 47 1,
740 3482 141 48 1928;
915 3483 69 42 2c.
1017 3484 111 40 Jan.
1159 3483 72 49 21,
1265 3484 142 47 1929;
1443 3484 83 42 aff.
1560 3485 110 41 Jan.
1705 3487 82 47 14;
1824 3488 42 39 A
1898 3487 142 49 2983;
2078 3489 284 50 University
2397 3492 53 40 of

516 3539 224 50 Chicago,
775 3539 224 51 Chicago.
1071 3540 252 50 (29-2352)

445 3634 575 65 Granville-Barker,
1049 3636 224 64 Harley
1305 3636 318 67 Granville,
1654 3638 173 56 1877-

513 3712 112 53 His
672 3711 270 69 Majesty,
989 3732 31 34 a
1068 3713 138 68 play
1254 3714 60 52 in
1363 3713 135 54 four
1546 3720 135 63 acts,
1729 3716 76 69 by
1851 3717 223 69 Harley
2123 3717 323 57 Granville-

446 3790 238 52 Barker.
749 3790 235 67 Boston,
1011 3791 197 68 Little,
1237 3793 230 67 Brown,
1498 3793 113 54 and
1640 3811 299 53 company,
1971 3798 151 50 1929.

515 3871 559 50 3 p. l., [3]-127 p. 19½ᶜᵐ.
449 3924 52 54 ©
529 3929 110 39 Jan.
667 3928 41 47 2,
737 3927 141 48 1929;
910 3927 66 41 2c.
1006 3930 96 39 and
1131 3929 81 40 aff.
1243 3930 110 41 Jan.
1384 3930 52 47 8;
1467 3931 42 39 A
1536 3930 144 51 2845;
1712 3933 60 41 H.
1804 3932 473 51 Granville-Barker,
517 3932 1914 103 Calyton,
647 3984 317 48 Devonshire,
997 3986 237 47 England.
1305 3987 252 50 (29-2145)
