2561 4405
1148 4059 68 59 77

250 467 568 53 vi p., 1 l., 328 p. 19½ᶜᵐ.
253 530 38 38 A
319 526 286 49 companion
633 527 194 38 volume
852 527 49 38 to
930 525 82 39 the
1041 522 219 42 author’s
1287 523 101 40 The
1415 521 195 41 world’s
1639 520 547 41 unrest.—Publisher’s

182 585 398 41 announcement.

252 641 161 39 “First
443 639 228 41 edition.”

185 695 52 52 ©
264 699 109 39 Jan.
400 698 68 46 17,
497 696 140 47 1929;
666 696 68 40 2c.
763 695 110 41 Jan.
901 694 83 48 16;
1011 693 84 41 aff.
1123 694 111 40 Jan.
1262 693 83 46 19;
1374 692 42 40 A
1443 692 141 47 2913;
1615 692 195 47 Harper
1838 691 37 40 &
1901 691 126 40 bros.

261 753 251 51 (29-2495)

184 821 206 63 Perry,
422 819 233 52 Arthur
687 816 173 56 Cecil.

250 897 307 53 American
595 896 239 68 history.
909 895 73 52 2d
1020 894 90 53 bk.
1198 892 163 70 (1763
1401 899 58 47 to
1497 893 97 53 the
1632 898 229 63 present
1900 891 165 70 time)
2113 892 78 68 by

181 971 2006 73 Arthur C. Perry … and Gertrude A. Price … Rev. & enl.
180 1051 1835 70 New York, Boston [etc. ] American book company [ ᶜ19 29 ]
251 1138 60 48 vi,
341 1138 84 40 372
455 1148 42 37 p.
556 1137 86 40 col.
672 1136 165 48 front.,
866 1135 144 48 illus.,
1041 1135 88 40 col.
1159 1135 172 47 plates,
1361 1145 151 37 maps,
1542 1133 219 42 facsims.
1821 1133 55 40 18½ᶜᵐ.

185 1190 51 52 ©
267 1195 110 39 Jan.
409 1193 38 43 5,
478 1193 141 47 1929;
651 1194 68 40 2c.
751 1193 96 39 and
878 1192 82 40 aff.
993 1192 111 40 Jan.
1135 1192 54 46 8;
1223 1192 40 39 A
1293 1191 116 41 2707;
1469 1190 55 42 A.
1558 1190 49 42 C.
1639 1191 167 47 Perry,
1839 1191 76 48 jr.,
1947 1191 96 39 and
253 1191 1918 101 Gertrude

424 1251 54 39 A.
508 1250 153 47 Price,
692 1249 263 48 Brooklyn.

179 1316 266 64 Phillips,
478 1316 218 54 Claude
727 1315 332 64 Anderson,
1095 1315 173 55 1871-

313 1392 1876 68 … The universal speller, complete, by Claude Anderson
180 1470 2012 70 Phillips … and Martha Mayfield Powell … Boston, New
183 1549 1444 63 York [etc.] Houghton Mifflin company [ ᶜ19 29]
317 1584 525 101 xv, [1] 143, [1] p 19ᶜᵐ
184 1688 52 52 ©
267 1692 110 40 Jan.
408 1691 38 46 8,
478 1689 142 45 1929;
651 1692 68 39 2c.
751 1691 96 39 and
878 1690 72 40 aff.
993 1690 110 40 Jan.
1134 1690 83 47 11;
1250 1690 42 40 A
1321 1690 143 47 3654;
1498 1689 50 42 C.
1579 1690 55 41 A.
1666 1690 222 50 Phillips,
1922 1690 267 49 Columbia,

252 1750 106 39 Mo.,
387 1749 96 39 and
513 1748 192 40 Martha
738 1747 229 47 Mayfield
995 1748 195 46 Powell,
1223 1747 106 41 Salt
1358 1747 132 42 Lake
1519 1747 125 48 City.

262 1804 274 48 (29-2055).

179 1872 176 64 Pray,
388 1871 216 64 Sophie
639 1871 298 65 Augusta.

250 1949 329 53 Directions
627 1948 94 53 for
768 1949 96 53 the
914 1949 339 68 production
1305 1948 65 55 of
1417 1949 245 70 English
1710 1956 360 62 consonants,
2116 1951 79 70 by

183 2026 1362 70 Sophie A. Pray. [Brooklyn, N. Y., ᶜ19 29]
250 2110 246 49 15 p. 19 ᶜᵐ.
249 2168 120 41 This
410 2169 250 47 pamphlet
701 2168 43 40 is
785 2168 257 48 published
1082 2168 168 41 before
1292 2169 83 40 the
1416 2168 301 48 publication
1759 2169 53 41 of
1851 2171 83 39 the
1973 2170 125 41 book
2139 2170 53 41 of

178 2224 159 41 which
366 2225 39 40 it
434 2224 41 40 is
505 2226 48 40 to
581 2225 127 40 form
739 2236 29 29 a
796 2227 126 46 part.

184 2277 52 53 ©
272 2283 110 40 Jan.
419 2283 67 47 17,
524 2282 140 46 1929;
701 2282 67 41 2c.
805 2281 110 41 Jan.
951 2282 84 47 21;
1072 2281 83 42 aff.
1192 2282 110 41 Jan.
1339 2282 82 48 19;
1459 2282 43 39 A
1535 2282 143 43 2948:
1719 2282 45 42 S.
1801 2283 54 40 A.
1893 2284 143 46 Pray,
2074 2284 118 41 New

249 2340 145 39 York.
464 2339 252 50 (29-2435)

179 2406 222 53 Punch,
478 2426 51 34 v.
562 2406 116 61 176,
705 2427 89 33 no.
824 2409 154 66 4566,
1008 2408 133 53 Jan.
1171 2411 48 53 9,
1253 2410 150 50 1929.

185 2484 2005 54 © 1c. Feb. 1, 1929; A ad int. 12282; pubd. Jan. 9; Herbert Heather,
251 2545 213 41 London.

182 2611 208 62 Rayon
429 2631 136 47 year
601 2612 162 54 book.
845 2616 237 57 1928/29
1122 2633 84 34 ed.
1283 2613 301 69 Compiled
1623 2617 112 51 and
1774 2616 300 68 published
2114 2617 78 67 by

249 2690 226 52 Textile
522 2691 197 52 world.
806 2691 139 53 New
996 2691 181 53 York.
1228 2693 296 68 Bragdon,
1572 2693 156 53 Lord
1779 2696 45 50 &
1875 2694 183 70 Nagle
2110 2713 79 35 co.

361 2772 84 63 [ ᶜ19 28]
250 2851 960 51 236 p. illus., diagrs. (1 fold.) 24 ᶜᵐ.
249 2907 235 41 Contains
517 2909 287 46 “Directory
833 2910 53 40 of
915 2920 152 38 rayon
1098 2921 121 37 yarn
1252 2911 308 47 producers”.

183 2960 52 53 ©
262 2965 118 42 Nov.
406 2967 70 46 27,
503 2965 142 43 1928:
674 2967 68 40 2c.
770 2967 112 42 Dec.
911 2967 53 49 6;
993 2967 83 43 aff.
1104 2968 111 41 Jan.
1243 2970 39 42 7,
1311 2968 143 49 1929;
1484 2968 39 41 A
1552 2969 142 48 2889;
1725 2971 243 45 Bragdon,
1998 2971 128 41 Lord
2156 2971 36 42 &

248 3023 154 48 Nagle
427 3034 67 30 co.
561 3024 252 48 (29-2110)

176 3088 177 63 Reed,
395 3090 250 53 Everett
685 3091 220 54 Lenox.

248 3166 1880 73 Photomicrographs of iron and steel, by Everett L. Reed …
179 3242 2011 79 with a foreword by Dr. Albert Sauveur … New York,
180 3321 54 53 J.
261 3322 190 69 Wiley
477 3325 46 50 &
548 3342 147 39 sons,
723 3324 136 66 inc.;
888 3325 259 57 London,
1177 3325 303 70 Chapman
1506 3330 46 50 &
1576 3328 161 68 Hall,
1765 3329 242 58 limited,
2037 3334 148 50 1929.

246 3406 1185 49 2 p. l., iii-xx. 253 p. illus., diagrs. 23½ᶜᵐ.
247 3462 151 41 Table
426 3474 59 29 on
515 3463 137 41 front
682 3464 340 49 lining-paper.

247 3518 235 41 Contains
518 3520 366 42 “References”.

180 3570 51 53 ©
257 3575 109 41 Jan.
391 3576 39 44 7,
455 3575 115 42 1929;
622 3578 68 40 2c.
715 3577 110 41 Jan.
851 3578 82 42 16;
961 3578 82 41 aff.
1069 3579 110 40 Jan.
1205 3580 83 41 14:
1316 3579 39 40 A
1380 3580 142 47 3777;
1551 3582 53 39 E.
1630 3582 51 40 L.
1708 3582 145 48 Reed,
1881 3582 303 50 Cambridge,

249 3632 147 42 Mass.
467 3633 251 49 (29-2112)

178 3697 187 65 Rhys,
397 3700 238 56 Ernest,
668 3705 170 49 1859-
1021 3703 84 54 ed.

245 3778 66 50 26
352 3777 313 54 adventure
703 3779 219 68 stories,
962 3781 95 53 old
1099 3782 113 52 and
1252 3801 142 49 new,
1432 3783 78 69 by
1546 3789 218 64 twenty
1806 3785 112 53 and
1959 3785 89 54 six
173 3804 1987 117 authors,
385 3856 187 53 edited
606 3857 75 63 by
715 3857 211 54 Ernest
959 3859 162 69 Rhys
1157 3862 111 52 and
1307 3859 62 56 C.
1405 3862 70 52 A.
1511 3861 460 60 Dawson-Scott.
2043 3863 140 58 New

174 3931 179 61 York,
387 3934 72 53 D.
493 3935 294 69 Appleton
824 3939 112 52 and
971 3956 300 52 company,
1307 3942 151 52 1929.
