2542 4389
1072 4020 133 50 1311

186 434 85 40 221
296 444 43 38 p.
399 433 146 41 24½ᶜᵐ.

191 503 127 41 “The
346 503 336 41 observations
710 515 125 29 were
864 504 140 40 made
1033 503 172 40 within
1237 505 81 38 ten
1347 502 141 40 miles
1517 502 51 41 of
1598 501 523 42 Carlinville.”—Pref.

191 560 245 40 “Flowers
461 561 94 39 and
579 559 181 41 insects
783 569 177 39 papers
985 559 156 41 cited”:
1204 570 44 37 p.
1274 558 99 41 221.

125 627 52 52 ©
206 632 127 39 June
360 633 68 40 28.
459 631 140 46 1929;
630 631 68 40 2c.
728 632 114 46 May
870 631 52 43 9;
954 630 82 40 aff.
1067 630 118 46 Aug.
1216 631 81 45 17;
1330 630 41 39 A
1401 630 171 46 12127;
1645 662 8 8 C.
1686 629 285 41 Robertson.
194 628 1906 107 Carlinville,

423 688 76 40 Ill.
563 686 280 49 (29-18058)

124 780 206 64 Segur,
367 780 213 64 Sophie
625 779 459 65 (Rostopchine)
1129 786 266 50 comtesse
1430 780 88 62 de,
1558 780 325 54 1799-1874.

192 856 231 68 Sophie,
454 857 94 52 the
578 862 159 63 story
769 856 64 53 of
864 876 31 33 a
927 857 110 53 bad
1071 857 150 52 little
1252 857 133 69 girl,
1412 857 76 68 by
1520 856 267 52 Madame
1820 857 68 52 de
1923 855 200 69 Segur,

120 935 315 52 translated
477 933 151 53 from
668 935 94 52 the
801 935 224 51 French
1064 935 75 68 by
1178 934 355 69 Marguerite
1572 933 244 54 Fellows
1853 933 272 67 Melcher,

120 1011 325 54 illustrated
489 1012 76 69 by
609 1012 258 68 Maginel
911 1012 238 68 Wright
1194 1013 245 67 Barney.
1522 1011 138 53 New
1707 1011 181 68 York,
1934 1012 71 52 A.
2053 1012 70 52 A.

118 1089 226 69 Knopf,
377 1092 150 50 1929.

190 1171 1172 51 5 p. l., 3-157, [1] p. incl. front., illus. 20ᶜᵐ.
127 1238 52 52 ©
212 1241 119 49 Aug.
364 1241 69 48 30,
466 1241 114 41 1929;
641 1242 67 41 2c.
745 1241 128 49 Sept.
907 1242 52 42 5;
995 1241 83 41 aff.
1113 1241 129 49 Sept.
1273 1242 53 45 4;
1364 1242 40 38 A
1438 1242 170 46 12135;
1644 1242 173 40 Alfred
1851 1242 54 40 A.
1940 1241 180 48 Knopf,

196 1297 92 41 inc.
353 1297 281 50 (29-18177)

126 1391 425 65 Shakespeare,
583 1390 275 67 William,
890 1397 326 49 1564-1616.

199 1470 434 69 Shakespeare’s
661 1471 379 54 Midsummer
1068 1471 216 69 night’s
1316 1473 213 68 dream,
1559 1471 189 55 edited
1779 1473 76 68 by
1885 1472 244 53 Pauline

126 1549 2000 68 W. Leonard … Boston, New York [etc.] D. C. Heath and
127 1629 508 68 company [ ᶜ1 929]
191 1707 68 47 lii,
294 1707 145 41 3-109
471 1718 44 38 p.
575 1708 151 41 front,
755 1707 172 50 (port.)
970 1708 129 41 illus.
1161 1710 55 39 17
1219 1711 44 21 cm
1269 1741 5 8 ,
1349 1709 208 47 (Golden
1591 1710 92 47 key
1716 1709 177 48 series)

129 1774 52 52 ©
213 1778 119 48 Aug.
363 1778 69 47 15,
464 1778 113 41 1929;
638 1778 67 41 2c.
737 1780 95 38 and
863 1778 82 41 aff.
980 1779 128 48 Sept.
1140 1779 52 47 3;
1227 1779 42 39 A
1299 1778 172 48 12097;
1505 1780 58 41 D.
1598 1781 49 40 C.
1679 1781 166 40 Heath
1877 1781 36 41 &
1943 1793 68 30 co.

199 1830 68 55 [©
291 1835 210 48 preface,
527 1835 329 40 introduction
883 1836 240 47 chapters,
1151 1836 256 47 appendix,
1435 1836 249 48 questions
1711 1839 96 39 and
1832 1837 135 48 fairy
1993 1840 113 46 play]

209 1890 281 49 (29-18014)

131 1983 237 65 Simms,
397 1983 172 55 Paris
596 1984 250 66 Marion,
877 1986 172 54 1874-

201 2064 1868 71 The Bible from the beginning, by Rev. P. Marion Simms …
128 2142 139 53 New
295 2142 180 68 York,
503 2143 120 53 The
649 2143 336 53 Macmillan
1015 2162 299 51 company,
1345 2147 150 51 1929.

197 2222 99 48 xxi,
326 2223 86 40 328
439 2234 44 37 p.
556 2223 151 41 front,
735 2222 204 49 (diagr.)
1008 2223 146 42 20½ᶜᵐ.

199 2293 375 49 Bibliography:
607 2305 43 38 p.
680 2294 218 43 299-309.

131 2347 52 52 ©
213 2351 127 49 Sept.
367 2352 41 40 3.
436 2351 140 47 1929;
605 2351 68 41 2c.
701 2353 95 38 aud
825 2352 82 41 aff.
938 2352 129 48 Sept.
1095 2353 27 39 4;
1179 2353 42 39 A
1248 2353 143 40 11990;
1451 2355 281 39 Macmillan
1759 2367 68 28 co.

212 2406 281 48 (29-18004)

130 2501 272 65 Spencer,
434 2501 161 56 Effie.

196 2577 122 54 The
349 2596 261 36 romance
639 2578 66 53 of
737 2579 360 69 providence,
1126 2580 75 63 by
1236 2581 137 53 Effie
1408 2581 264 69 Spencer.
1743 2584 235 67 Boston,
2011 2584 121 53 The

127 2654 850 72 Four seas company [ ᶜ1 927 ]
195 2738 87 40 225
311 2750 43 37 p.
440 2739 87 41 19ᶜᵐ.

133 2790 52 52 ©
211 2795 112 41 Dec.
349 2795 69 47 28,
444 2795 140 48 1927;
614 2796 67 40 2c.
709 2797 122 39 Mar.
859 2798 68 46 11,
956 2797 115 40 1929;
1128 2797 82 42 aff.
1238 2798 120 48 Aug.
1385 2799 82 46 20;
1498 2799 40 39 A
1565 2799 170 47 10998;
1766 2801 132 39 Four
1923 2812 109 28 seas
2060 2812 67 31 co.

211 2851 281 49 (29-17657)

133 2943 276 64 Stewart,
443 2944 172 54 Anna
645 2945 163 55 Bird.

204 3023 183 53 Three
419 3024 171 52 white
620 3029 119 49 cats
768 3025 64 54 of
861 3025 291 69 Avignon,
1181 3028 76 68 by
1287 3026 171 55 Anna
1490 3029 144 53 Bird
1667 3028 275 58 Stewart;
134 3029 1977 125 illustrated
371 3102 76 69 by
495 3102 214 54 Robert
758 3103 193 67 Joyce.
1029 3103 231 55 Garden
1314 3104 153 70 City,
1517 3106 70 54 N.
1637 3106 93 69 Y.,
1777 3106 359 71 Doubleday,

134 3179 198 53 Doran
359 3181 46 50 &
431 3197 296 51 company,
754 3181 127 68 inc.,
910 3185 149 49 1929.

200 3259 1017 49 4 p. l., 167 p. col. front., illus. 19ᶜᵐ.
137 3310 52 52 ©
221 3315 120 48 Aug.
375 3315 68 48 16,
478 3315 113 41 1929;
653 3317 69 40 2c.
755 3318 97 40 and
886 3317 82 42 aff.
1002 3318 119 48 Aug.
1157 3319 59 40 28;
1278 3320 39 39 A
1351 3319 170 42 11917:
1559 3321 298 48 Doubleday,
1894 3323 166 38 Doran
2096 3323 36 40 &

204 3383 82 36 co.,
312 3371 91 41 inc.
470 3371 280 49 (29-18032)

134 3465 360 66 Trautwein,
526 3467 268 54 Susanne
827 3469 48 54 G
1164 3476 171 50 1886-

261 3542 1510 75 … The lady of laws. New York, E. Holt [ ᶜ1 929]
201 3625 100 46 viii,
330 3625 99 47 303,
462 3627 54 48 [1]
545 3637 44 37 p.
645 3627 146 42 19½ᶜᵐ.

201 3681 64 40 At
291 3682 124 40 head
443 3682 52 40 of
522 3682 134 40 title:
689 3683 220 41 Susanne
938 3685 297 41 Trautwein.

200 3737 128 40 Title
356 3737 228 48 vignette.

204 3792 321 41 “Translated
556 3794 128 40 from
720 3796 81 39 the
837 3796 208 40 German
1081 3798 61 46 by
1176 3798 213 40 Herbert
1424 3801 52 38 E.
1511 3800 193 40 Palmer
1737 3803 96 38 and
1868 3803 158 40 Leslie
2061 3804 72 40 W.

134 3847 251 49 Charley.”

139 3899 52 52 ©
217 3904 126 40 June
367 3905 39 41 6,
432 3905 139 47 1929;
596 3906 70 41 2c.
694 3907 115 48 July
835 3909 54 39 13;
946 3908 82 40 aff.
1055 3909 120 46 Aug.
1202 3909 82 42 30:
1313 3911 41 38 A
1381 3911 171 48 13128;
1581 3913 184 40 Martin
1795 3913 188 43 Seeker,
207 3915 1905 85 London.
380 3961 279 45 (29-18166)
