2512 4377
1273 4016 99 50 160

373 445 237 41 “General
646 440 303 44 references”:
1015 451 43 38 p.
1092 440 52 39 ix;
1208 434 444 52 “Bibliographical
1686 434 166 42 notes”
1886 437 55 38 at
1973 434 93 40 end
2098 432 54 41 of
2181 433 121 39 each

301 504 204 47 chapter
531 503 172 47 except
728 501 83 39 the
839 499 112 41 last.

305 555 53 54 ©
392 559 112 42 Feb.
537 558 39 50 1,
609 557 114 41 1929;
784 556 68 41 2c.
886 554 112 43 Feb.
1029 555 27 39 4;
1119 553 83 41 aff.
1236 552 112 42 Feb.
1381 551 28 41 5;
1470 550 41 40 A
1542 548 116 43 5256;
1722 548 49 42 C.
1805 548 54 41 R.
1895 546 132 51 Fish,
2062 545 239 48 Madison,

374 616 118 42 Wis.
558 612 251 53 (29-4454)

303 709 161 65 Fish,
495 708 202 54 Pierre
727 704 358 65 Augustine,
1119 708 172 50 1865-

370 787 124 52 The
534 783 389 56 examination
967 782 65 53 of
1072 782 99 53 the
1211 780 165 54 urine
1419 779 67 53 of
1530 778 97 54 the
1667 778 165 52 horse
1876 776 115 54 and
2035 794 151 48 man,
2230 774 76 70 by

301 852 2003 77 Pierre A. Fish … 4th ed., rev. Ithaca, N. Y., Slingerland-
302 940 303 58 Comstock
636 938 336 71 publishing
1005 955 98 52 co.,
1138 939 152 52 1929.

370 1020 812 54 6 p., 7-80 numb. 1. illus. 23 ᶜᵐ.
372 1081 202 41 Printed
603 1091 62 30 on
694 1088 89 32 one
813 1078 103 41 side
946 1078 52 41 of
1026 1076 101 42 leaf
1157 1076 127 49 only.

309 1134 54 53 ©
387 1139 114 40 Feb.
524 1137 39 49 5,
589 1136 119 41 1929;
757 1136 68 40 2c.
851 1134 113 43 Feb.
988 1134 55 47 9;
1070 1133 85 42 aff.
1180 1132 113 43 Feb.
1318 1132 54 47 8;
1399 1133 42 38 A
1465 1129 142 50 5188;
1634 1129 53 42 P.
1712 1130 56 39 A.
1795 1129 133 48 Fish,
1955 1128 188 41 Ithaca,
2169 1127 57 41 N.
2254 1127 54 40 Y.

387 1193 253 51 (29-4434)

307 1289 240 63 Forbes,
579 1288 129 62 Roy
739 1285 278 65 Parsons,
1055 1289 171 50 1888-

373 1354 1939 79 Health record [by] Roy P. Forbes … Boston, R. G. Badger
385 1446 119 64 [ ᶜ1 929]
375 1521 993 54 48 p. incl. illus., diagrs., forms. 24 ᶜᵐ.
378 1582 188 42 “Books
595 1582 80 40 for
704 1582 83 40 the
816 1579 218 42 mother”:
1094 1590 44 37 p.
1166 1579 72 41 48.

313 1635 52 53 ©
401 1640 111 40 Dec.
546 1639 70 47 21,
651 1638 141 46 1928;
860 1649 38 29 1c.
933 1637 109 40 Jan.
1078 1636 70 48 24,
1183 1634 143 49 1929;
1364 1635 65 39 lc.
1466 1634 112 41 Feb.
1613 1634 53 46 7;
1706 1633 82 40 aff.
1824 1633 110 40 Jan.
1969 1632 83 47 22;
2091 1632 41 39 A
2166 1631 142 45 4254;

380 1695 216 42 Richard
626 1696 53 41 G.
710 1694 207 49 Badger.
987 1691 252 52 (29-4305)

311 1790 214 64 Fuller,
556 1790 309 63 Margaret
897 1787 238 66 Witter,
1169 1787 173 55 1872-

377 1862 1937 76 Her son, a chronicle of youth [by] Margaret Fuller … New
310 1948 178 68 York,
513 1946 89 55 W.
630 1947 252 52 Morrow
910 1948 45 50 &
983 1962 298 53 company,
1310 1947 151 49 1929.

379 2025 603 52 viii p., 1 l., 310 p. 20 ᶜᵐ.
314 2083 52 53 ©
396 2087 112 40 Feb.
534 2086 70 49 14,
633 2085 141 46 1929;
804 2085 68 39 2c.
899 2085 96 40 and
1025 2083 83 40 aff.
1137 2083 111 41 Feb.
1277 2083 82 47 16;
1390 2083 42 39 A
1458 2082 143 48 4461;
1634 2084 63 38 M.
1726 2083 180 47 Fuller,
1937 2080 377 50 Norwichtown,

384 2143 148 41 Conn.
599 2141 255 50 (29-4420)

316 2234 359 65 Galantière,
719 2233 211 66 Lewis,
974 2236 83 53 ed.

388 2312 440 68 [Introduction,
873 2311 75 71 by
994 2312 185 53 Lewis
1228 2311 333 55 Galantière
1609 2312 60 51 in
1716 2312 98 52 the
1859 2311 149 53 book
2053 2309 258 68 entitled]

314 2390 259 56 Swann’s
614 2409 144 50 way,
799 2391 34 52 by
916 2391 216 52 Marcel
1175 2390 229 68 Proust,
1447 2390 316 53 translated
1806 2390 75 68 by
1926 2387 63 57 C.
2034 2388 74 53 K.
2156 2386 161 57 Scott

311 2464 1732 76 Moncrieff … New York, The Modern library [ ᶜ1 928]
451 2551 309 50 xv, 551 p. 17 ᶜᵐ.
318 2604 51 53 ©
396 2608 119 42 Nov.
541 2608 70 50 25,
637 2608 116 40 1928;
807 2608 68 41 2c.
902 2607 112 42 Feb.
1041 2608 69 48 11,
1138 2607 115 40 1929;
1310 2606 83 41 aff.
1422 2607 112 40 Feb.
1562 2606 26 41 9;
1644 2607 42 39 A
1711 2606 117 41 4345;
1886 2607 202 41 Modern
2115 2605 201 51 library,

384 2664 92 42 inc.

313 2758 203 65 Gluck,
552 2757 269 67 Sinclair,
860 2760 172 54 1887-

381 2836 123 55 The
544 2855 134 35 man
721 2837 127 53 who
890 2855 170 36 never
1101 2836 334 66 blundered,
1516 2854 39 52 by
1599 2835 249 58 Sinclair
1894 2835 202 57 Gluck.
2178 2836 140 54 New

313 2916 180 66 York,
523 2915 191 68 Dodd,
742 2915 172 54 Mead
945 2917 47 50 &
1020 2932 299 53 company,
1354 2918 151 50 1929.

383 2997 474 50 5 p. l. , 304 p. 19½ ᶜᵐ.
321 3049 51 53 ©
412 3054 112 41 Feb.
562 3053 39 49 8,
639 3054 115 41 1929;
820 3054 68 41 2c.
927 3055 96 39 and
1062 3054 83 41 aff.
1184 3053 111 43 Feb.
1334 3055 83 46 14;
1457 3054 41 39 A
1534 3054 142 49 4415;
1721 3054 44 41 S.
1807 3053 167 49 Gluck,
2014 3054 303 49 Hollywood,

389 3110 145 42 Calif.
602 3110 252 49 (29-4208)

319 3190 233 54 Gordon
581 3189 179 65 Page,
787 3190 276 65 Howard,
1096 3194 173 52 1882-

390 3269 121 52 The
546 3268 287 55 shattered
870 3268 176 69 harp;
1082 3289 32 34 a
1146 3288 262 38 romance
1443 3289 73 34 on
1549 3270 96 54 the
1677 3270 106 57 life
1817 3269 65 55 of
1913 3271 156 54 Lord
2104 3272 216 68 Byron,

319 3348 75 69 by
419 3346 259 55 Howard
707 3345 234 55 Gordon
971 3348 172 68 Page.
1207 3347 257 70 London,
1491 3349 70 52 A.
1591 3348 223 69 Rivers,
1839 3349 105 54 ltd.
1976 3351 172 66 [1928]

384 3428 88 41 386
499 3438 57 39 p.,
586 3429 24 39 1
662 3459 9 9 l.
728 3427 61 42 20ᶜᵐ.

321 3480 51 53 ©
428 3496 37 29 1c.
492 3484 110 42 Jan.
628 3484 69 45 19,
724 3484 141 47 1929;
894 3485 41 39 A
961 3486 61 39 ad
1049 3484 87 41 int.
1163 3484 142 41 12241;
1363 3486 144 47 pubd.
1534 3485 119 43 Nov.
1681 3486 70 48 22,
1780 3486 142 48 1928;
1951 3487 223 50 Augusta
388 3489 1912 92 Gordon

509 3541 144 49 Page,
680 3540 157 41 Paris.
902 3540 254 51 (29-5603)
2115 3542 118 43 1079

318 3619 201 64 Greer,
551 3619 204 54 Hilton
788 3620 170 65 Ross,
993 3623 171 54 1878-
1382 3624 85 53 ed.

387 3700 137 52 Best
569 3699 160 53 short
774 3698 200 57 stories
1021 3701 153 52 from
1221 3701 96 55 the
1365 3700 341 68 Southwest,
1753 3702 189 56 edited
1989 3705 76 68 by
2111 3701 210 58 Hilton

315 3771 1794 82 Ross Greer. Dallas, Tex., The Southwest press [ ᶜ1 928]
385 3868 42 36 V,
457 3857 87 42 386
571 3868 43 38 p.
674 3857 57 41 21½ᶜᵐ.

387 3913 178 43 “Notes
593 3925 62 30 on
682 3916 82 40 the
790 3915 235 43 authors”:
1082 3928 42 37 p.
1152 3916 218 43 383-386.
