2512 4377
1261 4006 99 52 512

308 349 325 65 Whitehill,
668 350 290 64 Dorothy.

305 428 1979 132 Joy and Pam at Brookside, by Dorothy Whitehill … illustrated
523 508 76 68 by
631 507 155 53 John
817 506 79 54 M.
930 508 218 53 Foster.
1223 509 139 51 New
1396 509 182 70 York,
1610 509 68 53 N.
1714 510 91 70 Y.,
1836 510 265 71 Newark,
2132 511 70 54 N.
2233 511 77 68 J.,

305 587 593 65 Barse & co. [ ᶜ1 929]
375 666 87 40 216
494 678 44 37 p.
570 666 110 41 incl.
713 666 164 48 front.,
913 667 170 47 plates.
1145 667 56 40 19½ᶜᵐ.
1363 667 15 48 (H
1439 679 54 29 er
1523 668 149 47 Joyce
1704 670 190 46 Payton
1926 669 176 48 series)

311 734 52 52 ©
390 738 113 48 Apr.
530 739 69 46 11,
627 738 115 40 1929;
796 738 69 41 2c.
891 740 97 40 and
1014 738 83 41 aff.
1124 739 114 48 Apr.
1266 739 54 39 13;
1377 739 41 39 A
1445 739 114 39 6522;
1617 740 157 40 Barse
1798 740 36 40 &
1862 751 68 30 co.

387 794 253 49 (29-9293)

375 903 1933 73 The twins abroad, by Dorothy Whitehill … illustrated by
304 984 158 53 John
496 984 78 53 M.
613 984 218 52 Foster.
908 984 139 52 New
1083 984 181 71 York,
1299 984 69 54 N.
1406 984 92 69 Y.,
1533 983 265 60 Newark,
1834 985 69 52 N.
1940 985 76 69 J.,
2052 986 178 53 Barse
2264 987 47 51 &

303 1064 289 64 co. [ ᶜ1 929]
374 1142 88 42 208
489 1154 42 37 p.
561 1143 110 40 incl.
703 1144 171 46 plates,
934 1142 151 41 front.
1144 1142 57 41 19½
1233 1144 45 22 cm
1361 1142 129 49 (Her
1516 1143 102 40 The
1646 1142 146 42 twins
1821 1142 177 50 series)

311 1211 52 52 ©
389 1215 113 48 Apr.
527 1216 69 47 11,
622 1215 114 40 1929;
790 1216 68 40 2c.
883 1216 96 39 and
1005 1214 83 41 aff.
1113 1215 115 48 Apr.
1253 1216 54 39 13;
1363 1215 41 39 A
1429 1215 114 40 6524;
1601 1216 154 42 Barse
1780 1216 37 40 &
1842 1226 67 30 co.

388 1271 252 50 (29-9295)

310 1383 353 63 Widdemer,
701 1384 326 63 Margaret.

375 1460 397 67 Rhinestones,
823 1478 33 34 a
907 1477 261 36 romance
1241 1460 93 69 [by]
1390 1460 298 69 Margaret
1737 1460 347 55 Widdemer.
2171 1461 140 53 New

309 1537 1419 63 York, Harcourt, Brace and company [ ᶜ1 929]
379 1621 84 42 252
495 1633 44 38 p.
597 1621 58 42 19½ᶜᵐ.

310 1689 56 53 ©
394 1693 113 48 Apr.
539 1692 69 49 11,
641 1692 141 47 1929;
817 1692 67 41 2c.
916 1693 95 40 and
1045 1691 82 42 aff.
1158 1692 115 50 Apr.
1306 1692 81 48 16;
1423 1692 42 39 A
1495 1692 141 49 6571;
1672 1694 262 49 Harcourt,
1968 1694 156 41 Brace
2156 1694 36 41 &
2225 1705 82 39 co.,

378 1750 92 42 inc.
537 1749 252 51 (29-9220)

308 1859 271 65 Wilkins,
622 1860 163 54 Dale.

435 1938 1876 72 … The long trail boys and the mystery of the fingerprint,
304 2015 74 71 by
410 2018 145 52 Dale
587 2017 269 68 Wilkins,
892 2019 325 53 illustrated
1249 2019 76 68 by
1357 2019 148 53 Jean
1541 2017 267 55 Oldham.
1883 2018 429 70 Philadelphia,

306 2095 1752 71 Chicago [etc.] The John C. Winston company [ ᶜ1 928]
375 2177 1344 49 238 p. incl. front. 19 ᶜᵐ. (The long trail series)
311 2245 52 53 ©
393 2250 116 47 July
538 2250 68 47 12,
635 2249 115 41 1928;
808 2249 67 41 2c.
903 2248 117 49 Apr.
1049 2249 69 48 15,
1148 2247 118 41 1929;
1322 2248 82 41 aff.
1434 2249 114 48 Apr.
1578 2249 55 40 13;
1693 2249 41 39 A
1764 2249 114 41 6553;
1939 2250 128 40 John
2098 2249 50 42 O.
378 2250 1912 96 Winston
514 2317 67 29 co.
648 2305 252 49 (29-9288)

437 2414 1873 71 … The long trail boys and the mystery of the unknown
304 2511 333 51 messenger,
688 2496 76 68 by
816 2495 145 53 Dale
1011 2494 270 68 Wilkins,
1333 2495 326 52 illustrated
1709 2495 77 67 by
1837 2494 149 54 Jean
2038 2493 270 55 Oldham.

303 2571 429 72 Philadelphia,
776 2572 253 69 Chicago
1074 2579 138 61 [etc.]
1258 2574 121 52 The
1418 2573 158 54 John
1617 2572 63 54 C.
1720 2571 270 55 Winston
2030 2589 281 51 company

383 2654 118 64 [ ᶜ1 928]
374 2731 1379 50 250 p. incl. front. 19 ᶜᵐ. (The long trail series)
311 2801 52 52 ©
391 2805 120 47 Aug.
540 2804 69 48 30,
639 2804 114 40 1928;
811 2804 69 40 2c.
908 2804 114 48 Apr.
1052 2803 68 48 15,
1150 2803 114 40 1929;
1325 2802 81 42 aff.
1436 2803 116 47 Apr.
1580 2803 55 40 13;
1694 2803 41 39 A
1765 2803 117 40 6552;
1940 2803 128 39 John
2100 2801 49 41 O.
379 2801 1912 101 Winston
519 2872 69 30 co..
657 2859 252 52 (29-9289)

308 2971 271 64 Wilkins,
615 2972 220 51 Ernest
870 2970 217 63 Hatch,
1126 2974 171 50 1880-

375 3049 244 53 Modern
653 3049 343 52 discussions
1030 3047 64 53 of
1126 3048 95 52 the
1255 3048 158 52 dates
1448 3046 65 53 of
1545 3046 324 53 Petrarch’s
1902 3065 165 50 prose
2099 3048 212 65 letters,

305 3124 2007 72 by Ernest Hatch Wilkins … Chicago, Ill., The University of
308 3207 661 68 Chicago press [ ᶜ1 929]
377 3289 422 48 2 p. l ., 77 p. 17 ᶜᵐ.
311 3357 52 52 ©
393 3362 121 39 Mar.
542 3360 70 47 26,
640 3360 118 40 1929;
810 3360 68 39 2c.
906 3360 97 39 and
1030 3358 81 41 aff.
1139 3358 114 48 Apr.
1283 3357 25 40 5;
1366 3357 41 39 A
1434 3357 113 40 7261;
1607 3355 283 48 University
1920 3356 52 40 of
2001 3355 225 48 Chicago.

388 3416 250 49 (29-9057)

309 3512 306 64 Williams,
658 3511 209 63 Kirby.

379 3582 1929 73 The C. Y. C. murders, by Kirby Williams … Garden City,
309 3669 69 52 N.
410 3668 90 66 Y.,
529 3666 143 53 Pub.
706 3665 93 54 for
829 3666 121 52 The
983 3664 190 55 Crime
1205 3664 146 67 club,
1382 3663 127 67 inc.,
1538 3662 77 69 by
1644 3661 358 70 Doubleday,
2032 3662 200 51 Doran
2262 3663 46 50 &

309 3763 297 50 company,
634 3744 127 67 inc.,
795 3746 149 49 1929.

380 3826 49 41 vi
454 3837 57 37 p.,
537 3826 25 39 2
612 3856 22 17 l.,
662 3825 145 40 3-323
835 3835 43 37 p.
938 3824 130 40 illus.
1095 3822 164 49 (plan)
1327 3821 57 41 19½ᶜᵐ.

312 3894 52 52 ©
394 3898 115 47 Apr.
539 3897 39 47 5,
609 3896 118 41 1929;
781 3896 68 41 2c.
880 3896 95 39 and
1006 3893 83 42 aff.
1119 3894 115 49 Apr.
1264 3894 81 46 13;
1378 3893 41 39 A
1449 3893 141 47 7445;
1624 3893 299 47 Doubleday,
1955 3892 167 40 Doran
2154 3892 37 39 &
2221 3902 82 37 co.,

379 3955 91 40 inc.
537 3953 251 49 (29-9101)
