2512 4377
1300 4029 99 50 520

326 395 296 62 Kérouan,
656 394 166 53 Jean.

398 471 109 53 Les
540 471 291 53 chasseurs
907 489 30 34 de
969 471 255 52 comètes.
1296 470 186 67 Paris,
1515 469 286 52 Librairie
1835 469 302 67 Hachette,
2175 468 151 54 1927.

398 554 27 41 1
488 586 9 9 v.

335 620 50 53 ©
410 625 113 40 Dec.
547 626 39 46 7,
610 624 142 47 1927;
837 656 9 9 1c.
870 624 111 40 Feb.
1006 622 69 49 10,
1100 622 114 41 1928;
1269 623 102 39 A—
1372 622 208 48 Foreign
1605 622 171 47 37496;
1805 622 240 39 Librairie
2071 622 257 41 Hachette.

334 746 177 63 King,
548 746 179 63 Clyde
759 746 267 63 Lyndon,
1063 747 172 53 1879-

407 823 124 54 Our
566 825 351 68 community
953 824 122 67 life,
1111 824 141 52 with
1289 824 139 52 New
1465 824 163 52 York
1662 829 145 48 state
1843 825 379 67 supplement,
2257 824 74 68 by

338 901 1995 71 Clyde L. King … J. Lynn Barnard … and Avery W. Skinner
329 979 1980 149 … Philadelphia, Chicago [etc.] The John C. Winston company [ ᶜ1 929]
404 1137 1226 49 xiv, 704 p. incl. col. front., illus., diagrs. 21 ᶜᵐ.
405 1209 227 40 Lettered
660 1219 60 29 on
748 1218 141 30 cover:
946 1208 118 40 New
1093 1208 131 40 York
1253 1211 129 37 state
1410 1207 200 44 edition.

405 1265 350 48 Bibliography:
813 1276 45 37 p.
889 1264 217 41 671-678.

338 1333 51 52 ©
420 1338 111 40 Jan.
557 1337 41 48 4,
627 1336 141 47 1929;
799 1336 68 41 2c.
897 1336 115 47 Apr.
1039 1336 82 46 15;
1155 1335 83 41 aff.
1266 1336 115 48 Apr.
1410 1336 82 46 13;
1524 1336 41 39 A
1594 1336 141 46 6556;
1770 1336 127 40 John
1931 1335 49 42 C.
2011 1336 223 41 Winston
2265 1346 69 31 co.

407 1389 69 54 [©
507 1393 263 49 additions]
840 1392 252 49 (29-9364)

330 1502 316 63 Kingston,
679 1501 264 55 Charles.

402 1581 121 53 The
559 1582 189 67 guilty
782 1581 190 66 house,
1006 1579 74 70 by
1118 1579 238 56 Charles
1390 1579 307 70 Kingston.
1775 1580 138 53 New
1950 1579 179 69 York,
2166 1581 68 52 E.
2270 1581 66 53 P.

333 1658 963 69 Dutton & company, inc. [ ᶜ1 929]
401 1739 471 50 3 p. l ., 310 p. 20 ᶜᵐ.
340 1809 52 51 ©
428 1813 111 39 Feb.
573 1811 69 47 28,
677 1811 140 46 1929;
854 1812 68 40 2c.
959 1812 123 40 Mar.
1115 1811 53 47 5;
1205 1810 83 40 aff.
1321 1810 114 48 Apr.
1470 1811 82 46 11;
1589 1810 40 40 A
1663 1811 141 46 5613;
1844 1811 48 40 C.
1927 1810 257 48 Kingston,
2219 1811 118 40 New

406 1869 145 40 York.
621 1868 251 49 (29-5963)

340 1978 333 64 Knowlton,
713 1977 194 64 Philip
946 1977 243 55 Arnold.

409 2055 1930 70 Introductory geography … prepared especially for use in
341 2136 177 68 grade
554 2134 347 66 four-A[-B]
942 2135 61 51 in
1036 2133 140 53 New
1210 2134 164 52 York
1407 2133 135 69 city,
1576 2135 76 67 by
1685 2133 201 68 Philip
1921 2133 71 54 A.
2027 2132 314 54 Knowlton

341 2211 1975 150 … and C. C. Van Liew … New York, The Macmillan company, 1929.
410 2371 1141 49 2 v. fronts., illus., col. plates, maps. 26 ᶜᵐ.
414 2443 188 39 “Books
630 2444 47 38 to
705 2440 146 42 read”:
908 2453 43 29 v.
977 2442 39 47 1,
1044 2452 43 38 p.
1112 2442 112 47 117;
1252 2441 280 48 duplicated
1558 2441 52 40 in
1634 2453 44 29 v.
1701 2442 41 48 2,
1768 2452 42 38 p.
1837 2441 100 42 139.

343 2508 51 52 ©
422 2513 114 47 Apr.
563 2512 39 48 9,
631 2511 141 47 1929;
801 2512 69 40 2c.
898 2512 119 40 each
1043 2513 96 38 and
1168 2511 108 41 affs.
1304 2512 115 47 Apr.
1447 2511 82 46 10;
1559 2512 43 38 A
1629 2512 127 48 7376,
1787 2513 115 39 7377;
1962 2511 281 41 Macmillan
2272 2523 68 30 co.

421 2568 251 51 (29-9346)

342 2679 283 64 Kutchin,
665 2679 224 55 Victor.

417 2759 121 52 The
575 2764 231 62 strange
843 2777 123 34 case
1003 2759 63 52 of
1103 2759 158 52 John
1298 2758 67 54 R.
1406 2757 274 69 Graham,
1715 2759 35 52 by
1829 2757 201 54 Victor
2067 2757 275 53 Kutchin.

344 2837 138 53 New
510 2837 180 69 York,
717 2837 159 53 Dean
907 2838 45 51 &
978 2855 298 52 company,
1305 2839 150 51 1929.

417 2917 85 40 120
537 2928 43 38 p.
640 2917 26 39 21ᶜᵐ.

345 2984 51 53 ©
425 2990 122 40 Mar.
574 2990 69 47 22,
671 2989 141 46 1929;
841 2989 68 40 2c.
937 2992 96 38 and
1060 2988 83 42 aff.
1171 2990 114 47 Apr.
1312 2989 53 47 8;
1396 2990 41 39 A
1463 2989 113 41 7317;
1635 2990 141 40 Dean
1802 2990 37 40 &
1864 3000 69 30 co.

423 3045 251 49 (29-9366)

350 3140 286 69 [Lacroix,
669 3140 164 68 Paul]
875 3146 327 49 1806-1884.

410 3217 274 54 Memoirs
715 3217 64 52 of
809 3217 277 55 Cardinal
1117 3218 248 67 Dubois;
1400 3236 32 35 a
1464 3218 276 68 complete
1770 3217 360 69 unabridged
341 3222 1981 125 translation

554 3294 153 53 from
734 3295 96 53 the
858 3295 225 53 French
1109 3296 77 68 by
1214 3296 211 52 Ernest
1453 3296 267 53 Dowson.
1784 3295 391 53 Embellished
2205 3295 141 52 with

344 3372 424 69 photogravure
797 3372 278 68 portraits
1102 3373 65 52 of
1197 3372 278 55 Cardinal
1503 3373 222 53 Dubois
1755 3374 115 52 and
1897 3373 98 52 the
2023 3373 128 52 Duc
343 3372 1979 145 d’Orléans,

548 3450 260 69 together
841 3450 140 52 with
1015 3451 202 52 twelve
1251 3450 112 52 full
1397 3469 146 50 page
1576 3450 292 69 drawings
1899 3451 77 67 by
2006 3450 111 53 Lui
2151 3451 195 68 Trugo

406 3526 1510 70 … New York, Priv. print. for subscribers, 1929.
415 3609 1072 49 2 v . fronts. (ports.) illus., plates. 24½ ᶜᵐ.
417 3680 309 47 Apocryphal
754 3680 240 47 memoirs,
1022 3680 198 40 written
1247 3680 62 47 by
1337 3680 123 39 Paul
1488 3680 222 41 Lacroix.

420 3735 1926 50 “This edition … is limited to fifteen hundred numbered sets, of
349 3792 158 40 which
537 3791 76 40 six
642 3792 222 39 hundred
895 3802 83 29 are
1008 3791 80 40 for
1115 3793 102 38 sale
1246 3791 48 39 in
1327 3792 223 47 England
1581 3794 96 38 and
1707 3792 112 40 nine
1851 3794 222 39 hundred
2102 3792 52 40 in
348 3793 1981 96 America.
497 3847 118 41 This
642 3848 41 40 is
712 3850 74 37 set
813 3858 75 30 no.
916 3847 130 41 360.”

350 3912 51 52 ©
427 3916 114 49 Apr.
567 3916 38 48 6,
631 3916 142 48 1929;
799 3917 68 41 2c.
893 3917 117 40 each
1036 3917 114 47 Apr.
1176 3917 82 46 12;
1287 3916 83 41 aff.
1396 3917 114 47 Apr.
1538 3917 81 47 15;
1648 3918 41 38 A
1716 3918 141 46 7433;
1886 3918 91 40 Art
2003 3918 161 40 studio
2193 3927 149 38 press,

417 3973 118 40 New
565 3974 146 39 York.
780 3972 251 50 (29-9212)
