2533 4342
1361 4010 137 52 1902

416 384 219 68 [Freer,
661 385 139 53 Mrs.
831 380 254 54 Eleanor
1122 378 342 68 (Everest)]
1499 383 174 50 1864-

501 459 411 54 Recollections
967 457 115 53 and
1136 456 316 53 reflections
1506 455 65 53 of
1625 472 74 35 an
1748 453 310 53 American
2110 468 309 51 composer.

418 538 158 68 [New
616 536 181 68 York,
836 534 245 54 Printed
1119 534 75 69 by
1233 534 97 53 the
1369 533 247 53 Musical
1655 533 251 51 advance
1945 529 338 69 publishing
2322 546 100 50 co.,

502 618 87 65 ᶜ19 29]
485 691 1603 53 cover-title, 3-122 p. incl. plates, ports., facsims. port. 17½ ᶜᵐ.
485 768 260 40 Foreword
775 766 169 48 signed:
1006 766 210 38 Eleanor
1246 764 205 40 Everest
1480 762 164 41 Freer.

421 830 1913 56 © Nov. .4, 1929; 2c. and aff. Nov. 8; A 14713; E. E. Freer, Chicago.
498 892 282 51 (29-27764)

415 986 215 64 Fuller,
657 986 155 53 John
840 984 319 54 Frederick
1188 983 265 65 Charles,
1481 984 174 54 1878-

485 1063 122 54 The
645 1061 367 72 generalship
1050 1061 66 54 of
1150 1060 236 71 Ulysses
1428 1059 57 56 S.
1526 1059 206 68 Grant,
1768 1059 77 69 by
1884 1057 236 56 Colonel
2155 1058 56 54 J.
2252 1057 67 54 F.
2362 1057 61 56 C.

415 1136 2011 72 Fuller … with maps and plans. New York, Dodd, Mead and
415 1236 298 53 company,
749 1220 151 51 1929.

487 1297 1792 54 xxiv p., 1 l., 452 p. front. (port.) maps (part fold.) diagrs. 24 ᶜᵐ.
488 1371 356 41 “Abbreviated
877 1370 138 40 titles
1046 1370 52 39 of
1128 1368 161 41 -works
1323 1368 220 41 referred
1576 1372 49 37 to
1658 1368 51 40 in
1740 1369 83 40 the
1854 1367 276 42 footnotes”:
2193 1378 44 38 p.
416 1367 2012 103 xxiil-xxiv.

424 1493 1999 53 © Nov. 15, 1929; 2c. and aff. Nov. 20; A 15949; Dodd, Mead & co., inc.
502 1552 281 52 (29-27666)

420 1645 338 66 Gabelentz,
789 1646 196 64 Georg
1012 1661 113 38 von
1154 1646 122 64 der,
1308 1650 172 50 1868-

488 1722 1939 72 Das rätsel Choriander, r oman von Georg von der Gabelentz.
419 1802 258 72 Leipzig,
703 1804 65 55 L.
800 1802 406 71 Staackmann,
1236 1804 149 53 1929.

487 1883 381 52 204, [1] p. 20 ᶜᵐ.
426 1951 2000 53 © May 23, 1929; 1c. Aug. 14; A—Foreign 4259; L. Staackmann verlag,
495 2022 42 38 g.
564 2023 61 30 m.
651 2012 43 40 b.
721 2011 46 40 h.
837 2009 284 51 (29-28080)

421 2103 313 66 Goldberg,
763 2104 245 54 Reuben
1037 2103 239 66 Lucius,
1308 2108 173 51 1883-

491 2184 61 54 Is
588 2184 158 53 there
786 2201 32 35 a
857 2185 199 52 doctor
1092 2183 61 53 in
1190 2184 96 53 the
1323 2182 207 54 house?
1609 2184 92 69 By
1737 2182 164 54 Rube
1937 2182 312 70 Goldberg,
2287 2182 141 54 with

421 2263 385 53 illustrations
836 2263 76 68 by
946 2262 97 53 the
1079 2261 221 54 author.
1377 2260 139 54 New
1553 2261 182 69 York,
1768 2262 122 53 The
1925 2261 158 55 John
2116 2261 132 69 Day
421 2278 1986 130 company,

624 2342 150 52 1929.

492 2419 811 50 5 p. l., 3-54 p., 1 l. illus. 19½ᶜᵐ.
429 2474 58 52 ©
511 2478 119 40 Nov.
661 2478 41 47 1,
733 2476 142 47 1929;
906 2476 69 41 2c.
1007 2477 119 40 Nov.
1156 2476 83 48 26;
1274 2476 82 40 aff.
1388 2476 119 41 Nov.
1538 2476 82 48 16;
1654 2476 42 39 A
1726 2476 171 49 16057;
1932 2477 55 40 R.
2023 2477 254 48 Goldberg,
2310 2478 119 38 New

498 2534 146 41 York.
714 2532 281 50 (29-27824)

423 2626 189 64 Gräff,
640 2627 267 54 Werner.

493 2703 1941 71 Es kommt der neue fotograf! V on Werner Gräff. Berlin,
421 2783 79 52 H.
526 2782 369 54 Reckendorf
918 2801 53 51 g.
998 2801 73 34 m.
1099 2784 51 53 b.
1176 2782 76 71 h.,
1279 2786 150 51 1929.

494 2863 463 49 126 p. illus. 26 ᶜᵐ.
430 2915 1999 55 © June 11, 1929; 1c. Aug. 14; A —Foreign 4294; Verlag Hermann
500 2976 323 49 Reckendorf,
853 2987 42 37 g.
924 2987 61 30 m.
1016 2976 42 41 b.
1089 2977 45 39 b.
1206 2974 280 50 (29-28032)

423 3066 292 66 Harding,
744 3068 233 65 Alfred,
1010 3073 173 50 1892-

501 3146 122 53 The
658 3147 185 52 revolt
877 3145 66 54 of
976 3146 98 53 the
1109 3151 203 63 actors,
1346 3147 77 69 by
1457 3146 216 55 Alfred
1709 3148 290 71 Harding.
2073 3149 140 53 New
2251 3147 182 70 York,

428 3223 91 55 W.
550 3223 252 53 Morrow
832 3225 46 51 &
907 3241 299 53 company,
1240 3226 150 52 1929.

498 3305 1282 50 xiii p., 2 l., 3-575 p. front. plates, ports. 22½ ᶜᵐ.
500 3361 180 41 Traces
708 3362 84 39 the
819 3361 98 41 rise
944 3363 50 39 to
1023 3372 162 38 power
1215 3362 51 40 of
1296 3363 83 40 the
1408 3362 187 41 Actors’
1627 3363 168 49 equity
1824 3362 311 42 association,
2195 3365 62 47 cf.
430 3364 1983 93 Foreword.

433 3467 52 53 ©
512 3472 101 41 Oct.
640 3472 69 49 10,
735 3472 118 41 1929;
903 3473 69 40 2c.
999 3475 96 39 and
1121 3472 83 42 aff.
1232 3473 102 43 Oct.
1361 3474 56 39 12;
1471 3475 42 39 A
1539 3474 144 42 12993;
1740 3475 55 41 A.
1823 3475 238 49 Harding,
2090 3474 339 48 Hastings-on-

500 3528 219 48 Hudson,
747 3529 57 41 N.
829 3529 54 40 Y.
954 3527 283 52 (29-27944)

425 3619 174 64 Hart,
629 3619 249 55 Francis
903 3621 254 66 Russell,
1189 3628 173 50 1868-

495 3699 121 51 The
657 3698 241 53 disaster
940 3699 66 52 of
1043 3700 247 67 Darien;
1334 3701 96 52 the
1470 3706 158 65 story
1668 3701 65 54 of
1768 3703 97 53 the
1908 3702 161 56 Scots
2108 3703 323 53 settlement

427 3775 113 52 and
579 3775 97 52 the
716 3793 189 35 causes
946 3775 66 53 of
1051 3777 74 52 its
1166 3776 229 68 failure,
1439 3779 327 67 1699-1701,
1805 3780 76 68 by
1922 3780 240 53 Francis
2203 3777 223 57 Russell

425 3851 2004 75 Hart … Boston and New York, Houghton Mifflin company,
426 3930 150 53 1929.
