2533 4342
1281 3983 135 51 1504

364 340 236 65 Wilson,
631 342 327 62 Margaret,
992 345 173 50 1882-

424 433 273 51 Trousers
736 431 64 52 of
838 431 232 52 taffeta:
1109 449 32 34 a
1178 432 115 51 tale
1330 431 64 52 of
1433 450 30 33 a
1504 431 376 69 potygamous
1918 431 133 69 city,
2090 432 76 68 by
352 433 1983 145 Margaret
545 509 238 54 Wilson.
859 509 259 67 London,
1149 509 55 53 J.
1240 509 155 67 Cape
1431 511 171 64 [1929]

421 591 573 51 285, [1] p., 1 l. 20 cm .
360 659 1996 54 © 1c. Aug. 21, 1929; A ad int. 12982; pubd. June 24; Harper & bros.,
426 718 119 41 New
572 718 144 41 York.
783 717 283 50 (29-18450)

355 855 242 63 Wilson,
625 855 237 55 Samuel
891 855 193 55 Knox.

424 945 1938 72 American history, by Samuel Knox Wilson … Chicago,
353 1027 216 68 Loyola
602 1025 319 70 university
952 1043 177 51 press,
1162 1028 150 50 1929.

492 1141 8 16 xv,
528 1110 85 40 864
640 1121 41 36 p.
737 1110 164 46 front.,
930 1109 131 41 illus.
1090 1109 134 49 (incl.
1250 1108 162 49 maps)
1480 1110 147 40 21½ᶜᵐ.

426 1181 350 41 “References”
801 1184 52 38 at
877 1182 91 39 end
994 1181 52 40 of
1067 1182 118 39 each
1209 1182 204 47 chapter
1434 1183 171 46 except
1627 1182 138 47 chap,
1933 1211 8 8 XXVII.

357 1249 52 52 ©
437 1253 122 48 Aug.
585 1253 73 46 26,
688 1252 141 41 1929;
861 1253 68 40 2c.
958 1253 97 39 and
1085 1252 82 40 aff.
1201 1252 129 48 Sept.
1359 1252 54 46 4;
1445 1251 42 39 A
1515 1251 172 48 13002;
1720 1252 181 48 Loyola
1931 1252 131 41 univ.
2093 1262 150 38 press.

434 1308 281 49 (29-19182)

356 1433 264 64 Winlow,
650 1434 174 52 Anna
853 1434 62 54 C.

488 1526 1869 70 … Our little Florentine cousin of long ago, being the story
357 1604 64 54 of
448 1605 255 68 Filippo,
731 1624 32 33 a
789 1605 111 67 boy
926 1605 64 53 of
1017 1604 354 53 renaissance
1399 1604 290 69 Florence,
1716 1605 75 70 by
1818 1604 172 53 Anna
2020 1605 60 54 C.
2107 1604 250 54 Winlow

418 1682 1940 69 … illustrated by Frank T. Merrill. Boston, L. C. Page &
355 1778 281 52 company
669 1795 13 33 [
711 1763 132 50 ᶜ1929
849 1794 12 33 ]

424 1841 1929 49 ix p., 2 l., 155 p. col. front., plates. 19½ᶜᵐ. (The little cousins of
351 1899 114 47 long
493 1908 90 38 ago
612 1897 177 47 series)

356 1964 52 52 ©
435 1967 121 48 Aug.
585 1968 69 42 17,
684 1966 141 46 1929;
855 1967 68 40 2c.
955 1966 130 48 Sept.
1113 1967 83 46 24;
1228 1966 81 41 aff.
1343 1967 128 47 Sept.
1499 1968 82 45 23;
1614 1967 39 40 A
1683 1967 170 46 13570;
1885 1968 51 40 L.
1967 1968 50 41 C.
2048 1969 127 47 Page
2270 1980 83 37 со.,

422 2024 91 41 inc.
583 2023 282 49 (29-19795)

345 2146 595 55 Wissenschaftliche
1031 2147 547 69 veröffentlichungen
1632 2169 103 35 aus
1783 2150 122 52 dem
422 2150 1911 128 Siemenskonzern.

636 2224 1417 71 7. bd. 2. hft. … Berlin, J. Springer, 1929.
419 2307 1048 49 3 p. l., 322, iv p. illus., diagrs. 28 ᶜᵐ .
354 2372 51 53 ©
435 2377 114 47 Apr.
580 2378 68 46 14,
678 2377 141 45 1929;
852 2377 67 40 1c.
950 2377 127 40 June
1107 2377 83 46 28;
1223 2378 40 38 A
1264 2377 269 48 —Foreign
1564 2378 143 45 3581;
1742 2378 164 41 Julius
1939 2378 243 49 Springer.

350 2499 199 65 Wood,
575 2498 319 65 Benjamin
922 2500 87 52 De
1035 2499 206 65 Kalbe,
1273 2506 170 49 1894-

414 2589 225 53 Motion
670 2589 249 68 pictures
948 2590 60 51 in
1036 2590 96 53 the
1160 2590 332 68 classroom;
1527 2609 70 34 an
1631 2591 353 68 experiment
2012 2596 59 47 to
2100 2610 255 34 measure

345 2668 96 52 the
482 2668 165 52 value
688 2667 65 52 of
793 2668 219 51 motion
1054 2668 250 67 pictures
1347 2687 59 33 as
1448 2669 469 68 supplementary
1960 2668 125 55 aids
2127 2669 55 52 in
344 2687 1986 111 regular

509 2744 1845 70 classroom instruction, by Ben D. Wood … [and] Frank
345 2823 2008 70 N. Freeman … Boston, New York [etc.] Houghton Mifflin
344 2919 281 50 company
662 2903 192 64 [ᶜ1929]

414 2983 1739 50 xxi, 392 p. XII pl. on 7 l.,. tables (part double) diagrs. 19½ᶜᵐ.
414 3053 75 40 An
532 3053 349 48 investigation
927 3053 52 40 of
1022 3053 25 39 2
1094 3064 142 36 years
1282 3054 244 47 duration,
1573 3055 264 46 sponsored
1881 3055 61 47 by
1987 3056 81 39 the
2113 3056 236 39 Eastman

342 3110 162 40 kodak
536 3119 250 38 company,
846 3108 63 48 cf.
942 3110 188 40 Introd.

413 3165 236 41 Contains
680 3165 367 41 “References”.

351 3231 55 53 ©
438 3235 128 50 Sept.
598 3235 68 49 10,
700 3235 114 41 1929;
873 3236 68 41 2c.
974 3236 97 40 and
1103 3235 82 42 aff.
1220 3236 128 49 Sept.
1381 3236 55 41 16;
1500 3237 39 39 A
1570 3237 172 48 12374;
1777 3238 264 49 Houghton
2077 3238 166 41 Mifflin
2279 3250 67 30 со.

427 3292 281 47 (29-19431)

349 3400 283 65 Woodfill,
662 3401 255 55 Samuel.

417 3491 273 55 Woodfill
717 3492 65 54 of
808 3494 96 52 the
932 3494 286 68 regulars;
1249 3514 31 33 a
1308 3499 126 48 true
1459 3501 157 63 story
1643 3496 64 53 of
1734 3497 313 52 adventure
2074 3497 153 53 from
2252 3497 96 53 the

348 3569 199 53 Arctic
594 3575 59 48 to
702 3571 95 52 the
846 3571 293 69 Argonne,
1186 3573 75 68 by
1308 3572 214 52 Lowell
1572 3574 266 53 Thomas.
1914 3573 232 55 Garden
2196 3574 152 70 City,

349 3647 68 52 N.
453 3648 91 67 Y.,
575 3647 357 70 Doubleday,
963 3649 200 53 Doran
1194 3652 46 49 &
1270 3668 297 51 company,
1599 3651 127 68 inc.,
1762 3655 149 50 1929.

415 3727 84 48 xii,
531 3727 86 40 325
648 3739 44 37 p.
751 3728 165 46 front.,
950 3729 130 40 illus.
1109 3729 264 49 (facsims.)
1416 3731 172 47 plates,
1621 3734 150 46 ports.
1831 3731 147 42 21½ᶜᵐ.

418 3797 162 41 “First
609 3797 226 42 edition.”

350 3864 53 53 ©
437 3869 128 48 Sept.
596 3870 68 42 13,
696 3870 116 40 1929;
869 3871 69 41 2c.
969 3873 97 38 and
1097 3871 82 41 aff.
1214 3872 129 48 Sept.
1371 3872 57 40 23;
1489 3873 42 39 A
1561 3872 143 40 13512;
1767 3874 51 41 L.
1851 3874 223 49 Thomas,
2109 3875 233 47 Pawling,

419 3925 56 41 N.
502 3926 54 40 Y.
623 3925 279 41 (29-26836)
