<alto xmlns="http://www.loc.gov/standards/alto/ns-v3#" xmlns:xlink="http://www.w3.org/1999/xlink" xmlns:xsi="http://www.w3.org/2001/XMLSchema-instance" xsi:schemaLocation="http://www.loc.gov/standards/alto/ns-v3# http://www.loc.gov/alto/v3/alto-3-0.xsd"><Description>
<MeasurementUnit>pixel</MeasurementUnit>
<sourceImageInformation>
<fileName>1929_v26_part001.pdf</fileName>
</sourceImageInformation>
<OCRProcessing ID="IdOcr">
<ocrProcessingStep>
<processingDateTime>2019-04-18</processingDateTime>
<processingSoftware>
<softwareCreator>ABBYY</softwareCreator>
<softwareName>ABBYY Recognition Server</softwareName>
<softwareVersion>4.0</softwareVersion>
</processingSoftware>
</ocrProcessingStep>
</OCRProcessing>
</Description>
<Styles>
<ParagraphStyle ID="StyleId-FFFFFFFF-FFFF-FFFF-FFFF-FFFFFFFFFFFF-" ALIGN="Left" LEFT="0." RIGHT="0." FIRSTLINE="0."/>
<ParagraphStyle ID="StyleId-11A520CB-49B0-4D42-A675-089886D5B704-" ALIGN="Center" LEFT="0." RIGHT="0." FIRSTLINE="0." LINESPACE="7.699999809"/>
<ParagraphStyle ID="StyleId-2AEC4724-E584-48A1-8E6D-86B1AA154223-" ALIGN="Left" LEFT="0." RIGHT="0." FIRSTLINE="0." LINESPACE="12.19999981"/>
<ParagraphStyle ID="StyleId-5ADCDE1D-F34B-405C-A765-E9B51F6229BD-" ALIGN="Left" LEFT="0." RIGHT="0." FIRSTLINE="-13." LINESPACE="8.050000191"/>
<ParagraphStyle ID="StyleId-D0AEFB96-F81D-4367-8545-C0AC945FA34C-" ALIGN="Block" LEFT="0." RIGHT="0." FIRSTLINE="-13." LINESPACE="8.899999619"/>
<ParagraphStyle ID="StyleId-9A3BB592-4BA4-4F85-B157-B9A7F1FC9680-" ALIGN="Left" LEFT="0." RIGHT="0." FIRSTLINE="0."/>
<ParagraphStyle ID="StyleId-E9D6144A-CFDC-4919-911D-02B0461DB967-" ALIGN="Left" LEFT="0." RIGHT="0." FIRSTLINE="-13." LINESPACE="23.43000031"/>
<ParagraphStyle ID="StyleId-EEECFC68-AAC5-42B1-B3BF-987799B5B74A-" ALIGN="Block" LEFT="0." RIGHT="0." FIRSTLINE="0." LINESPACE="23.43000031"/>
<ParagraphStyle ID="StyleId-98D20B11-A9BB-4FAB-8DC8-DC8C43F3755E-" ALIGN="Left" LEFT="0." RIGHT="0." FIRSTLINE="0." LINESPACE="10.5"/>
<ParagraphStyle ID="StyleId-C279DBAD-2656-4352-93E6-C942618B09B1-" ALIGN="Block" LEFT="0." RIGHT="0." FIRSTLINE="-13." LINESPACE="8.770000458"/>
<ParagraphStyle ID="StyleId-A539B2D0-654F-45BA-9385-D7E681D9BD87-" ALIGN="Block" LEFT="0." RIGHT="0." FIRSTLINE="0." LINESPACE="8.18999958"/>
<ParagraphStyle ID="StyleId-CFE66565-54F2-45CF-9511-65151219B0BC-" ALIGN="Left" LEFT="0." RIGHT="0." FIRSTLINE="-12." LINESPACE="12.19999981"/>
<ParagraphStyle ID="StyleId-37B60A95-D7B9-4720-9D46-F2E763AAD699-" ALIGN="Block" LEFT="0." RIGHT="0." FIRSTLINE="0." LINESPACE="12.19999981"/>
<ParagraphStyle ID="StyleId-255154CA-71AA-47B9-A5EB-ED90642010CE-" ALIGN="Block" LEFT="0." RIGHT="0." FIRSTLINE="13." LINESPACE="7.900000095"/>
<ParagraphStyle ID="StyleId-4618FB06-20CA-4F95-9CA2-829603EE887D-" ALIGN="Block" LEFT="0." RIGHT="0." FIRSTLINE="0." LINESPACE="10."/>
<ParagraphStyle ID="StyleId-61F9B98E-BA82-4DCF-809A-0C5481162321-" ALIGN="Left" LEFT="0." RIGHT="0." FIRSTLINE="-13." LINESPACE="8.479999542"/>
<ParagraphStyle ID="StyleId-16A4FB0C-4CB7-44C8-846E-AF89DD76FC73-" ALIGN="Left" LEFT="0." RIGHT="0." FIRSTLINE="0." LINESPACE="11.10000038"/>
<ParagraphStyle ID="StyleId-8CC01B24-9D1D-45D5-B954-83ECA9EA3425-" ALIGN="Left" LEFT="0." RIGHT="0." FIRSTLINE="-13." LINESPACE="8.050000191"/>
<ParagraphStyle ID="StyleId-3DB8CD3F-AD17-4DD7-8361-787A6A426C72-" ALIGN="Block" LEFT="0." RIGHT="0." FIRSTLINE="13." LINESPACE="7.900000095"/>
</Styles>
<Layout>
<Page ID="Page655" PHYSICAL_IMG_NR="655" HEIGHT="4361" WIDTH="2542">
<TopMargin HEIGHT="340" WIDTH="2542" VPOS="0" HPOS="0">
</TopMargin>
<LeftMargin HEIGHT="3716" WIDTH="114" VPOS="340" HPOS="0">
</LeftMargin>
<RightMargin HEIGHT="3716" WIDTH="404" VPOS="340" HPOS="2138">
</RightMargin>
<BottomMargin HEIGHT="305" WIDTH="2542" VPOS="4056" HPOS="0">
</BottomMargin>
<PrintSpace HEIGHT="3716" WIDTH="2024" VPOS="340" HPOS="114">
<TextBlock ID="Page655_Block1" HEIGHT="70" WIDTH="120" VPOS="3986" HPOS="1070" LANG="en-US" STYLEREFS="StyleId-E1A86E81-6DFB-4CEA-99C5-C70F89AD58B8-">
<TextLine HEIGHT="51" WIDTH="100" VPOS="3996" HPOS="1080">
<String CONTENT="655" HEIGHT="51" WIDTH="100" VPOS="3996" HPOS="1080"/>
</TextLine>
</TextBlock>
<TextBlock ID="Page655_Block2" HEIGHT="3654" WIDTH="2024" VPOS="340" HPOS="114" LANG="en-US" CS="1" STYLEREFS="StyleId-9E98B6A2-7E4D-4AEA-84BF-A3076FEE255A-">
<TextLine HEIGHT="41" WIDTH="285" VPOS="433" HPOS="194" CS="1">
<String CONTENT="1" HEIGHT="39" WIDTH="25" VPOS="433" HPOS="194"/>
<SP HEIGHT="39" WIDTH="33" VPOS="433" HPOS="220"/>
<String CS="1" CONTENT="v"/>
<String LANG="fr" CONTENT="." HEIGHT="11" WIDTH="10" VPOS="463" HPOS="289"/>
<SP HEIGHT="41" WIDTH="60" VPOS="433" HPOS="300"/>
<String CONTENT="22" HEIGHT="39" WIDTH="56" VPOS="433" HPOS="361"/>
<String STYLE="superscript" CS="1" CONTENT="&#7580;&#7504;"/>
<String CONTENT="." HEIGHT="10" WIDTH="10" VPOS="463" HPOS="469"/>
</TextLine>
<TextLine HEIGHT="52" WIDTH="1992" VPOS="484" HPOS="128" STYLEREFS="StyleId-551FC337-8A16-4C19-9D0C-32614471033D-" CS="1">
<String CONTENT="&#169;" HEIGHT="52" WIDTH="52" VPOS="484" HPOS="128"/>
<SP HEIGHT="52" WIDTH="25" VPOS="484" HPOS="181"/>
<String CONTENT="Oct." HEIGHT="41" WIDTH="101" VPOS="488" HPOS="207"/>
<SP HEIGHT="39" WIDTH="23" VPOS="489" HPOS="309"/>
<String CONTENT="30," HEIGHT="48" WIDTH="70" VPOS="488" HPOS="333"/>
<SP HEIGHT="47" WIDTH="24" VPOS="489" HPOS="404"/>
<String CONTENT="1928;" HEIGHT="45" WIDTH="140" VPOS="487" HPOS="429"/>
<SP/>
<String CS="1" CONTENT="1c."/>
<SP/>
<String CONTENT="Feb." HEIGHT="41" WIDTH="112" VPOS="487" HPOS="689"/>
<SP HEIGHT="41" WIDTH="23" VPOS="487" HPOS="802"/>
<String CONTENT="5," HEIGHT="40" WIDTH="39" VPOS="487" HPOS="826"/>
<SP HEIGHT="38" WIDTH="26" VPOS="489" HPOS="866"/>
<String CONTENT="1929;" HEIGHT="46" WIDTH="141" VPOS="487" HPOS="893"/>
<SP HEIGHT="46" WIDTH="26" VPOS="487" HPOS="1035"/>
<!-- cceid 97614FD9-6CFA-1014-9C3C-CEA95E7AA542 --><String CONTENT="A&#8212;Foreign" HEIGHT="48" WIDTH="311" VPOS="485" HPOS="1062"/>
<SP HEIGHT="37" WIDTH="25" VPOS="487" HPOS="1374"/>
<String CS="1" CONTENT="1826;" HEIGHT="46" WIDTH="140" VPOS="486" HPOS="1400"/>
<SP HEIGHT="46" WIDTH="29" VPOS="486" HPOS="1541"/>
<String CS="1" CONTENT="Koehler" HEIGHT="39" WIDTH="211" VPOS="486" HPOS="1571"/>
<SP HEIGHT="38" WIDTH="26" VPOS="487" HPOS="1783"/>
<String CONTENT="&amp;" HEIGHT="38" WIDTH="36" VPOS="487" HPOS="1810"/>
<SP HEIGHT="40" WIDTH="23" VPOS="485" HPOS="1847"/>
<String CONTENT="Amelang," HEIGHT="49" WIDTH="249" VPOS="485" HPOS="1871"/>
</TextLine>
<TextLine HEIGHT="49" WIDTH="620" VPOS="542" HPOS="197" STYLEREFS="StyleId-551FC337-8A16-4C19-9D0C-32614471033D-">
<String CONTENT="g." HEIGHT="38" WIDTH="41" VPOS="553" HPOS="197"/>
<SP HEIGHT="29" WIDTH="28" VPOS="555" HPOS="239"/>
<String CONTENT="m." HEIGHT="29" WIDTH="59" VPOS="555" HPOS="268"/>
<SP HEIGHT="40" WIDTH="27" VPOS="544" HPOS="328"/>
<String CONTENT="b." HEIGHT="39" WIDTH="40" VPOS="544" HPOS="356"/>
<SP HEIGHT="39" WIDTH="27" VPOS="544" HPOS="397"/>
<String CONTENT="h." HEIGHT="38" WIDTH="45" VPOS="544" HPOS="425"/>
<SP HEIGHT="47" WIDTH="65" VPOS="544" HPOS="471"/>
<String CONTENT="(29-10547)" HEIGHT="49" WIDTH="280" VPOS="542" HPOS="537"/>
</TextLine>
<TextLine HEIGHT="64" WIDTH="1055" VPOS="635" HPOS="126">
<String CONTENT="Thurston," HEIGHT="64" WIDTH="321" VPOS="635" HPOS="126"/>
<SP HEIGHT="63" WIDTH="27" VPOS="636" HPOS="448"/>
<String CONTENT="Ernest" HEIGHT="51" WIDTH="218" VPOS="636" HPOS="476"/>
<SP HEIGHT="52" WIDTH="26" VPOS="635" HPOS="695"/>
<String CONTENT="Temple," HEIGHT="64" WIDTH="256" VPOS="635" HPOS="722"/>
<SP HEIGHT="58" WIDTH="31" VPOS="641" HPOS="979"/>
<String CONTENT="1879-" HEIGHT="53" WIDTH="170" VPOS="636" HPOS="1011"/>
</TextLine>
<TextLine HEIGHT="70" WIDTH="1927" VPOS="711" HPOS="196">
<String CONTENT="Portrait" HEIGHT="52" WIDTH="259" VPOS="713" HPOS="196"/>
<SP HEIGHT="47" WIDTH="27" VPOS="718" HPOS="456"/>
<String CONTENT="of" HEIGHT="53" WIDTH="62" VPOS="712" HPOS="484"/>
<SP HEIGHT="53" WIDTH="26" VPOS="712" HPOS="547"/>
<String CONTENT="a" HEIGHT="34" WIDTH="32" VPOS="731" HPOS="574"/>
<SP HEIGHT="34" WIDTH="27" VPOS="731" HPOS="607"/>
<String CONTENT="spy," HEIGHT="51" WIDTH="123" VPOS="730" HPOS="635"/>
<SP HEIGHT="49" WIDTH="28" VPOS="731" HPOS="759"/>
<String CONTENT="a" HEIGHT="34" WIDTH="32" VPOS="731" HPOS="788"/>
<SP HEIGHT="34" WIDTH="26" VPOS="731" HPOS="821"/>
<String CONTENT="novel" HEIGHT="52" WIDTH="165" VPOS="713" HPOS="848"/>
<SP HEIGHT="53" WIDTH="28" VPOS="712" HPOS="1014"/>
<String CONTENT="by" HEIGHT="69" WIDTH="76" VPOS="712" HPOS="1043"/>
<SP HEIGHT="68" WIDTH="28" VPOS="713" HPOS="1120"/>
<String CONTENT="E." HEIGHT="51" WIDTH="66" VPOS="713" HPOS="1149"/>
<SP HEIGHT="51" WIDTH="31" VPOS="713" HPOS="1216"/>
<String CONTENT="Temple" HEIGHT="68" WIDTH="235" VPOS="712" HPOS="1248"/>
<SP HEIGHT="52" WIDTH="30" VPOS="712" HPOS="1484"/>
<String CONTENT="Thurston." HEIGHT="54" WIDTH="307" VPOS="711" HPOS="1515"/>
<SP HEIGHT="55" WIDTH="68" VPOS="711" HPOS="1823"/>
<String CONTENT="Garden" HEIGHT="55" WIDTH="231" VPOS="711" HPOS="1892"/>
</TextLine>
<TextLine HEIGHT="70" WIDTH="1758" VPOS="789" HPOS="128">
<String CONTENT="City," HEIGHT="70" WIDTH="153" VPOS="789" HPOS="128"/>
<SP HEIGHT="67" WIDTH="29" VPOS="791" HPOS="282"/>
<String LANG="fr" CONTENT="N." HEIGHT="52" WIDTH="70" VPOS="791" HPOS="312"/>
<SP HEIGHT="52" WIDTH="34" VPOS="791" HPOS="383"/>
<String CONTENT="Y.," HEIGHT="66" WIDTH="91" VPOS="791" HPOS="418"/>
<SP HEIGHT="67" WIDTH="29" VPOS="790" HPOS="510"/>
<String CONTENT="Doubleday," HEIGHT="69" WIDTH="357" VPOS="790" HPOS="540"/>
<SP HEIGHT="67" WIDTH="30" VPOS="791" HPOS="898"/>
<String CONTENT="Doran" HEIGHT="52" WIDTH="199" VPOS="791" HPOS="929"/>
<SP HEIGHT="50" WIDTH="32" VPOS="792" HPOS="1129"/>
<String CONTENT="&amp;" HEIGHT="50" WIDTH="45" VPOS="792" HPOS="1162"/>
<SP HEIGHT="50" WIDTH="31" VPOS="792" HPOS="1208"/>
<String CONTENT="company," HEIGHT="51" WIDTH="300" VPOS="807" HPOS="1240"/>
<SP HEIGHT="67" WIDTH="32" VPOS="789" HPOS="1541"/>
<String CONTENT="inc.," HEIGHT="68" WIDTH="125" VPOS="789" HPOS="1574"/>
<SP HEIGHT="64" WIDTH="35" VPOS="793" HPOS="1700"/>
<String CONTENT="1929." HEIGHT="50" WIDTH="150" VPOS="792" HPOS="1736"/>
</TextLine>
<TextLine HEIGHT="78" WIDTH="598" VPOS="842" HPOS="197" STYLEREFS="StyleId-8EAF3258-9D19-4613-A246-51B39BDAF912-" CS="1">
<String CONTENT="5" HEIGHT="39" WIDTH="26" VPOS="872" HPOS="197"/>
<SP/>
<String LANG="fr" CONTENT="p." HEIGHT="37" WIDTH="42" VPOS="883" HPOS="252"/>
<SP HEIGHT="44" WIDTH="25" VPOS="868" HPOS="295"/>
<String LANG="fr" CS="1" CONTENT="l"/>
<String CS="1" CONTENT=".," HEIGHT="8" WIDTH="8" VPOS="904" HPOS="347"/>
<SP HEIGHT="76" WIDTH="24" VPOS="842" HPOS="374"/>
<String CONTENT="3-315" HEIGHT="41" WIDTH="146" VPOS="871" HPOS="399"/>
<SP HEIGHT="48" WIDTH="26" VPOS="871" HPOS="546"/>
<String CONTENT="p." HEIGHT="37" WIDTH="45" VPOS="882" HPOS="573"/>
<SP HEIGHT="41" WIDTH="57" VPOS="872" HPOS="619"/>
<String CONTENT="20" HEIGHT="39" WIDTH="56" VPOS="872" HPOS="677"/>
<String STYLE="superscript" CS="1" CONTENT="&#7580;&#7504;"/>
<String CONTENT="." HEIGHT="9" WIDTH="9" VPOS="903" HPOS="786"/>
</TextLine>
<TextLine HEIGHT="53" WIDTH="1993" VPOS="925" HPOS="128" STYLEREFS="StyleId-551FC337-8A16-4C19-9D0C-32614471033D-" CS="1">
<String CONTENT="&#169;" HEIGHT="53" WIDTH="51" VPOS="925" HPOS="128"/>
<SP HEIGHT="53" WIDTH="26" VPOS="925" HPOS="180"/>
<String CONTENT="Apr." HEIGHT="47" WIDTH="115" VPOS="930" HPOS="207"/>
<SP HEIGHT="39" WIDTH="26" VPOS="931" HPOS="323"/>
<String CS="1" CONTENT="26," HEIGHT="44" WIDTH="69" VPOS="931" HPOS="350"/>
<SP HEIGHT="45" WIDTH="27" VPOS="930" HPOS="420"/>
<String CONTENT="1929;" HEIGHT="41" WIDTH="141" VPOS="930" HPOS="448"/>
<SP HEIGHT="41" WIDTH="28" VPOS="930" HPOS="590"/>
<String CONTENT="2c." HEIGHT="40" WIDTH="67" VPOS="930" HPOS="619"/>
<SP HEIGHT="30" WIDTH="28" VPOS="940" HPOS="687"/>
<String CONTENT="and" HEIGHT="39" WIDTH="96" VPOS="930" HPOS="716"/>
<SP HEIGHT="39" WIDTH="26" VPOS="930" HPOS="813"/>
<String CONTENT="aff." HEIGHT="41" WIDTH="81" VPOS="929" HPOS="840"/>
<SP HEIGHT="41" WIDTH="29" VPOS="929" HPOS="922"/>
<String CONTENT="Apr." HEIGHT="49" WIDTH="113" VPOS="929" HPOS="952"/>
<SP HEIGHT="40" WIDTH="26" VPOS="930" HPOS="1066"/>
<String CONTENT="29;" HEIGHT="47" WIDTH="83" VPOS="929" HPOS="1093"/>
<SP HEIGHT="47" WIDTH="30" VPOS="929" HPOS="1177"/>
<!-- cceid 97621F04-6CFA-1014-9C3C-CEA95E7AA542 --><String CONTENT="A" HEIGHT="39" WIDTH="41" VPOS="929" HPOS="1208"/>
<SP HEIGHT="40" WIDTH="25" VPOS="928" HPOS="1250"/>
<String CONTENT="6862;" HEIGHT="47" WIDTH="141" VPOS="928" HPOS="1276"/>
<SP HEIGHT="45" WIDTH="32" VPOS="930" HPOS="1418"/>
<String CONTENT="E." HEIGHT="39" WIDTH="52" VPOS="930" HPOS="1451"/>
<SP HEIGHT="41" WIDTH="28" VPOS="928" HPOS="1504"/>
<String CONTENT="T." HEIGHT="41" WIDTH="53" VPOS="928" HPOS="1533"/>
<SP HEIGHT="40" WIDTH="28" VPOS="929" HPOS="1587"/>
<String CONTENT="Thurston." HEIGHT="41" WIDTH="260" VPOS="929" HPOS="1616"/>
<SP HEIGHT="41" WIDTH="31" VPOS="929" HPOS="1877"/>
<String CONTENT="London." HEIGHT="40" WIDTH="212" VPOS="929" HPOS="1909"/>
</TextLine>
<TextLine HEIGHT="49" WIDTH="281" VPOS="985" HPOS="206" STYLEREFS="StyleId-551FC337-8A16-4C19-9D0C-32614471033D-">
<String CONTENT="(29-10171)" HEIGHT="49" WIDTH="281" VPOS="985" HPOS="206"/>
</TextLine>
<TextLine HEIGHT="63" WIDTH="608" VPOS="1080" HPOS="127" STYLEREFS="StyleId-46884671-6DF0-4896-A3B4-B8A0534DDFAC-">
<String CONTENT="Tomkins," HEIGHT="63" WIDTH="301" VPOS="1080" HPOS="127"/>
<SP HEIGHT="63" WIDTH="33" VPOS="1080" HPOS="429"/>
<String CONTENT="William." HEIGHT="54" WIDTH="272" VPOS="1080" HPOS="463"/>
</TextLine>
<TextLine HEIGHT="71" WIDTH="1933" VPOS="1156" HPOS="194">
<String CONTENT="Universal" HEIGHT="53" WIDTH="307" VPOS="1158" HPOS="194"/>
<SP HEIGHT="52" WIDTH="42" VPOS="1158" HPOS="502"/>
<String CONTENT="Indian" HEIGHT="52" WIDTH="213" VPOS="1158" HPOS="545"/>
<SP HEIGHT="34" WIDTH="40" VPOS="1177" HPOS="759"/>
<String CONTENT="sign" HEIGHT="68" WIDTH="129" VPOS="1158" HPOS="800"/>
<SP HEIGHT="52" WIDTH="41" VPOS="1157" HPOS="930"/>
<String CONTENT="language" HEIGHT="70" WIDTH="282" VPOS="1157" HPOS="972"/>
<SP HEIGHT="34" WIDTH="42" VPOS="1176" HPOS="1255"/>
<String CONTENT="of" HEIGHT="54" WIDTH="65" VPOS="1156" HPOS="1298"/>
<SP HEIGHT="54" WIDTH="40" VPOS="1156" HPOS="1364"/>
<String CONTENT="the" HEIGHT="53" WIDTH="97" VPOS="1157" HPOS="1405"/>
<SP HEIGHT="50" WIDTH="40" VPOS="1175" HPOS="1503"/>
<String CONTENT="plains" HEIGHT="68" WIDTH="188" VPOS="1157" HPOS="1544"/>
<SP HEIGHT="54" WIDTH="42" VPOS="1157" HPOS="1733"/>
<String CONTENT="Indians" HEIGHT="55" WIDTH="242" VPOS="1156" HPOS="1776"/>
<SP HEIGHT="35" WIDTH="43" VPOS="1176" HPOS="2019"/>
<String CONTENT="of" HEIGHT="53" WIDTH="64" VPOS="1157" HPOS="2063"/>
</TextLine>
<TextLine HEIGHT="70" WIDTH="2002" VPOS="1234" HPOS="125">
<String CONTENT="North" HEIGHT="53" WIDTH="186" VPOS="1235" HPOS="125"/>
<SP HEIGHT="52" WIDTH="37" VPOS="1235" HPOS="312"/>
<String CONTENT="America," HEIGHT="68" WIDTH="283" VPOS="1235" HPOS="350"/>
<SP HEIGHT="62" WIDTH="35" VPOS="1241" HPOS="634"/>
<String CONTENT="together" HEIGHT="68" WIDTH="261" VPOS="1236" HPOS="670"/>
<SP HEIGHT="33" WIDTH="36" VPOS="1255" HPOS="932"/>
<String CONTENT="with" HEIGHT="52" WIDTH="137" VPOS="1236" HPOS="969"/>
<SP HEIGHT="53" WIDTH="41" VPOS="1236" HPOS="1107"/>
<String CONTENT="a" HEIGHT="33" WIDTH="31" VPOS="1256" HPOS="1149"/>
<SP HEIGHT="33" WIDTH="36" VPOS="1256" HPOS="1181"/>
<String CONTENT="simplified" HEIGHT="68" WIDTH="309" VPOS="1235" HPOS="1218"/>
<SP HEIGHT="53" WIDTH="37" VPOS="1235" HPOS="1528"/>
<String CONTENT="method" HEIGHT="53" WIDTH="231" VPOS="1235" HPOS="1566"/>
<SP HEIGHT="53" WIDTH="36" VPOS="1235" HPOS="1798"/>
<String CONTENT="of" HEIGHT="53" WIDTH="65" VPOS="1234" HPOS="1835"/>
<SP HEIGHT="54" WIDTH="35" VPOS="1234" HPOS="1901"/>
<String CONTENT="study," HEIGHT="68" WIDTH="190" VPOS="1235" HPOS="1937"/>
</TextLine>
<TextLine HEIGHT="149" WIDTH="1976" VPOS="1312" HPOS="125" CS="1">
<String CONTENT="a" HEIGHT="34" WIDTH="32" VPOS="1333" HPOS="126"/>
<SP HEIGHT="52" WIDTH="38" VPOS="1315" HPOS="159"/>
<String CONTENT="list" HEIGHT="53" WIDTH="96" VPOS="1314" HPOS="198"/>
<SP HEIGHT="47" WIDTH="36" VPOS="1319" HPOS="295"/>
<String CONTENT="of" HEIGHT="54" WIDTH="65" VPOS="1312" HPOS="332"/>
<SP HEIGHT="53" WIDTH="35" VPOS="1312" HPOS="398"/>
<String CONTENT="words" HEIGHT="53" WIDTH="186" VPOS="1314" HPOS="434"/>
<SP HEIGHT="53" WIDTH="38" VPOS="1314" HPOS="621"/>
<String CONTENT="in" HEIGHT="51" WIDTH="58" VPOS="1314" HPOS="660"/>
<SP HEIGHT="33" WIDTH="38" VPOS="1332" HPOS="719"/>
<String CONTENT="most" HEIGHT="47" WIDTH="146" VPOS="1319" HPOS="758"/>
<SP HEIGHT="63" WIDTH="38" VPOS="1319" HPOS="905"/>
<String CONTENT="general" HEIGHT="66" WIDTH="230" VPOS="1316" HPOS="944"/>
<SP HEIGHT="50" WIDTH="38" VPOS="1316" HPOS="1175"/>
<String CONTENT="use," HEIGHT="49" WIDTH="113" VPOS="1332" HPOS="1214"/>
<SP HEIGHT="49" WIDTH="39" VPOS="1332" HPOS="1328"/>
<String CONTENT="a" HEIGHT="34" WIDTH="31" VPOS="1332" HPOS="1368"/>
<SP HEIGHT="34" WIDTH="38" VPOS="1332" HPOS="1400"/>
<String CONTENT="codification" HEIGHT="55" WIDTH="361" VPOS="1312" HPOS="1439"/>
<SP HEIGHT="34" WIDTH="38" VPOS="1331" HPOS="1801"/>
<String CONTENT="of" HEIGHT="53" WIDTH="66" VPOS="1312" HPOS="1840"/>
<SP HEIGHT="70" WIDTH="38" VPOS="1312" HPOS="1907"/>
<String CONTENT="pictographic" HEIGHT="148" WIDTH="1976" VPOS="1313" HPOS="125"/>
</TextLine>
<TextLine HEIGHT="70" WIDTH="1725" VPOS="1391" HPOS="402">
<String CONTENT="symbols" HEIGHT="69" WIDTH="247" VPOS="1392" HPOS="402"/>
<SP HEIGHT="34" WIDTH="35" VPOS="1411" HPOS="650"/>
<String CONTENT="of" HEIGHT="54" WIDTH="65" VPOS="1391" HPOS="686"/>
<SP HEIGHT="54" WIDTH="33" VPOS="1391" HPOS="752"/>
<String CONTENT="the" HEIGHT="51" WIDTH="95" VPOS="1394" HPOS="786"/>
<SP HEIGHT="56" WIDTH="39" VPOS="1391" HPOS="882"/>
<String CONTENT="Sioux" HEIGHT="56" WIDTH="178" VPOS="1391" HPOS="922"/>
<SP HEIGHT="34" WIDTH="36" VPOS="1411" HPOS="1101"/>
<String CONTENT="and" HEIGHT="52" WIDTH="113" VPOS="1393" HPOS="1138"/>
<SP HEIGHT="56" WIDTH="37" VPOS="1391" HPOS="1252"/>
<String CONTENT="Ojibway;" HEIGHT="70" WIDTH="297" VPOS="1391" HPOS="1290"/>
<SP HEIGHT="49" WIDTH="41" VPOS="1410" HPOS="1588"/>
<String CONTENT="a" HEIGHT="34" WIDTH="30" VPOS="1410" HPOS="1630"/>
<SP HEIGHT="53" WIDTH="38" VPOS="1392" HPOS="1661"/>
<String CONTENT="dictionary" HEIGHT="70" WIDTH="326" VPOS="1391" HPOS="1700"/>
<SP HEIGHT="51" WIDTH="35" VPOS="1410" HPOS="2027"/>
<String CONTENT="of" HEIGHT="54" WIDTH="64" VPOS="1391" HPOS="2063"/>
</TextLine>
<TextLine HEIGHT="147" WIDTH="1979" VPOS="1470" HPOS="124" CS="1">
<String CONTENT="synonyms," HEIGHT="50" WIDTH="325" VPOS="1489" HPOS="125"/>
<SP HEIGHT="48" WIDTH="30" VPOS="1489" HPOS="451"/>
<String CONTENT="a" HEIGHT="34" WIDTH="31" VPOS="1489" HPOS="482"/>
<SP HEIGHT="53" WIDTH="29" VPOS="1470" HPOS="514"/>
<String CONTENT="history" HEIGHT="69" WIDTH="222" VPOS="1470" HPOS="544"/>
<SP HEIGHT="50" WIDTH="30" VPOS="1489" HPOS="767"/>
<String CONTENT="of" HEIGHT="53" WIDTH="64" VPOS="1470" HPOS="798"/>
<SP HEIGHT="54" WIDTH="29" VPOS="1470" HPOS="863"/>
<String CONTENT="sign" HEIGHT="69" WIDTH="129" VPOS="1470" HPOS="893"/>
<SP HEIGHT="52" WIDTH="29" VPOS="1471" HPOS="1023"/>
<String CONTENT="language," HEIGHT="68" WIDTH="302" VPOS="1471" HPOS="1053"/>
<SP HEIGHT="49" WIDTH="31" VPOS="1489" HPOS="1356"/>
<String CONTENT="chapters" HEIGHT="69" WIDTH="263" VPOS="1470" HPOS="1388"/>
<SP HEIGHT="34" WIDTH="32" VPOS="1489" HPOS="1652"/>
<String CONTENT="on" HEIGHT="34" WIDTH="72" VPOS="1489" HPOS="1685"/>
<SP HEIGHT="33" WIDTH="30" VPOS="1490" HPOS="1758"/>
<String CONTENT="smoke" HEIGHT="54" WIDTH="195" VPOS="1470" HPOS="1789"/>
<SP HEIGHT="34" WIDTH="28" VPOS="1490" HPOS="1985"/>
<String CONTENT="signaling," HEIGHT="147" WIDTH="1979" VPOS="1470" HPOS="124"/>
</TextLine>
<TextLine HEIGHT="146" WIDTH="1975" VPOS="1548" HPOS="125" CS="1">
<String CONTENT="use" HEIGHT="33" WIDTH="94" VPOS="1568" HPOS="368"/>
<SP HEIGHT="33" WIDTH="25" VPOS="1568" HPOS="463"/>
<String CONTENT="of" HEIGHT="53" WIDTH="63" VPOS="1548" HPOS="489"/>
<SP HEIGHT="53" WIDTH="23" VPOS="1548" HPOS="553"/>
<String CONTENT="idioms," HEIGHT="68" WIDTH="224" VPOS="1548" HPOS="577"/>
<SP HEIGHT="49" WIDTH="24" VPOS="1567" HPOS="802"/>
<String CONTENT="etc.," HEIGHT="62" WIDTH="120" VPOS="1554" HPOS="827"/>
<SP HEIGHT="49" WIDTH="25" VPOS="1567" HPOS="948"/>
<String CONTENT="and" HEIGHT="52" WIDTH="112" VPOS="1549" HPOS="974"/>
<SP HEIGHT="52" WIDTH="26" VPOS="1549" HPOS="1087"/>
<String CONTENT="other" HEIGHT="52" WIDTH="162" VPOS="1549" HPOS="1114"/>
<SP HEIGHT="52" WIDTH="25" VPOS="1549" HPOS="1277"/>
<String CONTENT="important" HEIGHT="67" WIDTH="318" VPOS="1549" HPOS="1303"/>
<SP HEIGHT="47" WIDTH="25" VPOS="1554" HPOS="1622"/>
<String CONTENT="co-related" HEIGHT="53" WIDTH="308" VPOS="1548" HPOS="1648"/>
<SP HEIGHT="54" WIDTH="25" VPOS="1549" HPOS="1957"/>
<String CONTENT="matter," HEIGHT="137" WIDTH="1975" VPOS="1555" HPOS="125"/>
<SP HEIGHT="66" WIDTH="29" VPOS="1626" HPOS="229"/>
<String CONTENT="by" HEIGHT="68" WIDTH="76" VPOS="1626" HPOS="259"/>
<SP HEIGHT="67" WIDTH="30" VPOS="1627" HPOS="336"/>
<String CONTENT="William" HEIGHT="56" WIDTH="260" VPOS="1626" HPOS="367"/>
</TextLine>
<TextLine HEIGHT="69" WIDTH="1466" VPOS="1625" HPOS="660" CS="1">
<String CONTENT="Tomkins" HEIGHT="54" WIDTH="276" VPOS="1626" HPOS="660"/>
<SP HEIGHT="33" WIDTH="36" VPOS="1647" HPOS="937"/>
<String CS="1" CONTENT="&#8230;"/>
<SP HEIGHT="55" WIDTH="76" VPOS="1626" HPOS="1030"/>
<String CONTENT="San" HEIGHT="55" WIDTH="117" VPOS="1626" HPOS="1107"/>
<SP HEIGHT="51" WIDTH="32" VPOS="1628" HPOS="1225"/>
<String CONTENT="Diego," HEIGHT="67" WIDTH="204" VPOS="1627" HPOS="1258"/>
<SP HEIGHT="67" WIDTH="33" VPOS="1626" HPOS="1463"/>
<String CONTENT="Calif.," HEIGHT="68" WIDTH="194" VPOS="1625" HPOS="1497"/>
<SP HEIGHT="67" WIDTH="31" VPOS="1626" HPOS="1692"/>
<String CS="1" CONTENT="W." HEIGHT="9" WIDTH="9" VPOS="1669" HPOS="1805"/>
<SP HEIGHT="51" WIDTH="35" VPOS="1627" HPOS="1815"/>
<String CONTENT="Tomkins" HEIGHT="54" WIDTH="275" VPOS="1626" HPOS="1851"/>
</TextLine>
<TextLine HEIGHT="64" WIDTH="192" VPOS="1707" HPOS="131" CS="1">
<String CONTENT="[" HEIGHT="34" WIDTH="11" VPOS="1737" HPOS="131"/>
<String STYLE="superscript" CS="1" CONTENT="&#7580;1"/>
<String CONTENT="929]" HEIGHT="63" WIDTH="118" VPOS="1707" HPOS="205"/>
</TextLine>
<TextLine HEIGHT="51" WIDTH="1190" VPOS="1785" HPOS="194" STYLEREFS="StyleId-551FC337-8A16-4C19-9D0C-32614471033D-" CS="1">
<String CONTENT="96," HEIGHT="48" WIDTH="69" VPOS="1786" HPOS="194"/>
<SP HEIGHT="30" WIDTH="32" VPOS="1806" HPOS="264"/>
<String CONTENT="[2]" HEIGHT="50" WIDTH="54" VPOS="1786" HPOS="297"/>
<SP HEIGHT="38" WIDTH="30" VPOS="1797" HPOS="352"/>
<String CONTENT="p." HEIGHT="37" WIDTH="42" VPOS="1797" HPOS="383"/>
<SP HEIGHT="40" WIDTH="55" VPOS="1786" HPOS="426"/>
<String CONTENT="front.," HEIGHT="46" WIDTH="163" VPOS="1786" HPOS="482"/>
<SP HEIGHT="47" WIDTH="28" VPOS="1785" HPOS="646"/>
<String CONTENT="illus." HEIGHT="42" WIDTH="128" VPOS="1785" HPOS="675"/>
<SP HEIGHT="48" WIDTH="28" VPOS="1786" HPOS="804"/>
<String CONTENT="(incl." HEIGHT="49" WIDTH="133" VPOS="1785" HPOS="833"/>
<SP HEIGHT="37" WIDTH="29" VPOS="1797" HPOS="967"/>
<String CONTENT="ports.)" HEIGHT="49" WIDTH="175" VPOS="1785" HPOS="997"/>
<SP HEIGHT="46" WIDTH="63" VPOS="1785" HPOS="1173"/>
<String CS="1" CONTENT="25&#189;" HEIGHT="41" WIDTH="56" VPOS="1785" HPOS="1237"/>
<String STYLE="superscript" CS="1" CONTENT="&#7580;&#7504;"/>
<String CONTENT="." HEIGHT="8" WIDTH="8" VPOS="1819" HPOS="1376"/>
</TextLine>
<TextLine HEIGHT="43" WIDTH="438" VPOS="1841" HPOS="197" STYLEREFS="StyleId-551FC337-8A16-4C19-9D0C-32614471033D-">
<String CONTENT="&#8220;Third" HEIGHT="41" WIDTH="179" VPOS="1842" HPOS="197"/>
<SP HEIGHT="39" WIDTH="30" VPOS="1844" HPOS="377"/>
<String CONTENT="edition.&#8221;" HEIGHT="43" WIDTH="227" VPOS="1841" HPOS="408"/>
</TextLine>
<TextLine HEIGHT="48" WIDTH="1926" VPOS="1899" HPOS="198" STYLEREFS="StyleId-551FC337-8A16-4C19-9D0C-32614471033D-">
<String CONTENT="&#8220;French" HEIGHT="41" WIDTH="215" VPOS="1899" HPOS="198"/>
<SP HEIGHT="40" WIDTH="31" VPOS="1899" HPOS="414"/>
<String CONTENT="and" HEIGHT="39" WIDTH="96" VPOS="1900" HPOS="446"/>
<SP HEIGHT="40" WIDTH="31" VPOS="1900" HPOS="543"/>
<String CONTENT="German" HEIGHT="40" WIDTH="209" VPOS="1900" HPOS="575"/>
<SP HEIGHT="30" WIDTH="31" VPOS="1909" HPOS="785"/>
<String CONTENT="equivalents" HEIGHT="48" WIDTH="305" VPOS="1899" HPOS="817"/>
<SP HEIGHT="29" WIDTH="32" VPOS="1910" HPOS="1123"/>
<String CONTENT="are" HEIGHT="31" WIDTH="84" VPOS="1910" HPOS="1156"/>
<SP HEIGHT="30" WIDTH="30" VPOS="1911" HPOS="1241"/>
<String CONTENT="shown" HEIGHT="40" WIDTH="167" VPOS="1900" HPOS="1272"/>
<SP HEIGHT="28" WIDTH="32" VPOS="1912" HPOS="1440"/>
<String CONTENT="with" HEIGHT="40" WIDTH="120" VPOS="1900" HPOS="1473"/>
<SP HEIGHT="38" WIDTH="31" VPOS="1901" HPOS="1594"/>
<String CONTENT="each" HEIGHT="39" WIDTH="116" VPOS="1901" HPOS="1626"/>
<SP HEIGHT="39" WIDTH="34" VPOS="1900" HPOS="1743"/>
<String CONTENT="illustration.&#8221;" HEIGHT="42" WIDTH="346" VPOS="1899" HPOS="1778"/>
</TextLine>
<TextLine HEIGHT="56" WIDTH="1992" VPOS="1952" HPOS="129" STYLEREFS="StyleId-551FC337-8A16-4C19-9D0C-32614471033D-" CS="1">
<String CONTENT="&#169;" HEIGHT="52" WIDTH="52" VPOS="1952" HPOS="129"/>
<SP HEIGHT="52" WIDTH="24" VPOS="1952" HPOS="182"/>
<String CONTENT="Apr." HEIGHT="48" WIDTH="114" VPOS="1956" HPOS="207"/>
<SP HEIGHT="38" WIDTH="23" VPOS="1958" HPOS="322"/>
<String CONTENT="27," HEIGHT="45" WIDTH="69" VPOS="1957" HPOS="346"/>
<SP HEIGHT="45" WIDTH="24" VPOS="1957" HPOS="416"/>
<String CONTENT="1929;" HEIGHT="44" WIDTH="139" VPOS="1957" HPOS="441"/>
<SP HEIGHT="44" WIDTH="26" VPOS="1957" HPOS="581"/>
<String CONTENT="2c." HEIGHT="40" WIDTH="66" VPOS="1957" HPOS="608"/>
<SP HEIGHT="40" WIDTH="25" VPOS="1957" HPOS="675"/>
<String CONTENT="May" HEIGHT="47" WIDTH="113" VPOS="1957" HPOS="701"/>
<SP HEIGHT="47" WIDTH="22" VPOS="1957" HPOS="815"/>
<String CS="1" CONTENT="3;" HEIGHT="39" WIDTH="26" VPOS="1957" HPOS="838"/>
<SP HEIGHT="36" WIDTH="26" VPOS="1967" HPOS="893"/>
<String CONTENT="aff." HEIGHT="42" WIDTH="82" VPOS="1956" HPOS="920"/>
<SP HEIGHT="40" WIDTH="25" VPOS="1958" HPOS="1003"/>
<String CONTENT="May" HEIGHT="46" WIDTH="112" VPOS="1958" HPOS="1029"/>
<SP HEIGHT="46" WIDTH="24" VPOS="1958" HPOS="1142"/>
<String CONTENT="2;" HEIGHT="43" WIDTH="54" VPOS="1958" HPOS="1167"/>
<SP HEIGHT="44" WIDTH="25" VPOS="1957" HPOS="1222"/>
<!-- cceid 9762ECA6-6CFA-1014-9C3C-CEA95E7AA542 --><String CONTENT="A" HEIGHT="39" WIDTH="41" VPOS="1957" HPOS="1248"/>
<SP HEIGHT="39" WIDTH="23" VPOS="1957" HPOS="1290"/>
<String CS="1" CONTENT="6903;" HEIGHT="39" WIDTH="83" VPOS="1958" HPOS="1344"/>
<SP HEIGHT="44" WIDTH="30" VPOS="1958" HPOS="1456"/>
<String CONTENT="W." HEIGHT="40" WIDTH="70" VPOS="1958" HPOS="1487"/>
<SP HEIGHT="40" WIDTH="24" VPOS="1958" HPOS="1558"/>
<String CONTENT="Tomkins&#183;." HEIGHT="41" WIDTH="245" VPOS="1957" HPOS="1583"/>
<SP HEIGHT="28" WIDTH="57" VPOS="1978" HPOS="1829"/>
<String CS="1" CONTENT="[&#169;" HEIGHT="52" WIDTH="52" VPOS="1953" HPOS="1904"/>
<SP HEIGHT="52" WIDTH="26" VPOS="1953" HPOS="1957"/>
<String CONTENT="book]" HEIGHT="49" WIDTH="137" VPOS="1959" HPOS="1984"/>
</TextLine>
<TextLine HEIGHT="49" WIDTH="281" VPOS="2011" HPOS="207" STYLEREFS="StyleId-551FC337-8A16-4C19-9D0C-32614471033D-">
<String CONTENT="(29-10371)" HEIGHT="49" WIDTH="281" VPOS="2011" HPOS="207"/>
</TextLine>
<TextLine HEIGHT="70" WIDTH="848" VPOS="2105" HPOS="128" STYLEREFS="StyleId-8B5371D3-0AB7-49F6-8DDA-64DC2F5CBE3E-" CS="1">
<String LANG="fr" CONTENT="U." HEIGHT="53" WIDTH="69" VPOS="2106" HPOS="128"/>
<SP HEIGHT="55" WIDTH="36" VPOS="2105" HPOS="198"/>
<String CONTENT="S." HEIGHT="55" WIDTH="55" VPOS="2105" HPOS="235"/>
<SP HEIGHT="51" WIDTH="74" VPOS="2107" HPOS="291"/>
<String CS="1" CONTENT="Laws," HEIGHT="67" WIDTH="184" VPOS="2107" HPOS="366"/>
<SP HEIGHT="45" WIDTH="33" VPOS="2129" HPOS="551"/>
<String CONTENT="statutes," HEIGHT="63" WIDTH="257" VPOS="2112" HPOS="585"/>
<SP HEIGHT="48" WIDTH="32" VPOS="2127" HPOS="843"/>
<String CONTENT="etc." HEIGHT="48" WIDTH="100" VPOS="2114" HPOS="876"/>
</TextLine>
<TextLine HEIGHT="57" WIDTH="1927" VPOS="2182" HPOS="198">
<String CONTENT="United" HEIGHT="54" WIDTH="217" VPOS="2183" HPOS="198"/>
<SP HEIGHT="55" WIDTH="27" VPOS="2182" HPOS="416"/>
<String CONTENT="States" HEIGHT="55" WIDTH="188" VPOS="2182" HPOS="444"/>
<SP HEIGHT="54" WIDTH="27" VPOS="2184" HPOS="633"/>
<String CONTENT="Code" HEIGHT="54" WIDTH="153" VPOS="2184" HPOS="661"/>
<SP HEIGHT="33" WIDTH="25" VPOS="2204" HPOS="815"/>
<String CONTENT="annotated." HEIGHT="53" WIDTH="324" VPOS="2185" HPOS="841"/>
<SP HEIGHT="51" WIDTH="64" VPOS="2186" HPOS="1166"/>
<String CONTENT="The" HEIGHT="52" WIDTH="121" VPOS="2186" HPOS="1231"/>
<SP HEIGHT="55" WIDTH="27" VPOS="2184" HPOS="1353"/>
<String CONTENT="Code" HEIGHT="55" WIDTH="154" VPOS="2184" HPOS="1381"/>
<SP HEIGHT="33" WIDTH="25" VPOS="2205" HPOS="1536"/>
<String CONTENT="of" HEIGHT="54" WIDTH="64" VPOS="2184" HPOS="1562"/>
<SP HEIGHT="54" WIDTH="23" VPOS="2184" HPOS="1627"/>
<String CONTENT="the" HEIGHT="51" WIDTH="94" VPOS="2187" HPOS="1651"/>
<SP HEIGHT="52" WIDTH="26" VPOS="2186" HPOS="1746"/>
<String CONTENT="laws" HEIGHT="53" WIDTH="139" VPOS="2186" HPOS="1773"/>
<SP HEIGHT="34" WIDTH="25" VPOS="2205" HPOS="1913"/>
<String CONTENT="of" HEIGHT="54" WIDTH="65" VPOS="2185" HPOS="1939"/>
<SP HEIGHT="53" WIDTH="24" VPOS="2185" HPOS="2005"/>
<String CONTENT="the" HEIGHT="50" WIDTH="95" VPOS="2188" HPOS="2030"/>
</TextLine>
<TextLine HEIGHT="72" WIDTH="1816" VPOS="2260" HPOS="125" CS="1">
<String CONTENT="United" HEIGHT="54" WIDTH="219" VPOS="2260" HPOS="125"/>
<SP HEIGHT="55" WIDTH="35" VPOS="2260" HPOS="345"/>
<String CONTENT="States" HEIGHT="55" WIDTH="187" VPOS="2260" HPOS="381"/>
<SP HEIGHT="53" WIDTH="33" VPOS="2261" HPOS="569"/>
<String CONTENT="in" HEIGHT="52" WIDTH="59" VPOS="2261" HPOS="603"/>
<SP HEIGHT="52" WIDTH="35" VPOS="2261" HPOS="663"/>
<String CONTENT="force" HEIGHT="53" WIDTH="154" VPOS="2261" HPOS="699"/>
<SP HEIGHT="51" WIDTH="33" VPOS="2263" HPOS="854"/>
<String CONTENT="December" HEIGHT="53" WIDTH="307" VPOS="2262" HPOS="888"/>
<SP HEIGHT="53" WIDTH="34" VPOS="2263" HPOS="1196"/>
<String CONTENT="7," HEIGHT="64" WIDTH="49" VPOS="2263" HPOS="1231"/>
<SP HEIGHT="61" WIDTH="35" VPOS="2266" HPOS="1281"/>
<String CONTENT="1925," HEIGHT="52" WIDTH="151" VPOS="2266" HPOS="1317"/>
<SP HEIGHT="35" WIDTH="34" VPOS="2283" HPOS="1469"/>
<String CONTENT="as" HEIGHT="33" WIDTH="59" VPOS="2283" HPOS="1504"/>
<SP HEIGHT="34" WIDTH="33" VPOS="2282" HPOS="1564"/>
<String CONTENT="enacted" HEIGHT="52" WIDTH="233" VPOS="2264" HPOS="1598"/>
<SP HEIGHT="53" WIDTH="32" VPOS="2263" HPOS="1832"/>
<String CONTENT="by" HEIGHT="69" WIDTH="76" VPOS="2263" HPOS="1865"/>
</TextLine>
<TextLine HEIGHT="147" WIDTH="1998" VPOS="2263" HPOS="127" CS="1">
<String CONTENT="Congress" HEIGHT="143" WIDTH="1973" VPOS="2263" HPOS="127"/>
<SP HEIGHT="54" WIDTH="21" VPOS="2338" HPOS="285"/>
<String CONTENT="June" HEIGHT="54" WIDTH="150" VPOS="2338" HPOS="307"/>
<SP HEIGHT="46" WIDTH="23" VPOS="2345" HPOS="458"/>
<String CONTENT="28" HEIGHT="49" WIDTH="65" VPOS="2343" HPOS="482"/>
<SP HEIGHT="49" WIDTH="24" VPOS="2343" HPOS="548"/>
<String CONTENT="and" HEIGHT="53" WIDTH="113" VPOS="2339" HPOS="573"/>
<SP HEIGHT="53" WIDTH="24" VPOS="2339" HPOS="687"/>
<String CONTENT="approved" HEIGHT="67" WIDTH="293" VPOS="2340" HPOS="712"/>
<SP HEIGHT="53" WIDTH="24" VPOS="2340" HPOS="1006"/>
<String CONTENT="June" HEIGHT="52" WIDTH="151" VPOS="2341" HPOS="1031"/>
<SP HEIGHT="47" WIDTH="25" VPOS="2345" HPOS="1183"/>
<String CONTENT="30," HEIGHT="62" WIDTH="83" VPOS="2345" HPOS="1209"/>
<SP HEIGHT="63" WIDTH="27" VPOS="2344" HPOS="1293"/>
<String CONTENT="1926" HEIGHT="49" WIDTH="134" VPOS="2344" HPOS="1321"/>
<SP HEIGHT="47" WIDTH="31" VPOS="2345" HPOS="1456"/>
<String CS="1" CONTENT="&#8230;"/>
<SP HEIGHT="51" WIDTH="64" VPOS="2341" HPOS="1544"/>
<String CONTENT="Prepared" HEIGHT="67" WIDTH="293" VPOS="2341" HPOS="1609"/>
<SP HEIGHT="52" WIDTH="25" VPOS="2341" HPOS="1903"/>
<String CONTENT="by" HEIGHT="69" WIDTH="75" VPOS="2341" HPOS="1929"/>
<SP HEIGHT="63" WIDTH="23" VPOS="2347" HPOS="2005"/>
<String CONTENT="the" HEIGHT="53" WIDTH="96" VPOS="2341" HPOS="2029"/>
</TextLine>
<TextLine HEIGHT="71" WIDTH="1829" VPOS="2415" HPOS="127" CS="1">
<String CONTENT="editorial" HEIGHT="53" WIDTH="266" VPOS="2415" HPOS="127"/>
<SP HEIGHT="53" WIDTH="24" VPOS="2416" HPOS="394"/>
<String CONTENT="staffs" HEIGHT="54" WIDTH="163" VPOS="2416" HPOS="419"/>
<SP HEIGHT="35" WIDTH="24" VPOS="2435" HPOS="583"/>
<String CONTENT="of" HEIGHT="54" WIDTH="65" VPOS="2415" HPOS="608"/>
<SP HEIGHT="53" WIDTH="26" VPOS="2415" HPOS="674"/>
<String CONTENT="Edward" HEIGHT="52" WIDTH="253" VPOS="2418" HPOS="701"/>
<SP HEIGHT="52" WIDTH="27" VPOS="2418" HPOS="955"/>
<String CONTENT="Thompson" HEIGHT="68" WIDTH="331" VPOS="2418" HPOS="983"/>
<SP HEIGHT="33" WIDTH="28" VPOS="2437" HPOS="1315"/>
<String CONTENT="company" HEIGHT="51" WIDTH="280" VPOS="2435" HPOS="1344"/>
<SP HEIGHT="51" WIDTH="27" VPOS="2435" HPOS="1625"/>
<String CONTENT="and" HEIGHT="51" WIDTH="113" VPOS="2419" HPOS="1653"/>
<SP HEIGHT="53" WIDTH="28" VPOS="2419" HPOS="1767"/>
<String CS="1" CONTENT="West" HEIGHT="47" WIDTH="81" VPOS="2424" HPOS="1875"/>
</TextLine>
<TextLine HEIGHT="142" WIDTH="2001" VPOS="2419" HPOS="127" CS="1">
<String CONTENT="publishing" HEIGHT="142" WIDTH="1973" VPOS="2419" HPOS="127"/>
<SP HEIGHT="49" WIDTH="35" VPOS="2512" HPOS="344"/>
<String CS="1" CONTENT="company." HEIGHT="49" WIDTH="295" VPOS="2512" HPOS="380"/>
<SP HEIGHT="51" WIDTH="73" VPOS="2495" HPOS="676"/>
<String CONTENT="Title" HEIGHT="52" WIDTH="152" VPOS="2495" HPOS="750"/>
<SP HEIGHT="48" WIDTH="38" VPOS="2499" HPOS="903"/>
<String CONTENT="35." HEIGHT="48" WIDTH="80" VPOS="2499" HPOS="942"/>
<SP HEIGHT="51" WIDTH="40" VPOS="2496" HPOS="1023"/>
<String CONTENT="Patents." HEIGHT="52" WIDTH="254" VPOS="2496" HPOS="1064"/>
<SP HEIGHT="55" WIDTH="76" VPOS="2494" HPOS="1319"/>
<String CONTENT="St." HEIGHT="55" WIDTH="82" VPOS="2494" HPOS="1396"/>
<SP HEIGHT="51" WIDTH="40" VPOS="2496" HPOS="1479"/>
<String CONTENT="Paul," HEIGHT="64" WIDTH="165" VPOS="2496" HPOS="1520"/>
<SP HEIGHT="64" WIDTH="36" VPOS="2496" HPOS="1686"/>
<String CONTENT="Minn.," HEIGHT="62" WIDTH="204" VPOS="2496" HPOS="1723"/>
<SP HEIGHT="63" WIDTH="36" VPOS="2495" HPOS="1928"/>
<String CS="1" CONTENT="West" HEIGHT="48" WIDTH="85" VPOS="2501" HPOS="2043"/>
</TextLine>
<TextLine HEIGHT="148" WIDTH="1973" VPOS="2569" HPOS="126" CS="1">
<String CONTENT="publishing" HEIGHT="71" WIDTH="336" VPOS="2569" HPOS="127"/>
<SP HEIGHT="50" WIDTH="22" VPOS="2590" HPOS="464"/>
<String CONTENT="company;" HEIGHT="51" WIDTH="307" VPOS="2590" HPOS="487"/>
<SP HEIGHT="58" WIDTH="29" VPOS="2573" HPOS="795"/>
<String CONTENT="Northport," HEIGHT="68" WIDTH="341" VPOS="2573" HPOS="825"/>
<SP HEIGHT="66" WIDTH="22" VPOS="2573" HPOS="1167"/>
<String LANG="fr" CONTENT="L." HEIGHT="51" WIDTH="64" VPOS="2573" HPOS="1190"/>
<SP HEIGHT="51" WIDTH="26" VPOS="2573" HPOS="1255"/>
<String CONTENT="I.," HEIGHT="67" WIDTH="67" VPOS="2573" HPOS="1282"/>
<SP HEIGHT="66" WIDTH="25" VPOS="2574" HPOS="1350"/>
<String LANG="fr" CONTENT="N." HEIGHT="52" WIDTH="68" VPOS="2574" HPOS="1376"/>
<SP HEIGHT="51" WIDTH="28" VPOS="2574" HPOS="1445"/>
<String CONTENT="Y.," HEIGHT="66" WIDTH="91" VPOS="2574" HPOS="1474"/>
<SP HEIGHT="67" WIDTH="25" VPOS="2573" HPOS="1566"/>
<String CONTENT="Edward" HEIGHT="53" WIDTH="253" VPOS="2573" HPOS="1592"/>
<SP HEIGHT="52" WIDTH="26" VPOS="2574" HPOS="1846"/>
<String CONTENT="Thompson" HEIGHT="126" WIDTH="1973" VPOS="2574" HPOS="126"/>
<SP HEIGHT="34" WIDTH="29" VPOS="2667" HPOS="227"/>
<String CONTENT="company," HEIGHT="51" WIDTH="297" VPOS="2666" HPOS="257"/>
<SP HEIGHT="64" WIDTH="32" VPOS="2652" HPOS="555"/>
<String CONTENT="1929." HEIGHT="51" WIDTH="149" VPOS="2651" HPOS="588"/>
</TextLine>
<TextLine HEIGHT="50" WIDTH="436" VPOS="2729" HPOS="195" CS="1">
<String CONTENT="xi," HEIGHT="48" WIDTH="64" VPOS="2729" HPOS="195"/>
<SP HEIGHT="47" WIDTH="33" VPOS="2730" HPOS="260"/>
<String CONTENT="633" HEIGHT="40" WIDTH="84" VPOS="2730" HPOS="294"/>
<SP HEIGHT="48" WIDTH="31" VPOS="2731" HPOS="379"/>
<String CONTENT="p." HEIGHT="37" WIDTH="43" VPOS="2742" HPOS="411"/>
<SP HEIGHT="39" WIDTH="59" VPOS="2732" HPOS="455"/>
<String CONTENT="24" HEIGHT="39" WIDTH="56" VPOS="2732" HPOS="515"/>
<String STYLE="superscript" CS="1" CONTENT="&#7580;&#7504;"/>
<String CONTENT="." HEIGHT="8" WIDTH="8" VPOS="2765" HPOS="623"/>
</TextLine>
<TextLine HEIGHT="55" WIDTH="1994" VPOS="2781" HPOS="129" STYLEREFS="StyleId-551FC337-8A16-4C19-9D0C-32614471033D-" CS="1">
<String CONTENT="&#169;" HEIGHT="51" WIDTH="52" VPOS="2781" HPOS="129"/>
<SP HEIGHT="51" WIDTH="27" VPOS="2781" HPOS="182"/>
<String CONTENT="Apr." HEIGHT="46" WIDTH="114" VPOS="2786" HPOS="210"/>
<SP HEIGHT="38" WIDTH="27" VPOS="2788" HPOS="325"/>
<String CONTENT="30," HEIGHT="44" WIDTH="70" VPOS="2788" HPOS="353"/>
<SP HEIGHT="45" WIDTH="30" VPOS="2787" HPOS="424"/>
<String CS="1" CONTENT="1929;" HEIGHT="39" WIDTH="117" VPOS="2787" HPOS="455"/>
<SP HEIGHT="39" WIDTH="30" VPOS="2788" HPOS="595"/>
<String CONTENT="2c." HEIGHT="39" WIDTH="67" VPOS="2788" HPOS="626"/>
<SP HEIGHT="38" WIDTH="30" VPOS="2789" HPOS="694"/>
<String CONTENT="May" HEIGHT="46" WIDTH="113" VPOS="2789" HPOS="725"/>
<SP HEIGHT="45" WIDTH="28" VPOS="2790" HPOS="839"/>
<String CS="1" CONTENT="10;" HEIGHT="37" WIDTH="55" VPOS="2789" HPOS="868"/>
<SP HEIGHT="29" WIDTH="32" VPOS="2799" HPOS="950"/>
<String CONTENT="aff." HEIGHT="42" WIDTH="84" VPOS="2787" HPOS="983"/>
<SP HEIGHT="39" WIDTH="29" VPOS="2790" HPOS="1068"/>
<String CONTENT="May" HEIGHT="45" WIDTH="113" VPOS="2790" HPOS="1098"/>
<SP HEIGHT="45" WIDTH="30" VPOS="2790" HPOS="1212"/>
<String CS="1" CONTENT="11;" HEIGHT="36" WIDTH="52" VPOS="2790" HPOS="1243"/>
<SP HEIGHT="40" WIDTH="33" VPOS="2789" HPOS="1325"/>
<!-- cceid 9763B93E-6CFA-1014-9C3C-CEA95E7AA542 --><String CONTENT="A" HEIGHT="38" WIDTH="39" VPOS="2789" HPOS="1359"/>
<SP HEIGHT="39" WIDTH="30" VPOS="2789" HPOS="1399"/>
<String CS="1" CONTENT="8053;" HEIGHT="40" WIDTH="113" VPOS="2788" HPOS="1430"/>
<SP HEIGHT="44" WIDTH="33" VPOS="2790" HPOS="1572"/>
<String CONTENT="West" HEIGHT="38" WIDTH="134" VPOS="2790" HPOS="1606"/>
<SP HEIGHT="45" WIDTH="29" VPOS="2791" HPOS="1741"/>
<String CONTENT="pub." HEIGHT="47" WIDTH="108" VPOS="2789" HPOS="1771"/>
<SP HEIGHT="28" WIDTH="32" VPOS="2801" HPOS="1880"/>
<String CONTENT="co.," HEIGHT="30" WIDTH="81" VPOS="2801" HPOS="1913"/>
<SP HEIGHT="30" WIDTH="32" VPOS="2801" HPOS="1995"/>
<String CONTENT="and" HEIGHT="37" WIDTH="95" VPOS="2791" HPOS="2028"/>
</TextLine>
<TextLine HEIGHT="49" WIDTH="611" VPOS="2842" HPOS="198" STYLEREFS="StyleId-551FC337-8A16-4C19-9D0C-32614471033D-">
<String CONTENT="Edward" HEIGHT="39" WIDTH="210" VPOS="2842" HPOS="198"/>
<SP HEIGHT="39" WIDTH="28" VPOS="2842" HPOS="409"/>
<String CONTENT="Thompson" HEIGHT="49" WIDTH="274" VPOS="2842" HPOS="438"/>
<SP HEIGHT="29" WIDTH="28" VPOS="2854" HPOS="713"/>
<String CONTENT="co." HEIGHT="29" WIDTH="67" VPOS="2855" HPOS="742"/>
</TextLine>
<TextLine HEIGHT="66" WIDTH="744" VPOS="2934" HPOS="185" STYLEREFS="StyleId-46884671-6DF0-4896-A3B4-B8A0534DDFAC-" CS="1">
<String CS="1" CONTENT="Verona," HEIGHT="49" WIDTH="197" VPOS="2950" HPOS="185"/>
<SP HEIGHT="65" WIDTH="30" VPOS="2934" HPOS="383"/>
<String CONTENT="Guido" HEIGHT="54" WIDTH="187" VPOS="2934" HPOS="414"/>
<SP HEIGHT="51" WIDTH="29" VPOS="2937" HPOS="602"/>
<String CONTENT="da," HEIGHT="63" WIDTH="92" VPOS="2937" HPOS="632"/>
<SP HEIGHT="57" WIDTH="34" VPOS="2943" HPOS="725"/>
<String CONTENT="1881-" HEIGHT="49" WIDTH="169" VPOS="2942" HPOS="760"/>
</TextLine>
<TextLine HEIGHT="71" WIDTH="1927" VPOS="3013" HPOS="198" CS="1">
<String CONTENT="Mimi" HEIGHT="53" WIDTH="168" VPOS="3013" HPOS="198"/>
<SP HEIGHT="53" WIDTH="35" VPOS="3013" HPOS="367"/>
<String LANG="fr" CS="1" CONTENT="Bluette," HEIGHT="68" WIDTH="244" VPOS="3015" HPOS="403"/>
<SP HEIGHT="67" WIDTH="32" VPOS="3016" HPOS="648"/>
<String CONTENT="by" HEIGHT="68" WIDTH="74" VPOS="3016" HPOS="681"/>
<SP HEIGHT="70" WIDTH="34" VPOS="3014" HPOS="756"/>
<String CONTENT="Guido" HEIGHT="55" WIDTH="192" VPOS="3014" HPOS="791"/>
<SP HEIGHT="51" WIDTH="33" VPOS="3018" HPOS="984"/>
<String CONTENT="da" HEIGHT="51" WIDTH="72" VPOS="3018" HPOS="1018"/>
<SP HEIGHT="53" WIDTH="34" VPOS="3016" HPOS="1091"/>
<String CS="1" CONTENT="Verona" HEIGHT="34" WIDTH="135" VPOS="3035" HPOS="1216"/>
<SP HEIGHT="32" WIDTH="43" VPOS="3037" HPOS="1352"/>
<String CS="1" CONTENT="&#8230;"/>
<SP HEIGHT="46" WIDTH="39" VPOS="3024" HPOS="1451"/>
<String CONTENT="translated" HEIGHT="53" WIDTH="317" VPOS="3017" HPOS="1491"/>
<SP HEIGHT="53" WIDTH="34" VPOS="3017" HPOS="1809"/>
<String CONTENT="from" HEIGHT="53" WIDTH="153" VPOS="3017" HPOS="1844"/>
<SP HEIGHT="47" WIDTH="33" VPOS="3024" HPOS="1998"/>
<String CONTENT="the" HEIGHT="53" WIDTH="93" VPOS="3018" HPOS="2032"/>
</TextLine>
<TextLine HEIGHT="73" WIDTH="1996" VPOS="3091" HPOS="129">
<String CONTENT="Italian" HEIGHT="54" WIDTH="215" VPOS="3091" HPOS="129"/>
<SP HEIGHT="53" WIDTH="24" VPOS="3091" HPOS="345"/>
<String CONTENT="by" HEIGHT="65" WIDTH="76" VPOS="3091" HPOS="370"/>
<SP HEIGHT="64" WIDTH="24" VPOS="3092" HPOS="447"/>
<String CONTENT="Izabel" HEIGHT="54" WIDTH="191" VPOS="3092" HPOS="472"/>
<SP HEIGHT="55" WIDTH="26" VPOS="3092" HPOS="664"/>
<String CONTENT="Grazebrook." HEIGHT="55" WIDTH="379" VPOS="3092" HPOS="691"/>
<SP HEIGHT="52" WIDTH="75" VPOS="3094" HPOS="1071"/>
<String CONTENT="New" HEIGHT="53" WIDTH="139" VPOS="3094" HPOS="1147"/>
<SP HEIGHT="52" WIDTH="25" VPOS="3094" HPOS="1287"/>
<String CONTENT="York," HEIGHT="68" WIDTH="180" VPOS="3094" HPOS="1313"/>
<SP HEIGHT="67" WIDTH="26" VPOS="3095" HPOS="1494"/>
<String LANG="fr" CONTENT="E." HEIGHT="53" WIDTH="67" VPOS="3095" HPOS="1521"/>
<SP HEIGHT="52" WIDTH="24" VPOS="3096" HPOS="1589"/>
<String CONTENT="P." HEIGHT="52" WIDTH="64" VPOS="3096" HPOS="1614"/>
<SP HEIGHT="52" WIDTH="26" VPOS="3096" HPOS="1679"/>
<String CONTENT="Dutton" HEIGHT="52" WIDTH="224" VPOS="3096" HPOS="1706"/>
<SP HEIGHT="50" WIDTH="25" VPOS="3098" HPOS="1931"/>
<String CONTENT="&amp;" HEIGHT="49" WIDTH="45" VPOS="3098" HPOS="1957"/>
<SP HEIGHT="51" WIDTH="23" VPOS="3098" HPOS="2003"/>
<String CONTENT="co.," HEIGHT="49" WIDTH="98" VPOS="3115" HPOS="2027"/>
</TextLine>
<TextLine HEIGHT="67" WIDTH="338" VPOS="3170" HPOS="128" CS="1">
<String CONTENT="inc." HEIGHT="52" WIDTH="106" VPOS="3170" HPOS="128"/>
<SP HEIGHT="33" WIDTH="39" VPOS="3203" HPOS="235"/>
<String STYLE="subscript" CONTENT="[" HEIGHT="33" WIDTH="11" VPOS="3203" HPOS="275"/>
<String STYLE="superscript" CS="1" CONTENT="&#7580;1"/>
<String CONTENT="929" HEIGHT="49" WIDTH="98" VPOS="3173" HPOS="349"/>
<String STYLE="subscript" CONTENT="]" HEIGHT="33" WIDTH="13" VPOS="3204" HPOS="453"/>
</TextLine>
<TextLine HEIGHT="50" WIDTH="621" VPOS="3249" HPOS="196" STYLEREFS="StyleId-8EAF3258-9D19-4613-A246-51B39BDAF912-" CS="1">
<String LANG="en-US" CONTENT="2" HEIGHT="40" WIDTH="26" VPOS="3249" HPOS="196"/>
<SP HEIGHT="49" WIDTH="25" VPOS="3249" HPOS="223"/>
<String LANG="fr" CONTENT="p." HEIGHT="37" WIDTH="43" VPOS="3261" HPOS="249"/>
<SP/>
<String LANG="fr" CS="1" CONTENT="l.,"/>
<SP/>
<String LANG="en-US" CONTENT="3-317" HEIGHT="41" WIDTH="145" VPOS="3251" HPOS="394"/>
<SP HEIGHT="46" WIDTH="26" VPOS="3253" HPOS="540"/>
<String LANG="en-US" CONTENT="p." HEIGHT="37" WIDTH="42" VPOS="3262" HPOS="567"/>
<SP HEIGHT="40" WIDTH="59" VPOS="3252" HPOS="610"/>
<String LANG="en-US" CS="1" CONTENT="19&#189;" HEIGHT="40" WIDTH="56" VPOS="3252" HPOS="670"/>
<String STYLE="superscript" LANG="en-US" CS="1" CONTENT="&#7580;&#7504;"/>
<String LANG="en-US" CONTENT="." HEIGHT="9" WIDTH="9" VPOS="3284" HPOS="808"/>
</TextLine>
<TextLine HEIGHT="49" WIDTH="809" VPOS="3307" HPOS="196" STYLEREFS="StyleId-551FC337-8A16-4C19-9D0C-32614471033D-">
<String CONTENT="&#8220;Third" HEIGHT="41" WIDTH="179" VPOS="3307" HPOS="196"/>
<SP HEIGHT="48" WIDTH="27" VPOS="3308" HPOS="376"/>
<String CONTENT="printing," HEIGHT="48" WIDTH="229" VPOS="3308" HPOS="404"/>
<SP HEIGHT="47" WIDTH="30" VPOS="3309" HPOS="634"/>
<String CONTENT="April," HEIGHT="47" WIDTH="152" VPOS="3309" HPOS="665"/>
<SP HEIGHT="45" WIDTH="28" VPOS="3310" HPOS="818"/>
<String CONTENT="1929.&#8221;" HEIGHT="42" WIDTH="158" VPOS="3309" HPOS="847"/>
</TextLine>
<TextLine HEIGHT="56" WIDTH="1989" VPOS="3359" HPOS="131" STYLEREFS="StyleId-551FC337-8A16-4C19-9D0C-32614471033D-" CS="1">
<String CONTENT="&#169;" HEIGHT="52" WIDTH="52" VPOS="3359" HPOS="131"/>
<SP HEIGHT="52" WIDTH="26" VPOS="3359" HPOS="184"/>
<String CONTENT="May" HEIGHT="46" WIDTH="114" VPOS="3366" HPOS="211"/>
<SP HEIGHT="47" WIDTH="24" VPOS="3365" HPOS="326"/>
<String CONTENT="1," HEIGHT="45" WIDTH="39" VPOS="3365" HPOS="351"/>
<SP HEIGHT="44" WIDTH="26" VPOS="3366" HPOS="391"/>
<String CONTENT="1929;" HEIGHT="46" WIDTH="139" VPOS="3366" HPOS="418"/>
<SP HEIGHT="45" WIDTH="27" VPOS="3367" HPOS="558"/>
<String CONTENT="2c." HEIGHT="39" WIDTH="68" VPOS="3367" HPOS="586"/>
<SP HEIGHT="39" WIDTH="25" VPOS="3367" HPOS="655"/>
<String CONTENT="Apr." HEIGHT="47" WIDTH="112" VPOS="3367" HPOS="681"/>
<SP HEIGHT="40" WIDTH="26" VPOS="3367" HPOS="794"/>
<String CONTENT="4;" HEIGHT="41" WIDTH="52" VPOS="3367" HPOS="821"/>
<SP HEIGHT="30" WIDTH="29" VPOS="3378" HPOS="874"/>
<String CONTENT="aff." HEIGHT="40" WIDTH="82" VPOS="3367" HPOS="904"/>
<SP HEIGHT="38" WIDTH="29" VPOS="3369" HPOS="987"/>
<String CONTENT="May" HEIGHT="46" WIDTH="112" VPOS="3369" HPOS="1017"/>
<SP HEIGHT="46" WIDTH="27" VPOS="3369" HPOS="1130"/>
<String CONTENT="7;" HEIGHT="40" WIDTH="51" VPOS="3369" HPOS="1158"/>
<SP HEIGHT="41" WIDTH="30" VPOS="3368" HPOS="1210"/>
<!-- cceid 9764963B-6CFA-1014-9C3C-CEA95E7AA542 --><String CONTENT="A" HEIGHT="39" WIDTH="40" VPOS="3368" HPOS="1241"/>
<SP HEIGHT="39" WIDTH="25" VPOS="3368" HPOS="1282"/>
<String CS="1" CONTENT="6953;" HEIGHT="39" WIDTH="112" VPOS="3368" HPOS="1308"/>
<SP HEIGHT="38" WIDTH="30" VPOS="3370" HPOS="1449"/>
<String LANG="fr" CONTENT="E." HEIGHT="39" WIDTH="52" VPOS="3370" HPOS="1480"/>
<SP HEIGHT="39" WIDTH="27" VPOS="3370" HPOS="1533"/>
<String CONTENT="P." HEIGHT="41" WIDTH="51" VPOS="3370" HPOS="1561"/>
<SP HEIGHT="41" WIDTH="26" VPOS="3370" HPOS="1613"/>
<String CONTENT="Dutton" HEIGHT="39" WIDTH="187" VPOS="3370" HPOS="1640"/>
<SP HEIGHT="39" WIDTH="26" VPOS="3371" HPOS="1828"/>
<String CONTENT="&amp;" HEIGHT="39" WIDTH="36" VPOS="3371" HPOS="1855"/>
<SP HEIGHT="39" WIDTH="25" VPOS="3371" HPOS="1892"/>
<String CONTENT="co.," HEIGHT="31" WIDTH="81" VPOS="3381" HPOS="1918"/>
<SP HEIGHT="42" WIDTH="29" VPOS="3370" HPOS="2000"/>
<String CONTENT="inc." HEIGHT="41" WIDTH="90" VPOS="3370" HPOS="2030"/>
</TextLine>
<TextLine HEIGHT="49" WIDTH="281" VPOS="3420" HPOS="208" STYLEREFS="StyleId-551FC337-8A16-4C19-9D0C-32614471033D-">
<String CONTENT="(29-10483)" HEIGHT="49" WIDTH="281" VPOS="3420" HPOS="208"/>
</TextLine>
<TextLine HEIGHT="63" WIDTH="222" VPOS="3513" HPOS="128" STYLEREFS="StyleId-46884671-6DF0-4896-A3B4-B8A0534DDFAC-">
<String CONTENT="Vogue." HEIGHT="63" WIDTH="222" VPOS="3513" HPOS="128"/>
</TextLine>
<TextLine HEIGHT="75" WIDTH="1868" VPOS="3590" HPOS="256" CS="1">
<String CS="1" CONTENT="Vogue&#8217;s" HEIGHT="69" WIDTH="188" VPOS="3590" HPOS="256"/>
<SP HEIGHT="54" WIDTH="33" VPOS="3591" HPOS="445"/>
<String CONTENT="book" HEIGHT="54" WIDTH="146" VPOS="3591" HPOS="479"/>
<SP HEIGHT="53" WIDTH="34" VPOS="3592" HPOS="626"/>
<String CONTENT="of" HEIGHT="53" WIDTH="64" VPOS="3592" HPOS="661"/>
<SP HEIGHT="53" WIDTH="32" VPOS="3592" HPOS="726"/>
<String CONTENT="brides," HEIGHT="68" WIDTH="207" VPOS="3592" HPOS="759"/>
<SP HEIGHT="66" WIDTH="35" VPOS="3594" HPOS="967"/>
<String CONTENT="by" HEIGHT="67" WIDTH="75" VPOS="3594" HPOS="1003"/>
<SP HEIGHT="61" WIDTH="34" VPOS="3600" HPOS="1079"/>
<String CONTENT="the" HEIGHT="52" WIDTH="95" VPOS="3595" HPOS="1114"/>
<SP HEIGHT="33" WIDTH="37" VPOS="3614" HPOS="1210"/>
<String CONTENT="author" HEIGHT="53" WIDTH="207" VPOS="3594" HPOS="1248"/>
<SP HEIGHT="34" WIDTH="35" VPOS="3614" HPOS="1456"/>
<String CONTENT="of" HEIGHT="54" WIDTH="64" VPOS="3594" HPOS="1492"/>
<SP HEIGHT="56" WIDTH="33" VPOS="3594" HPOS="1557"/>
<String CONTENT="Vogue&#8217;s" HEIGHT="69" WIDTH="246" VPOS="3596" HPOS="1591"/>
<SP HEIGHT="54" WIDTH="33" VPOS="3597" HPOS="1838"/>
<String CONTENT="book" HEIGHT="53" WIDTH="150" VPOS="3597" HPOS="1872"/>
<SP HEIGHT="52" WIDTH="36" VPOS="3597" HPOS="2023"/>
<String CONTENT="of" HEIGHT="52" WIDTH="64" VPOS="3597" HPOS="2060"/>
</TextLine>
<TextLine HEIGHT="147" WIDTH="1969" VPOS="3667" HPOS="129" CS="1">
<String CONTENT="etiquette" HEIGHT="68" WIDTH="268" VPOS="3667" HPOS="130"/>
<SP HEIGHT="34" WIDTH="37" VPOS="3687" HPOS="399"/>
<String CS="1" CONTENT="&#8230;"/>
<SP HEIGHT="55" WIDTH="73" VPOS="3668" HPOS="494"/>
<String CONTENT="Garden" HEIGHT="55" WIDTH="233" VPOS="3668" HPOS="568"/>
<SP HEIGHT="55" WIDTH="36" VPOS="3670" HPOS="802"/>
<String CONTENT="City," HEIGHT="70" WIDTH="152" VPOS="3670" HPOS="839"/>
<SP HEIGHT="66" WIDTH="33" VPOS="3672" HPOS="992"/>
<String LANG="fr" CONTENT="N." HEIGHT="52" WIDTH="70" VPOS="3672" HPOS="1026"/>
<SP HEIGHT="52" WIDTH="37" VPOS="3672" HPOS="1097"/>
<String CONTENT="Y.," HEIGHT="67" WIDTH="90" VPOS="3672" HPOS="1135"/>
<SP HEIGHT="66" WIDTH="34" VPOS="3673" HPOS="1226"/>
<String CONTENT="Doubleday," HEIGHT="71" WIDTH="358" VPOS="3671" HPOS="1261"/>
<SP HEIGHT="66" WIDTH="31" VPOS="3675" HPOS="1620"/>
<String CONTENT="Doran" HEIGHT="51" WIDTH="199" VPOS="3675" HPOS="1652"/>
<SP HEIGHT="49" WIDTH="36" VPOS="3678" HPOS="1852"/>
<String CONTENT="&amp;" HEIGHT="49" WIDTH="50" VPOS="3678" HPOS="1889"/>
<SP HEIGHT="50" WIDTH="35" VPOS="3678" HPOS="1940"/>
<String CONTENT="company," HEIGHT="120" WIDTH="1969" VPOS="3693" HPOS="129"/>
<SP HEIGHT="66" WIDTH="27" VPOS="3746" HPOS="301"/>
<String CONTENT="inc.," HEIGHT="68" WIDTH="127" VPOS="3746" HPOS="329"/>
<SP HEIGHT="64" WIDTH="30" VPOS="3750" HPOS="457"/>
<String CONTENT="1929." HEIGHT="49" WIDTH="148" VPOS="3750" HPOS="488"/>
</TextLine>
<TextLine HEIGHT="52" WIDTH="1196" VPOS="3826" HPOS="201" STYLEREFS="StyleId-551FC337-8A16-4C19-9D0C-32614471033D-" CS="1">
<String LANG="de" CONTENT="ix" HEIGHT="39" WIDTH="49" VPOS="3826" HPOS="201"/>
<SP HEIGHT="36" WIDTH="27" VPOS="3838" HPOS="251"/>
<String CS="1" CONTENT="p.," HEIGHT="36" WIDTH="41" VPOS="3838" HPOS="279"/>
<SP HEIGHT="40" WIDTH="27" VPOS="3828" HPOS="335"/>
<String CONTENT="1" HEIGHT="37" WIDTH="16" VPOS="3828" HPOS="363"/>
<SP/>
<String CS="1" CONTENT="l.,"/>
<SP/>
<String CONTENT="236" HEIGHT="40" WIDTH="84" VPOS="3828" HPOS="488"/>
<SP HEIGHT="46" WIDTH="25" VPOS="3829" HPOS="573"/>
<String LANG="fr" CONTENT="p.," HEIGHT="36" WIDTH="56" VPOS="3839" HPOS="599"/>
<SP HEIGHT="44" WIDTH="28" VPOS="3828" HPOS="656"/>
<String CONTENT="1" HEIGHT="39" WIDTH="18" VPOS="3828" HPOS="685"/>
<SP HEIGHT="39" WIDTH="33" VPOS="3828" HPOS="704"/>
<String CS="1" CONTENT="l." HEIGHT="8" WIDTH="7" VPOS="3861" HPOS="760"/>
<SP HEIGHT="40" WIDTH="60" VPOS="3829" HPOS="768"/>
<String CONTENT="front.," HEIGHT="46" WIDTH="162" VPOS="3829" HPOS="829"/>
<SP HEIGHT="37" WIDTH="27" VPOS="3841" HPOS="992"/>
<String CONTENT="plates." HEIGHT="47" WIDTH="171" VPOS="3831" HPOS="1020"/>
<SP HEIGHT="40" WIDTH="60" VPOS="3830" HPOS="1192"/>
<String CS="1" CONTENT="21&#189;" HEIGHT="39" WIDTH="51" VPOS="3830" HPOS="1253"/>
<String STYLE="superscript" CS="1" CONTENT="&#7580;&#7504;"/>
<String CONTENT="." HEIGHT="8" WIDTH="7" VPOS="3863" HPOS="1390"/>
</TextLine>
<TextLine HEIGHT="65" WIDTH="1972" VPOS="3873" HPOS="131" STYLEREFS="StyleId-551FC337-8A16-4C19-9D0C-32614471033D-" CS="1">
<String CONTENT="&#169;" HEIGHT="52" WIDTH="51" VPOS="3878" HPOS="131"/>
<SP HEIGHT="52" WIDTH="32" VPOS="3878" HPOS="183"/>
<String CONTENT="May" HEIGHT="46" WIDTH="112" VPOS="3885" HPOS="216"/>
<SP HEIGHT="44" WIDTH="25" VPOS="3887" HPOS="329"/>
<String CONTENT="3," HEIGHT="43" WIDTH="40" VPOS="3887" HPOS="355"/>
<SP HEIGHT="44" WIDTH="30" VPOS="3886" HPOS="396"/>
<String CS="1" CONTENT="1929;" HEIGHT="39" WIDTH="112" VPOS="3886" HPOS="427"/>
<SP HEIGHT="39" WIDTH="28" VPOS="3886" HPOS="565"/>
<String CONTENT="2c." HEIGHT="39" WIDTH="70" VPOS="3886" HPOS="594"/>
<SP HEIGHT="28" WIDTH="29" VPOS="3897" HPOS="665"/>
<String CONTENT="and" HEIGHT="37" WIDTH="96" VPOS="3888" HPOS="695"/>
<SP HEIGHT="37" WIDTH="29" VPOS="3888" HPOS="792"/>
<String CONTENT="aff." HEIGHT="41" WIDTH="82" VPOS="3886" HPOS="822"/>
<SP HEIGHT="38" WIDTH="30" VPOS="3889" HPOS="905"/>
<String CONTENT="May" HEIGHT="45" WIDTH="113" VPOS="3889" HPOS="936"/>
<SP HEIGHT="46" WIDTH="30" VPOS="3888" HPOS="1050"/>
<String CS="1" CONTENT="10;" HEIGHT="38" WIDTH="57" VPOS="3888" HPOS="1081"/>
<SP HEIGHT="40" WIDTH="34" VPOS="3887" HPOS="1162"/>
<!-- cceid 97656587-6CFA-1014-9C3C-CEA95E7AA542 --><String CONTENT="A" HEIGHT="38" WIDTH="38" VPOS="3887" HPOS="1197"/>
<SP HEIGHT="40" WIDTH="30" VPOS="3887" HPOS="1236"/>
<String CS="1" CONTENT="8019;" HEIGHT="36" WIDTH="29" VPOS="3889" HPOS="1355"/>
<SP HEIGHT="53" WIDTH="31" VPOS="3873" HPOS="1411"/>
<String CONTENT="Doubleday," HEIGHT="48" WIDTH="297" VPOS="3890" HPOS="1443"/>
<SP HEIGHT="46" WIDTH="31" VPOS="3891" HPOS="1741"/>
<String CONTENT="Doran" HEIGHT="39" WIDTH="165" VPOS="3891" HPOS="1773"/>
<SP HEIGHT="38" WIDTH="30" VPOS="3892" HPOS="1939"/>
<String CONTENT="&amp;" HEIGHT="38" WIDTH="35" VPOS="3892" HPOS="1970"/>
<SP HEIGHT="38" WIDTH="30" VPOS="3892" HPOS="2006"/>
<String CS="1" CONTENT="co.," HEIGHT="27" WIDTH="66" VPOS="3903" HPOS="2037"/>
</TextLine>
<TextLine HEIGHT="50" WIDTH="436" VPOS="3938" HPOS="197" STYLEREFS="StyleId-551FC337-8A16-4C19-9D0C-32614471033D-" CS="1">
<String CONTENT="inc." HEIGHT="40" WIDTH="89" VPOS="3938" HPOS="197"/>
<SP HEIGHT="46" WIDTH="66" VPOS="3941" HPOS="287"/>
<String CS="1" CONTENT="(29-26478)" HEIGHT="48" WIDTH="279" VPOS="3940" HPOS="354"/>
</TextLine>
</TextBlock>
</PrintSpace>
</Page>
</Layout>
</alto>