2542 4389
1009 4006 140 54 2117

58 357 202 65 Marti,
289 357 186 54 Oscar
504 357 229 55 Albert.

131 436 308 53 Economic
476 454 190 35 causes
702 435 63 53 of
802 435 94 53 the
935 434 377 54 reformation
1348 434 62 53 in
1447 433 292 70 England,
1774 433 76 70 by
1886 431 180 55 Oscar

62 510 2001 71 Albert Marti … New York, The Macmillan company, 1929.
128 592 589 51 xxi p., 1 l., 254 p. 20½ ᶜᵐ.
130 651 350 47 Bibliography:
538 660 44 38 p.
610 648 220 42 243-254.

69 704 52 52 ©
160 708 102 41 Oct.
297 707 71 48 29,
405 707 115 40 1929;
584 707 68 39 2c.
690 707 95 39 and
824 706 81 41 aff.
946 705 102 41 Oct.
1085 705 56 41 30;
1208 705 42 39 A
1286 704 144 41 14481;
1500 703 283 42 Macmillan
1821 715 69 29 co.

143 763 252 49 (30-1113)

62 856 279 64 Mitchell,
369 859 138 53 Mrs.
538 855 163 54 Alice
730 855 210 55 Miller.

130 934 278 54 Children
451 934 112 51 and
605 933 232 67 movies,
879 933 73 68 by
993 932 163 54 Alice
1197 933 197 52 Miller
1435 933 280 52 Mitchell.
1796 931 272 70 Chicago,

66 1009 1395 71 Ill., The University of Chicago press [19 29]
133 1091 675 49 xxiv, 181 p. diagrs. 20 ᶜᵐ.
135 1149 146 40 “This
318 1150 147 46 study
502 1159 100 29 was
639 1149 141 39 made
818 1148 210 47 possible
1067 1148 59 46 by
1165 1158 26 29 a
1232 1150 146 45 grant
1415 1147 128 40 from
1584 1148 241 40 Wieboldt
67 1149 1986 97 foundation.”—
273 1216 44 38 p.
353 1224 57 30 [v]

69 1260 1981 107 © Nov. 26. 1929; 2c. Dec. 23; aff. Dec. 21; A 17513; University of Chicago, Chicago. (30-961)
62 1412 224 64 Mullin,
318 1415 137 51 Mrs.
488 1413 148 53 Cora
666 1411 196 52 Phebe
902 1409 258 65 (Smith)
1201 1416 172 50 1866-

136 1491 184 69 Songs
385 1491 63 53 of
510 1491 94 52 the
668 1489 209 54 Indian
945 1491 223 69 dances,
1230 1492 76 68 by
1372 1491 149 55 Cora
1585 1491 191 54 Phebe
1840 1491 229 53 Mullin.

67 1569 1486 69 [Omaha, The Citizen printing company, ᶜ19 29]
133 1648 810 50 4 p. l., 11-142 p. 1 illus. 22½ᶜᵐ.
135 1706 128 41 Title
291 1707 130 40 from
450 1715 156 31 cover.

139 1761 1933 50 “Songs of the Indian dances” (4 p. l., p. 11-22) followed by poems on
69 1820 194 40 various
293 1820 140 40 other
464 1818 216 47 subjects
721 1818 68 48 (p.
838 1817 218 50 [23]-142)

71 1873 1886 52 © Oct. 16, 1929; 2c. and aff. Oct. 19; A 14629; Citizen printing co.
148 1931 250 51 (30-1136)

68 2027 123 52 The
221 2027 145 52 New
395 2025 247 54 Yorker.

141 2105 123 52 The
303 2103 204 54 second
546 2103 139 53 New
729 2102 226 53 Yorker
995 2103 211 67 album,
1247 2103 140 52 with
1431 2123 30 33 a
1506 2102 288 55 foreword
1836 2104 75 69 by
1953 2105 121 53 The

71 2182 140 53 New
242 2181 241 53 Yorker.
552 2180 232 55 Garden
818 2179 153 68 City,
1001 2180 70 53 N.
1105 2180 92 68 Y.,
1228 2179 360 71 Doubleday,
1619 2181 201 53 Doran
1850 2184 46 49 &
70 2199 1982 128 company,
279 2260 127 66 inc.,
446 2261 150 51 1929.

145 2340 497 51 [106] p. illus. 32 ᶜᵐ.
74 2393 52 52 ©
155 2397 103 41 Oct.
286 2397 71 48 25,
384 2396 115 40 1929;
555 2397 66 39 2c.
651 2397 93 38 and
777 2395 81 42 aff.
888 2396 119 39 Nov.
1036 2397 53 45 1;
1122 2395 40 39 A
1190 2395 172 48 14572;
1394 2395 301 49 Doubleday,
1726 2396 169 40 Doran
1924 2397 37 40 &
1990 2408 84 37 co.,

140 2453 93 42 inc.

71 2547 339 64 Nicholson,
441 2546 275 56 William.

144 2625 122 53 The
292 2625 187 68 pirate
506 2625 187 67 twins,
719 2626 75 68 by
820 2625 265 54 William
1110 2625 330 53 Nicholson.
1512 2626 278 68 [London,
1817 2625 189 53 Faber
2032 2627 47 50 &

73 2703 202 67 Faber,
312 2702 124 68 ltd.,
477 2704 151 65 1929]

142 2783 562 49 28 p. col. illus. 19 ᶜᵐ.
76 2836 1998 53 © 1c. Sept. 23, 1929; A ad int. 13061; pubd. Sept. 13; W. Nicholson,
147 2896 175 41 Sutton
353 2897 149 48 Veny,
533 2897 268 48 Wiltshire,
834 2897 239 48 England.

70 2975 155 65 Pool,
257 2976 309 62 Raymond
595 2976 176 62 John,
803 2981 171 50 1882-

141 3054 252 54 Flowers
422 3056 113 52 and
563 3054 295 71 flowering
885 3057 193 67 plants;
1139 3075 72 34 an
1242 3057 391 53 introduction
1661 3061 59 49 to
1750 3058 96 52 the
1875 3060 202 51 nature

72 3134 113 52 and
217 3132 158 52 work
405 3132 63 54 of
498 3131 217 56 flowers
746 3135 112 52 and
889 3134 96 53 the
1016 3133 400 54 classification
1449 3134 65 54 of
1543 3133 295 70 flowering
1868 3136 211 68 plants,

76 3210 2002 70 by Raymond el. Pool … 1st ed. New York [etc. ] McGraw-
72 3288 127 52 Plill
227 3288 147 54 book
400 3305 298 54 company,
724 3290 126 68 inc.,
880 3292 149 50 1929.

141 3369 1939 52 XX, 378 p. incl. front. (port.) illus. fold. tab. 23½ᶜᵐ. (Half-title:
75 3425 350 41 McGraw-Hill
467 3425 326 49 publications
837 3426 50 40 in
930 3427 83 40 the
1056 3425 324 49 agricultural
1423 3428 96 39 and
1562 3427 245 41 botanical
1850 3429 227 48 sciences,

72 3483 52 40 E.
148 3482 75 41 W.
251 3482 210 47 Sinnott,
488 3482 276 48 consulting
789 3481 184 49 editor)
1097 3481 132 50 $3.50

144 3538 295 40 “Reference
469 3538 162 47 books,
664 3539 340 47 monographs,
1034 3540 241 46 manuals,
1307 3540 96 39 and
1436 3539 177 41 floras”:
1672 3551 45 37 p.
1745 3541 219 41 338-348.

81 3591 52 52 ©
164 3595 113 41 Dec.
308 3595 39 48 6,
378 3594 141 47 1929;
552 3595 66 39 2c.
651 3595 112 40 Dec.
796 3595 80 41 10:
912 3595 82 40 aff.
1028 3596 112 41 Dec.
1171 3596 82 41 12:
1289 3596 41 38 A
1362 3595 173 48 17616;
1569 3597 352 40 McGraw-Hill
1954 3598 124 39 book

148 3661 82 38 co.,
259 3651 92 41 inc.
418 3649 221 51 (30-949)

74 3730 202 53 Punch
306 3730 116 52 and
452 3730 177 63 Judy.

142 3808 201 52 Punch
375 3807 112 53 and
520 3809 177 68 Judy,
730 3808 139 53 with
900 3809 403 69 twenty-eight
1333 3810 381 54 illustrations
1745 3812 76 67 by
1855 3811 222 69 George

76 3884 394 62 Cruikshank;
525 3885 401 68 accompanied
977 3885 77 69 by
1105 3886 96 52 the
1255 3886 265 72 dialogue
1572 3887 63 53 of
1684 3888 97 53 the
1833 3894 243 63 puppet-
