2533 4342
1292 3984 136 55 1748

449 430 381 49 “Bibliography
863 432 96 39 and
994 432 92 48 key
1121 434 49 38 to
1206 433 293 47 chronology
1537 434 97 39 and
1670 433 165 40 notes”:
1904 444 42 38 p.
1988 432 250 51 [271]-279.

447 485 334 51 “Chronology
809 489 96 39 and
935 487 168 41 notes”:
1162 498 45 38 p.
1239 488 249 50 [281]-317.

445 543 140 49 Maps
614 553 61 31 on
704 543 366 49 lining-papers.

378 595 52 53 ©
458 601 120 40 Nov.
604 602 39 47 1,
671 601 115 40 1929;
842 601 68 40 2c.
938 601 120 41 Nov.
1086 602 54 46 4;
1172 600 81 42 aff.
1280 601 119 41 Nov.
1427 601 54 47 2;
1512 602 41 38 A
1579 601 173 48 15496;
1783 603 44 40 J.
1856 603 117 48 Pell,
2003 603 118 40 New
2149 602 145 40 York.

458 656 281 49 (29-23480)

373 722 203 64 Perry,
604 722 260 52 Thomas
892 723 312 63 Sergeant,
1238 727 326 50 1845-1928.

446 797 311 55 Selections
781 797 154 53 from
958 799 96 53 the
1077 800 195 52 letters
1297 798 65 53 of
1386 799 249 53 Thomas
1664 799 279 69 Sergeant
1966 801 201 65 Perry,
2194 799 189 52 edited

374 879 136 51 with
557 896 71 33 an
675 877 390 53 introduction
1111 878 75 68 by
1235 878 209 52 Edwin
1489 879 317 68 Arlington
1854 879 309 53 Robinson.
2240 881 139 50 New

377 953 176 67 York,
587 953 121 53 The
740 952 337 54 Macmillan
1112 971 298 50 company,
1449 956 149 50 1929.

440 1036 962 48 4 p. l., 255 p. front. (port.) 24 ᶜᵐ .
375 1090 52 51 ©
457 1093 101 41 Oct.
584 1094 71 47 29,
684 1094 140 47 1929;
851 1095 69 39 2c.
947 1095 97 38 and
1071 1093 84 42 aff.
1183 1094 103 41 Oct.
1312 1093 84 47 30;
1424 1094 42 39 A
1494 1094 172 47 14479;
1698 1095 283 40 Macmillan
2008 1105 69 30 co.

452 1149 281 48 (29-23358)

361 1214 227 63 Pettee,
617 1214 280 53 Florence
926 1216 152 62 Mae,
1113 1220 170 49 1888-

439 1290 305 53 Blunder’s
767 1296 255 64 mystery
1047 1292 369 67 companions
1464 1292 93 68 [by]
1588 1293 274 52 Florence
1889 1293 80 52 M.
1997 1293 214 67 Pettee,
2239 1292 141 52 with

367 1386 72 34 an
477 1368 393 53 introduction
906 1369 75 67 by
1019 1368 375 54 Wilhelmina
1431 1369 255 68 Harper,
1724 1369 327 53 illustrated
2088 1370 76 68 by
367 1369 1987 128 Alexander

576 1444 1320 70 Key. Chicago, A. Whitman & co. [ ᶜ19 29 ]
436 1527 1942 51 272 p. incl. front., illus. 19½ ᶜᵐ . [Boys’ and girls’ adventure library]
373 1580 51 52 ©
452 1584 102 41 Oct.
579 1585 70 48 14,
674 1584 118 41 1929;
844 1584 67 41 2c.
938 1585 119 40 Nov.
1083 1585 27 39 4;
1165 1584 83 42 aff.
1273 1585 122 40 Nov.
1418 1585 27 39 2;
1499 1586 41 38 A
1565 1584 145 41 15481;
1767 1586 171 40 Albert
1964 1585 252 41 Whitman
2243 1585 37 40 &
2306 1595 68 30 co.

452 1639 280 50 (29-23495)

363 1705 170 64 Pujo,
563 1705 282 65 Maurice,
876 1707 172 54 1872-

498 1782 1876 69 … L’agression contre l’esprit. Comment Rome est trompée.
365 1861 186 66 Paris,
578 1860 71 52 A.
679 1861 234 68 Fayard
941 1863 45 49 &
1014 1879 28 34 cⁱᵉ
1133 1863 153 64 [1929]

434 1941 86 41 386
552 1952 42 37 p.
656 1941 57 41 19ᶜᵐ.

432 2001 64 38 At
518 2000 126 39 head
666 1999 52 39 of
739 1999 109 40 title;
901 1998 223 49 Réponse
1145 2010 64 29 au
1234 1998 171 41 “Livre
1427 2000 87 40 des
1535 1999 121 48 six”,
1678 1998 274 49 “Pourquoi
1969 2000 153 40 Rome
2145 2010 26 29 a
2196 1998 182 50 parlé”.

436 2055 1944 49 “Études … publiées dans l’Action française de février à août 1928
366 2124 120 36 pour
522 2112 238 49 répondre
793 2113 27 39 à
854 2112 250 48 l’ouvrage
1140 2114 177 47 auquel
1353 2116 83 37 ont
1472 2112 246 41 collaboré
1749 2114 72 39 les
1857 2113 103 40 RR.
1996 2112 92 40 PP.
2124 2114 256 45 Doncœur,

365 2169 249 39 Bernadot
649 2171 48 38 et
774 2168 211 48 Lajeunie,
1021 2170 71 39 les
1129 2167 145 42 abbés
1313 2169 271 39 Lallement
1621 2170 49 39 et
1707 2170 232 47 Maquart
1977 2170 47 39 et
2061 2170 63 38 M.
2163 2169 211 47 Jacques

366 2224 237 41 Maritain:
660 2225 247 48 Pourquoi
936 2225 152 40 Rome
1116 2235 29 30 a
1174 2224 290 49 parlé.”—p.
1497 2226 55 49 [7]

368 2278 52 53 ©
447 2284 115 46 May
586 2284 39 43 1,
652 2282 141 42 1929;
851 2293 38 30 1c.
914 2282 128 41 June
1067 2284 26 39 7;
1147 2282 103 39 A—
1252 2282 209 48 Foreign
1485 2282 114 41 3441;
1657 2282 234 40 Arthème
1917 2282 197 48 Fayard
2142 2286 36 39 &
2204 2282 86 41 cie.

447 2338 282 51 (29-23108)

357 2405 277 63 Putnam,
665 2403 256 55 Samuel.

434 2481 275 64 François
747 2480 297 67 Rabelais;
1086 2498 133 35 man
1258 2480 65 53 of
1359 2481 95 53 the
1496 2481 372 66 renaissance,
1907 2499 33 34 a
1979 2480 271 68 spiritual
361 2479 1988 148 biography,

683 2558 76 68 by
803 2556 232 56 Samuel
1077 2559 269 52 Putnam.
1425 2558 139 53 New
1610 2558 182 67 York,
1834 2558 56 53 J.
1935 2556 158 69 Cape
2136 2557 115 53 and
2294 2556 78 53 H.

363 2635 421 68 Smith [ ᶜ19 29]
434 2716 104 49 xiii,
575 2716 88 41 530
696 2727 44 38 p.
799 2716 165 49 front.,
1002 2717 144 47 illus.,
1182 2717 172 48 plates,
1391 2718 164 47 ports.,
1591 2716 220 41 facsims.
1870 2715 147 40 22½ᶜᵐ.

433 2774 290 39 Illustrated
754 2773 367 48 lining-papers.

367 2826 52 53 ©
458 2831 101 40 Oct.
595 2832 69 41 28,
701 2830 141 47 1929;
880 2830 68 41 2c.
987 2830 103 41 Oct.
1126 2830 83 47 29;
1247 2830 82 40 aff.
1366 2830 119 40 Nov.
1521 2830 54 47 1;
1612 2830 43 39 A
1689 2829 172 48 14580;
1905 2830 44 40 S.
1987 2830 226 45 Putnam,
2251 2829 119 39 New

433 2887 145 41 York.
644 2886 282 50 (29-23766)

354 2951 316 64 Radiguet,
703 2952 330 64 Raymond,
1068 2956 326 51 1903-1923.

429 3028 122 53 The
578 3028 215 53 count’s
818 3028 118 52 bail
985 3027 77 69 [by]
1112 3028 304 68 Raymond
1443 3028 311 68 Radiguet,
1778 3028 316 52 translated
2122 3027 75 68 by
361 3026 1987 132 Malcolm

552 3105 245 54 Cowley.
879 3106 140 53 New
1065 3105 181 67 York,
1287 3106 91 54 W.
1423 3106 90 53 W.
1559 3106 225 53 Norton
1830 3107 44 50 &
1920 3122 298 50 company,
2262 3104 110 52 inc.

473 3187 85 63 [ ᶜ19 29]
428 3267 83 40 xiv
539 3279 58 37 p.,
627 3268 24 38 1
716 3299 9 16 l.,
758 3267 205 49 [17]-243
994 3278 43 37 p.
1097 3266 147 42 19½ᶜᵐ.

431 3323 162 40 “First
623 3322 228 42 edition.”

431 3379 152 39 “Jean
616 3378 252 41 Cocteau’s
899 3378 197 48 preface
1128 3380 48 38 to
1208 3379 82 38 the
1320 3378 188 39 French
1541 3378 213 40 edition”;
1819 3390 41 35 p.
1958 3378 127 39 [v]-xiv.

365 3431 52 52 ©
447 3435 102 41 Oct.
576 3434 71 49 30,
676 3434 115 41 1929;
848 3435 67 39 2c.
943 3435 120 40 Nov.
1091 3434 29 40 8;
1176 3433 82 42 aff.
1287 3434 118 40 Nov.
1434 3435 26 39 7;
1519 3435 42 38 A
1588 3433 144 41 15591;
1793 3435 72 40 W.
1896 3435 72 40 W.
1997 3435 188 39 Norton
2215 3434 37 40 &
2280 3443 81 37 co.,

431 3491 91 41 inc.
588 3490 281 50 (29-23796)

355 3555 308 64 Richards,
695 3555 212 53 Alfred
936 3557 273 63 Newton,
1243 3557 172 53 1876-

357 3631 1985 131 … Methods and results of direct investigations of the function
510 3707 1857 71 of the kidney, by A. N. Richards … Baltimore, Pub. by
357 3787 94 51 the
479 3785 290 56 Williams
796 3789 45 50 &
868 3787 254 54 Wilkins
1150 3805 281 50 company
1460 3787 95 51 for
1582 3787 97 52 the
1706 3788 221 68 Wayne
1956 3786 229 69 County
356 3786 1983 130 medical

498 3865 229 68 society,
758 3865 247 67 Detroit,
1036 3864 195 68 Mich.,
1264 3866 150 50 1929.
