2542 4389
1035 4034 134 50 1383

165 459 1162 53 4 p. l., 11-129 p. illus. (maps) diagrs. 23 ᶜᵐ.
169 514 1931 50 “The Institute of social and religious research … is responsible for this
96 576 342 50 publication.”

103 630 52 52 ©
190 635 127 47 Sept.
350 634 68 47 13,
450 633 139 46 1929;
624 633 67 39 2c.
724 633 96 38 and
851 631 82 40 aff.
969 630 128 48 Sept.
1129 630 83 46 14;
1247 630 42 38 A
1320 628 169 47 12318;
1525 628 235 40 Institute
1793 628 52 40 of
1877 628 150 40 social
2062 628 35 39 &

170 690 230 48 religious
430 689 238 41 research.
738 687 280 49 (29-18993)

98 771 275 64 Hawkes,
408 770 295 63 Clarence,
741 775 170 48 1869-

167 849 172 69 Bing,
371 848 95 52 the
500 853 157 62 story
690 847 65 52 of
787 865 31 33 a
852 847 165 52 small
1051 846 159 68 dog’s
1243 846 142 67 love,
1418 845 75 67 by
1529 844 269 54 Clarence
1832 844 270 67 Hawkes,

95 921 1981 151 illustrated by Griswold Tyng. Boston, Lothrop, Lee & Shepard co. [ᶜ19 29]
167 1085 973 50 220 p. col. front., illus., plates. 19½ ᶜᵐ.
101 1141 52 52 ©
181 1145 127 47 Sept.
332 1144 69 48 16,
425 1144 116 39 1929;
591 1144 68 40 2c.
685 1145 96 38 and
804 1126 83 59 aff.
914 1143 128 47 Sept.
1140 1153 8 36 18;
1175 1143 42 38 A
1241 1143 170 46 12457;
1440 1142 227 48 Lothrop,
1694 1142 96 39 Lee
1813 1142 36 39 &
1878 1142 219 46 Shepard

168 1212 67 30 co.
303 1200 279 49 (29-19008)

96 1281 220 63 Hazen,
350 1280 192 52 David
572 1281 88 53 W.

164 1356 1938 70 American history shelves, by David W. Hazen … Portland,
96 1437 117 67 Or.,
240 1437 158 51 Priv.
426 1436 196 68 print.,
650 1438 151 50 1929.

165 1519 64 47 xi,
251 1519 86 39 142
358 1529 42 37 p.
462 1518 57 41 19½ᶜᵐ.

168 1577 155 46 “Only
345 1575 86 40 100
455 1577 216 38 volumes
694 1575 101 39 will
819 1575 57 39 be
901 1574 345 49 printed.”—p.
1275 1575 80 49 [xi]

168 1633 234 41 Contains
433 1632 111 40 lists
574 1632 52 40 of
657 1632 148 40 books
838 1642 61 30 on
931 1632 199 39 various
1161 1632 180 47 phases
1373 1632 52 40 of
1455 1632 259 40 American
1745 1632 203 48 history,
1981 1633 119 40 each

96 1691 85 39 list
203 1691 234 47 preceded
462 1690 61 47 by
546 1700 29 29 a
600 1689 273 40 discussion
899 1689 52 40 of
976 1689 82 39 the
1081 1689 164 40 books.

101 1743 52 52 ©
178 1747 127 40 June
329 1747 68 47 18,
423 1746 117 40 1929;
591 1746 67 40 2c.
684 1746 120 45 Aug.
829 1746 55 40 13;
940 1745 82 40 aff.
1046 1746 119 47 Aug.
1193 1744 55 40 12;
1302 1746 41 38 A
1369 1746 145 40 13419;
1569 1746 58 40 D.
1652 1747 72 39 W.
1752 1747 182 46 Hazen,
167 1747 1912 104 Portland,

326 1803 80 42 Or.
472 1802 281 49 (29-19000)

98 1884 191 64 Helm,
317 1886 139 52 Mrs.
487 1883 278 64 Kathryn
796 1884 68 54 E.

169 1965 121 51 The
324 1965 123 51 lure
481 1964 64 52 of
579 1962 193 54 divine
809 1964 152 65 love;
1002 1982 80 49 or,
1118 1963 382 67 Experiences
1536 1965 112 52 and
1684 1963 151 54 their
1871 1967 229 66 lessons,

100 2043 239 51 selected
373 2042 153 51 from
556 2060 31 34 a
619 2041 129 52 half
779 2045 236 64 century
1049 2041 64 52 of
1143 2041 276 67 practical
1455 2041 296 54 Christian
1783 2043 203 69 living,
100 2044 1975 145 including

365 2139 172 49 many
566 2119 260 53 miracles
858 2119 64 53 of
952 2119 195 53 divine
1177 2119 234 69 healing
1451 2119 83 71 (A
1564 2120 148 53 book
1741 2121 64 53 of
1835 2122 265 67 personal

98 2197 2000 71 testimony written as letters to a friend) … By Kathryn E.
98 2273 2002 73 Helm … Cincinnati, O., Pub. for the author by God’s Bible
99 2353 880 67 school and revivalist [ ᶜ1 929 ]
162 2433 694 49 607 p. front. (port.) 20 ᶜᵐ.
101 2487 52 53 ©
182 2493 114 46 May
323 2491 39 47 9,
391 2490 117 40 1929;
561 2490 68 40 2c.
659 2490 128 48 Sept.
815 2490 53 47 9;
898 2490 82 40 aff.
1012 2490 129 48 Sept.
1170 2492 24 38 7;
1255 2491 34 38 A
1323 2490 134 40 12221;
1525 2493 58 39 K.
1614 2493 51 40 E.
1696 2493 157 48 Helm,
1885 2494 91 39 Los
168 2496 1909 100 Angeles.
377 2546 280 50 (29-18902)

98 2627 243 62 Herbst,
371 2626 338 64 Josephine.

99 2706 1975 143 Money for love, by Josephine Herbst … New York, Coward-McCann,
540 2785 124 66 inc.,
697 2786 148 50 1929.

162 2863 522 49 3 p. l., 3-296 p. 19½ᶜᵐ.
102 2917 52 52 ©
185 2921 128 47 Sept.
342 2920 68 48 10,
439 2920 140 42 1929;
609 2920 68 41 2c.
710 2921 127 47 Sept.
866 2920 82 46 19;
981 2920 82 40 aff.
1095 2920 128 48 Sept.
1254 2921 81 41 12;
1366 2923 41 37 A
1435 2922 136 39 13441;
1638 2923 458 45 Coward-McCann.

168 2978 90 40 inc.
327 2976 280 49 (29-19024)

98 3059 257 61 Hervey,
386 3056 226 55 Walter
643 3056 246 64 Lowrie,
924 3062 171 48 1862-
1310 3076 178 52 comp.

98 3133 1975 146 Junior literature … [Grades 7A, 7B, 8A, 8B] By Waiter L. Hervey
622 3211 1475 74 … New York, Chicago [etc.] Longmans, Green
99 3291 113 53 and
242 3309 98 48 co.,
374 3292 150 50 1929.

168 3372 215 40 4 V. 19 ᶜᵐ.
103 3425 52 51 ©
184 3429 127 47 Sept.
336 3429 68 45 11,
431 3427 116 40 1929;
597 3427 68 41 2c.
690 3428 119 39 each
837 3428 128 47 Sept.
991 3427 56 39 24;
1103 3427 108 41 affs.
1240 3428 128 48 Sept.
1394 3429 55 39 25;
1505 3431 39 37 A
1571 3431 317 43 13578-13581;
170 3436 1910 97 Longmans,
353 3485 157 40 Green
537 3488 36 40 &
599 3495 68 30 co.
727 3479 69 54 [©
826 3484 254 49 revisions]

101 3551 250 64 Horner,
380 3550 155 54 John
562 3551 49 51 B
899 3555 170 49 1856-

171 3631 160 68 Days
367 3632 113 51 and
518 3630 166 53 deeds
721 3630 58 52 in
816 3630 95 52 the
948 3628 230 70 Oregon
1216 3637 269 62 country;
1524 3635 338 56 ten-minute
1899 3639 200 52 stories

102 3707 1974 133 from Northwest history by John B. Horner … Rev. illustrated ed.
478 3785 300 68 Portland,
807 3783 118 59 Or.,
952 3785 121 53 The
1100 3786 55 52 J.
1184 3785 72 51 K.
1286 3785 122 55 Gill
1435 3805 297 54 company,
1761 3796 149 50 1929.

166 3859 1035 55 211 p. illus. (incl. ports., maps) 18 ᶜᵐ.
106 3918 52 52 ©
188 3923 114 46 July
331 3922 40 47 1,
399 3921 140 46 1929;
570 3921 67 40 2c.
667 3921 117 47 July
813 3921 81 46 11;
926 3921 82 40 aff.
1043 3921 127 48 Sept.
1200 3922 81 46 16;
1314 3923 42 39 A
1385 3923 170 51 12358;
1589 3928 43 41 J.
1662 3930 54 39 B.
1748 3931 207 43 Horner.
173 3934 1907 93 Corvallis,

360 3978 79 41 Or.
507 3977 280 49 (29-19076)
