2547 4384
1294 3986 103 56 878

346 356 212 64 Sharp,
596 356 156 54 John
791 356 72 55 K.

416 433 166 53 Aims
612 434 113 52 and
754 433 261 53 methods
1046 434 59 51 in
1135 433 267 68 teaching
1434 433 272 69 religion;
1741 453 28 33 a
1802 433 298 53 text-book
2131 433 95 53 for
2256 452 96 34 use

345 511 60 52 in
434 511 348 67 seminaries,
811 511 325 67 novitiates,
1166 511 223 52 normal
1420 511 220 53 schools
1671 512 113 52 and
1813 512 76 68 by
1920 512 78 51 all
2030 512 127 51 who
2189 512 158 52 teach

347 587 2004 71 religion to the young, by Rev. John K. Sharp … foreword by
347 665 1999 70 Rt. Rev. Thomas E. Molloy … New York, Cincinnati [etc.]
348 744 280 70 Benziger
658 744 281 69 brothers,
975 747 151 51 1929.

414 826 97 48 xvi,
539 826 88 40 407
654 837 43 37 p.
758 826 144 48 illus.,
933 826 180 49 diagrs.
1282 858 9 9 20ᶜᵐ.

417 897 246 40 “Further
691 896 204 49 reading
926 897 304 40 references”
1263 898 52 39 at
1346 898 91 39 end
1471 897 52 40 of
1555 898 121 40 each
1708 898 216 47 chapter.

351 964 52 53 ©
429 970 123 39 Mar.
577 969 40 47 1,
643 968 142 48 1929;
812 970 68 39 2c.
907 970 123 40 Mar.
1054 969 84 47 25;
1166 968 83 42 aff.
1276 969 129 40 June
1429 969 52 47 8;
1511 969 40 39 A
1577 968 141 48 8584;
1747 968 237 49 Benziger
2011 969 126 40 bros.

427 1024 282 50 (29-12698)

347 1119 194 65 Shaw,
573 1120 230 65 George
831 1122 288 63 Bernard,
1151 1127 172 49 1856-

415 1200 299 69 Heiraten,
750 1200 262 68 lustspiel
1047 1201 60 52 in
1142 1202 122 52 drei
1301 1200 170 53 akten
1507 1200 106 54 mit
1648 1201 154 52 einer
1836 1200 334 70 einleitung,
2204 1200 149 53 Vom

344 1279 277 66 heiraten,
651 1298 112 33 von
793 1280 262 53 Bernard
1088 1277 188 56 Shaw.
1353 1280 82 52 Be
1441 1280 130 68 Jin,
1603 1278 56 56 S.
1691 1279 253 69 Fischer,
1974 1282 150 51 1928.

411 1360 694 49 3 p. l., 9-229, [1] p. 20ᶜᵐ.
413 1431 245 40 “Deutsch
691 1442 95 29 von
820 1431 242 48 Siegfried
1096 1430 300 42 Trebitsch.”

415 1487 193 42 “Dritte
644 1488 75 41 bis
755 1488 167 41 fünfte
958 1488 205 49 auflage,
1202 1489 248 40 vermehrt
1486 1499 80 29 um
1604 1488 78 40 die
1719 1487 270 49 einleitung
2026 1488 134 41 ‘Vom
342 1487 1993 100 heiraten’.—Die
639 1547 131 39 erste
801 1546 192 47 auflage
1023 1545 220 41 erschien
1277 1547 144 38 unter
1451 1547 105 38 dem
1593 1546 108 40 titel
1734 1546 104 40 ‘Die
1869 1545 145 42 ehe’.”

346 1612 2004 54 © Oct. 4, 1928; 1c. Feb. 5, 1929; A —Foreign 1931; S. Fischer vertag,
415 1684 44 31 a.
483 1684 42 39 g.
597 1673 282 51 (29-12946)

342 1779 215 64 Shedd,
591 1779 213 54 Alfred
840 1780 254 55 Oswald.

415 1854 121 53 The
565 1859 156 48 want
749 1860 59 47 to
837 1854 168 53 know
1034 1855 165 66 book,
1230 1854 77 69 by
1335 1853 215 54 Alfred
1583 1853 67 56 O.
1687 1853 223 67 Shedd;
1945 1856 102 51 208
2080 1872 175 51 pages
2287 1853 64 54 of

345 1932 339 68 interesting
716 1932 166 53 items
917 1933 113 52 and
1067 1932 149 53 facts
1251 1933 128 52 that
1413 1932 164 53 make
1614 1931 94 53 for
1743 1932 336 69 knowledge
2114 1933 113 52 and
346 1933 1979 130 information

699 2009 95 54 for
832 2011 78 51 all
947 2009 64 53 of
1048 2029 80 34 us.
1204 2010 233 68 Racine,
1472 2010 161 68 Wis.,
1670 2010 302 54 Whitman
2012 2010 338 70 publishing

342 2091 301 64 co., ᶜ1 929.
413 2169 87 42 208
531 2181 43 37 p.
634 2170 131 41 illus.
826 2170 147 42 19½ᶜᵐ.

347 2236 52 53 ©
427 2243 114 47 May
567 2242 69 47 31,
664 2242 142 47 1929;
836 2243 68 40 2c.
932 2243 95 39 and
1055 2242 82 41 aff.
1166 2243 129 40 June
1319 2242 82 47 10;
1432 2243 41 39 A
1500 2242 141 47 9632;
1672 2242 253 41 Whitman
1951 2242 111 49 pub.
2089 2253 69 30 co.

423 2298 283 50 (29-12852)

346 2395 215 65 Smith,
592 2396 193 54 David
817 2397 262 63 Eugene.

413 2474 122 52 The
570 2474 259 68 problem
864 2476 113 52 and
1015 2475 248 67 practice
1301 2474 371 54 arithmetics.
1747 2475 72 52 2d
1857 2473 92 54 bk.
2025 2475 93 68 By
2153 2474 196 53 David

345 2551 2004 70 Eugene Smith … Eva May Luse … and Edward Longworth
341 2629 1984 149 Morss … Illustrated by Florence Lamont and Margaret Rising.
535 2709 235 67 Boston,
800 2709 139 52 New
969 2708 164 53 York
1167 2714 137 62 [etc.]
1341 2707 156 55 Ginn
1530 2709 110 52 and
1672 2726 282 50 company
1990 2741 12 33 [
2064 2711 99 49 ᶜ1929
2170 2741 13 33 ]

409 2791 82 48 vii,
522 2791 71 49 [1],
619 2791 88 40 488
732 2801 44 37 p.
836 2791 130 40 illus.
994 2791 135 49 (part
1156 2791 113 48 col.)
1294 2790 232 49 facsims.,
1555 2791 180 48 diagrs.
1904 2822 7 8 19ᶜᵐ.

345 2857 53 53 ©
429 2861 130 41 June
587 2862 39 47 8,
657 2861 142 47 1929;
832 2862 68 41 2c.
932 2862 128 40 June
1090 2862 82 46 27;
1207 2861 81 41 aff.
1322 2861 127 42 June
1480 2861 82 47 25;
1598 2861 40 39 A
1669 2861 140 42 8938;
1844 2861 58 40 D.
1935 2861 54 39 E.
2025 2859 171 48 Smith,
2229 2861 118 39 New

413 2919 145 46 York,
585 2920 102 38 Eva
714 2919 115 47 May
855 2919 139 48 Luse,
1021 2918 156 42 Cedar
1203 2919 148 48 Falls,
1407 2929 56 39 Ia.,
1491 2919 95 39 and
1613 2919 212 39 Edward
1851 2917 294 48 Longworth
2173 2918 173 47 Morss,

413 2975 264 48 Needham,
703 2976 148 40 Mass.

343 3069 216 65 Smith,
597 3069 178 56 Ethel
810 3070 79 55 M.

415 3150 247 52 Toward
712 3151 164 66 equal
926 3150 185 68 rights
1163 3150 93 53 for
1302 3168 128 34 men
1480 3150 113 52 and
1640 3167 235 50 women,
1921 3150 75 67 by
2044 3148 174 52 Ethel
2264 3147 80 53 M.

346 3227 206 55 Smith.
625 3228 406 68 Washington,
1062 3228 72 53 D.
1170 3227 81 68 C.,
1284 3227 340 54 Committee
1656 3247 72 33 on
1759 3227 97 53 the
1887 3226 150 70 legal
2068 3230 183 49 status
2283 3223 65 53 of

346 3324 235 51 women,
609 3306 276 53 National
913 3307 198 67 league
1140 3305 64 54 of
1231 3324 217 34 women
1477 3311 206 63 voters,
1713 3307 149 51 1929.

410 3386 86 41 139
524 3397 44 38 p.
737 3419 10 9 23ᶜᵐ.

413 3455 237 42 “General
679 3455 303 42 references”
1002 3467 9 29 :
1040 3468 44 38 p.
1111 3456 218 42 138-139.

345 3521 53 53 ©
422 3527 114 48 May
559 3527 69 48 29,
652 3527 142 42 1929:
820 3528 69 40 2c.
912 3529 97 39 and
1034 3526 83 42 aff.
1142 3527 126 40 June
1291 3528 53 41 4;
1372 3527 42 39 A
1436 3526 141 47 8466;
1604 3527 131 39 Natl,
1761 3527 170 47 league
1958 3526 52 40 of
2034 3535 184 31 women
412 3527 1914 97 voters.
575 3583 281 49 (29-12783)

346 3678 215 56 Smith,
597 3679 229 63 George
860 3679 71 54 D.

414 3755 175 53 Faith
617 3757 114 52 and
758 3757 260 51 revealed
1045 3755 180 66 truth,
1250 3756 75 67 by
1351 3755 95 53 the
1475 3755 296 52 Reverend
1801 3754 224 69 George
2050 3755 72 52 D.
2154 3753 185 55 Smith

407 3830 1938 71 … introduction by Rev. Wm. J. Duane … New York, The
343 3909 335 53 Macmillan
710 3928 298 50 company,
1042 3913 150 49 1929.
