<alto xmlns="http://www.loc.gov/standards/alto/ns-v3#" xmlns:xlink="http://www.w3.org/1999/xlink" xmlns:xsi="http://www.w3.org/2001/XMLSchema-instance" xsi:schemaLocation="http://www.loc.gov/standards/alto/ns-v3# http://www.loc.gov/alto/v3/alto-3-0.xsd"><Description>
<MeasurementUnit>pixel</MeasurementUnit>
<sourceImageInformation>
<fileName>1929_v26_part001.pdf</fileName>
</sourceImageInformation>
<OCRProcessing ID="IdOcr">
<ocrProcessingStep>
<processingDateTime>2019-04-18</processingDateTime>
<processingSoftware>
<softwareCreator>ABBYY</softwareCreator>
<softwareName>ABBYY Recognition Server</softwareName>
<softwareVersion>4.0</softwareVersion>
</processingSoftware>
</ocrProcessingStep>
</OCRProcessing>
</Description>
<Styles>
<ParagraphStyle ID="StyleId-FFFFFFFF-FFFF-FFFF-FFFF-FFFFFFFFFFFF-" ALIGN="Left" LEFT="0." RIGHT="0." FIRSTLINE="0."/>
<ParagraphStyle ID="StyleId-11A520CB-49B0-4D42-A675-089886D5B704-" ALIGN="Center" LEFT="0." RIGHT="0." FIRSTLINE="0." LINESPACE="7.699999809"/>
<ParagraphStyle ID="StyleId-2AEC4724-E584-48A1-8E6D-86B1AA154223-" ALIGN="Left" LEFT="0." RIGHT="0." FIRSTLINE="0." LINESPACE="12.19999981"/>
<ParagraphStyle ID="StyleId-5ADCDE1D-F34B-405C-A765-E9B51F6229BD-" ALIGN="Left" LEFT="0." RIGHT="0." FIRSTLINE="-13." LINESPACE="8.050000191"/>
<ParagraphStyle ID="StyleId-D0AEFB96-F81D-4367-8545-C0AC945FA34C-" ALIGN="Block" LEFT="0." RIGHT="0." FIRSTLINE="-13." LINESPACE="8.899999619"/>
<ParagraphStyle ID="StyleId-9A3BB592-4BA4-4F85-B157-B9A7F1FC9680-" ALIGN="Left" LEFT="0." RIGHT="0." FIRSTLINE="0."/>
<ParagraphStyle ID="StyleId-E9D6144A-CFDC-4919-911D-02B0461DB967-" ALIGN="Left" LEFT="0." RIGHT="0." FIRSTLINE="-13." LINESPACE="23.43000031"/>
<ParagraphStyle ID="StyleId-EEECFC68-AAC5-42B1-B3BF-987799B5B74A-" ALIGN="Block" LEFT="0." RIGHT="0." FIRSTLINE="0." LINESPACE="23.43000031"/>
<ParagraphStyle ID="StyleId-98D20B11-A9BB-4FAB-8DC8-DC8C43F3755E-" ALIGN="Left" LEFT="0." RIGHT="0." FIRSTLINE="0." LINESPACE="10.5"/>
<ParagraphStyle ID="StyleId-C279DBAD-2656-4352-93E6-C942618B09B1-" ALIGN="Block" LEFT="0." RIGHT="0." FIRSTLINE="-13." LINESPACE="8.770000458"/>
<ParagraphStyle ID="StyleId-A539B2D0-654F-45BA-9385-D7E681D9BD87-" ALIGN="Block" LEFT="0." RIGHT="0." FIRSTLINE="0." LINESPACE="8.18999958"/>
<ParagraphStyle ID="StyleId-CFE66565-54F2-45CF-9511-65151219B0BC-" ALIGN="Left" LEFT="0." RIGHT="0." FIRSTLINE="-12." LINESPACE="12.19999981"/>
<ParagraphStyle ID="StyleId-37B60A95-D7B9-4720-9D46-F2E763AAD699-" ALIGN="Block" LEFT="0." RIGHT="0." FIRSTLINE="0." LINESPACE="12.19999981"/>
<ParagraphStyle ID="StyleId-255154CA-71AA-47B9-A5EB-ED90642010CE-" ALIGN="Block" LEFT="0." RIGHT="0." FIRSTLINE="13." LINESPACE="7.900000095"/>
<ParagraphStyle ID="StyleId-4618FB06-20CA-4F95-9CA2-829603EE887D-" ALIGN="Block" LEFT="0." RIGHT="0." FIRSTLINE="0." LINESPACE="10."/>
<ParagraphStyle ID="StyleId-61F9B98E-BA82-4DCF-809A-0C5481162321-" ALIGN="Left" LEFT="0." RIGHT="0." FIRSTLINE="-13." LINESPACE="8.479999542"/>
<ParagraphStyle ID="StyleId-16A4FB0C-4CB7-44C8-846E-AF89DD76FC73-" ALIGN="Left" LEFT="0." RIGHT="0." FIRSTLINE="0." LINESPACE="11.10000038"/>
<ParagraphStyle ID="StyleId-8CC01B24-9D1D-45D5-B954-83ECA9EA3425-" ALIGN="Left" LEFT="0." RIGHT="0." FIRSTLINE="-13." LINESPACE="8.050000191"/>
<ParagraphStyle ID="StyleId-3DB8CD3F-AD17-4DD7-8361-787A6A426C72-" ALIGN="Block" LEFT="0." RIGHT="0." FIRSTLINE="13." LINESPACE="7.900000095"/>
</Styles>
<Layout>
<Page ID="Page57" PHYSICAL_IMG_NR="57" HEIGHT="4405" WIDTH="2561">
<TopMargin HEIGHT="370" WIDTH="2561" VPOS="0" HPOS="0">
</TopMargin>
<LeftMargin HEIGHT="3784" WIDTH="178" VPOS="370" HPOS="0">
</LeftMargin>
<RightMargin HEIGHT="3784" WIDTH="330" VPOS="370" HPOS="2231">
</RightMargin>
<BottomMargin HEIGHT="251" WIDTH="2561" VPOS="4154" HPOS="0">
</BottomMargin>
<PrintSpace HEIGHT="3784" WIDTH="2053" VPOS="370" HPOS="178">
<TextBlock ID="Page57_Block1" HEIGHT="74" WIDTH="86" VPOS="4080" HPOS="1175" LANG="en-US" STYLEREFS="StyleId-46CD8CDC-FBC9-46B9-9DEA-A8CF6AC8B3FB-">
<TextLine HEIGHT="53" WIDTH="65" VPOS="4091" HPOS="1186">
<String CONTENT="57" HEIGHT="53" WIDTH="65" VPOS="4091" HPOS="1186"/>
</TextLine>
</TextBlock>
<TextBlock ID="Page57_Block2" HEIGHT="3719" WIDTH="2053" VPOS="370" HPOS="178" LANG="en-US" CS="1" STYLEREFS="StyleId-A5D5A113-A678-424D-97B8-B32D8D752B46-">
<Shape>
<Polygon POINTS="2127,370 2217,370 2217,371 2218,371 2218,648 2219,648 2219,930 2220,930 2220,1213 2221,1213 2221,1495 2222,1495 2222,1778 2223,1778 2223,2060 2224,2060 2224,2343 2225,2343 2225,2625 2226,2625 2226,2908 2227,2908 2227,3190 2228,3190 2228,3473 2229,3473 2229,3755 2230,3755 2230,4038 2231,4038 2231,4082 2129,4082 2129,4083 1847,4083 1847,4084 1564,4084 1564,4085 1282,4085 1282,4086 999,4086 999,4087 717,4087 717,4088 434,4088 434,4089 191,4089 191,4040 190,4040 190,3757 189,3757 189,3475 188,3475 188,3192 187,3192 187,2910 186,2910 186,2627 185,2627 185,2345 184,2345 184,2062 183,2062 183,1780 182,1780 182,1497 181,1497 181,1215 180,1215 180,932 179,932 179,650 178,650 178,377 432,377 432,376 714,376 714,375 997,375 997,374 1279,374 1279,373 1562,373 1562,372 1844,372 1844,371 2127,371 2127,370"/>
</Shape>
<TextLine HEIGHT="52" WIDTH="614" VPOS="512" HPOS="257" CS="1">
<String CONTENT="Various" HEIGHT="43" WIDTH="209" VPOS="516" HPOS="257"/>
<SP HEIGHT="37" WIDTH="32" VPOS="526" HPOS="467"/>
<String CONTENT="paging." HEIGHT="49" WIDTH="191" VPOS="514" HPOS="500"/>
<SP HEIGHT="41" WIDTH="59" VPOS="512" HPOS="692"/>
<String CONTENT="22" HEIGHT="40" WIDTH="57" VPOS="512" HPOS="752"/>
<String STYLE="superscript" CS="1" CONTENT="&#7580;&#7504;"/>
<String CONTENT="." HEIGHT="9" WIDTH="8" VPOS="544" HPOS="863"/>
</TextLine>
<TextLine HEIGHT="61" WIDTH="1891" VPOS="574" HPOS="193" CS="1">
<String CONTENT="&#169;" HEIGHT="49" WIDTH="50" VPOS="586" HPOS="193"/>
<SP HEIGHT="49" WIDTH="26" VPOS="586" HPOS="244"/>
<String CONTENT="Dec." HEIGHT="39" WIDTH="112" VPOS="589" HPOS="271"/>
<SP HEIGHT="41" WIDTH="24" VPOS="587" HPOS="384"/>
<String CONTENT="27," HEIGHT="49" WIDTH="70" VPOS="586" HPOS="409"/>
<SP HEIGHT="47" WIDTH="27" VPOS="587" HPOS="480"/>
<String CONTENT="1928;" HEIGHT="46" WIDTH="141" VPOS="585" HPOS="508"/>
<SP HEIGHT="47" WIDTH="27" VPOS="584" HPOS="650"/>
<String CONTENT="2c." HEIGHT="43" WIDTH="68" VPOS="583" HPOS="678"/>
<SP HEIGHT="42" WIDTH="25" VPOS="583" HPOS="747"/>
<String CONTENT="Dec." HEIGHT="40" WIDTH="113" VPOS="583" HPOS="773"/>
<SP HEIGHT="40" WIDTH="26" VPOS="582" HPOS="887"/>
<String CONTENT="29;" HEIGHT="48" WIDTH="83" VPOS="580" HPOS="914"/>
<SP/>
<String CS="1" CONTENT="aff."/>
<SP HEIGHT="40" WIDTH="26" VPOS="580" HPOS="1112"/>
<String CONTENT="Dec." HEIGHT="39" WIDTH="113" VPOS="580" HPOS="1139"/>
<SP HEIGHT="42" WIDTH="25" VPOS="577" HPOS="1253"/>
<String CONTENT="28;" HEIGHT="48" WIDTH="84" VPOS="577" HPOS="1279"/>
<SP HEIGHT="48" WIDTH="29" VPOS="577" HPOS="1364"/>
<!-- cceid 87A57E4A-6CFA-1014-9C3C-CEA95E7AA542 --><String CONTENT="A" HEIGHT="39" WIDTH="42" VPOS="577" HPOS="1394"/>
<SP HEIGHT="41" WIDTH="23" VPOS="577" HPOS="1437"/>
<String CONTENT="3628;" HEIGHT="49" WIDTH="143" VPOS="575" HPOS="1461"/>
<SP HEIGHT="47" WIDTH="28" VPOS="576" HPOS="1605"/>
<String CONTENT="Hubbell" HEIGHT="42" WIDTH="213" VPOS="574" HPOS="1634"/>
<SP HEIGHT="48" WIDTH="26" VPOS="575" HPOS="1848"/>
<String CONTENT="pub." HEIGHT="49" WIDTH="111" VPOS="574" HPOS="1875"/>
<SP HEIGHT="30" WIDTH="28" VPOS="584" HPOS="1987"/>
<String CONTENT="co." HEIGHT="30" WIDTH="68" VPOS="584" HPOS="2016"/>
</TextLine>
<TextLine HEIGHT="70" WIDTH="1253" VPOS="690" HPOS="190" STYLEREFS="StyleId-36A9DE0B-3051-4D57-AE6E-34476E9728A1-">
<String CONTENT="Hugo," HEIGHT="61" WIDTH="191" VPOS="699" HPOS="190"/>
<SP HEIGHT="64" WIDTH="27" VPOS="696" HPOS="382"/>
<String CONTENT="Victor" HEIGHT="54" WIDTH="207" VPOS="695" HPOS="410"/>
<SP HEIGHT="52" WIDTH="26" VPOS="694" HPOS="618"/>
<String CONTENT="Marie," HEIGHT="65" WIDTH="208" VPOS="692" HPOS="645"/>
<SP HEIGHT="46" WIDTH="30" VPOS="710" HPOS="854"/>
<String LANG="la" CONTENT="comte" HEIGHT="49" WIDTH="179" VPOS="695" HPOS="885"/>
<String CONTENT="," HEIGHT="25" WIDTH="11" VPOS="731" HPOS="1072"/>
<SP HEIGHT="61" WIDTH="31" VPOS="695" HPOS="1084"/>
<String CONTENT="1802-1885." HEIGHT="52" WIDTH="327" VPOS="691" HPOS="1116"/>
</TextLine>
<TextLine HEIGHT="75" WIDTH="1327" VPOS="763" HPOS="261" STYLEREFS="StyleId-30B8042E-11E3-4055-8653-8B22FC789621-" CS="1">
<String CONTENT="Notre" HEIGHT="53" WIDTH="178" VPOS="774" HPOS="261"/>
<SP HEIGHT="53" WIDTH="33" VPOS="773" HPOS="440"/>
<String LANG="de" CONTENT="Dame" HEIGHT="52" WIDTH="183" VPOS="773" HPOS="474"/>
<SP HEIGHT="52" WIDTH="33" VPOS="771" HPOS="658"/>
<String LANG="de" CONTENT="de" HEIGHT="54" WIDTH="68" VPOS="770" HPOS="692"/>
<SP HEIGHT="53" WIDTH="33" VPOS="770" HPOS="761"/>
<String CONTENT="Paris" HEIGHT="54" WIDTH="168" VPOS="768" HPOS="795"/>
<SP HEIGHT="48" WIDTH="39" VPOS="787" HPOS="964"/>
<String CS="1" CONTENT="[by]" HEIGHT="68" WIDTH="78" VPOS="767" HPOS="1019"/>
<SP HEIGHT="66" WIDTH="39" VPOS="767" HPOS="1115"/>
<String CONTENT="Victor" HEIGHT="54" WIDTH="203" VPOS="766" HPOS="1155"/>
<SP HEIGHT="53" WIDTH="33" VPOS="764" HPOS="1359"/>
<String CONTENT="Hugo," HEIGHT="69" WIDTH="195" VPOS="763" HPOS="1393"/>
</TextLine>
<TextLine HEIGHT="57" WIDTH="573" VPOS="759" HPOS="1623" STYLEREFS="StyleId-30B8042E-11E3-4055-8653-8B22FC789621-">
<String CONTENT="with" HEIGHT="52" WIDTH="143" VPOS="763" HPOS="1623"/>
<SP HEIGHT="52" WIDTH="35" VPOS="762" HPOS="1767"/>
<String CONTENT="introduction" HEIGHT="57" WIDTH="393" VPOS="759" HPOS="1803"/>
</TextLine>
<TextLine HEIGHT="83" WIDTH="2008" VPOS="838" HPOS="189" STYLEREFS="StyleId-30B8042E-11E3-4055-8653-8B22FC789621-">
<String CONTENT="by" HEIGHT="68" WIDTH="75" VPOS="853" HPOS="189"/>
<SP HEIGHT="71" WIDTH="35" VPOS="850" HPOS="265"/>
<String CONTENT="Clayton" HEIGHT="70" WIDTH="248" VPOS="849" HPOS="301"/>
<SP HEIGHT="52" WIDTH="31" VPOS="849" HPOS="550"/>
<String CONTENT="Hamilton," HEIGHT="66" WIDTH="323" VPOS="848" HPOS="582"/>
<SP HEIGHT="67" WIDTH="33" VPOS="846" HPOS="906"/>
<String CONTENT="illustrated" HEIGHT="54" WIDTH="328" VPOS="844" HPOS="940"/>
<SP HEIGHT="56" WIDTH="32" VPOS="841" HPOS="1269"/>
<String CONTENT="by" HEIGHT="71" WIDTH="76" VPOS="841" HPOS="1302"/>
<SP HEIGHT="70" WIDTH="35" VPOS="842" HPOS="1379"/>
<String CONTENT="Eric" HEIGHT="54" WIDTH="137" VPOS="842" HPOS="1415"/>
<SP HEIGHT="54" WIDTH="31" VPOS="842" HPOS="1553"/>
<String CONTENT="Pape." HEIGHT="67" WIDTH="176" VPOS="842" HPOS="1585"/>
<SP HEIGHT="53" WIDTH="75" VPOS="840" HPOS="1762"/>
<String CONTENT="New" HEIGHT="55" WIDTH="140" VPOS="839" HPOS="1838"/>
<SP HEIGHT="52" WIDTH="36" VPOS="840" HPOS="1979"/>
<String CONTENT="York," HEIGHT="70" WIDTH="181" VPOS="839" HPOS="2016"/>
</TextLine>
<TextLine HEIGHT="69" WIDTH="639" VPOS="925" HPOS="191" STYLEREFS="StyleId-30B8042E-11E3-4055-8653-8B22FC789621-" CS="1">
<String CONTENT="I." HEIGHT="51" WIDTH="45" VPOS="931" HPOS="191"/>
<SP HEIGHT="53" WIDTH="32" VPOS="930" HPOS="236"/>
<String CONTENT="Washburn" HEIGHT="57" WIDTH="331" VPOS="926" HPOS="268"/>
<SP HEIGHT="48" WIDTH="37" VPOS="945" HPOS="600"/>
<String STYLE="subscript" CS="1" CONTENT="[&#7580;192"/>
<String CONTENT="8]" HEIGHT="63" WIDTH="49" VPOS="928" HPOS="781"/>
</TextLine>
<TextLine HEIGHT="58" WIDTH="1826" VPOS="1000" HPOS="264" CS="1">
<String CONTENT="xxxi," HEIGHT="47" WIDTH="133" VPOS="1011" HPOS="264"/>
<SP HEIGHT="49" WIDTH="23" VPOS="1009" HPOS="398"/>
<String CONTENT="583" HEIGHT="43" WIDTH="85" VPOS="1008" HPOS="422"/>
<SP HEIGHT="47" WIDTH="23" VPOS="1009" HPOS="508"/>
<String CONTENT="p." HEIGHT="37" WIDTH="44" VPOS="1019" HPOS="532"/>
<SP HEIGHT="41" WIDTH="23" VPOS="1008" HPOS="577"/>
<String CONTENT="incl." HEIGHT="41" WIDTH="111" VPOS="1007" HPOS="601"/>
<SP HEIGHT="40" WIDTH="24" VPOS="1007" HPOS="713"/>
<String CONTENT="illus.," HEIGHT="47" WIDTH="143" VPOS="1007" HPOS="738"/>
<SP HEIGHT="37" WIDTH="24" VPOS="1017" HPOS="882"/>
<String CONTENT="plates," HEIGHT="49" WIDTH="172" VPOS="1005" HPOS="907"/>
<SP HEIGHT="37" WIDTH="26" VPOS="1015" HPOS="1080"/>
<String CONTENT="ports," HEIGHT="47" WIDTH="149" VPOS="1005" HPOS="1107"/>
<SP HEIGHT="31" WIDTH="60" VPOS="1014" HPOS="1257"/>
<String CONTENT="col." HEIGHT="40" WIDTH="87" VPOS="1004" HPOS="1318"/>
<SP HEIGHT="41" WIDTH="23" VPOS="1003" HPOS="1406"/>
<String CONTENT="front.," HEIGHT="49" WIDTH="165" VPOS="1002" HPOS="1430"/>
<SP HEIGHT="37" WIDTH="28" VPOS="1013" HPOS="1596"/>
<String CONTENT="col." HEIGHT="39" WIDTH="87" VPOS="1003" HPOS="1625"/>
<SP HEIGHT="37" WIDTH="24" VPOS="1012" HPOS="1713"/>
<String CONTENT="plates." HEIGHT="48" WIDTH="174" VPOS="1001" HPOS="1738"/>
<SP HEIGHT="42" WIDTH="58" VPOS="1001" HPOS="1913"/>
<String CONTENT="25" HEIGHT="40" WIDTH="57" VPOS="1000" HPOS="1972"/>
<String STYLE="superscript" CS="1" CONTENT="&#7580;&#7504;"/>
<String CONTENT="." HEIGHT="8" WIDTH="8" VPOS="1034" HPOS="2082"/>
</TextLine>
<TextLine HEIGHT="61" WIDTH="2005" VPOS="1071" HPOS="194">
<String CONTENT="&#169;" HEIGHT="53" WIDTH="50" VPOS="1079" HPOS="194"/>
<SP HEIGHT="53" WIDTH="27" VPOS="1079" HPOS="245"/>
<String CONTENT="Nov." HEIGHT="40" WIDTH="118" VPOS="1083" HPOS="273"/>
<SP HEIGHT="41" WIDTH="26" VPOS="1082" HPOS="392"/>
<String CONTENT="30," HEIGHT="48" WIDTH="69" VPOS="1081" HPOS="419"/>
<SP HEIGHT="46" WIDTH="27" VPOS="1082" HPOS="489"/>
<String CONTENT="1928;" HEIGHT="42" WIDTH="141" VPOS="1080" HPOS="517"/>
<SP HEIGHT="43" WIDTH="28" VPOS="1079" HPOS="659"/>
<String CONTENT="2c." HEIGHT="42" WIDTH="68" VPOS="1078" HPOS="688"/>
<SP HEIGHT="30" WIDTH="25" VPOS="1089" HPOS="757"/>
<String CONTENT="and" HEIGHT="39" WIDTH="96" VPOS="1079" HPOS="783"/>
<SP HEIGHT="38" WIDTH="26" VPOS="1079" HPOS="880"/>
<String LANG="de" CONTENT="aff." HEIGHT="40" WIDTH="83" VPOS="1077" HPOS="907"/>
<SP HEIGHT="40" WIDTH="27" VPOS="1077" HPOS="991"/>
<String CONTENT="Jan." HEIGHT="39" WIDTH="111" VPOS="1077" HPOS="1019"/>
<SP HEIGHT="41" WIDTH="27" VPOS="1075" HPOS="1131"/>
<String CONTENT="9," HEIGHT="48" WIDTH="40" VPOS="1075" HPOS="1159"/>
<SP HEIGHT="47" WIDTH="27" VPOS="1076" HPOS="1200"/>
<String CONTENT="1929;" HEIGHT="49" WIDTH="142" VPOS="1074" HPOS="1228"/>
<SP HEIGHT="47" WIDTH="29" VPOS="1075" HPOS="1371"/>
<!-- cceid 87A672D4-6CFA-1014-9C3C-CEA95E7AA542 --><String CONTENT="A" HEIGHT="39" WIDTH="42" VPOS="1075" HPOS="1401"/>
<SP HEIGHT="40" WIDTH="25" VPOS="1074" HPOS="1444"/>
<String CONTENT="3593;" HEIGHT="48" WIDTH="141" VPOS="1073" HPOS="1470"/>
<SP HEIGHT="45" WIDTH="32" VPOS="1075" HPOS="1612"/>
<String CONTENT="Ives" HEIGHT="39" WIDTH="110" VPOS="1075" HPOS="1645"/>
<SP HEIGHT="40" WIDTH="26" VPOS="1074" HPOS="1756"/>
<String CONTENT="Washburn," HEIGHT="49" WIDTH="294" VPOS="1073" HPOS="1783"/>
<SP HEIGHT="48" WIDTH="28" VPOS="1073" HPOS="2078"/>
<String CONTENT="inc." HEIGHT="43" WIDTH="92" VPOS="1072" HPOS="2107"/>
</TextLine>
<TextLine HEIGHT="63" WIDTH="1918" VPOS="1127" HPOS="264" CS="1">
<String CONTENT="[&#169;" HEIGHT="56" WIDTH="67" VPOS="1134" HPOS="264"/>
<SP HEIGHT="53" WIDTH="27" VPOS="1134" HPOS="332"/>
<String CONTENT="introduction," HEIGHT="48" WIDTH="346" VPOS="1137" HPOS="360"/>
<SP HEIGHT="48" WIDTH="26" VPOS="1136" HPOS="707"/>
<String CS="1" CONTENT="by" HEIGHT="39" WIDTH="27" VPOS="1136" HPOS="734"/>
<SP HEIGHT="40" WIDTH="25" VPOS="1135" HPOS="795"/>
<String CONTENT="Clayton" HEIGHT="48" WIDTH="208" VPOS="1134" HPOS="821"/>
<SP HEIGHT="38" WIDTH="25" VPOS="1134" HPOS="1030"/>
<String CONTENT="Hamilton" HEIGHT="40" WIDTH="255" VPOS="1132" HPOS="1056"/>
<SP HEIGHT="30" WIDTH="26" VPOS="1142" HPOS="1312"/>
<String CONTENT="and" HEIGHT="39" WIDTH="97" VPOS="1133" HPOS="1339"/>
<SP HEIGHT="39" WIDTH="25" VPOS="1132" HPOS="1437"/>
<String CONTENT="illustrations" HEIGHT="42" WIDTH="332" VPOS="1130" HPOS="1463"/>
<SP HEIGHT="40" WIDTH="24" VPOS="1131" HPOS="1796"/>
<String CONTENT="by" HEIGHT="49" WIDTH="62" VPOS="1130" HPOS="1821"/>
<SP HEIGHT="47" WIDTH="27" VPOS="1131" HPOS="1884"/>
<String CONTENT="Eric" HEIGHT="41" WIDTH="112" VPOS="1129" HPOS="1912"/>
<SP HEIGHT="39" WIDTH="27" VPOS="1131" HPOS="2025"/>
<String CS="1" CONTENT="Pape]" HEIGHT="48" WIDTH="129" VPOS="1130" HPOS="2053"/>
</TextLine>
<TextLine HEIGHT="52" WIDTH="252" VPOS="1193" HPOS="271">
<String CONTENT="(29-1870)" HEIGHT="52" WIDTH="252" VPOS="1193" HPOS="271"/>
</TextLine>
<TextLine HEIGHT="74" WIDTH="1442" VPOS="1283" HPOS="191" STYLEREFS="StyleId-30B8042E-11E3-4055-8653-8B22FC789621-">
<String CONTENT="The" HEIGHT="51" WIDTH="123" VPOS="1293" HPOS="191"/>
<SP HEIGHT="53" WIDTH="23" VPOS="1291" HPOS="315"/>
<String CONTENT="Humorist," HEIGHT="54" WIDTH="332" VPOS="1289" HPOS="339"/>
<SP HEIGHT="35" WIDTH="74" VPOS="1306" HPOS="672"/>
<String CONTENT="v." HEIGHT="37" WIDTH="51" VPOS="1306" HPOS="747"/>
<SP HEIGHT="52" WIDTH="31" VPOS="1291" HPOS="799"/>
<String CONTENT="13," HEIGHT="64" WIDTH="82" VPOS="1291" HPOS="831"/>
<SP HEIGHT="50" WIDTH="24" VPOS="1305" HPOS="914"/>
<String CONTENT="no." HEIGHT="36" WIDTH="89" VPOS="1304" HPOS="939"/>
<SP HEIGHT="50" WIDTH="28" VPOS="1289" HPOS="1029"/>
<String CONTENT="336," HEIGHT="64" WIDTH="119" VPOS="1288" HPOS="1058"/>
<SP HEIGHT="67" WIDTH="25" VPOS="1285" HPOS="1178"/>
<String CONTENT="Jan." HEIGHT="54" WIDTH="132" VPOS="1284" HPOS="1204"/>
<SP HEIGHT="49" WIDTH="31" VPOS="1288" HPOS="1337"/>
<String CONTENT="12," HEIGHT="66" WIDTH="81" VPOS="1286" HPOS="1369"/>
<SP HEIGHT="64" WIDTH="29" VPOS="1288" HPOS="1451"/>
<String CONTENT="1929." HEIGHT="52" WIDTH="152" VPOS="1286" HPOS="1481"/>
</TextLine>
<TextLine HEIGHT="60" WIDTH="2006" VPOS="1362" HPOS="195" CS="1">
<String CONTENT="&#169;" HEIGHT="53" WIDTH="52" VPOS="1369" HPOS="195"/>
<SP/>
<String CS="1" CONTENT="1c."/>
<SP HEIGHT="41" WIDTH="28" VPOS="1373" HPOS="343"/>
<String CONTENT="Feb." HEIGHT="41" WIDTH="111" VPOS="1372" HPOS="372"/>
<SP HEIGHT="40" WIDTH="26" VPOS="1372" HPOS="484"/>
<String CONTENT="1," HEIGHT="47" WIDTH="40" VPOS="1372" HPOS="511"/>
<SP HEIGHT="47" WIDTH="28" VPOS="1372" HPOS="552"/>
<String CONTENT="1929;" HEIGHT="47" WIDTH="141" VPOS="1369" HPOS="581"/>
<SP HEIGHT="46" WIDTH="29" VPOS="1369" HPOS="723"/>
<!-- cceid 87A76AB7-6CFA-1014-9C3C-CEA95E7AA542 --><String CONTENT="A" HEIGHT="39" WIDTH="39" VPOS="1369" HPOS="753"/>
<SP HEIGHT="40" WIDTH="28" VPOS="1369" HPOS="793"/>
<String CONTENT="ad" HEIGHT="38" WIDTH="62" VPOS="1371" HPOS="822"/>
<SP HEIGHT="40" WIDTH="27" VPOS="1369" HPOS="885"/>
<String CONTENT="int." HEIGHT="41" WIDTH="87" VPOS="1368" HPOS="913"/>
<SP HEIGHT="39" WIDTH="27" VPOS="1369" HPOS="1001"/>
<String CONTENT="12284;" HEIGHT="47" WIDTH="171" VPOS="1367" HPOS="1029"/>
<SP HEIGHT="39" WIDTH="30" VPOS="1377" HPOS="1201"/>
<String CONTENT="pubd." HEIGHT="50" WIDTH="144" VPOS="1366" HPOS="1232"/>
<SP HEIGHT="41" WIDTH="29" VPOS="1367" HPOS="1377"/>
<String CONTENT="Jan." HEIGHT="40" WIDTH="111" VPOS="1367" HPOS="1407"/>
<SP HEIGHT="41" WIDTH="28" VPOS="1366" HPOS="1519"/>
<String CONTENT="5;" HEIGHT="49" WIDTH="53" VPOS="1365" HPOS="1548"/>
<SP HEIGHT="48" WIDTH="30" VPOS="1365" HPOS="1602"/>
<String CONTENT="George" HEIGHT="49" WIDTH="185" VPOS="1365" HPOS="1633"/>
<SP HEIGHT="41" WIDTH="27" VPOS="1365" HPOS="1819"/>
<String CONTENT="Newnes," HEIGHT="48" WIDTH="220" VPOS="1365" HPOS="1847"/>
<SP HEIGHT="47" WIDTH="30" VPOS="1366" HPOS="2068"/>
<String CONTENT="ltd.," HEIGHT="50" WIDTH="102" VPOS="1365" HPOS="2099"/>
</TextLine>
<TextLine HEIGHT="40" WIDTH="214" VPOS="1430" HPOS="262">
<String CONTENT="London." HEIGHT="40" WIDTH="214" VPOS="1430" HPOS="262"/>
</TextLine>
<TextLine HEIGHT="65" WIDTH="698" VPOS="1522" HPOS="193" STYLEREFS="StyleId-36A9DE0B-3051-4D57-AE6E-34476E9728A1-">
<String CONTENT="Hurst," HEIGHT="61" WIDTH="209" VPOS="1525" HPOS="193"/>
<SP HEIGHT="62" WIDTH="35" VPOS="1524" HPOS="403"/>
<String CONTENT="Fannie," HEIGHT="63" WIDTH="242" VPOS="1523" HPOS="439"/>
<SP HEIGHT="59" WIDTH="36" VPOS="1527" HPOS="682"/>
<String CONTENT="1889-" HEIGHT="50" WIDTH="172" VPOS="1526" HPOS="719"/>
</TextLine>
<TextLine HEIGHT="78" WIDTH="1882" VPOS="1593" HPOS="323" STYLEREFS="StyleId-30B8042E-11E3-4055-8653-8B22FC789621-" CS="1">
<String CS="1" CONTENT="&#8230;"/>
<SP HEIGHT="51" WIDTH="39" VPOS="1603" HPOS="323"/>
<String CONTENT="Procession" HEIGHT="55" WIDTH="335" VPOS="1599" HPOS="363"/>
<SP HEIGHT="52" WIDTH="39" VPOS="1616" HPOS="699"/>
<String CS="1" CONTENT="[by]" HEIGHT="71" WIDTH="94" VPOS="1598" HPOS="755"/>
<SP HEIGHT="67" WIDTH="36" VPOS="1599" HPOS="850"/>
<String CONTENT="Fannie" HEIGHT="53" WIDTH="221" VPOS="1598" HPOS="887"/>
<SP HEIGHT="53" WIDTH="33" VPOS="1597" HPOS="1109"/>
<String CONTENT="Hurst." HEIGHT="54" WIDTH="203" VPOS="1596" HPOS="1143"/>
<SP HEIGHT="52" WIDTH="75" VPOS="1597" HPOS="1347"/>
<String CONTENT="New" HEIGHT="53" WIDTH="139" VPOS="1596" HPOS="1423"/>
<SP HEIGHT="51" WIDTH="34" VPOS="1597" HPOS="1563"/>
<String CONTENT="York" HEIGHT="53" WIDTH="166" VPOS="1595" HPOS="1598"/>
<SP HEIGHT="53" WIDTH="32" VPOS="1595" HPOS="1765"/>
<String CONTENT="and" HEIGHT="54" WIDTH="113" VPOS="1595" HPOS="1798"/>
<SP HEIGHT="53" WIDTH="32" VPOS="1595" HPOS="1912"/>
<String CONTENT="London," HEIGHT="71" WIDTH="260" VPOS="1594" HPOS="1945"/>
</TextLine>
<TextLine HEIGHT="71" WIDTH="801" VPOS="1677" HPOS="192" STYLEREFS="StyleId-30B8042E-11E3-4055-8653-8B22FC789621-">
<String CONTENT="Harper" HEIGHT="67" WIDTH="235" VPOS="1681" HPOS="192"/>
<SP HEIGHT="52" WIDTH="27" VPOS="1681" HPOS="428"/>
<String CONTENT="&amp;" HEIGHT="51" WIDTH="46" VPOS="1681" HPOS="456"/>
<SP HEIGHT="53" WIDTH="25" VPOS="1679" HPOS="503"/>
<String CONTENT="brothers," HEIGHT="69" WIDTH="280" VPOS="1677" HPOS="529"/>
<SP HEIGHT="63" WIDTH="32" VPOS="1682" HPOS="810"/>
<String CONTENT="1929." HEIGHT="49" WIDTH="150" VPOS="1680" HPOS="843"/>
</TextLine>
<TextLine HEIGHT="53" WIDTH="675" VPOS="1760" HPOS="262" CS="1">
<String CONTENT="4" HEIGHT="37" WIDTH="30" VPOS="1766" HPOS="262"/>
<SP HEIGHT="47" WIDTH="28" VPOS="1766" HPOS="292"/>
<String LANG="la" CONTENT="p." HEIGHT="38" WIDTH="43" VPOS="1775" HPOS="320"/>
<SP/>
<String LANG="la" CS="1" CONTENT="l."/>
<String CONTENT="," HEIGHT="18" WIDTH="9" VPOS="1794" HPOS="429"/>
<SP HEIGHT="48" WIDTH="28" VPOS="1763" HPOS="438"/>
<String CONTENT="287," HEIGHT="47" WIDTH="100" VPOS="1763" HPOS="466"/>
<SP HEIGHT="29" WIDTH="33" VPOS="1782" HPOS="567"/>
<String CONTENT="[1]" HEIGHT="48" WIDTH="56" VPOS="1763" HPOS="600"/>
<SP HEIGHT="39" WIDTH="30" VPOS="1772" HPOS="656"/>
<String CONTENT="p." HEIGHT="39" WIDTH="45" VPOS="1771" HPOS="686"/>
<SP HEIGHT="40" WIDTH="59" VPOS="1762" HPOS="731"/>
<String CS="1" CONTENT="19&#189;" HEIGHT="41" WIDTH="57" VPOS="1760" HPOS="790"/>
<String STYLE="superscript" CS="1" CONTENT="&#7580;&#7504;"/>
<String CONTENT="." HEIGHT="8" WIDTH="9" VPOS="1793" HPOS="928"/>
</TextLine>
<TextLine HEIGHT="58" WIDTH="1602" VPOS="1825" HPOS="606" CS="1">
<String CS="1" CONTENT="CONTENTS.&#8212;The" HEIGHT="39" WIDTH="101" VPOS="1832" HPOS="606"/>
<SP HEIGHT="39" WIDTH="32" VPOS="1832" HPOS="708"/>
<String CONTENT="left" HEIGHT="39" WIDTH="93" VPOS="1831" HPOS="741"/>
<SP HEIGHT="39" WIDTH="32" VPOS="1831" HPOS="835"/>
<String CONTENT="hand" HEIGHT="40" WIDTH="132" VPOS="1830" HPOS="868"/>
<SP HEIGHT="40" WIDTH="33" VPOS="1830" HPOS="1001"/>
<String CONTENT="of" HEIGHT="40" WIDTH="52" VPOS="1830" HPOS="1035"/>
<SP HEIGHT="41" WIDTH="33" VPOS="1829" HPOS="1088"/>
<String CONTENT="God.&#8212;The" HEIGHT="42" WIDTH="282" VPOS="1828" HPOS="1122"/>
<SP HEIGHT="38" WIDTH="33" VPOS="1831" HPOS="1405"/>
<String CONTENT="third" HEIGHT="42" WIDTH="133" VPOS="1827" HPOS="1439"/>
<SP HEIGHT="39" WIDTH="33" VPOS="1829" HPOS="1573"/>
<String CONTENT="husband.&#8212;The" HEIGHT="42" WIDTH="404" VPOS="1828" HPOS="1607"/>
<SP HEIGHT="38" WIDTH="33" VPOS="1839" HPOS="2012"/>
<String CONTENT="young" HEIGHT="40" WIDTH="162" VPOS="1838" HPOS="2046"/>
</TextLine>
<TextLine HEIGHT="56" WIDTH="1601" VPOS="1883" HPOS="195">
<String CONTENT="prince.&#8212;The" HEIGHT="50" WIDTH="343" VPOS="1889" HPOS="195"/>
<SP HEIGHT="40" WIDTH="27" VPOS="1889" HPOS="539"/>
<String CONTENT="Hossie-Frossie.&#8212;Give" HEIGHT="44" WIDTH="592" VPOS="1885" HPOS="567"/>
<SP HEIGHT="38" WIDTH="26" VPOS="1888" HPOS="1160"/>
<String CONTENT="this" HEIGHT="40" WIDTH="101" VPOS="1885" HPOS="1187"/>
<SP HEIGHT="37" WIDTH="24" VPOS="1887" HPOS="1289"/>
<String CONTENT="little" HEIGHT="40" WIDTH="129" VPOS="1885" HPOS="1314"/>
<SP HEIGHT="37" WIDTH="26" VPOS="1896" HPOS="1444"/>
<String CONTENT="girl" HEIGHT="49" WIDTH="92" VPOS="1884" HPOS="1471"/>
<SP HEIGHT="40" WIDTH="28" VPOS="1885" HPOS="1564"/>
<String CONTENT="a" HEIGHT="29" WIDTH="28" VPOS="1896" HPOS="1593"/>
<SP HEIGHT="39" WIDTH="27" VPOS="1886" HPOS="1622"/>
<String CONTENT="hand." HEIGHT="39" WIDTH="146" VPOS="1886" HPOS="1650"/>
</TextLine>
<TextLine HEIGHT="58" WIDTH="1787" VPOS="1951" HPOS="199" CS="1">
<String CONTENT="&#169;" HEIGHT="52" WIDTH="51" VPOS="1957" HPOS="199"/>
<SP HEIGHT="52" WIDTH="26" VPOS="1957" HPOS="251"/>
<String CONTENT="Jan." HEIGHT="39" WIDTH="110" VPOS="1962" HPOS="278"/>
<SP HEIGHT="40" WIDTH="23" VPOS="1961" HPOS="389"/>
<String CONTENT="17," HEIGHT="47" WIDTH="69" VPOS="1960" HPOS="413"/>
<SP HEIGHT="46" WIDTH="22" VPOS="1960" HPOS="483"/>
<String CONTENT="1929:" HEIGHT="41" WIDTH="141" VPOS="1958" HPOS="506"/>
<SP HEIGHT="41" WIDTH="27" VPOS="1958" HPOS="648"/>
<String CONTENT="2c." HEIGHT="42" WIDTH="66" VPOS="1957" HPOS="676"/>
<SP HEIGHT="40" WIDTH="26" VPOS="1958" HPOS="743"/>
<String CONTENT="Jan." HEIGHT="40" WIDTH="110" VPOS="1958" HPOS="770"/>
<SP HEIGHT="40" WIDTH="24" VPOS="1958" HPOS="881"/>
<String CONTENT="16;" HEIGHT="46" WIDTH="82" VPOS="1957" HPOS="906"/>
<SP HEIGHT="37" WIDTH="25" VPOS="1966" HPOS="989"/>
<String LANG="de" CONTENT="aff." HEIGHT="42" WIDTH="84" VPOS="1954" HPOS="1015"/>
<SP HEIGHT="40" WIDTH="26" VPOS="1956" HPOS="1100"/>
<String CONTENT="Jan." HEIGHT="39" WIDTH="110" VPOS="1956" HPOS="1127"/>
<SP HEIGHT="38" WIDTH="24" VPOS="1957" HPOS="1238"/>
<String CONTENT="19;" HEIGHT="48" WIDTH="83" VPOS="1954" HPOS="1263"/>
<SP HEIGHT="45" WIDTH="26" VPOS="1956" HPOS="1347"/>
<!-- cceid 87A86A6F-6CFA-1014-9C3C-CEA95E7AA542 --><String CONTENT="A" HEIGHT="38" WIDTH="41" VPOS="1956" HPOS="1374"/>
<SP HEIGHT="39" WIDTH="23" VPOS="1955" HPOS="1416"/>
<String CONTENT="2912;" HEIGHT="50" WIDTH="142" VPOS="1953" HPOS="1440"/>
<SP HEIGHT="47" WIDTH="30" VPOS="1955" HPOS="1583"/>
<String CONTENT="Fannie" HEIGHT="40" WIDTH="187" VPOS="1955" HPOS="1614"/>
<SP HEIGHT="39" WIDTH="23" VPOS="1956" HPOS="1802"/>
<String CONTENT="Hurst" HEIGHT="41" WIDTH="160" VPOS="1955" HPOS="1826"/>
</TextLine>
<TextLine HEIGHT="112" WIDTH="1922" VPOS="1953" HPOS="266" CS="1">
<String CONTENT="Danielson," HEIGHT="112" WIDTH="1922" VPOS="1953" HPOS="266"/>
<SP HEIGHT="47" WIDTH="29" VPOS="2018" HPOS="368"/>
<String CONTENT="New" HEIGHT="40" WIDTH="119" VPOS="2017" HPOS="397"/>
<SP HEIGHT="39" WIDTH="27" VPOS="2017" HPOS="517"/>
<String CONTENT="York." HEIGHT="40" WIDTH="146" VPOS="2016" HPOS="545"/>
<SP/>
<String CONTENT="(29-1806)" HEIGHT="50" WIDTH="255" VPOS="2013" HPOS="759"/>
</TextLine>
<TextLine HEIGHT="72" WIDTH="861" VPOS="2109" HPOS="197" STYLEREFS="StyleId-F3F7C54E-3A89-4CC3-A373-B75D913CBF47-">
<String CONTENT="Illinois." HEIGHT="54" WIDTH="240" VPOS="2111" HPOS="197"/>
<SP HEIGHT="51" WIDTH="74" VPOS="2113" HPOS="438"/>
<String CONTENT="Appellate" HEIGHT="69" WIDTH="311" VPOS="2111" HPOS="513"/>
<SP HEIGHT="33" WIDTH="29" VPOS="2130" HPOS="825"/>
<String CONTENT="courts." HEIGHT="49" WIDTH="203" VPOS="2115" HPOS="855"/>
</TextLine>
<TextLine HEIGHT="157" WIDTH="1987" VPOS="2182" HPOS="197" STYLEREFS="StyleId-30B8042E-11E3-4055-8653-8B22FC789621-" CS="1">
<String CONTENT="Reports" HEIGHT="68" WIDTH="246" VPOS="2191" HPOS="268"/>
<SP HEIGHT="35" WIDTH="34" VPOS="2208" HPOS="515"/>
<String CONTENT="of" HEIGHT="53" WIDTH="64" VPOS="2188" HPOS="550"/>
<SP HEIGHT="54" WIDTH="33" VPOS="2188" HPOS="615"/>
<String CONTENT="cases" HEIGHT="36" WIDTH="151" VPOS="2206" HPOS="649"/>
<SP HEIGHT="51" WIDTH="35" VPOS="2190" HPOS="801"/>
<String CONTENT="determined" HEIGHT="53" WIDTH="353" VPOS="2188" HPOS="837"/>
<SP HEIGHT="52" WIDTH="40" VPOS="2188" HPOS="1191"/>
<String CS="1" CONTENT="&#8230;"/>
<SP HEIGHT="33" WIDTH="77" VPOS="2205" HPOS="1288"/>
<String CONTENT="v." HEIGHT="34" WIDTH="50" VPOS="2205" HPOS="1366"/>
<SP HEIGHT="49" WIDTH="37" VPOS="2190" HPOS="1417"/>
<String CONTENT="248," HEIGHT="64" WIDTH="119" VPOS="2189" HPOS="1455"/>
<SP HEIGHT="47" WIDTH="34" VPOS="2205" HPOS="1575"/>
<String CS="1" CONTENT="A." HEIGHT="9" WIDTH="9" VPOS="2230" HPOS="1652"/>
<SP HEIGHT="33" WIDTH="37" VPOS="2206" HPOS="1662"/>
<String CS="1" CONTENT="D." HEIGHT="9" WIDTH="9" VPOS="2230" HPOS="1738"/>
<SP HEIGHT="48" WIDTH="41" VPOS="2191" HPOS="1748"/>
<String CONTENT="1929" HEIGHT="51" WIDTH="133" VPOS="2189" HPOS="1790"/>
<SP HEIGHT="49" WIDTH="41" VPOS="2190" HPOS="1924"/>
<String CS="1" CONTENT="&#8230;"/>
<SP HEIGHT="53" WIDTH="76" VPOS="2187" HPOS="2023"/>
<String CONTENT="Reported" HEIGHT="152" WIDTH="1987" VPOS="2186" HPOS="197"/>
<SP HEIGHT="53" WIDTH="28" VPOS="2269" HPOS="401"/>
<String CONTENT="by" HEIGHT="71" WIDTH="74" VPOS="2268" HPOS="430"/>
</TextLine>
<TextLine HEIGHT="80" WIDTH="1672" VPOS="2260" HPOS="536" STYLEREFS="StyleId-30B8042E-11E3-4055-8653-8B22FC789621-">
<String CONTENT="Basil" HEIGHT="53" WIDTH="160" VPOS="2268" HPOS="536"/>
<SP HEIGHT="55" WIDTH="30" VPOS="2267" HPOS="697"/>
<String CONTENT="Jones." HEIGHT="52" WIDTH="191" VPOS="2269" HPOS="728"/>
<SP HEIGHT="56" WIDTH="67" VPOS="2265" HPOS="920"/>
<String CONTENT="Chicago," HEIGHT="72" WIDTH="271" VPOS="2264" HPOS="988"/>
<SP HEIGHT="71" WIDTH="32" VPOS="2264" HPOS="1260"/>
<String CONTENT="Callaghan" HEIGHT="72" WIDTH="323" VPOS="2263" HPOS="1293"/>
<SP HEIGHT="50" WIDTH="29" VPOS="2267" HPOS="1617"/>
<String CONTENT="&amp;" HEIGHT="50" WIDTH="46" VPOS="2267" HPOS="1647"/>
<SP HEIGHT="50" WIDTH="29" VPOS="2267" HPOS="1694"/>
<String CONTENT="company," HEIGHT="55" WIDTH="299" VPOS="2281" HPOS="1724"/>
<SP HEIGHT="64" WIDTH="32" VPOS="2269" HPOS="2024"/>
<String CONTENT="1929." HEIGHT="51" WIDTH="151" VPOS="2267" HPOS="2057"/>
</TextLine>
<TextLine HEIGHT="51" WIDTH="515" VPOS="2350" HPOS="268" STYLEREFS="StyleId-30B8042E-11E3-4055-8653-8B22FC789621-" CS="1">
<String CONTENT="xxxi," HEIGHT="45" WIDTH="134" VPOS="2353" HPOS="268"/>
<SP HEIGHT="47" WIDTH="35" VPOS="2351" HPOS="403"/>
<String CONTENT="699" HEIGHT="41" WIDTH="86" VPOS="2351" HPOS="439"/>
<SP HEIGHT="49" WIDTH="31" VPOS="2351" HPOS="526"/>
<String CONTENT="p." HEIGHT="37" WIDTH="43" VPOS="2363" HPOS="558"/>
<SP HEIGHT="41" WIDTH="61" VPOS="2351" HPOS="602"/>
<String CONTENT="23" HEIGHT="42" WIDTH="57" VPOS="2350" HPOS="664"/>
<String STYLE="superscript" CS="1" CONTENT="&#7580;&#7504;"/>
<String CONTENT="." HEIGHT="8" WIDTH="9" VPOS="2384" HPOS="774"/>
</TextLine>
<TextLine HEIGHT="60" WIDTH="1691" VPOS="2413" HPOS="202">
<String CONTENT="&#169;" HEIGHT="53" WIDTH="52" VPOS="2419" HPOS="202"/>
<SP HEIGHT="53" WIDTH="27" VPOS="2419" HPOS="255"/>
<String CONTENT="Jan." HEIGHT="39" WIDTH="111" VPOS="2424" HPOS="283"/>
<SP HEIGHT="40" WIDTH="25" VPOS="2424" HPOS="395"/>
<String CONTENT="7," HEIGHT="49" WIDTH="39" VPOS="2423" HPOS="421"/>
<SP HEIGHT="47" WIDTH="27" VPOS="2424" HPOS="461"/>
<String CONTENT="1929;" HEIGHT="47" WIDTH="140" VPOS="2421" HPOS="489"/>
<SP HEIGHT="46" WIDTH="29" VPOS="2422" HPOS="630"/>
<String CONTENT="2c." HEIGHT="42" WIDTH="67" VPOS="2421" HPOS="660"/>
<SP HEIGHT="31" WIDTH="28" VPOS="2431" HPOS="728"/>
<String CONTENT="and" HEIGHT="39" WIDTH="96" VPOS="2422" HPOS="757"/>
<SP HEIGHT="39" WIDTH="24" VPOS="2422" HPOS="854"/>
<String LANG="de" CONTENT="aff." HEIGHT="43" WIDTH="83" VPOS="2420" HPOS="879"/>
<SP HEIGHT="43" WIDTH="28" VPOS="2420" HPOS="963"/>
<String CONTENT="Jan." HEIGHT="43" WIDTH="110" VPOS="2419" HPOS="992"/>
<SP HEIGHT="41" WIDTH="28" VPOS="2420" HPOS="1103"/>
<String CONTENT="9;" HEIGHT="43" WIDTH="52" VPOS="2420" HPOS="1132"/>
<SP HEIGHT="41" WIDTH="30" VPOS="2422" HPOS="1185"/>
<!-- cceid 87A95B75-6CFA-1014-9C3C-CEA95E7AA542 --><String CONTENT="A" HEIGHT="38" WIDTH="41" VPOS="2422" HPOS="1216"/>
<SP HEIGHT="41" WIDTH="25" VPOS="2420" HPOS="1258"/>
<String CONTENT="3613;" HEIGHT="42" WIDTH="142" VPOS="2420" HPOS="1284"/>
<SP HEIGHT="43" WIDTH="31" VPOS="2419" HPOS="1427"/>
<String CONTENT="Callaghan" HEIGHT="51" WIDTH="272" VPOS="2418" HPOS="1459"/>
<SP HEIGHT="40" WIDTH="27" VPOS="2423" HPOS="1732"/>
<String CONTENT="&amp;" HEIGHT="40" WIDTH="37" VPOS="2423" HPOS="1760"/>
<SP HEIGHT="40" WIDTH="25" VPOS="2423" HPOS="1798"/>
<String CONTENT="co." HEIGHT="33" WIDTH="69" VPOS="2428" HPOS="1824"/>
</TextLine>
<TextLine HEIGHT="77" WIDTH="2006" VPOS="2510" HPOS="202" STYLEREFS="StyleId-30B8042E-11E3-4055-8653-8B22FC789621-" CS="1">
<String CONTENT="International" HEIGHT="55" WIDTH="432" VPOS="2516" HPOS="202"/>
<SP HEIGHT="69" WIDTH="36" VPOS="2517" HPOS="635"/>
<String CS="1" CONTENT="year" HEIGHT="36" WIDTH="94" VPOS="2534" HPOS="713"/>
<SP HEIGHT="52" WIDTH="34" VPOS="2517" HPOS="808"/>
<String CONTENT="book" HEIGHT="53" WIDTH="148" VPOS="2516" HPOS="843"/>
<SP HEIGHT="54" WIDTH="36" VPOS="2515" HPOS="992"/>
<String CONTENT="on" HEIGHT="34" WIDTH="73" VPOS="2534" HPOS="1029"/>
<SP HEIGHT="34" WIDTH="35" VPOS="2534" HPOS="1103"/>
<String CONTENT="civil" HEIGHT="54" WIDTH="135" VPOS="2514" HPOS="1139"/>
<SP HEIGHT="52" WIDTH="35" VPOS="2516" HPOS="1275"/>
<String CONTENT="and" HEIGHT="52" WIDTH="114" VPOS="2517" HPOS="1311"/>
<SP HEIGHT="52" WIDTH="36" VPOS="2517" HPOS="1426"/>
<String CONTENT="commercial" HEIGHT="54" WIDTH="360" VPOS="2515" HPOS="1463"/>
<SP HEIGHT="54" WIDTH="37" VPOS="2514" HPOS="1824"/>
<String CONTENT="arbitration" HEIGHT="56" WIDTH="346" VPOS="2513" HPOS="1862"/>
</TextLine>
<TextLine HEIGHT="77" WIDTH="1712" VPOS="2590" HPOS="332" STYLEREFS="StyleId-30B8042E-11E3-4055-8653-8B22FC789621-" CS="1">
<String CS="1" CONTENT="&#8230;"/>
<SP HEIGHT="34" WIDTH="78" VPOS="2616" HPOS="332"/>
<String CONTENT="vol." HEIGHT="55" WIDTH="111" VPOS="2595" HPOS="410"/>
<SP HEIGHT="34" WIDTH="31" VPOS="2613" HPOS="521"/>
<String CS="1" CONTENT="I." HEIGHT="10" WIDTH="10" VPOS="2638" HPOS="580"/>
<SP HEIGHT="54" WIDTH="66" VPOS="2595" HPOS="590"/>
<String CONTENT="New" HEIGHT="55" WIDTH="141" VPOS="2594" HPOS="656"/>
<SP HEIGHT="52" WIDTH="31" VPOS="2595" HPOS="797"/>
<String CONTENT="York," HEIGHT="69" WIDTH="181" VPOS="2593" HPOS="828"/>
<SP HEIGHT="68" WIDTH="31" VPOS="2593" HPOS="1009"/>
<String CONTENT="Oxford" HEIGHT="55" WIDTH="232" VPOS="2593" HPOS="1040"/>
<SP HEIGHT="53" WIDTH="30" VPOS="2593" HPOS="1272"/>
<String CONTENT="university" HEIGHT="71" WIDTH="322" VPOS="2592" HPOS="1302"/>
<SP HEIGHT="51" WIDTH="31" VPOS="2611" HPOS="1624"/>
<String CONTENT="press" HEIGHT="51" WIDTH="158" VPOS="2611" HPOS="1655"/>
<SP HEIGHT="49" WIDTH="37" VPOS="2612" HPOS="1813"/>
<String STYLE="subscript" CONTENT="[" HEIGHT="34" WIDTH="13" VPOS="2626" HPOS="1851"/>
<String STYLE="superscript" CS="1" CONTENT="&#7580;192"/>
<String CONTENT="8" HEIGHT="49" WIDTH="29" VPOS="2598" HPOS="1997"/>
<String STYLE="subscript" CONTENT="]" HEIGHT="34" WIDTH="12" VPOS="2627" HPOS="2032"/>
</TextLine>
<TextLine HEIGHT="51" WIDTH="477" VPOS="2677" HPOS="266" STYLEREFS="StyleId-30B8042E-11E3-4055-8653-8B22FC789621-" CS="1">
<String CONTENT="xvi," HEIGHT="47" WIDTH="97" VPOS="2680" HPOS="266"/>
<SP HEIGHT="46" WIDTH="33" VPOS="2681" HPOS="364"/>
<String CONTENT="418" HEIGHT="42" WIDTH="87" VPOS="2679" HPOS="398"/>
<SP HEIGHT="47" WIDTH="32" VPOS="2680" HPOS="486"/>
<String CONTENT="p." HEIGHT="38" WIDTH="43" VPOS="2689" HPOS="519"/>
<SP HEIGHT="41" WIDTH="61" VPOS="2678" HPOS="563"/>
<String CONTENT="24" HEIGHT="40" WIDTH="58" VPOS="2678" HPOS="625"/>
<String STYLE="superscript" CS="1" CONTENT="&#7580;&#7504;"/>
<String CONTENT="." HEIGHT="8" WIDTH="8" VPOS="2711" HPOS="735"/>
</TextLine>
<TextLine HEIGHT="55" WIDTH="1750" VPOS="2744" HPOS="273">
<String CONTENT="&#8220;In" HEIGHT="39" WIDTH="87" VPOS="2751" HPOS="273"/>
<SP HEIGHT="29" WIDTH="38" VPOS="2762" HPOS="361"/>
<String CONTENT="conjunction" HEIGHT="50" WIDTH="314" VPOS="2749" HPOS="400"/>
<SP HEIGHT="31" WIDTH="39" VPOS="2758" HPOS="715"/>
<String CONTENT="with" HEIGHT="40" WIDTH="121" VPOS="2748" HPOS="755"/>
<SP HEIGHT="40" WIDTH="40" VPOS="2749" HPOS="877"/>
<String CONTENT="the" HEIGHT="40" WIDTH="81" VPOS="2749" HPOS="918"/>
<SP HEIGHT="40" WIDTH="39" VPOS="2748" HPOS="1000"/>
<String CONTENT="American" HEIGHT="42" WIDTH="260" VPOS="2747" HPOS="1040"/>
<SP HEIGHT="29" WIDTH="40" VPOS="2759" HPOS="1301"/>
<String CONTENT="arbitration" HEIGHT="43" WIDTH="296" VPOS="2747" HPOS="1342"/>
<SP HEIGHT="29" WIDTH="42" VPOS="2759" HPOS="1639"/>
<String CONTENT="association.&#8221;" HEIGHT="42" WIDTH="341" VPOS="2748" HPOS="1682"/>
</TextLine>
<TextLine HEIGHT="51" WIDTH="907" VPOS="2803" HPOS="201">
<String LANG="en-US" CONTENT="Editor:" HEIGHT="40" WIDTH="199" VPOS="2808" HPOS="201"/>
<SP HEIGHT="39" WIDTH="32" VPOS="2808" HPOS="401"/>
<String LANG="en-US" CONTENT="1928," HEIGHT="48" WIDTH="128" VPOS="2806" HPOS="434"/>
<SP HEIGHT="47" WIDTH="31" VPOS="2806" HPOS="563"/>
<String LANG="en-US" CONTENT="Arthur" HEIGHT="43" WIDTH="189" VPOS="2804" HPOS="595"/>
<SP HEIGHT="39" WIDTH="28" VPOS="2806" HPOS="785"/>
<String LANG="de" CONTENT="Nussbaum." HEIGHT="42" WIDTH="294" VPOS="2804" HPOS="814"/>
</TextLine>
<TextLine HEIGHT="54" WIDTH="1211" VPOS="2859" HPOS="272">
<String CONTENT="Includes" HEIGHT="41" WIDTH="226" VPOS="2864" HPOS="272"/>
<SP HEIGHT="38" WIDTH="30" VPOS="2865" HPOS="499"/>
<String CONTENT="the" HEIGHT="39" WIDTH="82" VPOS="2864" HPOS="530"/>
<SP HEIGHT="29" WIDTH="30" VPOS="2874" HPOS="613"/>
<String CONTENT="section" HEIGHT="43" WIDTH="185" VPOS="2861" HPOS="644"/>
<SP HEIGHT="39" WIDTH="33" VPOS="2863" HPOS="830"/>
<String CONTENT="&#8220;Books" HEIGHT="41" WIDTH="189" VPOS="2862" HPOS="864"/>
<SP HEIGHT="29" WIDTH="29" VPOS="2873" HPOS="1054"/>
<String CONTENT="and" HEIGHT="39" WIDTH="96" VPOS="2863" HPOS="1084"/>
<SP HEIGHT="48" WIDTH="32" VPOS="2862" HPOS="1181"/>
<String CONTENT="journals&#8221;." HEIGHT="49" WIDTH="270" VPOS="2861" HPOS="1213"/>
</TextLine>
<TextLine HEIGHT="64" WIDTH="2008" VPOS="2924" HPOS="205">
<String CONTENT="&#169;" HEIGHT="53" WIDTH="52" VPOS="2931" HPOS="205"/>
<SP HEIGHT="53" WIDTH="30" VPOS="2931" HPOS="258"/>
<String CONTENT="Dec." HEIGHT="39" WIDTH="112" VPOS="2936" HPOS="289"/>
<SP HEIGHT="40" WIDTH="28" VPOS="2935" HPOS="402"/>
<String CONTENT="20," HEIGHT="48" WIDTH="69" VPOS="2934" HPOS="431"/>
<SP HEIGHT="46" WIDTH="30" VPOS="2935" HPOS="501"/>
<String CONTENT="1928;" HEIGHT="47" WIDTH="141" VPOS="2933" HPOS="532"/>
<SP HEIGHT="46" WIDTH="32" VPOS="2934" HPOS="674"/>
<String CONTENT="2c." HEIGHT="42" WIDTH="67" VPOS="2933" HPOS="707"/>
<SP HEIGHT="30" WIDTH="30" VPOS="2944" HPOS="775"/>
<String CONTENT="and" HEIGHT="39" WIDTH="97" VPOS="2934" HPOS="806"/>
<SP HEIGHT="40" WIDTH="29" VPOS="2934" HPOS="904"/>
<String CONTENT="a" HEIGHT="31" WIDTH="26" VPOS="2943" HPOS="934"/>
<String LANG="de" CONTENT="ff." HEIGHT="43" WIDTH="50" VPOS="2932" HPOS="966"/>
<SP HEIGHT="41" WIDTH="31" VPOS="2933" HPOS="1017"/>
<String CONTENT="Jan." HEIGHT="39" WIDTH="110" VPOS="2933" HPOS="1049"/>
<SP HEIGHT="38" WIDTH="29" VPOS="2934" HPOS="1160"/>
<String CONTENT="17," HEIGHT="46" WIDTH="68" VPOS="2934" HPOS="1190"/>
<SP HEIGHT="47" WIDTH="31" VPOS="2933" HPOS="1259"/>
<String CONTENT="1929;" HEIGHT="47" WIDTH="141" VPOS="2932" HPOS="1291"/>
<SP HEIGHT="46" WIDTH="33" VPOS="2933" HPOS="1433"/>
<!-- cceid 87AA5027-6CFA-1014-9C3C-CEA95E7AA542 --><String CONTENT="A" HEIGHT="39" WIDTH="43" VPOS="2933" HPOS="1467"/>
<SP HEIGHT="39" WIDTH="27" VPOS="2933" HPOS="1511"/>
<String CONTENT="2872;" HEIGHT="48" WIDTH="141" VPOS="2932" HPOS="1539"/>
<SP HEIGHT="46" WIDTH="35" VPOS="2933" HPOS="1681"/>
<String CONTENT="Oxford" HEIGHT="44" WIDTH="189" VPOS="2932" HPOS="1717"/>
<SP HEIGHT="40" WIDTH="31" VPOS="2935" HPOS="1907"/>
<String CONTENT="university" HEIGHT="51" WIDTH="274" VPOS="2931" HPOS="1939"/>
</TextLine>
<TextLine HEIGHT="54" WIDTH="926" VPOS="2988" HPOS="273">
<String CONTENT="press," HEIGHT="39" WIDTH="149" VPOS="3003" HPOS="273"/>
<SP HEIGHT="50" WIDTH="31" VPOS="2992" HPOS="423"/>
<String CONTENT="New" HEIGHT="40" WIDTH="119" VPOS="2992" HPOS="455"/>
<SP HEIGHT="41" WIDTH="29" VPOS="2991" HPOS="575"/>
<String CONTENT="York," HEIGHT="50" WIDTH="145" VPOS="2990" HPOS="605"/>
<SP HEIGHT="49" WIDTH="31" VPOS="2990" HPOS="751"/>
<String CONTENT="inc." HEIGHT="41" WIDTH="92" VPOS="2990" HPOS="783"/>
<SP HEIGHT="50" WIDTH="70" VPOS="2990" HPOS="876"/>
<String CONTENT="(29-1946)" HEIGHT="52" WIDTH="252" VPOS="2988" HPOS="947"/>
</TextLine>
<TextLine HEIGHT="69" WIDTH="804" VPOS="3083" HPOS="201" STYLEREFS="StyleId-36A9DE0B-3051-4D57-AE6E-34476E9728A1-">
<String CONTENT="Jeffers," HEIGHT="67" WIDTH="238" VPOS="3085" HPOS="201"/>
<SP HEIGHT="64" WIDTH="35" VPOS="3087" HPOS="440"/>
<String CONTENT="Robinson," HEIGHT="66" WIDTH="319" VPOS="3085" HPOS="476"/>
<SP HEIGHT="59" WIDTH="36" VPOS="3091" HPOS="796"/>
<String CONTENT="1887-" HEIGHT="55" WIDTH="172" VPOS="3086" HPOS="833"/>
</TextLine>
<TextLine HEIGHT="81" WIDTH="1942" VPOS="3157" HPOS="273" STYLEREFS="StyleId-30B8042E-11E3-4055-8653-8B22FC789621-">
<String CONTENT="Poems," HEIGHT="68" WIDTH="223" VPOS="3164" HPOS="273"/>
<SP HEIGHT="68" WIDTH="25" VPOS="3163" HPOS="496"/>
<String CONTENT="by" HEIGHT="69" WIDTH="76" VPOS="3163" HPOS="521"/>
<SP HEIGHT="69" WIDTH="27" VPOS="3163" HPOS="597"/>
<String CONTENT="Robinson" HEIGHT="55" WIDTH="295" VPOS="3162" HPOS="624"/>
<SP HEIGHT="54" WIDTH="26" VPOS="3163" HPOS="919"/>
<String CONTENT="Jeffers;" HEIGHT="68" WIDTH="238" VPOS="3162" HPOS="945"/>
<SP HEIGHT="65" WIDTH="32" VPOS="3164" HPOS="1183"/>
<String CONTENT="introduction" HEIGHT="56" WIDTH="393" VPOS="3162" HPOS="1215"/>
<SP HEIGHT="53" WIDTH="25" VPOS="3164" HPOS="1608"/>
<String CONTENT="by" HEIGHT="69" WIDTH="77" VPOS="3164" HPOS="1633"/>
<SP HEIGHT="67" WIDTH="28" VPOS="3166" HPOS="1710"/>
<String CONTENT="B." HEIGHT="51" WIDTH="66" VPOS="3166" HPOS="1738"/>
<SP HEIGHT="52" WIDTH="30" VPOS="3165" HPOS="1804"/>
<String CONTENT="H." HEIGHT="53" WIDTH="78" VPOS="3164" HPOS="1834"/>
<SP HEIGHT="52" WIDTH="28" VPOS="3165" HPOS="1912"/>
<String CONTENT="Lehman." HEIGHT="54" WIDTH="275" VPOS="3164" HPOS="1940"/>
</TextLine>
<TextLine HEIGHT="81" WIDTH="1690" VPOS="3235" HPOS="207" STYLEREFS="StyleId-30B8042E-11E3-4055-8653-8B22FC789621-">
<String CONTENT="San" HEIGHT="56" WIDTH="117" VPOS="3241" HPOS="207"/>
<SP HEIGHT="52" WIDTH="37" VPOS="3242" HPOS="325"/>
<String CONTENT="Francisco," HEIGHT="69" WIDTH="324" VPOS="3241" HPOS="363"/>
<SP HEIGHT="67" WIDTH="35" VPOS="3242" HPOS="688"/>
<String CONTENT="The" HEIGHT="54" WIDTH="122" VPOS="3241" HPOS="724"/>
<SP HEIGHT="52" WIDTH="38" VPOS="3243" HPOS="847"/>
<String CONTENT="Book" HEIGHT="53" WIDTH="162" VPOS="3242" HPOS="886"/>
<SP HEIGHT="53" WIDTH="37" VPOS="3242" HPOS="1049"/>
<String CONTENT="club" HEIGHT="54" WIDTH="128" VPOS="3241" HPOS="1087"/>
<SP HEIGHT="54" WIDTH="38" VPOS="3241" HPOS="1216"/>
<String CONTENT="of" HEIGHT="53" WIDTH="64" VPOS="3242" HPOS="1255"/>
<SP HEIGHT="55" WIDTH="38" VPOS="3241" HPOS="1320"/>
<String CONTENT="California," HEIGHT="72" WIDTH="346" VPOS="3240" HPOS="1359"/>
<SP HEIGHT="64" WIDTH="40" VPOS="3247" HPOS="1706"/>
<String CONTENT="1928." HEIGHT="53" WIDTH="150" VPOS="3244" HPOS="1747"/>
</TextLine>
<TextLine HEIGHT="56" WIDTH="1331" VPOS="3321" HPOS="273" CS="1">
<String CONTENT="3" HEIGHT="40" WIDTH="26" VPOS="3326" HPOS="273"/>
<SP/>
<String LANG="la" CONTENT="p." HEIGHT="37" WIDTH="43" VPOS="3337" HPOS="327"/>
<SP/>
<String LANG="la" CS="1" CONTENT="l."/>
<String CONTENT="," HEIGHT="16" WIDTH="8" VPOS="3357" HPOS="432"/>
<SP HEIGHT="35" WIDTH="26" VPOS="3337" HPOS="441"/>
<String CONTENT="v-xi," HEIGHT="48" WIDTH="126" VPOS="3325" HPOS="468"/>
<SP HEIGHT="31" WIDTH="29" VPOS="3344" HPOS="595"/>
<String CONTENT="[1]," HEIGHT="48" WIDTH="71" VPOS="3327" HPOS="625"/>
<SP HEIGHT="47" WIDTH="25" VPOS="3326" HPOS="697"/>
<String CONTENT="49" HEIGHT="40" WIDTH="58" VPOS="3325" HPOS="723"/>
<SP HEIGHT="48" WIDTH="23" VPOS="3325" HPOS="782"/>
<String LANG="la" CONTENT="p.," HEIGHT="37" WIDTH="58" VPOS="3336" HPOS="806"/>
<SP HEIGHT="46" WIDTH="27" VPOS="3327" HPOS="865"/>
<String CONTENT="1" HEIGHT="37" WIDTH="24" VPOS="3327" HPOS="893"/>
<SP/>
<String CS="1" CONTENT="l."/>
<SP/>
<String CS="1" CONTENT="front."/>
<SP HEIGHT="48" WIDTH="28" VPOS="3325" HPOS="1186"/>
<String CONTENT="(port.)" HEIGHT="50" WIDTH="173" VPOS="3324" HPOS="1215"/>
<SP HEIGHT="47" WIDTH="66" VPOS="3326" HPOS="1389"/>
<String CS="1" CONTENT="24&#189;" HEIGHT="39" WIDTH="58" VPOS="3326" HPOS="1456"/>
<String STYLE="superscript" CS="1" CONTENT="&#7580;&#7504;"/>
<String CONTENT="." HEIGHT="8" WIDTH="7" VPOS="3358" HPOS="1597"/>
</TextLine>
<TextLine HEIGHT="59" WIDTH="1719" VPOS="3390" HPOS="276" CS="1">
<String CONTENT="&#8220;310" HEIGHT="41" WIDTH="113" VPOS="3396" HPOS="276"/>
<SP HEIGHT="42" WIDTH="29" VPOS="3396" HPOS="390"/>
<String CONTENT="copies" HEIGHT="49" WIDTH="160" VPOS="3396" HPOS="420"/>
<SP HEIGHT="38" WIDTH="25" VPOS="3406" HPOS="581"/>
<String CONTENT="printed" HEIGHT="50" WIDTH="197" VPOS="3394" HPOS="607"/>
<SP HEIGHT="40" WIDTH="28" VPOS="3396" HPOS="805"/>
<String CONTENT="by" HEIGHT="47" WIDTH="61" VPOS="3396" HPOS="834"/>
<SP HEIGHT="45" WIDTH="28" VPOS="3398" HPOS="896"/>
<String CONTENT="the" HEIGHT="41" WIDTH="82" VPOS="3396" HPOS="925"/>
<SP HEIGHT="41" WIDTH="30" VPOS="3396" HPOS="1008"/>
<String CONTENT="Grabhorn" HEIGHT="42" WIDTH="257" VPOS="3395" HPOS="1039"/>
<SP HEIGHT="39" WIDTH="30" VPOS="3406" HPOS="1297"/>
<String CONTENT="press" HEIGHT="38" WIDTH="137" VPOS="3407" HPOS="1328"/>
<SP HEIGHT="41" WIDTH="28" VPOS="3396" HPOS="1466"/>
<String CONTENT="for" HEIGHT="42" WIDTH="81" VPOS="3395" HPOS="1495"/>
<SP HEIGHT="38" WIDTH="28" VPOS="3399" HPOS="1577"/>
<String CONTENT="the" HEIGHT="39" WIDTH="83" VPOS="3398" HPOS="1606"/>
<SP HEIGHT="39" WIDTH="30" VPOS="3398" HPOS="1690"/>
<String CONTENT="Book" HEIGHT="41" WIDTH="135" VPOS="3397" HPOS="1721"/>
<SP HEIGHT="41" WIDTH="27" VPOS="3397" HPOS="1857"/>
<String CONTENT="club" HEIGHT="40" WIDTH="110" VPOS="3398" HPOS="1885"/>
</TextLine>
<TextLine HEIGHT="108" WIDTH="2013" VPOS="3397" HPOS="204" CS="1">
<String CONTENT="of" HEIGHT="40" WIDTH="52" VPOS="3398" HPOS="2027"/>
<SP HEIGHT="42" WIDTH="30" VPOS="3398" HPOS="2080"/>
<String CONTENT="California," HEIGHT="103" WIDTH="1995" VPOS="3397" HPOS="204"/>
<SP HEIGHT="49" WIDTH="36" VPOS="3451" HPOS="403"/>
<String CONTENT="September," HEIGHT="52" WIDTH="295" VPOS="3450" HPOS="439"/>
<SP HEIGHT="48" WIDTH="34" VPOS="3453" HPOS="734"/>
<String CONTENT="1928." HEIGHT="41" WIDTH="131" VPOS="3452" HPOS="768"/>
<SP HEIGHT="39" WIDTH="60" VPOS="3454" HPOS="899"/>
<String CONTENT="Portrait" HEIGHT="41" WIDTH="222" VPOS="3453" HPOS="959"/>
<SP HEIGHT="38" WIDTH="32" VPOS="3455" HPOS="1181"/>
<String CONTENT="study" HEIGHT="49" WIDTH="149" VPOS="3453" HPOS="1213"/>
<SP HEIGHT="48" WIDTH="31" VPOS="3453" HPOS="1362"/>
<String CONTENT="by" HEIGHT="48" WIDTH="64" VPOS="3453" HPOS="1393"/>
<SP HEIGHT="46" WIDTH="31" VPOS="3455" HPOS="1457"/>
<String CONTENT="Ansel" HEIGHT="41" WIDTH="150" VPOS="3454" HPOS="1488"/>
<SP HEIGHT="38" WIDTH="31" VPOS="3455" HPOS="1638"/>
<String CONTENT="E." HEIGHT="40" WIDTH="54" VPOS="3455" HPOS="1669"/>
<SP HEIGHT="40" WIDTH="35" VPOS="3455" HPOS="1723"/>
<String CONTENT="Adams." HEIGHT="42" WIDTH="198" VPOS="3454" HPOS="1758"/>
<SP HEIGHT="39" WIDTH="61" VPOS="3456" HPOS="1956"/>
<String CONTENT="Initials" HEIGHT="43" WIDTH="200" VPOS="3453" HPOS="2017"/>
</TextLine>
<TextLine HEIGHT="59" WIDTH="1671" VPOS="3503" HPOS="207">
<String CONTENT="by" HEIGHT="46" WIDTH="60" VPOS="3511" HPOS="207"/>
<SP HEIGHT="47" WIDTH="30" VPOS="3510" HPOS="268"/>
<String CONTENT="Valenti" HEIGHT="43" WIDTH="197" VPOS="3508" HPOS="299"/>
<SP HEIGHT="41" WIDTH="32" VPOS="3508" HPOS="497"/>
<String CONTENT="Angelo." HEIGHT="49" WIDTH="198" VPOS="3509" HPOS="530"/>
<SP HEIGHT="41" WIDTH="60" VPOS="3510" HPOS="729"/>
<String CONTENT="Copy" HEIGHT="47" WIDTH="131" VPOS="3510" HPOS="790"/>
<SP HEIGHT="36" WIDTH="33" VPOS="3521" HPOS="922"/>
<String CONTENT="no." HEIGHT="33" WIDTH="74" VPOS="3519" HPOS="956"/>
<SP HEIGHT="41" WIDTH="33" VPOS="3510" HPOS="1031"/>
<String CONTENT="206.&#8221;" HEIGHT="40" WIDTH="130" VPOS="3510" HPOS="1065"/>
<SP HEIGHT="41" WIDTH="62" VPOS="3510" HPOS="1196"/>
<String CONTENT="Signed" HEIGHT="49" WIDTH="176" VPOS="3510" HPOS="1259"/>
<SP HEIGHT="39" WIDTH="33" VPOS="3511" HPOS="1436"/>
<String CONTENT="by" HEIGHT="47" WIDTH="62" VPOS="3511" HPOS="1470"/>
<SP HEIGHT="45" WIDTH="33" VPOS="3513" HPOS="1533"/>
<String CONTENT="the" HEIGHT="41" WIDTH="81" VPOS="3511" HPOS="1567"/>
<SP HEIGHT="30" WIDTH="34" VPOS="3521" HPOS="1649"/>
<String CONTENT="author." HEIGHT="42" WIDTH="194" VPOS="3511" HPOS="1684"/>
</TextLine>
<TextLine HEIGHT="65" WIDTH="2007" VPOS="3555" HPOS="210" CS="1">
<String CONTENT="&#169;" HEIGHT="53" WIDTH="52" VPOS="3562" HPOS="210"/>
<SP HEIGHT="53" WIDTH="32" VPOS="3562" HPOS="263"/>
<String CONTENT="Oct." HEIGHT="41" WIDTH="102" VPOS="3566" HPOS="296"/>
<SP HEIGHT="40" WIDTH="29" VPOS="3567" HPOS="399"/>
<String CONTENT="10," HEIGHT="49" WIDTH="69" VPOS="3566" HPOS="429"/>
<SP HEIGHT="47" WIDTH="30" VPOS="3567" HPOS="499"/>
<String CONTENT="1928:" HEIGHT="41" WIDTH="143" VPOS="3566" HPOS="530"/>
<SP HEIGHT="40" WIDTH="30" VPOS="3567" HPOS="674"/>
<String CONTENT="2c." HEIGHT="41" WIDTH="69" VPOS="3566" HPOS="705"/>
<SP HEIGHT="40" WIDTH="29" VPOS="3566" HPOS="775"/>
<String CONTENT="Jan." HEIGHT="40" WIDTH="111" VPOS="3566" HPOS="805"/>
<SP HEIGHT="39" WIDTH="30" VPOS="3567" HPOS="917"/>
<String CONTENT="14," HEIGHT="50" WIDTH="69" VPOS="3566" HPOS="948"/>
<SP HEIGHT="48" WIDTH="31" VPOS="3567" HPOS="1018"/>
<String CONTENT="1929;" HEIGHT="46" WIDTH="141" VPOS="3566" HPOS="1050"/>
<SP/>
<String CS="1" CONTENT="aff."/>
<SP HEIGHT="40" WIDTH="29" VPOS="3568" HPOS="1311"/>
<String CONTENT="Jan." HEIGHT="40" WIDTH="111" VPOS="3568" HPOS="1341"/>
<SP HEIGHT="39" WIDTH="31" VPOS="3569" HPOS="1453"/>
<String CONTENT="15;" HEIGHT="48" WIDTH="83" VPOS="3566" HPOS="1485"/>
<SP HEIGHT="45" WIDTH="33" VPOS="3568" HPOS="1569"/>
<!-- cceid 87AB4CB2-6CFA-1014-9C3C-CEA95E7AA542 --><String CONTENT="A" HEIGHT="39" WIDTH="42" VPOS="3568" HPOS="1603"/>
<SP HEIGHT="40" WIDTH="29" VPOS="3567" HPOS="1646"/>
<String CONTENT="2841;" HEIGHT="48" WIDTH="142" VPOS="3567" HPOS="1676"/>
<SP HEIGHT="46" WIDTH="34" VPOS="3569" HPOS="1819"/>
<String CONTENT="Book" HEIGHT="41" WIDTH="136" VPOS="3568" HPOS="1854"/>
<SP HEIGHT="40" WIDTH="31" VPOS="3568" HPOS="1991"/>
<String CONTENT="club" HEIGHT="40" WIDTH="108" VPOS="3568" HPOS="2023"/>
<SP HEIGHT="43" WIDTH="32" VPOS="3567" HPOS="2132"/>
<String CONTENT="of" HEIGHT="41" WIDTH="52" VPOS="3568" HPOS="2165"/>
</TextLine>
<TextLine HEIGHT="54" WIDTH="608" VPOS="3620" HPOS="280">
<String CONTENT="California." HEIGHT="44" WIDTH="288" VPOS="3621" HPOS="280"/>
<SP HEIGHT="50" WIDTH="67" VPOS="3623" HPOS="569"/>
<String CONTENT="(29-2050)" HEIGHT="51" WIDTH="251" VPOS="3622" HPOS="637"/>
</TextLine>
<TextLine HEIGHT="85" WIDTH="2006" VPOS="3710" HPOS="212" STYLEREFS="StyleId-30B8042E-11E3-4055-8653-8B22FC789621-">
<String CONTENT="Judicial" HEIGHT="55" WIDTH="254" VPOS="3716" HPOS="212"/>
<SP HEIGHT="54" WIDTH="36" VPOS="3718" HPOS="466"/>
<String CONTENT="and" HEIGHT="51" WIDTH="115" VPOS="3721" HPOS="502"/>
<SP HEIGHT="52" WIDTH="36" VPOS="3721" HPOS="617"/>
<String CONTENT="statutory" HEIGHT="62" WIDTH="289" VPOS="3724" HPOS="653"/>
<SP HEIGHT="64" WIDTH="36" VPOS="3721" HPOS="942"/>
<String CONTENT="definitions" HEIGHT="56" WIDTH="330" VPOS="3717" HPOS="978"/>
<SP HEIGHT="35" WIDTH="37" VPOS="3738" HPOS="1308"/>
<String CONTENT="of" HEIGHT="54" WIDTH="64" VPOS="3719" HPOS="1345"/>
<SP HEIGHT="53" WIDTH="37" VPOS="3719" HPOS="1409"/>
<String CONTENT="words" HEIGHT="53" WIDTH="187" VPOS="3721" HPOS="1446"/>
<SP HEIGHT="33" WIDTH="37" VPOS="3740" HPOS="1633"/>
<String CONTENT="and" HEIGHT="53" WIDTH="114" VPOS="3722" HPOS="1670"/>
<SP HEIGHT="68" WIDTH="36" VPOS="3722" HPOS="1784"/>
<String CONTENT="phrases." HEIGHT="69" WIDTH="251" VPOS="3721" HPOS="1820"/>
<SP HEIGHT="50" WIDTH="74" VPOS="3724" HPOS="2071"/>
<String CONTENT="3d" HEIGHT="52" WIDTH="73" VPOS="3722" HPOS="2145"/>
</TextLine>
<TextLine HEIGHT="83" WIDTH="1940" VPOS="3789" HPOS="279" STYLEREFS="StyleId-30B8042E-11E3-4055-8653-8B22FC789621-">
<String CONTENT="series." HEIGHT="54" WIDTH="185" VPOS="3795" HPOS="279"/>
<SP HEIGHT="55" WIDTH="64" VPOS="3795" HPOS="465"/>
<String CONTENT="Collected," HEIGHT="71" WIDTH="307" VPOS="3794" HPOS="530"/>
<SP HEIGHT="48" WIDTH="26" VPOS="3816" HPOS="838"/>
<String CONTENT="edited," HEIGHT="70" WIDTH="208" VPOS="3796" HPOS="865"/>
<SP HEIGHT="49" WIDTH="28" VPOS="3816" HPOS="1074"/>
<String CONTENT="and" HEIGHT="52" WIDTH="113" VPOS="3798" HPOS="1103"/>
<SP HEIGHT="52" WIDTH="28" VPOS="3798" HPOS="1217"/>
<String CONTENT="compiled" HEIGHT="68" WIDTH="282" VPOS="3798" HPOS="1246"/>
<SP HEIGHT="52" WIDTH="27" VPOS="3798" HPOS="1529"/>
<String CONTENT="by" HEIGHT="71" WIDTH="77" VPOS="3797" HPOS="1557"/>
<SP HEIGHT="64" WIDTH="25" VPOS="3803" HPOS="1635"/>
<String CONTENT="the" HEIGHT="53" WIDTH="96" VPOS="3798" HPOS="1661"/>
<SP HEIGHT="34" WIDTH="28" VPOS="3817" HPOS="1758"/>
<String CONTENT="editorial" HEIGHT="54" WIDTH="267" VPOS="3798" HPOS="1787"/>
<SP HEIGHT="53" WIDTH="28" VPOS="3799" HPOS="2055"/>
<String CONTENT="staff" HEIGHT="55" WIDTH="135" VPOS="3798" HPOS="2084"/>
</TextLine>
<TextLine HEIGHT="84" WIDTH="1939" VPOS="3867" HPOS="280" STYLEREFS="StyleId-30B8042E-11E3-4055-8653-8B22FC789621-" CS="1">
<String CONTENT="of" HEIGHT="53" WIDTH="64" VPOS="3874" HPOS="280"/>
<SP HEIGHT="52" WIDTH="35" VPOS="3874" HPOS="345"/>
<String CONTENT="the" HEIGHT="55" WIDTH="95" VPOS="3873" HPOS="381"/>
<SP HEIGHT="52" WIDTH="36" VPOS="3875" HPOS="477"/>
<String CONTENT="National" HEIGHT="54" WIDTH="275" VPOS="3874" HPOS="514"/>
<SP HEIGHT="51" WIDTH="36" VPOS="3876" HPOS="790"/>
<String CONTENT="reporter" HEIGHT="62" WIDTH="258" VPOS="3881" HPOS="827"/>
<SP HEIGHT="33" WIDTH="36" VPOS="3895" HPOS="1086"/>
<String CS="1" CONTENT="system." HEIGHT="64" WIDTH="209" VPOS="3880" HPOS="1123"/>
<SP HEIGHT="33" WIDTH="74" VPOS="3895" HPOS="1350"/>
<String CONTENT="v." HEIGHT="33" WIDTH="49" VPOS="3895" HPOS="1425"/>
<SP HEIGHT="49" WIDTH="41" VPOS="3879" HPOS="1475"/>
<String CONTENT="3," HEIGHT="64" WIDTH="48" VPOS="3879" HPOS="1517"/>
<SP HEIGHT="63" WIDTH="37" VPOS="3880" HPOS="1566"/>
<String CONTENT="4." HEIGHT="49" WIDTH="47" VPOS="3880" HPOS="1604"/>
<SP HEIGHT="56" WIDTH="78" VPOS="3876" HPOS="1652"/>
<String CONTENT="St." HEIGHT="56" WIDTH="82" VPOS="3876" HPOS="1731"/>
<SP HEIGHT="52" WIDTH="39" VPOS="3879" HPOS="1814"/>
<String CONTENT="Paul," HEIGHT="67" WIDTH="167" VPOS="3878" HPOS="1854"/>
<SP HEIGHT="68" WIDTH="36" VPOS="3877" HPOS="2022"/>
<String CONTENT="West" HEIGHT="57" WIDTH="160" VPOS="3876" HPOS="2059"/>
</TextLine>
<TextLine HEIGHT="73" WIDTH="645" VPOS="3950" HPOS="281" STYLEREFS="StyleId-30B8042E-11E3-4055-8653-8B22FC789621-">
<String CONTENT="publishing" HEIGHT="72" WIDTH="336" VPOS="3951" HPOS="281"/>
<SP HEIGHT="50" WIDTH="28" VPOS="3972" HPOS="618"/>
<String CONTENT="co.," HEIGHT="51" WIDTH="96" VPOS="3970" HPOS="647"/>
<SP HEIGHT="62" WIDTH="32" VPOS="3958" HPOS="744"/>
<String CONTENT="1928." HEIGHT="50" WIDTH="149" VPOS="3957" HPOS="777"/>
</TextLine>
<TextLine HEIGHT="44" WIDTH="291" VPOS="4035" HPOS="278" CS="1">
<String LANG="en-US" CONTENT="2" HEIGHT="38" WIDTH="29" VPOS="4036" HPOS="278"/>
<SP HEIGHT="40" WIDTH="36" VPOS="4036" HPOS="307"/>
<String LANG="la" CONTENT="v." HEIGHT="30" WIDTH="43" VPOS="4047" HPOS="344"/>
<SP HEIGHT="41" WIDTH="65" VPOS="4036" HPOS="387"/>
<String LANG="en-US" CONTENT="26" HEIGHT="41" WIDTH="57" VPOS="4035" HPOS="452"/>
<String STYLE="superscript" LANG="en-US" CS="1" CONTENT="&#7580;&#7504;"/>
<String LANG="en-US" CONTENT="." HEIGHT="9" WIDTH="8" VPOS="4069" HPOS="561"/>
</TextLine>
</TextBlock>
</PrintSpace>
</Page>
</Layout>
</alto>