2533 4384
1096 4045 100 50 165

124 371 280 63 McCann,
435 368 281 63 Rebecca,
747 369 54 52 d.
835 366 150 55 1927.

192 447 191 52 Bitter
419 449 186 63 sweet,
641 462 192 50 poems
869 444 76 66 by
981 442 250 52 Rebecca
1267 438 282 56 McCann.
1623 438 140 52 New
1800 437 182 67 York,
123 437 1979 155 Covici,

284 524 225 66 Friede,
543 524 151 51 1929.

191 603 675 52 xviii p., 2 l., 3-84 p. 20 ᶜᵐ.
127 661 53 51 ©
210 664 111 40 Feb.
350 664 40 47 2,
419 662 114 40 1929;
590 662 68 40 2c.
688 661 112 41 Feb.
829 660 53 48 8;
913 659 82 41 aff.
1024 659 112 41 Feb.
1166 658 52 47 6;
1250 658 41 40 A
1319 657 143 48 4305;
1496 657 177 48 Covici,
1704 656 188 49 Friede,
1924 657 92 40 inc.

205 718 253 51 (29-4014)

127 814 343 64 McDonald,
499 815 139 52 Mrs.
670 813 148 53 Etta
847 811 221 54 Austin
1108 809 340 66 (Blaisdell)
1488 809 172 55 1872-

196 887 1872 74 Rhyme and story second reader, by Etta Austin.Blaisdell …
126 971 325 54 illustrated
495 970 76 67 by
617 968 172 55 Clara
833 968 248 53 Atwood
1126 968 169 51 Fitts.
1379 968 236 63 Boston,
1658 966 199 66 Little,
1900 967 232 65 Brown,

127 1050 110 51 and
270 1066 298 50 company,
601 1050 150 50 1929.

197 1127 1071 52 1 p. l. , 208 p. col. front., col. illus. 19 ᶜᵐ.
131 1184 52 52 ©
213 1189 110 39 Jan.
352 1188 55 38 23,
452 1187 141 42 1929;
624 1187 67 40 2c.
721 1187 96 38 and
848 1185 82 40 aff.
961 1185 110 40 Jan.
1100 1184 83 47 29;
1215 1183 41 40 A
1285 1183 117 41 4130;
1461 1184 164 46 Little,
1658 1184 193 47 Brown,
1883 1184 96 39 and
198 1194 1914 98 company.
410 1242 251 49 (29-3993)

129 1338 374 62 Macfadden,
533 1338 263 52 Bernarr
825 1335 326 65 Adolphus,
1184 1341 173 50 1868-

195 1418 398 53 Tuberculosis;
665 1418 73 53 its
779 1436 181 45 cause,
999 1422 204 47 nature
1246 1417 113 52 and
1400 1421 325 57 treatment,
1764 1417 77 67 by
1881 1417 255 52 Bernarr

129 1492 1944 72 Macfadden assisted by staff of medical and other experts …
129 1576 137 52 New
299 1575 179 56 York,
513 1574 352 53 Macfadden
901 1573 401 68 publications,
1338 1572 127 68 inc.,
1501 1576 149 49 1929.

196 1653 1087 50 xiv. 274 p. incl. front. (port.) illus. 20 ᶜᵐ.
133 1710 52 52 ©
210 1714 110 39 Jan.
343 1713 56 39 28,
438 1712 141 41 4929;
604 1713 66 40 2c.
696 1712 112 41 Feb.
833 1712 27 39 2;
913 1712 82 40 aff.
1021 1712 111 41 Feb.
1157 1712 24 39 1;
1237 1711 40 40 A
1301 1711 110 40 5221;
1472 1710 293 42 Macfadden
1793 1711 341 49 publications,

200 1770 93 41 inc.
361 1769 252 49 (29-4429)

132 1864 350 62 McKinney,
521 1864 256 53 William
816 1863 192 64 Mark,
1048 1866 82 52 ed.

201 1941 1757 69 Ruling case law. Permanent supplement … Ed. by
131 1942 1982 131 William
307 2021 78 51 M.
426 2021 349 66 McKinney,
813 2020 205 67 Henry
1056 2021 64 51 P.
1163 2020 313 58 Farnham,
1515 2018 238 55 Charles
1794 2018 342 54 Porterfield

132 2100 112 51 and
276 2098 55 55 S.
363 2100 65 50 B.
459 2099 220 56 Fisher,
708 2098 237 53 assisted
973 2099 77 68 by
1077 2098 94 53 the
1200 2098 292 53 Editorial
1522 2097 395 69 organization
1950 2097 64 53 of
2043 2099 95 52 the

132 2175 2006 70 publishers. [v. 1] … Covering articles Abandonment to
133 2255 393 68 Bankruptcy.
592 2256 342 67 Northport,
961 2255 69 52 N.
1061 2255 91 61 Y.,
1179 2255 255 53 Edward
1465 2255 330 67 Thompson
1826 2273 310 51 company;

135 2333 117 54 San
290 2334 323 56 Francisco,
652 2333 142 68 Cal.,
832 2332 589 70 Bancroft-Whitney
1460 2352 309 50 company;
1812 2334 327 58 Rochester,

133 2413 68 52 N.
230 2413 92 58 Y.,
346 2413 121 52 The
491 2413 268 66 Lawyers
787 2412 386 67 co-operative
1198 2413 338 67 publishing
1563 2431 300 50 company,
1893 2417 148 49 1929.

202 2495 479 49 3 p. l. , 780 p. 25½ᶜᵐ.
207 2552 195 48 Sample
434 2553 170 47 pocket
638 2552 251 48 pamphlet
923 2553 305 46 supplement
1260 2551 42 41 is
1337 2551 139 41 fitted
1511 2552 102 41 into
1649 2553 83 40 the
1765 2553 172 48 pocket
1971 2556 52 37 at
2059 2554 80 40 the

132 2609 137 40 back.

137 2661 53 53 ©
223 2665 110 40 Jan.
367 2665 68 41 28,
470 2664 139 43 1929;
645 2665 67 41 2c.
746 2665 111 40 Jan.
891 2665 54 40 31;
1010 2665 81 40 aff.
1126 2665 110 41 Feb.
1273 2665 54 41 1;
1363 2666 39 38 A
1437 2665 114 40 5065;
1616 2667 211 39 Edward
1863 2667 276 47 Thompson

204 2732 96 36 co.;
332 2722 229 47 Lawyers
592 2721 325 48 co-operative
948 2722 108 47 pub.
1089 2733 67 29 co.;
1218 2722 458 41 Bancroft-Whitney
1741 2734 66 29 co.

136 2817 286 60 McMeen,
459 2815 236 55 Samuel
733 2815 68 55 G.

211 2894 238 65 [Mental
482 2893 213 70 images
728 2893 66 52 of
824 2894 256 53 Maurice
1113 2896 111 51 and
1257 2895 145 54 Will
1434 2896 333 68 Thompson
1798 2898 78 67 by
1913 2896 229 55 Samuel

137 2971 66 55 G.
237 2972 264 52 McMeen
532 2971 58 53 in
621 2973 95 52 the
745 2972 149 52 book
926 2973 256 66 entitled]
1220 2973 122 53 The
1375 2973 275 68 witchery
1683 2973 64 53 of
1779 2976 256 67 archery,
2066 2977 77 66 by

135 3049 54 53 J.
235 3049 256 53 Maurice
537 3050 349 68 Thompson,
931 3050 140 53 with
1118 3069 69 34 an
1237 3052 186 52 added
1470 3052 238 63 chapter
1751 3054 77 67 by
1872 3054 144 53 Will
2063 3055 77 52 H.

136 3128 1984 147 Thompson. Pinehurst ed. Pinehurst, N. C., The Archers company [ ᶜ1 928]
314 3289 919 50 xxx, 259 p. 2 port. (incl. front.) 19½ ᶜᵐ.
141 3342 52 52 ©
222 3348 115 46 May
364 3347 69 45 24,
463 3345 114 40 1928;
633 3347 67 39 2c.
730 3347 112 41 Jan.
869 3347 40 45 3,
938 3347 141 43 1929;
1111 3347 83 41 aff.
1223 3348 111 40 Jan.
1364 3348 82 42 29;
1478 3348 41 40 A
1547 3349 119 40 4250;
1723 3349 209 41 Archers
1963 3361 68 30 co.

138 3456 282 62 Mangun,
454 3455 235 53 Vernon
723 3455 238 61 Lamar,
999 3461 172 50 1883-

206 3532 122 53 The
368 3531 307 54 American
714 3533 223 52 normal
979 3533 207 60 school,
1225 3535 75 53 its
1340 3535 110 53 rise
1492 3537 112 52 and
1646 3537 399 68 development
2084 3539 60 52 in

138 3610 1981 130 Massachusetts, by Vernon Lamar Mangun … with an introduction
399 3688 76 68 by
501 3688 258 55 William
796 3688 59 54 C.
890 3690 236 68 Bagley.
1203 3691 336 59 Baltimore,
1568 3694 293 54 Warwick
1889 3698 46 50 &
1965 3695 180 66 York,

137 3766 90 52 inc…
297 3769 135 51 1928.

138 3849 1986 102 xvi p., 1 l., 442 p. illus. (facsim.) diagrs. 23½ ᶜᵐ. (Half-title: University
353 3907 225 38 research
609 3907 325 47 monographs.
1009 3919 74 30 no.
1112 3908 53 44 3)

210 3963 263 41 Published
501 3963 104 41 also
633 3973 54 30 as
714 3963 155 42 thesis
906 3963 107 50 (PH.
1072 3997 9 9 D.)
1143 3965 252 43 Columbia
1425 3967 286 52 university,
1740 3970 131 44 1928.
