2533 4384
1033 4033 104 50 419

84 389 253 63 Palmer,
373 389 158 51 Leon
571 386 221 65 Carlos,
834 391 170 49 1883-

154 460 1872 74 The religious education of adults, by Leon C. Palmer …
89 538 2000 72 with foreword by John Gardner Murray … and introduction
84 616 2008 74 by Theodore R. Ludlow … approved by the Teacher training
81 694 1985 230 commission of the Department of religious education as teaching material for methods and materials for adults. Milwaukee, Wis., Morehouse publishing co. t ᶜ1 929]
151 936 117 48 xvii,
299 934 99 50 115,
433 936 56 49 [1]
521 946 43 37 p.
624 934 146 41 19½ᶜᵐ.

154 1005 236 42 Contains
416 1004 395 49 bibliographies.

88 1073 51 52 ©
167 1078 124 39 Mar.
317 1075 69 48 20,
415 1075 141 47 1929;
586 1075 68 40 2c.
682 1075 97 39 and
808 1073 83 40 aff.
920 1074 123 39 Mar.
1071 1072 83 48 28;
1183 1072 44 40 A
1253 1072 143 47 6194;
1428 1072 289 41 Morehouse
1744 1073 112 48 pub.
1886 1082 67 31 co.

162 1132 253 50 (29-8133)

84 1227 176 55 Park.
296 1226 256 54 William
588 1225 264 61 Hallock,
891 1229 171 50 1863-

151 1303 197 54 Who’s
378 1303 126 52 who
534 1320 208 51 among
769 1303 97 51 the
895 1302 292 69 microbes,
1214 1302 77 68 by
1319 1301 263 55 William
1610 1302 78 52 H.
1720 1301 177 68 Park,
1926 1319 67 35 m.
2023 1320 69 49 d.,

85 1378 2006 70 and Anna W. Williams, m. d. … New York, London, The
83 1459 598 68 Century co. [ ᶜ1 929]
151 1538 1942 51 xiii p., 2 l., 3-302 p. front., illus., plates, port., diagrs. 20½ᶜᵐ. $3.00
87 1608 51 52 ©
167 1613 123 39 Mar.
317 1612 71 48 22,
415 1611 114 40 1929;
584 1611 69 41 2c.
681 1612 96 39 and
805 1611 82 40 aff.
918 1612 122 39 Mar.
1067 1611 84 47 25;
1181 1610 42 39 A
1250 1610 143 49 7059;
1425 1610 216 49 Century
1669 1621 68 32 co.

164 1669 253 50 (29-8142)

88 1762 162 65 Paul,
285 1763 202 62 Harry
520 1762 245 64 Gilbert,
804 1764 171 52 1874-

160 1840 1873 71 English essentials for the high school by Harry G. Paul …
88 1918 2004 71 and William D. Miller … Chicago, New York, Lyons and
87 1997 547 67 Carnahan [ ᶜ1 929]
152 2078 86 42 507
286 2089 44 38 p.
390 2078 143 49 illus.,
582 2089 64 38 pl.
706 2078 149 42 19½ᶜᵐ.

154 2148 265 43 Published
443 2150 103 39 also
571 2150 155 39 under
749 2149 137 41 title:
913 2149 204 49 English
1141 2150 260 41 essentials
1424 2150 79 41 for
1529 2150 81 41 the
1634 2150 142 42 ninth
1802 2161 132 38 year,
1961 2151 128 42 1929.

89 2213 51 54 ©
166 2219 113 41 Feb.
304 2220 41 47 1,
370 2219 113 40 1929;
539 2220 68 40 2c.
635 2220 122 40 Mar.
782 2219 85 48 21;
897 2219 83 41 aff.
1007 2221 123 39 Mar.
1155 2220 84 48 20;
1268 2220 43 39 A
1337 2220 141 48 5988;
1508 2221 162 48 Lyons
1696 2220 37 41 &
1761 2220 277 42 Carnahan.

164 2275 253 50 (29-8164)

87 2370 375 65 Pemberton,
498 2371 210 65 Ralph,
749 2372 171 55 1877-

152 2447 286 54 Arthritis
498 2449 114 53 and
671 2449 363 54 rheumatoid
1092 2451 351 68 conditions;
1505 2451 152 53 their
1714 2466 206 39 nature
1979 2451 115 54 and

82 2525 2010 152 treatment, by Ralph Pemberton … illustrated with 42 engravings and 1 colored plate. Philadelphia, Lea & Febiger, 1929.
151 2685 85 50 xii,
268 2687 206 49 [17]-354
499 2697 45 38 p.
604 2687 143 49 illus.,
776 2689 88 40 col.
893 2699 75 37 pl.,
998 2688 180 50 diagrs.
1237 2688 149 41 24½ᶜᵐ.

154 2755 415 49 Bibliographical
602 2757 280 42 foot-notes.

87 2808 51 52 ©
168 2813 123 40 Mar.
316 2812 72 48 20,
416 2813 118 40 1929;
587 2813 68 41 2c.
684 2815 123 40 Mar.
834 2814 84 48 22;
949 2814 82 41 aff.
1061 2815 123 41 Mar.
1212 2814 55 41 23:
1326 2816 42 38 A
1397 2815 140 48 6114;
1569 2817 95 40 Lea
1696 2817 36 41 &
1760 2817 218 47 Febiger.

162 2868 253 50 (29-8122)

86 2962 265 65 Phillips,
382 2964 209 52 Daniel
621 2965 185 64 Lyon,
840 2970 171 50 1852-

156 3040 396 57 Griswold—a
587 3044 252 68 history;
877 3045 172 69 being
1086 3065 30 33 a
1151 3045 224 71 history
1412 3047 64 53 of
1509 3049 98 52 the
1638 3053 155 49 town
1829 3049 65 54 of
88 3049 1978 140 Griswold,
291 3120 390 66 Connecticut,
717 3123 154 52 from
905 3124 95 54 the
1036 3125 227 53 earliest
1299 3125 166 54 times
1498 3131 59 49 to
1593 3127 94 53 the
1725 3133 266 49 entrance
2026 3129 65 54 of

86 3217 104 33 our
218 3205 242 64 country
487 3201 121 52 into
635 3201 94 52 the
759 3202 181 52 world
970 3220 118 34 war
1115 3202 60 52 in
1207 3202 152 68 1917,
1386 3204 75 70 by
1487 3204 210 54 Daniel
1723 3206 65 53 L.
1816 3206 271 70 Phillips.

92 3278 156 65 [New
276 3277 225 67 Haven]
535 3278 120 53 The
684 3279 215 67 Tuttle,
926 3280 336 53 Morehouse
1293 3283 46 49 &
1365 3282 215 68 Taylor
1608 3301 299 52 company,
1937 3289 151 51 1929.

152 3357 97 49 xvi,
294 3358 69 50 [2],
401 3359 89 40 456
527 3369 44 39 p.
610 3359 111 42 incl.
760 3360 151 42 front,
971 3363 158 47 plates
1158 3361 48 50 (1
1247 3363 200 49 double)
1472 3366 165 47 ports.,
1678 3376 138 38 maps
1845 3366 47 50 (1
1934 3367 145 50 fold.)

81 3412 216 42 facsims.
356 3415 146 40 23½ᶜᵐ.

86 3466 51 52 ©
176 3472 123 40 Mar.
335 3471 69 48 23,
442 3472 113 40 1929;
621 3473 69 41 2c.
727 3475 124 40 Mar.
887 3474 84 46 27;
1012 3474 82 41 aff.
1133 3476 123 40 Mar.
1292 3475 83 47 26;
1417 3476 40 39 A
1495 3477 141 45 6206;
1677 3479 57 40 D.
1773 3479 51 41 L.
1863 3480 221 48 Phillips,

151 3527 182 41 Jewett
361 3528 123 48 City,
516 3528 148 42 Conn.
731 3529 253 49 (29-8155)

81 3620 352 65 Pirandello,
469 3622 192 64 Luigi,
701 3625 173 54 1867-

214 3699 1869 77 … Novelle per un anno. v. XIII. Candelora. Firenze, R.
82 3777 703 69 Bemporad & f. [ ᶜ1 928]
149 3858 587 50 vi, 216 p., 1 l. 19½ᶜᵐ.
84 3910 1888 63 © Feb. 2, 1929; 1c. Feb. 21; A—Foreign 1848; R. Bemporad e figlio.
