2533 4384
1060 4003 100 50 339

111 361 305 64 Marshall,
448 361 158 51 Leon
639 359 244 64 Carroll,
920 358 171 54 1879-
1304 358 85 52 ed.

176 439 122 52 The
332 437 297 68 collegiate
665 436 191 53 school
892 435 64 53 of
989 435 283 66 business;
1313 434 73 52 its
1422 438 183 48 status
1641 438 59 47 at
1733 433 97 53 the
1868 434 146 51 close
2049 431 65 53 of

110 517 90 52 the
226 516 125 52 first
375 520 231 63 quarter
632 513 64 53 of
720 514 96 52 the
841 513 297 53 twentieth
1165 517 256 62 century,
1449 511 190 53 edited
1666 510 77 68 by
1768 510 67 52 L.
1865 508 63 56 C.
106 510 1982 150 Marshall,

308 593 60 51 in
406 591 414 54 collaboration
858 590 139 53 with
1035 590 73 52 A.
1146 590 91 53 W.
1279 588 268 69 Fehling,
1584 587 76 53 K.
1700 587 195 68 Ficek,
1934 588 68 52 R.
2045 588 68 51 E.

105 664 2010 72 Heilman [and others] … Chicago, Ill., The University of
106 748 253 69 Chicago
392 765 158 51 press
588 749 172 65 [1928]

177 825 1940 52 ix, 468 p. tables (part fold.) diagrs. 21½ ᶜᵐ . (Half-title: Materials
106 887 79 40 for
209 888 83 39 the
318 887 146 46 study
489 886 52 40 of
567 884 248 48 business)

177 942 351 48 Bibliography
554 944 52 38 at
631 943 92 38 end
751 941 52 40 of
828 951 131 30 some
986 940 52 40 of
1065 940 83 40 the
1175 940 243 47 chapters.

446 1000 142 48 CONTENTS.—pt.
655 1030 10 8 I.
698 998 102 40 The
843 996 254 48 collegiate
1141 996 165 40 school
1349 996 53 39 of
1444 994 223 41 business
1711 995 52 40 in
1806 996 86 39 the
1936 994 182 42 United

108 1056 312 49 States.—pt.
453 1063 52 32 II.
539 1054 285 47 University
856 1053 258 40 education
1146 1052 80 40 for
1258 1051 223 41 business
1513 1051 52 40 in
1597 1052 207 48 Europe.

112 1110 51 52 ©
193 1114 113 40 Dec.
334 1114 70 47 31,
434 1112 114 41 1928
564 1123 9 36 ;
603 1112 69 40 2c.
701 1113 96 38 and
828 1110 82 42 aff.
940 1112 123 38 Mar.
1092 1110 69 48 16,
1192 1108 117 41 1929
1325 1120 8 36 ;
1366 1110 42 38 A
1434 1108 119 41 4916
1568 1119 9 37 ;
1609 1108 287 48 University
1925 1108 52 41 of
178 1106 1918 112 Chicago.
380 1168 251 51 (29-7179)

109 1263 419 63 Matthiessen,
559 1262 295 63 Wilhelm,
890 1266 171 50 1891-

244 1338 1872 70 … Görres, roman. Rottenburg am Neckar, W. Bader, 1928.
180 1421 1151 51 5 p. l., [7]-563 p. incl. front. (port.) 20 ᶜᵐ .
182 1480 142 40 “1.-5.
357 1479 251 40 tausend.”

111 1531 1986 110 © Sept. 25, 1928; 1c. Jan. 8, 1929; A—Foreign 1350; Rottenburger Verlag, Wilhelm Bader. (29-7537)
114 1686 380 63 Mississippi.
567 1688 277 67 Supreme
875 1694 175 46 court.

182 1762 1936 71 Cases argued and decided … at the September term, 1927,
111 1843 112 52 and
255 1842 205 53 March
492 1847 163 62 term,
690 1845 150 50 1928.
951 1884 9 9 v.
998 1845 115 49 150.
1184 1842 292 68 Reported
1509 1841 75 70 by
1618 1841 55 54 J.
1708 1841 250 69 Morgan
111 1840 1982 133 Stevens.

329 1919 319 68 Columbia,
675 1920 135 67 Mo.,
839 1920 67 52 E.
934 1921 91 53 W.
1057 1919 284 69 Stephens
1370 1919 338 70 publishing
1737 1937 100 50 co.,
1869 1922 150 49 1929.

179 2002 504 48 xii, 1013 p. 22½ ᶜᵐ .
115 2054 51 53 ©
194 2059 112 40 Feb.
333 2059 69 48 13,
429 2058 141 47 1929;
596 2059 69 40 2c.
694 2059 111 40 Feb.
832 2058 82 46 16;
945 2058 83 41 aff.
1055 2060 123 39 Mar.
1205 2058 83 48 16;
1318 2059 41 39 A
1386 2058 142 48 5882;
1558 2060 53 40 E.
1639 2059 72 40 W.
1742 2058 239 49 Stephens
2008 2058 110 49 pub.

180 2126 83 37 co.,
291 2116 91 40 inc.

105 2210 259 64 Monroe,
398 2210 250 55 Marion.

108 2288 1986 149 … Methods for diagnosis and treatment of cases of reading
251 2368 298 70 disability
591 2368 171 54 based
806 2386 72 36 on
920 2369 96 53 the
1058 2367 360 70 comparison
1462 2368 65 53 of
1568 2369 95 53 the
1709 2368 242 70 reading
109 2387 1987 113 performance

444 2446 63 54 of
549 2466 103 34 one
692 2448 265 53 hundred
1000 2448 113 52 and
1154 2453 217 62 twenty
1409 2450 224 50 normal
1676 2449 114 52 and
1831 2467 104 34 one
107 2449 1988 129 hundred
287 2526 112 52 and
437 2524 369 70 seventy-five

844 2527 266 51 retarded
1152 2526 255 66 readers;
1450 2526 154 52 from
1642 2526 97 52 the
1776 2525 159 54 Iowa
1972 2532 146 47 state

108 2601 2010 71 psychopathic hospital, by Marion Monroe … with a foreword
107 2680 2011 72 by Samuel T. Orton … Worcester, Mass., Clark university,
107 2762 172 51 1928.

108 2840 1994 105 1 p. l., [335]-456 p. illus., diagrs. 24½ ᶜᵐ . (Genetic psychology monographs … vol. IV. no. 4 & 5)
111 2951 51 52 ©
192 2955 111 41 Jan.
329 2955 69 47 28,
427 2955 116 40 1929
560 2965 8 36 ;
599 2955 67 40 2c.
695 2955 112 40 Jan.
834 2955 55 39 31
907 2965 10 37 ;
949 2953 82 41 aff.
1061 2955 110 40 Jan.
1199 2954 58 40 30
1273 2965 9 36 ;
1314 2955 39 38 A
1383 2953 113 41 5055
1515 2965 9 36 ;
1558 2954 148 41 Clark
1736 2954 131 40 univ.

189 3011 251 49 (29-7188)

110 3107 174 63 Mott,
314 3107 139 53 Mrs.
484 3106 205 52 Bessie
722 3106 194 61 Quirt.

176 3184 1879 70 An American woman and her bank, by Bessie Q. Mott …
108 3261 139 55 with
291 3282 73 34 an
408 3264 392 52 introduction
843 3264 76 68 by
963 3263 69 54 G.
1077 3265 248 51 Prather
1372 3263 234 69 Knapp.
1683 3262 234 55 Garden
1964 3263 151 68 City,

111 3341 69 54 N.
210 3342 91 64 Y.,
330 3341 358 69 Doubleday,
715 3341 199 52 Doran
943 3343 46 49 &
1016 3359 299 50 company,
1344 3342 126 66 inc.,
1502 3343 149 51 1929.

177 3421 1540 50 xvi, 252 p. incl. 1 illus., forms. front., plates. 19½ ᶜᵐ .
178 3480 164 40 “First
368 3478 227 43 edition.”

111 3532 51 52 ©
196 3537 112 40 Feb.
340 3537 39 47 8,
412 3536 117 40 1929;
587 3537 68 39 2c.
688 3537 94 39 and
816 3536 82 40 aff.
931 3537 123 40 Mar.
1087 3537 54 46 5;
1175 3537 41 38 A
1248 3535 142 47 5615;
1425 3536 300 48 Doubleday,
1759 3537 169 39 Doran
1961 3537 37 39 &
2029 3546 82 37 co.,

178 3593 91 40 inc.
335 3593 252 49 (29-7386)

109 3687 323 64 Mowbray,
464 3688 201 63 Harry
698 3688 270 62 Siddons,
1005 3691 326 50 1858-1928.

181 3764 1931 70 H. Siddons Mowbray, mural painter, 1858-1928 … edited
109 3842 74 68 by
230 3843 252 53 Herbert
527 3844 65 51 F.
644 3842 326 56 Sherwood.
1061 3842 340 68 [Stamford,
1451 3842 199 68 Conn.]
1704 3843 160 53 Priv.
1915 3843 195 69 print.,

114 3923 149 51 1928.
