2542 4389
1089 4017 136 50 1653

123 362 246 64 Nowak,
397 361 148 53 Karl
570 359 327 55 Friedrich.

195 442 122 52 The
346 441 112 53 last
489 440 64 53 of
581 440 96 53 the
710 437 255 55 German
993 437 233 52 kaisers.
1308 434 389 67 [Instalments
1733 436 117 49 1-5.
1925 432 97 53 Tr.
2053 431 79 69 by

124 521 69 53 R.
223 519 77 52 H.
334 519 183 51 Bruce
547 516 309 66 Lockhart]

209 601 83 47 (In
335 595 202 44 London
581 594 229 52 Evening
855 592 270 50 standard)

133 666 51 52 ©
274 702 9 9 1c.
310 668 122 41 each
460 668 118 40 Nov.
608 667 69 48 18,
706 665 115 41 1929;
879 666 44 39 A
951 665 62 40 ad
1043 665 88 40 int.
1161 664 145 40 13247;
1365 663 144 49 pubd.
1543 661 127 49 Sept.
1702 660 195 41 30-Oct.
1926 661 30 38 4;
200 660 1915 114 Evening

343 724 238 41 standard
608 734 82 37 co.,
718 723 102 48 ltd.,
848 722 215 40 London.

132 819 173 63 Ober,
336 816 247 56 Charles
608 815 269 65 Kellogg,
908 820 173 50 1856-

198 895 329 68 Exploring
560 912 31 34 a
627 892 293 54 continent
966 892 294 69 (personal
1294 890 114 53 and
1444 889 399 54 associational
128 887 1985 153 reminiscences)

384 967 1753 74 by C. K. Ober … New York, Association press, 1929.
197 1053 671 50 vi, 187 p. pl., ports. 22 ½ ᶜᵐ.
200 1112 102 39 The
327 1111 110 40 first
464 1113 96 38 two
587 1111 228 47 chapters
843 1119 127 30 were
996 1107 257 49 published
1280 1107 49 39 in
1358 1106 116 41 1911
1501 1107 153 39 under
1682 1107 82 39 the
1793 1106 108 40 title:
1962 1105 97 41 Out
2087 1106 53 40 of

128 1168 83 40 the
239 1167 98 49 fog.

138 1220 51 52 ©
223 1223 103 42 Oct.
356 1223 40 47 5,
428 1222 115 41 1929;
601 1223 68 40 2c.
703 1222 103 41 Oct.
839 1221 26 40 9;
926 1220 82 41 aff.
1042 1220 102 41 Oct.
1178 1219 28 41 8;
1265 1219 43 39 A
1337 1218 146 42 12849;
1545 1218 208 41 General
1785 1219 152 40 board
1971 1218 52 41 of
2056 1218 82 42 the

204 1280 173 48 Young
399 1278 149 41 men’s
575 1278 252 42 Christian
853 1277 337 47 associations,
1217 1277 119 39 New
1360 1275 148 41 York.
1572 1274 281 49 (29-21158)

137 1373 284 64 Osborne,
450 1371 197 55 Oliver
675 1372 278 63 Thomas,
985 1375 173 51 1862-

202 1447 1890 71 What everyone ought to know [by] Oliver T. Osborne, M. D.
137 1529 373 70 Springfield,
545 1529 115 68 Ill.,
694 1527 337 71 Baltimore,
1064 1527 141 69 Md.,
1243 1527 62 55 C.
1344 1527 62 56 C.
1443 1527 268 67 Thomas,
1747 1528 151 52 1929.

205 1609 596 50 7 p. l. , 313 p., 1 l. 20½ᶜᵐ.
140 1664 52 52 ©
226 1669 127 40 June
386 1668 70 47 22,
491 1668 116 40 1929;
667 1668 68 41 2c.
770 1668 98 40 and
901 1666 84 41 aff.
1022 1667 130 48 Sept.
1185 1667 82 46 13;
1304 1667 42 39 A
1378 1666 173 48 12756;
1590 1665 203 42 Charles
1830 1664 49 42 C.
1914 1665 228 40 Thomas.

218 1724 283 49 (29-20902)

140 1817 286 65 Packard,
456 1817 303 53 Laurence
790 1817 319 64 Bradford,
1143 1819 172 53 1887-

269 1895 1817 71 … The age of Louis XIV, by Laurence Bradford Packard …
138 1974 1289 70 New York, H. Holt and company [ ᶜ1 929]
208 2055 1819 49 xii, 144 p. 19 ᶜᵐ. (The Berkshire studies in European history)
209 2112 351 49 Bibliography:
614 2124 44 38 p.
684 2112 219 42 137-140.

143 2166 54 52 ©
226 2171 121 49 Aug.
375 2171 70 47 24,
477 2170 140 48 1929;
650 2171 68 41 2c.
749 2172 97 39 and
876 2170 84 42 aff.
994 2171 129 48 Sept.
1155 2170 53 48 9;
1240 2171 44 39 A
1313 2171 172 47 13149;
1519 2171 170 48 Henry
1719 2170 123 42 Holt
1870 2170 38 41 &
1939 2181 82 37 co.,
2053 2170 91 42 inc.

222 2226 282 50 (29-21164)

141 2320 340 65 Patterson,
510 2320 322 54 Archibald
860 2320 309 66 Williams,
1203 2326 172 50 1858-

210 2401 276 53 Personal
520 2401 388 54 recollections
942 2401 64 53 of
1037 2401 309 54 Woodrow
1377 2401 226 54 Wilson
1636 2403 113 52 and
1781 2420 150 36 some
143 2399 1986 134 reflections

325 2497 156 49 upon
511 2479 88 53 his
629 2477 107 55 life
766 2479 113 53 and
910 2479 311 67 character,
1252 2479 77 70 by
1358 2478 71 55 A.
1460 2480 91 54 W.
1583 2480 322 52 Patterson.
142 2478 1986 147 Richmond,

362 2557 125 67 Va.,
513 2557 249 54 Whittet
790 2559 46 50 &
867 2556 384 70 Shepperson,
1278 2557 270 70 printers,
1578 2560 150 52 1929.

211 2636 56 41 54
295 2647 44 39 p.
399 2635 59 43 20ᶜᵐ.

147 2690 52 53 ©
229 2695 128 49 Sept.
384 2695 70 49 27,
481 2695 114 41 1929;
651 2695 67 41 2c.
746 2697 97 39 and
869 2695 83 42 aff.
981 2696 130 48 Sept.
1138 2695 58 41 28;
1250 2695 41 40 A
1318 2695 144 41 12621;
1519 2696 56 41 A.
1603 2697 71 41 W.
1701 2697 277 47 Patterson,
216 2697 1916 97 Richmond.

440 2751 282 51 (29-21293)

146 2846 224 55 Power.

213 2924 249 54 Power’s
499 2925 277 66 practical
810 2925 335 68 handbook;
1184 2943 32 34 a
1251 2925 298 53 collection
1586 2924 63 54 of
1684 2926 278 68 practical
1997 2927 156 53 ideas

147 3004 112 52 and
293 3003 259 53 methods
588 3021 59 35 as
681 3003 251 68 adopted
965 3003 77 68 by
1075 3021 191 50 power
1303 3003 293 69 engineers
1632 3004 60 52 in
1725 3005 95 52 the
1855 3005 301 68 operation

146 3080 64 52 of
244 3080 152 53 their
431 3081 192 68 plants
660 3082 114 52 and
811 3081 271 53 recorded
1122 3081 60 53 in
1217 3084 218 52 Power.
1514 3086 85 49 1st
1636 3083 85 52 ed.
1796 3082 141 54 New
1974 3082 181 68 York,

146 3159 643 69 N. Y., Power [ ᶜ1 929]
218 3241 1562 50 1 p. l., 236, [4] p. illus., tables (part fold.) diagrs. 21 ᶜᵐ.
218 3298 161 40 Blank
403 3308 147 38 pages
575 3297 81 41 for
682 3298 376 40 “Memoranda”
1095 3298 51 47 (4
1173 3300 54 39 at
1251 3298 118 46 end)

155 3351 51 52 ©
242 3355 128 49 Sept.
403 3356 71 47 27,
506 3355 117 41 1929;
683 3355 67 41 2c.
784 3356 98 40 and
914 3355 83 41 aff.
1032 3356 103 41 Oct.
1169 3358 53 46 7;
1257 3357 41 39 A
1330 3357 172 47 13951;
1539 3357 354 41 McGraw-Hill
1926 3358 110 47 pub.
2072 3369 83 36 co.,

223 3411 90 41 inc.
379 3410 281 50 (29-21067)

146 3502 225 55 Punch.
488 3548 9 8 v.
530 3505 117 69 177,
673 3525 90 35 no.
792 3509 158 66 4603,
980 3505 155 70 Sept.
1165 3509 86 67 25,
1281 3509 152 52 1929.

155 3581 1999 55 © 1c. Nov. 20, 1929; A ad int. 13251; pubd. Sept. 25; Herbert Heather.
222 3643 213 40 London.

151 3734 321 65 Reinhard,
502 3736 239 65 Rudolf,
773 3738 170 54 1876-

284 3814 1876 72 … Weltwirtschaftliche und politische erdkunde. 6., stark
154 3891 312 52 erweiterte
498 3893 118 52 und
648 3893 290 67 umgearb.
974 3893 128 53 aufl.
1179 3895 259 64 Breslau,
1471 3897 65 52 F.
1570 3895 160 70 Hirt,
1768 3899 149 53 1929.
