2533 4384
1094 4055 100 49 313

140 398 228 61 Foster,
404 396 192 62 Leroy
630 394 53 52 A
977 393 172 54 1872-

324 494 89 34 Where
446 475 190 52 woods
669 474 113 52 and
819 478 204 48 waters
1055 478 146 46 meet
1255 471 94 68 [by]
1388 471 65 52 L.
1487 469 71 54 A.
1594 470 202 52 Foster
1842 468 298 70 (Nicholas

140 548 2000 73 O’Tyne) La Grange, Ind., L. A. Foster and company, ᶜ1 929.
221 635 72 48 [40]
325 645 44 37 p.
428 634 146 39 22½ᶜᵐ.

206 706 185 39 Poems.

142 771 51 54 ©
231 777 122 39 Mar.
390 775 39 47 6,
466 774 118 41 1929;
646 774 67 41 2c.
751 774 123 40 Mar.
955 783 8 36 8;
1004 770 81 42 aff.
1124 772 123 40 Mar.
1283 770 83 48 14;
1406 770 40 39 A
1481 769 143 48 4882;
1664 769 50 41 L.
1753 769 54 42 A.
1846 768 186 49 Foster,
2070 768 66 40 La

212 833 204 47 Grange,
449 833 104 38 Ind.
622 830 252 49 (29-7115)

136 941 178 62 Gade,
349 940 227 63 George
606 940 73 54 A.

206 1017 492 52 Hand-to-mouth
738 1017 219 68 buying
998 1016 112 52 and
1152 1015 95 53 the
1287 1015 307 68 inventory
1635 1012 305 68 situation;
1986 1031 31 34 a
137 1031 1981 117 research

362 1091 1781 72 study made by George A. Gade … prepared under the
137 1173 229 68 general
400 1172 360 68 supervision
794 1170 64 54 of
891 1172 95 52 the
1020 1171 283 52 Research
1341 1170 321 52 committee
1698 1168 64 53 of
1796 1169 97 53 the
1929 1168 216 53 Robert

134 1251 214 52 Morris
382 1250 327 66 associates;
747 1248 350 53 committee:
1133 1248 182 68 Hugh
1352 1247 239 67 Brooks,
1626 1248 202 52 Deloss
1863 1247 80 52 M.
1980 1247 166 67 Rose,

137 1329 174 52 Freas
346 1329 66 51 B.
449 1325 242 70 Snyder,
724 1326 313 53 chairman.
1112 1326 375 67 Lansdowne,
1520 1326 102 52 Pa.
1664 1324 237 68 [Robert
1930 1324 215 54 Morris

136 1406 526 66 associates, ᶜ1 929]
205 1486 58 41 32
294 1498 42 37 p.
506 1519 7 8 23ᶜᵐ.

142 1554 51 52 ©
228 1559 121 40 Mar.
383 1559 68 46 12,
485 1558 140 45 1929;
661 1558 67 40 2c.
762 1559 96 38 and
892 1556 82 42 aff.
1008 1558 122 40 Mar.
1165 1557 82 46 14;
1284 1557 42 38 A
1357 1556 143 47 4866;
1537 1557 184 40 Robert
1755 1556 179 41 Morris
209 1556 1917 99 associates.
399 1614 250 49 (29-7057)

147 1725 227 69 [Geeks,
403 1723 289 54 Mathilde
722 1723 234 68 Cecilia]
995 1725 171 52 1872-

208 1804 237 55 Outline
500 1804 64 53 of
619 1804 310 70 materials,
985 1802 187 69 major
1228 1801 324 71 objectives,
1609 1804 356 68 procedures,
141 1811 1984 125 outcomes,

381 1879 1769 70 and activities … Story and study primer and first
139 1958 1985 148 reader. Richmond. Atlanta [etc.] Johnson publishing company [ ᶜ1 929]
209 2122 25 38 75
294 2131 43 37 p.
393 2120 147 40 22½ᶜᵐ.

210 2190 96 40 For
334 2200 84 30 use
449 2189 119 40 with
599 2191 81 38 the
710 2189 176 47 “Story
916 2189 95 39 and
1041 2189 146 47 study
1218 2187 243 48 readers”,
1493 2199 28 30 a
1554 2189 150 40 series
1737 2190 60 47 by
1829 2189 239 41 Mathilde
2101 2190 49 41 C.

140 2248 169 46 Geeks,
336 2246 50 41 C.
412 2248 52 39 E.
494 2246 221 47 Skinner,
740 2246 96 40 and
864 2246 44 41 J.
934 2247 73 40 W.
1034 2245 230 41 Withers.

145 2315 51 52 ©
225 2320 123 39 Mar.
374 2320 39 44 4,
442 2318 117 40 1929;
614 2318 65 40 2c.
708 2319 96 39 and
832 2317 83 41 aff.
944 2318 123 39 Mar.
1095 2317 51 47 6;
1177 2317 41 38 A
1247 2316 142 47 5667;
1420 2317 219 41 Johnson
1667 2318 111 48 pub.
1807 2328 68 31 co.

221 2375 253 50 (29-6951)

143 2486 327 64 Geerlings,
501 2484 212 55 Gerald
745 2484 298 64 Kenneth,
1078 2486 172 53 1897-

207 2564 181 52 Metal
413 2562 181 54 crafts
621 2563 61 52 in
709 2563 405 65 architecture;
1143 2562 226 68 bronze,
1396 2563 178 67 brass,
1601 2569 119 47 cast
1746 2564 146 67 iron,
1921 2583 228 50 copper,

138 2642 145 67 lead,
310 2646 229 48 current
565 2641 444 67 developments,
1036 2641 104 66 tin,
1168 2641 255 68 lighting
1452 2639 253 70 fixtures,
1731 2641 417 68 specifications

143 2719 109 69 [by]
283 2719 215 55 Gerald
522 2719 73 53 K.
621 2718 319 69 Geerlings.
1016 2718 139 52 New
1181 2718 182 68 York,
1390 2717 62 56 C.
1481 2717 316 57 Scribner's
1820 2739 148 49 sons,
1998 2723 148 51 1929.

208 2802 63 46 vi,
301 2801 85 40 202
415 2812 44 37 p.
518 2801 164 47 front.,
713 2801 130 40 illus.
871 2801 48 47 (1
952 2801 228 39 mounted
1214 2800 112 47 col.)
1367 2801 179 48 diagrs.
1607 2801 116 41 30ᶜᵐ.

208 2872 378 48 Bibliography:
619 2883 44 37 p.
693 2871 98 41 199.

144 2941 52 52 ©
231 2946 122 39 Mar.
387 2945 39 47 1,
461 2944 114 40 1929;
637 2945 68 40 2c.
740 2945 122 38 Mar.
899 2943 81 47 12;
1017 2943 83 41 aff.
1135 2944 123 40 Mar.
1292 2943 54 46 9;
1383 2944 41 38 A
1457 2943 142 47 4844;
1639 2943 202 42 Charles
1880 2945 266 41 Scribner's

213 3013 126 29 sons.
408 3001 251 49 (29-6644)

137 3096 279 63 Georges,
450 3096 272 53 Vincent.

209 3176 123 52 The
376 3176 304 52 harnessed
725 3175 166 67 harp,
933 3175 240 53 selected
1218 3193 194 49 poems
1456 3175 75 67 by
1576 3174 245 54 Vincent
1868 3175 277 70 Georges;

140 3251 2002 71 with illustrations by V. Gecan. Boston, R. G. Badger [ ᶜ1 929]
209 3334 54 40 61
293 3345 42 37 p.
364 3334 111 40 incl.
502 3334 165 45 front.,
695 3333 129 41 illus.
884 3333 147 41 18½ᶜᵐ.

145 3401 51 52 ©
227 3406 111 39 Feb.
367 3406 69 47 28,
467 3405 141 47 1929;
638 3405 68 41 2c.
737 3405 124 40 Mar.
890 3404 82 47 11;
1005 3402 81 42 aff.
1118 3405 122 40 Mar.
1271 3404 54 46 9;
1358 3405 41 37 A
1426 3403 143 48 4846;
1604 3404 215 40 Richard
1853 3405 54 40 G.
1936 3405 207 47 Badger.

221 3461 253 49 (29-6888)

145 3556 272 64 Georgia.
486 3557 178 52 Court
696 3558 62 67 of
788 3557 249 67 appeals.

211 3633 1933 70 Reports of cases decided … at the March and October terms,
143 3715 150 51 1928.
366 3731 51 33 V.
456 3715 80 51 38.
612 3711 237 55 Stevens
886 3712 112 52 and
1037 3710 275 59 Graham,
1348 3716 300 64 reporters.
1721 3712 264 67 Atlanta,
2022 3713 122 51 The

139 3791 287 51 Harrison
457 3808 298 49 company,
790 3792 148 50 1929.

238 3905 8 14 L,
278 3872 85 40 937
391 3883 44 37 p.
600 3904 9 9 23ᶜᵐ.

143 3937 52 53 ©
222 3943 121 38 Mar.
372 3944 37 46 7,
435 3941 140 48 1929;
604 3942 66 40 2c.
697 3943 96 39 and
819 3942 84 42 aff.
929 3943 122 40 Mar.
1078 3943 81 47 11;
1189 3942 39 39 A
1254 3943 142 46 5748;
1428 3942 140 40 State
1593 3942 51 40 of
1672 3942 221 49 Georgia,
1921 3942 219 41 Atlanta.
