2542 4361
1146 3982 98 53 573

174 338 381 64 Reuterdahl,
595 338 207 65 Arvid,
844 340 171 54 1876-

301 414 1872 73 … The physical basis of the constant velocity of light, by
174 494 1997 69 Arvid Reuterdahl … with a prologue by E. Lee Heidenreich
231 572 1572 69 … Minneapolis, Minn., The Arya company, 1929.
241 655 23 38 1
297 665 43 37 p.
405 685 8 16 l.,
445 653 57 40 29
530 664 42 37 p.
633 653 180 48 diagrs.
874 654 146 40 23½ᶜᵐ.
1092 653 124 48 (The
1248 652 132 48 Arya
1411 651 236 42 scientific
1677 652 350 48 monographs)

176 706 52 53 ©
257 711 113 48 Apr.
399 711 69 47 13,
498 710 140 47 1929;
668 711 69 40 2c.
765 712 96 39 and
891 710 82 41 aff.
1002 712 114 47 Apr.
1145 711 82 45 17;
1259 710 41 39 A
1329 709 141 47 7509;
1502 709 131 48 Arya
1663 720 69 30 co.

253 766 253 49 (29-9869)

174 845 320 64 Robinson,
524 845 203 53 James
756 846 260 63 Harvey,
1049 850 171 49 1863-

248 924 388 68 Civilization,
662 924 76 69 by
765 925 195 53 James
986 925 239 69 Harvey
1253 924 310 54 Robinson.
1626 924 259 69 London,
1912 925 124 52 The
176 925 1978 147 Encyclopædia

174 1001 1979 148 britannica company, ltd.; New York, Encyclopædia britannica, inc. [ ᶜ192 9 ]
246 1160 663 50 3 p. l., 9-61, [1] p. 27 ᶜᵐ .
250 1218 129 39 “The
420 1217 173 41 article
634 1217 160 40 which
837 1217 101 40 will
981 1228 183 37 appear
1207 1218 49 39 in
1305 1218 96 49 [the
1443 1218 285 40 fourteenth
1771 1218 185 41 edition
2001 1218 51 41 of
2096 1219 83 41 the

182 1274 1998 49 Encyclopaedia britannica] … is here printed for the first time in a
179 1331 187 40 limited
401 1330 184 41 edition
620 1331 80 40 for
734 1332 83 39 the
853 1330 211 41 founder
1097 1331 302 40 subscribers
1436 1330 51 41 of
1525 1332 82 39 the
1641 1341 108 30 new
1785 1331 396 41 Britannica.”—

179 1389 273 40 Foreword.

247 1445 119 41 This
394 1456 120 37 copy
542 1446 86 39 not
655 1443 278 46 numbered.

179 1500 51 52 ©
257 1504 115 48 Apr.
399 1504 69 45 17,
496 1503 141 45 1929;
665 1504 68 39 2c.
760 1503 98 40 and
884 1501 83 42 aff.
994 1502 115 48 Apr.
1136 1502 82 47 18;
1248 1502 41 39 A
1317 1502 141 47 6647;
1490 1502 365 48 Encyclopædia
1885 1502 292 48 britannica,

246 1560 92 40 inc.
404 1559 251 49 (29-9766)

179 1638 309 64 Rockwell,
519 1638 317 52 Frederick
866 1639 173 62 Frye,
1074 1643 170 49 1884-

309 1714 1873 70 … Lawns, by F. F. Rockwell … photographs by the author
177 1793 107 53 and
329 1793 290 69 drawings
657 1792 76 69 by
771 1792 95 53 the
907 1793 207 52 author
1152 1793 114 52 and
1306 1791 224 70 George
1566 1792 66 53 L.
1669 1793 297 53 Hollrock.
2043 1794 139 52 New

178 1870 1221 69 York, The Macmillan company, 1929.
180 1950 1984 107 viii, 87 p. illus., plates (1 col.) 19 ᶜᵐ . (His The home garden handbooks)
182 2062 52 53 ©
269 2067 114 48 Apr.
419 2067 68 47 16,
522 2065 140 48 1929;
699 2066 68 40 2c.
802 2067 95 38 and
934 2065 82 41 aff.
1050 2065 114 48 Apr.
1201 2066 82 46 17;
1320 2065 43 40 A
1394 2065 143 47 7485;
1576 2066 51 41 F.
1665 2067 51 41 F.
1752 2067 260 48 Rockwell,
2051 2068 129 47 Cape

252 2125 126 46 May,
410 2123 57 40 N.
497 2123 44 40 J.
608 2121 253 50 (29-9736)

183 2201 368 65 Rothschild,
586 2202 115 63 Jay
735 2202 135 64 Leo,
906 2207 170 48 1893-

252 2279 263 54 Outlines
540 2279 63 53 of
627 2280 94 52 the
748 2280 139 52 New
914 2280 163 51 York
1100 2280 111 52 law
1236 2279 64 53 of
1324 2280 264 52 evidence
1616 2281 111 52 and
1754 2282 266 67 practice,
2046 2281 138 52 with

183 2358 247 67 practice
473 2358 134 52 time
650 2357 154 54 table
844 2358 114 52 and
1001 2357 199 53 forms.
1276 2359 70 51 3d
1392 2359 104 67 ed.,
1539 2377 112 34 rev.
1696 2363 58 48 to
1797 2358 297 70 February
2142 2364 44 63 1,

185 2440 148 48 1929.
434 2437 107 67 [By]
594 2436 115 68 Jay
764 2437 107 52 Leo
922 2436 360 52 Rothschild.
1359 2438 118 50 Bar
1527 2437 386 52 examination
1964 2438 222 52 review.

187 2513 1768 69 [Brooklyn, N. Y, Printed by F. Weidner & son] ᶜ192 9.
252 2597 847 48 cover-title, 2 p. l., 3-93 p 23 ᶜᵐ .
240 2656 131 39 Each
395 2656 112 46 part
564 2665 54 29 has
643 2657 227 45 separate
894 2657 99 46 t.-p.

592 2711 202 47 CONTENTS.—Topical
841 2711 186 40 outline
1073 2710 52 39 of
1171 2711 81 38 the
1299 2710 118 39 New
1466 2710 131 39 York
1643 2711 96 38 law
1785 2710 51 40 of
1884 2709 304 43 evidence.—

182 2769 200 47 Topical
407 2769 183 38 outline
615 2768 52 39 of
692 2769 83 38 the
801 2769 116 38 New
945 2769 131 38 York
1099 2769 96 38 law
1221 2768 51 39 of
1300 2767 229 48 pleading
1554 2769 93 37 and
1674 2767 513 47 practice.—Practice

183 2825 117 40 time
325 2825 391 40 table.—Forms.

186 2878 52 53 ©
267 2883 111 39 Feb.
405 2883 39 47 1,
472 2882 113 39 1929;
641 2882 67 41 2c.
736 2883 122 39 Mar.
885 2883 53 45 1;
969 2881 82 40 aff.
1080 2882 122 40 Mar.
1230 2881 81 47 11;
1341 2880 41 40 A
1409 2881 142 46 4852;
1582 2880 44 41 J.
1654 2880 50 41 L.
1735 2880 302 47 Rothschild,
2065 2881 118 40 New

256 2938 143 41 York.
466 2938 252 49 (29-9815)

185 3018 265 64 Roussel,
479 3017 220 66 Pierre,
733 3022 172 51 1881-

314 3094 1874 72 … La Grèce et l’Orient des guerres médiques à la conquête
182 3175 2006 71 romaine, par Pierre Roussel … avec la collaboration de Paul
184 3251 1866 72 Cloché … et de Rene Grousset … Paris, F. Alcan, 1928.
255 3333 1931 52 2 p. l., 555, [1] p. 2 fold. maps. 23 ᶜᵐ . (Peuples et civilisations,
184 3392 694 49 histoire generale … [II])
189 3445 1994 53 © Dec. 3, 1928; 1c. Jan. 25, 1929; A—Foreign 1770; Librairie Félix
257 3506 167 40 Alcan.
491 3505 251 49 (29-9656)

189 3580 323 65 Rowswell,
545 3582 210 53 Albert
788 3582 305 63 Kennedy,
1129 3600 178 49 comp.

255 3659 255 70 “Rosey”
542 3678 174 54 verse,
746 3681 71 33 an
851 3664 338 50 assortment
1221 3659 64 54 of
1314 3659 275 54 ramblers
1619 3658 230 70 clipped
1879 3661 73 68 by
1983 3660 205 53 Albert

187 3737 1550 71 Kennedy Rowswell … [Pittsburgh. Pa.] ᶜ192 9.
258 3819 589 48 70 p. in cl. port. 21 ᶜᵐ .
192 3871 52 53 ©
277 3877 121 39 Mar.
429 3877 69 41 30.
529 3876 140 47 1929;
704 3876 66 42 2c.
804 3878 93 39 and
931 3876 82 41 aff.
1046 3877 114 47 Apr.
1192 3876 82 46 17;
1308 3874 41 40 A
1381 3875 140 46 7512;
1557 3875 52 40 A.
1641 3876 60 40 K.
1735 3876 271 41 Rowswell,

260 3875 1907 105 Pittsburgh.
499 3931 251 50 (29-9778)
