2542 4389
1118 3987 134 51 1069

259 425 927 51 80 p. illus., tables, diagrs. 23 ᶜᵐ .
263 484 245 49 Prepared
532 484 79 40 for
635 485 199 39 readers
858 483 52 41 of
937 482 171 42 “Child
1131 481 135 43 life”,
1324 482 61 49 cf.
1412 493 45 37 p.
1485 481 55 50 [2]

259 543 226 39 Includes
513 540 304 48 advertising
843 542 196 39 matter.

259 598 377 49 Bibliography:
668 609 44 37 p.
746 596 158 42 51-80.

197 653 52 52 ©
286 657 116 48 July
437 657 39 48 8,
511 656 114 40 1929;
689 656 68 41 2c.
795 656 95 39 and
926 654 83 41 aff.
1046 654 117 47 July
1199 654 81 46 12;
1320 653 42 39 A
1397 653 170 41 10187;
1608 653 142 41 Band
1788 652 225 47 McNally
2050 655 37 40 &
2123 663 68 29 co.

273 713 279 50 (29-14882)

195 780 223 64 Reppy,
448 779 225 65 Alison,
706 785 173 49 1893-

265 860 318 54 Historical
626 861 113 52 and
782 863 288 65 statutory
1110 857 373 69 background
1527 856 65 54 of
1633 857 97 52 the
1771 857 111 51 law
1924 854 66 54 of
2031 855 165 66 wills,

194 931 2004 155 descent and distribution, probate and administration, by Alison Reppy and Leslie J. Tompkins … Chicago, Callaghan
194 1097 113 52 and
339 1113 298 52 company,
671 1097 151 51 1928.

330 1207 9 17 xx,
371 1176 88 41 427
489 1187 45 37 p.
592 1175 155 49 diagr.
804 1175 59 40 26
865 1177 44 21 cm
914 1206 10 10 .

196 1229 53 53 ©
277 1235 122 39 Mar.
426 1234 39 46 1,
494 1233 117 41 1928;
662 1233 68 41 2c.
759 1233 111 40 Feb.
897 1232 70 47 20,
996 1231 142 47 1929;
1168 1231 84 41 aff.
1280 1231 126 39 June
1433 1231 83 46 24;
1546 1230 41 39 A
1616 1229 169 47 11247;
1816 1230 54 40 A.
1900 1230 167 47 Reppy
2096 1230 96 39 and

263 1291 159 41 Leslie
450 1291 45 40 J.
525 1289 278 49 Tompkins,
832 1290 119 40 New
979 1289 145 40 York.
1192 1287 282 50 (29-14897)

192 1359 210 63 Reuss,
433 1357 259 63 August,
725 1357 172 54 1879-

265 1430 1933 75 Säuglingsernährung, von professor dr. August Reuss … mit
193 1519 30 49 8
250 1515 528 69 textabbildungen.
852 1514 168 54 Wien
1047 1515 118 53 und
1192 1513 219 69 Berlin,
1436 1513 56 55 J.
1522 1512 299 69 Springer,
1846 1512 154 52 1929.

257 1592 1875 52 3 p. l., 98 p. illus. (On cover: Bücher der ärztlichen praxis, 13)
195 1649 1803 53 © Jan. 25, 1929; 1c. Apr. 19; A—Foreign 2695; Julius Springer.
272 1710 280 50 (29-14880)

190 1777 187 65 Rhys,
409 1779 237 63 Ernest,
679 1783 173 49 1859-
1069 1779 85 53 ed.

261 1857 226 70 Mainly
523 1858 210 69 horses,
772 1857 189 54 edited
997 1858 76 68 by
1110 1856 211 54 Ernest
1357 1856 162 69 Rhys
1557 1856 113 53 and
1708 1855 64 55 C.
1809 1854 74 53 A.
1919 1855 275 52 Dawson-

194 1936 177 55 Scott.
445 1936 137 53 New
616 1935 182 70 York,
832 1935 259 67 London,
1124 1935 72 54 D.
1228 1933 299 70 Appleton
1561 1934 113 54 and
1708 1950 301 52 company,
2043 1934 152 52 1929.

259 2016 850 51 ix, [1] p., 1 l., 384, [1] p. 21½ᶜᵐ.
257 2074 75 40 An
361 2074 262 48 anthology
651 2073 52 41 of
729 2073 183 41 animal
940 2073 193 42 stories.

195 2127 53 53 ©
277 2132 117 48 July
424 2132 69 48 12,
525 2131 140 48 1929;
698 2132 67 41 2c.
797 2134 96 38 and
924 2131 83 42 aff.
1038 2131 117 48 July
1187 2131 80 44 16;
1302 2130 43 40 A
1375 2130 171 47 11264;
1581 2130 57 40 D.
1669 2130 241 48 Appleton
1941 2129 37 41 &
2009 2140 69 29 co.

272 2189 281 49 (29-14873)

191 2243 184 65 Robb,
407 2243 309 53 Elizabeth
746 2243 68 55 B.

263 2323 121 53 The
415 2341 251 50 message
696 2321 64 54 of
789 2322 96 53 the
914 2322 159 69 bells,
1103 2323 112 52 and
1247 2322 164 53 other
1443 2339 209 51 poems,
1682 2321 75 69 by
1789 2318 305 54 Elizabeth
2125 2319 69 52 B.

195 2400 1697 70 Robb. Philadelphia, Dorrance and company [ ᶜ1 929]
259 2482 55 41 87
346 2493 43 37 p.
450 2482 83 48 19½
537 2483 43 22 cm
586 2514 8 9 .
665 2482 300 48 (Half-title:
997 2481 385 48 Contemporary
1414 2483 137 46 poets
1583 2480 51 41 of
1666 2481 264 42 Dorrance,
1963 2481 81 42 78)

194 2535 53 53 ©
274 2540 127 40 June
427 2539 39 48 1,
493 2539 141 48 1929;
661 2539 69 41 2c.
757 2539 116 48 July
900 2539 82 47 10;
1011 2537 83 42 aff.
1122 2539 116 47 July
1266 2538 81 48 12;
1377 2537 41 40 A
1445 2537 171 48 30197;
1646 2537 251 42 Dorrance
1925 2537 37 40 &
1987 2547 83 32 co.,
2098 2536 92 41 inc.

271 2596 280 50 (29-34933)

191 2650 174 64 Shea,
395 2650 299 64 Timothy,
725 2651 196 69 pseud.

258 2727 186 55 Sarah
475 2728 112 52 and
617 2746 119 49 son,
765 2727 74 69 by
870 2727 275 70 Timothy
1178 2727 166 55 Shea.
1411 2726 139 53 New
1584 2725 180 69 York,
1796 2726 192 67 Dodd,
2019 2725 170 53 Mead

184 2807 46 50 &
257 2823 298 51 company,
587 2808 150 50 1929.

256 2886 101 48 viii,
388 2887 87 41 296
504 2899 42 37 p.
607 2886 145 41 19½ᶜᵐ.

195 2940 52 52 ©
275 2945 117 48 July
421 2944 68 48 19,
518 2944 140 47 1929;
690 2945 67 40 2c.
786 2946 97 38 and
912 2944 83 41 aff.
1025 2945 117 47 July
1169 2944 83 47 26;
1285 2944 40 39 A
1354 2943 171 48 10406;
1559 2944 154 47 Dodd,
1745 2943 143 40 Mead
1919 2942 37 40 &
1985 2953 83 33 co.,
2098 2941 92 42 inc.

273 3000 279 50 (29-15478)

190 3054 272 65 Shurter,
492 3054 206 53 Edwin
729 3055 92 52 Du
852 3054 158 61 Bois,
1042 3059 172 50 1863-
1426 3054 85 54 ed.

260 3134 285 69 Winning
582 3133 409 55 declamations
1030 3134 112 53 and
1179 3134 129 52 how
1346 3138 59 48 to
1444 3132 175 69 speak
1656 3132 174 69 them,
1866 3131 75 69 by
1982 3130 212 54 Edwin

190 3208 2002 72 Du Bois Shurter … Rev. ed. New York city, Noble and
189 3290 412 67 Noble [ ᶜ1 929]
253 3369 84 49 xii,
365 3370 87 41 260
478 3382 43 37 p.
580 3370 148 43 20½ᶜᵐ.

255 3426 1934 51 “First published in 3917 … the section containing prose and poetical
183 3485 258 41 selections
469 3485 79 40 for
577 3486 82 40 the
687 3487 299 47 elementary
1016 3486 175 48 grades
1221 3487 89 39 has
1339 3486 119 40 been
1488 3484 202 42 omitted
1725 3484 64 50 [in
1819 3484 101 41 this
1950 3484 115 40 3929
182 3484 1989 107 edition]”—Pref.

191 3595 53 53 ©
273 3600 116 48 July
417 3600 39 48 6,
485 3600 142 48 1929;
658 3600 66 41 2c.
754 3601 116 47 July
900 3601 81 46 11;
1014 3599 83 41 aff.
1127 3600 117 47 July
1273 3600 83 47 13;
1386 3599 42 39 A
1457 3597 172 49 11207;
1659 3599 152 40 Noble
1842 3603 38 40 &
1909 3598 165 42 Noble.

268 3655 280 50 (29-14822)

187 3709 222 65 Smoot,
440 3710 227 64 George
696 3709 73 56 A.

258 3785 1929 72 The law of insanity, by George A. Smoot … Kansas City.
186 3865 134 65 Mo.,
407 3885 173 35 Vernon
611 3869 110 51 law
749 3866 148 54 book
926 3885 299 45 company,
1259 3868 150 51 1929.
