2533 4342
1357 4058 133 50 1432

846 461 1031 59 CONTENTS.—Récits.—Paysages.—Études.—Poèmes
1907 474 48 39 et
1985 471 198 49 prières.

440 524 1774 52 © May 15, 1929; 1c. June 21: A— Foreign 3535; Librairie Plon.
518 584 280 48 (29-19475)

437 650 215 63 Smith,
682 651 219 52 Ernest
928 650 277 64 Thomas,
1238 652 170 53 1879-

500 727 55 52 A
576 746 123 34 new
724 728 293 68 approach
1039 733 59 47 to
1124 728 308 68 European
1456 728 225 69 history;
1735 728 277 53 students’
2038 729 171 69 guide
2236 729 201 66 sheets,

430 806 74 68 by
546 806 68 52 E.
657 806 65 52 T.
768 804 206 55 Smith.
1057 805 271 69 Chicago,
1369 806 114 67 Ill.,
1525 807 121 51 The
1688 805 341 69 University
2072 805 65 53 of
2182 805 254 70 Chicago

429 886 386 65 press [ ᶜ192 9]
498 965 462 48 xiv, 122 p. 23 ᶜᵐ .
502 1021 234 41 “Sources
767 1021 53 41 of
846 1021 351 41 information”
1228 1024 53 38 at
1312 1023 92 39 end
1434 1022 52 40 of
1516 1023 119 39 each
1666 1023 229 47 chapter;
1930 1022 134 40 “List
2095 1022 52 40 of
2177 1023 149 41 books
2357 1023 82 40 for

429 1090 28 29 a
487 1078 220 49 working
735 1078 216 49 library”:
1012 1090 42 38 p.
1084 1078 219 41 xiii-xiv.

438 1133 51 52 ©
519 1137 120 48 Aug.
670 1138 38 43 6,
739 1137 118 40 1929;
912 1138 67 40 2c.
1011 1138 120 47 Aug.
1160 1137 55 40 24;
1275 1137 82 40 aff.
1389 1138 119 47 Aug.
1540 1138 55 39 23:
1656 1138 39 38 A
1726 1136 143 41 12014;
1931 1137 283 41 University
2246 1137 51 40 of

505 1137 1913 105 Chicago.
703 1194 281 49 (29-18646)

435 1261 214 64 Smith,
679 1262 230 53 Horace
939 1262 279 64 Herbert,
1251 1268 171 48 1868-

507 1340 218 55 Crooks
759 1341 63 54 of
852 1342 95 51 the
979 1340 291 57 Waldorf,
1301 1342 170 66 being
1501 1343 96 51 the
1629 1348 158 61 story
1819 1342 64 52 of
1913 1342 106 52 Joe
2054 1340 207 68 Smith,

435 1360 1978 112 master
564 1420 293 54 detective,
896 1420 76 69 by
1013 1419 226 53 Horace
1284 1419 206 55 Smith.
1568 1419 139 52 New
1750 1418 179 55 York,
1971 1420 121 52 The
2130 1418 307 71 Macaulay

435 1516 298 51 company,
765 1500 150 49 1929.

498 1576 952 49 3 p. l. , v-vi p., 2 l., 7-318 p. 19½ᶜᵐ.
435 1631 51 52 ©
520 1635 128 48 Sept.
678 1634 39 48 6,
748 1634 141 46 1929;
919 1635 67 40 2c.
1022 1635 128 48 Sept.
1180 1634 57 40 10;
1296 1634 83 40 aff.
1411 1634 129 48 Sept.
1571 1635 82 40 11:
1687 1635 39 39 A
1757 1635 170 42 13237;
1962 1636 260 46 Macaulay
2251 1646 69 28 co.

510 1691 281 48 (29-18679)

432 1758 281 65 Sterrett,
742 1759 259 53 Frances
1028 1759 279 64 Roberta,
1338 1765 171 49 1869-

502 1838 1676 69 Rusty of the high towers, by Frances R. Sterrett …
430 1838 1980 132 illustrated
649 1918 77 69 by
756 1917 231 52 Marion
1021 1915 268 56 Oldham.
1365 1917 430 68 Philadelphia,
1827 1918 122 52 The

433 1916 1973 148 Penn publishing company [ ᶜ192 9]
497 2076 87 41 314
613 2087 43 37 p.
715 2076 165 42 front.,
907 2076 174 48 plates.
1143 2075 145 42 19½ᶜᵐ.

432 2129 51 52 ©
513 2134 119 48 Aug.
662 2133 70 47 24,
762 2133 140 42 1929:
934 2134 68 40 2c.
1033 2135 96 38 and
1159 2132 81 43 aff.
1272 2133 129 48 Sept.
1432 2134 81 46 12;
1546 2133 39 39 A
1617 2133 170 41 13265:
1821 2134 148 41 Penn.
1999 2135 110 47 pub.
2139 2145 68 29 co.

510 2190 281 49 (29-18698)

429 2258 262 53 Trenton
722 2258 310 53 historical
1061 2258 245 64 society,
1343 2262 266 52 Trenton.

502 2337 55 52 A
600 2338 223 68 history
869 2338 64 52 of
976 2339 274 66 Trenton,
1299 2338 327 57 1679-1929,
1672 2344 113 47 two
1828 2339 264 52 hundred
2139 2340 112 52 and
2298 2337 137 70 fifty

430 2414 1979 148 years of a notable town with links in four centuries … prepared
650 2495 181 52 under
870 2494 96 53 the
1009 2493 149 66 joint
1201 2494 340 67 authorship
1583 2494 64 53 of
1689 2494 211 53 Edwin
1941 2493 216 54 Robert
2196 2494 236 53 Walker

436 2570 1811 71 [and others] … illustrations by George A. Bradshaw,
428 2568 2002 150 published … under the auspices of the Trenton historical society.
428 2729 327 65 Princeton,
782 2728 311 52 Princeton
1119 2727 320 69 university
1467 2746 173 50 press,
1672 2731 149 49 1929.

492 2808 27 39 2
580 2840 9 9 v.
648 2808 190 47 fronts.,
868 2807 129 41 illus.
1026 2807 134 48 (incl.
1190 2806 163 49 maps)
1421 2808 147 41 23½ᶜᵐ.

492 2866 162 47 Paged
685 2864 356 48 continuously.

494 2922 179 47 “Early
700 2922 214 39 Trenton
943 2920 229 49 imprints
1202 2923 95 38 and
1326 2931 151 38 maps,
1508 2920 237 49 compiled
1773 2922 63 46 by
1866 2921 208 48 Clayton
2104 2922 51 41 L.
2185 2921 215 42 Traver”:

456 3011 8 8 v.
491 2979 40 46 2,
562 2990 41 37 p.
632 2977 296 51 1041-[1049]

492 3034 351 49 Bibliography:
899 3046 44 29 v.
968 3034 41 46 2,
1037 3045 42 38 p.
1108 3033 296 50 1059-[1069]

428 3089 51 52 ©
508 3094 117 47 July
651 3092 69 47 30,
749 3092 140 40 1929:
919 3093 67 40 2c.
1015 3092 117 40 each
1164 3092 127 48 Sept.
1321 3092 82 40 13:
1433 3092 81 41 aff.
1547 3092 129 48 Sept.
1705 3092 82 40 11:
1818 3092 40 39 A
1887 3092 169 41 12310:
2088 3094 211 39 Trenton

498 3092 1909 98 historical
698 3160 107 31 soc.,
832 3150 229 40 Trenton.
1126 3148 281 48 (29-18694)

423 3214 196 65 Wells,
648 3214 187 56 Rhea.

501 3294 148 55 Coco
682 3295 95 52 the
811 3299 152 64 goat,
998 3299 121 49 text
1154 3295 112 53 and
1303 3295 290 67 drawings
1627 3296 76 68 by
1736 3295 159 53 Rhea
1928 3295 195 53 Wells.
2196 3293 231 52 Garden

430 3371 152 70 City,
608 3373 69 52 N.
708 3373 90 66 Y.,
824 3373 358 68 Doubleday,
1207 3373 199 52 Doran
1435 3374 45 49 &
1508 3391 78 33 co.
1615 3373 126 56 inc.,
1771 3375 148 50 1929.

489 3453 1927 48 4 p. l. , 135 p. incl. illus., plates, col. front., col. plaies (1 double)
418 3509 117 40 20 ᶜᵐ .
491 3565 289 39 Illustrated
811 3564 351 48 lining-papers
1195 3565 48 39 in
1276 3565 170 40 colors.

428 3616 51 52 ©
514 3620 128 48 Sept.
673 3621 69 47 13,
774 3620 140 41 1929:
949 3621 68 40 2c.
1050 3622 95 39 and
1178 3621 82 41 aff.
1296 3621 128 48 Sept.
1456 3621 54 40 16;
1573 3621 42 39 A
1646 3621 144 40 13357;
1852 3621 299 48 Doubleday,
2185 3623 166 38 Doran
2387 3623 36 39 &

494 3687 67 29 co.
588 3677 91 40 inc.
744 3676 283 50 (29-18662)

418 3729 2007 72 Who’s who in Los Angeles County. 1927-1928 … [Los
489 3807 266 69 Angeles,
786 3809 193 54 Calif.,
1008 3808 165 53 Wolf
1177 3828 58 33 er
1264 3808 264 70 printing
1554 3828 99 49 co.,
1685 3812 150 64 1929]

490 3889 84 40 343
613 3899 41 37 p.
723 3888 129 41 illus.
881 3888 199 49 (ports.)
1127 3891 171 46 plates.
1366 3889 117 41 28ᶜᵐ.

427 3940 51 52 ©
512 3945 109 39 Jan.
653 3946 68 44 24,
754 3945 117 40 1929:
930 3946 67 40 2c.
1031 3945 111 41 Feb.
1175 3946 51 46 9;
1263 3946 81 40 aff.
1379 3946 121 41 Mar.
1534 3947 52 39 2:
1622 3947 41 38 A
1695 3947 140 40 7225:
1872 3946 202 40 Charles
2108 3947 125 39 John
2270 3947 148 47 Lang,

492 4001 94 40 Los
611 4001 221 48 Angeles.
