2512 4377
1275 4014 105 50 444

311 437 249 54 Norris’s
583 437 201 53 works.
869 455 51 33 [v.
944 436 48 54 7.
1018 437 120 52 The
1163 435 474 69 responsibilities
1661 434 64 53 of
1748 435 95 52 the
1867 434 260 54 novelist.
2190 435 120 51 The

310 515 202 70 joyous
556 514 248 53 miracle.
888 513 234 55 Garden
1167 513 152 70 City,
1364 514 70 52 N.
1483 512 90 69 Y.,
1618 511 358 70 Doubleday,
2021 512 200 53 Doran
2267 513 46 50 &

311 610 299 51 company,
637 593 127 66 inc.,
793 595 152 64 1928]

380 674 422 49 xliv, 236 p. 22½ ᶜᵐ.
314 728 52 53 ©
395 732 118 40 Nov.
542 731 69 48 28,
641 731 141 47 1928;
813 731 69 41 2c.
913 732 96 39 and
1039 730 82 41 aff.
1152 731 111 40 Feb.
1295 730 68 49 15,
1395 730 141 46 1929;
1568 730 41 39 A
1638 730 142 47 4548;
1814 729 298 47 Doubleday,
2145 728 167 40 Doran

383 788 36 41 &
446 799 81 37 co.,
558 787 91 41 inc.

317 882 160 63 Dow,
517 882 192 53 Grove
747 882 256 64 Samuel,
1044 886 171 51 1888-

388 961 227 69 Society
647 962 113 53 and
794 962 74 53 its
902 962 314 66 problems;
1255 980 73 34 an
1358 960 394 54 introduction
1782 966 58 47 to
1874 959 97 54 the
2002 959 313 69 principles

319 1036 1994 72 of sociology, by Grove Samuel Dow … 3d ed., rev. New
314 1117 1361 70 York, Thomas Y. Crowell company [ ᶜ1 929]
383 1198 844 49 1 p. l., v-xiii, 707 p. diagr. 20½ ᶜᵐ.
385 1255 282 41 “Fifteenth
698 1254 262 50 printing.”

386 1311 250 47 “Reading
665 1310 302 41 references”
996 1312 53 39 at
1077 1312 92 39 end
1198 1310 53 41 of
1276 1311 120 40 each
1423 1311 202 48 chapter
1653 1311 172 47 except
1852 1310 204 48 chapter
2137 1341 9 9 VI.

317 1365 51 52 ©
397 1370 114 47 Apr.
539 1369 39 46 1,
607 1368 141 47 1929;
779 1368 67 41 2c.
875 1368 98 40 and
1000 1366 82 43 aff.
1111 1367 113 48 Apr.
1252 1367 53 47 3;
1337 1367 41 39 A
1405 1366 141 48 7210;
1578 1367 211 40 Thomas
1818 1368 55 40 Y.
1904 1366 204 41 Crowell
2137 1376 69 31 co.
395 1424 251 50 (29-8475)

315 1506 260 63 Dreiser,
604 1505 322 54 Theodore.

392 1584 420 67 [Introduction
838 1584 76 68 by
940 1584 298 52 Theodore
1263 1584 233 52 Dreiser
1523 1584 61 51 in
1609 1584 96 51 the
1730 1583 149 52 book
1906 1583 256 67 entitled]
2196 1584 122 52 The

314 1662 304 69 Argonaut
646 1661 355 67 manuscript
1026 1661 224 53 limited
1279 1661 218 53 edition
1522 1660 65 54 of
1613 1660 198 53 Frank
1837 1659 250 55 Norris’s
2114 1661 202 52 works.

322 1775 68 33 [v.
430 1746 46 48 8.
514 1741 343 69 McTeague.
931 1740 235 55 Garden
1205 1739 153 69 City,
1397 1741 71 52 N.
1508 1739 91 69 Y.,
1637 1739 358 69 Doubleday,
2033 1741 201 51 Doran
2272 1742 48 50 &

315 1837 298 50 company,
641 1819 127 66 inc.,
797 1821 152 64 1928]

384 1900 555 50 xi p., 1 l. , 375 p. 22½ ᶜᵐ.
387 1958 279 45 Half-title;
699 1958 118 40 each
847 1958 192 40 volume
1068 1958 90 40 has
1187 1958 107 40 also
1323 1957 179 48 special
1535 1959 97 46 t.-p.

319 2011 51 52 ©
401 2015 119 41 Nov.
548 2015 70 47 28,
647 2014 115 42 1928;
820 2015 67 40 2c.
918 2015 97 40 and
1044 2014 83 41 aff.
1159 2015 112 40 Feb.
1300 2014 69 48 15,
1400 2014 118 40 1929;
1574 2015 41 39 A
1643 2014 115 40 4549;
1819 2014 298 48 Doubleday,
2151 2015 168 39 Doran

387 2072 37 40 &
450 2083 82 36 co.,
562 2072 92 40 inc.

317 2152 248 62 Dudley,
607 2152 221 53 Lofton
870 2152 242 56 Leland.

454 2231 1868 71 … The location of city school plants, by L. Leland Dudley
381 2309 1519 69 … Cambridge, Harvard university press, 1929.
320 2388 2000 99 viii p., 2 l., 130 p. illus. (incl. maps) 23½ ᶜᵐ. (Half-title: Harvard bulletins in
660 2446 272 49 education,
964 2457 75 30 no.
1071 2447 82 48 14)

392 2502 160 42 Series
578 2502 109 42 title
712 2503 51 40 in
788 2505 113 47 part
927 2505 53 39 at
1003 2504 126 40 head
1155 2503 55 41 of
1232 2505 99 47 t.-p.

390 2559 351 49 Bibliography
759 2571 9 29 :
802 2571 42 38 p.
894 2559 235 51 [129]-130.

321 2614 51 52 ©
405 2619 122 40 Mar.
558 2618 69 47 12,
658 2618 141 46 1929;
832 2618 67 40 2c.
931 2619 95 39 and
1059 2617 82 42 aff.
1173 2619 123 39 Mar.
1328 2618 82 47 22;
1444 2618 41 39 A
1514 2617 142 47 7000;
1691 2618 256 41 President
1979 2619 36 40 &
2045 2618 191 41 fellows
2269 2618 51 40 of

387 2675 232 39 Harvard
651 2676 192 47 college,
877 2674 302 49 Cambridge,
1212 2676 147 39 Mass.
1431 2674 250 50 (29-8619)

321 2755 284 64 Duviard,
639 2755 356 64 Ferdinand,
1030 2760 172 51 1889-

452 2833 1663 71 … Les cotillons barrés … Paris, E. Fasquelle, 1928.
388 2916 638 49 3 p. l., 9-186 p., 2 l. 19 ᶜᵐ.
390 2973 699 48 Bibliothèque-Charpentier.

322 3025 1997 55 © Apr. 3, 1928; 1c. Jan. 19, 1929; A—Foreign 1573; Eugène Fasquelle.
401 3085 252 50 (29-8674)

322 3168 212 62 Eaton,
566 3168 221 53 Harold
817 3169 83 64 T.,
932 3171 83 53 ed.

397 3245 210 67 [Notes,
643 3246 77 67 by
757 3246 228 53 Harold
1024 3247 63 53 T.
1130 3248 191 51 Eaton
1359 3248 62 52 in
1457 3248 95 53 the
1591 3246 149 54 book
1778 3248 257 66 entitled]
2083 3247 238 55 Shorter

320 3322 1999 71 poems of John Milton … Chicago, New York, Lyons and
322 3400 535 69 Carnahan [ ᶜ1 929]
391 3483 1697 50 136 p. incl. pl. 18 ᶜᵐ. (Lettered on cover: Stratford classics)
323 3534 51 52 ©
403 3539 111 42 Feb.
540 3540 40 47 4,
607 3540 118 40 1929;
777 3540 68 41 2c.
872 3542 96 38 and
995 3540 81 41 aff.
1105 3542 122 39 Mar.
1255 3541 57 41 28;
1367 3541 41 39 A
1434 3541 114 40 6225;
1604 3542 160 48 Lyons
1792 3542 36 40 &
1855 3542 276 41 Carnahan.

325 3619 220 66 Eichel,
583 3621 246 54 Charles
867 3621 66 56 G.

392 3696 123 53 The
546 3702 254 49 treasure
832 3698 154 53 chest
1021 3698 65 53 of
1118 3699 299 52 literature
1451 3698 94 53 for
1586 3700 115 66 [5th
1737 3700 112 52 and
1886 3700 98 53 6th
2018 3718 181 48 years,
2269 3705 51 48 1st

323 3775 1935 68 and 2d halves] by Charles G. Eichel … Edward J. Kehoe …
321 3851 2000 72 Ignus O. Hornstein … Boston, New York [etc.] Houghton
321 3930 206 52 Mifflin
559 3949 280 52 company
931 3934 117 65 [1929]
