2533 4384
1116 4024 100 53 167

145 365 279 63 Mitchell,
459 363 255 56 Samuel.

217 437 1925 74 Solitaire bridge … for those who play bridge and those who
147 529 154 48 want
329 529 77 61 to,
432 522 76 69 by
540 520 229 55 Samuel
800 518 279 54 Mitchell.
1144 517 141 52 New
1315 515 182 68 York,
1525 515 56 55 J.
1612 515 78 54 H.
1722 515 170 55 Sears
1919 518 47 50 &
145 535 1973 136 company

328 601 321 65 inc. [ ᶜ1 928]
211 680 517 50 144 p. diagrs. 20 ᶜᵐ.
215 737 307 43 “Solutions”:
584 749 44 37 p.
664 736 251 51 [123]-137.

215 796 180 40 “Third
426 794 230 50 printing,
688 792 285 49 November,
1003 791 157 42 1928.”

150 850 52 52 ©
235 854 102 40 Oct.
369 854 69 46 25,
471 852 116 40 1928;
646 852 68 40 2c.
747 851 97 40 and
876 850 83 40 aff.
992 850 112 40 Feb.
1136 850 43 47 4,
1210 849 116 40 1929;
1386 849 43 39 A
1461 848 115 41 5097;
1639 849 44 40 J.
1718 849 61 41 H.
1816 849 144 40 Sears
1995 850 36 39 &
2064 861 81 36 co.,

216 911 93 40 inc.
376 907 250 50 (29-4065)

147 1003 348 65 Mlynarski,
524 1002 199 53 Feliks
749 1001 175 64 John,
957 1006 172 49 1884-

213 1082 151 55 Gold
401 1083 111 51 and
550 1081 215 52 central
800 1079 199 66 banks,
1032 1080 75 67 by
1144 1078 196 54 Feliks
1375 1079 344 68 Mlynarski,
1843 1122 10 10 PH.
1929 1124 9 9 D.
2012 1080 138 53 New

148 1160 175 65 York,
356 1160 119 52 The
509 1158 337 53 Macmillan
879 1176 299 50 company,
1214 1160 152 50 1929.

213 1241 474 48 4 p. l., 157 p. 19½ᶜᵐ.
153 1296 52 52 ©
230 1301 111 38 Jan.
366 1298 69 43 29,
463 1298 141 41 1929;
631 1298 69 41 2c.
725 1298 97 40 and
849 1297 82 40 aff.
959 1297 109 40 Jan.
1095 1296 83 47 30;
1207 1296 41 40 A
1274 1297 142 46 5041;
1446 1297 284 40 Macmillan
1758 1308 67 29 co.

229 1354 252 50 (29-4441)

148 1449 235 54 Mother
415 1449 205 55 Goose.

218 1528 230 53 Mother
475 1528 183 54 Goose
682 1528 167 67 book,
874 1547 31 33 a
933 1527 159 53 work
1119 1528 112 53 and
1259 1528 138 69 play
1421 1527 148 54 book
1596 1528 95 53 for
1716 1528 172 54 silent
1912 1529 241 69 reading

148 1607 74 69 by
255 1607 206 53 Emma
494 1606 195 53 Miller
721 1606 275 54 Bolenius
1027 1607 113 52 and
1171 1606 231 53 Marion
1437 1606 223 70 George
1690 1606 271 71 Kellogg,
149 1608 1979 130 illustrated

366 1686 75 65 by
471 1684 216 55 Gustaf
715 1686 321 67 Tenggren.
1103 1686 236 67 Boston,
1368 1685 139 52 New
1538 1685 165 53 York
1737 1691 140 63 [etc.]
148 1685 1978 131 Houghton

278 1763 753 69 Mifflin company [ ᶜ1 929]
221 1844 577 49 128 p. col. illus. 21 ᶜᵐ.
154 1899 52 52 ©
236 1904 111 39 Jan.
376 1903 39 47 9,
446 1902 141 46 1929;
618 1903 67 40 2c.
716 1903 112 39 Jan.
857 1902 82 45 11;
971 1901 83 41 aff.
1085 1903 110 39 Jan.
1225 1903 83 47 25;
1342 1903 38 39 A
1411 1903 143 44 4076;
1587 1905 265 47 Houghton
1887 1905 167 40 Mifflin
2086 1917 66 30 co.

225 1955 69 54 [©
335 1960 225 39 editorial
605 1960 147 47 work,
796 1960 61 44 by
900 1960 167 39 Emma
1115 1960 164 39 Miller
1319 1960 232 40 Bolenius
1594 1962 95 39 and
1733 1962 194 40 Marion
1972 1963 183 49 George

220 2017 218 47 Kellogg,
472 2017 94 39 and
599 2016 344 47 illustrations,
977 2017 61 47 by
1073 2016 182 41 Gustaf
1284 2017 268 50 Tenggren]
1652 2018 228 48 (29-4345)

153 2111 240 63 Mundy,
428 2109 228 66 Talbot,
695 2113 172 52 1879-

220 2188 195 62 Queen
452 2187 326 68 Cleopatra,
813 2207 31 34 a
877 2190 165 51 novel
1076 2189 75 68 by
1185 2191 211 52 Talbot
1427 2191 240 70 Mundy.
1738 2192 421 70 Indianapolis,

150 2266 1151 70 The Bobbs-Merrill company [ ᶜ1 929]
221 2350 469 49 7 p. l. , 426 p. 21 ᶜᵐ.
157 2403 52 52 ©
238 2408 111 40 Feb.
376 2407 39 42 5,
444 2407 115 40 1929;
614 2408 68 40 2c.
710 2409 95 39 and
833 2407 83 42 aff.
946 2409 111 41 Feb.
1086 2409 54 39 14;
1197 2409 41 39 A
1265 2410 116 39 4399;
1441 2411 369 41 Bobbs-Merrill
1841 2424 68 30 co.

234 2462 251 49 (29-4296)

149 2544 281 53 National
467 2544 316 54 industrial
823 2546 348 54 conference
1210 2547 201 55 board.

226 2622 137 55 Cost
399 2624 65 52 of
498 2631 374 59 government
905 2626 58 51 in
999 2626 96 53 the
1132 2626 220 54 United
1390 2627 190 55 States
1618 2629 328 55 1926-1927.
2017 2631 141 53 New

155 2702 180 61 York,
383 2703 273 53 National
704 2704 311 54 industrial
1062 2705 333 54 conference
1442 2708 199 68 board,
1688 2708 127 69 inc.,
1865 2713 151 51 1928.

222 2785 907 50 xi. 109 p. incl. tables, diagrs. 23½ ᶜᵐ.
154 2842 1991 97 “To supplement and to bring the data published in … [Cost of government
399 2899 50 40 in
476 2900 80 40 the
582 2900 180 41 United
792 2901 163 41 States
981 2902 278 50 1925-1926]
1289 2905 49 39 to
1366 2904 79 41 the
1473 2906 148 39 latest
1649 2906 353 42 date.”—Pref.

160 2951 52 52 ©
239 2957 110 39 Jan.
374 2957 69 41 30,
471 2956 140 42 1929;
640 2958 67 39 2c.
734 2958 96 39 and
857 2957 82 42 aff.
967 2959 111 41 Feb.
1105 2960 25 39 5;
1186 2960 40 39 A
1251 2960 143 47 4229;
1425 2962 115 39 Natl.
1583 2962 264 41 industrial
1875 2964 286 42 conference

226 3013 166 42 board,
423 3013 91 40 inc.
583 3013 252 50 (29-3925)

151 3092 261 61 Nichols,
459 3092 338 56 Ellsworth.

226 3171 205 53 Public
459 3173 200 68 utility
691 3175 211 53 service
936 3176 112 53 and
1081 3177 486 66 discrimination;
1604 3181 356 66 managerial
158 3182 1979 131 problems,

368 3252 1730 73 regulations and practices, by Ellsworth Nichols …
158 3328 325 56 Rochester.
517 3330 69 55 N.
623 3331 90 58 Y.,
745 3331 403 71 Washington,
1182 3334 70 52 D.
1291 3333 82 70 C.,
1405 3336 206 54 Public
1644 3338 242 54 utilities
1919 3346 242 62 reports,

155 3405 126 64 inc.,
320 3409 149 51 1928.

226 3489 96 47 clii,
355 3489 116 41 1087
502 3501 42 37 p.
604 3491 56 40 23½ᶜᵐ.

231 3545 176 41 “Table
438 3545 53 41 of
518 3557 136 31 cases
683 3547 158 41 cited”:
902 3560 42 37 p.
974 3550 192 42 xv-clii.

163 3596 52 52 ©
246 3602 118 39 Nov.
395 3603 58 39 10,
495 3603 114 41 1928;
668 3603 67 43 2c.
767 3605 112 41 Feb.
911 3606 38 48 6,
980 3607 141 47 1929;
1157 3607 81 42 aff.
1272 3609 111 41 Feb.
1415 3610 53 41 2;
1503 3611 39 39 A
1573 3612 142 43 5144;
1750 3614 170 40 Public
1954 3615 207 41 utilities

232 3660 202 46 reports,
463 3659 90 41 inc.
621 3660 253 51 (29-4081)

161 3737 266 58 O’Brien,
460 3740 240 56 Robert.

235 3815 375 61 Chauffeurs’,
638 3821 375 65 pedestrians’
1039 3824 112 53 and
1179 3827 363 53 motormen’s
1570 3829 199 67 guide:
1800 3849 29 33 a
1861 3831 307 55 handbook

167 3893 61 52 of
257 3895 94 52 the
383 3896 201 68 theory
616 3899 110 51 and
761 3901 248 65 practice
1041 3901 66 53 of
1135 3902 191 70 safety
1355 3903 142 69 first,
1529 3907 76 69 by
1636 3908 215 53 Robert
1885 3909 278 61 O’Brien;
