2561 4405
1113 4080 64 50 53

159 427 324 64 Champion
512 427 70 52 de
611 425 348 64 Crespigny,
989 425 153 52 Rose
1170 424 149 63 Key.

225 506 121 52 The
384 504 188 53 riddle
611 503 65 53 of
713 503 96 53 the
849 502 297 67 emeralds,
1184 501 75 69 by
1298 502 141 53 Mrs.
1482 502 202 68 Philip
1728 501 325 70 Champion
2095 502 68 53 de

156 583 336 68 Crespigny.
571 582 365 67 [Instalment
970 583 49 64 3]

232 666 82 49 (In
344 661 202 43 London
576 660 202 52 Sunday
809 659 210 53 graphic
1049 660 97 43 and
1178 658 203 53 Sunday
1412 658 199 51 herald)

157 732 1987 109 © 1c. Feb. 11, 1929; A ad int. 12318; pubd. Dec. 16, 1928; R. K. Champion
366 793 58 39 de
455 790 279 49 Crespigny,
765 791 30 40 i.
828 801 37 30 e.
897 790 117 41 Mrs.
1046 789 164 49 Philip
1241 789 269 48 Champion
1542 790 59 39 de
1634 789 281 49 Crespigny,
1948 790 214 41 London.

156 955 2002 70 Compton’s pictured encyclopedia … to inspire ambition, to
221 1035 291 53 stimulate
552 1034 96 53 the
692 1033 400 69 imagination,
1135 1039 58 47 to
1239 1034 241 67 provide
1521 1034 97 52 the
1660 1033 299 70 inquiring
2000 1034 162 53 mind

222 1113 141 52 with
397 1117 260 48 accurate
693 1111 382 53 information
1110 1112 123 52 told
1268 1112 62 52 in
1365 1130 72 34 an
1473 1111 341 70 interesting
1848 1112 163 68 style,
2048 1113 113 52 and

221 1191 132 53 thus
383 1191 129 52 lead
543 1190 122 52 into
697 1189 244 53 broader
970 1189 164 54 fields
1167 1189 64 53 of
1261 1189 355 70 knowledge,
1647 1189 136 54 such
1816 1189 49 53 is

1897 1189 96 54 the
220 1209 1917 128 purpose
395 1268 66 53 of
501 1268 117 53 this
660 1268 174 52 work.
913 1267 271 69 Chicago,
1229 1269 65 51 F.
1340 1268 68 52 E.
1455 1267 286 69 Compton
1781 1270 53 51 &
1878 1285 283 53 company

226 1350 172 64 [1929]

218 1431 56 40 10
310 1442 41 29 V.
412 1430 88 40 col.
533 1429 162 41 fronts.
739 1428 67 49 (v.
843 1428 111 48 1-9)
998 1428 130 41 illus.
1156 1427 138 49 (part
1327 1429 114 48 col.)
1486 1430 88 40 col.
1610 1431 173 47 plates,
1819 1432 165 46 ports.,
2020 1441 139 39 maps

155 1485 768 51 (part double) diagrs. 26 ᶜᵐ .
216 1557 162 47 Paged
409 1555 359 48 continuously.

218 1612 422 41 Editor-in-chief:
675 1611 108 47 Guy
812 1611 209 41 Stanton
1051 1611 143 41 Ford.

216 1671 103 40 Vol.
351 1670 27 41 9
409 1670 223 41 contains
664 1669 396 49 bibliographies.

151 1737 52 52 ©
231 1742 113 39 Dec.
373 1741 38 48 6,
441 1740 141 47 1928;
614 1741 67 40 2c.
709 1739 118 42 each
857 1740 97 39 and
982 1738 83 41 aff.
1096 1739 110 40 Jan.
1235 1739 69 48 14,
1334 1738 142 48 1929;
1507 1740 42 38 A
1577 1739 144 48 3840;
1754 1740 52 41 F.
1837 1741 53 40 E.
1922 1740 236 49 Compton

218 1798 36 40 &
283 1808 68 30 co.
422 1797 252 49 (29-2052)

146 1908 374 63 D’Abernon,
553 1907 202 63 Edgar
787 1906 273 54 Vincent.

213 1985 96 52 An
341 1985 367 52 ambassador
738 1983 65 54 of
833 2002 184 51 peace.
1092 1984 381 67 [Instalment]
1510 1987 85 50 20.

223 2068 83 49 (In
338 2063 203 44 London
575 2063 148 53 Daily
758 2062 291 54 telegraph)

148 2135 2009 52 © 1c. Feb. 8, 1929; A ad int. 12311; pubd. Dec. 20, 1928; Edgar Vincent
216 2195 300 47 D’Abernon,
547 2195 214 41 London.

145 2304 202 65 Davis,
377 2305 260 53 Herbert
667 2304 211 66 Lewis,
912 2309 172 51 1868-

214 2383 179 68 Legal
419 2383 341 69 accounting
785 2383 113 52 and
924 2388 162 47 court
1111 2382 296 70 auditing;
1437 2383 221 53 federal
1685 2384 114 52 and

1822 2387 146 49 state
144 2401 1987 113 practice
296 2461 60 52 in
399 2461 127 67 law,
569 2460 196 69 equity
809 2462 113 52 and
964 2460 248 54 kindred
1257 2461 390 69 proceedings,
1692 2461 325 70 respecting
2059 2462 97 53 the

144 2539 186 53 duties
373 2538 65 53 of
480 2544 239 48 masters
762 2539 61 52 in
864 2539 297 67 chancery,
1206 2544 162 48 court
1413 2539 275 68 auditors,
1733 2538 263 70 referees,
2042 2541 114 52 and

143 2615 339 55 fiduciaries.
549 2617 288 69 Together
865 2616 141 54 with
1036 2617 260 69 analyses
1325 2616 65 54 of
1419 2636 151 34 cases
1599 2617 302 70 involving

1930 2618 96 53 the
143 2637 1986 127 application
452 2693 65 55 of
547 2695 313 68 principles
892 2695 324 69 respecting
1248 2695 359 70 accounting,
1638 2701 202 64 patent

142 2695 1988 131 infringement
338 2773 159 68 suits,
540 2773 114 53 and
695 2774 151 68 legal
888 2774 332 67 precedents
1262 2773 335 71 pertaining
1638 2779 59 48 to
1740 2779 152 49 trust
1931 2780 225 64 estates,

143 2852 373 69 proceedings
563 2851 60 53 in
670 2851 301 69 partition,
1018 2856 301 63 contracts,
1365 2851 183 54 banks
1595 2853 114 52 and
1755 2852 276 70 banking,
2078 2855 77 68 by

142 2928 2011 72 Herbert L. Davis … [Kansas City, Mo., Vernon law book
142 3012 502 66 company, ᶜ192 8]
210 3091 1124 50 1 p. l., v-xxi, 796 p. fold. tables. 23½ᶜᵐ.
213 3164 178 39 “Table
418 3163 51 40 of
497 3173 136 30 cases
662 3161 185 41 cited”:
877 3172 43 38 p.
949 3161 218 42 785-796.

144 3231 2005 52 © Dec. 5, 1928; 2c. Jan. 8, 1929; aff. Jan. 9; A 2744; Herbert L. Davis,
212 3291 336 48 Washington.
616 3289 252 50 (29-1944)

139 3387 292 63 Dearden,
462 3386 242 55 Harold.

211 3463 168 69 Sixty
412 3482 164 50 years
610 3483 31 33 a
673 3468 270 64 mystery.

219 3548 82 46 (In
338 3544 202 43 London
579 3543 203 52 Sunday
820 3542 256 53 dispatch)

143 3614 2004 54 © 1c. Feb. 5, 1929; A ad int. 12296; pubd. Dec. 9, 1928; H. Dearden,
210 3676 213 40 London.

149 3786 103 67 [De
288 3785 85 53 La
409 3786 274 63 Pasture,
722 3785 221 53 Edmée
979 3784 311 54 Elizabeth
1326 3784 253 68 Monica]
1622 3790 173 50 1890-

212 3863 160 53 First
396 3863 143 67 love,
564 3864 76 68 by
667 3863 68 53 E.
759 3863 82 53 M.
867 3862 284 54 Delafield
1201 3864 215 67 [pseud.]
1497 3863 140 53 New
1663 3862 165 54 York
1855 3863 114 53 and

141 3863 1982 145 London,
303 3941 235 67 Harper
568 3943 45 50 &
642 3941 280 67 brothers,
957 3943 151 51 1929.

211 4021 651 50 4 p. l.. 340 p., 1 l. 20 ᶜᵐ .
