2533 4342
1351 3985 136 55 1710

407 357 207 64 Faulk,
645 357 34 53 J
964 354 35 53 J
1288 357 171 49 1851-

477 433 246 69 History
762 432 65 53 of
862 431 343 53 Henderson
1244 429 246 68 County,
1527 429 214 65 Texas;
1782 427 303 69 recording
2120 443 194 36 names
2351 425 65 53 of

409 512 158 67 early
606 511 277 68 pioneers,
922 509 152 52 their
1111 507 285 69 struggles
1438 506 111 52 and
1591 505 336 68 handicaps,
1966 504 294 53 condition
2301 504 113 52 and

408 607 358 50 appearance
802 585 65 54 of
906 586 97 53 the
1044 589 227 64 county,
1311 584 411 52 advancement
1762 583 112 52 and
1917 600 265 50 progress
2219 587 61 47 to
2320 582 96 52 the

408 659 1981 154 present, by J. J. Faulk. [Athens, Tex., Athens review printing co., ᶜ1 929]
479 821 1180 54 7 p. l., [9]-322 p. front., plates, ports. 23½ ᶜᵐ.
418 879 52 52 ©
502 883 101 40 Oct.
634 883 39 47 5,
704 882 141 45 1929;
875 881 68 39 2c.
974 880 103 40 Oct.
1108 880 81 46 11;
1223 878 82 41 aff.
1337 878 103 41 Oct.
1470 878 82 46 21;
1585 878 42 38 A
1686 876 115 41 15205;
1861 877 44 41 J.
1938 877 42 41 J.
2012 877 171 48 Faulk,
2214 877 187 39 Athens,
485 939 115 41 Tex.
670 936 280 51 (29-22923)

409 1031 292 64 Flament,
728 1029 231 66 Albert,
990 1029 171 57 1877-

542 1107 1662 68 … Maria, de Toulon. [Paris] E. Flammarion [1929]
481 1187 1132 51 288 p., 1 l. 19ᶜᵐ. (Les romans du désir)
417 1243 52 52 ©
500 1248 114 47 May
643 1248 40 47 2,
714 1246 142 47 1929;
889 1247 67 39 1c.
989 1247 115 46 May
1135 1246 82 47 22;
1252 1244 312 48 A—Foreign
1595 1245 142 46 3138;
1773 1245 177 39 Ernest
1982 1243 347 40 Flammarion.

493 1302 282 50 (29-22705)

412 1395 247 64 George,
689 1394 234 53 Marian
953 1395 521 54 M 1865-

480 1471 57 52 A
570 1471 149 52 little
755 1471 244 68 journey
1032 1475 59 48 to
1124 1471 225 52 Mexico
1385 1470 113 53 and
1536 1470 235 55 Central
1807 1470 284 67 America,
2128 1469 94 52 for

2257 1470 164 51 home
411 1550 114 52 and
573 1549 208 67 school,
829 1548 400 53 intermediate
1277 1548 113 53 and
1437 1566 185 50 upper
1670 1548 224 69 grades,
1939 1548 74 69 by
2062 1547 230 53 Marian
2340 1547 79 52 M.

412 1626 239 69 George.
722 1625 271 70 Chicago,
1024 1626 71 53 A.
1130 1626 302 68 Flanagan
1462 1644 300 50 company,
1797 1628 150 50 1929.

481 1708 1931 49 2 p. l. , 3-186 p. illus. 19½ᶜᵐ.(Lettered on cover: Library of travel)
482 1765 156 40 Music
656 1777 9 28 :
697 1776 43 37 p.
774 1765 268 50 [107]-[108]

419 1818 52 52 ©
509 1822 103 41 Oct.
646 1822 71 48 25,
752 1821 142 48 1929;
929 1822 72 40 2c.
1038 1821 103 42 Oct.
1176 1822 82 47 31;
1298 1821 81 40 aff.
1419 1822 102 40 Oct.
1556 1821 83 47 28;
1679 1822 42 39 A
1757 1821 170 47 15389;
1967 1823 55 39 A.
2060 1822 255 47 Flanagan
2351 1832 66 29 co.

488 1874 70 54 [©
586 1878 240 40 revisions
853 1878 51 39 in
931 1880 119 46 text,
1080 1879 60 47 by
1169 1878 126 41 Rose
1324 1879 63 39 M.
1418 1878 209 49 Gordon]
1697 1877 281 50 (29-22926)

412 1970 240 66 Gibson,
682 1971 356 56 Katharine.

483 2050 121 52 The
639 2049 315 69 goldsmith
990 2050 65 53 of
1090 2051 301 68 Florence;
1431 2069 31 34 a
1497 2052 148 52 book
1680 2050 64 53 of
1781 2056 161 64 great
1978 2049 329 69 craftsmen,
2345 2050 74 70 by

411 2127 325 53 Katharine
784 2127 247 69 Gibson;
1083 2128 357 52 decorations
1487 2128 77 70 by
1609 2128 252 53 Kalman
1908 2128 279 70 Kubinyi.
2280 2130 139 52 New

412 2203 181 69 York,
618 2206 122 52 The
765 2205 336 52 Macmillan
1129 2224 297 50 company,
1456 2209 149 51 1929.

552 2317 8 16 xv,
591 2286 71 49 [2],
689 2285 86 41 209
802 2297 43 37 p.
871 2286 109 40 incl.
1009 2286 165 47 front.,
1201 2286 129 41 illus.
1389 2286 55 41 31½ᶜᵐ.

485 2342 351 48 Bibliography
854 2353 8 28 :
894 2353 43 37 p.
967 2341 220 42 207-209.

764 2399 133 48 CONTENTS.—pt.
936 2397 41 41 1.
1015 2400 56 38 In
1109 2400 82 39 the
1227 2398 117 41 time
1382 2399 52 39 of
1470 2399 82 40 the
1589 2399 201 48 knights
1809 2411 8 28 :
1854 2400 234 39 Weavers
2124 2399 54 40 of
2215 2399 177 41 stories;

415 2455 277 48 tapestries.
768 2456 237 39 Brothers
1052 2455 52 40 of
1151 2456 82 39 the
1279 2454 121 49 quill;
1477 2455 310 40 illuminated
1836 2455 342 48 manuscripts.
415 2457 1988 95 Woodcarvers
639 2511 52 41 of
717 2512 114 47 long

855 2521 104 38 ago.
1021 2512 102 39 The
1152 2512 366 48 armorer.—pt.
1547 2510 42 41 2.
1619 2513 56 38 In
1704 2513 83 39 the
1814 2514 139 45 great
1981 2513 121 46 days
2130 2512 52 40 of
2210 2513 84 40 the
2323 2512 98 47 city

416 2568 52 39 of
505 2568 258 40 Florence:
806 2567 224 41 Ghiberti
1069 2568 95 39 and
1205 2568 82 39 the
1324 2567 200 48 goblins.
1588 2567 221 49 Capping
1844 2569 83 39 the
1964 2569 189 39 Duomo;
414 2569 1990 96 Brunelleschi.

640 2624 301 41 Donatello’s
975 2624 235 40 children.
1270 2624 102 40 The
1404 2625 156 39 secret
1593 2634 27 29 a
1654 2624 226 40 bambino
1912 2625 173 47 keeps;
2124 2626 140 38 Della
414 2625 1990 98 Robbia.
569 2682 101 39 The
704 2680 264 49 goldsmith

1004 2680 52 40 of
1089 2680 233 40 Florence;
1386 2679 323 50 Cellini.—pt.
1745 2680 42 41 3.
1822 2680 191 49 During
2047 2682 83 39 the
2162 2681 260 40 American

416 2737 272 41 revolution
706 2760 60 5 —
781 2737 97 40 and
923 2747 137 29 now:
1109 2735 225 41 Boston’s
1380 2736 309 47 handyman;
1737 2737 123 39 Paul
1906 2738 199 40 Revere.
2180 2739 41 39 A
414 2738 1990 97 woodcarver
616 2794 52 40 of
696 2794 148 47 today;

906 2793 38 41 I.
975 2792 339 47 Kirchmayer.
1375 2792 186 40 Master
1593 2793 151 40 smith;
1806 2794 165 39 Frank
2000 2794 336 47 Koralewsky.

420 2846 56 53 ©
505 2851 102 41 Oct.
635 2851 70 47 29,
737 2850 142 47 1929;
912 2850 67 40 2c.
1012 2850 95 39 and
1139 2848 82 41 aff.
1254 2848 103 41 Oct.
1388 2848 82 48 30;
1504 2850 42 38 A
1575 2849 172 48 14496;
1783 2849 283 41 Macmillan
2097 2860 68 31 co.
498 2906 280 50 (29-23063)

414 2999 276 64 Glaspell,
719 3000 213 63 Susan,
965 3004 171 50 1882-

485 3075 318 70 Fugitive’s
830 3080 216 63 return,
1073 3076 78 69 by
1180 3075 186 56 Susan
1395 3075 275 69 Glaspell.
1736 3078 139 52 New
1904 3077 181 60 York,
2113 3078 311 52 Frederick

413 3154 73 53 A.
520 3153 203 56 Stokes
753 3171 299 51 company,
1085 3156 152 51 1929.

485 3236 471 50 3 p. l. , 324 p. 19½ᶜᵐ.
422 3289 52 53 ©
505 3294 102 41 Oct.
634 3295 70 48 31,
734 3294 117 41 1929;
904 3295 69 41 2c.
1002 3295 118 40 Nov.
1149 3296 29 38 4;
1235 3294 82 41 aff.
1347 3295 118 41 Nov.
1496 3296 26 38 2;
1581 3296 42 38 A
1651 3296 144 40 15473;
1859 3296 160 42 Susan
2049 3297 215 48 Glaspell
489 3298 1912 101 Matson,
616 3351 171 48 Truro,

815 3351 147 41 Mass.
1028 3350 281 49 (29-22913)

417 3429 322 64 Goodman,
768 3431 285 64 Herman,
1085 3436 171 50 1894-

488 3506 175 70 Story
709 3507 64 52 of
820 3508 330 70 electricity,
1199 3511 113 51 and
1360 3529 31 33 a
1438 3511 352 69 chronology
1835 3509 64 54 of
1945 3511 314 69 electricity
2306 3513 112 52 and

415 3584 1980 130 electrotherapeutics, by Herman Goodman … with an introduction
675 3662 1744 73 by Victor Robinson … New York, Medical life press,
416 3743 149 50 1928.

486 3819 57 40 62
570 3830 42 37 p.
672 3819 130 41 illus.
829 3819 202 50 (ports.)
1098 3820 146 42 23½ᶜᵐ.

423 3871 52 52 ©
508 3875 101 41 Oct.
641 3877 69 47 15,
743 3877 114 39 1929;
918 3877 67 41 2c.
1018 3879 96 38 and
1145 3877 83 41 aff.
1262 3878 102 40 Oct.
1396 3878 55 39 22;
1513 3879 42 38 A
1585 3878 145 40 15304;
1793 3879 208 40 Medical
2033 3879 87 40 life
2152 3890 149 38 press.

498 3930 283 51 (29-22980)
