2542 4389
1061 4029 138 53 1898

114 462 1981 111 xiii, 426 p. front., illus. (maps) plates. 23 ᶜᵐ. (The history of nations,
279 522 1100 51 H. C. Lodge … editor-in-chief, vol. xx)
182 581 333 49 Frontispiece
541 581 343 49 accompanied
911 581 63 48 by
999 581 157 48 guard
1182 581 137 40 sheet
1344 579 122 41 with
1492 577 295 49 descriptive
1815 578 300 48 letterpress.

182 638 376 49 Bibliography:
593 649 43 38 p.
673 636 250 51 [409]-426.

117 692 52 52 ©
193 696 119 41 Nov.
338 696 41 49 6,
403 695 142 47 1928;
571 695 68 41 2c.
668 694 129 49 Sept.
823 693 71 51 30,
918 694 143 48 1929;
1090 694 83 42 aff.
1201 694 103 41 Oct.
1330 693 82 42 30:
1440 693 42 40 A
1508 693 172 47 13887;
1709 693 52 41 P.
1788 693 53 40 F.
1870 691 179 42 Collier
2076 692 37 40 &

185 762 87 30 son
297 763 70 29 co.
437 751 281 49 (29-21136)

108 817 202 63 Pease,
340 815 303 54 Theodore
673 815 226 66 Calvin,
932 817 171 55 1887-

181 892 117 56 George
441 892 217 69 Rogers
700 891 179 55 Clark
916 893 112 52 and
1067 893 96 53 the
1201 892 323 53 revolution
1562 891 62 53 in
1660 890 249 68 Illinois,
114 891 2006 146 1763-1787;

311 988 33 35 a
375 969 509 70 sesquicentennial
916 971 315 69 memorial,
1262 971 76 68 by
1370 970 295 53 Theodore
1701 968 208 55 Calvin
1941 970 178 51 Pease

111 1049 112 52 and
252 1048 355 69 Marguerite
634 1048 240 55 Jenison
903 1049 193 52 Pease.
1167 1047 395 70 [Springfield,
1589 1047 114 67 Ill.]
1737 1047 123 53 The
1888 1046 231 54 Illinois

111 1124 1096 71 state historical library [etc.] 1929.
183 1186 938 72 1 p. l. , 96 p. pl., ports., map. 24 ᶜᵐ.
118 1260 52 53 ©
193 1266 120 41 Nov.
337 1267 41 47 1,
401 1265 143 47 1929;
568 1266 67 40 2c.
660 1265 120 41 Nov.
806 1265 25 41 8;
886 1265 83 40 aff.
993 1265 119 41 Nov.
1139 1266 27 39 7;
1220 1264 42 40 A
1285 1264 172 43 14896;
1486 1265 190 40 Illinois
1704 1266 129 38 state
1858 1263 257 42 historical

185 1322 187 47 library
406 1323 96 39 and
535 1321 191 41 Illinois
761 1323 129 39 state
924 1321 256 41 historical
1215 1331 94 30 soc.
1380 1320 282 49 (29-27344)

111 1386 208 65 Peelle,
346 1389 141 52 Mrs.
515 1387 168 53 Luna
720 1386 288 66 (Carroll)

183 1464 121 53 The
354 1464 189 54 mixed
592 1463 265 70 bouquet,
909 1464 112 53 and
1073 1465 165 52 other
1289 1482 210 51 poems,
1547 1464 76 68 by
1674 1466 165 52 Luna
1891 1463 222 56 Carroll

111 1542 205 53 Peelle.
392 1543 277 68 Bucyrus,
701 1542 87 67 O.,
821 1543 55 54 J.
907 1543 89 53 W.
1029 1541 233 69 Hopley
1293 1560 98 49 co.,
1426 1546 172 50 1929.·

182 1622 559 50 4 p. l., 13-116 p. 22½ ᶜᵐ.
122 1676 52 52 ©
209 1681 118 41 Nov.
362 1681 70 47 22,
469 1679 142 48 1929;
647 1681 69 40 2c.
751 1681 98 39 and
884 1679 84 41 aff.
1003 1680 120 40 Nov.
1157 1679 84 48 23;
1279 1679 43 40 A
1357 1679 173 48 16028;
1568 1679 52 41 L.
1657 1678 50 42 C.
1745 1681 173 47 Peelle,
1957 1681 163 47 Upper

190 1736 271 49 Sandusky,
493 1736 52 42 O.
616 1735 283 50 (29-25956)

110 1800 192 64 Piper,
332 1801 227 65 Watty,
587 1803 86 54 ed.

184 1877 122 53 The
346 1876 245 55 brimful
632 1877 166 67 book,
842 1897 32 33 a
918 1877 299 54 collection
1263 1876 65 55 of
1370 1878 232 53 Mother
1644 1877 186 56 Goose
1876 1878 245 69 rhymes.

114 1954 238 54 Animal
384 1955 217 53 stories.
668 1955 235 55 ABC.
973 1955 216 54 Edited
1220 1956 78 69 by
1328 1956 206 69 Watty
1566 1955 197 69 Piper,
1795 1955 330 54 illustrated

116 2032 74 68 by
228 2031 246 69 Eulalie,
512 2031 62 55 C.
612 2032 80 53 M.
732 2033 182 68 Burd,
949 2033 92 54 W.
1080 2032 253 70 Gurney.
1407 2033 141 53 New
1585 2031 182 69 York,
1804 2032 122 54 The
1963 2033 164 53 Platt

116 2111 113 53 and
255 2110 187 54 Munk
468 2129 78 35 co.
574 2110 109 55 inc.
826 2114 86 65 [ᶜ1929]

205 2193 984 48 [74] p. incl. col. front., col. illus. 31 ᶜᵐ.
190 2248 141 42 “25th
361 2248 292 43 thousand.”

188 2304 273 50 Title-page
486 2305 283 42 illustrated;
825 2305 354 50 lining-papers
1205 2305 52 41 in
1286 2306 172 42 colors.

125 2359 52 52 ©
205 2362 120 50 Aug.
354 2363 69 48 21,
453 2363 114 40 1929;
625 2363 68 41 2c.
723 2364 97 40 and
849 2363 83 42 aff.
962 2364 120 40 Nov.
1112 2364 55 39 12;
1227 2364 42 39 A
1297 2364 146 40 15695;
1503 2365 134 40 Platt
1667 2365 38 40 &
1734 2365 152 39 Munk
1917 2375 82 36 co.,
2029 2364 92 40 inc.

196 2415 69 54 [©
293 2419 275 40 thumbnail
597 2419 334 41 illustrations
958 2431 61 29 on
1049 2422 106 38 text
1183 2421 174 49 plates]
1427 2420 282 49 (29-23883)

178 2484 1883 73 … The Psychological register, edited by Carl Murchison …
188 2562 1876 69 in cooperation with F. C. Bartlett … Stefan Blachowski …
187 2640 1913 149 Karl Bühler … [and others] Worcester, Mass., Clark university
431 2737 184 51 press;
647 2721 260 68 London,
936 2722 77 53 H.
1044 2719 267 69 Milford,
1342 2720 231 56 Oxford
1601 2721 321 69 university
1950 2739 176 50 press,

190 2800 151 51 1929.

192 2878 64 48 ix,
300 2877 87 43 580
425 2890 43 37 p.
529 2879 146 41 23½ᶜᵐ.
744 2878 127 49 (The
911 2879 356 41 international
1308 2879 275 48 university
1624 2879 150 41 series
1817 2879 51 39 in
120 2880 1990 102 psychology)

128 2988 54 52 ©
209 2992 118 48 Aug.
356 2991 69 48 29,
454 2991 113 41 1929;
622 2991 69 42 2c.
721 2991 129 49 Sept.
877 2992 56 40 19;
991 2991 83 42 aff.
1106 2991 129 49 Sept.
1264 2992 56 40 26:
1377 2992 43 40 A
1447 2991 144 43 16085;
1650 2992 151 42 Clark
1828 2991 132 41 univ.

206 3047 282 50 (29-24760)

121 3112 271 65 Roerich,
421 3113 214 53 Nikolaǐ
688 3113 561 65 Konstantinovich,
1282 3115 173 55 1874-

197 3190 1928 70 Heart of Asia, by Nicholas Roerich … New York, Roerich
126 3286 255 35 museum
414 3286 176 51 press,
627 3272 151 50 1930.

197 3350 1932 51 5 p. l., 3-170 p. 19½ᶜᵐ. (Half-title: New era library, ser. II—“Lights
127 3406 53 40 of
209 3406 163 49 Asia”,
403 3406 126 42 book
588 3407 15 49 I)

198 3462 160 42 Series
397 3463 109 41 title
542 3462 51 41 in
629 3465 113 47 part
778 3474 61 31 on
878 3465 100 47 t.-p.

197 3518 265 42 Published
493 3518 130 44 1929.

478 3575 131 49 CONTENTS.—pt.
635 3572 42 44 1.
702 3576 101 40 The
829 3576 144 41 heart
996 3576 53 41 of
1072 3574 267 50 Asia.—pt.
1368 3573 41 43 2.
1438 3575 313 42 Shambhala.

132 3625 52 53 ©
208 3631 120 41 Nov.
354 3631 38 47 8,
419 3631 117 40 1929;
588 3632 68 41 2c.
682 3632 97 40 and
805 3632 82 41 aff.
913 3633 120 40 Nov.
1058 3632 55 40 19;
1169 3632 41 39 A
1234 3631 145 41 15935:
1436 3631 208 41 Roerich
1670 3643 220 29 museum
1919 3641 151 40 press.

210 3685 282 51 (29-25941)

127 3751 264 64 Sackett,
423 3752 207 64 Henry
659 3753 367 64 Woodward,
1063 3759 172 49 1853-

199 3831 122 52 The
349 3831 111 53 law
491 3831 62 53 of
582 3831 163 63 libel;
781 3833 154 52 what
966 3851 168 50 every
1163 3851 336 49 newspaper
1528 3853 132 34 man
1691 3835 48 53 is
1770 3835 270 67 expected
2072 3838 60 48 to

130 3907 167 53 know
329 3909 169 53 about
528 3909 72 66 it;
631 3910 128 52 how
789 3916 58 48 to
876 3911 184 68 guard
1091 3910 224 68 against
1346 3910 135 54 libel
1509 3912 141 54 suits
1680 3913 113 53 and
1820 3913 130 52 how
1978 3919 59 47 to
2065 3913 68 53 be
