2512 4377
1310 4036 99 55 174

352 392 233 64 Smyth,
625 391 155 53 John
820 392 309 53 Paterson.

418 465 1870 73 A boys and girls life of Christ, by J. Paterson-Smyth …
351 546 138 55 New
517 546 180 68 York,
724 544 270 71 Chicago,
1023 545 267 70 Fleming
1315 545 78 53 H.
1422 545 200 52 Revell
1649 561 281 54 company
2004 546 151 65 [ᶜ1929]

419 629 1308 50 3 p. l., 5-285, [1] p. front., illus., plates. 21ᶜᵐ.
355 683 1912 52 © Jan. 26, 1929; 2c. and aff. Feb. 14; A 4405; Fleming H. Revell co.
434 741 250 50 (29-4475)

350 824 190 63 Snow,
573 821 232 64 Adolph
835 821 216 65 Judah,
1085 825 172 50 1894-

423 900 279 53 Effective
725 900 207 69 selling;
986 920 31 33 a
1041 919 194 34 course
1257 900 61 51 in
1341 900 311 67 principles
1677 900 113 53 and
1815 901 372 67 application,
2212 900 139 53 with

355 980 216 69 typical
599 979 379 68 explanatory
1005 996 167 50 cases,
1200 978 190 53 charts
1419 979 112 51 and
1561 977 303 70 problems,
1889 978 76 70 by
1992 977 72 54 A.
2092 978 57 54 J.
2181 977 171 65 Snow

412 1055 1264 71 … Chicago, A. W. Shaw company, 1929.
418 1137 949 50 xi, 380 p. illus., p;., diagrs. 21 ᶜᵐ .
355 1191 53 52 ©
435 1196 110 41 Jan.
571 1195 70 48 29,
669 1195 141 46 1929;
840 1195 68 40 2c.
936 1195 112 40 Feb.
1076 1195 26 39 5;
1160 1205 82 30 aff.
1270 1194 111 40 Feb.
1409 1195 53 41 4;
1495 1195 40 38 A
1562 1194 141 47 5148;
1734 1195 54 40 A.
1817 1195 72 40 W.
1921 1194 144 41 Shaw
2094 1205 67 30 co.

431 1251 252 49 (29-4082)

350 1333 348 63 Stevenson,
728 1332 230 52 Burton
991 1331 246 64 Egbert,
1269 1332 172 55 1872-

419 1413 121 52 The
586 1417 254 62 mystery
888 1410 63 53 of
999 1411 93 53 the
1141 1412 181 52 Boule
1367 1410 241 70 cabinet,
1655 1431 32 33 a
1735 1410 276 55 detective
2058 1418 174 63 story,
2279 1412 76 69 by

349 1488 2005 72 Burton E. Stevenson … New York, Dodd, Mead & company,
350 1571 148 50 1929.

420 1647 525 51 5 p. l., 362 p. 20ᶜᵐ.
354 1702 53 53 ©
438 1707 111 41 Jan.
578 1707 71 48 25,
679 1706 114 40 1929;
853 1706 68 42 2c.
952 1706 94 40 and
1079 1705 83 41 aff.
1192 1706 111 40 Jan.
1334 1706 54 40 31;
1451 1706 40 39 A
1523 1706 114 41 5297;
1699 1707 54 41 B.
1786 1708 52 38 E.
1873 1706 281 48 Stevenson,
422 1706 1911 106 Chillicothe,
606 1763 52 41 O.
725 1763 252 49 (29-4419)

349 1844 309 64 Stockard,
689 1845 228 51 Fenton
948 1844 278 64 Thomas,
1261 1848 171 51 1867-

422 1923 56 51 A
509 1923 231 52 treatise
771 1921 64 53 of
867 1922 96 52 the
996 1922 365 67 corporation
1396 1923 140 51 laws
1569 1921 63 53 of
1666 1922 96 53 the
1794 1927 145 49 state
1970 1922 65 54 of
2066 1922 290 68 Missouri,

353 2001 273 53 domestic
663 2001 113 52 and
817 2000 246 69 foreign,
1101 2000 300 70 including
1439 2000 475 70 manufacturing
1952 2001 114 52 and
2103 2002 253 52 business

353 2080 340 68 companies,
726 2079 131 52 loan
891 2079 113 52 and
1038 2079 344 52 investment
1414 2079 341 67 companies,
1787 2079 336 53 benevolent

353 2079 2004 147 associations and Securities act, by F. T. Stockard … St. Louis, Mo.,
353 2237 248 52 Thomas
633 2237 109 51 law
774 2235 147 53 book
953 2253 297 51 company,
1285 2238 150 50 1929.

420 2319 512 47 xxix, 672 p. 23½ ᶜᵐ .
426 2376 69 39 “A
530 2375 298 41 cumulative
863 2377 306 47 supplement
1203 2375 101 39 will
1341 2375 58 41 be
1432 2375 165 41 issued
1633 2375 132 40 after
1802 2376 83 40 the
1921 2375 348 47 adjournment
2304 2375 52 41 of

353 2434 118 39 each
492 2432 524 49 legislature.”—Pref.

357 2487 55 51 ©
442 2490 111 41 Feb.
585 2491 39 46 7,
656 2489 141 44 1929;
830 2490 68 40 2c.
932 2489 111 41 Feb.
1076 2489 53 47 9;
1164 2488 82 42 aff.
1279 2489 112 40 Feb.
1425 2489 47 38 11;
1542 2489 40 38 A
1615 2488 141 47 5205;
1793 2489 52 41 F.
1878 2489 52 40 T.
1967 2488 252 48 Stockard,
423 2489 1915 98 Jefferson
623 2546 123 48 City,
778 2547 93 39 Mo.
940 2545 253 49 (29-4194)

353 2627 165 63 Stoll,
555 2627 244 53 Dennis.

420 2706 74 52 In
542 2704 242 56 Christ’s
831 2704 234 67 heaven,
1112 2705 76 68 by
1235 2704 219 53 Dennis
1506 2703 165 55 Stoll.
1774 2703 259 69 London,
2084 2702 269 70 Simpkin

351 2784 300 68 Marshall,
683 2783 242 68 limited,
961 2785 151 51 1928.

423 2865 506 50 5 p. l., 19 p. 19 ᶜᵐ .
357 2919 1996 52 © 1c. Feb. 11, 1929; A ad int. 12314; pubd. Jan. 10; D. Stoll, London.
436 2979 251 49 (29-5709)

352 3046 200 63 Stone,
582 3047 289 51 Emerson
901 3046 159 63 Law,
1094 3050 171 50 1895-

421 3123 121 53 The
571 3122 293 53 new-born
895 3122 223 66 infant;
1152 3142 30 33 a
1211 3123 232 52 manual
1471 3122 65 53 of
1566 3122 328 54 obstetrical
1925 3121 328 70 pediatrics,
2282 3123 76 66 by

353 3199 1871 71 Emerson L. Stone … Philadelphia, Lea & Febiger, 1929.
420 3284 577 50 xii, [17]-183 p. 21 ᶜᵐ .
423 3342 129 39 “The
585 3341 228 40 material
846 3342 257 47 presented
1136 3341 42 39 is
1210 3341 82 40 the
1325 3341 278 48 outgrowth
1635 3340 51 41 of
1719 3351 28 30 a
1781 3342 138 39 short
1949 3341 203 40 elective
2185 3352 170 29 course

351 3398 53 41 of
425 3400 225 45 lectures,
675 3398 182 40 offered
882 3398 119 39 each
1025 3408 116 37 year
1166 3398 61 47 by
1251 3398 82 39 the
1359 3397 294 40 Obstetrical
1680 3398 308 47 department
2012 3401 48 37 to
2087 3399 81 39 the
2193 3398 162 41 senior

352 3456 127 39 class
505 3454 52 40 of
583 3455 81 39 the
691 3454 154 40 Johns
871 3453 222 48 Hopkins
1120 3453 205 41 medical
1352 3453 402 41 school.”—Pref.

358 3507 53 52 ©
442 3510 110 41 Feb.
581 3513 42 45 4,
653 3510 114 40 1929;
826 3511 68 40 2c.
925 3510 110 41 Feb.
1068 3510 26 41 8;
1153 3510 82 40 aff.
1267 3510 111 40 Feb.
1409 3511 26 39 7;
1495 3511 41 38 A
1564 3509 115 41 4303;
1741 3511 97 40 Lea
1871 3510 36 40 &
1939 3511 217 48 Febiger.

437 3566 252 49 (29-4304)

358 3634 237 67 [Street,
627 3632 152 54 Cecil
811 3632 154 54 John
998 3631 263 69 Charles]
1299 3637 170 50 1884-

423 3710 122 53 The
576 3710 173 53 house
781 3729 72 33 on
885 3711 238 52 Tollard
1157 3711 181 68 ridge,
1369 3710 77 68 by
1478 3710 154 54 John
1668 3711 201 52 Rhode
1909 3712 197 67 [pseud.]
2216 3712 139 53 New

360 3788 174 67 York,
563 3788 191 66 Dodd,
782 3788 171 53 Mead
982 3790 47 50 &
1057 3806 299 51 company,
1389 3790 148 50 1929.

422 3870 576 49 3 p. l., 308 p. 19½ ᶜᵐ .
359 3922 53 52 ©
440 3927 110 40 Feb.
580 3927 40 47 8,
648 3926 118 40 1929;
819 3927 68 40 2c.
915 3928 96 39 and
1039 3927 82 41 aff.
1151 3927 111 40 Feb.
1291 3927 82 46 14;
1403 3926 41 39 A
1471 3926 143 48 4418;
1645 3928 154 47 Dodd,
1830 3928 141 39 Mead
2001 3927 36 40 &
2066 3937 81 38 co.,
2178 3927 90 40 inc.

437 3983 253 48 (29-4214)
