2542 4389
1113 4010 134 56 1171

245 445 858 52 176 p. 24 pl. (incl. front.) 20½ᶜᵐ.
249 504 87 42 Six
359 506 173 40 letters
557 504 198 42 written
783 504 51 40 in
861 504 160 47 Egypt
1048 502 62 48 by
1137 500 216 42 Howard
1383 500 269 40 Buchanan
1679 500 50 39 to
1758 498 78 41 his
1864 499 206 40 mother.

183 558 52 53 ©
264 563 128 40 June
417 562 69 49 15,
516 562 141 48 1929;
685 562 68 41 2c.
782 562 128 40 June
934 561 84 47 22;
1049 560 83 41 aff.
1162 560 127 40 June
1315 559 56 39 21;
1429 558 43 39 A
1498 557 115 40 9853;
1671 557 217 39 Howard
1918 555 180 49 Joseph
2131 556 45 42 S.

249 619 285 49 Buchanan,
563 619 300 48 Monmouth,
894 619 76 40 Ill.
1039 615 282 51 (29-16499)

179 703 259 64 Bünger,
469 700 303 56 Heinrich.

250 781 479 54 Tierzuchtlehre.
804 781 339 65 Neudamm,
1176 776 310 69 Germany,
1518 776 57 54 J.
1608 775 319 68 Neumann,
1958 773 153 54 1927.

249 857 1265 53 1 v . (Neudammer landwirt-lehrbuch. 2. bd.)
182 913 1994 55 © Nov. 15, 1927; 1c. Apr. 23, 1928; A—Foreign 38626; J. Neumann.
178 1002 249 62 Burton,
457 1000 173 64 John,
663 1005 174 50 1894-

242 1078 123 53 The
405 1078 142 68 path
588 1076 65 54 of
692 1078 97 52 the
831 1077 174 69 wind,
1046 1077 76 70 by
1164 1077 158 55 John
1366 1079 243 51 Burton.
1690 1075 117 56 San
1852 1074 326 70 Francisco,

171 1157 123 53 The
318 1156 194 54 James
539 1156 76 52 H.
644 1156 191 68 Barry
861 1174 299 51 company,
1189 1159 153 50 1929.

245 1237 495 50 5 p. l., 3-78 p. 19½ᶜᵐ.
245 1295 186 41 Poems.

184 1348 52 54 ©
267 1354 117 47 July
413 1353 70 48 16,
514 1352 117 42 1929;
687 1352 68 42 2c.
787 1353 118 47 July
934 1353 84 47 24;
1052 1351 83 43 aff.
1168 1353 117 48 July
1314 1352 58 41 27;
1432 1352 43 40 A
1505 1351 170 48 10444;
1710 1352 44 40 J.
1787 1352 204 46 Burton,
2026 1350 151 41 Santa

247 1411 237 48 Barbara,
514 1410 144 42 Calif.
724 1408 282 50 (29-16518)

179 1493 241 64 Carroll,
454 1492 221 64 Gladys
704 1493 216 63 Hasty.

243 1569 305 69 Cockatoo,
585 1568 77 71 by
700 1568 222 71 Gladys
961 1569 194 69 Hasty
1193 1568 247 70 Carroll,
1478 1569 326 53 illustrated
1844 1568 78 69 by
1961 1567 217 55 Robert

173 1646 314 56 Crowther.
552 1647 140 54 New
723 1647 180 68 York,
932 1648 123 52 The
1085 1647 337 53 Macmillan
1454 1665 299 51 company,
1786 1648 153 52 1929.

244 1728 984 50 ix p., 1 l. , 223 p. front., plates. 20½ᶜᵐ.
180 1783 52 53 ©
263 1787 122 50 Aug.
412 1787 40 49 6,
482 1787 142 49 1929;
655 1787 70 43 2c.
754 1789 97 41 and
882 1784 84 45 aff.
996 1787 122 49 Aug.
1148 1789 53 46 7;
1235 1788 43 39 A
1307 1787 171 48 10649;
1513 1786 283 41 Macmillan
1826 1797 69 30 co.
255 1845 282 48 (29-16434)

178 1928 251 63 Cernay,
457 1926 204 55 Pierre
693 1926 90 57 de.

304 2003 1875 71 … Au Club des globules noirs. Le bonheur sans mélange,
171 2101 200 35 roman
400 2084 69 52 de
498 2101 222 35 mœurs.
786 2083 188 69 Paris,
1005 2081 265 56 Éditions
1299 2082 163 71 Argo
1500 2085 171 66 [1929]

242 2163 1593 53 4 p. l., [11]-191 p. 19 ᶜᵐ. ( Half-title : Œuvres complètes)
179 2220 1742 118 © Jan. 15, 1929; 1c. May 3; A— Foreign 3027; Éditions Argo. (29-16585)
182 2354 341 68 Cescinsky,
553 2355 279 66 Herbert,
867 2356 172 56 1875-

252 2434 248 71 English
539 2435 291 54 furniture
869 2435 154 53 from
1063 2435 210 55 Gothic
1313 2441 59 48 to
1414 2435 311 66 Sheraton;
1767 2454 32 34 a
1837 2432 219 55 concise
181 2451 1975 115 account
379 2513 64 54 of

469 2514 96 54 the
595 2514 398 68 development
1022 2514 64 54 of
1116 2514 248 69 English
1395 2513 291 53 furniture
1714 2514 113 52 and
1856 2509 326 57 woodwork

183 2590 154 55 from
365 2592 97 53 the
492 2590 210 56 Gothic
733 2592 65 53 of
826 2593 97 53 the
953 2591 265 55 fifteenth
1250 2597 239 65 century
1517 2595 60 50 to
1606 2592 96 53 the
1733 2590 196 54 classic
1961 2589 220 54 revival

181 2668 65 54 of
274 2670 97 53 the
400 2670 158 69 early
587 2670 348 69 nineteenth,
964 2671 142 52 with
1135 2671 96 54 the
1260 2670 304 53 minimum
1592 2670 67 54 of
1686 2668 344 70 descriptive
2060 2672 121 50 text

182 2746 1936 73 and the maximum of illustrations. By Herbert Cescinsky …
179 2824 166 55 With
374 2844 156 35 more
556 2827 143 53 than
729 2829 101 50 900
859 2827 399 54 illustrations.
1333 2826 202 56 Grand
1565 2826 241 70 Rapids,
1834 2825 196 71 Mich.,
2059 2825 122 55 The

179 2902 375 57 Dean-Hicks
581 2923 299 51 company,
908 2908 151 53 1929.

245 2982 846 51 6 p. l., 438 p. front., illus. 32 ᶜᵐ.
244 3039 351 50 Bibliography
612 3051 10 30 :
652 3052 44 38 p.
724 3041 219 43 434-438.

182 3094 52 53 ©
265 3099 128 40 June
418 3098 72 49 24,
521 3099 141 47 1929;
692 3099 68 42 2c.
789 3099 121 50 Aug.
939 3100 54 47 2;
1026 3099 82 42 aff.
1138 3100 122 49 Aug.
1291 3100 53 48 5;
1376 3100 42 40 A
1447 3099 172 48 10597;
1651 3098 313 42 Dean-Hicks
1994 3110 70 30 co.
257 3155 283 50 (29-16448)

180 3221 380 67 Chenevière,
591 3223 274 66 Jacques,
899 3230 172 50 1886-

305 3298 1737 74 … La jeune fille de neige. Paris, Calmann-Lévy, 1929.
245 3381 1649 52 3 p. l., 196, [2] p. 19½ᶜᵐ. ( On cover: Collection Le prisme)
181 3433 1766 112 © May 8, 1929; 1c. May 27; A— Foreign 3159; Calmann-Lévy. (29-16586)
182 3562 177 66 Cobb,
388 3562 162 55 Irvin
581 3564 414 67 Shrewsbury,
1026 3567 173 55 1876-

243 3639 124 55 Red
405 3640 187 55 likker
649 3641 94 71 [by]
787 3642 168 54 Irvin
996 3643 57 56 S.
1094 3642 176 56 Cobb.
1345 3643 140 54 New
1524 3643 182 69 York,
1745 3642 435 72 Cosmopolitan

172 3716 149 55 book
344 3719 383 69 corporation,
755 3724 151 50 1929.

281 3800 503 50 x p., 1 l. , 339 p. 19½ᶜᵐ.
185 3852 52 53 ©
269 3856 122 50 Aug.
423 3857 41 49 9,
496 3858 117 41 1929;
670 3860 70 41 2c.
772 3861 121 48 Aug.
926 3861 84 47 12;
1046 3859 83 41 aff.
1163 3859 120 49 Aug.
1318 3859 84 49 10;
1437 3860 43 40 A
1511 3860 171 50 11616;
1720 3863 40 41 I.
1797 3861 46 43 S.
1877 3860 143 49 Cobb,
2056 3861 125 43 East

251 3914 263 50 Hampton,
542 3915 51 41 L.
620 3917 53 48 I.,
702 3917 57 42 N.
786 3918 54 41 Y.
908 3916 280 50 (29-16557)
