2542 4361
1113 3947 101 54 657

150 302 306 52 Alabama.
534 302 179 54 Court
742 304 65 67 of
834 302 252 69 appeals.

146 375 1972 137 Report of eases argued and determined … during the October
289 462 190 60 terms,
530 455 325 68 1926-1927,
905 455 327 67 1927-1928,
1285 458 323 50 1928-1929.
1695 456 89 67 By
1832 454 181 54 Noble
2064 455 75 53 H.

150 533 164 67 Seay,
338 538 255 63 reporter
619 533 64 51 of
707 534 279 52 decisions.
1064 553 48 32 v.
1140 537 82 46 22.
1288 531 82 54 St.
1398 532 166 52 Paul,
1590 532 202 65 Minn.,
1817 531 158 55 West
148 525 1969 157 publishing
392 627 297 51 company,
721 613 151 49 1929.

216 690 473 50 xvi, 762 p. 26 ᶜᵐ .
148 756 54 54 ©
232 761 116 47 Apr.
377 762 71 42 19,
479 761 141 45 1929;
653 761 69 40 2c.
754 762 116 47 May
899 761 58 40 10;
1016 760 85 42 aff.
1131 762 115 46 May
1277 762 54 37 11;
1395 760 42 39 A
1467 759 115 42 8068;
1644 760 123 39 Bibb
1801 759 200 48 Graves,
217 767 1908 93 governor
388 817 52 39 of
467 816 251 49 Alabama,
749 817 80 39 for
858 828 85 29 use
973 816 52 40 of

1053 816 73 42 said
1190 819 143 44 state,
1365 818 347 47 Montgomery,
1743 817 107 39 Ala.

149 910 317 53 American
506 909 278 54 institute
824 911 63 52 of
925 909 228 65 mining
1190 911 114 52 and
1344 909 430 65 metallurgical
1813 910 332 65 engineers.

220 988 382 71 Geophysical
640 989 395 69 prospecting;
1076 1008 208 50 papers
1320 990 109 52 and
1469 989 342 55 discussions
1850 991 295 67 presented

152 1073 59 49 at
237 1068 276 68 meetings
542 1067 129 53 held
700 1074 57 46 at
786 1068 139 52 New
953 1067 180 69 York,
1162 1068 314 68 February.
1511 1071 147 55 1928,
1686 1069 109 52 and
1826 1074 56 47 at
1913 1069 234 65 Boston,

150 1146 247 68 August,
429 1148 158 54 1928;
626 1146 297 53 American
956 1146 260 54 institute
1243 1147 64 51 of
1334 1146 224 70 mining
1586 1148 108 51 and
1726 1146 421 70 metallurgical

151 1226 296 65 engineers
506 1222 456 72 (incorporated)
1022 1223 141 54 New
1213 1225 181 68 York,
1442 1224 71 54 N.
1565 1225 89 68 Y.,
1702 1226 121 51 The
1874 1225 273 54 Institute

225 1306 99 49 [ ᶜ1 929]
217 1384 86 40 676
331 1395 43 37 p.
435 1384 141 47 illus.,
611 1384 180 48 diagrs.
852 1384 146 40 23½ᶜᵐ.

217 1455 57 40 D.
308 1455 60 40 H.
403 1453 334 50 McLaughlin,
773 1454 267 48 chairman,
1078 1454 284 41 Committee
1399 1466 59 29 on
1494 1455 306 49 geophysical
1837 1456 221 42 methods
2096 1457 50 41 of

146 1511 321 50 prospecting.

218 1569 73 40 On
319 1578 142 31 cover
478 1579 9 29 :
520 1567 318 49 Geophysical
871 1567 322 50 prospecting,
1223 1569 127 40 1929.

152 1634 53 53 ©
231 1639 112 40 Feb.
367 1640 68 45 10,
461 1637 113 41 1929;
627 1639 68 40 2c.
721 1640 114 44 May
858 1640 53 40 2;
940 1638 83 40 aff.
1050 1640 120 40 Mar.
1198 1640 26 38 5;
1279 1641 39 37 A
1343 1640 114 40 7894;
1511 1641 144 39 Amer.

1698 1642 225 40 institute
1951 1643 51 38 of
219 1640 1909 106 mining
331 1695 98 38 and
459 1693 358 49 metallurgical
847 1693 268 49 engineers,
1148 1695 92 39 inc.
1309 1695 282 50 (29-10588)

152 1788 283 62 Baldwin,
466 1787 176 54 Maud
675 1787 241 55 Junkin.

281 1864 1804 72 … Jesus and His followers … by Maud Junkin Baldwin …
157 1943 422 70 Philadelphia,
630 1946 118 67 Pa.,
796 1946 121 52 The
966 1944 213 56 United
1233 1947 289 53 Lutheran
1581 1949 342 65 publication
1977 1952 169 52 house

154 2027 193 63 [ᶜ1929]

217 2103 1931 53 3 p. l., 5-175 p. 23½ᶜᵐ. (Religious education texts for vacation
147 2162 204 40 schools.
410 2160 153 41 Third
589 2162 136 40 hook.
786 2160 394 50 Primary-third
1209 2162 142 48 year)

155 2229 51 53 ©
237 2234 114 47 Apr.
386 2235 67 43 17,
486 2234 140 47 1929;
659 2235 67 39 2c.
760 2235 113 46 Apr.
906 2234 82 41 22;
1024 2233 82 41 aff.
1140 2234 113 48 Apr.
1287 2235 56 39 20;
1403 2236 41 38 A
1478 2236 115 40 6700;
1655 2239 162 39 Board
1852 2238 53 41 of
222 2236 1905 97 publication
353 2290 53 39 of
433 2290 82 39 the

546 2289 177 42 United
755 2290 249 40 Lutheran
1036 2289 181 40 church
1249 2291 47 39 in
1328 2292 237 48 America,
1598 2293 353 50 Philadelphia.

231 2346 279 48 (29-10664)

156 2440 1964 136 … Stories of early church heroes … by Maud Junkin Baldwin …
445 2518 426 69 Philadelphia,
906 2521 121 59 Pa.,
1060 2520 122 53 The
1219 2520 210 54 United
1469 2521 292 56 Lutheran
1795 2524 353 69 publication

155 2598 173 54 house
362 2632 14 32 [
403 2600 134 50 ᶜ1929]

220 2677 1929 53 189 p. illus. 23½ ᶜᵐ . (Religious education texts for vacation schools.
153 2736 141 41 Sixth
323 2736 136 41 book.
520 2734 341 43 Junior-third
890 2735 142 49 year)

223 2806 225 39 Includes
477 2804 165 42 music.

157 2858 51 53 ©
242 2864 112 46 Apr.
385 2864 69 45 23,
488 2862 116 41 1929;
663 2863 66 39 2c.
762 2863 113 47 Apr.
909 2863 56 39 26;
1027 2861 83 43 aff.
1142 2863 114 48 Apr.
1288 2864 55 38 25;
1407 2865 37 38 A
1480 2865 113 41 6795;
1658 2868 162 39 Board
1854 2870 52 38 of
225 2868 1904 94 publication
353 2919 55 39 of
433 2919 81 40 the

541 2918 177 42 United
746 2920 249 39 Lutheran
1023 2918 180 41 church
1232 2920 48 38 in
1309 2920 236 50 America,
1577 2922 353 50 Philadelphia.

234 2974 280 48 (29-10661)

156 3070 239 58 Bassoe,
438 3069 193 61 Peter,
672 3071 85 52 ed.

286 3142 1803 77 … Nervous and mental diseases, ed. by Peter Bassoe …
156 3221 1353 73 Chicago, The Year book publishers [ ᶜ1 929 ]
224 3303 1925 54 3 p. l., 5-378 p. illus., diagrs. 18½ ᶜᵐ . (The practical medicine series
205 3359 379 50 … series 1928)
160 3413 51 53 ©
242 3418 112 46 May
382 3417 38 40 8,
450 3416 113 39 1929;
620 3416 66 40 2c.
715 3416 97 40 and
838 3415 83 41 aff.
950 3417 113 47 May
1092 3418 52 38 11;
1205 3417 41 39 A
1273 3417 116 40 9049;
1446 3419 127 41 Year
1602 3421 121 40 book
1752 3424 288 47 publishers.

159 3525 209 62 Beard,
399 3523 245 55 Charles
672 3523 239 62 Austin,
950 3525 162 53 1874-

224 3603 243 68 History
496 3601 63 54 of
586 3603 96 52 the
709 3602 214 54 United
961 3601 217 68 States;
1214 3624 27 33 a
1276 3605 172 67 study
1478 3607 57 53 in
1566 3607 305 57 American
155 3609 1973 134 civilization,

338 3682 74 67 by
462 3679 236 56 Charles
745 3680 71 53 A.
865 3681 186 53 Beard
1103 3683 107 51 and
1262 3682 173 70 Mary
1483 3685 67 53 R.
1602 3687 204 55 Beard.
1883 3692 136 54 Rev.
2070 3695 83 52 ed.

156 3760 137 51 New
326 3758 179 58 York,
538 3757 119 54 The
690 3757 336 53 Macmillan
1058 3777 298 50 company,
1393 3764 148 52 1929.

230 3840 91 41 xiv,
355 3839 98 41 680.
487 3836 170 42 xxxvii
691 3849 42 38 p.
807 3836 163 49 front.,
1006 3838 129 41 illus.
1164 3838 135 49 (incl.
1332 3840 241 51 facsims.)
1617 3847 169 48 plates,
1823 3853 163 43 ports.,
2020 3864 139 32 maps

164 3892 785 54 (part double) diagrs. 20½ ᶜᵐ .
