<alto xmlns="http://www.loc.gov/standards/alto/ns-v3#" xmlns:xlink="http://www.w3.org/1999/xlink" xmlns:xsi="http://www.w3.org/2001/XMLSchema-instance" xsi:schemaLocation="http://www.loc.gov/standards/alto/ns-v3# http://www.loc.gov/alto/v3/alto-3-0.xsd"><Description>
<MeasurementUnit>pixel</MeasurementUnit>
<sourceImageInformation>
<fileName>1929_v26_part001.pdf</fileName>
</sourceImageInformation>
<OCRProcessing ID="IdOcr">
<ocrProcessingStep>
<processingDateTime>2019-04-18</processingDateTime>
<processingSoftware>
<softwareCreator>ABBYY</softwareCreator>
<softwareName>ABBYY Recognition Server</softwareName>
<softwareVersion>4.0</softwareVersion>
</processingSoftware>
</ocrProcessingStep>
</OCRProcessing>
</Description>
<Styles>
<ParagraphStyle ID="StyleId-FFFFFFFF-FFFF-FFFF-FFFF-FFFFFFFFFFFF-" ALIGN="Left" LEFT="0." RIGHT="0." FIRSTLINE="0."/>
<ParagraphStyle ID="StyleId-11A520CB-49B0-4D42-A675-089886D5B704-" ALIGN="Center" LEFT="0." RIGHT="0." FIRSTLINE="0." LINESPACE="7.699999809"/>
<ParagraphStyle ID="StyleId-2AEC4724-E584-48A1-8E6D-86B1AA154223-" ALIGN="Left" LEFT="0." RIGHT="0." FIRSTLINE="0." LINESPACE="12.19999981"/>
<ParagraphStyle ID="StyleId-5ADCDE1D-F34B-405C-A765-E9B51F6229BD-" ALIGN="Left" LEFT="0." RIGHT="0." FIRSTLINE="-13." LINESPACE="8.050000191"/>
<ParagraphStyle ID="StyleId-D0AEFB96-F81D-4367-8545-C0AC945FA34C-" ALIGN="Block" LEFT="0." RIGHT="0." FIRSTLINE="-13." LINESPACE="8.899999619"/>
<ParagraphStyle ID="StyleId-9A3BB592-4BA4-4F85-B157-B9A7F1FC9680-" ALIGN="Left" LEFT="0." RIGHT="0." FIRSTLINE="0."/>
<ParagraphStyle ID="StyleId-E9D6144A-CFDC-4919-911D-02B0461DB967-" ALIGN="Left" LEFT="0." RIGHT="0." FIRSTLINE="-13." LINESPACE="23.43000031"/>
<ParagraphStyle ID="StyleId-EEECFC68-AAC5-42B1-B3BF-987799B5B74A-" ALIGN="Block" LEFT="0." RIGHT="0." FIRSTLINE="0." LINESPACE="23.43000031"/>
<ParagraphStyle ID="StyleId-98D20B11-A9BB-4FAB-8DC8-DC8C43F3755E-" ALIGN="Left" LEFT="0." RIGHT="0." FIRSTLINE="0." LINESPACE="10.5"/>
<ParagraphStyle ID="StyleId-C279DBAD-2656-4352-93E6-C942618B09B1-" ALIGN="Block" LEFT="0." RIGHT="0." FIRSTLINE="-13." LINESPACE="8.770000458"/>
<ParagraphStyle ID="StyleId-A539B2D0-654F-45BA-9385-D7E681D9BD87-" ALIGN="Block" LEFT="0." RIGHT="0." FIRSTLINE="0." LINESPACE="8.18999958"/>
<ParagraphStyle ID="StyleId-CFE66565-54F2-45CF-9511-65151219B0BC-" ALIGN="Left" LEFT="0." RIGHT="0." FIRSTLINE="-12." LINESPACE="12.19999981"/>
<ParagraphStyle ID="StyleId-37B60A95-D7B9-4720-9D46-F2E763AAD699-" ALIGN="Block" LEFT="0." RIGHT="0." FIRSTLINE="0." LINESPACE="12.19999981"/>
<ParagraphStyle ID="StyleId-255154CA-71AA-47B9-A5EB-ED90642010CE-" ALIGN="Block" LEFT="0." RIGHT="0." FIRSTLINE="13." LINESPACE="7.900000095"/>
<ParagraphStyle ID="StyleId-4618FB06-20CA-4F95-9CA2-829603EE887D-" ALIGN="Block" LEFT="0." RIGHT="0." FIRSTLINE="0." LINESPACE="10."/>
<ParagraphStyle ID="StyleId-61F9B98E-BA82-4DCF-809A-0C5481162321-" ALIGN="Left" LEFT="0." RIGHT="0." FIRSTLINE="-13." LINESPACE="8.479999542"/>
<ParagraphStyle ID="StyleId-16A4FB0C-4CB7-44C8-846E-AF89DD76FC73-" ALIGN="Left" LEFT="0." RIGHT="0." FIRSTLINE="0." LINESPACE="11.10000038"/>
<ParagraphStyle ID="StyleId-8CC01B24-9D1D-45D5-B954-83ECA9EA3425-" ALIGN="Left" LEFT="0." RIGHT="0." FIRSTLINE="-13." LINESPACE="8.050000191"/>
<ParagraphStyle ID="StyleId-3DB8CD3F-AD17-4DD7-8361-787A6A426C72-" ALIGN="Block" LEFT="0." RIGHT="0." FIRSTLINE="13." LINESPACE="7.900000095"/>
</Styles>
<Layout>
<Page ID="Page62" PHYSICAL_IMG_NR="62" HEIGHT="4377" WIDTH="2582">
<TopMargin HEIGHT="360" WIDTH="2582" VPOS="0" HPOS="0">
</TopMargin>
<LeftMargin HEIGHT="3716" WIDTH="362" VPOS="360" HPOS="0">
</LeftMargin>
<RightMargin HEIGHT="3716" WIDTH="184" VPOS="360" HPOS="2398">
</RightMargin>
<BottomMargin HEIGHT="301" WIDTH="2582" VPOS="4076" HPOS="0">
</BottomMargin>
<PrintSpace HEIGHT="3716" WIDTH="2036" VPOS="360" HPOS="362">
<TextBlock ID="Page62_Block1" HEIGHT="70" WIDTH="86" VPOS="4006" HPOS="1340" LANG="en-US" STYLEREFS="StyleId-EBC05DCD-B2C6-49ED-BF88-178DF2C2FDFE-">
<TextLine HEIGHT="49" WIDTH="65" VPOS="4017" HPOS="1350">
<String CONTENT="62" HEIGHT="49" WIDTH="65" VPOS="4017" HPOS="1350"/>
</TextLine>
</TextBlock>
<TextBlock ID="Page62_Block2" HEIGHT="3652" WIDTH="2036" VPOS="360" HPOS="362" LANG="en-US" CS="1" STYLEREFS="StyleId-FF8EFFCE-30C5-47C5-8F8B-35BEC84D63B9-">
<TextLine HEIGHT="51" WIDTH="1928" VPOS="451" HPOS="459" STYLEREFS="StyleId-F1F2C0B3-1EB7-4B5A-BD3A-8365FAC687D4-" CS="1">
<String CONTENT="&#8220;Chronological" HEIGHT="48" WIDTH="396" VPOS="454" HPOS="459"/>
<SP HEIGHT="38" WIDTH="30" VPOS="455" HPOS="856"/>
<String CONTENT="list" HEIGHT="40" WIDTH="85" VPOS="454" HPOS="887"/>
<SP HEIGHT="38" WIDTH="29" VPOS="455" HPOS="973"/>
<String CONTENT="of" HEIGHT="40" WIDTH="52" VPOS="453" HPOS="1003"/>
<SP HEIGHT="40" WIDTH="29" VPOS="453" HPOS="1056"/>
<String CONTENT="the" HEIGHT="39" WIDTH="81" VPOS="454" HPOS="1086"/>
<SP HEIGHT="29" WIDTH="30" VPOS="464" HPOS="1168"/>
<String CONTENT="works" HEIGHT="41" WIDTH="160" VPOS="452" HPOS="1199"/>
<SP HEIGHT="30" WIDTH="32" VPOS="463" HPOS="1360"/>
<String CONTENT="of" HEIGHT="42" WIDTH="51" VPOS="451" HPOS="1393"/>
<SP HEIGHT="40" WIDTH="29" VPOS="451" HPOS="1445"/>
<String CONTENT="M." HEIGHT="41" WIDTH="63" VPOS="452" HPOS="1475"/>
<SP HEIGHT="40" WIDTH="29" VPOS="453" HPOS="1539"/>
<String CONTENT="P." HEIGHT="40" WIDTH="52" VPOS="453" HPOS="1569"/>
<SP HEIGHT="39" WIDTH="32" VPOS="454" HPOS="1622"/>
<String CS="1" CONTENT="Monssorgsky&#8221;:" HEIGHT="49" WIDTH="375" VPOS="451" HPOS="1655"/>
<SP HEIGHT="38" WIDTH="32" VPOS="463" HPOS="2060"/>
<String CONTENT="p." HEIGHT="38" WIDTH="44" VPOS="463" HPOS="2093"/>
<SP HEIGHT="40" WIDTH="29" VPOS="453" HPOS="2138"/>
<String CONTENT="393-408." HEIGHT="43" WIDTH="219" VPOS="452" HPOS="2168"/>
</TextLine>
<TextLine HEIGHT="51" WIDTH="1593" VPOS="521" HPOS="457" STYLEREFS="StyleId-F1F2C0B3-1EB7-4B5A-BD3A-8365FAC687D4-" CS="1">
<String CONTENT="&#8220;List" HEIGHT="40" WIDTH="134" VPOS="527" HPOS="457"/>
<SP HEIGHT="38" WIDTH="29" VPOS="529" HPOS="592"/>
<String CONTENT="of" HEIGHT="41" WIDTH="52" VPOS="526" HPOS="622"/>
<SP HEIGHT="40" WIDTH="28" VPOS="526" HPOS="675"/>
<String CONTENT="literature" HEIGHT="40" WIDTH="258" VPOS="526" HPOS="704"/>
<SP HEIGHT="29" WIDTH="30" VPOS="535" HPOS="963"/>
<String CONTENT="relating" HEIGHT="48" WIDTH="212" VPOS="524" HPOS="994"/>
<SP HEIGHT="46" WIDTH="28" VPOS="526" HPOS="1207"/>
<String CONTENT="to" HEIGHT="38" WIDTH="49" VPOS="526" HPOS="1236"/>
<SP HEIGHT="39" WIDTH="30" VPOS="524" HPOS="1286"/>
<String CS="1" CONTENT="Moussorgsky&#8221;:" HEIGHT="50" WIDTH="375" VPOS="521" HPOS="1317"/>
<SP HEIGHT="38" WIDTH="32" VPOS="534" HPOS="1722"/>
<String CONTENT="p." HEIGHT="38" WIDTH="43" VPOS="534" HPOS="1755"/>
<SP HEIGHT="40" WIDTH="30" VPOS="524" HPOS="1799"/>
<String CONTENT="409-412." HEIGHT="44" WIDTH="220" VPOS="521" HPOS="1830"/>
</TextLine>
<TextLine HEIGHT="52" WIDTH="1944" VPOS="594" HPOS="389" STYLEREFS="StyleId-F1F2C0B3-1EB7-4B5A-BD3A-8365FAC687D4-" CS="1">
<String CONTENT="&#169;" HEIGHT="52" WIDTH="52" VPOS="594" HPOS="389"/>
<SP HEIGHT="52" WIDTH="25" VPOS="594" HPOS="442"/>
<String CONTENT="Jan." HEIGHT="41" WIDTH="110" VPOS="598" HPOS="468"/>
<SP HEIGHT="41" WIDTH="23" VPOS="598" HPOS="579"/>
<String CONTENT="4," HEIGHT="47" WIDTH="40" VPOS="598" HPOS="603"/>
<SP HEIGHT="47" WIDTH="25" VPOS="598" HPOS="644"/>
<String CONTENT="1929;" HEIGHT="47" WIDTH="142" VPOS="597" HPOS="670"/>
<SP HEIGHT="47" WIDTH="27" VPOS="597" HPOS="813"/>
<String CONTENT="2c." HEIGHT="40" WIDTH="67" VPOS="597" HPOS="841"/>
<SP HEIGHT="41" WIDTH="24" VPOS="596" HPOS="909"/>
<String CONTENT="Jan." HEIGHT="40" WIDTH="111" VPOS="596" HPOS="934"/>
<SP HEIGHT="41" WIDTH="24" VPOS="595" HPOS="1046"/>
<String CONTENT="10;" HEIGHT="47" WIDTH="84" VPOS="595" HPOS="1071"/>
<SP HEIGHT="36" WIDTH="27" VPOS="606" HPOS="1156"/>
<String CS="1" CONTENT="aff."/>
<SP HEIGHT="39" WIDTH="26" VPOS="596" HPOS="1267"/>
<String CONTENT="Jan." HEIGHT="40" WIDTH="110" VPOS="596" HPOS="1294"/>
<SP HEIGHT="41" WIDTH="25" VPOS="595" HPOS="1405"/>
<String CONTENT="8;" HEIGHT="46" WIDTH="53" VPOS="595" HPOS="1431"/>
<SP HEIGHT="47" WIDTH="27" VPOS="594" HPOS="1485"/>
<!-- cceid 87C7A1AF-6CFA-1014-9C3C-CEA95E7AA542 --><String CONTENT="A" HEIGHT="40" WIDTH="42" VPOS="594" HPOS="1513"/>
<SP HEIGHT="40" WIDTH="23" VPOS="594" HPOS="1556"/>
<String CONTENT="2728;" HEIGHT="47" WIDTH="141" VPOS="594" HPOS="1580"/>
<SP HEIGHT="47" WIDTH="27" VPOS="594" HPOS="1722"/>
<String CONTENT="Alfred" HEIGHT="41" WIDTH="173" VPOS="594" HPOS="1750"/>
<SP HEIGHT="41" WIDTH="25" VPOS="594" HPOS="1924"/>
<String CONTENT="A." HEIGHT="41" WIDTH="55" VPOS="594" HPOS="1950"/>
<SP HEIGHT="40" WIDTH="26" VPOS="595" HPOS="2006"/>
<String CONTENT="Knopf," HEIGHT="48" WIDTH="180" VPOS="594" HPOS="2033"/>
<SP HEIGHT="48" WIDTH="26" VPOS="594" HPOS="2214"/>
<String CONTENT="inc." HEIGHT="40" WIDTH="92" VPOS="594" HPOS="2241"/>
</TextLine>
<TextLine HEIGHT="50" WIDTH="251" VPOS="653" HPOS="466" STYLEREFS="StyleId-F1F2C0B3-1EB7-4B5A-BD3A-8365FAC687D4-">
<String CONTENT="(29-1924)" HEIGHT="50" WIDTH="251" VPOS="653" HPOS="466"/>
</TextLine>
<TextLine HEIGHT="67" WIDTH="983" VPOS="746" HPOS="381" STYLEREFS="StyleId-37F1AF36-3729-44AE-8109-245E3E1B2EAF-" CS="1">
<String CONTENT="Roberts," HEIGHT="65" WIDTH="274" VPOS="748" HPOS="381"/>
<SP HEIGHT="66" WIDTH="31" VPOS="747" HPOS="656"/>
<String CONTENT="A" HEIGHT="54" WIDTH="55" VPOS="747" HPOS="688"/>
<SP/>
<String CONTENT="Augustus." HEIGHT="64" WIDTH="334" VPOS="746" HPOS="1030"/>
</TextLine>
<TextLine HEIGHT="70" WIDTH="1930" VPOS="822" HPOS="456" CS="1">
<String CONTENT="The" HEIGHT="52" WIDTH="120" VPOS="826" HPOS="456"/>
<SP HEIGHT="34" WIDTH="24" VPOS="844" HPOS="577"/>
<String CONTENT="new" HEIGHT="35" WIDTH="124" VPOS="843" HPOS="602"/>
<SP HEIGHT="56" WIDTH="29" VPOS="823" HPOS="727"/>
<String CONTENT="Spanish" HEIGHT="69" WIDTH="250" VPOS="823" HPOS="757"/>
<SP HEIGHT="52" WIDTH="28" VPOS="824" HPOS="1008"/>
<String CS="1" CONTENT="method;" HEIGHT="53" WIDTH="233" VPOS="824" HPOS="1037"/>
<SP HEIGHT="49" WIDTH="30" VPOS="842" HPOS="1300"/>
<String CONTENT="a" HEIGHT="34" WIDTH="31" VPOS="842" HPOS="1331"/>
<SP HEIGHT="49" WIDTH="29" VPOS="842" HPOS="1363"/>
<String CONTENT="practical" HEIGHT="68" WIDTH="277" VPOS="823" HPOS="1393"/>
<SP HEIGHT="51" WIDTH="29" VPOS="824" HPOS="1671"/>
<String CONTENT="and" HEIGHT="53" WIDTH="114" VPOS="823" HPOS="1701"/>
<SP HEIGHT="53" WIDTH="28" VPOS="823" HPOS="1816"/>
<String CONTENT="technical" HEIGHT="53" WIDTH="281" VPOS="822" HPOS="1845"/>
<SP HEIGHT="52" WIDTH="27" VPOS="823" HPOS="2127"/>
<String CONTENT="treatise" HEIGHT="54" WIDTH="231" VPOS="822" HPOS="2155"/>
</TextLine>
<TextLine HEIGHT="72" WIDTH="1996" VPOS="900" HPOS="387">
<String CONTENT="for" HEIGHT="52" WIDTH="94" VPOS="903" HPOS="387"/>
<SP HEIGHT="51" WIDTH="31" VPOS="904" HPOS="482"/>
<String CONTENT="learning" HEIGHT="70" WIDTH="264" VPOS="902" HPOS="514"/>
<SP HEIGHT="65" WIDTH="30" VPOS="907" HPOS="779"/>
<String CONTENT="to" HEIGHT="47" WIDTH="58" VPOS="907" HPOS="810"/>
<SP HEIGHT="33" WIDTH="34" VPOS="921" HPOS="869"/>
<String CONTENT="read," HEIGHT="68" WIDTH="154" VPOS="902" HPOS="904"/>
<SP HEIGHT="51" WIDTH="33" VPOS="919" HPOS="1059"/>
<String CONTENT="write" HEIGHT="53" WIDTH="163" VPOS="902" HPOS="1093"/>
<SP HEIGHT="35" WIDTH="34" VPOS="920" HPOS="1257"/>
<String CONTENT="and" HEIGHT="52" WIDTH="113" VPOS="902" HPOS="1292"/>
<SP HEIGHT="53" WIDTH="34" VPOS="902" HPOS="1406"/>
<String CONTENT="speak" HEIGHT="69" WIDTH="175" VPOS="901" HPOS="1441"/>
<SP HEIGHT="52" WIDTH="31" VPOS="901" HPOS="1617"/>
<String CONTENT="the" HEIGHT="53" WIDTH="97" VPOS="901" HPOS="1649"/>
<SP HEIGHT="55" WIDTH="36" VPOS="900" HPOS="1747"/>
<String CONTENT="Spanish" HEIGHT="70" WIDTH="251" VPOS="900" HPOS="1784"/>
<SP HEIGHT="52" WIDTH="33" VPOS="901" HPOS="2036"/>
<String CONTENT="language;" HEIGHT="70" WIDTH="313" VPOS="901" HPOS="2070"/>
</TextLine>
<TextLine HEIGHT="69" WIDTH="2000" VPOS="979" HPOS="386">
<String CONTENT="intended" HEIGHT="52" WIDTH="271" VPOS="982" HPOS="386"/>
<SP HEIGHT="53" WIDTH="25" VPOS="980" HPOS="658"/>
<String CONTENT="for" HEIGHT="53" WIDTH="94" VPOS="980" HPOS="684"/>
<SP HEIGHT="49" WIDTH="22" VPOS="999" HPOS="779"/>
<String CONTENT="persons" HEIGHT="49" WIDTH="233" VPOS="999" HPOS="802"/>
<SP HEIGHT="33" WIDTH="24" VPOS="1000" HPOS="1036"/>
<String CONTENT="who" HEIGHT="52" WIDTH="127" VPOS="981" HPOS="1061"/>
<SP HEIGHT="35" WIDTH="23" VPOS="998" HPOS="1189"/>
<String CONTENT="are" HEIGHT="34" WIDTH="95" VPOS="999" HPOS="1213"/>
<SP HEIGHT="47" WIDTH="23" VPOS="986" HPOS="1309"/>
<String CONTENT="their" HEIGHT="53" WIDTH="151" VPOS="980" HPOS="1333"/>
<SP HEIGHT="33" WIDTH="24" VPOS="999" HPOS="1485"/>
<String CONTENT="own" HEIGHT="34" WIDTH="127" VPOS="999" HPOS="1510"/>
<SP HEIGHT="52" WIDTH="23" VPOS="980" HPOS="1638"/>
<String CONTENT="instructors" HEIGHT="53" WIDTH="339" VPOS="980" HPOS="1662"/>
<SP HEIGHT="35" WIDTH="25" VPOS="998" HPOS="2002"/>
<String CONTENT="and" HEIGHT="53" WIDTH="113" VPOS="980" HPOS="2028"/>
<SP HEIGHT="54" WIDTH="25" VPOS="979" HPOS="2142"/>
<String CONTENT="for" HEIGHT="54" WIDTH="95" VPOS="979" HPOS="2168"/>
<SP HEIGHT="34" WIDTH="24" VPOS="998" HPOS="2264"/>
<String CONTENT="use" HEIGHT="35" WIDTH="97" VPOS="998" HPOS="2289"/>
</TextLine>
<TextLine HEIGHT="69" WIDTH="1998" VPOS="1058" HPOS="386" CS="1">
<String CONTENT="in" HEIGHT="52" WIDTH="61" VPOS="1060" HPOS="386"/>
<SP HEIGHT="34" WIDTH="33" VPOS="1078" HPOS="448"/>
<String CONTENT="schools," HEIGHT="67" WIDTH="236" VPOS="1059" HPOS="482"/>
<SP HEIGHT="67" WIDTH="32" VPOS="1059" HPOS="719"/>
<String CONTENT="by" HEIGHT="68" WIDTH="76" VPOS="1059" HPOS="752"/>
<SP HEIGHT="69" WIDTH="31" VPOS="1058" HPOS="829"/>
<String CONTENT="A." HEIGHT="52" WIDTH="71" VPOS="1058" HPOS="861"/>
<SP HEIGHT="52" WIDTH="35" VPOS="1058" HPOS="933"/>
<String CONTENT="Augustus" HEIGHT="69" WIDTH="298" VPOS="1058" HPOS="969"/>
<SP HEIGHT="52" WIDTH="34" VPOS="1059" HPOS="1268"/>
<String CONTENT="Roberts" HEIGHT="52" WIDTH="244" VPOS="1059" HPOS="1303"/>
<SP HEIGHT="33" WIDTH="38" VPOS="1078" HPOS="1548"/>
<String CS="1" CONTENT="&#8230;"/>
<SP HEIGHT="50" WIDTH="77" VPOS="1060" HPOS="1644"/>
<String CONTENT="2d" HEIGHT="53" WIDTH="74" VPOS="1058" HPOS="1722"/>
<SP HEIGHT="53" WIDTH="35" VPOS="1058" HPOS="1797"/>
<String CONTENT="ed.," HEIGHT="67" WIDTH="104" VPOS="1058" HPOS="1833"/>
<SP HEIGHT="48" WIDTH="34" VPOS="1077" HPOS="1938"/>
<String CONTENT="rev." HEIGHT="34" WIDTH="114" VPOS="1077" HPOS="1973"/>
<SP HEIGHT="34" WIDTH="37" VPOS="1077" HPOS="2088"/>
<String CONTENT="and" HEIGHT="52" WIDTH="113" VPOS="1059" HPOS="2126"/>
<SP HEIGHT="53" WIDTH="36" VPOS="1059" HPOS="2240"/>
<String CONTENT="enl." HEIGHT="54" WIDTH="107" VPOS="1058" HPOS="2277"/>
</TextLine>
<TextLine HEIGHT="68" WIDTH="1390" VPOS="1136" HPOS="386" CS="1">
<String CONTENT="New" HEIGHT="53" WIDTH="139" VPOS="1137" HPOS="386"/>
<SP HEIGHT="52" WIDTH="24" VPOS="1137" HPOS="526"/>
<String CONTENT="York," HEIGHT="67" WIDTH="180" VPOS="1136" HPOS="551"/>
<SP HEIGHT="66" WIDTH="24" VPOS="1137" HPOS="732"/>
<String CONTENT="The" HEIGHT="52" WIDTH="122" VPOS="1137" HPOS="757"/>
<SP HEIGHT="53" WIDTH="23" VPOS="1136" HPOS="880"/>
<String CONTENT="Knickerbocker" HEIGHT="53" WIDTH="465" VPOS="1136" HPOS="904"/>
<SP HEIGHT="49" WIDTH="23" VPOS="1155" HPOS="1370"/>
<String CONTENT="press" HEIGHT="49" WIDTH="157" VPOS="1155" HPOS="1394"/>
<SP/>
<String CS="1" CONTENT="[&#7580;1928]" HEIGHT="65" WIDTH="85" VPOS="1138" HPOS="1691"/>
</TextLine>
<TextLine HEIGHT="49" WIDTH="277" VPOS="1217" HPOS="453" STYLEREFS="StyleId-EC5633ED-3E0C-414F-AC3C-99B70CBFF67D-" CS="1">
<String CONTENT="268" HEIGHT="41" WIDTH="87" VPOS="1219" HPOS="453"/>
<SP HEIGHT="47" WIDTH="28" VPOS="1219" HPOS="541"/>
<String CONTENT="p." HEIGHT="37" WIDTH="44" VPOS="1229" HPOS="570"/>
<SP HEIGHT="41" WIDTH="58" VPOS="1218" HPOS="615"/>
<String CS="1" CONTENT="19&#189;&#7580;&#7504;." HEIGHT="41" WIDTH="56" VPOS="1217" HPOS="674"/>
</TextLine>
<TextLine HEIGHT="108" WIDTH="1981" VPOS="1288" HPOS="387" STYLEREFS="StyleId-F1F2C0B3-1EB7-4B5A-BD3A-8365FAC687D4-" CS="1">
<String CONTENT="&#169;" HEIGHT="52" WIDTH="51" VPOS="1288" HPOS="387"/>
<SP HEIGHT="52" WIDTH="27" VPOS="1288" HPOS="439"/>
<String CONTENT="Dec." HEIGHT="40" WIDTH="112" VPOS="1292" HPOS="467"/>
<SP HEIGHT="41" WIDTH="28" VPOS="1291" HPOS="580"/>
<String CONTENT="17," HEIGHT="48" WIDTH="69" VPOS="1291" HPOS="609"/>
<SP HEIGHT="48" WIDTH="26" VPOS="1291" HPOS="679"/>
<String CS="1" CONTENT="1928;" HEIGHT="39" WIDTH="115" VPOS="1291" HPOS="706"/>
<SP HEIGHT="41" WIDTH="28" VPOS="1291" HPOS="848"/>
<String CONTENT="2c." HEIGHT="39" WIDTH="68" VPOS="1291" HPOS="877"/>
<SP HEIGHT="29" WIDTH="28" VPOS="1301" HPOS="946"/>
<String CONTENT="and" HEIGHT="39" WIDTH="96" VPOS="1292" HPOS="975"/>
<SP HEIGHT="39" WIDTH="27" VPOS="1292" HPOS="1072"/>
<String LANG="de" CONTENT="aff" HEIGHT="41" WIDTH="70" VPOS="1289" HPOS="1100"/>
<String CONTENT="." HEIGHT="8" WIDTH="7" VPOS="1323" HPOS="1175"/>
<SP HEIGHT="41" WIDTH="28" VPOS="1290" HPOS="1183"/>
<String CONTENT="Jan." HEIGHT="40" WIDTH="110" VPOS="1290" HPOS="1212"/>
<SP HEIGHT="40" WIDTH="28" VPOS="1290" HPOS="1323"/>
<String CONTENT="11," HEIGHT="48" WIDTH="69" VPOS="1289" HPOS="1352"/>
<SP HEIGHT="47" WIDTH="27" VPOS="1290" HPOS="1422"/>
<String CS="1" CONTENT="1929;" HEIGHT="41" WIDTH="115" VPOS="1289" HPOS="1450"/>
<SP HEIGHT="48" WIDTH="28" VPOS="1289" HPOS="1594"/>
<!-- cceid 87C891DB-6CFA-1014-9C3C-CEA95E7AA542 --><String CONTENT="A" HEIGHT="40" WIDTH="42" VPOS="1289" HPOS="1623"/>
<SP HEIGHT="41" WIDTH="25" VPOS="1289" HPOS="1666"/>
<String CS="1" CONTENT="3656;" HEIGHT="41" WIDTH="119" VPOS="1289" HPOS="1692"/>
<SP HEIGHT="46" WIDTH="30" VPOS="1290" HPOS="1836"/>
<String CONTENT="A." HEIGHT="41" WIDTH="55" VPOS="1290" HPOS="1867"/>
<SP HEIGHT="41" WIDTH="27" VPOS="1290" HPOS="1923"/>
<String CONTENT="A." HEIGHT="40" WIDTH="55" VPOS="1290" HPOS="1951"/>
<SP HEIGHT="39" WIDTH="29" VPOS="1291" HPOS="2007"/>
<String CONTENT="Roberts," HEIGHT="47" WIDTH="221" VPOS="1291" HPOS="2037"/>
<SP HEIGHT="47" WIDTH="29" VPOS="1291" HPOS="2259"/>
<String CONTENT="Havana," HEIGHT="102" WIDTH="1916" VPOS="1291" HPOS="452"/>
<SP HEIGHT="45" WIDTH="30" VPOS="1348" HPOS="594"/>
<String CONTENT="Cuba." HEIGHT="41" WIDTH="148" VPOS="1348" HPOS="625"/>
<SP HEIGHT="48" WIDTH="67" VPOS="1348" HPOS="774"/>
<String CONTENT="(29-1867)" HEIGHT="49" WIDTH="252" VPOS="1347" HPOS="842"/>
</TextLine>
<TextLine HEIGHT="64" WIDTH="798" VPOS="1443" HPOS="380" STYLEREFS="StyleId-37F1AF36-3729-44AE-8109-245E3E1B2EAF-">
<String CONTENT="Rollins," HEIGHT="62" WIDTH="243" VPOS="1444" HPOS="380"/>
<SP HEIGHT="62" WIDTH="34" VPOS="1444" HPOS="624"/>
<String CONTENT="Carl" HEIGHT="54" WIDTH="134" VPOS="1444" HPOS="659"/>
<SP HEIGHT="51" WIDTH="31" VPOS="1444" HPOS="794"/>
<String CONTENT="Purington." HEIGHT="64" WIDTH="352" VPOS="1443" HPOS="826"/>
</TextLine>
<TextLine HEIGHT="148" WIDTH="2005" VPOS="1520" HPOS="380" CS="1">
<String CONTENT="[Bibliographical" HEIGHT="70" WIDTH="517" VPOS="1521" HPOS="458"/>
<SP HEIGHT="52" WIDTH="39" VPOS="1521" HPOS="976"/>
<String CONTENT="note" HEIGHT="48" WIDTH="131" VPOS="1526" HPOS="1016"/>
<SP HEIGHT="52" WIDTH="38" VPOS="1521" HPOS="1148"/>
<String CONTENT="by" HEIGHT="69" WIDTH="76" VPOS="1521" HPOS="1187"/>
<SP HEIGHT="70" WIDTH="42" VPOS="1520" HPOS="1264"/>
<String CONTENT="Carl" HEIGHT="54" WIDTH="137" VPOS="1520" HPOS="1307"/>
<SP HEIGHT="52" WIDTH="40" VPOS="1521" HPOS="1445"/>
<String CONTENT="P." HEIGHT="51" WIDTH="66" VPOS="1522" HPOS="1486"/>
<SP HEIGHT="52" WIDTH="41" VPOS="1521" HPOS="1553"/>
<String CONTENT="Rollins" HEIGHT="52" WIDTH="226" VPOS="1521" HPOS="1595"/>
<SP HEIGHT="51" WIDTH="41" VPOS="1521" HPOS="1822"/>
<String CONTENT="in" HEIGHT="51" WIDTH="60" VPOS="1521" HPOS="1864"/>
<SP HEIGHT="46" WIDTH="40" VPOS="1526" HPOS="1925"/>
<String CONTENT="the" HEIGHT="52" WIDTH="98" VPOS="1521" HPOS="1966"/>
<SP HEIGHT="52" WIDTH="36" VPOS="1521" HPOS="2065"/>
<String CONTENT="book" HEIGHT="53" WIDTH="149" VPOS="1520" HPOS="2102"/>
<SP HEIGHT="54" WIDTH="42" VPOS="1520" HPOS="2252"/>
<String CONTENT="entitled]" HEIGHT="128" WIDTH="1982" VPOS="1540" HPOS="380"/>
<SP HEIGHT="69" WIDTH="46" VPOS="1599" HPOS="567"/>
<String CONTENT="On" HEIGHT="56" WIDTH="93" VPOS="1599" HPOS="614"/>
<SP HEIGHT="48" WIDTH="37" VPOS="1605" HPOS="708"/>
<String CONTENT="the" HEIGHT="53" WIDTH="96" VPOS="1600" HPOS="746"/>
<SP HEIGHT="53" WIDTH="39" VPOS="1600" HPOS="843"/>
<String CS="1" CONTENT="duty" HEIGHT="53" WIDTH="104" VPOS="1600" HPOS="883"/>
<SP HEIGHT="35" WIDTH="38" VPOS="1618" HPOS="1029"/>
<String CONTENT="of" HEIGHT="54" WIDTH="65" VPOS="1599" HPOS="1068"/>
<SP HEIGHT="54" WIDTH="36" VPOS="1599" HPOS="1134"/>
<String CONTENT="civil" HEIGHT="54" WIDTH="136" VPOS="1599" HPOS="1171"/>
<SP HEIGHT="52" WIDTH="40" VPOS="1600" HPOS="1308"/>
<String CONTENT="disobedience" HEIGHT="54" WIDTH="391" VPOS="1599" HPOS="1349"/>
<SP/>
<String CS="1" CONTENT="[by]" HEIGHT="33" WIDTH="11" VPOS="1633" HPOS="1887"/>
<SP HEIGHT="67" WIDTH="45" VPOS="1599" HPOS="1899"/>
<String CONTENT="Henry" HEIGHT="69" WIDTH="204" VPOS="1599" HPOS="1945"/>
<SP HEIGHT="68" WIDTH="40" VPOS="1600" HPOS="2150"/>
<String CONTENT="David" HEIGHT="53" WIDTH="194" VPOS="1599" HPOS="2191"/>
</TextLine>
<TextLine HEIGHT="69" WIDTH="1999" VPOS="1677" HPOS="381" CS="1">
<String CONTENT="Thoreau." HEIGHT="53" WIDTH="281" VPOS="1680" HPOS="381"/>
<SP HEIGHT="53" WIDTH="59" VPOS="1679" HPOS="663"/>
<String CONTENT="New" HEIGHT="53" WIDTH="140" VPOS="1679" HPOS="723"/>
<SP HEIGHT="53" WIDTH="23" VPOS="1678" HPOS="864"/>
<String CONTENT="Haven," HEIGHT="66" WIDTH="226" VPOS="1678" HPOS="888"/>
<SP HEIGHT="66" WIDTH="27" VPOS="1678" HPOS="1115"/>
<String CONTENT="Conn.," HEIGHT="67" WIDTH="198" VPOS="1678" HPOS="1143"/>
<SP HEIGHT="68" WIDTH="27" VPOS="1677" HPOS="1342"/>
<String CONTENT="Carl" HEIGHT="55" WIDTH="137" VPOS="1677" HPOS="1370"/>
<SP HEIGHT="51" WIDTH="24" VPOS="1679" HPOS="1508"/>
<String CONTENT="&amp;" HEIGHT="50" WIDTH="45" VPOS="1680" HPOS="1533"/>
<SP HEIGHT="52" WIDTH="24" VPOS="1678" HPOS="1579"/>
<String CONTENT="Margaret" HEIGHT="68" WIDTH="298" VPOS="1678" HPOS="1604"/>
<SP HEIGHT="52" WIDTH="25" VPOS="1678" HPOS="1903"/>
<String CONTENT="Rollins" HEIGHT="53" WIDTH="225" VPOS="1678" HPOS="1929"/>
<SP/>
<String CS="1" CONTENT="[&#7580;1928]" HEIGHT="64" WIDTH="83" VPOS="1681" HPOS="2297"/>
</TextLine>
<TextLine HEIGHT="70" WIDTH="689" VPOS="1742" HPOS="452" CS="1">
<String LANG="en-US" CONTENT="1" HEIGHT="38" WIDTH="23" VPOS="1763" HPOS="452"/>
<SP HEIGHT="48" WIDTH="31" VPOS="1763" HPOS="476"/>
<String LANG="en-US" CONTENT="p." HEIGHT="37" WIDTH="42" VPOS="1774" HPOS="508"/>
<SP HEIGHT="39" WIDTH="27" VPOS="1764" HPOS="551"/>
<String LANG="en-US" CS="1" CONTENT="l.," HEIGHT="7" WIDTH="7" VPOS="1795" HPOS="603"/>
<SP HEIGHT="61" WIDTH="23" VPOS="1742" HPOS="631"/>
<String LANG="en-US" CONTENT="37," HEIGHT="47" WIDTH="70" VPOS="1763" HPOS="655"/>
<SP HEIGHT="30" WIDTH="34" VPOS="1782" HPOS="726"/>
<String LANG="en-US" CONTENT="[1]" HEIGHT="49" WIDTH="54" VPOS="1763" HPOS="761"/>
<SP HEIGHT="38" WIDTH="31" VPOS="1773" HPOS="816"/>
<String LANG="fr" CS="1" CONTENT="p.,"/>
<SP/>
<String LANG="fr" CS="1" CONTENT="1"/>
<SP/>
<String LANG="fr" CS="1" CONTENT="l."/>
<SP HEIGHT="41" WIDTH="59" VPOS="1761" HPOS="1024"/>
<String LANG="en-US" CS="1" CONTENT="22&#189;" HEIGHT="39" WIDTH="57" VPOS="1761" HPOS="1084"/>
<String STYLE="superscript" LANG="en-US" CS="1" CONTENT="&#7580;&#7504;."/>
</TextLine>
<TextLine HEIGHT="52" WIDTH="2000" VPOS="1829" HPOS="384" STYLEREFS="StyleId-91345B38-F20E-4FD7-BF52-8C62BB64232A-" CS="1">
<String CONTENT="&#169;" HEIGHT="52" WIDTH="52" VPOS="1829" HPOS="384"/>
<SP HEIGHT="52" WIDTH="33" VPOS="1829" HPOS="437"/>
<String CONTENT="Dec." HEIGHT="40" WIDTH="112" VPOS="1834" HPOS="471"/>
<SP HEIGHT="40" WIDTH="31" VPOS="1834" HPOS="584"/>
<String CONTENT="20," HEIGHT="48" WIDTH="70" VPOS="1833" HPOS="616"/>
<SP HEIGHT="49" WIDTH="32" VPOS="1832" HPOS="687"/>
<String CS="1" CONTENT="1928;" HEIGHT="41" WIDTH="116" VPOS="1832" HPOS="720"/>
<SP HEIGHT="45" WIDTH="33" VPOS="1833" HPOS="862"/>
<String CONTENT="2c." HEIGHT="40" WIDTH="68" VPOS="1833" HPOS="896"/>
<SP HEIGHT="30" WIDTH="33" VPOS="1843" HPOS="965"/>
<String CONTENT="and" HEIGHT="39" WIDTH="95" VPOS="1833" HPOS="999"/>
<SP HEIGHT="39" WIDTH="33" VPOS="1833" HPOS="1095"/>
<String LANG="de" CONTENT="aff." HEIGHT="42" WIDTH="82" VPOS="1831" HPOS="1129"/>
<SP HEIGHT="41" WIDTH="32" VPOS="1832" HPOS="1212"/>
<String CONTENT="Jan." HEIGHT="40" WIDTH="110" VPOS="1832" HPOS="1245"/>
<SP HEIGHT="40" WIDTH="32" VPOS="1832" HPOS="1356"/>
<String CONTENT="5," HEIGHT="47" WIDTH="39" VPOS="1832" HPOS="1389"/>
<SP HEIGHT="47" WIDTH="35" VPOS="1832" HPOS="1429"/>
<String CS="1" CONTENT="1929;" HEIGHT="40" WIDTH="115" VPOS="1831" HPOS="1465"/>
<SP HEIGHT="47" WIDTH="35" VPOS="1831" HPOS="1606"/>
<!-- cceid 87C9876E-6CFA-1014-9C3C-CEA95E7AA542 --><String CONTENT="A" HEIGHT="40" WIDTH="41" VPOS="1831" HPOS="1642"/>
<SP HEIGHT="40" WIDTH="32" VPOS="1831" HPOS="1684"/>
<String CS="1" CONTENT="2804;" HEIGHT="42" WIDTH="114" VPOS="1831" HPOS="1717"/>
<SP HEIGHT="46" WIDTH="35" VPOS="1832" HPOS="1859"/>
<String CONTENT="Margaret" HEIGHT="47" WIDTH="251" VPOS="1832" HPOS="1895"/>
<SP HEIGHT="39" WIDTH="33" VPOS="1832" HPOS="2147"/>
<String CONTENT="Rollins," HEIGHT="48" WIDTH="203" VPOS="1830" HPOS="2181"/>
</TextLine>
<TextLine HEIGHT="40" WIDTH="333" VPOS="1891" HPOS="451" STYLEREFS="StyleId-91345B38-F20E-4FD7-BF52-8C62BB64232A-">
<String CONTENT="New" HEIGHT="40" WIDTH="118" VPOS="1891" HPOS="451"/>
<SP HEIGHT="40" WIDTH="25" VPOS="1891" HPOS="570"/>
<String CONTENT="Haven." HEIGHT="39" WIDTH="188" VPOS="1891" HPOS="596"/>
</TextLine>
<TextLine HEIGHT="63" WIDTH="420" VPOS="1985" HPOS="378" STYLEREFS="StyleId-0F1B753E-77DB-4E94-8ED1-9257D2794217-">
<String CONTENT="Ruck," HEIGHT="63" WIDTH="185" VPOS="1985" HPOS="378"/>
<SP HEIGHT="63" WIDTH="30" VPOS="1985" HPOS="564"/>
<String CONTENT="Berta." HEIGHT="54" WIDTH="203" VPOS="1985" HPOS="595"/>
</TextLine>
<TextLine HEIGHT="67" WIDTH="1240" VPOS="2062" HPOS="450" STYLEREFS="StyleId-E5FB2A3E-2217-4443-A6C1-ECA8FA832423-">
<String CONTENT="The" HEIGHT="52" WIDTH="121" VPOS="2064" HPOS="450"/>
<SP HEIGHT="34" WIDTH="27" VPOS="2082" HPOS="572"/>
<String CONTENT="unkissed" HEIGHT="53" WIDTH="269" VPOS="2062" HPOS="600"/>
<SP HEIGHT="53" WIDTH="27" VPOS="2062" HPOS="870"/>
<String CONTENT="bride." HEIGHT="53" WIDTH="179" VPOS="2062" HPOS="898"/>
<SP HEIGHT="33" WIDTH="70" VPOS="2096" HPOS="1078"/>
<String CONTENT="[Instalments" HEIGHT="67" WIDTH="390" VPOS="2062" HPOS="1149"/>
<SP HEIGHT="49" WIDTH="33" VPOS="2065" HPOS="1540"/>
<String CONTENT="1-4]" HEIGHT="62" WIDTH="116" VPOS="2065" HPOS="1574"/>
</TextLine>
<TextLine HEIGHT="55" WIDTH="1421" VPOS="2139" HPOS="461" STYLEREFS="StyleId-5D937120-5511-44E5-AE5D-203FF410BC10-">
<String CONTENT="(In" HEIGHT="48" WIDTH="83" VPOS="2146" HPOS="461"/>
<SP HEIGHT="42" WIDTH="25" VPOS="2143" HPOS="545"/>
<String CONTENT="Home" HEIGHT="42" WIDTH="160" VPOS="2143" HPOS="571"/>
<SP HEIGHT="29" WIDTH="23" VPOS="2156" HPOS="732"/>
<String CONTENT="chat" HEIGHT="43" WIDTH="117" VPOS="2142" HPOS="756"/>
<SP HEIGHT="39" WIDTH="26" VPOS="2146" HPOS="874"/>
<String CONTENT="magazine," HEIGHT="53" WIDTH="277" VPOS="2141" HPOS="901"/>
<SP HEIGHT="51" WIDTH="29" VPOS="2141" HPOS="1179"/>
<String CONTENT="Dec." HEIGHT="43" WIDTH="115" VPOS="2141" HPOS="1209"/>
<SP HEIGHT="42" WIDTH="29" VPOS="2142" HPOS="1325"/>
<String CONTENT="8," HEIGHT="50" WIDTH="40" VPOS="2142" HPOS="1355"/>
<SP HEIGHT="50" WIDTH="31" VPOS="2142" HPOS="1396"/>
<String CONTENT="15," HEIGHT="50" WIDTH="70" VPOS="2142" HPOS="1428"/>
<SP HEIGHT="49" WIDTH="29" VPOS="2143" HPOS="1499"/>
<String CONTENT="22," HEIGHT="49" WIDTH="72" VPOS="2142" HPOS="1529"/>
<SP HEIGHT="50" WIDTH="29" VPOS="2141" HPOS="1602"/>
<String CONTENT="29," HEIGHT="51" WIDTH="72" VPOS="2141" HPOS="1632"/>
<SP HEIGHT="51" WIDTH="31" VPOS="2141" HPOS="1705"/>
<String CONTENT="1928)" HEIGHT="51" WIDTH="145" VPOS="2139" HPOS="1737"/>
</TextLine>
<TextLine HEIGHT="53" WIDTH="1998" VPOS="2213" HPOS="383" STYLEREFS="StyleId-91345B38-F20E-4FD7-BF52-8C62BB64232A-" CS="1">
<String CONTENT="&#169;" HEIGHT="53" WIDTH="53" VPOS="2213" HPOS="383"/>
<SP/>
<String CS="1" CONTENT="1c."/>
<SP/>
<String CONTENT="each" HEIGHT="42" WIDTH="119" VPOS="2216" HPOS="555"/>
<SP HEIGHT="42" WIDTH="23" VPOS="2216" HPOS="675"/>
<String CONTENT="Jan." HEIGHT="41" WIDTH="110" VPOS="2217" HPOS="699"/>
<SP HEIGHT="40" WIDTH="24" VPOS="2217" HPOS="810"/>
<String CONTENT="31," HEIGHT="48" WIDTH="69" VPOS="2216" HPOS="835"/>
<SP HEIGHT="48" WIDTH="24" VPOS="2216" HPOS="905"/>
<String CONTENT="1929;" HEIGHT="48" WIDTH="142" VPOS="2215" HPOS="930"/>
<SP HEIGHT="48" WIDTH="26" VPOS="2215" HPOS="1073"/>
<!-- cceid 87CA6D99-6CFA-1014-9C3C-CEA95E7AA542 --><String CONTENT="A" HEIGHT="39" WIDTH="41" VPOS="2215" HPOS="1100"/>
<SP HEIGHT="39" WIDTH="24" VPOS="2215" HPOS="1142"/>
<String CONTENT="ad" HEIGHT="40" WIDTH="61" VPOS="2215" HPOS="1167"/>
<SP HEIGHT="40" WIDTH="25" VPOS="2215" HPOS="1229"/>
<String CONTENT="int." HEIGHT="42" WIDTH="87" VPOS="2215" HPOS="1255"/>
<SP HEIGHT="42" WIDTH="25" VPOS="2215" HPOS="1343"/>
<String CONTENT="12278;" HEIGHT="47" WIDTH="172" VPOS="2215" HPOS="1369"/>
<SP HEIGHT="39" WIDTH="26" VPOS="2225" HPOS="1542"/>
<String CONTENT="pubd." HEIGHT="49" WIDTH="143" VPOS="2215" HPOS="1569"/>
<SP HEIGHT="40" WIDTH="27" VPOS="2214" HPOS="1713"/>
<String CONTENT="Dec." HEIGHT="41" WIDTH="113" VPOS="2214" HPOS="1741"/>
<SP HEIGHT="41" WIDTH="23" VPOS="2214" HPOS="1855"/>
<String CONTENT="3," HEIGHT="44" WIDTH="41" VPOS="2214" HPOS="1879"/>
<SP HEIGHT="43" WIDTH="27" VPOS="2215" HPOS="1921"/>
<String CONTENT="10," HEIGHT="49" WIDTH="68" VPOS="2214" HPOS="1949"/>
<SP HEIGHT="49" WIDTH="27" VPOS="2214" HPOS="2018"/>
<String CONTENT="17," HEIGHT="48" WIDTH="68" VPOS="2214" HPOS="2046"/>
<SP HEIGHT="47" WIDTH="27" VPOS="2215" HPOS="2115"/>
<String CONTENT="24," HEIGHT="48" WIDTH="69" VPOS="2215" HPOS="2143"/>
<SP HEIGHT="49" WIDTH="26" VPOS="2214" HPOS="2213"/>
<String CONTENT="1928;" HEIGHT="47" WIDTH="141" VPOS="2214" HPOS="2240"/>
</TextLine>
<TextLine HEIGHT="49" WIDTH="970" VPOS="2273" HPOS="452" STYLEREFS="StyleId-91345B38-F20E-4FD7-BF52-8C62BB64232A-" CS="1">
<String CONTENT="Dodd," HEIGHT="48" WIDTH="154" VPOS="2274" HPOS="452"/>
<SP HEIGHT="47" WIDTH="30" VPOS="2275" HPOS="607"/>
<String CONTENT="Mead" HEIGHT="39" WIDTH="142" VPOS="2275" HPOS="638"/>
<SP HEIGHT="40" WIDTH="28" VPOS="2274" HPOS="781"/>
<String CONTENT="&amp;" HEIGHT="39" WIDTH="37" VPOS="2274" HPOS="810"/>
<SP/>
<String CONTENT="co.," HEIGHT="36" WIDTH="82" VPOS="2285" HPOS="877"/>
<SP HEIGHT="48" WIDTH="30" VPOS="2273" HPOS="960"/>
<String CS="1" CONTENT="inc.," HEIGHT="48" WIDTH="106" VPOS="2273" HPOS="991"/>
<SP HEIGHT="48" WIDTH="29" VPOS="2273" HPOS="1098"/>
<String CONTENT="New" HEIGHT="40" WIDTH="118" VPOS="2273" HPOS="1128"/>
<SP HEIGHT="40" WIDTH="28" VPOS="2273" HPOS="1247"/>
<String CONTENT="York." HEIGHT="40" WIDTH="146" VPOS="2273" HPOS="1276"/>
</TextLine>
<TextLine HEIGHT="63" WIDTH="552" VPOS="2369" HPOS="379" STYLEREFS="StyleId-0F1B753E-77DB-4E94-8ED1-9257D2794217-">
<String LANG="la" CONTENT="Sabatini," HEIGHT="63" WIDTH="289" VPOS="2369" HPOS="379"/>
<SP HEIGHT="62" WIDTH="31" VPOS="2370" HPOS="669"/>
<String LANG="en-US" CONTENT="Rafael." HEIGHT="54" WIDTH="230" VPOS="2369" HPOS="701"/>
</TextLine>
<TextLine HEIGHT="70" WIDTH="1483" VPOS="2444" HPOS="449" STYLEREFS="StyleId-E5FB2A3E-2217-4443-A6C1-ECA8FA832423-">
<String CONTENT="The" HEIGHT="52" WIDTH="122" VPOS="2448" HPOS="449"/>
<SP HEIGHT="34" WIDTH="31" VPOS="2466" HPOS="572"/>
<String CONTENT="romantic" HEIGHT="53" WIDTH="280" VPOS="2447" HPOS="604"/>
<SP HEIGHT="49" WIDTH="31" VPOS="2465" HPOS="885"/>
<String CONTENT="prince." HEIGHT="68" WIDTH="212" VPOS="2446" HPOS="917"/>
<SP HEIGHT="33" WIDTH="74" VPOS="2480" HPOS="1130"/>
<String CONTENT="[Chap." HEIGHT="67" WIDTH="180" VPOS="2447" HPOS="1205"/>
<SP HEIGHT="48" WIDTH="37" VPOS="2450" HPOS="1386"/>
<String CONTENT="18" HEIGHT="50" WIDTH="62" VPOS="2450" HPOS="1424"/>
<SP HEIGHT="70" WIDTH="43" VPOS="2444" HPOS="1487"/>
<String CONTENT="(contd.)]-20." HEIGHT="70" WIDTH="401" VPOS="2444" HPOS="1531"/>
</TextLine>
<TextLine HEIGHT="53" WIDTH="1119" VPOS="2525" HPOS="459" STYLEREFS="StyleId-5D937120-5511-44E5-AE5D-203FF410BC10-">
<String CONTENT="(In" HEIGHT="49" WIDTH="83" VPOS="2529" HPOS="459"/>
<SP HEIGHT="43" WIDTH="28" VPOS="2526" HPOS="543"/>
<String CONTENT="Hutchinson&#8217;s" HEIGHT="45" WIDTH="358" VPOS="2525" HPOS="572"/>
<SP HEIGHT="30" WIDTH="30" VPOS="2539" HPOS="931"/>
<String CONTENT="magazine," HEIGHT="53" WIDTH="278" VPOS="2525" HPOS="962"/>
<SP HEIGHT="51" WIDTH="30" VPOS="2525" HPOS="1241"/>
<String CONTENT="Jan.," HEIGHT="51" WIDTH="126" VPOS="2525" HPOS="1272"/>
<SP HEIGHT="50" WIDTH="34" VPOS="2526" HPOS="1399"/>
<String CONTENT="1929)" HEIGHT="51" WIDTH="144" VPOS="2525" HPOS="1434"/>
</TextLine>
<TextLine HEIGHT="53" WIDTH="1999" VPOS="2594" HPOS="383" STYLEREFS="StyleId-91345B38-F20E-4FD7-BF52-8C62BB64232A-" CS="1">
<String CONTENT="&#169;" HEIGHT="53" WIDTH="52" VPOS="2594" HPOS="383"/>
<SP/>
<String CS="1" CONTENT="1c."/>
<SP/>
<String CONTENT="Feb." HEIGHT="41" WIDTH="112" VPOS="2599" HPOS="567"/>
<SP HEIGHT="41" WIDTH="30" VPOS="2599" HPOS="680"/>
<String CONTENT="8," HEIGHT="48" WIDTH="40" VPOS="2599" HPOS="711"/>
<SP HEIGHT="48" WIDTH="30" VPOS="2599" HPOS="752"/>
<String CS="1" CONTENT="1929;" HEIGHT="40" WIDTH="113" VPOS="2598" HPOS="783"/>
<SP HEIGHT="46" WIDTH="33" VPOS="2599" HPOS="925"/>
<!-- cceid 87CB7DF4-6CFA-1014-9C3C-CEA95E7AA542 --><String CONTENT="A" HEIGHT="39" WIDTH="41" VPOS="2599" HPOS="959"/>
<SP HEIGHT="39" WIDTH="29" VPOS="2599" HPOS="1001"/>
<String CONTENT="ad" HEIGHT="40" WIDTH="63" VPOS="2599" HPOS="1031"/>
<SP HEIGHT="40" WIDTH="29" VPOS="2599" HPOS="1095"/>
<String CONTENT="int." HEIGHT="41" WIDTH="87" VPOS="2599" HPOS="1125"/>
<SP HEIGHT="41" WIDTH="31" VPOS="2599" HPOS="1213"/>
<String CS="1" CONTENT="12310;" HEIGHT="41" WIDTH="147" VPOS="2598" HPOS="1245"/>
<SP HEIGHT="37" WIDTH="33" VPOS="2609" HPOS="1417"/>
<String CONTENT="pubd." HEIGHT="49" WIDTH="143" VPOS="2597" HPOS="1451"/>
<SP HEIGHT="41" WIDTH="31" VPOS="2598" HPOS="1595"/>
<String CONTENT="Dec." HEIGHT="40" WIDTH="114" VPOS="2598" HPOS="1627"/>
<SP HEIGHT="40" WIDTH="31" VPOS="2598" HPOS="1742"/>
<String CONTENT="12," HEIGHT="48" WIDTH="69" VPOS="2597" HPOS="1774"/>
<SP HEIGHT="47" WIDTH="31" VPOS="2598" HPOS="1844"/>
<String CS="1" CONTENT="1928;" HEIGHT="41" WIDTH="114" VPOS="2597" HPOS="1876"/>
<SP HEIGHT="46" WIDTH="34" VPOS="2597" HPOS="2018"/>
<String CONTENT="R." HEIGHT="41" WIDTH="56" VPOS="2597" HPOS="2053"/>
<SP HEIGHT="41" WIDTH="35" VPOS="2597" HPOS="2110"/>
<String LANG="la" CONTENT="Sabatini," HEIGHT="48" WIDTH="236" VPOS="2596" HPOS="2146"/>
</TextLine>
<TextLine HEIGHT="41" WIDTH="213" VPOS="2655" HPOS="450" STYLEREFS="StyleId-91345B38-F20E-4FD7-BF52-8C62BB64232A-">
<String CONTENT="London." HEIGHT="41" WIDTH="213" VPOS="2655" HPOS="450"/>
</TextLine>
<TextLine HEIGHT="65" WIDTH="1187" VPOS="2749" HPOS="381" STYLEREFS="StyleId-0F1B753E-77DB-4E94-8ED1-9257D2794217-" CS="1">
<String CONTENT="Schuknecht," HEIGHT="64" WIDTH="400" VPOS="2749" HPOS="381"/>
<SP HEIGHT="64" WIDTH="30" VPOS="2749" HPOS="782"/>
<String CONTENT="Joseph" HEIGHT="65" WIDTH="221" VPOS="2749" HPOS="813"/>
<SP HEIGHT="54" WIDTH="30" VPOS="2749" HPOS="1035"/>
<String CONTENT="J" HEIGHT="53" WIDTH="37" VPOS="2750" HPOS="1066"/>
<SP/>
<String CONTENT="1859-" HEIGHT="49" WIDTH="173" VPOS="2755" HPOS="1395"/>
</TextLine>
<TextLine HEIGHT="72" WIDTH="1924" VPOS="2825" HPOS="453" STYLEREFS="StyleId-E5FB2A3E-2217-4443-A6C1-ECA8FA832423-">
<String CONTENT="A" HEIGHT="53" WIDTH="56" VPOS="2827" HPOS="453"/>
<SP HEIGHT="55" WIDTH="42" VPOS="2827" HPOS="510"/>
<String CONTENT="suffering" HEIGHT="70" WIDTH="280" VPOS="2827" HPOS="553"/>
<SP HEIGHT="68" WIDTH="44" VPOS="2829" HPOS="834"/>
<String CONTENT="Job" HEIGHT="52" WIDTH="112" VPOS="2829" HPOS="879"/>
<SP HEIGHT="52" WIDTH="46" VPOS="2829" HPOS="992"/>
<String CONTENT="of" HEIGHT="54" WIDTH="66" VPOS="2827" HPOS="1039"/>
<SP HEIGHT="53" WIDTH="42" VPOS="2827" HPOS="1106"/>
<String CONTENT="the" HEIGHT="51" WIDTH="96" VPOS="2829" HPOS="1149"/>
<SP HEIGHT="47" WIDTH="45" VPOS="2833" HPOS="1246"/>
<String CONTENT="twentieth" HEIGHT="53" WIDTH="298" VPOS="2827" HPOS="1292"/>
<SP HEIGHT="52" WIDTH="46" VPOS="2828" HPOS="1591"/>
<String CONTENT="century," HEIGHT="63" WIDTH="255" VPOS="2832" HPOS="1638"/>
<SP HEIGHT="68" WIDTH="43" VPOS="2826" HPOS="1894"/>
<String CONTENT="by" HEIGHT="69" WIDTH="77" VPOS="2826" HPOS="1938"/>
<SP HEIGHT="68" WIDTH="43" VPOS="2827" HPOS="2016"/>
<String CONTENT="Joseph" HEIGHT="68" WIDTH="219" VPOS="2826" HPOS="2060"/>
<SP HEIGHT="55" WIDTH="45" VPOS="2825" HPOS="2280"/>
<String CONTENT="J," HEIGHT="55" WIDTH="51" VPOS="2825" HPOS="2326"/>
</TextLine>
<TextLine HEIGHT="69" WIDTH="1991" VPOS="2906" HPOS="384" STYLEREFS="StyleId-E5FB2A3E-2217-4443-A6C1-ECA8FA832423-" CS="1">
<String CONTENT="Schuknecht" HEIGHT="56" WIDTH="364" VPOS="2906" HPOS="384"/>
<SP HEIGHT="48" WIDTH="40" VPOS="2912" HPOS="749"/>
<String CS="1" CONTENT="&#8230;"/>
<SP HEIGHT="56" WIDTH="80" VPOS="2906" HPOS="845"/>
<String CONTENT="Cleveland," HEIGHT="63" WIDTH="330" VPOS="2906" HPOS="926"/>
<SP HEIGHT="63" WIDTH="35" VPOS="2906" HPOS="1257"/>
<String CONTENT="O.," HEIGHT="68" WIDTH="87" VPOS="2906" HPOS="1293"/>
<SP HEIGHT="66" WIDTH="33" VPOS="2908" HPOS="1381"/>
<String CONTENT="The" HEIGHT="52" WIDTH="121" VPOS="2907" HPOS="1415"/>
<SP HEIGHT="52" WIDTH="36" VPOS="2907" HPOS="1537"/>
<String CONTENT="Evangelical" HEIGHT="69" WIDTH="375" VPOS="2906" HPOS="1574"/>
<SP HEIGHT="69" WIDTH="35" VPOS="2906" HPOS="1950"/>
<String CONTENT="press" HEIGHT="50" WIDTH="156" VPOS="2925" HPOS="1986"/>
<SP/>
<String CS="1" CONTENT="[&#7580;1928]" HEIGHT="66" WIDTH="81" VPOS="2908" HPOS="2294"/>
</TextLine>
<TextLine HEIGHT="50" WIDTH="1035" VPOS="2988" HPOS="449" STYLEREFS="StyleId-E5FB2A3E-2217-4443-A6C1-ECA8FA832423-" CS="1">
<String CONTENT="116" HEIGHT="40" WIDTH="86" VPOS="2990" HPOS="449"/>
<SP HEIGHT="48" WIDTH="26" VPOS="2990" HPOS="536"/>
<String CONTENT="p." HEIGHT="37" WIDTH="43" VPOS="3001" HPOS="563"/>
<SP HEIGHT="42" WIDTH="28" VPOS="2989" HPOS="607"/>
<String CONTENT="incl." HEIGHT="42" WIDTH="111" VPOS="2989" HPOS="636"/>
<SP HEIGHT="41" WIDTH="26" VPOS="2990" HPOS="748"/>
<String CS="1" CONTENT="front."/>
<SP HEIGHT="49" WIDTH="27" VPOS="2989" HPOS="926"/>
<String CONTENT="(port.)" HEIGHT="49" WIDTH="173" VPOS="2989" HPOS="954"/>
<SP HEIGHT="48" WIDTH="66" VPOS="2989" HPOS="1128"/>
<String CONTENT="plates." HEIGHT="46" WIDTH="173" VPOS="2991" HPOS="1195"/>
<SP HEIGHT="40" WIDTH="59" VPOS="2990" HPOS="1369"/>
<String LANG="fr" CONTENT="19" HEIGHT="41" WIDTH="55" VPOS="2988" HPOS="1429"/>
<String CS="1" CONTENT="&#189;"/>
<String STYLE="superscript" LANG="fr" CS="1" CONTENT="&#7580;&#7504;."/>
</TextLine>
<TextLine HEIGHT="53" WIDTH="1999" VPOS="3042" HPOS="382" STYLEREFS="StyleId-91345B38-F20E-4FD7-BF52-8C62BB64232A-" CS="1">
<String CONTENT="&#169;" HEIGHT="53" WIDTH="52" VPOS="3042" HPOS="382"/>
<SP HEIGHT="53" WIDTH="30" VPOS="3042" HPOS="435"/>
<String CONTENT="Dec." HEIGHT="42" WIDTH="113" VPOS="3047" HPOS="466"/>
<SP HEIGHT="42" WIDTH="28" VPOS="3047" HPOS="580"/>
<String CONTENT="20," HEIGHT="47" WIDTH="69" VPOS="3047" HPOS="609"/>
<SP HEIGHT="47" WIDTH="31" VPOS="3047" HPOS="679"/>
<String CONTENT="1928;" HEIGHT="43" WIDTH="142" VPOS="3046" HPOS="711"/>
<SP HEIGHT="42" WIDTH="31" VPOS="3047" HPOS="854"/>
<String CONTENT="2c." HEIGHT="40" WIDTH="68" VPOS="3047" HPOS="886"/>
<SP HEIGHT="29" WIDTH="31" VPOS="3058" HPOS="955"/>
<String CONTENT="and" HEIGHT="39" WIDTH="94" VPOS="3048" HPOS="987"/>
<SP HEIGHT="39" WIDTH="31" VPOS="3048" HPOS="1082"/>
<String LANG="de" CONTENT="aff." HEIGHT="42" WIDTH="82" VPOS="3045" HPOS="1114"/>
<SP HEIGHT="39" WIDTH="32" VPOS="3048" HPOS="1197"/>
<String CONTENT="Jan." HEIGHT="40" WIDTH="110" VPOS="3048" HPOS="1230"/>
<SP HEIGHT="40" WIDTH="30" VPOS="3048" HPOS="1341"/>
<String CONTENT="14," HEIGHT="46" WIDTH="69" VPOS="3047" HPOS="1372"/>
<SP HEIGHT="46" WIDTH="32" VPOS="3047" HPOS="1442"/>
<String CONTENT="1929;" HEIGHT="42" WIDTH="141" VPOS="3046" HPOS="1475"/>
<SP HEIGHT="41" WIDTH="35" VPOS="3047" HPOS="1617"/>
<!-- cceid 87CC8F60-6CFA-1014-9C3C-CEA95E7AA542 --><String CONTENT="A" HEIGHT="39" WIDTH="40" VPOS="3047" HPOS="1653"/>
<SP HEIGHT="40" WIDTH="29" VPOS="3047" HPOS="1694"/>
<String CS="1" CONTENT="3667;" HEIGHT="41" WIDTH="116" VPOS="3046" HPOS="1724"/>
<SP HEIGHT="47" WIDTH="35" VPOS="3046" HPOS="1867"/>
<String CONTENT="J." HEIGHT="41" WIDTH="43" VPOS="3046" HPOS="1903"/>
<SP HEIGHT="41" WIDTH="33" VPOS="3046" HPOS="1947"/>
<String CONTENT="J." HEIGHT="40" WIDTH="43" VPOS="3046" HPOS="1981"/>
<SP HEIGHT="41" WIDTH="35" VPOS="3046" HPOS="2025"/>
<String CONTENT="Schuknecht," HEIGHT="46" WIDTH="320" VPOS="3046" HPOS="2061"/>
</TextLine>
<TextLine HEIGHT="50" WIDTH="531" VPOS="3103" HPOS="450" STYLEREFS="StyleId-91345B38-F20E-4FD7-BF52-8C62BB64232A-">
<String CONTENT="Detroit." HEIGHT="41" WIDTH="208" VPOS="3104" HPOS="450"/>
<SP HEIGHT="48" WIDTH="69" VPOS="3104" HPOS="659"/>
<String CONTENT="(29-1986)" HEIGHT="50" WIDTH="252" VPOS="3103" HPOS="729"/>
</TextLine>
<TextLine HEIGHT="65" WIDTH="586" VPOS="3197" HPOS="377" STYLEREFS="StyleId-37F1AF36-3729-44AE-8109-245E3E1B2EAF-">
<String CONTENT="Seivwright," HEIGHT="65" WIDTH="380" VPOS="3197" HPOS="377"/>
<SP HEIGHT="65" WIDTH="36" VPOS="3197" HPOS="758"/>
<String CONTENT="Jean." HEIGHT="56" WIDTH="168" VPOS="3197" HPOS="795"/>
</TextLine>
<TextLine HEIGHT="71" WIDTH="1868" VPOS="3274" HPOS="512" CS="1">
<String CS="1" CONTENT="&#8230;"/>
<SP HEIGHT="53" WIDTH="32" VPOS="3275" HPOS="512"/>
<String CONTENT="Errant" HEIGHT="54" WIDTH="218" VPOS="3275" HPOS="545"/>
<SP HEIGHT="53" WIDTH="22" VPOS="3276" HPOS="764"/>
<String CONTENT="heart" HEIGHT="53" WIDTH="164" VPOS="3276" HPOS="787"/>
<SP HEIGHT="62" WIDTH="30" VPOS="3281" HPOS="952"/>
<String CONTENT="[by]" HEIGHT="68" WIDTH="108" VPOS="3277" HPOS="983"/>
<SP HEIGHT="67" WIDTH="29" VPOS="3276" HPOS="1092"/>
<String CONTENT="Jean" HEIGHT="55" WIDTH="149" VPOS="3276" HPOS="1122"/>
<SP HEIGHT="56" WIDTH="28" VPOS="3275" HPOS="1272"/>
<String CONTENT="Seivwright." HEIGHT="69" WIDTH="365" VPOS="3275" HPOS="1301"/>
<SP HEIGHT="53" WIDTH="59" VPOS="3275" HPOS="1667"/>
<String CONTENT="New" HEIGHT="53" WIDTH="140" VPOS="3275" HPOS="1727"/>
<SP HEIGHT="52" WIDTH="25" VPOS="3275" HPOS="1868"/>
<String CONTENT="York," HEIGHT="67" WIDTH="181" VPOS="3275" HPOS="1894"/>
<SP HEIGHT="68" WIDTH="23" VPOS="3274" HPOS="2076"/>
<String CONTENT="H." HEIGHT="53" WIDTH="77" VPOS="3274" HPOS="2100"/>
<SP HEIGHT="53" WIDTH="26" VPOS="3275" HPOS="2178"/>
<String CONTENT="Vinal" HEIGHT="54" WIDTH="175" VPOS="3274" HPOS="2205"/>
</TextLine>
<TextLine HEIGHT="68" WIDTH="458" VPOS="3353" HPOS="376" CS="1">
<String CONTENT="limited" HEIGHT="54" WIDTH="224" VPOS="3353" HPOS="376"/>
<SP/>
<String CS="1" CONTENT="[&#7580;1928]" HEIGHT="64" WIDTH="84" VPOS="3357" HPOS="750"/>
</TextLine>
<TextLine HEIGHT="48" WIDTH="1139" VPOS="3436" HPOS="448" STYLEREFS="StyleId-F1F2C0B3-1EB7-4B5A-BD3A-8365FAC687D4-" CS="1">
<String CONTENT="5" HEIGHT="40" WIDTH="26" VPOS="3436" HPOS="448"/>
<SP HEIGHT="48" WIDTH="24" VPOS="3436" HPOS="475"/>
<String LANG="fr" CONTENT="p." HEIGHT="36" WIDTH="42" VPOS="3448" HPOS="500"/>
<SP HEIGHT="40" WIDTH="25" VPOS="3437" HPOS="543"/>
<String CS="1" CONTENT="l.,"/>
<SP HEIGHT="46" WIDTH="27" VPOS="3437" HPOS="615"/>
<String CONTENT="54" HEIGHT="40" WIDTH="54" VPOS="3437" HPOS="643"/>
<SP HEIGHT="39" WIDTH="26" VPOS="3437" HPOS="698"/>
<String CS="1" CONTENT="p." HEIGHT="8" WIDTH="7" VPOS="3469" HPOS="761"/>
<SP HEIGHT="40" WIDTH="59" VPOS="3437" HPOS="769"/>
<String CONTENT="16" HEIGHT="39" WIDTH="55" VPOS="3437" HPOS="829"/>
<String STYLE="superscript" CS="1" CONTENT="&#7580;&#7504;."/>
<SP HEIGHT="48" WIDTH="70" VPOS="3436" HPOS="945"/>
<String CONTENT="(The" HEIGHT="48" WIDTH="124" VPOS="3436" HPOS="1016"/>
<SP HEIGHT="40" WIDTH="27" VPOS="3437" HPOS="1141"/>
<String CONTENT="friendly" HEIGHT="47" WIDTH="217" VPOS="3437" HPOS="1169"/>
<SP HEIGHT="47" WIDTH="24" VPOS="3437" HPOS="1387"/>
<String CONTENT="books)" HEIGHT="47" WIDTH="175" VPOS="3436" HPOS="1412"/>
</TextLine>
<TextLine HEIGHT="41" WIDTH="185" VPOS="3493" HPOS="446" STYLEREFS="StyleId-F1F2C0B3-1EB7-4B5A-BD3A-8365FAC687D4-">
<String CONTENT="Poems." HEIGHT="41" WIDTH="185" VPOS="3493" HPOS="446"/>
</TextLine>
<TextLine HEIGHT="53" WIDTH="1808" VPOS="3546" HPOS="382" STYLEREFS="StyleId-F1F2C0B3-1EB7-4B5A-BD3A-8365FAC687D4-" CS="1">
<String CONTENT="&#169;" HEIGHT="52" WIDTH="52" VPOS="3546" HPOS="382"/>
<SP HEIGHT="52" WIDTH="27" VPOS="3546" HPOS="435"/>
<String CONTENT="Dec." HEIGHT="41" WIDTH="112" VPOS="3551" HPOS="463"/>
<SP HEIGHT="40" WIDTH="26" VPOS="3551" HPOS="576"/>
<String CONTENT="24," HEIGHT="46" WIDTH="70" VPOS="3551" HPOS="603"/>
<SP HEIGHT="45" WIDTH="29" VPOS="3552" HPOS="674"/>
<String CONTENT="1928;" HEIGHT="46" WIDTH="141" VPOS="3551" HPOS="704"/>
<SP HEIGHT="46" WIDTH="29" VPOS="3551" HPOS="846"/>
<String CONTENT="2c." HEIGHT="41" WIDTH="67" VPOS="3551" HPOS="876"/>
<SP HEIGHT="40" WIDTH="29" VPOS="3551" HPOS="944"/>
<String CONTENT="Jan." HEIGHT="40" WIDTH="110" VPOS="3551" HPOS="974"/>
<SP HEIGHT="40" WIDTH="28" VPOS="3551" HPOS="1085"/>
<String CONTENT="14," HEIGHT="48" WIDTH="69" VPOS="3551" HPOS="1114"/>
<SP HEIGHT="48" WIDTH="28" VPOS="3551" HPOS="1184"/>
<String CONTENT="1929;" HEIGHT="48" WIDTH="142" VPOS="3550" HPOS="1213"/>
<SP HEIGHT="37" WIDTH="31" VPOS="3561" HPOS="1356"/>
<String CS="1" CONTENT="aff."/>
<SP HEIGHT="40" WIDTH="29" VPOS="3551" HPOS="1471"/>
<String CONTENT="Jan." HEIGHT="40" WIDTH="110" VPOS="3551" HPOS="1501"/>
<SP HEIGHT="40" WIDTH="29" VPOS="3551" HPOS="1612"/>
<String CONTENT="15;" HEIGHT="45" WIDTH="82" VPOS="3551" HPOS="1642"/>
<SP HEIGHT="46" WIDTH="31" VPOS="3550" HPOS="1725"/>
<!-- cceid 87CDBABF-6CFA-1014-9C3C-CEA95E7AA542 --><String CONTENT="A" HEIGHT="40" WIDTH="41" VPOS="3550" HPOS="1757"/>
<SP HEIGHT="40" WIDTH="27" VPOS="3550" HPOS="1799"/>
<String CONTENT="3737;" HEIGHT="46" WIDTH="140" VPOS="3551" HPOS="1827"/>
<SP HEIGHT="47" WIDTH="33" VPOS="3550" HPOS="1968"/>
<String CONTENT="Harold" HEIGHT="39" WIDTH="188" VPOS="3550" HPOS="2002"/>
</TextLine>
<TextLine HEIGHT="107" WIDTH="1932" VPOS="3549" HPOS="448" STYLEREFS="StyleId-F1F2C0B3-1EB7-4B5A-BD3A-8365FAC687D4-" CS="1">
<String CONTENT="Vinal," HEIGHT="43" WIDTH="159" VPOS="3549" HPOS="2221"/>
<SP/>
<String CONTENT="ltd." HEIGHT="40" WIDTH="86" VPOS="3608" HPOS="448"/>
<SP HEIGHT="49" WIDTH="69" VPOS="3607" HPOS="535"/>
<String CONTENT="(29-1855)" HEIGHT="50" WIDTH="250" VPOS="3606" HPOS="605"/>
</TextLine>
<TextLine HEIGHT="63" WIDTH="516" VPOS="3701" HPOS="372" STYLEREFS="StyleId-37F1AF36-3729-44AE-8109-245E3E1B2EAF-">
<String CONTENT="Sergio," HEIGHT="63" WIDTH="224" VPOS="3701" HPOS="372"/>
<SP HEIGHT="63" WIDTH="45" VPOS="3701" HPOS="597"/>
<String CONTENT="Arturo." HEIGHT="55" WIDTH="245" VPOS="3701" HPOS="643"/>
</TextLine>
<TextLine HEIGHT="68" WIDTH="1932" VPOS="3777" HPOS="449">
<String CONTENT="Italia;" HEIGHT="68" WIDTH="205" VPOS="3777" HPOS="449"/>
<SP HEIGHT="47" WIDTH="49" VPOS="3798" HPOS="655"/>
<String CONTENT="an" HEIGHT="35" WIDTH="73" VPOS="3797" HPOS="705"/>
<SP HEIGHT="52" WIDTH="43" VPOS="3779" HPOS="779"/>
<String CONTENT="Italian" HEIGHT="53" WIDTH="219" VPOS="3779" HPOS="823"/>
<SP HEIGHT="33" WIDTH="45" VPOS="3799" HPOS="1043"/>
<String CONTENT="reader" HEIGHT="52" WIDTH="200" VPOS="3781" HPOS="1089"/>
<SP HEIGHT="52" WIDTH="46" VPOS="3780" HPOS="1290"/>
<String CONTENT="for" HEIGHT="53" WIDTH="96" VPOS="3780" HPOS="1337"/>
<SP HEIGHT="52" WIDTH="44" VPOS="3780" HPOS="1434"/>
<String CONTENT="intermediate" HEIGHT="53" WIDTH="399" VPOS="3780" HPOS="1479"/>
<SP HEIGHT="35" WIDTH="47" VPOS="3797" HPOS="1879"/>
<String CONTENT="and" HEIGHT="53" WIDTH="114" VPOS="3778" HPOS="1927"/>
<SP HEIGHT="54" WIDTH="46" VPOS="3778" HPOS="2042"/>
<String CONTENT="advanced" HEIGHT="54" WIDTH="292" VPOS="3778" HPOS="2089"/>
</TextLine>
<TextLine HEIGHT="71" WIDTH="2000" VPOS="3855" HPOS="381" CS="1">
<String CONTENT="students," HEIGHT="66" WIDTH="275" VPOS="3856" HPOS="381"/>
<SP HEIGHT="65" WIDTH="30" VPOS="3857" HPOS="657"/>
<String CONTENT="by" HEIGHT="68" WIDTH="77" VPOS="3857" HPOS="688"/>
<SP HEIGHT="69" WIDTH="32" VPOS="3856" HPOS="766"/>
<String CONTENT="Arturo" HEIGHT="54" WIDTH="220" VPOS="3856" HPOS="799"/>
<SP HEIGHT="56" WIDTH="38" VPOS="3856" HPOS="1020"/>
<String CONTENT="Sergio" HEIGHT="70" WIDTH="201" VPOS="3856" HPOS="1059"/>
<SP HEIGHT="33" WIDTH="39" VPOS="3877" HPOS="1261"/>
<String CS="1" CONTENT="&#8230;"/>
<SP HEIGHT="53" WIDTH="91" VPOS="3858" HPOS="1358"/>
<String CONTENT="New" HEIGHT="53" WIDTH="141" VPOS="3858" HPOS="1450"/>
<SP HEIGHT="52" WIDTH="34" VPOS="3858" HPOS="1592"/>
<String CONTENT="York," HEIGHT="69" WIDTH="181" VPOS="3857" HPOS="1627"/>
<SP HEIGHT="70" WIDTH="38" VPOS="3856" HPOS="1809"/>
<String CONTENT="Sergio" HEIGHT="70" WIDTH="202" VPOS="3855" HPOS="1848"/>
<SP HEIGHT="35" WIDTH="35" VPOS="3874" HPOS="2051"/>
<String CONTENT="school" HEIGHT="53" WIDTH="192" VPOS="3856" HPOS="2087"/>
<SP HEIGHT="52" WIDTH="35" VPOS="3856" HPOS="2280"/>
<String CONTENT="of" HEIGHT="52" WIDTH="65" VPOS="3856" HPOS="2316"/>
</TextLine>
<TextLine HEIGHT="69" WIDTH="543" VPOS="3933" HPOS="378" CS="1">
<String CONTENT="languages" HEIGHT="69" WIDTH="311" VPOS="3933" HPOS="378"/>
<SP HEIGHT="49" WIDTH="37" VPOS="3952" HPOS="690"/>
<String CONTENT="[" HEIGHT="34" WIDTH="13" VPOS="3967" HPOS="728"/>
<String STYLE="superscript" CS="1" CONTENT="&#7580;19"/>
<String CONTENT="28]" HEIGHT="65" WIDTH="86" VPOS="3937" HPOS="835"/>
</TextLine>
</TextBlock>
</PrintSpace>
</Page>
</Layout>
</alto>