2533 4342
1319 3978 137 56 1996

377 411 178 68 ture”,
589 409 255 70 starring
878 410 232 55 Colleen
1144 410 212 52 Moore.
1432 410 140 52 New
1606 409 183 69 York,
1822 409 182 55 Efrus
2039 411 45 50 &
2118 411 267 67 Bennett,

378 488 105 54 inc.
561 490 152 65 [ᶜ1929]

448 567 939 51 2 p. l., 7-8 p., 1 l., 9-216 p. 19½ᶜᵐ.
386 622 52 52 ©
468 626 119 40 Nov.
618 626 68 46 15,
718 625 117 40 1929;
892 625 68 40 2c.
993 626 112 41 Dec.
1135 625 58 39 20;
1254 624 81 42 aff.
1368 625 113 40 Dec.
1513 624 58 40 19;
1627 625 42 39 A
1701 625 145 40 17487;
1905 624 153 40 Efrus
2089 629 36 40 &
2157 625 224 47 Bennett,

451 683 90 39 inc.
612 680 281 50 (29-30409)

380 761 322 64 Cherdron,
732 762 143 53 Otto
904 761 65 55 P.

455 838 389 68 Competition
877 840 115 52 and
1025 840 73 52 its
1129 840 196 65 trend;
1362 858 73 33 an
1468 840 235 52 address
1736 839 288 53 delivered
2057 838 198 54 before
2286 839 97 53 the

385 915 291 70 Saturday
709 915 169 70 night
912 916 148 67 club,
1092 916 321 53 November
1449 916 150 68 16th,
1635 919 153 63 1929,
1820 915 76 70 by
1931 915 143 56 Otto
2106 917 66 52 P.
382 915 1979 131 Cherdron.

624 992 148 68 [Salt
798 993 158 53 Lake
985 992 155 70 City,
1193 996 152 64 ᶜ1929]

448 1076 59 40 44
538 1088 43 37 p.
641 1075 148 43 22½ᶜᵐ.

454 1133 230 41 “Printed
717 1133 50 39 in
801 1132 138 41 three
971 1132 223 41 hundred
1229 1132 160 49 copies
1423 1136 53 37 at
1510 1132 84 41 the
1626 1134 197 47 request
1858 1132 53 41 of
1943 1131 237 40 members
2216 1131 51 40 of
2302 1130 81 42 the

384 1189 247 48 Saturday
658 1188 139 49 night
826 1189 108 40 club
962 1190 54 40 of
1046 1189 105 41 Salt
1179 1189 133 40 Lake
1340 1188 125 48 City,
1495 1187 177 44 Utah.”

386 1242 52 52 ©
472 1247 113 40 Dec.
620 1245 68 48 16,
723 1245 141 41 1929;
900 1246 69 40 2c.
1004 1246 113 41 Dec.
1150 1245 84 46 23;
1270 1244 83 41 aff.
1388 1245 113 39 Dec.
1536 1245 83 46 20;
1659 1245 40 39 A
1733 1244 170 47 17534;
1943 1243 53 41 O.
2031 1244 52 39 P.
2119 1243 265 45 Cherdron,

455 1302 107 41 Salt
589 1302 132 40 Lake
750 1301 125 48 City.
941 1301 224 49 (30-266)

381 1380 187 65 Child,
600 1381 265 55 Francis.

448 1459 121 53 The
620 1460 109 52 law
779 1459 64 54 of
891 1460 229 53 divorce
1170 1460 59 52 in
1279 1461 138 52 New
1467 1460 202 67 Jersey
1720 1458 140 53 with
1912 1460 310 67 procedure
2272 1459 113 53 and

381 1535 2006 70 forms, by Francis Child … Newark, N. J., Sonev & Sage со.,
380 1618 148 50 1929.

447 1695 532 50 3 p. l., 724 p. 24 ᶜᵐ .
386 1748 52 52 ©
470 1753 112 41 Dec.
615 1752 69 43 16,
716 1752 141 47 3929;
892 1752 68 40 2c.
994 1753 94 38 and
1122 1752 83 39 aff.
1239 1752 111 40 Dec.
1386 1752 82 46 38;
1502 1752 40 39 A
1576 1751 146 41 16620;
1786 1751 156 48 Soney
1975 1751 36 40 &
2046 1751 123 45 Sage
2202 1761 67 30 со.

463 1808 164 49 (39-5)

382 1883 221 66 Childs,
631 1884 203 54 James
859 1884 199 64 Rives,
1090 1890 172 50 1893-

452 1962 1876 73 Reliques of the Rives (Ryves) by James Rives Childs …
379 2042 174 69 being
574 2043 297 53 historical
897 2044 115 52 and
1034 2044 388 68 genealogical
1446 2050 159 47 notes
1631 2042 66 54 of
1719 2043 97 53 the
1842 2043 226 54 ancient
2094 2042 208 70 family
2327 2041 65 54 of

382 2120 190 68 Ryves
611 2122 65 53 of
715 2120 230 71 County
983 2121 210 53 Dorset
1233 2123 113 52 and
1384 2120 66 54 of
1485 2121 97 54 the
1620 2119 173 57 Rives
1831 2121 65 52 of
1931 2119 289 70 Virginia.
2293 2118 98 55 An

382 2218 160 51 essay:
600 2198 362 70 sociological
995 2200 112 53 and
1134 2198 315 69 historical,
1477 2199 65 53 of
1569 2216 31 34 a
1631 2198 253 69 family’s
1914 2198 388 55 contribution
2332 2203 59 49 to

383 2278 96 53 the
506 2277 238 70 making
770 2277 65 54 of
862 2297 31 34 a
918 2278 217 53 nation.
1209 2277 370 70 Lynchburg,
1603 2276 127 70 Va.,
1757 2277 56 55 J.
1841 2277 65 55 P.
1936 2278 129 52 Bell
2091 2294 300 52 company,

382 2356 127 68 inc.,
538 2357 150 52 1929.

555 2467 8 17 xxx,
595 2436 89 41 750
711 2447 43 37 p.
813 2436 151 41 front,
994 2436 111 47 (col.
1137 2437 135 40 coats
1301 2436 52 40 of
1382 2436 157 48 arms)
1577 2436 174 49 plates,
1783 2437 164 54 ports.,
1976 2434 206 50 facsim.,
2211 2435 29 40 2
2268 2436 120 41 fold,

378 2494 185 48 geneal.
594 2493 98 41 tab.
719 2492 74 47 (in
824 2492 198 49 pocket)
1090 2493 118 41 24ᶜᵐ.

388 2547 53 53 ©
484 2551 113 41 Dec.
639 2551 39 48 7,
721 2550 141 48 1929;
907 2550 68 41 2c.
1019 2551 112 40 Dec.
1176 2549 82 47 10;
1304 2549 82 41 aff.
1429 2550 114 40 Dec.
1584 2549 84 48 20;
1714 2550 41 39 A
1797 2549 170 48 16669;
2014 2550 44 40 J.
2101 2550 57 40 R.
2203 2549 182 50 Childs,

454 2607 288 48 Bucharest,
774 2607 261 40 Rumania.
1104 2605 282 50 (29-30535)

382 2686 195 64 Clark,
606 2686 220 54 Austin
853 2686 252 65 Hobart,
1136 2692 172 50 1880-

385 2765 1977 145 Nature narratives, by Austin H. Clark … v. 1. Baltimore, The
735 2842 291 54 Williams
1055 2845 46 50 &
1128 2843 252 53 Wilkins
1410 2860 300 51 company,
1742 2846 151 49 1929.

455 2924 103 47 viii,
590 2924 86 41 135
710 2935 43 37 p.
815 2924 117 41 19ᶜᵐ.

389 2976 52 52 ©
471 2981 113 40 Dec.
613 2980 40 48 5,
684 2980 141 47 1929;
859 2980 67 41 2c.
957 2982 96 38 and
1085 2980 81 41 aff.
1199 2981 112 39 Dec.
1343 2981 56 39 17;
1458 2980 41 39 A
1530 2980 171 48 17422;
1736 2980 243 41 Williams
2010 2981 36 40 &
2076 2979 211 42 Wilkins
2320 2990 66 29 со.

467 3035 282 50 (29-30522)

385 3115 284 63 Clement,
699 3118 137 53 Mrs.
867 3118 180 52 Maud
1080 3118 230 54 Carter.

454 3196 123 53 The
598 3195 224 71 history
846 3196 66 53 of
935 3196 391 70 Pittsylvania
1357 3196 245 71 County,
1627 3197 290 69 Virginia,
1940 3198 77 70 by
2043 3197 180 53 Maud
386 3196 1982 130 Carter

503 3273 272 55 Clement.
844 3274 369 69 Lynchburg.
1243 3275 125 67 Va.,
1399 3277 56 53 J.
1488 3277 65 52 P.
1587 3277 127 51 Bell
1749 3292 298 51 company,
2079 3273 127 71 inc.,
2238 3277 151 51 1929.

453 3355 64 43 ix,
546 3355 86 40 340
659 3366 44 36 p.
762 3355 165 45 front.,
957 3358 165 45 ports.,
1151 3356 119 40 fold,
1300 3366 150 38 maps,
1478 3355 193 41 facsim.
1731 3356 117 40 24ᶜᵐ.

391 3407 52 52 ©
480 3412 112 40 Dec.
627 3412 68 48 16,
732 3411 118 41 1929;
910 3412 69 41 2c.
1015 3414 112 39 Dec.
1165 3412 82 48 18;
1286 3412 82 41 aff.
1406 3413 112 40 Dec.
1555 3412 83 48 20;
1678 3413 43 39 A
1754 3412 172 48 16670;
1965 3413 64 40 M.
2067 3412 49 41 C.
2154 3411 231 49 Clement,

459 3467 255 49 Chatham,
745 3468 88 41 Va.
903 3468 283 48 (29-30436)

386 3541 175 65 Cook,
593 3542 169 54 Jesse
792 3544 288 64 Leander,
1115 3546 170 54 1870-

455 3622 423 54 International
912 3623 394 68 memoscript;
1345 3642 81 47 or,
1463 3623 158 56 Cook
1655 3624 336 68 shorthand,
2023 3623 78 70 by
2132 3624 159 55 Jesse
2324 3624 66 53 L.

387 3698 2003 73 Cook … An approved light line system adaptable to any
385 3778 235 53 modern
653 3780 312 67 language;
1003 3799 31 34 a
1067 3780 278 67 practical
1377 3798 194 35 course
1607 3780 96 53 for
1735 3780 219 54 schools
1988 3781 112 52 and
2133 3779 256 70 colleges.

387 3855 288 59 Roanoke,
700 3857 123 57 Va..
849 3858 56 54 J.
932 3857 64 51 L.
1025 3856 158 55 Cook
1207 3859 45 51 &
1277 3875 118 51 son,
1444 3860 152 55 ᶜ1929.
