2542 4389
1052 4013 137 50 2015

183 486 27 40 8
259 518 7 8 l.
328 485 56 41 19
413 486 63 47 pl.
535 484 55 41 31½ᶜᵐ.

185 542 93 42 “Of
310 541 97 41 this
439 540 122 41 book
593 541 137 39 there
759 539 125 40 have
914 539 119 39 been
1064 536 193 48 printed
1290 545 89 30 one
1411 534 244 41 thousand
1687 532 202 49 copies.”

121 595 51 53 ©
204 599 111 40 Dec.
344 599 40 39 2.
414 597 114 41 1929;
585 597 68 39 2c.
683 597 113 39 Dec.
825 596 55 38 14;
940 593 81 42 aff.
1052 594 113 38 Dec.
1196 593 55 39 13;
1311 593 40 38 A
1380 591 147 40 16439;
1586 590 49 41 C.
1664 591 73 40 W.
1771 589 171 47 Smith,
187 587 1912 108 Richmond.
418 652 281 50 (29-30546)

112 718 229 65 Squire,
372 717 189 56 Anne.

185 796 189 56 Social
434 795 402 69 Washington.
929 794 57 53 A
1045 795 340 67 completely
1446 810 114 36 rev.
1622 791 85 55 ed.
1800 791 91 70 By
1952 789 169 53 Anne

115 875 221 69 Squire.
409 875 402 68 Washington,
839 874 71 51 D.
943 873 82 69 C.,
1056 874 150 54 1929.

222 987 10 17 x,
262 957 57 41 77
348 967 42 37 p.
451 955 56 41 23½ᶜᵐ.

121 1009 52 53 ©
207 1014 111 40 Dec.
351 1014 40 45 3,
426 1012 140 47 1929;
601 1012 67 40 2c.
702 1012 95 39 and
832 1010 82 41 aff.
948 1010 112 40 Dec.
1095 1009 25 40 9;
1183 1009 41 39 A
1258 1008 170 47 16312;
1465 1008 55 40 A.
1558 1006 184 49 Squire,
1778 1004 339 49 Washington.

198 1069 282 49 (29-30582)

114 1134 262 64 Squires,
405 1132 256 56 William
689 1134 208 62 Henry
924 1133 259 63 Tappey,
1216 1132 171 54 1875-

186 1213 278 70 Through
505 1211 278 55 centuries
821 1212 186 66 three;
1051 1230 31 34 a
1121 1211 159 54 short
1320 1210 223 70 history
1582 1209 64 54 of
1684 1209 96 52 the
1817 1208 203 70 people
2058 1208 65 54 of

117 1286 2005 74 Virginia, by W. H. T. Squires … Portsmouth, Va., Point-
116 1369 151 55 craft
295 1388 175 51 press,
498 1370 126 68 inc.,
654 1371 149 51 1929.

183 1447 1507 51 605 p. front. (coat of arms) plates, ports., map. 25 ᶜᵐ.
184 1506 229 41 Author’s
444 1506 274 48 autograph
749 1517 61 29 on
841 1509 97 45 t.-p.

185 1560 1243 44 “This book is number 18 of the first edition.”
121 1617 52 52 ©
205 1621 112 40 Dec.
346 1621 40 47 4,
418 1619 118 41 1929;
593 1619 66 43 2c.
693 1619 112 41 Dec.
839 1618 59 42 18;
957 1618 82 41 aff.
1072 1618 113 41 Dec.
1217 1618 56 40 17;
1337 1618 41 39 A
1410 1617 145 41 16636;
1617 1618 71 40 W.
1723 1618 61 39 H.
1818 1618 51 38 T.
1907 1616 211 48 Squires,

190 1677 221 41 Norfolk.
481 1675 279 50 (29-30537)

113 1742 349 64 Stevenson,
495 1739 162 55 Elias
688 1741 243 64 Robert,
965 1737 173 59 1882-
1350 1741 84 53 ed.

188 1821 371 55 Connecticut
603 1821 225 69 history
872 1820 241 65 makers,
1156 1819 336 70 containing
1536 1819 254 55 sketches
1836 1820 114 53 and
117 1837 1985 117 portraits

312 1899 65 55 of
399 1918 128 34 men
553 1901 127 52 who
705 1900 145 52 have
876 1898 363 54 contributed
1265 1902 61 48 to
1349 1899 99 53 the
1474 1916 265 52 progress
1767 1898 66 54 of
1857 1899 96 53 the
1980 1903 146 49 state

115 1979 60 52 in
202 1977 491 69 manufacturing,
722 1975 236 69 finance,
984 1977 274 67 business,
1286 1975 316 71 literature,
1630 1978 97 52 the
1755 1975 372 70 professions,

115 2053 1983 133 arts and other fields of activity, edited by E. Robert Stevenson …
368 2152 51 33 V.
465 2137 45 48 1.
584 2129 367 71 Waterbury,
996 2131 199 58 Conn.,
1237 2129 715 71 American-Republican,
1996 2130 128 65 inc.,

119 2213 149 50 1929.

189 2291 579 49 297, ii p. ports. 25 ᶜᵐ.
125 2344 52 52 ©
209 2349 119 40 Nov.
362 2348 68 47 18,
463 2347 140 47 1929;
639 2348 67 39 2c.
739 2348 119 40 Nov.
892 2347 82 46 18;
1011 2346 83 41 aff.
1128 2347 112 41 Dec.
1274 2347 82 46 12;
1393 2347 41 39 A
1468 2347 169 47 17327;
192 2346 1914 106 American-republican,

367 2405 91 39 inc.
528 2403 221 49 (30-125)

112 2468 234 64 Taylor,
377 2468 211 54 Albert
615 2467 223 65 Pierce,
872 2470 172 54 1872-

187 2544 526 70 Sesquicentennial
762 2545 345 54 celebration
1156 2545 65 54 of
1271 2545 252 69 Captain
1574 2545 205 55 Cook’s
1827 2546 298 68 discovery

115 2622 65 54 of
207 2623 233 53 Hawaii
483 2623 367 68 (1778-1928)
890 2624 133 53 held
1055 2625 59 51 in
1146 2625 97 52 the
1271 2624 312 52 Hawaiian
1614 2624 248 67 Islands,
1896 2624 229 68 August

116 2701 1983 130 15 to 21, 1928, by Albert Pierce Taylor … [Honolulu] Captain
281 2778 160 55 Cook
482 2779 508 68 sesquicentennial
1033 2780 362 54 commission
1439 2781 113 52 and
1597 2779 96 54 the
1736 2779 281 55 Archives
2061 2779 65 55 of

114 2856 234 53 Hawaii
381 2857 378 67 commission,
793 2859 151 51 1929.

188 2937 80 48 vii,
330 2937 87 41 105
479 2950 41 37 p.
581 2938 165 44 front.,
809 2939 171 48 plates,
1045 2941 165 46 ports.,
1275 2950 126 38 map.
1462 2940 57 40 27½ᶜᵐ.
1672 2938 214 50 [Hawaii
1959 2939 160 49 (Ter.)

119 2995 162 39 Board
309 2994 53 40 of
388 2994 390 41 commissioners
806 2995 53 40 of
885 2995 163 48 public
1076 2995 238 41 archives.
1375 2995 308 41 Publication
1713 2995 52 41 of
1793 2995 82 41 the
1903 2996 223 41 archives

118 3051 52 39 of
195 3050 211 48 Hawaii,
434 3061 76 31 no.
536 3051 43 49 4]

189 3107 120 41 Part
335 3107 52 40 of
411 3108 84 40 the
521 3110 157 46 plates
705 3107 194 49 printed
926 3118 60 29 on
1014 3108 116 41 both
1159 3108 145 41 sides.

190 3163 232 49 Running
449 3163 108 41 title:
616 3163 131 42 Cook
775 3163 441 49 sesquicentennial
1246 3164 48 40 in
1327 3164 211 41 Hawaii.

124 3216 52 52 ©
206 3220 119 46 Aug.
355 3221 69 41 20,
455 3220 117 42 1929;
628 3221 67 41 2c.
727 3224 94 37 and
853 3221 82 41 aff.
967 3221 102 42 Oct.
1100 3221 59 40 28;
1217 3221 40 39 A
1288 3221 135 42 15401;
1492 3222 234 40 Archives
1758 3222 53 40 of
1840 3223 198 39 Hawaii
2071 3223 53 39 of

192 3277 271 40 territorial
496 3280 313 44 government
840 3277 54 41 of
924 3277 211 43 Hawaii.
1169 3279 263 39 Honolulu.
1506 3277 222 48 (30-283)

117 3342 70 54 U.
220 3342 56 54 S.
404 3362 116 33 Laws,
564 3349 258 54 statutes,
853 3351 99 46 etc.

254 3419 1871 71 … United States Code annotated. Tables. [Cumulative
124 3497 211 53 annual
389 3497 203 68 pocket
648 3503 149 63 part,
856 3501 150 50 1929.
1111 3497 480 70 (Supplemented
1646 3498 79 70 by
1779 3500 345 53 cumulative

125 3575 297 67 pamphlet
475 3574 237 68 service)
814 3575 82 54 St.
950 3577 166 52 Paul.
1168 3576 204 54 Minn.,
1424 3576 158 53 West
1636 3576 339 71 publishing
2028 3593 98 51 co.,

180 3655 119 64 ᶜ1 929]
192 3733 220 49 9 p. 23½ ᶜᵐ.
195 3789 118 41 This
343 3790 250 48 pamphlet
621 3790 40 40 is
694 3793 48 37 to
773 3792 57 38 be
859 3791 139 40 fitted
1029 3791 103 39 into
1166 3791 81 39 the
1277 3791 172 48 pocket
1482 3794 50 37 at
1565 3791 79 40 the
1677 3793 123 39 back
1833 3792 50 39 of
1916 3792 82 40 the
125 3793 1979 92 volume

264 3845 53 40 of
347 3846 81 39 the
460 3849 72 37 set
561 3848 49 39 to
643 3846 156 40 which
833 3846 40 41 it
903 3847 213 46 belongs.

129 3896 52 52 ©
210 3901 119 41 Nov.
358 3901 48 39 11,
455 3901 117 39 1929;
628 3903 66 40 2c.
724 3903 111 39 Dec.
866 3903 55 37 16;
981 3902 81 42 aff.
1093 3903 111 39 Dec.
1236 3904 55 37 14;
1351 3903 41 38 A
1420 3903 171 43 16499;
1623 3905 135 39 West
1788 3906 109 46 pub.
1929 3915 67 30 co.
2028 3907 94 37 and

197 3957 210 39 Edward
437 3958 275 48 Thompson
742 3969 67 29 co.
