2533 4342
1298 4007 135 47 1650

367 360 793 67 Kom á romi, J á nos, 1890-
502 440 1874 70 … Teri, ein roman, aus dem ungarischen übertragen von
366 518 330 54 Alexander
740 537 111 34 von
896 518 490 55 Sacher-Masoch.
1467 518 219 69 Berlin,
1731 518 385 69 Büchergilde
366 517 1986 149 Gutenberg,
553 600 151 50 1929.

439 675 526 49 2 p. l., 7-179 p. 24 ᶜᵐ.
438 730 1015 43 At head of title: Johann Kom á romi.
370 786 1953 99 “Johann Kom á romi [von René Fülöp-Miller]”: p. 171-173. “Kom á romi
529 857 105 39 [von
668 845 278 40 Alexander
977 855 94 29 von
1106 844 417 49 Sacher-Masoch]
1531 843 24 16 ”:
1619 854 44 38 p.
1697 843 217 42 173-179.

374 900 1997 52 © Mar. 9, 1929; 1c. May 2; A —Foreign 3102; Büchergilde Gutenberg.
450 959 281 49 (29-22274)

374 1051 237 67 Landis,
641 1051 192 55 David
864 1053 54 52 H
1208 1057 173 50 1864-

439 1133 56 51 A
542 1133 154 53 brief
745 1132 351 68 description
1145 1132 65 53 of
1256 1132 214 53 Indian
1517 1132 107 53 life
1673 1134 113 51 and
1837 1133 215 52 Indian
2098 1133 166 51 trade
2310 1130 67 53 of

371 1212 94 52 the
498 1210 483 69 Susquehannock
1010 1210 259 53 Indians.
1345 1211 122 53 The
1495 1210 150 54 tribe
1674 1210 187 53 which
1893 1208 297 55 inhabited
2222 1209 159 56 what

370 1289 49 53 is
460 1307 127 34 now
631 1289 309 53 Lancaster
984 1288 246 70 County,
1275 1289 446 67 Pennsylvania.
1795 1287 57 53 A
1895 1287 373 69 compilation
2311 1287 67 54 of

374 1385 108 51 pen
515 1367 250 68 pictures
796 1368 76 68 by
903 1366 98 54 the
1031 1367 228 53 earliest
1291 1366 338 69 Europeans
1661 1366 141 53 with
1835 1366 189 53 whom
2053 1367 136 69 they
2221 1385 156 34 came

372 1446 60 51 in
477 1450 239 47 contact.
790 1445 142 54 Also
976 1444 205 69 giving
1226 1464 31 33 a
1302 1446 174 68 study
1519 1444 64 53 of
1625 1445 97 52 the
1766 1450 162 48 exact
1969 1443 248 55 location
2261 1446 114 52 and

372 1524 199 67 period
603 1522 64 54 of
700 1522 340 69 occupation
1073 1522 64 54 of
1169 1522 152 54 their
1352 1522 242 69 villages
1628 1525 114 51 and
1778 1522 121 53 fort
1931 1522 135 55 sites
2096 1522 172 54 based
2301 1540 74 36 on

371 1599 2005 71 the articles found in Indian graves here … By D. H. Landis
432 1679 783 69 … [Lancaster, Pa., ᶜ1 929]
438 1758 1138 50 1 p. l., [7]-48 p. front. (port.) illus. 23 ᶜᵐ.
441 1816 170 47 Owing
640 1818 49 38 to
721 1826 62 29 an
813 1816 259 48 imperfect
1101 1816 305 49 impression,
1439 1827 43 38 p.
1512 1816 58 41 48
1600 1816 44 40 is
1673 1817 264 40 numbered
1966 1817 28 39 4
2026 1816 51 40 in
2108 1816 101 42 this
2240 1828 135 39 copy.

439 1873 153 47 “Only
626 1872 86 41 150
746 1872 161 49 copies
940 1872 101 40 will
1075 1874 57 39 be
1165 1873 195 48 printed
1394 1874 95 39 and
1524 1876 114 45 type
1670 1873 303 50 destroyed.”

439 1929 296 49 “Reprinted
768 1929 129 40 from
930 1930 83 41 the
1045 1930 268 40 Lancaster
1346 1940 108 30 new
1486 1940 84 31 era
1604 1932 97 39 and
1733 1933 104 38 also
1870 1931 343 49 Intelligencer
367 1932 1991 103 journal,
490 1987 127 40 June
644 1986 71 48 22,
741 1986 158 41 1929.”

370 2040 53 53 ©
449 2046 121 47 Aug.
596 2045 71 47 22,
693 2044 116 40 1929;
864 2044 67 41 2c.
960 2045 97 39 and
1084 2044 54 40 aff.
1195 2046 121 47 Aug.
1343 2045 57 39 24;
1455 2045 44 40 A
1524 2045 143 42 12181;
1727 2046 58 40 D.
1814 2047 61 40 H.
1904 2046 196 49 Landis,
2129 2046 240 48 Windom,

436 2102 85 40 Pa.
589 2100 281 50 (29-20987)

367 2194 201 65 Leutz,
596 2193 132 66 Ilse,
761 2200 170 49 1896-

435 2274 110 53 Die
580 2274 261 53 hochzeit
877 2275 98 52 des
1011 2293 226 50 narren,
1273 2292 200 36 roman
1510 2293 112 35 von
1660 2275 115 54 Ilse
1810 2276 195 53 Leutz.
2081 2280 45 49 1.
2164 2276 88 54 bis
2291 2278 81 52 10.

364 2352 2005 71 tausend. Berlin, Internationale bibliothek, g. m. b. h. [ ᶜ1 929]
432 2432 99 47 254,
564 2432 56 49 [2]
650 2442 44 38 p.
754 2431 57 41 19½ᶜᵐ.

369 2484 1981 109 © Apr. 28, 1929; 1c. June 28; A—Foreign 3630; Internationale bibliothek,
594 2555 42 38 g.
664 2555 61 30 m.
752 2545 42 39 b.
822 2544 45 41 h.
934 2544 283 49 (29-22256)

369 2637 206 65 Lewis,
607 2637 278 55 Clarence
913 2638 224 65 Irving,
1169 2644 172 50 1883-

431 2715 168 52 Mind
625 2715 113 52 and
763 2715 97 52 the
884 2716 379 52 world-order;
1319 2716 216 53 outline
1558 2717 65 52 of
1647 2736 33 33 a
1704 2717 203 69 theory
1932 2717 64 53 of
2019 2718 352 69 knowledge,

365 2792 2005 72 by Clarence Irving Lewis … New York, Chicago [etc.] C.
364 2869 701 68 Scribner’s sons [ ᶜ1 929]
430 2952 598 49 xiv p., 1 l., 446 p. 22 ᶜᵐ.
369 3003 52 53 ©
451 3008 102 41 Oct.
579 3010 41 47 4,
648 3008 118 40 1929;
820 3008 66 41 2c.
918 3008 104 41 Oct.
1049 3008 27 40 9;
1132 3008 83 42 aff.
1245 3008 102 42 Oct.
1377 3008 103 41 Oct.
1509 3009 29 40 8;
1593 3011 41 38 A
1661 3009 146 42 12867;
1866 3010 205 41 Charles
2100 3009 268 44 Scribner’s

436 3075 127 31 sons.
629 3064 282 50 (29-21155)

365 3156 184 66 Long,
581 3159 261 52 Esmond
870 3159 150 64 Ray,
1051 3164 171 49 1890-
1436 3164 83 52 ed.

434 3233 255 56 Selected
732 3234 270 71 readings
1044 3235 61 54 in
1148 3236 316 71 pathology
1509 3237 154 54 from
1705 3238 390 69 Hippocrates
2134 3243 59 48 to
363 3239 1984 141 Virchow,

362 3313 1984 149 edited by Esmond R. Long … Springfield, Ill., Baltimore, Md., C. C. Thomas, 1929.
431 3473 1929 53 xiv p., 1 l., 301 p., 4 l. front., 25 pl. on 24 l. (incl. ports., facsims.)
360 3529 57 40 25 ᶜᵐ.
370 3581 52 52 ©
458 3585 116 48 July
606 3586 71 48 27,
710 3586 141 48 1929;
886 3587 69 41 2c.
990 3589 98 38 and
1122 3587 82 41 aff.
1243 3587 129 49 Sept.
1407 3589 82 47 13;
1525 3589 42 39 A
1601 3589 172 48 12758;
1814 3590 203 41 Charles
2054 3590 49 42 C.
2139 3590 226 49 Thomas,

440 3641 303 49 Springfield,
774 3643 76 40 Ill.
919 3643 281 49 (29-21144)

363 3722 229 64 McFee,
621 3724 140 52 Mrs.
790 3723 136 52 Inez
954 3724 189 53 Nellie
1182 3724 322 65 (Canfield)

440 3800 1931 73 The wonderful story of science, by Inez N. McFee … New
371 3879 179 68 York,
578 3879 249 54 Thomas
857 3880 71 54 Y.
959 3879 246 55 Crowell
1231 3900 281 52 company
1546 3884 193 66 [ᶜ1929]
