2561 4405
1112 4065 69 53 97

138 409 309 54 Alabama.
521 410 167 53 Laws
694 452 11 25 ,
736 415 239 48 statutes
981 451 11 24 ,
1023 415 87 47 etc
1113 452 10 10 .

209 488 120 52 The
357 486 283 54 Alabama
672 487 135 52 code
836 486 65 53 of
932 490 162 63 1928;
1127 486 95 53 the
1253 487 229 68 general
1514 486 138 53 laws
1681 490 60 49 to
1773 485 114 53 and
138 484 1975 151 including
289 565 95 53 the
436 564 350 69 Legislative
837 565 211 53 session
1100 563 65 54 of
1219 563 151 68 1927,
1425 564 276 67 complete
1755 563 380 53 annotations.

140 642 379 55 Codification
544 643 112 52 and
683 642 364 53 annotations
1071 642 182 53 under
1277 642 95 53 the
1399 641 266 54 editorial
1691 641 359 69 supervision
2075 639 65 55 of

135 720 72 53 A.
264 721 251 52 Hewson
569 720 230 67 Michie,
855 721 242 52 indexed
1154 719 76 69 by
1286 720 249 52 Thomas
1589 718 263 55 Johnson
1909 717 229 55 Michie.

139 798 481 66 Charlottesville,
647 799 126 67 Va.,
801 798 120 53 The
949 798 213 53 Michie
1192 816 299 50 company,
1523 800 149 50 1929.

205 880 508 49 xii, 2203 p. 26½ ᶜᵐ .
140 947 52 53 ©
220 952 110 40 Jan.
358 951 68 48 10,
455 951 115 40 1929
588 962 8 37 ;
624 950 70 42 2c.
723 951 110 41 Jan.
862 951 82 48 14;
976 950 82 41 aff.
1088 951 111 41 Jan.
1227 951 83 47 28;
1342 950 41 39 A
1411 950 142 48 4128;
1587 949 176 41 Michie
1793 960 69 31 co.

218 1008 250 50 (29-3014)

133 1102 316 54 American
484 1102 154 53 child
672 1102 205 53 health
911 1102 377 56 association.

269 1178 1875 71 … Transactions, fifth annual meeting. Chicago, October
139 1262 187 64 15-19,
370 1262 149 50 1928.
604 1258 266 69 [Albany,
913 1259 69 53 N.
1027 1259 91 67 Y.,
1161 1259 123 52 The
1325 1259 167 68 Boyd
1535 1257 266 69 printing
1842 1276 298 50 company,

138 1339 151 64 1929]

206 1419 64 48 ix,
300 1420 85 40 333
414 1431 42 37 p.
514 1419 144 48 illus.,
689 1420 170 49 tables,
889 1419 180 49 diagrs.
1126 1419 147 41 22½ᶜᵐ.

139 1472 52 52 ©
223 1476 109 41 Jan.
363 1476 68 48 10,
463 1476 141 47 1929;
637 1477 67 40 2c.
736 1477 110 40 Jan.
876 1477 83 46 17;
993 1476 83 42 aff.
1108 1477 110 40 Jan.
1251 1475 83 47 16;
1369 1477 39 38 A
1439 1477 142 46 3788;
1616 1476 159 40 Amer.
1808 1475 132 41 child
1971 1474 168 42 health

207 1542 143 38 assn.,
380 1533 118 39 New
526 1533 145 40 York.

141 1627 223 65 Anson,
407 1627 100 54 Sir
547 1627 257 55 William
846 1627 267 66 Reynall,
1196 1634 126 63 bart.,
1367 1633 327 50 1843-1914.

207 1705 324 68 Principles
574 1705 66 53 of
680 1706 95 53 the
820 1706 109 53 law
973 1705 64 53 of
1080 1710 301 64 contracts,
1422 1706 173 54 based
1638 1725 73 34 on
1753 1706 97 53 the
1891 1706 250 69 original

138 1782 2002 71 text of Sir William R. Anson … as edited by Jerome C.
137 1859 2005 72 Knowlton … Rev. and ed., with American notes, by Charles
136 1938 1935 73 Joseph Turck … Chicago, Callaghan and company, 1929.
206 2022 467 49 lvii, 654 p. 23 ᶜᵐ .
209 2079 178 41 “Table
419 2079 52 41 of
501 2079 193 42 cases”:
727 2091 44 38 p.
800 2079 259 42 xxiii-lvii.

140 2131 51 54 ©
219 2136 110 41 Jan.
355 2136 71 47 29,
453 2136 141 48 1929;
623 2136 67 41 2c.
719 2138 93 39 and
842 2136 82 42 aff.
953 2137 111 40 Feb.
1092 2137 53 46 1;
1174 2136 40 40 A
1241 2136 142 47 5073;
1414 2136 269 49 Callaghan
1713 2137 36 41 &
1776 2148 67 31 co.

218 2192 251 50 (29-3162)

135 2286 314 66 Appleton,
485 2287 223 67 Victor,
744 2288 194 69 pseud.

210 2368 144 52 Tom
384 2366 176 56 Swift
587 2368 112 53 and
725 2367 91 54 his
838 2368 175 53 house
1039 2387 73 33 on
1138 2367 234 60 wheels;
1402 2387 80 50 or,
1510 2368 55 52 A
1590 2369 119 68 trip
1737 2375 58 48 to

140 2369 2000 148 the mountain of mystery, by Victor Appleton … New York, Grosset
131 2524 554 68 & Dunlap [ ᶜ192 9]
215 2605 27 38 2
266 2616 43 37 p.
373 2636 8 16 l.,
409 2604 87 42 216
521 2616 43 37 p.
623 2604 151 43 front.
834 2605 146 41 19½ᶜᵐ.
1051 2606 116 48 (His
1195 2607 118 39 Tom
1345 2606 146 42 Swift
1519 2608 176 46 series)

140 2658 52 52 ©
221 2663 110 41 Jan.
359 2662 69 47 28,
458 2663 141 47 1929;
627 2663 68 42 2c.
723 2665 97 39 and
848 2663 82 41 aff.
960 2664 110 40 Jan.
1099 2663 83 47 30;
1214 2664 40 40 A
1283 2664 142 44 5020;
1459 2665 200 42 Grosset
1688 2667 36 40 &
1754 2667 209 48 Dunlap,
1996 2668 90 42 inc.

218 2719 251 49 (29-2817)

137 2814 285 64 Baldwin,
455 2814 197 65 Roger
683 2814 188 65 Nash,
907 2820 171 50 1884-

275 2891 1866 72 … Liberty under the soviets, by Roger N. Baldwin … New
144 2969 180 70 York,
350 2970 320 70 Vanguard
699 2988 158 51 press
891 2973 171 66 [1928]

214 3052 96 48 xiv,
339 3052 85 40 272
450 3063 43 37 p.
554 3052 146 41 18½ᶜᵐ.
771 3052 287 49 (Vanguard
1088 3053 188 42 studies
1304 3055 54 40 of
1383 3056 157 41 soviet
1568 3056 206 48 Russia)

142 3105 51 54 ©
225 3110 111 41 Dec.
366 3110 40 43 5,
437 3110 142 46 1928;
611 3111 67 40 2c.
710 3111 110 40 Jan.
852 3111 69 48 18,
952 3111 141 48 1929;
1128 3111 82 42 aff.
1241 3113 113 40 Dec.
1385 3114 39 47 7,
1456 3114 140 42 1928;
1632 3115 39 39 A
1702 3115 142 47 2941;
1878 3117 265 44 Vanguard

209 3177 149 38 press,
386 3166 91 41 inc.
543 3166 251 51 (29-2912)

141 3261 257 63 Ballard,
430 3262 289 52 Emerson
751 3261 346 65 Etheridge,
1132 3268 171 50 1865-
1522 3268 84 53 ed.

208 3338 250 54 Indiana
483 3338 315 55 references
823 3340 113 53 and
962 3341 381 53 annotations.
1408 3341 378 70 Supplement
1811 3364 89 35 no.
1929 3350 48 54 9,
138 3346 1981 124 September

138 3417 1982 145 1, 1928 … Ed. by Emerson E. Ballard … Crawfordsville,
324 3495 1379 72 Ind., National annotating company [ ᶜ192 8]
208 3577 373 50 138 p. 25½ ᶜᵐ .
143 3631 52 53 ©
232 3634 128 49 Sept.
394 3634 69 49 22,
499 3634 141 43 1928:
676 3634 68 43 2c.
779 3635 97 41 and
909 3634 83 42 aff.
1027 3635 113 43 Dec.
1175 3636 83 49 21;
1295 3636 40 41 A
1369 3637 142 49 3798;
1550 3640 53 40 E.
1640 3640 52 41 E.
1729 3640 217 45 Ballard.
208 3643 1919 97 Crawfordsville,

508 3692 105 41 Ind.

142 3785 503 64 Barbe-Marbois,
687 3785 301 63 François,
1027 3805 254 51 marquis
1321 3787 89 65 de,
1454 3789 327 58 1745-1837.

211 3862 123 56 Our
362 3862 430 70 revolutionary
821 3862 380 70 forefathers;
1232 3865 97 53 the
1357 3866 195 54 letters
1582 3867 66 53 of
1958 3914 11 24 François,
140 3891 1983 119 marquis

314 3941 66 53 de
430 3940 471 55 Barbe-Marbois
949 3941 214 71 during
1207 3943 90 54 his
1344 3945 285 54 residence
1676 3946 62 55 in
1784 3949 97 55 the
1927 3951 221 58 United
