2561 4405
1151 4047 62 49 13

245 457 443 49 “Bibliographical
720 454 141 42 note”:
925 466 45 37 p.
1000 452 219 42 461-190.

175 514 51 51 ©
257 518 111 38 Dec.
397 515 69 40 29.
495 514 141 45 1928;
666 514 69 39 2c.
766 513 97 39 and
892 511 82 42 aff.
1004 511 111 40 Jan.
1143 510 41 48 3,
1215 509 141 48 1929;
1390 509 41 39 A
1459 509 142 46 2574;
1635 508 260 40 American
1925 508 255 41 historical

243 572 310 41 association.
622 568 222 50 (29-908)

177 666 384 65 Reuterdahl,
594 665 208 65 Arvid,
838 665 172 54 1876-

245 739 1941 72 The God of science, by Arvid Reuterdahl … Minneapolis,
174 823 203 67 Minn.,
407 822 122 53 The
557 821 163 68 Arya
751 838 299 50 company,
1084 819 153 52 1928.

245 902 915 52 xiv p., 1 l., 312 p. incl. front. 22 ᶜᵐ.
177 962 51 52 ©
257 965 111 40 Dec.
397 964 69 47 22,
494 962 141 47 1928;
665 962 68 40 2c.
762 961 112 41 Dec.
903 961 83 47 31;
1017 970 82 30 aff.
1129 959 112 41 Dec.
1268 958 84 48 28;
1383 959 41 39 A
1451 958 143 48 3442;
1625 959 133 48 Arya
1787 968 68 32 co.

254 1021 224 50 (29-942)

175 1116 389 63 Richardson,
601 1114 242 64 Norval,
882 1114 173 54 1877-

242 1197 214 52 Dream
483 1197 152 65 boat,
664 1195 76 69 by
770 1194 220 53 Norval
1021 1193 378 53 Richardson.
1476 1193 236 65 Boston,
1743 1192 196 66 Little,
1958 1193 231 64 Brown,

172 1276 112 52 and
314 1292 297 51 company,
642 1276 150 49 1929.

245 1354 571 51 3 p. l., [3]-323 p. 19½ ᶜᵐ.
178 1410 2008 52 © Jan. 2, 1929; 2c. and aff. Jan. 9; A 3597; N. Richardson, Gstaad,
246 1473 171 45 Berne,
451 1469 337 41 Switzerland.
857 1467 224 49 (29-922)

175 1566 320 63 Robinson,
526 1565 210 53 Daniel
769 1565 287 63 Sommer,
1091 1568 172 50 1888-
1479 1581 180 51 comp.

245 1645 95 53 An
369 1645 314 68 anthology
712 1642 64 55 of
805 1650 188 49 recent
1023 1642 378 70 philosophy;
1433 1642 299 55 selections
1764 1641 94 56 for
1887 1642 303 71 beginners

177 1724 152 53 from
365 1725 97 52 the
499 1724 264 68 writings
800 1722 65 53 of
900 1722 96 53 the
1034 1726 250 65 greatest
1320 1722 135 53 20th
1494 1727 239 64 century
1770 1722 420 69 philosophers,

175 1803 140 53 with
346 1802 400 69 biographical
778 1801 273 67 sketches,
1085 1801 259 68 analyses
1378 1801 114 52 and
1524 1801 290 68 questions
1849 1800 95 54 for
175 1801 1991 148 discussion,

357 1878 1834 71 compiled by Daniel Sommer Robinson … New York,
175 1960 249 53 Thomas
458 1960 71 51 Y.
566 1958 245 55 Crowell
842 1976 284 51 company
1274 1960 85 65 [ᶜ1929]

246 2041 712 51 xi, [1], 674 p. diagrs. 22½ ᶜᵐ.
248 2099 375 48 “Biographical
654 2099 96 39 and
781 2097 406 49 bibliographical
1217 2096 253 42 sketches”:
1534 2109 42 37 p.
1608 2097 217 42 645-662.

179 2152 1876 53 © Jan. 2, 1929; 2c. and aff. Jan. 4: A 3529; Thomas Y. Crowell co.
257 2212 223 50 (29-788)

175 2308 320 65 Robinson,
532 2308 207 53 Edwin
774 2307 340 65 Arlington,
1152 2312 172 51 1869-

249 2386 261 56 Sonnets.
550 2387 310 53 1889-1927
919 2388 94 68 [by]
1058 2387 212 53 Edwin
1306 2386 318 70 Arlington
1664 2389 312 52 Robinson.
2053 2390 139 52 New

176 2466 180 67 York,
395 2465 61 55 C.
497 2465 201 70 Gaige,
738 2469 149 50 1928.

246 2549 582 48 6 p. l. , 89 p., 1 l. 24 ᶜᵐ.
248 2607 148 39 “Five
422 2607 224 39 hundred
675 2607 96 38 and
801 2605 243 48 sixty-one
1075 2606 264 40 numbered
1370 2607 174 47 copies,
1576 2607 52 40 of
1657 2607 159 41 which
1847 2608 93 40 five
1969 2609 223 40 hundred

176 2664 101 39 will
309 2664 56 39 be
395 2663 79 40 for
505 2665 115 45 sale,
653 2666 97 38 and
780 2663 113 40 nine
926 2663 160 47 copies
1120 2674 60 28 on
1213 2673 146 38 green
1392 2674 164 38 paper,
1592 2675 128 31 were
1753 2665 194 48 printed
1981 2667 62 46 by
175 2666 1997 94 William
328 2721 172 39 Edwin

535 2721 182 45 Rudge.
780 2720 133 40 Each
947 2731 119 37 copy
1100 2720 169 47 signed
1302 2721 61 46 by
1399 2721 82 41 the
1514 2722 192 40 author.
1771 2723 327 48 Typography
2131 2725 62 45 by

175 2779 71 39 W.
282 2778 54 40 A.
372 2777 265 48 Dwiggins.
702 2777 310 41 Distributed
1047 2778 50 38 in
1131 2777 223 41 America
1391 2779 61 47 by
1488 2778 223 41 Random
1747 2779 165 41 house.
1977 2781 215 40 Number

173 2834 129 42 522.”

244 2891 120 40 This
395 2902 119 37 copy
545 2893 85 38 not
662 2890 184 49 signed.

179 2943 1991 112 © Nov. 1, 1928; 2c. Nov. 14; a ff. Dec. 7; A 3518; Macmillan co. [© additional new poem] (28-26933)
175 3099 284 64 Rølvaag,
496 3100 102 53 Ole
636 3101 249 63 Edvart,
923 3103 172 52 1876-

245 3178 1941 73 Peder Victorious, a novel by O. E. Rölvaag … translated
177 3256 2012 71 from the Norwegian, English text by Nora O. Solum … and
174 3334 96 54 the
300 3336 221 52 author.
589 3335 139 53 New
759 3336 163 53 York
952 3336 114 53 and
1094 3336 262 68 London,
1385 3338 236 68 Harper
1650 3340 47 51 &
1724 3337 282 68 brothers,
2039 3344 150 50 1929.

244 3415 476 51 4 p. l., 350 p. 19½ ᶜᵐ.
247 3474 196 42 Carries
473 3485 58 28 on
567 3476 83 39 the
679 3476 161 39 theme
871 3476 52 40 of
955 3476 83 40 the
1067 3476 222 41 author’s
1319 3477 206 42 “Giants
1554 3478 50 40 in
1637 3480 83 40 the
1750 3480 188 42 earth”.

177 3527 53 53 ©
260 3532 111 40 Jan.
398 3533 41 45 4,
469 3532 141 44 1929;
642 3533 68 39 2c.
740 3533 110 41 Jan.
879 3534 27 38 4;
965 3533 82 41 aff.
1079 3534 110 41 Jan.
1218 3535 27 39 7;
1302 3535 44 38 A
1373 3535 142 47 3576;
1548 3536 196 49 Harper
1775 3538 36 40 &
1841 3538 125 42 bros.

255 3588 253 49 (29-1081)

174 3671 185 62 Ruck,
398 3671 203 53 Berta.

243 3748 121 52 The
399 3747 322 55 Christmas
755 3750 244 53 crasher.

253 3830 84 49 (In
367 3827 356 44 Hutchinson’s
760 3829 278 53 magazine,
1070 3831 132 51 Dec.,
1238 3832 145 50 1928)

177 3881 2010 61 © 1c. Jan. 8, 1929; A ad int. 12226; pubd. Nov. 12, 1928; Berta Ruck
244 3943 177 47 Oliver,
454 3944 186 41 Clewer
669 3945 171 45 Green,
873 3947 242 43 Windsor,
1147 3949 238 48 England.
