2582 4377
1376 4071 66 50 40

386 512 2005 73 Philadelphia (Edgar Allan Poe) … Philadelphia [Press of
385 593 960 66 Patterson & White co., ᶜ192 8]
457 673 1017 53 112 p. front. (port.) facsim. 22½ᶜᵐ.
393 746 51 50 ©
472 750 113 39 Dec.
611 748 70 47 24,
709 745 140 47 1928;
880 746 67 39 2c.
975 747 97 38 and
1099 743 83 41 aff.
1210 744 113 40 Dec.
1350 743 83 48 29;
1463 743 42 40 A
1532 743 142 46 3638;
1706 743 43 41 J.
1778 743 226 48 Jackson,
2036 742 357 48 Philadelphia.

390 871 234 63 Jessup,
665 868 357 64 Alexander,
1066 868 83 53 ed.

460 948 469 70 Representative
970 946 237 54 modern
1252 947 160 53 short
1453 944 219 72 stories,
1717 945 191 55 edited
1948 947 76 69 by
2065 946 331 54 Alexander

388 1026 1765 71 Jessup … New York, The Macmillan company, 1929.
461 1104 1145 53 xiii p., 1 l., 950 p. front. (facsim.) 24 ᶜᵐ .
463 1180 133 40 “List
631 1179 52 41 of
717 1176 386 50 representative
1139 1177 199 40 modern
1373 1177 138 40 short
1546 1176 205 41 stories”:
1815 1188 45 37 p.
1895 1175 219 43 863-950.

395 1246 1678 53 © Jan. 15, 1929; 2c. and aff. Jan. 16; A 3746; Macmillan co.
472 1305 251 50 (29-1675)

391 1415 235 65 Jessup,
657 1414 148 53 Elon
832 1413 401 65 Huntington,
1265 1418 170 50 1885-

467 1491 132 56 Skis
642 1492 113 53 and
796 1491 235 69 ski-ing,
1071 1492 77 68 by
1190 1491 150 52 Elon
1382 1490 238 68 Jessup;
1664 1489 327 54 illustrated
2035 1489 141 53 with
392 1489 2004 135 sixty-seven

589 1570 398 69 photographs
1020 1569 113 54 and
1167 1573 295 49 seventeen
1498 1568 306 70 drawings.
1880 1567 260 70 London,
394 1568 1976 134 Hutchinson
587 1650 47 51 &

663 1666 98 50 co.,
790 1648 106 53 ltd.
931 1650 173 65 [1929]

464 1728 1463 51 4 p. l., 13-192 p. front., illus., plates, diagrs. 19½ ᶜᵐ .
397 1798 2002 52 © 1c. Jan. 12, 1929; A ad int. 12218; pubd. Nov. 16, 1928; E. H. Jessup,
465 1858 298 47 Bronxville,
795 1858 56 39 N.
884 1858 53 38 Y.
1008 1856 251 49 (29-2364)

394 1966 235 64 Jessup,
662 1967 208 62 Henry
899 1966 284 64 Wynans,
1218 1970 173 50 1864-

464 2047 332 52 Abimelech
837 2046 156 67 Pott,
1034 2046 94 52 the
1168 2045 133 53 Don
1344 2043 248 64 Quixote
1632 2046 63 52 of
1735 2047 97 52 the
1870 2046 122 64 bar,
2033 2065 31 34 a
2104 2048 184 63 novel,
2329 2047 74 69 by

393 2125 204 61 Henry
633 2124 259 62 Wynans
926 2124 226 62 Jessup.
1228 2123 139 53 New
1403 2124 180 57 York.
1616 2124 91 53 W.
1746 2124 192 62 Neale,
1976 2126 151 52 1928.

467 2206 85 41 187
579 2217 43 37 p.
682 2204 147 41 20½ᶜᵐ.

400 2273 52 52 ©
480 2277 119 40 Nov.
626 2277 70 46 22,
725 2275 117 41 1928:
896 2276 68 39 2c.
993 2276 95 39 and
1117 2274 83 41 aff.
1228 2275 112 41 Dec.
1370 2275 52 47 6;
1454 2276 42 38 A
1522 2275 142 47 2824;
1696 2277 60 39 H.
1787 2277 73 41 W.
1890 2277 190 48 Jessup,
2111 2277 118 39 New
2258 2277 146 41 York.

478 2333 252 49 (29-1676)

465 2440 1938 75 Hearsay, the story of a lie … New York, W. Neale, 1928.
468 2525 86 40 147
583 2536 44 37 p.
685 2523 148 42 20½ᶜᵐ.

469 2597 228 39 Lettered
724 2606 59 30 on
812 2605 167 30 cover:
1012 2595 168 47 Henry
1210 2595 216 47 Wynans
1455 2594 192 48 Jessup.

402 2663 52 52 ©
482 2667 118 40 Nov.
628 2667 70 47 22,
727 2667 142 41 1928;
898 2667 68 39 2c.
995 2667 96 39 and
1120 2665 83 41 aff.
1232 2666 112 40 Dec.
1373 2666 52 47 6;
1456 2665 42 39 A
1524 2665 142 47 2825;
1699 2665 60 40 H.
1789 2666 72 40 W.
1891 2666 190 48 Jessup,
2113 2666 117 40 New
2259 2666 141 40 York.

480 2723 226 49 (29-1673)

397 2818 314 64 Johnston,
747 2818 290 64 Wijnant,
1074 2822 171 50 1890-

470 2895 237 70 Eyelids
746 2894 65 54 of
848 2895 97 54 the
982 2914 181 48 morn,
1201 2895 77 69 by
1315 2894 268 70 Wijnant
1621 2895 307 68 Johnston,
1966 2895 326 54 illustrated
2331 2896 75 69 by

399 2974 95 53 the
532 2975 220 52 author.
829 2974 138 52 New
1009 2973 163 53 York
1210 2974 113 52 and
1361 2974 260 67 London,
1658 2974 73 51 D.
1769 2973 299 68 Appleton
2107 2975 113 52 and
400 2993 1982 128 company,
601 3055 152 50 1929.

471 3134 825 50 5 p. l., 248, [1] p. illus. 20 ᶜᵐ .
405 3203 52 52 ©
484 3206 110 40 Jan.
621 3206 69 46 11,
718 3204 141 47 1929;
886 3205 69 40 2c.
982 3206 96 38 and
1104 3204 83 40 aff.
1215 3204 110 40 Jan.
1353 3205 82 46 17;
1464 3204 43 39 A
1530 3203 143 47 2868;
1704 3205 57 38 D.
1789 3204 241 48 Appleton
2058 3204 35 40 &
2121 3216 68 30 co.

483 3261 251 50 (29-1809)

401 3357 239 52 Kansas
669 3355 155 64 City,
855 3356 114 53 Mo.
1046 3356 197 53 Board
1274 3355 64 68 of
1366 3355 317 53 education.

474 3432 306 53 Activities
811 3431 64 54 of
905 3433 95 52 the
1031 3432 220 69 library
1284 3432 236 68 platoon
1551 3432 237 68 schools,
1820 3433 229 54 Kansas
2081 3432 153 70 City,

403 3433 1978 131 Missouri.
649 3509 221 70 George
902 3510 271 65 Melcher,
1207 3510 487 69 superintendent.
1776 3510 246 68 [Kansas
2058 3510 153 72 City]
2255 3513 150 53 1928.

478 3591 1384 50 1 p. l., 7-110 p. illus., pl., fold. plan, diagr. 23 ᶜᵐ .
480 3663 153 40 Stella
660 3662 60 40 H.
747 3662 215 48 Pierson,
991 3662 267 48 chairman,
1287 3663 315 47 Elementary
1628 3664 163 40 school
1819 3663 188 48 library
2035 3664 290 41 committee.

476 3719 161 39 Blank
682 3722 146 44 pages
872 3718 79 40 for
996 3719 274 40 additional
1317 3719 199 41 “Poems
1563 3720 96 40 and
1705 3719 282 49 quotations
2033 3721 150 40 about
2229 3720 176 42 books”

418 3775 192 49 (90-93)

479 3831 350 48 Bibliography
856 3833 52 37 at
933 3832 90 39 end
1051 3831 53 40 of
1130 3833 119 39 each
1276 3832 228 49 chapter;
1538 3832 297 49 “Suggested
1864 3833 148 41 books
2038 3833 81 41 for
2147 3834 260 40 children’s

411 3886 256 49 reading”:
700 3898 44 37 p.
776 3887 187 41 99-107.

409 3953 52 52 ©
486 3958 110 39 Jan.
621 3957 40 48 8,
686 3957 140 47 1929;
852 3959 67 39 2c.
944 3959 95 39 and
1065 3958 82 41 aff.
1173 3959 110 40 Jan.
1307 3959 82 41 12;
1416 3959 41 39 A
1481 3959 142 47 2820;
1652 3960 163 40 Board
1841 3960 51 40 of
1916 3960 259 40 education
2202 3960 51 40 of
477 3961 1912 93 Kansas
585 4013 123 48 City,
737 4015 92 39 Mo.
896 4014 251 49 (29-1561)
