2561 4405
1111 4066 101 55 117

172 425 151 65 Dull,
354 424 247 57 Charles
632 425 68 52 El
703 425 183 63 wood,
920 426 170 54 1878-

242 503 359 67 Laboratory
636 502 271 54 exercises
942 502 60 51 in
1037 501 247 70 physics.
1359 502 138 53 Rev.
1535 502 86 53 ed.
1696 504 92 67 By
1827 501 236 56 Charles
2100 504 69 51 E.

172 577 1605 73 Dull … New York, H. Holt and company [ᶜ192 9]
241 658 982 52 vii, 217 p., 8 l. illus., diagrs. 25 ᶜᵐ .
242 729 286 43 Loose-leaf.

242 787 121 39 Part
393 786 52 40 of
473 796 146 39 pages
651 787 162 39 blank.

241 843 168 48 Graph
433 853 178 39 paper:
640 843 28 40 8
693 843 165 40 leaves
883 844 54 40 at
963 843 109 40 end.

244 899 271 48 “Designed
544 902 50 38 to
621 909 293 39 accompany
947 900 97 49 [the
1072 898 235 51 author’s]
1340 900 200 39 Modern
1571 899 434 49 physics.”—Pref.

168 966 52 54 ©
256 971 110 40 Jan.
401 970 71 49 26,
506 969 142 50 1929;
685 971 69 42 2c.
790 970 112 42 Feb.
937 971 54 47 2;
1030 970 82 42 aff.
1151 970 111 41 Feb.
1300 972 51 46 1;
1391 971 40 39 A
1469 969 141 43 5086:
1650 970 169 50 Henry
1856 972 119 40 Holt
2011 972 37 41 &
2085 982 82 38 co.,

231 1027 92 42 inc.
393 1027 251 50 (29-3301)

164 1122 244 63 Dumas,
440 1121 356 65 Alexandre,
831 1122 326 54 1802-1870.

231 1201 82 53 Le
362 1201 243 53 vicomte
656 1202 69 51 de
778 1200 390 71 Bragelonne;
1221 1219 91 56 ou,
1361 1201 119 52 Dix
1531 1221 102 35 ans
1684 1203 131 67 plus
1865 1204 151 67 tard,
2066 1223 107 50 par

161 1279 332 52 Alexandre
541 1280 237 68 Dumas,
831 1278 279 69 abridged
1162 1280 112 52 and
1327 1279 190 54 edited
1570 1280 141 54 with
1761 1279 409 71 introduction,

160 1354 2012 76 notes, and vocabulary by Theodore Ely Hamilton … New
162 1435 1138 72 York, H. Holt and company [ ᶜ192 9]
232 1513 1158 54 xxiii, 398 p. front. (port.) plates. 17½ ᶜᵐ .
233 1588 76 38 An
340 1587 307 48 abridgment
683 1588 52 39 of
767 1599 43 29 v.
844 1588 22 38 1
905 1587 51 39 of
989 1588 82 39 the
1106 1586 219 42 author’s
1361 1587 254 41 historical
1651 1598 225 31 romance
1909 1589 51 39 in
1995 1589 25 40 5
2053 1591 119 40 vols.

161 1645 62 49 cf.
254 1645 131 41 Pref.

164 1713 52 53 ©
241 1718 110 40 Jan.
375 1718 69 47 18,
468 1716 142 48 1929;
636 1718 68 39 2c.
730 1718 110 40 Jan.
864 1717 84 47 23;
975 1716 83 41 aff.
1084 1718 109 39 Jan.
1218 1718 84 48 24;
1329 1718 43 39 A
1393 1718 144 48 4050;
1565 1719 169 48 Henry
1761 1720 119 39 Holt
1905 1720 37 39 &
1967 1730 81 38 co.,
2077 1720 91 40 inc.

235 1769 69 54 [©
339 1773 345 49 introduction,
720 1776 152 47 notes,
908 1775 96 40 and
1038 1775 311 49 vocabulary]
1426 1773 252 53 (29-3283)

163 1869 319 63 Edginton,
512 1867 187 54 Helen
729 1869 251 54 Marion.

232 1945 221 71 Spring
481 1964 160 51 song,
669 1946 77 69 by
774 1947 141 70 May
946 1947 316 69 Edginton.
1344 1948 365 67 [Instalment
1740 1954 49 63 1]

240 2030 83 47 (In
352 2025 209 45 Woman
591 2026 97 43 and
719 2026 142 42 home
894 2025 276 53 magazine,
1203 2026 125 51 Jan.,
1365 2028 144 50 1929)

164 2081 2006 58 © 1c. Feb. 15, 1929; A ad int. 12340; pubd. Dec. 20, 1928; Helen Marion
232 2142 244 49 Edginton
506 2141 158 50 Baily,
695 2143 31 40 i.
757 2155 38 28 e.
828 2143 117 41 Mrs.
977 2143 166 40 Frank
1175 2144 52 39 E.
1261 2142 158 50 Baily,
1452 2145 213 41 London.

162 2236 234 65 Fairlie,
442 2237 244 55 Gerard.

236 2314 121 54 The
386 2333 218 51 reaper,
630 2314 76 70 by
735 2314 223 57 Gerard
988 2316 232 54 Fairlie.
1298 2318 236 68 Boston,
1564 2318 196 69 Little,
1792 2320 231 69 Brown,
2054 2322 112 53 and

164 2410 298 53 company,
497 2395 152 51 1929.

236 2473 516 50 2 p. l., 41 p. 19 ᶜᵐ .
161 2527 52 53 ©
245 2531 112 40 Feb.
385 2532 42 47 4,
456 2530 141 49 1929;
627 2531 70 42 2c.
726 2533 95 39 and
852 2531 83 43 aff.
965 2533 112 40 Feb.
1108 2533 52 46 5;
1194 2534 39 38 A
1263 2533 143 49 4231;
1440 2535 53 41 G.
1526 2535 197 51 Fairlie,
1755 2537 212 43 London.

237 2587 252 50 (29-3491)

162 2681 193 65 Féval,
394 2681 164 66 Paul,
603 2688 170 49 1860-

235 2760 122 52 The
379 2760 126 52 heir
527 2759 67 55 of
616 2761 423 70 Buckingham,
1064 2762 76 69 by
1165 2764 150 53 Paul
1338 2765 198 67 Feval,
1560 2765 110 68 fils,
1696 2767 115 52 and
1837 2767 81 53 M.
1943 2768 226 69 Lassez,

162 2837 317 53 translated
500 2837 75 69 by
597 2838 157 53 John
775 2839 91 54 W.
892 2837 199 57 Chase.
1167 2841 259 68 London,
1451 2842 139 54 New
1614 2842 164 55 York
1827 2850 120 63 [etc.]
163 2843 1981 144 Longmans,

372 2913 187 56 Green
590 2916 113 52 and
735 2934 98 49 co.,
865 2918 152 52 1929.

235 2996 27 39 4
309 3008 43 36 p.
436 3027 8 17 l.,
492 2995 86 43 312
627 3008 43 37 p.
730 2998 146 40 19½ᶜᵐ.
961 2998 117 47 (His
1128 3000 103 40 The
1279 3012 144 37 years
1473 3003 244 49 between;
1770 3007 296 42 adventures
2117 3009 52 40 of

165 3051 316 49 D’Artagnan
510 3054 95 40 and
636 3054 192 47 Cyrano
858 3056 58 40 de
946 3056 257 48 Bergerac,
1321 3058 14 47 IV)

161 3106 53 52 ©
245 3110 110 41 Jan.
384 3111 73 47 23,
488 3109 114 42 1929;
661 3113 70 40 2c.
762 3112 113 41 Feb.
902 3114 55 46 4;
991 3113 82 42 aff.
1106 3114 112 41 Jan.
1246 3115 85 47 31;
1366 3117 41 38 A
1435 3117 144 47 4220;
1615 3118 290 50 Longmans,
1938 3121 158 42 Green
2129 3127 36 40 &

229 3178 68 29 co.
364 3166 252 51 (29-3430)

234 3245 121 53 The
378 3250 177 50 secret
577 3246 65 53 of
664 3248 96 53 the
785 3248 260 69 Bastille,
1069 3250 75 69 by
1169 3251 149 54 Paul
1344 3253 196 68 Feval,
1565 3254 107 69 fils,
1698 3256 114 53 and
1838 3256 80 54 M.
1943 3258 223 69 Lassez,

168 3323 312 53 translated
531 3324 77 68 by
660 3325 156 54 John
869 3326 91 55 W.
1015 3327 198 55 Chase.
1289 3330 261 69 London,
1603 3332 139 54 New
1798 3334 165 53 York
2039 3341 121 64 [etc.]

162 3399 346 70 Longmans,
535 3400 187 55 Green
751 3404 113 52 and
893 3422 98 50 co.,
1022 3408 151 51 1929.

233 3481 1934 60 4 p. l., 303 p. 19½ ᶜᵐ . (His The years between; adventures of
165 3537 313 48 D’Artagnan
513 3540 95 39 and
641 3539 193 48 Cyrano
867 3542 59 41 de
957 3542 256 49 Bergerac,
1344 3546 14 46 III)

160 3589 52 52 ©
237 3595 110 40 Jan.
370 3596 70 47 23,
466 3595 142 49 1929;
633 3598 68 40 2c.
727 3598 111 41 Feb.
862 3600 54 48 4;
943 3599 83 42 aff.
1051 3601 112 40 Jan.
1185 3602 84 47 31;
1295 3604 42 39 A
1360 3604 143 48 4219;
1531 3608 289 48 Longmans,
1849 3608 156 41 Green
2032 3610 35 42 &
2093 3622 68 31 co.

238 3650 251 53 (29-3431)

161 3744 203 66 Filley,
396 3747 230 55 Horace
660 3749 198 67 Clyde,
895 3753 171 55 1878-

230 3824 1934 88 Cooperation in agriculture, by H. Clyde Filley … New
159 3902 180 69 York,
372 3905 57 53 J.
463 3905 193 71 Wiley
689 3910 45 49 &
768 3926 146 53 sons,
949 3910 138 68 inc.;
1126 3912 260 70 London,
1422 3914 303 71 Chapman
1760 3921 46 49 &

1842 3920 142 52 Hall
159 3916 1979 139 limited,
327 3985 149 49 1929.
