2533 4342
1353 4026 136 51 1636

414 373 283 65 Graham,
725 372 283 64 Stephen,
1039 375 172 51 1884-

482 454 171 52 Peter
683 453 96 52 the
815 450 180 56 Great
1051 449 95 69 [by]
1187 447 254 70 Stephen
1476 446 275 56 Graham.
1824 445 142 54 New
2001 443 182 70 York,
2220 443 200 57 Simon

414 532 115 53 and
557 530 288 68 Schuster,
873 531 153 51 1929.

477 605 1471 55 4 p. l., 339 p., 1 l. front., illus., plates, ports. 23 ½ᶜᵐ .
417 676 53 53 ©
499 681 104 41 Oct.
630 681 40 48 3,
699 679 142 48 1929;
870 679 69 41 2c.
969 680 99 39 and
1097 678 83 41 aff.
1210 678 104 41 Oct.
1343 679 54 46 7;
1428 677 42 39 A
1497 676 174 48 13939;
1704 676 166 41 Simon
1899 675 37 42 &
1966 675 246 47 Schuster,
2242 675 93 39 inc.

493 735 282 51 (29-20821)

414 830 352 64 Haldeman,
794 830 171 52 Isaac
993 830 260 62 Massey,
1286 833 172 49 1845-

487 909 57 53 A
565 908 189 70 king’s
778 907 279 70 penknife
1074 926 12 49 ;
1113 928 80 48 or,
1217 907 155 70 Why
1396 906 33 53 I
1453 926 93 35 am
1569 909 255 67 opposed
1848 911 59 49 to
1931 904 349 56 modernism
2327 905 95 70 [by]

415 984 1914 68 I. M. Haldeman … New York city, F. E. Fitch, inc. [ ᶜ1 929]
479 1067 221 52 165 p. 21ᶜᵐ.
416 1135 53 53 ©
502 1140 129 48 Sept.
658 1138 70 49 10,
758 1138 142 48 1929;
930 1138 69 41 2c.
1029 1139 97 39 and
1154 1137 84 43 aff.
1269 1138 131 48 Sept.
1429 1137 83 48 16;
1544 1137 42 39 A
1613 1136 174 48 13376;
1818 1138 39 41 I.
1887 1138 63 39 M.
2032 1137 242 47 Haldeman,
2302 1136 119 40 New

484 1196 146 41 York.
697 1194 282 50 (29-20806)

414 1289 333 64 Hammett,
776 1287 180 54 Louis
986 1287 200 66 Plack,
1220 1294 172 49 1894-

491 1368 294 57 Solutions
840 1368 64 53 of
956 1368 375 69 electrolytes,
1385 1367 142 52 with
1581 1367 319 69 particular
1956 1367 356 69 application
2364 1371 61 48 to

416 1444 2007 72 qualitative analysis, by Louis P. Hammett … 1st ed. New
416 1526 165 53 York
633 1530 121 62 [etc.]
788 1524 434 55 McGraw-Hill
1250 1523 149 54 book
1426 1542 301 51 company,
1756 1525 128 69 inc.,
1916 1525 150 52 1929.

482 1605 67 49 ix,
580 1605 87 40 211
700 1615 44 38 p.
805 1604 180 49 diagrs.
1155 1636 9 9 21ᶜᵐ.
1235 1603 303 50 (Half-title:
1572 1604 364 41 International
1972 1604 236 41 chemical
2242 1604 180 48 series;

412 1658 1178 51 J. F. Norris … consulting editor) $2.25
484 1731 391 42 “International
903 1731 181 41 atomic
1111 1730 221 49 weights,
1361 1729 146 42 1929”
1536 1742 61 29 on
1626 1730 343 50 lining-paper.

484 1788 353 42 “References”
864 1791 53 38 at
942 1790 94 39 end
1063 1787 52 42 of
1141 1790 128 39 most
1294 1787 52 41 of
1373 1788 83 40 the
1482 1788 244 48 chapters.

419 1855 53 54 ©
512 1860 129 48 Sept.
677 1860 70 49 27,
784 1859 142 47 1929;
964 1859 70 40 2c.
1073 1859 130 48 Sept.
1239 1858 84 48 30;
1362 1857 84 42 aff.
1486 1858 130 49 Sept.
1654 1858 84 48 28;
1778 1859 42 39 A
1857 1859 172 47 13722;
2071 1858 354 41 McGraw-Hill

488 1917 124 40 book
640 1926 83 39 co.,
754 1915 92 42 inc.
914 1914 284 51 (29-20878)

416 2010 252 65 Heuser,
700 2010 265 53 Herman
996 2009 242 65 Joseph,
1273 2014 171 50 1851-

418 2088 2005 150 From Tarsus to Rome, the story of the first Christian hierarchy, by Herman J. Heuser … London, New York t etc.]
419 2246 349 69 Longmans,
797 2244 188 56 Green
1016 2246 114 53 and
1159 2264 100 51 co.,
1290 2248 150 53 1929.

483 2325 654 50 vii p., 2 l., 167 p. 19ᶜᵐ.
486 2382 26 18 “
531 2382 159 41 ‘From
731 2382 186 41 Tarsus
957 2383 50 39 to
1050 2381 166 41 Rome’
1258 2383 261 47 completes
1564 2382 83 41 the
1692 2382 193 49 trilogy,
1930 2382 157 49 begun
2131 2382 51 41 in
2227 2383 73 40 ‘In
2343 2384 84 40 the

415 2439 260 48 workshop
707 2439 52 41 of
794 2438 142 42 Saint
968 2438 198 49 Joseph’
1200 2440 97 39 and
1332 2438 262 41 continued
1629 2439 52 39 in
1716 2439 116 40 ‘The
1865 2440 152 39 house
2051 2439 53 41 of
2138 2440 199 40 Martha
2375 2440 53 39 at

414 2494 649 49 Bethany’.”—Publisher’s
1096 2497 402 39 announcement.

421 2549 53 53 ©
503 2554 129 48 Sept.
659 2554 70 48 18,
755 2552 143 48 1929;
925 2553 70 41 2c.
1026 2553 128 48 Sept.
1181 2552 83 48 24;
1295 2551 84 43 aff.
1409 2552 130 49 Sept.
1565 2552 84 48 25;
1679 2553 42 39 A
1747 2552 172 49 13576;
1949 2553 291 48 Longmans,
2270 2552 157 41 Green

488 2609 38 42 &
551 2620 68 32 co.
686 2609 281 50 (29-20814)

412 2704 283 64 Hichens,
724 2704 224 53 Robert
976 2703 272 64 Smythe.

490 2780 94 56 On
620 2783 96 51 the
753 2782 184 53 banks
972 2781 67 53 of
1074 2783 99 52 the
1207 2781 149 54 Nile.

521 2864 62 39 (In
612 2860 242 53 Harper’s
885 2860 187 43 bazaar
1103 2860 279 53 magazine,
1415 2860 124 52 Oct.,
1572 2860 146 51 1929)

421 2915 2004 53 © 1c. Nov. 13, 1929; A ad int. 13211; pubd. Oct. 8; R. S. Hichens, Tour
488 2977 59 39 de
574 2976 146 49 Peilz,
748 2986 121 31 near
895 2977 176 48 Vevey,
1103 2976 338 41 Switzerland.

412 3070 357 65 Higginson,
799 3071 72 54 A.
902 3070 227 64 Henry.

490 3146 96 55 An
613 3148 96 52 old
737 3148 197 53 hound
963 3147 328 68 “babbles”;
1325 3168 31 33 a
1385 3148 232 69 preface
1645 3149 77 69 by
1750 3150 97 52 the
1877 3150 208 52 author
2114 3156 60 47 to
2202 3150 225 52 Letters

422 3225 154 53 from
605 3244 74 34 an
708 3226 96 53 old
835 3230 328 64 sportsman
1192 3231 60 48 to
1283 3244 32 35 a
1346 3243 195 53 young
1571 3244 123 51 one,
1724 3226 77 70 by
1831 3226 72 54 A.
1935 3227 207 69 Henry
420 3226 1981 131 Higginson.
598 3304 341 53 Illustrated
962 3305 78 68 by
1060 3304 204 53 Lionel
1290 3305 301 53 Edwards.
1636 3304 235 56 Garden
1900 3304 153 71 City,
2077 3305 142 54 New
2245 3304 183 69 York,

418 3381 359 69 Doubleday,
806 3382 203 52 Doran
1036 3383 47 50 &
1111 3400 301 51 company,
1438 3382 129 68 inc.,
1598 3386 152 50 1929.

487 3463 40 48 5,
566 3463 56 51 [2]
659 3474 44 38 p.
766 3463 131 41 illus.
1069 3495 9 9 22ᶜᵐ.

424 3515 53 53 ©
503 3519 130 49 Sept.
656 3519 70 49 28,
752 3519 142 46 1929;
920 3519 66 40 2c.
1015 3520 96 40 and
1137 3519 84 42 aff.
1248 3519 103 42 Oct.
1376 3521 83 46 11;
1487 3521 44 39 A
1555 3519 172 50 14089;
1756 3521 301 49 Doubleday,
2085 3521 168 41 Doran
2279 3521 37 41 &
2342 3531 82 38 co.,

488 3575 92 42 inc.

419 3666 247 67 Jünger,
694 3669 206 65 Ernst,
932 3675 173 49 1895-

491 3746 195 56 Storm
724 3746 65 53 of
828 3747 166 69 steel;
1039 3747 155 54 from
1232 3749 99 53 the
1371 3749 169 69 diary
1580 3748 65 53 of
1686 3767 32 35 a
1760 3750 252 55 German
2050 3755 376 63 storm-troop

417 3823 182 53 officer
632 3842 72 34 on
734 3825 97 52 the
864 3830 241 48 western
1141 3825 178 68 front,
1351 3826 77 69 by
1460 3828 178 52 Ernst
1675 3829 242 67 Jünger,
1950 3827 333 67 lieutenant,
2318 3828 107 54 73d

416 3901 375 54 Hanoverian
826 3902 229 54 fusilier
1088 3903 306 70 regiment;
1433 3905 319 53 translated
1785 3906 76 69 by
1895 3905 162 55 Basil
2092 3905 334 69 Creighton,
