<alto xmlns="http://www.loc.gov/standards/alto/ns-v3#" xmlns:xlink="http://www.w3.org/1999/xlink" xmlns:xsi="http://www.w3.org/2001/XMLSchema-instance" xsi:schemaLocation="http://www.loc.gov/standards/alto/ns-v3# http://www.loc.gov/alto/v3/alto-3-0.xsd"><Description>
<MeasurementUnit>pixel</MeasurementUnit>
<sourceImageInformation>
<fileName>1929_v26_part001.pdf</fileName>
</sourceImageInformation>
<OCRProcessing ID="IdOcr">
<ocrProcessingStep>
<processingDateTime>2019-04-18</processingDateTime>
<processingSoftware>
<softwareCreator>ABBYY</softwareCreator>
<softwareName>ABBYY Recognition Server</softwareName>
<softwareVersion>4.0</softwareVersion>
</processingSoftware>
</ocrProcessingStep>
</OCRProcessing>
</Description>
<Styles>
<ParagraphStyle ID="StyleId-FFFFFFFF-FFFF-FFFF-FFFF-FFFFFFFFFFFF-" ALIGN="Left" LEFT="0." RIGHT="0." FIRSTLINE="0."/>
<ParagraphStyle ID="StyleId-11A520CB-49B0-4D42-A675-089886D5B704-" ALIGN="Center" LEFT="0." RIGHT="0." FIRSTLINE="0." LINESPACE="7.699999809"/>
<ParagraphStyle ID="StyleId-2AEC4724-E584-48A1-8E6D-86B1AA154223-" ALIGN="Left" LEFT="0." RIGHT="0." FIRSTLINE="0." LINESPACE="12.19999981"/>
<ParagraphStyle ID="StyleId-5ADCDE1D-F34B-405C-A765-E9B51F6229BD-" ALIGN="Left" LEFT="0." RIGHT="0." FIRSTLINE="-13." LINESPACE="8.050000191"/>
<ParagraphStyle ID="StyleId-D0AEFB96-F81D-4367-8545-C0AC945FA34C-" ALIGN="Block" LEFT="0." RIGHT="0." FIRSTLINE="-13." LINESPACE="8.899999619"/>
<ParagraphStyle ID="StyleId-9A3BB592-4BA4-4F85-B157-B9A7F1FC9680-" ALIGN="Left" LEFT="0." RIGHT="0." FIRSTLINE="0."/>
<ParagraphStyle ID="StyleId-E9D6144A-CFDC-4919-911D-02B0461DB967-" ALIGN="Left" LEFT="0." RIGHT="0." FIRSTLINE="-13." LINESPACE="23.43000031"/>
<ParagraphStyle ID="StyleId-EEECFC68-AAC5-42B1-B3BF-987799B5B74A-" ALIGN="Block" LEFT="0." RIGHT="0." FIRSTLINE="0." LINESPACE="23.43000031"/>
<ParagraphStyle ID="StyleId-98D20B11-A9BB-4FAB-8DC8-DC8C43F3755E-" ALIGN="Left" LEFT="0." RIGHT="0." FIRSTLINE="0." LINESPACE="10.5"/>
<ParagraphStyle ID="StyleId-C279DBAD-2656-4352-93E6-C942618B09B1-" ALIGN="Block" LEFT="0." RIGHT="0." FIRSTLINE="-13." LINESPACE="8.770000458"/>
<ParagraphStyle ID="StyleId-A539B2D0-654F-45BA-9385-D7E681D9BD87-" ALIGN="Block" LEFT="0." RIGHT="0." FIRSTLINE="0." LINESPACE="8.18999958"/>
<ParagraphStyle ID="StyleId-CFE66565-54F2-45CF-9511-65151219B0BC-" ALIGN="Left" LEFT="0." RIGHT="0." FIRSTLINE="-12." LINESPACE="12.19999981"/>
<ParagraphStyle ID="StyleId-37B60A95-D7B9-4720-9D46-F2E763AAD699-" ALIGN="Block" LEFT="0." RIGHT="0." FIRSTLINE="0." LINESPACE="12.19999981"/>
<ParagraphStyle ID="StyleId-255154CA-71AA-47B9-A5EB-ED90642010CE-" ALIGN="Block" LEFT="0." RIGHT="0." FIRSTLINE="13." LINESPACE="7.900000095"/>
<ParagraphStyle ID="StyleId-4618FB06-20CA-4F95-9CA2-829603EE887D-" ALIGN="Block" LEFT="0." RIGHT="0." FIRSTLINE="0." LINESPACE="10."/>
<ParagraphStyle ID="StyleId-61F9B98E-BA82-4DCF-809A-0C5481162321-" ALIGN="Left" LEFT="0." RIGHT="0." FIRSTLINE="-13." LINESPACE="8.479999542"/>
<ParagraphStyle ID="StyleId-16A4FB0C-4CB7-44C8-846E-AF89DD76FC73-" ALIGN="Left" LEFT="0." RIGHT="0." FIRSTLINE="0." LINESPACE="11.10000038"/>
<ParagraphStyle ID="StyleId-8CC01B24-9D1D-45D5-B954-83ECA9EA3425-" ALIGN="Left" LEFT="0." RIGHT="0." FIRSTLINE="-13." LINESPACE="8.050000191"/>
<ParagraphStyle ID="StyleId-3DB8CD3F-AD17-4DD7-8361-787A6A426C72-" ALIGN="Block" LEFT="0." RIGHT="0." FIRSTLINE="13." LINESPACE="7.900000095"/>
</Styles>
<Layout>
<Page ID="Page1534" PHYSICAL_IMG_NR="1534" HEIGHT="4342" WIDTH="2533">
<TopMargin HEIGHT="356" WIDTH="2533" VPOS="0" HPOS="0">
</TopMargin>
<LeftMargin HEIGHT="3726" WIDTH="338" VPOS="356" HPOS="0">
</LeftMargin>
<RightMargin HEIGHT="3726" WIDTH="161" VPOS="356" HPOS="2372">
</RightMargin>
<BottomMargin HEIGHT="260" WIDTH="2533" VPOS="4082" HPOS="0">
</BottomMargin>
<PrintSpace HEIGHT="3726" WIDTH="2034" VPOS="356" HPOS="338">
<TextBlock ID="Page1534_Block1" HEIGHT="70" WIDTH="154" VPOS="4012" HPOS="1280" LANG="en-US" STYLEREFS="StyleId-64256746-3569-4508-9321-1F435991265E-">
<TextLine HEIGHT="50" WIDTH="135" VPOS="4023" HPOS="1290">
<String CONTENT="1534" HEIGHT="50" WIDTH="135" VPOS="4023" HPOS="1290"/>
</TextLine>
</TextBlock>
<TextBlock ID="Page1534_Block2" HEIGHT="3664" WIDTH="2034" VPOS="356" HPOS="338" LANG="en-US" CS="1" STYLEREFS="StyleId-4E9B4D96-1F55-4927-9266-B4770C885F9C-">
<TextLine HEIGHT="65" WIDTH="746" VPOS="367" HPOS="349" STYLEREFS="StyleId-12C24568-1DD2-4A8F-8910-1BB924A7C22A-">
<String LANG="en-US" CONTENT="Sprague," HEIGHT="64" WIDTH="285" VPOS="367" HPOS="349"/>
<SP HEIGHT="62" WIDTH="29" VPOS="369" HPOS="635"/>
<String LANG="en-US" CONTENT="Curtiss," HEIGHT="65" WIDTH="252" VPOS="367" HPOS="665"/>
<SP HEIGHT="61" WIDTH="25" VPOS="371" HPOS="918"/>
<String LANG="fr" CONTENT="illus." HEIGHT="55" WIDTH="151" VPOS="369" HPOS="944"/>
</TextLine>
<TextLine HEIGHT="81" WIDTH="1928" VPOS="441" HPOS="427" STYLEREFS="StyleId-64256746-3569-4508-9321-1F435991265E-" CS="1">
<String LANG="la" CS="1" CONTENT="[Illustrations]" HEIGHT="65" WIDTH="341" VPOS="447" HPOS="427"/>
<SP HEIGHT="65" WIDTH="30" VPOS="448" HPOS="855"/>
<String LANG="en-US" CONTENT="by" HEIGHT="55" WIDTH="75" VPOS="448" HPOS="886"/>
<SP HEIGHT="56" WIDTH="29" VPOS="447" HPOS="962"/>
<String LANG="en-US" CONTENT="Curtiss" HEIGHT="54" WIDTH="222" VPOS="447" HPOS="992"/>
<SP HEIGHT="55" WIDTH="30" VPOS="447" HPOS="1215"/>
<String LANG="en-US" CONTENT="Sprague" HEIGHT="69" WIDTH="259" VPOS="447" HPOS="1246"/>
<SP HEIGHT="81" WIDTH="31" VPOS="441" HPOS="1506"/>
<String LANG="en-US" CS="1" CONTENT="[in" HEIGHT="52" WIDTH="58" VPOS="449" HPOS="1560"/>
<SP HEIGHT="46" WIDTH="26" VPOS="456" HPOS="1619"/>
<String LANG="en-US" CONTENT="the" HEIGHT="52" WIDTH="97" VPOS="450" HPOS="1646"/>
<SP HEIGHT="52" WIDTH="23" VPOS="450" HPOS="1744"/>
<String LANG="en-US" CONTENT="book" HEIGHT="53" WIDTH="147" VPOS="449" HPOS="1768"/>
<SP HEIGHT="54" WIDTH="26" VPOS="449" HPOS="1916"/>
<String LANG="en-US" CONTENT="entitled]" HEIGHT="66" WIDTH="255" VPOS="450" HPOS="1943"/>
<SP HEIGHT="64" WIDTH="33" VPOS="452" HPOS="2199"/>
<String LANG="en-US" CONTENT="The" HEIGHT="52" WIDTH="122" VPOS="451" HPOS="2233"/>
</TextLine>
<TextLine HEIGHT="72" WIDTH="2001" VPOS="525" HPOS="352" STYLEREFS="StyleId-64256746-3569-4508-9321-1F435991265E-" CS="1">
<String CONTENT="sketch" HEIGHT="53" WIDTH="190" VPOS="525" HPOS="352"/>
<SP HEIGHT="52" WIDTH="56" VPOS="525" HPOS="543"/>
<String CONTENT="book" HEIGHT="52" WIDTH="147" VPOS="525" HPOS="600"/>
<SP HEIGHT="66" WIDTH="60" VPOS="525" HPOS="748"/>
<String CS="1" CONTENT="[by]" HEIGHT="68" WIDTH="75" VPOS="525" HPOS="825"/>
<SP HEIGHT="65" WIDTH="61" VPOS="527" HPOS="917"/>
<String CONTENT="Washington" HEIGHT="68" WIDTH="374" VPOS="525" HPOS="989"/>
<SP HEIGHT="52" WIDTH="56" VPOS="525" HPOS="1364"/>
<String CONTENT="Irving." HEIGHT="69" WIDTH="221" VPOS="525" HPOS="1421"/>
<SP HEIGHT="51" WIDTH="75" VPOS="527" HPOS="1643"/>
<String CONTENT="Revised" HEIGHT="53" WIDTH="244" VPOS="527" HPOS="1719"/>
<SP HEIGHT="52" WIDTH="52" VPOS="529" HPOS="1964"/>
<String CONTENT="by" HEIGHT="68" WIDTH="76" VPOS="529" HPOS="2017"/>
<SP HEIGHT="68" WIDTH="51" VPOS="529" HPOS="2094"/>
<String LANG="fr" CONTENT="H." HEIGHT="51" WIDTH="77" VPOS="529" HPOS="2146"/>
<SP HEIGHT="51" WIDTH="56" VPOS="529" HPOS="2224"/>
<String CONTENT="Y." HEIGHT="53" WIDTH="72" VPOS="529" HPOS="2281"/>
</TextLine>
<TextLine HEIGHT="71" WIDTH="1863" VPOS="603" HPOS="350" STYLEREFS="StyleId-64256746-3569-4508-9321-1F435991265E-" CS="1">
<String CONTENT="Moffett" HEIGHT="53" WIDTH="230" VPOS="603" HPOS="350"/>
<SP HEIGHT="46" WIDTH="39" VPOS="610" HPOS="581"/>
<String CS="1" CONTENT="&#8230;"/>
<SP HEIGHT="19" WIDTH="84" VPOS="637" HPOS="677"/>
<String CS="1" CONTENT="[New" HEIGHT="52" WIDTH="138" VPOS="603" HPOS="780"/>
<SP HEIGHT="51" WIDTH="34" VPOS="604" HPOS="919"/>
<String CONTENT="York]" HEIGHT="66" WIDTH="180" VPOS="604" HPOS="954"/>
<SP HEIGHT="65" WIDTH="39" VPOS="605" HPOS="1135"/>
<String CONTENT="The" HEIGHT="52" WIDTH="121" VPOS="604" HPOS="1175"/>
<SP HEIGHT="51" WIDTH="32" VPOS="605" HPOS="1297"/>
<String CONTENT="Macmillan" HEIGHT="52" WIDTH="336" VPOS="604" HPOS="1330"/>
<SP HEIGHT="33" WIDTH="34" VPOS="624" HPOS="1667"/>
<String CONTENT="company" HEIGHT="52" WIDTH="279" VPOS="622" HPOS="1702"/>
<SP HEIGHT="49" WIDTH="39" VPOS="625" HPOS="1982"/>
<String CS="1" CONTENT="["/>
<String STYLE="superscript" CS="1" CONTENT="&#7580;19"/>
<String CONTENT="29]" HEIGHT="64" WIDTH="83" VPOS="609" HPOS="2130"/>
</TextLine>
<TextLine HEIGHT="51" WIDTH="1747" VPOS="683" HPOS="428" STYLEREFS="StyleId-64256746-3569-4508-9321-1F435991265E-" CS="1">
<String CONTENT="xxxii," HEIGHT="47" WIDTH="153" VPOS="683" HPOS="428"/>
<SP HEIGHT="46" WIDTH="31" VPOS="684" HPOS="582"/>
<String CONTENT="487" HEIGHT="40" WIDTH="85" VPOS="684" HPOS="614"/>
<SP HEIGHT="47" WIDTH="31" VPOS="685" HPOS="700"/>
<String CONTENT="p." HEIGHT="37" WIDTH="42" VPOS="695" HPOS="732"/>
<SP HEIGHT="40" WIDTH="34" VPOS="684" HPOS="775"/>
<String CONTENT="incl." HEIGHT="40" WIDTH="109" VPOS="684" HPOS="810"/>
<SP HEIGHT="39" WIDTH="30" VPOS="685" HPOS="920"/>
<String CONTENT="front.," HEIGHT="46" WIDTH="165" VPOS="685" HPOS="951"/>
<SP HEIGHT="36" WIDTH="32" VPOS="696" HPOS="1117"/>
<String CONTENT="plates." HEIGHT="45" WIDTH="172" VPOS="687" HPOS="1150"/>
<SP HEIGHT="39" WIDTH="59" VPOS="685" HPOS="1323"/>
<String CONTENT="17" HEIGHT="39" WIDTH="55" VPOS="685" HPOS="1383"/>
<String STYLE="superscript" CS="1" CONTENT="&#7580;&#7504;"/>
<String CONTENT="." HEIGHT="7" WIDTH="8" VPOS="717" HPOS="1492"/>
<SP HEIGHT="47" WIDTH="69" VPOS="684" HPOS="1501"/>
<String CONTENT="(New" HEIGHT="47" WIDTH="142" VPOS="684" HPOS="1571"/>
<SP HEIGHT="36" WIDTH="32" VPOS="697" HPOS="1714"/>
<String CONTENT="pocket" HEIGHT="47" WIDTH="172" VPOS="686" HPOS="1747"/>
<SP HEIGHT="37" WIDTH="31" VPOS="689" HPOS="1920"/>
<String CONTENT="classics)" HEIGHT="49" WIDTH="223" VPOS="685" HPOS="1952"/>
</TextLine>
<TextLine HEIGHT="52" WIDTH="1660" VPOS="750" HPOS="362" CS="1">
<String CONTENT="&#169;" HEIGHT="52" WIDTH="51" VPOS="750" HPOS="362"/>
<SP HEIGHT="52" WIDTH="26" VPOS="750" HPOS="414"/>
<String CONTENT="Sept." HEIGHT="47" WIDTH="127" VPOS="755" HPOS="441"/>
<SP HEIGHT="40" WIDTH="23" VPOS="755" HPOS="569"/>
<String CONTENT="3," HEIGHT="47" WIDTH="40" VPOS="755" HPOS="593"/>
<SP HEIGHT="47" WIDTH="24" VPOS="755" HPOS="634"/>
<String CS="1" CONTENT="1929;" HEIGHT="39" WIDTH="113" VPOS="755" HPOS="659"/>
<SP/>
<String CONTENT="2c." HEIGHT="41" WIDTH="66" VPOS="755" HPOS="826"/>
<SP HEIGHT="30" WIDTH="24" VPOS="766" HPOS="893"/>
<String CONTENT="and" HEIGHT="38" WIDTH="97" VPOS="756" HPOS="918"/>
<SP HEIGHT="38" WIDTH="23" VPOS="756" HPOS="1016"/>
<String CS="1" CONTENT="aff." HEIGHT="41" WIDTH="82" VPOS="754" HPOS="1040"/>
<SP HEIGHT="40" WIDTH="27" VPOS="755" HPOS="1123"/>
<String CONTENT="Sept." HEIGHT="47" WIDTH="126" VPOS="755" HPOS="1151"/>
<SP HEIGHT="40" WIDTH="23" VPOS="756" HPOS="1278"/>
<String CS="1" CONTENT="4;" HEIGHT="38" WIDTH="26" VPOS="756" HPOS="1302"/>
<SP/>
<!-- cceid A5781433-6CFA-1014-9C3C-CEA95E7AA542 --><String CONTENT="A" HEIGHT="39" WIDTH="42" VPOS="755" HPOS="1382"/>
<SP HEIGHT="39" WIDTH="21" VPOS="755" HPOS="1425"/>
<String CS="1" CONTENT="13202;" HEIGHT="41" WIDTH="143" VPOS="754" HPOS="1447"/>
<SP/>
<String CONTENT="Macmillan" HEIGHT="40" WIDTH="282" VPOS="756" HPOS="1647"/>
<SP HEIGHT="29" WIDTH="24" VPOS="767" HPOS="1930"/>
<String CONTENT="co." HEIGHT="30" WIDTH="67" VPOS="767" HPOS="1955"/>
</TextLine>
<TextLine HEIGHT="65" WIDTH="1105" VPOS="849" HPOS="360" STYLEREFS="StyleId-12C24568-1DD2-4A8F-8910-1BB924A7C22A-">
<String CONTENT="Sudermann," HEIGHT="64" WIDTH="389" VPOS="849" HPOS="360"/>
<SP HEIGHT="62" WIDTH="29" VPOS="851" HPOS="750"/>
<String CONTENT="Hermann," HEIGHT="63" WIDTH="327" VPOS="851" HPOS="780"/>
<SP HEIGHT="57" WIDTH="31" VPOS="857" HPOS="1108"/>
<String CONTENT="1857-1928." HEIGHT="54" WIDTH="325" VPOS="851" HPOS="1140"/>
</TextLine>
<TextLine HEIGHT="71" WIDTH="1930" VPOS="928" HPOS="431" STYLEREFS="StyleId-64256746-3569-4508-9321-1F435991265E-">
<String CONTENT="The" HEIGHT="53" WIDTH="121" VPOS="929" HPOS="431"/>
<SP HEIGHT="34" WIDTH="45" VPOS="948" HPOS="553"/>
<String CONTENT="wife" HEIGHT="53" WIDTH="134" VPOS="929" HPOS="599"/>
<SP HEIGHT="33" WIDTH="43" VPOS="949" HPOS="734"/>
<String CONTENT="of" HEIGHT="52" WIDTH="63" VPOS="930" HPOS="778"/>
<SP HEIGHT="55" WIDTH="46" VPOS="929" HPOS="842"/>
<String CONTENT="Steffen" HEIGHT="56" WIDTH="215" VPOS="928" HPOS="889"/>
<SP HEIGHT="51" WIDTH="45" VPOS="931" HPOS="1105"/>
<String CONTENT="Tromholt," HEIGHT="68" WIDTH="319" VPOS="930" HPOS="1151"/>
<SP HEIGHT="67" WIDTH="41" VPOS="931" HPOS="1471"/>
<String CONTENT="by" HEIGHT="66" WIDTH="75" VPOS="931" HPOS="1513"/>
<SP HEIGHT="66" WIDTH="42" VPOS="931" HPOS="1589"/>
<String CONTENT="Hermann" HEIGHT="52" WIDTH="300" VPOS="931" HPOS="1632"/>
<SP HEIGHT="55" WIDTH="48" VPOS="931" HPOS="1933"/>
<String CONTENT="Sudermann," HEIGHT="68" WIDTH="379" VPOS="931" HPOS="1982"/>
</TextLine>
<TextLine HEIGHT="71" WIDTH="2002" VPOS="1007" HPOS="360" STYLEREFS="StyleId-64256746-3569-4508-9321-1F435991265E-">
<String CONTENT="translated" HEIGHT="53" WIDTH="316" VPOS="1007" HPOS="360"/>
<SP HEIGHT="52" WIDTH="29" VPOS="1008" HPOS="677"/>
<String CONTENT="by" HEIGHT="68" WIDTH="75" VPOS="1008" HPOS="707"/>
<SP HEIGHT="68" WIDTH="31" VPOS="1008" HPOS="783"/>
<String CONTENT="Eden" HEIGHT="53" WIDTH="163" VPOS="1008" HPOS="815"/>
<SP HEIGHT="51" WIDTH="30" VPOS="1009" HPOS="979"/>
<String CONTENT="&amp;" HEIGHT="50" WIDTH="46" VPOS="1009" HPOS="1010"/>
<SP HEIGHT="55" WIDTH="30" VPOS="1007" HPOS="1057"/>
<String CONTENT="Cedar" HEIGHT="55" WIDTH="186" VPOS="1007" HPOS="1088"/>
<SP HEIGHT="51" WIDTH="29" VPOS="1009" HPOS="1275"/>
<String CONTENT="Paul." HEIGHT="51" WIDTH="164" VPOS="1009" HPOS="1305"/>
<SP HEIGHT="50" WIDTH="75" VPOS="1009" HPOS="1470"/>
<String CONTENT="New" HEIGHT="51" WIDTH="138" VPOS="1009" HPOS="1546"/>
<SP HEIGHT="51" WIDTH="32" VPOS="1009" HPOS="1685"/>
<String CONTENT="York," HEIGHT="69" WIDTH="181" VPOS="1009" HPOS="1718"/>
<SP HEIGHT="69" WIDTH="28" VPOS="1009" HPOS="1900"/>
<String CONTENT="H." HEIGHT="53" WIDTH="77" VPOS="1009" HPOS="1929"/>
<SP HEIGHT="53" WIDTH="30" VPOS="1009" HPOS="2007"/>
<String CONTENT="Liveright," HEIGHT="71" WIDTH="324" VPOS="1007" HPOS="2038"/>
</TextLine>
<TextLine HEIGHT="49" WIDTH="149" VPOS="1090" HPOS="362" STYLEREFS="StyleId-64256746-3569-4508-9321-1F435991265E-">
<String CONTENT="1929." HEIGHT="49" WIDTH="149" VPOS="1090" HPOS="362"/>
</TextLine>
<TextLine HEIGHT="41" WIDTH="305" VPOS="1167" HPOS="420" STYLEREFS="StyleId-64256746-3569-4508-9321-1F435991265E-" CS="1">
<String LANG="en-US" CONTENT="2" HEIGHT="38" WIDTH="25" VPOS="1169" HPOS="420"/>
<SP/>
<String LANG="en-US" CS="1" CONTENT="v"/>
<String LANG="fr" CONTENT="." HEIGHT="8" WIDTH="9" VPOS="1200" HPOS="510"/>
<SP HEIGHT="38" WIDTH="59" VPOS="1170" HPOS="520"/>
<String LANG="fr" CONTENT="19" HEIGHT="41" WIDTH="56" VPOS="1167" HPOS="580"/>
<String LANG="en-US" CS="1" CONTENT="&#189;"/>
<String STYLE="superscript" LANG="fr" CS="1" CONTENT="&#7580;&#7504;"/>
<String LANG="fr" CONTENT="." HEIGHT="9" WIDTH="9" VPOS="1199" HPOS="716"/>
</TextLine>
<TextLine HEIGHT="49" WIDTH="1933" VPOS="1237" HPOS="425" CS="1">
<String CONTENT="&#8220;The" HEIGHT="39" WIDTH="128" VPOS="1239" HPOS="425"/>
<SP HEIGHT="40" WIDTH="30" VPOS="1238" HPOS="554"/>
<String CONTENT="German" HEIGHT="39" WIDTH="207" VPOS="1238" HPOS="585"/>
<SP HEIGHT="29" WIDTH="33" VPOS="1249" HPOS="793"/>
<String CONTENT="original" HEIGHT="49" WIDTH="204" VPOS="1237" HPOS="827"/>
<SP HEIGHT="38" WIDTH="39" VPOS="1239" HPOS="1032"/>
<String CS="1" CONTENT="&#8230;"/>
<SP HEIGHT="27" WIDTH="35" VPOS="1250" HPOS="1117"/>
<String CONTENT="was" HEIGHT="28" WIDTH="99" VPOS="1249" HPOS="1153"/>
<SP HEIGHT="36" WIDTH="31" VPOS="1249" HPOS="1253"/>
<String CONTENT="published" HEIGHT="48" WIDTH="251" VPOS="1237" HPOS="1285"/>
<SP HEIGHT="37" WIDTH="36" VPOS="1239" HPOS="1537"/>
<String CONTENT="in" HEIGHT="38" WIDTH="43" VPOS="1239" HPOS="1574"/>
<SP HEIGHT="37" WIDTH="35" VPOS="1240" HPOS="1618"/>
<String CONTENT="1927." HEIGHT="41" WIDTH="126" VPOS="1238" HPOS="1654"/>
<SP HEIGHT="39" WIDTH="32" VPOS="1240" HPOS="1781"/>
<String CONTENT="in" HEIGHT="37" WIDTH="45" VPOS="1240" HPOS="1814"/>
<SP HEIGHT="27" WIDTH="32" VPOS="1250" HPOS="1860"/>
<String CONTENT="a" HEIGHT="26" WIDTH="23" VPOS="1251" HPOS="1893"/>
<SP HEIGHT="37" WIDTH="35" VPOS="1240" HPOS="1917"/>
<String CONTENT="first" HEIGHT="38" WIDTH="107" VPOS="1240" HPOS="1953"/>
<SP HEIGHT="36" WIDTH="28" VPOS="1242" HPOS="2061"/>
<String CONTENT="edition" HEIGHT="40" WIDTH="180" VPOS="1240" HPOS="2090"/>
<SP HEIGHT="27" WIDTH="35" VPOS="1252" HPOS="2271"/>
<String CONTENT="of" HEIGHT="37" WIDTH="51" VPOS="1242" HPOS="2307"/>
</TextLine>
<TextLine HEIGHT="49" WIDTH="269" VPOS="1294" HPOS="350" CS="1">
<String CONTENT="20,000" HEIGHT="47" WIDTH="161" VPOS="1296" HPOS="350"/>
<SP HEIGHT="39" WIDTH="29" VPOS="1296" HPOS="512"/>
<String CS="1" CONTENT="&#8230;&#8221;" HEIGHT="16" WIDTH="23" VPOS="1294" HPOS="596"/>
</TextLine>
<TextLine HEIGHT="110" WIDTH="1978" VPOS="1362" HPOS="361" CS="1">
<String CONTENT="&#169;" HEIGHT="53" WIDTH="52" VPOS="1362" HPOS="361"/>
<SP HEIGHT="53" WIDTH="33" VPOS="1362" HPOS="414"/>
<String CONTENT="Oct." HEIGHT="38" WIDTH="102" VPOS="1369" HPOS="448"/>
<SP HEIGHT="40" WIDTH="32" VPOS="1367" HPOS="551"/>
<String CONTENT="1," HEIGHT="44" WIDTH="37" VPOS="1367" HPOS="584"/>
<SP HEIGHT="43" WIDTH="33" VPOS="1368" HPOS="622"/>
<String CONTENT="1929;" HEIGHT="45" WIDTH="139" VPOS="1368" HPOS="656"/>
<SP HEIGHT="45" WIDTH="34" VPOS="1368" HPOS="796"/>
<String CONTENT="2c." HEIGHT="40" WIDTH="67" VPOS="1368" HPOS="831"/>
<SP HEIGHT="29" WIDTH="32" VPOS="1379" HPOS="899"/>
<String CONTENT="each" HEIGHT="39" WIDTH="120" VPOS="1368" HPOS="932"/>
<SP HEIGHT="39" WIDTH="33" VPOS="1368" HPOS="1053"/>
<String CONTENT="Sept." HEIGHT="47" WIDTH="128" VPOS="1368" HPOS="1087"/>
<SP HEIGHT="39" WIDTH="32" VPOS="1369" HPOS="1216"/>
<String CONTENT="20;" HEIGHT="42" WIDTH="83" VPOS="1367" HPOS="1249"/>
<SP HEIGHT="31" WIDTH="35" VPOS="1378" HPOS="1333"/>
<String LANG="de" CONTENT="aff." HEIGHT="41" WIDTH="84" VPOS="1367" HPOS="1369"/>
<SP HEIGHT="38" WIDTH="32" VPOS="1370" HPOS="1454"/>
<String CONTENT="Oct." HEIGHT="38" WIDTH="102" VPOS="1369" HPOS="1487"/>
<SP HEIGHT="39" WIDTH="32" VPOS="1369" HPOS="1590"/>
<String CONTENT="3;" HEIGHT="44" WIDTH="54" VPOS="1369" HPOS="1623"/>
<SP HEIGHT="45" WIDTH="36" VPOS="1368" HPOS="1678"/>
<!-- cceid A578723F-6CFA-1014-9C3C-CEA95E7AA542 --><String CONTENT="A" HEIGHT="39" WIDTH="39" VPOS="1368" HPOS="1715"/>
<SP HEIGHT="39" WIDTH="32" VPOS="1368" HPOS="1755"/>
<String CONTENT="12729;" HEIGHT="45" WIDTH="171" VPOS="1369" HPOS="1788"/>
<SP HEIGHT="45" WIDTH="36" VPOS="1369" HPOS="1960"/>
<String CONTENT="Horace" HEIGHT="39" WIDTH="190" VPOS="1369" HPOS="1997"/>
<SP HEIGHT="37" WIDTH="35" VPOS="1371" HPOS="2188"/>
<String CONTENT="Liveright," HEIGHT="102" WIDTH="1910" VPOS="1370" HPOS="429"/>
</TextLine>
<TextLine HEIGHT="49" WIDTH="435" VPOS="1423" HPOS="601">
<String CONTENT="inc." HEIGHT="41" WIDTH="91" VPOS="1424" HPOS="601"/>
<SP HEIGHT="49" WIDTH="61" VPOS="1423" HPOS="693"/>
<String CONTENT="(29-20441)" HEIGHT="49" WIDTH="281" VPOS="1423" HPOS="755"/>
</TextLine>
<TextLine HEIGHT="65" WIDTH="799" VPOS="1519" HPOS="357" STYLEREFS="StyleId-12C24568-1DD2-4A8F-8910-1BB924A7C22A-">
<String LANG="en-US" CONTENT="Swift," HEIGHT="65" WIDTH="196" VPOS="1519" HPOS="357"/>
<SP HEIGHT="63" WIDTH="30" VPOS="1521" HPOS="554"/>
<String LANG="de" CONTENT="Hildegarde" HEIGHT="64" WIDTH="359" VPOS="1520" HPOS="585"/>
<SP HEIGHT="52" WIDTH="29" VPOS="1521" HPOS="945"/>
<String LANG="en-US" CONTENT="Hoyt." HEIGHT="62" WIDTH="181" VPOS="1521" HPOS="975"/>
</TextLine>
<TextLine HEIGHT="70" WIDTH="1930" VPOS="1597" HPOS="428" STYLEREFS="StyleId-64256746-3569-4508-9321-1F435991265E-">
<String LANG="en-US" CONTENT="Little" HEIGHT="53" WIDTH="179" VPOS="1598" HPOS="428"/>
<SP HEIGHT="52" WIDTH="44" VPOS="1599" HPOS="608"/>
<String LANG="en-US" CONTENT="Blacknose;" HEIGHT="66" WIDTH="346" VPOS="1597" HPOS="653"/>
<SP HEIGHT="60" WIDTH="48" VPOS="1603" HPOS="1000"/>
<String LANG="en-US" CONTENT="the" HEIGHT="53" WIDTH="95" VPOS="1598" HPOS="1049"/>
<SP HEIGHT="34" WIDTH="43" VPOS="1617" HPOS="1145"/>
<String LANG="en-US" CONTENT="story" HEIGHT="63" WIDTH="157" VPOS="1603" HPOS="1189"/>
<SP HEIGHT="50" WIDTH="45" VPOS="1616" HPOS="1347"/>
<String LANG="en-US" CONTENT="of" HEIGHT="52" WIDTH="63" VPOS="1597" HPOS="1393"/>
<SP HEIGHT="52" WIDTH="45" VPOS="1597" HPOS="1457"/>
<String LANG="en-US" CONTENT="a" HEIGHT="32" WIDTH="31" VPOS="1617" HPOS="1503"/>
<SP HEIGHT="49" WIDTH="46" VPOS="1616" HPOS="1535"/>
<String LANG="en-US" CONTENT="pioneer," HEIGHT="67" WIDTH="249" VPOS="1598" HPOS="1582"/>
<SP HEIGHT="66" WIDTH="43" VPOS="1599" HPOS="1832"/>
<String LANG="en-US" CONTENT="by" HEIGHT="67" WIDTH="75" VPOS="1599" HPOS="1876"/>
<SP HEIGHT="69" WIDTH="45" VPOS="1597" HPOS="1952"/>
<String LANG="de" CONTENT="Hildegarde" HEIGHT="70" WIDTH="360" VPOS="1597" HPOS="1998"/>
</TextLine>
<TextLine HEIGHT="70" WIDTH="2000" VPOS="1674" HPOS="358" STYLEREFS="StyleId-64256746-3569-4508-9321-1F435991265E-">
<String CONTENT="Hoyt" HEIGHT="69" WIDTH="163" VPOS="1675" HPOS="358"/>
<SP HEIGHT="56" WIDTH="22" VPOS="1674" HPOS="522"/>
<String CONTENT="Swift;" HEIGHT="68" WIDTH="204" VPOS="1674" HPOS="545"/>
<SP HEIGHT="66" WIDTH="25" VPOS="1676" HPOS="750"/>
<String CONTENT="illustrated" HEIGHT="52" WIDTH="328" VPOS="1676" HPOS="776"/>
<SP HEIGHT="53" WIDTH="19" VPOS="1676" HPOS="1105"/>
<String CONTENT="by" HEIGHT="66" WIDTH="75" VPOS="1677" HPOS="1125"/>
<SP HEIGHT="67" WIDTH="22" VPOS="1676" HPOS="1201"/>
<String CONTENT="Lynd" HEIGHT="69" WIDTH="166" VPOS="1675" HPOS="1224"/>
<SP HEIGHT="55" WIDTH="26" VPOS="1675" HPOS="1391"/>
<String CONTENT="Ward." HEIGHT="54" WIDTH="196" VPOS="1676" HPOS="1418"/>
<SP HEIGHT="51" WIDTH="61" VPOS="1676" HPOS="1615"/>
<String CONTENT="New" HEIGHT="52" WIDTH="138" VPOS="1676" HPOS="1677"/>
<SP HEIGHT="51" WIDTH="25" VPOS="1676" HPOS="1816"/>
<String CONTENT="York," HEIGHT="69" WIDTH="181" VPOS="1675" HPOS="1842"/>
<SP HEIGHT="70" WIDTH="21" VPOS="1674" HPOS="2024"/>
<String LANG="fr" CONTENT="Harcourt," HEIGHT="69" WIDTH="312" VPOS="1674" HPOS="2046"/>
</TextLine>
<TextLine HEIGHT="68" WIDTH="866" VPOS="1753" HPOS="358" STYLEREFS="StyleId-64256746-3569-4508-9321-1F435991265E-" CS="1">
<String CONTENT="Brace" HEIGHT="52" WIDTH="181" VPOS="1753" HPOS="358"/>
<SP HEIGHT="33" WIDTH="28" VPOS="1772" HPOS="540"/>
<String CONTENT="and" HEIGHT="52" WIDTH="113" VPOS="1753" HPOS="569"/>
<SP HEIGHT="52" WIDTH="30" VPOS="1753" HPOS="683"/>
<String CONTENT="company" HEIGHT="50" WIDTH="282" VPOS="1771" HPOS="714"/>
<SP HEIGHT="50" WIDTH="34" VPOS="1771" HPOS="997"/>
<String CS="1" CONTENT="["/>
<String STYLE="superscript" CS="1" CONTENT="&#7580;19"/>
<String CONTENT="29]" HEIGHT="63" WIDTH="84" VPOS="1756" HPOS="1140"/>
</TextLine>
<TextLine HEIGHT="49" WIDTH="1437" VPOS="1834" HPOS="427" CS="1">
<String CONTENT="6" HEIGHT="40" WIDTH="27" VPOS="1835" HPOS="427"/>
<SP HEIGHT="48" WIDTH="24" VPOS="1835" HPOS="455"/>
<String CONTENT="p." HEIGHT="36" WIDTH="43" VPOS="1847" HPOS="480"/>
<SP HEIGHT="40" WIDTH="25" VPOS="1836" HPOS="524"/>
<String CS="1" CONTENT="l.," HEIGHT="16" WIDTH="8" VPOS="1866" HPOS="586"/>
<SP HEIGHT="46" WIDTH="24" VPOS="1836" HPOS="595"/>
<String CONTENT="3-149" HEIGHT="41" WIDTH="148" VPOS="1834" HPOS="620"/>
<SP HEIGHT="49" WIDTH="24" VPOS="1834" HPOS="769"/>
<String CONTENT="p." HEIGHT="37" WIDTH="42" VPOS="1846" HPOS="794"/>
<SP HEIGHT="29" WIDTH="54" VPOS="1847" HPOS="837"/>
<String CONTENT="col." HEIGHT="39" WIDTH="87" VPOS="1836" HPOS="892"/>
<SP HEIGHT="40" WIDTH="27" VPOS="1835" HPOS="980"/>
<String CONTENT="front.," HEIGHT="47" WIDTH="165" VPOS="1835" HPOS="1008"/>
<SP HEIGHT="47" WIDTH="26" VPOS="1835" HPOS="1174"/>
<String CONTENT="illus.," HEIGHT="46" WIDTH="143" VPOS="1835" HPOS="1201"/>
<SP HEIGHT="35" WIDTH="28" VPOS="1846" HPOS="1345"/>
<String CONTENT="col." HEIGHT="40" WIDTH="85" VPOS="1835" HPOS="1374"/>
<SP HEIGHT="37" WIDTH="28" VPOS="1845" HPOS="1460"/>
<String CONTENT="plates." HEIGHT="47" WIDTH="173" VPOS="1835" HPOS="1489"/>
<SP HEIGHT="39" WIDTH="54" VPOS="1835" HPOS="1663"/>
<String CS="1" CONTENT="19&#189;&#7580;&#7504;." HEIGHT="41" WIDTH="146" VPOS="1834" HPOS="1718"/>
</TextLine>
<TextLine HEIGHT="49" WIDTH="1622" VPOS="1904" HPOS="429">
<String CONTENT="&#8220;The" HEIGHT="39" WIDTH="128" VPOS="1906" HPOS="429"/>
<SP HEIGHT="39" WIDTH="27" VPOS="1907" HPOS="558"/>
<String CONTENT="true" HEIGHT="39" WIDTH="108" VPOS="1907" HPOS="586"/>
<SP HEIGHT="30" WIDTH="26" VPOS="1916" HPOS="695"/>
<String CONTENT="and" HEIGHT="39" WIDTH="94" VPOS="1906" HPOS="722"/>
<SP HEIGHT="39" WIDTH="28" VPOS="1906" HPOS="817"/>
<String CONTENT="honest" HEIGHT="39" WIDTH="172" VPOS="1906" HPOS="846"/>
<SP HEIGHT="37" WIDTH="27" VPOS="1908" HPOS="1019"/>
<String CONTENT="story" HEIGHT="46" WIDTH="133" VPOS="1907" HPOS="1047"/>
<SP HEIGHT="37" WIDTH="29" VPOS="1916" HPOS="1181"/>
<String CONTENT="of" HEIGHT="40" WIDTH="51" VPOS="1905" HPOS="1211"/>
<SP HEIGHT="40" WIDTH="26" VPOS="1905" HPOS="1263"/>
<String CONTENT="the" HEIGHT="40" WIDTH="81" VPOS="1906" HPOS="1290"/>
<SP HEIGHT="40" WIDTH="32" VPOS="1906" HPOS="1372"/>
<String CONTENT="Dewitt" HEIGHT="39" WIDTH="178" VPOS="1906" HPOS="1405"/>
<SP HEIGHT="40" WIDTH="29" VPOS="1905" HPOS="1584"/>
<String CONTENT="Clinton" HEIGHT="41" WIDTH="196" VPOS="1904" HPOS="1614"/>
<SP HEIGHT="31" WIDTH="27" VPOS="1916" HPOS="1811"/>
<String CONTENT="engine.&#8221;" HEIGHT="49" WIDTH="212" VPOS="1904" HPOS="1839"/>
</TextLine>
<TextLine HEIGHT="52" WIDTH="1997" VPOS="1972" HPOS="361" CS="1">
<String LANG="en-US" CONTENT="&#169;" HEIGHT="52" WIDTH="51" VPOS="1972" HPOS="361"/>
<SP HEIGHT="52" WIDTH="38" VPOS="1972" HPOS="413"/>
<String LANG="en-US" CONTENT="Sept." HEIGHT="47" WIDTH="127" VPOS="1977" HPOS="452"/>
<SP HEIGHT="40" WIDTH="36" VPOS="1977" HPOS="580"/>
<String LANG="en-US" CONTENT="19," HEIGHT="44" WIDTH="67" VPOS="1976" HPOS="617"/>
<SP HEIGHT="43" WIDTH="35" VPOS="1977" HPOS="685"/>
<String LANG="en-US" CS="1" CONTENT="1929;" HEIGHT="38" WIDTH="115" VPOS="1977" HPOS="721"/>
<SP HEIGHT="39" WIDTH="35" VPOS="1977" HPOS="863"/>
<String LANG="en-US" CONTENT="2c." HEIGHT="39" WIDTH="68" VPOS="1977" HPOS="899"/>
<SP HEIGHT="28" WIDTH="35" VPOS="1988" HPOS="968"/>
<String LANG="en-US" CONTENT="and" HEIGHT="39" WIDTH="95" VPOS="1977" HPOS="1004"/>
<SP HEIGHT="39" WIDTH="35" VPOS="1977" HPOS="1100"/>
<String LANG="fr" CONTENT="aff." HEIGHT="41" WIDTH="82" VPOS="1976" HPOS="1136"/>
<SP HEIGHT="41" WIDTH="37" VPOS="1976" HPOS="1219"/>
<String LANG="en-US" CONTENT="Sept." HEIGHT="48" WIDTH="128" VPOS="1976" HPOS="1257"/>
<SP HEIGHT="38" WIDTH="34" VPOS="1978" HPOS="1386"/>
<String LANG="en-US" CONTENT="30;" HEIGHT="45" WIDTH="82" VPOS="1977" HPOS="1421"/>
<SP HEIGHT="46" WIDTH="37" VPOS="1976" HPOS="1504"/>
<!-- cceid A578DECB-6CFA-1014-9C3C-CEA95E7AA542 --><String LANG="en-US" CONTENT="A" HEIGHT="39" WIDTH="39" VPOS="1976" HPOS="1542"/>
<SP HEIGHT="39" WIDTH="37" VPOS="1976" HPOS="1582"/>
<String LANG="en-US" CONTENT="13806;" HEIGHT="44" WIDTH="169" VPOS="1976" HPOS="1620"/>
<SP HEIGHT="43" WIDTH="39" VPOS="1977" HPOS="1790"/>
<String LANG="fr" CONTENT="Harcourt," HEIGHT="41" WIDTH="261" VPOS="1977" HPOS="1830"/>
<SP HEIGHT="41" WIDTH="38" VPOS="1977" HPOS="2092"/>
<String LANG="en-US" CONTENT="Brace" HEIGHT="38" WIDTH="153" VPOS="1977" HPOS="2131"/>
<SP HEIGHT="40" WIDTH="36" VPOS="1976" HPOS="2285"/>
<String LANG="en-US" CONTENT="&amp;" HEIGHT="40" WIDTH="36" VPOS="1976" HPOS="2322"/>
</TextLine>
<TextLine HEIGHT="48" WIDTH="566" VPOS="2032" HPOS="428">
<String CONTENT="co.," HEIGHT="36" WIDTH="81" VPOS="2044" HPOS="428"/>
<SP HEIGHT="47" WIDTH="36" VPOS="2033" HPOS="510"/>
<String CONTENT="inc." HEIGHT="39" WIDTH="91" VPOS="2033" HPOS="547"/>
<SP HEIGHT="47" WIDTH="73" VPOS="2033" HPOS="639"/>
<String CONTENT="(29-20428)" HEIGHT="48" WIDTH="281" VPOS="2032" HPOS="713"/>
</TextLine>
<TextLine HEIGHT="71" WIDTH="1130" VPOS="2128" HPOS="348" STYLEREFS="StyleId-EBD27D40-88DD-4F8A-85C4-7B74C34E00E8-">
<String CONTENT="Texas." HEIGHT="54" WIDTH="210" VPOS="2128" HPOS="348"/>
<SP HEIGHT="51" WIDTH="77" VPOS="2131" HPOS="559"/>
<String CONTENT="Court" HEIGHT="52" WIDTH="177" VPOS="2131" HPOS="637"/>
<SP HEIGHT="46" WIDTH="29" VPOS="2137" HPOS="815"/>
<String CONTENT="of" HEIGHT="67" WIDTH="64" VPOS="2132" HPOS="845"/>
<SP HEIGHT="67" WIDTH="25" VPOS="2132" HPOS="910"/>
<String CONTENT="criminal" HEIGHT="53" WIDTH="264" VPOS="2130" HPOS="936"/>
<SP HEIGHT="50" WIDTH="25" VPOS="2130" HPOS="1201"/>
<String CONTENT="appeals." HEIGHT="67" WIDTH="251" VPOS="2131" HPOS="1227"/>
</TextLine>
<TextLine HEIGHT="70" WIDTH="1874" VPOS="2206" HPOS="420" STYLEREFS="StyleId-64256746-3569-4508-9321-1F435991265E-" CS="1">
<String CONTENT="The" HEIGHT="52" WIDTH="120" VPOS="2209" HPOS="420"/>
<SP HEIGHT="52" WIDTH="35" VPOS="2209" HPOS="541"/>
<String CONTENT="Texas" HEIGHT="51" WIDTH="184" VPOS="2209" HPOS="577"/>
<SP HEIGHT="33" WIDTH="33" VPOS="2227" HPOS="762"/>
<String CONTENT="criminal" HEIGHT="54" WIDTH="264" VPOS="2206" HPOS="796"/>
<SP HEIGHT="50" WIDTH="35" VPOS="2210" HPOS="1061"/>
<String CONTENT="reports," HEIGHT="61" WIDTH="241" VPOS="2214" HPOS="1097"/>
<SP HEIGHT="39" WIDTH="34" VPOS="2228" HPOS="1339"/>
<String CONTENT="cases" HEIGHT="33" WIDTH="150" VPOS="2227" HPOS="1374"/>
<SP HEIGHT="32" WIDTH="37" VPOS="2228" HPOS="1525"/>
<String CONTENT="argued" HEIGHT="67" WIDTH="210" VPOS="2209" HPOS="1563"/>
<SP HEIGHT="51" WIDTH="39" VPOS="2209" HPOS="1774"/>
<String CONTENT="and" HEIGHT="52" WIDTH="111" VPOS="2208" HPOS="1814"/>
<SP HEIGHT="53" WIDTH="36" VPOS="2208" HPOS="1926"/>
<String CONTENT="adjudged" HEIGHT="69" WIDTH="291" VPOS="2207" HPOS="1963"/>
<SP HEIGHT="51" WIDTH="39" VPOS="2208" HPOS="2255"/>
<String CS="1" CONTENT="&#8230;"/>
</TextLine>
<TextLine HEIGHT="68" WIDTH="2006" VPOS="2286" HPOS="350" STYLEREFS="StyleId-64256746-3569-4508-9321-1F435991265E-" CS="1">
<String CONTENT="during" HEIGHT="68" WIDTH="212" VPOS="2286" HPOS="350"/>
<SP HEIGHT="68" WIDTH="46" VPOS="2286" HPOS="563"/>
<String CONTENT="November" HEIGHT="53" WIDTH="319" VPOS="2286" HPOS="610"/>
<SP HEIGHT="33" WIDTH="48" VPOS="2306" HPOS="930"/>
<String CONTENT="and" HEIGHT="51" WIDTH="110" VPOS="2288" HPOS="979"/>
<SP HEIGHT="52" WIDTH="49" VPOS="2287" HPOS="1090"/>
<String CONTENT="December," HEIGHT="57" WIDTH="326" VPOS="2286" HPOS="1140"/>
<SP HEIGHT="40" WIDTH="49" VPOS="2303" HPOS="1467"/>
<String CS="1" CONTENT="A."/>
<SP/>
<String CS="1" CONTENT="D."/>
<SP HEIGHT="48" WIDTH="53" VPOS="2291" HPOS="1662"/>
<String CONTENT="1928," HEIGHT="61" WIDTH="149" VPOS="2289" HPOS="1716"/>
<SP HEIGHT="46" WIDTH="46" VPOS="2304" HPOS="1866"/>
<String CONTENT="and" HEIGHT="51" WIDTH="107" VPOS="2286" HPOS="1913"/>
<SP HEIGHT="52" WIDTH="52" VPOS="2286" HPOS="2021"/>
<String CONTENT="January," HEIGHT="68" WIDTH="282" VPOS="2286" HPOS="2074"/>
</TextLine>
<TextLine HEIGHT="150" WIDTH="1980" VPOS="2362" HPOS="350" STYLEREFS="StyleId-64256746-3569-4508-9321-1F435991265E-" CS="1">
<String CS="1" CONTENT="A."/>
<SP/>
<String CS="1" CONTENT="D."/>
<SP HEIGHT="48" WIDTH="35" VPOS="2369" HPOS="480"/>
<String CONTENT="1929." HEIGHT="49" WIDTH="148" VPOS="2368" HPOS="516"/>
<SP HEIGHT="51" WIDTH="75" VPOS="2365" HPOS="665"/>
<String CONTENT="Reported" HEIGHT="67" WIDTH="291" VPOS="2365" HPOS="741"/>
<SP HEIGHT="52" WIDTH="31" VPOS="2366" HPOS="1033"/>
<String CS="1" CONTENT="by"/>
<SP HEIGHT="53" WIDTH="32" VPOS="2365" HPOS="1140"/>
<String CONTENT="W." HEIGHT="53" WIDTH="89" VPOS="2365" HPOS="1173"/>
<SP HEIGHT="52" WIDTH="31" VPOS="2366" HPOS="1263"/>
<String CONTENT="W." HEIGHT="52" WIDTH="90" VPOS="2366" HPOS="1295"/>
<SP HEIGHT="53" WIDTH="34" VPOS="2365" HPOS="1386"/>
<String CONTENT="Nelms," HEIGHT="51" WIDTH="211" VPOS="2365" HPOS="1421"/>
<SP HEIGHT="31" WIDTH="75" VPOS="2384" HPOS="1633"/>
<String CS="1" CONTENT="v." HEIGHT="8" WIDTH="9" VPOS="2409" HPOS="1750"/>
<SP HEIGHT="49" WIDTH="34" VPOS="2368" HPOS="1760"/>
<String CONTENT="3." HEIGHT="47" WIDTH="47" VPOS="2368" HPOS="1795"/>
<SP HEIGHT="55" WIDTH="75" VPOS="2362" HPOS="1843"/>
<String CONTENT="Chicago," HEIGHT="70" WIDTH="271" VPOS="2362" HPOS="1919"/>
<SP HEIGHT="67" WIDTH="35" VPOS="2364" HPOS="2191"/>
<String CONTENT="Callaghan" HEIGHT="148" WIDTH="1980" VPOS="2364" HPOS="350"/>
</TextLine>
<TextLine HEIGHT="67" WIDTH="619" VPOS="2445" HPOS="591" STYLEREFS="StyleId-64256746-3569-4508-9321-1F435991265E-">
<String CONTENT="and" HEIGHT="51" WIDTH="108" VPOS="2445" HPOS="591"/>
<SP HEIGHT="51" WIDTH="31" VPOS="2445" HPOS="700"/>
<String CONTENT="company," HEIGHT="50" WIDTH="298" VPOS="2462" HPOS="732"/>
<SP HEIGHT="64" WIDTH="28" VPOS="2447" HPOS="1031"/>
<String CONTENT="1929." HEIGHT="51" WIDTH="150" VPOS="2446" HPOS="1060"/>
</TextLine>
<TextLine HEIGHT="48" WIDTH="461" VPOS="2524" HPOS="424" STYLEREFS="StyleId-64256746-3569-4508-9321-1F435991265E-" CS="1">
<String CONTENT="xvi." HEIGHT="41" WIDTH="97" VPOS="2525" HPOS="424"/>
<SP HEIGHT="40" WIDTH="39" VPOS="2526" HPOS="522"/>
<String CONTENT="766" HEIGHT="41" WIDTH="87" VPOS="2524" HPOS="562"/>
<SP HEIGHT="47" WIDTH="35" VPOS="2525" HPOS="650"/>
<String CONTENT="p." HEIGHT="36" WIDTH="44" VPOS="2536" HPOS="686"/>
<SP HEIGHT="39" WIDTH="37" VPOS="2525" HPOS="731"/>
<String CONTENT="24" HEIGHT="38" WIDTH="55" VPOS="2525" HPOS="769"/>
<String STYLE="superscript" CS="1" CONTENT="&#7580;&#7504;"/>
<String CONTENT="." HEIGHT="8" WIDTH="7" VPOS="2557" HPOS="878"/>
</TextLine>
<TextLine HEIGHT="52" WIDTH="1994" VPOS="2592" HPOS="361" CS="1">
<String CONTENT="&#169;" HEIGHT="52" WIDTH="51" VPOS="2592" HPOS="361"/>
<SP HEIGHT="52" WIDTH="34" VPOS="2592" HPOS="413"/>
<String CONTENT="Oct." HEIGHT="41" WIDTH="101" VPOS="2596" HPOS="448"/>
<SP HEIGHT="40" WIDTH="32" VPOS="2597" HPOS="550"/>
<String CONTENT="15," HEIGHT="47" WIDTH="68" VPOS="2596" HPOS="583"/>
<SP HEIGHT="46" WIDTH="30" VPOS="2597" HPOS="652"/>
<String CS="1" CONTENT="1929;" HEIGHT="39" WIDTH="114" VPOS="2596" HPOS="683"/>
<SP HEIGHT="40" WIDTH="32" VPOS="2596" HPOS="826"/>
<String CONTENT="2c." HEIGHT="40" WIDTH="66" VPOS="2596" HPOS="859"/>
<SP HEIGHT="30" WIDTH="33" VPOS="2606" HPOS="926"/>
<String CONTENT="and" HEIGHT="39" WIDTH="95" VPOS="2596" HPOS="960"/>
<SP HEIGHT="39" WIDTH="32" VPOS="2596" HPOS="1056"/>
<String CONTENT="aff." HEIGHT="41" WIDTH="82" VPOS="2595" HPOS="1089"/>
<SP HEIGHT="41" WIDTH="33" VPOS="2595" HPOS="1172"/>
<String CONTENT="Oct." HEIGHT="40" WIDTH="103" VPOS="2595" HPOS="1206"/>
<SP HEIGHT="39" WIDTH="28" VPOS="2596" HPOS="1310"/>
<String CS="1" CONTENT="18;"/>
<SP HEIGHT="39" WIDTH="36" VPOS="2595" HPOS="1424"/>
<!-- cceid A5793827-6CFA-1014-9C3C-CEA95E7AA542 --><String CONTENT="A" HEIGHT="38" WIDTH="40" VPOS="2595" HPOS="1461"/>
<SP HEIGHT="38" WIDTH="30" VPOS="2595" HPOS="1502"/>
<String CONTENT="14224;" HEIGHT="40" WIDTH="171" VPOS="2595" HPOS="1533"/>
<SP HEIGHT="40" WIDTH="35" VPOS="2595" HPOS="1705"/>
<String LANG="fr" CONTENT="W." HEIGHT="40" WIDTH="71" VPOS="2595" HPOS="1741"/>
<SP HEIGHT="39" WIDTH="33" VPOS="2596" HPOS="1813"/>
<String CONTENT="W." HEIGHT="39" WIDTH="71" VPOS="2596" HPOS="1847"/>
<SP HEIGHT="40" WIDTH="32" VPOS="2595" HPOS="1919"/>
<String CONTENT="Nelms," HEIGHT="41" WIDTH="178" VPOS="2594" HPOS="1952"/>
<SP HEIGHT="41" WIDTH="32" VPOS="2594" HPOS="2131"/>
<String CONTENT="Austin," HEIGHT="47" WIDTH="191" VPOS="2593" HPOS="2164"/>
</TextLine>
<TextLine HEIGHT="40" WIDTH="116" VPOS="2653" HPOS="427">
<String CONTENT="Tex." HEIGHT="40" WIDTH="116" VPOS="2653" HPOS="427"/>
</TextLine>
<TextLine HEIGHT="64" WIDTH="461" VPOS="2746" HPOS="356" STYLEREFS="StyleId-12C24568-1DD2-4A8F-8910-1BB924A7C22A-">
<String CONTENT="Thinet," HEIGHT="64" WIDTH="235" VPOS="2746" HPOS="356"/>
<SP HEIGHT="63" WIDTH="27" VPOS="2747" HPOS="592"/>
<String CONTENT="Louis." HEIGHT="55" WIDTH="197" VPOS="2746" HPOS="620"/>
</TextLine>
<TextLine HEIGHT="68" WIDTH="1735" VPOS="2822" HPOS="483" STYLEREFS="StyleId-64256746-3569-4508-9321-1F435991265E-" CS="1">
<String LANG="en-US" CS="1" CONTENT="&#8230;"/>
<SP HEIGHT="52" WIDTH="34" VPOS="2824" HPOS="483"/>
<String LANG="fr" CONTENT="Histoires" HEIGHT="53" WIDTH="288" VPOS="2824" HPOS="518"/>
<SP HEIGHT="52" WIDTH="32" VPOS="2824" HPOS="807"/>
<String LANG="fr" CONTENT="de" HEIGHT="52" WIDTH="68" VPOS="2824" HPOS="840"/>
<SP HEIGHT="34" WIDTH="30" VPOS="2842" HPOS="909"/>
<String LANG="fr" CONTENT="voleurs." HEIGHT="51" WIDTH="239" VPOS="2824" HPOS="940"/>
<SP HEIGHT="51" WIDTH="69" VPOS="2824" HPOS="1180"/>
<String LANG="en-US" CONTENT="Paris," HEIGHT="65" WIDTH="185" VPOS="2824" HPOS="1250"/>
<SP HEIGHT="65" WIDTH="30" VPOS="2824" HPOS="1436"/>
<String LANG="fr" CONTENT="A." HEIGHT="51" WIDTH="70" VPOS="2824" HPOS="1467"/>
<SP HEIGHT="51" WIDTH="33" VPOS="2824" HPOS="1538"/>
<String LANG="fr" CONTENT="Fayard" HEIGHT="67" WIDTH="232" VPOS="2823" HPOS="1572"/>
<SP HEIGHT="52" WIDTH="32" VPOS="2823" HPOS="1805"/>
<String LANG="fr" CONTENT="et" HEIGHT="47" WIDTH="54" VPOS="2827" HPOS="1838"/>
<SP HEIGHT="47" WIDTH="29" VPOS="2827" HPOS="1893"/>
<String LANG="en-US" CONTENT="c" HEIGHT="31" WIDTH="28" VPOS="2843" HPOS="1923"/>
<String STYLE="superscript" LANG="en-US" CONTENT="ie" HEIGHT="27" WIDTH="32" VPOS="2822" HPOS="1956"/>
<SP HEIGHT="61" WIDTH="37" VPOS="2828" HPOS="1989"/>
<String LANG="en-US" CS="1" CONTENT="["/>
<String STYLE="superscript" LANG="en-US" CS="1" CONTENT="&#7580;19"/>
<String LANG="en-US" CONTENT="29]" HEIGHT="63" WIDTH="84" VPOS="2826" HPOS="2134"/>
</TextLine>
<TextLine HEIGHT="50" WIDTH="744" VPOS="2906" HPOS="421" CS="1">
<String LANG="en-US" CONTENT="3" HEIGHT="39" WIDTH="26" VPOS="2909" HPOS="421"/>
<SP/>
<String LANG="fr" CONTENT="p." HEIGHT="37" WIDTH="43" VPOS="2919" HPOS="475"/>
<SP HEIGHT="38" WIDTH="26" VPOS="2909" HPOS="519"/>
<String LANG="en-US" CS="1" CONTENT="l.," HEIGHT="16" WIDTH="7" VPOS="2938" HPOS="582"/>
<SP HEIGHT="29" WIDTH="31" VPOS="2927" HPOS="590"/>
<String LANG="en-US" CONTENT="[9]-286" HEIGHT="49" WIDTH="176" VPOS="2907" HPOS="622"/>
<SP HEIGHT="47" WIDTH="24" VPOS="2907" HPOS="799"/>
<String LANG="fr" CONTENT="p.," HEIGHT="36" WIDTH="57" VPOS="2918" HPOS="824"/>
<SP HEIGHT="47" WIDTH="27" VPOS="2907" HPOS="882"/>
<String LANG="en-US" CONTENT="1" HEIGHT="38" WIDTH="26" VPOS="2907" HPOS="910"/>
<SP HEIGHT="38" WIDTH="24" VPOS="2907" HPOS="937"/>
<String LANG="en-US" CS="1" CONTENT="l."/>
<SP HEIGHT="40" WIDTH="53" VPOS="2907" HPOS="995"/>
<String LANG="en-US" CONTENT="19" HEIGHT="40" WIDTH="56" VPOS="2906" HPOS="1049"/>
<String STYLE="superscript" LANG="en-US" CS="1" CONTENT="&#7580;&#7504;"/>
<String LANG="en-US" CONTENT="." HEIGHT="7" WIDTH="8" VPOS="2938" HPOS="1157"/>
</TextLine>
<TextLine HEIGHT="53" WIDTH="1996" VPOS="2960" HPOS="360" CS="1">
<String LANG="en-US" CONTENT="&#169;" HEIGHT="53" WIDTH="53" VPOS="2960" HPOS="360"/>
<SP HEIGHT="53" WIDTH="28" VPOS="2960" HPOS="414"/>
<String LANG="en-US" CONTENT="May" HEIGHT="46" WIDTH="112" VPOS="2966" HPOS="443"/>
<SP HEIGHT="47" WIDTH="25" VPOS="2965" HPOS="556"/>
<String LANG="en-US" CONTENT="29," HEIGHT="48" WIDTH="68" VPOS="2964" HPOS="582"/>
<SP HEIGHT="47" WIDTH="28" VPOS="2965" HPOS="651"/>
<String LANG="en-US" CS="1" CONTENT="1929;" HEIGHT="39" WIDTH="114" VPOS="2964" HPOS="680"/>
<SP/>
<String LANG="en-US" CONTENT="1c." HEIGHT="39" WIDTH="67" VPOS="2964" HPOS="852"/>
<SP HEIGHT="39" WIDTH="27" VPOS="2964" HPOS="920"/>
<String LANG="en-US" CONTENT="July" HEIGHT="47" WIDTH="117" VPOS="2964" HPOS="948"/>
<SP HEIGHT="47" WIDTH="26" VPOS="2964" HPOS="1066"/>
<String LANG="en-US" CONTENT="12;" HEIGHT="46" WIDTH="82" VPOS="2963" HPOS="1093"/>
<SP HEIGHT="47" WIDTH="30" VPOS="2962" HPOS="1176"/>
<!-- cceid A579AA6B-6CFA-1014-9C3C-CEA95E7AA542 --><String LANG="en-US" CONTENT="A&#8212;Foreign" HEIGHT="48" WIDTH="311" VPOS="2962" HPOS="1207"/>
<SP HEIGHT="39" WIDTH="25" VPOS="2963" HPOS="1519"/>
<String LANG="en-US" CONTENT="3687;" HEIGHT="47" WIDTH="144" VPOS="2962" HPOS="1545"/>
<SP HEIGHT="47" WIDTH="29" VPOS="2962" HPOS="1690"/>
<String LANG="fr" CONTENT="Arth&#232;me" HEIGHT="40" WIDTH="232" VPOS="2962" HPOS="1720"/>
<SP HEIGHT="40" WIDTH="26" VPOS="2962" HPOS="1953"/>
<String LANG="fr" CONTENT="Fayard" HEIGHT="47" WIDTH="195" VPOS="2962" HPOS="1980"/>
<SP HEIGHT="39" WIDTH="28" VPOS="2962" HPOS="2176"/>
<String LANG="en-US" CONTENT="&amp;" HEIGHT="39" WIDTH="37" VPOS="2962" HPOS="2205"/>
<SP HEIGHT="39" WIDTH="25" VPOS="2962" HPOS="2243"/>
<String LANG="la" CONTENT="cie." HEIGHT="41" WIDTH="87" VPOS="2960" HPOS="2269"/>
</TextLine>
<TextLine HEIGHT="49" WIDTH="281" VPOS="3020" HPOS="437">
<String CONTENT="(29-20952)" HEIGHT="49" WIDTH="281" VPOS="3020" HPOS="437"/>
</TextLine>
<TextLine HEIGHT="65" WIDTH="1360" VPOS="3113" HPOS="357" STYLEREFS="StyleId-12C24568-1DD2-4A8F-8910-1BB924A7C22A-">
<String CONTENT="Tietjens," HEIGHT="64" WIDTH="289" VPOS="3114" HPOS="357"/>
<SP HEIGHT="61" WIDTH="27" VPOS="3117" HPOS="647"/>
<String CONTENT="Mrs." HEIGHT="52" WIDTH="138" VPOS="3117" HPOS="675"/>
<SP HEIGHT="54" WIDTH="31" VPOS="3115" HPOS="814"/>
<String CONTENT="Eunice" HEIGHT="51" WIDTH="222" VPOS="3115" HPOS="846"/>
<SP HEIGHT="63" WIDTH="38" VPOS="3115" HPOS="1069"/>
<String CONTENT="(Hammond)" HEIGHT="65" WIDTH="395" VPOS="3113" HPOS="1108"/>
<SP HEIGHT="62" WIDTH="41" VPOS="3113" HPOS="1504"/>
<String CONTENT="1884-" HEIGHT="49" WIDTH="171" VPOS="3118" HPOS="1546"/>
</TextLine>
<TextLine HEIGHT="75" WIDTH="1933" VPOS="3189" HPOS="428" STYLEREFS="StyleId-64256746-3569-4508-9321-1F435991265E-">
<String CONTENT="Leaves" HEIGHT="53" WIDTH="213" VPOS="3194" HPOS="428"/>
<SP HEIGHT="53" WIDTH="33" VPOS="3194" HPOS="642"/>
<String CONTENT="in" HEIGHT="52" WIDTH="61" VPOS="3194" HPOS="676"/>
<SP HEIGHT="34" WIDTH="33" VPOS="3212" HPOS="738"/>
<String CONTENT="windy" HEIGHT="69" WIDTH="193" VPOS="3194" HPOS="772"/>
<SP HEIGHT="51" WIDTH="33" VPOS="3212" HPOS="966"/>
<String CONTENT="weather," HEIGHT="70" WIDTH="265" VPOS="3194" HPOS="1000"/>
<SP HEIGHT="70" WIDTH="31" VPOS="3194" HPOS="1266"/>
<String CONTENT="by" HEIGHT="68" WIDTH="75" VPOS="3194" HPOS="1298"/>
<SP HEIGHT="70" WIDTH="33" VPOS="3192" HPOS="1374"/>
<String CONTENT="Eunice" HEIGHT="53" WIDTH="218" VPOS="3192" HPOS="1408"/>
<SP HEIGHT="52" WIDTH="30" VPOS="3193" HPOS="1627"/>
<String CONTENT="Tietjens." HEIGHT="69" WIDTH="272" VPOS="3191" HPOS="1658"/>
<SP HEIGHT="51" WIDTH="74" VPOS="3191" HPOS="1931"/>
<String CONTENT="New" HEIGHT="52" WIDTH="138" VPOS="3191" HPOS="2006"/>
<SP HEIGHT="52" WIDTH="35" VPOS="3190" HPOS="2145"/>
<String CONTENT="York," HEIGHT="68" WIDTH="180" VPOS="3189" HPOS="2181"/>
</TextLine>
<TextLine HEIGHT="70" WIDTH="601" VPOS="3271" HPOS="361" STYLEREFS="StyleId-64256746-3569-4508-9321-1F435991265E-">
<String CONTENT="A." HEIGHT="54" WIDTH="70" VPOS="3272" HPOS="361"/>
<SP HEIGHT="53" WIDTH="26" VPOS="3273" HPOS="432"/>
<String CONTENT="A." HEIGHT="51" WIDTH="72" VPOS="3273" HPOS="459"/>
<SP HEIGHT="52" WIDTH="24" VPOS="3273" HPOS="532"/>
<String CONTENT="Knopf," HEIGHT="70" WIDTH="228" VPOS="3271" HPOS="557"/>
<SP HEIGHT="64" WIDTH="26" VPOS="3277" HPOS="786"/>
<String CONTENT="1929." HEIGHT="51" WIDTH="149" VPOS="3275" HPOS="813"/>
</TextLine>
<TextLine HEIGHT="50" WIDTH="824" VPOS="3352" HPOS="426" CS="1">
<String CONTENT="3" HEIGHT="40" WIDTH="27" VPOS="3354" HPOS="426"/>
<SP HEIGHT="48" WIDTH="24" VPOS="3354" HPOS="454"/>
<String CONTENT="p." HEIGHT="36" WIDTH="43" VPOS="3366" HPOS="479"/>
<SP HEIGHT="40" WIDTH="24" VPOS="3354" HPOS="523"/>
<String CS="1" CONTENT="l.," HEIGHT="16" WIDTH="8" VPOS="3384" HPOS="584"/>
<SP HEIGHT="46" WIDTH="26" VPOS="3354" HPOS="593"/>
<String CONTENT="ix-xi," HEIGHT="47" WIDTH="147" VPOS="3353" HPOS="620"/>
<SP HEIGHT="47" WIDTH="25" VPOS="3353" HPOS="768"/>
<String CONTENT="88" HEIGHT="41" WIDTH="56" VPOS="3353" HPOS="794"/>
<SP HEIGHT="47" WIDTH="24" VPOS="3353" HPOS="851"/>
<String LANG="la" CONTENT="p," HEIGHT="37" WIDTH="57" VPOS="3363" HPOS="876"/>
<SP HEIGHT="47" WIDTH="27" VPOS="3353" HPOS="934"/>
<String CONTENT="1" HEIGHT="38" WIDTH="25" VPOS="3353" HPOS="962"/>
<SP HEIGHT="38" WIDTH="24" VPOS="3353" HPOS="988"/>
<String CS="1" CONTENT="l."/>
<SP HEIGHT="40" WIDTH="59" VPOS="3352" HPOS="1045"/>
<String CS="1" CONTENT="22&#189;&#7580;&#7504;." HEIGHT="40" WIDTH="145" VPOS="3352" HPOS="1105"/>
</TextLine>
<TextLine HEIGHT="39" WIDTH="185" VPOS="3411" HPOS="426" STYLEREFS="StyleId-B8A21ABB-6618-4EDC-80F9-BF46D4AA7183-">
<String CONTENT="Poems." HEIGHT="39" WIDTH="185" VPOS="3411" HPOS="426"/>
</TextLine>
<TextLine HEIGHT="53" WIDTH="1992" VPOS="3462" HPOS="362" CS="1">
<String CONTENT="&#169;" HEIGHT="52" WIDTH="51" VPOS="3462" HPOS="362"/>
<SP HEIGHT="52" WIDTH="31" VPOS="3462" HPOS="414"/>
<String CONTENT="Aug." HEIGHT="47" WIDTH="120" VPOS="3468" HPOS="446"/>
<SP HEIGHT="39" WIDTH="30" VPOS="3468" HPOS="567"/>
<String CONTENT="30," HEIGHT="46" WIDTH="70" VPOS="3468" HPOS="598"/>
<SP HEIGHT="46" WIDTH="30" VPOS="3468" HPOS="669"/>
<String CS="1" CONTENT="1929;" HEIGHT="39" WIDTH="118" VPOS="3467" HPOS="700"/>
<SP HEIGHT="38" WIDTH="34" VPOS="3467" HPOS="841"/>
<String CONTENT="2c." HEIGHT="40" WIDTH="68" VPOS="3467" HPOS="876"/>
<SP HEIGHT="40" WIDTH="34" VPOS="3467" HPOS="945"/>
<String CONTENT="Sept." HEIGHT="47" WIDTH="128" VPOS="3467" HPOS="980"/>
<SP HEIGHT="39" WIDTH="32" VPOS="3467" HPOS="1109"/>
<String CS="1" CONTENT="5;" HEIGHT="39" WIDTH="26" VPOS="3467" HPOS="1142"/>
<SP/>
<String CONTENT="aff." HEIGHT="41" WIDTH="83" VPOS="3466" HPOS="1229"/>
<SP HEIGHT="40" WIDTH="35" VPOS="3467" HPOS="1313"/>
<String CONTENT="Sept." HEIGHT="46" WIDTH="127" VPOS="3467" HPOS="1349"/>
<SP HEIGHT="39" WIDTH="31" VPOS="3466" HPOS="1477"/>
<String CS="1" CONTENT="4;" HEIGHT="38" WIDTH="27" VPOS="3466" HPOS="1509"/>
<SP/>
<!-- cceid A57A0442-6CFA-1014-9C3C-CEA95E7AA542 --><String CONTENT="A" HEIGHT="39" WIDTH="41" VPOS="3465" HPOS="1597"/>
<SP HEIGHT="39" WIDTH="32" VPOS="3465" HPOS="1639"/>
<String CS="1" CONTENT="12500;" HEIGHT="40" WIDTH="145" VPOS="3465" HPOS="1672"/>
<SP/>
<String CONTENT="Alfred" HEIGHT="39" WIDTH="170" VPOS="3466" HPOS="1880"/>
<SP HEIGHT="40" WIDTH="33" VPOS="3465" HPOS="2051"/>
<String CONTENT="A." HEIGHT="39" WIDTH="55" VPOS="3465" HPOS="2085"/>
<SP HEIGHT="38" WIDTH="32" VPOS="3466" HPOS="2141"/>
<String CONTENT="Knopf," HEIGHT="48" WIDTH="180" VPOS="3465" HPOS="2174"/>
</TextLine>
<TextLine HEIGHT="48" WIDTH="440" VPOS="3523" HPOS="427">
<String CONTENT="inc." HEIGHT="40" WIDTH="92" VPOS="3523" HPOS="427"/>
<SP HEIGHT="47" WIDTH="65" VPOS="3523" HPOS="520"/>
<String CONTENT="(29-20557)" HEIGHT="48" WIDTH="281" VPOS="3523" HPOS="586"/>
</TextLine>
<TextLine HEIGHT="64" WIDTH="463" VPOS="3617" HPOS="354" STYLEREFS="StyleId-12C24568-1DD2-4A8F-8910-1BB924A7C22A-">
<String CONTENT="Townsend," HEIGHT="64" WIDTH="346" VPOS="3617" HPOS="354"/>
<SP HEIGHT="63" WIDTH="27" VPOS="3618" HPOS="701"/>
<String CONTENT="W." HEIGHT="53" WIDTH="88" VPOS="3618" HPOS="729"/>
</TextLine>
<TextLine HEIGHT="70" WIDTH="1929" VPOS="3694" HPOS="424" STYLEREFS="StyleId-64256746-3569-4508-9321-1F435991265E-">
<String CONTENT="The" HEIGHT="51" WIDTH="124" VPOS="3696" HPOS="424"/>
<SP HEIGHT="52" WIDTH="24" VPOS="3695" HPOS="549"/>
<String CONTENT="biography" HEIGHT="70" WIDTH="324" VPOS="3694" HPOS="574"/>
<SP HEIGHT="50" WIDTH="27" VPOS="3713" HPOS="899"/>
<String CONTENT="of" HEIGHT="51" WIDTH="65" VPOS="3695" HPOS="927"/>
<SP HEIGHT="53" WIDTH="28" VPOS="3695" HPOS="993"/>
<String LANG="fr" CONTENT="H." HEIGHT="51" WIDTH="76" VPOS="3697" HPOS="1022"/>
<SP HEIGHT="51" WIDTH="31" VPOS="3697" HPOS="1099"/>
<String LANG="fr" CONTENT="R." HEIGHT="51" WIDTH="64" VPOS="3697" HPOS="1131"/>
<SP HEIGHT="51" WIDTH="29" VPOS="3697" HPOS="1196"/>
<String CONTENT="H." HEIGHT="51" WIDTH="77" VPOS="3697" HPOS="1226"/>
<SP HEIGHT="46" WIDTH="28" VPOS="3700" HPOS="1304"/>
<String CONTENT="the" HEIGHT="53" WIDTH="97" VPOS="3695" HPOS="1333"/>
<SP HEIGHT="51" WIDTH="26" VPOS="3697" HPOS="1431"/>
<String CONTENT="Prince" HEIGHT="53" WIDTH="207" VPOS="3695" HPOS="1458"/>
<SP HEIGHT="35" WIDTH="25" VPOS="3712" HPOS="1666"/>
<String CONTENT="of" HEIGHT="52" WIDTH="65" VPOS="3694" HPOS="1692"/>
<SP HEIGHT="54" WIDTH="25" VPOS="3694" HPOS="1758"/>
<String CONTENT="Wales," HEIGHT="67" WIDTH="209" VPOS="3694" HPOS="1784"/>
<SP HEIGHT="67" WIDTH="26" VPOS="3694" HPOS="1994"/>
<String CONTENT="by" HEIGHT="68" WIDTH="75" VPOS="3694" HPOS="2021"/>
<SP HEIGHT="68" WIDTH="26" VPOS="3694" HPOS="2097"/>
<String CONTENT="W." HEIGHT="53" WIDTH="89" VPOS="3694" HPOS="2124"/>
<SP HEIGHT="33" WIDTH="28" VPOS="3713" HPOS="2214"/>
<String CONTENT="and" HEIGHT="51" WIDTH="110" VPOS="3694" HPOS="2243"/>
</TextLine>
<TextLine HEIGHT="70" WIDTH="1900" VPOS="3771" HPOS="354" STYLEREFS="StyleId-64256746-3569-4508-9321-1F435991265E-">
<String CONTENT="L." HEIGHT="54" WIDTH="63" VPOS="3773" HPOS="354"/>
<SP HEIGHT="52" WIDTH="33" VPOS="3775" HPOS="418"/>
<String CONTENT="Townsend." HEIGHT="52" WIDTH="334" VPOS="3774" HPOS="452"/>
<SP HEIGHT="52" WIDTH="75" VPOS="3774" HPOS="787"/>
<String CONTENT="New" HEIGHT="52" WIDTH="139" VPOS="3774" HPOS="863"/>
<SP HEIGHT="51" WIDTH="32" VPOS="3775" HPOS="1003"/>
<String CONTENT="York," HEIGHT="67" WIDTH="180" VPOS="3774" HPOS="1036"/>
<SP HEIGHT="65" WIDTH="30" VPOS="3776" HPOS="1217"/>
<String CONTENT="The" HEIGHT="51" WIDTH="122" VPOS="3774" HPOS="1248"/>
<SP HEIGHT="52" WIDTH="28" VPOS="3774" HPOS="1371"/>
<String CONTENT="Macmillan" HEIGHT="55" WIDTH="336" VPOS="3771" HPOS="1400"/>
<SP HEIGHT="34" WIDTH="32" VPOS="3790" HPOS="1737"/>
<String CONTENT="company," HEIGHT="50" WIDTH="297" VPOS="3789" HPOS="1770"/>
<SP HEIGHT="60" WIDTH="35" VPOS="3776" HPOS="2068"/>
<String CONTENT="1929." HEIGHT="49" WIDTH="150" VPOS="3775" HPOS="2104"/>
</TextLine>
<TextLine HEIGHT="49" WIDTH="970" VPOS="3854" HPOS="491" CS="1">
<String CS="1" CONTENT="xv"/>
<SP HEIGHT="36" WIDTH="23" VPOS="3866" HPOS="491"/>
<String LANG="la" CS="1" CONTENT="p.," HEIGHT="36" WIDTH="30" VPOS="3866" HPOS="515"/>
<SP HEIGHT="39" WIDTH="28" VPOS="3855" HPOS="573"/>
<String CONTENT="1" HEIGHT="38" WIDTH="17" VPOS="3855" HPOS="602"/>
<SP HEIGHT="38" WIDTH="32" VPOS="3855" HPOS="620"/>
<String CS="1" CONTENT="l.," HEIGHT="13" WIDTH="8" VPOS="3886" HPOS="689"/>
<SP HEIGHT="44" WIDTH="25" VPOS="3855" HPOS="698"/>
<String CONTENT="298" HEIGHT="41" WIDTH="86" VPOS="3854" HPOS="724"/>
<SP HEIGHT="47" WIDTH="27" VPOS="3855" HPOS="811"/>
<String CONTENT="p." HEIGHT="37" WIDTH="41" VPOS="3865" HPOS="839"/>
<SP HEIGHT="39" WIDTH="58" VPOS="3855" HPOS="881"/>
<String CONTENT="front.," HEIGHT="46" WIDTH="165" VPOS="3855" HPOS="940"/>
<SP HEIGHT="37" WIDTH="29" VPOS="3866" HPOS="1106"/>
<String CONTENT="ports." HEIGHT="46" WIDTH="149" VPOS="3857" HPOS="1136"/>
<SP HEIGHT="40" WIDTH="58" VPOS="3854" HPOS="1286"/>
<String CONTENT="23" HEIGHT="40" WIDTH="55" VPOS="3854" HPOS="1345"/>
<String STYLE="superscript" CS="1" CONTENT="&#7580;&#7504;"/>
<String CONTENT="." HEIGHT="7" WIDTH="8" VPOS="3887" HPOS="1453"/>
</TextLine>
<TextLine HEIGHT="52" WIDTH="1769" VPOS="3907" HPOS="363" CS="1">
<String CONTENT="&#169;" HEIGHT="52" WIDTH="51" VPOS="3907" HPOS="363"/>
<SP HEIGHT="52" WIDTH="30" VPOS="3907" HPOS="415"/>
<String CONTENT="Oct." HEIGHT="40" WIDTH="101" VPOS="3912" HPOS="446"/>
<SP HEIGHT="40" WIDTH="30" VPOS="3912" HPOS="548"/>
<String CONTENT="1," HEIGHT="42" WIDTH="38" VPOS="3912" HPOS="579"/>
<SP HEIGHT="42" WIDTH="29" VPOS="3912" HPOS="618"/>
<String CONTENT="1929;" HEIGHT="47" WIDTH="141" VPOS="3911" HPOS="648"/>
<SP HEIGHT="41" WIDTH="17" VPOS="3912" HPOS="804"/>
<String CONTENT="2c." HEIGHT="42" WIDTH="67" VPOS="3912" HPOS="822"/>
<SP HEIGHT="42" WIDTH="30" VPOS="3912" HPOS="890"/>
<String CONTENT="Oct." HEIGHT="40" WIDTH="103" VPOS="3912" HPOS="921"/>
<SP HEIGHT="40" WIDTH="28" VPOS="3912" HPOS="1025"/>
<String CS="1" CONTENT="2;" HEIGHT="40" WIDTH="26" VPOS="3912" HPOS="1054"/>
<SP HEIGHT="29" WIDTH="33" VPOS="3923" HPOS="1108"/>
<String CONTENT="aff." HEIGHT="41" WIDTH="82" VPOS="3911" HPOS="1142"/>
<SP HEIGHT="41" WIDTH="30" VPOS="3911" HPOS="1225"/>
<String CONTENT="Oct." HEIGHT="41" WIDTH="102" VPOS="3911" HPOS="1256"/>
<SP HEIGHT="40" WIDTH="28" VPOS="3912" HPOS="1359"/>
<String CONTENT="3;" HEIGHT="45" WIDTH="53" VPOS="3912" HPOS="1388"/>
<SP HEIGHT="46" WIDTH="31" VPOS="3911" HPOS="1442"/>
<!-- cceid A57A653F-6CFA-1014-9C3C-CEA95E7AA542 --><String CONTENT="A" HEIGHT="39" WIDTH="41" VPOS="3911" HPOS="1474"/>
<SP HEIGHT="39" WIDTH="28" VPOS="3911" HPOS="1516"/>
<String CONTENT="12712;" HEIGHT="46" WIDTH="171" VPOS="3911" HPOS="1545"/>
<SP HEIGHT="46" WIDTH="33" VPOS="3911" HPOS="1717"/>
<String CONTENT="Macmillan" HEIGHT="40" WIDTH="282" VPOS="3910" HPOS="1751"/>
<SP HEIGHT="30" WIDTH="28" VPOS="3920" HPOS="2034"/>
<String CONTENT="co." HEIGHT="29" WIDTH="69" VPOS="3921" HPOS="2063"/>
</TextLine>
<TextLine HEIGHT="51" WIDTH="281" VPOS="3967" HPOS="438">
<String CONTENT="(29-20599)" HEIGHT="51" WIDTH="281" VPOS="3967" HPOS="438"/>
</TextLine>
</TextBlock>
</PrintSpace>
</Page>
</Layout>
</alto>