2547 4384
1246 3977 134 52 1014

379 374 493 78 vii, 268, [1] p. 19½ ᶜᵐ.
317 457 51 52 ©
399 462 117 47 July
544 461 39 47 5,
614 460 142 47 1929;
786 460 67 39 2c.
884 459 97 40 and
1009 458 82 40 aff.
1122 458 116 47 July
1267 457 51 46 6;
1351 456 41 40 A
1422 455 145 41 10127;
1625 456 58 40 D.
1714 455 240 49 Appleton
1985 455 37 40 &
2049 465 70 31 co.

395 517 281 48 (29-14300)

315 612 244 64 Lothar,
593 613 204 62 Ernst,
833 615 171 49 1890-

442 684 1771 71 … Der hellseher, roman. Berlin [etc.] P. Zsolnay, 1929.
381 770 99 49 525,
514 769 53 51 [2]
600 779 44 39 p.
703 768 59 42 20½ᶜᵐ.

382 828 67 39 “1.
480 827 73 40 bis
581 826 69 41 10.
682 824 252 42 tausend.”

317 879 1998 54 © Jan. 29, 1929; 1c. Mar. 20; A—Foreign 2446; Paul Zsolnay verlag,
383 952 95 38 ges.
508 952 60 29 m.
599 941 42 39 b.
709 972 7 7 h.
788 938 279 49 (29-14197)

312 1035 375 62 McGroarty,
720 1033 156 54 John
909 1033 237 62 Steven,
1183 1035 172 50 1862-

378 1112 242 54 Mission
649 1110 315 69 memories,
992 1130 60 33 as
1080 1109 292 53 described
1404 1109 74 70 by
1507 1109 157 55 John
1696 1109 210 55 Steven
1934 1109 382 68 McGroarty;

309 1192 325 52 illustrated
665 1190 76 69 by
772 1189 311 53 Frederick
1114 1190 68 52 V.
1218 1188 335 67 Carpenter,
1585 1187 140 53 with
1760 1190 67 49 22
1859 1205 173 50 pages
2064 1185 65 54 of
309 1186 1985 136 illustrations.

643 1264 1569 72 Los Angeles, Calif., Neuner corporation, ᶜ1 929.
381 1346 1619 52 1 p. l., 7-60 p. mounted col. front., illus. (incl. map) 23½ᶜᵐ.
381 1409 74 38 An
483 1410 204 38 account
717 1407 53 39 of
799 1408 81 39 the
912 1405 296 40 Franciscan
1237 1404 228 41 missions
1498 1404 48 40 in
1578 1403 290 43 California.

316 1462 51 52 ©
396 1467 127 39 June
549 1466 39 42 5,
617 1464 142 47 1929;
788 1464 68 39 2c.
885 1466 96 38 and
1010 1462 82 41 aff.
1120 1463 127 39 June
1275 1463 53 38 11;
1388 1462 42 39 A
1458 1462 114 41 8957;
1630 1463 195 40 Neuner
1855 1472 127 38 corp.

393 1520 280 51 (29-14344)

312 1615 332 64 MacOrlan,
683 1614 221 64 Pierre,
944 1619 172 52 1882-

438 1689 1879 71 … Nuits aux bouges, eaux-fortes de Dignimont. [Paris] E.
313 1771 388 52 Flammarion
760 1772 152 64 [1929]

379 1850 1012 51 69, [2] p., 1 l. front., plates. 24 x 19 ᶜᵐ.
313 1906 2002 52 © Feb. 28, 1929; 1c. Apr. 4; A— Foreign 2563; Ernest Flammarion.
393 1966 281 49 (29-14184)

312 2060 328 65 Mansfield,
670 2060 156 53 John
859 2060 274 63 Edward,
1168 2064 171 50 1888-

378 2138 311 68 Everyday
723 2136 327 53 arithmetic
1088 2136 94 53 for
1219 2137 278 68 printers;
1538 2156 31 33 a
1606 2137 233 52 manual
1876 2135 64 53 of
1975 2135 341 54 instruction

310 2217 57 51 in
405 2216 234 67 applied
679 2215 326 52 arithmetic
1045 2214 95 53 for
1177 2215 259 53 students
1474 2215 114 52 and
1628 2233 155 34 users
1822 2214 66 53 of
1923 2214 282 69 printing,
2242 2213 77 70 by

307 2291 2011 70 John E. Mansfield … Boston, Mass., Printed by Mansfield
309 2371 263 69 printing
601 2388 298 52 company,
933 2373 151 50 1929.

377 2453 785 49 4 p. l. , 112 p., 1 l. illus. 20 ᶜᵐ.
313 2507 51 52 ©
397 2512 127 39 June
551 2511 71 47 29,
653 2510 142 45 1929;
828 2510 67 40 2c.
928 2511 96 38 and
1056 2509 83 41 aff.
1171 2510 116 47 July
1319 2510 52 46 1;
1406 2510 42 38 A
1478 2509 142 47 9973;
1655 2510 44 41 J.
1733 2511 53 39 E.
1821 2509 270 48 Mansfield,
381 2510 1918 106 Arlington,

511 2569 147 38 Mass.
730 2566 280 49 (29-14398)

310 2661 197 65 Milne,
539 2661 153 52 Alan
725 2661 357 64 Alexander,
1119 2665 173 51 1882-

383 2742 121 51 The
541 2747 176 47 secret
755 2741 112 53 and
904 2741 163 53 other
1104 2740 218 69 stories,
1357 2741 77 68 by
1469 2739 71 55 A.
1579 2739 73 55 A.
1687 2740 199 53 Milne.
1960 2740 139 53 New
2135 2739 182 68 York,

313 2821 121 51 The
482 2819 294 52 Fountain
823 2837 186 49 press;
1058 2819 261 68 London,
1363 2818 275 53 Methuen
1687 2819 113 53 and
1848 2836 298 53 company,
2194 2819 123 67 ltd.,

317 2901 149 50 1929.

377 2977 334 49 70 p., 1 l. 21½ ᶜᵐ.
381 3035 182 41 “Seven
600 3035 223 39 hundred
860 3034 95 40 and
991 3034 254 47 forty-two
1282 3033 160 49 copies
1479 3034 52 40 of
1569 3034 100 40 this
1707 3035 122 39 book
1868 3045 126 30 were
2031 3035 195 47 printed
2264 3038 51 38 at

312 3093 80 39 the
433 3092 160 47 Spiral
631 3102 151 37 press,
821 3091 118 40 New
975 3091 144 39 York,
1162 3091 51 40 of
1251 3091 158 40 which
1448 3101 144 30 seven
1630 3092 222 40 hundred
1892 3102 85 30 are
2015 3092 183 40 offered
2238 3092 79 41 for

309 3151 114 38 sale.
485 3149 129 39 Four
647 3149 223 39 hundred
901 3148 160 48 copies
1092 3148 79 39 for
1202 3148 238 47 America,
1472 3147 296 42 distributed
1801 3149 61 47 by
1896 3149 220 40 Random
2150 3151 166 39 house,

309 3207 97 39 and
449 3207 137 39 three
627 3205 222 40 hundred
893 3205 160 47 copies
1094 3205 79 40 for
1217 3205 237 47 England,
1496 3205 297 41 distributed
1837 3207 59 47 by
1944 3207 231 39 Methuen
2220 3207 94 39 and

309 3273 247 37 company,
582 3262 86 40 ltd.
731 3262 133 40 Each
890 3273 119 37 copy
1036 3261 168 48 signed
1231 3262 60 47 by
1317 3264 84 38 the
1429 3262 222 41 author.”

309 3319 1989 104 CONTENTS. — Mullins. — The return. — End of the peer of Wotherspoon.—The
662 3377 169 39 secret.

315 3430 51 51 ©
396 3434 114 47 Apr.
539 3433 70 47 22,
640 3432 115 40 1929;
813 3433 68 40 2c.
912 3434 95 38 and
1040 3432 81 40 aff.
1152 3433 114 48 Apr.
1296 3433 57 40 27;
1412 3433 43 39 A
1484 3432 113 41 7831;
1660 3433 246 41 Fountain
1937 3443 149 39 press.

392 3490 279 48 (29-14244)

311 3583 441 52 Northeastern
782 3584 175 52 retail
985 3584 402 52 lumbermens
1415 3583 378 65 association,
1826 3584 130 64 inc.,
1986 3585 326 67 Rochester,

381 3662 71 53 N.
490 3662 69 54 Y.

379 3738 1871 71 Handbook for lumber and building material merchants …
311 3817 324 65 Rochester,
667 3818 68 52 N.
773 3819 91 64 Y.,
896 3819 413 52 Northeastern
1342 3817 168 53 retail
1543 3818 379 54 lumbermens
1957 3818 356 60 association,

310 3894 334 68 inc. [ ᶜ1 929]
