2542 4361
1130 3992 63 48 619

139 439 1985 107 v p., 1 l., 260 p. illus. 17 ½ᶜᵐ . (International modern language series)
144 564 52 51 ©
227 567 113 48 Apr.
372 566 68 48 12,
471 565 116 40 1929;
643 566 68 39 2c.
743 567 98 38 and
870 566 83 41 aff.
984 567 114 47 Apr.
1127 567 84 47 27;
1245 566 41 39 A
1316 566 140 46 6822;
1491 566 44 40 J.
1567 566 269 47 Warshaw,
1871 565 266 47 Columbia,

212 624 106 46 Mo.,
350 623 95 39 and
477 622 144 39 Ethel
650 622 252 48 Vaughan,
935 624 265 47 Evanston,
1233 623 76 39 Ill.
1388 619 52 51 [©
1473 622 209 49 preface,
1713 624 153 46 notes,
1897 621 242 40 exercises

212 679 97 40 and
335 678 310 48 vocabulary]
716 677 281 50 (29-10210)

140 800 293 63 Rhoades,
470 799 198 52 Elmer
702 799 274 65 Lamont,
1014 806 172 49 1893-
1400 802 82 53 ed.

211 876 472 69 Merchandising
726 876 427 69 packinghouse
1198 878 289 68 products,
1530 878 77 68 by
1652 878 66 52 E.
1766 878 64 52 L.
1876 878 265 52 Rhoades

141 954 1977 147 … with the co-operation of sales executives of the packing industry.
427 1032 270 68 Chicago,
727 1033 114 67 Ill.,
870 1033 121 52 The
1021 1034 340 69 University
1391 1033 63 53 of
1486 1033 251 69 Chicago
1770 1051 157 50 press
1984 1036 152 64 [1929]

210 1113 1932 51 xi, 452 p. illus. (incl. plans) II pl., diagrs. 21½ᶜᵐ. (Half-title: The
142 1172 235 39 Institute
408 1171 51 40 of
489 1174 130 36 meat
649 1170 209 48 packing
889 1172 212 46 studies)

144 1240 52 51 ©
222 1244 113 48 Apr.
362 1243 67 48 16,
458 1242 139 47 1929;
625 1243 69 40 2c.
722 1244 95 38 and
844 1242 82 41 aff.
954 1243 113 47 Apr.
1093 1243 83 47 25;
1205 1244 41 38 A
1273 1243 141 47 6775;
1445 1243 282 48 University
1756 1243 51 40 of
1836 1243 224 48 Chicago.

220 1298 282 50 (29-10288)

141 1409 172 63 Rose,
338 1410 139 52 Mrs.
506 1408 173 62 Mary
706 1406 222 53 Davies
962 1408 289 63 (Swartz)
1289 1410 171 53 1874-

210 1487 56 51 A
297 1486 329 67 laboratory
656 1485 308 52 handbook
996 1485 93 52 for
1122 1486 275 68 dietetics,
1428 1486 77 68 by
1537 1487 170 68 Mary
1741 1486 222 55 Swartz
1997 1487 145 52 Rose

202 1563 1679 70 … 3d ed. New York, The Macmillan company, 1929.
210 1645 1551 49 xiv p., 1 l., 269 p. incl. illus. (plan) tables, diagr. 22½ᶜᵐ.
211 1716 377 48 “Bibliography
632 1715 52 40 of
726 1726 197 29 sources
967 1715 51 40 of
1061 1715 321 41 information
1426 1717 259 48 regarding
1729 1717 318 47 composition
2092 1715 50 40 of

140 1773 197 40 foods”:
368 1783 43 38 p.
438 1772 218 41 241-244.

144 1839 52 51 ©
222 1844 113 47 Apr.
361 1843 69 48 23,
457 1843 140 46 1929;
625 1843 68 40 2c.
720 1844 96 38 and
842 1843 83 40 aff.
950 1844 114 47 Apr.
1090 1843 83 47 24;
1202 1844 41 38 A
1271 1843 140 48 7646;
1442 1845 281 39 Macmillan
1750 1856 68 29 co.

221 1899 282 49 (29-10160)

142 2008 265 63 Rutgers
445 2007 354 64 university,
839 2012 140 51 New
1019 2009 361 69 Brunswick,
1416 2009 57 51 N
1478 2053 9 10 .
1527 2010 57 52 J.
1658 2010 382 68 Department
2081 2012 64 68 of

210 2088 355 68 journalism.

273 2165 1868 68 … Journalism as a career; its opportunities, rewards, need
140 2242 1977 131 of educational preparation today … Issued by the Department
331 2320 65 53 of
433 2321 359 68 journalism,
829 2321 249 69 Rutgers
1116 2321 338 68 university,
1493 2320 93 53 for
1626 2321 94 53 the
1759 2321 279 69 guidance
2078 2321 64 53 of

140 2399 160 52 those
329 2399 455 69 contemplating
812 2399 214 53 studies
1056 2399 141 52 with
1228 2417 31 33 a
1290 2399 143 52 view
1464 2405 57 47 to
1550 2399 238 69 making
1817 2418 30 33 a
1878 2400 264 52 vocation

141 2476 1868 70 of newspaper or magazine work. [New Brunswick] ᶜ19 29.
207 2559 286 49 cover-title,
523 2560 55 38 12
604 2570 43 38 p.
705 2559 129 41 illus.
892 2559 147 41 22½ᶜᵐ.

208 2631 65 40 At
298 2631 124 39 head
451 2630 52 41 of
531 2630 107 41 title:
695 2631 258 48 Approved
981 2631 61 47 by
1072 2631 81 40 the
1181 2631 118 39 New
1328 2631 171 47 Jersey
1529 2641 135 38 press
1692 2631 297 41 association
137 2643 1984 84 committee

336 2687 313 49 cooperating
681 2687 118 41 with
832 2688 81 40 the
945 2688 322 48 department.

143 2752 51 52 ©
220 2758 113 46 Apr.
359 2758 39 46 8,
424 2758 118 40 1929;
593 2757 67 41 2c.
686 2759 96 39 and
810 2758 82 42 aff.
920 2760 113 45 Apr.
1058 2758 82 45 12;
1169 2759 39 38 A
1236 2757 113 41 7619;
1407 2759 318 46 Department
1754 2759 51 40 of
1830 2759 307 47 journalism,

211 2813 213 48 Rutgers
454 2813 142 47 univ.,
627 2814 119 40 New
776 2813 304 48 Brunswick,
1112 2814 56 39 N.
1198 2814 44 41 J.
1304 2810 69 53 [©
1405 2814 227 48 pictures,
1664 2814 148 46 slight
1845 2814 211 40 revision
2089 2814 51 40 of

211 2870 119 49 text]
399 2868 282 51 (29-10326)

143 2976 275 65 Sartolio,
453 2977 267 55 Alfredo.

271 3057 1872 70 … La più amata, romanzo. Roma, Casa editrice Quirino
143 3138 192 64 [ ᶜ19 29 ]
207 3216 681 49 2 p. l., 378 p., 2 l. 19½ᶜᵐ.
142 3282 1993 55 © Jan. 7, 1929; 1c. Feb. 6; A—Foreign 1608; Alfredo Dall’Olio, ℅ Casa
237 3343 1179 50 e ditrice Quirino, Varese, Italy. (29-10087)
141 3452 287 64 Schmidt,
466 3454 226 52 Henrik
728 3454 53 54 J.

210 3530 162 52 Your
406 3537 217 61 patent,
657 3532 128 52 how
821 3537 57 47 to
914 3533 103 52 sell
1051 3550 63 34 or
1149 3530 298 54 otherwise
1483 3530 445 53 commercialize
1962 3531 65 66 it,
2062 3531 74 68 by

138 3608 1999 69 Henrik J. Schmidt … New York, Euclid publishing company
252 3689 83 64 [ ᶜ19 29]
205 3769 26 40 3
263 3781 42 36 p.
372 3800 8 16 l.,
413 3769 87 40 126
529 3780 42 37 p.
629 3770 148 41 21½ᶜᵐ.

141 3835 52 51 ©
233 3839 114 48 Apr.
385 3840 70 45 20,
497 3840 139 46 1929;
676 3841 69 41 2c.
785 3841 95 39 and
921 3840 83 41 aff.
1044 3840 114 47 Apr.
1196 3839 84 45 23;
1323 3838 83 41 aff.
1445 3839 113 47 Apr.
1598 3839 81 44 27;
1722 3839 39 38 A
1803 3838 114 40 6800;
1987 3840 60 39 H.
2088 3840 44 39 J.

211 3894 230 47 Schmidt,
473 3897 261 46 Brooklyn.
805 3895 281 48 (29-10157)
