11668 15236
10672 420 220 124 977

264 1120 660 104 CATHOLIC
1020 1116 500 100 ACTION
1608 1116 556 104 OFFICE.

432 1260 324 100 Plan
848 1256 156 100 of
1104 1260 492 96 action
1688 1260 248 96 for
2024 1284 412 96 young
2532 1260 716 116 apostles.

596 1400 660 116 Prepared
1344 1400 172 116 by
1608 1424 76 72 a
1780 1400 740 100 committee
2612 1404 412 96 under
3116 1404 240 96 the

608 1536 984 120 chairmanship
1688 1540 160 96 of
1944 1540 400 100 Louis
2448 1544 140 100 J.
2704 1544 380 100 Putz.

600 1664 156 136 63
840 1700 148 100 p.
1268 1680 224 96 NM:
1608 1680 640 120 editing,
2368 1684 816 96 additional

600 1824 320 96 text
1012 1824 80 92 &
1184 1820 476 104 illus.
1848 1816 100 96 ©
2028 1820 656 100 Catholic
2796 1824 480 100 Action

604 1964 552 116 Office;
1276 1960 72 100 2
1356 1944 160 116 4S
1524 1944 388 136 ep56;
2032 1948 636 132 A254910.

280 2164 656 108 CATHOLIC
1028 2168 248 104 ART
1368 2176 724 132 SERVICES,
2212 2180 308 104 INC.

448 2316 224 96 The
776 2312 500 128 Family
1364 2312 504 136 Rosary
1952 2324 564 104 Novena.
2716 2332 240 96 SEE
3052 2336 372 100 Shea,

612 2452 240 100 Leo
944 2452 140 104 M.

244 2628 660 104 CATHOLIC
996 2624 584 104 COLLEGE
1668 2628 568 104 BUREAU.

416 2776 72 92 A
584 2772 404 124 guide
1092 2772 156 96 in
1344 2768 232 100 the
1684 2772 744 96 selection
2524 2768 156 100 of
2768 2792 76 76 a

580 2912 656 100 Catholic
1344 2912 556 100 school.
2116 2892 720 140 (Catholic
2940 2912 316 96 col-

592 3056 396 120 leges
1088 3056 240 96 and
1420 3052 1000 100 universities
2516 3072 656 100 programs

592 3192 152 104 of
840 3196 408 108 study
1340 3196 812 116 directory,
2276 3172 632 136 1956-57)

576 3336 332 104 Rose
996 3336 336 120 Mary
1416 3332 564 124 Curtin,
2096 3336 728 120 director;
2928 3336 324 96 Mar-

580 3480 408 120 garet
1076 3476 568 120 Weigel,
1764 3476 892 104 consultant.
2860 3476 320 100 11th

584 3616 304 120 ed.,
1008 3600 384 132 1956.
1592 3616 160 116 95
1844 3624 84 96 p
1952 3688 32 32 .
2256 3608 96 100 ©
2428 3616 656 96 Catholic

576 3756 580 124 College
1244 3756 572 116 Bureau;
1936 3736 636 140 14Sep56;
2688 3736 320 116 A260
3020 3756 76 116 7
3104 3736 216 116 40.

256 3964 652 100 CATHOLIC
1008 3968 156 96 CO
1168 3964 84 100 M
1256 3968 88 96 M
1348 3964 80 104 I
1432 3968 328 104 TTEE
1852 3972 164 100 ON
2104 3972 728 120 SCOUTING.

424 4104 232 104 The
760 4108 408 100 Scout
1256 4132 600 100 program
1940 4112 164 100 in
2192 4116 236 100 the
2532 4120 648 104 Catholic

584 4252 420 124 youth
1096 4256 896 124 apostolate,
2100 4260 168 124 by
2348 4264 576 100 Francis
3016 4272 148 104 A.

584 4388 820 116 Froehlich.
1600 4392 240 116 131
1932 4424 144 96 p.
2348 4404 400 120 Appl.
2868 4408 564 100 author:

580 4532 256 100 Lex
916 4536 144 104 R.
1168 4532 484 112 Lucas.
1848 4540 232 100 NM:
2180 4544 816 112 revisions.

572 4676 104 104 ©
756 4676 652 100 Catholic
1512 4672 740 108 Committee
2356 4708 156 72 on
2604 4688 724 124 Scouting;

588 4800 644 140 20Aug56;
1336 4804 652 140 A249144.

284 5032 244 96 THE
624 5024 652 104 CATHOLIC
1368 5024 832 104 DIRECTORY.
2388 5024 328 100 Anno
2808 5020 556 132 domini,

456 5148 392 128 1956.
1048 5144 240 116 108
1376 5184 148 96 p.
1788 5156 408 128 Appl.
2312 5168 556 112 author:
2968 5168 484 100 Nellie

456 5308 144 96 T.
688 5304 1004 128 McClafferty.
1884 5296 88 96 ©
2040 5308 592 96 McClaff
2632 5316 76 84 e
2724 5312 248 124 rty

464 5448 464 96 Print.
1044 5448 304 124 Co.;
1468 5432 552 144 8Jun56;
2128 5444 164 100 A2
2304 5436 168 136 44
2476 5448 72 96 0
2556 5452 232 116 77.

248 5648 68 96 C
324 5648 252 100 ATH
584 5648 68 92 O
660 5640 80 100 L
740 5644 80 96 I
836 5644 68 96 C
996 5644 80 96 D
1076 5648 80 92 I
1164 5644 164 96 RE
1344 5640 68 100 C
1424 5644 332 96 TORY
1840 5640 244 96 AND
2184 5640 740 96 TELEPHONE

412 5788 412 96 GUIDE
916 5788 244 96 FOR
1244 5788 256 92 THE
1588 5788 584 96 DIOCESE
2268 5788 152 92 OF
2528 5780 800 104 CLEVELAND.

408 5936 312 120 Aug.
836 5912 392 128 1956.
1440 5924 72 96 1
1548 5920 84 112 44
1756 5952 148 96 p.
2176 5924 392 124 Appl.
2688 5924 556 100 author:

412 6076 412 96 Peter
928 6072 488 120 Joseph
1512 6060 816 116 Zimmerman.
2508 6072 100 92 ©
2688 6064 232 96 The

420 6212 652 104 Catholic
1168 6212 660 100 universe
1936 6208 720 120 bulletin;
2768 6196 80 132 4
2856 6192 472 136 Sep56;

412 6340 648 132 A251957.

388 6640 248 104 THE
724 6636 664 104 CATHOLIC
1476 6636 508 100 FAMILY
2068 6636 344 104 BOOK
2492 6640 164 96 OF

552 6784 652 104 NOVENAS.
1396 6780 336 104 John
1824 6784 140 100 C.
2076 6780 560 120 Selner,
2752 6776 556 104 editor.

560 6932 76 112 3
644 6928 76 116 7
728 6928 68 96 1
888 6948 148 96 p.
1304 6916 100 100 ©
1484 6920 336 104 John
1988 6924 144 104 J.
2244 6920 580 120 Crawley
2912 6920 76 92 &
3080 6924 308 116 Co.,

564 7068 384 116 Inc.;
1064 7044 560 136 5Nov56;
1740 7068 72 96 A
1824 7060 76 100 2
1908 7040 160 140 63
2076 7060 68 100 1
2160 7040 80 120 8
2244 7064 136 112 7.

292 7272 652 108 CATHOLIC
1048 7272 580 104 FOREIGN
1716 7272 584 104 MISSION
2396 7272 580 104 SOCIETY
3064 7276 156 100 OF

444 7412 84 92 A
536 7416 180 88 ME
720 7416 364 104 RICA,
1216 7416 288 92 INC.

460 7556 396 96 Three
960 7556 312 120 days
1388 7564 144 84 to
1636 7560 720 120 eternity.
2564 7556 244 92 SEE
2900 7556 68 92 R
2976 7556 300 120 eid,

624 7696 636 96 Richard.

260 7912 652 104 CATHOLIC
1012 7912 496 100 SCHOOL
1616 7908 632 104 JOURNAL.

428 8048 652 104 Catholic
1176 8048 836 124 population
2112 8048 888 120 statistics,

596 8196 152 112 19
760 8180 80 132 5
852 8180 136 120 6.
1176 8196 412 96 Bruce
1684 8196 312 100 Pub.
2112 8196 224 104 Co.
2524 8188 564 108 Folder.

584 8340 404 124 Appl.
1104 8340 560 96 author:
1772 8336 580 100 Vincent
2452 8336 136 104 C.
2700 8332 808 108 Geisheker.

584 8488 96 96 ©
768 8480 656 100 Catholic
1520 8480 492 100 school
2128 8472 628 132 journal;

592 8608 644 136 20Jul56;
1344 8608 652 140 A246912.

304 8836 660 100 CATHOLIC
1060 8832 752 104 TELEPHONE
1908 8836 412 96 GUIDE
2412 8832 244 100 AND

472 8980 816 116 DIRECTORY,
1396 8976 592 100 CENTRAL
2076 8976 244 100 AND
2400 8968 596 104 WESTERN

484 9120 1052 112 PENNSYLVANIA,
1656 9116 388 120 1957.
2244 9112 660 120 Compiled
2992 9112 244 96 and

476 9288 308 80 arr.
896 9260 160 124 by
1152 9264 324 96 Paul
1560 9260 568 120 Veigle.
2332 9260 76 96 2
2412 9256 76 96 0
2500 9240 68 112 4
2660 9280 140 92 p.

468 9408 104 96 ©
648 9404 80 96 F
736 9404 400 100 ranci
1156 9432 64 72 s
1240 9428 240 72 can
1568 9400 84 96 F
1656 9396 412 104 ather
2084 9424 64 72 s
2176 9424 44 96 ;
2336 9376 152 120 26
2496 9392 88 100 N
2584 9372 380 136 ov56;

484 9524 632 136 A261605.

276 9744 244 96 THE
608 9740 664 100 CATHOLIC
1364 9740 668 100 UNIVERSE
2128 9740 724 108 BULLETIN.
3048 9740 244 100 SEE

448 9880 644 100 Catholic
1204 9880 752 124 directory
2052 9884 236 92 and
2384 9880 732 124 telephone

612 10024 400 120 guide
1120 10024 236 96 for
1448 10028 240 92 the
1784 10016 576 108 Diocese
2468 10028 156 96 of
2720 10020 796 104 Cleveland.

256 10220 660 108 CATHOLIC
1004 10220 848 104 UNIVERSITY
1936 10228 160 96 OF
2184 10224 648 124 AMERICA,
2940 10220 312 120 INC.

424 10368 232 96 The
764 10364 656 100 Catholic
1520 10364 160 100 in
1776 10368 228 96 the
2104 10364 904 124 eighteenth-

596 10512 580 124 century
1256 10508 484 112 novel.
1940 10512 244 96 SEE
2264 10508 572 128 Dooley,

584 10652 416 120 Roger
1088 10652 144 108 B.

476 10808 176 116 My
740 10824 72 68 w
824 10820 64 72 o
904 10796 164 100 rk
1072 10800 76 92 b
1164 10796 240 96 ook
1496 10796 236 96 for
1832 10796 404 96 These
2340 10812 228 76 are
2676 10812 236 72 our

648 10940 416 124 peopl
1076 10968 60 68 e
1180 10996 40 36 .
1412 10944 240 96 SEE
1744 10936 556 124 Cline,
2424 10936 556 96 Sister.

272 11220 660 96 CATHOLIC
1024 11212 844 104 UNIVERSITY
1952 11212 160 96 OF
2208 11208 576 96 AMERICA
2880 11204 464 120 PRESS,

448 11360 304 104 INC.

444 11500 832 104 Activation
1372 11496 652 124 energies
2132 11488 152 104 of
2384 11484 824 124 elementary

612 11644 812 100 reactions.
1620 11640 244 100 SEE
1948 11632 980 116 Vanderslice,

612 11784 488 100 Thomas
1200 11784 640 116 Aquinas.

452 11948 1156 104 Administrative
1712 11944 236 96 and
2052 11924 1068 112 instructional

616 12092 828 124 provisions
1544 12084 244 96 for
1880 12076 408 124 rapid
2388 12072 236 96 and
2724 12068 324 96 slow

632 12236 644 92 learners
1384 12228 152 96 in
1628 12220 656 100 Catholic
2392 12208 740 112 secondary

632 12368 632 104 schools.
1464 12364 240 100 SEE
1796 12360 472 112 Frain,
2384 12352 412 96 Thoma
2812 12368 64 76 s
2976 12344 136 96 J.

432 12516 1008 104 Aristotelian
1548 12516 732 96 influence
2392 12512 148 92 in
2636 12508 724 96 Thomostic

608 12656 572 100 wisdom.
1368 12660 252 88 SEE
1704 12656 484 116 Heath,
2300 12648 484 92 Thomas
2880 12652 144 84 R.

428 12816 756 128 Authority
1284 12820 232 96 and
1608 12824 920 124 personality
2620 12824 648 124 develop-

592 12960 332 92 ment
1024 12964 752 124 according
1864 12964 152 96 to
2112 12964 228 108 St.
2452 12964 476 100 Thomas

592 13100 656 120 Aquinas.
1440 13104 248 96 SEE
1772 13104 480 124 Foley,
2368 13104 484 100 Thomas
2940 13108 484 120 Aquin,

600 13236 560 112 Sister.

560 13388 240 92 The
884 13384 664 124 bishop's
1656 13384 996 120 quinquennial
2748 13384 556 116 report.

728 13524 244 96 SEE
1060 13528 648 116 Carroll,
1828 13524 392 96 James
2328 13524 144 96 J.

456 13704 660 100 Clerical
1212 13704 564 96 attire.
1968 13696 260 100 SEE'
2300 13692 556 116 Ganter,

616 13848 584 96 Bernard
1300 13844 76 96 J

464 13996 1084 104 Communication
1644 13992 152 100 of
1888 13980 1072 108 non-Catholics
3064 13980 156 96 in

628 14136 656 100 Catholic
1388 14132 736 120 religious
2224 14124 476 100 rites.
2896 14120 236 100 SEE

636 14276 384 120 Prah,
1136 14276 332 96 John
1552 14272 144 100 A.

4084 1112 72 96 A
4252 1120 900 120 comparative
5260 1124 404 120 study
5760 1124 152 100 of
6008 1128 804 120 tropisims.

4248 1256 240 100 SEE
4576 1260 892 124 Cunningham,
5584 1264 568 100 Frances
6252 1268 144 100 C.

4060 1396 236 96 The
4404 1412 980 104 connotations
5488 1424 152 96 of
5728 1424 504 108 wisdom
6324 1444 740 128 according

4228 1544 152 96 to
4476 1548 224 104 St.
4812 1552 484 108 Thomas
5392 1564 648 120 Aquinas.
6236 1564 244 96 SEE

4228 1684 72 96 O
4340 1688 24 60 '
4392 1684 84 96 H
4484 1712 152 72 ar
4652 1712 72 72 a
4744 1752 40 56 ,
4888 1688 484 124 Kevin,
5480 1692 560 112 Sister.

4164 1828 744 120 Corporate
5012 1836 568 124 support
5672 1840 240 100 for
6016 1844 808 108 education:

4344 1964 220 100 its
4668 1972 404 96 bases
5168 1980 248 92 and
5508 1984 900 116 principles.
6596 1992 252 100 SEE

4332 2108 564 124 Devine,
5004 2116 484 96 Thomas
5584 2120 152 100 F.

4160 2268 76 96 A
4336 2276 648 120 critique
5084 2280 152 96 of
5340 2284 324 100 John
5756 2288 80 92 D
5844 2308 232 76 ewe
6088 2296 136 116 y'
6256 2316 60 68 s
6432 2292 492 128 theory

4328 2408 156 100 of
4580 2412 320 100 fine
5004 2424 236 92 art
5348 2424 148 92 in
5588 2424 232 96 the
5928 2424 396 124 light
6424 2432 148 96 of
6680 2432 228 100 the

4332 2548 812 120 principles
5244 2556 160 96 of
5504 2560 644 100 Thomism.
6340 2568 244 92 SEE

4332 2688 468 124 Tamme,
4908 2692 328 96 Anne
5320 2700 408 116 Mary.

4080 2884 240 100 The
4412 2888 156 96 De
4668 2888 328 96 dono
5084 2884 1160 124 perseverantiae
6348 2880 156 100 of
6596 2884 400 100 Saint

4252 3024 812 124 Augustine.
5256 3024 240 100 SEE
5592 3024 884 120 Augustinus,

4252 3168 716 120 Aurelius,
5088 3164 468 124 Saint,
5664 3164 236 120 Bp.
6016 3160 152 100 of
6256 3164 480 116 Hippo.

4080 3384 236 96 The
4420 3376 568 100 effects
5096 3372 148 96 of
5340 3368 660 100 anterior
6092 3360 748 120 pituitary

4256 3516 564 100 extract
4928 3536 152 76 on
5176 3512 236 96 the
5504 3500 988 124 histogenesis
6604 3492 148 100 of

4252 3660 68 96 b
4344 3684 228 72 one
4680 3660 60 92 i
4752 3680 80 72 n
4920 3656 76 96 R
5008 3672 244 76 ana
5348 3672 60 76 s
5420 3644 732 124 ylvatica.
6348 3636 236 100 SEE

4260 3800 296 116 Liu,
4680 3792 800 116 Pei-tsing.

4076 3960 672 100 Electron
4832 3956 664 100 transfer
5588 3952 580 100 between
6260 3972 72 76 a
6424 3948 404 100 metal

4252 4100 240 100 and
4588 4124 72 72 a
4752 4120 236 100 gas
5084 4096 728 100 molecule.
6012 4092 236 100 SEE
6340 4092 552 116 Otting,

4248 4240 588 100 William
4924 4240 212 116 J.,
5260 4236 220 100 Jr.

4052 4384 172 96 An
4316 4384 824 100 evaluation
5236 4396 160 96 of
5488 4392 232 96 the
5820 4396 580 100 Scanlon
6488 4400 332 96 Plan
6904 4400 164 100 in

4232 4524 232 100 the
4568 4528 400 124 light
5072 4536 160 96 of
5324 4532 652 104 Catholic
6080 4540 476 96 social
6652 4544 404 120 prin-

4232 4668 556 124 ciples.
4984 4672 248 96 SEE
5320 4672 720 124 O'Rourke,
6148 4680 564 112 Walter.

4172 4848 236 100 The
4508 4852 984 120 experimental
5592 4852 1080 104 determination
6768 4860 152 96 of

4344 4988 816 100 ionization
5260 5016 396 72 cross
5764 4996 644 96 sections
6512 4996 156 96 of
6768 5024 392 96 gases

4328 5128 408 96 under
4844 5132 656 96 electron
5600 5132 552 124 impact.
6344 5136 248 96 SEE

4332 5268 728 124 Harrison,
5168 5272 484 120 Harry.

4068 5428 732 100 Factorial
4912 5436 824 116 comparison
5828 5440 156 92 of
6076 5440 820 100 arithmetic

4228 5568 908 120 performance
5244 5572 156 96 of
5488 5576 320 120 boys
5916 5580 152 92 in
6164 5580 408 96 sixth
6668 5580 232 96 and

4240 5696 1132 136 seventh-grade.
5580 5712 240 96 SEE
5916 5716 712 124 Campbell,

4224 5844 492 92 Donald
4824 5844 124 92 F.

4068 5980 480 104 Jerome
4656 5988 232 96 and
4988 5988 720 116 Jovinian.
5904 6000 244 96 SEE
6236 6000 468 100 Nolan,

4236 6124 320 100 John
4644 6128 468 100 Gavin.

4084 6300 236 100 The
4428 6300 648 120 language
5176 6304 320 96 arts
5600 6300 156 100 in
5848 6300 232 100 the
6176 6304 656 96 Catholic

4256 6440 828 120 elementary
5180 6440 556 100 school.
5928 6452 240 100 SEE
6264 6448 632 124 Langdon,

4248 6584 328 120 Mary
4664 6588 476 116 Ramon,
5260 6588 220 96 ed.

4084 6764 240 96 The
4420 6764 668 116 morality
5184 6760 156 96 of
5428 6756 1000 124 hysterectomy
6524 6776 480 100 opera-

4260 6908 472 96 tions.
4928 6904 236 96 SEE
5260 6900 636 120 Lohkamp,
6012 6896 732 100 Nicholas.

4096 7096 240 96 The
4428 7080 668 128 mystical
5188 7064 832 116 vocabulary
6116 7052 152 96 of
6364 7040 732 104 venerable

4264 7228 324 100 Mere
4684 7220 400 100 Marie
5192 7220 152 96 de
5452 7212 60 92 1
5532 7208 988 112 'Incarnation
6616 7184 240 96 and

4276 7364 224 100 its
4604 7360 724 112 problems.
5532 7352 232 100 SEE
5860 7352 800 100 L'Heureux,

4276 7504 656 124 Aloysius
5028 7500 636 108 Gonzaga,
5780 7476 564 100 Mother.

4084 7672 240 96 The
4412 7672 672 96 National
5172 7668 404 96 Civic
5672 7668 840 96 Federation
6604 7668 236 96 and

4260 7812 232 96 the
4592 7808 664 100 American
5352 7808 404 100 labor
5844 7808 724 120 movement,
6696 7808 148 116 19
6852 7812 72 92 0
6936 7808 148 96 0-

4268 7952 380 112 1925.
4844 7948 240 100 SEE
5172 7948 472 120 Green,
5760 7948 896 120 Marguerite.

4088 8132 240 96 The
4432 8128 396 100 onset
4936 8124 152 100 of
5172 8124 828 100 ultrasonic
6104 8120 828 100 cavitation

4264 8272 156 96 in
4512 8268 236 120 tap
4840 8268 484 96 water.
5516 8264 244 100 SEE
5852 8264 800 116 Strasberg,

4256 8412 564 116 Murray.

4088 8576 240 96 The
4432 8568 912 124 oscillatory
5432 8564 1236 128 galvanomagnetic

4256 8712 828 124 properties
5188 8708 152 100 of
5436 8708 580 100 bismuth
6112 8708 480 120 single

4264 8852 652 120 crystals
5024 8852 152 96 in
5276 8844 984 124 longitudinal
6352 8844 652 120 magnetic

4264 8992 556 100 fields.
5020 8988 236 100 SEE
5344 8988 728 116 Babiskin,
6192 8984 556 96 Julius.

4104 9172 828 120 Philosophy
5024 9176 236 92 and
5356 9172 236 100 the
5692 9176 412 96 Summa
6196 9172 828 120 theologica

4272 9308 152 104 of
4520 9312 400 100 Saint
5016 9312 492 96 Thomas
5608 9312 644 116 Aquinas.
6444 9312 244 100 SEE

4260 9448 644 124 Wheeler,
5016 9448 328 124 Mary
5432 9448 636 104 Cecelia.

4080 9596 236 96 The
4408 9596 844 132 philosophy
5340 9612 160 96 of
5580 9608 744 128 happiness
6432 9624 560 96 accord-

4248 9736 240 124 ing
4584 9740 152 100 to
4832 9744 224 104 St.
5172 9748 480 100 Thomas
5744 9756 652 120 Aquinas.
6592 9764 244 96 SEE

4248 9880 640 124 Sheehan,
4992 9884 496 104 Robert
5596 9892 124 96 J.

4096 10056 236 96 The
4428 10056 492 120 plaint
5024 10052 152 96 of
5268 10056 580 116 nullity
5936 10052 572 120 against
6608 10052 236 100 the

4272 10192 716 100 sentence.
5184 10196 244 96 SEE
5516 10192 556 120 Curtin,
6184 10192 592 100 William

4260 10332 564 100 Thomas.

4100 10476 1084 104 Proverbialism
5276 10476 152 96 in
5516 10472 900 100 Coriolanus.
6608 10468 240 100 SEE

4260 10616 892 120 Felhoelter,
5268 10612 640 100 Clarita.

4092 10776 76 96 A
4260 10776 992 116 quantitative
5348 10768 740 100 acid-fast
6188 10768 716 96 reaction.

4260 10916 244 100 SEE
4588 10912 728 120 Woodhour,
5432 10908 416 100 Allen
5932 10908 144 96 F.

4096 11084 240 96 The
4432 11080 580 116 reality
5112 11076 152 96 of
5360 11076 804 100 substance.
6360 11072 236 100 SEE

4264 11220 556 116 McCall,
4932 11216 492 100 Robert
5516 11216 148 96 E.

4072 11376 236 100 The
4416 11372 820 104 self-ideal
5332 11380 156 100 of
5580 11376 660 104 selected
6324 11380 584 96 married

4240 11524 812 108 Catholics.
5244 11524 248 100 SEE
5572 11528 392 116 Dunn,
6076 11528 336 124 Hugh
6496 11532 144 104 E.

4088 11668 408 100 Simon
4584 11672 648 108 Newcomb.
5424 11680 248 96 SEE
5752 11680 552 128 Dunphy,

4248 11808 584 100 Loretta
4916 11816 148 108 M.

4096 11952 312 100 Some
4516 11960 740 100 financial
5352 11968 484 108 trends
5940 11980 160 96 of
6184 11984 660 104 national

4264 12096 240 92 and
4600 12100 392 96 state
5104 12112 816 100 commercial
6012 12120 404 100 banks
6520 12128 160 92 in

4260 12236 636 124 Indiana,
5012 12232 656 132 1915-195
5672 12240 88 136 4
5780 12320 40 44 .
6032 12248 240 96 SEE

4244 12376 480 120 Kehoe,
4848 12376 488 124 Joseph
5416 12376 732 128 Aloysius.

4068 12544 416 96 Stark
4572 12544 484 104 effect
5160 12556 156 92 in
5408 12556 656 124 carbonyl
6164 12564 624 100 sulfide.

4232 12684 240 92 SEE
4564 12684 716 100 Marshall,
5404 12696 496 96 Samson
5992 12700 204 88 A.,
6328 12704 208 92 Jr.

4100 12872 240 100 The
4444 12872 728 96 structure
5272 12876 244 92 and
5616 12876 488 116 origin
6196 12872 156 96 of
6448 12872 484 100 formed

4272 13012 652 100 elements
5028 13012 156 96 in
5276 13012 232 96 the
5608 13012 408 96 blood
6116 13012 152 96 of
6368 13036 312 76 some

4272 13152 808 96 crustacea.
5272 13148 240 100 SEE
5604 13148 468 124 Toney,
6188 13148 740 100 Marcellus

4260 13292 564 116 Edward,
4944 13292 216 96 Jr.

4100 13452 72 92 A
4272 13452 404 120 study
4776 13448 152 96 of
5024 13448 232 96 the
5360 13448 400 96 solid
5860 13444 396 96 state
6360 13440 640 100 kinetics

4268 13592 240 96 and
4600 13584 748 104 diffusion
5436 13588 748 116 phenomena
6280 13580 152 100 of
6528 13580 232 96 the

4268 13732 664 96 reaction
5020 13728 580 96 between
5688 13724 752 120 magnesium
6528 13720 396 96 oxide

4268 13872 240 96 and
4608 13868 480 96 ferric
5196 13864 392 96 oxide
5688 13864 156 96 at
5944 13860 652 100 elevated

4272 14008 1056 120 temperatures.
5520 14000 240 100 SEE
5852 14000 472 116 Fresh,
6432 13996 500 96 Donald

4272 14152 304 96 Lee.

7832 1128 652 136 Synthesi
8504 1180 56 68 s
8656 1144 68 84 a
8744 1168 148 88 nd
9004 1172 640 96 infrared
9748 1204 564 96 spectra
10412 1192 148 96 of

7996 1304 312 76 some
8408 1288 1476 136 betaphenylalanines
9988 1324 236 92 and

7996 1424 564 100 related
8668 1436 1128 116 intermediates.
9984 1456 252 100 SEE

7976 1560 484 128 Maher,
8568 1568 144 100 P.
8812 1572 732 116 Kenerick.

7732 1724 732 120 Synthesis
8568 1724 156 104 of
8820 1752 312 76 some
9228 1728 1556 124 betaphenylalanines.

7900 1864 240 100 SEE
8228 1868 548 120 Graham,
8896 1872 488 96 Samuel
9480 1872 140 96 M.

7784 2020 72 92 A
7956 2020 736 108 Thomistic
8796 2036 408 128 study
9292 2044 156 96 of
9536 2048 232 96 the
9872 2056 828 132 psychology

7956 2164 160 100 of
8200 2164 420 104 human
8716 2176 796 116 character.
9704 2188 252 100 SEE
10032 2192 548 108 Elbert,

7948 2304 496 100 Edmund
8548 2312 132 112 J.

7728 2452 904 96 Transitions
8740 2452 148 96 of
8976 2452 824 100 metastable
9904 2456 476 96 solids
10480 2456 152 96 at

7908 2588 232 96 low
8232 2588 1052 124 temperatures.
9480 2588 240 100 SEE
9808 2588 552 124 Ditter,

7900 2724 484 100 Jerome
8476 2728 644 96 Francis.

7716 2864 416 96 Truth
8220 2872 156 96 of
8468 2876 416 124 being
8972 2880 576 128 through
9632 2888 732 132 knowledge
10464 2900 164 124 by

7888 3016 1132 128 connaturality.
9216 3028 244 92 SEE
9548 3028 556 128 O'Shea,

7876 3148 492 104 Robert
8464 3156 636 128 Stephen,
9224 3164 216 112 Jr.

7824 3300 820 104 Ultrasonic
8748 3312 820 100 relaxation
9664 3320 152 96 of
9924 3324 224 92 the
10252 3328 396 92 shear

7996 3440 240 92 and
8328 3448 1064 116 compressional
9484 3484 84 64 m
9580 3452 400 100 oduli
10080 3460 152 92 of

7996 3600 72 96 g
8084 3576 220 124 lyc
8324 3584 68 80 e
8400 3608 72 68 r
8496 3612 64 68 o
8580 3584 144 100 l.
8904 3588 252 100 SEE
9240 3596 72 92 P
9336 3592 64 96 i
9412 3616 64 72 c
9496 3620 60 68 c
9592 3596 56 92 i
9652 3620 76 68 r
9744 3620 64 68 a
9832 3600 144 92 ll
10004 3596 64 96 i
10096 3668 36 52 ,

7988 3720 484 96 Robert
8568 3724 156 100 A.

7820 3868 420 124 Unity
8328 3864 144 104 of
8564 3876 316 92 man:
8984 3868 228 100 St.
9324 3868 648 100 Thomas's
10088 3872 652 116 solution

7996 4004 136 96 to
8252 4000 216 100 the
8564 4004 744 112 body-soul
9408 4008 636 108 problem.
10240 4012 240 100 SEE

7996 4152 240 96 Zam
8244 4172 68 72 o
8324 4152 308 120 yta,
8736 4152 572 96 Casimir
9408 4156 900 108 Stanislaus.

7616 4360 652 100 CATHOLIC
8372 4356 492 100 VISUAL
8944 4364 244 96 AID
9284 4368 632 96 SERVICE.

7788 4496 640 96 Teachers
8528 4504 484 96 manual
9116 4504 236 92 for
9460 4508 220 92 The
9788 4508 308 96 life
10208 4512 152 92 of

7956 4640 544 96 Christ.
8704 4644 236 96 SEE
9040 4644 220 100 The
9368 4648 312 96 life
9788 4652 152 92 of
10040 4652 484 96 Christ

7968 4768 804 132 (filmstrip
8880 4788 632 96 teachers
9612 4776 640 120 manual).

7628 4988 552 128 CATICH,
8284 4992 500 104 EDWARD
8864 4996 232 124 M.,
9224 4988 396 132 joint
9720 4992 556 104 author.

7800 5140 148 96 AU
8048 5156 152 72 or
8288 5136 236 100 BU.
8716 5136 232 100 SEE
9040 5136 552 124 Gettys,
9712 5136 320 124 Loyd
10128 5144 144 96 B.

7608 5360 324 100 CATO
8024 5364 80 92 &
8188 5360 672 100 MERIDIAN
8936 5360 748 100 TELEPHONE
9776 5360 228 108 CO.

7780 5500 388 120 Cato,
8276 5496 728 128 Hannibal,
9100 5500 336 96 Fair
9528 5500 416 96 Haven
10036 5496 240 96 and

7944 5644 168 120 Ly
8116 5664 60 72 s
8200 5640 236 96 and
8448 5664 64 68 e
8532 5664 72 72 r
8700 5640 568 124 exchang
9284 5664 144 68 es
9464 5708 40 56 ,
9620 5636 736 128 including

7952 5780 728 124 exchanges
8788 5780 144 96 of
9024 5776 1152 128 Baldwinsville,

7940 5928 424 96 Bowen
8360 5924 56 84 s
8532 5920 552 96 Corners
9192 5920 244 96 and
9528 5920 240 100 Red
9864 5916 416 104 Creek

7952 6060 728 124 telephone
8780 6060 804 128 directory.
9780 6060 392 120 Sept.
10288 6040 376 132 1956,

7944 6192 96 96 ©
8112 6204 328 96 Cato
8524 6196 80 96 &
8700 6204 664 96 Meridian
9444 6200 740 124 Telephone
10284 6204 68 92 C
10376 6224 216 100 o.;

7948 6340 408 128 21Aug
8368 6324 68 132 5
8448 6332 136 132 6;
8692 6340 160 104 A2
8860 6332 84 128 4
8956 6328 236 112 868
9196 6328 80 136 4
9296 6400 40 48 .

7628 6548 320 108 CATT
8060 6540 560 132 (CARRIE
8712 6536 636 132 CHAPMAN)
9452 6492 164 160 ME
9616 6492 84 160 M
9720 6544 412 108 ORIAL
10204 6552 400 120 FUND,

7800 6696 300 92 INC.

7796 6828 668 100 Handbook
8556 6828 228 96 for
8888 6828 556 96 leaders
9556 6828 152 96 of
9804 6852 240 100 org
10060 6852 148 72 an
10228 6828 308 96 iza-

7968 6968 480 96 tions.
8636 6972 232 96 SEE
8964 6968 548 124 Halsey,
9624 6968 756 96 Elizabeth

7960 7116 216 116 T.,
8308 7132 384 96 comp.

7640 7352 640 116 CATTELL,
8392 7352 552 120 JAQUES,
9060 7356 216 96 ed.
9468 7356 244 96 SEE

7804 7496 660 96 American
8548 7520 248 72 men
8896 7496 148 96 of
9144 7500 628 92 science.

7544 7740 720 120 CATTIAUX,
8372 7744 472 104 LOUIS.

7708 7884 152 96 Le
7952 7912 584 96 message
8628 7896 728 100 retrouve.
9548 7896 388 100 Pref.
10052 7900 148 92 de

7876 8028 408 96 Lanza
8380 8032 232 96 del
8716 8032 72 88 V
8800 8060 68 64 a
8884 8060 60 64 s
8964 8040 64 88 t
9048 8060 64 68 o
9144 8104 36 32 .
9376 8032 68 112 3
9460 8044 68 104 9
9524 8016 84 136 4
9700 8036 148 104 p.

7876 8176 84 88 ©
8040 8168 652 100 Editions
8788 8176 252 92 Den
9052 8164 208 104 ogl
9312 8204 32 92 ;
9460 8168 640 132 30Jun56;

7876 8300 812 124 AF0-21225.

7620 8492 476 128 CATTO,
8196 8496 92 100 M
8284 8488 80 104 A
8368 8492 88 100 X
8484 8548 36 36 .

7792 8632 236 100 All
8136 8652 148 76 or
8372 8628 644 120 nothing.
9216 8612 228 128 159
9536 8640 140 92 p.
9948 8628 96 92 ©
10116 8632 260 92 Max

7960 8772 460 104 Catto;
8544 8772 316 112 7Jun
8876 8756 76 128 5
8964 8760 124 132 6;
9204 8764 164 100 A2
9376 8756 80 132 4
9468 8756 68 108 6
9544 8768 68 96 1
9624 8764 228 120 23.

7624 8984 468 124 CATTO,
8196 8980 588 108 MAXWELL
8876 8984 644 104 JEFFREY.
9708 8984 240 100 SEE

7792 9128 468 116 Catto,
8364 9128 324 96 Max.

7636 9360 548 124 CATTON,
8296 9364 472 96 BRUCE.

7796 9504 244 92 The
8136 9504 404 96 Civil
8632 9504 304 100 War.
9140 9508 236 92 SEE
9464 9508 972 112 Eisenschiml,

7972 9644 376 96 Otto.

7708 9784 316 96 This
8120 9780 664 96 hallowed
8876 9780 552 120 ground.
9620 9772 812 124 Doubleday.

7868 9908 88 136 4
7956 9920 156 116 37
8200 9928 148 96 p.
8620 9924 224 96 NM:
8960 9916 732 100 additions
9788 9912 80 92 &
9956 9916 800 100 revisions.

7860 10056 104 104 ©
8044 10064 312 96 Bruc
8384 10088 64 64 e
8544 10060 548 116 Catton;
9208 10036 636 144 29Oct56;
9948 10060 80 88 A
10044 10052 72 96 2
10112 10040 76 128 5
10212 10052 68 116 7
10284 10040 80 132 5
10384 10040 212 128 69.

7732 10228 328 100 This
8148 10228 660 100 hallowed
8900 10228 560 120 ground:
9568 10228 324 96 Last
9992 10228 152 96 of
10240 10224 240 100 the

7900 10364 1388 124 might-have-beens.
9492 10364 912 104 Illustrated

7900 10508 76 96 b
7984 10532 80 96 y
8156 10512 80 92 R
8236 10528 164 100 ay
8484 10508 92 100 H
8572 10504 232 100 oul
8820 10504 160 108 ih
8984 10528 224 84 an.
9420 10488 228 120 (In
9736 10504 664 100 American

7892 10644 744 120 heritage,
8752 10644 300 108 Oct.
9164 10620 384 140 1956,
9652 10632 252 112 p.3
9908 10632 80 120 3
10000 10612 308 144 -67)

7892 10784 100 96 ©
8064 10788 408 96 Bruce
8572 10784 544 116 Catton;
9228 10764 556 136 8Oct56;
9892 10784 176 100 BB
10068 10784 76 116 3
10144 10776 72 100 1
10236 10784 216 116 30.

7668 11096 312 120 CAU,
8084 11096 384 104 JEAN.

7828 11236 164 96 Un
8088 11232 732 96 testament
8916 11232 152 92 de
9168 11232 636 104 Staline.
10004 11232 236 116 105
10332 11256 72 92 p
10440 11304 32 32 .

7992 11360 88 96 ©
8164 11372 736 120 Fasquelle
8996 11372 720 116 Editeurs;
9836 11352 632 136 30Sep56;

8000 11492 800 124 AF0-21614.

7608 11740 812 116 CAULDWELL,
8532 11740 468 104 FRANK.

7780 11888 224 100 The
8116 11880 952 116 firewalkers,
9184 11896 72 88 a
9352 11884 552 100 memoir.
10116 11880 136 108 J.
10360 11880 556 124 Murray.

7948 12016 228 108 214
8276 12036 136 96 p.
8692 12032 92 92 ©
8856 12024 408 96 Frank
9356 12020 796 108 Cauldwell;

7952 12160 632 132 13Aug56;
8696 12156 712 124 AI0-6873.

7584 12480 548 116 CAULEY,
8248 12472 336 100 TROY
8676 12472 120 104 J.

7752 12620 896 128 Agriculture
8756 12612 148 92 in
9000 12636 152 68 an
9256 12600 808 100 industrial
10172 12620 388 72 econ-

7924 12780 288 100 omy.
8420 12748 416 104 Bookm
8840 12772 156 68 an
9084 12740 880 100 Associates.
10168 12732 236 108 191
10496 12756 136 92 p.

7900 12884 92 100 ©
8084 12896 328 120 Troy
8512 12892 132 100 J.
8752 12884 548 120 Cauley;
9412 12860 640 136 24Sep56;

7920 13024 624 128 A261983.

7568 13256 640 104 CAUMERY.

7732 13396 740 96 Becassine
8576 13400 308 96 chez
8976 13396 156 96 le
9140 13400 68 80 s
9308 13420 1064 100 peaux-rouges.

7896 13536 396 96 Texte
8396 13536 152 92 de
8656 13536 624 124 Caumery,
9388 13536 476 120 pseud.
9976 13540 148 92 de

7888 13672 576 104 Maurice
8552 13664 84 100 L
8648 13696 156 72 an
8808 13696 636 100 guereau;
9560 13676 1068 96 illustrations

7900 13812 124 96 d'
8064 13832 320 100 apre
8408 13836 60 68 s
8572 13812 132 100 J.
8812 13816 132 96 P.
9060 13816 252 96 Pin
9320 13824 160 88 ch
9480 13840 216 76 on.
9892 13816 328 96 Text
10212 13816 72 84 e
10392 13840 152 72 re
10556 13840 164 72 vu

7900 13956 152 92 et
8136 13960 580 112 augment
8720 13956 68 84 e
8888 13976 248 96 par
9228 13956 488 96 Yvonne
9812 13956 640 108 Girault.

7884 14096 92 92 ©
8052 14088 584 100 Edition
8624 14092 72 84 s
8804 14092 1556 128 Gautier-Languereau;

7896 14224 68 96 1
7972 14224 76 96 0
8012 14216 520 140 Oct56;
8648 14236 80 96 A
8724 14224 76 96 F
8808 14224 640 116 O-21366.
