2563 4368
1081 4061 102 53 327

142 465 208 62 Green,
382 462 270 55 Fletcher
684 460 237 56 Melvin.

270 532 1855 70 … Heroes of the American revolution, by Fletcher Melvin
139 609 1986 71 Green … an outline for individual and group study. Chapel
137 692 148 67 Hill,
314 692 70 53 N.
419 691 80 67 C.,
530 689 338 69 University
897 689 64 53 of
993 689 188 53 North
1215 687 270 55 Carolina
1518 706 157 49 press
1734 689 152 64 [1932]

207 757 1917 55 55 p. 23 ᶜᵐ. ([North Carolina. University. University extension
139 820 224 49 division]
435 818 283 48 University
762 818 52 40 of
856 817 156 41 North
1059 815 229 42 Carolina
1334 815 252 41 extension
1631 814 218 43 bulletin,
1922 815 92 40 vol.
2118 847 8 16 XI,
138 887 75 30 no.
239 876 52 48 5)

206 932 373 47 Bibliography:
612 941 44 38 p.
703 929 174 51 [39]-42.

144 999 51 52 ©
225 1004 109 40 Feb.
362 1003 38 47 9,
429 1001 139 48 1932;
597 1001 68 43 2c.
693 1003 94 38 and
815 1001 83 40 aff.
927 1001 109 40 Feb.
1064 1001 81 46 15;
1176 1001 39 38 A
1242 999 171 47 47666;
1444 999 281 48 University
1753 999 51 40 of
1832 998 153 41 North
212 998 1899 101 Carolina
378 1070 148 37 press.
597 1058 249 49 (32-6628)

141 1161 339 65 Gregorich,
510 1161 238 64 Joseph.

209 1238 122 52 The
368 1238 218 67 apostle
624 1236 64 53 of
726 1237 96 51 the
863 1235 359 70 Chippewas,
1261 1236 96 52 the
1396 1234 108 54 life
1541 1240 157 63 story
1737 1233 65 53 of
1841 1234 95 53 the
1976 1234 151 52 Most

139 1316 136 53 Rev.
316 1315 308 53 Frederick
664 1316 247 66 Baraga,
987 1357 9 9 D.
1076 1356 28 26 D.,
1145 1314 94 52 the
1279 1313 125 53 first
1441 1314 204 67 bishop
1686 1311 64 53 of
1789 1312 339 68 Marquette,

138 1394 75 69 by
238 1394 214 67 Joseph
480 1392 330 69 Gregorich.
888 1391 268 70 Chicago,
1184 1393 114 67 Ill.,
1324 1392 122 53 The
1473 1392 220 67 Bishop
1723 1392 228 67 Baraga
138 1407 1966 132 association;

406 1472 258 66 Lemont,
693 1472 112 66 Ill.,
835 1470 347 54 Franciscan
1213 1470 238 67 fathers,
1482 1473 150 50 1932.

209 1547 85 40 104
321 1556 43 38 p.
395 1546 109 41 incl.
532 1545 163 48 front.,
725 1545 144 48 illus.,
899 1547 162 46 ports.,
1091 1543 191 41 facsim.
1341 1544 59 41 20½ᶜᵐ.

207 1602 347 49 Bibliography
572 1612 10 30 :
613 1614 43 36 p.
688 1602 99 41 104.

143 1668 51 52 ©
222 1673 109 40 Feb.
356 1672 69 47 27,
453 1670 112 41 1932;
621 1671 67 41 2c.
716 1673 121 38 Mar.
863 1672 26 39 3;
946 1670 82 42 aff.
1055 1672 121 39 Mar.
1203 1671 25 39 2;
1286 1671 39 39 A
1351 1671 144 40 48755;
1554 1670 182 49 Bishop
1763 1672 194 46 Baraga
1985 1679 142 35 assn.,

210 1729 213 47 Lemont,
462 1729 73 39 Ill.
606 1728 249 48 (32-6686)

143 1831 272 68 [Griffith,
451 1834 138 51 Mrs.
627 1831 185 54 Grace
855 1830 333 69 (Kellogg)]

207 1906 364 64 Windyjinn,
619 1906 76 64 by
742 1905 181 56 Grace
971 1905 265 65 Kellogg.
1322 1906 139 54 New
1511 1905 180 65 York,
1740 1907 68 52 R.
1860 1907 164 63 Long
2074 1910 52 50 &

139 1984 68 53 R.
233 1984 68 53 R.
330 1983 206 68 Smith,
562 1984 125 67 inc.,
717 1986 150 51 1932.

205 2055 464 50 4 p. l., 278 p. 19½ᶜᵐ.
143 2124 51 52 ©
227 2130 121 39 Mar.
378 2129 69 46 11,
479 2127 112 41 1932;
651 2128 67 40 2c.
751 2129 96 38 and
878 2127 82 40 aff.
993 2129 121 39 Mar.
1146 2127 53 40 12;
1262 2129 40 38 A
1332 2128 143 41 48922;
1539 2129 53 40 G.
1624 2129 57 39 K.
1716 2128 205 48 Griffith,
1956 2128 171 41 Scotch

210 2185 180 47 Plains,
416 2185 55 40 N.
498 2185 44 39 J.
611 2184 249 48 (32-6525)

141 2286 514 65 Guyon-Cesbron,
683 2286 168 56 Jean.

269 2363 1373 69 … Désaxés, roman. Paris, A. Michel [1931]
207 2435 564 50 2 p. l. , [7]-319 p. 19ᶜᵐ.
143 2500 1712 110 © Oct. 12, 1931; 1c. Dec. 14; A—Foreign 14760; Albin Michel. (32-7157)
140 2665 258 65 Hansell,
430 2666 53 55 J.
516 2667 66 54 E.

204 2739 317 70 Hill-Billy
550 2742 138 67 Bill,
716 2761 31 33 a
775 2743 322 68 biography
1124 2743 64 52 of
1215 2744 152 53 Hon.
1396 2744 55 54 J.
1479 2743 142 55 Will
1650 2744 214 67 Taylor
1891 2744 64 53 of
135 2745 1969 140 Tennessee,
376 2818 74 68 by

487 2819 56 53 J.
583 2819 66 53 E.
688 2820 258 53 Hansell.
1020 2821 348 67 LaFollette,
1406 2822 196 66 Tenn.,
1639 2822 123 52 The
1797 2822 331 53 LaFollette

135 2895 531 68 press, inc. [ ᶜ1 932]
206 2968 87 40 128
321 2980 43 36 p.
422 2968 129 42 illus.
579 2969 15 48 (incl.
744 2970 175 48 ports.)
985 2971 56 39 22½ᶜᵐ.

143 3019 51 52 ©
225 3025 108 40 Feb.
364 3026 67 46 11,
462 3024 112 41 1932;
633 3026 67 41 2c.
729 3029 94 38 and
855 3027 81 42 aff.
967 3027 109 39 Feb.
1106 3026 55 40 19;
1221 3028 41 38 A
1289 3027 143 42 47727;
1493 3029 280 40 LaFollette
1802 3039 148 37 press,
1981 3028 89 40 inc.

220 3081 248 48 (32-6647)

140 3182 273 55 Harvard
459 3186 350 63 university.
886 3188 291 52 Graduate
1220 3188 192 52 school
1455 3189 63 67 of
1560 3188 250 54 business
211 3188 1888 126 administration.

514 3264 189 52 Baker
735 3264 232 67 library.

269 3337 1857 71 … Business administration, a classification of the subject for
138 3412 216 69 library
387 3432 112 50 use,
531 3414 73 69 by
637 3414 255 54 William
927 3417 215 54 Parker
1180 3417 214 54 Cutter.
1466 3418 383 68 Preliminary
1883 3419 82 51 ed.
138 3418 1963 139 subject

276 3497 58 47 to
364 3490 389 69 development
781 3493 111 53 and
919 3493 258 53 revision.
1243 3495 231 68 Boston,
1500 3496 189 67 Mass.,
1718 3499 150 50 1932.

209 3560 114 50 [229]
354 3573 43 36 p.
455 3561 59 41 28ᶜᵐ.

207 3617 66 40 At
304 3618 125 40 head
463 3619 52 39 of
549 3619 134 41 title:
722 3620 229 41 Harvard
985 3622 285 48 university.
1336 3623 248 41 Graduate
1620 3625 162 40 school
1817 3624 52 41 of
1904 3624 219 41 business

138 3673 409 42 administration.
608 3675 181 47 George
823 3676 52 40 F.
907 3678 161 39 Baker
1100 3678 304 41 foundation.

208 3729 226 40 Lettered
464 3740 60 29 on
552 3741 140 30 cover
709 3742 10 29 :
750 3731 161 40 Baker
938 3733 199 48 library,
1167 3734 229 40 Harvard
1426 3734 285 48 university.

209 3785 135 40 With
373 3785 97 41 this
501 3797 83 29 are
611 3787 160 41 bound
798 3788 63 40 its
893 3788 272 41 Industries
1193 3790 99 41 list.
1349 3791 75 40 1st
1453 3791 193 47 printed
1674 3791 197 41 edition.
1928 3793 195 46 Boston,

138 3840 117 41 1932;
306 3842 95 39 and
423 3842 64 40 its
512 3842 145 40 Local
678 3843 99 41 list.
832 3845 74 39 1st
929 3845 193 47 printed
1146 3844 197 43 edition.
1395 3847 196 48 Boston,
1615 3846 128 41 1932.

146 3896 51 51 ©
228 3902 120 37 Mar.
375 3901 40 46 2,
443 3900 114 41 1932;
614 3903 66 38 2c.
709 3904 94 38 and
834 3902 80 39 aff.
945 3904 122 39 Mar.
1096 3904 27 39 7;
1179 3904 40 38 A
1247 3902 143 41 49014;
1450 3904 254 40 President
1733 3905 93 39 and
1857 3905 188 38 fellows
2076 3904 51 39 of

213 3957 226 39 Harvard
471 3958 190 46 college,
694 3958 298 50 Cambridge,
1024 3960 146 39 Mass.
1240 3959 249 50 (32-6560)
