2563 4368
1086 4090 132 54 1701

243 545 87 41 129
355 556 44 38 p.
459 546 116 40 19ᶜᵐ.

179 597 51 53 ©
262 603 121 39 Mar.
414 602 69 48 14,
513 600 113 42 1932;
685 601 67 41 2c.
785 603 95 38 and
912 600 82 41 aff.
1026 601 122 40 Mar.
1179 601 55 39 15;
1294 600 42 40 A
1365 600 144 41 49117;
1571 600 251 41 Columbia
1855 600 131 43 univ.
2016 609 152 42 press.

176 719 145 62 Dell,
352 717 201 64 Floyd,
585 721 170 52 1887-

245 794 186 53 Diana
461 793 173 68 Stair,
661 793 73 68 by
761 792 185 68 Floyd
973 792 147 53 Dell.
1183 792 138 53 New
1349 792 177 67 York,
1555 793 212 52 Farrar
1794 796 51 50 &
1873 792 297 72 Rinehart,

174 870 627 69 incorporated [ ᶜ1 932 ]
244 940 640 51 6 p. l., 3-641 p. 21½ᶜᵐ.
177 998 51 52 ©
260 1002 101 40 Oct.
392 1002 69 48 18,
491 1001 114 41 1932;
665 1001 67 41 2c.
763 1001 101 40 Oct.
894 1001 56 40 20;
1011 1000 81 41 aff.
1126 1001 100 40 Oct.
1258 1000 56 40 19;
1373 1002 42 38 A
1446 1000 143 42 55984;
1650 1001 52 40 F.
1734 1002 122 48 Dell,
244 1002 1926 104 Croton-on-Hudson,
487 1059 56 40 N.
569 1059 53 39 Y.
693 1057 279 49 (32-32265)

178 1158 315 67 [Dodgson,
525 1158 244 57 Charles
799 1157 312 67 Lutwidge]
1168 1163 326 53 1832-1898.

243 1235 207 53 Alice’s
477 1236 337 54 adventures
841 1236 60 51 in
930 1235 406 68 Wonderland,
1363 1236 74 68 by
1465 1235 183 54 Lewis
1677 1235 221 55 Carroll
1934 1238 210 67 [pseud.]

173 1312 322 55 illustrated
522 1314 74 68 by
624 1313 157 54 John
807 1312 253 55 Tenniel.
1125 1312 136 53 New
1292 1312 178 69 York,
1498 1314 121 53 The
1646 1312 250 54 Limited
1925 1314 243 54 editions

173 1390 144 68 club,
354 1394 149 48 1932.

241 1461 1437 51 xi, [1] p., 2 l., [3]-182, [1] p., 1 l. front., illus. 22½ ᶜᵐ .
245 1517 145 41 “This
416 1518 43 40 is
481 1528 120 38 copy
624 1518 202 40 number
852 1518 265 49 Copyright
1142 1529 119 39 copy
1287 1520 51 39 of
1362 1519 169 41 fifteen
1558 1520 221 40 hundred
1805 1521 159 49 copies
1989 1522 52 39 of
2067 1521 100 42 this

174 1574 1991 50 limited edition … printed … by the printing house of William Edwin
174 1631 180 48 Rudge,
398 1632 169 39 Mount
609 1632 206 47 Vernon,
859 1631 57 40 N.
958 1632 55 41 Y.
1084 1632 323 48 Typography
1451 1633 95 39 and
1590 1632 203 49 binding
1833 1633 62 49 by
1938 1633 228 42 Frederic

175 1686 215 43 Warde.”
456 1688 176 47 Signed
666 1687 228 41 Frederic
924 1689 192 39 Warde.

173 1743 51 53 ©
259 1748 127 49 Sept.
416 1747 71 48 20,
517 1747 113 41 1932;
690 1749 69 39 2c.
790 1749 96 39 and
917 1746 82 42 aff.
1031 1747 101 40 Oct.
1165 1747 56 40 31;
1283 1748 41 38 A
1353 1747 143 41 56821;
1559 1747 208 41 Limited
1800 1748 212 40 editions
2042 1748 124 48 club,

238 1804 91 42 inc.
399 1804 279 49 (32-32402)

175 1900 297 69 [Douglas,
503 1901 285 68 Norman]
827 1905 173 51 1868-

240 1976 1710 70 South wind. [New York, Limited editions club, ᶜ1 932]
238 2048 827 50 2 p. l., 205, [1] p. illus. 29 ᶜᵐ .
241 2106 93 42 “Of
363 2106 100 41 this
493 2106 184 40 edition
709 2106 51 40 of
794 2105 153 41 South
976 2106 144 47 wind,
1152 2105 198 41 written
1381 2107 61 47 by
1474 2106 214 40 Norman
1720 2108 229 47 Douglas,
1983 2108 120 40 with
2132 2119 30 29 a

168 2163 181 49 special
378 2162 330 41 introduction
736 2163 62 47 by
827 2163 113 40 Carl
970 2163 106 39 Van
1104 2162 176 48 Doren,
1309 2162 281 41 illustrated
1619 2163 62 48 by
1711 2163 220 41 Cariotta
1962 2163 200 41 Petrina

219 2218 1943 49 … and printed by the Pynson printers in New York, fifteen hundred
168 2273 1977 100 copies completed … for distribution to the members of the Limited editions club.
500 2329 1661 50 This copy is … copyright copy, signed by Cariotta Petrina.”
171 2389 51 52 ©
256 2393 115 48 July
403 2391 70 48 25,
506 2390 113 41 1932;
682 2390 68 41 2c.
783 2391 94 39 and
913 2390 81 40 aff.
1028 2390 117 39 Nov.
1180 2390 26 39 7;
1270 2390 41 37 A
1343 2388 143 41 56915;
1550 2389 210 41 Limited
1794 2388 209 42 editions
2039 2389 123 49 club,

236 2450 78 40 inc.
391 2444 68 53 [©
488 2446 330 42 introduction
845 2448 94 38 and
968 2445 345 49 illustrations]
1384 2444 280 50 (32-32403)

168 2549 358 65 Ergebnisse
562 2550 101 52 der
696 2548 241 53 exakten
969 2552 173 48 natur
1145 2548 481 53 wissenschaften.
1700 2550 163 69 Hrsg.
1913 2568 112 35 von
2060 2549 101 53 der

236 2627 432 70 schriftleitung
695 2628 101 52 der
822 2625 744 55 “Naturwissenschaften”.
1641 2630 82 49 11.
1750 2628 93 52 bd.
1918 2627 114 53 Mit
2061 2630 98 51 158

237 2706 401 69 abbildungen.
714 2705 216 69 Berlin,
960 2707 57 54 J.
1051 2704 297 70 Springer,
1381 2707 151 51 1932.

235 2779 1156 51 2 p. l., 442 p. illus., tables, diagrs. 24 ½ ᶜᵐ .
235 2837 234 41 Contains
497 2835 391 49 bibliographies.

169 2890 1823 52 © Sept. 7, 1932; 1c. Nov. 25; A— Foreign 18717; Julius Springer.
166 2996 218 64 Evans,
415 2996 253 52 Edward
699 2993 286 55 Radcliffe
1018 2994 191 54 Garth
1239 2994 251 65 Russell,
1523 2998 172 51 1881-

237 3071 206 54 Ghosts
484 3071 64 52 of
586 3071 94 54 the
722 3069 217 55 Scarlet
980 3069 143 69 fleet,
1162 3070 74 68 by
1275 3068 443 56 Rear-Admiral
1758 3070 68 51 E.
1869 3070 68 51 R.
1982 3068 67 54 G.
2090 3069 67 51 R.

166 3146 1994 70 Evans … illustrated by Manning De V. Lee; the lost secret of
165 3226 93 52 the
281 3225 249 68 Spanish
550 3225 170 53 main.
779 3224 136 53 New
939 3224 177 68 York,
1142 3224 213 54 Farrar
1377 3226 45 50 &
1446 3224 295 67 Rinehart,
1762 3223 397 69 incorporated

170 3306 172 65 [1932]

231 3373 801 48 4 p. l., 3-310 p. front. 21 ᶜᵐ .
234 3430 286 40 Illustrated
554 3429 352 48 lining-papers
936 3429 50 40 in
1022 3430 167 39 colors.

167 3486 51 51 ©
251 3491 117 39 Nov.
400 3492 39 47 1,
471 3489 141 46 1932;
646 3490 66 39 2c.
746 3490 118 40 Nov.
896 3489 52 47 3;
985 3488 81 39 aff.
1098 3489 118 40 Nov.
1248 3489 54 46 2;
1337 3490 41 38 A
1408 3488 170 48 55976;
1615 3490 183 39 Farrar
1833 3490 36 39 &
1902 3488 252 48 Rinehart,

230 3546 90 40 inc.
392 3545 279 48 (32-32260)

163 3633 314 66 Fairchild,
507 3636 206 63 Henry
742 3635 193 63 Pratt,
967 3639 171 51 1880-

232 3709 1922 70 Profits or prosperity? By Henry Pratt Fairchild … New
164 3787 162 52 York
352 3788 112 52 and
490 3787 241 53 London,
774 3787 234 68 Harper
1033 3790 51 50 &
1111 3787 278 69 brothers,
1420 3790 151 50 1932.

234 3858 632 50 vii p., 2 l., 204 p. 22 ᶜᵐ .
234 3915 163 41 “First
426 3914 226 44 edition.”

165 3968 51 52 ©
253 3973 101 40 Oct.
390 3973 56 40 19,
553 3974 55 39 1932;
672 3974 68 40 2c.
778 3973 102 41 Oct.
915 3973 57 40 20;
1037 3973 81 42 aff.
1156 3974 100 40 Oct.
1293 3973 83 48 21;
1415 3975 40 38 A
1492 3974 170 46 56613;
1700 3975 62 39 H.
1799 3975 51 39 P.
1887 3973 248 40 Fairchild,

230 4029 117 39 New
373 4030 144 39 York.
587 4029 280 48 (32-32252)
