2563 4368
1431 4034 101 48 532

526 488 1095 54 xiv, 379 p. illus., tables, diagrs. 25½ ᶜᵐ .
464 559 1533 57 © Jan. 22, 1932; 1c. Mar. 7; A — Foreign 15994; Dunod.
543 622 249 48 (32-9645)

463 727 243 64 Cleugh,
735 727 221 55 James.

531 802 191 53 Ballet
771 800 93 54 for
911 801 158 52 three
1117 799 207 68 masks,
1372 799 75 68 by
1497 799 193 54 James
1742 796 237 70 Cleugh.
2066 798 258 65 London,
2375 797 79 53 M.

463 880 222 67 Secker,
717 881 150 51 1932.

533 950 714 52 2 p. l., 7-365, [1] p. 20½ ᶜᵐ .
469 1014 1991 61 © 1c. Apr. 9, 1932; A ad int. 16257; pubd. Feb. 11; J. Cleugh, ℅ Lloyds
537 1083 140 46 bank,
710 1083 212 40 London.
992 1080 280 49 (32-10925)

467 1187 303 65 Cogswell,
797 1186 219 55 Wilton
1043 1184 90 58 W.

466 1262 1964 133 Dental oral surgery, by Wilton W. Cogswell … 500 illustrations.
806 1342 303 66 [Colorado
1141 1341 262 68 Springs,
1430 1344 168 51 Press
1626 1340 63 53 of
1717 1341 117 55 Out
1864 1340 159 54 West
2052 1338 263 71 printing
2344 1342 110 51 and

465 1420 640 69 stationery co., ᶜ19 32]
540 1493 555 50 327 p. illus. 26½ ᶜᵐ .
474 1562 52 52 ©
558 1566 114 48 Apr.
705 1566 38 47 7,
778 1563 112 42 1932;
953 1564 67 43 2c.
1052 1566 96 38 and
1181 1563 82 41 aff.
1296 1563 113 49 Apr.
1443 1564 54 39 11;
1560 1563 40 39 A
1633 1562 143 41 50694;
1840 1564 71 40 W.
1945 1563 70 39 W.
2052 1562 248 48 Cogswell,
542 1561 1905 101 Colorado

695 1621 215 49 Springs,
945 1621 97 41 Col.
1112 1620 281 49 (32-10057)

473 1723 290 65 Coolidge,
795 1725 185 62 Dane,
1014 1725 171 53 1873-

541 1800 283 71 Fighting
856 1821 127 35 men
1016 1801 64 54 of
1114 1803 94 51 the
1241 1804 175 64 West,
1448 1803 74 67 by
1555 1804 163 51 Dane
1755 1801 301 69 Coolidge;
2095 1802 137 52 with
2269 1820 72 34 an
471 1800 1962 133 introduction

838 1879 74 69 by
956 1879 95 53 the
1094 1881 233 63 author;
1374 1878 322 57 illustrated
1742 1879 137 53 with
1927 1879 303 53 halftones.
2324 1880 135 52 New

474 1958 1155 67 York, E. P. Dutton & co., inc. [ ᶜ19 32]
543 2030 940 49 343 p. front., plates, ports. 22 ᶜᵐ .
547 2088 161 41 “First
736 2087 228 42 edition.”

480 2157 52 52 ©
558 2161 112 48 Apr.
700 2161 68 42 15,
797 2158 112 42 1932;
966 2159 65 41 2c.
1061 2159 112 49 Apr.
1204 2160 54 39 15;
1314 2158 80 41 aff.
1424 2159 111 48 Apr.
1566 2160 55 39 18;
1678 2159 40 39 A
1745 2158 142 41 50764;
1947 2160 50 39 E.
2029 2160 50 40 P.
2109 2160 185 40 Dutton
2324 2160 36 40 &
2388 2169 78 37 co.,

548 2217 90 39 inc.
709 2216 279 48 (32-10156)

478 2320 139 64 Cox,
647 2320 227 64 George
900 2317 274 66 William,
1206 2324 168 50 1892-

545 2397 150 52 How
726 2402 58 48 to
815 2401 95 64 get
941 2415 28 33 a
1004 2395 249 69 position
1285 2396 58 52 in
1373 2396 190 53 school
1591 2414 66 34 or
1688 2396 237 69 college;
1960 2415 30 34 a
2020 2397 273 67 complete
476 2402 1968 126 treatise

624 2494 72 33 on
741 2475 95 52 the
881 2481 89 47 art
1013 2474 64 52 of
1121 2475 282 68 applying
1448 2474 93 52 for
1583 2475 113 52 and
1739 2475 261 68 securing
2044 2493 31 34 a
2120 2475 249 68 position
2408 2494 58 35 as

476 2553 224 53 teacher
730 2572 64 33 or
823 2552 432 53 administrator
1285 2552 61 53 in
1376 2551 192 69 public
1598 2553 112 52 and
1741 2552 223 68 private
1995 2553 372 67 institutions,
2396 2553 73 67 by

478 2630 1967 148 Geo. W. Cox … and W. H. Jones … Columbia, S. C., Chattanooga,
773 2708 1433 70 Tenn. [etc.] Southern teachers’ agency [ ᶜ19 32 ]
551 2783 660 49 2 p. l., 3-97, [1] p. 22 ᶜᵐ .
487 2850 52 52 ©
568 2855 122 39 Mar.
717 2853 40 48 9,
786 2853 113 41 1932;
956 2853 67 41 2c.
1054 2854 121 40 Mar.
1204 2853 57 40 10;
1318 2853 81 39 aff.
1430 2854 122 40 Mar.
1581 2853 56 41 28;
1696 2854 39 39 A
1766 2853 144 41 50386;
1969 2855 239 40 Southern
2241 2853 226 43 teachers’

554 2920 193 38 agency.
818 2909 280 49 (32-10195)

486 3007 369 68 Culbertson,
883 3009 128 66 Ely,
1040 3015 170 50 1891-

555 3086 1903 71 Contract bridge blue book, by Ely Culbertson … New
485 3165 177 68 York,
691 3166 120 52 The
838 3164 217 70 Bridge
1085 3167 196 66 world,
1312 3171 149 49 1932.

587 3237 1050 50 x l., 368, [6] p. incl. front. (port.) 16 ᶜᵐ .
555 3295 159 41 Blank
740 3305 146 38 pages
911 3295 79 39 for
1019 3295 369 40 “Memoranda”
1428 3296 51 48 (6
1506 3299 52 37 at
1584 3296 117 47 end)

557 3351 213 41 “Second
802 3351 183 41 edition;
1046 3351 285 48 sixty-sixth
1364 3355 49 37 to
1445 3352 331 47 seventy-fifth
1810 3352 252 50 printings,
2097 3354 181 46 March,
2313 3350 148 43 1932.”

491 3419 52 51 ©
573 3424 121 38 Mar.
724 3421 67 48 19,
821 3421 111 41 1932;
988 3423 69 40 2c.
1087 3424 94 39 and
1211 3422 82 42 aff.
1322 3423 112 48 Apr.
1464 3424 25 39 7;
1547 3423 40 39 A
1614 3423 145 40 49452;
1819 3424 176 47 Bridge
2025 3425 164 47 world,
2219 3425 89 39 inc.

569 3479 278 47 (32-10046)

557 3579 384 55 Culbertson’s
974 3599 316 50 summary;
1327 3587 253 48 contract
1614 3583 198 67 bridge
1845 3588 59 47 at
1935 3603 32 33 a
2000 3583 215 68 glance,
2246 3584 73 67 by
2354 3580 106 66 Ely

489 3658 1676 69 Culbertson … New York, The Bridge world, 1932.
556 3731 56 39 47
640 3740 43 37 p.
743 3729 144 41 15½ᶜᵐ.

561 3785 211 41 “Official
798 3788 220 38 contract
1047 3786 190 48 scoring
1276 3786 245 48 (courtesy
1551 3787 81 40 the
1663 3787 159 40 Whist
1849 3786 170 48 club)”
2047 3797 61 30 on
2135 3786 327 48 lining-paper.

561 3842 1738 50 “Second edition … seventeenth [printing] 20,000, March, 1932.”
494 3908 52 52 ©
580 3914 120 39 Mar.
734 3913 41 43 2,
808 3912 140 48 1932;
982 3914 66 39 2c.
1083 3914 95 39 and
1212 3913 80 40 aff.
1328 3914 112 48 Apr.
1477 3915 50 45 7;
1564 3915 41 38 A
1637 3913 169 47 49451;
1842 3914 180 49 Bridge
2055 3915 164 47 world,
2254 3914 88 38 inc.
2402 3904 63 55 [©

595 3979 71 29 new
693 3971 180 39 matter]
959 3968 278 49 (32-10047)
