2563 4368
1045 4073 65 49 49

95 459 305 53 Alabama.
475 459 164 50 Laws
647 498 10 24 ,
687 462 238 48 statutes
933 498 11 15 ,
972 461 100 47 etc.

164 534 246 55 General
445 537 137 50 laws
630 535 136 64 (and
806 534 150 68 joint
990 531 365 68 resolutions)
1402 531 62 53 of
1497 532 97 51 the
1627 531 359 68 Legislature
2021 530 62 53 of

94 613 280 52 Alabama
410 614 201 66 passed
646 618 59 46 at
735 613 95 51 the
863 612 210 52 session
1107 611 63 53 of
1206 614 133 48 1931
1373 611 132 51 held
1541 616 58 46 at
1630 611 97 51 the
1759 609 231 69 capitol,
2023 609 60 52 in

94 694 94 49 the
229 692 115 65 city
386 692 62 51 of
489 691 418 65 Montgomery,
947 689 387 68 commencing
1373 690 282 64 Tuesday,
1695 691 265 65 January
2001 692 82 58 13,

94 766 1989 69 1931 … Birmingham, Ala., Birmingham printing company,
94 850 149 48 1931.

160 913 681 54 liii p., 1 l., 952 p. 23½ ᶜᵐ .
95 986 50 51 ©
176 991 110 39 Dec.
315 990 68 46 22,
414 990 112 40 1931;
585 993 66 38 2c.
681 992 109 38 Jan.
821 991 67 47 11,
919 990 112 40 1932;
1092 990 79 40 aff.
1204 992 108 38 Jan.
1344 991 54 37 25;
1458 991 40 38 A
1526 990 144 40 47222;
1733 991 136 40 State
1899 992 54 39 of
163 992 1905 98 Alabama,

355 1049 344 47 Montgomery,
735 1048 105 39 Ala.

89 1160 317 53 American
435 1159 278 53 institute
742 1159 63 52 of
834 1157 392 64 cooperation.

161 1236 304 53 American
508 1235 392 68 cooperation;
948 1254 30 33 a
1022 1235 297 53 collection
1360 1235 64 52 of
1465 1254 208 49 papers
1716 1235 112 52 and
90 1235 1967 133 discussions

271 1314 1812 68 comprising the seventh summer session … at the Kansas
90 1399 144 48 state
274 1395 209 66 college
525 1393 62 51 of
630 1392 347 68 agriculture
1020 1393 111 51 and
1174 1393 232 67 applied
1448 1393 230 66 science,
1718 1394 364 67 Manhattan,

90 1470 1991 70 Kansas, June 1-27, 1931 … v. 1, 2. Washington, D. C., The
88 1548 1310 69 American institute of cooperation [ ᶜ193 1 ]
157 1624 27 38 2
217 1635 41 29 v.
320 1624 176 47 diagrs.
557 1623 146 40 23½ᶜᵐ.

94 1693 50 51 ©
174 1697 106 38 Jan.
311 1696 67 42 12,
408 1694 112 41 1932;
577 1694 67 40 2c.
673 1695 117 39 each
818 1696 92 38 and
942 1694 80 39 aff.
1053 1695 109 42 Jan.
1192 1695 54 39 15;
1305 1696 39 38 A
1372 1695 143 40 47002;
1575 1697 255 40 American
1860 1698 227 41 institute

162 1753 51 39 of
239 1752 320 48 cooperation.

89 1857 211 63 Ayres,
332 1857 174 63 Ruby
533 1856 267 54 Mildred.

159 1933 158 51 Look
346 1940 58 46 to
433 1934 96 51 the
557 1933 216 69 spring.
856 1933 362 66 [Instalment
1248 1938 30 48 9]

168 2008 81 46 (In
277 2004 144 42 Mabs
451 2004 203 51 weekly,
686 2004 124 43 Nov.
842 2006 70 48 28,
948 2005 142 49 1931)

94 2074 1990 53 © 1c. Jan. 21, 1932; A ad int. 16004; pubd. Nov. 24, 1931; R. M. A.
161 2135 196 40 Pocock.
386 2135 300 47 Weybridge.
716 2135 193 48 Surrey,
938 2136 235 47 England.

86 2236 210 66 Beard,
327 2236 247 56 Charles
600 2238 238 64 Austin,
871 2243 171 50 1874-

156 2313 1866 69 The navy: defense or portent? By Charles A. Beard …
87 2391 135 52 New
256 2391 160 52 York
448 2391 111 53 and
589 2390 257 58 London,
876 2392 230 66 Harper
1135 2393 45 49 &
1211 2391 273 68 brothers,
1519 2396 150 49 1932.

153 2461 553 48 4 p. l. , 198 p. 21½ᶜᵐ.
155 2519 162 41 “First
351 2517 227 42 edition.”

93 2576 50 51 ©
177 2580 107 39 Jan.
316 2579 69 46 20,
417 2577 139 46 1932;
589 2578 66 39 2c.
689 2578 108 39 Jan.
830 2577 59 39 20;
946 2577 82 40 aff.
1059 2578 109 39 Jan.
1200 2578 54 39 25;
1316 2579 40 38 A
1388 2579 170 47 47219;
1594 2581 49 39 C.
1675 2581 53 39 A.
1764 2583 172 46 Beard,
1971 2584 115 39 New

161 2636 215 40 Milford.
406 2636 144 38 Conn.
623 2634 280 48 (32-26096)

94 2739 212 66 [Beith,
333 2739 154 53 John
514 2739 136 63 Hay]

157 2815 426 66 Make-believe,
610 2816 75 66 by
713 2817 108 50 Ian
851 2817 136 64 Hay
1040 2817 194 66 [pseud.]

168 2891 81 46 (In
279 2885 184 44 Strand
493 2885 276 51 magazine,
799 2885 129 51 Dec.,
960 2887 144 49 1931)

93 2943 1990 60 © 1c. Jan. 21, 1932; A ad int. 16000; pubd. Nov. 25, 1931; J. H. Beith,
159 3004 209 39 London.

111 3107 261 64 [Buchan,
402 3107 174 52 Anna]

158 3183 353 67 Priorsford,
539 3184 74 64 by
642 3184 65 54 O.
740 3184 257 67 Douglas
1031 3186 211 64 [pseud.]
1342 3187 162 68 chap.
1537 3192 113 49 1-4.

165 3258 84 47 (In
276 3254 134 42 Good
439 3254 383 51 housekeeping,
855 3254 129 50 Dec.,
1017 3255 143 50 1931)

93 3311 1989 61 © 1c. Jan. 23, 1932; A ad int. 16009; pubd. Nov. 27, 1931; A Buchan,
160 3371 209 41 Peebles.
411 3371 240 40 Scotland.

80 3475 246 62 Burton,
356 3473 97 54 Sir
479 3471 257 55 Richard
767 3473 262 65 Francis,
1063 3480 323 51 1821-1890.

154 3548 1923 74 The Kasîdah of Hâjî Abdû el-Yezdî [ pseud.] translated and
85 3628 307 52 annotated
420 3627 76 67 by
525 3627 87 52 his
645 3626 193 53 friend
869 3628 112 51 and
1013 3629 164 66 pupil
1211 3629 95 54 Sir
1335 3631 252 55 Richard
1621 3636 250 64 Burton;

85 3640 1972 116 introduction
348 3704 75 66 by
454 3704 174 51 Dhan
661 3703 189 67 Gopal
880 3704 286 67 Murkerji
1204 3738 12 33 [!]
1298 3707 322 56 illustrated

1655 3711 73 68 by
1761 3714 180 68 Willy
84 3719 1973 129 Pogany.
321 3779 425 68 Philadelphia,
777 3780 193 53 David

1002 3781 754 73 McKay company [ ᶜ193 1]
155 3853 992 49 xv, [1], 129 p. front., plates. 25½ ᶜᵐ .
93 3906 50 51 ©
171 3910 116 38 Nov.
316 3910 68 45 16,
411 3908 111 40 1931;
579 3910 66 38 2c.
674 3910 110 37 Dec.
812 3909 58 39 30;
924 3909 80 39 aff.
1034 3910 108 40 Jan.
1171 3910 68 44 29,
1268 3911 113 41 1932;
1439 3915 39 38 A
1504 3916 144 41 47396;
1706 3920 157 41 David
1894 3924 187 48 McKay

158 3977 66 29 co.
289 3962 67 52 [©
390 3966 330 39 introduction
754 3967 95 38 and
880 3966 343 50 illustrations]
1296 3969 279 50 (31-28429)
