2563 4368
1097 4043 101 52 347

152 524 343 66 abbildungen
564 523 115 51 und
709 522 131 51 zwei
875 520 359 68 zerlegbaren
1266 518 294 52 modellen.
1634 519 47 50 2.
1713 517 91 52 bd.
1879 515 255 69 Leipzig,

154 604 99 51 Dr.
282 603 88 54 W.
402 600 287 66 Schwabe,
720 602 149 49 1932.

223 670 1246 55 xii, [641]-1373, [1] p. illus., col. plates. 25 ᶜᵐ .
157 742 51 50 ©
240 746 109 42 Jan.
383 747 37 42 1,
456 744 137 41 1932;
659 755 35 28 1c.
731 744 120 39 Mar.
914 742 52 46 15;
1003 743 38 37 A
1043 741 268 46 —Foreign
1345 740 168 46 16085;
1552 740 223 40 Willmar
1811 738 244 41 Schwabe.

153 898 1983 71 The practitioners library of medicine and surgery … New
222 979 178 66 York,
422 978 256 67 London,
701 979 71 51 D.
798 977 293 68 Appleton
1116 977 112 52 and
1254 993 279 52 company
1671 978 84 64 [ᶜ1932]

218 1048 1285 50 2 v. illus. (part col.) fold. tab., diagrs. 25½ ᶜᵐ .
222 1107 313 48 Supervising
563 1107 171 47 editor,
769 1106 182 48 George
983 1106 209 40 Blumer.

222 1163 344 42 “References”
595 1166 51 37 at
673 1164 90 39 end
793 1162 53 41 of
873 1172 128 31 some
1030 1162 52 40 of
1112 1162 80 41 the
1221 1163 239 46 chapters.

485 1243 103 18 CONTENTS.—I.
620 1215 240 51 Anatomy
894 1220 94 39 and
1020 1219 282 47 physiology
1336 1228 54 30 as
1421 1217 191 48 applied
1647 1220 47 38 to
1728 1216 233 48 practical
152 1217 1970 100 medicine.—II.

410 1276 100 40 The
538 1276 187 40 technic
753 1276 52 39 of
831 1275 216 47 physical
1077 1277 93 39 and
1200 1274 278 47 laboratory
1506 1272 333 42 examination
1870 1273 48 40 in
1948 1272 192 41 clinical

154 1332 244 41 medicine.

160 1400 51 52 ©
240 1406 118 39 Mar.
390 1406 38 44 7,
457 1403 137 45 1932;
624 1404 65 40 2c.
720 1405 114 38 each
867 1405 91 37 and
990 1402 106 42 affs.
1128 1404 118 40 Mar.
1276 1402 53 47 9;
1361 1403 39 38 A
1429 1403 157 47 48860,
1616 1402 170 44 48861;
1818 1401 58 40 D.
1906 1401 237 47 Appleton

226 1461 35 40 &
292 1473 65 28 co.
429 1459 249 50 (32-7139)

156 1562 322 66 Randolph,
508 1564 247 54 Paschal
785 1564 268 65 Beverly,
1087 1565 323 54 1825-1874.

285 1638 1857 70 … Magia sexualis. Traduction française, par Maria de
156 1716 353 68 Naglowska.
575 1706 235 63 Édition
840 1716 291 67 originale.
1194 1716 183 68 Paris,
1403 1716 66 53 R.
1499 1714 184 68 Télin,
1711 1718 149 49 1931.

222 1787 1919 50 218 p., 1 l. illus., plates (incl. music; part col.) port., fold. tables. 23 ᶜᵐ .
223 1846 64 40 At
314 1846 122 40 head
471 1845 53 40 of
552 1845 107 40 title:
723 1846 50 40 P.
805 1846 52 39 B.
890 1845 269 47 Randolph.

225 1903 115 39 “Les
371 1902 187 40 dessins
589 1902 56 39 de
676 1902 254 46 Randolph
960 1904 81 36 ont
1073 1900 75 41 été
1178 1900 174 41 établis
1382 1901 188 48 d’après
1603 1902 67 40 les
1701 1903 271 46 maquettes
156 1901 1969 98 originales

319 1969 88 39 par
441 1958 180 40 Robert
655 1956 228 43 Bonnet.”

226 2016 94 39 “La
354 2014 221 49 présente
609 2013 182 41 édition
824 2024 26 29 a
883 2013 76 40 été
990 2013 176 40 établie
1200 2024 84 29 sur
1315 2016 43 37 le
1391 2014 268 40 manuscrit
1691 2013 153 41 inédit
1877 2013 148 41 laissé
2056 2022 88 41 par

157 2073 123 41 P.-B.
307 2072 254 47 Randolph
595 2069 310 49 (1825-1874)
965 2070 162 47 Magia
1151 2070 216 41 sexualis
1391 2071 79 40 fut
1495 2069 120 42 écrit
1641 2071 28 40 à
1695 2072 181 39 Boston
1902 2080 59 31 en
1986 2070 156 43 1872.”

225 2128 335 48 “Exemplaire
592 2128 54 38 n°
674 2126 98 41 17.”

163 2197 51 51 ©
243 2203 113 38 Nov.
387 2203 39 45 7,
456 2200 82 39 1931;
656 2212 36 28 1c.
724 2199 108 40 Feb.
865 2200 66 46 15,
962 2197 139 47 1932;
1133 2198 100 38 A—
1236 2198 205 46 Foreign
1472 2198 169 46 15664;
1675 2199 180 39 Robert
1885 2197 149 40 Télin.

239 2257 248 49 (32-7483)

161 2359 355 66 Rehberger,
548 2361 226 61 George
802 2359 273 64 Edward,
1107 2363 170 50 1880-

225 2434 381 70 Lippincott’s
632 2435 168 68 quick
826 2433 283 55 reference
1137 2434 147 53 book
1311 2434 94 53 for
1429 2434 276 53 medicine
1734 2435 112 53 and
1876 2453 237 52 surgery;

158 2532 30 33 a
219 2512 241 69 clinical,
495 2512 320 69 diagnostic
848 2512 112 53 and
996 2511 354 69 therapeutic
1387 2512 185 69 digest
1607 2512 64 54 of
1705 2513 228 68 general
159 2513 1959 145 medicine,

335 2608 236 51 surgery
614 2592 112 51 and
770 2590 93 53 the
905 2589 336 68 specialties,
1284 2590 184 54 culled
1512 2590 346 69 extensively
1904 2591 111 53 and
160 2591 1961 145 intensively

458 2667 151 54 from
636 2667 235 53 modern
897 2667 314 68 literature,
1240 2668 110 52 and
1378 2667 417 69 systematized,
1820 2668 74 70 by
1924 2667 220 70 George

161 2744 1984 70 E. Rehberger … 8th ed., rev. Philadelphia and London,
160 2822 1040 68 J. B. Lippincott company [ ᶜ19 32]
228 2892 140 52 [1180]
399 2906 39 37 p.
499 2896 86 40 col.
614 2895 163 44 front.,
805 2894 142 49 illus.,
977 2895 86 42 col.
1090 2895 170 48 plates,
1290 2895 179 48 diagrs.
1528 2895 146 41 26½ᶜᵐ.

231 2951 326 48 Frontispiece
591 2951 207 40 consists
831 2951 52 40 of
917 2953 135 39 three
1087 2951 169 48 plates,
1294 2963 87 29 one
1415 2951 53 39 of
1502 2953 155 38 which
1695 2952 41 40 is
1773 2952 372 48 superimposed.

168 3017 49 51 ©
247 3023 106 38 Jan.
384 3024 66 47 11,
480 3022 138 47 1932;
649 3024 67 38 2c.
745 3023 110 41 Feb.
885 3023 81 46 20;
1073 3057 8 7 aff.
1111 3025 120 39 Mar.
1261 3024 52 47 5;
1346 3024 37 38 A
1413 3022 170 45 47972;
1617 3025 43 40 J.
1691 3025 52 39 B.
1775 3024 278 47 Lippincott
2080 3033 65 30 co.

242 3079 247 48 (32-7137)

164 3179 311 67 Robinson,
501 3183 205 53 James
729 3184 258 63 Harvey,
1017 3189 170 49 1863-

232 3257 241 70 History
523 3259 63 53 of
638 3261 246 67 Europe,
935 3279 102 34 our
1090 3279 124 35 own
1266 3259 190 68 times;
1510 3263 94 51 the
1654 3262 325 68 eighteenth
2033 3263 111 51 and

164 3333 318 55 nineteenth
529 3337 294 68 centuries,
869 3338 94 52 the
1009 3338 249 68 opening
1302 3338 64 53 of
1411 3341 94 51 the
1550 3339 294 53 twentieth
1893 3346 252 60 century,

165 3412 91 51 the
288 3414 176 53 world
497 3433 118 33 war
649 3417 111 51 and
793 3423 186 45 recent
1012 3424 208 58 events,
1251 3417 76 67 by
1359 3417 191 55 James
1584 3417 237 67 Harvey
1855 3417 289 53 Robinson

165 3491 109 52 and
319 3491 233 56 Charles
596 3493 69 51 A.
712 3493 203 53 Beard.
990 3494 134 52 Rev.
1170 3494 85 52 ed.
1331 3496 231 66 Boston,
1606 3495 137 53 New
1792 3494 159 53 York
2020 3501 99 45 [etc.]

164 3566 817 72 Ginn and company [ ᶜ19 32 ]
236 3638 81 50 xii,
355 3639 97 49 657,
489 3642 115 39 xxiv
641 3652 40 38 p.
744 3643 85 40 col.
869 3643 162 47 front.,
1070 3642 142 48 illus.,
1250 3644 156 47 plates
1434 3644 134 48 (part
1605 3643 112 47 col.)
1762 3645 147 46 ports.
1938 3641 42 48 (3
2024 3643 111 47 col.)

166 3696 317 46 maps. 20 ᶜᵐ .
234 3750 341 50 Bibliography;
644 3764 42 38 p.
726 3753 115 40 i-vii
881 3756 50 38 at
970 3755 90 39 end;
1132 3755 318 41 “References
1489 3756 79 39 for
1606 3756 270 39 additional
1915 3756 226 47 reading”

166 3809 50 37 at
239 3808 88 39 end
353 3809 51 39 of
428 3813 124 37 most
576 3811 51 39 of
652 3813 80 38 the
757 3812 239 47 chapters.

171 3858 49 52 ©
255 3865 107 43 Jan.
397 3867 68 46 26,
501 3867 138 46 1932;
676 3869 66 39 2c.
779 3869 119 40 Mar.
965 3869 25 39 10;
1056 3869 81 40 aff.
1174 3870 120 39 Mar.
1331 3868 52 47 9;
1423 3870 37 38 A
1497 3870 170 41 48881;
1706 3870 41 39 J.
1786 3870 58 38 H.
1885 3868 257 42 Robinson.

236 3920 112 40 New
376 3923 141 43 York,
545 3925 92 38 and
668 3924 199 40 Charles
894 3925 52 39 A.
977 3925 172 48 Beard,
1180 3926 114 39 New
1325 3925 213 48 Milford,
1568 3926 128 41 Conn.

245 3975 244 52 (32-6913)
