2563 4368
1388 4087 100 49 602

429 477 224 67 Burtis,
682 478 317 55 Thomson.

428 552 1968 148 Flying blood, by Thomson Burtis … New York, The Fiction league, 1932.
498 704 85 40 287
613 715 43 36 p.
716 703 56 40 19½ᶜᵐ.

436 772 50 51 ©
521 775 112 48 Apr.
665 775 40 46 4,
738 773 113 41 1932;
911 774 66 40 2c.
1010 774 113 47 Apr.
1154 774 82 46 27;
1273 773 81 40 aff.
1387 773 111 48 Apr.
1532 773 83 47 28;
1650 774 39 39 A
1721 772 171 47 49754;
1928 774 238 41 Jacobsen
2200 774 109 48 pub.
2343 784 81 37 co.,
503 830 91 42 inc.
664 831 279 47 (32-11204)

435 933 267 65 Callcott,
731 935 137 52 Mrs.
898 935 172 63 Mary
1098 934 348 63 Stevenson,
1478 938 171 50 1894-

501 1011 320 68 Principles
853 1011 66 54 of
946 1011 171 54 social
1151 1010 344 69 legislation,
1525 1011 76 67 by
1631 1010 172 69 Mary
1838 1010 309 57 Stevenson
2183 1010 246 56 Callcott

493 1088 1937 70 … in collaboration with Willoughby C. Waterman … New
432 1167 1199 68 York, The Macmillan company [ᶜ19 32]
498 1241 98 47 xix,
617 1240 88 41 416
725 1252 43 37 p.
828 1240 58 42 19½ᶜᵐ.

503 1297 349 49 Bibliography
879 1300 53 39 at
955 1298 92 40 end
1073 1297 53 41 of
1151 1298 118 40 each
1296 1297 214 48 chapter.

439 1364 1715 107 © Apr. 5, 1932; 2c. and aff. Apr. 6; A 50542; Macmillan co., (32-11041)
436 1526 316 64 Campbell,
782 1526 257 55 Thomas
1069 1527 245 62 Donald,
1348 1532 170 50 1882-

504 1604 224 67 Russia,
750 1605 224 53 market
995 1623 62 35 or
1081 1604 260 54 menace?
1420 1606 90 67 By
1532 1606 248 52 Thomas
1803 1605 73 53 D.
1897 1604 314 69 Campbell.
435 1604 1969 144 London,

593 1682 1544 69 New York [etc.] Longmans, Green and co., 1932.
536 1756 1083 49 x p., 1 l., 148 p. front., plates, ports. 21 ᶜᵐ.
504 1813 139 47 Maps
664 1822 59 30 on
744 1811 362 50 lining-papers.

506 1868 229 41 “Printed
761 1868 48 40 in
835 1870 82 39 the
943 1868 177 42 United
1150 1870 161 40 States
1338 1869 52 41 of
1413 1867 266 42 America.”

443 1935 50 51 ©
521 1939 112 47 Apr.
662 1940 67 46 13,
758 1938 112 41 1932;
924 1939 68 42 2c.
1018 1939 111 48 Apr.
1158 1940 52 38 21;
1269 1939 82 40 aff.
1379 1940 112 47 Apr.
1519 1940 55 38 22;
1631 1940 39 39 A
1698 1938 142 41 50961;
1899 1940 285 48 Longmans,
2214 1939 154 41 Green
2397 1939 37 40 &

509 2007 68 28 co.
647 1995 279 48 (32-11046)

440 2098 343 65 Carpenter,
814 2098 226 55 Gilbert
1071 2099 298 66 Congdon,
1401 2106 170 49 1896-

507 2174 304 62 Questions
846 2177 112 51 and
993 2196 244 33 answers
1271 2196 72 32 on
1379 2176 294 54 Christian
1707 2177 211 52 science
1952 2196 59 34 as
2046 2177 280 67 prepared
2358 2177 76 67 by

437 2250 225 56 Gilbert
690 2252 62 55 C.
782 2253 333 68 Carpenter,
1140 2254 89 67 jr.,
1294 2297 9 8 C.
1364 2296 9 10 S.
1439 2295 29 25 B.,
1496 2254 337 54 Committee
1860 2273 71 33 on
1960 2253 351 69 publication
2340 2253 93 53 for

438 2330 1995 70 Rhode Island … [Tiverton, R. I., Newport county sentinel,
494 2411 119 65 ᶜ1 932]
510 2481 384 50 126, [2] p. 19 ᶜᵐ.
511 2539 183 39 “These
724 2538 249 48 questions
1005 2540 94 39 and
1134 2549 215 31 answers
1381 2549 126 30 were
1537 2539 257 41 furnished
1825 2539 120 40 with
1977 2540 81 39 the
2090 2538 116 41 kind
440 2538 1975 98 permission
576 2596 53 39 of
659 2596 82 39 the

773 2595 250 41 Christian
1057 2595 185 41 science
1272 2596 150 40 board
1455 2596 52 40 of
1537 2595 279 42 directors.”

512 2652 128 40 “The
662 2652 251 48 following
936 2652 295 47 twenty-five
1254 2652 259 48 Questions
1536 2653 95 39 and
1655 2663 215 30 answers
1892 2662 60 31 on
1976 2651 249 42 Christian
2249 2650 184 42 science

441 2710 241 47 appeared
709 2709 49 39 in
787 2710 81 39 the
894 2709 228 47 Newport
1149 2711 177 45 county
1353 2708 206 41 sentinel
1586 2709 127 40 from
1742 2710 126 39 June
1894 2708 169 41 fourth
2091 2711 49 38 to
2165 2708 268 40 November

440 2766 295 47 nineteenth,
763 2766 223 40 nineteen
1012 2766 219 39 hundred
1258 2767 94 38 and
1379 2765 154 48 thirty
1558 2765 131 41 one.”

449 2835 50 51 ©
529 2839 120 38 Mar.
678 2838 68 43 25,
775 2837 139 44 1932;
942 2836 66 40 2c.
1038 2837 112 47 Apr.
1177 2837 81 45 13;
1289 2836 80 40 aff.
1399 2837 112 47 May
1538 2838 52 44 6;
1622 2836 39 39 A
1687 2835 170 48 49509;
1890 2837 54 40 G.
1973 2836 50 42 C.
2052 2836 278 48 Carpenter,
2359 2835 74 48 jr.,

515 2896 132 39 West
675 2893 308 48 Barrington,
1013 2894 54 39 R.
1097 2895 35 37 I.
1204 2893 279 48 (32-11009)

445 2996 343 64 Carpenter,
816 2998 138 51 Mrs.
984 2995 185 55 Grace
1206 2996 160 64 (Van
1394 2996 331 65 Wagenen)
1763 3001 190 50 1880-

513 3072 242 53 Friends
784 3072 64 52 of
876 3073 96 52 the
1000 3074 157 65 road,
1184 3073 74 68 by
1288 3072 182 55 Grace
1500 3072 343 69 Carpenter;
1878 3072 137 53 with
2047 3071 283 54 foreword
2359 3072 73 67 by

443 3148 1990 71 the Right Reverend Arthur Seiden Lloyd … New York,
443 3227 817 67 E. S. Gorham, inc. [ ᶜ1 932 ]
514 3301 432 49 6 p. l., 73 p. 20½ᶜᵐ.
451 3369 50 51 ©
537 3374 120 38 Mar.
693 3374 67 45 17,
796 3371 111 41 1932;
970 3371 66 39 2c.
1071 3373 94 38 and
1200 3371 82 41 aff.
1316 3373 121 39 Mar.
1470 3372 54 38 22;
1589 3372 39 39 A
1660 3372 143 40 49237;
1870 3372 51 40 G.
1958 3373 278 46 Carpenter,
2273 3370 158 43 Rome,

517 3430 56 41 N.
601 3431 52 37 Y.
723 3428 279 48 (32-11011)

448 3530 251 65 Chacko,
731 3528 471 58 Chirakaikaran
1228 3532 240 64 Joseph,
1500 3536 169 50 1899-

514 3610 121 51 The
686 3608 420 53 International
1159 3609 151 67 joint
1360 3609 357 53 commission
1770 3610 247 54 between
2071 3608 97 54 the
2219 3604 213 58 United

447 3685 187 54 States
665 3686 64 51 of
757 3685 265 52 America
1055 3686 112 52 and
1198 3686 95 52 the
1325 3686 294 52 dominion
1650 3685 65 53 of
1746 3686 253 66 Canada,
2029 3686 75 66 by
445 3682 1963 132 Chirakaikaran

672 3760 1761 70 Joseph Chacko … New York, Columbia university
447 3857 182 49 press;
657 3839 257 68 London,
939 3840 64 52 P.
1031 3838 57 56 S.
1115 3840 161 66 King
1300 3841 46 51 &
1371 3857 118 47 son,
1514 3840 122 63 ltd.,
1663 3842 149 50 1932.

513 3908 1914 53 431 p. fold. map. 23 ᶜᵐ. (Half-title: Studies in history, economics and
446 3966 160 48 public
628 3969 108 45 law,
758 3968 74 40 ed.
855 3968 61 47 by
939 3969 81 39 the
1045 3968 204 48 Faculty
1275 3967 53 42 of
1348 3967 216 49 political
1589 3968 185 41 science
1798 3968 52 41 of
1876 3966 248 42 Columbia
2149 3965 280 47 university,

442 4032 74 32 no.
537 4023 111 50 858)
