2563 4368
1303 4062 134 53 1722

378 445 303 65 Marshall,
713 447 157 53 Leon
904 444 241 68 Carroll,
1180 447 171 56 1879-

449 524 404 67 Comparative
897 523 241 68 judicial
1184 523 262 53 criminal
1492 521 300 56 statistics:
1838 523 88 54 six
1970 526 191 66 states,
2207 526 161 66 1931;

378 601 95 53 the
506 604 187 51 courts
727 599 64 54 of
823 602 228 66 general
1085 600 262 53 criminal
1379 598 364 70 jurisdiction
1778 600 63 54 of
1874 599 168 70 Ohio,
2076 601 138 54 New
378 600 1971 145 Jersey,

520 679 175 66 Iowa,
723 679 329 66 Maryland,
1080 678 200 53 Rhode
1309 678 199 53 Island
1539 679 113 52 and
1679 677 315 68 Delaware,
2021 677 76 69 by
2124 679 155 53 Leon
2309 677 63 57 C.

378 754 298 67 Marshall,
705 754 140 53 with
878 755 95 53 the
1004 754 302 53 statistical
1338 754 302 54 assistance
1672 754 64 54 of
1766 754 148 54 Elva
1944 755 65 53 L.
2041 754 331 68 Marquard.

379 833 332 66 Baltimore,
736 833 120 53 The
883 832 185 54 Johns
1093 831 269 68 Hopkins
1389 850 173 50 press,
1591 834 150 53 1932.

448 904 670 50 viii, 61 p. diagrs. 23 ᶜᵐ .
449 962 251 41 Half-title:
770 961 154 48 Study
960 961 51 40 of
1045 960 205 49 judicial
1286 960 398 40 administration
1720 962 51 38 in
1807 960 137 43 Ohio.

449 1018 242 41 Editorial
718 1018 242 40 foreword
988 1017 167 48 signed:
1214 1017 51 40 L.
1295 1017 50 41 C.
1374 1017 252 45 Marshall,
1656 1017 60 40 H.
1746 1018 52 39 E.
1826 1018 221 40 Yntema.

384 1073 51 52 ©
465 1076 101 40 Oct.
626 1106 8 17 8,
663 1075 140 47 1932;
833 1074 67 41 2c.
929 1076 95 38 and
1053 1073 81 41 aff.
1165 1073 102 41 Oct.
1296 1075 55 39 17;
1408 1074 40 38 A
1477 1073 170 48 56516;
1679 1073 154 41 Johns
1863 1074 221 48 Hopkins
2113 1085 148 38 press.

458 1130 279 50 (32-32739)

379 1237 386 62 Masterman,
795 1234 226 54 Walter
1049 1234 58 54 S.

448 1308 1924 70 The nameless crime, by Walter S. Masterman … New
379 1388 180 68 York,
585 1388 68 53 E.
682 1388 65 53 P.
775 1387 224 53 Dutton
1026 1387 45 50 &
1098 1405 97 50 co.,
1223 1386 107 54 inc.
1406 1389 133 51 [ᶜ1932]

449 1459 649 50 4 p. l., 13-320 p. 19½ᶜᵐ.
448 1516 73 42 On
545 1520 98 45 t.-p.:
702 1517 187 40 Dutton
915 1517 103 40 clue
1046 1518 229 44 mystery.

449 1574 162 41 “First
640 1572 227 42 edition.”

383 1628 51 52 ©
463 1632 118 40 Nov.
608 1632 68 44 17,
705 1630 113 41 1932;
874 1630 69 41 2c.
971 1632 95 38 and
1094 1630 82 40 aff.
1205 1630 117 41 Nov.
1351 1629 58 41 19;
1463 1630 42 39 A
1533 1630 143 41 57161;
1734 1632 71 40 W.
1839 1631 44 41 S.
1913 1633 313 48 Masterman,
441 1634 1915 95 London.
620 1687 279 49 (32-32768)

378 1789 332 67 Matheson,
739 1790 240 64 Robert,
1011 1794 170 50 1881-

447 1864 1923 73 Medical entomology, by Robert Matheson … Springfield,
377 1944 113 67 Ill.,
515 1943 333 67 Baltimore,
873 1943 139 67 Md.,
1038 1942 62 55 C.
1129 1940 63 57 C.
1218 1942 266 68 Thomas,
1510 1944 150 53 1932.

449 2014 1523 50 xii p., 1 l., 489 p. front. (6 port.) illus., diagrs. 24ᶜᵐ.
381 2071 1971 98 “No attempt is made … to treat any phase of these biological problems
532 2131 171 45 except
739 2129 80 40 the
859 2127 318 48 relationship
1217 2127 52 40 of
1305 2129 292 47 arthropods
1635 2131 48 38 to
1723 2130 181 39 human
1944 2128 427 44 disease.”—Pref.

450 2184 346 41 “References”
825 2187 52 38 at
904 2186 91 39 end
1022 2184 52 40 of
1099 2184 119 40 each
1243 2185 213 45 chapter.

378 2237 51 52 ©
463 2242 102 40 Oct.
595 2243 40 46 1,
667 2241 112 41 1932;
841 2241 67 42 2c.
942 2242 100 40 Oct.
1076 2241 56 41 27;
1193 2241 80 40 aff.
1307 2242 116 39 Nov.
1457 2242 25 40 3;
1545 2243 40 38 A
1617 2242 146 41 55839;
1824 2243 201 41 Charles
2059 2244 47 41 C,
2142 2244 223 40 Thomas.

453 2298 278 48 (32-32756)

379 2403 261 63 Mazane,
671 2401 299 67 François.

509 2477 1480 70 … L’amarre, roman. Paris, L. Querelle [ᶜ1932]
447 2550 812 51 4 p. l., [11]-237 p., 1 l. 18½ᶜᵐ.
378 2605 1819 52 © July 19, 1932; 1c. Sept. 12; A—Foreign 18049; Louis Querelle.
455 2665 278 48 (32-32795)

379 2771 212 63 Moats,
620 2770 137 51 Mrs.
786 2769 192 52 Leone
1004 2769 67 54 B.

449 2846 274 52 Thunder
757 2845 59 51 in
851 2845 151 52 their
1033 2844 186 66 veins;
1259 2864 31 33 a
1323 2845 236 53 memoir
1594 2846 64 52 of
1693 2847 239 67 Mexico,
1967 2847 75 68 by
2077 2849 184 54 Leone
2297 2852 67 50 B.

379 2922 216 68 Moats;
647 2923 190 52 edited
887 2924 72 67 by
1007 2923 223 52 Russell
1278 2924 172 52 Lord.
1525 2924 137 53 New
1713 2926 180 66 York,
1939 2927 258 67 London,
2244 2927 121 53 The

381 3002 584 66 Century co. [ ᶜ1932]
449 3072 1415 53 ix, 279 p. incl. front. plates, ports. 21½ᶜᵐ. $2.75
449 3130 141 46 Maps
616 3139 61 30 on
703 3128 362 49 lining-papers.

379 3183 51 52 ©
456 3187 118 39 Nov.
599 3188 39 46 1,
665 3186 113 40 1932;
833 3186 65 41 2c.
927 3188 95 39 and
1049 3186 81 42 aff.
1157 3188 117 40 Nov.
1301 3188 55 39 16;
1411 3189 41 39 A
1479 3189 141 41 57082;
1680 3191 211 48 Century
1919 3203 67 30 co.

458 3242 278 50 (32-32892)

379 3348 304 64 Mottram,
713 3346 190 64 Ralph
933 3347 165 54 Hale.

450 3423 225 52 Dazzle.
773 3429 81 61 [pt.
881 3426 50 61 2,
956 3424 181 66 chap.]
1172 3427 81 65 11,
1280 3431 80 61 pt.
1389 3429 48 63 3,
1470 3427 198 68 [chap.]
1703 3430 81 50 12.

457 3497 83 48 (In
565 3493 230 43 Windsor
823 3494 274 51 magazine,
1127 3494 121 52 Oct.,
1281 3496 144 50 1932)

384 3548 1981 58 © 1c. Nov. 28, 1932; A ad int. 17228; pubd. Sept. 27; R. H. Mottram.
452 3610 169 46 Eaton,
648 3609 239 47 Norwich,
916 3610 235 46 England.

381 3709 279 52 National
690 3710 343 52 conference
1063 3710 63 52 of
1153 3711 220 52 Jewish
1404 3713 178 53 social
1611 3714 242 55 service.

453 3786 1906 75 Proceedings … at the annual session held in Philadelphia,
382 3862 1721 73 Pa., May 12-17, 1932 … [New York] The National
382 3870 1956 123 conference
539 3942 63 51 of
630 3943 215 51 Jewish
874 3942 170 53 social
1073 3942 226 68 service,
1331 3948 150 50 1932.
