2563 4368
1136 4009 97 49 139

252 483 100 39 The
389 482 222 45 writings
650 480 53 40 of
739 478 202 41 Charles
983 477 234 48 Spalding
1253 477 160 47 Wylly
1452 486 84 31 are
1575 474 156 48 freely
1771 475 177 47 quoted
1989 473 49 40 in
2079 474 99 40 this

183 539 142 39 work.
387 539 62 46 cf.
480 537 273 41 Foreword.

252 594 374 47 Bibliography:
654 602 44 38 p.
729 590 247 52 [277]-278.

187 662 51 52 ©
267 667 110 38 Feb.
403 664 40 48 2,
471 663 116 41 1932;
640 663 66 40 2c.
736 665 93 38 and
860 662 82 43 aff.
970 661 111 41 Feb.
1108 660 26 40 9;
1192 661 40 39 A
1258 659 145 42 48397;
1463 660 49 41 C.
1583 690 7 8 C.
1620 660 179 47 Lovell,
1829 656 353 50 Birmingham,

255 724 102 37 Ala.
430 720 279 49 (32-26090)

182 824 206 67 [Lunn,
418 824 179 62 Hugh
627 820 336 69 Kingsmill]
1000 827 172 49 1889-
1383 823 85 52 ed.

249 897 120 55 The
400 906 172 46 worst
603 897 63 53 of
695 900 141 64 love,
870 915 71 34 an
975 895 310 69 anthology
1317 894 207 69 edited,
1556 894 141 54 with
1731 901 304 46 comments
2069 891 112 55 and

177 972 2002 72 an introduction, by Hugh Kingsmill [pseud.] … illustrated in
183 1056 165 52 black
373 1056 112 51 and
511 1055 173 52 white
709 1055 75 67 by
809 1054 230 53 Nicolas
1066 1055 259 66 Bentley.
1400 1051 260 70 London,
1684 1053 154 66 Eyre
1866 1051 114 53 and
183 1052 1972 135 Spottiswoodie

507 1132 241 68 limited,
778 1135 152 50 1931.

255 1207 97 42 xxi,
383 1206 98 48 241,
516 1207 54 48 [1]
602 1217 42 36 p.
675 1206 110 39 incl.
815 1206 165 46 front.,
1010 1205 129 39 illus.
1197 1203 57 41 19ᶜᵐ.

188 1272 1997 51 © 1c. Jan. 9, 1932; A ad int. 15997; pubd. Nov. 10, 1931; Henry Holt &
255 1344 81 33 co.,
369 1334 67 38 inc.,
507 1334 116 39 New
653 1333 142 39 York.
868 1332 250 47 (32-4538)

180 1436 269 64 Mackail,
477 1436 185 53 Denis
688 1436 246 63 George.

247 1513 238 55 David’s
546 1515 129 65 day,
735 1514 73 67 by
867 1514 178 54 Denis
1105 1514 268 53 Mackail.
1449 1515 259 64 London,
1767 1514 242 53 Hodder
2068 1515 114 53 and

182 1590 341 68 Stoughton,
559 1592 150 50 1932.

249 1660 273 50 352 p. 19 ᶜᵐ.
187 1730 1996 52 © 1c. Feb. 8, 1932; A ad int. 16048; pubd. Feb. 2; D. G. Mackail, London.
265 1790 252 51 (32-4909)

180 1894 308 54 Marinello
516 1911 307 48 company.

253 1971 121 52 The
419 1970 213 53 science
678 1969 64 54 of
786 1970 346 68 beautistry;
1183 1969 200 54 official
1430 1969 271 54 textbook
1748 1970 295 68 approved
2090 1968 93 55 for

183 2067 97 34 use
313 2048 61 52 in
411 2049 78 51 all
526 2048 96 51 the
658 2047 258 53 national
952 2047 219 53 schools
1208 2047 65 54 of
1309 2046 391 55 cosmeticians
1739 2047 268 54 affiliated
2043 2048 141 52 with

185 2125 322 53 Marinello.
579 2125 138 53 New
757 2124 180 69 York,
973 2125 122 53 The
1133 2125 275 53 National
1445 2125 192 54 school
1676 2125 63 54 of
1778 2125 407 68 cosmeticians,

183 2204 125 64 inc.,
339 2206 150 49 1932.

251 2272 1519 52 xi, 502 p. incl. illus., pl., diagrs. front. (facsim.) 19½ᶜᵐ.
252 2331 333 48 Frontispiece
612 2331 342 47 accompanied
980 2330 61 47 by
1070 2332 155 46 guard
1253 2331 136 40 sheet
1418 2331 118 41 with
1565 2331 292 47 descriptive
1885 2331 298 48 letterpress.

250 2388 376 47 Bibliography:
658 2397 42 38 p.
732 2386 100 42 490.

192 2455 51 52 ©
279 2461 110 39 Feb.
423 2460 40 47 2,
497 2459 114 41 1932;
673 2459 67 40 2c.
774 2460 96 39 and
904 2459 81 39 aff.
1023 2459 109 40 Feb.
1169 2459 28 40 6;
1257 2460 41 38 A
1330 2459 145 41 48321;
1539 2460 233 40 National
1806 2460 163 41 school
2004 2460 55 41 of
257 2470 1914 94 cosmeticians,
559 2517 90 40 inc.
721 2515 251 50 (32-3983)

180 2620 196 63 Miley,
411 2620 150 54 Cora
594 2621 68 55 E.

256 2694 417 70 Outdoorland,
703 2695 76 69 by
813 2697 148 55 Cora
992 2695 197 69 Miley.
1266 2696 322 55 Oklahoma
1625 2695 153 71 City,
1812 2697 185 68 Okla.,
184 2699 1977 128 Harlow

320 2773 335 69 publishing
683 2792 297 50 company.
1011 2777 149 51 1932.

254 2846 854 49 2 p. l ., 172 p. front., illus. 20ᶜᵐ.
193 2913 51 52 ©
275 2918 110 41 Jan.
414 2917 69 48 25,
514 2916 140 49 1932;
685 2917 66 41 2c.
784 2921 93 37 and
909 2917 81 41 aff.
1022 2919 110 40 Jan.
1161 2916 83 49 29;
1277 2918 40 39 A
1346 2917 172 48 47283;
1552 2919 202 39 Harlow
1785 2918 109 49 pub.
1925 2930 66 30 co.

270 2974 250 48 (32-3714)

181 3078 408 65 Muggeridge,
617 3078 289 56 Malcolm.

319 3154 1861 68 … Autumnal face. London and New York, Putnam [1931]
255 3227 381 51 286, [1] p. 19 ᶜᵐ.
192 3294 1979 109 © 1c. Jan. 23, 1932; A ad int. 16036; pubd. Nov. 25, 1931; M. Muggeridge,
506 3357 320 46 Manchester,
868 3357 235 47 England.
1174 3355 251 50 (32-4566)

185 3457 278 66 Mulford,
494 3459 276 54 Clarence
803 3460 272 64 Edward,
1109 3465 171 50 1883-

257 3533 276 68 Mesquite
587 3533 258 70 Jenkins,
895 3535 387 68 tumbleweed,
1334 3536 74 67 by
1463 3534 269 56 Clarence
1783 3535 69 53 E.
1905 3533 281 54 Mulford.

188 3609 227 55 Garden
455 3610 151 69 City,
643 3611 69 52 N.
753 3612 90 68 Y.,
879 3612 353 69 Doubleday,
1267 3612 197 52 Doran
1502 3616 51 50 &
1591 3630 296 50 company,
187 3612 1972 141 incorporated,
393 3691 149 49 1932.

254 3757 473 49 3 p. l ., 321 p. 20ᶜᵐ.
257 3813 163 42 “First
452 3814 226 41 edition.”

194 3882 50 51 ©
271 3887 108 38 Feb.
406 3889 68 42 18,
497 3887 119 40 1932;
667 3888 65 39 2c.
761 3891 93 37 and
882 3888 83 40 aff.
991 3889 109 40 Feb.
1127 3888 58 40 26;
1238 3889 40 39 A
1303 3889 143 40 47852;
1504 3888 47 42 C.
1580 3890 51 40 E.
1661 3890 230 47 Mulford,
1920 3887 263 50 Fryeburg,

262 3945 87 39 Me.
421 3944 279 50 (32-26153)
