2563 4368
1403 4065 102 52 376

438 528 73 68 by
555 527 219 70 George
817 529 113 53 and
972 528 211 56 Muriel
1228 530 360 70 Humphrey,
1631 532 141 53 with
1816 551 73 34 an
1931 531 387 55 introduction
2359 533 72 69 by

438 603 218 71 George
707 606 356 69 Humphrey.
1151 607 137 54 New
1343 606 179 70 York,
1570 608 257 69 London,
1877 609 121 52 The
2051 608 252 70 Century
2355 627 77 35 co.

516 686 101 49 [ ᶜ1 932]
507 753 1927 56 xxiv, 104 p. front. (port.) 20 ½ᶜᵐ. (The Century psychology series;
438 810 56 43 R.
527 811 62 41 M.
623 810 187 49 Elliott,
842 810 184 49 editor)
1149 810 132 51 $1.25

511 867 131 40 “The
675 870 197 45 present
904 867 296 42 translation
1235 871 88 38 has
1359 869 119 40 been
1514 871 141 39 made
1688 870 127 40 from
1854 872 81 40 the
1971 871 247 49 reprinted
2253 873 181 41 edition

438 923 1319 50 of 1894 … which is now out of print.”—Introd.
445 980 52 51 ©
525 985 121 41 Mar.
672 984 39 46 8,
739 983 141 48 1932;
908 984 67 42 2c.
1003 986 94 39 and
1126 983 81 40 aff.
1237 984 121 41 Mar.
1386 983 82 49 10;
1497 984 40 39 A
1563 983 172 49 49040;
1767 985 212 50 Century
2008 996 66 31 co.

522 1041 252 48 (32-7578)

441 1143 512 68 Joseph-Renaud,
981 1146 168 65 Jean,
1180 1146 172 55 1874-

573 1220 1868 73 … New-York flamboie; preface d’André Tardieu. Paris,
441 1299 298 68 Fasquelle
776 1301 173 66 [1931]

509 1370 276 50 200 p. 19 ᶜᵐ.
511 1428 62 41 At
601 1429 126 40 head
753 1429 53 40 of
832 1429 108 41 title:
1000 1430 42 40 J.
1073 1429 420 48 Joseph-Renaud.

447 1482 1994 57 © Oct. 23, 1931; 1c. Dec. 17; A—Foreign 14879; J. Joseph-Renaud,
518 1544 152 42 Paris.
741 1544 250 48 (32-7875)

449 1646 288 68 [Keckeis,
770 1649 249 68 Gustav]
1057 1654 170 51 1884-

513 1725 256 53 Himmel
806 1726 137 53 über
980 1728 401 54 wanderndem
1417 1730 160 66 sand,
1613 1728 352 55 oasenbriefe
2004 1748 110 35 von
2149 1731 292 55 Johannes

443 1802 1770 74 Muron [pseud.] München, J. Kösel & F. Pustet [ ᶜ1 931]
514 1878 97 49 154,
647 1880 55 49 [1]
736 1889 43 37 p.
839 1878 57 41 19ᶜᵐ.

449 1929 1996 58 © Sept. 30, 1931; 1c. N ov . 30; A— Foreign 14625; Josef Kösel &
519 1991 250 41 Friedrich
800 1993 182 40 Pustet.
1054 1993 250 48 (32-7786)

446 2082 549 65 Langdon-Davies,
1024 2083 175 57 John.

510 2156 141 53 Man
690 2175 181 35 comes
911 2160 63 50 of
1015 2178 120 49 age,
1173 2161 74 67 by
1287 2162 156 54 John
1483 2163 538 65 Langdon-Davies.
2097 2163 139 55 New
2278 2163 163 54 York

442 2233 113 54 and
580 2234 259 67 London,
867 2234 233 67 Harper
1125 2239 47 48 &
1197 2237 276 62 brothers,
1494 2242 161 51 1932.

551 2303 634 53 x, 265, [1] p. diagr. 24½ ᶜᵐ.
517 2363 162 41 “First
708 2363 229 41 edition.”

518 2419 198 41 London
750 2419 186 41 edition
981 2418 86 49 (H.
1103 2419 269 48 Hamilton,
1407 2420 111 48 ltd.)
1564 2421 90 39 has
1689 2419 136 41 title:
1866 2417 194 43 Science
2096 2418 97 41 and
2227 2427 217 31 common

446 2489 153 31 sense.

797 2533 130 49 CONTENTS.—pt.
961 2540 33 34 I.
1028 2534 101 40 The
1163 2533 152 41 world
1351 2533 52 40 of
1435 2532 324 49 reality.—pt.
1793 2539 54 34 II.
1880 2533 101 40 The
2016 2532 152 40 world
2203 2532 52 41 of
2287 2532 159 40 make-

446 2591 195 43 believe.

455 2645 51 52 ©
543 2650 111 40 Feb.
688 2650 39 47 3,
764 2647 141 48 1932;
941 2649 66 38 2c.
1044 2648 110 40 Feb.
1189 2648 53 46 3;
1281 2646 82 44 aff.
1400 2647 109 39 Feb.
1546 2646 52 47 6;
1637 2646 39 40 A
1711 2646 143 41 48871;
1920 2646 44 42 J.
2001 2643 445 51 Langdon-Davies,

523 2707 117 39 New
673 2706 144 40 York.
887 2704 251 49 (32-7488)

452 2796 181 66 Lapp,
660 2797 154 54 John
842 2797 333 64 Augustus,
1206 2799 170 52 1880-

521 2867 1923 72 The American citizen. Rev. ed. By John A. Lapp … New
454 2950 179 67 York,
659 2950 120 52 The
803 2948 333 53 Macmillan
1163 2965 294 51 company,
1486 2951 149 51 1932.

557 3052 9 16 x,
596 3020 85 41 303
711 3031 42 38 p.
812 3021 127 41 illus.
998 3019 56 41 19½ᶜᵐ.

523 3078 189 40 “Books
744 3077 79 40 for
858 3075 330 49 comparative
1220 3076 175 47 study”:
1460 3087 43 37 p.
1540 3076 113 50 [295]

460 3133 51 52 ©
542 3139 121 39 Mar.
691 3138 69 47 15,
789 3136 139 47 1932;
959 3137 66 39 2c.
1055 3137 95 39 and
1179 3136 81 38 aff.
1291 3136 122 39 Mar.
1443 3135 82 47 16;
1555 3136 41 38 A
1625 3133 168 49 50011;
1827 3135 280 40 Macmillan
2135 3145 67 30 co.

537 3194 250 49 (32-7477)

456 3283 253 66 Loomis,
739 3283 207 54 Elisha
973 3283 185 66 Scott,
1191 3288 171 50 1852-

526 3359 164 55 Some
720 3366 233 47 account
981 3358 62 52 of
1070 3358 177 54 Jacob
1278 3357 386 69 Oberholtzer,
1691 3358 127 53 who
1849 3357 219 68 settled,
2097 3357 171 54 about
2299 3354 151 70 1719,

457 3436 59 53 in
565 3435 320 55 Franconia
937 3435 302 69 township,
1289 3436 398 68 Montgomery
1739 3441 223 63 county,
2012 3432 438 71 Pennsylvania,

457 3514 112 52 and
591 3513 65 53 of
676 3532 148 34 some
846 3512 64 54 of
929 3513 89 53 his
1041 3512 368 54 descendants
1432 3513 61 53 in
1515 3511 281 69 America,
1818 3512 75 68 by
1916 3512 200 53 Elisha
2142 3510 56 55 S.
2224 3509 226 55 Loomis

520 3590 700 70 … Cleveland, O, 1931.
525 3662 993 49 412 p., 1 l. front., plates, ports. 23½ᶜᵐ.
527 3718 227 41 Lettered
784 3729 59 30 on
874 3727 167 32 cover:
1071 3718 150 41 Jacob
1251 3718 314 42 Oberholtzer
1594 3719 276 48 genealogy.

533 3778 132 39 Each
696 3778 131 47 plate
860 3777 338 48 accompanied
1233 3778 59 47 by
1325 3779 154 46 guard
1513 3778 135 40 sheet
1681 3776 119 41 with
1834 3776 290 49 descriptive
2156 3778 297 47 letterpress.

535 3834 145 40 “This
707 3834 181 40 edition
914 3835 44 39 is
982 3833 187 41 limited
1196 3836 48 38 to
1271 3834 89 40 300
1383 3834 261 40 numbered
1672 3834 173 48 copies,
1873 3834 52 40 of
1951 3833 157 41 which
2138 3832 97 42 this
2261 3831 123 42 book
2410 3830 42 42 is

464 3900 72 31 no.
567 3890 66 41 1.”

467 3942 52 52 ©
548 3948 121 39 Mar.
698 3948 41 45 4,
767 3946 139 48 1932;
938 3947 67 41 2c.
1037 3948 119 39 Mar.
1187 3945 53 49 9;
1273 3946 81 41 aff.
1386 3948 119 39 Mar.
1538 3947 51 48 8;
1622 3947 42 39 A
1692 3946 169 48 46850;
1895 3947 51 39 E.
1981 3946 44 42 S.
2057 3945 203 48 Loomis,
532 3945 1901 98 Cleveland.
731 4002 249 50 (32-7468)
