<alto xmlns="http://www.loc.gov/standards/alto/ns-v3#" xmlns:xlink="http://www.w3.org/1999/xlink" xmlns:xsi="http://www.w3.org/2001/XMLSchema-instance" xsi:schemaLocation="http://www.loc.gov/standards/alto/ns-v3# http://www.loc.gov/alto/v3/alto-3-0.xsd"><Description>
<MeasurementUnit>pixel</MeasurementUnit>
<sourceImageInformation>
<fileName>1932_v29_part001.pdf</fileName>
</sourceImageInformation>
<OCRProcessing ID="IdOcr">
<ocrProcessingStep>
<processingDateTime>2019-04-25</processingDateTime>
<processingSoftware>
<softwareCreator>ABBYY</softwareCreator>
<softwareName>ABBYY Recognition Server</softwareName>
<softwareVersion>4.0</softwareVersion>
</processingSoftware>
</ocrProcessingStep>
</OCRProcessing>
</Description>
<Styles>
<ParagraphStyle ID="StyleId-FFFFFFFF-FFFF-FFFF-FFFF-FFFFFFFFFFFF-" ALIGN="Left" LEFT="0." RIGHT="0." FIRSTLINE="0."/>
<ParagraphStyle ID="StyleId-547D96D3-B2DE-4E86-A4BD-9DDFC275973A-" ALIGN="Left" LEFT="0." RIGHT="0." FIRSTLINE="0." LINESPACE="7.699999809"/>
<ParagraphStyle ID="StyleId-BE433B82-DF6F-491A-9872-F562FF4150C8-" ALIGN="Block" LEFT="0." RIGHT="0." FIRSTLINE="-13." LINESPACE="7.900000095"/>
<ParagraphStyle ID="StyleId-CC286467-50C5-4655-B0CF-BA365CCE0736-" ALIGN="Block" LEFT="0." RIGHT="0." FIRSTLINE="-15." LINESPACE="8.479999542"/>
<ParagraphStyle ID="StyleId-9878414D-BEDB-487D-971A-CF5ADB5C4AD2-" ALIGN="Block" LEFT="0." RIGHT="0." FIRSTLINE="-14." LINESPACE="10.92000008"/>
<ParagraphStyle ID="StyleId-EBC70DE5-3635-4BD4-B07B-05DF6EFE0022-" ALIGN="Block" LEFT="0." RIGHT="0." FIRSTLINE="-13." LINESPACE="12.19999981"/>
<ParagraphStyle ID="StyleId-8A688F83-F017-4D5D-A00A-14637016ED45-" ALIGN="Left" LEFT="0." RIGHT="0." FIRSTLINE="0." LINESPACE="9.399999619"/>
<ParagraphStyle ID="StyleId-20F0BBAE-20C6-42F4-8113-00B5C02924DC-" ALIGN="Left" LEFT="0." RIGHT="0." FIRSTLINE="0." LINESPACE="11.10000038"/>
<ParagraphStyle ID="StyleId-7AA70148-8873-4ACB-90AE-BF9322E02302-" ALIGN="Left" LEFT="0." RIGHT="0." FIRSTLINE="-13." LINESPACE="11.09000015"/>
<ParagraphStyle ID="StyleId-072EF7BA-7207-4F8B-9A7C-F564E8B4CB16-" ALIGN="Left" LEFT="0." RIGHT="0." FIRSTLINE="-14." LINESPACE="12.19999981"/>
<ParagraphStyle ID="StyleId-44303D12-21D7-4DB0-9E9F-87FA1A861DD7-" ALIGN="Block" LEFT="0." RIGHT="0." FIRSTLINE="-14." LINESPACE="10.92000008"/>
<ParagraphStyle ID="StyleId-43CF0D44-8AC2-4CD0-865F-942C78705184-" ALIGN="Block" LEFT="0." RIGHT="0." FIRSTLINE="-13." LINESPACE="12.19999981"/>
<ParagraphStyle ID="StyleId-7A298A86-29F5-413A-AEC9-078A4CC464D7-" ALIGN="Block" LEFT="0." RIGHT="0." FIRSTLINE="13." LINESPACE="12.19999981"/>
<ParagraphStyle ID="StyleId-8E4E86F7-C1F9-4A1A-B605-6B1FC1C8E9F7-" ALIGN="Left" LEFT="0." RIGHT="0." FIRSTLINE="0." LINESPACE="11.60000038"/>
<ParagraphStyle ID="StyleId-AB39791B-5ED1-444F-BEF5-2CFED1F2709A-" ALIGN="Left" LEFT="0." RIGHT="0." FIRSTLINE="-13." LINESPACE="11.09000015"/>
<ParagraphStyle ID="StyleId-C1F2EEE7-CD00-4E11-9EAD-B222287AEDA4-" ALIGN="Center" LEFT="0." RIGHT="0." FIRSTLINE="0." LINESPACE="11.10000038"/>
</Styles>
<Layout>
<Page ID="Page1766" PHYSICAL_IMG_NR="1766" HEIGHT="4368" WIDTH="2563">
<TopMargin HEIGHT="446" WIDTH="2563" VPOS="0" HPOS="0">
</TopMargin>
<LeftMargin HEIGHT="3736" WIDTH="350" VPOS="446" HPOS="0">
</LeftMargin>
<RightMargin HEIGHT="3736" WIDTH="193" VPOS="446" HPOS="2370">
</RightMargin>
<BottomMargin HEIGHT="186" WIDTH="2563" VPOS="4182" HPOS="0">
</BottomMargin>
<PrintSpace HEIGHT="3736" WIDTH="2020" VPOS="446" HPOS="350">
<TextBlock ID="Page1766_Block1" HEIGHT="139" WIDTH="336" VPOS="4043" HPOS="1227" LANG="en-US" STYLEREFS="StyleId-ADCB524D-185C-40D1-AE14-1FED572B712F-">
<TextLine HEIGHT="55" WIDTH="133" VPOS="4064" HPOS="1296">
<String CONTENT="1766" HEIGHT="55" WIDTH="133" VPOS="4064" HPOS="1296"/>
</TextLine>
</TextBlock>
<TextBlock ID="Page1766_Block2" HEIGHT="3623" WIDTH="2020" VPOS="446" HPOS="350" CS="1" STYLEREFS="StyleId-2DB688C2-FFCD-4CB1-A533-C8F6C3B86A19-">
<Shape>
<Polygon POINTS="350,446 2370,446 2370,4002 1031,4002 1031,4069 350,4069 350,446"/>
</Shape>
<TextLine HEIGHT="70" WIDTH="1992" VPOS="456" HPOS="361" STYLEREFS="StyleId-ADCB524D-185C-40D1-AE14-1FED572B712F-" LANG="en-US">
<String LANG="de" CONTENT="North" HEIGHT="52" WIDTH="195" VPOS="459" HPOS="361"/>
<SP HEIGHT="51" WIDTH="30" VPOS="460" HPOS="557"/>
<String CONTENT="western" HEIGHT="48" WIDTH="238" VPOS="463" HPOS="588"/>
<SP HEIGHT="52" WIDTH="28" VPOS="458" HPOS="827"/>
<String CONTENT="digest." HEIGHT="69" WIDTH="200" VPOS="457" HPOS="856"/>
<SP HEIGHT="51" WIDTH="74" VPOS="458" HPOS="1057"/>
<String CONTENT="November," HEIGHT="55" WIDTH="334" VPOS="458" HPOS="1132"/>
<SP HEIGHT="52" WIDTH="31" VPOS="461" HPOS="1467"/>
<String CONTENT="1932," HEIGHT="64" WIDTH="151" VPOS="459" HPOS="1499"/>
<SP HEIGHT="47" WIDTH="29" VPOS="476" HPOS="1651"/>
<String CONTENT="cumulative" HEIGHT="54" WIDTH="343" VPOS="456" HPOS="1681"/>
<SP HEIGHT="50" WIDTH="28" VPOS="475" HPOS="2025"/>
<String CONTENT="pamphlet" HEIGHT="68" WIDTH="299" VPOS="457" HPOS="2054"/>
</TextLine>
<TextLine HEIGHT="68" WIDTH="1230" VPOS="536" HPOS="494" STYLEREFS="StyleId-ADCB524D-185C-40D1-AE14-1FED572B712F-" LANG="en-US" CS="1">
<String CS="1" CONTENT="&#8230;"/>
<SP HEIGHT="54" WIDTH="79" VPOS="537" HPOS="494"/>
<String CONTENT="St." HEIGHT="54" WIDTH="83" VPOS="537" HPOS="574"/>
<SP HEIGHT="50" WIDTH="26" VPOS="540" HPOS="658"/>
<String CONTENT="Paul." HEIGHT="53" WIDTH="164" VPOS="538" HPOS="685"/>
<SP HEIGHT="52" WIDTH="23" VPOS="539" HPOS="850"/>
<String CONTENT="West" HEIGHT="52" WIDTH="159" VPOS="539" HPOS="874"/>
<SP HEIGHT="62" WIDTH="25" VPOS="542" HPOS="1034"/>
<String CONTENT="publishing" HEIGHT="68" WIDTH="335" VPOS="536" HPOS="1060"/>
<SP HEIGHT="48" WIDTH="23" VPOS="555" HPOS="1396"/>
<String CONTENT="co." HEIGHT="35" WIDTH="77" VPOS="555" HPOS="1420"/>
<SP HEIGHT="34" WIDTH="33" VPOS="568" HPOS="1498"/>
<String STYLE="subscript" CONTENT="[" HEIGHT="34" WIDTH="12" VPOS="568" HPOS="1532"/>
<String STYLE="superscript" CS="1" CONTENT="&#7580;193"/>
<String CONTENT="2" HEIGHT="47" WIDTH="31" VPOS="539" HPOS="1675"/>
<String STYLE="subscript" CONTENT="]" HEIGHT="33" WIDTH="12" VPOS="569" HPOS="1712"/>
</TextLine>
<TextLine HEIGHT="48" WIDTH="329" VPOS="624" HPOS="431" LANG="en-US" CS="1">
<String CONTENT="172" HEIGHT="41" WIDTH="83" VPOS="624" HPOS="431"/>
<SP HEIGHT="48" WIDTH="27" VPOS="624" HPOS="515"/>
<String CONTENT="p." HEIGHT="37" WIDTH="42" VPOS="635" HPOS="543"/>
<SP HEIGHT="39" WIDTH="56" VPOS="624" HPOS="586"/>
<String CONTENT="24" HEIGHT="39" WIDTH="57" VPOS="624" HPOS="643"/>
<String STYLE="superscript" CS="1" CONTENT="&#7580;&#7504;"/>
<String CONTENT="." HEIGHT="9" WIDTH="8" VPOS="655" HPOS="752"/>
</TextLine>
<TextLine HEIGHT="51" WIDTH="1664" VPOS="691" HPOS="366" LANG="en-US" CS="1">
<String CONTENT="&#169;" HEIGHT="51" WIDTH="52" VPOS="691" HPOS="366"/>
<SP HEIGHT="51" WIDTH="25" VPOS="691" HPOS="419"/>
<String CONTENT="Nov." HEIGHT="39" WIDTH="117" VPOS="696" HPOS="445"/>
<SP HEIGHT="39" WIDTH="25" VPOS="696" HPOS="563"/>
<String CONTENT="4," HEIGHT="40" WIDTH="39" VPOS="696" HPOS="589"/>
<SP/>
<String CS="1" CONTENT="1932;"/>
<SP HEIGHT="41" WIDTH="26" VPOS="694" HPOS="798"/>
<String CONTENT="2c." HEIGHT="40" WIDTH="67" VPOS="694" HPOS="825"/>
<SP HEIGHT="30" WIDTH="25" VPOS="704" HPOS="893"/>
<String CONTENT="and" HEIGHT="37" WIDTH="94" VPOS="696" HPOS="919"/>
<SP HEIGHT="37" WIDTH="26" VPOS="696" HPOS="1014"/>
<String CS="1" CONTENT="aff." HEIGHT="39" WIDTH="49" VPOS="693" HPOS="1073"/>
<SP HEIGHT="38" WIDTH="27" VPOS="694" HPOS="1123"/>
<String CONTENT="Dec." HEIGHT="39" WIDTH="110" VPOS="694" HPOS="1151"/>
<SP HEIGHT="39" WIDTH="26" VPOS="694" HPOS="1262"/>
<String CS="1" CONTENT="15;" HEIGHT="39" WIDTH="55" VPOS="694" HPOS="1289"/>
<SP HEIGHT="41" WIDTH="27" VPOS="693" HPOS="1372"/>
<!-- cceid 10D82D34-6D7D-1014-B4A5-D7A31D17AB40 --><String CONTENT="A" HEIGHT="39" WIDTH="40" VPOS="693" HPOS="1400"/>
<SP HEIGHT="39" WIDTH="25" VPOS="693" HPOS="1441"/>
<String CS="1" CONTENT="58428;" HEIGHT="39" WIDTH="113" VPOS="692" HPOS="1467"/>
<SP HEIGHT="46" WIDTH="29" VPOS="693" HPOS="1637"/>
<String CONTENT="West" HEIGHT="40" WIDTH="132" VPOS="693" HPOS="1667"/>
<SP HEIGHT="44" WIDTH="26" VPOS="696" HPOS="1800"/>
<String CONTENT="pub." HEIGHT="48" WIDTH="107" VPOS="692" HPOS="1827"/>
<SP HEIGHT="29" WIDTH="28" VPOS="703" HPOS="1935"/>
<String CONTENT="co." HEIGHT="29" WIDTH="66" VPOS="703" HPOS="1964"/>
</TextLine>
<TextLine HEIGHT="65" WIDTH="553" VPOS="797" HPOS="362" STYLEREFS="StyleId-B8BF5EB7-60C2-4A4A-ADBA-C0064B16F9D2-" LANG="en-US">
<String CONTENT="Perrigault," HEIGHT="65" WIDTH="356" VPOS="797" HPOS="362"/>
<SP HEIGHT="65" WIDTH="28" VPOS="797" HPOS="719"/>
<String CONTENT="Jean." HEIGHT="55" WIDTH="167" VPOS="797" HPOS="748"/>
</TextLine>
<TextLine HEIGHT="69" WIDTH="1860" VPOS="869" HPOS="495" STYLEREFS="StyleId-ADCB524D-185C-40D1-AE14-1FED572B712F-" LANG="fr" CS="1">
<String LANG="en-US" CS="1" CONTENT="&#8230;"/>
<SP HEIGHT="54" WIDTH="49" VPOS="873" HPOS="495"/>
<String CONTENT="L&#8217;enfer" HEIGHT="53" WIDTH="231" VPOS="872" HPOS="545"/>
<SP HEIGHT="53" WIDTH="45" VPOS="872" HPOS="777"/>
<String CONTENT="des" HEIGHT="54" WIDTH="96" VPOS="872" HPOS="823"/>
<SP HEIGHT="34" WIDTH="44" VPOS="891" HPOS="920"/>
<String CONTENT="noirs;" HEIGHT="68" WIDTH="182" VPOS="870" HPOS="965"/>
<SP HEIGHT="48" WIDTH="49" VPOS="890" HPOS="1148"/>
<String CONTENT="cannibalisme" HEIGHT="57" WIDTH="401" VPOS="870" HPOS="1198"/>
<SP HEIGHT="37" WIDTH="46" VPOS="890" HPOS="1600"/>
<String CONTENT="et" HEIGHT="48" WIDTH="53" VPOS="876" HPOS="1647"/>
<SP HEIGHT="54" WIDTH="46" VPOS="869" HPOS="1701"/>
<String CONTENT="f&#233;tichisme" HEIGHT="56" WIDTH="318" VPOS="869" HPOS="1748"/>
<SP HEIGHT="52" WIDTH="45" VPOS="871" HPOS="2067"/>
<String CONTENT="dans" HEIGHT="53" WIDTH="140" VPOS="871" HPOS="2113"/>
<SP HEIGHT="51" WIDTH="45" VPOS="873" HPOS="2254"/>
<String CONTENT="la" HEIGHT="51" WIDTH="55" VPOS="873" HPOS="2300"/>
</TextLine>
<TextLine HEIGHT="71" WIDTH="1621" VPOS="947" HPOS="363" STYLEREFS="StyleId-ADCB524D-185C-40D1-AE14-1FED572B712F-" LANG="fr">
<String CONTENT="brousse." HEIGHT="54" WIDTH="240" VPOS="951" HPOS="363"/>
<SP HEIGHT="53" WIDTH="74" VPOS="950" HPOS="604"/>
<String CONTENT="Paris," HEIGHT="68" WIDTH="182" VPOS="950" HPOS="679"/>
<SP HEIGHT="69" WIDTH="34" VPOS="949" HPOS="862"/>
<String CONTENT="Nouvelle" HEIGHT="56" WIDTH="272" VPOS="948" HPOS="897"/>
<SP HEIGHT="53" WIDTH="35" VPOS="949" HPOS="1170"/>
<String CONTENT="librairie" HEIGHT="54" WIDTH="254" VPOS="948" HPOS="1206"/>
<SP HEIGHT="54" WIDTH="36" VPOS="947" HPOS="1461"/>
<String CONTENT="fran&#231;aise," HEIGHT="68" WIDTH="298" VPOS="947" HPOS="1498"/>
<SP HEIGHT="63" WIDTH="36" VPOS="952" HPOS="1797"/>
<String CONTENT="1932." HEIGHT="52" WIDTH="150" VPOS="951" HPOS="1834"/>
</TextLine>
<TextLine HEIGHT="50" WIDTH="1924" VPOS="1034" HPOS="431" LANG="fr" CS="1">
<String CONTENT="214" HEIGHT="40" WIDTH="86" VPOS="1035" HPOS="431"/>
<SP HEIGHT="48" WIDTH="20" VPOS="1036" HPOS="518"/>
<String CONTENT="p." HEIGHT="38" WIDTH="44" VPOS="1046" HPOS="539"/>
<SP HEIGHT="37" WIDTH="48" VPOS="1046" HPOS="584"/>
<String CONTENT="plates." HEIGHT="47" WIDTH="171" VPOS="1036" HPOS="633"/>
<SP HEIGHT="41" WIDTH="49" VPOS="1035" HPOS="805"/>
<String CONTENT="19" HEIGHT="41" WIDTH="56" VPOS="1034" HPOS="855"/>
<String STYLE="superscript" CS="1" CONTENT="&#7580;&#7504;"/>
<String CONTENT="." HEIGHT="10" WIDTH="10" VPOS="1067" HPOS="962"/>
<SP HEIGHT="48" WIDTH="56" VPOS="1035" HPOS="973"/>
<String CONTENT="(Collection" HEIGHT="48" WIDTH="291" VPOS="1035" HPOS="1030"/>
<SP HEIGHT="38" WIDTH="20" VPOS="1037" HPOS="1322"/>
<String CONTENT="&#8220;Exotisme&#8221;," HEIGHT="49" WIDTH="319" VPOS="1034" HPOS="1343"/>
<SP HEIGHT="37" WIDTH="21" VPOS="1046" HPOS="1663"/>
<String CONTENT="par" HEIGHT="37" WIDTH="89" VPOS="1046" HPOS="1685"/>
<SP HEIGHT="37" WIDTH="18" VPOS="1038" HPOS="1775"/>
<String CONTENT="les" HEIGHT="37" WIDTH="70" VPOS="1038" HPOS="1794"/>
<SP HEIGHT="36" WIDTH="20" VPOS="1047" HPOS="1865"/>
<String CONTENT="grands" HEIGHT="46" WIDTH="179" VPOS="1037" HPOS="1886"/>
<SP HEIGHT="30" WIDTH="20" VPOS="1047" HPOS="2066"/>
<String CONTENT="voyageurs" HEIGHT="38" WIDTH="268" VPOS="1046" HPOS="2087"/>
</TextLine>
<TextLine HEIGHT="49" WIDTH="401" VPOS="1091" HPOS="362" LANG="fr">
<String CONTENT="d&#8217;aujourd&#8217;" HEIGHT="48" WIDTH="272" VPOS="1092" HPOS="362"/>
<SP HEIGHT="40" WIDTH="17" VPOS="1092" HPOS="635"/>
<String CONTENT="hui)" HEIGHT="48" WIDTH="110" VPOS="1091" HPOS="653"/>
</TextLine>
<TextLine HEIGHT="52" WIDTH="1991" VPOS="1163" HPOS="366" LANG="fr" CS="1">
<String CONTENT="&#169;" HEIGHT="52" WIDTH="52" VPOS="1163" HPOS="366"/>
<SP HEIGHT="52" WIDTH="37" VPOS="1163" HPOS="419"/>
<String LANG="en-US" CONTENT="June" HEIGHT="39" WIDTH="126" VPOS="1168" HPOS="457"/>
<SP HEIGHT="39" WIDTH="36" VPOS="1168" HPOS="584"/>
<String CONTENT="10." HEIGHT="42" WIDTH="68" VPOS="1167" HPOS="621"/>
<SP/>
<String CS="1" CONTENT="1932;"/>
<SP/>
<String CS="1" CONTENT="1c."/>
<SP HEIGHT="39" WIDTH="40" VPOS="1167" HPOS="978"/>
<String CONTENT="Sept." HEIGHT="46" WIDTH="127" VPOS="1167" HPOS="1019"/>
<SP HEIGHT="39" WIDTH="37" VPOS="1167" HPOS="1147"/>
<String CS="1" CONTENT="12;" HEIGHT="38" WIDTH="54" VPOS="1166" HPOS="1185"/>
<SP HEIGHT="41" WIDTH="40" VPOS="1165" HPOS="1266"/>
<!-- cceid 10D84E85-6D7D-1014-B4A5-D7A31D17AB40 --><String CONTENT="A&#8212;" HEIGHT="38" WIDTH="99" VPOS="1165" HPOS="1307"/>
<String LANG="en-US" CONTENT="Foreign" HEIGHT="42" WIDTH="206" VPOS="1164" HPOS="1410"/>
<SP HEIGHT="37" WIDTH="37" VPOS="1166" HPOS="1617"/>
<String CS="1" CONTENT="18053:" HEIGHT="41" WIDTH="142" VPOS="1164" HPOS="1655"/>
<SP HEIGHT="39" WIDTH="40" VPOS="1166" HPOS="1826"/>
<String CONTENT="Nouvelle" HEIGHT="41" WIDTH="231" VPOS="1166" HPOS="1867"/>
<SP HEIGHT="40" WIDTH="38" VPOS="1167" HPOS="2099"/>
<String CONTENT="librairie" HEIGHT="41" WIDTH="219" VPOS="1164" HPOS="2138"/>
</TextLine>
<TextLine HEIGHT="48" WIDTH="610" VPOS="1223" HPOS="432" LANG="fr">
<String CONTENT="fran&#231;aise." HEIGHT="48" WIDTH="261" VPOS="1223" HPOS="432"/>
<SP HEIGHT="46" WIDTH="69" VPOS="1224" HPOS="694"/>
<String CONTENT="(32-34122)" HEIGHT="47" WIDTH="278" VPOS="1223" HPOS="764"/>
</TextLine>
<TextLine HEIGHT="64" WIDTH="637" VPOS="1327" HPOS="364" STYLEREFS="StyleId-B8BF5EB7-60C2-4A4A-ADBA-C0064B16F9D2-">
<String LANG="fr" CONTENT="Porada," HEIGHT="64" WIDTH="246" VPOS="1327" HPOS="364"/>
<SP HEIGHT="64" WIDTH="28" VPOS="1327" HPOS="611"/>
<String LANG="de" CONTENT="K&#228;the" HEIGHT="52" WIDTH="198" VPOS="1327" HPOS="640"/>
<SP HEIGHT="36" WIDTH="28" VPOS="1343" HPOS="839"/>
<String LANG="fr" CONTENT="von." HEIGHT="39" WIDTH="133" VPOS="1343" HPOS="868"/>
</TextLine>
<TextLine HEIGHT="70" WIDTH="1925" VPOS="1400" HPOS="432" STYLEREFS="StyleId-ADCB524D-185C-40D1-AE14-1FED572B712F-">
<String LANG="fr" CONTENT="Mode" HEIGHT="55" WIDTH="169" VPOS="1402" HPOS="432"/>
<SP HEIGHT="56" WIDTH="29" VPOS="1401" HPOS="602"/>
<String LANG="fr" CONTENT="in" HEIGHT="54" WIDTH="59" VPOS="1401" HPOS="632"/>
<SP HEIGHT="53" WIDTH="31" VPOS="1402" HPOS="692"/>
<String LANG="fr" CONTENT="Paris," HEIGHT="69" WIDTH="182" VPOS="1400" HPOS="724"/>
<SP HEIGHT="48" WIDTH="30" VPOS="1421" HPOS="907"/>
<String LANG="de" CONTENT="von" HEIGHT="34" WIDTH="110" VPOS="1420" HPOS="938"/>
<SP HEIGHT="52" WIDTH="29" VPOS="1401" HPOS="1049"/>
<String LANG="de" CONTENT="K&#228;the" HEIGHT="54" WIDTH="191" VPOS="1401" HPOS="1079"/>
<SP HEIGHT="34" WIDTH="31" VPOS="1419" HPOS="1271"/>
<String LANG="fr" CONTENT="v." HEIGHT="32" WIDTH="50" VPOS="1421" HPOS="1303"/>
<SP HEIGHT="51" WIDTH="34" VPOS="1402" HPOS="1354"/>
<String LANG="fr" CONTENT="Porada." HEIGHT="53" WIDTH="242" VPOS="1401" HPOS="1389"/>
<SP HEIGHT="51" WIDTH="66" VPOS="1401" HPOS="1632"/>
<String LANG="fr" CONTENT="Frankfurt" HEIGHT="53" WIDTH="323" VPOS="1400" HPOS="1699"/>
<SP HEIGHT="47" WIDTH="32" VPOS="1406" HPOS="2023"/>
<String LANG="de" CONTENT="am" HEIGHT="35" WIDTH="88" VPOS="1418" HPOS="2056"/>
<SP HEIGHT="51" WIDTH="31" VPOS="1401" HPOS="2145"/>
<String LANG="fr" CONTENT="Main," HEIGHT="69" WIDTH="180" VPOS="1401" HPOS="2177"/>
</TextLine>
<TextLine HEIGHT="68" WIDTH="699" VPOS="1480" HPOS="364" STYLEREFS="StyleId-ADCB524D-185C-40D1-AE14-1FED572B712F-" LANG="fr" CS="1">
<String CONTENT="Societ" HEIGHT="54" WIDTH="187" VPOS="1480" HPOS="364"/>
<String LANG="en-US" CS="1" CONTENT="&#228;"/>
<String CONTENT="ts-verlag," HEIGHT="66" WIDTH="289" VPOS="1482" HPOS="590"/>
<SP HEIGHT="62" WIDTH="33" VPOS="1484" HPOS="880"/>
<String CONTENT="1932." HEIGHT="50" WIDTH="149" VPOS="1481" HPOS="914"/>
</TextLine>
<TextLine HEIGHT="49" WIDTH="1313" VPOS="1564" HPOS="433" LANG="fr" CS="1">
<String CONTENT="151" HEIGHT="39" WIDTH="83" VPOS="1565" HPOS="433"/>
<SP HEIGHT="48" WIDTH="26" VPOS="1565" HPOS="517"/>
<String CONTENT="p.," HEIGHT="37" WIDTH="58" VPOS="1576" HPOS="544"/>
<SP HEIGHT="47" WIDTH="26" VPOS="1566" HPOS="603"/>
<String CONTENT="1" HEIGHT="38" WIDTH="25" VPOS="1566" HPOS="630"/>
<SP/>
<String CS="1" CONTENT="l."/>
<SP HEIGHT="43" WIDTH="28" VPOS="1564" HPOS="716"/>
<String CS="1" CONTENT="incl."/>
<SP HEIGHT="41" WIDTH="28" VPOS="1564" HPOS="854"/>
<String CONTENT="front.," HEIGHT="49" WIDTH="164" VPOS="1564" HPOS="883"/>
<SP HEIGHT="38" WIDTH="25" VPOS="1575" HPOS="1048"/>
<String CONTENT="plates," HEIGHT="49" WIDTH="170" VPOS="1564" HPOS="1074"/>
<SP HEIGHT="38" WIDTH="27" VPOS="1575" HPOS="1245"/>
<String CONTENT="ports." HEIGHT="46" WIDTH="149" VPOS="1567" HPOS="1273"/>
<SP HEIGHT="40" WIDTH="54" VPOS="1565" HPOS="1423"/>
<String CONTENT="25" HEIGHT="40" WIDTH="56" VPOS="1564" HPOS="1478"/>
<SP HEIGHT="40" WIDTH="16" VPOS="1564" HPOS="1535"/>
<String LANG="en-US" CS="1" CONTENT="&#215;"/>
<SP HEIGHT="38" WIDTH="16" VPOS="1566" HPOS="1584"/>
<String CONTENT="19" HEIGHT="41" WIDTH="56" VPOS="1564" HPOS="1601"/>
<String LANG="en-US" CS="1" CONTENT="&#189;"/>
<String STYLE="superscript" CS="1" CONTENT="&#7580;&#7504;"/>
<String CONTENT="." HEIGHT="8" WIDTH="9" VPOS="1597" HPOS="1737"/>
</TextLine>
<TextLine HEIGHT="101" WIDTH="1974" VPOS="1636" HPOS="367" CS="1">
<String LANG="fr" CONTENT="&#169;" HEIGHT="52" WIDTH="52" VPOS="1636" HPOS="367"/>
<SP HEIGHT="52" WIDTH="37" VPOS="1636" HPOS="420"/>
<String LANG="en-US" CONTENT="Apr." HEIGHT="48" WIDTH="111" VPOS="1640" HPOS="458"/>
<SP HEIGHT="38" WIDTH="38" VPOS="1642" HPOS="570"/>
<String LANG="fr" CONTENT="12," HEIGHT="45" WIDTH="67" VPOS="1641" HPOS="609"/>
<SP HEIGHT="45" WIDTH="38" VPOS="1641" HPOS="677"/>
<String LANG="fr" CS="1" CONTENT="1932;"/>
<SP/>
<String LANG="fr" CS="1" CONTENT="1c."/>
<SP HEIGHT="40" WIDTH="37" VPOS="1639" HPOS="965"/>
<String LANG="en-US" CONTENT="June" HEIGHT="39" WIDTH="124" VPOS="1639" HPOS="1003"/>
<SP HEIGHT="41" WIDTH="36" VPOS="1637" HPOS="1128"/>
<String LANG="fr" CS="1" CONTENT="28;" HEIGHT="47" WIDTH="82" VPOS="1637" HPOS="1165"/>
<SP HEIGHT="45" WIDTH="38" VPOS="1639" HPOS="1248"/>
<!-- cceid 10D868F8-6D7D-1014-B4A5-D7A31D17AB40 --><String LANG="fr" CONTENT="A&#8212;" HEIGHT="37" WIDTH="101" VPOS="1639" HPOS="1287"/>
<String LANG="en-US" CONTENT="Foreign" HEIGHT="48" WIDTH="206" VPOS="1637" HPOS="1392"/>
<SP HEIGHT="38" WIDTH="38" VPOS="1640" HPOS="1599"/>
<String LANG="fr" CS="1" CONTENT="17253;" HEIGHT="40" WIDTH="142" VPOS="1637" HPOS="1638"/>
<SP HEIGHT="41" WIDTH="42" VPOS="1638" HPOS="1807"/>
<String LANG="fr" CONTENT="Frankfurter" HEIGHT="40" WIDTH="327" VPOS="1638" HPOS="1850"/>
<SP HEIGHT="28" WIDTH="37" VPOS="1649" HPOS="2178"/>
<String LANG="fr" CONTENT="socie" HEIGHT="41" WIDTH="125" VPOS="1636" HPOS="2216"/>
<String LANG="de" CONTENT="t&#228;ts-druckerei," HEIGHT="42" WIDTH="387" VPOS="1695" HPOS="437"/>
</TextLine>
<TextLine HEIGHT="49" WIDTH="614" VPOS="1694" HPOS="851" LANG="fr" CS="1">
<String CONTENT="g." HEIGHT="37" WIDTH="42" VPOS="1706" HPOS="851"/>
<SP HEIGHT="29" WIDTH="24" VPOS="1706" HPOS="894"/>
<String CONTENT="m." HEIGHT="29" WIDTH="60" VPOS="1706" HPOS="919"/>
<SP HEIGHT="40" WIDTH="25" VPOS="1695" HPOS="980"/>
<String CS="1" CONTENT="b." HEIGHT="8" WIDTH="9" VPOS="1727" HPOS="1039"/>
<SP HEIGHT="39" WIDTH="23" VPOS="1696" HPOS="1049"/>
<String CONTENT="h." HEIGHT="39" WIDTH="46" VPOS="1696" HPOS="1073"/>
<SP HEIGHT="46" WIDTH="67" VPOS="1695" HPOS="1120"/>
<String CONTENT="(32-34121)" HEIGHT="47" WIDTH="277" VPOS="1694" HPOS="1188"/>
</TextLine>
<TextLine HEIGHT="66" WIDTH="1523" VPOS="1797" HPOS="365" STYLEREFS="StyleId-B8BF5EB7-60C2-4A4A-ADBA-C0064B16F9D2-" LANG="en-US" CS="1">
<String CONTENT="President&#8217;s" HEIGHT="53" WIDTH="364" VPOS="1800" HPOS="365"/>
<SP HEIGHT="38" WIDTH="36" VPOS="1815" HPOS="730"/>
<String CONTENT="conference" HEIGHT="54" WIDTH="346" VPOS="1799" HPOS="767"/>
<SP HEIGHT="38" WIDTH="36" VPOS="1814" HPOS="1114"/>
<String CONTENT="on" HEIGHT="38" WIDTH="74" VPOS="1814" HPOS="1151"/>
<SP HEIGHT="54" WIDTH="34" VPOS="1797" HPOS="1226"/>
<String CONTENT="home" HEIGHT="55" WIDTH="173" VPOS="1797" HPOS="1261"/>
<SP HEIGHT="54" WIDTH="34" VPOS="1798" HPOS="1435"/>
<String CONTENT="building" HEIGHT="66" WIDTH="267" VPOS="1797" HPOS="1470"/>
<SP HEIGHT="49" WIDTH="33" VPOS="1814" HPOS="1738"/>
<String CONTENT="and" HEIGHT="55" WIDTH="116" VPOS="1798" HPOS="1772"/>
</TextLine>
<TextLine HEIGHT="147" WIDTH="1897" VPOS="1798" HPOS="434" STYLEREFS="StyleId-B8BF5EB7-60C2-4A4A-ADBA-C0064B16F9D2-" LANG="en-US" CS="1">
<String CONTENT="home" HEIGHT="54" WIDTH="172" VPOS="1798" HPOS="1925"/>
<SP HEIGHT="37" WIDTH="35" VPOS="1815" HPOS="2098"/>
<String CONTENT="ownership," HEIGHT="129" WIDTH="1897" VPOS="1814" HPOS="434"/>
<SP HEIGHT="66" WIDTH="30" VPOS="1877" HPOS="588"/>
<String CONTENT="Washington," HEIGHT="68" WIDTH="396" VPOS="1877" HPOS="619"/>
<SP HEIGHT="67" WIDTH="24" VPOS="1878" HPOS="1016"/>
<String CONTENT="D." HEIGHT="54" WIDTH="72" VPOS="1878" HPOS="1041"/>
<SP HEIGHT="54" WIDTH="29" VPOS="1878" HPOS="1114"/>
<String CS="1" CONTENT="C.," HEIGHT="24" WIDTH="31" VPOS="1920" HPOS="1196"/>
<SP HEIGHT="64" WIDTH="27" VPOS="1880" HPOS="1228"/>
<String CONTENT="1931." HEIGHT="51" WIDTH="151" VPOS="1879" HPOS="1256"/>
</TextLine>
<TextLine HEIGHT="69" WIDTH="1921" VPOS="1954" HPOS="434" STYLEREFS="StyleId-ADCB524D-185C-40D1-AE14-1FED572B712F-" LANG="en-US">
<String CONTENT="Farm" HEIGHT="52" WIDTH="174" VPOS="1957" HPOS="434"/>
<SP HEIGHT="34" WIDTH="25" VPOS="1975" HPOS="609"/>
<String CONTENT="and" HEIGHT="53" WIDTH="112" VPOS="1956" HPOS="635"/>
<SP HEIGHT="54" WIDTH="25" VPOS="1956" HPOS="748"/>
<String CONTENT="village" HEIGHT="69" WIDTH="211" VPOS="1954" HPOS="774"/>
<SP HEIGHT="52" WIDTH="23" VPOS="1956" HPOS="986"/>
<String CONTENT="housing;" HEIGHT="69" WIDTH="270" VPOS="1954" HPOS="1010"/>
<SP HEIGHT="47" WIDTH="28" VPOS="1975" HPOS="1281"/>
<String CONTENT="report" HEIGHT="61" WIDTH="194" VPOS="1962" HPOS="1310"/>
<SP HEIGHT="46" WIDTH="24" VPOS="1962" HPOS="1505"/>
<String CONTENT="of" HEIGHT="54" WIDTH="64" VPOS="1954" HPOS="1530"/>
<SP HEIGHT="54" WIDTH="22" VPOS="1954" HPOS="1595"/>
<String CONTENT="the" HEIGHT="53" WIDTH="95" VPOS="1955" HPOS="1618"/>
<SP HEIGHT="55" WIDTH="27" VPOS="1955" HPOS="1714"/>
<String CONTENT="Committee" HEIGHT="55" WIDTH="336" VPOS="1955" HPOS="1742"/>
<SP HEIGHT="34" WIDTH="24" VPOS="1973" HPOS="2079"/>
<String CONTENT="on" HEIGHT="34" WIDTH="71" VPOS="1974" HPOS="2104"/>
<SP HEIGHT="54" WIDTH="27" VPOS="1954" HPOS="2176"/>
<String CONTENT="farm" HEIGHT="55" WIDTH="151" VPOS="1954" HPOS="2204"/>
</TextLine>
<TextLine HEIGHT="70" WIDTH="1991" VPOS="2032" HPOS="364" STYLEREFS="StyleId-ADCB524D-185C-40D1-AE14-1FED572B712F-" LANG="en-US" CS="1">
<String CONTENT="and" HEIGHT="52" WIDTH="112" VPOS="2036" HPOS="364"/>
<SP HEIGHT="52" WIDTH="24" VPOS="2036" HPOS="477"/>
<String CONTENT="village" HEIGHT="68" WIDTH="210" VPOS="2034" HPOS="502"/>
<SP HEIGHT="52" WIDTH="24" VPOS="2035" HPOS="713"/>
<String CONTENT="housing," HEIGHT="67" WIDTH="262" VPOS="2034" HPOS="738"/>
<SP HEIGHT="62" WIDTH="23" VPOS="2035" HPOS="1001"/>
<String CONTENT="Albert" HEIGHT="54" WIDTH="204" VPOS="2032" HPOS="1025"/>
<SP HEIGHT="52" WIDTH="22" VPOS="2034" HPOS="1230"/>
<String CONTENT="Russell" HEIGHT="53" WIDTH="223" VPOS="2033" HPOS="1253"/>
<SP HEIGHT="52" WIDTH="25" VPOS="2034" HPOS="1477"/>
<String CONTENT="Mann," HEIGHT="66" WIDTH="196" VPOS="2034" HPOS="1503"/>
<SP HEIGHT="48" WIDTH="24" VPOS="2052" HPOS="1700"/>
<String CS="1" CONTENT="chairman;" HEIGHT="53" WIDTH="292" VPOS="2033" HPOS="1725"/>
<SP HEIGHT="49" WIDTH="29" VPOS="2052" HPOS="2046"/>
<String CONTENT="prepared" HEIGHT="66" WIDTH="279" VPOS="2035" HPOS="2076"/>
</TextLine>
<TextLine HEIGHT="69" WIDTH="1988" VPOS="2110" HPOS="367" STYLEREFS="StyleId-ADCB524D-185C-40D1-AE14-1FED572B712F-" LANG="en-US">
<String CONTENT="for" HEIGHT="52" WIDTH="92" VPOS="2112" HPOS="367"/>
<SP HEIGHT="47" WIDTH="41" VPOS="2118" HPOS="460"/>
<String CONTENT="the" HEIGHT="52" WIDTH="94" VPOS="2113" HPOS="502"/>
<SP HEIGHT="34" WIDTH="41" VPOS="2131" HPOS="597"/>
<String CONTENT="committee" HEIGHT="55" WIDTH="318" VPOS="2110" HPOS="639"/>
<SP HEIGHT="52" WIDTH="39" VPOS="2112" HPOS="958"/>
<String CONTENT="by" HEIGHT="67" WIDTH="75" VPOS="2112" HPOS="998"/>
<SP HEIGHT="65" WIDTH="40" VPOS="2114" HPOS="1074"/>
<String CONTENT="Bruce" HEIGHT="50" WIDTH="183" VPOS="2114" HPOS="1115"/>
<SP HEIGHT="50" WIDTH="42" VPOS="2113" HPOS="1299"/>
<String CONTENT="L." HEIGHT="51" WIDTH="64" VPOS="2113" HPOS="1342"/>
<SP HEIGHT="52" WIDTH="41" VPOS="2112" HPOS="1407"/>
<String CONTENT="Melvin," HEIGHT="68" WIDTH="236" VPOS="2110" HPOS="1449"/>
<SP HEIGHT="49" WIDTH="42" VPOS="2129" HPOS="1686"/>
<String CONTENT="edited" HEIGHT="53" WIDTH="188" VPOS="2111" HPOS="1729"/>
<SP HEIGHT="53" WIDTH="39" VPOS="2111" HPOS="1918"/>
<String CONTENT="by" HEIGHT="68" WIDTH="75" VPOS="2111" HPOS="1958"/>
<SP HEIGHT="66" WIDTH="42" VPOS="2113" HPOS="2034"/>
<String CONTENT="John" HEIGHT="53" WIDTH="155" VPOS="2113" HPOS="2077"/>
<SP HEIGHT="53" WIDTH="41" VPOS="2113" HPOS="2233"/>
<String CONTENT="M." HEIGHT="54" WIDTH="80" VPOS="2113" HPOS="2275"/>
</TextLine>
<TextLine HEIGHT="68" WIDTH="1991" VPOS="2187" HPOS="365" STYLEREFS="StyleId-ADCB524D-185C-40D1-AE14-1FED572B712F-" LANG="en-US">
<String LANG="de" CONTENT="Gries" HEIGHT="55" WIDTH="164" VPOS="2188" HPOS="365"/>
<SP HEIGHT="34" WIDTH="37" VPOS="2209" HPOS="530"/>
<String CONTENT="and" HEIGHT="51" WIDTH="111" VPOS="2191" HPOS="568"/>
<SP HEIGHT="53" WIDTH="34" VPOS="2191" HPOS="680"/>
<String CONTENT="James" HEIGHT="52" WIDTH="193" VPOS="2192" HPOS="715"/>
<SP HEIGHT="51" WIDTH="36" VPOS="2191" HPOS="909"/>
<String CONTENT="Ford." HEIGHT="51" WIDTH="172" VPOS="2190" HPOS="946"/>
<SP HEIGHT="52" WIDTH="71" VPOS="2189" HPOS="1119"/>
<String CONTENT="Washington," HEIGHT="68" WIDTH="400" VPOS="2187" HPOS="1191"/>
<SP HEIGHT="64" WIDTH="35" VPOS="2190" HPOS="1592"/>
<String CONTENT="D." HEIGHT="52" WIDTH="71" VPOS="2190" HPOS="1628"/>
<SP HEIGHT="54" WIDTH="38" VPOS="2189" HPOS="1700"/>
<String CONTENT="C.," HEIGHT="64" WIDTH="80" VPOS="2189" HPOS="1739"/>
<SP HEIGHT="62" WIDTH="34" VPOS="2191" HPOS="1820"/>
<String CONTENT="The" HEIGHT="52" WIDTH="121" VPOS="2190" HPOS="1855"/>
<SP HEIGHT="50" WIDTH="33" VPOS="2192" HPOS="1977"/>
<String CONTENT="President&#8217;s" HEIGHT="53" WIDTH="345" VPOS="2190" HPOS="2011"/>
</TextLine>
<TextLine HEIGHT="69" WIDTH="1882" VPOS="2265" HPOS="365" STYLEREFS="StyleId-ADCB524D-185C-40D1-AE14-1FED572B712F-" LANG="en-US" CS="1">
<String CONTENT="conference" HEIGHT="55" WIDTH="329" VPOS="2265" HPOS="365"/>
<SP HEIGHT="34" WIDTH="35" VPOS="2285" HPOS="695"/>
<String CONTENT="on" HEIGHT="34" WIDTH="71" VPOS="2285" HPOS="731"/>
<SP HEIGHT="52" WIDTH="35" VPOS="2267" HPOS="803"/>
<String CONTENT="home" HEIGHT="52" WIDTH="163" VPOS="2267" HPOS="839"/>
<SP HEIGHT="53" WIDTH="34" VPOS="2266" HPOS="1003"/>
<String CONTENT="building" HEIGHT="68" WIDTH="266" VPOS="2266" HPOS="1038"/>
<SP HEIGHT="50" WIDTH="34" VPOS="2284" HPOS="1305"/>
<String CONTENT="and" HEIGHT="52" WIDTH="112" VPOS="2267" HPOS="1340"/>
<SP HEIGHT="52" WIDTH="36" VPOS="2267" HPOS="1453"/>
<String CONTENT="home" HEIGHT="51" WIDTH="164" VPOS="2267" HPOS="1490"/>
<SP HEIGHT="34" WIDTH="35" VPOS="2284" HPOS="1655"/>
<String CONTENT="ownership" HEIGHT="68" WIDTH="320" VPOS="2266" HPOS="1691"/>
<SP HEIGHT="49" WIDTH="43" VPOS="2285" HPOS="2012"/>
<String STYLE="subscript" CS="1" CONTENT="[&#7580;193"/>
<String CONTENT="2]" HEIGHT="63" WIDTH="49" VPOS="2271" HPOS="2198"/>
</TextLine>
<TextLine HEIGHT="49" WIDTH="1862" VPOS="2350" HPOS="436" STYLEREFS="StyleId-ADCB524D-185C-40D1-AE14-1FED572B712F-" LANG="en-US" CS="1">
<String CONTENT="xviii," HEIGHT="47" WIDTH="136" VPOS="2351" HPOS="436"/>
<SP HEIGHT="45" WIDTH="27" VPOS="2353" HPOS="573"/>
<String CONTENT="293" HEIGHT="41" WIDTH="84" VPOS="2351" HPOS="601"/>
<SP HEIGHT="47" WIDTH="28" VPOS="2352" HPOS="686"/>
<String CONTENT="p." HEIGHT="37" WIDTH="44" VPOS="2362" HPOS="715"/>
<SP HEIGHT="41" WIDTH="56" VPOS="2351" HPOS="760"/>
<String CONTENT="front.," HEIGHT="47" WIDTH="164" VPOS="2351" HPOS="817"/>
<SP HEIGHT="46" WIDTH="27" VPOS="2352" HPOS="982"/>
<String CONTENT="illus." HEIGHT="40" WIDTH="129" VPOS="2352" HPOS="1010"/>
<SP HEIGHT="48" WIDTH="25" VPOS="2350" HPOS="1140"/>
<String CONTENT="(incl." HEIGHT="48" WIDTH="135" VPOS="2350" HPOS="1166"/>
<SP HEIGHT="29" WIDTH="27" VPOS="2362" HPOS="1302"/>
<String CONTENT="maps)" HEIGHT="47" WIDTH="161" VPOS="2351" HPOS="1330"/>
<SP HEIGHT="48" WIDTH="37" VPOS="2351" HPOS="1492"/>
<String CONTENT="plates," HEIGHT="46" WIDTH="169" VPOS="2353" HPOS="1530"/>
<SP HEIGHT="37" WIDTH="29" VPOS="2362" HPOS="1700"/>
<String CONTENT="plans," HEIGHT="47" WIDTH="152" VPOS="2352" HPOS="1730"/>
<SP HEIGHT="46" WIDTH="31" VPOS="2352" HPOS="1883"/>
<String CONTENT="diagrs." HEIGHT="46" WIDTH="179" VPOS="2352" HPOS="1915"/>
<SP HEIGHT="38" WIDTH="57" VPOS="2353" HPOS="2095"/>
<String CS="1" CONTENT="23&#189;" HEIGHT="39" WIDTH="55" VPOS="2353" HPOS="2153"/>
<String STYLE="superscript" CS="1" CONTENT="&#7580;&#7504;"/>
<String CONTENT="." HEIGHT="8" WIDTH="9" VPOS="2385" HPOS="2289"/>
</TextLine>
<TextLine HEIGHT="49" WIDTH="1666" VPOS="2407" HPOS="437" STYLEREFS="StyleId-ADCB524D-185C-40D1-AE14-1FED572B712F-" LANG="en-US" CS="1">
<String CONTENT="Lettered" HEIGHT="39" WIDTH="225" VPOS="2410" HPOS="437"/>
<SP HEIGHT="40" WIDTH="24" VPOS="2410" HPOS="663"/>
<String CONTENT="on" HEIGHT="30" WIDTH="60" VPOS="2420" HPOS="688"/>
<SP HEIGHT="28" WIDTH="25" VPOS="2420" HPOS="749"/>
<String CS="1" CONTENT="cover:" HEIGHT="30" WIDTH="140" VPOS="2419" HPOS="775"/>
<SP HEIGHT="39" WIDTH="28" VPOS="2409" HPOS="942"/>
<String CONTENT="Housing" HEIGHT="48" WIDTH="221" VPOS="2408" HPOS="971"/>
<SP HEIGHT="37" WIDTH="25" VPOS="2419" HPOS="1193"/>
<String CONTENT="conditions" HEIGHT="42" WIDTH="271" VPOS="2407" HPOS="1219"/>
<SP HEIGHT="29" WIDTH="26" VPOS="2419" HPOS="1491"/>
<String CONTENT="and" HEIGHT="39" WIDTH="94" VPOS="2409" HPOS="1518"/>
<SP HEIGHT="47" WIDTH="25" VPOS="2409" HPOS="1613"/>
<String CS="1" CONTENT="problems;" HEIGHT="47" WIDTH="239" VPOS="2409" HPOS="1639"/>
<SP HEIGHT="46" WIDTH="29" VPOS="2409" HPOS="1906"/>
<String CONTENT="design" HEIGHT="48" WIDTH="167" VPOS="2408" HPOS="1936"/>
</TextLine>
<TextLine HEIGHT="103" WIDTH="1991" VPOS="2411" HPOS="367" STYLEREFS="StyleId-ADCB524D-185C-40D1-AE14-1FED572B712F-" LANG="en-US" CS="1">
<String CONTENT="and" HEIGHT="39" WIDTH="96" VPOS="2411" HPOS="2131"/>
<SP HEIGHT="40" WIDTH="24" VPOS="2411" HPOS="2228"/>
<String CS="1" CONTENT="construction;" HEIGHT="87" WIDTH="1974" VPOS="2421" HPOS="367"/>
<SP HEIGHT="47" WIDTH="28" VPOS="2466" HPOS="633"/>
<String CONTENT="farmstead" HEIGHT="40" WIDTH="272" VPOS="2466" HPOS="662"/>
<SP HEIGHT="47" WIDTH="27" VPOS="2467" HPOS="935"/>
<String CONTENT="planning," HEIGHT="49" WIDTH="244" VPOS="2465" HPOS="963"/>
<SP HEIGHT="48" WIDTH="28" VPOS="2465" HPOS="1208"/>
<String CS="1" CONTENT="beautification:" HEIGHT="40" WIDTH="363" VPOS="2465" HPOS="1237"/>
<SP HEIGHT="30" WIDTH="28" VPOS="2475" HPOS="1628"/>
<String CONTENT="economic" HEIGHT="41" WIDTH="241" VPOS="2465" HPOS="1657"/>
<SP HEIGHT="31" WIDTH="26" VPOS="2475" HPOS="1899"/>
<String CONTENT="and" HEIGHT="38" WIDTH="95" VPOS="2468" HPOS="1926"/>
<SP HEIGHT="38" WIDTH="28" VPOS="2468" HPOS="2022"/>
<String CONTENT="educational" HEIGHT="41" WIDTH="307" VPOS="2467" HPOS="2051"/>
</TextLine>
<TextLine HEIGHT="46" WIDTH="205" VPOS="2526" HPOS="366" STYLEREFS="StyleId-ADCB524D-185C-40D1-AE14-1FED572B712F-" LANG="en-US">
<String CONTENT="aspects." HEIGHT="46" WIDTH="205" VPOS="2526" HPOS="366"/>
</TextLine>
<TextLine HEIGHT="50" WIDTH="1354" VPOS="2578" HPOS="440" LANG="en-US" CS="1">
<String CONTENT="&#8220;List" HEIGHT="41" WIDTH="133" VPOS="2580" HPOS="440"/>
<SP HEIGHT="38" WIDTH="22" VPOS="2583" HPOS="574"/>
<String CONTENT="of" HEIGHT="39" WIDTH="51" VPOS="2581" HPOS="597"/>
<SP HEIGHT="39" WIDTH="24" VPOS="2581" HPOS="649"/>
<String CONTENT="references" HEIGHT="40" WIDTH="272" VPOS="2580" HPOS="674"/>
<SP HEIGHT="29" WIDTH="23" VPOS="2590" HPOS="947"/>
<String CONTENT="on" HEIGHT="29" WIDTH="59" VPOS="2590" HPOS="971"/>
<SP HEIGHT="29" WIDTH="25" VPOS="2590" HPOS="1031"/>
<String CONTENT="rural" HEIGHT="39" WIDTH="134" VPOS="2580" HPOS="1057"/>
<SP HEIGHT="40" WIDTH="25" VPOS="2579" HPOS="1192"/>
<String CS="1" CONTENT="housing&#8221;:" HEIGHT="48" WIDTH="234" VPOS="2578" HPOS="1218"/>
<SP HEIGHT="39" WIDTH="26" VPOS="2589" HPOS="1482"/>
<String CONTENT="p." HEIGHT="37" WIDTH="44" VPOS="2591" HPOS="1509"/>
<SP HEIGHT="41" WIDTH="22" VPOS="2579" HPOS="1554"/>
<String CONTENT="265-281." HEIGHT="41" WIDTH="217" VPOS="2579" HPOS="1577"/>
</TextLine>
<TextLine HEIGHT="52" WIDTH="1847" VPOS="2649" HPOS="371" LANG="en-US" CS="1">
<String CONTENT="&#169;" HEIGHT="52" WIDTH="51" VPOS="2649" HPOS="371"/>
<SP HEIGHT="52" WIDTH="33" VPOS="2649" HPOS="423"/>
<String CONTENT="Nov." HEIGHT="38" WIDTH="116" VPOS="2654" HPOS="457"/>
<SP HEIGHT="38" WIDTH="33" VPOS="2653" HPOS="574"/>
<String CONTENT="11." HEIGHT="41" WIDTH="67" VPOS="2653" HPOS="608"/>
<SP HEIGHT="40" WIDTH="32" VPOS="2654" HPOS="676"/>
<String CS="1" CONTENT="1932;"/>
<SP HEIGHT="42" WIDTH="33" VPOS="2650" HPOS="851"/>
<String CONTENT="2c." HEIGHT="41" WIDTH="65" VPOS="2650" HPOS="885"/>
<SP HEIGHT="38" WIDTH="34" VPOS="2652" HPOS="951"/>
<String CONTENT="Nov." HEIGHT="39" WIDTH="117" VPOS="2652" HPOS="986"/>
<SP HEIGHT="37" WIDTH="34" VPOS="2653" HPOS="1104"/>
<String CS="1" CONTENT="12;" HEIGHT="38" WIDTH="53" VPOS="2652" HPOS="1139"/>
<SP HEIGHT="36" WIDTH="35" VPOS="2661" HPOS="1220"/>
<String CONTENT="aff." HEIGHT="40" WIDTH="83" VPOS="2651" HPOS="1256"/>
<SP HEIGHT="40" WIDTH="31" VPOS="2651" HPOS="1340"/>
<String CONTENT="Nov." HEIGHT="39" WIDTH="117" VPOS="2651" HPOS="1372"/>
<SP HEIGHT="37" WIDTH="34" VPOS="2653" HPOS="1490"/>
<String CS="1" CONTENT="14;" HEIGHT="37" WIDTH="55" VPOS="2653" HPOS="1525"/>
<SP HEIGHT="46" WIDTH="34" VPOS="2652" HPOS="1608"/>
<!-- cceid 10D881EF-6D7D-1014-B4A5-D7A31D17AB40 --><String CONTENT="A" HEIGHT="38" WIDTH="40" VPOS="2652" HPOS="1643"/>
<SP HEIGHT="38" WIDTH="33" VPOS="2652" HPOS="1684"/>
<String CS="1" CONTENT="56995;" HEIGHT="41" WIDTH="143" VPOS="2650" HPOS="1718"/>
<SP HEIGHT="46" WIDTH="36" VPOS="2653" HPOS="1888"/>
<String CONTENT="President&#8217;s" HEIGHT="40" WIDTH="293" VPOS="2653" HPOS="1925"/>
</TextLine>
<TextLine HEIGHT="92" WIDTH="1920" VPOS="2663" HPOS="439" LANG="en-US" CS="1">
<String CONTENT="conference" HEIGHT="86" WIDTH="1901" VPOS="2663" HPOS="439"/>
<SP HEIGHT="29" WIDTH="24" VPOS="2720" HPOS="632"/>
<String CONTENT="on" HEIGHT="28" WIDTH="59" VPOS="2720" HPOS="657"/>
<SP HEIGHT="39" WIDTH="23" VPOS="2708" HPOS="717"/>
<String CONTENT="home" HEIGHT="40" WIDTH="139" VPOS="2708" HPOS="741"/>
<SP HEIGHT="39" WIDTH="22" VPOS="2709" HPOS="881"/>
<String CONTENT="building" HEIGHT="48" WIDTH="220" VPOS="2707" HPOS="904"/>
<SP HEIGHT="37" WIDTH="22" VPOS="2718" HPOS="1125"/>
<String CONTENT="and" HEIGHT="37" WIDTH="94" VPOS="2711" HPOS="1148"/>
<SP HEIGHT="40" WIDTH="25" VPOS="2708" HPOS="1243"/>
<String CONTENT="home" HEIGHT="39" WIDTH="138" VPOS="2708" HPOS="1269"/>
<SP HEIGHT="29" WIDTH="25" VPOS="2718" HPOS="1408"/>
<String CONTENT="ownership," HEIGHT="48" WIDTH="285" VPOS="2707" HPOS="1434"/>
<SP HEIGHT="40" WIDTH="27" VPOS="2709" HPOS="1720"/>
<String CONTENT="Robert" HEIGHT="40" WIDTH="178" VPOS="2709" HPOS="1748"/>
<SP HEIGHT="39" WIDTH="27" VPOS="2710" HPOS="1927"/>
<String CONTENT="P." HEIGHT="40" WIDTH="51" VPOS="2710" HPOS="1955"/>
<SP HEIGHT="40" WIDTH="25" VPOS="2710" HPOS="2007"/>
<String CONTENT="Lamont" HEIGHT="40" WIDTH="203" VPOS="2710" HPOS="2033"/>
<SP HEIGHT="36" WIDTH="27" VPOS="2714" HPOS="2237"/>
<String CONTENT="and" HEIGHT="39" WIDTH="94" VPOS="2711" HPOS="2265"/>
</TextLine>
<TextLine HEIGHT="49" WIDTH="1374" VPOS="2763" HPOS="438" LANG="en-US" CS="1">
<String CONTENT="Ray" HEIGHT="38" WIDTH="106" VPOS="2767" HPOS="438"/>
<SP HEIGHT="39" WIDTH="30" VPOS="2766" HPOS="545"/>
<String CONTENT="Lyman" HEIGHT="46" WIDTH="182" VPOS="2766" HPOS="576"/>
<SP HEIGHT="38" WIDTH="32" VPOS="2765" HPOS="759"/>
<String CONTENT="Wilbur," HEIGHT="41" WIDTH="200" VPOS="2764" HPOS="792"/>
<SP HEIGHT="46" WIDTH="31" VPOS="2763" HPOS="993"/>
<String CONTENT="joint" HEIGHT="46" WIDTH="126" VPOS="2763" HPOS="1025"/>
<SP HEIGHT="36" WIDTH="31" VPOS="2768" HPOS="1152"/>
<String CONTENT="chairmen," HEIGHT="42" WIDTH="260" VPOS="2764" HPOS="1184"/>
<SP HEIGHT="42" WIDTH="32" VPOS="2764" HPOS="1445"/>
<String CONTENT="Washington." HEIGHT="45" WIDTH="334" VPOS="2764" HPOS="1478"/>
</TextLine>
<TextLine HEIGHT="48" WIDTH="279" VPOS="2822" HPOS="446" LANG="en-US">
<String CONTENT="(32-28158)" HEIGHT="48" WIDTH="279" VPOS="2822" HPOS="446"/>
</TextLine>
<TextLine HEIGHT="68" WIDTH="1987" VPOS="2921" HPOS="369" STYLEREFS="StyleId-ADCB524D-185C-40D1-AE14-1FED572B712F-" LANG="en-US">
<String CONTENT="Rhode" HEIGHT="54" WIDTH="201" VPOS="2922" HPOS="369"/>
<SP HEIGHT="51" WIDTH="39" VPOS="2925" HPOS="571"/>
<String CONTENT="Island" HEIGHT="53" WIDTH="197" VPOS="2923" HPOS="611"/>
<SP HEIGHT="51" WIDTH="42" VPOS="2925" HPOS="809"/>
<String CONTENT="and" HEIGHT="51" WIDTH="110" VPOS="2923" HPOS="852"/>
<SP HEIGHT="51" WIDTH="42" VPOS="2923" HPOS="963"/>
<String CONTENT="Atlantic" HEIGHT="55" WIDTH="258" VPOS="2921" HPOS="1006"/>
<SP HEIGHT="53" WIDTH="40" VPOS="2923" HPOS="1265"/>
<String CONTENT="digest." HEIGHT="67" WIDTH="201" VPOS="2922" HPOS="1306"/>
<SP HEIGHT="46" WIDTH="76" VPOS="2927" HPOS="1508"/>
<String CONTENT="1932" HEIGHT="48" WIDTH="131" VPOS="2926" HPOS="1585"/>
<SP HEIGHT="50" WIDTH="41" VPOS="2926" HPOS="1717"/>
<String CONTENT="cumulative" HEIGHT="52" WIDTH="342" VPOS="2925" HPOS="1759"/>
<SP HEIGHT="33" WIDTH="43" VPOS="2944" HPOS="2102"/>
<String CONTENT="annual" HEIGHT="52" WIDTH="210" VPOS="2925" HPOS="2146"/>
</TextLine>
<TextLine HEIGHT="69" WIDTH="1916" VPOS="3000" HPOS="440" STYLEREFS="StyleId-ADCB524D-185C-40D1-AE14-1FED572B712F-" LANG="en-US" CS="1">
<String CONTENT="pocket" HEIGHT="67" WIDTH="200" VPOS="3001" HPOS="440"/>
<SP HEIGHT="61" WIDTH="30" VPOS="3008" HPOS="641"/>
<String CONTENT="part" HEIGHT="61" WIDTH="131" VPOS="3008" HPOS="672"/>
<SP HEIGHT="53" WIDTH="31" VPOS="3001" HPOS="804"/>
<String CONTENT="for" HEIGHT="51" WIDTH="94" VPOS="3001" HPOS="836"/>
<SP HEIGHT="33" WIDTH="30" VPOS="3019" HPOS="931"/>
<String CONTENT="vol." HEIGHT="55" WIDTH="108" VPOS="3001" HPOS="962"/>
<SP HEIGHT="52" WIDTH="32" VPOS="3004" HPOS="1071"/>
<String CONTENT="36." HEIGHT="47" WIDTH="80" VPOS="3004" HPOS="1104"/>
<SP HEIGHT="50" WIDTH="74" VPOS="3001" HPOS="1185"/>
<String CONTENT="Table" HEIGHT="51" WIDTH="175" VPOS="3001" HPOS="1260"/>
<SP HEIGHT="34" WIDTH="32" VPOS="3019" HPOS="1436"/>
<String CONTENT="of" HEIGHT="53" WIDTH="63" VPOS="3000" HPOS="1469"/>
<SP HEIGHT="53" WIDTH="29" VPOS="3000" HPOS="1533"/>
<String CONTENT="cases" HEIGHT="33" WIDTH="148" VPOS="3020" HPOS="1563"/>
<SP HEIGHT="33" WIDTH="37" VPOS="3021" HPOS="1712"/>
<String CS="1" CONTENT="&#8230;"/>
<SP HEIGHT="54" WIDTH="81" VPOS="3002" HPOS="1806"/>
<String CONTENT="St." HEIGHT="54" WIDTH="81" VPOS="3002" HPOS="1888"/>
<SP HEIGHT="51" WIDTH="31" VPOS="3004" HPOS="1970"/>
<String CONTENT="Paul." HEIGHT="53" WIDTH="164" VPOS="3004" HPOS="2002"/>
<SP HEIGHT="53" WIDTH="29" VPOS="3004" HPOS="2167"/>
<String CONTENT="West" HEIGHT="52" WIDTH="159" VPOS="3004" HPOS="2197"/>
</TextLine>
<TextLine HEIGHT="69" WIDTH="670" VPOS="3078" HPOS="438" STYLEREFS="StyleId-ADCB524D-185C-40D1-AE14-1FED572B712F-" LANG="en-US" CS="1">
<String CONTENT="publishing" HEIGHT="69" WIDTH="333" VPOS="3078" HPOS="438"/>
<SP HEIGHT="48" WIDTH="29" VPOS="3099" HPOS="772"/>
<String CONTENT="co." HEIGHT="34" WIDTH="77" VPOS="3098" HPOS="802"/>
<SP HEIGHT="34" WIDTH="35" VPOS="3112" HPOS="880"/>
<String STYLE="subscript" CONTENT="[" HEIGHT="34" WIDTH="12" VPOS="3112" HPOS="916"/>
<String STYLE="superscript" CS="1" CONTENT="&#7580;193"/>
<String CONTENT="2" HEIGHT="48" WIDTH="31" VPOS="3081" HPOS="1059"/>
<String STYLE="subscript" CONTENT="]" HEIGHT="33" WIDTH="13" VPOS="3111" HPOS="1095"/>
</TextLine>
<TextLine HEIGHT="49" WIDTH="275" VPOS="3166" HPOS="437" LANG="en-US" CS="1">
<String CONTENT="6" HEIGHT="39" WIDTH="26" VPOS="3167" HPOS="437"/>
<SP HEIGHT="48" WIDTH="27" VPOS="3167" HPOS="464"/>
<String CONTENT="p." HEIGHT="39" WIDTH="45" VPOS="3176" HPOS="492"/>
<SP HEIGHT="41" WIDTH="55" VPOS="3166" HPOS="538"/>
<String CONTENT="25" HEIGHT="39" WIDTH="56" VPOS="3166" HPOS="594"/>
<String STYLE="superscript" CS="1" CONTENT="&#7580;&#7504;"/>
<String CONTENT="." HEIGHT="9" WIDTH="10" VPOS="3198" HPOS="702"/>
</TextLine>
<TextLine HEIGHT="40" WIDTH="295" VPOS="3223" HPOS="437" LANG="en-US">
<String CONTENT="Cover-title." HEIGHT="40" WIDTH="295" VPOS="3223" HPOS="437"/>
</TextLine>
<TextLine HEIGHT="50" WIDTH="1917" VPOS="3277" HPOS="441" LANG="en-US">
<String CONTENT="This" HEIGHT="39" WIDTH="117" VPOS="3279" HPOS="441"/>
<SP HEIGHT="37" WIDTH="21" VPOS="3290" HPOS="559"/>
<String CONTENT="pamphlet" HEIGHT="48" WIDTH="246" VPOS="3279" HPOS="581"/>
<SP HEIGHT="39" WIDTH="24" VPOS="3279" HPOS="828"/>
<String CONTENT="is" HEIGHT="38" WIDTH="41" VPOS="3279" HPOS="853"/>
<SP HEIGHT="36" WIDTH="23" VPOS="3282" HPOS="895"/>
<String CONTENT="to" HEIGHT="36" WIDTH="47" VPOS="3282" HPOS="919"/>
<SP HEIGHT="39" WIDTH="23" VPOS="3279" HPOS="967"/>
<String CONTENT="be" HEIGHT="39" WIDTH="55" VPOS="3279" HPOS="991"/>
<SP HEIGHT="41" WIDTH="23" VPOS="3277" HPOS="1047"/>
<String CONTENT="fitted" HEIGHT="40" WIDTH="136" VPOS="3277" HPOS="1071"/>
<SP HEIGHT="40" WIDTH="24" VPOS="3277" HPOS="1208"/>
<String CONTENT="into" HEIGHT="40" WIDTH="104" VPOS="3277" HPOS="1233"/>
<SP HEIGHT="36" WIDTH="21" VPOS="3281" HPOS="1338"/>
<String CONTENT="the" HEIGHT="38" WIDTH="80" VPOS="3279" HPOS="1360"/>
<SP HEIGHT="37" WIDTH="23" VPOS="3288" HPOS="1441"/>
<String CONTENT="pocket" HEIGHT="47" WIDTH="170" VPOS="3278" HPOS="1465"/>
<SP HEIGHT="37" WIDTH="23" VPOS="3281" HPOS="1636"/>
<String CONTENT="at" HEIGHT="36" WIDTH="49" VPOS="3282" HPOS="1660"/>
<SP HEIGHT="36" WIDTH="26" VPOS="3282" HPOS="1710"/>
<String CONTENT="the" HEIGHT="39" WIDTH="81" VPOS="3279" HPOS="1737"/>
<SP HEIGHT="39" WIDTH="22" VPOS="3278" HPOS="1819"/>
<String CONTENT="back" HEIGHT="40" WIDTH="120" VPOS="3278" HPOS="1842"/>
<SP HEIGHT="40" WIDTH="24" VPOS="3278" HPOS="1963"/>
<String CONTENT="of" HEIGHT="39" WIDTH="51" VPOS="3279" HPOS="1988"/>
<SP HEIGHT="39" WIDTH="23" VPOS="3279" HPOS="2040"/>
<String CONTENT="the" HEIGHT="40" WIDTH="81" VPOS="3279" HPOS="2064"/>
<SP HEIGHT="29" WIDTH="23" VPOS="3290" HPOS="2146"/>
<String CONTENT="volume" HEIGHT="39" WIDTH="188" VPOS="3281" HPOS="2170"/>
</TextLine>
<TextLine HEIGHT="47" WIDTH="817" VPOS="3334" HPOS="368" LANG="en-US">
<String CONTENT="of" HEIGHT="38" WIDTH="51" VPOS="3336" HPOS="368"/>
<SP HEIGHT="39" WIDTH="24" VPOS="3336" HPOS="420"/>
<String CONTENT="the" HEIGHT="39" WIDTH="80" VPOS="3336" HPOS="445"/>
<SP HEIGHT="29" WIDTH="25" VPOS="3346" HPOS="526"/>
<String CONTENT="set" HEIGHT="37" WIDTH="72" VPOS="3339" HPOS="552"/>
<SP HEIGHT="36" WIDTH="26" VPOS="3339" HPOS="625"/>
<String CONTENT="to" HEIGHT="36" WIDTH="47" VPOS="3339" HPOS="652"/>
<SP HEIGHT="29" WIDTH="25" VPOS="3346" HPOS="700"/>
<String CONTENT="which" HEIGHT="39" WIDTH="157" VPOS="3335" HPOS="726"/>
<SP HEIGHT="38" WIDTH="26" VPOS="3334" HPOS="884"/>
<String CONTENT="it" HEIGHT="40" WIDTH="38" VPOS="3334" HPOS="911"/>
<SP HEIGHT="39" WIDTH="26" VPOS="3335" HPOS="950"/>
<String CONTENT="belongs." HEIGHT="46" WIDTH="208" VPOS="3335" HPOS="977"/>
</TextLine>
<TextLine HEIGHT="52" WIDTH="1660" VPOS="3400" HPOS="373" LANG="en-US" CS="1">
<String CONTENT="&#169;" HEIGHT="52" WIDTH="52" VPOS="3400" HPOS="373"/>
<SP HEIGHT="52" WIDTH="22" VPOS="3400" HPOS="426"/>
<String CONTENT="Nov." HEIGHT="40" WIDTH="116" VPOS="3405" HPOS="449"/>
<SP HEIGHT="40" WIDTH="23" VPOS="3405" HPOS="566"/>
<String CONTENT="30," HEIGHT="42" WIDTH="69" VPOS="3405" HPOS="590"/>
<SP HEIGHT="41" WIDTH="23" VPOS="3406" HPOS="660"/>
<String CS="1" CONTENT="1932;"/>
<SP HEIGHT="41" WIDTH="26" VPOS="3404" HPOS="824"/>
<String CONTENT="2c." HEIGHT="40" WIDTH="66" VPOS="3404" HPOS="851"/>
<SP HEIGHT="30" WIDTH="23" VPOS="3414" HPOS="918"/>
<String CONTENT="and" HEIGHT="38" WIDTH="94" VPOS="3405" HPOS="942"/>
<SP HEIGHT="38" WIDTH="22" VPOS="3405" HPOS="1037"/>
<String CONTENT="aff." HEIGHT="40" WIDTH="82" VPOS="3402" HPOS="1060"/>
<SP HEIGHT="39" WIDTH="24" VPOS="3403" HPOS="1143"/>
<String CONTENT="Dec." HEIGHT="41" WIDTH="110" VPOS="3403" HPOS="1168"/>
<SP HEIGHT="39" WIDTH="24" VPOS="3405" HPOS="1279"/>
<String CS="1" CONTENT="15;" HEIGHT="39" WIDTH="54" VPOS="3404" HPOS="1304"/>
<SP HEIGHT="39" WIDTH="27" VPOS="3405" HPOS="1385"/>
<!-- cceid 10D89B62-6D7D-1014-B4A5-D7A31D17AB40 --><String CONTENT="A" HEIGHT="37" WIDTH="40" VPOS="3405" HPOS="1413"/>
<SP HEIGHT="39" WIDTH="22" VPOS="3404" HPOS="1454"/>
<String CS="1" CONTENT="58435;" HEIGHT="40" WIDTH="142" VPOS="3404" HPOS="1477"/>
<SP HEIGHT="39" WIDTH="28" VPOS="3405" HPOS="1646"/>
<String CONTENT="West" HEIGHT="39" WIDTH="132" VPOS="3405" HPOS="1675"/>
<SP HEIGHT="45" WIDTH="24" VPOS="3407" HPOS="1808"/>
<String CONTENT="pub." HEIGHT="48" WIDTH="109" VPOS="3404" HPOS="1833"/>
<SP HEIGHT="29" WIDTH="24" VPOS="3416" HPOS="1943"/>
<String CONTENT="co." HEIGHT="29" WIDTH="65" VPOS="3415" HPOS="1968"/>
</TextLine>
<TextLine HEIGHT="67" WIDTH="1950" VPOS="3505" HPOS="371" STYLEREFS="StyleId-ADCB524D-185C-40D1-AE14-1FED572B712F-" LANG="en-US" CS="1">
<String CONTENT="Rothschild," HEIGHT="66" WIDTH="366" VPOS="3505" HPOS="371"/>
<SP HEIGHT="63" WIDTH="24" VPOS="3508" HPOS="738"/>
<String CONTENT="Henri" HEIGHT="51" WIDTH="186" VPOS="3508" HPOS="763"/>
<SP HEIGHT="52" WIDTH="23" VPOS="3507" HPOS="950"/>
<String CONTENT="James" HEIGHT="52" WIDTH="201" VPOS="3507" HPOS="974"/>
<SP HEIGHT="52" WIDTH="22" VPOS="3507" HPOS="1176"/>
<String CONTENT="Nathaniel" HEIGHT="54" WIDTH="322" VPOS="3506" HPOS="1199"/>
<SP HEIGHT="53" WIDTH="23" VPOS="3508" HPOS="1522"/>
<String CONTENT="Charles," HEIGHT="65" WIDTH="261" VPOS="3506" HPOS="1546"/>
<SP HEIGHT="63" WIDTH="25" VPOS="3508" HPOS="1808"/>
<String CS="1" CONTENT="baron" HEIGHT="35" WIDTH="138" VPOS="3525" HPOS="1871"/>
<SP HEIGHT="52" WIDTH="23" VPOS="3508" HPOS="2010"/>
<String LANG="de" CONTENT="de," HEIGHT="64" WIDTH="87" VPOS="3508" HPOS="2034"/>
<SP HEIGHT="59" WIDTH="27" VPOS="3513" HPOS="2122"/>
<String CONTENT="1872-" HEIGHT="53" WIDTH="171" VPOS="3509" HPOS="2150"/>
</TextLine>
<TextLine HEIGHT="69" WIDTH="1914" VPOS="3583" HPOS="444" STYLEREFS="StyleId-ADCB524D-185C-40D1-AE14-1FED572B712F-" LANG="fr" CS="1">
<String CONTENT="Croisi&#232;re" HEIGHT="54" WIDTH="278" VPOS="3583" HPOS="444"/>
<SP HEIGHT="33" WIDTH="34" VPOS="3603" HPOS="723"/>
<String CONTENT="autour" HEIGHT="47" WIDTH="203" VPOS="3589" HPOS="758"/>
<SP HEIGHT="52" WIDTH="33" VPOS="3584" HPOS="962"/>
<String CONTENT="de" HEIGHT="52" WIDTH="68" VPOS="3584" HPOS="996"/>
<SP HEIGHT="34" WIDTH="31" VPOS="3602" HPOS="1065"/>
<String CONTENT="mes" HEIGHT="35" WIDTH="115" VPOS="3602" HPOS="1097"/>
<SP HEIGHT="34" WIDTH="33" VPOS="3603" HPOS="1213"/>
<String CONTENT="souvenirs;" HEIGHT="67" WIDTH="318" VPOS="3584" HPOS="1247"/>
<SP HEIGHT="49" WIDTH="38" VPOS="3603" HPOS="1566"/>
<String CONTENT="pr&#233;face" HEIGHT="69" WIDTH="228" VPOS="3583" HPOS="1605"/>
<SP HEIGHT="52" WIDTH="35" VPOS="3585" HPOS="1834"/>
<String CONTENT="de" HEIGHT="52" WIDTH="69" VPOS="3585" HPOS="1870"/>
<SP HEIGHT="34" WIDTH="31" VPOS="3603" HPOS="1940"/>
<String CONTENT="m" HEIGHT="33" WIDTH="57" VPOS="3603" HPOS="1972"/>
<String LANG="en-US" CS="1" CONTENT="&#7504;&#7497;"/>
<SP HEIGHT="54" WIDTH="35" VPOS="3584" HPOS="2088"/>
<String CONTENT="Colette." HEIGHT="54" WIDTH="234" VPOS="3584" HPOS="2124"/>
</TextLine>
<TextLine HEIGHT="67" WIDTH="1976" VPOS="3660" HPOS="378" STYLEREFS="StyleId-ADCB524D-185C-40D1-AE14-1FED572B712F-" LANG="fr" CS="1">
<String CONTENT="[Par]" HEIGHT="65" WIDTH="151" VPOS="3661" HPOS="378"/>
<SP HEIGHT="65" WIDTH="44" VPOS="3661" HPOS="530"/>
<String CONTENT="Andr&#233;" HEIGHT="51" WIDTH="197" VPOS="3661" HPOS="575"/>
<SP HEIGHT="50" WIDTH="40" VPOS="3662" HPOS="773"/>
<String CONTENT="Pascal" HEIGHT="51" WIDTH="203" VPOS="3662" HPOS="814"/>
<SP HEIGHT="63" WIDTH="44" VPOS="3662" HPOS="1018"/>
<String CS="1" CONTENT="[pseud.]" HEIGHT="66" WIDTH="215" VPOS="3661" HPOS="1079"/>
<SP HEIGHT="65" WIDTH="79" VPOS="3661" HPOS="1295"/>
<String CONTENT="Henri" HEIGHT="51" WIDTH="185" VPOS="3661" HPOS="1375"/>
<SP HEIGHT="52" WIDTH="42" VPOS="3661" HPOS="1561"/>
<String CONTENT="de" HEIGHT="51" WIDTH="68" VPOS="3662" HPOS="1604"/>
<SP HEIGHT="51" WIDTH="39" VPOS="3661" HPOS="1673"/>
<String CONTENT="Rothschild." HEIGHT="52" WIDTH="356" VPOS="3661" HPOS="1713"/>
<SP HEIGHT="32" WIDTH="82" VPOS="3695" HPOS="2070"/>
<String CONTENT="[Paris]" HEIGHT="67" WIDTH="201" VPOS="3660" HPOS="2153"/>
</TextLine>
<TextLine HEIGHT="78" WIDTH="773" VPOS="3727" HPOS="372" STYLEREFS="StyleId-ADCB524D-185C-40D1-AE14-1FED572B712F-" LANG="fr">
<String CONTENT="&#201;mile-Paul" HEIGHT="62" WIDTH="362" VPOS="3727" HPOS="372"/>
<SP HEIGHT="52" WIDTH="29" VPOS="3737" HPOS="735"/>
<String CONTENT="fr&#232;res," HEIGHT="68" WIDTH="195" VPOS="3737" HPOS="765"/>
<SP HEIGHT="63" WIDTH="33" VPOS="3742" HPOS="961"/>
<String CONTENT="1932." HEIGHT="49" WIDTH="150" VPOS="3741" HPOS="995"/>
</TextLine>
<TextLine HEIGHT="49" WIDTH="703" VPOS="3823" HPOS="441" LANG="fr" CS="1">
<String CONTENT="2" HEIGHT="38" WIDTH="26" VPOS="3824" HPOS="441"/>
<SP HEIGHT="48" WIDTH="25" VPOS="3824" HPOS="468"/>
<String CONTENT="p." HEIGHT="37" WIDTH="44" VPOS="3835" HPOS="494"/>
<SP/>
<String CS="1" CONTENT="l.," HEIGHT="17" WIDTH="9" VPOS="3855" HPOS="598"/>
<SP HEIGHT="47" WIDTH="27" VPOS="3825" HPOS="608"/>
<String CONTENT="7-323" HEIGHT="40" WIDTH="142" VPOS="3824" HPOS="636"/>
<SP HEIGHT="47" WIDTH="24" VPOS="3825" HPOS="779"/>
<String CONTENT="p.," HEIGHT="38" WIDTH="58" VPOS="3834" HPOS="804"/>
<SP HEIGHT="46" WIDTH="27" VPOS="3824" HPOS="863"/>
<String CONTENT="1" HEIGHT="39" WIDTH="25" VPOS="3824" HPOS="891"/>
<SP/>
<String CS="1" CONTENT="l."/>
<SP HEIGHT="41" WIDTH="53" VPOS="3823" HPOS="974"/>
<String CONTENT="28" HEIGHT="41" WIDTH="58" VPOS="3823" HPOS="1028"/>
<String STYLE="superscript" CS="1" CONTENT="&#7580;&#7504;"/>
<String CONTENT="." HEIGHT="9" WIDTH="9" VPOS="3856" HPOS="1135"/>
</TextLine>
<TextLine HEIGHT="48" WIDTH="501" VPOS="3879" HPOS="441" LANG="en-US">
<String LANG="fr" CONTENT="An" HEIGHT="40" WIDTH="73" VPOS="3880" HPOS="441"/>
<SP HEIGHT="29" WIDTH="27" VPOS="3890" HPOS="515"/>
<String CONTENT="autobiography." HEIGHT="48" WIDTH="399" VPOS="3879" HPOS="543"/>
</TextLine>
<TextLine HEIGHT="51" WIDTH="1979" VPOS="3944" HPOS="377" CS="1">
<String LANG="fr" CONTENT="&#169;" HEIGHT="51" WIDTH="51" VPOS="3944" HPOS="377"/>
<SP HEIGHT="51" WIDTH="33" VPOS="3944" HPOS="429"/>
<String LANG="en-US" CONTENT="July" HEIGHT="47" WIDTH="115" VPOS="3948" HPOS="463"/>
<SP HEIGHT="45" WIDTH="30" VPOS="3950" HPOS="579"/>
<String LANG="fr" CONTENT="1," HEIGHT="41" WIDTH="40" VPOS="3950" HPOS="610"/>
<SP HEIGHT="41" WIDTH="32" VPOS="3950" HPOS="651"/>
<String LANG="fr" CS="1" CONTENT="1932;"/>
<SP/>
<String LANG="fr" CS="1" CONTENT="1c."/>
<SP HEIGHT="39" WIDTH="33" VPOS="3949" HPOS="924"/>
<String LANG="en-US" CONTENT="Aug." HEIGHT="45" WIDTH="118" VPOS="3949" HPOS="958"/>
<SP HEIGHT="39" WIDTH="34" VPOS="3949" HPOS="1077"/>
<String LANG="fr" CS="1" CONTENT="29;" HEIGHT="39" WIDTH="54" VPOS="3948" HPOS="1112"/>
<SP HEIGHT="39" WIDTH="35" VPOS="3950" HPOS="1194"/>
<!-- cceid 10D8B18E-6D7D-1014-B4A5-D7A31D17AB40 --><String LANG="fr" CONTENT="A&#8212;" HEIGHT="37" WIDTH="101" VPOS="3950" HPOS="1230"/>
<String LANG="en-US" CONTENT="Foreign" HEIGHT="44" WIDTH="204" VPOS="3948" HPOS="1333"/>
<SP HEIGHT="37" WIDTH="33" VPOS="3951" HPOS="1538"/>
<String LANG="fr" CONTENT="17838;" HEIGHT="45" WIDTH="168" VPOS="3950" HPOS="1572"/>
<SP HEIGHT="45" WIDTH="36" VPOS="3950" HPOS="1741"/>
<String LANG="fr" CONTENT="Henri" HEIGHT="39" WIDTH="152" VPOS="3950" HPOS="1778"/>
<SP HEIGHT="39" WIDTH="34" VPOS="3950" HPOS="1931"/>
<String LANG="fr" CONTENT="de" HEIGHT="37" WIDTH="56" VPOS="3952" HPOS="1966"/>
<SP HEIGHT="38" WIDTH="35" VPOS="3950" HPOS="2023"/>
<String LANG="fr" CONTENT="Rothschild," HEIGHT="48" WIDTH="297" VPOS="3947" HPOS="2059"/>
</TextLine>
<TextLine HEIGHT="48" WIDTH="500" VPOS="4004" HPOS="443" LANG="fr">
<String CONTENT="Paris." HEIGHT="40" WIDTH="153" VPOS="4004" HPOS="443"/>
<SP HEIGHT="46" WIDTH="69" VPOS="4005" HPOS="597"/>
<String CONTENT="(32-34095)" HEIGHT="48" WIDTH="276" VPOS="4004" HPOS="667"/>
</TextLine>
</TextBlock>
<GraphicalElement ID="Page1766_Block3" HEIGHT="18" WIDTH="114" VPOS="3976" HPOS="1036"/>
</PrintSpace>
</Page>
</Layout>
</alto>