2563 4368
1394 4076 101 51 960

453 453 307 67 Stribling,
788 456 257 55 Thomas
1074 454 361 68 Sigismund,
1467 462 169 50 1881-

521 533 121 53 The
668 539 151 48 store
851 533 91 68 [by]
993 535 65 51 T.
1089 533 57 55 S.
1177 533 302 69 Stribling.
1543 534 231 55 Garden
1803 533 153 69 City,
1983 534 69 54 N.
2084 534 90 68 Y.,
451 533 1970 146 Doubleday,

607 611 198 53 Doran
829 614 45 49 &
900 629 297 50 company,
1224 611 125 67 inc.,
1379 615 149 50 1932.

521 699 430 48 3 p. l., 571 p. 20½ ᶜᵐ.
523 755 162 41 “First
717 754 227 42 edition.”

460 822 52 53 ©
545 827 115 47 July
692 828 39 46 1,
764 825 140 48 1932;
938 827 66 40 2c.
1039 828 95 39 and
1166 826 82 41 aff.
1282 827 114 47 July
1429 827 53 42 6;
1517 827 41 39 A
1591 826 168 47 52927;
1795 828 52 40 T.
1885 829 43 40 S.
1967 827 247 50 Stribling,
2248 827 197 48 Clifton,

525 884 147 39 Tenn.
744 883 279 49 (32-26671)

452 985 276 67 Süskind,
757 986 272 55 Wilhelm
1061 986 366 66 Emmanuel,
1459 992 172 51 1901-

581 1064 1863 69 … Mary und ihr knecht, roman. Stuttgart, Berlin, Deutsche
449 1143 697 67 verlags-anstalt [ᶜ19 32]
520 1227 100 50 222,
656 1230 55 49 [1]
744 1241 44 37 p.
849 1228 55 41 19½ᶜᵐ.

522 1285 63 41 At
613 1286 125 41 head
765 1285 53 42 of
843 1286 109 40 title
969 1296 10 30 :
1009 1287 70 40 W.
1109 1286 52 41 E.
1191 1285 226 42 Süskind.

459 1354 1972 102 © Apr. 27, 1932; 1c. June 2; A—Foreign 17001; Deutsche verlagsanstalt.
795 1415 280 49 (32-17304)

454 1519 402 66 Upthegrove,
888 1519 174 66 Clair,
1094 1524 172 51 1884-

450 1595 1974 148 … The effect of the products of combustion on the shrinkage
581 1673 1861 70 of metal in the brass industry [by] C. Upthegrove … [and]
450 1751 1165 70 A. J. Herzig … [Ann Arbor] 1931.
520 1839 1926 50 3 p. l., 66 p. illus., diagrs. 23 ᶜᵐ. (Dept, of engineering research,
452 1895 1846 50 University of Michigan … Engineering research bulletin no. 22)
524 1953 1922 48 “The research … was initiated and financed by the Utilities research
450 2010 885 47 commission.”—Acknowledgment.

520 2067 348 50 Bibliography
886 2078 9 29 :
928 2078 43 37 p.
1001 2067 158 41 63-64.

459 2136 52 53 ©
541 2140 110 41 Dec.
680 2141 70 45 31,
779 2138 107 41 1931;
950 2138 67 41 2c.
1046 2139 113 47 Apr.
1187 2139 41 46 4,
1258 2137 139 47 1932;
1430 2137 82 41 aff.
1542 2137 126 40 June
1698 2139 80 45 11;
1811 2138 41 39 A
1881 2138 170 47 51466;
2085 2137 281 50 University
2396 2139 51 40 of

526 2197 258 47 Michigan,
811 2196 109 38 Ann
947 2196 170 38 Arbor.
1187 2194 279 47 (32-27354)

458 2298 486 56 Walker-Turner
973 2315 101 49 co.,
1104 2297 129 66 inc.,
1262 2295 327 70 Plainfield,
1615 2301 72 52 N.
1716 2299 58 53 J.

521 2376 452 56 Woodworker’s
1009 2376 334 67 handbook;
1383 2396 32 34 a
1451 2374 277 70 practical
1763 2376 234 53 manual
2032 2375 95 54 for
2164 2375 279 71 guidance

454 2455 56 54 in
574 2455 301 69 planning,
937 2455 300 69 installing
1300 2456 113 52 and
1477 2455 303 69 operating
1843 2473 190 51 power
2095 2455 345 69 workshops.

453 2532 1519 70 Plainfield, N. J., Walker-Turner co., inc. [ᶜ19 32]
520 2607 938 49 2 p. l., 7-127 p. illus., diagrs. 23½ ᶜᵐ.
523 2665 181 39 Folded
735 2664 264 49 blue-print
1029 2664 51 39 in
1110 2664 185 48 pocket.

458 2733 52 52 ©
539 2738 114 47 Apr.
683 2737 68 46 15,
782 2735 139 48 1932;
953 2736 67 41 2c.
1050 2736 113 47 Apr.
1194 2735 82 46 23;
1309 2734 81 41 aff.
1422 2735 115 47 July
1567 2735 52 47 2;
1651 2735 42 39 A
1722 2733 170 49 50997;
1925 2735 405 40 Walker-Turner
2361 2745 82 37 co.,

525 2793 90 40 inc.
687 2793 278 48 (32-11875)

450 2895 390 66 Washburne,
872 2895 274 56 Carleton
1175 2896 252 64 Wolsey,
1458 2900 169 50 1889-

522 2972 1920 69 Remakers of mankind, by Carleton Washburne … New
453 3051 1199 68 York, The John Day company [ᶜ19 32]
523 3122 571 50 5 p. l., 339, [1] p. 24 ᶜᵐ.
524 3181 102 39 The
659 3180 124 40 aims
817 3182 96 38 and
949 3178 286 48 viewpoints
1271 3180 52 39 of
1357 3180 190 40 leaders
1583 3179 53 40 of
1670 3178 307 41 educational
2015 3178 227 48 thinking
2275 3178 48 40 in
2360 3180 84 40 the

452 3235 198 42 various
683 3235 244 41 countries
959 3235 175 41 visited
1164 3237 60 47 by
1256 3237 83 39 the
1368 3237 177 39 author
1576 3236 49 39 in
1657 3246 29 30 a
1717 3238 111 38 tour
1859 3235 188 40 around
2077 3235 84 40 the
2191 3237 166 39 world.

459 3304 52 53 ©
548 3308 126 40 June
708 3309 40 46 2,
784 3307 113 41 1932;
963 3307 67 41 2c.
1066 3308 125 39 June
1225 3307 83 47 30;
1348 3307 80 40 aff.
1467 3308 126 39 June
1629 3306 81 47 28;
1750 3307 40 38 A
1827 3305 169 48 51960;
2038 3306 49 41 C.
2124 3306 317 49 Washburne,

526 3365 273 47 Winnetka,
829 3365 75 39 Ill.
975 3363 278 49 (32-26740)

451 3468 243 65 Wieser,
722 3469 183 55 Roda.

584 3542 1856 70 … Die v erbrecherhandschrift, von Roda Wieser … I. Die
452 3622 368 54 handschrift
869 3622 100 53 der
1019 3623 283 68 betrüger,
1352 3623 161 53 diebe
1562 3623 118 52 und
1732 3623 341 53 einbrecher.
2144 3621 186 70 Wien,
2380 3623 56 55 J.

455 3700 296 68 Springer,
783 3704 150 49 1930.

523 3771 1900 108 2 p. l., 96, [2] p. illus. (facsims.) 24 ᶜᵐ. (Kriminologische abhandlungen … hft. 6)
521 3884 182 42 Errata
731 3884 95 50 slip
851 3885 214 40 inserted
1094 3884 49 40 in
1172 3896 42 30 v.
1242 3886 24 38 1
1295 3885 215 42 between
1539 3884 59 41 2d
1626 3884 186 49 prelim,
1838 3884 103 40 leaf
1967 3884 96 40 and
2089 3895 45 37 p.
2164 3884 55 49 [1]

453 3952 1869 53 © Sept. 29, 1930; 1c. Dec. 9; A—Foreign 10390; Julius Springer.
534 4012 278 49 (32-16954)
