2563 4368
1311 4069 101 51 846

416 522 170 40 Issued
617 521 104 41 also
750 529 55 32 as
836 519 153 41 thesis
1031 518 107 49 (PH.
1202 517 33 48 D.)
1277 515 153 41 Johns
1463 513 222 50 Hopkins
1717 510 285 49 university.

416 578 348 50 Bibliography:
832 589 43 37 p.
916 575 215 42 100-104.

352 635 51 52 ©
431 639 113 47 Apr.
571 636 68 47 22,
668 634 139 47 1932;
836 635 67 40 2c.
930 633 95 40 and
1052 631 81 41 aff.
1163 632 112 46 May
1303 629 52 46 6;
1384 629 41 39 A
1451 627 143 41 51189;
1652 625 153 42 Johns
1834 624 220 48 Hopkins
2083 633 148 39 press.

430 693 278 49 (32-14723)

348 796 232 63 Starke,
609 794 254 65 Margot,
894 796 170 51 1896-

416 873 192 68 Junge
642 871 300 54 menschen
976 870 193 64 heute;
1211 884 216 50 roman,
1464 884 110 34 von
1606 865 234 67 Margot
1876 861 222 57 Starke.
347 858 1967 162 Leipzig,

483 951 187 66 Wien,
697 950 67 54 E.
792 951 64 51 P.
885 948 108 53 Tal
1018 949 46 51 &
1091 964 96 49 co.,
1218 947 148 52 1932.

420 1020 377 53 195, [1] p. 19 ᶜᵐ.
355 1067 1987 63 © Feb. 13, 1932; 1c. Apr. 13; A—Foreign 16469; E. P. Tal & co., verlag.
432 1136 280 50 (32-14652)

350 1225 307 65 Stribling,
687 1224 258 54 Thomas
974 1220 361 66 Sigismund,
1366 1224 173 51 1881-

420 1303 121 53 The
587 1309 166 61 store,
800 1301 77 68 by
922 1303 65 52 T.
1039 1300 56 56 S.
1146 1297 301 69 Stribling.
1522 1296 258 67 London,
1827 1296 90 54 W.
1965 1293 378 66 Heinemann,

350 1383 120 65 ltd.,
504 1385 152 50 1932.

420 1450 487 53 3 p. l. , 565 p. 20ᶜᵐ.
358 1499 1988 61 © 1c. May 21, 1932; A ad int. 16482; pubd. May 9; T. S. Stribling, Fort
426 1570 175 45 Myers,
632 1568 101 39 Fla.
805 1563 279 50 (32-15759)

360 1658 299 68 [Sullivan,
687 1658 172 67 Alan]
897 1660 172 51 1868-

421 1734 297 70 Antidote,
748 1734 76 70 by
860 1733 248 57 Sinclair
1138 1733 243 67 Murray
1436 1730 213 69 [pseud.]
1728 1729 256 69 London,
2017 1730 57 55 J.
2106 1729 241 67 Murray

358 1818 171 64 [1932]

422 1885 274 50 332 p. 19 ᶜᵐ.
426 1943 159 41 “First
617 1941 198 49 edition,
848 1940 158 42 1932.”

362 1992 1986 57 © 1c. May 28, 1932; A ad int. 16508; pubd. Apr. 4; Alan Sullivan,
429 2059 243 46 Pluckley,
707 2057 143 47 Kent,
885 2056 235 48 England.
1191 2053 277 50 (32-15770)

357 2146 280 67 Sullivan,
668 2146 155 54 John
856 2144 255 57 William
1142 2144 216 66 Navin,
1393 2148 173 52 1886-

425 2223 116 52 But
576 2221 94 53 for
703 2221 96 54 the
830 2239 169 50 grace
1031 2220 65 53 of
1129 2220 147 67 God,
1309 2220 75 68 by
1417 2220 56 53 J.
1507 2219 90 54 W.
1632 2220 71 52 N.
1739 2217 281 56 Sullivan.
2090 2216 261 70 London,

353 2299 56 54 J.
441 2299 155 69 Cape
629 2301 172 65 [1932]

426 2370 517 50 3 p. l. , 9-223 p. 20½ᶜᵐ.
364 2422 1988 56 © 1c. May 27, 1932; A ad int. 16456; pubd. Mar. 31; J. W. N. Sullivan,
432 2485 486 49 Chobham-Woking,
953 2486 192 48 Surrey,
1178 2486 237 47 England.
1485 2484 278 48 (32-15426)

358 2574 124 53 Tax
523 2575 109 52 law
673 2575 112 53 and
825 2576 161 51 other
1024 2576 229 66 general
1291 2575 137 53 laws
1467 2573 249 70 relating
1752 2579 60 48 to
1849 2572 261 56 taxation
2150 2572 64 54 of
2251 2572 97 54 the

426 2656 146 48 state
596 2652 64 52 of
683 2651 138 54 New
847 2652 181 67 York,
1052 2651 142 53 with
1218 2651 387 54 amendments
1632 2656 58 48 to
1716 2650 95 54 the
1839 2650 107 54 end
1973 2649 66 54 of
2063 2650 96 53 the
427 2649 1899 133 legislative

427 2725 1922 153 session of 1932, edited by Ralph E. Rogers … completely indexed. New York, Baker, Voorhis & company;
427 2883 250 69 Albany,
701 2883 70 54 N.
799 2884 70 53 Y.
899 2885 113 52 and
1038 2884 139 54 New
1205 2883 179 70 York,
1411 2884 69 53 N.
1509 2884 92 69 Y.,
1625 2884 79 53 M.
1733 2884 226 54 Bender
1985 2884 44 50 &
2055 2899 297 54 company,

428 2961 417 68 incorporated,
880 2964 150 51 1932.

461 3065 8 17 v,
500 3034 143 40 7-503
670 3044 46 38 p.
777 3033 57 41 23ᶜᵐ.

367 3088 51 52 ©
449 3094 114 46 May
589 3092 70 47 23,
689 3090 139 49 1932;
860 3091 66 41 2c.
958 3094 94 38 and
1081 3092 83 40 aff.
1194 3092 114 49 May
1335 3092 83 47 24;
1449 3092 41 39 A
1519 3092 170 47 52139;
1723 3092 235 42 Matthew
1987 3092 188 39 Bender
2206 3097 38 40 &
2271 3102 82 39 co.,

434 3149 105 46 inc.,
567 3150 95 39 and
689 3147 175 49 Baker,
892 3148 208 40 Voorhis
1125 3149 36 40 &
1186 3160 80 37 co.,
1295 3149 89 40 inc.
1451 3147 280 51 (32-14676)

362 3236 124 54 Tax
516 3239 111 51 law
656 3238 64 51 of
748 3239 96 53 the
870 3242 147 50 state
1048 3239 63 53 of
1140 3241 139 52 New
1309 3240 180 67 York,
1517 3238 321 70 provisions
1869 3239 64 53 of
1959 3240 96 52 the
2086 3241 125 52 Tax
2238 3238 112 53 law

431 3312 64 55 of
519 3315 96 52 the
640 3319 144 50 state
808 3315 65 53 of
898 3315 137 53 New
1064 3316 164 52 York
1251 3315 249 71 relating
1523 3322 59 48 to
1607 3317 146 52 local
1780 3320 377 64 assessments,
2183 3314 173 70 being

431 3392 96 52 the
562 3392 125 53 first
721 3392 157 69 eight
915 3393 223 53 articles
1174 3392 244 70 thereof,
1454 3394 114 52 and
1605 3392 240 55 sections
1881 3395 119 65 205,
2037 3393 157 68 219-j
2240 3393 112 52 and

431 3470 177 66 219-1,
636 3468 142 55 with
808 3471 389 52 amendments
1223 3475 59 48 to
1311 3470 98 53 the
1437 3471 109 53 end
1576 3470 65 53 of
1668 3471 99 53 the
1795 3470 320 71 legislative
2141 3469 211 55 session

432 3546 65 51 of
538 3549 149 49 1932.
767 3547 292 68 Prepared
1104 3546 94 55 for
1239 3547 96 53 the
1376 3551 144 49 state
1565 3548 125 52 Tax
1732 3546 374 56 commission.
433 3546 1896 144 Completely

685 3622 258 56 indexed.
1021 3623 139 54 New
1201 3624 179 70 York,
1421 3624 207 68 Baker,
1667 3624 249 55 Voorhis
1958 3627 46 51 &
2043 3641 307 52 company;

434 3699 248 68 Albany,
708 3700 69 52 N.
804 3701 71 51 Y.
904 3702 114 51 and
1043 3702 138 51 New
1207 3701 180 68 York,
1413 3702 69 51 N.
1511 3702 91 66 Y.,
1625 3702 80 52 M.
1733 3702 226 53 Bender
1986 3704 45 50 &
2058 3718 296 51 company,

434 3775 416 70 incorporated,
885 3780 150 51 1932.

433 3847 518 50 1 p. l. , 7-162 p. 23ᶜᵐ.
373 3901 51 51 ©
460 3907 113 46 May
604 3906 69 48 24,
708 3905 113 42 1932;
883 3906 65 42 2c.
985 3909 95 38 and
1114 3907 82 41 aff.
1232 3908 113 48 May
1377 3907 56 41 25;
1497 3908 41 39 A
1572 3907 141 41 51521;
1780 3908 235 42 Matthew
2050 3910 191 39 Bender
2272 3918 81 38 co.,

441 3962 103 48 inc.,
577 3965 95 38 and
704 3963 174 50 Baker,
909 3963 205 40 Voorhis
1146 3964 36 40 &
1213 3973 82 41 co.,
1327 3963 91 40 inc.
1488 3964 280 49 (32-14677)
