2563 4368
1015 4081 132 50 1501

105 455 119 52 The
274 452 421 66 Emancipator
752 451 331 72 (complete)
1141 450 305 72 published
1489 451 76 71 by
1611 452 181 55 Elihu
1840 452 260 68 Embree,

173 532 452 67 Jonesborough,
670 532 326 66 Tennessee,
1042 531 161 66 1820;
1252 548 30 34 a
1326 529 222 69 reprint
1591 529 66 53 of
1698 528 96 55 the
173 529 1902 149 Emancipator,
397 614 57 48 to
495 609 184 53 which
720 628 94 34 are
855 609 184 52 added
1080 628 31 33 a
1150 607 398 69 biographical
1587 607 192 55 sketch
1821 608 65 54 of
1924 607 177 55 Elihu

174 688 258 65 Embree,
464 689 205 51 author
700 688 111 52 and
845 686 293 67 publisher
1168 685 64 54 of
1260 684 98 55 the
1386 684 428 69 Emancipator,
1847 687 111 52 and
1989 693 113 47 two

171 765 251 53 hitherto
476 763 383 68 unpublished
914 764 373 66 anti-slavery
1339 762 324 54 memorials
1715 764 239 68 bearing
2006 763 96 53 the

171 843 292 68 signature
499 842 64 53 of
598 841 176 53 Elihu
811 840 257 54 Embree.
1140 840 315 69 Nashville,
1491 842 196 67 Tenn.,
1723 843 68 52 B.
1827 842 78 53 H.
171 841 1906 148 Murphy,
336 924 149 49 1932.

172 998 817 51 xi, 112 p. illus. (facsim.) 25 ½ᶜᵐ.
175 1059 153 40 Seven
354 1057 240 47 numbers,
622 1056 164 40 issued
813 1056 233 48 monthly,
1075 1055 138 49 April
1240 1059 48 37 to
1318 1056 219 49 October,
1563 1055 128 42 1820.

173 1114 208 42 “Sketch
405 1114 52 40 of
480 1114 82 40 the
586 1113 191 47 author,
803 1112 62 48 by
889 1112 140 40 Robt.
1056 1112 61 40 H.
1142 1111 190 42 White”:
1389 1124 43 37 p.
1461 1112 156 50 [v]-xi.

171 1170 350 49 Bibliography
546 1171 52 39 at
623 1170 92 39 end
739 1170 52 40 of
815 1169 169 41 sketch
1018 1167 67 50 (p.
1110 1168 76 48 xi)

106 1237 51 51 ©
201 1241 125 47 Sept.
367 1240 70 48 21,
477 1239 140 47 1932;
659 1237 68 42 2c.
767 1240 96 39 and
903 1238 81 41 aff.
1026 1239 102 40 Oct.
1168 1240 25 38 7;
1263 1240 41 37 A
1345 1239 142 40 56281;
1558 1241 259 47 Benjamin
1860 1242 242 40 Harrison

172 1298 222 47 Murphy.
465 1295 279 48 (32-28811)

100 1415 245 65 Erving,
382 1416 259 64 Eugene.

170 1491 121 54 The
327 1490 334 69 presidency
701 1493 111 51 and
848 1489 343 71 hierocracy,
1229 1493 74 67 by
1343 1494 233 67 Eugene
1615 1494 239 68 Erving.
100 1496 1972 142 Portland,

284 1569 149 67 Ore.,
462 1570 265 67 Croyden
754 1568 335 69 publishing
1117 1588 295 50 company,
1444 1575 149 49 1932.

170 1640 578 51 30 p. 19 ½ᶜᵐ. $0.50
102 1709 52 52 ©
188 1714 125 47 Sept.
346 1712 70 48 22,
448 1713 114 40 1932;
624 1714 65 38 2c.
723 1714 95 39 and
850 1713 81 40 aff.
967 1713 128 47 Sept.
1127 1712 55 41 27;
1243 1713 40 39 A
1316 1713 143 41 55279;
1523 1714 219 48 Croyden
1774 1715 108 48 pub.
1916 1726 67 30 co.

179 1769 280 50 (32-28928)

100 1889 205 62 Evers,
336 1889 205 55 Helen.

167 1964 140 54 This
333 1964 148 54 little
507 1962 119 71 pig,
651 1964 74 68 by
752 1964 184 54 Helen
963 1965 45 51 &
1037 1963 110 52 Alf
1174 1964 194 53 Evers.
1435 1964 137 52 New
1603 1964 177 68 York,
1810 1966 213 56 Farrar
2050 1968 45 50 &

98 2040 964 70 Rinehart, incorporated [ ᶜ1 932]
169 2112 699 51 [32] p. col. illus. 20 × 24 ᶜᵐ.
100 2183 51 50 ©
190 2187 101 39 Oct.
329 2187 39 47 6,
404 2186 140 47 1932;
582 2187 67 39 2c.
687 2187 101 39 Oct.
826 2187 81 46 11;
947 2186 83 39 aff.
1069 2187 101 39 Oct.
1210 2188 52 45 7;
1301 2187 42 38 A
1380 2188 169 46 56441;
1590 2189 60 38 H.
1690 2189 152 39 Evers
1879 2190 96 38 and
2011 2189 86 39 Alf

167 2244 164 42 Evers,
369 2243 303 46 Woodstock,
707 2243 56 38 N.
800 2244 53 38 Y.
924 2242 279 48 (32-28833)

97 2358 157 66 Feld,
284 2360 153 53 Rose
467 2359 287 66 Caroline,
786 2365 172 50 1895-

229 2434 1863 72 … A young man of fifty. New York, E. P. Dutton & co.,
96 2511 335 70 inc. [ ᶜ1 932]
163 2582 88 41 250
286 2595 43 37 p.
397 2582 58 41 19½ᶜᵐ.

165 2640 65 40 At
259 2641 125 39 head
417 2641 52 39 of
501 2640 109 41 title:
673 2641 126 41 Rose
875 2673 7 8 C.
917 2641 133 42 Feld.

166 2696 161 41 “First
360 2696 227 42 edition.”

99 2766 51 51 ©
185 2770 101 41 Oct.
320 2771 39 48 6,
392 2769 114 42 1932;
568 2770 67 41 2c.
669 2772 95 38 and
798 2770 80 40 aff.
915 2771 101 40 Oct.
1052 2771 24 40 8;
1139 2771 42 39 A
1214 2771 143 40 55416;
1420 2773 52 38 E.
1507 2773 51 40 P.
1593 2773 188 40 Dutton
1813 2774 37 39 &
1883 2783 83 36 co.,
2000 2771 92 43 inc.

175 2827 278 49 (32-28825)

95 2944 487 67 Feuchtwanger,
611 2944 165 67 Lion,
808 2951 171 50 1884-

226 3020 1860 70 … Josephus; translated by Willa and Edwin Muir. New
97 3098 176 67 York,
304 3099 120 52 The
456 3098 221 69 Viking
706 3116 173 50 press,
912 3101 149 50 1932.

160 3169 542 49 4 p. l. , 3-504 p. 21½ ᶜᵐ.
96 3240 51 51 ©
178 3243 101 41 Oct.
309 3245 40 46 7,
377 3242 113 42 1932;
548 3245 66 39 2c.
646 3244 103 40 Oct.
779 3243 56 41 10;
894 3243 80 40 aff.
1008 3244 102 40 Oct.
1140 3245 26 40 8;
1225 3244 41 39 A
1295 3245 146 40 55516;
1500 3245 178 49 Viking
1705 3257 149 38 press,
1886 3247 90 40 inc.

173 3299 280 50 (32-28823)

93 3408 180 67 Field,
301 3410 220 53 Rachel
547 3411 248 65 Lyman,
827 3416 171 50 1894-

164 3487 121 52 The
317 3487 130 52 bird
482 3487 184 69 began
701 3495 58 47 to
795 3489 146 67 sing,
975 3489 75 67 by
1087 3489 213 53 Rachel
1337 3490 194 64 Field;
1573 3490 249 67 pictures
1858 3490 76 66 by
1971 3490 114 52 Ilse

97 3563 1479 70 Bischoff. New York, W. Morrow & co. [ ᶜ1 932]
166 3637 1347 51 64 p. col. front., illus. (part col.) col. plates. 22 ᶜᵐ.
96 3703 51 50 ©
188 3708 127 47 Sept.
352 3707 69 47 22,
460 3706 140 47 1932;
639 3709 66 38 2c.
745 3709 96 39 and
879 3708 82 40 aff.
1002 3709 127 47 Sept.
1169 3709 82 47 24;
1293 3710 41 38 A
1371 3710 168 46 55243;
1582 3710 55 40 R.
1678 3710 137 39 Field
1854 3710 96 39 and
1989 3711 97 38 Ilse

163 3762 228 48 Bischoff,
422 3764 115 39 New
567 3764 145 39 York.
782 3763 278 49 (32-26990)

92 3870 120 52 The
243 3870 383 66 Fortnightly
654 3871 206 53 review.
949 3893 89 34 no.
1069 3873 119 68 791,
1218 3893 53 33 n.
1304 3893 60 50 s.,
1394 3875 318 53 November
1744 3878 47 65 1,
1824 3878 149 49 1932.

95 3952 51 53 ©
206 3970 37 28 1c.
272 3958 117 40 Nov.
420 3957 40 43 9,
489 3957 114 42 1932;
661 3960 42 38 A
732 3961 61 38 ad
822 3960 84 40 int.
940 3960 142 40 17044;
1144 3962 139 47 pubd.
1316 3962 117 39 Nov.
1465 3962 25 38 1;
1552 3961 309 48 Fortnightly
1893 3960 189 50 review,

162 4014 100 47 ltd.,
293 4015 209 40 London.
