2563 4368
1088 4030 100 54 857

172 421 208 65 Adam,
413 421 161 64 Karl,
610 418 168 56 1876-

246 497 165 55 Saint
446 495 338 70 Augustine,
821 494 95 52 the
954 493 238 69 odyssey
1230 491 64 54 of
1330 492 89 54 his
1457 493 141 66 soul,
1634 492 74 69 by
1745 492 150 52 Karl
1932 491 219 68 Adam;

174 575 311 54 translated
513 574 74 69 by
615 574 149 51 Dorn
791 572 196 54 Justin
1016 570 278 55 McCann.
1368 571 137 53 New
1537 571 179 67 York,
1747 571 120 52 The
170 570 1961 137 Macmillan

295 671 293 50 company,
621 654 149 50 1932.

271 724 477 50 v p., 1 l., 65 p. 19½ᶜᵐ.
244 777 1910 51 “A centenary address … delivered … in honor of St. Augustine.”—
171 839 291 41 Publisher’s
494 840 124 39 note.

241 895 201 41 “Notes”:
500 906 43 37 p.
573 894 156 41 59-65.

171 955 51 51 ©
251 960 123 38 June
403 960 24 37 7,
469 957 113 40 1932;
638 957 67 41 2c.
735 959 93 38 and
859 956 80 39 aff.
968 957 125 39 June
1122 957 51 46 8;
1203 956 40 39 A
1271 956 170 47 52368;
1474 955 279 41 Macmillan
1783 966 66 30 co.

247 1015 277 46 (32-15419)

165 1117 338 65 Aldington,
539 1117 274 65 Richard,
851 1122 169 49 1892-

237 1194 284 69 Stepping
573 1195 391 67 heavenward,
1019 1214 30 33 a
1104 1194 213 67 record,
1368 1194 75 69 by
1496 1194 254 53 Richard
1803 1193 341 69 Aldington.

162 1273 255 67 London,
453 1273 209 54 Chatto
694 1277 51 49 &
777 1273 263 67 Windus,
1076 1276 150 51 1931.

235 1345 1504 50 3 p. l. , 63, [1] p. 19 ᶜᵐ. (Half-title: The Dolphin books)
236 1405 40 37 A
311 1403 175 47 satire;
527 1403 262 47 ostensibly
826 1402 82 41 the
943 1403 86 39 life
1065 1402 52 40 of
1152 1404 199 40 Blessed
1388 1404 194 45 Jeremy
1620 1403 185 42 Cibber,
1844 1402 106 40 first
165 1403 1967 97 American

300 1460 237 46 beatified,
566 1460 105 39 who
700 1461 255 38 converted
985 1461 219 45 England
1233 1462 48 37 to
1311 1459 326 40 Catholicism.

167 1518 51 51 ©
272 1534 35 28 1c.
335 1522 125 48 Sept.
485 1521 68 41 24,
577 1522 112 39 1931;
743 1523 39 37 A
805 1523 60 38 ad
890 1522 84 40 int.
1001 1521 141 40 15502;
1196 1522 139 47 pubd.
1363 1522 115 47 July
1501 1521 82 48 29;
1613 1523 53 39 R.
1691 1521 275 49 Aldington,
1993 1521 156 42 Paris.

244 1579 247 48 (32-7171)

162 1682 214 64 Alling,
405 1683 138 53 Mrs.
571 1682 182 53 Jeane
781 1681 209 55 Cooke.

226 1757 57 53 A
315 1757 170 54 silent
518 1757 225 53 witness
779 1757 60 52 in
876 1756 133 53 four
1045 1757 295 67 centuries,
1374 1757 75 68 by
1485 1757 177 54 Jeane
1702 1755 188 56 Cooke
1923 1756 222 71 Alling.

156 1834 343 69 Northford,
529 1833 197 69 Conn.,
759 1836 150 52 1931.

224 1905 982 50 3 p. l. , 52 p. incl. illus., facsims. 23½ ᶜᵐ.
229 1963 111 41 Story
401 1963 53 40 of
483 1965 81 39 the
597 1964 291 40 restoration
922 1964 52 39 of
1003 1974 29 30 a
1066 1963 312 41 seventeenth
1409 1964 202 46 century
1644 1962 315 42 Connecticut
1990 1964 150 40 home.

165 2019 50 51 ©
244 2023 108 39 Dec.
380 2022 69 47 21,
477 2021 112 41 1931;
644 2023 67 39 2c.
740 2023 94 38 and
861 2022 82 40 aff.
972 2022 109 39 Jan.
1109 2021 40 47 2,
1177 2020 113 41 1932;
1348 2022 41 38 A
1415 2022 146 40 45778;
1618 2022 44 41 J.
1690 2022 48 40 C.
1768 2021 175 48 Ailing,
230 2021 1897 105 Northford,

384 2079 145 40 Conn.
599 2078 278 48 (32-15287)

158 2182 210 64 Baker,
395 2184 139 50 Mrs.
564 2181 306 53 Elizabeth
909 2180 328 66 (Hopkins)
1277 2186 171 49 1895-

224 2256 302 54 Mullikins
565 2256 64 54 of
664 2257 337 69 Maryland;
1044 2275 72 34 an
1156 2262 238 48 account
1432 2256 64 53 of
1534 2257 98 53 the
1669 2257 372 54 descendants
2079 2257 65 54 of

156 2334 190 54 James
380 2334 274 52 Mullikin
689 2334 63 53 of
783 2335 95 52 the
913 2339 238 48 western
1185 2334 163 54 shore
1381 2334 64 54 of
1478 2335 329 69 Maryland,
1840 2335 76 69 by
155 2336 1963 129 Elizabeth

313 2411 268 69 Hopkins
608 2412 205 53 Baker.
881 2410 159 57 State
1070 2411 246 70 College,
1344 2413 121 68 Pa.,
1495 2411 301 54 Elizabeth
1826 2413 78 53 H.
1936 2413 209 68 Baker,

157 2492 148 51 1932.

225 2561 1268 51 3 p. l., 204 p. plates, ports., coats of arms. 23½ᶜᵐ.
225 2617 259 41 “Sources”:
545 2628 44 38 p.
637 2618 100 50 [183]

164 2672 50 51 ©
243 2677 124 41 June
395 2678 39 46 3,
465 2676 112 41 1932;
636 2676 64 41 2c.
732 2677 125 40 June
887 2677 29 39 6;
973 2675 81 43 aff.
1084 2676 125 40 June
1239 2676 54 39 15;
1351 2676 41 39 A
1422 2677 143 41 52578;
1626 2679 50 38 E.
1709 2678 60 40 H.
1801 2678 174 41 Baker.

239 2733 276 47 (32-15346)

156 2836 166 66 Barr,
353 2837 168 52 Arvil
554 2837 320 64 Sylvester,
912 2841 170 50 1892-

157 2913 1955 130 … An annotated bibliography on the methodology of scientific
309 2991 1826 70 research as applied to education, by A. S. Barr … and
156 3066 1957 148 Mabel Rudisill … Madison, Wis., Bureau of educational research,
399 3147 1012 69 University of Wisconsin, ᶜ1 931.
229 3220 1911 49 2 p. l., 3-129 p. 23 ᶜᵐ. (University of Wisconsin. Bulletin of the
161 3277 190 40 Bureau
379 3278 51 38 of
453 3277 308 41 educational
789 3278 237 39 research,
1082 3288 74 28 no.
1185 3278 69 40 13.
1311 3279 138 47 June,
1479 3278 138 50 1931)

164 3328 50 51 ©
244 3334 112 47 July
385 3335 39 46 3,
454 3333 112 41 1931;
624 3334 67 40 2c.
721 3334 111 48 Apr.
865 3335 39 46 5,
934 3334 113 40 1932;
1108 3334 80 40 aff.
1221 3334 109 41 Feb.
1363 3336 27 39 8;
1447 3336 41 38 A
1517 3335 144 41 49689;
1723 3338 195 39 Bureau
1948 3340 52 38 of
229 3339 1892 90 educational

466 3391 234 39 research.
731 3391 279 47 University
1038 3391 52 40 of
1117 3390 283 41 Wisconsin.
1467 3392 254 47 (31-27838
1740 3393 120 47 rev.)

158 3490 185 66 Beals,
378 3492 291 65 Carleton,
705 3498 170 49 1893-

227 3568 234 54 Banana
504 3570 133 67 gold
685 3569 109 68 [by]
843 3569 269 55 Carleton
1155 3571 195 66 Beals;
1395 3569 380 57 illustrations
1818 3575 73 67 by
1935 3573 199 55 Carlos

156 3644 236 54 Merida.
467 3647 405 66 Philadelphia
905 3651 45 50 &
983 3648 257 65 London,
1272 3650 56 52 J.
1363 3650 67 51 B.
1465 3649 339 67 Lippincott
1837 3669 296 53 company,

159 3726 147 50 1932.

227 3798 84 40 367
339 3809 41 38 p.
438 3799 85 39 col.
550 3798 163 47 front.,
742 3797 127 40 illus.
926 3796 55 39 22½ᶜᵐ.

231 3853 208 41 “Second
468 3852 257 49 printing.”

163 3912 50 51 ©
240 3917 109 46 Apr.
378 3916 68 46 20,
474 3915 111 40 1932;
641 3914 65 41 2c.
736 3916 93 38 and
858 3914 81 40 aff.
968 3915 126 39 June
1121 3915 53 39 11;
1233 3915 40 39 A
1301 3916 141 40 52671;
1502 3917 50 41 C.
1581 3919 159 48 Beals,
1767 3921 117 41 New
1913 3923 128 39 York
