2563 4368
1159 4105 132 54 1847

288 555 1835 54 3 p. l., v-vii p., 1 l., 330 p. incl. illus., double plates. front. 20 ½ᶜᵐ .
290 617 285 41 Illustrated
605 616 361 49 lining-papers.

293 672 164 43 “First
489 670 227 45 edition.”

224 741 50 50 ©
309 745 117 39 Nov.
460 745 39 40 1,
533 743 139 41 1932;
708 745 67 38 2c.
809 745 94 38 and
939 742 81 41 aff.
1055 743 116 38 Nov.
1207 742 81 45 15;
1325 742 40 38 A
1398 741 170 45 57484;
1608 741 96 39 Sax
1741 741 223 45 Rohmer,
1999 740 211 38 London.

300 800 279 48 (32-34790)

225 904 214 66 [Ward,
468 903 168 64 Lynd
667 901 265 68 Kendall]
970 907 171 49 1905-

287 979 160 55 Wild
473 978 359 70 pilgrimage.
896 978 140 53 New
1063 977 163 53 York
1276 977 78 52 [H.
1387 976 189 56 Smith
1605 978 51 51 &
1684 976 69 52 R.
1782 976 161 53 Haas]
1999 978 149 50 1932.

288 1050 509 49 5 p. l. , 95 pl. 25ᶜᵐ.
288 1109 42 38 A
356 1107 140 41 novel
521 1108 50 39 in
598 1108 246 40 woodcuts
871 1107 62 47 by
959 1106 136 47 Lynd
1121 1105 164 41 Ward.

225 1176 51 51 ©
305 1181 114 37 Nov.
448 1179 68 41 23.
546 1179 112 39 1932;
715 1179 66 39 2c.
811 1180 94 38 and
933 1178 81 40 aff.
1045 1179 112 39 Dec.
1186 1179 27 39 7;
1269 1178 40 38 A
1337 1177 143 41 57359;
1538 1178 50 39 L.
1618 1178 163 39 Ward.
1811 1175 240 48 Palisade,
2081 1176 57 38 N.
2169 1176 41 39 J.

302 1236 278 48 (32-34073)

223 1340 264 65 Wasson,
522 1340 226 64 George
780 1340 248 63 Savary,
1063 1344 173 50 1855-

295 1415 227 68 Sailing
558 1416 140 67 days
735 1436 72 34 on
842 1416 96 54 the
976 1416 342 66 Penobscot;
1357 1416 97 53 the
1491 1416 152 52 river
1681 1415 112 53 and
1831 1415 111 66 bay
1979 1433 58 34 as
2073 1414 136 66 they

227 1512 140 34 were
398 1493 60 52 in
489 1493 96 53 the
615 1494 95 52 old
740 1494 159 66 days,
928 1494 75 66 by
1034 1493 220 67 George
1288 1493 58 55 S.
1376 1493 270 64 Wasson;
1682 1491 139 54 with
1855 1511 32 34 a
1917 1490 197 55 record
2147 1491 63 53 of

229 1572 199 51 vessels
479 1571 150 53 built
677 1571 175 67 there,
904 1570 280 68 compiled
1233 1571 75 66 by
1358 1570 243 53 Lincoln
1652 1569 262 56 Colcord.
2003 1568 207 66 Salem,

223 1646 188 69 Mass.,
437 1647 225 54 Marine
687 1648 257 53 research
971 1647 229 67 society,
1232 1651 150 50 1932.

298 1720 96 48 xiv,
432 1720 86 40 465
556 1731 44 38 p.
666 1720 164 49 front.,
870 1721 172 49 plates.
1106 1720 117 41 24ᶜᵐ.
1294 1720 204 50 [Marine
1537 1721 226 40 research
1801 1719 196 49 society,
2040 1720 173 47 Salem,

227 1777 145 41 Mass.
432 1776 306 42 Publication
766 1788 74 30 no.
871 1777 71 50 24]

296 1834 140 49 Maps
470 1845 60 29 on
565 1834 361 49 lining-papers.

228 1887 51 52 ©
304 1892 118 39 Nov.
444 1891 69 47 22,
537 1891 112 40 1932;
702 1891 67 40 2c.
793 1892 117 39 Nov.
934 1892 54 37 21;
1043 1890 81 41 aff.
1149 1891 115 39 Nov.
1290 1891 55 39 30;
1398 1891 41 38 A
1463 1891 142 39 57276;
1660 1890 188 40 Marine
1874 1890 223 40 research
2123 1901 93 31 soc.

305 1948 278 49 (32-34806)

225 2050 227 64 Welles,
481 2052 206 62 Henry
714 2051 253 63 Hunter,
1000 2052 170 53 1897-

293 2127 121 53 The
449 2133 410 47 measurement
898 2126 64 54 of
1001 2125 214 54 certain
1254 2131 218 64 aspects
1513 2126 64 53 of
1616 2126 353 69 personality
2009 2143 208 53 among

225 2203 1927 69 hard of hearing adults, by Henry Hunter Welles, 3rd …
225 2280 311 54 Published
581 2280 140 53 with
766 2281 95 52 the
907 2282 281 67 approval
1233 2280 65 52 of
1343 2280 301 54 Professor
1689 2280 223 54 Rudolf
1957 2280 261 69 Pintner,

224 2373 252 53 sponsor.
546 2358 138 53 New
718 2358 163 53 York
913 2358 134 69 city,
1081 2357 278 54 Teachers
1392 2357 228 70 college,
1656 2357 301 55 Columbia
225 2358 1967 146 university,
385 2438 151 50 1932.

295 2508 100 46 viii,
433 2509 56 39 77
525 2519 44 37 p.
629 2507 145 40 23½ᶜᵐ.
848 2508 263 48 (Teachers
1151 2507 190 49 college,
1385 2507 249 41 Columbia
1676 2507 285 49 university.
225 2508 1976 97 Contributions
446 2568 49 37 to
522 2565 271 47 education,
823 2575 72 30 no.
924 2564 109 49 545)

299 2621 170 40 Issued
497 2622 102 39 also
626 2631 54 29 as
707 2620 154 41 thesis
900 2621 106 48 (ph.
1035 2621 65 47 d.)
1140 2619 249 42 Columbia
1421 2620 284 48 university.

297 2677 372 47 Bibliography:
699 2688 44 37 p.
772 2676 157 43 70-72.

233 2732 51 51 ©
317 2736 116 40 Nov.
466 2736 39 42 2,
540 2735 112 41 1932;
715 2735 67 41 2c.
815 2736 115 39 Nov.
967 2734 80 48 19;
1085 2736 81 39 aff.
1202 2736 116 40 Nov.
1352 2735 82 42 25;
1472 2736 40 38 A
1546 2736 169 46 58075;
1753 2736 239 40 Teachers
2027 2735 192 47 college,

301 2791 246 41 Columbia
580 2792 128 40 univ.
779 2791 278 48 (32-35192)

227 2895 194 65 Wells,
455 2896 257 54 Herbert
745 2896 244 65 George,
1025 2902 170 50 1866-

360 2971 1858 69 … The human mind and the behaviour of man, by H. G.
227 3048 1992 70 Wells, Julian S. Huxley, and G. P. Wells … Garden City,
230 3127 68 53 N.
327 3127 89 67 Y.,
443 3127 355 67 Doubleday,
825 3128 197 52 Doran
1048 3130 45 50 &
1120 3145 296 51 company,
1443 3129 125 61 inc.,
1599 3131 149 49 1932.

298 3184 1922 66 4 p. l. , [1], 1270-1435 p. illus., diagr. 19½ᶜᵐ. (The science of life
230 3256 175 48 series)

301 3312 265 49 Reprinted
591 3312 128 40 from
745 3312 82 40 the
852 3312 216 41 authors’
1097 3313 129 40 “The
1251 3313 185 41 science
1460 3314 52 40 of
1537 3311 131 43 life”.

302 3369 161 40 “First
492 3367 225 43 edition.”

236 3422 51 51 ©
327 3427 117 38 Nov.
485 3426 68 46 16,
593 3425 140 46 1932;
775 3425 65 40 2c.
882 3426 116 39 Nov.
1040 3427 54 38 17;
1163 3426 81 41 aff.
1285 3427 115 39 Nov.
1442 3427 82 45 23;
1567 3428 40 37 A
1647 3427 170 47 57268;
1860 3428 60 40 H.
1963 3428 52 40 G.
2057 3427 162 47 Wells,

304 3482 167 40 Julian
502 3482 44 40 S.
574 3483 192 47 Huxley
795 3483 94 38 and
919 3482 182 48 George
1129 3482 163 48 Philip
1319 3484 161 40 Wells.
1510 3484 212 40 London.

313 3537 278 49 (32-34768)

232 3641 229 64 Weyer,
491 3641 254 54 Edward
773 3640 232 64 Moffat,
1031 3641 72 67 jr.

301 3716 120 52 The
453 3715 289 68 Eskimos;
778 3716 149 53 their
959 3716 391 54 environment
1383 3720 112 51 and
1528 3719 298 67 folkways,
1857 3719 75 67 by
1966 3721 253 52 Edward

231 3791 1984 73 Moffat Weyer, jr., PH. D. New Haven, Yale university press;
232 3869 256 66 London,
517 3872 76 51 H.
624 3871 265 68 Milford,
920 3872 229 55 Oxford
1180 3873 315 69 university
1526 3891 173 50 press,
1732 3878 149 50 1932.

302 3940 115 43 xvii.
448 3942 84 40 491
566 3953 43 37 p.
669 3942 141 49 illus.,
844 3955 136 37 maps
1009 3944 48 47 (3
1088 3945 143 47 fold.)
1274 3944 156 42 tables
1457 3944 48 48 (1
1538 3945 143 49 fold.)
1723 3945 178 51 diagrs.
1961 3947 55 39 24ᶜᵐ.

307 3999 289 41 “Published
625 4010 60 30 on
713 4001 83 39 the
825 4001 146 40 Louis
1002 4002 142 40 Stern
1172 4002 251 41 memorial
1452 4002 166 41 fund.”
