2563 4368
1076 4064 133 49 1181

236 517 225 40 Includes
489 516 302 48 advertising
817 517 193 40 matter.

236 572 161 40 Blank
426 582 148 38 pages
607 573 79 39 for
719 572 229 48 “Recipes
982 573 232 47 gathered
1248 570 63 48 by
1344 572 82 39 the
1462 569 242 48 wayside”
1751 569 249 49 (397-403)

233 629 225 41 Lettered
487 640 61 29 on
575 639 140 31 cover:
774 628 182 41 Second
983 628 196 41 edition.

170 696 52 51 ©
251 702 80 38 May
391 702 41 44 4,
461 699 139 45 1932;
630 700 69 40 2c.
728 701 125 39 June
882 702 52 43 7;
966 699 80 41 aff.
1077 700 125 39 June
1231 698 82 46 23;
1345 700 43 38 A
1415 698 171 47 54361;
1619 699 63 40 M.
1711 699 53 42 P.
1794 698 114 47 Cox,
1939 698 214 46 Abilene,

236 756 112 40 Tex.
420 755 278 49 (32-20631)

165 858 396 65 Cunnington,
592 859 268 64 Morgan.

232 933 149 53 Rain
433 952 71 34 on
551 934 95 52 the
696 934 165 66 rolls;
913 952 32 33 a
994 932 314 70 whopping
1357 931 376 68 tarradiddle,
1779 931 78 71 by
1905 932 248 69 Morgan

163 1008 1989 71 Cunnington; with illustrations by Steele Savage … New
162 1088 1092 68 York, The Vanguard press [ ᶜ193 2]
231 1159 855 50 192 p. incl. front., plates. 20 ᶜᵐ .
167 1220 52 52 ©
253 1225 114 47 July
400 1225 69 43 21.
503 1224 139 46 1932;
676 1224 66 41 2c.
778 1225 115 47 July
924 1223 83 48 29;
1044 1225 81 40 aff.
1160 1224 116 47 July
1308 1224 83 47 30;
1426 1225 42 38 A
1500 1223 169 47 54274;
1706 1223 263 47 Vanguard
2002 1232 150 40 press,

234 1281 88 40 inc.
394 1281 279 48 (32-20530)

161 1382 235 67 Davies,
427 1385 142 52 Earl
597 1383 281 56 Claudius
904 1382 323 66 Hamilton,
1258 1387 172 51 1889-

231 1460 447 53 Fundamentals
713 1460 62 52 of
808 1459 258 69 physical
1098 1457 321 70 chemistry,
1452 1459 75 67 by
1558 1458 141 52 Earl
1735 1457 61 54 C.
1831 1457 77 55 H.
1943 1457 209 53 Davies

160 1534 1968 134 … with seventy-eight illustrations. Philadelphia, P. Blakiston’s
360 1614 664 68 son & co., inc. [ᶜ193 2]
229 1685 884 49 vii, 370 p. illus., diagrs. 22½ ᶜᵐ .
167 1742 52 52 ©
246 1748 119 46 Aug.
392 1745 40 47 9,
460 1745 113 40 1932;
628 1745 67 40 2c.
722 1746 95 39 and
845 1745 70 38 aff
955 1746 119 46 Aug.
1102 1744 58 40 10;
1213 1745 42 38 A
1282 1743 147 42 53596;
1484 1745 51 40 P.
1564 1744 298 42 Blakiston’s
1890 1754 86 31 son
2004 1746 36 39 &
2068 1755 82 30 co..

232 1803 91 39 inc.
393 1801 278 48 (32-20726)

166 1905 104 66 [De
296 1906 86 53 La
410 1906 271 63 Pasture,
712 1903 220 55 Edmée
961 1903 309 55 Elizabeth
1299 1902 250 70 Monica]
1585 1908 173 52 1890-

227 1981 56 52 A
314 1982 148 67 good
491 1980 179 54 man’s
699 1981 144 67 love,
872 1981 75 68 by
979 1981 69 53 E.
1079 1980 81 54 M.
1192 1980 281 54 Delafield
1532 1980 210 69 [pseud.]
1814 1979 141 54 New
1986 1980 164 53 York

158 2059 113 53 and
295 2058 258 67 London,
578 2058 233 67 Harper
835 2060 47 51 &
904 2057 280 69 brothers,
1210 2060 150 51 1932.

228 2130 545 49 2 p. l. , 315 p. 21½ ᶜᵐ .
229 2187 162 40 “First
422 2186 227 41 edition.”

164 2240 52 52 ©
244 2245 120 47 Aug.
393 2245 69 46 10,
492 2243 114 41 1932;
661 2244 68 40 2c.
760 2245 120 47 Aug.
910 2245 56 39 10;
1024 2244 82 40 aff.
1135 2244 120 48 Aug.
1286 2244 55 39 12;
1400 2244 42 38 A
1471 2243 144 41 53618;
1675 2243 253 40 Elizabeth
1959 2243 189 40 Monica

233 2300 287 47 Dashwood,
555 2300 317 48 Cullompton,
906 2300 314 47 Devonshire,
1255 2301 235 48 England.
1561 2300 279 49 (32-20307)

157 2402 87 54 De
271 2402 84 53 La
382 2402 214 66 Roche,
624 2404 185 64 Mazo,
840 2407 171 51 1885-

225 2478 157 53 Lark
427 2480 323 68 ascending,
793 2481 77 67 by
913 2481 167 53 Mazo
1123 2482 87 52 De
1254 2480 84 54 La
1383 2481 208 52 Roche.
1671 2482 235 63 Boston,
1949 2479 196 66 Little,

156 2556 229 67 Brown,
414 2557 111 52 and
554 2575 295 50 company,
879 2561 152 50 1932.

227 2628 627 51 4 p. l. , [3]-301 p. 20 ᶜᵐ .
164 2681 52 52 ©
252 2687 120 47 Aug.
410 2686 67 47 12,
516 2685 140 48 1932;
695 2687 67 40 2c.
800 2688 95 39 and
933 2686 81 42 aff.
1051 2687 120 48 Aug.
1209 2688 82 45 13;
1330 2687 43 40 A
1410 2687 169 47 53640;
1620 2687 163 47 Little,
1821 2688 192 45 Brown,
2052 2689 95 39 and

227 2751 246 38 company.
544 2742 277 48 (32-20616)

157 2844 288 66 Denslow,
474 2847 132 63 Ray
633 2845 275 65 Vaughn.

224 2922 121 53 The
388 2922 256 53 Masonic
690 2922 341 68 fraternity;
1078 2942 71 33 an
1192 2923 370 67 explanation
1606 2923 64 54 of
1712 2924 96 52 the
1853 2924 289 52 character

156 2998 64 53 of
267 3001 98 51 the
411 2999 347 68 institution,
803 3001 75 52 its
927 3006 261 61 customs,
1234 3001 178 53 ideals
1464 3001 112 53 and
1625 3001 323 53 traditions.
2059 3001 83 55 [St.

153 3076 395 68 Louis, ᶜ193 2]
225 3147 57 42 36
312 3160 43 38 p.
522 3180 9 10 18ᶜᵐ.

230 3204 239 42 “Written
508 3206 79 40 for
627 3206 81 41 the
751 3206 217 40 Masonic
1010 3206 183 41 service
1232 3206 294 41 association
1570 3207 51 41 of
1659 3208 83 40 the
1784 3207 165 40 Grand
1990 3209 152 48 lodge,

157 3262 53 39 A.
237 3262 51 39 F.
311 3262 36 40 &
371 3263 54 39 A.
449 3262 77 46 M.,
553 3262 52 40 of
628 3261 245 46 Missouri,
898 3263 61 47 by
985 3263 106 46 Ray
1117 3262 52 40 V.
1197 3262 267 42 Denslow.”

159 3315 52 52 ©
238 3320 126 39 June
389 3320 39 47 8,
455 3318 140 41 1932;
624 3319 66 40 2c.
719 3321 95 41 and
841 3319 79 39 aff.
951 3320 126 40 June
1103 3319 81 47 16;
1214 3319 42 39 A
1282 3320 169 40 51786;
1481 3320 57 41 R.
1566 3321 52 40 V.
1648 3321 238 48 Denslow,
1915 3321 226 47 Trenton,

228 3376 92 39 Mo.
390 3374 278 49 (32-20627)

155 3476 275 65 Dorland,
461 3477 255 54 William
746 3477 335 54 Alexander
1111 3477 305 67 Newman,
1449 3483 171 50 1864-

224 3552 120 52 The
386 3552 306 53 American
736 3554 323 52 illustrated
1103 3554 241 53 medical
1388 3553 351 69 dictionary;
1787 3573 30 33 a
1866 3554 276 68 complete

155 3629 321 68 dictionary
511 3628 64 53 of
608 3629 95 53 the
739 3635 172 48 terms
949 3631 136 52 used
1122 3631 59 51 in
1217 3631 294 67 medicine,
1549 3648 255 51 surgery,
1840 3631 301 69 dentistry,

154 3707 328 66 pharmacy,
536 3707 323 68 chemistry,
913 3707 259 67 nursing,
1228 3707 325 68 veterinary
1609 3707 229 66 science,
1891 3708 250 68 biology,

154 3782 239 52 medical
433 3782 338 69 biography,
816 3789 120 61 etc.,
978 3783 141 52 with
1161 3783 94 53 the
1299 3783 458 68 pronunciation,
1801 3784 338 68 derivation,

154 3858 1984 70 and definition, by W. A. Newman Dorland … 16th ed., rev.
155 3936 111 51 and
295 3937 125 66 enl.,
447 3937 140 51 with
615 3940 97 49 941
741 3936 396 69 illustrations,
1164 3937 298 70 including
1489 3938 100 53 279
1619 3938 293 68 portraits.
1975 3938 164 54 With
