2563 4368
1418 4049 100 50 328

454 434 218 68 Heltai,
701 436 166 65 Jenö,
898 435 171 55 1871-

525 512 268 68 Czardas,
824 531 31 34 a
887 518 157 62 story
1076 515 64 52 of
1171 513 313 67 Budapest,
1619 513 147 54 Jenö
1796 512 217 54 Heltai.
2088 514 215 52 Boston
2337 515 110 52 and

454 590 1502 68 New York, Houghton Mifflin company [ ᶜ1 932]
525 662 572 51 3 p. l., [3]-348 p. 20 ᶜᵐ.
462 731 51 51 ©
542 736 122 37 Mar.
690 736 70 45 11,
787 733 113 41 1932;
956 734 67 40 2c.
1052 736 93 38 and
1175 746 81 29 aff.
1286 735 121 39 Mar.
1435 734 54 37 14;
1547 734 40 38 A
1613 732 144 42 48933;
1816 735 262 46 Houghton
2108 733 167 40 Mifflin
2303 743 67 33 co.
539 790 250 49 (32-6657)

459 907 344 66 Hitchcock,
832 909 207 64 Henry
1067 908 251 64 Russell,
1350 913 170 50 1903-

526 985 120 51 The
679 982 407 56 international
1118 986 170 66 style:
1322 983 371 54 architecture
1727 985 148 51 since
1911 986 133 49 1922
2099 983 92 68 [by]
2230 982 222 69 Henry-
457 1061 223 54 Russell

705 1061 336 69 Hitchcock,
1064 1060 90 69 jr.,
1181 1061 113 52 and
1320 1059 200 70 Philip
1546 1060 273 54 Johnson.
1882 1060 135 53 New
2047 1060 178 69 York,
2249 1059 88 56 W.
2364 1060 88 55 W.
458 1139 219 54 Norton
715 1140 45 50 &

797 1139 675 68 company, inc. [ ᶜ1 932 ]
526 1209 793 50 240 p. incl. plates, plans. 24 ᶜᵐ.
528 1281 163 41 “First
719 1281 227 42 edition.”

466 1352 51 52 ©
546 1356 109 39 Feb.
683 1355 69 48 27,
779 1354 114 41 1932;
950 1353 67 42 2c.
1045 1356 94 39 and
1168 1353 81 44 aff.
1279 1355 121 39 Mar.
1428 1355 24 38 1;
1510 1354 40 39 A
1576 1355 143 39 48751;
1779 1355 71 40 W.
1880 1356 69 40 W.
1980 1355 182 40 Norton
2193 1355 37 40 &
2257 1365 80 36 co.,
2368 1354 90 41 inc.
544 1412 251 49 (32-6566)

463 1533 258 63 Hodson,
758 1530 297 65 Geoffrey.

528 1607 159 69 Man,
729 1608 97 52 the
870 1606 190 54 triune
1107 1607 146 68 God,
1298 1609 76 65 by
1418 1606 271 63 Geoffrey
1734 1607 269 59 Hodson;
2051 1607 287 54 foreword
2384 1608 75 67 by

458 1684 2000 69 James H. Cousins … New York, Roerich museum press, 1932.
531 1755 1329 52 83 p. 19 ᶜᵐ. (Series: “Contemporary thought”)
534 1829 147 41 “This
711 1830 123 40 book
863 1829 42 40 is
935 1830 82 40 the
1046 1827 172 41 fourth
1248 1827 52 42 of
1328 1838 29 30 a
1390 1828 150 41 series
1571 1828 53 41 of
1652 1828 215 41 volumes
1898 1828 284 50 containing
2208 1830 252 49 teachings

463 1886 141 49 given
635 1889 50 38 to
714 1887 81 40 the
825 1886 179 40 author
1033 1886 60 47 by
1123 1895 25 30 a
1181 1884 213 42 member
1423 1884 52 42 of
1503 1886 82 40 the
1616 1885 190 49 angelic
1835 1884 473 44 hosts.”—Author’s
2337 1887 123 50 pref.

471 1956 51 52 ©
557 1960 109 40 Feb.
700 1959 69 47 18,
803 1958 112 40 1932;
978 1958 66 39 2c.
1080 1957 109 40 Feb.
1223 1957 55 39 25;
1342 1956 80 40 aff.
1460 1957 110 40 Feb.
1604 1956 56 42 27;
1722 1957 40 39 A
1795 1957 143 40 47861;
2006 1957 205 40 Roerich
2246 1967 217 30 museum

537 2027 149 37 press.
757 2015 250 49 (32-6544)

467 2122 217 62 Horne,
712 2121 264 51 Herman
1003 2117 253 66 Harrell,
1286 2119 172 54 1874-

535 2196 121 52 The
709 2194 342 54 democratic
1104 2193 348 68 philosophy
1505 2193 66 52 of
1624 2193 300 53 education;
2009 2194 340 68 companion
2402 2200 61 47 to

464 2271 257 70 Dewey’s
756 2272 350 68 Democracy
1142 2271 113 52 and
1289 2269 329 67 education;
1658 2269 322 69 exposition
2015 2271 113 54 and
2165 2278 299 63 comment,

466 2347 1997 72 by Herman Harrell Horne … New York, The Macmillan
466 2446 298 50 company,
796 2428 151 52 1932.

536 2497 850 52 xxiii, 547 p. front. (port.) 20½ ᶜᵐ.
474 2568 51 52 ©
557 2573 110 41 Feb.
696 2572 68 48 23,
795 2570 140 48 1932;
967 2571 67 41 2c.
1065 2570 93 39 and
1190 2570 82 41 aff.
1305 2569 108 41 Feb.
1445 2569 81 48 24;
1560 2570 39 38 A
1630 2569 170 48 48612;
1836 2571 279 39 Macmillan
2147 2581 67 29 co.
552 2629 249 48 (32-6631)

473 2732 248 64 Horsch,
749 2732 175 56 John.

540 2809 121 52 The
696 2808 315 52 Hutterian
1046 2808 287 66 brethren,
1371 2810 336 64 1528-1931;
1749 2826 31 33 a
1817 2813 157 62 story
2011 2806 65 53 of
2112 2809 354 66 martyrdom

472 2884 1994 71 and loyalty, by John Horsch … Goshen, Ind., The Mennonite
471 2966 292 52 historical
794 2966 229 68 society,
1056 2966 149 51 1931.

543 3036 1923 51 xxi, 168 p. incl. maps. 22 ᶜᵐ. (Added t.-p.: Studies in Anabaptist and
476 3094 795 50 Mennonite history … no. 2)
542 3166 348 48 Bibliography
908 3177 9 28 :
951 3176 44 38 p.
1028 3165 215 40 151-156.

478 3233 51 52 ©
566 3237 110 41 Feb.
712 3238 68 48 12,
817 3237 112 40 1932;
994 3237 66 42 2c.
1098 3238 93 38 and
1229 3236 80 40 aff.
1348 3236 108 41 Feb.
1494 3238 54 38 27;
1616 3237 37 38 A
1690 3235 143 41 47862;
1902 3236 276 40 Mennonite
2214 3234 253 42 historical

546 3294 194 47 society.
811 3293 250 49 (32-6682)

474 3394 238 56 Illinois.
788 3398 276 65 Supreme
1095 3402 174 48 court.

476 3472 1961 131 Reports of cases at law and in chancery argued and determined … v .
1014 3554 119 64 346,
1166 3551 332 69 containing
1531 3570 150 36 cases
1713 3552 60 51 in
1806 3552 185 52 which
2024 3550 263 69 opinions
2319 3569 146 35 were

478 3625 131 54 filed
651 3628 60 51 in
753 3630 324 66 December,
1122 3632 151 65 1931,
1317 3631 113 51 and
1471 3649 149 33 cases
1662 3631 246 53 wherein
1951 3630 329 70 rehearings
2320 3648 142 35 were

478 3705 202 51 denied
719 3711 56 46 at
811 3708 96 50 the
944 3707 307 52 December
1286 3713 163 61 term,
1488 3711 149 49 1931.
1715 3708 228 53 Samuel
1981 3709 248 68 Pashley
2265 3709 199 58 Irwin,

478 3788 255 60 reporter
764 3783 62 52 of
857 3783 291 53 decisions.
1226 3785 426 69 Bloomington,
1680 3787 114 66 Ill.,
1825 3789 149 50 1932.

547 3855 63 48 ix,
645 3856 202 48 [11]-701
880 3868 42 36 p.
982 3856 54 39 22½ᶜᵐ.

482 3921 51 52 ©
562 3925 113 48 Apr.
705 3926 39 46 5,
773 3925 140 49 1932;
945 3926 65 39 2c.
1042 3928 95 39 and
1167 3927 80 40 aff.
1279 3928 112 47 Apr.
1423 3929 53 46 8;
1508 3929 41 38 A
1576 3928 171 48 50585;
1780 3929 192 41 Samuel
2005 3930 49 38 P.
2086 3929 163 48 Irwin,
547 3929 1902 102 Bloomington,
762 3984 73 38 Ill.
