2563 4368
1114 4045 101 53 707

157 440 346 65 McKinney,
532 439 253 56 William
814 440 190 64 Mark,
1032 440 84 53 ed.

227 519 137 52 New
399 516 325 56 California
757 515 203 70 digest,
993 516 280 69 compiled
1308 516 181 52 under
1524 514 95 53 the
1653 514 267 54 editorial
157 532 1966 117 supervision

375 597 62 52 of
469 595 260 56 William
762 596 78 52 M.
877 595 357 69 McKinney;
1272 594 313 70 managing
1619 593 203 67 editor,
1852 596 57 54 J.
1948 593 199 56 Oliver

157 674 237 54 Tucker,
457 692 48 34 v.
537 678 78 49 14.
655 674 364 68 Judgments,
1046 676 26 65 §
1099 672 101 55 227
1225 679 58 47 to
1307 672 297 69 Liability.
1682 672 115 56 San
1825 672 321 68 Francisco,

157 750 580 70 Bancroft-Whitney
768 769 297 51 company,
1098 754 149 50 1932.

227 838 40 31 v.
298 826 86 40 726
412 837 43 37 p.
514 825 115 41 26ᶜᵐ.

163 891 51 53 ©
244 897 111 41 May
383 897 69 46 25,
482 894 139 48 1932;
650 894 68 42 2c.
746 896 95 39 and
870 895 81 43 aff.
981 895 126 39 June
1135 895 52 47 6;
1218 895 40 39 A
1287 895 169 47 52303;
1488 894 486 48 Bancroft-Whitney
2004 904 65 29 co.

155 1015 171 64 Male,
358 1014 244 54 Charles
634 1015 64 55 T.

226 1087 1926 71 Real estate fundamentals, by Charles T. Male … New York,
158 1168 67 52 D.
259 1167 128 54 Van
418 1166 285 53 Nostrand
735 1185 293 50 company,
1062 1166 125 69 inc.,
1219 1169 149 50 1932.

225 1238 84 48 xii,
343 1239 86 41 474
462 1249 43 38 p.
538 1238 108 42 incl.
683 1238 169 48 tables,
886 1238 178 48 diagrs.
1127 1238 55 41 23½
1215 1241 44 22 ᶜᵐ
1264 1270 8 9 .

227 1294 375 49 Bibliography:
634 1307 43 36 p.
707 1294 216 41 315-321.

165 1351 1959 51 © Apr. 1, 1932; 2c. May 5; aff. May 6; A 51164; D. Van Nostrand co.,
234 1412 88 40 inc.
393 1411 278 49 (32-12584)

161 1515 218 64 Meyer,
408 1515 219 53 Leland
656 1513 288 66 Winfield,
976 1520 171 49 1892-

228 1591 121 51 The
379 1589 104 53 life
514 1590 111 54 and
658 1591 164 53 times
855 1590 62 52 of
952 1590 232 54 Colonel
1217 1588 254 55 Richard
1502 1590 78 52 M.
1617 1590 257 54 Johnson
1908 1590 63 53 of
161 1590 1970 146 Kentucky,

373 1668 73 68 by
471 1666 216 56 Leland
712 1666 269 54 Winfield
1010 1667 212 69 Meyer,
1336 1710 10 11 PH.
1411 1711 10 11 D.
1486 1667 136 54 New
1652 1667 178 68 York,
1858 1667 297 55 Columbia

162 1743 312 71 university
502 1762 183 50 press;
716 1743 255 70 London,
999 1744 64 54 P.
1094 1742 56 56 S.
1182 1744 162 68 King
1369 1746 46 50 &
1444 1763 116 49 son,
1590 1746 122 66 ltd.,
1743 1748 149 49 1932.

230 1815 86 42 508
343 1828 42 36 p.
414 1815 109 42 incl.
553 1817 25 38 1
607 1816 143 48 illus.,
778 1818 163 47 ports.,
970 1816 214 41 facsims.
1243 1818 53 39 23
1300 1819 44 21 ᶜᵐ
1349 1849 9 10 .
1425 1818 300 50 (Half-title:
1757 1817 194 42 Studies
1982 1819 51 39 in
160 1819 1978 102 history,

309 1873 266 40 economics
601 1873 93 39 and
721 1872 160 49 public
907 1874 108 46 law,
1042 1874 73 40 ed.
1141 1874 60 47 by
1228 1874 82 40 the
1335 1874 205 48 Faculty
1568 1875 51 39 of
1645 1874 218 49 political
1891 1876 185 39 science
2104 1877 51 39 of

159 1929 251 42 Columbia
441 1929 284 48 university,
784 1939 73 31 no.
889 1928 110 48 359)

232 1986 168 40 Issued
430 1987 104 40 also
563 1996 55 29 as
649 1985 151 41 thesis
841 1986 108 46 (PH.
1013 1986 34 47 D.)
1088 1986 250 40 Columbia
1372 1987 284 48 university.

231 2042 347 49 Bibliography:
643 2054 44 36 p.
722 2040 216 43 479-493.

169 2099 51 51 ©
254 2104 119 39 Mar.
407 2102 67 48 10,
508 2100 111 41 1932;
681 2101 66 40 2c.
780 2103 94 40 and
907 2100 81 41 aff.
1021 2100 112 48 Apr.
1166 2100 54 40 25;
1284 2101 37 39 A
1353 2101 144 40 51010;
1561 2102 248 40 Columbia
1846 2102 128 42 univ.
2008 2113 151 37 press.

246 2159 277 49 (32-12291)

164 2262 258 64 Monroe,
450 2261 249 56 Marion.

232 2337 276 54 Children
543 2337 125 52 who
702 2343 207 46 cannot
942 2337 163 66 read;
1142 2338 96 52 the
1272 2337 248 69 analysis
1554 2337 63 53 of
1652 2339 239 68 reading
163 2339 1969 130 disabilities

327 2416 111 51 and
476 2415 95 52 the
607 2433 95 34 use
740 2415 63 52 of
840 2414 318 69 diagnostic
1196 2421 136 48 tests
1369 2416 60 52 in
1465 2416 96 53 the
1597 2415 341 55 instruction

162 2418 1998 144 of retarded readers [by] Marion Monroe … Chicago, Ill., The
163 2570 1102 69 University of Chicago press [193 2]
233 2644 95 48 xvi,
376 2644 84 39 205
507 2651 69 41 p."
626 2643 141 49 illus.,
815 2643 178 48 diagrs.
1067 2644 55 39 23½
1154 2645 45 21 ᶜᵐ
1204 2675 8 9 .
1297 2643 298 50 (Half-title:
1644 2645 242 41 Behavior
1935 2648 224 39 research

163 2703 137 39 fund.
361 2700 349 49 Monographs)

236 2758 128 39 “The
396 2760 194 45 present
623 2756 146 48 study
802 2756 42 40 is
876 2756 49 39 in
959 2766 144 38 many
1137 2758 213 46 respects
1383 2767 62 29 an
1478 2759 276 47 outgrowth
1788 2759 51 40 of
1874 2770 26 29 a
1934 2760 225 47 previous

164 2826 89 29 one
291 2814 269 51 [published
595 2813 114 41 1928
745 2814 153 39 under
935 2813 107 40 title:
1108 2814 223 39 Alethods
1366 2814 79 39 for
1480 2813 248 50 diagnosis
1764 2817 95 38 and
1897 2818 262 39 treatment

165 2872 51 40 of
244 2882 136 29 cases
409 2870 51 40 of
489 2870 201 48 reading
716 2868 491 51 disability]”—Pref.

235 2927 347 48 Bibliography:
640 2939 42 36 p.
710 2925 215 42 178-181.

173 2982 51 51 ©
257 2987 112 46 Apr.
402 2985 38 48 5,
474 2983 139 48 1932;
648 2984 66 40 2c.
748 2983 95 39 and
876 2981 79 41 aff.
991 2983 113 47 Apr.
1137 2982 82 47 30;
1255 2984 39 38 A
1327 2982 170 47 49784;
1536 2984 280 50 University
1851 2987 50 39 of
1938 2986 222 49 Chicago,

243 3042 221 48 Chicago.
535 3040 279 49 (32-12301)

169 3145 143 52 New
343 3144 160 53 York
543 3141 192 70 (City)
822 3140 369 69 Ordinances,
1221 3149 101 48 etc.

303 3218 1859 72 … The Code of ordinances of New York city, as amended to
171 3299 262 68 January
464 3303 46 63 1,
541 3301 150 64 1932,
719 3298 139 52 with
888 3298 189 68 index,
1107 3298 187 53 edited
1324 3298 74 70 by
1427 3300 203 69 Henry
1659 3301 55 53 J.

173 3302 1965 143 Lee. Brooklyn, N. Y., Eagle library publications [ ᶜ193 2 ]
242 3452 98 47 311,
373 3451 53 49 [3]
458 3461 41 37 p.
559 3450 55 39 25½
646 3452 45 21 ᶜᵐ
696 3482 8 9 .
774 3450 124 47 (The
926 3452 149 46 Eagle
1102 3450 200 48 library,
1331 3451 89 41 vol.
1588 3484 9 16 XLVII,
1627 3453 144 40 serial
1803 3463 74 33 no.
1906 3454 109 48 306)

244 3507 157 39 Blank
430 3517 144 38 pages
602 3507 77 39 for
710 3507 370 40 “Alemoranda”
1121 3508 80 49 ([3]
1233 3511 52 37 at
1314 3510 115 46 end)

178 3559 50 52 ©
308 3574 67 29 Mar.
402 3565 39 45 7,
468 3563 139 46 1932;
633 3564 65 39 2c.
727 3565 93 38 and
847 3563 83 42 aff.
955 3565 112 46 Apr.
1093 3563 81 47 30;
1204 3564 38 39 A
1267 3563 172 49 49776;
1468 3566 166 45 Henry
1660 3567 164 40 James
1852 3568 104 41 Lee,
246 3567 1898 100 Brooklyn.
410 3620 278 50 (32-12413)

175 3719 255 63 Organic
458 3721 290 67 syntheses;
808 3722 289 52 collective
1128 3723 109 52 vol.
1296 3766 11 24 I,
1337 3721 170 69 being
1537 3742 31 33 a
1598 3723 217 54 revised
1848 3725 216 52 edition
2094 3723 63 52 of

246 3799 1911 71 annual vol. I/IX . New York, J. Wiley & sons, inc.; London,
246 3873 296 69 Chapman
574 3880 44 50 &
648 3877 158 66 Hall,
834 3876 241 69 limited,
1108 3881 148 49 1932.

249 3947 64 47 ix,
343 3948 84 39 564
458 3959 40 36 p.
559 3948 128 41 illus.
747 3949 54 41 23½
834 3952 43 22 ᶜᵐ
884 3981 7 9 .
1007 3950 130 48 $6.00
