2563 4368
1378 4027 99 51 182

421 423 285 66 Fielding,
734 425 223 65 Henry,
987 424 325 56 1707-1754.

489 498 144 52 Tom
665 499 192 67 Jones,
888 501 95 52 the
1015 499 221 67 history
1270 499 63 53 of
1366 518 31 33 a
1431 497 325 69 foundling,
1789 498 74 69 by
1898 498 201 69 Henry
2134 498 286 69 Fielding,

422 577 141 54 with
595 576 379 55 illustrations
1007 575 74 69 by
1114 575 329 55 Alexander
1476 576 162 68 King
1672 575 113 55 and
1820 594 71 34 an
1925 574 386 55 introduction
2346 576 71 70 by

420 651 55 55 J.
513 654 66 53 B.
616 651 295 70 Priestley.
981 653 138 54 New
1156 652 176 68 York,
1367 654 121 53 The
1521 652 251 54 Limited
1807 653 244 54 editions
2086 653 146 69 club,
2268 657 150 50 1931.

495 726 996 51 870 p., 1 l. incl. illus., plates. 27½ ᶜᵐ .
425 796 1980 107 “Fifteen hundred copies … the printing by E. L. Hildreth and company
578 854 1844 50 of Brattleboro, Vermont … this copy is number copyright copy and
425 914 42 38 is
497 913 168 48 signed
697 913 59 48 by
785 913 82 40 the
899 910 320 42 illustrator.”

434 980 51 52 ©
519 985 102 40 Oct.
651 985 69 46 24,
754 983 112 40 1931
885 993 9 37 ;
927 983 68 39 2c.
1028 984 95 38 and
1156 982 81 40 aff.
1273 982 109 41 Feb.
1416 982 69 47 17,
1519 980 113 42 1932
1650 993 9 36 ;
1694 982 39 39 A
1765 982 145 41 47687
1927 993 9 36 ;
1973 982 209 41 Limited
2215 981 209 43 editions

501 1042 122 47 club,
658 1041 89 39 inc.
813 1036 67 54 [©
915 1039 330 40 illustrations
1280 1040 95 38 and
1411 1038 345 50 introduction]
1829 1038 249 49 (32-4541)

424 1145 260 63 Forster,
714 1144 253 53 Edward
996 1144 269 63 Morgan,
1296 1143 171 55 1879-

559 1218 1866 70 … A letter to Madan Blanchard. New York, Harcourt,
427 1299 182 52 Brace
636 1299 113 52 and
778 1314 282 51 company
1134 1298 153 65 [ᶜ1932]

497 1368 1749 53 23, [1] p. incl. port. 18 ᶜᵐ . (Half-title: Hogarth letters. no. 1)
497 1442 64 40 At
585 1441 126 41 head
736 1441 53 40 of
812 1440 107 41 title
937 1450 10 31 :
976 1439 53 42 E.
1056 1439 64 42 M.
1145 1438 213 41 Forster.

435 1510 51 51 ©
520 1515 109 40 Jan.
661 1512 69 49 28,
763 1511 114 42 1932
895 1524 8 35 ;
938 1512 66 40 2c.
1038 1512 97 40 and
1165 1511 81 41 aff.
1281 1512 109 39 Feb.
1424 1512 53 46 4;
1512 1511 43 40 A
1585 1510 144 42 48269
1747 1522 9 37 ;
1791 1512 261 47 Harcourt,
2087 1513 154 40 Brace
2273 1513 37 41 &
2344 1522 82 36 co.,

503 1570 90 43 inc.
664 1569 250 50 (32-4665)

426 1672 300 65 Franklin,
756 1671 336 65 Benjamin,
1126 1672 325 55 1706-1790.

499 1748 122 53 The
659 1748 459 69 autobiography
1157 1746 65 55 of
1261 1744 306 70 Benjamin
1609 1746 303 69 Franklin,
1951 1747 141 53 with
2133 1767 71 33 an
430 1748 1968 131 introduction

710 1826 113 52 and
869 1825 287 69 marginal
1201 1824 211 70 glosses
1458 1825 77 69 by
1582 1825 253 53 Edward
1885 1825 66 53 F.
2001 1824 220 71 O’Day.
2306 1824 117 57 San

431 1904 323 67 Francisco,
797 1902 243 54 Printed
1085 1901 94 54 for
1222 1903 97 53 the
1362 1901 251 54 Limited
1660 1902 245 54 editions
1949 1902 129 54 club
2122 1903 78 70 by
2242 1903 55 55 J.
2345 1904 77 53 H.

430 1981 176 67 Nash,
634 1984 149 49 1931.

500 2051 967 52 vii, 243, [1] p. front. (port.) 34 ᶜᵐ .
499 2116 127 40 Title
654 2116 94 39 and
774 2114 213 48 portrait
1014 2114 175 40 within
1213 2114 308 40 ornamental
1545 2113 213 43 borders.

505 2169 1921 49 “Of this book … fifteen hundred copies were printed from Caslon
432 2225 1989 49 type for members of the Limited editions club … The borders and
432 2281 1989 50 portrait are by William Wilke. This copy is … Copyright copy.”
434 2339 176 48 Signed
627 2350 8 30 :
667 2340 129 40 John
821 2339 170 46 Henry
1017 2338 149 41 Nash.

504 2396 177 41 “Notes
712 2399 48 37 to
790 2396 81 40 the
902 2394 411 49 Autobiography,
1343 2394 62 47 by
1436 2394 130 40 John
1597 2393 240 49 Bigelow”
1857 2405 10 30 :
1900 2406 41 37 p.
1993 2394 234 51 [229]-243.

439 2462 51 53 ©
522 2468 115 39 Nov.
670 2467 68 47 24,
771 2465 140 48 1931;
944 2466 66 41 2c.
1044 2467 95 39 and
1171 2465 80 39 aff.
1284 2465 110 40 Feb.
1427 2467 68 48 17,
1528 2465 139 48 1932;
1703 2467 41 38 A
1773 2465 173 48 47689;
1978 2467 209 40 Limited
2219 2465 208 42 editions

506 2524 121 47 club,
656 2524 90 41 inc.
827 2519 51 52 [©
908 2522 332 49 appreciation
1269 2524 94 38 and
1391 2522 228 41 editorial
1647 2526 152 47 notes]
1872 2523 250 48 (32-4740)

430 2627 304 64 Freeman,
761 2626 154 53 John
943 2624 227 67 Ripley,
1203 2630 170 51 1855-

502 2701 371 68 Earthquake
912 2703 239 67 damage
1192 2702 113 52 and
1347 2702 346 68 earthquake
1735 2702 326 68 insurance;
2106 2701 214 54 studies
2361 2701 65 54 of

433 2799 31 33 a
492 2778 249 54 rational
766 2778 150 54 basis
946 2778 95 54 for
1069 2778 346 69 earthquake
1441 2779 316 68 insurance,
1785 2780 118 53 also
1932 2779 214 54 studies
2176 2778 65 55 of

432 2779 1968 146 engineering
706 2857 135 52 data
885 2855 94 54 for
1021 2856 643 69 earthquake-resisting
1705 2856 402 70 construction,
2149 2857 77 70 by
2269 2857 155 55 John

433 2933 1671 70 Ripley Freeman … 1st ed. New York and London,
433 2934 1990 130 McGraw-Hill
589 3010 147 54 book
766 3028 298 51 company,
1094 3011 128 67 inc.,
1254 3012 150 52 1932.

506 3081 1834 51 xiii, 904 p. illus., fold. pl., maps (1 fold.) diagrs. 24 ᶜᵐ . $7.00
506 3151 167 42 “Some
702 3152 385 47 after-thoughts
1113 3153 62 46 by
1203 3154 45 40 J.
1277 3153 55 41 R.
1363 3153 51 42 F.
1446 3153 95 40 and
1569 3163 29 30 a
1626 3152 97 41 few
1751 3153 137 40 notes
1916 3153 127 40 from
2072 3152 83 43 the
2187 3151 236 50 Suyehiro

435 3210 220 45 lectures,
684 3208 221 51 January
934 3209 68 47 18,
1031 3208 279 52 1932.”—[3]
1337 3219 44 37 p.
1411 3210 230 40 attached
1669 3211 48 39 to
1745 3208 156 42 inside
1931 3209 121 40 back
2077 3219 154 31 cover.

505 3264 301 42 “Textbooks
842 3276 61 28 on
939 3265 552 48 earthquake-resisting
1527 3265 266 40 structural
1830 3263 225 49 design”;
2092 3276 43 37 p.
2191 3264 232 51 [709]-724.

442 3332 51 52 ©
527 3337 110 40 Feb.
672 3337 38 47 6,
744 3336 139 47 1932;
919 3336 67 39 2c.
1021 3337 95 38 and
1150 3335 82 42 aff.
1267 3337 109 39 Feb.
1411 3337 81 46 10;
1530 3338 39 38 A
1602 3337 171 46 47531;
1810 3338 43 39 J.
1890 3338 53 38 R.
1980 3338 249 47 Freeman,
509 3336 1899 105 Providence,
703 3393 54 40 R.
792 3394 37 38 I.
901 3391 248 49 (32-4511)

434 3495 210 64 Fuller,
674 3495 222 52 Robert
925 3495 267 63 Warren,
1226 3497 170 54 1871-

503 3571 159 52 First
692 3570 310 68 principles
1034 3570 64 52 of
1129 3571 244 67 physics,
1405 3570 75 68 by
1512 3572 214 53 Robert
1755 3573 89 54 W.
1877 3572 215 67 Fuller,
2124 3573 301 66 Raymond

438 3648 1981 67 B. Brownlee and D. Lee Baker … Boston, New York [etc.]
437 3723 764 68 Allyn and Bacon [ ᶜ1 932]
506 3796 1806 50 viii, 799, 13 p. col. front., illus., col. plates, ports., diagrs. 19½ ᶜᵐ .
442 3862 52 51 ©
522 3867 110 40 Jan.
659 3867 70 46 28,
758 3865 113 40 1932
889 3877 9 35 ;
927 3866 67 42 2c.
1022 3867 94 38 and
1146 3865 82 40 aff.
1258 3865 109 40 Feb.
1397 3865 54 39 12
1469 3877 9 36 ;
1507 3867 40 38 A
1575 3868 147 40 47573
1737 3879 8 36 ;
1779 3868 53 39 R.
1863 3869 70 39 W.
1964 3868 178 47 Fuller,
2173 3867 249 47 Raymond

510 3923 53 41 B.
591 3922 251 41 Brownlee
870 3923 96 40 and
994 3922 55 39 D.
1079 3923 92 39 Lee
1200 3922 173 49 Baker,
1402 3923 117 40 New
1547 3924 143 41 York.
1761 3923 249 51 (32-4502)
