2563 4368
0 0 0 0 1901
181 576 1987 52 translation is by James Bruce … This copy is registered at the office
177 640 52 38 of
256 639 53 39 the
366 637 246 49 publisher
641 637 152 39 under
823 636 80 40 the
932 634 303 48 designation
1263 633 129 42 301.”

183 705 50 51 ©
265 709 110 39 Dec.
405 707 68 47 10,
503 708 138 44 1932;
673 709 66 37 2c.
770 708 93 37 and
894 706 82 40 aff.
1005 706 109 38 Dec.
1147 705 81 46 20;
1260 706 40 37 A
1329 705 169 46 58501;
1532 705 210 38 Falstaff
1772 715 148 37 press.

259 764 220 48 (33-613)

180 863 1785 66 Martin, Prestonia (Mann) “Mrs. John Martin,” 1861-
307 939 1864 70 … Prohibiting poverty; being suggestions for a method of
177 1021 298 66 obtaining
536 1020 280 52 economic
877 1018 263 68 security,
1201 1019 73 67 by
1334 1018 298 54 Prestonia
1693 1016 178 54 Mann
1932 1015 237 57 Martin.

180 1100 221 53 Winter
435 1098 172 64 Park,
642 1098 141 66 Fla.,
818 1098 119 50 The
973 1096 222 54 Rollins
1231 1115 171 49 press,
1439 1099 149 50 1932.

249 1170 359 50 vi, 131 p. 19 ᶜᵐ.
249 1230 42 39 A
327 1229 115 48 plan
479 1230 47 38 to
564 1226 234 41 establish
835 1238 27 29 a
901 1229 177 45 system
1118 1228 51 38 of
1206 1226 315 40 distribution
1558 1226 51 39 of
1644 1225 279 41 necessities
1961 1226 209 48 through

181 1288 80 39 the
290 1285 227 40 National
546 1283 260 41 livelihood
835 1283 127 47 plan.

184 1354 50 51 ©
265 1357 119 42 Aug.
445 1388 8 14 6,
490 1357 132 45 1932;
655 1357 64 38 2c.
751 1357 91 37 and
875 1355 81 38 aff.
988 1355 118 44 Aug.
1136 1355 47 39 11;
1251 1355 40 38 A
1320 1354 169 48 54392;
1524 1354 187 40 Rollins
1743 1364 150 39 press.

262 1414 220 46 (33-611)

181 1518 260 64 Menger,
474 1517 189 54 Clara.

252 1593 120 52 The
401 1591 361 70 significance
793 1593 62 52 of
886 1592 320 53 vocational
1238 1592 215 53 choices
1484 1592 63 53 of
1575 1592 451 53 schoolchildren
2058 1592 112 53 and

183 1669 1986 70 college students, by Clara Menger … New York city, Priv.
182 1748 174 65 print.
401 1746 350 68 [Correlated
789 1746 240 68 graphic
1069 1747 325 67 industries,
1431 1747 127 67 inc.]
1602 1751 151 49 1932.

255 1818 600 49 xi, 177 p. diagrs. 23 ᶜᵐ.
259 1875 344 49 Bibliography:
662 1887 42 37 p.
735 1875 214 40 171-177.

185 1930 50 51 ©
278 1934 109 39 Dec.
427 1933 66 42 10,
534 1934 113 38 1932;
714 1935 65 37 2c.
820 1934 94 38 and
955 1933 81 39 aff.
1075 1933 110 40 Dec.
1225 1934 53 38 21;
1350 1934 39 38 A
1427 1934 169 47 57561;
1640 1935 47 40 C.
1731 1936 208 48 Menger,
1980 1934 193 52 Leonia,

302 2023 7 7 N.
339 1991 43 39 J.
452 1990 220 48 (33-460)

181 2093 323 53 Methodist
537 2092 310 64 Episcopal
875 2093 240 55 church.

249 2170 299 54 Doctrines
578 2170 111 52 and
720 2169 300 67 discipline
1048 2169 64 52 of
1140 2170 95 53 the
1261 2169 316 55 Methodist
1606 2170 311 69 Episcopal
1946 2172 228 68 church,

180 2245 1970 147 1932. New York, Cincinnati [etc.] The Methodist book concern [ ᶜ1 932]
250 2399 86 41 734
364 2409 44 38 p.
468 2397 57 41 16½ᶜᵐ.

253 2453 1919 49 “Edited by John W. Langdale … Bishop Ernest G. Richardson and
183 2513 128 39 John
338 2511 63 40 M.
427 2508 213 42 Arters.”

188 2565 50 51 ©
270 2569 100 39 Oct.
401 2568 68 42 14,
499 2566 112 42 1932;
671 2566 66 40 2c.
766 2567 96 37 and
892 2565 80 41 aff.
1004 2566 117 39 Nov.
1150 2565 25 39 3;
1236 2566 40 38 A
1306 2566 141 40 58171;
1509 2568 264 40 Methodist
1806 2569 122 40 book
1958 2579 214 33 concern.

266 2625 219 47 (33-437)

185 2729 267 62 Newton,
482 2725 439 65 Worthington.

254 2804 205 56 “Snow
499 2804 112 53 and
651 2804 202 66 roses”,
889 2804 75 67 by
1003 2803 412 69 Worthington
1456 2804 257 55 Newton.
1793 2806 383 70 [Lynchburg,

186 2881 1159 69 Va., Brown-Morrison co., inc., ᶜ1 932]
251 2957 55 40 82
333 2966 43 38 p.
403 2955 109 42 incl.
540 2955 85 39 col.
650 2954 143 47 illus.,
820 2955 85 39 col.
934 2964 60 38 pl.
1056 2954 54 39 14½ᶜᵐ.

188 3009 50 51 ©
270 3013 110 39 Dec.
409 3013 40 46 5,
477 3011 139 41 1932;
647 3012 66 37 2c.
743 3014 95 38 and
868 3010 80 41 aff.
978 3010 112 41 Dec.
1119 3010 82 48 30;
1233 3011 39 38 A
1301 3012 168 47 57660;
1503 3012 404 42 Brown-Morrison
1971 3024 82 38 co.,
2085 3015 89 42 inc.

265 3069 219 47 (33-477)

185 3171 318 65 O’Connor,
534 3172 153 53 John
718 3171 302 63 Marshall,
1055 3176 169 50 1909-

254 3250 372 66 Anonymous
663 3248 296 68 footsteps,
995 3248 75 68 by
1107 3249 156 53 John
1303 3250 80 52 M.
1420 3249 323 56 O’Connor.
1818 3252 137 54 New
1998 3252 178 68 York,

186 3327 273 54 Cheshire
485 3326 189 66 house,
706 3329 150 49 1932.

250 3398 588 50 341 p. incl. plans. 20½ ᶜᵐ.
190 3452 50 52 ©
266 3457 118 39 Nov.
409 3456 68 45 25,
505 3456 111 38 1932;
671 3455 65 39 2c.
764 3455 110 40 Dec.
901 3456 53 39 13;
1011 3455 81 40 aff.
1124 3456 105 40 Dec.
1256 3456 55 40 27;
1367 3457 40 39 A
1434 3456 142 42 58597;
1633 3456 232 42 Cheshire
1892 3459 163 46 house,
2083 3460 91 41 inc.

266 3512 219 48 (33-485)

186 3615 179 64 Odell,
395 3613 253 55 William
679 3615 316 64 Rockhold,
1030 3620 168 50 1906-

254 3691 1918 68 Gifts to the public schools, by William R. Odell … New
190 3769 157 51 York
372 3768 133 67 city,
531 3768 89 53 W.
649 3767 67 52 R.
746 3766 185 69 Odell,
962 3771 147 51 1932.

291 3840 314 50 x, 133 p. 23 ᶜᵐ.
257 3896 1407 50 Issued also as thesis ( PH . D.) Columbia university.
255 3953 372 48 Bibliography:
661 3964 43 37 p.
734 3952 155 41 80-83.

191 4006 50 51 ©
274 4010 111 40 Dec.
448 4041 9 16 6,
489 4009 112 41 1932;
663 4010 66 40 2c.
763 4010 109 40 Dec.
906 4010 59 40 10;
1022 4011 80 39 aff.
1138 4011 110 40 Dec.
1282 4014 23 37 16;
1398 4013 39 38 A
1470 4013 168 47 57477;
1676 4014 69 39 W.
1781 4014 54 40 R.
1871 4013 150 48 Odell,
2056 4014 117 41 New

257 4066 141 40 York.
470 4065 219 49 (33-622)
