2563 4368
1418 3998 99 49 192

534 469 1266 49 191 p. incl. front. plates, ports., maps. 21½ ᶜᵐ .
538 526 1918 45 “The … theme of this book is following the trail of the Connecticut
468 582 1990 48 pioneers as they settled in … Pennsylvania between the Delaware river
465 640 95 40 and
594 639 83 41 the
711 639 352 47 Susquehanna
1098 639 159 47 valley
1289 640 96 39 and
1421 639 127 40 their
1582 638 329 40 contribution
1947 641 47 38 to
2029 640 81 38 the
2145 639 186 46 growth
2366 641 92 38 and

467 695 271 47 prosperity
765 696 52 39 of
843 695 80 40 the
950 695 337 40 Lackawanna
1318 695 200 47 valley.”

537 750 346 48 Bibliography
903 761 8 28 :
948 761 41 37 p.
1022 749 216 41 179-181.

474 804 52 52 ©
563 808 109 42 Feb.
706 808 27 39 6,
838 807 55 40 1932;
958 808 65 38 2c.
1061 807 109 40 Feb.
1206 808 51 37 11;
1325 806 80 39 aff.
1442 807 109 41 Feb.
1587 809 57 37 10;
1706 808 38 37 A
1781 808 168 44 47563;
1990 809 44 37 S.
2072 807 220 40 Fletcher
540 809 1904 102 Weyburn,

712 865 250 44 Scranton,
996 864 81 39 Pa.
1148 863 249 48 (32-4498)

460 966 194 53 White
710 967 182 52 house
949 966 345 53 conference
1350 983 72 36 on
1475 965 152 54 child
1684 966 203 53 health
1940 967 115 52 and
2109 966 348 65 protection.

530 1048 132 52 Sect.
756 1063 18 33 I:
817 1047 248 52 Medical
1107 1045 225 54 service.
1412 1046 334 53 Committee
1793 1064 73 35 on
1908 1046 242 53 medical
2194 1064 123 35 care
2365 1047 94 62 for

531 1124 273 54 children.

537 1199 167 67 Body
728 1199 319 53 mechanics
1065 1219 10 33 :
1104 1198 300 54 education
1432 1201 112 51 and
1574 1200 247 66 practice;
1880 1205 193 62 report
2103 1198 64 53 of
2195 1200 94 51 the

467 1199 1970 131 Subcommittee
816 1294 74 34 on
919 1276 362 68 orthopedics
1315 1279 110 51 and
1459 1277 151 67 body
1642 1277 335 67 mechanics,
2009 1276 216 54 Robert
2257 1279 65 50 B.

466 1277 1993 145 Osgood, M . D., chairman, White house conference on child health
468 1431 1970 69 and protection. New York, London, The Century co. [ ᶜ1 932]
538 1503 1496 50 xiv, 166 p. incl. illus., diagrs., forms. 23½ ᶜᵐ . $1.50
538 1563 288 39 Illustrated
858 1561 363 49 lining-papers.

540 1618 223 41 “Section
819 1619 270 40 I—Medical
1126 1618 197 48 service,
1365 1619 194 40 Samuel
1600 1617 129 41 McC.
1770 1617 199 43 Hamill,
2055 1648 10 8 M.
2136 1647 22 18 D.,
2196 1617 265 40 chairman.

470 1674 1809 48 Committee on medical care for children, Philip Van Ingen, M . D.,
468 1674 1976 107 chairman.”—p.
762 1731 83 52 [iii]

540 1788 348 42 “References”
907 1800 9 29 :
949 1800 44 38 p.
1020 1788 157 41 57-60.

474 1843 52 52 ©
552 1848 109 39 Jan.
682 1847 70 47 21,
777 1846 112 41 1932;
942 1848 66 38 2c.
1033 1848 95 38 and
1153 1846 81 40 aff.
1261 1847 109 40 Feb.
1395 1845 24 39 2;
1475 1846 39 38 A
1536 1845 144 40 48235;
1736 1845 162 40 White
1922 1846 148 39 house
2095 1846 282 39 conference
2403 1857 58 28 on

543 1904 128 39 child
713 1904 166 39 health
921 1905 93 38 and
1057 1903 283 47 protection,
1384 1903 105 46 Ray
1532 1904 183 45 Lyman
1760 1902 200 46 Wilbur,
2053 1934 7 8 M.
2134 1933 22 15 D.,
2200 1900 264 46 chairman,

542 1960 332 47 Washington.
946 1959 279 48 (32-26105)

463 2061 196 54 White
713 2063 183 53 house
949 2062 346 54 conference
1350 2080 73 36 on
1479 2062 151 54 child
1687 2062 203 53 health
1945 2063 113 52 and
2112 2061 347 65 protection.

533 2143 132 52 Sect.
783 2160 18 33 II:
842 2142 206 53 Public
1091 2142 192 53 health
1327 2143 210 52 service
1582 2145 114 51 and
1739 2141 481 54 administration.
533 2142 1904 131 Committee

758 2240 72 34 on
857 2220 193 64 public
1078 2220 194 53 health
1300 2219 410 65 organization.

539 2294 202 56 Public
766 2295 195 53 health
986 2294 395 69 organization;
1437 2302 193 60 report
1654 2296 64 51 of
1742 2296 95 52 the
1866 2295 336 56 Committee
2226 2312 72 34 on
469 2294 1968 131 public

575 2372 195 53 health
806 2372 412 68 organization,
1254 2374 66 52 E.
1353 2374 64 53 L.
1454 2369 238 71 Bishop,
1781 2416 9 9 M.
1863 2415 30 25 D.,
1926 2372 310 66 chairman,
2268 2371 194 55 White

470 2449 170 53 house
673 2449 329 54 conference
1036 2469 71 34 on
1141 2451 154 53 child
1330 2451 195 52 health
1559 2451 111 52 and
1704 2449 334 68 protection.
2112 2450 137 52 New
2284 2449 178 64 York,

469 2528 1027 68 London, The Century co. [ ᶜ1 932 ]
606 2597 1099 51 xv, 345 p. 1 illus., diagrs. 23½ ᶜᵐ . $3.00
540 2657 288 40 Illustrated
864 2655 362 50 lining-papers.

543 2712 223 42 “Section
835 2712 229 42 II—Public
1092 2714 169 39 health
1291 2713 183 41 service
1504 2715 95 38 and
1630 2712 412 48 administration,
2071 2712 147 48 Hugh
2252 2713 44 41 S.

470 2712 1993 106 Cumming, M. D., chairman. Committee on public health organization, E. L.
473 2824 1847 50 Bishop, M. D., chairman, J. W. Mountin, M. D., secretary.”—p. [iii]
477 2879 52 52 ©
563 2884 109 39 Feb.
706 2884 39 45 5,
778 2884 114 39 1932;
953 2885 67 39 2c.
1054 2886 97 38 and
1183 2884 81 40 aff.
1298 2884 111 42 Feb.
1442 2883 28 40 9;
1528 2885 42 38 A
1600 2884 144 40 48372;
1807 2883 164 40 White
2003 2884 149 39 house
2185 2883 282 40 conference

544 2937 1921 51 on child health and protection, Ray Lyman Wilbur, M. D., chairman,
545 2996 333 48 Washington.
949 2997 249 47 (32-4606)

471 3098 313 66 Whitfield,
814 3101 204 55 Raoul.

601 3172 1651 71 … The virgin kills. New York, A. A. Knopf, 1932.
539 3247 752 50 4 p. l., 3-270 p., 1 l. 19½ ᶜᵐ .
543 3305 162 40 “First
734 3305 225 40 edition.”

481 3358 52 52 ©
563 3363 108 39 Feb.
702 3363 25 36 5,
829 3362 54 40 1932;
941 3361 67 40 2c.
1039 3361 109 41 Feb.
1178 3362 82 45 10;
1292 3362 81 40 aff.
1405 3362 109 41 Feb.
1545 3363 57 39 16;
1659 3363 40 39 A
1726 3364 147 39 47746;
1930 3364 54 38 R.
2016 3362 262 43 Whitfield,
2309 3363 154 38 Paris.

557 3418 248 45 (32-4750)

469 3518 297 65 Whitney,
794 3519 169 53 Allen
991 3519 221 66 Sisson,
1243 3522 171 53 1857-

542 3596 204 52 History
816 3595 65 52 of
910 3596 95 52 the
1035 3595 380 68 professional
1446 3597 255 67 training
1731 3597 64 53 of
1825 3598 250 52 teachers
2108 3603 58 47 at
2195 3598 97 52 the

474 3597 1965 141 University
711 3672 64 51 of
796 3672 297 67 Michigan
1121 3673 92 52 for
1237 3674 96 51 the
1355 3673 561 68 first-half-century,
1943 3675 132 51 1879
2099 3680 58 46 to

2185 3678 132 48 1929
2366 3675 75 65 [by]

474 3747 1814 69 Allen S. Whitney … Ann Arbor, Mich., G. Wahr, 1931.
577 3821 985 49 x p., 1 l., 202 p. front., ports. 24½ ᶜᵐ .
482 3873 52 52 ©
562 3878 110 39 Jan.
699 3878 55 39 15,
854 3877 55 41 1932;
966 3878 66 40 2c.
1061 3878 94 40 and
1184 3878 81 39 aff.
1295 3879 109 39 Jan.
1433 3878 55 39 25;
1546 3879 40 38 A
1613 3878 170 46 47210;
1818 3879 182 47 George
2027 3879 163 40 Wahr.

559 3933 250 49 (32-4251)
