2563 4368
1069 4157 133 54 1777

145 531 267 55 Atlantic
443 532 201 68 digest.
721 534 133 49 1932
886 532 228 67 annual,
1142 529 267 69 covering
1439 530 260 56 Atlantic
1727 536 259 63 reporter
215 532 1891 132 volumes

400 608 1732 69 156-161 and the following state reports … with tables
216 688 62 52 of
320 706 150 34 cases
511 687 256 68 digested
813 688 110 52 and
967 692 239 48 statutes
1252 687 316 65 construed,
1611 687 75 65 by
1728 687 97 53 the
1865 687 267 53 editorial

214 763 1919 70 staff of the American digest system … St. Paul, West
214 844 333 68 publishing
605 862 65 49 co.,
701 847 148 52 1932.

212 918 326 48 824 p. 26 ᶜᵐ .
148 971 51 52 ©
225 976 118 40 Nov.
367 976 58 39 30,
521 976 55 38 1932;
631 975 66 39 2c.
724 975 95 40 and
845 974 80 39 aff.
955 975 109 39 Dec.
1094 974 80 45 15;
1204 974 39 39 A
1269 974 170 47 58415;
1468 975 137 40 West
1629 974 109 48 pub.
1767 985 67 27 co.

143 1078 188 64 Balet,
359 1079 147 53 Jean
536 1078 272 64 Cyprien.

212 1155 82 54 Le
322 1155 193 54 drame
547 1157 70 52 de
645 1155 333 53 l’Extrême-
986 1154 205 56 Orient
1226 1174 124 49 [par]
1405 1154 149 56 J.-C.
1589 1155 183 53 Balet.
1848 1155 123 64 Que
2004 1160 133 48 veut

144 1232 49 54 le
219 1232 227 69 Japon?
525 1232 122 64 Que
673 1239 134 48 veut
830 1234 54 52 la
914 1231 216 56 Chine?
1206 1231 242 55 Préface
1474 1234 70 52 de
1571 1232 249 69 Georges
1849 1233 284 68 Leygues;

145 1309 305 55 fac-similé
480 1311 135 53 d’un
648 1311 353 68 autographe
1036 1312 75 52 du
1144 1311 228 67 général
1407 1310 168 69 Nogi.
1649 1310 185 69 Paris,
1867 1300 269 64 Éditions

142 1389 77 52 du
249 1389 241 67 “Temps
520 1388 262 69 présent”
817 1391 172 65 [1931]

210 1461 1141 49 189 p., 1 l. incl. facsim. fold. map. 19ᶜᵐ .
147 1514 1985 52 © Dec. 22, 1931; 1c. Jan. 25, 1932; A— Foreign 15506; J. C. Balet, Paris.
224 1575 277 50 (32-34909)

143 1679 211 65 Bauer,
385 1679 248 64 Marion,
667 1685 170 49 1889-

213 1757 185 53 Music
435 1757 250 68 through
724 1757 96 53 the
860 1775 159 51 ages;
1061 1776 30 33 a
1131 1757 292 53 narrative
1462 1756 94 53 for
1594 1757 233 52 student
1864 1757 113 53 and
144 1758 1968 144 layman,

319 1834 1817 69 by Marion Bauer … and Ethel R. Peyser … New York
142 1915 46 50 &
215 1913 257 67 London,
500 1912 68 55 G.
599 1913 65 52 P.
694 1913 295 53 Putnam’s
1017 1931 148 49 sons,
1197 1916 150 49 1932.

214 1985 1195 50 xii, 572 p. front., illus. (incl. music) 21 ᶜᵐ .
215 2043 342 48 “Suggestions
589 2044 79 39 for
699 2044 198 39 further
926 2042 228 49 reading”
1189 2046 52 37 at
1274 2045 90 38 end
1397 2044 52 40 of
1482 2044 118 40 each
1634 2043 211 48 chapter.

147 2095 51 52 ©
228 2101 117 40 Nov.
374 2100 68 47 15,
471 2099 112 41 1932;
640 2099 67 40 2c.
737 2101 96 39 and
861 2100 81 40 aff.
971 2100 117 40 Nov.
1119 2101 56 38 17;
1233 2099 82 41 aff.
1345 2101 117 38 Nov.
1491 2100 82 45 16;
1607 2100 41 39 A
1675 2099 170 47 57170;
1879 2101 61 38 M.
1972 2101 163 38 Bauer

213 2158 96 38 and
334 2157 139 40 Ethel
501 2158 53 37 R.
582 2158 189 45 Peyser.
797 2157 118 39 New
938 2156 145 41 York.
1153 2156 279 48 (32-33536)

142 2260 230 66 Brown,
402 2261 200 63 Harry
632 2259 323 64 Gunnison,
985 2265 171 50 1880-

211 2336 121 53 The
381 2335 282 54 economic
711 2335 151 54 basis
911 2335 63 53 of
1024 2341 99 47 tax
1173 2335 234 69 reform,
1455 2335 75 70 by
1581 2336 200 69 Harry
1833 2335 300 55 Gunnison

142 2413 1549 69 Brown … Columbia, Mo., Lucas brothers, 1932.
212 2486 448 50 xii, 359 p. 21 ᶜᵐ .
214 2541 1864 51 Chapters I and II each preceded by leaf not included in the paging.
147 2596 52 53 ©
229 2602 116 39 Nov.
375 2601 68 47 16,
474 2600 112 41 1932;
646 2600 65 41 2c.
743 2602 118 38 Nov.
890 2601 56 39 25;
1006 2601 81 39 aff.
1117 2601 118 40 Nov.
1265 2601 55 40 23;
1379 2602 43 38 A
1450 2601 146 40 57219;
1654 2602 156 40 Lucas
1840 2601 126 41 bros.

224 2658 277 48 (32-33558)

146 2761 300 54 Columbia
477 2761 305 54 historical
811 2760 242 66 society,
1087 2762 395 67 Washington,
1505 2763 73 52 D.
1661 2806 10 10 C.

213 2838 1917 70 Records … v. 33-34. Edited by Miss Maud Burr Morris
204 2916 1229 70 … Washington city, The Society, 1932.
213 2991 823 49 ix, 371 p. plates, ports. 23 ᶜᵐ .
147 3044 51 52 ©
237 3049 110 40 Dec.
384 3048 69 48 12,
491 3048 112 40 1932;
669 3049 67 39 2c.
774 3049 95 39 and
907 3048 83 41 aff.
1028 3049 110 40 Dec.
1177 3049 56 39 15;
1299 3050 42 38 A
1379 3048 170 47 58450;
1590 3048 251 41 Columbia
1880 3048 254 42 historical

213 3115 93 32 soc.

144 3211 163 63 Coze,
336 3209 163 56 Paul.

273 3283 1859 70 … Cinq scouts chez les peaux-rouges. Paris, Librairie des
142 3364 740 67 Champs-Élysées [ ᶜ19 32]
209 3433 1588 53 4 p. l., 11-253, [1] p., 1 l. illus. (incl. ports., maps) 18 ᶜᵐ .
214 3495 73 40 On
311 3504 139 30 cover:
504 3493 56 40 75
584 3491 188 42 dessins
796 3494 48 38 et
868 3489 389 51 photographies.

147 3547 1985 108 © May 20, 1932; 1c. July 23; A— Foreign 17473; Librairie des Champs-Elysées.
495 3605 277 48 (32-34646)

144 3696 322 65 Cronbach,
498 3695 322 64 Abraham,
851 3699 170 49 1882-

212 3768 1855 70 Peace stories for Jewish children, by Abraham Cronbach …
146 3849 345 66 Cincinnati,
530 3849 171 67 Dept,
743 3847 64 54 of
845 3865 326 51 synagogue
1212 3848 112 52 and
1365 3847 191 53 school
1597 3847 291 54 extension
1930 3848 65 54 of
2035 3850 95 54 the

143 3927 196 56 Union
367 3925 65 55 of
459 3926 305 53 American
793 3924 245 54 Hebrew
1069 3924 450 69 congregations,
1553 3927 149 51 1932.

211 3999 448 49 xii, 52 p. 20 ½ᶜᵐ .
213 4055 73 41 On
313 4066 166 31 cover:
509 4055 181 41 Jewish
719 4065 145 38 peace
893 4054 187 41 stories.
