2563 4368
1232 4024 134 50 1102

360 432 117 50 Vose,
505 415 165 54 Ellen
699 417 275 63 Frances,
1005 419 171 50 1850-

375 492 212 54 Robert
613 492 146 53 Vose
790 491 112 54 and
928 489 90 54 his
1045 489 383 68 descendants,
1456 487 277 69 compiled
1760 486 74 69 by
1862 487 169 52 Ellen
2059 488 62 53 F.
2152 488 145 53 Vose

367 564 1925 72 … Boston, Mass., Priv. print. [ S. Usher, The Fort Hill press]
307 650 149 50 1932.

373 716 795 49 3 p. l., 724 p. front., pl. 24½ᶜᵐ.
312 776 51 51 ©
394 780 115 45 July
539 778 67 47 15,
637 776 140 47 1932;
808 776 67 40 2c.
906 777 95 38 and
1031 774 82 41 aff.
1142 775 116 47 July
1288 775 82 46 21;
1403 775 40 38 A
1473 773 169 48 54179;
1676 776 52 39 E.
1761 774 49 39 F.
1844 775 135 47 Vose,
2014 773 282 48 Stoughton,

381 837 143 38 Mass.
597 832 277 49 (32-19021)

308 924 332 65 Walmsley,
673 924 135 65 Leo,
844 927 171 51 1892-

435 998 1523 69 … Three fevers. New York, A. A. Knopf, 1932.
375 1073 654 49 5 p. l., 3-284 p., 1 l. 19½ᶜᵐ.
378 1130 161 41 “First
573 1130 255 41 American
863 1129 197 42 edition.”

313 1186 51 51 ©
405 1189 115 47 July
558 1188 69 47 22,
668 1186 141 48 1932;
851 1187 66 40 2c.
958 1187 115 47 July
1112 1185 81 48 26;
1237 1184 80 42 aff.
1359 1186 116 47 July
1514 1185 82 47 27;
1639 1186 40 38 A
1719 1185 169 48 54258;
1931 1186 50 40 L.
2022 1186 276 48 Walmsley,

381 1246 186 47 Fowey,
602 1244 256 47 Cornwall,
894 1244 234 47 England.
1200 1241 278 48 (32-18948)

305 1336 362 63 Waterman,
698 1332 379 66 Willoughby
1107 1333 210 64 Cyrus,
1354 1337 171 51 1888-

375 1409 385 55 Prostitution
784 1410 113 54 and
924 1410 74 53 its
1023 1408 320 69 repression
1368 1408 62 53 in
1456 1409 139 53 New
1623 1408 162 53 York
1810 1408 134 69 city,
1973 1411 325 65 1900-1931,

306 1485 1990 73 by Willoughby Cyrus Waterman … New York, Columbia
306 1566 319 68 university
648 1583 158 51 press;
863 1565 258 68 London,
1147 1565 65 53 P.
1244 1563 57 56 S.
1330 1563 164 70 King
1518 1564 46 50 &
1589 1581 119 51 son,
1736 1565 123 67 ltd.,
1889 1566 150 51 1932.

379 1636 1917 50 164 p. diagrs. 23 ᶜᵐ. (Half-title: Studies in history, economics and
306 1694 161 49 public
505 1696 108 47 law,
653 1697 72 38 ed.
766 1694 60 48 by
866 1696 82 39 the
989 1694 206 48 Faculty
1233 1694 54 40 of
1324 1692 219 50 political
1583 1692 184 42 science
1809 1692 54 42 of
1902 1691 250 42 Columbia
307 1694 1971 104 university,
531 1762 75 30 no.
632 1750 112 50 352)

377 1807 170 41 Issued
575 1808 104 40 also
707 1818 54 29 as
788 1807 153 40 thesis
979 1806 106 49 (PH.
1146 1806 35 49 D.)
1220 1804 252 42 Columbia
1500 1805 284 48 university.

383 1864 375 47 “Bibliography
785 1863 54 40 of
862 1872 194 31 sources
1084 1861 205 49 quoted”:
1343 1872 45 38 p.
1416 1861 217 42 160-162.

314 1919 51 51 ©
400 1924 126 39 June
559 1923 39 45 8,
632 1921 113 41 1932;
807 1922 67 40 2c.
909 1923 94 38 and
1037 1921 80 40 aff.
1153 1920 115 48 July
1303 1920 53 40 19;
1419 1921 41 39 A
1493 1921 143 40 54146;
1701 1921 249 41 Columbia
1986 1920 128 40 univ.
2151 1929 149 39 press.

390 1978 279 49 (32-18865)

315 2064 258 70 Weaver,
603 2069 277 64 Bennett,
915 2073 171 50 1892-

375 2146 246 52 Toward
656 2146 96 53 the
788 2145 456 68 understanding
1279 2146 64 53 of
1381 2146 247 68 Shelley,
1664 2146 75 66 by
1775 2147 248 51 Bennett
2057 2146 242 54 Weaver

367 2222 1712 68 … Ann Arbor, University of Michigan press, 1932.
309 2293 1973 105 xii, 258 p. front. (facsim.) 23½ᶜᵐ. (Half-title: University of Michigan
434 2350 338 49 publications.
832 2352 260 48 Language
1123 2353 96 38 and
1251 2352 272 42 literature,
1582 2352 91 40 vol.
1769 2352 14 48 IX)

379 2408 41 38 A
462 2408 146 48 study
654 2408 52 40 of
748 2411 82 38 the
874 2408 322 49 relationship
1239 2410 215 39 between
1498 2410 82 39 the
1625 2409 137 41 Bible
1804 2409 96 40 and
1944 2410 82 40 the
2069 2411 134 39 work
2248 2410 51 40 of

311 2464 204 48 Shelley.

382 2520 245 41 “Selected
657 2520 365 49 bibliography”:
1080 2532 44 37 p.
1153 2520 216 42 239-252.

315 2576 51 51 ©
401 2580 126 38 June
558 2578 69 47 27,
662 2578 114 40 1932;
837 2578 65 40 2c.
938 2578 115 47 July
1086 2578 26 39 9;
1176 2577 79 40 aff.
1291 2578 115 46 July
1440 2578 55 40 18;
1558 2578 41 39 A
1633 2579 142 39 53152;
1841 2579 248 40 Graduate
2124 2580 174 46 school,

383 2634 281 47 University
694 2635 50 39 of
775 2634 257 47 Michigan,
1064 2635 106 38 Ann
1201 2635 167 39 Arbor.
1439 2634 279 49 (32-18941)

310 2725 257 56 Weldon.
596 2724 260 54 Richard
886 2725 68 50 E.

379 2801 1922 69 The price of peace, by Richard E. Weldon … New York,
306 2879 253 52 Darwell
585 2878 336 68 publishing
945 2897 98 44 co.,
1070 2882 149 50 1932.

376 2951 543 47 3 p. l. , 11-165 p. 21 ᶜᵐ.
316 3004 51 51 ©
403 3009 127 39 June
561 3008 69 48 23,
666 3007 112 41 1932;
840 3007 68 39 2c.
944 3010 124 38 June
1103 3009 55 39 27;
1224 3008 81 41 aff.
1341 3009 127 40 June
1501 3009 55 41 28;
1621 3010 42 39 A
1695 3008 144 42 51937;
1904 3010 52 38 R.
1995 3010 53 40 E.
2083 3010 214 48 Weldon,

382 3065 117 39 New
524 3065 143 38 York.
738 3063 278 48 (32-18931)

307 3144 195 66 Wells,
532 3147 307 63 Margaret
867 3144 326 69 Elizabeth,
1226 3148 170 55 1879-

381 3224 150 51 How
557 3224 95 51 the
678 3229 227 62 present
930 3243 155 35 came
1110 3224 152 53 from
1288 3226 96 52 the
1409 3232 144 61 past.
1629 3227 136 52 Rev.
1795 3227 84 51 ed.
1954 3227 105 51 Bk.
2092 3230 43 49 1.
2177 3227 119 54 The

308 3299 1924 73 seeds in primitive life … By Margaret Elizabeth Wells …
309 3378 138 52 New
477 3379 177 66 York,
684 3380 121 51 The
830 3379 334 53 Macmillan
1192 3401 295 50 company,
1520 3386 149 50 1932.

383 3451 998 50 xviii p., 1 l., 243 p. front., illus. 19 ᶜᵐ.
381 3504 134 41 “List
541 3505 54 40 of
619 3505 175 41 books”:
853 3518 42 29 v.
925 3507 39 48 1,
993 3517 43 37 p.
1065 3508 216 41 227-229.

318 3560 51 51 ©
401 3564 116 47 July
547 3565 68 47 12,
647 3564 113 41 1932;
820 3566 64 39 2c.
917 3567 94 38 and
1044 3566 80 40 aff.
1157 3567 116 48 July
1304 3568 54 40 13;
1419 3568 41 39 A
1492 3568 142 41 53064;
1696 3569 278 41 Macmillan
2008 3580 65 30 co.

392 3620 278 50 (32-19013)

311 3695 335 64 Wethered,
679 3697 197 62 Joyce.

380 3770 120 53 The
529 3790 125 48 way
681 3778 58 47 to
766 3773 137 67 play
932 3792 31 33 a
990 3773 250 69 straight
1266 3775 141 54 shot.

394 3843 82 48 (In
502 3840 201 45 London
730 3842 201 52 Sunday
960 3857 220 38 express,
1206 3844 128 44 June
1363 3847 72 49 26,
1466 3848 142 49 1932)

318 3895 1976 61 © 1c. Aug. 20, 1932; A ad int. 16774; pubd. June 26; J. Wethered,
385 3955 190 50 Witley,
608 3957 191 50 Surrey,
830 3959 234 47 England.
