2563 4368
1038 4068 132 51 1623

153 528 1298 54 5 p. l., 241 p., 1 l. front., plates, facsims. 21ᶜᵐ.
90 599 52 51 ©
177 604 127 47 Sept.
335 603 68 43 30,
434 601 113 41 1932;
608 602 66 40 2c.
708 601 101 41 Oct.
842 601 56 40 28;
959 600 81 40 aff.
1074 600 101 40 Oct.
1209 600 25 39 5;
1296 600 40 38 A
1367 599 143 41 56781;
1572 599 43 39 J.
1648 599 52 39 L.
1736 598 195 47 Spivak,
1964 598 117 40 New

157 660 143 39 York.
371 658 279 49 (32-30643)

87 758 390 67 Swinnerton,
507 760 198 53 Frank
732 760 250 63 Arthur,
1012 763 171 50 1884-

157 839 119 52 The
304 837 290 68 Georgian
619 837 189 65 house,
835 856 27 33 a
893 837 114 52 tale
1034 837 59 52 in
1123 835 133 53 four
1282 839 160 64 parts
1468 834 74 68 by
1570 833 198 53 Frank
87 831 1970 138 Swinnerton.

276 915 229 55 Garden
539 914 151 66 City,
721 915 69 51 N.
823 914 90 68 Y.,
942 912 356 69 Doubleday,
1327 913 199 52 Doran
1555 914 45 50 &
1631 928 296 51 company,
1957 910 125 68 inc.,

90 996 149 50 1932.

156 1066 590 49 4 p. l., 3-341 p. 21ᶜᵐ.
158 1124 123 39 Plan
307 1134 60 29 on
392 1122 363 48 lining-papers.

160 1180 161 40 “First
348 1178 225 42 edition.”

94 1234 52 51 ©
184 1237 103 41 Oct.
322 1237 69 42 26.
428 1235 140 47 1932;
605 1236 67 40 2c.
709 1237 96 38 and
842 1235 81 41 aff.
961 1235 103 40 Oct.
1100 1235 82 42 28;
1222 1235 41 38 A
1299 1235 170 46 55768;
1510 1235 297 46 Doubleday,
1848 1234 166 39 Doran
2051 1234 36 40 &

162 1305 81 35 co,
272 1294 91 40 inc.
434 1293 279 47 (32-30788)

90 1396 247 65 Tapper,
366 1396 275 66 Thomas,
675 1401 171 50 1864-

224 1469 1852 72 … Second year harmony (a sequel to “First year harmony”)
93 1548 1993 71 by Thomas Tapper … Boston, New York, The Arthur P.
95 1626 588 69 Schmidt co., ᶜ1 932.
166 1699 993 49 1 p. l., 142 p. illus. (music) 17½ᶜᵐ.
163 1757 63 40 At
251 1758 126 39 head
400 1757 52 40 of
477 1757 135 41 title:
640 1757 301 48 Augmented
968 1758 96 39 and
1094 1756 186 41 revised
1308 1755 196 42 edition.

100 1811 50 51 ©
178 1815 101 40 Oct.
305 1816 38 41 5.
370 1815 139 46 1932;
537 1815 67 41 2c.
632 1815 100 41 Oct.
760 1817 54 38 17;
870 1815 82 40 aff.
980 1815 102 40 Oct.
1108 1816 82 39 14:
1219 1816 42 38 A
1285 1814 169 47 56528;
1483 1815 188 40 Arthur
1697 1815 50 39 P.
1778 1813 217 42 Schmidt
2023 1823 68 31 co.

171 1868 67 53 [©
265 1872 236 40 revisions
527 1873 96 38 and
649 1872 271 39 additional
948 1871 241 48 material]
1262 1870 279 48 (32-30665)

96 1972 1993 69 Texas jurisprudence … a complete statement of the law and
167 2052 248 67 practice
456 2053 62 51 of
558 2053 94 52 the
694 2057 146 48 state
882 2052 62 51 of
984 2055 200 53 Texas,
1225 2053 75 68 by
1337 2052 262 54 William
1638 2054 78 51 M.
1759 2052 330 69 McKinney

168 2131 113 52 and
327 2131 162 52 other
534 2132 254 68 lawyers.
863 2132 242 52 Volume
1308 2174 8 9 XXIII.
1356 2131 284 53 Husband
1689 2131 112 52 and
1848 2130 136 53 wife
2030 2135 59 48 to

168 2208 1924 69 Inheritance … San Francisco. Bancroft-Whitney company.
172 2288 149 51 1932.

170 2359 81 49 vii,
280 2360 86 41 826
393 2372 41 37 p.
494 2360 115 41 25ᶜᵐ.

105 2413 51 51 ©
190 2418 116 39 Nov.
339 2418 68 40 23.
440 2417 112 40 1932;
614 2418 67 41 2c.
716 2422 95 39 and
844 2418 82 41 aff.
959 2419 117 40 Nov.
1109 2416 81 49 29;
1227 2420 39 37 A
1299 2419 170 40 58137:
1507 2417 487 48 Bancroft-Whitney
2028 2428 67 30 co.

99 2533 197 66 Treat,
327 2535 233 64 Payson
592 2536 274 60 Jackson,
902 2538 168 53 1879-

171 2611 267 67 Diploma
445 2611 79 54 tic
555 2612 269 53 relations
857 2612 244 53 between
1139 2615 95 51 the
1268 2612 215 54 United
1520 2611 188 54 States
1741 2610 112 56 and
1886 2611 212 69 Japan,

105 2687 1992 69 1853-1895, by Payson J. Treat … Stanford University, Calif.,
105 2762 278 55 Stanford
406 2765 314 67 university
745 2783 184 50 press;
953 2765 258 67 London,
1232 2766 77 52 H.
1334 2765 264 67 Milford,
1623 2764 227 54 Oxford
103 2765 1971 131 university
248 2859 173 50 press,
455 2845 150 48 1932.

172 2911 28 40 2
266 2945 9 9 v.
335 2911 117 41 23ᶜᵐ.

173 2969 139 46 Maps
343 2979 60 29 on
432 2968 362 49 lining-papers.

105 3025 1975 97 “The study … which is covered by the first eleven chapters, was presented
301 3092 54 30 as
382 3083 81 39 the
491 3083 168 40 Albert
689 3082 143 41 Shaw
860 3085 208 39 lectures
1098 3094 59 30 on
1187 3083 280 48 diplomatic
1494 3084 189 48 history
1711 3088 51 37 at
1791 3084 153 41 Johns
103 3085 1978 94 Hopkins

245 3138 270 49 university
547 3139 49 40 in
627 3138 351 42 1917.”—Pref.

175 3195 376 48 Bibliography:
618 3227 10 9 v.
659 3195 41 48 2,
732 3207 43 37 p.
809 3195 215 42 560-568.

442 3277 105 17 CONTENTS.—I.
578 3252 393 42 1853-1875.—II.
1001 3251 275 42 1876-1895.

112 3308 1959 51 © Sept. 19, 1932; 1c. each Sept. 26; 1c. each Oct. 10; aff. Sept. 28;
178 3369 42 38 A
245 3368 145 40 55530;
444 3369 163 39 Board
633 3368 50 38 of
711 3370 209 37 trustees
948 3368 50 39 of
1025 3369 182 39 Leland
1239 3367 233 41 Stanford
1500 3367 164 48 junior
1693 3367 128 39 univ.,
1869 3367 233 40 Stanford

180 3423 296 49 University,
508 3423 143 41 Calif.
722 3423 279 49 (32-30756)

108 3524 358 67 Twenhofel,
495 3527 255 54 William
781 3528 223 64 Henry,
1038 3532 170 50 1875-

177 3603 254 53 Treatise
469 3623 71 34 on
573 3604 466 67 sedimentation;
1078 3606 282 66 prepared
1396 3605 182 52 under
1613 3604 96 53 the
1746 3603 255 68 auspices
2037 3601 63 55 of

113 3679 95 52 the
257 3680 337 55 Committee
644 3701 72 33 on
763 3682 456 65 sedimentation,
1267 3683 266 51 Division
1584 3681 62 53 of
1695 3683 242 64 geology
1988 3680 111 53 and

107 3755 349 69 geography,
482 3757 272 54 National
784 3758 255 53 research
1067 3758 217 52 council
1315 3758 63 53 of
1405 3759 94 52 the
1528 3758 275 53 National
1831 3757 268 66 academy

110 3832 1988 68 of sciences, by William H. Twenhofel … and collaborators.
110 3909 72 51 2d
217 3909 103 65 ed.,
358 3911 337 67 completely
731 3929 114 34 rev.
918 3911 332 66 Baltimore,
1288 3913 120 52 The
1444 3912 286 53 Williams
1768 3915 45 49 &
1849 3911 252 53 Wilkins

108 4003 295 50 company,
435 3990 151 50 1932.
