2563 4368
1395 4022 65 49 22

420 447 285 64 Fletcher,
735 448 217 63 Joseph
982 447 213 60 Smith,
1227 452 169 49 1863-

490 526 234 53 Murder
751 528 58 50 in
838 528 94 51 the
958 525 230 66 squire’s
1218 542 136 48 pew.
1430 524 136 52 New
1598 523 177 66 York,
1803 524 68 49 A.
1902 522 70 52 A.
2002 520 223 67 Knopf,
2257 525 149 50 1932.

495 596 758 50 4 p. l., 3-293, [1] p., 1 l. 19½ ᶜᵐ.
430 663 50 52 ©
508 668 108 40 Jan.
645 669 38 41 8,
711 666 139 48 1932;
878 667 66 42 2c.
972 668 95 38 and
1095 666 81 41 aff.
1205 667 107 38 Jan.
1343 666 51 38 11;
1454 666 40 38 A
1520 662 148 41 45953;
1722 663 169 40 Alfred
1922 662 51 39 A.
2004 661 178 49 Knopf,
2213 661 88 41 inc.

499 775 121 52 The
653 775 246 51 solution
934 773 64 52 of
1030 792 30 33 a
1095 778 279 63 mystery;
1409 773 326 51 documents
1772 770 235 52 relative
2040 776 59 46 to
2134 770 97 54 the
426 787 1965 119 murder
576 854 63 52 of

691 854 187 67 Roger
929 853 319 52 Maidment
1299 857 55 47 at
1409 849 374 55 Ullathwaite
1834 849 57 52 in
1945 850 93 51 the
2093 854 207 64 county
2353 848 63 52 of

428 931 312 52 Yorkshire
795 931 57 51 in
906 929 260 68 October,
1222 932 149 62 1899,
1422 929 266 51 collected
1741 928 75 67 by
1867 925 200 68 Philip
2116 926 298 68 Wynyard

431 1006 264 67 Wrenne,
781 1048 9 11 M.
862 1048 29 24 A.,
957 1048 9 8 J.
1036 1047 28 25 P.,
1131 1047 9 10 D.
1210 1047 29 24 L.,
1270 1004 110 52 and
1414 1003 185 53 edited
1632 1003 74 66 by
1738 1002 55 53 J.
1829 1000 55 55 S.
1919 1001 278 52 Fletcher.
433 1000 1960 136 Garden
573 1082 151 69 City,
754 1084 69 52 N.
855 1084 90 66 Y.,
975 1084 142 51 Pub.
1150 1081 94 53 for
1274 1081 95 52 the
1402 1080 192 54 Crime
1623 1079 145 67 club,
1799 1080 125 65 inc.,
1957 1080 73 67 by
2063 1079 354 68 Doubleday,

432 1160 960 69 Doran & company, inc. [ ᶜ19 32]
500 1240 897 51 3 p. l., v-vii p., 3 l., 3-305 p. 20 ᶜᵐ.
502 1300 162 40 “First
698 1298 224 41 edition.”

435 1365 50 52 ©
513 1370 108 39 Jan.
649 1370 68 47 14,
744 1367 138 48 1932;
911 1367 67 42 2c.
1005 1369 94 39 and
1127 1367 80 41 aff.
1235 1367 109 40 Jan.
1372 1367 54 39 18;
1483 1366 39 38 A
1548 1365 171 48 47038;
1750 1366 296 47 Doubleday,
2077 1366 165 39 Doran
2271 1366 36 40 &
2334 1375 83 38 co.,

502 1426 90 42 inc.
662 1425 248 48 (32-1645)

426 1528 287 64 Fletcher,
746 1527 252 55 William
1029 1527 223 55 Meade.

499 1604 343 68 Cyclopedia
878 1606 64 52 of
973 1607 97 52 the
1103 1606 109 52 law
1248 1605 65 52 of
1346 1603 225 67 private
1604 1603 408 67 corporations,
2045 1606 76 63 by
2155 1603 260 54 William

425 1681 1988 67 Meade Fletcher … Revised and permanent edition, by Basil
427 1759 1988 68 Jones and the publishers’ editorial staff … v. 10. Chicago,
428 1839 318 65 Callaghan
777 1841 110 51 and
918 1856 293 48 company,
1244 1842 149 50 1931.

504 1910 81 48 xii,
618 1910 113 40 1007
760 1921 41 37 p.
861 1910 56 38 24½ᶜᵐ.

439 1976 51 51 ©
527 1981 107 37 Dec.
671 1979 68 48 30,
774 1979 138 46 1931;
949 1980 67 39 2c.
1051 1981 93 38 and
1180 1979 80 41 aff.
1297 1980 108 39 Jan.
1441 1979 40 48 2,
1517 1979 139 47 1932;
1695 1979 39 38 A
1767 1979 171 47 46666;
1978 1978 268 48 Callaghan
2283 1979 35 40 &
2353 1989 66 30 co.

511 2032 66 53 [©
609 2047 105 29 new
743 2038 178 38 matter
950 2038 93 38 and
1075 2040 150 45 notes]

430 2140 172 63 Foxe,
633 2140 230 52 Arthur
888 2141 74 54 N.

498 2216 398 52 Auscultation
932 2219 64 50 of
1029 2219 93 51 the
1158 2218 292 64 abdomen,
1486 2218 340 64 completion
1862 2218 64 51 of
1960 2217 94 51 the
2090 2218 229 51 method
2354 2218 63 51 of

437 2290 1804 70 Laennec, by Arthur N. Foxe, m. d. … New York, 1931.
505 2364 561 48 2 p. l., 514, 62 l. 28½ᶜᵐ.
509 2421 356 47 “Typewritten
895 2423 159 47 copy.”

442 2487 51 51 ©
520 2491 108 40 Dec.
653 2492 37 47 5,
717 2491 109 40 1931;
881 2492 66 41 2c.
974 2493 109 40 Dec.
1108 2494 27 37 4;
1189 2492 80 41 aff.
1297 2493 111 42 Dec.
1431 2492 56 39 24;
1541 2492 40 39 A
1605 2492 143 40 45833;
1804 2491 52 39 A.
1884 2491 54 39 N.
1966 2491 143 47 Foxe,
2135 2491 116 39 New
2278 2491 142 39 York.

439 2599 293 62 Futterer,
762 2600 258 53 Antonia
1050 2601 300 54 Fredrich.

503 2675 280 54 Palestine
818 2676 215 69 speaks,
1068 2677 72 69 by
1174 2678 95 52 the
1302 2679 229 66 pioneer
1564 2677 204 68 golden
1803 2676 102 53 ark
1938 2675 276 69 explorer,

2247 2675 70 55 A.
2354 2675 63 53 F.

440 2752 283 65 Futterer;
767 2772 66 32 an
873 2754 321 66 up-to-date
1231 2753 195 71 timely
1463 2760 128 46 tour
1628 2754 248 67 through
1917 2753 76 54 all
2031 2759 159 62 parts
2227 2753 62 53 of
2325 2753 95 54 the

436 2829 309 68 Holyland,
776 2831 138 52 with
947 2850 29 33 a
1007 2832 282 66 thorough
1323 2831 365 68 explanation
1721 2830 63 52 of
1815 2830 74 54 its
1919 2837 128 61 past
2080 2830 110 54 and
434 2831 1962 141 photographs
666 2905 62 52 of
749 2906 71 52 its
843 2912 221 61 present
1085 2908 63 51 of
1170 2927 165 49 every
1357 2909 258 53 essential
1637 2908 159 67 place
1817 2908 62 51 of
1901 2909 231 51 interest
2153 2912 58 48 to
438 2925 1959 125 everybody
607 2982 298 54 interested
929 2982 54 52 in
1010 2984 91 52 the
1124 2991 143 46 most
1290 2984 347 54 remarkable
1662 2993 237 61 country
1923 2985 56 51 in
2006 2985 74 52 all
2107 2985 93 53 the
2225 2983 192 53 world.

439 3058 155 53 With
619 3077 146 36 some
787 3059 308 53 references
1115 3065 56 47 to
1195 3061 72 55 its
1289 3079 153 36 more
1463 3061 348 53 remarkable
1834 3062 206 54 future.
2101 3062 109 52 Los
438 3063 1957 137 Angeles,
561 3135 190 69 Calif.,
785 3136 64 52 A.
881 3137 63 51 F.
977 3137 261 54 Futterer
1272 3141 171 66 [1931]

508 3214 1495 52 748 p. incl. col. front., illus. (incl. music) fold. pl. 24½ ᶜᵐ.
510 3272 137 46 Maps
679 3280 61 29 on
771 3270 358 48 lining-papers.

447 3339 1975 55 © Dec. 19, 1931; 2c. Jan. 2, 1932; aff. Dec. 28, 1931; A 45742; A. F.
515 3400 236 40 Futterer.
794 3400 90 38 Los
925 3400 214 45 Angeles.
1211 3401 248 50 (32-1304)

443 3491 331 63 Gallagher,
804 3492 205 55 Marie.

515 3568 307 52 Nathaniel
872 3569 279 52 Moleskin
1203 3572 110 51 and
1364 3572 95 52 the
1512 3572 237 54 Chinese
1800 3573 250 66 princess
2101 3573 111 52 and
2264 3571 162 52 other

446 3646 216 65 stories,
707 3644 75 67 by
827 3645 183 52 Marie
1060 3645 325 69 Gallagher.
1502 3650 137 52 [New
1689 3649 178 67 York,
1917 3649 240 52 Printed
2207 3648 75 67 by
2331 3648 95 52 the

446 3721 733 68 Alexander press, ᶜ19 31]
514 3803 54 40 80
600 3814 41 37 p.
701 3802 59 40 20½ᶜᵐ.

449 3856 1953 106 © Jan. 6, 1932; 2c. Dec. 29, 1931; aff. Jan. 12, 1932; A 46862; M. Gallagher,
734 3916 116 39 New
888 3916 142 38 York.
1101 3916 247 51 (32-1647)
