2563 4368
1141 4051 133 55 1057

196 435 188 64 Mead,
417 433 263 65 Sterling
707 433 255 65 Vernon,
997 436 170 51 1888-

260 507 1920 70 Diseases of the mouth, by Sterling V. Mead … with 523
193 588 376 53 illustrations
595 590 60 50 in
677 589 95 53 the
796 593 122 48 text
941 587 112 53 and
1078 589 68 49 40
1172 587 150 52 color
1349 587 199 67 plates.
1608 585 99 53 4th
1733 584 85 53 ed.
1882 584 84 55 St.
1991 585 192 65 Louis,

190 666 120 53 The
338 665 63 56 C.
428 667 70 53 V.
527 666 204 67 Mosby
758 682 296 50 company,
1085 666 150 50 1932.

264 748 1311 50 3 p. l., 9-932 p. illus., col. plates, diagrs. 25½ᶜᵐ.
267 806 346 41 “References”
640 809 53 38 at
719 807 92 40 end
838 806 51 40 of
915 807 124 39 most
1066 805 51 41 of
1141 806 82 40 the
1251 806 239 48 chapters.

203 875 51 52 ©
282 880 116 46 July
424 879 39 47 9,
491 877 140 47 1932;
661 877 65 41 2c.
756 878 116 46 July
900 877 56 38 14;
1013 876 81 40 aff.
1124 876 115 47 July
1267 876 82 47 18;
1380 875 41 39 A
1449 876 143 40 53157;
1651 875 49 41 C.
1730 876 51 40 V.
1813 877 168 47 Mosby
2011 886 66 29 co.

281 935 276 49 (32-18586)

197 1036 207 66 Miller,
433 1036 271 65 Joaquin,
738 1040 324 51 1841-1913.

266 1112 56 53 A
359 1113 162 68 royal
556 1112 271 69 highway
865 1110 64 55 of
963 1111 100 53 the
1098 1112 200 69 world,
1332 1112 76 69 by
1446 1110 253 69 Joaquin
1735 1111 212 54 Miller.
197 1113 1970 146 Portland,
382 1189 118 69 Or.,

529 1190 412 68 Metropolitan
970 1206 175 51 press,
1176 1190 150 52 1932.

269 1260 1919 53 4 p. l., v-xvii. [1], 23 p., 1 l. incl. front. (mounted port.) illus., facsim.
198 1321 60 47 pl.
318 1320 145 40 28½ᶜᵐ.

271 1375 152 47 “Only
449 1376 84 39 245
563 1377 159 46 copies
749 1375 208 47 printed,
987 1375 53 40 of
1068 1374 158 40 which
1256 1374 99 40 this
1384 1384 118 38 copy
1534 1374 42 40 is
1606 1374 203 41 number
1838 1374 100 41 31.”

272 1432 307 48 Description
611 1432 51 40 of
691 1443 28 28 a
752 1433 135 44 stage
918 1431 206 46 journey
1156 1431 50 39 in
1237 1430 128 49 1907,
1395 1431 130 39 from
1557 1431 198 49 Canyon
1787 1430 112 49 City
1931 1434 50 38 to
2015 1431 174 48 Burns,

202 1488 199 49 Oregon,
432 1499 113 30 over
574 1490 81 39 the
685 1490 116 38 road
833 1489 158 38 which
1022 1498 102 30 was
1152 1489 126 38 later
1307 1490 174 38 named
1511 1487 82 41 the
1625 1487 211 49 Joaquin
1867 1487 161 42 Miller
2060 1487 130 42 trail.

272 1545 289 41 “Published
599 1545 77 39 for
712 1546 81 39 the
833 1543 106 40 first
978 1544 115 40 time
1131 1544 190 40 outside
1361 1545 81 38 the
1480 1543 216 41 columns
1736 1544 52 40 of
1827 1555 26 29 a
1895 1554 294 38 newspaper,

202 1598 1990 51 through the kind permission of Mr. P. F. Chandler … who owns and
201 1661 246 37 treasures
480 1658 80 39 the
594 1655 605 49 manuscript.”—Introd.,
1233 1655 167 48 signed
1433 1656 172 41 Alfred
1639 1656 208 41 Powers.

273 1714 238 48 “Joaquin
547 1713 162 40 Miller
746 1723 186 30 crosses
970 1713 80 40 the
1091 1712 281 41 mountain”
1415 1722 147 40 [poem
1601 1712 62 48 by
1701 1712 60 40 H.
1802 1713 137 41 McK.
1982 1712 211 49 Corning

200 1771 126 40 from
349 1770 78 41 his
451 1770 187 40 volume
665 1770 99 40 The
790 1768 253 42 mountain
1069 1769 50 40 in
1145 1770 81 39 the
1252 1769 104 50 sky]:
1413 1779 44 38 p.
1487 1768 188 51 [15]-23.

208 1838 51 52 ©
289 1842 114 48 July
432 1843 38 42 8,
499 1841 112 41 1932;
670 1842 66 39 2c.
768 1842 114 46 July
911 1841 55 39 14;
1025 1840 81 41 aff.
1138 1841 115 47 July
1283 1841 54 40 13;
1397 1841 41 39 A
1466 1840 143 41 53100;
1669 1840 347 49 Metropolitan
2045 1849 149 39 press.

285 1899 279 49 (32-18233)

202 2002 304 66 Mittasch,
541 2001 212 56 Alwin.

268 2079 129 53 Von
431 2079 169 67 Davy
633 2079 112 52 and
780 2078 346 53 Döbereiner
1161 2079 86 52 bis
1282 2079 247 67 Deacon,
1562 2078 90 53 ein
1686 2078 195 53 halbes
203 2079 1965 130 jahrhundert

357 2155 670 68 grenzflächenkatalyse,
1057 2174 112 34 von
1198 2156 72 52 A.
1301 2156 274 53 Mittasch
1606 2157 118 51 und
1755 2157 69 52 E.
1857 2156 171 53 Theis;
2089 2155 107 54 mit

203 2234 64 50 14
304 2232 385 68 abbildungen
723 2232 80 53 im
836 2238 123 47 text
994 2234 118 51 und
1151 2236 64 48 16
1252 2233 400 68 bildbeilagen.
1725 2233 218 67 Berlin,
1979 2234 216 67 Verlag

201 2309 248 69 Chemie,
477 2329 53 48 g.
558 2330 74 33 m.
659 2311 52 52 b.
737 2310 74 66 h.,
841 2313 152 50 1932.

275 2379 1362 53 278 p., 1 l. illus. XVI port. (incl. front.) 23 ½ᶜᵐ .
275 2438 412 49 Bibliographical
721 2439 277 41 foot-notes.

212 2507 1986 53 © Apr. 26, 1932; 1c. June 2; A—Foreign 16990; Verlag Chemie, g. m.
280 2567 41 40 b.
347 2568 44 39 h.
458 2565 278 50 (32-18601)

207 2668 256 64 Moffett,
494 2667 272 55 Edmund
796 2668 219 65 James,
1049 2671 171 50 1891-
1431 2685 179 53 comp.

278 2744 274 54 Moffett’s
594 2744 118 53 real
756 2749 174 48 estate
973 2744 173 69 guide
1188 2747 113 51 and
1346 2746 95 53 the
1488 2745 324 55 California
1859 2748 118 51 real
2024 2753 175 49 estate

210 2821 1987 72 act, as amended in 1931 … 1932 enl. and rev. ed. Compiled
209 2899 73 69 by
314 2899 271 53 Edmund
616 2899 55 54 J.
701 2898 246 53 Moffett.
1013 2899 111 53 Los
1151 2898 267 70 Angeles,
1450 2901 66 52 E.
1549 2901 55 54 J.
1636 2900 230 55 Moffett
1897 2920 98 50 co.,
2048 2906 150 50 ᶜ1932.

327 2972 130 49 [ᶜv]-xii,
486 2971 85 40 272
601 2982 43 37 p.
705 2972 177 46 diagrs.
943 2971 144 40 17½ᶜᵐ.

279 3028 233 40 Previous
544 3028 210 40 editions
786 3029 122 39 have
941 3028 107 39 title:
1113 3028 99 40 The
1248 3027 271 42 California
1557 3030 157 46 realty
1749 3029 274 49 profession
2056 3031 142 48 guide

210 3083 1274 48 and the California real estate department act …
217 3152 51 51 ©
308 3156 108 39 Jan.
455 3156 68 46 16,
563 3154 139 48 1932;
742 3155 67 40 2c.
850 3156 95 39 and
984 3155 82 40 aff.
1107 3156 124 39 June
1270 3155 82 48 10;
1394 3157 41 38 A
1474 3156 169 49 52398;
1685 3159 53 40 E.
1779 3159 43 39 J.
1864 3157 205 49 Moffett,
2109 3159 94 39 Los

284 3213 217 47 Angeles.
572 3211 279 49 (32-18417)

212 3316 145 52 New
385 3315 161 52 York
585 3313 217 68 (State)
884 3312 185 70 Laws,
1096 3319 258 63 statutes,
1381 3321 101 48 etc.

344 3392 1855 68 … The Code of criminal procedure of the state of New
214 3468 189 67 York;
438 3470 233 65 chapter
701 3472 119 64 442,
851 3470 137 51 laws
1021 3469 63 52 of
1117 3474 151 63 1881,
1298 3469 298 70 including
1630 3476 133 49 1932
1797 3475 403 65 amendments,

215 3545 1985 74 edited by Henry J. Lee … Brooklyn, N. Y., Eagle library
214 3622 396 68 publications,
663 3627 149 49 ᶜ1932.

286 3692 98 50 150,
426 3694 54 49 [6]
520 3706 43 36 p.
622 3694 146 39 21½ᶜᵐ.
837 3694 125 47 (The
999 3696 149 46 Eagle
1185 3695 198 47 library,
1443 3698 91 41 vol.
1708 3728 9 17 XLVII,
1754 3709 74 29 no.
1863 3699 42 46 4,
1943 3700 147 39 serial
2125 3711 74 28 no.

216 3749 110 48 309)

287 3806 159 39 Blank
472 3816 145 38 pages
640 3806 79 39 for
749 3806 370 41 “Memoranda”
1153 3807 83 50 ([6]
1262 3810 54 38 at
1340 3808 116 48 end)

291 3861 307 50 Advertising
628 3864 179 39 matter:
867 3873 42 38 p.
958 3863 27 39 [2]

224 3927 51 52 ©
314 3932 113 47 May
463 3932 70 48 13,
570 3932 140 47 1932;
750 3933 66 40 2c.
856 3935 95 38 and
989 3933 80 40 aff.
1110 3935 126 39 June
1273 3934 82 48 28;
1397 3935 41 39 A
1475 3936 169 48 54166;
1687 3938 167 48 Henry
1894 3939 163 39 James
2096 3938 105 47 Lee,

291 3988 258 48 Brooklyn.
619 3988 277 48 (32-18540)
