2563 4368
1344 4073 99 52 676

391 468 370 62 Perieteanu,
790 463 362 57 Alexandru.

391 548 1966 139 … Traité de mécanique économique, par Alexandre Perieteanu
652 629 787 70 … Paris, M. Giard, 1932.
460 702 758 49 2 p. l., [7]-296 p., 2 l. 23 ᶜᵐ .
459 775 65 40 At
553 774 124 40 head
709 773 53 41 of
791 774 107 40 title:
960 772 293 40 Production
1284 775 48 37 et
1365 770 288 49 répartition
1687 772 82 40 des
1803 772 248 40 richesses.

397 842 1987 55 © Dec. 1, 1931; 1c. Jan. 18, 1932; A Foreign 15295; A. Perieteanu,
465 906 283 47 Bucharest,
780 904 255 40 Rumania.
1106 900 279 50 (32-12295)

393 1026 367 54 Perlesvaus.

464 1115 78 51 Le
579 1116 141 51 haut
758 1114 144 51 livre
938 1113 75 52 du
1053 1112 190 68 graal;
1286 1112 352 67 Perlesvaus,
1675 1111 187 54 edited
1901 1112 74 68 by
2011 1110 261 57 William
2311 1112 70 53 A.

394 1190 1985 69 Nitze and T. Atkinson Jenkins … v. 1. Text, variants, and
393 1275 271 67 glossary.
744 1270 268 68 Chicago,
1069 1270 111 68 Ill.,
1235 1269 121 52 The
1414 1268 331 68 University
1800 1268 63 54 of
1919 1268 252 71 Chicago
2227 1286 155 53 press

399 1354 172 66 [1932]

466 1421 1922 51 xiii, 537 p. pl., 2 faesim. (incl. front.) 24 ᶜᵐ . ( Half-title : The modern
393 1482 242 47 philology
664 1479 322 48 monographs
1013 1481 50 38 of
1091 1479 80 40 the
1200 1477 279 49 University
1508 1478 52 40 of
1588 1477 234 49 Chicago)

461 1554 102 38 The
598 1554 192 46 present
825 1550 182 41 edition
1043 1550 192 40 follows
1273 1551 87 39 Ms.
1397 1550 185 39 Hatton
1621 1549 54 41 82
1710 1549 51 41 of
1797 1550 80 39 the
1914 1550 232 41 Bodleian
2182 1552 198 49 library,

393 1609 185 41 Oxford
613 1609 269 47 university.
957 1608 63 48 cf.
1052 1607 130 41 Pref.

398 1678 51 51 ©
484 1683 111 46 Apr.
629 1681 39 47 5,
702 1680 138 46 1932;
876 1680 67 42 2c.
976 1680 93 39 and
1104 1679 81 40 aff.
1220 1678 111 49 Apr.
1364 1678 83 46 30;
1483 1678 37 39 A
1555 1676 171 49 49785;
1763 1678 279 49 University
2079 1680 50 40 of
2164 1678 221 50 Chicago,

467 1738 222 48 Chicago.
760 1736 279 50 (32-11923)

392 1856 312 66 Ragsdale,
734 1858 239 51 Bartow
1003 1855 202 65 Davis,
1239 1860 170 50 1861-

397 1947 1960 132 Story of Georgia Baptists … v. 1. Mercer university, Penfield
558 2027 197 68 period
790 2027 110 51 and
934 2026 214 53 related
1182 2025 277 53 interests.
1536 2027 88 65 By
1658 2029 65 50 B.
1757 2028 70 55 D.
1862 2026 301 68 Ragsdale.
395 2028 1963 130 Published
605 2106 74 67 by
709 2105 97 53 the

836 2104 223 67 author,
1091 2105 254 67 auspices
1375 2105 95 52 the
1502 2105 311 54 Executive
1843 2106 320 53 committee
2191 2107 64 52 of
2286 2107 95 53 the
393 2182 249 68 Georgia
677 2181 234 69 Baptist

945 2182 352 54 convention.
1373 2183 261 68 Atlanta,
1670 2184 240 53 Printed
1946 2185 73 66 by
2056 2186 177 52 Foote
2269 2186 111 52 and

394 2261 210 52 Davies
640 2280 77 34 co.
759 2263 173 65 [1932]

468 2334 99 47 viii,
596 2335 82 39 301
709 2345 41 36 p.
811 2334 163 48 front.,
1004 2336 169 47 plates,
1205 2336 147 46 ports.
1412 2333 148 42 20½ᶜᵐ.

465 2405 346 48 Bibliography;
873 2415 41 31 v.
944 2406 40 47 1,
1012 2415 45 38 p.
1085 2404 217 42 351-352.

399 2473 51 51 ©
478 2477 109 41 Feb.
612 2479 67 44 18,
706 2476 112 41 1932;
871 2477 66 40 2c.
965 2477 108 40 Feb.
1098 2476 55 40 25;
1208 2478 80 39 aff.
1315 2478 112 47 Apr.
1454 2477 56 40 18;
1564 2480 39 36 A
1627 2478 142 40 50972;
1827 2479 263 41 Executive
2115 2478 271 43 committee

469 2533 51 40 of
546 2536 80 37 the
654 2533 194 48 Baptist
876 2533 285 41 convention
1191 2535 51 38 of
1273 2536 76 39 the
1378 2538 129 37 state
1534 2535 52 39 of
1613 2536 219 48 Georgia,
1862 2538 216 40 Atlanta.
477 2589 278 54 (32-11914)

395 2709 190 65 Rahn,
616 2710 160 64 Otto,
809 2714 170 50 1881-

467 2799 1915 75 Physiology of bacteria, by Otto Rahn … with forty-two
397 2877 394 53 illustrations.
867 2878 425 69 Philadelphia,
1348 2883 63 50 P.
1469 2880 347 55 Blakiston’s
1869 2901 102 34 son
2025 2886 45 50 &
2123 2901 98 42 co.,
2273 2883 109 53 inc.

400 2958 193 65 [ᶜ1932]

465 3028 95 47 xiv,
589 3028 87 40 438
705 3040 41 36 p.
807 3029 141 49 illus.,
981 3030 178 49 diagrs.
1218 3030 146 42 22½ᶜᵐ.

468 3085 216 39 “Author
713 3085 173 41 index”:
945 3098 42 37 p.
1016 3087 217 43 409-427.

403 3148 51 53 ©
482 3155 109 46 Apr.
619 3153 69 48 29,
715 3154 139 47 1932;
883 3157 66 39 2c.
977 3157 94 39 and
1099 3157 80 39 aff.
1208 3158 111 46 Apr.
1347 3156 82 45 30;
1459 3158 39 39 A
1526 3157 169 46 51094;
1726 3160 50 42 P.
1804 3159 297 41 Blakiston’s
2128 3171 84 30 son
2241 3161 35 40 &
2304 3171 80 37 co.,

471 3211 90 40 inc.
631 3211 278 48 (32-11892)

400 3325 263 64 Randall,
693 3328 253 55 William
976 3329 288 66 Madison,
1296 3336 171 50 1899-

462 3417 121 53 The
617 3418 210 68 college
861 3418 248 69 library;
1148 3440 32 34 a
1214 3421 343 70 descriptive
1591 3425 173 66 study
1798 3425 63 53 of
1897 3425 95 53 the
2027 3426 260 53 libraries
2322 3425 57 53 in

394 3492 295 70 four-year
713 3495 200 53 liberal
940 3501 116 49 arts
1083 3498 238 68 colleges
1344 3500 62 52 in
1429 3500 96 53 the
1549 3501 217 54 United
1795 3501 206 68 States,
2025 3503 75 66 by
2123 3503 255 55 William

395 3571 1986 75 M. Randall … [Chicago] American library association and
396 3648 92 52 the
513 3649 337 66 University
875 3651 64 52 of
965 3650 252 67 Chicago
1243 3670 155 47 press
1450 3656 152 64 [1932]

469 3719 82 48 xii,
586 3720 82 40 165
700 3731 43 37 p.
803 3721 179 49 diagrs.
1042 3720 146 42 23½ᶜᵐ.

470 3776 100 39 The
609 3778 177 39 results
826 3778 50 39 of
914 3782 95 36 two
1045 3779 156 47 years’
1240 3780 372 48 investigations
1650 3784 140 39 made
1828 3784 61 47 by
1925 3784 95 39 and
2059 3784 80 40 for
2176 3786 81 40 the
401 3787 1966 92 Advisory
596 3842 152 38 group

786 3845 58 28 on
883 3832 176 50 college
1097 3835 224 41 libraries
1360 3836 53 39 of
1447 3838 82 39 the
1568 3836 234 51 Carnegie
1838 3840 306 47 corporation
2183 3841 51 40 of
2271 3841 114 42 New

402 3889 140 47 York,
571 3890 71 40 W.
670 3889 71 41 W.
771 3889 195 49 Bishop,
995 3891 264 41 chairman,
1317 3891 60 49 cf.
1408 3892 198 48 chapter
1658 3925 10 9 I.

408 3955 51 51 ©
485 3960 112 46 Apr.
621 3960 69 43 26,
716 3960 111 40 1932;
882 3961 67 41 2c.
977 3963 110 50 May
1112 3963 25 39 3;
1193 3962 80 42 aff.
1301 3964 112 47 May
1438 3965 25 36 2;
1519 3965 38 38 A
1583 3962 170 49 49800;
1781 3965 279 49 University
2087 3968 51 39 of
2165 3966 221 49 Chicago,

476 4015 219 48 Chicago.
767 4017 278 49 (32-11814)
