2563 4368
1051 4093 102 55 759

111 480 362 65 Henderson,
501 481 204 52 James
730 480 157 63 Max,
920 483 170 50 1895-

238 551 1857 71 … Questions and answers with problems and illustrative
107 637 207 49 matter
343 651 72 34 on
447 632 95 53 the
573 633 110 51 law
714 630 65 54 of
811 632 118 51 real
961 635 277 64 property
1268 630 172 54 based
1473 648 72 35 on
1578 630 80 53 all
1689 631 96 51 the
1819 629 276 54 standard

106 705 1990 70 text and case books, by James M. Henderson … Chicago,
108 785 320 70 Callaghan
459 786 113 53 and
603 802 297 51 company,
931 786 151 52 1932.

176 858 82 48 vii,
283 858 85 41 110
391 869 42 38 p.
487 857 115 42 20ᶜᵐ.
668 856 334 49 (Callaghan’s
1028 856 190 48 quizzer
1246 856 173 48 series)

113 912 51 52 ©
199 918 113 46 May
344 917 68 47 14,
446 915 114 41 1932;
621 915 66 41 2c.
723 916 113 47 May
869 916 55 39 17;
988 914 82 42 aff.
1105 916 113 47 May
1252 915 58 40 18;
1371 915 41 39 A
1446 913 142 42 51395;
1654 913 269 49 Callaghan
1958 920 37 40 &
2027 924 69 30 co.

190 972 278 50 (32-13538)

107 1090 204 64 Hirsh,
340 1090 182 56 Alice.

107 1166 1967 131 Within my heart, by Alice Hirsh … Philadelphia, Dorrance
294 1246 717 66 & company, inc. [ ᶜ1 932]
177 1314 1768 50 83 p. 20 ᶜᵐ . (Half-title: Contemporary poets of Dorrance, 106)
113 1370 51 52 ©
193 1375 113 46 May
332 1375 69 46 17,
428 1372 114 42 1932;
597 1373 68 42 2c.
693 1376 94 38 and
815 1373 82 42 aff.
926 1375 113 47 May
1064 1373 55 41 21;
1177 1374 41 39 A
1245 1373 143 41 52076;
1445 1374 247 39 Dorrance
1721 1373 37 40 &
1785 1383 81 38 co.,
1895 1373 91 40 inc.

189 1431 277 48 (32-13567)

107 1545 233 66 Jelliffe,
370 1546 195 56 Smith
594 1548 129 63 Ely,
755 1551 170 51 1866-

238 1621 1859 71 … Psychopathology of forced movements and the oculogyric
106 1698 1990 71 crises of lethargic encephalitis, by Smith Ely Jelliffe … New
107 1778 162 52 York
305 1778 113 53 and
453 1777 401 70 Washington,
889 1777 260 54 Nervous
1184 1777 114 53 and
1333 1778 215 52 mental
1586 1777 214 53 disease
106 1776 1963 147 publishing
236 1872 98 50 co.,
367 1856 150 52 1932.

104 1925 1972 99 vii, 219 p. illus. (incl. facsim.) diagr. 23½ ᶜᵐ . (Nervous and mental disease
416 1984 296 47 monograph
741 1983 162 48 series,
932 1994 75 31 no.
1035 1982 81 50 55)

175 2039 163 41 “First
370 2038 227 43 edition.”

174 2094 372 49 Bibliography:
579 2106 42 38 p.
654 2094 215 43 208-215.

114 2149 51 52 ©
194 2155 113 46 May
334 2153 39 49 9,
400 2153 113 41 1932;
569 2154 66 41 2c.
665 2155 96 39 and
787 2152 83 43 aff.
898 2155 114 47 May
1040 2155 55 40 17;
1153 2154 41 39 A
1221 2153 142 41 52031;
1421 2154 220 41 Nervous
1669 2155 97 39 and
1794 2153 182 41 mental
179 2154 1901 96 disease
320 2210 110 47 pub.
463 2220 65 30 co.
599 2210 278 47 (32-13425)

105 2322 238 57 Kansas
372 2325 202 69 digest,
604 2325 267 70 covering
899 2345 150 35 cases
1078 2325 267 70 reported
1374 2325 62 53 in
1464 2327 229 53 Kansas
1723 2331 223 64 reports
1980 2322 113 55 and

177 2401 212 57 Pacific
438 2408 273 64 reporter,
764 2404 140 52 with
956 2409 229 48 current
1235 2404 343 55 cumulative
1629 2404 204 69 pocket
1882 2401 212 56 service

175 2480 1918 71 keeping the digest always to date … Compiled and edited
176 2560 76 67 by
288 2560 96 53 the
423 2559 339 69 publisher’s
802 2560 265 53 editorial
1106 2558 138 56 staff.
1331 2578 52 38 v.
1424 2564 49 50 3.
1512 2561 195 53 Banks
1749 2561 112 53 and
176 2560 1894 145 Banking-Court

538 2638 462 55 commissioners.
1078 2639 83 56 St.
1206 2641 166 68 Paul,
1412 2641 161 54 West
1615 2639 337 70 publishing
1995 2658 98 49 co.,

179 2719 152 51 1932.

179 2789 430 50 ix, 863 p. 26 ᶜᵐ .
114 2841 53 51 ©
195 2847 114 46 May
335 2846 69 48 25,
434 2844 140 49 1932;
604 2846 66 40 2c.
701 2848 125 39 June
853 2848 82 47 11;
967 2847 81 40 aff.
1079 2848 125 39 June
1233 2848 82 47 13;
1346 2849 40 38 A
1416 2847 168 49 52506;
1618 2849 134 40 West
1779 2848 110 48 pub.
1919 2859 68 32 co.

109 2963 298 66 Kennard,
436 2965 219 64 Joseph
687 2966 272 64 Spencer,
992 2970 171 51 1859-

175 3039 1920 71 The Italian theatre … by Joseph Spencer Kennard. New
109 3115 176 69 York,
316 3115 87 54 W.
440 3116 68 55 E.
540 3116 221 69 Rudge,
796 3119 149 52 1932.

176 3186 1299 52 2 v. fronts., plates (part double) ports. 24 ᶜᵐ .
177 3243 127 41 Title
335 3243 229 48 vignette.

177 3298 347 49 Bibliography
542 3310 10 30 :
582 3311 43 29 v.
655 3302 40 44 1,
724 3311 43 37 p.
798 3299 237 49 xiii-xvii,
1066 3303 227 46 repeated
1321 3303 51 40 in
1401 3314 43 31 v.
1473 3304 41 40 2.

444 3381 70 16 CONTENTS.—
514 3369 46 30 v.
594 3356 43 42 1.
670 3357 142 39 From
845 3356 65 41 its
940 3357 260 49 beginning
1230 3360 50 38 to
1311 3359 80 40 the
1426 3360 125 40 close
1583 3360 52 39 of
1666 3361 81 39 the
1781 3360 313 40 seventeenth

108 3413 323 46 century.—v.
458 3413 45 42 2.
532 3412 143 40 From
705 3414 82 39 the
816 3414 125 39 close
972 3414 51 39 of
1053 3415 81 39 the
1165 3416 314 39 seventeenth
1508 3418 215 44 century.

116 3466 51 52 ©
193 3472 120 40 Mar.
336 3473 40 45 4,
401 3470 114 41 1932;
567 3471 68 41 2c.
658 3471 118 40 each
800 3472 96 39 and
920 3471 80 41 aff.
1028 3473 113 46 May
1164 3472 83 47 25;
1274 3472 41 39 A
1340 3472 142 41 51507;
1538 3474 43 40 J.
1609 3473 43 41 S.
1679 3473 245 47 Kennard,
1953 3473 143 40 Coral

184 3528 188 46 Gables,
403 3528 103 40 Fla.
576 3527 276 49 (32-13803)

109 3617 298 64 Kilborne,
441 3618 229 53 Russell
702 3618 246 54 Donald.

179 3692 320 67 Principles
534 3691 65 53 of
632 3710 203 51 money
871 3693 113 52 and
1016 3692 274 70 banking,
1325 3694 75 68 by
1437 3694 226 52 Russell
1698 3693 230 52 Donald
109 3692 1960 128 Kilborne

374 3768 1721 69 … 3d ed. New York and London, McGraw-Hill book
109 3862 296 50 company,
431 3844 127 68 inc.,
587 3848 149 51 1932.

178 3916 1727 50 xxii, 591 p. incl. illus., tables. diagrs. (1 fold.) 23 ½ᶜᵐ . $4.00
119 3969 51 52 ©
194 3975 112 47 May
329 3974 69 46 12,
422 3973 115 41 1932;
587 3974 67 42 2c.
680 3976 113 46 May
817 3975 54 39 14;
925 3975 81 41 aff.
1032 3977 113 47 May
1168 3976 55 40 18;
1276 3976 43 39 A
1341 3975 145 41 51379;
1538 3974 349 42 McGraw-Hill
1911 3975 75 40 bk.
2012 3984 82 39 co.,

185 4030 90 41 inc.
345 4030 278 49 (32-13325)
