2563 4368
1080 4075 132 52 1011

224 542 140 48 Maps
393 553 60 28 on
483 541 357 49 lining-papers.

225 598 242 48 “Chapter
498 598 235 47 headings
768 599 170 39 drawn
969 598 61 47 by
1065 598 180 47 Joseph
1281 597 278 48 Cummings
1595 597 305 49 Chase.”—p.
1940 599 85 50 [79]

160 666 1984 52 © May 10, 1932; 2c. and aff. July 8; A 53027; O. Hering, New York.
237 727 277 46 (32-17768)

154 829 134 64 Hill,
319 830 305 63 Margaret
652 828 373 65 Livingston.

223 904 122 52 The
385 903 302 54 children’s
729 905 175 68 lamp,
945 905 76 69 by
1063 904 296 69 Margaret
1400 904 343 69 Livingston
1785 904 159 68 Hill;
155 905 1963 130 foreword

336 982 77 68 by
441 980 183 56 Grace
650 981 344 70 Livingston
1021 982 146 53 Hill.
1231 982 427 69 Philadelphia,
1687 982 194 54 David
1911 982 232 71 McKay

153 1061 505 66 company [ ᶜ19 32]
226 1131 1012 51 [52] p. illus. (part col.) 23½ × 31½ ᶜᵐ .
226 1188 145 41 Short
399 1189 188 40 stories.

161 1256 1981 53 © June 30, 1932; 2c. July 2; aff. July 12; A 54082; David McKay co.
237 1318 278 47 (32-17675)

154 1420 258 65 Holmes,
441 1418 306 56 Fenwicke
775 1420 279 65 Lindsay,
1085 1425 170 50 1883-

226 1496 162 53 Your
429 1496 203 69 bridge
673 1495 378 70 psychology;
1099 1516 31 33 a
1174 1495 205 70 highly
1421 1494 337 55 instructive
1802 1496 115 53 and
155 1501 1964 141 entertaining

407 1574 229 53 treatise
664 1592 71 34 on
763 1574 97 53 the
884 1572 339 54 cultivation
1250 1571 65 55 of
1340 1591 33 35 a
1400 1572 203 70 bridge
1629 1572 371 70 personality,
2029 1574 113 54 and

153 1652 97 52 the
282 1657 92 47 art
408 1651 65 53 of
508 1651 281 68 handling
824 1650 149 53 one’s
1009 1649 129 69 self,
1173 1649 150 55 one’s
1358 1654 236 64 partner
1631 1650 114 54 and
1780 1649 152 54 one’s
152 1666 1967 115 opponents.

399 1729 93 66 By
511 1729 66 51 F.
598 1728 64 52 L.
683 1728 240 52 Holmes
938 1728 60 52 in
1020 1725 409 55 collaboration
1449 1727 141 54 with
1613 1726 214 55 Estelle
1845 1727 79 52 H.
155 1726 1966 133 Brinsmade.

400 1806 140 52 New
571 1805 180 67 York,
783 1805 217 68 Bridge
1032 1805 425 68 headquarters,
1488 1804 109 55 inc.
1745 1807 84 66 [ᶜ1932]

222 1877 442 49 7 p. l., 95 p. 19½ᶜᵐ.
161 1947 50 52 ©
239 1952 115 46 July
381 1950 38 48 6,
448 1949 112 41 1932;
617 1949 65 41 2c.
713 1950 114 47 July
856 1951 26 39 8;
937 1950 41 38 A
1005 1948 143 41 53029;
1205 1949 179 48 Bridge
1411 1950 366 47 headquarters,
1806 1949 91 41 inc.

236 2007 277 47 (32-17770)

152 2110 286 65 Hopkins,
470 2111 251 53 Edward
752 2110 185 56 Scott.

150 2185 1965 145 Water purification control, by Edward S. Hopkins … Baltimore,
359 2263 121 53 The
517 2263 289 53 Williams
845 2266 46 50 &
928 2263 252 54 Wilkins
1221 2281 296 50 company,
1560 2265 152 50 1932.

222 2334 775 50 ix, 131 p. illus., diagrs. 21 ᶜᵐ.
224 2389 305 44 “Literature
557 2392 154 41 cited”
741 2395 52 38 at
821 2393 92 40 end
940 2392 54 41 of
1019 2393 119 40 each
1165 2393 214 48 chapter.

160 2453 52 51 ©
239 2457 125 39 June
388 2455 69 49 24,
483 2455 113 42 1932;
651 2457 67 40 2c.
746 2458 95 38 and
867 2456 81 40 aff.
977 2457 128 39 June
1128 2456 57 39 28;
1240 2457 41 38 A
1308 2455 143 41 51927;
1507 2456 242 41 Williams
1776 2456 38 40 &
1839 2455 209 41 Wilkins
2075 2465 68 31 co.

235 2514 279 47 (32-17654)

153 2614 282 66 Johnson,
463 2618 207 62 Henry
698 2614 209 67 Lewis,
939 2617 171 54 1867-

220 2692 330 68 Gutenberg
601 2694 111 52 and
761 2693 96 54 the
907 2694 163 52 Book
1118 2693 64 53 of
1229 2693 191 68 books,
1473 2693 140 52 with
1660 2691 480 69 bibliographical

150 2775 176 61 notes,
352 2770 431 67 reproductions
810 2771 63 53 of
899 2771 283 68 specimen
1210 2789 173 49 pages
1411 2771 113 53 and
1554 2790 31 33 a
1612 2770 202 67 listing
1842 2770 64 53 of
1933 2770 209 52 known

152 2846 204 69 copies,
389 2848 75 67 by
499 2848 201 67 Henry
735 2849 183 52 Lewis
954 2849 277 53 Johnson.
1300 2849 140 52 New
1476 2847 180 68 York,
1689 2848 91 55 W.
1815 2848 69 52 E.
1918 2847 223 67 Budge,

152 2927 150 50 1932.

227 2995 878 51 [24] p. col. pl., col. facsims. 41½ᶜᵐ.
223 3053 102 42 The
358 3054 132 48 plate
526 3054 96 39 and
656 3055 118 39 each
811 3055 52 40 of
896 3055 83 41 the
1013 3054 268 42 facsimiles
1316 3054 341 50 accompanied
1694 3055 60 48 by
1790 3055 156 48 guard
1982 3055 161 42 sheets

154 3110 120 41 with
307 3110 291 48 descriptive
632 3111 294 48 letterpress.

226 3165 182 41 “Seven
437 3166 220 40 hundred
686 3168 95 38 and
811 3167 110 48 fifty
948 3168 159 48 copies
1134 3167 80 41 for
1243 3168 101 41 sale
1374 3168 50 39 in
1453 3169 82 39 the
1563 3168 180 40 United
1775 3167 162 41 States
1967 3168 96 40 and
2092 3167 51 41 in

155 3222 149 43 Great
335 3223 237 41 Britain.”

162 3277 1964 110 © Apr. 18, 1932; 2c. and aff. July 12; A 52981; Printing house of William Edwin Budge, inc., New York. (32-17645)
156 3440 335 65 Kettering,
523 3439 244 56 Charles
794 3440 300 66 Franklin,
1126 3442 170 54 1876-

285 3517 1856 68 … The new necessity; the culmination of a century of
155 3595 1980 68 progress in transportation, by Charles F. Kettering … [and]
154 3670 1987 69 Allen Orth … Baltimore, The Williams & Wilkins company
155 3747 111 51 and
296 3748 74 52 its
399 3748 296 53 associates
725 3750 60 51 in
815 3748 361 67 cooperation
1207 3749 139 54 with
1375 3750 95 52 the
1501 3749 256 67 Century
1785 3749 64 53 of
1879 3766 262 54 progress

154 3825 335 67 exposition,
520 3829 151 49 1932.

264 3896 1236 50 x, 124 p. 19 ᶜᵐ. (A century of progress series)
165 3950 52 51 ©
244 3955 125 39 June
393 3954 69 46 21,
489 3953 139 48 1932;
657 3954 66 41 2c.
751 3957 94 37 and
872 3954 79 40 aff.
981 3955 127 40 June
1132 3954 81 46 23;
1243 3955 40 38 A
1310 3956 142 40 51881;
1509 3956 241 39 Williams
1778 3959 38 40 &
1841 3954 209 41 Wilkins
2075 3965 68 30 co.

240 4011 276 48 (32-17657)
