2563 4368
1084 4084 130 48 1611

204 528 919 50 Issued in case; vol. I in portfolio.
205 587 279 41 Half-title:
517 589 101 39 The
663 586 305 41 Rockefeller
1013 583 303 42 McCormick
1358 584 117 40 New
1519 583 295 40 Testament,
1861 582 160 40 edited
2066 582 60 48 by

135 645 163 47 Edgar
331 646 44 41 J.
410 644 294 48 Goodspeed,
738 644 190 40 Donald
962 644 72 39 W.
1069 642 173 40 Riddle
1276 643 96 38 and
1405 641 187 40 Harold
1627 640 56 39 R.
1716 638 323 49 Willoughby.

190 703 100 39 The
333 701 240 40 facsimile
618 703 202 44 volume,
864 700 158 40 which
1068 699 216 39 includes
1329 699 81 40 the
1455 696 340 48 reproduction
1841 697 51 40 of
1936 698 64 38 all
2046 698 81 39 the

135 755 295 43 miniatured
458 767 145 38 pages
630 757 49 40 in
707 757 93 40 full
828 758 141 46 color,
1000 766 100 29 was
1129 754 192 49 printed
1349 754 49 39 in
1425 754 217 40 Austria.

205 815 100 38 The
334 813 299 48 manuscript
663 824 100 29 was
791 814 173 39 loaned
995 813 60 47 by
1086 814 115 38 Mrs.
1231 812 146 39 Edith
1412 811 306 40 Rockefeller
1747 810 302 41 McCormick
2080 812 48 38 to

138 872 79 41 the
249 873 128 44 Dept.
419 872 51 38 of
500 872 117 39 New
647 872 281 39 Testament
960 870 96 39 and
1086 870 134 45 early
1252 868 250 42 Christian
1532 868 257 39 literature
1821 867 51 40 of
1903 868 81 39 the
136 867 1975 109 University

350 928 51 39 of
435 928 207 47 Chicago
674 928 79 39 for
786 926 345 47 investigation
1165 927 94 39 and
1293 925 312 48 publication,
1666 925 61 48 cf.
1763 925 91 40 vol.
1911 956 7 15 I,
1954 936 43 36 p.
2031 927 41 37 4.

471 992 104 32 CONTENTS.—I.
602 985 140 40 Color
767 984 241 41 facsimile
1035 984 119 39 with
1181 982 330 41 introduction
1536 983 61 47 by
1625 983 53 40 E.
1705 983 43 39 J.
1777 982 353 48 Goodspeed.—

136 1048 53 34 II.
215 1042 100 40 The
339 1043 117 46 text,
483 1042 61 47 by
568 1043 58 39 D.
650 1043 72 40 W.
747 1041 326 41 Riddle.—III.
1096 1041 101 39 The
1222 1039 302 48 miniatures,
1551 1040 60 47 by
1638 1040 60 40 H.
1717 1040 54 39 R.
1792 1039 335 48 Willoughby;

137 1096 117 41 with
286 1109 60 29 an
376 1096 330 42 introduction
734 1098 61 47 by
825 1097 49 42 C.
905 1098 54 40 R.
990 1099 181 45 Morey.
1231 1098 40 38 A
1300 1097 401 48 bibliographical
1732 1097 145 39 index
1919 1097 66 48 (p.
135 1096 1996 106 339-358)

314 1156 39 39 A
381 1155 336 48 bibliography
744 1155 52 39 of
824 1154 160 42 Codex
1011 1154 115 41 2400
1162 1154 68 48 (p.
1256 1154 111 48 359)

142 1222 51 53 ©
224 1226 126 49 Sept.
380 1227 67 46 13,
478 1227 138 46 1932;
647 1226 67 41 2c.
744 1227 117 39 each
892 1227 127 46 Sept.
1049 1225 80 43 19;
1161 1223 106 42 affs.
1301 1225 127 48 Sept.
1458 1226 80 47 15;
1572 1227 39 38 A
1641 1223 346 45 54902-54904;

210 1224 1906 107 University
423 1284 51 39 of
504 1283 222 47 Chicago,
759 1282 221 48 Chicago.
1052 1282 278 48 (32-30657)

140 1384 313 67 Bjørnson,
484 1386 440 66 Bjørnstjerne,
959 1391 324 50 1832-1910.

211 1461 201 70 Sunny
448 1462 125 70 hill,
609 1484 30 33 a
679 1464 345 68 Norwegian
1062 1464 164 67 idyll,
1263 1464 75 68 by
1379 1463 398 68 Björnstjerne
1817 1462 317 69 Björnson;

139 1540 2000 70 translated from “Synnöv é Solbakken”; introduction by Annie
143 1616 56 57 S.
238 1618 228 68 Cutter;
505 1619 325 54 illustrated
866 1619 75 68 by
978 1619 192 55 Johan
1206 1620 154 52 Bull.
1434 1619 139 53 New
1611 1618 180 68 York,
1826 1619 121 53 The
137 1618 1976 131 Macmillan

364 1714 296 51 company,
689 1700 149 51 1932.

207 1769 1929 50 xi p., 1 l., 153 p. incl. front., illus., plates. 19½ᶜᵐ. [The Green and blue
136 1824 199 51 library]

145 1890 1990 56 © Oct. 18, 1932; 2c. Oct. 19; aff. Oct. 27; A 56787; Macmillan co. [©
213 1952 330 42 introduction
573 1954 35 40 &
637 1953 343 49 illustrations]
1053 1953 280 49 (32-30644)

141 2053 251 68 Boucke,
423 2056 233 55 Oswald
686 2058 171 60 Fred,
889 2062 170 50 1881-

211 2131 1928 70 Laissez faire and after, by O. Fred Boucke … New York,
142 2208 1179 69 Thomas Y. Crowell company [ ᶜ1 932 ]
214 2278 64 49 ix,
307 2279 86 40 342
422 2289 44 38 p.
523 2280 147 41 22½ᶜᵐ.

149 2341 51 52 ©
231 2345 100 40 Oct.
362 2346 40 47 7,
432 2343 140 49 1932;
603 2346 67 40 2c.
701 2346 95 40 and
826 2345 82 41 aff.
939 2345 101 41 Oct.
1071 2346 82 47 10;
1186 2347 39 38 A
1256 2346 170 47 56410;
1462 2346 50 40 O.
1546 2346 52 40 F.
1630 2346 206 48 Boucke,
1871 2346 136 40 State
215 2345 1909 104 College.
361 2402 80 39 Pa.
514 2401 279 48 (32-30760)

145 2502 314 66 Bradford,
492 2503 302 64 Gamaliel,
826 2510 326 50 1863-1932.

215 2578 1863 71 Biography and the human heart, by Gamaliel Bradford …
149 2656 210 52 Boston
395 2656 113 53 and
543 2657 136 53 New
720 2657 177 67 York,
930 2658 316 67 Houghton
1282 2656 203 54 Mifflin
1520 2675 294 51 company,
1853 2660 148 49 1932.

217 2726 28 39 6
273 2737 44 37 p.
348 2728 45 46 h,
424 2726 143 41 3-283
600 2739 43 36 p.
701 2728 163 47 front.,
895 2731 148 46 ports.
1106 2730 145 40 22½ᶜᵐ.

219 2783 1923 53 “Complete reference list … [Of] Gamaliel Bradford’s portraits or
147 2839 418 49 psychographs”:
598 2851 43 37 p.
675 2840 267 51 [273]-[276]

483 2929 9 9 CONTENTS.
509 2920 58 5 —
585 2897 278 47 Biography
901 2899 94 39 and
1038 2900 80 38 the
1158 2899 181 40 human
1380 2901 154 39 heart.
1552 2923 58 5 —
1627 2900 167 48 Henry
1833 2900 306 40 Wadsworth

148 2953 310 47 Longfellow.
474 2976 58 5 —
550 2954 132 41 Walt
716 2953 263 42 Whitman.
996 2977 58 5 —
1072 2955 250 41 Charlotte
1359 2957 260 40 Cushman.
1636 2979 58 5 —
1713 2956 213 42 William
1965 2956 177 42 Morris

150 3010 286 40 Hunt.—An
478 3010 256 40 American
776 3011 155 47 Pepys:
1003 3012 128 39 John
1174 3012 311 49 Beauchamp
1527 3014 372 39 Jones.—Jones
1942 3014 200 45 Very.—

148 3066 101 40 The
282 3067 170 39 letters
487 3066 51 40 of
572 3067 189 40 Horace
795 3067 573 49 Walpole.—Biography
1402 3069 60 47 by
1497 3069 189 41 mirror.

156 3122 51 52 ©
247 3126 102 41 Oct.
387 3128 67 44 11,
494 3125 139 48 1932;
674 3127 67 40 2c.
780 3128 95 38 and
913 3126 83 40 aff.
1036 3125 102 42 Oct.
1176 3126 82 48 20;
1298 3128 40 38 A
1377 3127 169 41 55662:
1588 3129 156 39 Helen
1782 3129 59 38 H.
1884 3127 260 49 Bradford,

223 3183 255 47 Wellesley
508 3182 142 47 Hills,
681 3184 146 38 Mass.
898 3182 277 48 (32-30607)

153 3287 216 64 Brand,
400 3286 158 56 Max.

220 3363 121 52 The
389 3362 249 54 Jackson
688 3362 136 53 trail
880 3362 51 68 [by]
1043 3363 139 52 Max
1232 3364 215 53 Brand.
1539 3363 139 54 New
1728 3362 179 70 York,
1955 3363 191 69 Dodd,

151 3440 169 53 Mead
345 3442 45 50 &
416 3457 296 50 company,
741 3442 151 50 1932.

223 3513 552 48 3 p. l., 285 p. 19½ᶜᵐ.
158 3565 51 52 ©
244 3570 101 40 Oct.
376 3570 69 48 28,
478 3569 140 47 1932;
652 3570 66 40 2c.
752 3571 95 39 and
880 3570 82 40 aff.
994 3571 117 40 Nov.
1143 3572 52 46 1;
1230 3572 41 38 A
1302 3571 170 48 55759;
1509 3573 153 47 Dodd,
1697 3574 141 38 Mead
1873 3573 36 40 &
1941 3583 80 37 co.,
2056 3572 90 39 inc.

236 3625 278 48 (32-30784)

154 3724 540 67 Braun-Blanquet,
723 3727 214 65 Josias,
971 3734 170 50 1884-

224 3802 174 52 Plant
424 3803 315 69 sociology;
767 3804 94 53 the
888 3805 170 68 study
1084 3804 64 54 of
1173 3807 164 67 plant
1364 3806 420 68 communities;
1814 3806 332 55 authorized

157 3879 243 69 English
441 3881 340 53 translation
824 3880 64 53 of
928 3881 593 72 Pflanzensoziologie,
1562 3885 74 69 by
1678 3885 104 52 Dr.
1823 3884 57 55 J.
1924 3886 222 51 Braun-

156 3956 1993 76 Blanquet … translated, revised and edited by George D. Fuller
