2563 4368
1296 4071 101 50 660

418 531 100 50 viii,
549 532 85 40 620
662 542 43 38 p.
765 531 180 47 diagrs.
1005 531 116 41 23ᶜᵐ.
1195 531 251 48 (Lettered
1473 540 63 31 on
1561 539 162 32 cover:
1751 530 100 39 The
1882 529 212 48 Century
2124 529 217 49 political

348 589 185 41 science
567 587 176 48 series)
870 586 131 50 $3.00

421 646 86 40 “In
545 647 82 39 the
664 644 145 49 main,
851 644 98 41 this
985 645 190 40 volume
1213 646 274 47 represents
1523 655 28 28 a
1588 643 346 42 condensation
1971 643 52 40 of
2058 653 90 31 our
349 645 1973 97 Introduction
579 706 48 36 to

656 701 257 40 American
943 704 325 45 government,
1301 703 80 39 the
1411 701 172 40 fourth
1613 700 183 41 edition
1828 700 51 41 of
1908 700 157 41 which
2097 710 100 31 was
348 701 1975 98 published
534 760 50 38 in
613 758 351 42 1931.”—Pref.

421 815 348 41 “References”
802 817 52 39 at
883 816 90 40 end
1004 814 51 40 of
1085 817 118 38 each
1232 814 215 48 chapter.

354 884 51 51 ©
431 888 112 47 Apr.
567 888 67 48 18,
659 886 113 42 1932;
826 886 65 41 2c.
918 888 93 39 and
1037 886 79 40 aff.
1144 887 113 46 Apr.
1281 884 54 40 22;
1389 886 38 38 A
1453 884 146 41 50926;
1651 885 52 42 F.
1728 886 53 40 A.
1809 885 114 50 Ogg,
1950 886 236 46 Madison,
2212 883 132 49 Wis.,

422 945 96 39 and
553 946 48 37 P.
639 944 181 41 Orman
857 945 119 47 Ray,
1016 943 248 49 Berkeley,
1302 942 143 41 Calif.
1516 941 279 49 (32-11597)

350 1062 210 65 Orliac,
590 1062 268 54 Jehanne
886 1063 36 53 d’.

418 1137 238 54 Francis
693 1156 39 50 I,
770 1138 194 68 prince
1003 1137 64 53 of
1103 1138 96 51 the
1237 1136 370 69 renaissance,
1643 1137 75 70 by
1758 1136 258 55 Jehanne
2056 1135 284 69 d’Orliac;

348 1216 315 52 translated
695 1216 75 68 by
800 1215 294 53 Elisabeth
1129 1214 247 67 Abbott;
1411 1214 140 54 with
1584 1217 65 50 21
1683 1214 395 53 illustrations.
348 1213 1969 148 Philadelphia
604 1296 46 49 &

675 1293 258 67 London,
958 1293 56 53 J.
1043 1293 66 53 B.
1135 1292 339 69 Lippincott
1499 1309 299 53 company,
1827 1294 149 51 1932.

415 1364 979 50 253 p. front., plates, ports. 23 ½ᶜᵐ .
418 1422 162 41 “First
610 1421 226 42 edition.”

353 1488 52 53 ©
437 1493 111 47 Apr.
580 1494 38 46 7,
650 1492 112 41 1932;
822 1493 66 40 2c.
921 1495 94 38 and
1047 1492 82 42 aff.
1160 1494 113 47 Apr.
1304 1492 55 41 27;
1419 1493 39 38 A
1489 1491 143 41 51029;
1694 1493 44 40 J.
1769 1494 55 40 B.
1856 1492 276 48 Lippincott
2165 1503 66 29 co.

431 1550 279 47 (32-11682)

348 1666 211 55 Pacific
615 1672 273 64 reporter.
966 1666 218 55 Second
1239 1666 185 54 series.
1501 1666 169 55 Cases
1724 1668 214 69 argued
1991 1667 113 54 and
419 1667 1896 131 determined

637 1746 59 52 in
723 1746 94 52 the
844 1747 276 66 Supreme
1147 1752 187 47 courts
1361 1745 64 55 of
1452 1746 346 69 California,
1822 1747 244 68 Kansas,
2094 1746 248 69 Oregon,

422 1824 399 69 Washington,
862 1823 301 70 Colorado,
1201 1827 296 66 Montana,
1536 1825 271 68 Arizona,
1846 1826 253 66 Nevada,
2139 1826 204 66 Idaho,

418 1904 328 67 Wyoming,
774 1903 177 68 Utah,
979 1905 138 53 New
1145 1903 243 69 Mexico,
1417 1904 342 68 Oklahoma,
1784 1904 247 54 District
2058 1909 189 51 courts
2276 1905 63 53 of

421 1983 204 66 appeal
662 1983 112 51 and
813 1983 286 67 appellate
1135 1983 363 68 department
1534 1983 63 53 of
1634 1984 95 53 the
1767 1983 274 69 Superior
2079 1989 160 48 court
2276 1984 63 53 of

422 2058 325 54 California
775 2061 111 52 and
914 2061 263 52 criminal
1204 2068 161 47 court
1390 2063 63 51 of
1481 2064 234 67 appeals
1741 2062 62 53 of
1833 2062 339 69 Oklahoma,
2201 2062 138 54 with

419 2137 107 69 key
552 2139 237 52 number
815 2140 379 52 annotations,
1271 2160 49 36 v.
1350 2144 30 48 6
1417 2141 127 69 (2d)
1581 2144 264 67 January
1869 2145 67 49 22
1960 2149 59 46 to
2044 2143 296 69 February

423 2220 81 62 12,
552 2220 147 48 1932.
776 2218 345 52 Permanent
1164 2219 84 52 ed.
1326 2217 82 55 St.
1454 2221 167 67 Paul,
1662 2223 159 52 West
1865 2221 334 69 publishing
2242 2239 97 50 co.,

422 2298 149 49 1932.

420 2369 95 48 xvi,
548 2367 112 42 1193
690 2379 44 37 p.
793 2368 55 41 26ᶜᵐ.

355 2434 51 51 ©
435 2440 112 46 Apr.
575 2439 68 48 21,
672 2438 111 41 1932;
839 2440 68 42 2c.
934 2442 113 47 May
1074 2443 55 38 14;
1185 2443 82 40 aff.
1297 2444 111 46 May
1437 2443 53 39 13;
1548 2443 40 38 A
1614 2442 142 41 49961;
1815 2444 134 40 West
1976 2444 107 47 pub.
2113 2454 66 30 co.

350 2556 218 66 Poliak,
600 2559 328 54 Katherine
959 2560 286 64 Heilprin.

420 2631 121 55 Our
568 2633 158 52 labor
752 2641 313 47 movement
1093 2635 192 69 today,
1311 2636 74 69 by
1411 2636 314 54 Katherine
1753 2637 75 51 H.
1859 2635 217 54 Poliak.
348 2638 1969 139 [Katonah,
514 2710 66 54 N.
619 2711 88 68 Y.,
742 2711 374 71 Brookwood,
1172 2715 133 49 ᶜ1932]

418 2781 283 48 cover-title,
737 2782 84 40 112
854 2793 43 38 p.
959 2783 129 40 illus.
1117 2783 133 48 (incl.
1283 2785 173 48 ports.)
1526 2785 116 42 19ᶜᵐ.
1715 2788 97 46 (On
1846 2797 162 32 cover:
2042 2788 298 42 Brookwood

347 2837 139 40 labor
513 2838 286 48 pamphlets,
864 2849 88 39 [no.
981 2839 69 49 4])

421 2894 67 39 “A
514 2895 97 41 few
638 2895 202 48 reading
865 2895 333 48 suggestions”:
1255 2908 42 37 p.
1327 2897 215 43 109-110.

357 2964 50 51 ©
441 2969 121 39 Mar.
595 2967 68 49 19,
696 2967 139 48 1932;
869 2969 67 41 2c.
971 2970 119 38 Mar.
1123 2970 54 39 31;
1241 2969 81 41 aff.
1357 2970 122 41 Mar.
1511 2969 82 48 28;
1628 2971 39 38 A
1701 2971 169 47 50537;
1905 2973 313 46 Brookwood,
2252 2973 91 41 inc.

434 3025 278 49 (32-11656)

351 3144 305 64 Pomeroy,
689 3144 209 56 Claire.

420 3218 1922 74 The love debt, a love story by Claire Pomeroy … New York,
351 3295 68 53 N.
452 3296 91 67 Y.,
570 3294 234 56 Chelsea
830 3295 170 53 house
1036 3329 13 34 [
1076 3298 134 50 ᶜ1932
1216 3329 13 35 ]

420 3365 690 52 3 p. l., [11]-254 p. 19½ᶜᵐ.
358 3435 51 51 ©
440 3441 113 46 May
583 3439 39 47 2,
653 3438 139 45 1932;
825 3438 68 41 2c.
924 3440 93 39 and
1050 3439 82 41 aff.
1164 3441 112 47 May
1305 3441 54 46 4;
1392 3441 40 39 A
1464 3441 169 47 51128;
1668 3442 199 41 Chelsea
1901 3444 162 39 house.

435 3496 278 46 (32-11572)

353 3610 222 54 Punch.
650 3631 50 35 V.
734 3616 117 65 182,
877 3632 88 34 no.
995 3613 152 68 4734,
1176 3615 200 52 March
1407 3619 84 63 30,
1524 3619 148 51 1932.

359 3697 1982 55 © 1c. May 25, 1932; A ad int. 16450; pubd. Mar. 30; Herbert Heather,
426 3758 210 38 London.

521 3870 941 71 Punch. v. 182, no. 4735, Apr. 6, 1932.
360 3954 1980 55 © 1c. June 1, 1932; A ad int. 16472; pubd. Apr. 6; Herbert Heather,
426 4015 211 40 London.
