2563 4368
1394 4013 104 49 454

433 507 103 35 one
564 487 64 55 of
656 488 97 54 the
782 492 247 65 greatest
1060 485 64 55 of
1154 485 96 55 the
1279 484 308 54 American
1617 488 190 64 states,
1839 484 73 69 by
1947 482 231 71 Sydney
2209 482 222 70 George

433 561 1974 151 Fisher … introduction by George Wharton Pepper. Philadelphia,
712 641 1061 70 J. B. Lippincott company [ ᶜ1 932]
502 712 1249 54 4 p. l., iii-viii, 7-380 p. front. (map) 19 ½ᶜᵐ .
442 784 52 53 ©
522 788 109 41 Feb.
658 788 70 48 10,
754 786 140 49 1932;
924 787 67 41 2c.
1017 788 96 39 and
1140 786 82 43 aff.
1251 786 121 40 Mar.
1399 784 82 49 28;
1510 785 41 39 A
1576 783 172 49 49340;
1778 785 43 40 J.
1849 785 54 41 B.
1932 783 277 49 Lippincott
2236 792 66 32 co.
2383 778 52 53 [©

508 845 345 49 introduction]
926 842 251 51 (32-8629)

442 965 201 67 Fuess,
674 965 217 56 Claude
918 967 218 63 Moore,
1167 969 171 51 1885-

507 1040 138 57 Carl
677 1041 235 68 Schurz,
943 1041 280 54 reformer
1264 1040 367 70 (1829-1906)
1672 1040 76 70 by
1781 1038 217 57 Claude
2030 1038 197 55 Moore
2259 1039 176 54 Fuess

499 1119 1410 69 … New York, Dodd, Mead & company, 1932.
579 1224 9 16 xv,
611 1192 85 41 421
720 1204 44 37 p.
824 1193 164 48 front.,
1014 1192 171 49 plates,
1209 1195 149 45 ports.
1411 1191 144 40 24½ᶜᵐ.
1628 1190 252 49 (Lettered
1905 1201 58 32 on
1993 1201 162 32 cover:
2182 1189 255 42 American

437 1249 217 48 political
689 1249 213 49 leaders)

509 1319 247 42 “Selected
782 1319 392 49 bibliography”:
1204 1330 44 37 p.
1276 1318 219 42 395-401.

446 1388 52 53 ©
529 1394 114 47 Apr.
674 1393 40 47 8,
744 1391 141 48 1932;
917 1392 67 41 2c.
1016 1392 113 48 Apr.
1161 1393 82 46 12;
1278 1391 81 41 aff.
1391 1392 112 48 Apr.
1536 1392 82 46 14;
1653 1392 40 38 A
1723 1389 172 49 49519;
1929 1391 154 49 Dodd,
2117 1391 141 39 Mead
2290 1390 36 40 &
2357 1399 82 39 co.,

512 1449 91 42 inc.
674 1449 280 49 (32-26442)

442 1560 200 63 Gates,
674 1557 183 55 Edith
886 1557 269 56 Mildred.

511 1635 219 53 Health
755 1635 251 70 through
1033 1635 370 54 leisure-time
1428 1635 341 67 recreation;
1797 1635 97 53 the
1919 1634 195 54 health
2142 1632 299 55 education

445 1710 1994 73 program of the Y. W. C. A. [by] Edith M. Gates … New
445 1792 178 68 York,
655 1792 123 53 The
808 1792 273 54 Womans
1115 1810 175 50 press,
1325 1794 151 51 1931.

513 1874 950 50 1 p. l., 216 p. plates, diagr. 21ᶜᵐ.
513 1945 282 49 Appendix:
832 1945 402 49 Supplementary
1267 1945 531 49 bibliography—Lists
1829 1946 53 41 of
1913 1943 376 51 organizations,
2323 1946 116 38 etc.:

445 2014 43 37 p.
517 2003 262 50 [202]-216;
808 2003 349 49 Bibliography
1184 2006 53 39 at
1263 2004 91 40 end
1382 2003 53 41 of
1460 2005 126 39 most
1612 2003 54 41 of
1691 2004 82 40 the
1800 2003 240 48 chapters.

450 2068 51 53 ©
534 2073 101 41 Oct.
669 2075 68 45 14,
771 2072 140 47 1931;
947 2074 65 40 2c.
1048 2073 101 41 Oct.
1185 2072 81 49 19;
1303 2073 80 41 aff.
1419 2074 112 47 Apr.
1567 2074 69 47 13,
1669 2073 141 48 1932;
1847 2074 41 39 A
1919 2071 171 48 44389;
2128 2071 130 42 Natl.
2293 2070 151 40 board

518 2131 51 39 of
607 2131 83 40 the
725 2131 170 47 Young
932 2142 209 29 womens
1180 2130 251 41 Christian
1470 2129 321 42 associations
1829 2130 51 41 of
1919 2131 81 40 the
2039 2130 55 41 U.
2136 2130 46 41 S.
2220 2130 68 46 A.,
2327 2128 117 40 New

517 2188 141 38 York.
731 2187 280 47 (32-33600)

447 2304 238 65 Gibson,
713 2304 225 55 Walter
965 2306 233 64 Brown,
1229 2307 133 54 1897-

515 2380 306 54 Houdini’s
847 2380 203 69 magic,
1075 2381 279 68 prepared
1384 2381 150 53 from
1560 2381 307 54 Houdini’s
1894 2380 222 69 private
2141 2379 302 54 notebooks

446 2458 112 53 and
579 2457 365 55 memoranda
966 2459 140 52 with
1129 2458 94 53 the
1246 2457 299 56 assistance
1568 2458 62 52 of
1654 2457 261 55 Beatrice
1937 2456 280 68 Houdini,
2240 2457 201 53 widow

447 2535 62 53 of
537 2534 279 65 Houdini,
845 2535 113 53 and
987 2535 261 54 Bernard
1277 2535 80 53 M.
1385 2535 64 52 L.
1481 2535 194 69 Ernst,
1706 2535 290 68 president
2024 2535 64 53 of
2116 2535 96 54 the
2241 2539 203 64 parent

448 2612 275 69 assembly
754 2612 63 53 of
847 2613 94 52 the
974 2610 226 71 Society
1233 2612 63 53 of
1325 2612 304 54 American
1660 2610 328 71 magicians,
2019 2613 74 67 by
2123 2611 220 54 Walter
2375 2612 67 52 B.

450 2689 1836 69 Gibson. New York, Harcourt, Brace and company [ ᶜ1 932]
515 2761 872 48 xi, 316 p. incl. illus., pl. 21½ᶜᵐ.
518 2832 163 40 “First
707 2831 227 41 edition.”

456 2902 51 51 ©
543 2908 121 39 Mar.
697 2907 70 45 31,
801 2905 139 47 1932;
976 2905 66 41 2c.
1078 2909 94 37 and
1208 2905 80 40 aff.
1324 2906 111 46 Apr.
1471 2908 54 44 4;
1561 2907 40 38 A
1634 2905 170 47 50490;
1843 2907 219 39 Bernard
2099 2907 61 39 M.
2197 2907 50 39 L.
2282 2907 160 46 Ernst,

522 2964 115 39 New
668 2963 144 41 York.
883 2962 279 49 (32-26349)

452 3067 238 63 Godley,
717 3070 138 51 Mrs.
885 3066 327 56 Elizabeth.

520 3142 187 55 Green
748 3143 239 67 outside,
1028 3143 74 68 by
1145 3143 302 53 Elizabeth
1491 3142 250 71 Godley;
1789 3143 138 53 with
1966 3143 361 54 decorations
2371 3144 70 69 by

453 3222 121 51 Rex
603 3221 293 54 Whistler.
972 3222 138 52 New
1142 3221 181 68 York,
1353 3222 120 52 The
1505 3221 222 70 Viking
1757 3241 174 49 press,
1965 3224 149 50 1932.

523 3296 97 46 xvi,
648 3295 69 48 55,
749 3295 54 49 [1]
834 3306 42 36 p.
905 3295 110 42 incl.
1043 3297 86 42 col.
1157 3297 164 46 front.,
1350 3296 128 41 illus.
1538 3296 145 41 21½ᶜᵐ.

521 3367 173 39 Verses
723 3366 78 40 for
832 3366 231 41 children.

459 3433 51 51 ©
539 3437 121 40 Mar.
688 3436 69 47 26,
788 3435 140 48 1932;
959 3435 68 42 2c.
1057 3438 120 40 Mar.
1205 3436 82 47 29;
1321 3436 79 42 aff.
1432 3439 121 39 Mar.
1583 3437 81 47 28;
1698 3438 39 38 A
1767 3437 169 47 50408;
1969 3437 177 49 Viking
2175 3447 147 38 press,
2354 3437 89 39 inc.

535 3492 250 50 (32-8459)

456 3595 358 65 Goodspeed,
847 3595 245 55 Charles
1120 3597 120 52 Ten
1270 3596 245 65 Broeke,
1549 3601 169 51 1869-

518 3671 247 52 Thomas
787 3672 316 53 Wakefield
1129 3673 355 67 Goodspeed,
1505 3675 76 65 by
1605 3674 236 54 Charles
1866 3675 121 52 Ten
2009 3675 220 52 Broeke
2253 3674 185 54 Good-

448 3748 187 66 speed.
706 3748 272 68 Chicago,
1010 3750 115 66 Ill.,
1156 3749 122 53 The
1311 3750 337 68 University
1682 3750 64 54 of
1781 3750 254 68 Chicago
2067 3769 155 49 press
2283 3753 150 63 [1932]

522 3820 83 48 vii,
635 3821 55 40 77
718 3832 44 37 p.
821 3820 165 48 front.,
1015 3823 149 47 ports.
1225 3821 143 41 19½ᶜᵐ.

461 3887 51 51 ©
543 3892 120 39 Mar.
695 3892 40 48 8,
767 3891 140 47 1932;
940 3893 65 40 2c.
1039 3894 95 39 and
1167 3892 80 41 aff.
1280 3894 120 41 Mar.
1433 3892 80 46 16;
1549 3894 39 37 A
1621 3892 169 48 50118;
1826 3894 279 48 University
2137 3894 53 40 of
2221 3893 220 48 Chicago.

527 3947 222 49 Chicago.
820 3948 249 49 (32-8680)
