<alto xmlns="http://www.loc.gov/standards/alto/ns-v3#" xmlns:xlink="http://www.w3.org/1999/xlink" xmlns:xsi="http://www.w3.org/2001/XMLSchema-instance" xsi:schemaLocation="http://www.loc.gov/standards/alto/ns-v3# http://www.loc.gov/alto/v3/alto-3-0.xsd"><Description>
<MeasurementUnit>pixel</MeasurementUnit>
<sourceImageInformation>
<fileName>1932_v29_part001.pdf</fileName>
</sourceImageInformation>
<OCRProcessing ID="IdOcr">
<ocrProcessingStep>
<processingDateTime>2019-04-25</processingDateTime>
<processingSoftware>
<softwareCreator>ABBYY</softwareCreator>
<softwareName>ABBYY Recognition Server</softwareName>
<softwareVersion>4.0</softwareVersion>
</processingSoftware>
</ocrProcessingStep>
</OCRProcessing>
</Description>
<Styles>
<ParagraphStyle ID="StyleId-FFFFFFFF-FFFF-FFFF-FFFF-FFFFFFFFFFFF-" ALIGN="Left" LEFT="0." RIGHT="0." FIRSTLINE="0."/>
<ParagraphStyle ID="StyleId-547D96D3-B2DE-4E86-A4BD-9DDFC275973A-" ALIGN="Left" LEFT="0." RIGHT="0." FIRSTLINE="0." LINESPACE="7.699999809"/>
<ParagraphStyle ID="StyleId-BE433B82-DF6F-491A-9872-F562FF4150C8-" ALIGN="Block" LEFT="0." RIGHT="0." FIRSTLINE="-13." LINESPACE="7.900000095"/>
<ParagraphStyle ID="StyleId-CC286467-50C5-4655-B0CF-BA365CCE0736-" ALIGN="Block" LEFT="0." RIGHT="0." FIRSTLINE="-15." LINESPACE="8.479999542"/>
<ParagraphStyle ID="StyleId-9878414D-BEDB-487D-971A-CF5ADB5C4AD2-" ALIGN="Block" LEFT="0." RIGHT="0." FIRSTLINE="-14." LINESPACE="10.92000008"/>
<ParagraphStyle ID="StyleId-EBC70DE5-3635-4BD4-B07B-05DF6EFE0022-" ALIGN="Block" LEFT="0." RIGHT="0." FIRSTLINE="-13." LINESPACE="12.19999981"/>
<ParagraphStyle ID="StyleId-8A688F83-F017-4D5D-A00A-14637016ED45-" ALIGN="Left" LEFT="0." RIGHT="0." FIRSTLINE="0." LINESPACE="9.399999619"/>
<ParagraphStyle ID="StyleId-20F0BBAE-20C6-42F4-8113-00B5C02924DC-" ALIGN="Left" LEFT="0." RIGHT="0." FIRSTLINE="0." LINESPACE="11.10000038"/>
<ParagraphStyle ID="StyleId-7AA70148-8873-4ACB-90AE-BF9322E02302-" ALIGN="Left" LEFT="0." RIGHT="0." FIRSTLINE="-13." LINESPACE="11.09000015"/>
<ParagraphStyle ID="StyleId-072EF7BA-7207-4F8B-9A7C-F564E8B4CB16-" ALIGN="Left" LEFT="0." RIGHT="0." FIRSTLINE="-14." LINESPACE="12.19999981"/>
<ParagraphStyle ID="StyleId-44303D12-21D7-4DB0-9E9F-87FA1A861DD7-" ALIGN="Block" LEFT="0." RIGHT="0." FIRSTLINE="-14." LINESPACE="10.92000008"/>
<ParagraphStyle ID="StyleId-43CF0D44-8AC2-4CD0-865F-942C78705184-" ALIGN="Block" LEFT="0." RIGHT="0." FIRSTLINE="-13." LINESPACE="12.19999981"/>
<ParagraphStyle ID="StyleId-7A298A86-29F5-413A-AEC9-078A4CC464D7-" ALIGN="Block" LEFT="0." RIGHT="0." FIRSTLINE="13." LINESPACE="12.19999981"/>
<ParagraphStyle ID="StyleId-8E4E86F7-C1F9-4A1A-B605-6B1FC1C8E9F7-" ALIGN="Left" LEFT="0." RIGHT="0." FIRSTLINE="0." LINESPACE="11.60000038"/>
<ParagraphStyle ID="StyleId-AB39791B-5ED1-444F-BEF5-2CFED1F2709A-" ALIGN="Left" LEFT="0." RIGHT="0." FIRSTLINE="-13." LINESPACE="11.09000015"/>
<ParagraphStyle ID="StyleId-C1F2EEE7-CD00-4E11-9EAD-B222287AEDA4-" ALIGN="Center" LEFT="0." RIGHT="0." FIRSTLINE="0." LINESPACE="11.10000038"/>
</Styles>
<Layout>
<Page ID="Page1872" PHYSICAL_IMG_NR="1872" HEIGHT="4368" WIDTH="2563">
<TopMargin HEIGHT="456" WIDTH="2563" VPOS="0" HPOS="0">
</TopMargin>
<LeftMargin HEIGHT="3690" WIDTH="318" VPOS="456" HPOS="0">
</LeftMargin>
<RightMargin HEIGHT="3690" WIDTH="217" VPOS="456" HPOS="2346">
</RightMargin>
<BottomMargin HEIGHT="222" WIDTH="2563" VPOS="4146" HPOS="0">
</BottomMargin>
<PrintSpace HEIGHT="3690" WIDTH="2028" VPOS="456" HPOS="318">
<TextBlock ID="Page1872_Block1" HEIGHT="74" WIDTH="156" VPOS="4072" HPOS="1250" LANG="en-US" STYLEREFS="StyleId-49D4DB24-7D6C-40D1-8DE6-F0D995BB4CDE-">
<TextLine HEIGHT="54" WIDTH="135" VPOS="4081" HPOS="1260">
<String CONTENT="1872" HEIGHT="54" WIDTH="135" VPOS="4081" HPOS="1260"/>
</TextLine>
</TextBlock>
<TextBlock ID="Page1872_Block2" HEIGHT="3618" WIDTH="2028" VPOS="456" HPOS="318" LANG="en-US" CS="1" STYLEREFS="StyleId-49D4DB24-7D6C-40D1-8DE6-F0D995BB4CDE-">
<TextLine HEIGHT="65" WIDTH="850" VPOS="465" HPOS="332">
<String CONTENT="Woodward," HEIGHT="64" WIDTH="364" VPOS="466" HPOS="332"/>
<SP HEIGHT="65" WIDTH="32" VPOS="465" HPOS="697"/>
<String CONTENT="George," HEIGHT="64" WIDTH="245" VPOS="465" HPOS="730"/>
<SP HEIGHT="58" WIDTH="35" VPOS="471" HPOS="976"/>
<String CONTENT="1863-" HEIGHT="49" WIDTH="170" VPOS="470" HPOS="1012"/>
</TextLine>
<TextLine HEIGHT="71" WIDTH="1932" VPOS="540" HPOS="402">
<String CONTENT="The" HEIGHT="53" WIDTH="123" VPOS="544" HPOS="402"/>
<SP HEIGHT="52" WIDTH="45" VPOS="545" HPOS="526"/>
<String CONTENT="Pennsylvania" HEIGHT="67" WIDTH="426" VPOS="543" HPOS="572"/>
<SP HEIGHT="51" WIDTH="45" VPOS="544" HPOS="999"/>
<String CONTENT="legislator;" HEIGHT="69" WIDTH="322" VPOS="542" HPOS="1045"/>
<SP HEIGHT="50" WIDTH="49" VPOS="560" HPOS="1368"/>
<String CONTENT="political" HEIGHT="69" WIDTH="259" VPOS="541" HPOS="1418"/>
<SP HEIGHT="52" WIDTH="47" VPOS="543" HPOS="1678"/>
<String CONTENT="essays" HEIGHT="50" WIDTH="185" VPOS="560" HPOS="1726"/>
<SP HEIGHT="34" WIDTH="49" VPOS="561" HPOS="1912"/>
<String CONTENT="written" HEIGHT="55" WIDTH="228" VPOS="541" HPOS="1962"/>
<SP HEIGHT="56" WIDTH="47" VPOS="540" HPOS="2191"/>
<String CONTENT="for" HEIGHT="54" WIDTH="95" VPOS="540" HPOS="2239"/>
</TextLine>
<TextLine HEIGHT="70" WIDTH="2000" VPOS="618" HPOS="333">
<String CONTENT="members" HEIGHT="54" WIDTH="274" VPOS="622" HPOS="333"/>
<SP HEIGHT="36" WIDTH="27" VPOS="639" HPOS="608"/>
<String CONTENT="of" HEIGHT="53" WIDTH="64" VPOS="621" HPOS="636"/>
<SP HEIGHT="52" WIDTH="24" VPOS="621" HPOS="701"/>
<String CONTENT="the" HEIGHT="53" WIDTH="98" VPOS="621" HPOS="726"/>
<SP HEIGHT="55" WIDTH="25" VPOS="620" HPOS="825"/>
<String CONTENT="General" HEIGHT="55" WIDTH="246" VPOS="620" HPOS="851"/>
<SP HEIGHT="52" WIDTH="27" VPOS="621" HPOS="1098"/>
<String CONTENT="assembly," HEIGHT="68" WIDTH="296" VPOS="620" HPOS="1126"/>
<SP HEIGHT="50" WIDTH="26" VPOS="638" HPOS="1423"/>
<String CONTENT="published" HEIGHT="69" WIDTH="303" VPOS="619" HPOS="1450"/>
<SP HEIGHT="53" WIDTH="27" VPOS="620" HPOS="1754"/>
<String CONTENT="every" HEIGHT="50" WIDTH="170" VPOS="638" HPOS="1782"/>
<SP HEIGHT="49" WIDTH="26" VPOS="639" HPOS="1953"/>
<String CONTENT="so" HEIGHT="36" WIDTH="60" VPOS="638" HPOS="1980"/>
<SP HEIGHT="35" WIDTH="26" VPOS="638" HPOS="2041"/>
<String CONTENT="often" HEIGHT="55" WIDTH="161" VPOS="618" HPOS="2068"/>
<SP HEIGHT="53" WIDTH="26" VPOS="619" HPOS="2230"/>
<String CONTENT="by" HEIGHT="69" WIDTH="76" VPOS="619" HPOS="2257"/>
</TextLine>
<TextLine HEIGHT="69" WIDTH="2001" VPOS="697" HPOS="334" CS="1">
<String CONTENT="George" HEIGHT="67" WIDTH="223" VPOS="699" HPOS="334"/>
<SP HEIGHT="52" WIDTH="20" VPOS="700" HPOS="558"/>
<String CONTENT="Woodward" HEIGHT="53" WIDTH="349" VPOS="699" HPOS="579"/>
<SP HEIGHT="52" WIDTH="29" VPOS="699" HPOS="929"/>
<String CS="1" CONTENT="&#8230;"/>
<SP HEIGHT="51" WIDTH="78" VPOS="699" HPOS="1015"/>
<String CONTENT="Philadelphia." HEIGHT="67" WIDTH="427" VPOS="697" HPOS="1094"/>
<SP HEIGHT="53" WIDTH="22" VPOS="697" HPOS="1522"/>
<String CONTENT="Harris" HEIGHT="53" WIDTH="211" VPOS="697" HPOS="1545"/>
<SP HEIGHT="51" WIDTH="26" VPOS="699" HPOS="1757"/>
<String CONTENT="&amp;" HEIGHT="50" WIDTH="46" VPOS="699" HPOS="1784"/>
<SP HEIGHT="51" WIDTH="22" VPOS="698" HPOS="1831"/>
<String CONTENT="Partridge," HEIGHT="67" WIDTH="327" VPOS="698" HPOS="1854"/>
<SP HEIGHT="66" WIDTH="24" VPOS="698" HPOS="2182"/>
<String CONTENT="inc.," HEIGHT="66" WIDTH="128" VPOS="698" HPOS="2207"/>
</TextLine>
<TextLine HEIGHT="51" WIDTH="150" VPOS="779" HPOS="333">
<String CONTENT="1932." HEIGHT="51" WIDTH="150" VPOS="779" HPOS="333"/>
</TextLine>
<TextLine HEIGHT="51" WIDTH="830" VPOS="862" HPOS="399" STYLEREFS="StyleId-A6D12B87-F792-4DC1-9776-68BADEFB6232-" CS="1">
<String CONTENT="4" HEIGHT="38" WIDTH="27" VPOS="866" HPOS="399"/>
<SP HEIGHT="47" WIDTH="26" VPOS="866" HPOS="427"/>
<String CONTENT="p." HEIGHT="39" WIDTH="42" VPOS="874" HPOS="454"/>
<SP HEIGHT="41" WIDTH="27" VPOS="864" HPOS="497"/>
<String CS="1" CONTENT="l.,"/>
<SP HEIGHT="47" WIDTH="25" VPOS="863" HPOS="570"/>
<String CONTENT="3-196" HEIGHT="41" WIDTH="145" VPOS="862" HPOS="596"/>
<SP HEIGHT="48" WIDTH="23" VPOS="862" HPOS="742"/>
<String CONTENT="p." HEIGHT="37" WIDTH="42" VPOS="873" HPOS="766"/>
<SP HEIGHT="40" WIDTH="59" VPOS="863" HPOS="809"/>
<String CONTENT="diagr." HEIGHT="48" WIDTH="154" VPOS="862" HPOS="869"/>
<SP HEIGHT="41" WIDTH="58" VPOS="862" HPOS="1024"/>
<String CS="1" CONTENT="18&#189;&#7580;&#7504;." HEIGHT="42" WIDTH="146" VPOS="862" HPOS="1083"/>
</TextLine>
<TextLine HEIGHT="109" WIDTH="1976" VPOS="930" HPOS="339" STYLEREFS="StyleId-A6D12B87-F792-4DC1-9776-68BADEFB6232-" CS="1">
<String CONTENT="&#169;" HEIGHT="52" WIDTH="51" VPOS="930" HPOS="339"/>
<SP HEIGHT="52" WIDTH="31" VPOS="930" HPOS="391"/>
<String CONTENT="Dec." HEIGHT="39" WIDTH="111" VPOS="935" HPOS="423"/>
<SP HEIGHT="39" WIDTH="31" VPOS="935" HPOS="535"/>
<String CONTENT="1," HEIGHT="45" WIDTH="38" VPOS="935" HPOS="567"/>
<SP HEIGHT="46" WIDTH="31" VPOS="934" HPOS="606"/>
<String CS="1" CONTENT="1932;" HEIGHT="41" WIDTH="113" VPOS="932" HPOS="638"/>
<SP HEIGHT="45" WIDTH="33" VPOS="933" HPOS="778"/>
<String CONTENT="2c." HEIGHT="40" WIDTH="66" VPOS="933" HPOS="812"/>
<SP HEIGHT="29" WIDTH="33" VPOS="944" HPOS="879"/>
<String CONTENT="and" HEIGHT="38" WIDTH="96" VPOS="934" HPOS="913"/>
<SP HEIGHT="38" WIDTH="31" VPOS="934" HPOS="1010"/>
<String CONTENT="aff." HEIGHT="41" WIDTH="79" VPOS="931" HPOS="1042"/>
<SP HEIGHT="38" WIDTH="34" VPOS="932" HPOS="1122"/>
<String CONTENT="Dec." HEIGHT="41" WIDTH="111" VPOS="932" HPOS="1157"/>
<SP HEIGHT="42" WIDTH="32" VPOS="931" HPOS="1269"/>
<String CS="1" CONTENT="6;" HEIGHT="40" WIDTH="26" VPOS="931" HPOS="1302"/>
<SP HEIGHT="47" WIDTH="35" VPOS="932" HPOS="1354"/>
<!-- cceid 11189EB0-6D7D-1014-B4A5-D7A31D17AB40 --><String CONTENT="A" HEIGHT="38" WIDTH="41" VPOS="932" HPOS="1390"/>
<SP HEIGHT="40" WIDTH="29" VPOS="932" HPOS="1432"/>
<String CS="1" CONTENT="58247;" HEIGHT="40" WIDTH="142" VPOS="932" HPOS="1462"/>
<SP HEIGHT="40" WIDTH="36" VPOS="932" HPOS="1632"/>
<String CONTENT="G." HEIGHT="40" WIDTH="52" VPOS="932" HPOS="1669"/>
<SP HEIGHT="40" WIDTH="32" VPOS="932" HPOS="1722"/>
<String CONTENT="Woodward," HEIGHT="47" WIDTH="304" VPOS="932" HPOS="1755"/>
<SP HEIGHT="47" WIDTH="33" VPOS="932" HPOS="2060"/>
<String CONTENT="Philadelphia." HEIGHT="108" WIDTH="1910" VPOS="930" HPOS="405"/>
<SP HEIGHT="47" WIDTH="72" VPOS="990" HPOS="532"/>
<String CONTENT="(32-35649)" HEIGHT="51" WIDTH="279" VPOS="988" HPOS="605"/>
</TextLine>
<TextLine HEIGHT="64" WIDTH="1127" VPOS="1093" HPOS="333">
<String CONTENT="Woodward," HEIGHT="64" WIDTH="364" VPOS="1093" HPOS="333"/>
<SP HEIGHT="63" WIDTH="29" VPOS="1094" HPOS="698"/>
<String CONTENT="Hugh" HEIGHT="63" WIDTH="181" VPOS="1094" HPOS="728"/>
<SP HEIGHT="51" WIDTH="29" VPOS="1094" HPOS="910"/>
<String CONTENT="McCurdy," HEIGHT="64" WIDTH="315" VPOS="1093" HPOS="940"/>
<SP HEIGHT="58" WIDTH="33" VPOS="1099" HPOS="1256"/>
<String CONTENT="1881-" HEIGHT="49" WIDTH="170" VPOS="1098" HPOS="1290"/>
</TextLine>
<TextLine HEIGHT="69" WIDTH="1929" VPOS="1170" HPOS="403">
<String CONTENT="Humanity&#8217;s" HEIGHT="68" WIDTH="371" VPOS="1170" HPOS="403"/>
<SP HEIGHT="50" WIDTH="52" VPOS="1189" HPOS="775"/>
<String CONTENT="greatest" HEIGHT="63" WIDTH="249" VPOS="1176" HPOS="828"/>
<SP HEIGHT="48" WIDTH="50" VPOS="1176" HPOS="1078"/>
<String CONTENT="need;" HEIGHT="67" WIDTH="169" VPOS="1170" HPOS="1129"/>
<SP HEIGHT="61" WIDTH="56" VPOS="1176" HPOS="1299"/>
<String CONTENT="the" HEIGHT="52" WIDTH="98" VPOS="1171" HPOS="1356"/>
<SP HEIGHT="34" WIDTH="51" VPOS="1189" HPOS="1455"/>
<String CONTENT="common" HEIGHT="35" WIDTH="258" VPOS="1188" HPOS="1507"/>
<SP HEIGHT="35" WIDTH="51" VPOS="1188" HPOS="1766"/>
<String CONTENT="message" HEIGHT="51" WIDTH="251" VPOS="1187" HPOS="1818"/>
<SP HEIGHT="35" WIDTH="51" VPOS="1188" HPOS="2070"/>
<String CONTENT="of" HEIGHT="52" WIDTH="64" VPOS="1171" HPOS="2122"/>
<SP HEIGHT="52" WIDTH="50" VPOS="1171" HPOS="2187"/>
<String CONTENT="the" HEIGHT="53" WIDTH="94" VPOS="1170" HPOS="2238"/>
</TextLine>
<TextLine HEIGHT="77" WIDTH="1937" VPOS="1240" HPOS="334" CS="1">
<String CONTENT="world&#8217;s" HEIGHT="54" WIDTH="225" VPOS="1249" HPOS="334"/>
<SP HEIGHT="51" WIDTH="52" VPOS="1266" HPOS="560"/>
<String CONTENT="great" HEIGHT="62" WIDTH="163" VPOS="1255" HPOS="613"/>
<SP HEIGHT="47" WIDTH="49" VPOS="1255" HPOS="777"/>
<String CONTENT="teachers," HEIGHT="68" WIDTH="271" VPOS="1249" HPOS="827"/>
<SP HEIGHT="68" WIDTH="50" VPOS="1249" HPOS="1099"/>
<String CONTENT="by" HEIGHT="67" WIDTH="74" VPOS="1249" HPOS="1150"/>
<SP HEIGHT="68" WIDTH="52" VPOS="1248" HPOS="1225"/>
<String CONTENT="Hugh" HEIGHT="68" WIDTH="181" VPOS="1248" HPOS="1278"/>
<SP HEIGHT="52" WIDTH="54" VPOS="1248" HPOS="1460"/>
<String CONTENT="McCurdy" HEIGHT="69" WIDTH="297" VPOS="1247" HPOS="1515"/>
<SP HEIGHT="68" WIDTH="51" VPOS="1248" HPOS="1813"/>
<String CONTENT="Woodward" HEIGHT="62" WIDTH="347" VPOS="1240" HPOS="1865"/>
<SP HEIGHT="62" WIDTH="58" VPOS="1240" HPOS="2213"/>
<String CS="1" CONTENT="&#8230;"/>
</TextLine>
<TextLine HEIGHT="69" WIDTH="1577" VPOS="1326" HPOS="334">
<String CONTENT="New" HEIGHT="54" WIDTH="138" VPOS="1326" HPOS="334"/>
<SP HEIGHT="52" WIDTH="38" VPOS="1327" HPOS="473"/>
<String CONTENT="York," HEIGHT="69" WIDTH="180" VPOS="1326" HPOS="512"/>
<SP HEIGHT="67" WIDTH="35" VPOS="1328" HPOS="693"/>
<String CONTENT="London," HEIGHT="66" WIDTH="259" VPOS="1328" HPOS="729"/>
<SP HEIGHT="68" WIDTH="36" VPOS="1326" HPOS="989"/>
<String LANG="fr" CONTENT="G." HEIGHT="55" WIDTH="68" VPOS="1326" HPOS="1026"/>
<SP HEIGHT="51" WIDTH="39" VPOS="1328" HPOS="1095"/>
<String CONTENT="P." HEIGHT="52" WIDTH="65" VPOS="1328" HPOS="1135"/>
<SP HEIGHT="53" WIDTH="38" VPOS="1327" HPOS="1201"/>
<String CONTENT="Putnam&#8217;s" HEIGHT="54" WIDTH="296" VPOS="1326" HPOS="1240"/>
<SP HEIGHT="34" WIDTH="36" VPOS="1346" HPOS="1537"/>
<String CONTENT="sons," HEIGHT="49" WIDTH="147" VPOS="1344" HPOS="1574"/>
<SP HEIGHT="63" WIDTH="38" VPOS="1330" HPOS="1722"/>
<String CONTENT="1932." HEIGHT="49" WIDTH="150" VPOS="1329" HPOS="1761"/>
</TextLine>
<TextLine HEIGHT="49" WIDTH="718" VPOS="1413" HPOS="401" CS="1">
<String CONTENT="xii" HEIGHT="41" WIDTH="70" VPOS="1413" HPOS="401"/>
<SP HEIGHT="49" WIDTH="24" VPOS="1413" HPOS="472"/>
<String LANG="fr" CONTENT="p.," HEIGHT="37" WIDTH="57" VPOS="1425" HPOS="497"/>
<SP HEIGHT="46" WIDTH="23" VPOS="1415" HPOS="555"/>
<String CONTENT="1" HEIGHT="38" WIDTH="26" VPOS="1415" HPOS="579"/>
<SP HEIGHT="39" WIDTH="24" VPOS="1414" HPOS="606"/>
<String CS="1" CONTENT="l.,"/>
<SP HEIGHT="47" WIDTH="24" VPOS="1414" HPOS="675"/>
<String CONTENT="15-326" HEIGHT="41" WIDTH="175" VPOS="1413" HPOS="700"/>
<SP HEIGHT="49" WIDTH="23" VPOS="1413" HPOS="876"/>
<String CONTENT="p." HEIGHT="38" WIDTH="43" VPOS="1424" HPOS="900"/>
<SP HEIGHT="41" WIDTH="58" VPOS="1413" HPOS="944"/>
<String CS="1" CONTENT="21&#7580;&#7504;." HEIGHT="41" WIDTH="116" VPOS="1413" HPOS="1003"/>
</TextLine>
<TextLine HEIGHT="101" WIDTH="2004" VPOS="1467" HPOS="329" STYLEREFS="StyleId-A6D12B87-F792-4DC1-9776-68BADEFB6232-" CS="1">
<String CONTENT="&#8220;Books" HEIGHT="42" WIDTH="189" VPOS="1469" HPOS="403"/>
<SP HEIGHT="30" WIDTH="28" VPOS="1481" HPOS="593"/>
<String CONTENT="referred" HEIGHT="40" WIDTH="217" VPOS="1470" HPOS="622"/>
<SP HEIGHT="40" WIDTH="28" VPOS="1470" HPOS="840"/>
<String CONTENT="to" HEIGHT="39" WIDTH="49" VPOS="1472" HPOS="869"/>
<SP HEIGHT="42" WIDTH="25" VPOS="1469" HPOS="919"/>
<String CONTENT="in" HEIGHT="40" WIDTH="50" VPOS="1469" HPOS="945"/>
<SP HEIGHT="38" WIDTH="30" VPOS="1472" HPOS="996"/>
<String CONTENT="text" HEIGHT="38" WIDTH="105" VPOS="1472" HPOS="1027"/>
<SP HEIGHT="38" WIDTH="28" VPOS="1472" HPOS="1133"/>
<String CONTENT="and" HEIGHT="40" WIDTH="95" VPOS="1469" HPOS="1162"/>
<SP HEIGHT="40" WIDTH="27" VPOS="1469" HPOS="1258"/>
<String CONTENT="books" HEIGHT="41" WIDTH="149" VPOS="1468" HPOS="1286"/>
<SP HEIGHT="30" WIDTH="27" VPOS="1479" HPOS="1436"/>
<String CONTENT="suggested" HEIGHT="48" WIDTH="257" VPOS="1469" HPOS="1464"/>
<SP HEIGHT="40" WIDTH="25" VPOS="1469" HPOS="1722"/>
<String CONTENT="for" HEIGHT="40" WIDTH="79" VPOS="1469" HPOS="1748"/>
<SP HEIGHT="30" WIDTH="27" VPOS="1478" HPOS="1828"/>
<String CS="1" CONTENT="reading&#8221;;" HEIGHT="50" WIDTH="228" VPOS="1467" HPOS="1856"/>
<SP HEIGHT="38" WIDTH="26" VPOS="1479" HPOS="2115"/>
<String CONTENT="p." HEIGHT="38" WIDTH="43" VPOS="1479" HPOS="2142"/>
<SP HEIGHT="40" WIDTH="30" VPOS="1470" HPOS="2186"/>
<String CONTENT="323-326." HEIGHT="100" WIDTH="2004" VPOS="1468" HPOS="329"/>
</TextLine>
<TextLine HEIGHT="51" WIDTH="1994" VPOS="1594" HPOS="338" STYLEREFS="StyleId-A6D12B87-F792-4DC1-9776-68BADEFB6232-" CS="1">
<String CONTENT="&#169;" HEIGHT="51" WIDTH="51" VPOS="1594" HPOS="338"/>
<SP HEIGHT="51" WIDTH="33" VPOS="1594" HPOS="390"/>
<String CONTENT="Nov." HEIGHT="38" WIDTH="116" VPOS="1599" HPOS="424"/>
<SP HEIGHT="38" WIDTH="34" VPOS="1597" HPOS="541"/>
<String CONTENT="25." HEIGHT="42" WIDTH="68" VPOS="1597" HPOS="576"/>
<SP HEIGHT="40" WIDTH="33" VPOS="1599" HPOS="645"/>
<String CS="1" CONTENT="1932;" HEIGHT="39" WIDTH="113" VPOS="1597" HPOS="679"/>
<SP HEIGHT="39" WIDTH="36" VPOS="1598" HPOS="819"/>
<String CONTENT="2c." HEIGHT="38" WIDTH="68" VPOS="1598" HPOS="856"/>
<SP HEIGHT="38" WIDTH="32" VPOS="1597" HPOS="925"/>
<String CONTENT="Dec." HEIGHT="39" WIDTH="111" VPOS="1597" HPOS="958"/>
<SP HEIGHT="39" WIDTH="35" VPOS="1597" HPOS="1070"/>
<String CS="1" CONTENT="5;" HEIGHT="38" WIDTH="26" VPOS="1597" HPOS="1106"/>
<SP HEIGHT="35" WIDTH="36" VPOS="1607" HPOS="1157"/>
<String CONTENT="aff." HEIGHT="40" WIDTH="81" VPOS="1595" HPOS="1194"/>
<SP HEIGHT="38" WIDTH="35" VPOS="1596" HPOS="1276"/>
<String CONTENT="Dec." HEIGHT="40" WIDTH="111" VPOS="1596" HPOS="1312"/>
<SP HEIGHT="39" WIDTH="33" VPOS="1597" HPOS="1424"/>
<String CS="1" CONTENT="2;" HEIGHT="37" WIDTH="25" VPOS="1597" HPOS="1458"/>
<SP HEIGHT="46" WIDTH="35" VPOS="1596" HPOS="1512"/>
<!-- cceid 1118A8BF-6D7D-1014-B4A5-D7A31D17AB40 --><String CONTENT="A" HEIGHT="38" WIDTH="41" VPOS="1596" HPOS="1548"/>
<SP HEIGHT="40" WIDTH="34" VPOS="1595" HPOS="1590"/>
<String CS="1" CONTENT="57306;" HEIGHT="40" WIDTH="143" VPOS="1595" HPOS="1625"/>
<SP HEIGHT="47" WIDTH="36" VPOS="1596" HPOS="1795"/>
<String LANG="fr" CONTENT="H." HEIGHT="39" WIDTH="61" VPOS="1596" HPOS="1832"/>
<SP HEIGHT="39" WIDTH="35" VPOS="1596" HPOS="1894"/>
<String CONTENT="M." HEIGHT="40" WIDTH="64" VPOS="1596" HPOS="1930"/>
<SP HEIGHT="41" WIDTH="31" VPOS="1595" HPOS="1995"/>
<String CONTENT="Woodward," HEIGHT="47" WIDTH="305" VPOS="1595" HPOS="2027"/>
</TextLine>
<TextLine HEIGHT="47" WIDTH="697" VPOS="1653" HPOS="405" STYLEREFS="StyleId-A6D12B87-F792-4DC1-9776-68BADEFB6232-">
<String CONTENT="Provo," HEIGHT="45" WIDTH="169" VPOS="1655" HPOS="405"/>
<SP HEIGHT="45" WIDTH="31" VPOS="1655" HPOS="575"/>
<String CONTENT="Utah." HEIGHT="41" WIDTH="144" VPOS="1653" HPOS="607"/>
<SP HEIGHT="47" WIDTH="70" VPOS="1653" HPOS="752"/>
<String CONTENT="(32-34912)" HEIGHT="47" WIDTH="279" VPOS="1653" HPOS="823"/>
</TextLine>
<TextLine HEIGHT="67" WIDTH="842" VPOS="1755" HPOS="332">
<String CONTENT="Worcester," HEIGHT="66" WIDTH="352" VPOS="1756" HPOS="332"/>
<SP HEIGHT="65" WIDTH="29" VPOS="1757" HPOS="685"/>
<String CONTENT="Elwood," HEIGHT="66" WIDTH="256" VPOS="1755" HPOS="715"/>
<SP HEIGHT="60" WIDTH="31" VPOS="1761" HPOS="972"/>
<String CONTENT="1863-" HEIGHT="51" WIDTH="170" VPOS="1760" HPOS="1004"/>
</TextLine>
<TextLine HEIGHT="69" WIDTH="1926" VPOS="1832" HPOS="404">
<String CONTENT="Studies" HEIGHT="56" WIDTH="229" VPOS="1834" HPOS="404"/>
<SP HEIGHT="55" WIDTH="45" VPOS="1834" HPOS="634"/>
<String CONTENT="in" HEIGHT="52" WIDTH="59" VPOS="1834" HPOS="680"/>
<SP HEIGHT="48" WIDTH="44" VPOS="1838" HPOS="740"/>
<String CONTENT="the" HEIGHT="51" WIDTH="96" VPOS="1834" HPOS="785"/>
<SP HEIGHT="53" WIDTH="41" VPOS="1834" HPOS="882"/>
<String CONTENT="birth" HEIGHT="54" WIDTH="156" VPOS="1833" HPOS="924"/>
<SP HEIGHT="52" WIDTH="46" VPOS="1834" HPOS="1081"/>
<String CONTENT="of" HEIGHT="54" WIDTH="64" VPOS="1832" HPOS="1128"/>
<SP HEIGHT="52" WIDTH="44" VPOS="1832" HPOS="1193"/>
<String CONTENT="the" HEIGHT="52" WIDTH="92" VPOS="1834" HPOS="1238"/>
<SP HEIGHT="53" WIDTH="44" VPOS="1833" HPOS="1331"/>
<String CONTENT="Lord," HEIGHT="68" WIDTH="173" VPOS="1833" HPOS="1376"/>
<SP HEIGHT="68" WIDTH="42" VPOS="1833" HPOS="1550"/>
<String CONTENT="by" HEIGHT="68" WIDTH="75" VPOS="1833" HPOS="1593"/>
<SP HEIGHT="69" WIDTH="44" VPOS="1832" HPOS="1669"/>
<String CONTENT="Elwood" HEIGHT="53" WIDTH="237" VPOS="1832" HPOS="1714"/>
<SP HEIGHT="54" WIDTH="42" VPOS="1833" HPOS="1952"/>
<String CONTENT="Worcester." HEIGHT="54" WIDTH="335" VPOS="1833" HPOS="1995"/>
</TextLine>
<TextLine HEIGHT="69" WIDTH="1408" VPOS="1909" HPOS="333">
<String CONTENT="New" HEIGHT="54" WIDTH="137" VPOS="1913" HPOS="333"/>
<SP HEIGHT="52" WIDTH="26" VPOS="1913" HPOS="471"/>
<String CONTENT="York," HEIGHT="66" WIDTH="178" VPOS="1912" HPOS="498"/>
<SP HEIGHT="66" WIDTH="23" VPOS="1912" HPOS="677"/>
<String CONTENT="London," HEIGHT="66" WIDTH="259" VPOS="1912" HPOS="701"/>
<SP HEIGHT="67" WIDTH="26" VPOS="1911" HPOS="961"/>
<String CONTENT="C." HEIGHT="54" WIDTH="60" VPOS="1911" HPOS="988"/>
<SP HEIGHT="54" WIDTH="29" VPOS="1911" HPOS="1049"/>
<String CONTENT="Scribner&#8217;s" HEIGHT="56" WIDTH="310" VPOS="1909" HPOS="1079"/>
<SP HEIGHT="33" WIDTH="25" VPOS="1931" HPOS="1390"/>
<String CONTENT="sons," HEIGHT="48" WIDTH="146" VPOS="1929" HPOS="1416"/>
<SP HEIGHT="63" WIDTH="27" VPOS="1914" HPOS="1563"/>
<String CONTENT="1932." HEIGHT="49" WIDTH="150" VPOS="1914" HPOS="1591"/>
</TextLine>
<TextLine HEIGHT="50" WIDTH="586" VPOS="1998" HPOS="403" CS="1">
<String CONTENT="xvi" HEIGHT="41" WIDTH="82" VPOS="2000" HPOS="403"/>
<SP HEIGHT="48" WIDTH="26" VPOS="2000" HPOS="486"/>
<String LANG="fr" CONTENT="p.," HEIGHT="38" WIDTH="57" VPOS="2010" HPOS="513"/>
<SP HEIGHT="46" WIDTH="24" VPOS="2001" HPOS="571"/>
<String CONTENT="1" HEIGHT="38" WIDTH="24" VPOS="2001" HPOS="596"/>
<SP HEIGHT="38" WIDTH="25" VPOS="2001" HPOS="621"/>
<String CS="1" CONTENT="l.,"/>
<SP HEIGHT="47" WIDTH="25" VPOS="2000" HPOS="692"/>
<String CONTENT="300" HEIGHT="42" WIDTH="88" VPOS="1998" HPOS="718"/>
<SP HEIGHT="49" WIDTH="22" VPOS="1998" HPOS="807"/>
<String CONTENT="p." HEIGHT="37" WIDTH="42" VPOS="2010" HPOS="830"/>
<SP HEIGHT="40" WIDTH="58" VPOS="1998" HPOS="873"/>
<String CS="1" CONTENT="20&#189;" HEIGHT="40" WIDTH="57" VPOS="1998" HPOS="932"/>
<String STYLE="superscript" CS="1" CONTENT="&#7580;&#7504;."/>
</TextLine>
<TextLine HEIGHT="52" WIDTH="1994" VPOS="2067" HPOS="337" STYLEREFS="StyleId-A6D12B87-F792-4DC1-9776-68BADEFB6232-" CS="1">
<String CONTENT="&#169;" HEIGHT="52" WIDTH="51" VPOS="2067" HPOS="337"/>
<SP HEIGHT="52" WIDTH="27" VPOS="2067" HPOS="389"/>
<String CONTENT="Nov." HEIGHT="40" WIDTH="118" VPOS="2072" HPOS="417"/>
<SP HEIGHT="41" WIDTH="26" VPOS="2071" HPOS="536"/>
<String CONTENT="11," HEIGHT="45" WIDTH="68" VPOS="2071" HPOS="563"/>
<SP HEIGHT="45" WIDTH="27" VPOS="2071" HPOS="632"/>
<String CS="1" CONTENT="1932;" HEIGHT="41" WIDTH="113" VPOS="2069" HPOS="660"/>
<SP HEIGHT="47" WIDTH="28" VPOS="2069" HPOS="802"/>
<String CONTENT="2c." HEIGHT="40" WIDTH="66" VPOS="2069" HPOS="831"/>
<SP HEIGHT="39" WIDTH="28" VPOS="2070" HPOS="898"/>
<String CONTENT="Nov." HEIGHT="39" WIDTH="116" VPOS="2070" HPOS="927"/>
<SP HEIGHT="38" WIDTH="29" VPOS="2070" HPOS="1044"/>
<String CS="1" CONTENT="16;" HEIGHT="39" WIDTH="57" VPOS="2069" HPOS="1074"/>
<SP HEIGHT="35" WIDTH="30" VPOS="2080" HPOS="1156"/>
<String CONTENT="aff." HEIGHT="41" WIDTH="81" VPOS="2068" HPOS="1187"/>
<SP HEIGHT="41" WIDTH="28" VPOS="2068" HPOS="1269"/>
<String CONTENT="Nov." HEIGHT="40" WIDTH="116" VPOS="2068" HPOS="1298"/>
<SP HEIGHT="40" WIDTH="30" VPOS="2068" HPOS="1415"/>
<String CS="1" CONTENT="14;" HEIGHT="40" WIDTH="55" VPOS="2068" HPOS="1446"/>
<SP HEIGHT="46" WIDTH="30" VPOS="2069" HPOS="1529"/>
<!-- cceid 1118B6AA-6D7D-1014-B4A5-D7A31D17AB40 --><String CONTENT="A" HEIGHT="38" WIDTH="40" VPOS="2069" HPOS="1560"/>
<SP HEIGHT="39" WIDTH="28" VPOS="2069" HPOS="1601"/>
<String CS="1" CONTENT="57094;" HEIGHT="41" WIDTH="142" VPOS="2067" HPOS="1630"/>
<SP HEIGHT="47" WIDTH="32" VPOS="2069" HPOS="1800"/>
<String CONTENT="Charles" HEIGHT="41" WIDTH="201" VPOS="2068" HPOS="1833"/>
<SP HEIGHT="41" WIDTH="31" VPOS="2069" HPOS="2035"/>
<String CONTENT="Scribner's" HEIGHT="44" WIDTH="264" VPOS="2067" HPOS="2067"/>
</TextLine>
<TextLine HEIGHT="53" WIDTH="475" VPOS="2125" HPOS="404" STYLEREFS="StyleId-A6D12B87-F792-4DC1-9776-68BADEFB6232-">
<String CONTENT="sons." HEIGHT="30" WIDTH="125" VPOS="2138" HPOS="404"/>
<SP HEIGHT="47" WIDTH="68" VPOS="2128" HPOS="530"/>
<String CONTENT="(32-33929)" HEIGHT="53" WIDTH="280" VPOS="2125" HPOS="599"/>
</TextLine>
<TextLine HEIGHT="64" WIDTH="701" VPOS="2228" HPOS="333">
<String CONTENT="Wright," HEIGHT="63" WIDTH="255" VPOS="2229" HPOS="333"/>
<SP HEIGHT="62" WIDTH="31" VPOS="2230" HPOS="589"/>
<String CONTENT="Mrs." HEIGHT="52" WIDTH="139" VPOS="2230" HPOS="621"/>
<SP HEIGHT="52" WIDTH="29" VPOS="2229" HPOS="761"/>
<String CONTENT="Helena." HEIGHT="54" WIDTH="243" VPOS="2228" HPOS="791"/>
</TextLine>
<TextLine HEIGHT="71" WIDTH="1927" VPOS="2302" HPOS="402" CS="1">
<String CONTENT="The" HEIGHT="51" WIDTH="121" VPOS="2305" HPOS="402"/>
<SP HEIGHT="34" WIDTH="23" VPOS="2323" HPOS="524"/>
<String CONTENT="story" HEIGHT="64" WIDTH="158" VPOS="2309" HPOS="548"/>
<SP HEIGHT="50" WIDTH="26" VPOS="2323" HPOS="707"/>
<String CONTENT="of" HEIGHT="52" WIDTH="64" VPOS="2305" HPOS="734"/>
<SP HEIGHT="53" WIDTH="24" VPOS="2305" HPOS="799"/>
<String CONTENT="sex," HEIGHT="49" WIDTH="112" VPOS="2323" HPOS="824"/>
<SP HEIGHT="67" WIDTH="26" VPOS="2305" HPOS="937"/>
<String CONTENT="by" HEIGHT="67" WIDTH="74" VPOS="2305" HPOS="964"/>
<SP HEIGHT="66" WIDTH="25" VPOS="2306" HPOS="1039"/>
<String CONTENT="Helena" HEIGHT="52" WIDTH="222" VPOS="2305" HPOS="1065"/>
<SP HEIGHT="54" WIDTH="26" VPOS="2305" HPOS="1288"/>
<String CONTENT="Wright" HEIGHT="70" WIDTH="235" VPOS="2302" HPOS="1315"/>
<SP HEIGHT="46" WIDTH="30" VPOS="2311" HPOS="1551"/>
<String CS="1" CONTENT="&#8230;"/>
<SP HEIGHT="33" WIDTH="31" VPOS="2325" HPOS="1639"/>
<String CONTENT="with" HEIGHT="53" WIDTH="141" VPOS="2305" HPOS="1671"/>
<SP HEIGHT="52" WIDTH="26" VPOS="2305" HPOS="1813"/>
<String CONTENT="an" HEIGHT="34" WIDTH="71" VPOS="2323" HPOS="1840"/>
<SP HEIGHT="52" WIDTH="28" VPOS="2305" HPOS="1912"/>
<String CONTENT="introduction" HEIGHT="54" WIDTH="388" VPOS="2305" HPOS="1941"/>
</TextLine>
<TextLine HEIGHT="69" WIDTH="1995" VPOS="2382" HPOS="332" CS="1">
<String CONTENT="by" HEIGHT="69" WIDTH="74" VPOS="2382" HPOS="332"/>
<SP HEIGHT="67" WIDTH="33" VPOS="2384" HPOS="407"/>
<String CONTENT="Paul" HEIGHT="52" WIDTH="147" VPOS="2384" HPOS="441"/>
<SP HEIGHT="52" WIDTH="35" VPOS="2384" HPOS="589"/>
<String CONTENT="Popenoe" HEIGHT="66" WIDTH="265" VPOS="2384" HPOS="625"/>
<SP HEIGHT="34" WIDTH="38" VPOS="2402" HPOS="891"/>
<String CS="1" CONTENT="&#8230;"/>
<SP HEIGHT="53" WIDTH="78" VPOS="2383" HPOS="986"/>
<String CONTENT="New" HEIGHT="52" WIDTH="138" VPOS="2383" HPOS="1065"/>
<SP HEIGHT="52" WIDTH="36" VPOS="2383" HPOS="1204"/>
<String CONTENT="York," HEIGHT="67" WIDTH="179" VPOS="2383" HPOS="1241"/>
<SP HEIGHT="65" WIDTH="34" VPOS="2385" HPOS="1421"/>
<String CONTENT="The" HEIGHT="52" WIDTH="119" VPOS="2383" HPOS="1456"/>
<SP HEIGHT="53" WIDTH="36" VPOS="2384" HPOS="1576"/>
<String CONTENT="Vanguard" HEIGHT="67" WIDTH="317" VPOS="2383" HPOS="1613"/>
<SP HEIGHT="67" WIDTH="34" VPOS="2383" HPOS="1931"/>
<String CONTENT="press," HEIGHT="50" WIDTH="174" VPOS="2401" HPOS="1966"/>
<SP HEIGHT="63" WIDTH="35" VPOS="2388" HPOS="2141"/>
<String CONTENT="1932." HEIGHT="51" WIDTH="150" VPOS="2387" HPOS="2177"/>
</TextLine>
<TextLine HEIGHT="50" WIDTH="738" VPOS="2454" HPOS="403" CS="1">
<String CONTENT="xxiii," HEIGHT="48" WIDTH="138" VPOS="2456" HPOS="403"/>
<SP HEIGHT="47" WIDTH="28" VPOS="2457" HPOS="542"/>
<String CONTENT="167" HEIGHT="41" WIDTH="86" VPOS="2456" HPOS="571"/>
<SP HEIGHT="46" WIDTH="26" VPOS="2457" HPOS="658"/>
<String CONTENT="p." HEIGHT="37" WIDTH="44" VPOS="2466" HPOS="685"/>
<SP HEIGHT="40" WIDTH="57" VPOS="2456" HPOS="730"/>
<String CONTENT="illus.," HEIGHT="46" WIDTH="143" VPOS="2456" HPOS="788"/>
<SP/>
<String CS="1" CONTENT="pl."/>
<SP/>
<String CONTENT="19" HEIGHT="42" WIDTH="56" VPOS="2454" HPOS="1085"/>
<String STYLE="superscript" CS="1" CONTENT="&#7580;&#7504;."/>
</TextLine>
<TextLine HEIGHT="49" WIDTH="578" VPOS="2512" HPOS="402" STYLEREFS="StyleId-A6D12B87-F792-4DC1-9776-68BADEFB6232-" CS="1">
<String CS="1" CONTENT="Bibliography;" HEIGHT="48" WIDTH="349" VPOS="2512" HPOS="402"/>
<SP HEIGHT="38" WIDTH="28" VPOS="2523" HPOS="780"/>
<String CONTENT="p." HEIGHT="38" WIDTH="44" VPOS="2523" HPOS="809"/>
<SP HEIGHT="40" WIDTH="26" VPOS="2513" HPOS="854"/>
<String CONTENT="164." HEIGHT="40" WIDTH="99" VPOS="2512" HPOS="881"/>
</TextLine>
<TextLine HEIGHT="52" WIDTH="1992" VPOS="2580" HPOS="337" STYLEREFS="StyleId-A6D12B87-F792-4DC1-9776-68BADEFB6232-">
<String CONTENT="&#169;" HEIGHT="52" WIDTH="51" VPOS="2580" HPOS="337"/>
<SP HEIGHT="52" WIDTH="31" VPOS="2580" HPOS="389"/>
<String CONTENT="Nov." HEIGHT="39" WIDTH="118" VPOS="2585" HPOS="421"/>
<SP HEIGHT="42" WIDTH="31" VPOS="2582" HPOS="540"/>
<String CONTENT="21," HEIGHT="49" WIDTH="70" VPOS="2582" HPOS="572"/>
<SP HEIGHT="47" WIDTH="31" VPOS="2584" HPOS="643"/>
<String CONTENT="1932;" HEIGHT="49" WIDTH="140" VPOS="2581" HPOS="675"/>
<SP HEIGHT="47" WIDTH="33" VPOS="2583" HPOS="816"/>
<String CONTENT="2c." HEIGHT="40" WIDTH="66" VPOS="2583" HPOS="850"/>
<SP HEIGHT="38" WIDTH="33" VPOS="2583" HPOS="917"/>
<String CONTENT="Nov." HEIGHT="39" WIDTH="117" VPOS="2583" HPOS="951"/>
<SP HEIGHT="39" WIDTH="31" VPOS="2583" HPOS="1069"/>
<String CONTENT="28;" HEIGHT="46" WIDTH="82" VPOS="2583" HPOS="1101"/>
<SP HEIGHT="36" WIDTH="34" VPOS="2593" HPOS="1184"/>
<String CONTENT="aff." HEIGHT="40" WIDTH="80" VPOS="2582" HPOS="1219"/>
<SP HEIGHT="39" WIDTH="33" VPOS="2583" HPOS="1300"/>
<String CONTENT="Nov." HEIGHT="40" WIDTH="118" VPOS="2583" HPOS="1334"/>
<SP HEIGHT="41" WIDTH="31" VPOS="2582" HPOS="1453"/>
<String CONTENT="26;" HEIGHT="47" WIDTH="83" VPOS="2582" HPOS="1485"/>
<SP HEIGHT="47" WIDTH="33" VPOS="2582" HPOS="1569"/>
<!-- cceid 1118C496-6D7D-1014-B4A5-D7A31D17AB40 --><String CONTENT="A" HEIGHT="39" WIDTH="42" VPOS="2582" HPOS="1603"/>
<SP HEIGHT="40" WIDTH="30" VPOS="2582" HPOS="1646"/>
<String CONTENT="57250;" HEIGHT="48" WIDTH="170" VPOS="2582" HPOS="1677"/>
<SP HEIGHT="47" WIDTH="35" VPOS="2583" HPOS="1848"/>
<String CONTENT="Vanguard" HEIGHT="47" WIDTH="263" VPOS="2583" HPOS="1884"/>
<SP HEIGHT="47" WIDTH="32" VPOS="2584" HPOS="2148"/>
<String CONTENT="press," HEIGHT="40" WIDTH="148" VPOS="2591" HPOS="2181"/>
</TextLine>
<TextLine HEIGHT="48" WIDTH="440" VPOS="2640" HPOS="404" STYLEREFS="StyleId-A6D12B87-F792-4DC1-9776-68BADEFB6232-">
<String CONTENT="inc." HEIGHT="40" WIDTH="88" VPOS="2640" HPOS="404"/>
<SP HEIGHT="48" WIDTH="71" VPOS="2640" HPOS="493"/>
<String CONTENT="(32-34017)" HEIGHT="48" WIDTH="279" VPOS="2640" HPOS="565"/>
</TextLine>
<TextLine HEIGHT="67" WIDTH="1070" VPOS="2740" HPOS="335">
<String CONTENT="Wright," HEIGHT="65" WIDTH="254" VPOS="2741" HPOS="335"/>
<SP HEIGHT="63" WIDTH="29" VPOS="2743" HPOS="590"/>
<String CONTENT="William" HEIGHT="57" WIDTH="254" VPOS="2740" HPOS="620"/>
<SP HEIGHT="53" WIDTH="31" VPOS="2743" HPOS="875"/>
<String CONTENT="Clarence," HEIGHT="66" WIDTH="295" VPOS="2741" HPOS="907"/>
<SP HEIGHT="60" WIDTH="30" VPOS="2747" HPOS="1203"/>
<String CONTENT="1901-" HEIGHT="50" WIDTH="171" VPOS="2746" HPOS="1234"/>
</TextLine>
<TextLine HEIGHT="148" WIDTH="1968" VPOS="2818" HPOS="335" CS="1">
<String CONTENT="Animated" HEIGHT="54" WIDTH="313" VPOS="2818" HPOS="403"/>
<SP HEIGHT="68" WIDTH="26" VPOS="2819" HPOS="717"/>
<String CONTENT="junior" HEIGHT="68" WIDTH="194" VPOS="2819" HPOS="744"/>
<SP HEIGHT="33" WIDTH="26" VPOS="2838" HPOS="939"/>
<String CONTENT="sermons" HEIGHT="35" WIDTH="251" VPOS="2837" HPOS="966"/>
<SP HEIGHT="49" WIDTH="30" VPOS="2837" HPOS="1218"/>
<String CONTENT="[by]" HEIGHT="67" WIDTH="109" VPOS="2819" HPOS="1249"/>
<SP HEIGHT="65" WIDTH="31" VPOS="2820" HPOS="1359"/>
<String CONTENT="W." HEIGHT="54" WIDTH="89" VPOS="2820" HPOS="1391"/>
<SP HEIGHT="55" WIDTH="29" VPOS="2819" HPOS="1481"/>
<String CONTENT="Clarence" HEIGHT="55" WIDTH="270" VPOS="2819" HPOS="1511"/>
<SP HEIGHT="54" WIDTH="24" VPOS="2821" HPOS="1782"/>
<String CONTENT="Wright" HEIGHT="69" WIDTH="238" VPOS="2819" HPOS="1807"/>
<SP HEIGHT="47" WIDTH="32" VPOS="2825" HPOS="2046"/>
<String CS="1" CONTENT="&#8230;"/>
<SP HEIGHT="53" WIDTH="30" VPOS="2820" HPOS="2137"/>
<String CONTENT="illustrated" HEIGHT="130" WIDTH="1968" VPOS="2820" HPOS="335"/>
<SP HEIGHT="52" WIDTH="24" VPOS="2898" HPOS="524"/>
<String CONTENT="by" HEIGHT="67" WIDTH="74" VPOS="2898" HPOS="549"/>
<SP HEIGHT="67" WIDTH="25" VPOS="2898" HPOS="624"/>
<String CONTENT="Jean" HEIGHT="53" WIDTH="147" VPOS="2898" HPOS="650"/>
<SP HEIGHT="53" WIDTH="24" VPOS="2899" HPOS="798"/>
<String CONTENT="Vaughan." HEIGHT="69" WIDTH="303" VPOS="2897" HPOS="823"/>
</TextLine>
<TextLine HEIGHT="67" WIDTH="1126" VPOS="2897" HPOS="1201" CS="1">
<String CONTENT="New" HEIGHT="53" WIDTH="138" VPOS="2898" HPOS="1201"/>
<SP HEIGHT="53" WIDTH="26" VPOS="2897" HPOS="1340"/>
<String CONTENT="York" HEIGHT="52" WIDTH="164" VPOS="2897" HPOS="1367"/>
<SP HEIGHT="67" WIDTH="28" VPOS="2897" HPOS="1532"/>
<String CS="1" CONTENT="[etc.]" HEIGHT="60" WIDTH="120" VPOS="2903" HPOS="1580"/>
<SP HEIGHT="64" WIDTH="30" VPOS="2899" HPOS="1701"/>
<String CONTENT="Fleming" HEIGHT="65" WIDTH="268" VPOS="2897" HPOS="1732"/>
<SP HEIGHT="63" WIDTH="21" VPOS="2899" HPOS="2001"/>
<String CONTENT="H." HEIGHT="52" WIDTH="78" VPOS="2899" HPOS="2023"/>
<SP HEIGHT="52" WIDTH="26" VPOS="2900" HPOS="2102"/>
<String CS="1" CONTENT="Revell" HEIGHT="54" WIDTH="198" VPOS="2898" HPOS="2129"/>
</TextLine>
<TextLine HEIGHT="64" WIDTH="505" VPOS="2979" HPOS="333" CS="1">
<String CONTENT="company" HEIGHT="50" WIDTH="280" VPOS="2993" HPOS="333"/>
<SP HEIGHT="48" WIDTH="30" VPOS="2995" HPOS="614"/>
<String CONTENT="[" HEIGHT="34" WIDTH="12" VPOS="3008" HPOS="645"/>
<String STYLE="superscript" CS="1" CONTENT="&#7580;19"/>
<String CONTENT="32]" HEIGHT="62" WIDTH="84" VPOS="2979" HPOS="754"/>
</TextLine>
<TextLine HEIGHT="49" WIDTH="464" VPOS="3047" HPOS="403" STYLEREFS="StyleId-A6D12B87-F792-4DC1-9776-68BADEFB6232-" CS="1">
<String CONTENT="156" HEIGHT="41" WIDTH="86" VPOS="3048" HPOS="403"/>
<SP HEIGHT="48" WIDTH="28" VPOS="3048" HPOS="490"/>
<String CONTENT="p." HEIGHT="38" WIDTH="44" VPOS="3058" HPOS="519"/>
<SP HEIGHT="42" WIDTH="57" VPOS="3047" HPOS="564"/>
<String CONTENT="illus." HEIGHT="43" WIDTH="129" VPOS="3047" HPOS="622"/>
<SP HEIGHT="41" WIDTH="57" VPOS="3049" HPOS="752"/>
<String CS="1" CONTENT="19&#189;&#7580;&#7504;." HEIGHT="40" WIDTH="57" VPOS="3047" HPOS="810"/>
</TextLine>
<TextLine HEIGHT="53" WIDTH="1991" VPOS="3115" HPOS="338" STYLEREFS="StyleId-A6D12B87-F792-4DC1-9776-68BADEFB6232-" CS="1">
<String CONTENT="&#169;" HEIGHT="52" WIDTH="51" VPOS="3115" HPOS="338"/>
<SP HEIGHT="52" WIDTH="33" VPOS="3115" HPOS="390"/>
<String CONTENT="Oct." HEIGHT="41" WIDTH="102" VPOS="3119" HPOS="424"/>
<SP HEIGHT="41" WIDTH="30" VPOS="3119" HPOS="527"/>
<String CONTENT="22," HEIGHT="47" WIDTH="70" VPOS="3119" HPOS="558"/>
<SP HEIGHT="46" WIDTH="33" VPOS="3120" HPOS="629"/>
<String CS="1" CONTENT="1932;" HEIGHT="40" WIDTH="113" VPOS="3119" HPOS="663"/>
<SP HEIGHT="47" WIDTH="34" VPOS="3119" HPOS="804"/>
<String CONTENT="2c." HEIGHT="41" WIDTH="67" VPOS="3119" HPOS="839"/>
<SP HEIGHT="29" WIDTH="34" VPOS="3131" HPOS="907"/>
<String CONTENT="and" HEIGHT="38" WIDTH="95" VPOS="3121" HPOS="942"/>
<SP HEIGHT="38" WIDTH="31" VPOS="3121" HPOS="1038"/>
<String CONTENT="aff." HEIGHT="41" WIDTH="83" VPOS="3119" HPOS="1070"/>
<SP HEIGHT="40" WIDTH="31" VPOS="3120" HPOS="1154"/>
<String CONTENT="Nov." HEIGHT="40" WIDTH="117" VPOS="3120" HPOS="1186"/>
<SP HEIGHT="40" WIDTH="33" VPOS="3120" HPOS="1304"/>
<String CS="1" CONTENT="3;" HEIGHT="39" WIDTH="25" VPOS="3120" HPOS="1338"/>
<SP HEIGHT="46" WIDTH="33" VPOS="3120" HPOS="1392"/>
<!-- cceid 1118CD3A-6D7D-1014-B4A5-D7A31D17AB40 --><String CONTENT="A" HEIGHT="39" WIDTH="42" VPOS="3120" HPOS="1426"/>
<SP HEIGHT="39" WIDTH="31" VPOS="3120" HPOS="1469"/>
<String CS="1" CONTENT="55826;" HEIGHT="41" WIDTH="143" VPOS="3119" HPOS="1501"/>
<SP HEIGHT="47" WIDTH="36" VPOS="3120" HPOS="1672"/>
<String CONTENT="Fleming" HEIGHT="49" WIDTH="220" VPOS="3119" HPOS="1709"/>
<SP HEIGHT="47" WIDTH="32" VPOS="3121" HPOS="1930"/>
<String CONTENT="H." HEIGHT="40" WIDTH="60" VPOS="3121" HPOS="1963"/>
<SP HEIGHT="40" WIDTH="35" VPOS="3121" HPOS="2024"/>
<String CONTENT="Reveli" HEIGHT="41" WIDTH="167" VPOS="3119" HPOS="2060"/>
<SP HEIGHT="41" WIDTH="33" VPOS="3119" HPOS="2228"/>
<String CONTENT="co." HEIGHT="32" WIDTH="67" VPOS="3130" HPOS="2262"/>
</TextLine>
<TextLine HEIGHT="49" WIDTH="279" VPOS="3175" HPOS="415" STYLEREFS="StyleId-A6D12B87-F792-4DC1-9776-68BADEFB6232-">
<String CONTENT="(32-32894)" HEIGHT="49" WIDTH="279" VPOS="3175" HPOS="415"/>
</TextLine>
<TextLine HEIGHT="64" WIDTH="524" VPOS="3279" HPOS="334">
<String CONTENT="Yale" HEIGHT="53" WIDTH="144" VPOS="3279" HPOS="334"/>
<SP HEIGHT="36" WIDTH="26" VPOS="3296" HPOS="479"/>
<String CONTENT="university." HEIGHT="64" WIDTH="352" VPOS="3279" HPOS="506"/>
</TextLine>
<TextLine HEIGHT="145" WIDTH="1965" VPOS="3355" HPOS="336" CS="1">
<String CONTENT="The" HEIGHT="52" WIDTH="120" VPOS="3355" HPOS="406"/>
<SP HEIGHT="33" WIDTH="33" VPOS="3374" HPOS="527"/>
<String CONTENT="excavations" HEIGHT="52" WIDTH="361" VPOS="3356" HPOS="561"/>
<SP HEIGHT="33" WIDTH="34" VPOS="3375" HPOS="923"/>
<String CONTENT="at" HEIGHT="46" WIDTH="58" VPOS="3363" HPOS="958"/>
<SP HEIGHT="51" WIDTH="34" VPOS="3358" HPOS="1017"/>
<String CONTENT="Dura-Europos," HEIGHT="69" WIDTH="472" VPOS="3356" HPOS="1052"/>
<SP HEIGHT="46" WIDTH="35" VPOS="3377" HPOS="1525"/>
<String CONTENT="conducted" HEIGHT="54" WIDTH="312" VPOS="3357" HPOS="1561"/>
<SP HEIGHT="52" WIDTH="33" VPOS="3358" HPOS="1874"/>
<String CONTENT="by" HEIGHT="65" WIDTH="74" VPOS="3358" HPOS="1908"/>
<SP HEIGHT="64" WIDTH="36" VPOS="3359" HPOS="1983"/>
<String CONTENT="Yale" HEIGHT="51" WIDTH="144" VPOS="3359" HPOS="2020"/>
<SP HEIGHT="33" WIDTH="35" VPOS="3377" HPOS="2165"/>
<String CONTENT="university" HEIGHT="142" WIDTH="1965" VPOS="3358" HPOS="336"/>
</TextLine>
<TextLine HEIGHT="70" WIDTH="1732" VPOS="3434" HPOS="589">
<String CONTENT="and" HEIGHT="51" WIDTH="111" VPOS="3434" HPOS="589"/>
<SP HEIGHT="52" WIDTH="33" VPOS="3434" HPOS="701"/>
<String CONTENT="the" HEIGHT="51" WIDTH="98" VPOS="3435" HPOS="735"/>
<SP HEIGHT="50" WIDTH="36" VPOS="3436" HPOS="834"/>
<String CONTENT="French" HEIGHT="52" WIDTH="222" VPOS="3435" HPOS="871"/>
<SP HEIGHT="51" WIDTH="40" VPOS="3435" HPOS="1094"/>
<String CONTENT="academy" HEIGHT="65" WIDTH="266" VPOS="3436" HPOS="1135"/>
<SP HEIGHT="49" WIDTH="39" VPOS="3452" HPOS="1402"/>
<String CONTENT="of" HEIGHT="52" WIDTH="62" VPOS="3435" HPOS="1442"/>
<SP HEIGHT="51" WIDTH="36" VPOS="3435" HPOS="1505"/>
<String CONTENT="inscriptions" HEIGHT="68" WIDTH="367" VPOS="3435" HPOS="1542"/>
<SP HEIGHT="34" WIDTH="39" VPOS="3454" HPOS="1910"/>
<String CONTENT="and" HEIGHT="53" WIDTH="112" VPOS="3436" HPOS="1950"/>
<SP HEIGHT="53" WIDTH="35" VPOS="3436" HPOS="2063"/>
<String CONTENT="letters;" HEIGHT="67" WIDTH="222" VPOS="3437" HPOS="2099"/>
</TextLine>
<TextLine HEIGHT="71" WIDTH="1990" VPOS="3510" HPOS="336">
<String CONTENT="preliminary" HEIGHT="69" WIDTH="375" VPOS="3510" HPOS="336"/>
<SP HEIGHT="49" WIDTH="31" VPOS="3530" HPOS="712"/>
<String CONTENT="report" HEIGHT="62" WIDTH="196" VPOS="3517" HPOS="744"/>
<SP HEIGHT="47" WIDTH="27" VPOS="3517" HPOS="941"/>
<String CONTENT="of" HEIGHT="53" WIDTH="63" VPOS="3511" HPOS="969"/>
<SP HEIGHT="53" WIDTH="31" VPOS="3511" HPOS="1033"/>
<String CONTENT="third" HEIGHT="52" WIDTH="158" VPOS="3512" HPOS="1065"/>
<SP HEIGHT="52" WIDTH="30" VPOS="3514" HPOS="1224"/>
<String CONTENT="season" HEIGHT="34" WIDTH="197" VPOS="3532" HPOS="1255"/>
<SP HEIGHT="34" WIDTH="30" VPOS="3532" HPOS="1453"/>
<String CONTENT="of" HEIGHT="52" WIDTH="63" VPOS="3514" HPOS="1484"/>
<SP HEIGHT="51" WIDTH="31" VPOS="3514" HPOS="1548"/>
<String CONTENT="work," HEIGHT="66" WIDTH="173" VPOS="3514" HPOS="1580"/>
<SP HEIGHT="66" WIDTH="32" VPOS="3514" HPOS="1754"/>
<String CONTENT="November," HEIGHT="67" WIDTH="334" VPOS="3514" HPOS="1787"/>
<SP HEIGHT="64" WIDTH="32" VPOS="3517" HPOS="2122"/>
<String CONTENT="1929-" HEIGHT="50" WIDTH="171" VPOS="3517" HPOS="2155"/>
</TextLine>
<TextLine HEIGHT="71" WIDTH="1926" VPOS="3587" HPOS="336" CS="1">
<String CONTENT="March." HEIGHT="55" WIDTH="219" VPOS="3587" HPOS="336"/>
<SP HEIGHT="50" WIDTH="31" VPOS="3592" HPOS="556"/>
<String CONTENT="1930," HEIGHT="65" WIDTH="151" VPOS="3592" HPOS="588"/>
<SP HEIGHT="49" WIDTH="29" VPOS="3608" HPOS="740"/>
<String CONTENT="edited" HEIGHT="53" WIDTH="190" VPOS="3589" HPOS="770"/>
<SP HEIGHT="52" WIDTH="30" VPOS="3590" HPOS="961"/>
<String CONTENT="by" HEIGHT="67" WIDTH="73" VPOS="3591" HPOS="992"/>
<SP HEIGHT="65" WIDTH="30" VPOS="3593" HPOS="1066"/>
<String LANG="fr" CONTENT="P." HEIGHT="51" WIDTH="65" VPOS="3593" HPOS="1097"/>
<SP HEIGHT="52" WIDTH="32" VPOS="3592" HPOS="1163"/>
<String CONTENT="V." HEIGHT="52" WIDTH="69" VPOS="3592" HPOS="1196"/>
<SP HEIGHT="53" WIDTH="33" VPOS="3593" HPOS="1266"/>
<String CONTENT="C." HEIGHT="53" WIDTH="61" VPOS="3593" HPOS="1300"/>
<SP HEIGHT="49" WIDTH="31" VPOS="3594" HPOS="1362"/>
<String CONTENT="Baur" HEIGHT="49" WIDTH="157" VPOS="3594" HPOS="1394"/>
<SP HEIGHT="32" WIDTH="35" VPOS="3611" HPOS="1552"/>
<String CS="1" CONTENT="&#8230;"/>
<SP HEIGHT="51" WIDTH="33" VPOS="3594" HPOS="1645"/>
<String LANG="fr" CONTENT="M." HEIGHT="52" WIDTH="80" VPOS="3594" HPOS="1679"/>
<SP HEIGHT="53" WIDTH="30" VPOS="3593" HPOS="1760"/>
<String CONTENT="I." HEIGHT="52" WIDTH="50" VPOS="3593" HPOS="1791"/>
<SP HEIGHT="52" WIDTH="30" VPOS="3594" HPOS="1842"/>
<String CONTENT="Rostovtzeff" HEIGHT="56" WIDTH="353" VPOS="3590" HPOS="1873"/>
<SP HEIGHT="55" WIDTH="35" VPOS="3590" HPOS="2227"/>
<String CS="1" CONTENT="&#8230;"/>
</TextLine>
<TextLine HEIGHT="71" WIDTH="1986" VPOS="3666" HPOS="337" CS="1">
<String CONTENT="and" HEIGHT="50" WIDTH="111" VPOS="3666" HPOS="337"/>
<SP HEIGHT="50" WIDTH="47" VPOS="3666" HPOS="449"/>
<String CONTENT="Alfred" HEIGHT="52" WIDTH="211" VPOS="3666" HPOS="497"/>
<SP HEIGHT="51" WIDTH="47" VPOS="3667" HPOS="709"/>
<String CONTENT="R." HEIGHT="49" WIDTH="66" VPOS="3668" HPOS="757"/>
<SP HEIGHT="49" WIDTH="50" VPOS="3670" HPOS="824"/>
<String CONTENT="Bellinger" HEIGHT="68" WIDTH="293" VPOS="3667" HPOS="875"/>
<SP HEIGHT="31" WIDTH="52" VPOS="3687" HPOS="1169"/>
<String CS="1" CONTENT="&#8230;"/>
<SP HEIGHT="50" WIDTH="78" VPOS="3669" HPOS="1278"/>
<String CONTENT="New" HEIGHT="50" WIDTH="137" VPOS="3669" HPOS="1357"/>
<SP HEIGHT="50" WIDTH="46" VPOS="3671" HPOS="1495"/>
<String CONTENT="Haven," HEIGHT="63" WIDTH="224" VPOS="3671" HPOS="1542"/>
<SP HEIGHT="63" WIDTH="45" VPOS="3671" HPOS="1767"/>
<String CONTENT="Yale" HEIGHT="52" WIDTH="147" VPOS="3670" HPOS="1813"/>
<SP HEIGHT="34" WIDTH="43" VPOS="3688" HPOS="1961"/>
<String CONTENT="university" HEIGHT="67" WIDTH="318" VPOS="3670" HPOS="2005"/>
</TextLine>
<TextLine HEIGHT="73" WIDTH="1987" VPOS="3744" HPOS="335">
<String CONTENT="press;" HEIGHT="49" WIDTH="183" VPOS="3758" HPOS="335"/>
<SP HEIGHT="58" WIDTH="39" VPOS="3745" HPOS="519"/>
<String CONTENT="London," HEIGHT="56" WIDTH="256" VPOS="3744" HPOS="559"/>
<SP HEIGHT="54" WIDTH="34" VPOS="3746" HPOS="816"/>
<String CONTENT="Humphrey" HEIGHT="67" WIDTH="344" VPOS="3745" HPOS="851"/>
<SP HEIGHT="52" WIDTH="33" VPOS="3747" HPOS="1196"/>
<String CONTENT="Milford," HEIGHT="68" WIDTH="265" VPOS="3745" HPOS="1230"/>
<SP HEIGHT="67" WIDTH="34" VPOS="3746" HPOS="1496"/>
<String CONTENT="Oxford" HEIGHT="56" WIDTH="230" VPOS="3746" HPOS="1531"/>
<SP HEIGHT="53" WIDTH="32" VPOS="3746" HPOS="1762"/>
<String CONTENT="university" HEIGHT="70" WIDTH="319" VPOS="3747" HPOS="1795"/>
<SP HEIGHT="51" WIDTH="32" VPOS="3766" HPOS="2115"/>
<String CONTENT="press," HEIGHT="50" WIDTH="174" VPOS="3766" HPOS="2148"/>
</TextLine>
<TextLine HEIGHT="51" WIDTH="150" VPOS="3823" HPOS="337">
<String CONTENT="1932." HEIGHT="51" WIDTH="150" VPOS="3823" HPOS="337"/>
</TextLine>
<TextLine HEIGHT="52" WIDTH="1057" VPOS="3893" HPOS="407" STYLEREFS="StyleId-A6D12B87-F792-4DC1-9776-68BADEFB6232-" CS="1">
<String CONTENT="xiv," HEIGHT="47" WIDTH="95" VPOS="3893" HPOS="407"/>
<SP HEIGHT="45" WIDTH="27" VPOS="3895" HPOS="503"/>
<String CONTENT="168" HEIGHT="40" WIDTH="84" VPOS="3894" HPOS="531"/>
<SP HEIGHT="47" WIDTH="24" VPOS="3895" HPOS="616"/>
<String CONTENT="p." HEIGHT="37" WIDTH="43" VPOS="3905" HPOS="641"/>
<SP HEIGHT="39" WIDTH="55" VPOS="3895" HPOS="685"/>
<String CONTENT="illus.," HEIGHT="47" WIDTH="140" VPOS="3895" HPOS="741"/>
<SP HEIGHT="47" WIDTH="25" VPOS="3895" HPOS="882"/>
<String CONTENT="20" HEIGHT="40" WIDTH="59" VPOS="3895" HPOS="908"/>
<SP HEIGHT="41" WIDTH="22" VPOS="3895" HPOS="968"/>
<String CONTENT="numb," HEIGHT="41" WIDTH="161" VPOS="3896" HPOS="991"/>
<SP HEIGHT="39" WIDTH="24" VPOS="3906" HPOS="1153"/>
<String CONTENT="plates." HEIGHT="48" WIDTH="172" VPOS="3897" HPOS="1178"/>
<SP HEIGHT="41" WIDTH="53" VPOS="3896" HPOS="1351"/>
<String CS="1" CONTENT="26&#189;" HEIGHT="41" WIDTH="59" VPOS="3896" HPOS="1405"/>
<String STYLE="superscript" CS="1" CONTENT="&#7580;&#7504;."/>
</TextLine>
<TextLine HEIGHT="59" WIDTH="1984" VPOS="3956" HPOS="339" STYLEREFS="StyleId-A6D12B87-F792-4DC1-9776-68BADEFB6232-">
<String CONTENT="&#169;" HEIGHT="52" WIDTH="51" VPOS="3957" HPOS="339"/>
<SP HEIGHT="52" WIDTH="31" VPOS="3957" HPOS="391"/>
<String CONTENT="Feb." HEIGHT="40" WIDTH="108" VPOS="3963" HPOS="423"/>
<SP HEIGHT="37" WIDTH="31" VPOS="3964" HPOS="532"/>
<String CONTENT="26," HEIGHT="49" WIDTH="69" VPOS="3963" HPOS="564"/>
<SP HEIGHT="56" WIDTH="31" VPOS="3956" HPOS="634"/>
<String CONTENT="1932;" HEIGHT="56" WIDTH="138" VPOS="3956" HPOS="666"/>
<SP HEIGHT="47" WIDTH="31" VPOS="3965" HPOS="805"/>
<String CONTENT="2c." HEIGHT="40" WIDTH="66" VPOS="3965" HPOS="837"/>
<SP HEIGHT="39" WIDTH="31" VPOS="3966" HPOS="904"/>
<String CONTENT="Mar." HEIGHT="38" WIDTH="120" VPOS="3966" HPOS="936"/>
<SP HEIGHT="38" WIDTH="31" VPOS="3966" HPOS="1057"/>
<String CONTENT="17;" HEIGHT="47" WIDTH="82" VPOS="3966" HPOS="1089"/>
<SP HEIGHT="37" WIDTH="32" VPOS="3976" HPOS="1172"/>
<String CONTENT="aff." HEIGHT="43" WIDTH="81" VPOS="3964" HPOS="1205"/>
<SP HEIGHT="40" WIDTH="31" VPOS="3967" HPOS="1287"/>
<String CONTENT="Mar." HEIGHT="40" WIDTH="122" VPOS="3967" HPOS="1319"/>
<SP HEIGHT="41" WIDTH="30" VPOS="3966" HPOS="1442"/>
<String CONTENT="15;" HEIGHT="48" WIDTH="81" VPOS="3966" HPOS="1473"/>
<SP HEIGHT="48" WIDTH="33" VPOS="3966" HPOS="1555"/>
<!-- cceid 1118D670-6D7D-1014-B4A5-D7A31D17AB40 --><String CONTENT="A" HEIGHT="40" WIDTH="42" VPOS="3966" HPOS="1589"/>
<SP HEIGHT="41" WIDTH="28" VPOS="3966" HPOS="1632"/>
<String CONTENT="50180;" HEIGHT="49" WIDTH="170" VPOS="3966" HPOS="1661"/>
<SP HEIGHT="48" WIDTH="31" VPOS="3967" HPOS="1832"/>
<String CONTENT="Yale" HEIGHT="42" WIDTH="119" VPOS="3965" HPOS="1864"/>
<SP HEIGHT="30" WIDTH="29" VPOS="3977" HPOS="1984"/>
<String CONTENT="univ." HEIGHT="42" WIDTH="128" VPOS="3965" HPOS="2014"/>
<SP HEIGHT="39" WIDTH="30" VPOS="3975" HPOS="2143"/>
<String CONTENT="press." HEIGHT="42" WIDTH="149" VPOS="3972" HPOS="2174"/>
</TextLine>
</TextBlock>
</PrintSpace>
</Page>
</Layout>
</alto>