2563 4368
1342 3963 102 52 154

410 394 280 64 Lindsay,
723 392 243 56 Martin.

482 469 327 55 Greenland:
869 488 32 35 a
928 469 137 53 visit
1092 474 59 48 to
1179 470 97 53 the
1302 469 365 69 neighbours.

490 544 82 48 (In
601 539 220 45 Cornhill
851 539 276 52 magazine,
1157 540 126 51 Jan.,
1315 541 144 49 1932)

415 608 1989 56 © 1c. Feb. 23, 1932; A ad int. 16081; pubd. Dec. 26, 1931; M. Lindsay,
484 669 262 50 Shanghai,
781 668 169 41 China.

403 772 241 64 Loeper,
672 770 280 66 Maurice,
985 771 170 55 1875-

476 847 1868 70 Le soufre en biologie et en thérapeutique, par M. Loeper …
406 925 2000 69 & L. Bory … avec 4 figures dans le texte. Paris, G. Doin &
406 1005 266 66 c ⁱᵉ , 1932.
476 1076 1116 49 3 p. l., ii, 341 p. illus., pl., diagrs. 24 ᶜᵐ .
477 1132 263 41 Published
767 1131 129 42 1931.

477 1187 415 50 Bibliographical
921 1187 277 42 foot-notes.

413 1256 1907 52 © Sept. 16, 1931; 1c. Dec. 28; A—Foreign 15078; Gaston Doin & cie.
491 1316 250 50 (32-4500)

403 1420 336 54 Louisiana.
812 1422 186 63 Laws,
1024 1426 257 59 statutes,
1309 1427 101 48 etc.

478 1494 153 57 Civil
661 1497 136 53 code
825 1496 64 53 of
917 1496 96 52 the
1040 1502 145 47 state
1214 1496 64 52 of
1304 1492 328 72 Louisiana,
1660 1496 247 54 revision
1936 1498 65 51 of
2032 1499 152 66 1870,
2212 1498 188 54 edited

408 1573 1992 70 and annotated by Benjamin Wall Dart … assisted by the
407 1652 338 68 publishers’
785 1650 266 54 editorial
1093 1651 149 53 staff.
1335 1651 418 68 Indianapolis,
1794 1652 121 53 The
1959 1652 441 54 Bobbs-Merrill

405 1748 282 50 company
758 1733 151 64 [ᶜ1932]

474 1803 120 49 xxii,
624 1802 115 40 1492
769 1812 42 38 p.
874 1801 146 41 26½ᶜᵐ.

478 1859 289 49 “Perpetual
807 1857 210 41 revision
1056 1856 215 50 binder”,
1310 1857 81 41 for
1429 1858 394 48 supplementary
1863 1856 241 50 material,
2145 1869 60 30 on
2245 1860 155 41 inside

405 1917 54 40 of
484 1918 124 40 back
634 1926 155 31 cover.

413 1985 52 52 ©
495 1991 110 38 Jan.
633 1987 70 49 30,
733 1986 140 48 1932;
903 1986 68 41 2c.
1001 1987 95 39 and
1127 1985 80 40 aff.
1240 1985 109 40 Feb.
1379 1984 83 49 10;
1494 1985 42 39 A
1564 1985 172 47 47536;
1769 1985 368 42 Bobbs-Merrill
2168 1998 66 30 co.

489 2045 250 49 (32-4001)

402 2148 279 65 McNeile,
708 2149 264 52 Herman
1000 2146 179 64 Cyril,
1207 2151 170 50 1888-

537 2223 1860 69 … Bulldog Drummond returns … Garden City, N. Y..
406 2302 142 55 Pub.
590 2300 94 54 for
722 2301 96 53 the
857 2300 190 57 Crime
1085 2300 144 67 club,
1266 2299 126 69 inc.,
1428 2301 75 67 by
1540 2300 356 68 Doubleday,
1933 2302 198 51 Doran
2167 2305 46 49 &
404 2320 1967 128 company,
599 2379 108 54 inc.
780 2381 152 65 [ᶜ1932]

472 2450 558 50 3 p. l., 312 p. 19 ½ᶜᵐ .
476 2508 163 42 “First
666 2507 227 43 edition.”

411 2577 50 51 ©
491 2582 108 39 Jan.
627 2580 69 49 18,
723 2579 141 47 1932;
894 2579 67 39 2c.
989 2578 96 39 and
1112 2576 83 40 aff.
1224 2577 110 41 Feb.
1363 2577 55 39 15;
1474 2576 41 39 A
1540 2576 172 47 47635;
1743 2577 60 40 H.
1835 2576 48 42 C.
1914 2575 227 51 McNeile,
2171 2575 225 49 Territet,

480 2637 331 40 Switzerland.
883 2633 249 51 (32-4110)

401 2740 351 65 Massinger,
779 2738 213 65 Philip,
1022 2741 325 52 1583-1640.

474 2817 122 52 The
644 2817 318 52 bondman:
1012 2814 96 52 An
1159 2814 220 52 antient
1429 2814 189 67 storie,
1668 2814 76 68 by
1794 2813 200 68 Philip
2045 2814 348 68 Massinger;

408 2896 188 52 edited
637 2893 151 54 from
827 2894 96 53 the
960 2893 125 52 first
1122 2898 203 63 quarto
1364 2892 140 52 with
1545 2892 389 53 introduction
1974 2892 113 53 and
2126 2897 160 48 notes
2325 2892 71 68 by

405 2970 1969 150 Benjamin Townley Spencer … Princeton, Princeton university
547 3070 156 49 press
734 3051 93 52 for
854 3051 97 52 the
977 3049 337 67 University
1341 3049 65 52 of
1437 3048 347 69 Cincinnati,
1816 3052 149 50 1932.

505 3123 841 50 v p., 1 l., 266 p. facsim., 23½ᶜᵐ.
474 3182 133 40 With
637 3181 241 40 facsimile
907 3181 51 40 of
987 3179 207 49 original
1225 3182 32 37 t.
1261 3190 76 37 -p.,
1367 3179 212 48 London,
1610 3180 127 41 1624.

476 3238 277 40 Half-title:
786 3236 261 41 Published
1077 3236 118 40 with
1226 3236 81 40 the
1337 3236 80 40 aid
1448 3236 52 40 of
1528 3237 81 40 the
1640 3236 202 41 Charles
1872 3236 175 47 Phelps
2077 3235 118 41 Taft
407 3244 1970 91 memorial

525 3294 123 40 fund
676 3294 96 39 and
800 3294 81 40 the
910 3293 248 40 Graduate
1187 3292 174 40 school.

476 3350 375 47 Bibliography:
880 3360 42 37 p.
952 3348 216 41 262-266.

408 3403 1984 52 © Feb. 1, 1932; 2c. Feb. 2; aff. Feb. 18; A 48253; Princeton university
475 3474 148 37 press.
687 3458 69 54 [©
786 3465 151 46 notes]
1009 3461 251 49 (32-4026)

396 3565 263 63 Mazyck,
691 3565 224 54 Walter
944 3565 73 53 H.

472 3640 220 68 George
731 3640 382 67 Washington
1154 3640 111 52 and
1303 3640 97 51 the
1435 3657 193 50 negro,
1665 3640 75 67 by
1776 3639 222 55 Walter
2033 3640 75 51 H.
2148 3639 241 67 Mazyck

463 3711 1921 72 … Washington, D. C., The associated publishers, inc. [ᶜ1932]
472 3788 661 51 vii p., 1 l., 180 p. 19½ᶜᵐ.
408 3844 51 51 ©
487 3849 107 38 Jan.
621 3847 70 45 25,
717 3846 140 46 1932;
885 3846 66 39 2c.
980 3845 110 41 Feb.
1117 3846 52 46 1;
1199 3844 81 41 aff.
1307 3845 112 41 Feb.
1443 3845 53 46 3;
1526 3844 41 39 A
1591 3843 171 48 47409;
1791 3843 283 40 Associated
2100 3842 288 49 publishers,

475 3904 91 41 inc.
637 3903 247 49 (32-4101)
