2563 4368
1085 4054 133 51 1329

153 432 294 66 Ajalbert,
476 433 166 64 Jean,
675 436 172 51 1863-

282 507 1152 71 … Auvergne. Paris, A. Michel [1932]
223 581 594 51 5 p. l. , [13]-319 p. 19 ᶜᵐ.
226 635 1916 50 “Sous ce titre … l’auteur a refondu ses ouvrages L’Auvergne, les
154 694 205 42 Veillées
388 695 314 47 d’Auvergne,
729 695 75 40 Au
832 705 129 30 cœur
987 695 57 40 de
1073 693 287 49 l’Auvergne
1388 695 48 39 et
1464 694 196 40 nombre
1691 692 259 42 d’études.”

156 748 1764 52 © May 25, 1932; 1c. July 23; A— Foreign 17572; Albin Michel.
233 809 278 48 (32-23596)

152 912 305 53 Alabama.
531 913 277 66 Supreme
839 917 174 47 court.

152 986 1964 135 Report of cases argued and determined … during the October
273 1074 161 61 term,
461 1070 323 49 1931-1932.
860 1069 90 66 By
975 1068 179 52 Noble
1180 1068 74 51 H.
1286 1066 163 68 Seay,
1475 1071 257 63 reporter
1758 1066 63 52 of
1847 1065 292 54 decisions.

192 1188 10 10 v.
231 1149 114 49 224.
425 1145 81 55 St.
535 1147 164 66 Paul,
726 1147 159 53 West
910 1145 335 69 publishing
1273 1166 96 48 co.,
1400 1148 148 50 1932.

220 1219 401 49 xiii, 770 p. 26 ᶜᵐ.
157 1272 51 52 ©
240 1277 120 47 Aug.
392 1276 69 47 29,
495 1275 139 48 1932;
669 1277 65 39 2c.
769 1278 95 38 and
898 1276 80 39 aff.
1014 1275 101 40 Oct.
1147 1276 53 41 3;
1236 1276 39 38 A
1310 1276 168 46 55435;
1515 1276 53 39 B.
1604 1276 62 38 M.
1701 1275 174 46 Miller,
1911 1283 233 39 governor

224 1332 53 41 of
304 1334 249 48 Alabama,
584 1333 80 39 for
693 1343 86 30 use
806 1332 51 41 of
887 1332 107 40 said
1024 1335 142 43 state,
1199 1333 345 46 Montgomery,
1575 1331 105 41 Ala.
1935 1329 118 42 8618

153 1424 248 65 Alberti,
438 1426 185 63 Egon,
662 1430 171 49 1886-

223 1501 328 53 Braunsche
587 1502 682 53 kathodenstrahlröhren
1305 1504 117 51 und
1458 1502 125 52 ihre
1619 1502 376 67 anwendung,
2032 1520 112 34 von

154 1578 1987 69 dr. phil. E. Alberti … mit 158 textabbildungen. Berlin, J.
154 1657 295 69 Springer,
480 1662 150 51 1932.

223 1730 775 49 vii, 214 p. illus., diagrs. 24 ᶜᵐ.
225 1786 607 42 “Literaturverzeichnis”:
895 1798 42 37 p.
966 1786 247 51 [195]-207.

157 1842 1800 53 © May 17, 1932; 1c. July 22; A—Foreign 17436; Julius Springer.
233 1902 279 50 (32-23759)

154 1993 314 54 American
498 1993 212 65 digest.

224 2070 246 54 Current
509 2070 187 68 digest
746 2070 333 69 (American
1119 2070 186 68 digest
1345 2069 235 69 system)
1664 2086 51 35 v.
1759 2073 47 49 8.
1880 2070 262 68 January

156 2151 45 64 1,
235 2151 151 64 1932,
416 2153 58 48 to
503 2150 140 67 May
672 2152 83 64 31,
786 2152 150 51 1932.
1010 2150 56 51 A
1095 2149 186 68 digest
1311 2147 64 53 of
1407 2150 78 50 all
1515 2154 228 47 current
1772 2148 276 53 decisions
2080 2148 62 54 of

155 2227 94 51 the
297 2225 307 54 American
653 2232 187 48 courts
889 2245 60 33 as
999 2226 265 67 reported
1313 2226 60 51 in
1421 2226 95 51 the
1566 2226 273 53 National
1888 2232 256 62 reporter

156 2309 208 62 system
400 2305 111 51 and
546 2305 96 52 the
676 2309 145 48 state
856 2309 239 63 reports,
1130 2303 337 70 continuing
1500 2305 96 51 the
1630 2305 185 52 Third
1851 2305 292 53 decennial

155 2381 200 69 digest.
430 2382 292 68 Prepared
773 2383 111 51 and
934 2382 190 53 edited
1171 2383 75 68 by
1292 2384 97 51 the
1437 2383 265 53 editorial
1750 2381 135 55 staff
1934 2384 63 52 of
2047 2384 95 52 the

154 2459 306 53 American
489 2459 185 65 digest
703 2465 224 59 system.
1006 2460 80 55 St.
1118 2462 164 53 Paul.
1310 2463 160 54 West
1499 2461 336 63 publishing
1863 2480 96 44 co.,
1993 2466 149 49 1932.

225 2533 410 49 vii, 1935 p. 26 ᶜᵐ.
162 2586 51 52 ©
240 2591 114 48 July
380 2590 70 49 25,
477 2590 113 41 1932;
647 2591 67 40 2c.
742 2591 96 39 and
865 2590 81 40 aff.
976 2589 102 41 Oct.
1106 2591 25 40 3;
1189 2591 42 38 A
1258 2591 143 40 55436;
1458 2592 135 40 West
1620 2592 108 48 pub.
1758 2602 67 30 co.

157 2678 315 56 American
506 2680 219 53 federal
761 2687 100 47 tax
892 2686 249 63 reports;
1181 2700 31 34 a
1246 2681 334 52 convenient
1614 2681 297 55 collection
1945 2682 64 53 of
228 2700 1893 126 unabridged

537 2765 160 47 court
731 2758 275 54 decisions
1041 2759 153 52 from
1228 2778 168 50 every
1428 2760 307 52 American
1767 2765 378 49 court—state

229 2837 112 53 and
372 2836 419 54 federal—that
821 2838 102 53 has
954 2838 115 52 had
1100 2837 195 53 before
1325 2839 46 51 it
1401 2838 284 68 problems
1718 2838 218 70 arising
1965 2839 181 53 under

227 2914 1919 72 the federal tax laws. v. 10 … New York, Prentice-Hall,
227 2993 125 68 inc.,
386 2997 149 50 1932.

261 3099 9 16 v,
299 3068 116 40 1746
442 3079 43 36 p.
541 3067 55 40 25½ᶜᵐ.

163 3121 51 52 ©
243 3126 115 47 July
383 3124 70 47 28,
481 3123 112 41 1932;
649 3124 65 40 2c.
744 3125 95 39 and
866 3124 70 40 aff
977 3124 101 40 Oct.
1106 3125 25 39 3;
1188 3124 40 38 A
1258 3124 142 42 55438;
1463 3126 129 39 West
1620 3126 108 47 pub.
1758 3135 66 30 co.

158 3215 316 54 American
501 3216 111 51 law
642 3214 293 54 institute.

229 3293 389 51 Restatement
655 3291 63 52 of
755 3292 95 52 the
888 3294 110 50 law
1038 3292 62 52 of
1140 3297 299 61 contracts,
1477 3311 59 34 as
1576 3292 248 68 adopted
1863 3294 113 52 and
159 3313 1960 126 promulgated

479 3371 74 66 by
580 3370 94 52 the
700 3369 306 53 American
1032 3372 110 50 law
1167 3369 261 53 institute
1455 3376 58 47 at
1537 3371 402 69 Washington,
1966 3375 73 51 D.
2067 3373 78 67 C.,

159 3450 138 66 May
339 3453 47 63 6,
429 3450 149 50 1932.
652 3465 52 33 v.
747 3451 48 47 2.
873 3447 82 55 St.
998 3450 163 65 Paul,
1203 3449 307 52 American
1551 3450 110 52 law
1702 3449 262 55 institute
162 3453 1959 142 publishers,
410 3529 151 52 1932.

230 3598 577 52 xxxi, 583-1206 p. 23½ ᶜᵐ.
166 3658 52 51 ©
248 3661 115 46 July
391 3658 70 49 28,
490 3656 114 41 1932;
662 3655 67 40 2c.
758 3655 96 39 and
883 3653 81 41 aff.
995 3654 102 42 Oct.
1127 3656 25 39 3;
1212 3655 41 40 A
1283 3655 143 42 55439;
1486 3657 145 41 Amer.
1674 3659 96 39 law
1799 3658 238 43 institute.

167 3747 292 68 [Ardenne
486 3745 70 53 de
581 3742 190 65 Tizac,
798 3741 147 54 Jean
970 3743 187 53 Henri
1184 3743 54 53 d’]
1293 3743 170 55 1877-

294 3808 1850 83 … Mais elle dort. Paris, Éditions de la Madeleine [ ᶜ1 932]
302 3892 394 51 xv, 187 p. 19 ½ m .
229 3950 229 42 Author’s
482 3950 179 48 pseud.,
687 3948 124 41 Jean
835 3945 185 52 Viollis,
1045 3946 52 41 at
1120 3947 125 41 head
1269 3946 53 41 of
1346 3946 122 43 title.
