2563 4368
1088 4033 131 54 1175

131 429 279 65 Winkler,
439 427 310 65 Willibald,
779 426 82 53 ed.

200 505 327 53 Handbuch
562 506 100 51 der
696 501 500 55 milchwirtschaft;
1265 499 61 52 in
1359 498 361 68 Verbindung
1755 497 106 52 mit
1894 497 223 54 Walter

133 575 1984 73 Grimmer … und Hermann Weigmann … hrsg. von Willibald
130 654 1966 151 Winkler. 1. bd. 1. t. Die milch Zusammensetzung, eigenschaften,
474 736 1584 69 veränderungen, untersuchung, bearb. von J. Bauer …
135 814 1427 70 B. Bleyer … [u. a.] Wien, J. Springer, 1930.
242 888 994 51 x, 413, [1] p. illus., diagrs. 25 ᶜᵐ .
139 954 1823 56 © Apr. 26, 1930; 1c. Sept. 17; A— Foreign 12357; Julius Springer.
135 1081 362 63 Woodward,
529 1079 245 63 Eugene
801 1077 55 53 A
1140 1093 179 51 comp.

205 1157 175 54 What
407 1156 170 53 noted
603 1174 129 34 men
756 1155 145 53 have
926 1154 124 54 said
1076 1154 173 53 about
1273 1154 97 53 the
1396 1153 167 53 Bible
1589 1152 112 53 and
1730 1150 401 67 Christianity,

135 1228 1997 73 compiled by E. A. Woodward … cover design by S. Robert
137 1312 361 55 Woodward.
562 1311 251 67 Dayton,
842 1309 88 64 O.,
958 1310 55 54 J.
1043 1310 55 54 J.
1130 1307 238 69 Scruby,
1399 1309 150 52 1932.

204 1382 676 52 3 p. l. , [9]-59, [3] p. 19ᶜᵐ.
145 1451 52 52 ©
227 1456 116 46 July
369 1455 70 43 23,
468 1453 141 47 1932;
639 1454 67 40 2c.
736 1455 95 38 and
861 1452 80 40 aff.
973 1452 115 48 July
1116 1451 82 48 28;
1231 1452 41 39 A
1301 1451 171 46 54261;
1503 1452 54 39 E.
1587 1450 55 41 A.
1671 1448 304 48 Woodward,
213 1448 1901 111 Dayton,
339 1511 51 40 O.
462 1509 278 50 (32-19934)

139 1616 271 62 Worden,
444 1615 251 52 Edward
729 1613 333 63 Chauncey.

213 1692 288 54 Chemical
527 1696 227 63 patents
777 1690 172 52 index;
1006 1708 29 33 a
1062 1687 459 70 comprehensive
1547 1688 112 52 and
1687 1687 248 53 detailed
1959 1687 172 52 index

143 1771 63 51 of
245 1771 96 52 the
378 1770 218 67 subject
636 1774 209 46 matter
886 1768 64 53 of
989 1766 386 69 specification
1417 1768 112 51 and
1570 1766 197 55 claims
1808 1767 63 52 of
1913 1765 217 56 United

146 1846 188 56 States
368 1853 227 62 patents
629 1848 112 51 and
775 1852 200 63 patent
1008 1845 236 53 reissues
1280 1846 243 68 granted
1560 1844 211 69 during
1805 1846 97 51 the
141 1845 1967 134 decennial

301 1926 199 68 period
545 1928 310 49 1915-1924
893 1924 293 68 inclusive,
1227 1927 268 66 covering
1534 1924 96 52 the
1671 1924 179 53 entire
1893 1922 132 54 field
2068 1924 63 51 of

144 2001 1928 70 chemical technology … by Edward Chauncey Worden, first …
145 2100 49 33 V.
224 2085 47 49 2.
312 2082 184 52 Index
522 2088 58 46 to
608 2081 246 69 subjects
883 2084 64 65 C,
973 2084 54 51 D
1057 2083 113 51 and
1197 2084 68 50 E.
1339 2082 138 54 New
1506 2082 180 67 York,
1715 2081 162 54 Book
144 2083 1965 143 department,

344 2161 122 52 The
491 2159 290 57 Chemical
810 2161 224 67 catalog
1061 2179 297 49 company,
1387 2161 124 64 inc.,
1543 2164 148 49 1932.

218 2232 115 41 1190
357 2244 43 37 p.
455 2233 117 39 25ᶜᵐ.

152 2300 52 52 ©
229 2306 119 46 Aug.
371 2305 69 44 31,
464 2301 112 42 1932;
631 2303 67 41 2c.
723 2305 95 38 and
843 2303 82 41 aff.
954 2304 127 47 Sept.
1106 2303 25 39 2;
1186 2304 42 38 A
1253 2302 144 42 53908;
1452 2303 244 41 Chemical
1723 2303 191 48 catalog
1940 2313 81 36 co.,
2047 2303 90 40 inc.

147 2462 197 54 World
382 2463 344 53 conference
764 2463 96 52 for
897 2463 423 53 international
1357 2479 175 48 peace
1569 2463 262 65 through
1868 2462 267 65 religion.

222 2541 378 53 Commission
655 2583 10 10 I.

218 2618 122 52 The
381 2635 189 35 causes
612 2618 64 52 of
718 2637 144 48 war;
909 2618 299 68 economic,
1249 2619 325 68 industrial,
1616 2617 195 70 racial,
1853 2617 287 69 religious,

148 2692 290 70 scientific,
476 2695 111 52 and
626 2695 275 69 political,
936 2696 76 68 by
1051 2696 95 54 Sir
1184 2696 224 53 Arthur
1447 2696 205 68 Salter,
1692 2696 96 56 Sir
1824 2697 56 54 J.
1917 2697 225 52 Arthur

151 2771 1992 72 Thomson, G. A. Johnston … and others, as rapporteurs of the
151 2850 227 53 various
407 2851 239 52 sections
675 2850 64 52 of
769 2850 377 54 Commission
1202 2895 9 9 I.
1242 2852 64 52 of
1332 2853 97 52 the
1455 2853 204 53 World
1689 2852 331 54 conference
2050 2853 93 52 for

152 2925 407 56 international
613 2946 167 50 peace
833 2930 252 68 through
1139 2930 378 68 religion—as
1570 2931 309 54 submitted
1935 2938 58 46 to
2048 2933 95 51 the

154 3007 310 52 Executive
507 3006 319 53 committee
870 3007 93 52 for
1006 3007 387 67 presentation
1437 3015 58 47 to
1538 3009 96 52 the
1676 3007 204 55 World

154 3009 1990 144 conference; with introduction by Ruth Cranston … edited by
154 3161 1990 71 Arthur Porritt … New York, The Macmillan company, 1932.
226 3234 120 40 xxix
371 3246 58 37 p.,
457 3236 25 38 1
545 3266 9 16 l.,
582 3234 85 41 235
693 3245 43 37 p.
794 3233 147 41 20½ᶜᵐ.

164 3301 1708 54 © Aug. 9, 1932; 2c. and aff. Aug. 10; A 53587; Macmillan co.
241 3361 278 48 (32-21911)

156 3463 263 64 Worrell,
450 3463 171 54 Anne
650 3464 231 66 Lowry,
912 3481 179 51 comp.

228 3538 55 52 A
321 3538 152 53 brief
512 3538 64 55 of
614 3540 147 52 wills
803 3541 113 51 and
955 3540 312 69 marriages
1307 3542 61 53 in
1407 3542 402 69 Montgomery
1853 3543 113 53 and
2009 3542 136 53 Fin-

160 3615 170 53 castle
358 3616 267 67 counties,
655 3616 287 68 Virginia,
971 3616 326 70 1773-1831,
1325 3620 281 67 compiled
1635 3621 76 67 by
1742 3619 167 54 Anne
1939 3620 209 70 Lowry

159 3691 1989 75 Worrell … [Christiansburg, Va., Printed by the Montgomery
164 3769 1059 69 messenger publishing corp., ᶜ193 2]
232 3839 56 41 56
313 3851 43 37 p.
415 3841 146 41 26½ᶜᵐ.

170 3907 52 52 ©
263 3913 115 47 May
415 3914 40 45 3,
496 3912 140 47 1932;
678 3914 67 39 2c.
787 3914 112 47 May
940 3915 52 46 7;
1035 3914 80 40 aff.
1157 3916 127 40 June
1323 3917 83 46 14;
1449 3917 41 40 A
1529 3918 169 46 51737;
1742 3918 54 41 A.
1837 3918 51 40 L.
1929 3918 221 48 Worrell,

238 3967 240 48 Roanoke,
508 3969 85 40 Va.
663 3968 278 49 (32-19941)
