2563 4368
1136 4074 131 50 1263

202 464 196 52 North
442 468 237 47 western
723 461 202 69 digest,
967 459 266 68 covering
1277 459 77 51 all
1397 476 148 34 cases
1589 457 266 68 reported
1900 456 59 52 in
2003 455 187 54 North

273 546 237 47 western
540 544 256 64 reporter
827 539 112 52 and
972 539 75 51 all
1078 538 63 51 of
1169 538 96 51 the
1294 536 172 53 north
1497 540 238 48 western
1765 540 173 47 states
1969 539 221 63 reports

272 613 1894 135 from the earliest times … Compiled and edited by the publisher’s
526 695 266 53 editorial
824 691 149 55 staff,
1050 710 50 36 v.
1139 698 47 61 5,
1221 697 46 47 6.
1345 692 81 54 St.
1464 694 165 65 Paul,
1663 694 160 52 West
1856 690 336 69 publishing

273 777 311 64 co. [ ᶜ1 932 ]
275 848 25 40 2
363 880 8 7 v.
428 848 116 39 26ᶜᵐ.

543 913 114 29 CONTENTS.—v.
692 901 40 40 5.
765 900 709 49 Appearance-Bailment.—v.
1510 898 40 42 6.
1585 899 526 47 Bankruptcy-Bonds.

211 970 51 51 ©
291 974 127 39 June
443 974 69 41 21,
542 972 139 46 1932;
712 972 66 40 2c.
807 982 83 29 each
953 972 115 47 July
1097 971 81 46 11;
1210 970 106 40 affs.
1347 970 116 48 July
1492 968 81 48 12;
1606 970 40 38 A
1673 968 157 48 54022,
1861 968 169 46 54023;
2063 969 135 40 West

278 1031 107 46 pub.
416 1041 66 28 co.

202 1135 235 61 Proust,
470 1133 236 62 Marcel,
741 1133 323 53 1871-1922.

277 1211 121 51 The
452 1215 130 62 past
637 1208 355 68 recaptured,
1047 1207 75 66 by
1177 1207 214 52 Marcel
1448 1208 238 66 Proust;
1746 1206 315 52 translated
2119 1206 73 68 by

207 1288 309 53 Frederick
541 1288 71 51 A.
645 1288 275 65 Blossom,
949 1304 99 35 ph.
1078 1305 49 33 d.
1194 1286 138 52 New
1364 1285 180 65 York,
1573 1285 71 52 A.
1676 1287 45 50 &
1754 1285 61 54 C.
1848 1284 167 67 Boni,
2049 1287 148 50 1932.

277 1359 1912 52 4 p. l., 402 p. 19½ᶜᵐ. (His Remembrance of things past. pt. 7 [i. e. 8])
213 1430 51 51 ©
291 1435 118 46 Aug.
437 1433 69 47 23,
534 1431 139 47 1932;
702 1431 67 41 2c.
800 1432 127 47 Sept.
955 1432 52 45 1;
1039 1430 81 40 aff.
1148 1429 119 48 Aug.
1294 1429 83 47 27;
1408 1430 40 38 A
1476 1428 169 48 53912;
1677 1430 168 39 Albert
1873 1430 95 39 and
1998 1429 201 41 Charles

280 1490 135 47 Boni,
447 1489 91 39 inc.
608 1488 278 48 (32-22285)

205 1592 281 62 Romano,
515 1591 229 64 Libero,
777 1596 169 49 1889-

339 1665 1862 72 … Aquila romana. New York, Tipografia Fratelli Coccè,
207 1751 148 49 1932.

277 1821 873 49 98 p., 3 l. front. (port.) 18½ᶜᵐ.
276 1878 182 41 Poems.

214 1945 51 52 ©
298 1950 118 46 Aug.
451 1950 68 46 18,
553 1948 112 41 1932;
727 1948 65 41 2c.
827 1949 120 47 Aug.
981 1947 81 48 19;
1098 1947 82 41 aff.
1213 1948 119 47 Aug.
1366 1948 82 46 25;
1485 1948 40 38 A
1558 1947 142 40 54503;
1765 1946 169 40 Libero
1970 1947 231 47 Romano,

281 2007 116 38 New
424 2007 143 38 York.
638 2005 278 48 (32-22268)

207 2107 298 66 Rowland,
535 2107 335 65 Benjamin,
905 2113 171 49 1904-

277 2186 207 52 Jaume
506 2187 266 65 Huguet;
801 2204 31 32 a
853 2185 173 67 study
1050 2185 62 53 of
1135 2186 113 49 late
1271 2184 209 55 Gothic
1504 2184 268 68 painting
1795 2185 59 50 in
1879 2185 319 65 Catalonia,

207 2262 74 66 by
318 2263 306 67 Benjamin
660 2263 298 67 Rowland,
993 2263 71 67 jr.
1141 2262 363 69 Cambridge,
1537 2263 191 66 Mass.,
1763 2262 274 53 Harvard
209 2263 1965 146 university

453 2360 174 49 press,
661 2344 150 51 1932.

280 2414 1270 50 xviii, [1], 235, [1] p., 1 l. front., plates. 22½ᶜᵐ.
280 2471 347 48 Bibliography:
686 2483 42 36 p.
764 2471 264 50 [221]—[227]

215 2538 51 52 ©
303 2543 126 40 June
463 2542 68 47 14,
568 2540 139 48 1932;
745 2541 67 41 2c.
849 2542 125 39 June
1009 2542 81 46 18;
1130 2541 81 41 aff.
1248 2542 128 40 June
1410 2541 81 48 22;
1531 2542 41 38 A
1607 2541 169 48 52738;
1816 2541 257 42 President
2108 2545 94 38 and

283 2598 188 40 fellows
502 2599 51 38 of
583 2599 228 38 Harvard
843 2598 191 48 college,
1067 2598 300 47 Cambridge,
1401 2599 146 39 Mass.
1618 2597 280 51 (32-22221)

210 2701 210 65 Siegel,
455 2701 273 55 William.

282 2778 242 52 Around
557 2778 95 52 the
685 2778 180 52 world
898 2779 60 51 in
991 2797 31 33 a
1056 2779 137 51 mail
1226 2779 130 68 bag,
1387 2779 75 68 by
1495 2779 261 54 William
1791 2777 204 70 Siegel.
2066 2779 139 52 New

214 2855 179 68 York,
421 2857 67 51 R.
517 2857 79 51 M.
626 2856 275 53 McBride
929 2859 44 49 &
1003 2874 294 50 company,
1330 2861 148 49 1932.

288 2930 1279 49 [28] p., 1 l. col. front., illus. (part col.) 22½ᶜᵐ.
286 2987 287 40 Illustrated
600 2986 347 49 lining-papers
977 2989 94 38 and
1101 2990 97 45 t.-p.
1228 2987 48 40 in
1306 2989 142 40 color.

286 3044 130 39 “The
453 3043 209 48 original
700 3043 107 40 idea
847 3044 42 40 is
929 3044 249 39 borrowed
1216 3044 129 40 from
1385 3045 81 39 the
1506 3044 123 40 book
1672 3038 10 19 ‘Почта’
1913 3043 191 49 (Mail),
2143 3044 61 47 by

218 3100 43 40 S.
301 3100 247 46 Marshak,
588 3099 254 48 published
880 3099 61 48 by
982 3100 82 39 the
1104 3100 136 40 State
1279 3100 280 48 publishing
1596 3101 149 39 house
1784 3100 51 40 of
1875 3101 55 39 U.
1974 3100 44 40 S.
2062 3100 45 41 S.
2148 3100 54 40 R.

223 3155 264 50 (Russia)”

286 3212 224 40 Lettered
537 3221 59 31 on
622 3221 166 31 cover:
820 3212 142 48 Story
988 3212 36 40 &
1050 3211 212 49 pictures
1288 3212 62 47 by
1375 3212 215 41 William
1620 3212 168 49 Siegel.

287 3268 159 40 “First
479 3268 267 48 published,
779 3269 201 48 August,
1012 3268 157 41 1932.”

220 3320 51 52 ©
302 3325 120 48 Aug.
453 3325 68 47 17,
553 3324 139 47 1932;
725 3325 67 41 2c.
823 3328 94 38 and
950 3325 81 40 aff.
1063 3325 119 48 Aug.
1212 3325 82 46 25;
1329 3326 41 38 A
1401 3325 169 47 54509;
1605 3326 71 40 W.
1711 3325 168 48 Siegel,
1913 3326 116 39 New
2061 3325 143 39 York.

296 3380 277 48 (32-22568)

212 3482 187 54 South
427 3483 235 54 Dakota
690 3484 111 52 and
827 3484 188 54 North
1043 3488 238 48 western
1310 3482 202 70 digest,
1539 3483 268 69 covering
1835 3484 78 53 all
1939 3502 150 39 cases
281 3501 1894 125 reported
528 3560 59 51 in
636 3559 183 55 South
863 3560 229 53 Dakota
1138 3566 240 62 reports,
1424 3561 188 53 North
1660 3565 238 48 western
1945 3565 257 63 reporter

281 3637 113 53 and
422 3637 78 52 all
529 3637 65 53 of
621 3638 95 52 the
745 3638 172 52 north
945 3643 238 47 western
1213 3643 171 48 states
1415 3644 221 62 reports
1667 3637 153 53 from
1850 3639 97 53 the
1975 3638 227 53 earliest

280 3712 181 68 times,
494 3713 142 53 with
668 3720 228 47 current
929 3714 344 53 cumulative
1306 3714 202 68 pocket
1544 3714 228 68 service,
1805 3714 246 70 keeping
2084 3714 115 53 this

281 3790 1912 148 digest always to date. Compiled and edited by the publisher’s editorial staff, v. l. Descriptive-card index. St.
281 3945 1042 71 Paul, West publishing co. [ ᶜ1 932]
