2563 4368
1166 4177 132 49 1819

210 552 375 69 [Negligence
613 552 112 52 and
758 547 439 66 compensation
1228 562 165 38 cases
1422 544 342 66 annotated]

207 619 1963 156 Common sense index of volumes 29-31 N. C. C. A. … Chicago, Callaghan
743 707 110 50 and
883 721 296 50 company,
1211 705 148 48 1932.

277 778 580 51 cover-title, 306 p. 25 ᶜᵐ.
213 848 50 52 ©
297 851 109 40 Dec.
438 851 68 46 23,
540 850 138 40 1932;
713 848 65 40 2c.
813 848 94 39 and
939 846 81 41 aff.
1054 845 110 42 Dec,
1197 845 55 41 27;
1313 845 41 39 A
1387 843 169 49 58562;
1594 843 268 48 Callaghan
1897 842 35 40 &
1962 853 66 29 co.

207 970 237 64 Newell,
474 967 225 55 Bertha
727 967 78 55 M.

280 1044 126 57 Self
457 1042 304 55 corrective
814 1040 269 55 exercises
1136 1042 57 51 in
1248 1038 243 70 English
1545 1036 308 69 essentials,
1905 1036 297 69 including

209 1120 318 71 diagnostic
575 1123 153 65 tests,
775 1118 271 53 remedial
1092 1117 287 68 exercises,
1426 1116 163 57 drills
1637 1114 60 55 in
1744 1121 214 49 correct
2005 1114 198 69 forms,

210 1199 358 70 progression
600 1201 152 64 tests,
782 1198 111 52 and
923 1194 449 70 accompanying
1398 1194 135 69 keys
1563 1192 94 55 for
1688 1194 76 54 all
1792 1191 268 57 exercises
2091 1194 111 52 and

209 1269 1994 77 tests, by Bertha M. Newell … Minneapolis, Minn., The Lund
213 1353 827 71 press, incorporated [ ᶜ1 932]
281 1427 86 43 125
397 1439 43 38 p.
499 1427 56 41 23½ᶜᵐ

218 1496 50 53 ©
304 1501 126 46 Sept.
462 1500 67 40 17,
562 1497 112 40 1932;
734 1498 66 39 2c.
833 1500 95 37 and
959 1496 80 40 aff.
1072 1496 116 41 Nov.
1221 1495 54 40 15;
1336 1495 40 38 A
1408 1494 170 48 55955;
1614 1496 53 38 B.
1701 1496 61 38 M.
1796 1494 196 48 Newell,
285 1493 1905 112 Minneapolis.
525 1553 277 50 (32-34362)

215 1659 222 66 Ogden,
466 1659 220 53 Robert
715 1657 234 64 Morris,
983 1657 170 56 1877-

285 1729 1922 75 Psychology and education, by Robert Morris Ogden … New
216 1806 1991 75 ed., rev. in collaboration with Frank S. Freeman … New
219 1885 1405 73 York, Harcourt, Brace and company [ ᶜ1 932 ]
286 1961 97 48 xiv,
413 1960 86 41 350
529 1971 42 37 p.
631 1958 143 49 illus.,
804 1959 26 40 2
929 1990 8 17 pl.,
968 1955 178 51 diagrs.
1205 1958 117 41 22ᶜᵐ.

289 2016 306 43 “Additional
633 2015 253 49 readings”
907 2025 9 30 :
951 2025 43 38 p.
1027 2014 216 43 345-346.

223 2088 51 53 ©
304 2092 116 39 Nov.
451 2091 68 47 18,
549 2089 112 42 1932;
719 2091 67 38 2c.
816 2091 93 37 and
942 2088 69 39 aff
1053 2087 117 41 Nov.
1199 2087 55 39 23;
1315 2089 39 37 A
1382 2085 147 43 57206;
1586 2088 261 48 Harcourt,
1880 2088 154 40 Brace
2064 2089 36 40 &
2129 2097 81 39 co.,

293 2148 87 42 inc.
450 2146 280 50 (32-34384)

222 2243 1985 75 Our growing English … illustrated by Emmaline Buchholz.
291 2321 1615 77 Auburn, Ala., Prather publishing company [ ᶜ1 932 ]
294 2397 818 52 7 V. col. front., col. illus. 19½ ᶜᵐ.
294 2456 347 49 Bibliography
670 2458 50 38 at
749 2458 92 37 end
869 2456 54 39 of
948 2455 173 48 grades
1151 2455 253 40 two-four.

297 2515 181 38 Second
510 2514 148 45 grade
691 2511 58 46 by
784 2511 160 40 Willie
978 2511 54 40 A.
1067 2510 229 42 Metcalfe
1329 2511 354 48 collaborating
1717 2511 119 41 with
1870 2512 52 43 F.
1957 2513 71 40 W.
226 2512 1975 97 Buchholz
378 2571 97 37 and

520 2569 43 38 J.
612 2569 70 40 W.
728 2568 229 38 Norman.
973 2589 60 6 —
1048 2566 60 42 3d
1154 2569 151 44 grade
1348 2567 63 48 by
1456 2567 122 41 Bess
1624 2569 62 39 H.
1733 2568 152 41 Ward
1932 2571 96 38 and
2076 2571 141 47 Mary

228 2626 235 41 Gresham
508 2623 351 48 collaborating
903 2624 118 41 with
1070 2624 49 41 F.
1167 2625 70 40 W.
1286 2623 246 42 Buchholz
1579 2627 95 38 and
1722 2626 42 40 J.
1812 2625 71 42 W.
1930 2626 290 39 Norman.—

226 2682 82 40 4th
351 2683 148 45 grade
540 2681 60 48 by
644 2681 139 48 Mary
827 2680 232 41 Gresham
1105 2683 95 37 and
1244 2681 118 41 Bess
1406 2682 60 40 H.
1512 2682 147 40 Ward
1704 2681 351 51 collaborating
2099 2683 120 41 with

235 2740 43 37 F.
319 2740 69 39 W.
428 2738 245 40 Buehliolz
712 2739 94 38 and
846 2737 41 41 J.
928 2738 70 40 W.
1037 2737 339 42 Norman.—5th
1450 2739 150 46 grade
1637 2739 59 47 by
1737 2738 155 41 Roxie
1929 2740 161 39 Baker
229 2742 1971 99 collaborating

545 2794 116 40 with
707 2794 50 40 F.
801 2796 71 38 W.
915 2792 248 43 Buchholz
1205 2796 97 38 and
1345 2795 43 39 J.
1434 2796 69 39 W.
1548 2794 375 42 Norman.—6th
1967 2795 149 49 grade
2159 2797 61 46 by

230 2850 137 41 Blair
393 2852 239 38 Thomson
659 2849 353 51 collaborating
1037 2849 117 42 with
1185 2851 49 38 F.
1263 2851 71 41 W.
1363 2850 246 41 Buchholz
1638 2855 94 39 and
1762 2853 43 40 J.
1833 2852 72 43 W.
1932 2853 290 40 Norman.—

231 2910 45 38 7th
348 2910 150 44 grade
532 2908 61 47 by
632 2907 137 40 Blair
807 2907 241 41 Thomson
1086 2906 353 51 collaborating
1474 2906 121 43 with
1635 2910 51 39 F.
1727 2909 71 41 W.
1839 2909 246 41 Buchholz
2124 2910 96 40 and

230 2965 43 40 J.
312 2964 70 40 W.
420 2962 372 42 Norman.—8th
831 2965 149 46 grade
1018 2963 61 49 by
1117 2964 167 40 Adelia
1328 2965 42 38 J.
1410 2964 262 42 Blacklock
1711 2965 354 50 collaborating
2102 2965 120 42 with

232 3021 49 39 F.
312 3022 70 39 W.
413 3020 244 39 Buchholz
685 3022 95 39 and
809 3021 43 39 J.
881 3021 71 39 W.
981 3020 213 40 Norman.

234 3072 50 53 ©
316 3077 101 41 Oct.
447 3078 38 46 1,
515 3075 112 41 1932;
687 3077 64 40 2c.
783 3077 115 39 each
927 3079 95 37 and
1053 3075 107 43 affs.
1190 3077 118 40 Nov.
1338 3078 24 37 2;
1422 3078 40 39 A
1492 3077 322 42 56848-56854;
1872 3078 211 41 Prather
2111 3079 108 47 pub.

302 3142 64 31 co.
438 3132 13 48 (CA
537 3130 172 43 32-907
728 3132 234 50 Unrev’d)

230 3233 283 68 Parelius,
544 3234 246 55 Fredrik
819 3235 315 66 Arnoldus,
1165 3238 168 54 1879-

361 3309 1597 76 … Fata Morgana. Oslo, H. Aschehoug & co., 1932.
301 3384 86 41 320
422 3395 42 39 p.
523 3384 116 42 20ᶜᵐ.

301 3441 65 41 At
392 3442 125 39 head
544 3441 52 41 of
624 3441 108 42 title
749 3452 9 30 :
791 3442 206 41 Fredrik
1027 3443 236 43 Parelius.

302 3498 41 40 A
374 3498 153 40 novel.

240 3546 1902 68 © Oct. 24. 1932; 1c. Nov. 14; A—Foreign 18599; H. Aschehoug & co.
317 3611 278 49 (32-35619)

235 3711 259 68 Patrick,
525 3713 244 56 Luther.

310 3787 166 69 Hope
513 3789 146 67 ye’re
698 3790 161 53 livin’
898 3794 90 51 an’
1027 3794 151 53 doin’
1217 3797 144 65 well,
1400 3796 74 65 by
1513 3796 216 52 Luther
1768 3796 252 55 Patrick.
239 3797 1960 136 Birmingham,

577 3867 357 70 Ala. [ ᶜ1 932]
313 3937 303 50 80 p. 19 ᶜᵐ .
313 3994 183 41 Poems.

247 4045 50 53 ©
325 4050 116 41 Nov.
469 4052 38 46 1,
536 4051 112 41 1932;
705 4052 66 42 2c.
798 4056 96 37 and
922 4064 81 33 aff.
1032 4055 117 42 Nov.
1176 4057 82 46 21;
1289 4057 40 39 A
1358 4057 168 49 57344;
1557 4059 51 38 L.
1638 4060 211 49 Patrick,
1879 4060 349 49 Birmingham,

313 4107 103 38 Ala.
488 4106 279 53 (32-34505)
