2563 4368
1351 4066 102 50 896

401 518 260 69 showing
690 518 128 52 how
848 517 384 69 Washington
1263 535 115 35 was
1407 518 173 53 saved
1613 517 153 53 from
1799 521 233 65 capture
2063 518 75 69 by
2170 517 227 70 Early’s

402 615 164 50 army
607 595 64 53 of
711 595 262 54 invasion
1015 596 113 52 and
1169 596 127 51 how
1339 596 127 52 that
1508 594 385 55 achievement
1934 595 360 54 contributed
2337 601 59 48 to

401 675 96 52 the
522 673 391 69 preservation
940 672 63 54 of
1028 674 98 51 the
1148 673 214 68 Union,
1386 672 141 53 with
1552 691 174 51 many
1752 672 199 55 stories
1979 673 113 54 and
2117 673 280 54 incidents

402 749 1932 70 of the invasion hitherto untold. By Glenn H. Worthington …
408 829 352 68 [Baltimore,
795 828 167 52 Press
995 826 65 54 of
1095 828 130 67 Day
1260 825 264 71 printing
1558 844 298 51 company]
1901 830 151 51 1932.

475 898 1190 52 ix, 306 p. front., plates, ports., map. 23½ ᶜᵐ .
472 958 140 47 Maps
640 969 61 28 on
731 957 359 47 lining-papers.

475 1015 229 40 “Printed
740 1014 96 39 and
870 1012 251 48 published
1158 1013 155 39 under
1347 1013 82 40 the
1465 1011 222 42 sanction
1720 1013 52 40 of
1808 1012 81 42 the
1926 1013 260 41 Frederick
2221 1015 176 47 county

403 1071 253 41 historical
686 1070 182 47 society
895 1070 53 40 of
974 1069 274 45 Frederick,
1278 1067 302 49 Maryland.”

410 1126 52 52 ©
499 1131 114 46 May
650 1129 67 45 16,
755 1126 112 42 1932;
934 1128 68 41 2c.
1040 1128 95 39 and
1172 1126 80 40 aff.
1293 1127 113 47 May
1442 1127 57 40 26;
1565 1128 40 38 A
1642 1126 142 41 52199;
1854 1127 52 41 G.
1946 1128 60 40 H.
2044 1127 355 48 Worthington,

478 1186 272 47 Frederick,
787 1186 93 39 Md.
953 1183 278 49 (32-14426)

405 1289 289 67 Wyckoff,
725 1289 269 66 Capwell.

473 1369 121 51 The
627 1367 220 52 Mercer
880 1366 138 69 boys
1054 1366 141 52 with
1230 1365 96 53 the
1363 1365 87 53 air
1485 1366 208 69 cadets,
1727 1366 75 69 by
1839 1365 256 69 Capwell
2130 1365 268 69 Wyckoff

465 1443 1603 70 … New York, Chicago, A. L. Burt company [ ᶜ1 932]
471 1516 1302 50 254 p. front. 19½ ᶜᵐ . [His Mercer boys series]
410 1573 52 52 ©
491 1578 113 45 May
632 1576 67 48 10,
727 1574 113 41 1932;
897 1576 66 39 2c.
993 1577 95 38 and
1116 1574 81 42 aff.
1227 1576 113 47 May
1367 1575 54 39 11;
1479 1575 42 39 A
1547 1575 145 40 51246;
1747 1575 54 39 A.
1831 1578 51 39 L.
1911 1576 124 39 Burt
2063 1584 68 32 co.

488 1633 279 49 (32-12200)

404 1730 271 65 Wyman,
701 1730 144 53 Levi
871 1728 243 66 Parker,
1145 1729 171 55 1873-

474 1803 1924 70 Blind man’s inlet, by L. P. Wyman … New York, Chicago,
401 1883 870 67 A. L. Burt company [ ᶜ1 932]
475 1953 1749 51 255 p. front. 19½ ᶜᵐ . (Mystery and adventure series for boys)
411 2012 51 51 ©
490 2016 112 45 May
628 2014 69 46 10,
723 2013 112 40 1932;
890 2014 64 39 2c.
984 2014 95 39 and
1105 2012 81 41 aff.
1215 2014 114 46 May
1354 2013 53 38 11;
1463 2013 42 39 A
1530 2013 146 41 51238;
1729 2013 54 41 A.
1810 2013 51 40 L.
1889 2014 124 40 Burt
2040 2024 67 30 co.

488 2069 279 51 (32-12205)

404 2160 277 65 Yardley,
713 2158 258 56 Herbert
1002 2159 248 66 Osborn,
1287 2165 169 50 1889-

477 2236 1917 69 Yardleygrams, by Herbert O. Yardley … Indianapolis,
406 2314 1137 68 The Bobbs-Merrill company [ ᶜ1 932]
476 2386 364 49 190 p. 19½ ᶜᵐ .
478 2444 162 40 “First
670 2442 225 42 edition.”

412 2497 52 52 ©
497 2503 113 46 May
641 2502 67 46 13,
740 2500 113 41 1932;
915 2501 66 39 2c.
1015 2501 114 47 May
1159 2500 57 40 18;
1275 2499 81 42 aff.
1392 2501 113 47 May
1537 2500 57 40 16;
1654 2500 40 40 A
1725 2500 143 41 52055;
1930 2500 368 42 Bobbs-Merrill
2331 2512 67 30 co.

490 2558 278 47 (32-14213)

405 2645 224 67 Yonge,
659 2645 307 56 Charlotte
993 2647 190 64 Mary,
1216 2651 324 52 1823-1901.

475 2724 121 52 The
646 2722 150 54 little
847 2724 164 67 duke,
1062 2724 75 68 by
1189 2723 296 54 Charlotte
1534 2724 80 53 M.
1668 2726 229 66 Yonge;
1950 2723 324 54 illustrated
2323 2725 75 68 by

405 2800 222 69 George
666 2801 257 53 Lawson.
999 2801 219 68 Akron,
1260 2801 87 68 O.,
1387 2802 138 52 New
1568 2800 178 69 York,
1786 2802 121 53 The
1949 2801 271 56 Saalfield

404 2801 1970 145 publishing company [ ᶜ1 932]
475 2951 1671 50 3 p. l., 11-250 p. front., illus. 19 ᶜᵐ . [Every child’s library]
413 3005 51 51 ©
496 3008 126 40 June
651 3009 39 48 8,
721 3007 140 48 1932;
893 3008 65 40 2c.
998 3008 122 40 June
1149 3008 82 47 15;
1264 3008 82 42 aff.
1379 3009 126 41 June
1534 3009 82 47 13;
1650 3009 42 39 A
1722 3009 170 48 52586;
1929 3009 228 41 Saalfield
2189 3010 107 48 pub.
2330 3019 69 32 co.

484 3061 68 53 [©
587 3064 341 49 illustrations]
1002 3065 277 48 (32-15195)

408 3155 230 64 Young,
665 3156 139 52 Mrs.
832 3155 244 54 Pauline
1159 3155 186 58 Vislick.

476 3242 1360 70 The pilgrims of Russian-town; Общество духовньІхъ
583 3318 1816 72 христіанъ прьІгуновъ. въ АмерикѢ , the Community of spiritual
408 3394 291 56 Christian
728 3395 256 69 jumpers
1011 3398 60 52 in
1102 3396 293 69 America;
1426 3399 95 54 the
1553 3398 255 69 struggle
1837 3397 64 55 of
1930 3419 32 34 a
1991 3396 291 70 primitive

406 3415 1967 125 religious
647 3471 208 70 society
884 3480 58 46 to
974 3473 279 55 maintain
1284 3475 158 54 itself
1473 3475 61 52 in
1567 3494 72 36 an
1671 3475 181 53 urban
1884 3475 404 67 environment,
2322 3475 74 69 by

408 3548 1987 73 Pauline V. Young, PH. D. With an introduction by Robert E.
409 3624 1989 74 Park, PH. D. Chicago, Ill., The University of Chicago press
415 3705 192 65 [ ᶜ1 932]
408 3772 1988 99 xxi p., 1 l., 29, [2], 30-97, [2], 98-296 p. front., plates. 20 ᶜᵐ . (Half-title:
570 3829 101 40 The
703 3830 281 48 University
1017 3830 52 41 of
1099 3830 208 48 Chicago
1340 3831 304 49 sociological
1676 3832 176 48 series)

479 3884 247 42 “Selected
757 3885 363 49 bibliography”
1140 3897 9 29 :
1186 3896 43 38 p.
1261 3887 218 41 277-283.

414 3939 52 52 ©
497 3945 113 47 May
639 3944 68 49 10,
738 3943 112 42 1932;
910 3946 69 39 2c.
1009 3946 95 39 and
1134 3944 80 41 aff.
1247 3946 113 47 May
1390 3946 55 38 21;
1504 3946 42 39 A
1576 3946 145 41 52078;
1781 3946 280 49 University
2092 3949 51 38 of
2175 3945 221 49 Chicago,

483 4000 222 49 Chicago.
775 4000 279 51 (32-14689)
