2563 4368
1419 4030 105 55 754

442 412 213 64 Baker,
683 409 245 56 Willard
956 409 65 57 F.

511 487 125 52 Bob
664 486 217 53 Dexter
909 485 113 53 and
1051 485 96 53 the
1174 485 99 53 red
1303 488 134 49 auto
1464 488 282 65 mystery;
1778 501 81 50 or,
1889 482 121 53 The
2041 487 177 49 secret
2246 481 64 55 of
2339 482 96 54 the

442 559 1994 74 flying car, by Willard F. Baker … New York, Cupples &
441 642 686 67 Leon company [ ᶜ1 932]
513 710 1700 51 2 p. l., 206 p. front. 19½ ᶜᵐ . (His Bob Dexter mystery series)
452 781 52 52 ©
535 786 120 39 Mar.
685 784 69 48 25,
785 784 115 41 1932;
956 784 66 40 2c.
1055 784 95 39 and
1179 783 82 40 aff.
1294 784 113 47 May
1436 782 60 41 26;
1552 782 41 39 A
1623 781 146 42 52168;
1828 782 209 48 Cupples
2065 780 36 42 &
2129 781 128 41 Leon
2289 791 68 31 co.

529 841 281 49 (32-13683)

447 946 245 63 Barton,
720 945 143 64 May
888 943 206 57 Hollis.

516 1020 316 69 Virginia’s
872 1026 263 61 venture;
1179 1037 81 50 or,
1303 1018 247 70 Strange
1587 1018 255 54 business
1883 1022 60 49 at
1982 1017 96 54 the
2119 1022 90 48 tea
2250 1016 193 69 house,

447 1095 1971 149 by May Hollis Barton … New York, Cupples & Leon company [ ᶜ1 932]
518 1246 1402 50 2 p. l., 208 p. front 19½ ᶜᵐ . (Her Books for girls)
458 1315 52 52 ©
540 1321 121 39 Mar.
688 1320 69 47 25,
786 1318 140 48 1932;
956 1319 66 40 2c.
1051 1320 94 39 and
1174 1318 82 42 aff.
1285 1320 121 40 Mar.
1434 1319 82 47 26;
1546 1319 40 38 A
1614 1318 170 48 52165;
1816 1317 207 50 Cupples
2051 1322 36 42 &
2113 1318 129 39 Leon
2269 1328 68 30 co.

535 1376 279 49 (32-13682)

453 1480 213 65 Bauer,
697 1479 266 67 Ludwig,
996 1480 172 55 1876-

520 1556 142 54 War
694 1556 172 69 again
899 1561 323 63 tomorrow,
1254 1556 75 70 by
1361 1555 248 70 Ludwig
1641 1557 217 66 Bauer;
1895 1556 317 53 translated
2245 1555 77 69 by
2354 1555 92 55 W.

451 1632 1891 70 Horsfall Carter. New York city, Duffield & Green [ ᶜ1 932]
523 1706 621 50 2 p. l., 7-314 p. 19½ ᶜᵐ .
463 1774 52 52 ©
545 1779 113 47 May
686 1779 69 47 16,
783 1778 114 40 1932;
955 1779 68 40 2c.
1051 1780 95 39 and
1176 1778 80 41 aff.
1288 1780 112 46 May
1430 1779 56 41 18;
1544 1779 41 39 A
1613 1779 144 40 51382;
1817 1779 205 40 Duffield
2051 1779 36 39 &
2116 1778 169 40 Green.

541 1835 279 48 (32-13690)

458 1938 266 65 Boswell,
756 1939 305 57 Eleanore.

528 2013 122 53 The
673 2014 337 55 restoration
1036 2022 160 48 court
1217 2020 157 63 stage
1409 2013 367 71 (1660-1702)
1808 2014 141 54 with
1973 2036 31 34 a
2029 2012 315 70 particular

460 2031 1970 114 account
652 2091 64 52 of
736 2091 96 52 the
855 2091 341 68 production
1219 2093 64 52 of
1308 2091 233 70 Calisto,
1565 2092 75 69 by
1663 2092 278 53 Eleanore
1967 2090 256 54 Boswell.

457 2089 1972 146 Cambridge,
710 2168 189 68 Mass.,
934 2169 273 54 Harvard
1243 2168 316 69 university
1593 2187 173 49 press,
1806 2172 148 49 1932.

529 2238 1372 52 xviii, 370 p. col. front., plates, map, plans. 21 ᶜᵐ .
531 2294 135 42 “List
694 2295 53 40 of
778 2295 321 41 authorities”
1118 2306 10 30 :
1161 2307 43 37 p.
1239 2296 300 50 [xvii]-xviii.

470 2364 52 52 ©
552 2369 113 47 May
694 2369 69 47 13,
794 2367 113 42 1932;
965 2368 67 40 2c.
1063 2369 114 47 May
1205 2368 59 40 18;
1319 2368 83 43 aff.
1433 2370 112 47 May
1575 2369 59 41 17;
1689 2369 41 39 A
1759 2368 147 42 52058;
1962 2369 255 40 President

2245 2369 95 40 and
536 2368 1901 97 fellows
687 2425 52 39 of
769 2426 230 39 Harvard
1031 2426 191 48 college,
1257 2425 300 50 Cambridge,
1592 2427 145 39 Mass.
1808 2425 279 49 (32-13443)

466 2528 273 65 Bradley,
767 2530 182 64 Floyd
977 2529 75 57 N.

533 2604 121 52 Ten
695 2622 163 49 years
899 2603 210 55 behind
1152 2604 95 53 the
1291 2604 193 54 sacred
1528 2605 151 70 desk,
1723 2605 74 68 by
1843 2603 185 70 Floyd
2072 2602 69 54 N.
2188 2602 266 70 Bradley.

469 2679 1912 72 [Cincinnati, Print. by God’s Bible school & revivalist, ᶜ1 932]
535 2751 1105 52 5 p. l., 9-208 p. front. (3 port.) 19½ ᶜᵐ .
473 2821 1984 53 © June 26, 1931; 1c. Dec. 16; 1c. and aff. Dec. 30; A 46645; F. N. Bradley,
541 2883 383 49 Merchantville,
954 2884 56 40 N.
1041 2884 44 40 J.
1155 2883 279 49 (32-13795)

469 2984 300 66 Brinkley,
798 2987 263 54 Roberta
1088 2988 296 56 Florence.

600 3060 1858 72 … Arthurian legend in the seventeenth century, by Roberta
469 3139 1986 71 Florence Brinkley … Baltimore, The Johns Hopkins press;
468 3216 1673 71 London, H. Milford, Oxford university press [ ᶜ1 932 ]
472 3289 1970 105 xi, 228 p. 20½ ᶜᵐ . (Johns Hopkins monographs in literary history. III)
545 3402 367 48 “Commentary
939 3403 96 40 and
1063 3402 400 49 bibliographical
1491 3404 166 41 notes”
1674 3416 10 30 :
1712 3417 43 37 p.
1783 3404 216 42 197-224.

481 3469 52 52 ©
560 3474 112 46 May
698 3474 39 46 5,
764 3472 114 41 1932;
933 3473 65 41 2c.
1027 3475 95 38 and
1149 3473 81 42 aff.
1259 3476 112 47 May
1398 3476 55 38 14;
1507 3476 41 39 A
1575 3475 146 41 52000;
1775 3476 153 41 Johns
1956 3476 221 49 Hopkins
2204 3487 150 37 press.

559 3530 278 47 (32-13647)

475 3629 350 68 Brookings,
861 3632 222 54 Robert
1121 3633 255 67 Somers,
1418 3639 170 50 1850-

545 3706 1913 73 The way forward, by Robert S. Brookings … New York,
475 3782 120 52 The
625 3783 335 53 Macmillan
985 3802 298 52 company,
1315 3788 150 51 1932.

549 3854 606 50 ix p., 2 l., 97 p. 19½ ᶜᵐ .
546 3908 230 50 Reprints
817 3912 54 40 of
908 3912 220 48 portions
1169 3913 53 40 of
1261 3912 277 49 previously
1579 3915 255 48 published
1876 3925 180 39 essays,
2101 3913 357 51 supplemented

477 3963 119 44 with
622 3976 106 33 new
754 3968 228 41 material.
1054 3970 60 47 cf.
1144 3968 129 43 Pref.
