<alto xmlns="http://www.loc.gov/standards/alto/ns-v3#" xmlns:xlink="http://www.w3.org/1999/xlink" xmlns:xsi="http://www.w3.org/2001/XMLSchema-instance" xsi:schemaLocation="http://www.loc.gov/standards/alto/ns-v3# http://www.loc.gov/alto/v3/alto-3-0.xsd"><Description>
<MeasurementUnit>pixel</MeasurementUnit>
<sourceImageInformation>
<fileName>1932_v29_part001.pdf</fileName>
</sourceImageInformation>
<OCRProcessing ID="IdOcr">
<ocrProcessingStep>
<processingDateTime>2019-04-25</processingDateTime>
<processingSoftware>
<softwareCreator>ABBYY</softwareCreator>
<softwareName>ABBYY Recognition Server</softwareName>
<softwareVersion>4.0</softwareVersion>
</processingSoftware>
</ocrProcessingStep>
</OCRProcessing>
</Description>
<Styles>
<ParagraphStyle ID="StyleId-FFFFFFFF-FFFF-FFFF-FFFF-FFFFFFFFFFFF-" ALIGN="Left" LEFT="0." RIGHT="0." FIRSTLINE="0."/>
<ParagraphStyle ID="StyleId-547D96D3-B2DE-4E86-A4BD-9DDFC275973A-" ALIGN="Left" LEFT="0." RIGHT="0." FIRSTLINE="0." LINESPACE="7.699999809"/>
<ParagraphStyle ID="StyleId-BE433B82-DF6F-491A-9872-F562FF4150C8-" ALIGN="Block" LEFT="0." RIGHT="0." FIRSTLINE="-13." LINESPACE="7.900000095"/>
<ParagraphStyle ID="StyleId-CC286467-50C5-4655-B0CF-BA365CCE0736-" ALIGN="Block" LEFT="0." RIGHT="0." FIRSTLINE="-15." LINESPACE="8.479999542"/>
<ParagraphStyle ID="StyleId-9878414D-BEDB-487D-971A-CF5ADB5C4AD2-" ALIGN="Block" LEFT="0." RIGHT="0." FIRSTLINE="-14." LINESPACE="10.92000008"/>
<ParagraphStyle ID="StyleId-EBC70DE5-3635-4BD4-B07B-05DF6EFE0022-" ALIGN="Block" LEFT="0." RIGHT="0." FIRSTLINE="-13." LINESPACE="12.19999981"/>
<ParagraphStyle ID="StyleId-8A688F83-F017-4D5D-A00A-14637016ED45-" ALIGN="Left" LEFT="0." RIGHT="0." FIRSTLINE="0." LINESPACE="9.399999619"/>
<ParagraphStyle ID="StyleId-20F0BBAE-20C6-42F4-8113-00B5C02924DC-" ALIGN="Left" LEFT="0." RIGHT="0." FIRSTLINE="0." LINESPACE="11.10000038"/>
<ParagraphStyle ID="StyleId-7AA70148-8873-4ACB-90AE-BF9322E02302-" ALIGN="Left" LEFT="0." RIGHT="0." FIRSTLINE="-13." LINESPACE="11.09000015"/>
<ParagraphStyle ID="StyleId-072EF7BA-7207-4F8B-9A7C-F564E8B4CB16-" ALIGN="Left" LEFT="0." RIGHT="0." FIRSTLINE="-14." LINESPACE="12.19999981"/>
<ParagraphStyle ID="StyleId-44303D12-21D7-4DB0-9E9F-87FA1A861DD7-" ALIGN="Block" LEFT="0." RIGHT="0." FIRSTLINE="-14." LINESPACE="10.92000008"/>
<ParagraphStyle ID="StyleId-43CF0D44-8AC2-4CD0-865F-942C78705184-" ALIGN="Block" LEFT="0." RIGHT="0." FIRSTLINE="-13." LINESPACE="12.19999981"/>
<ParagraphStyle ID="StyleId-7A298A86-29F5-413A-AEC9-078A4CC464D7-" ALIGN="Block" LEFT="0." RIGHT="0." FIRSTLINE="13." LINESPACE="12.19999981"/>
<ParagraphStyle ID="StyleId-8E4E86F7-C1F9-4A1A-B605-6B1FC1C8E9F7-" ALIGN="Left" LEFT="0." RIGHT="0." FIRSTLINE="0." LINESPACE="11.60000038"/>
<ParagraphStyle ID="StyleId-AB39791B-5ED1-444F-BEF5-2CFED1F2709A-" ALIGN="Left" LEFT="0." RIGHT="0." FIRSTLINE="-13." LINESPACE="11.09000015"/>
<ParagraphStyle ID="StyleId-C1F2EEE7-CD00-4E11-9EAD-B222287AEDA4-" ALIGN="Center" LEFT="0." RIGHT="0." FIRSTLINE="0." LINESPACE="11.10000038"/>
</Styles>
<Layout>
<Page ID="Page1828" PHYSICAL_IMG_NR="1828" HEIGHT="4368" WIDTH="2563">
<TopMargin HEIGHT="424" WIDTH="2563" VPOS="0" HPOS="0">
</TopMargin>
<LeftMargin HEIGHT="3694" WIDTH="330" VPOS="424" HPOS="0">
</LeftMargin>
<RightMargin HEIGHT="3694" WIDTH="207" VPOS="424" HPOS="2356">
</RightMargin>
<BottomMargin HEIGHT="250" WIDTH="2563" VPOS="4118" HPOS="0">
</BottomMargin>
<PrintSpace HEIGHT="3694" WIDTH="2026" VPOS="424" HPOS="330">
<TextBlock ID="Page1828_Block1" HEIGHT="72" WIDTH="152" VPOS="4046" HPOS="1276" LANG="en-US" STYLEREFS="StyleId-673849F1-0D9E-475F-8D06-4FF0051C0F11-">
<TextLine HEIGHT="50" WIDTH="132" VPOS="4057" HPOS="1285">
<String CONTENT="1828" HEIGHT="50" WIDTH="132" VPOS="4057" HPOS="1285"/>
</TextLine>
</TextBlock>
<TextBlock ID="Page1828_Block2" HEIGHT="3590" WIDTH="2026" VPOS="424" HPOS="330" LANG="en-US" CS="1" STYLEREFS="StyleId-774A527A-CE9E-47F8-9295-717617F3B35F-">
<TextLine HEIGHT="67" WIDTH="717" VPOS="434" HPOS="342" STYLEREFS="StyleId-EF08A42D-77B2-4821-BEBF-0B99D415208B-">
<String CONTENT="Cowles," HEIGHT="65" WIDTH="239" VPOS="436" HPOS="342"/>
<SP HEIGHT="66" WIDTH="27" VPOS="435" HPOS="582"/>
<String CONTENT="John" HEIGHT="54" WIDTH="154" VPOS="435" HPOS="610"/>
<SP HEIGHT="54" WIDTH="31" VPOS="436" HPOS="765"/>
<String CONTENT="Clifford." HEIGHT="56" WIDTH="262" VPOS="434" HPOS="797"/>
</TextLine>
<TextLine HEIGHT="72" WIDTH="1924" VPOS="507" HPOS="409" STYLEREFS="StyleId-94B5EA23-C102-4E16-B03A-4BABD0ECCF3C-" CS="1">
<String CONTENT="The" HEIGHT="53" WIDTH="123" VPOS="512" HPOS="409"/>
<SP HEIGHT="35" WIDTH="29" VPOS="530" HPOS="533"/>
<String CONTENT="whispering" HEIGHT="69" WIDTH="350" VPOS="510" HPOS="563"/>
<SP HEIGHT="68" WIDTH="33" VPOS="511" HPOS="914"/>
<String CONTENT="Buddha," HEIGHT="68" WIDTH="266" VPOS="510" HPOS="948"/>
<SP HEIGHT="68" WIDTH="31" VPOS="510" HPOS="1215"/>
<String CONTENT="by" HEIGHT="69" WIDTH="75" VPOS="510" HPOS="1247"/>
<SP HEIGHT="71" WIDTH="31" VPOS="508" HPOS="1323"/>
<String CONTENT="John" HEIGHT="54" WIDTH="157" VPOS="508" HPOS="1355"/>
<SP HEIGHT="55" WIDTH="33" VPOS="508" HPOS="1513"/>
<String CONTENT="Clifford" HEIGHT="56" WIDTH="247" VPOS="507" HPOS="1547"/>
<SP HEIGHT="55" WIDTH="35" VPOS="508" HPOS="1795"/>
<String CONTENT="Cowles" HEIGHT="55" WIDTH="218" VPOS="508" HPOS="1831"/>
<SP HEIGHT="34" WIDTH="37" VPOS="527" HPOS="2050"/>
<String CS="1" CONTENT="&#8230;"/>
<SP HEIGHT="53" WIDTH="71" VPOS="508" HPOS="2147"/>
<String CONTENT="Los" HEIGHT="54" WIDTH="114" VPOS="508" HPOS="2219"/>
</TextLine>
<TextLine HEIGHT="64" WIDTH="1188" VPOS="586" HPOS="340" STYLEREFS="StyleId-94B5EA23-C102-4E16-B03A-4BABD0ECCF3C-" CS="1">
<String CONTENT="Angeles," HEIGHT="60" WIDTH="266" VPOS="590" HPOS="340"/>
<SP HEIGHT="62" WIDTH="27" VPOS="588" HPOS="607"/>
<String CONTENT="Holly" HEIGHT="62" WIDTH="182" VPOS="588" HPOS="635"/>
<SP HEIGHT="45" WIDTH="2" VPOS="605" HPOS="818"/>
<String CONTENT="way" HEIGHT="45" WIDTH="127" VPOS="605" HPOS="821"/>
<SP HEIGHT="45" WIDTH="28" VPOS="605" HPOS="949"/>
<String CONTENT="publishers" HEIGHT="64" WIDTH="319" VPOS="586" HPOS="978"/>
<SP HEIGHT="44" WIDTH="36" VPOS="606" HPOS="1298"/>
<String CS="1" CONTENT="[&#7580;1932]" HEIGHT="62" WIDTH="193" VPOS="588" HPOS="1335"/>
</TextLine>
<TextLine HEIGHT="51" WIDTH="523" VPOS="659" HPOS="408" CS="1">
<String CONTENT="4" HEIGHT="40" WIDTH="28" VPOS="661" HPOS="408"/>
<SP/>
<String CS="1" CONTENT="p."/>
<SP/>
<String CS="1" CONTENT="l.," HEIGHT="18" WIDTH="9" VPOS="692" HPOS="566"/>
<SP HEIGHT="47" WIDTH="24" VPOS="663" HPOS="576"/>
<String CONTENT="3-460" HEIGHT="42" WIDTH="146" VPOS="660" HPOS="601"/>
<SP HEIGHT="48" WIDTH="23" VPOS="660" HPOS="748"/>
<String CONTENT="p." HEIGHT="37" WIDTH="44" VPOS="671" HPOS="772"/>
<SP HEIGHT="42" WIDTH="56" VPOS="660" HPOS="817"/>
<String CS="1" CONTENT="20&#189;" HEIGHT="42" WIDTH="57" VPOS="659" HPOS="874"/>
<String STYLE="superscript" CS="1" CONTENT="&#7580;&#7504;."/>
</TextLine>
<TextLine HEIGHT="42" WIDTH="421" VPOS="715" HPOS="412">
<String CONTENT="&#8220;First" HEIGHT="39" WIDTH="164" VPOS="718" HPOS="412"/>
<SP HEIGHT="37" WIDTH="28" VPOS="720" HPOS="577"/>
<String CONTENT="edition.&#8221;" HEIGHT="42" WIDTH="227" VPOS="715" HPOS="606"/>
</TextLine>
<TextLine HEIGHT="57" WIDTH="1988" VPOS="771" HPOS="346" CS="1">
<String CONTENT="&#169;" HEIGHT="52" WIDTH="51" VPOS="771" HPOS="346"/>
<SP HEIGHT="52" WIDTH="24" VPOS="771" HPOS="398"/>
<String CONTENT="Dec." HEIGHT="41" WIDTH="114" VPOS="775" HPOS="423"/>
<SP HEIGHT="41" WIDTH="21" VPOS="775" HPOS="538"/>
<String CONTENT="5," HEIGHT="53" WIDTH="40" VPOS="775" HPOS="560"/>
<SP HEIGHT="53" WIDTH="22" VPOS="775" HPOS="601"/>
<String CS="1" CONTENT="1932;" HEIGHT="43" WIDTH="113" VPOS="772" HPOS="624"/>
<SP HEIGHT="41" WIDTH="26" VPOS="774" HPOS="764"/>
<String CONTENT="2c." HEIGHT="41" WIDTH="67" VPOS="774" HPOS="791"/>
<SP HEIGHT="31" WIDTH="25" VPOS="784" HPOS="859"/>
<String CONTENT="and" HEIGHT="38" WIDTH="94" VPOS="775" HPOS="885"/>
<SP HEIGHT="38" WIDTH="24" VPOS="775" HPOS="980"/>
<String CONTENT="aff." HEIGHT="40" WIDTH="81" VPOS="773" HPOS="1005"/>
<SP HEIGHT="40" WIDTH="25" VPOS="773" HPOS="1087"/>
<String CONTENT="Dec." HEIGHT="39" WIDTH="110" VPOS="773" HPOS="1113"/>
<SP HEIGHT="38" WIDTH="25" VPOS="773" HPOS="1224"/>
<String CS="1" CONTENT="12;" HEIGHT="38" WIDTH="54" VPOS="773" HPOS="1250"/>
<SP HEIGHT="46" WIDTH="27" VPOS="773" HPOS="1332"/>
<!-- cceid 110EC084-6D7D-1014-B4A5-D7A31D17AB40 --><String CONTENT="A" HEIGHT="38" WIDTH="40" VPOS="773" HPOS="1360"/>
<SP HEIGHT="40" WIDTH="24" VPOS="772" HPOS="1401"/>
<String CS="1" CONTENT="57437;" HEIGHT="41" WIDTH="142" VPOS="772" HPOS="1426"/>
<SP HEIGHT="46" WIDTH="28" VPOS="773" HPOS="1596"/>
<String LANG="fr" CONTENT="J." HEIGHT="39" WIDTH="43" VPOS="773" HPOS="1625"/>
<SP HEIGHT="41" WIDTH="26" VPOS="772" HPOS="1669"/>
<String CONTENT="C." HEIGHT="41" WIDTH="48" VPOS="772" HPOS="1696"/>
<SP HEIGHT="41" WIDTH="27" VPOS="772" HPOS="1745"/>
<String CONTENT="Cowles," HEIGHT="49" WIDTH="197" VPOS="772" HPOS="1773"/>
<SP HEIGHT="49" WIDTH="26" VPOS="772" HPOS="1971"/>
<String CONTENT="Los" HEIGHT="40" WIDTH="92" VPOS="772" HPOS="1998"/>
<SP HEIGHT="40" WIDTH="23" VPOS="772" HPOS="2091"/>
<String CONTENT="Angeles." HEIGHT="47" WIDTH="219" VPOS="772" HPOS="2115"/>
</TextLine>
<TextLine HEIGHT="49" WIDTH="279" VPOS="831" HPOS="423">
<String CONTENT="(32-34682)" HEIGHT="49" WIDTH="279" VPOS="831" HPOS="423"/>
</TextLine>
<TextLine HEIGHT="69" WIDTH="1052" VPOS="919" HPOS="349" STYLEREFS="StyleId-94B5EA23-C102-4E16-B03A-4BABD0ECCF3C-">
<String CONTENT="[Cox," HEIGHT="65" WIDTH="157" VPOS="923" HPOS="349"/>
<SP HEIGHT="63" WIDTH="33" VPOS="923" HPOS="507"/>
<String CONTENT="Euphrasia" HEIGHT="65" WIDTH="336" VPOS="920" HPOS="541"/>
<SP HEIGHT="52" WIDTH="31" VPOS="922" HPOS="878"/>
<String CONTENT="Emeline]" HEIGHT="69" WIDTH="282" VPOS="919" HPOS="910"/>
<SP HEIGHT="62" WIDTH="39" VPOS="926" HPOS="1193"/>
<String CONTENT="1898-" HEIGHT="49" WIDTH="168" VPOS="926" HPOS="1233"/>
</TextLine>
<TextLine HEIGHT="70" WIDTH="1925" VPOS="996" HPOS="413" STYLEREFS="StyleId-94B5EA23-C102-4E16-B03A-4BABD0ECCF3C-" CS="1">
<String CONTENT="Strange" HEIGHT="67" WIDTH="246" VPOS="999" HPOS="413"/>
<SP HEIGHT="54" WIDTH="40" VPOS="999" HPOS="660"/>
<String CONTENT="heaven," HEIGHT="67" WIDTH="232" VPOS="999" HPOS="701"/>
<SP HEIGHT="68" WIDTH="38" VPOS="998" HPOS="934"/>
<String CONTENT="by" HEIGHT="68" WIDTH="74" VPOS="998" HPOS="973"/>
<SP HEIGHT="69" WIDTH="40" VPOS="997" HPOS="1048"/>
<String CONTENT="Lewis" HEIGHT="56" WIDTH="185" VPOS="997" HPOS="1089"/>
<SP HEIGHT="57" WIDTH="41" VPOS="996" HPOS="1275"/>
<String CONTENT="Cox" HEIGHT="56" WIDTH="120" VPOS="996" HPOS="1317"/>
<SP HEIGHT="47" WIDTH="46" VPOS="1017" HPOS="1438"/>
<String CS="1" CONTENT="[pseud.]" HEIGHT="67" WIDTH="193" VPOS="998" HPOS="1502"/>
<SP HEIGHT="68" WIDTH="76" VPOS="997" HPOS="1716"/>
<String CONTENT="London," HEIGHT="69" WIDTH="259" VPOS="996" HPOS="1793"/>
<SP HEIGHT="68" WIDTH="38" VPOS="997" HPOS="2053"/>
<String CONTENT="Mills" HEIGHT="54" WIDTH="159" VPOS="996" HPOS="2092"/>
<SP HEIGHT="52" WIDTH="39" VPOS="998" HPOS="2252"/>
<String CONTENT="&amp;" HEIGHT="52" WIDTH="46" VPOS="998" HPOS="2292"/>
</TextLine>
<TextLine HEIGHT="68" WIDTH="639" VPOS="1077" HPOS="342" STYLEREFS="StyleId-94B5EA23-C102-4E16-B03A-4BABD0ECCF3C-">
<String CONTENT="Boon," HEIGHT="66" WIDTH="181" VPOS="1079" HPOS="342"/>
<SP HEIGHT="67" WIDTH="26" VPOS="1078" HPOS="524"/>
<String CONTENT="limited" HEIGHT="54" WIDTH="222" VPOS="1077" HPOS="551"/>
<SP HEIGHT="66" WIDTH="34" VPOS="1077" HPOS="774"/>
<String CONTENT="[1932]" HEIGHT="65" WIDTH="172" VPOS="1078" HPOS="809"/>
</TextLine>
<TextLine HEIGHT="49" WIDTH="277" VPOS="1149" HPOS="412" CS="1">
<String CONTENT="254" HEIGHT="41" WIDTH="87" VPOS="1150" HPOS="412"/>
<SP HEIGHT="47" WIDTH="27" VPOS="1151" HPOS="500"/>
<String CONTENT="p." HEIGHT="38" WIDTH="44" VPOS="1160" HPOS="528"/>
<SP HEIGHT="41" WIDTH="57" VPOS="1150" HPOS="573"/>
<String CS="1" CONTENT="19" HEIGHT="41" WIDTH="29" VPOS="1149" HPOS="660"/>
<String STYLE="superscript" CS="1" CONTENT="&#7580;&#7504;."/>
</TextLine>
<TextLine HEIGHT="52" WIDTH="1990" VPOS="1203" HPOS="348" CS="1">
<String CONTENT="&#169;" HEIGHT="52" WIDTH="50" VPOS="1203" HPOS="348"/>
<SP/>
<String CS="1" CONTENT="1c."/>
<SP/>
<String CONTENT="Nov." HEIGHT="39" WIDTH="118" VPOS="1208" HPOS="530"/>
<SP HEIGHT="39" WIDTH="30" VPOS="1207" HPOS="649"/>
<String CONTENT="26," HEIGHT="47" WIDTH="70" VPOS="1207" HPOS="680"/>
<SP HEIGHT="46" WIDTH="32" VPOS="1208" HPOS="751"/>
<String CS="1" CONTENT="1932;" HEIGHT="42" WIDTH="113" VPOS="1205" HPOS="784"/>
<SP HEIGHT="46" WIDTH="34" VPOS="1207" HPOS="925"/>
<!-- cceid 110EC89F-6D7D-1014-B4A5-D7A31D17AB40 --><String CONTENT="A" HEIGHT="38" WIDTH="41" VPOS="1207" HPOS="960"/>
<SP HEIGHT="40" WIDTH="30" VPOS="1207" HPOS="1002"/>
<String CONTENT="ad" HEIGHT="39" WIDTH="60" VPOS="1208" HPOS="1033"/>
<SP HEIGHT="40" WIDTH="32" VPOS="1206" HPOS="1094"/>
<String CONTENT="int." HEIGHT="41" WIDTH="87" VPOS="1206" HPOS="1127"/>
<SP HEIGHT="40" WIDTH="31" VPOS="1207" HPOS="1215"/>
<String CS="1" CONTENT="17141;" HEIGHT="39" WIDTH="142" VPOS="1207" HPOS="1247"/>
<SP HEIGHT="37" WIDTH="34" VPOS="1216" HPOS="1417"/>
<String CONTENT="pubd." HEIGHT="46" WIDTH="141" VPOS="1207" HPOS="1452"/>
<SP HEIGHT="39" WIDTH="37" VPOS="1207" HPOS="1594"/>
<String CONTENT="Sept." HEIGHT="48" WIDTH="127" VPOS="1207" HPOS="1632"/>
<SP HEIGHT="41" WIDTH="31" VPOS="1207" HPOS="1760"/>
<String CS="1" CONTENT="30;" HEIGHT="42" WIDTH="58" VPOS="1206" HPOS="1792"/>
<SP HEIGHT="41" WIDTH="36" VPOS="1206" HPOS="1876"/>
<String CONTENT="Euphrasia" HEIGHT="50" WIDTH="276" VPOS="1204" HPOS="1913"/>
<SP HEIGHT="42" WIDTH="34" VPOS="1204" HPOS="2190"/>
<String CONTENT="Cox," HEIGHT="48" WIDTH="113" VPOS="1204" HPOS="2225"/>
</TextLine>
<TextLine HEIGHT="49" WIDTH="559" VPOS="1262" HPOS="417">
<String CONTENT="London." HEIGHT="39" WIDTH="210" VPOS="1265" HPOS="417"/>
<SP HEIGHT="48" WIDTH="69" VPOS="1263" HPOS="628"/>
<String CONTENT="(32-35796)" HEIGHT="49" WIDTH="278" VPOS="1262" HPOS="698"/>
</TextLine>
<TextLine HEIGHT="65" WIDTH="1000" VPOS="1353" HPOS="346" STYLEREFS="StyleId-94B5EA23-C102-4E16-B03A-4BABD0ECCF3C-">
<String CONTENT="Daniel," HEIGHT="65" WIDTH="224" VPOS="1353" HPOS="346"/>
<SP HEIGHT="64" WIDTH="29" VPOS="1354" HPOS="571"/>
<String CONTENT="Robert" HEIGHT="53" WIDTH="222" VPOS="1354" HPOS="601"/>
<SP HEIGHT="52" WIDTH="28" VPOS="1355" HPOS="824"/>
<String CONTENT="Prentiss," HEIGHT="61" WIDTH="287" VPOS="1353" HPOS="853"/>
<SP HEIGHT="55" WIDTH="33" VPOS="1359" HPOS="1141"/>
<String CONTENT="1902-" HEIGHT="50" WIDTH="171" VPOS="1358" HPOS="1175"/>
</TextLine>
<TextLine HEIGHT="71" WIDTH="1927" VPOS="1428" HPOS="414" STYLEREFS="StyleId-94B5EA23-C102-4E16-B03A-4BABD0ECCF3C-">
<String CONTENT="A" HEIGHT="53" WIDTH="56" VPOS="1432" HPOS="414"/>
<SP HEIGHT="67" WIDTH="48" VPOS="1432" HPOS="471"/>
<String CONTENT="psychological" HEIGHT="69" WIDTH="423" VPOS="1430" HPOS="520"/>
<SP HEIGHT="52" WIDTH="48" VPOS="1431" HPOS="944"/>
<String CONTENT="study" HEIGHT="67" WIDTH="172" VPOS="1431" HPOS="993"/>
<SP HEIGHT="49" WIDTH="48" VPOS="1449" HPOS="1166"/>
<String CONTENT="of" HEIGHT="52" WIDTH="65" VPOS="1430" HPOS="1215"/>
<SP HEIGHT="52" WIDTH="47" VPOS="1430" HPOS="1281"/>
<String CONTENT="delinquent" HEIGHT="68" WIDTH="329" VPOS="1430" HPOS="1329"/>
<SP HEIGHT="49" WIDTH="48" VPOS="1434" HPOS="1659"/>
<String CONTENT="and" HEIGHT="52" WIDTH="113" VPOS="1432" HPOS="1708"/>
<SP HEIGHT="52" WIDTH="48" VPOS="1432" HPOS="1822"/>
<String CONTENT="non-delinquent" HEIGHT="70" WIDTH="470" VPOS="1428" HPOS="1871"/>
</TextLine>
<TextLine HEIGHT="71" WIDTH="1862" VPOS="1506" HPOS="345" STYLEREFS="StyleId-94B5EA23-C102-4E16-B03A-4BABD0ECCF3C-" CS="1">
<String CONTENT="negro" HEIGHT="49" WIDTH="174" VPOS="1528" HPOS="345"/>
<SP HEIGHT="53" WIDTH="35" VPOS="1509" HPOS="520"/>
<String CONTENT="boys," HEIGHT="67" WIDTH="153" VPOS="1509" HPOS="556"/>
<SP HEIGHT="62" WIDTH="33" VPOS="1508" HPOS="710"/>
<String CONTENT="by" HEIGHT="68" WIDTH="75" VPOS="1508" HPOS="744"/>
<SP HEIGHT="66" WIDTH="34" VPOS="1510" HPOS="820"/>
<String CONTENT="Robert" HEIGHT="53" WIDTH="214" VPOS="1508" HPOS="855"/>
<SP HEIGHT="53" WIDTH="32" VPOS="1507" HPOS="1070"/>
<String CONTENT="P." HEIGHT="54" WIDTH="65" VPOS="1507" HPOS="1103"/>
<SP HEIGHT="53" WIDTH="34" VPOS="1508" HPOS="1169"/>
<String CONTENT="Daniel" HEIGHT="54" WIDTH="208" VPOS="1507" HPOS="1204"/>
<SP HEIGHT="51" WIDTH="39" VPOS="1510" HPOS="1413"/>
<String CS="1" CONTENT="&#8230;"/>
<SP HEIGHT="54" WIDTH="77" VPOS="1508" HPOS="1510"/>
<String CONTENT="Published" HEIGHT="55" WIDTH="312" VPOS="1507" HPOS="1588"/>
<SP HEIGHT="53" WIDTH="34" VPOS="1509" HPOS="1901"/>
<String CONTENT="with" HEIGHT="55" WIDTH="140" VPOS="1506" HPOS="1936"/>
<SP HEIGHT="52" WIDTH="32" VPOS="1509" HPOS="2077"/>
<String CONTENT="the" HEIGHT="54" WIDTH="97" VPOS="1507" HPOS="2110"/>
</TextLine>
<TextLine HEIGHT="129" WIDTH="1995" VPOS="1526" HPOS="347" STYLEREFS="StyleId-94B5EA23-C102-4E16-B03A-4BABD0ECCF3C-" CS="1">
<String CONTENT="approval" HEIGHT="129" WIDTH="1969" VPOS="1526" HPOS="347"/>
<SP HEIGHT="51" WIDTH="38" VPOS="1588" HPOS="549"/>
<String CONTENT="of" HEIGHT="53" WIDTH="64" VPOS="1586" HPOS="588"/>
<SP HEIGHT="53" WIDTH="36" VPOS="1586" HPOS="653"/>
<String CONTENT="Professor" HEIGHT="55" WIDTH="301" VPOS="1584" HPOS="690"/>
<SP HEIGHT="51" WIDTH="36" VPOS="1587" HPOS="992"/>
<String CONTENT="Rudolf" HEIGHT="54" WIDTH="223" VPOS="1584" HPOS="1029"/>
<SP HEIGHT="53" WIDTH="34" VPOS="1585" HPOS="1253"/>
<String CONTENT="Pintner," HEIGHT="70" WIDTH="261" VPOS="1584" HPOS="1288"/>
<SP HEIGHT="51" WIDTH="35" VPOS="1603" HPOS="1550"/>
<String CONTENT="sponsor" HEIGHT="51" WIDTH="238" VPOS="1602" HPOS="1586"/>
<SP HEIGHT="35" WIDTH="41" VPOS="1605" HPOS="1825"/>
<String CS="1" CONTENT="&#8230;"/>
<SP HEIGHT="53" WIDTH="76" VPOS="1584" HPOS="1924"/>
<String CONTENT="New" HEIGHT="55" WIDTH="140" VPOS="1584" HPOS="2001"/>
<SP HEIGHT="55" WIDTH="37" VPOS="1586" HPOS="2142"/>
<String CONTENT="York" HEIGHT="57" WIDTH="162" VPOS="1584" HPOS="2180"/>
</TextLine>
<TextLine HEIGHT="73" WIDTH="1570" VPOS="1660" HPOS="346" STYLEREFS="StyleId-94B5EA23-C102-4E16-B03A-4BABD0ECCF3C-">
<String CONTENT="city," HEIGHT="68" WIDTH="133" VPOS="1665" HPOS="346"/>
<SP HEIGHT="67" WIDTH="28" VPOS="1665" HPOS="480"/>
<String CONTENT="Teachers" HEIGHT="53" WIDTH="276" VPOS="1664" HPOS="509"/>
<SP HEIGHT="34" WIDTH="27" VPOS="1683" HPOS="786"/>
<String CONTENT="college," HEIGHT="68" WIDTH="228" VPOS="1663" HPOS="814"/>
<SP HEIGHT="68" WIDTH="29" VPOS="1663" HPOS="1043"/>
<String CONTENT="Columbia" HEIGHT="55" WIDTH="299" VPOS="1662" HPOS="1073"/>
<SP HEIGHT="35" WIDTH="27" VPOS="1682" HPOS="1373"/>
<String CONTENT="university," HEIGHT="72" WIDTH="335" VPOS="1660" HPOS="1401"/>
<SP HEIGHT="64" WIDTH="28" VPOS="1668" HPOS="1737"/>
<String CONTENT="1932." HEIGHT="52" WIDTH="150" VPOS="1666" HPOS="1766"/>
</TextLine>
<TextLine HEIGHT="103" WIDTH="1975" VPOS="1735" HPOS="348" CS="1">
<String CONTENT="vi," HEIGHT="47" WIDTH="61" VPOS="1739" HPOS="417"/>
<SP/>
<String CONTENT="59" HEIGHT="41" WIDTH="58" VPOS="1737" HPOS="513"/>
<SP HEIGHT="50" WIDTH="30" VPOS="1737" HPOS="572"/>
<String CONTENT="p." HEIGHT="38" WIDTH="41" VPOS="1749" HPOS="603"/>
<SP HEIGHT="40" WIDTH="62" VPOS="1738" HPOS="645"/>
<String CS="1" CONTENT="23&#189;" HEIGHT="40" WIDTH="56" VPOS="1738" HPOS="708"/>
<String STYLE="superscript" CS="1" CONTENT="&#7580;&#7504;."/>
<SP HEIGHT="49" WIDTH="73" VPOS="1736" HPOS="854"/>
<String CONTENT="(Teachers" HEIGHT="49" WIDTH="264" VPOS="1736" HPOS="928"/>
<SP HEIGHT="29" WIDTH="32" VPOS="1748" HPOS="1193"/>
<String CONTENT="college," HEIGHT="49" WIDTH="191" VPOS="1736" HPOS="1226"/>
<SP HEIGHT="48" WIDTH="35" VPOS="1737" HPOS="1418"/>
<String CONTENT="Columbia" HEIGHT="42" WIDTH="250" VPOS="1736" HPOS="1454"/>
<SP HEIGHT="29" WIDTH="36" VPOS="1748" HPOS="1705"/>
<String CONTENT="university." HEIGHT="48" WIDTH="283" VPOS="1735" HPOS="1742"/>
<SP HEIGHT="41" WIDTH="62" VPOS="1737" HPOS="2026"/>
<String CONTENT="Contributions" HEIGHT="102" WIDTH="1975" VPOS="1736" HPOS="348"/>
<SP HEIGHT="38" WIDTH="24" VPOS="1797" HPOS="476"/>
<String CONTENT="to" HEIGHT="38" WIDTH="49" VPOS="1797" HPOS="501"/>
</TextLine>
<TextLine HEIGHT="48" WIDTH="507" VPOS="1793" HPOS="574">
<String CONTENT="education," HEIGHT="48" WIDTH="271" VPOS="1793" HPOS="574"/>
<SP HEIGHT="36" WIDTH="25" VPOS="1805" HPOS="846"/>
<String CONTENT="no." HEIGHT="31" WIDTH="74" VPOS="1803" HPOS="872"/>
<SP HEIGHT="41" WIDTH="24" VPOS="1793" HPOS="947"/>
<String CONTENT="546)" HEIGHT="47" WIDTH="109" VPOS="1793" HPOS="972"/>
</TextLine>
<TextLine HEIGHT="50" WIDTH="1380" VPOS="1848" HPOS="419" CS="1">
<String CONTENT="Issued" HEIGHT="40" WIDTH="170" VPOS="1851" HPOS="419"/>
<SP HEIGHT="40" WIDTH="24" VPOS="1851" HPOS="590"/>
<String CONTENT="also" HEIGHT="40" WIDTH="103" VPOS="1851" HPOS="615"/>
<SP HEIGHT="29" WIDTH="23" VPOS="1861" HPOS="719"/>
<String CONTENT="as" HEIGHT="29" WIDTH="54" VPOS="1861" HPOS="743"/>
<SP HEIGHT="37" WIDTH="24" VPOS="1853" HPOS="798"/>
<String CONTENT="thesis" HEIGHT="42" WIDTH="153" VPOS="1848" HPOS="823"/>
<SP HEIGHT="47" WIDTH="26" VPOS="1848" HPOS="977"/>
<String CS="1" CONTENT="(PH." HEIGHT="47" WIDTH="14" VPOS="1848" HPOS="1004"/>
<SP/>
<String CS="1" CONTENT="D.)" HEIGHT="47" WIDTH="13" VPOS="1850" HPOS="1190"/>
<SP HEIGHT="48" WIDTH="34" VPOS="1849" HPOS="1204"/>
<String CONTENT="Columbia" HEIGHT="41" WIDTH="250" VPOS="1849" HPOS="1239"/>
<SP HEIGHT="29" WIDTH="26" VPOS="1861" HPOS="1490"/>
<String CONTENT="university." HEIGHT="49" WIDTH="282" VPOS="1849" HPOS="1517"/>
</TextLine>
<TextLine HEIGHT="51" WIDTH="651" VPOS="1905" HPOS="419">
<String CONTENT="Bibliography" HEIGHT="49" WIDTH="347" VPOS="1906" HPOS="419"/>
<SP HEIGHT="37" WIDTH="16" VPOS="1917" HPOS="767"/>
<String CONTENT=":" HEIGHT="29" WIDTH="9" VPOS="1917" HPOS="784"/>
<SP HEIGHT="39" WIDTH="30" VPOS="1917" HPOS="794"/>
<String CONTENT="p" HEIGHT="39" WIDTH="29" VPOS="1917" HPOS="825"/>
<SP HEIGHT="39" WIDTH="15" VPOS="1917" HPOS="855"/>
<String CONTENT=":" HEIGHT="30" WIDTH="10" VPOS="1917" HPOS="871"/>
<SP HEIGHT="41" WIDTH="30" VPOS="1906" HPOS="882"/>
<String CONTENT="56-59." HEIGHT="41" WIDTH="157" VPOS="1905" HPOS="913"/>
</TextLine>
<TextLine HEIGHT="52" WIDTH="1986" VPOS="1960" HPOS="353" CS="1">
<String CONTENT="&#169;" HEIGHT="52" WIDTH="50" VPOS="1960" HPOS="353"/>
<SP HEIGHT="52" WIDTH="33" VPOS="1960" HPOS="404"/>
<String CONTENT="Oct." HEIGHT="40" WIDTH="101" VPOS="1964" HPOS="438"/>
<SP HEIGHT="39" WIDTH="30" VPOS="1965" HPOS="540"/>
<String CONTENT="31," HEIGHT="46" WIDTH="69" VPOS="1965" HPOS="571"/>
<SP HEIGHT="47" WIDTH="33" VPOS="1964" HPOS="641"/>
<String CS="1" CONTENT="1932;" HEIGHT="40" WIDTH="112" VPOS="1963" HPOS="675"/>
<SP HEIGHT="39" WIDTH="32" VPOS="1964" HPOS="816"/>
<String CONTENT="2c." HEIGHT="39" WIDTH="67" VPOS="1964" HPOS="849"/>
<SP HEIGHT="40" WIDTH="31" VPOS="1963" HPOS="917"/>
<String CONTENT="Nov." HEIGHT="39" WIDTH="116" VPOS="1963" HPOS="949"/>
<SP HEIGHT="38" WIDTH="32" VPOS="1963" HPOS="1066"/>
<String CONTENT="19;" HEIGHT="46" WIDTH="82" VPOS="1963" HPOS="1099"/>
<SP HEIGHT="36" WIDTH="34" VPOS="1973" HPOS="1182"/>
<String CONTENT="aff." HEIGHT="41" WIDTH="82" VPOS="1962" HPOS="1217"/>
<SP HEIGHT="41" WIDTH="31" VPOS="1962" HPOS="1300"/>
<String CONTENT="Nov." HEIGHT="40" WIDTH="117" VPOS="1962" HPOS="1332"/>
<SP HEIGHT="40" WIDTH="30" VPOS="1962" HPOS="1450"/>
<String CONTENT="25;" HEIGHT="47" WIDTH="81" VPOS="1962" HPOS="1481"/>
<SP HEIGHT="46" WIDTH="35" VPOS="1963" HPOS="1563"/>
<!-- cceid 110ED0F7-6D7D-1014-B4A5-D7A31D17AB40 --><String CONTENT="A" HEIGHT="38" WIDTH="40" VPOS="1963" HPOS="1599"/>
<SP HEIGHT="39" WIDTH="31" VPOS="1963" HPOS="1640"/>
<String CONTENT="58072;" HEIGHT="48" WIDTH="168" VPOS="1962" HPOS="1672"/>
<SP HEIGHT="47" WIDTH="35" VPOS="1963" HPOS="1841"/>
<String CONTENT="Teachers" HEIGHT="40" WIDTH="240" VPOS="1963" HPOS="1877"/>
<SP HEIGHT="29" WIDTH="31" VPOS="1974" HPOS="2118"/>
<String CONTENT="college," HEIGHT="47" WIDTH="189" VPOS="1963" HPOS="2150"/>
</TextLine>
<TextLine HEIGHT="49" WIDTH="758" VPOS="2019" HPOS="421">
<String CONTENT="Columbia" HEIGHT="40" WIDTH="247" VPOS="2020" HPOS="421"/>
<SP HEIGHT="28" WIDTH="31" VPOS="2031" HPOS="669"/>
<String CONTENT="univ." HEIGHT="39" WIDTH="128" VPOS="2020" HPOS="701"/>
<SP HEIGHT="47" WIDTH="70" VPOS="2020" HPOS="830"/>
<String CONTENT="(32-34641)" HEIGHT="49" WIDTH="278" VPOS="2019" HPOS="901"/>
</TextLine>
<TextLine HEIGHT="66" WIDTH="758" VPOS="2110" HPOS="350" STYLEREFS="StyleId-EF08A42D-77B2-4821-BEBF-0B99D415208B-">
<String LANG="fr" CONTENT="Daudet," HEIGHT="65" WIDTH="251" VPOS="2111" HPOS="350"/>
<SP HEIGHT="64" WIDTH="28" VPOS="2112" HPOS="602"/>
<String LANG="fr" CONTENT="L&#233;on" HEIGHT="53" WIDTH="156" VPOS="2110" HPOS="631"/>
<SP HEIGHT="51" WIDTH="27" VPOS="2111" HPOS="788"/>
<String LANG="en-US" CONTENT="A.," HEIGHT="63" WIDTH="90" VPOS="2111" HPOS="816"/>
<SP HEIGHT="59" WIDTH="30" VPOS="2115" HPOS="907"/>
<String LANG="en-US" CONTENT="1867-" HEIGHT="53" WIDTH="170" VPOS="2111" HPOS="938"/>
</TextLine>
<TextLine HEIGHT="146" WIDTH="1968" VPOS="2186" HPOS="351" STYLEREFS="StyleId-94B5EA23-C102-4E16-B03A-4BABD0ECCF3C-" CS="1">
<String LANG="en-US" CS="1" CONTENT="&#8230;"/>
<SP HEIGHT="51" WIDTH="35" VPOS="2189" HPOS="481"/>
<String LANG="fr" CONTENT="La" HEIGHT="50" WIDTH="84" VPOS="2189" HPOS="517"/>
<SP HEIGHT="48" WIDTH="30" VPOS="2206" HPOS="602"/>
<String LANG="fr" CONTENT="pluie" HEIGHT="66" WIDTH="156" VPOS="2188" HPOS="633"/>
<SP HEIGHT="51" WIDTH="29" VPOS="2187" HPOS="790"/>
<String LANG="fr" CONTENT="de" HEIGHT="52" WIDTH="68" VPOS="2187" HPOS="820"/>
<SP HEIGHT="33" WIDTH="29" VPOS="2206" HPOS="889"/>
<String LANG="en-US" CONTENT="sang;" HEIGHT="49" WIDTH="168" VPOS="2205" HPOS="919"/>
<SP HEIGHT="48" WIDTH="34" VPOS="2205" HPOS="1088"/>
<String LANG="fr" CONTENT="nouveaux" HEIGHT="34" WIDTH="296" VPOS="2204" HPOS="1123"/>
<SP HEIGHT="33" WIDTH="31" VPOS="2206" HPOS="1420"/>
<String LANG="en-US" CONTENT="souvenirs" HEIGHT="52" WIDTH="290" VPOS="2187" HPOS="1452"/>
<SP HEIGHT="66" WIDTH="42" VPOS="2188" HPOS="1743"/>
<String LANG="en-US" CONTENT="(1914-1918)" HEIGHT="68" WIDTH="364" VPOS="2186" HPOS="1786"/>
<SP HEIGHT="68" WIDTH="83" VPOS="2186" HPOS="2151"/>
<String LANG="en-US" CONTENT="Paris," HEIGHT="145" WIDTH="1968" VPOS="2187" HPOS="351"/>
<SP HEIGHT="67" WIDTH="24" VPOS="2265" HPOS="448"/>
<String LANG="fr" CONTENT="B." HEIGHT="53" WIDTH="66" VPOS="2265" HPOS="473"/>
<SP HEIGHT="55" WIDTH="27" VPOS="2263" HPOS="540"/>
<String LANG="fr" CONTENT="Grasset" HEIGHT="55" WIDTH="234" VPOS="2263" HPOS="568"/>
<SP HEIGHT="63" WIDTH="28" VPOS="2267" HPOS="803"/>
<String LANG="fr" CS="1" CONTENT="["/>
<String LANG="en-US" CS="1" CONTENT="1932]" HEIGHT="49" WIDTH="134" VPOS="2266" HPOS="852"/>
</TextLine>
<TextLine HEIGHT="53" WIDTH="673" VPOS="2334" HPOS="420" STYLEREFS="StyleId-94B5EA23-C102-4E16-B03A-4BABD0ECCF3C-" CS="1">
<String CONTENT="2" HEIGHT="38" WIDTH="29" VPOS="2339" HPOS="420"/>
<SP/>
<String CS="1" CONTENT="p."/>
<SP/>
<String CS="1" CONTENT="l.," HEIGHT="16" WIDTH="8" VPOS="2369" HPOS="575"/>
<SP HEIGHT="30" WIDTH="28" VPOS="2357" HPOS="584"/>
<String CS="1" CONTENT="[7]-321" HEIGHT="50" WIDTH="175" VPOS="2337" HPOS="613"/>
<SP HEIGHT="48" WIDTH="23" VPOS="2337" HPOS="789"/>
<String CS="1" CONTENT="p.,"/>
<SP/>
<String CS="1" CONTENT="2"/>
<SP/>
<String CS="1" CONTENT="l."/>
<SP HEIGHT="39" WIDTH="58" VPOS="2337" HPOS="978"/>
<String CONTENT="19" HEIGHT="42" WIDTH="56" VPOS="2334" HPOS="1037"/>
<String STYLE="superscript" CS="1" CONTENT="&#7580;&#7504;."/>
</TextLine>
<TextLine HEIGHT="42" WIDTH="842" VPOS="2392" HPOS="421">
<String LANG="en-US" CONTENT="At" HEIGHT="39" WIDTH="61" VPOS="2395" HPOS="421"/>
<SP HEIGHT="40" WIDTH="26" VPOS="2394" HPOS="483"/>
<String LANG="en-US" CONTENT="head" HEIGHT="40" WIDTH="125" VPOS="2394" HPOS="510"/>
<SP HEIGHT="38" WIDTH="24" VPOS="2395" HPOS="636"/>
<String LANG="en-US" CONTENT="of" HEIGHT="40" WIDTH="51" VPOS="2393" HPOS="661"/>
<SP HEIGHT="40" WIDTH="24" VPOS="2393" HPOS="713"/>
<String LANG="en-US" CONTENT="title" HEIGHT="40" WIDTH="108" VPOS="2393" HPOS="738"/>
<SP HEIGHT="30" WIDTH="15" VPOS="2403" HPOS="847"/>
<String LANG="en-US" CONTENT=":" HEIGHT="29" WIDTH="9" VPOS="2404" HPOS="863"/>
<SP HEIGHT="40" WIDTH="26" VPOS="2393" HPOS="873"/>
<String LANG="fr" CONTENT="L&#233;on" HEIGHT="40" WIDTH="129" VPOS="2392" HPOS="900"/>
<SP HEIGHT="39" WIDTH="25" VPOS="2392" HPOS="1030"/>
<String LANG="fr" CONTENT="Daudet." HEIGHT="40" WIDTH="207" VPOS="2392" HPOS="1056"/>
</TextLine>
<TextLine HEIGHT="52" WIDTH="1986" VPOS="2447" HPOS="357" CS="1">
<String CONTENT="&#169;" HEIGHT="52" WIDTH="50" VPOS="2447" HPOS="357"/>
<SP HEIGHT="52" WIDTH="44" VPOS="2447" HPOS="408"/>
<String CONTENT="July" HEIGHT="45" WIDTH="115" VPOS="2453" HPOS="453"/>
<SP HEIGHT="46" WIDTH="42" VPOS="2452" HPOS="569"/>
<String CONTENT="16," HEIGHT="47" WIDTH="68" VPOS="2451" HPOS="612"/>
<SP HEIGHT="45" WIDTH="44" VPOS="2453" HPOS="681"/>
<String CONTENT="1932;" HEIGHT="47" WIDTH="139" VPOS="2449" HPOS="726"/>
<SP/>
<String CS="1" CONTENT="1c."/>
<SP/>
<String CONTENT="Nov." HEIGHT="39" WIDTH="117" VPOS="2450" HPOS="1023"/>
<SP HEIGHT="39" WIDTH="43" VPOS="2449" HPOS="1141"/>
<String CS="1" CONTENT="9;" HEIGHT="38" WIDTH="26" VPOS="2449" HPOS="1185"/>
<SP HEIGHT="39" WIDTH="46" VPOS="2451" HPOS="1238"/>
<!-- cceid 110ED949-6D7D-1014-B4A5-D7A31D17AB40 --><String CONTENT="A&#8212;Foreign" HEIGHT="46" WIDTH="307" VPOS="2450" HPOS="1285"/>
<SP HEIGHT="37" WIDTH="44" VPOS="2452" HPOS="1593"/>
<String CS="1" CONTENT="18494;" HEIGHT="41" WIDTH="144" VPOS="2450" HPOS="1638"/>
<SP HEIGHT="39" WIDTH="49" VPOS="2453" HPOS="1808"/>
<String CONTENT="Editions" HEIGHT="40" WIDTH="221" VPOS="2451" HPOS="1858"/>
<SP HEIGHT="38" WIDTH="44" VPOS="2452" HPOS="2080"/>
<String CONTENT="Bernard" HEIGHT="39" WIDTH="218" VPOS="2452" HPOS="2125"/>
</TextLine>
<TextLine HEIGHT="49" WIDTH="504" VPOS="2506" HPOS="424">
<String LANG="fr" CONTENT="Grasset." HEIGHT="40" WIDTH="214" VPOS="2508" HPOS="424"/>
<SP HEIGHT="48" WIDTH="69" VPOS="2507" HPOS="639"/>
<String LANG="en-US" CONTENT="(33-125)" HEIGHT="49" WIDTH="219" VPOS="2506" HPOS="709"/>
</TextLine>
<TextLine HEIGHT="70" WIDTH="1576" VPOS="2594" HPOS="358" STYLEREFS="StyleId-94B5EA23-C102-4E16-B03A-4BABD0ECCF3C-">
<String LANG="fr" CONTENT="[De" HEIGHT="67" WIDTH="103" VPOS="2597" HPOS="358"/>
<SP HEIGHT="53" WIDTH="26" VPOS="2597" HPOS="462"/>
<String LANG="en-US" CONTENT="La" HEIGHT="53" WIDTH="84" VPOS="2597" HPOS="489"/>
<SP HEIGHT="53" WIDTH="24" VPOS="2597" HPOS="574"/>
<String LANG="en-US" CONTENT="Pasture," HEIGHT="65" WIDTH="272" VPOS="2597" HPOS="599"/>
<SP HEIGHT="65" WIDTH="26" VPOS="2597" HPOS="872"/>
<String LANG="fr" CONTENT="Edm&#233;e" HEIGHT="53" WIDTH="218" VPOS="2595" HPOS="899"/>
<SP HEIGHT="51" WIDTH="25" VPOS="2597" HPOS="1118"/>
<String LANG="en-US" CONTENT="Elizabeth" HEIGHT="55" WIDTH="308" VPOS="2594" HPOS="1144"/>
<SP HEIGHT="53" WIDTH="26" VPOS="2596" HPOS="1453"/>
<String LANG="en-US" CONTENT="Monica]" HEIGHT="69" WIDTH="248" VPOS="2595" HPOS="1480"/>
<SP HEIGHT="61" WIDTH="33" VPOS="2603" HPOS="1729"/>
<String LANG="en-US" CONTENT="1890-" HEIGHT="50" WIDTH="171" VPOS="2602" HPOS="1763"/>
</TextLine>
<TextLine HEIGHT="72" WIDTH="1915" VPOS="2671" HPOS="423" STYLEREFS="StyleId-94B5EA23-C102-4E16-B03A-4BABD0ECCF3C-" CS="1">
<String CONTENT="The" HEIGHT="51" WIDTH="121" VPOS="2674" HPOS="423"/>
<SP HEIGHT="51" WIDTH="22" VPOS="2690" HPOS="545"/>
<String CONTENT="provincial" HEIGHT="70" WIDTH="318" VPOS="2671" HPOS="568"/>
<SP HEIGHT="51" WIDTH="23" VPOS="2674" HPOS="887"/>
<String CONTENT="lady" HEIGHT="67" WIDTH="135" VPOS="2674" HPOS="911"/>
<SP HEIGHT="50" WIDTH="23" VPOS="2692" HPOS="1047"/>
<String CONTENT="goes" HEIGHT="51" WIDTH="130" VPOS="2691" HPOS="1071"/>
<SP HEIGHT="52" WIDTH="26" VPOS="2675" HPOS="1202"/>
<String CONTENT="further," HEIGHT="68" WIDTH="244" VPOS="2674" HPOS="1229"/>
<SP HEIGHT="67" WIDTH="22" VPOS="2675" HPOS="1474"/>
<String CONTENT="by" HEIGHT="67" WIDTH="75" VPOS="2675" HPOS="1497"/>
<SP HEIGHT="66" WIDTH="24" VPOS="2676" HPOS="1573"/>
<String LANG="fr" CONTENT="E." HEIGHT="52" WIDTH="66" VPOS="2676" HPOS="1598"/>
<SP HEIGHT="53" WIDTH="25" VPOS="2675" HPOS="1665"/>
<String CONTENT="M." HEIGHT="52" WIDTH="80" VPOS="2675" HPOS="1691"/>
<SP HEIGHT="52" WIDTH="23" VPOS="2675" HPOS="1772"/>
<String CONTENT="Delafield" HEIGHT="55" WIDTH="280" VPOS="2675" HPOS="1796"/>
<SP HEIGHT="67" WIDTH="30" VPOS="2676" HPOS="2077"/>
<String CS="1" CONTENT="[pseud.]" HEIGHT="67" WIDTH="208" VPOS="2676" HPOS="2130"/>
</TextLine>
<TextLine HEIGHT="70" WIDTH="1989" VPOS="2750" HPOS="354" STYLEREFS="StyleId-94B5EA23-C102-4E16-B03A-4BABD0ECCF3C-">
<String CONTENT="with" HEIGHT="54" WIDTH="138" VPOS="2750" HPOS="354"/>
<SP HEIGHT="53" WIDTH="31" VPOS="2751" HPOS="493"/>
<String CONTENT="illustrations" HEIGHT="54" WIDTH="378" VPOS="2750" HPOS="525"/>
<SP HEIGHT="52" WIDTH="30" VPOS="2752" HPOS="904"/>
<String CONTENT="by" HEIGHT="67" WIDTH="75" VPOS="2752" HPOS="935"/>
<SP HEIGHT="67" WIDTH="28" VPOS="2752" HPOS="1011"/>
<String CONTENT="Arthur" HEIGHT="53" WIDTH="225" VPOS="2752" HPOS="1040"/>
<SP HEIGHT="54" WIDTH="28" VPOS="2753" HPOS="1266"/>
<String CONTENT="Watts." HEIGHT="54" WIDTH="207" VPOS="2753" HPOS="1295"/>
<SP HEIGHT="52" WIDTH="71" VPOS="2752" HPOS="1503"/>
<String CONTENT="London," HEIGHT="68" WIDTH="257" VPOS="2752" HPOS="1575"/>
<SP HEIGHT="66" WIDTH="30" VPOS="2754" HPOS="1833"/>
<String CONTENT="Macmillan" HEIGHT="54" WIDTH="333" VPOS="2752" HPOS="1864"/>
<SP HEIGHT="34" WIDTH="32" VPOS="2772" HPOS="2198"/>
<String CONTENT="and" HEIGHT="52" WIDTH="112" VPOS="2755" HPOS="2231"/>
</TextLine>
<TextLine HEIGHT="67" WIDTH="554" VPOS="2829" HPOS="353" STYLEREFS="StyleId-94B5EA23-C102-4E16-B03A-4BABD0ECCF3C-">
<String CONTENT="co.," HEIGHT="48" WIDTH="97" VPOS="2848" HPOS="353"/>
<SP HEIGHT="67" WIDTH="30" VPOS="2829" HPOS="451"/>
<String CONTENT="limited," HEIGHT="67" WIDTH="238" VPOS="2829" HPOS="482"/>
<SP HEIGHT="61" WIDTH="36" VPOS="2835" HPOS="721"/>
<String CONTENT="1932." HEIGHT="49" WIDTH="149" VPOS="2834" HPOS="758"/>
</TextLine>
<TextLine HEIGHT="53" WIDTH="905" VPOS="2899" HPOS="425" CS="1">
<String CONTENT="vii," HEIGHT="49" WIDTH="81" VPOS="2901" HPOS="425"/>
<SP/>
<String CONTENT="310," HEIGHT="50" WIDTH="99" VPOS="2900" HPOS="534"/>
<SP HEIGHT="31" WIDTH="30" VPOS="2921" HPOS="634"/>
<String CONTENT="[1]" HEIGHT="52" WIDTH="55" VPOS="2900" HPOS="665"/>
<SP HEIGHT="39" WIDTH="28" VPOS="2912" HPOS="721"/>
<String CONTENT="p." HEIGHT="38" WIDTH="44" VPOS="2912" HPOS="750"/>
<SP HEIGHT="41" WIDTH="56" VPOS="2901" HPOS="795"/>
<String CONTENT="front.," HEIGHT="49" WIDTH="163" VPOS="2901" HPOS="852"/>
<SP HEIGHT="39" WIDTH="25" VPOS="2911" HPOS="1016"/>
<String CONTENT="plates." HEIGHT="48" WIDTH="171" VPOS="2902" HPOS="1042"/>
<SP HEIGHT="41" WIDTH="57" VPOS="2901" HPOS="1214"/>
<String CONTENT="20" HEIGHT="42" WIDTH="58" VPOS="2899" HPOS="1272"/>
<String STYLE="superscript" CS="1" CONTENT="&#7580;&#7504;."/>
</TextLine>
<TextLine HEIGHT="52" WIDTH="1983" VPOS="2956" HPOS="360" CS="1">
<String CONTENT="&#169;" HEIGHT="52" WIDTH="50" VPOS="2956" HPOS="360"/>
<SP/>
<String CS="1" CONTENT="1c."/>
<SP/>
<String CONTENT="Dec." HEIGHT="40" WIDTH="111" VPOS="2960" HPOS="545"/>
<SP HEIGHT="40" WIDTH="32" VPOS="2960" HPOS="657"/>
<String CONTENT="6," HEIGHT="42" WIDTH="38" VPOS="2960" HPOS="690"/>
<SP HEIGHT="42" WIDTH="33" VPOS="2960" HPOS="729"/>
<String CONTENT="1932;" HEIGHT="49" WIDTH="140" VPOS="2957" HPOS="763"/>
<SP HEIGHT="46" WIDTH="34" VPOS="2960" HPOS="904"/>
<!-- cceid 110EE13C-6D7D-1014-B4A5-D7A31D17AB40 --><String CONTENT="A" HEIGHT="38" WIDTH="40" VPOS="2960" HPOS="939"/>
<SP HEIGHT="38" WIDTH="33" VPOS="2960" HPOS="980"/>
<String CONTENT="ad" HEIGHT="38" WIDTH="61" VPOS="2960" HPOS="1014"/>
<SP HEIGHT="39" WIDTH="33" VPOS="2959" HPOS="1076"/>
<String CONTENT="int." HEIGHT="40" WIDTH="83" VPOS="2959" HPOS="1110"/>
<SP HEIGHT="36" WIDTH="34" VPOS="2961" HPOS="1194"/>
<String CONTENT="17176;" HEIGHT="47" WIDTH="169" VPOS="2959" HPOS="1229"/>
<SP HEIGHT="38" WIDTH="34" VPOS="2968" HPOS="1399"/>
<String CONTENT="pubd." HEIGHT="46" WIDTH="141" VPOS="2960" HPOS="1434"/>
<SP HEIGHT="40" WIDTH="35" VPOS="2960" HPOS="1576"/>
<String CONTENT="Oct." HEIGHT="40" WIDTH="103" VPOS="2960" HPOS="1612"/>
<SP HEIGHT="40" WIDTH="31" VPOS="2959" HPOS="1716"/>
<String CONTENT="28;" HEIGHT="48" WIDTH="81" VPOS="2959" HPOS="1748"/>
<SP HEIGHT="46" WIDTH="38" VPOS="2961" HPOS="1830"/>
<String CONTENT="Elizabeth" HEIGHT="40" WIDTH="251" VPOS="2960" HPOS="1869"/>
<SP HEIGHT="38" WIDTH="34" VPOS="2962" HPOS="2121"/>
<String CONTENT="Monica" HEIGHT="40" WIDTH="187" VPOS="2961" HPOS="2156"/>
</TextLine>
<TextLine HEIGHT="50" WIDTH="1611" VPOS="3015" HPOS="427">
<String CONTENT="Dashwood." HEIGHT="41" WIDTH="288" VPOS="3017" HPOS="427"/>
<SP HEIGHT="43" WIDTH="34" VPOS="3015" HPOS="716"/>
<String CONTENT="Cullompton," HEIGHT="48" WIDTH="318" VPOS="3015" HPOS="751"/>
<SP HEIGHT="47" WIDTH="35" VPOS="3016" HPOS="1070"/>
<String CONTENT="Devonshire," HEIGHT="47" WIDTH="312" VPOS="3015" HPOS="1106"/>
<SP HEIGHT="45" WIDTH="35" VPOS="3017" HPOS="1419"/>
<String CONTENT="England." HEIGHT="47" WIDTH="233" VPOS="3016" HPOS="1455"/>
<SP HEIGHT="49" WIDTH="69" VPOS="3016" HPOS="1689"/>
<String CONTENT="(32-35786)" HEIGHT="49" WIDTH="279" VPOS="3016" HPOS="1759"/>
</TextLine>
<TextLine HEIGHT="74" WIDTH="1701" VPOS="3100" HPOS="358" STYLEREFS="StyleId-94B5EA23-C102-4E16-B03A-4BABD0ECCF3C-" CS="1">
<String CONTENT="Digest" HEIGHT="66" WIDTH="211" VPOS="3100" HPOS="358"/>
<SP HEIGHT="49" WIDTH="29" VPOS="3107" HPOS="570"/>
<String CONTENT="of" HEIGHT="53" WIDTH="62" VPOS="3103" HPOS="600"/>
<SP HEIGHT="53" WIDTH="26" VPOS="3103" HPOS="663"/>
<String CONTENT="the" HEIGHT="52" WIDTH="94" VPOS="3105" HPOS="690"/>
<SP HEIGHT="53" WIDTH="30" VPOS="3105" HPOS="785"/>
<String CONTENT="United" HEIGHT="55" WIDTH="216" VPOS="3103" HPOS="816"/>
<SP HEIGHT="54" WIDTH="32" VPOS="3104" HPOS="1033"/>
<String CONTENT="States" HEIGHT="54" WIDTH="186" VPOS="3104" HPOS="1066"/>
<SP HEIGHT="54" WIDTH="31" VPOS="3105" HPOS="1253"/>
<String CONTENT="Supreme" HEIGHT="67" WIDTH="274" VPOS="3105" HPOS="1285"/>
<SP HEIGHT="34" WIDTH="27" VPOS="3123" HPOS="1560"/>
<String CONTENT="court" HEIGHT="46" WIDTH="162" VPOS="3112" HPOS="1588"/>
<SP HEIGHT="51" WIDTH="25" VPOS="3108" HPOS="1751"/>
<String CONTENT="Reports" HEIGHT="66" WIDTH="245" VPOS="3108" HPOS="1777"/>
<SP HEIGHT="33" WIDTH="36" VPOS="3126" HPOS="2023"/>
<String CS="1" CONTENT="&#8230;"/>
</TextLine>
<TextLine HEIGHT="219" WIDTH="1887" VPOS="3106" HPOS="429" STYLEREFS="StyleId-94B5EA23-C102-4E16-B03A-4BABD0ECCF3C-" CS="1">
<String CONTENT="Supplement" HEIGHT="143" WIDTH="1887" VPOS="3106" HPOS="429"/>
<SP HEIGHT="60" WIDTH="7" VPOS="3187" HPOS="679"/>
<String CONTENT="[S]" HEIGHT="47" WIDTH="59" VPOS="3200" HPOS="687"/>
<SP HEIGHT="47" WIDTH="29" VPOS="3200" HPOS="747"/>
<String CONTENT="of" HEIGHT="52" WIDTH="63" VPOS="3181" HPOS="777"/>
<SP HEIGHT="53" WIDTH="21" VPOS="3181" HPOS="841"/>
<String LANG="fr" CONTENT="v." HEIGHT="32" WIDTH="49" VPOS="3202" HPOS="863"/>
<SP HEIGHT="48" WIDTH="28" VPOS="3184" HPOS="913"/>
<String CONTENT="1-10" HEIGHT="49" WIDTH="133" VPOS="3184" HPOS="942"/>
<SP HEIGHT="48" WIDTH="28" VPOS="3185" HPOS="1076"/>
<String CS="1" CONTENT="&#8230;"/>
<SP HEIGHT="50" WIDTH="78" VPOS="3183" HPOS="1160"/>
<String CONTENT="For" HEIGHT="51" WIDTH="117" VPOS="3183" HPOS="1239"/>
<SP HEIGHT="34" WIDTH="19" VPOS="3200" HPOS="1357"/>
<String CONTENT="use" HEIGHT="34" WIDTH="97" VPOS="3200" HPOS="1377"/>
<SP HEIGHT="52" WIDTH="21" VPOS="3183" HPOS="1475"/>
<String CONTENT="during" HEIGHT="69" WIDTH="211" VPOS="3183" HPOS="1497"/>
<SP HEIGHT="65" WIDTH="24" VPOS="3187" HPOS="1709"/>
<String CONTENT="1933" HEIGHT="49" WIDTH="132" VPOS="3187" HPOS="1734"/>
<SP HEIGHT="49" WIDTH="22" VPOS="3188" HPOS="1867"/>
<String CONTENT="only." HEIGHT="65" WIDTH="150" VPOS="3186" HPOS="1890"/>
<SP HEIGHT="52" WIDTH="58" VPOS="3186" HPOS="2041"/>
<String CONTENT="Rochester," HEIGHT="140" WIDTH="1886" VPOS="3185" HPOS="430"/>
</TextLine>
<TextLine HEIGHT="71" WIDTH="1772" VPOS="3261" HPOS="568" STYLEREFS="StyleId-94B5EA23-C102-4E16-B03A-4BABD0ECCF3C-">
<String LANG="fr" CONTENT="N." HEIGHT="53" WIDTH="68" VPOS="3261" HPOS="568"/>
<SP HEIGHT="52" WIDTH="36" VPOS="3262" HPOS="637"/>
<String CONTENT="Y.," HEIGHT="56" WIDTH="89" VPOS="3262" HPOS="674"/>
<SP HEIGHT="57" WIDTH="35" VPOS="3261" HPOS="764"/>
<String CONTENT="The" HEIGHT="50" WIDTH="119" VPOS="3261" HPOS="800"/>
<SP HEIGHT="49" WIDTH="36" VPOS="3262" HPOS="920"/>
<String CONTENT="Lawyers" HEIGHT="51" WIDTH="267" VPOS="3262" HPOS="957"/>
<SP HEIGHT="33" WIDTH="33" VPOS="3279" HPOS="1225"/>
<String CONTENT="co-operative" HEIGHT="67" WIDTH="379" VPOS="3261" HPOS="1259"/>
<SP HEIGHT="49" WIDTH="35" VPOS="3280" HPOS="1639"/>
<String CONTENT="publishing" HEIGHT="70" WIDTH="335" VPOS="3261" HPOS="1675"/>
<SP HEIGHT="50" WIDTH="34" VPOS="3281" HPOS="2011"/>
<String CONTENT="company," HEIGHT="51" WIDTH="294" VPOS="3281" HPOS="2046"/>
</TextLine>
<TextLine HEIGHT="51" WIDTH="151" VPOS="3341" HPOS="431" STYLEREFS="StyleId-94B5EA23-C102-4E16-B03A-4BABD0ECCF3C-">
<String CONTENT="1932." HEIGHT="51" WIDTH="151" VPOS="3341" HPOS="431"/>
</TextLine>
<TextLine HEIGHT="41" WIDTH="239" VPOS="3411" HPOS="428" CS="1">
<String LANG="en-US" CONTENT="10" HEIGHT="40" WIDTH="57" VPOS="3411" HPOS="428"/>
<SP HEIGHT="41" WIDTH="24" VPOS="3411" HPOS="486"/>
<String LANG="fr" CONTENT="v." HEIGHT="29" WIDTH="42" VPOS="3423" HPOS="511"/>
<SP HEIGHT="41" WIDTH="56" VPOS="3411" HPOS="554"/>
<String LANG="en-US" CONTENT="24" HEIGHT="38" WIDTH="56" VPOS="3411" HPOS="611"/>
<String STYLE="superscript" LANG="en-US" CS="1" CONTENT="&#7580;&#7504;."/>
</TextLine>
<TextLine HEIGHT="41" WIDTH="293" VPOS="3467" HPOS="429">
<String CONTENT="Cover-title." HEIGHT="41" WIDTH="293" VPOS="3467" HPOS="429"/>
</TextLine>
<TextLine HEIGHT="50" WIDTH="1916" VPOS="3523" HPOS="431">
<String CONTENT="These" HEIGHT="40" WIDTH="154" VPOS="3524" HPOS="431"/>
<SP HEIGHT="36" WIDTH="27" VPOS="3534" HPOS="586"/>
<String CONTENT="pamphlets" HEIGHT="47" WIDTH="271" VPOS="3523" HPOS="614"/>
<SP HEIGHT="28" WIDTH="30" VPOS="3534" HPOS="886"/>
<String CONTENT="are" HEIGHT="29" WIDTH="82" VPOS="3534" HPOS="917"/>
<SP HEIGHT="37" WIDTH="30" VPOS="3526" HPOS="1000"/>
<String CONTENT="to" HEIGHT="37" WIDTH="49" VPOS="3526" HPOS="1031"/>
<SP HEIGHT="38" WIDTH="28" VPOS="3524" HPOS="1081"/>
<String CONTENT="be" HEIGHT="38" WIDTH="54" VPOS="3524" HPOS="1110"/>
<SP HEIGHT="38" WIDTH="28" VPOS="3524" HPOS="1165"/>
<String CONTENT="fitted" HEIGHT="40" WIDTH="137" VPOS="3524" HPOS="1194"/>
<SP HEIGHT="39" WIDTH="30" VPOS="3524" HPOS="1332"/>
<String CONTENT="into" HEIGHT="40" WIDTH="105" VPOS="3524" HPOS="1363"/>
<SP HEIGHT="37" WIDTH="28" VPOS="3527" HPOS="1469"/>
<String CONTENT="the" HEIGHT="39" WIDTH="80" VPOS="3525" HPOS="1498"/>
<SP HEIGHT="37" WIDTH="29" VPOS="3536" HPOS="1579"/>
<String CONTENT="pockets" HEIGHT="47" WIDTH="195" VPOS="3526" HPOS="1609"/>
<SP HEIGHT="31" WIDTH="31" VPOS="3535" HPOS="1805"/>
<String CONTENT="at" HEIGHT="37" WIDTH="49" VPOS="3529" HPOS="1837"/>
<SP HEIGHT="38" WIDTH="30" VPOS="3528" HPOS="1887"/>
<String CONTENT="the" HEIGHT="39" WIDTH="80" VPOS="3527" HPOS="1918"/>
<SP HEIGHT="39" WIDTH="30" VPOS="3527" HPOS="1999"/>
<String CONTENT="back" HEIGHT="40" WIDTH="122" VPOS="3526" HPOS="2030"/>
<SP HEIGHT="41" WIDTH="29" VPOS="3526" HPOS="2153"/>
<String CONTENT="of" HEIGHT="40" WIDTH="50" VPOS="3527" HPOS="2183"/>
<SP HEIGHT="40" WIDTH="31" VPOS="3527" HPOS="2234"/>
<String CONTENT="the" HEIGHT="40" WIDTH="81" VPOS="3527" HPOS="2266"/>
</TextLine>
<TextLine HEIGHT="49" WIDTH="1112" VPOS="3579" HPOS="360">
<String CONTENT="volumes" HEIGHT="40" WIDTH="214" VPOS="3580" HPOS="360"/>
<SP HEIGHT="29" WIDTH="26" VPOS="3591" HPOS="575"/>
<String CONTENT="of" HEIGHT="38" WIDTH="50" VPOS="3581" HPOS="602"/>
<SP HEIGHT="38" WIDTH="25" VPOS="3581" HPOS="653"/>
<String CONTENT="the" HEIGHT="38" WIDTH="83" VPOS="3581" HPOS="679"/>
<SP HEIGHT="30" WIDTH="24" VPOS="3589" HPOS="763"/>
<String CONTENT="set" HEIGHT="37" WIDTH="74" VPOS="3583" HPOS="788"/>
<SP HEIGHT="38" WIDTH="24" VPOS="3582" HPOS="863"/>
<String CONTENT="to" HEIGHT="37" WIDTH="51" VPOS="3582" HPOS="888"/>
<SP HEIGHT="29" WIDTH="24" VPOS="3590" HPOS="940"/>
<String CONTENT="which" HEIGHT="40" WIDTH="155" VPOS="3579" HPOS="965"/>
<SP HEIGHT="39" WIDTH="29" VPOS="3580" HPOS="1121"/>
<String CONTENT="they" HEIGHT="46" WIDTH="111" VPOS="3581" HPOS="1151"/>
<SP HEIGHT="47" WIDTH="28" VPOS="3580" HPOS="1263"/>
<String CONTENT="belong." HEIGHT="48" WIDTH="180" VPOS="3580" HPOS="1292"/>
</TextLine>
<TextLine HEIGHT="108" WIDTH="1962" VPOS="3631" HPOS="365" CS="1">
<String CONTENT="&#169;" HEIGHT="52" WIDTH="50" VPOS="3631" HPOS="365"/>
<SP HEIGHT="52" WIDTH="42" VPOS="3631" HPOS="416"/>
<String CONTENT="Dec." HEIGHT="40" WIDTH="111" VPOS="3636" HPOS="459"/>
<SP HEIGHT="39" WIDTH="41" VPOS="3637" HPOS="571"/>
<String CONTENT="15," HEIGHT="45" WIDTH="67" VPOS="3637" HPOS="613"/>
<SP HEIGHT="45" WIDTH="43" VPOS="3637" HPOS="681"/>
<String CONTENT="1932;" HEIGHT="43" WIDTH="138" VPOS="3635" HPOS="725"/>
<SP HEIGHT="42" WIDTH="43" VPOS="3636" HPOS="864"/>
<String CONTENT="2c." HEIGHT="40" WIDTH="66" VPOS="3636" HPOS="908"/>
<SP HEIGHT="40" WIDTH="42" VPOS="3636" HPOS="975"/>
<String CONTENT="Dec." HEIGHT="40" WIDTH="111" VPOS="3636" HPOS="1018"/>
<SP HEIGHT="38" WIDTH="41" VPOS="3637" HPOS="1130"/>
<String CONTENT="17;" HEIGHT="45" WIDTH="82" VPOS="3637" HPOS="1172"/>
<SP HEIGHT="36" WIDTH="43" VPOS="3646" HPOS="1255"/>
<String CONTENT="aff." HEIGHT="40" WIDTH="82" VPOS="3636" HPOS="1299"/>
<SP HEIGHT="39" WIDTH="41" VPOS="3637" HPOS="1382"/>
<String CONTENT="Dec." HEIGHT="39" WIDTH="109" VPOS="3637" HPOS="1424"/>
<SP HEIGHT="38" WIDTH="44" VPOS="3638" HPOS="1534"/>
<String CONTENT="28;" HEIGHT="46" WIDTH="81" VPOS="3638" HPOS="1579"/>
<SP HEIGHT="46" WIDTH="44" VPOS="3638" HPOS="1661"/>
<!-- cceid 110EED5A-6D7D-1014-B4A5-D7A31D17AB40 --><String CONTENT="A" HEIGHT="38" WIDTH="41" VPOS="3638" HPOS="1706"/>
<SP HEIGHT="39" WIDTH="40" VPOS="3638" HPOS="1748"/>
<String CONTENT="58590;" HEIGHT="48" WIDTH="169" VPOS="3637" HPOS="1789"/>
<SP HEIGHT="47" WIDTH="44" VPOS="3638" HPOS="1959"/>
<String CONTENT="Lawyers" HEIGHT="47" WIDTH="228" VPOS="3638" HPOS="2004"/>
<SP HEIGHT="29" WIDTH="42" VPOS="3650" HPOS="2233"/>
<String CONTENT="cooperative" HEIGHT="90" WIDTH="1895" VPOS="3649" HPOS="432"/>
</TextLine>
<TextLine HEIGHT="53" WIDTH="1012" VPOS="3688" HPOS="707">
<String CONTENT="pub." HEIGHT="46" WIDTH="110" VPOS="3693" HPOS="707"/>
<SP HEIGHT="29" WIDTH="24" VPOS="3703" HPOS="818"/>
<String CONTENT="co." HEIGHT="27" WIDTH="66" VPOS="3703" HPOS="843"/>
<SP HEIGHT="28" WIDTH="62" VPOS="3712" HPOS="910"/>
<String CONTENT="[&#169;" HEIGHT="52" WIDTH="67" VPOS="3688" HPOS="973"/>
<SP HEIGHT="29" WIDTH="26" VPOS="3702" HPOS="1045"/>
<String CONTENT="additions" HEIGHT="41" WIDTH="246" VPOS="3691" HPOS="1072"/>
<SP HEIGHT="28" WIDTH="25" VPOS="3703" HPOS="1319"/>
<String CONTENT="and" HEIGHT="38" WIDTH="95" VPOS="3694" HPOS="1345"/>
<SP HEIGHT="37" WIDTH="27" VPOS="3694" HPOS="1441"/>
<String CONTENT="revisions]" HEIGHT="48" WIDTH="250" VPOS="3693" HPOS="1469"/>
</TextLine>
<TextLine HEIGHT="68" WIDTH="567" VPOS="3778" HPOS="362" STYLEREFS="StyleId-EF08A42D-77B2-4821-BEBF-0B99D415208B-">
<String LANG="de" CONTENT="Eder," HEIGHT="64" WIDTH="173" VPOS="3778" HPOS="362"/>
<SP HEIGHT="62" WIDTH="26" VPOS="3780" HPOS="536"/>
<String LANG="en-US" CONTENT="Karl," HEIGHT="66" WIDTH="162" VPOS="3780" HPOS="563"/>
<SP HEIGHT="61" WIDTH="31" VPOS="3785" HPOS="726"/>
<String LANG="en-US" CONTENT="1889-" HEIGHT="50" WIDTH="171" VPOS="3784" HPOS="758"/>
</TextLine>
<TextLine HEIGHT="73" WIDTH="1913" VPOS="3854" HPOS="431" STYLEREFS="StyleId-94B5EA23-C102-4E16-B03A-4BABD0ECCF3C-">
<String CONTENT="On" HEIGHT="55" WIDTH="92" VPOS="3854" HPOS="431"/>
<SP HEIGHT="50" WIDTH="48" VPOS="3873" HPOS="524"/>
<String CONTENT="paths" HEIGHT="67" WIDTH="169" VPOS="3856" HPOS="573"/>
<SP HEIGHT="35" WIDTH="49" VPOS="3874" HPOS="743"/>
<String CONTENT="of" HEIGHT="54" WIDTH="64" VPOS="3855" HPOS="793"/>
<SP HEIGHT="54" WIDTH="47" VPOS="3855" HPOS="858"/>
<String CONTENT="holiness;" HEIGHT="68" WIDTH="274" VPOS="3856" HPOS="906"/>
<SP HEIGHT="49" WIDTH="52" VPOS="3875" HPOS="1181"/>
<String CONTENT="essays" HEIGHT="51" WIDTH="187" VPOS="3875" HPOS="1234"/>
<SP HEIGHT="50" WIDTH="49" VPOS="3876" HPOS="1422"/>
<String CONTENT="portraying" HEIGHT="70" WIDTH="342" VPOS="3857" HPOS="1472"/>
<SP HEIGHT="65" WIDTH="47" VPOS="3862" HPOS="1815"/>
<String CONTENT="the" HEIGHT="53" WIDTH="98" VPOS="3859" HPOS="1863"/>
<SP HEIGHT="35" WIDTH="46" VPOS="3877" HPOS="1962"/>
<String CONTENT="spirit" HEIGHT="69" WIDTH="173" VPOS="3858" HPOS="2009"/>
<SP HEIGHT="49" WIDTH="48" VPOS="3863" HPOS="2183"/>
<String CONTENT="and" HEIGHT="54" WIDTH="112" VPOS="3859" HPOS="2232"/>
</TextLine>
<TextLine HEIGHT="72" WIDTH="1984" VPOS="3931" HPOS="361" STYLEREFS="StyleId-94B5EA23-C102-4E16-B03A-4BABD0ECCF3C-">
<String CONTENT="activity" HEIGHT="70" WIDTH="240" VPOS="3931" HPOS="361"/>
<SP HEIGHT="51" WIDTH="31" VPOS="3950" HPOS="602"/>
<String CONTENT="of" HEIGHT="54" WIDTH="65" VPOS="3931" HPOS="634"/>
<SP HEIGHT="54" WIDTH="30" VPOS="3931" HPOS="700"/>
<String CONTENT="the" HEIGHT="53" WIDTH="96" VPOS="3933" HPOS="731"/>
<SP HEIGHT="34" WIDTH="30" VPOS="3952" HPOS="828"/>
<String CONTENT="secular" HEIGHT="52" WIDTH="216" VPOS="3934" HPOS="859"/>
<SP HEIGHT="49" WIDTH="31" VPOS="3952" HPOS="1076"/>
<String CONTENT="priesthood," HEIGHT="70" WIDTH="347" VPOS="3933" HPOS="1108"/>
<SP HEIGHT="50" WIDTH="34" VPOS="3953" HPOS="1456"/>
<String CONTENT="adapted" HEIGHT="69" WIDTH="248" VPOS="3934" HPOS="1491"/>
<SP HEIGHT="54" WIDTH="36" VPOS="3934" HPOS="1740"/>
<String CONTENT="from" HEIGHT="54" WIDTH="153" VPOS="3934" HPOS="1777"/>
<SP HEIGHT="49" WIDTH="33" VPOS="3940" HPOS="1931"/>
<String CONTENT="the" HEIGHT="53" WIDTH="97" VPOS="3936" HPOS="1965"/>
<SP HEIGHT="57" WIDTH="31" VPOS="3933" HPOS="2063"/>
<String CONTENT="German" HEIGHT="57" WIDTH="250" VPOS="3933" HPOS="2095"/>
</TextLine>
</TextBlock>
</PrintSpace>
</Page>
</Layout>
</alto>