2563 4368
1309 4071 133 55 1706

374 456 244 62 Looker,
649 456 193 55 Earle.

445 526 1919 73 Colonel Roosevelt, private citizen, by Earle Looker … New
376 606 1791 71 York, London [etc.] Fleming H. Revell company [ ᶜ1 932 ]
444 678 1287 51 6 p. l., 11-222 p. front., ports., facsim. 21½ᶜᵐ.
445 735 360 42 “Authorities”
824 746 9 29 :
864 746 44 37 p.
937 736 217 39 218-219.

378 805 51 53 ©
457 811 118 39 Nov.
602 809 68 47 12,
699 808 111 42 1932;
868 808 67 41 2c.
962 819 24 28 and
1086 807 81 42 aff.
1196 809 110 40 Dec.
1334 807 29 39 9;
1419 809 38 37 A
1486 806 143 41 57397;
1688 808 51 38 E.
1769 807 198 40 Looker.
1996 805 371 46 Northampton.

446 868 146 38 Mass.
663 864 279 49 (32-28149)

375 965 389 66 McDermott,
794 967 155 54 John
979 967 261 64 Francis,
1274 968 168 50 1902-
1656 966 85 55 ed.

447 1044 111 55 Sex
591 1044 59 53 in
682 1045 95 52 the
811 1051 144 61 arts;
993 1064 30 33 a
1057 1042 369 70 symposium,
1458 1043 185 54 edited
1678 1043 75 68 by
1787 1044 157 54 John
1977 1041 238 55 Francis
374 1042 1968 133 McDermott

675 1124 112 52 and
824 1121 252 55 Kendall
1113 1125 65 51 B.
1217 1120 159 55 Taft.
1451 1122 138 53 New
1628 1121 179 67 York,
1842 1121 258 67 London,
2135 1121 233 68 Harper

374 1205 44 50 &
443 1202 277 65 brothers,
749 1204 150 51 1932.

444 1272 726 51 xviii p., 1 l., 328 p. 22½ᶜᵐ.
448 1330 162 41 “First
637 1329 227 42 edition.”

379 1384 51 53 ©
458 1389 116 40 Nov.
601 1388 55 41 23,
755 1387 82 48 1932;
866 1388 67 40 2c.
961 1388 117 39 Nov.
1105 1386 82 48 25;
1217 1386 82 41 aff.
1327 1388 118 39 Nov.
1473 1386 58 40 26;
1584 1388 40 38 A
1652 1386 113 41 57228;
1853 1387 193 47 Harper
2073 1386 36 40 &
2136 1386 125 40 bros.

456 1445 279 47 (32-28150)

376 1547 226 66 Magee,
633 1547 205 54 James
867 1546 264 67 Francis,
1165 1551 325 50 1834-1903.

507 1621 1861 68 … An American student abroad; from the letters of James F.
376 1701 216 66 Magee.
655 1698 423 70 Philadelphia,
1105 1700 120 52 The
1252 1700 199 68 Magee
1481 1718 172 51 press,
1684 1702 149 50 1932.

445 1772 870 49 297, [3] p. plates, ports. 22 ½ᶜᵐ .
446 1829 64 40 At
536 1830 124 39 head
688 1829 52 39 of
766 1829 107 40 title
891 1840 10 28 :
931 1828 174 41 Edited
1132 1829 60 47 by
1220 1828 183 49 George
1433 1830 70 40 W.
1533 1830 181 47 Magee,
1742 1829 60 48 jr.

449 1886 138 47 Maps
617 1896 60 29 on
704 1885 362 47 lining-papers.

449 1940 1921 43 “Printed on Hamilton’s Victorian book stock … The first edition is
377 1999 186 41 limited
593 2001 47 38 to
667 1999 84 40 517
776 1999 261 39 numbered
1064 1998 171 47 copies,
1262 1997 52 41 of
1340 1997 157 41 which
1525 1998 83 40 the
1632 1999 55 39 17
1713 2009 83 29 are
1822 1998 79 39 for
1926 1997 189 50 private
379 1997 1973 99 distribution

516 2056 95 39 and
648 2056 81 39 the
765 2054 274 40 remainder
1072 2054 78 39 for
1186 2056 195 46 general
1416 2053 303 41 circulation.
1783 2053 119 42 This
1936 2054 42 42 is
2013 2055 120 40 book
2171 2053 200 42 number

378 2111 222 49 special.”

383 2169 50 52 ©
468 2174 116 38 Nov.
619 2174 23 37 1,
750 2172 55 39 1932;
866 2170 66 41 2c.
968 2170 102 41 Oct.
1105 2170 54 40 31;
1224 2169 80 40 aff.
1340 2170 117 39 Nov.
1492 2170 25 39 5;
1582 2170 39 38 A
1655 2169 143 41 55847;
1863 2169 184 42 George
2080 2170 70 39 W.
2187 2170 182 46 Magee,

450 2227 350 47 Philadelphia.
873 2225 278 48 (32-32393)

379 2328 228 65 Maran,
636 2327 179 67 René,
847 2328 172 55 1887-

449 2406 300 68 Batouala,
786 2425 31 34 a
853 2407 165 51 novel
1054 2406 75 67 by
1164 2406 154 51 René
1354 2406 223 66 Maran,
1614 2405 314 54 translated
1965 2405 74 68 by
2075 2406 191 52 Alvah
2307 2405 60 55 C.

384 2484 187 53 Bessie
617 2485 112 52 and
777 2483 323 55 illustrated
1145 2484 73 67 by
1265 2483 219 68 Miguel
1533 2483 397 55 Covarrubias.
2006 2484 137 53 New
2191 2483 179 65 York,

379 2563 120 52 The
525 2562 251 53 Limited
805 2562 243 52 editions
1076 2561 144 64 club,
1252 2565 149 50 1932.

450 2632 1643 51 3 p. l., v-xiv p., 1 l., 117, [3] p. incl. illus., col. plates. 34 ᶜᵐ .
453 2689 220 42 “Fifteen
701 2691 220 40 hundred
950 2691 160 47 copies
1136 2691 52 40 of
1215 2691 98 40 this
1340 2690 183 40 edition
1552 2691 122 40 have
1703 2691 117 40 been
1848 2691 139 39 made
2014 2690 78 40 for
2122 2691 80 39 the
381 2701 1971 89 members

527 2746 1843 50 of the Limited editions club … This copy is number copyright
380 2805 161 48 copy.”

454 2862 174 48 Signed
656 2862 60 48 by
745 2862 289 41 illustrator.

385 2917 51 51 ©
471 2922 117 41 Aug.
621 2920 55 39 25,
782 2920 55 40 1932;
899 2920 67 39 2c.
1001 2919 102 40 Oct.
1136 2920 54 39 31;
1255 2919 82 40 aff.
1371 2920 117 40 Nov.
1522 2921 55 38 17;
1641 2921 39 37 A
1715 2918 141 42 56822;
1920 2920 207 40 Limited
2163 2919 208 41 editions

453 2976 121 42 club.
606 2976 88 40 inc.
766 2974 277 47 (32-32548)

382 3077 231 64 Marlin,
646 3078 183 62 Lloyd
862 3077 301 56 Garrison.

451 3153 121 52 The
604 3153 220 68 history
858 3151 64 54 of
959 3152 286 54 Cherokee
1279 3159 226 64 county,
1540 3155 74 68 by
1651 3155 137 52 Rev.
1826 3154 186 69 Lloyd
2049 3154 68 55 G.
2155 3154 217 53 Marlin

444 3229 1927 71 … Atlanta, Ga., Press of Walter W. Brown publishing co.
387 3310 192 64 [ ᶜ1 932 ]
452 3379 1670 50 1 p. l., v-xiii p., 1 l. , 289 p. illus. (incl. ports., maps) 23½ ᶜᵐ .
387 3433 51 51 ©
475 3439 116 38 Nov.
629 3440 27 36 4,
766 3437 53 38 1932;
886 3437 66 40 2c.
991 3439 94 38 and
1123 3438 81 40 aff.
1243 3440 116 40 Nov.
1398 3441 54 37 14;
1519 3441 39 38 A
1597 3439 144 41 57079;
1808 3441 47 38 L.
1897 3440 53 40 G.
1990 3438 193 42 Marlin.
2223 3439 145 47 Holly

457 3493 213 47 Springs.
701 3494 83 38 Ga.
856 3492 278 46 (32-32236)

384 3594 240 65 Martin,
655 3596 247 53 Everett
928 3596 184 65 Dean,
1141 3600 170 51 1880-

456 3670 311 68 Civilizing
813 3673 308 64 ourselves;
1171 3673 346 54 intellectual
1565 3675 277 67 maturity
1890 3674 58 53 in
1995 3676 94 53 the
2136 3677 232 52 modern

387 3748 175 52 world
602 3748 50 67 [by]
750 3749 234 52 Everett
1017 3750 162 51 Dean
1211 3750 234 52 Martin.
1520 3754 138 51 New
1692 3752 178 55 York.
1903 3753 87 53 W.
2025 3754 88 52 W.
2148 3753 219 52 Norton

384 3828 44 50 &
455 3843 294 48 company,
778 3825 102 54 inc.
958 3829 148 64 [ᶜ1932]

457 3886 453 59 xi, 329 p. 22½ ᶜᵐ .
389 3950 51 51 ©
469 3954 101 40 Oct.
597 3955 56 39 27,
750 3956 55 39 1932;
861 3955 66 40 2c.
956 3955 100 40 Oct.
1084 3956 54 38 31;
1196 3955 80 41 aff.
1306 3957 101 40 Oct.
1435 3958 82 47 29;
1546 3958 40 39 A
1614 3960 141 39 55771;
1814 3960 71 39 W.
1914 3960 70 39 W.
2012 3959 184 40 Norton
2223 3959 36 40 &
2285 3967 67 32 co.,

455 4010 90 38 inc.
616 4010 278 49 (32-32555)
