<alto xmlns="http://www.loc.gov/standards/alto/ns-v3#" xmlns:xlink="http://www.w3.org/1999/xlink" xmlns:xsi="http://www.w3.org/2001/XMLSchema-instance" xsi:schemaLocation="http://www.loc.gov/standards/alto/ns-v3# http://www.loc.gov/alto/v3/alto-3-0.xsd"><Description>
<MeasurementUnit>pixel</MeasurementUnit>
<sourceImageInformation>
<fileName>1932_v29_part001.pdf</fileName>
</sourceImageInformation>
<OCRProcessing ID="IdOcr">
<ocrProcessingStep>
<processingDateTime>2019-04-25</processingDateTime>
<processingSoftware>
<softwareCreator>ABBYY</softwareCreator>
<softwareName>ABBYY Recognition Server</softwareName>
<softwareVersion>4.0</softwareVersion>
</processingSoftware>
</ocrProcessingStep>
</OCRProcessing>
</Description>
<Styles>
<ParagraphStyle ID="StyleId-FFFFFFFF-FFFF-FFFF-FFFF-FFFFFFFFFFFF-" ALIGN="Left" LEFT="0." RIGHT="0." FIRSTLINE="0."/>
<ParagraphStyle ID="StyleId-547D96D3-B2DE-4E86-A4BD-9DDFC275973A-" ALIGN="Left" LEFT="0." RIGHT="0." FIRSTLINE="0." LINESPACE="7.699999809"/>
<ParagraphStyle ID="StyleId-BE433B82-DF6F-491A-9872-F562FF4150C8-" ALIGN="Block" LEFT="0." RIGHT="0." FIRSTLINE="-13." LINESPACE="7.900000095"/>
<ParagraphStyle ID="StyleId-CC286467-50C5-4655-B0CF-BA365CCE0736-" ALIGN="Block" LEFT="0." RIGHT="0." FIRSTLINE="-15." LINESPACE="8.479999542"/>
<ParagraphStyle ID="StyleId-9878414D-BEDB-487D-971A-CF5ADB5C4AD2-" ALIGN="Block" LEFT="0." RIGHT="0." FIRSTLINE="-14." LINESPACE="10.92000008"/>
<ParagraphStyle ID="StyleId-EBC70DE5-3635-4BD4-B07B-05DF6EFE0022-" ALIGN="Block" LEFT="0." RIGHT="0." FIRSTLINE="-13." LINESPACE="12.19999981"/>
<ParagraphStyle ID="StyleId-8A688F83-F017-4D5D-A00A-14637016ED45-" ALIGN="Left" LEFT="0." RIGHT="0." FIRSTLINE="0." LINESPACE="9.399999619"/>
<ParagraphStyle ID="StyleId-20F0BBAE-20C6-42F4-8113-00B5C02924DC-" ALIGN="Left" LEFT="0." RIGHT="0." FIRSTLINE="0." LINESPACE="11.10000038"/>
<ParagraphStyle ID="StyleId-7AA70148-8873-4ACB-90AE-BF9322E02302-" ALIGN="Left" LEFT="0." RIGHT="0." FIRSTLINE="-13." LINESPACE="11.09000015"/>
<ParagraphStyle ID="StyleId-072EF7BA-7207-4F8B-9A7C-F564E8B4CB16-" ALIGN="Left" LEFT="0." RIGHT="0." FIRSTLINE="-14." LINESPACE="12.19999981"/>
<ParagraphStyle ID="StyleId-44303D12-21D7-4DB0-9E9F-87FA1A861DD7-" ALIGN="Block" LEFT="0." RIGHT="0." FIRSTLINE="-14." LINESPACE="10.92000008"/>
<ParagraphStyle ID="StyleId-43CF0D44-8AC2-4CD0-865F-942C78705184-" ALIGN="Block" LEFT="0." RIGHT="0." FIRSTLINE="-13." LINESPACE="12.19999981"/>
<ParagraphStyle ID="StyleId-7A298A86-29F5-413A-AEC9-078A4CC464D7-" ALIGN="Block" LEFT="0." RIGHT="0." FIRSTLINE="13." LINESPACE="12.19999981"/>
<ParagraphStyle ID="StyleId-8E4E86F7-C1F9-4A1A-B605-6B1FC1C8E9F7-" ALIGN="Left" LEFT="0." RIGHT="0." FIRSTLINE="0." LINESPACE="11.60000038"/>
<ParagraphStyle ID="StyleId-AB39791B-5ED1-444F-BEF5-2CFED1F2709A-" ALIGN="Left" LEFT="0." RIGHT="0." FIRSTLINE="-13." LINESPACE="11.09000015"/>
<ParagraphStyle ID="StyleId-C1F2EEE7-CD00-4E11-9EAD-B222287AEDA4-" ALIGN="Center" LEFT="0." RIGHT="0." FIRSTLINE="0." LINESPACE="11.10000038"/>
</Styles>
<Layout>
<Page ID="Page704" PHYSICAL_IMG_NR="704" HEIGHT="4368" WIDTH="2563">
<TopMargin HEIGHT="454" WIDTH="2563" VPOS="0" HPOS="0">
</TopMargin>
<LeftMargin HEIGHT="3579" WIDTH="282" VPOS="454" HPOS="0">
</LeftMargin>
<RightMargin HEIGHT="3579" WIDTH="253" VPOS="454" HPOS="2310">
</RightMargin>
<BottomMargin HEIGHT="335" WIDTH="2563" VPOS="4033" HPOS="0">
<TextBlock ID="Page704_Block1" HEIGHT="113" WIDTH="402" VPOS="4064" HPOS="1171" LANG="en-US" STYLEREFS="StyleId-F3B49A71-FC19-4145-9486-69BA87DBD124-">
<TextLine HEIGHT="53" WIDTH="102" VPOS="4065" HPOS="1250">
<String CONTENT="704" HEIGHT="53" WIDTH="102" VPOS="4065" HPOS="1250"/>
</TextLine>
</TextBlock>
</BottomMargin>
<PrintSpace HEIGHT="3579" WIDTH="2028" VPOS="454" HPOS="282">
<TextBlock ID="Page704_Block2" HEIGHT="3579" WIDTH="2028" VPOS="454" HPOS="282" CS="1" STYLEREFS="StyleId-0B8FE2DE-528E-4850-A4E7-479E6AD3F5AD-">
<TextLine HEIGHT="70" WIDTH="615" VPOS="465" HPOS="299" STYLEREFS="StyleId-8CC3E199-119D-4D50-9084-8C7FDEA7962A-" LANG="en-US">
<String CONTENT="Heyrowsky," HEIGHT="66" WIDTH="387" VPOS="469" HPOS="299"/>
<SP HEIGHT="66" WIDTH="28" VPOS="469" HPOS="687"/>
<String CONTENT="Adolf." HEIGHT="59" WIDTH="198" VPOS="465" HPOS="716"/>
</TextLine>
<TextLine HEIGHT="75" WIDTH="1926" VPOS="539" HPOS="361" STYLEREFS="StyleId-E007C66B-59A0-4B08-AE38-050163562D3B-">
<String LANG="de" CONTENT="Neue" HEIGHT="54" WIDTH="154" VPOS="546" HPOS="361"/>
<SP HEIGHT="33" WIDTH="40" VPOS="567" HPOS="516"/>
<String LANG="en-US" CONTENT="wege" HEIGHT="49" WIDTH="152" VPOS="565" HPOS="557"/>
<SP HEIGHT="33" WIDTH="37" VPOS="565" HPOS="710"/>
<String LANG="de" CONTENT="zur" HEIGHT="33" WIDTH="101" VPOS="564" HPOS="748"/>
<SP HEIGHT="52" WIDTH="37" VPOS="545" HPOS="850"/>
<String LANG="de" CONTENT="kl&#228;rung" HEIGHT="67" WIDTH="249" VPOS="545" HPOS="888"/>
<SP HEIGHT="68" WIDTH="38" VPOS="544" HPOS="1138"/>
<String LANG="de" CONTENT="der" HEIGHT="52" WIDTH="99" VPOS="544" HPOS="1177"/>
<SP HEIGHT="52" WIDTH="36" VPOS="543" HPOS="1277"/>
<String LANG="de" CONTENT="kriegsschuld," HEIGHT="69" WIDTH="413" VPOS="541" HPOS="1314"/>
<SP HEIGHT="50" WIDTH="37" VPOS="559" HPOS="1728"/>
<String LANG="de" CONTENT="von" HEIGHT="34" WIDTH="110" VPOS="559" HPOS="1766"/>
<SP HEIGHT="34" WIDTH="38" VPOS="559" HPOS="1877"/>
<String LANG="en-US" CONTENT="major" HEIGHT="68" WIDTH="185" VPOS="539" HPOS="1916"/>
<SP HEIGHT="34" WIDTH="38" VPOS="558" HPOS="2102"/>
<String LANG="en-US" CONTENT="a." HEIGHT="33" WIDTH="49" VPOS="559" HPOS="2141"/>
<SP HEIGHT="53" WIDTH="40" VPOS="539" HPOS="2191"/>
<String LANG="de" CONTENT="d." HEIGHT="52" WIDTH="55" VPOS="539" HPOS="2232"/>
</TextLine>
<TextLine HEIGHT="137" WIDTH="1969" VPOS="617" HPOS="293" STYLEREFS="StyleId-E007C66B-59A0-4B08-AE38-050163562D3B-" LANG="de" CS="1">
<String CONTENT="Adolf" HEIGHT="53" WIDTH="184" VPOS="624" HPOS="293"/>
<SP HEIGHT="52" WIDTH="40" VPOS="624" HPOS="478"/>
<String CONTENT="Heyrowsky," HEIGHT="69" WIDTH="376" VPOS="622" HPOS="519"/>
<SP HEIGHT="48" WIDTH="38" VPOS="642" HPOS="896"/>
<String CONTENT="mit" HEIGHT="54" WIDTH="105" VPOS="621" HPOS="935"/>
<SP HEIGHT="46" WIDTH="39" VPOS="629" HPOS="1041"/>
<String CONTENT="einem" HEIGHT="52" WIDTH="181" VPOS="622" HPOS="1081"/>
<SP HEIGHT="34" WIDTH="36" VPOS="639" HPOS="1263"/>
<String CONTENT="Vorwort" HEIGHT="47" WIDTH="249" VPOS="626" HPOS="1300"/>
<SP HEIGHT="46" WIDTH="38" VPOS="626" HPOS="1550"/>
<String CONTENT="von" HEIGHT="35" WIDTH="109" VPOS="637" HPOS="1589"/>
<SP HEIGHT="52" WIDTH="41" VPOS="619" HPOS="1699"/>
<String CONTENT="dr." HEIGHT="52" WIDTH="85" VPOS="619" HPOS="1741"/>
<SP HEIGHT="52" WIDTH="38" VPOS="619" HPOS="1827"/>
<String CONTENT="Rudolf" HEIGHT="54" WIDTH="224" VPOS="617" HPOS="1866"/>
<SP HEIGHT="55" WIDTH="37" VPOS="617" HPOS="2091"/>
<String CONTENT="G&#252;nther." HEIGHT="137" WIDTH="1969" VPOS="617" HPOS="293"/>
</TextLine>
<TextLine HEIGHT="69" WIDTH="997" VPOS="698" HPOS="503" STYLEREFS="StyleId-E007C66B-59A0-4B08-AE38-050163562D3B-" LANG="de">
<String CONTENT="Berlin," HEIGHT="66" WIDTH="217" VPOS="701" HPOS="503"/>
<SP HEIGHT="64" WIDTH="30" VPOS="703" HPOS="721"/>
<String CONTENT="Buchkunst" HEIGHT="52" WIDTH="337" VPOS="700" HPOS="752"/>
<SP HEIGHT="59" WIDTH="30" VPOS="707" HPOS="1090"/>
<String CONTENT="gmbh," HEIGHT="68" WIDTH="192" VPOS="698" HPOS="1121"/>
<SP HEIGHT="61" WIDTH="33" VPOS="702" HPOS="1314"/>
<String CONTENT="1932." HEIGHT="49" WIDTH="152" VPOS="700" HPOS="1348"/>
</TextLine>
<TextLine HEIGHT="51" WIDTH="590" VPOS="772" HPOS="365" LANG="de" CS="1">
<String CONTENT="3" HEIGHT="40" WIDTH="27" VPOS="774" HPOS="365"/>
<SP HEIGHT="49" WIDTH="25" VPOS="774" HPOS="393"/>
<String CONTENT="p." HEIGHT="38" WIDTH="43" VPOS="785" HPOS="419"/>
<SP HEIGHT="39" WIDTH="29" VPOS="776" HPOS="463"/>
<String CS="1" CONTENT="l.," HEIGHT="39" WIDTH="28" VPOS="776" HPOS="493"/>
<SP HEIGHT="47" WIDTH="25" VPOS="775" HPOS="538"/>
<String CONTENT="5-218" HEIGHT="42" WIDTH="144" VPOS="772" HPOS="564"/>
<SP HEIGHT="50" WIDTH="27" VPOS="772" HPOS="709"/>
<String CONTENT="p." HEIGHT="37" WIDTH="43" VPOS="785" HPOS="737"/>
<SP HEIGHT="41" WIDTH="59" VPOS="772" HPOS="781"/>
<String CONTENT="24" HEIGHT="39" WIDTH="54" VPOS="772" HPOS="841"/>
<String CONTENT="&#7580;&#7504;" HEIGHT="20" WIDTH="44" VPOS="775" HPOS="899"/>
<String CONTENT="." HEIGHT="9" WIDTH="8" VPOS="804" HPOS="947"/>
</TextLine>
<TextLine HEIGHT="56" WIDTH="1986" VPOS="838" HPOS="306" LANG="de" CS="1">
<String CONTENT="&#169;" HEIGHT="52" WIDTH="51" VPOS="842" HPOS="306"/>
<SP HEIGHT="52" WIDTH="29" VPOS="842" HPOS="358"/>
<String CONTENT="Feb." HEIGHT="39" WIDTH="108" VPOS="846" HPOS="388"/>
<SP HEIGHT="39" WIDTH="27" VPOS="846" HPOS="497"/>
<String CONTENT="20," HEIGHT="48" WIDTH="69" VPOS="845" HPOS="525"/>
<SP HEIGHT="47" WIDTH="28" VPOS="846" HPOS="595"/>
<String CONTENT="1932;" HEIGHT="48" WIDTH="140" VPOS="843" HPOS="624"/>
<SP/>
<String CS="1" CONTENT="1c."/>
<SP HEIGHT="39" WIDTH="26" VPOS="844" HPOS="862"/>
<String LANG="en-US" CONTENT="Apr." HEIGHT="47" WIDTH="112" VPOS="844" HPOS="889"/>
<SP HEIGHT="40" WIDTH="28" VPOS="844" HPOS="1002"/>
<String CONTENT="13;" HEIGHT="46" WIDTH="79" VPOS="843" HPOS="1031"/>
<SP/>
<!-- cceid 08E36274-6D7D-1014-B4A5-D7A31D17AB40 --><String LANG="en-US" CONTENT="A" HEIGHT="39" WIDTH="39" VPOS="842" HPOS="1142"/>
<String CONTENT="&#8212;Foreign" HEIGHT="48" WIDTH="267" VPOS="840" HPOS="1183"/>
<SP HEIGHT="37" WIDTH="30" VPOS="842" HPOS="1451"/>
<String CONTENT="16449;" HEIGHT="48" WIDTH="168" VPOS="839" HPOS="1482"/>
<SP HEIGHT="46" WIDTH="31" VPOS="841" HPOS="1651"/>
<String CONTENT="Buchkunst," HEIGHT="46" WIDTH="300" VPOS="840" HPOS="1683"/>
<SP HEIGHT="38" WIDTH="29" VPOS="850" HPOS="1984"/>
<String CONTENT="g." HEIGHT="38" WIDTH="42" VPOS="850" HPOS="2014"/>
<SP HEIGHT="32" WIDTH="27" VPOS="850" HPOS="2057"/>
<String CONTENT="m." HEIGHT="29" WIDTH="59" VPOS="850" HPOS="2085"/>
<SP HEIGHT="41" WIDTH="30" VPOS="838" HPOS="2145"/>
<String CONTENT="b." HEIGHT="43" WIDTH="41" VPOS="838" HPOS="2176"/>
<SP HEIGHT="41" WIDTH="29" VPOS="840" HPOS="2218"/>
<String CONTENT="h." HEIGHT="38" WIDTH="44" VPOS="840" HPOS="2248"/>
</TextLine>
<TextLine HEIGHT="51" WIDTH="279" VPOS="903" HPOS="382" LANG="de">
<String CONTENT="(32-13336)" HEIGHT="51" WIDTH="279" VPOS="903" HPOS="382"/>
</TextLine>
<TextLine HEIGHT="67" WIDTH="826" VPOS="1005" HPOS="302" STYLEREFS="StyleId-8CC3E199-119D-4D50-9084-8C7FDEA7962A-" LANG="de">
<String CONTENT="Hopkins," HEIGHT="65" WIDTH="286" VPOS="1007" HPOS="302"/>
<SP HEIGHT="64" WIDTH="25" VPOS="1008" HPOS="589"/>
<String CONTENT="B." HEIGHT="54" WIDTH="68" VPOS="1008" HPOS="615"/>
<SP HEIGHT="55" WIDTH="25" VPOS="1007" HPOS="684"/>
<String CONTENT="Smith," HEIGHT="66" WIDTH="215" VPOS="1005" HPOS="710"/>
<SP HEIGHT="60" WIDTH="30" VPOS="1011" HPOS="926"/>
<String CONTENT="1873-" HEIGHT="55" WIDTH="171" VPOS="1005" HPOS="957"/>
</TextLine>
<TextLine HEIGHT="73" WIDTH="1860" VPOS="1077" HPOS="374" STYLEREFS="StyleId-E007C66B-59A0-4B08-AE38-050163562D3B-" CS="1">
<String LANG="de" CONTENT="Essentials" HEIGHT="53" WIDTH="314" VPOS="1084" HPOS="374"/>
<SP HEIGHT="34" WIDTH="41" VPOS="1102" HPOS="689"/>
<String LANG="en-US" CONTENT="of" HEIGHT="54" WIDTH="64" VPOS="1081" HPOS="731"/>
<SP HEIGHT="52" WIDTH="41" VPOS="1081" HPOS="796"/>
<String LANG="en-US" CONTENT="college" HEIGHT="67" WIDTH="210" VPOS="1083" HPOS="838"/>
<SP HEIGHT="33" WIDTH="44" VPOS="1100" HPOS="1049"/>
<String LANG="en-US" CONTENT="chemistry," HEIGHT="68" WIDTH="324" VPOS="1080" HPOS="1094"/>
<SP HEIGHT="69" WIDTH="42" VPOS="1079" HPOS="1419"/>
<String LANG="en-US" CONTENT="by" HEIGHT="70" WIDTH="73" VPOS="1079" HPOS="1462"/>
<SP HEIGHT="68" WIDTH="44" VPOS="1081" HPOS="1536"/>
<String LANG="en-US" CONTENT="B" HEIGHT="51" WIDTH="48" VPOS="1081" HPOS="1581"/>
<SP HEIGHT="55" WIDTH="49" VPOS="1079" HPOS="1630"/>
<String LANG="en-US" CONTENT="Smith" HEIGHT="55" WIDTH="189" VPOS="1079" HPOS="1680"/>
<SP HEIGHT="54" WIDTH="43" VPOS="1079" HPOS="1870"/>
<String LANG="en-US" CONTENT="Hopkins" HEIGHT="70" WIDTH="270" VPOS="1077" HPOS="1914"/>
<SP HEIGHT="33" WIDTH="49" VPOS="1099" HPOS="2185"/>
<String LANG="en-US" CS="1" CONTENT="&#8230;"/>
</TextLine>
<TextLine HEIGHT="72" WIDTH="1838" VPOS="1158" HPOS="306" STYLEREFS="StyleId-E007C66B-59A0-4B08-AE38-050163562D3B-" LANG="en-US" CS="1">
<String CONTENT="Boston," HEIGHT="65" WIDTH="232" VPOS="1165" HPOS="306"/>
<SP HEIGHT="68" WIDTH="26" VPOS="1162" HPOS="539"/>
<String CONTENT="New" HEIGHT="53" WIDTH="136" VPOS="1162" HPOS="566"/>
<SP HEIGHT="52" WIDTH="29" VPOS="1162" HPOS="703"/>
<String CONTENT="York" HEIGHT="53" WIDTH="162" VPOS="1161" HPOS="733"/>
<SP HEIGHT="66" WIDTH="30" VPOS="1161" HPOS="896"/>
<String CONTENT="[etc.]" HEIGHT="60" WIDTH="137" VPOS="1167" HPOS="927"/>
<SP HEIGHT="66" WIDTH="32" VPOS="1161" HPOS="1065"/>
<String CONTENT="D." HEIGHT="51" WIDTH="70" VPOS="1161" HPOS="1098"/>
<SP HEIGHT="54" WIDTH="30" VPOS="1158" HPOS="1169"/>
<String CONTENT="C." HEIGHT="54" WIDTH="61" VPOS="1158" HPOS="1200"/>
<SP HEIGHT="53" WIDTH="28" VPOS="1158" HPOS="1262"/>
<String CONTENT="Heath" HEIGHT="53" WIDTH="194" VPOS="1158" HPOS="1291"/>
<SP HEIGHT="52" WIDTH="27" VPOS="1159" HPOS="1486"/>
<String CONTENT="and" HEIGHT="52" WIDTH="113" VPOS="1160" HPOS="1514"/>
<SP HEIGHT="52" WIDTH="27" VPOS="1160" HPOS="1628"/>
<String CONTENT="company" HEIGHT="51" WIDTH="278" VPOS="1176" HPOS="1656"/>
<SP HEIGHT="51" WIDTH="33" VPOS="1176" HPOS="1935"/>
<String CS="1" CONTENT="["/>
<String STYLE="superscript" CS="1" CONTENT="&#7580;193"/>
<String CS="1" CONTENT="2]" HEIGHT="49" WIDTH="33" VPOS="1161" HPOS="2111"/>
</TextLine>
<TextLine HEIGHT="53" WIDTH="1211" VPOS="1232" HPOS="373" STYLEREFS="StyleId-E007C66B-59A0-4B08-AE38-050163562D3B-" LANG="en-US" CS="1">
<String CONTENT="vi," HEIGHT="48" WIDTH="63" VPOS="1237" HPOS="373"/>
<SP HEIGHT="47" WIDTH="27" VPOS="1238" HPOS="437"/>
<String CONTENT="544" HEIGHT="39" WIDTH="85" VPOS="1238" HPOS="465"/>
<SP HEIGHT="47" WIDTH="27" VPOS="1238" HPOS="551"/>
<String CONTENT="p." HEIGHT="37" WIDTH="43" VPOS="1248" HPOS="579"/>
<SP/>
<String CS="1" CONTENT="front."/>
<SP HEIGHT="48" WIDTH="29" VPOS="1235" HPOS="828"/>
<String CONTENT="(map)" HEIGHT="48" WIDTH="158" VPOS="1235" HPOS="858"/>
<SP HEIGHT="49" WIDTH="38" VPOS="1233" HPOS="1017"/>
<String CONTENT="illus.," HEIGHT="49" WIDTH="143" VPOS="1233" HPOS="1056"/>
<SP HEIGHT="48" WIDTH="29" VPOS="1234" HPOS="1200"/>
<String CONTENT="diagrs." HEIGHT="49" WIDTH="180" VPOS="1233" HPOS="1230"/>
<SP HEIGHT="40" WIDTH="57" VPOS="1234" HPOS="1411"/>
<String CS="1" CONTENT="22&#7580;&#7504;." HEIGHT="42" WIDTH="115" VPOS="1232" HPOS="1469"/>
</TextLine>
<TextLine HEIGHT="47" WIDTH="655" VPOS="1293" HPOS="373" LANG="en-US">
<String CONTENT="Tables" HEIGHT="39" WIDTH="173" VPOS="1295" HPOS="373"/>
<SP HEIGHT="29" WIDTH="28" VPOS="1305" HPOS="547"/>
<String CONTENT="on" HEIGHT="30" WIDTH="61" VPOS="1303" HPOS="576"/>
<SP HEIGHT="37" WIDTH="28" VPOS="1294" HPOS="638"/>
<String CONTENT="lining-papers." HEIGHT="47" WIDTH="361" VPOS="1293" HPOS="667"/>
</TextLine>
<TextLine HEIGHT="49" WIDTH="1842" VPOS="1346" HPOS="377" LANG="en-US">
<String CONTENT="&#8220;References" HEIGHT="41" WIDTH="317" VPOS="1351" HPOS="377"/>
<SP HEIGHT="40" WIDTH="23" VPOS="1350" HPOS="695"/>
<String CONTENT="for" HEIGHT="39" WIDTH="79" VPOS="1350" HPOS="719"/>
<SP HEIGHT="29" WIDTH="22" VPOS="1359" HPOS="799"/>
<String CONTENT="additional" HEIGHT="41" WIDTH="271" VPOS="1348" HPOS="822"/>
<SP HEIGHT="38" WIDTH="23" VPOS="1348" HPOS="1094"/>
<String CONTENT="reading&#8221;" HEIGHT="49" WIDTH="228" VPOS="1346" HPOS="1118"/>
<SP HEIGHT="41" WIDTH="26" VPOS="1346" HPOS="1347"/>
<String CONTENT="at" HEIGHT="38" WIDTH="52" VPOS="1350" HPOS="1374"/>
<SP HEIGHT="38" WIDTH="23" VPOS="1350" HPOS="1427"/>
<String CONTENT="end" HEIGHT="38" WIDTH="91" VPOS="1349" HPOS="1451"/>
<SP HEIGHT="39" WIDTH="24" VPOS="1349" HPOS="1543"/>
<String CONTENT="of" HEIGHT="41" WIDTH="52" VPOS="1347" HPOS="1568"/>
<SP HEIGHT="40" WIDTH="23" VPOS="1347" HPOS="1621"/>
<String CONTENT="most" HEIGHT="39" WIDTH="128" VPOS="1349" HPOS="1645"/>
<SP HEIGHT="40" WIDTH="20" VPOS="1349" HPOS="1774"/>
<String CONTENT="of" HEIGHT="42" WIDTH="52" VPOS="1347" HPOS="1795"/>
<SP HEIGHT="41" WIDTH="23" VPOS="1347" HPOS="1848"/>
<String CONTENT="the" HEIGHT="42" WIDTH="81" VPOS="1346" HPOS="1872"/>
<SP HEIGHT="31" WIDTH="24" VPOS="1357" HPOS="1954"/>
<String CONTENT="chapters." HEIGHT="47" WIDTH="240" VPOS="1348" HPOS="1979"/>
</TextLine>
<TextLine HEIGHT="53" WIDTH="1989" VPOS="1403" HPOS="309" LANG="en-US" CS="1">
<String CONTENT="&#169;" HEIGHT="52" WIDTH="51" VPOS="1404" HPOS="309"/>
<SP HEIGHT="52" WIDTH="24" VPOS="1404" HPOS="361"/>
<String CONTENT="Apr." HEIGHT="44" WIDTH="111" VPOS="1411" HPOS="386"/>
<SP HEIGHT="40" WIDTH="24" VPOS="1408" HPOS="498"/>
<String CONTENT="18," HEIGHT="47" WIDTH="66" VPOS="1407" HPOS="523"/>
<SP HEIGHT="45" WIDTH="24" VPOS="1409" HPOS="590"/>
<String CS="1" CONTENT="1932;" HEIGHT="41" WIDTH="111" VPOS="1405" HPOS="615"/>
<SP HEIGHT="47" WIDTH="23" VPOS="1407" HPOS="755"/>
<String CONTENT="2c." HEIGHT="40" WIDTH="66" VPOS="1407" HPOS="779"/>
<SP HEIGHT="40" WIDTH="24" VPOS="1407" HPOS="846"/>
<String CONTENT="May" HEIGHT="47" WIDTH="111" VPOS="1407" HPOS="871"/>
<SP HEIGHT="47" WIDTH="22" VPOS="1407" HPOS="983"/>
<String CS="1" CONTENT="4;" HEIGHT="38" WIDTH="26" VPOS="1407" HPOS="1006"/>
<SP HEIGHT="33" WIDTH="27" VPOS="1415" HPOS="1060"/>
<String CONTENT="aff." HEIGHT="40" WIDTH="79" VPOS="1405" HPOS="1088"/>
<SP HEIGHT="39" WIDTH="25" VPOS="1405" HPOS="1168"/>
<String CONTENT="May" HEIGHT="47" WIDTH="113" VPOS="1405" HPOS="1194"/>
<SP HEIGHT="47" WIDTH="21" VPOS="1405" HPOS="1308"/>
<String CS="1" CONTENT="3;" HEIGHT="39" WIDTH="25" VPOS="1405" HPOS="1330"/>
<SP HEIGHT="47" WIDTH="25" VPOS="1405" HPOS="1385"/>
<!-- cceid 08E3E30E-6D7D-1014-B4A5-D7A31D17AB40 --><String CONTENT="A" HEIGHT="39" WIDTH="38" VPOS="1405" HPOS="1411"/>
<SP HEIGHT="39" WIDTH="23" VPOS="1405" HPOS="1450"/>
<String CS="1" CONTENT="49828;" HEIGHT="42" WIDTH="144" VPOS="1403" HPOS="1474"/>
<SP HEIGHT="46" WIDTH="27" VPOS="1405" HPOS="1645"/>
<String LANG="fr" CONTENT="B." HEIGHT="39" WIDTH="51" VPOS="1405" HPOS="1673"/>
<SP HEIGHT="41" WIDTH="27" VPOS="1404" HPOS="1725"/>
<String CONTENT="S." HEIGHT="41" WIDTH="44" VPOS="1404" HPOS="1753"/>
<SP HEIGHT="41" WIDTH="25" VPOS="1404" HPOS="1798"/>
<String CONTENT="Hopkins," HEIGHT="49" WIDTH="235" VPOS="1403" HPOS="1824"/>
<SP HEIGHT="47" WIDTH="24" VPOS="1404" HPOS="2060"/>
<String LANG="la" CONTENT="Urbana," HEIGHT="49" WIDTH="213" VPOS="1403" HPOS="2085"/>
</TextLine>
<TextLine HEIGHT="49" WIDTH="424" VPOS="1464" HPOS="378" LANG="en-US">
<String CONTENT="Ill." HEIGHT="40" WIDTH="74" VPOS="1465" HPOS="378"/>
<SP HEIGHT="48" WIDTH="70" VPOS="1465" HPOS="453"/>
<String CONTENT="(32-12422)" HEIGHT="49" WIDTH="278" VPOS="1464" HPOS="524"/>
</TextLine>
<TextLine HEIGHT="65" WIDTH="824" VPOS="1567" HPOS="303" STYLEREFS="StyleId-8CC3E199-119D-4D50-9084-8C7FDEA7962A-" LANG="en-US">
<String CONTENT="Jacobsen," HEIGHT="63" WIDTH="307" VPOS="1569" HPOS="303"/>
<SP HEIGHT="63" WIDTH="34" VPOS="1569" HPOS="611"/>
<String CONTENT="Gertrude" HEIGHT="54" WIDTH="292" VPOS="1568" HPOS="646"/>
<SP HEIGHT="54" WIDTH="33" VPOS="1567" HPOS="939"/>
<String CONTENT="Ann." HEIGHT="56" WIDTH="154" VPOS="1567" HPOS="973"/>
</TextLine>
<TextLine HEIGHT="72" WIDTH="1792" VPOS="1641" HPOS="371" STYLEREFS="StyleId-E007C66B-59A0-4B08-AE38-050163562D3B-" LANG="en-US" CS="1">
<String CONTENT="William" HEIGHT="55" WIDTH="260" VPOS="1644" HPOS="371"/>
<SP HEIGHT="52" WIDTH="30" VPOS="1645" HPOS="632"/>
<String CONTENT="Blathwayt," HEIGHT="68" WIDTH="351" VPOS="1645" HPOS="663"/>
<SP HEIGHT="51" WIDTH="29" VPOS="1661" HPOS="1015"/>
<String CONTENT="a" HEIGHT="35" WIDTH="32" VPOS="1661" HPOS="1045"/>
<SP HEIGHT="52" WIDTH="30" VPOS="1644" HPOS="1078"/>
<String CONTENT="late" HEIGHT="52" WIDTH="113" VPOS="1644" HPOS="1109"/>
<SP HEIGHT="35" WIDTH="30" VPOS="1661" HPOS="1223"/>
<String CONTENT="seventeenth" HEIGHT="53" WIDTH="362" VPOS="1643" HPOS="1254"/>
<SP HEIGHT="55" WIDTH="29" VPOS="1643" HPOS="1617"/>
<String CONTENT="century" HEIGHT="66" WIDTH="235" VPOS="1646" HPOS="1647"/>
<SP HEIGHT="70" WIDTH="34" VPOS="1642" HPOS="1883"/>
<String CONTENT="English" HEIGHT="72" WIDTH="245" VPOS="1641" HPOS="1918"/>
</TextLine>
<TextLine HEIGHT="149" WIDTH="1993" VPOS="1641" HPOS="304" STYLEREFS="StyleId-E007C66B-59A0-4B08-AE38-050163562D3B-" LANG="en-US" CS="1">
<String CONTENT="administrator," HEIGHT="148" WIDTH="1967" VPOS="1641" HPOS="304"/>
<SP HEIGHT="67" WIDTH="25" VPOS="1722" HPOS="677"/>
<String CONTENT="by" HEIGHT="68" WIDTH="74" VPOS="1722" HPOS="703"/>
<SP HEIGHT="70" WIDTH="29" VPOS="1720" HPOS="778"/>
<String CONTENT="Gertrude" HEIGHT="55" WIDTH="283" VPOS="1720" HPOS="808"/>
<SP HEIGHT="52" WIDTH="26" VPOS="1721" HPOS="1092"/>
<String CONTENT="Ann" HEIGHT="51" WIDTH="137" VPOS="1721" HPOS="1119"/>
<SP HEIGHT="54" WIDTH="28" VPOS="1721" HPOS="1257"/>
<String CONTENT="Jacobsen" HEIGHT="57" WIDTH="279" VPOS="1718" HPOS="1286"/>
<SP HEIGHT="34" WIDTH="33" VPOS="1739" HPOS="1566"/>
<String CS="1" CONTENT="&#8230;"/>
<SP HEIGHT="54" WIDTH="70" VPOS="1720" HPOS="1657"/>
<String CONTENT="New" HEIGHT="54" WIDTH="137" VPOS="1720" HPOS="1728"/>
<SP HEIGHT="54" WIDTH="28" VPOS="1719" HPOS="1866"/>
<String CONTENT="Haven," HEIGHT="70" WIDTH="224" VPOS="1719" HPOS="1895"/>
<SP HEIGHT="69" WIDTH="30" VPOS="1720" HPOS="2120"/>
<String CONTENT="Yale" HEIGHT="55" WIDTH="146" VPOS="1719" HPOS="2151"/>
</TextLine>
<TextLine HEIGHT="72" WIDTH="1997" VPOS="1796" HPOS="302" STYLEREFS="StyleId-E007C66B-59A0-4B08-AE38-050163562D3B-" LANG="en-US" CS="1">
<String CONTENT="university" HEIGHT="68" WIDTH="315" VPOS="1800" HPOS="302"/>
<SP HEIGHT="51" WIDTH="23" VPOS="1817" HPOS="618"/>
<String CS="1" CONTENT="press;" HEIGHT="50" WIDTH="156" VPOS="1817" HPOS="642"/>
<SP HEIGHT="68" WIDTH="25" VPOS="1799" HPOS="827"/>
<String CONTENT="London," HEIGHT="68" WIDTH="257" VPOS="1798" HPOS="853"/>
<SP HEIGHT="68" WIDTH="21" VPOS="1798" HPOS="1111"/>
<String CONTENT="H." HEIGHT="53" WIDTH="78" VPOS="1798" HPOS="1133"/>
<SP HEIGHT="53" WIDTH="23" VPOS="1798" HPOS="1212"/>
<String CONTENT="Milford," HEIGHT="71" WIDTH="266" VPOS="1796" HPOS="1236"/>
<SP HEIGHT="70" WIDTH="22" VPOS="1797" HPOS="1503"/>
<String CONTENT="Oxford" HEIGHT="56" WIDTH="229" VPOS="1796" HPOS="1526"/>
<SP HEIGHT="53" WIDTH="24" VPOS="1798" HPOS="1756"/>
<String CONTENT="university" HEIGHT="72" WIDTH="317" VPOS="1796" HPOS="1781"/>
<SP HEIGHT="53" WIDTH="23" VPOS="1815" HPOS="2099"/>
<String CONTENT="press," HEIGHT="54" WIDTH="176" VPOS="1814" HPOS="2123"/>
</TextLine>
<TextLine HEIGHT="50" WIDTH="148" VPOS="1881" HPOS="308" STYLEREFS="StyleId-E007C66B-59A0-4B08-AE38-050163562D3B-" LANG="en-US">
<String CONTENT="1932." HEIGHT="50" WIDTH="148" VPOS="1881" HPOS="308"/>
</TextLine>
<TextLine HEIGHT="107" WIDTH="1976" VPOS="1947" HPOS="306" LANG="en-US" CS="1">
<String CONTENT="xii" HEIGHT="39" WIDTH="70" VPOS="1951" HPOS="374"/>
<SP HEIGHT="47" WIDTH="28" VPOS="1951" HPOS="445"/>
<String LANG="la" CONTENT="p.," HEIGHT="37" WIDTH="57" VPOS="1961" HPOS="474"/>
<SP HEIGHT="46" WIDTH="32" VPOS="1952" HPOS="532"/>
<String CONTENT="1" HEIGHT="37" WIDTH="23" VPOS="1952" HPOS="565"/>
<SP HEIGHT="48" WIDTH="20" VPOS="1951" HPOS="589"/>
<String CS="1" CONTENT="l.," HEIGHT="17" WIDTH="22" VPOS="1980" HPOS="642"/>
<SP HEIGHT="48" WIDTH="30" VPOS="1949" HPOS="665"/>
<String CONTENT="508" HEIGHT="41" WIDTH="85" VPOS="1949" HPOS="696"/>
<SP HEIGHT="48" WIDTH="27" VPOS="1949" HPOS="782"/>
<String CONTENT="p." HEIGHT="37" WIDTH="43" VPOS="1960" HPOS="810"/>
<SP/>
<String CS="1" CONTENT="front."/>
<SP HEIGHT="48" WIDTH="29" VPOS="1948" HPOS="1063"/>
<String CONTENT="(port.)" HEIGHT="49" WIDTH="170" VPOS="1948" HPOS="1093"/>
<SP HEIGHT="48" WIDTH="39" VPOS="1949" HPOS="1264"/>
<String CONTENT="plates." HEIGHT="48" WIDTH="170" VPOS="1948" HPOS="1304"/>
<SP HEIGHT="39" WIDTH="62" VPOS="1950" HPOS="1475"/>
<String CS="1" CONTENT="23&#7580;&#7504;." HEIGHT="41" WIDTH="114" VPOS="1947" HPOS="1538"/>
<SP HEIGHT="48" WIDTH="70" VPOS="1948" HPOS="1653"/>
<String CONTENT="(Half-title:" HEIGHT="50" WIDTH="298" VPOS="1947" HPOS="1724"/>
<SP HEIGHT="43" WIDTH="30" VPOS="1947" HPOS="2023"/>
<String CONTENT="Yale" HEIGHT="41" WIDTH="117" VPOS="1947" HPOS="2054"/>
<SP HEIGHT="40" WIDTH="31" VPOS="1948" HPOS="2172"/>
<String CONTENT="historical" HEIGHT="99" WIDTH="1976" VPOS="1948" HPOS="306"/>
<SP HEIGHT="45" WIDTH="30" VPOS="2009" HPOS="480"/>
<String CONTENT="publications." HEIGHT="48" WIDTH="337" VPOS="2006" HPOS="511"/>
</TextLine>
<TextLine HEIGHT="49" WIDTH="444" VPOS="2004" HPOS="909" LANG="en-US" CS="1">
<String CONTENT="Miscellany," HEIGHT="48" WIDTH="298" VPOS="2004" HPOS="909"/>
<SP HEIGHT="35" WIDTH="34" VPOS="2016" HPOS="1208"/>
<String CS="1" CONTENT="XXI)" HEIGHT="48" WIDTH="14" VPOS="2005" HPOS="1339"/>
</TextLine>
<TextLine HEIGHT="52" WIDTH="1918" VPOS="2060" HPOS="378" LANG="en-US">
<String CONTENT="&#8220;Published" HEIGHT="40" WIDTH="289" VPOS="2063" HPOS="378"/>
<SP HEIGHT="38" WIDTH="24" VPOS="2065" HPOS="668"/>
<String CONTENT="under" HEIGHT="38" WIDTH="152" VPOS="2064" HPOS="693"/>
<SP HEIGHT="38" WIDTH="24" VPOS="2064" HPOS="846"/>
<String CONTENT="the" HEIGHT="40" WIDTH="81" VPOS="2062" HPOS="871"/>
<SP HEIGHT="40" WIDTH="25" VPOS="2062" HPOS="953"/>
<String CONTENT="direction" HEIGHT="41" WIDTH="236" VPOS="2061" HPOS="979"/>
<SP HEIGHT="28" WIDTH="24" VPOS="2073" HPOS="1216"/>
<String CONTENT="of" HEIGHT="40" WIDTH="52" VPOS="2061" HPOS="1241"/>
<SP HEIGHT="41" WIDTH="24" VPOS="2061" HPOS="1294"/>
<String CONTENT="the" HEIGHT="40" WIDTH="81" VPOS="2062" HPOS="1319"/>
<SP HEIGHT="42" WIDTH="23" VPOS="2060" HPOS="1401"/>
<String CONTENT="Department" HEIGHT="49" WIDTH="320" VPOS="2060" HPOS="1425"/>
<SP HEIGHT="38" WIDTH="24" VPOS="2063" HPOS="1746"/>
<String CONTENT="of" HEIGHT="40" WIDTH="53" VPOS="2061" HPOS="1771"/>
<SP HEIGHT="39" WIDTH="21" VPOS="2061" HPOS="1825"/>
<String CONTENT="history" HEIGHT="51" WIDTH="188" VPOS="2061" HPOS="1847"/>
<SP HEIGHT="52" WIDTH="24" VPOS="2060" HPOS="2036"/>
<String CONTENT="from" HEIGHT="41" WIDTH="126" VPOS="2060" HPOS="2061"/>
<SP HEIGHT="38" WIDTH="26" VPOS="2063" HPOS="2188"/>
<String CONTENT="the" HEIGHT="41" WIDTH="81" VPOS="2061" HPOS="2215"/>
</TextLine>
<TextLine HEIGHT="50" WIDTH="1601" VPOS="2116" HPOS="304" LANG="en-US">
<String CONTENT="income" HEIGHT="39" WIDTH="184" VPOS="2121" HPOS="304"/>
<SP HEIGHT="30" WIDTH="25" VPOS="2130" HPOS="489"/>
<String CONTENT="of" HEIGHT="40" WIDTH="53" VPOS="2120" HPOS="515"/>
<SP HEIGHT="40" WIDTH="23" VPOS="2120" HPOS="569"/>
<String CONTENT="the" HEIGHT="40" WIDTH="81" VPOS="2120" HPOS="593"/>
<SP HEIGHT="40" WIDTH="27" VPOS="2119" HPOS="675"/>
<String CONTENT="Frederick" HEIGHT="40" WIDTH="261" VPOS="2119" HPOS="703"/>
<SP HEIGHT="38" WIDTH="27" VPOS="2118" HPOS="965"/>
<String CONTENT="John" HEIGHT="39" WIDTH="127" VPOS="2118" HPOS="993"/>
<SP HEIGHT="40" WIDTH="28" VPOS="2117" HPOS="1121"/>
<String CONTENT="Kingsbury" HEIGHT="49" WIDTH="281" VPOS="2117" HPOS="1150"/>
<SP HEIGHT="38" WIDTH="26" VPOS="2128" HPOS="1432"/>
<String CONTENT="memorial" HEIGHT="41" WIDTH="251" VPOS="2116" HPOS="1459"/>
<SP HEIGHT="39" WIDTH="28" VPOS="2117" HPOS="1711"/>
<String CONTENT="fund.&#8221;" HEIGHT="42" WIDTH="165" VPOS="2116" HPOS="1740"/>
</TextLine>
<TextLine HEIGHT="53" WIDTH="990" VPOS="2172" HPOS="375" LANG="en-US" CS="1">
<String CONTENT="&#8220;Bibliographical" HEIGHT="48" WIDTH="438" VPOS="2175" HPOS="375"/>
<SP HEIGHT="39" WIDTH="28" VPOS="2175" HPOS="814"/>
<String CS="1" CONTENT="note&#8221;:" HEIGHT="41" WIDTH="139" VPOS="2174" HPOS="843"/>
<SP HEIGHT="38" WIDTH="29" VPOS="2184" HPOS="1011"/>
<String CONTENT="p." HEIGHT="38" WIDTH="43" VPOS="2184" HPOS="1041"/>
<SP HEIGHT="30" WIDTH="33" VPOS="2195" HPOS="1085"/>
<String CONTENT="[487]-494." HEIGHT="53" WIDTH="246" VPOS="2172" HPOS="1119"/>
</TextLine>
<TextLine HEIGHT="51" WIDTH="1872" VPOS="2230" HPOS="316" LANG="en-US" CS="1">
<String CONTENT="&#169;" HEIGHT="51" WIDTH="49" VPOS="2230" HPOS="316"/>
<SP HEIGHT="51" WIDTH="27" VPOS="2230" HPOS="366"/>
<String CONTENT="Apr." HEIGHT="46" WIDTH="111" VPOS="2235" HPOS="394"/>
<SP HEIGHT="39" WIDTH="28" VPOS="2233" HPOS="506"/>
<String CONTENT="22," HEIGHT="47" WIDTH="69" VPOS="2233" HPOS="535"/>
<SP HEIGHT="46" WIDTH="27" VPOS="2234" HPOS="605"/>
<String CS="1" CONTENT="1932;" HEIGHT="41" WIDTH="113" VPOS="2231" HPOS="633"/>
<SP HEIGHT="48" WIDTH="28" VPOS="2231" HPOS="774"/>
<String CONTENT="2c." HEIGHT="42" WIDTH="67" VPOS="2231" HPOS="803"/>
<SP HEIGHT="40" WIDTH="29" VPOS="2233" HPOS="871"/>
<String CS="1" CONTENT="May" HEIGHT="38" WIDTH="75" VPOS="2233" HPOS="901"/>
<SP HEIGHT="39" WIDTH="25" VPOS="2233" HPOS="1014"/>
<String CS="1" CONTENT="4;" HEIGHT="38" WIDTH="26" VPOS="2233" HPOS="1040"/>
<SP HEIGHT="36" WIDTH="31" VPOS="2243" HPOS="1094"/>
<String CONTENT="aff." HEIGHT="41" WIDTH="82" VPOS="2231" HPOS="1126"/>
<SP HEIGHT="40" WIDTH="29" VPOS="2232" HPOS="1209"/>
<String CONTENT="May" HEIGHT="46" WIDTH="111" VPOS="2232" HPOS="1239"/>
<SP HEIGHT="48" WIDTH="27" VPOS="2230" HPOS="1351"/>
<String CS="1" CONTENT="2;" HEIGHT="40" WIDTH="24" VPOS="2230" HPOS="1379"/>
<SP HEIGHT="48" WIDTH="29" VPOS="2231" HPOS="1432"/>
<!-- cceid 08E4672A-6D7D-1014-B4A5-D7A31D17AB40 --><String CONTENT="A" HEIGHT="39" WIDTH="39" VPOS="2231" HPOS="1462"/>
<SP HEIGHT="39" WIDTH="27" VPOS="2231" HPOS="1502"/>
<String CS="1" CONTENT="49822;" HEIGHT="39" WIDTH="143" VPOS="2231" HPOS="1530"/>
<SP HEIGHT="45" WIDTH="31" VPOS="2232" HPOS="1702"/>
<String CONTENT="Yale" HEIGHT="39" WIDTH="118" VPOS="2232" HPOS="1734"/>
<SP HEIGHT="29" WIDTH="28" VPOS="2242" HPOS="1853"/>
<String CONTENT="univ." HEIGHT="42" WIDTH="129" VPOS="2230" HPOS="1882"/>
<SP HEIGHT="38" WIDTH="28" VPOS="2241" HPOS="2012"/>
<String CONTENT="press." HEIGHT="40" WIDTH="147" VPOS="2239" HPOS="2041"/>
</TextLine>
<TextLine HEIGHT="48" WIDTH="279" VPOS="2290" HPOS="390" LANG="en-US">
<String CONTENT="(32-12657)" HEIGHT="48" WIDTH="279" VPOS="2290" HPOS="390"/>
</TextLine>
<TextLine HEIGHT="67" WIDTH="799" VPOS="2392" HPOS="308" STYLEREFS="StyleId-8CC3E199-119D-4D50-9084-8C7FDEA7962A-" LANG="en-US">
<String CONTENT="Jenssen," HEIGHT="63" WIDTH="269" VPOS="2396" HPOS="308"/>
<SP HEIGHT="62" WIDTH="26" VPOS="2397" HPOS="578"/>
<String CONTENT="Baroness" HEIGHT="50" WIDTH="282" VPOS="2397" HPOS="605"/>
<SP HEIGHT="54" WIDTH="28" VPOS="2393" HPOS="888"/>
<String CONTENT="Carla." HEIGHT="56" WIDTH="190" VPOS="2392" HPOS="917"/>
</TextLine>
<TextLine HEIGHT="72" WIDTH="1861" VPOS="2466" HPOS="438" STYLEREFS="StyleId-E007C66B-59A0-4B08-AE38-050163562D3B-" LANG="fr" CS="1">
<String LANG="en-US" CS="1" CONTENT="&#8230;"/>
<SP HEIGHT="54" WIDTH="48" VPOS="2470" HPOS="438"/>
<String CONTENT="J&#8217;espionne" HEIGHT="69" WIDTH="330" VPOS="2469" HPOS="487"/>
<SP HEIGHT="34" WIDTH="51" VPOS="2488" HPOS="818"/>
<String LANG="en-US" CS="1" CONTENT="&#8230;"/>
<SP HEIGHT="51" WIDTH="57" VPOS="2470" HPOS="970"/>
<String CONTENT="histoire" HEIGHT="54" WIDTH="235" VPOS="2468" HPOS="1028"/>
<SP HEIGHT="34" WIDTH="46" VPOS="2487" HPOS="1264"/>
<String CONTENT="vraie" HEIGHT="53" WIDTH="156" VPOS="2469" HPOS="1311"/>
<SP HEIGHT="53" WIDTH="46" VPOS="2469" HPOS="1468"/>
<String CONTENT="d&#8217;une" HEIGHT="54" WIDTH="168" VPOS="2468" HPOS="1515"/>
<SP HEIGHT="54" WIDTH="45" VPOS="2467" HPOS="1684"/>
<String CONTENT="femme," HEIGHT="68" WIDTH="224" VPOS="2467" HPOS="1730"/>
<SP HEIGHT="49" WIDTH="47" VPOS="2486" HPOS="1955"/>
<String CONTENT="agent" HEIGHT="64" WIDTH="171" VPOS="2473" HPOS="2003"/>
<SP HEIGHT="55" WIDTH="44" VPOS="2466" HPOS="2175"/>
<String CONTENT="du" HEIGHT="55" WIDTH="79" VPOS="2466" HPOS="2220"/>
</TextLine>
<TextLine HEIGHT="70" WIDTH="1995" VPOS="2546" HPOS="305" STYLEREFS="StyleId-E007C66B-59A0-4B08-AE38-050163562D3B-" LANG="fr">
<String CONTENT="service" HEIGHT="53" WIDTH="209" VPOS="2548" HPOS="305"/>
<SP HEIGHT="35" WIDTH="25" VPOS="2566" HPOS="515"/>
<String CONTENT="secret," HEIGHT="61" WIDTH="194" VPOS="2554" HPOS="541"/>
<SP HEIGHT="63" WIDTH="24" VPOS="2552" HPOS="736"/>
<String CONTENT="traduit" HEIGHT="54" WIDTH="220" VPOS="2546" HPOS="761"/>
<SP HEIGHT="52" WIDTH="27" VPOS="2547" HPOS="982"/>
<String CONTENT="de" HEIGHT="52" WIDTH="66" VPOS="2547" HPOS="1010"/>
<SP HEIGHT="53" WIDTH="27" VPOS="2546" HPOS="1077"/>
<String CONTENT="l&#8217;anglais" HEIGHT="70" WIDTH="263" VPOS="2546" HPOS="1105"/>
<SP HEIGHT="50" WIDTH="28" VPOS="2564" HPOS="1369"/>
<String CONTENT="par" HEIGHT="50" WIDTH="104" VPOS="2564" HPOS="1398"/>
<SP HEIGHT="52" WIDTH="27" VPOS="2546" HPOS="1503"/>
<String CONTENT="Maurice" HEIGHT="53" WIDTH="254" VPOS="2546" HPOS="1531"/>
<SP HEIGHT="53" WIDTH="29" VPOS="2546" HPOS="1786"/>
<String CONTENT="R&#233;mon." HEIGHT="54" WIDTH="233" VPOS="2546" HPOS="1816"/>
<SP HEIGHT="54" WIDTH="62" VPOS="2546" HPOS="2050"/>
<String CONTENT="Paris," HEIGHT="69" WIDTH="187" VPOS="2546" HPOS="2113"/>
</TextLine>
<TextLine HEIGHT="68" WIDTH="1090" VPOS="2623" HPOS="307" STYLEREFS="StyleId-E007C66B-59A0-4B08-AE38-050163562D3B-" LANG="fr">
<String CONTENT="Nouvelle" HEIGHT="52" WIDTH="273" VPOS="2626" HPOS="307"/>
<SP HEIGHT="51" WIDTH="31" VPOS="2626" HPOS="581"/>
<String CONTENT="librairie" HEIGHT="57" WIDTH="256" VPOS="2624" HPOS="613"/>
<SP HEIGHT="54" WIDTH="33" VPOS="2623" HPOS="870"/>
<String CONTENT="fran&#231;aise" HEIGHT="66" WIDTH="283" VPOS="2623" HPOS="904"/>
<SP HEIGHT="49" WIDTH="36" VPOS="2642" HPOS="1188"/>
<String CONTENT="[1931]" HEIGHT="65" WIDTH="172" VPOS="2626" HPOS="1225"/>
</TextLine>
<TextLine HEIGHT="52" WIDTH="1910" VPOS="2695" HPOS="377" LANG="fr" CS="1">
<String CONTENT="2" HEIGHT="39" WIDTH="26" VPOS="2697" HPOS="377"/>
<SP HEIGHT="48" WIDTH="25" VPOS="2697" HPOS="404"/>
<String CONTENT="p." HEIGHT="37" WIDTH="41" VPOS="2708" HPOS="430"/>
<SP/>
<String CS="1" CONTENT="l.," HEIGHT="15" WIDTH="8" VPOS="2730" HPOS="534"/>
<SP HEIGHT="29" WIDTH="30" VPOS="2718" HPOS="543"/>
<String CONTENT="[7]-253," HEIGHT="49" WIDTH="188" VPOS="2698" HPOS="574"/>
<SP HEIGHT="29" WIDTH="29" VPOS="2717" HPOS="763"/>
<String CONTENT="[1]" HEIGHT="50" WIDTH="54" VPOS="2697" HPOS="793"/>
<SP HEIGHT="41" WIDTH="26" VPOS="2706" HPOS="848"/>
<String CONTENT="p.," HEIGHT="37" WIDTH="57" VPOS="2706" HPOS="875"/>
<SP HEIGHT="45" WIDTH="27" VPOS="2698" HPOS="933"/>
<String CONTENT="1" HEIGHT="37" WIDTH="24" VPOS="2698" HPOS="961"/>
<SP/>
<String CS="1" CONTENT="l."/>
<SP HEIGHT="39" WIDTH="58" VPOS="2698" HPOS="1043"/>
<String CONTENT="19" HEIGHT="40" WIDTH="57" VPOS="2695" HPOS="1102"/>
<String LANG="en-US" CS="1" CONTENT="&#7580;&#7504;"/>
<String CONTENT="." HEIGHT="8" WIDTH="8" VPOS="2728" HPOS="1210"/>
<SP HEIGHT="48" WIDTH="69" VPOS="2697" HPOS="1219"/>
<String LANG="en-US" CONTENT="(On" HEIGHT="48" WIDTH="97" VPOS="2697" HPOS="1289"/>
<SP HEIGHT="30" WIDTH="26" VPOS="2707" HPOS="1387"/>
<String LANG="en-US" CONTENT="cover:" HEIGHT="32" WIDTH="161" VPOS="2706" HPOS="1414"/>
<SP HEIGHT="42" WIDTH="24" VPOS="2696" HPOS="1576"/>
<String CONTENT="Les" HEIGHT="40" WIDTH="91" VPOS="2696" HPOS="1601"/>
<SP HEIGHT="39" WIDTH="26" VPOS="2697" HPOS="1693"/>
<String CONTENT="documents" HEIGHT="40" WIDTH="280" VPOS="2697" HPOS="1720"/>
<SP HEIGHT="38" WIDTH="26" VPOS="2698" HPOS="2001"/>
<String CONTENT="du" HEIGHT="38" WIDTH="64" VPOS="2698" HPOS="2028"/>
<SP HEIGHT="29" WIDTH="27" VPOS="2707" HPOS="2093"/>
<String CONTENT="si&#232;cle)" HEIGHT="49" WIDTH="166" VPOS="2695" HPOS="2121"/>
</TextLine>
<TextLine HEIGHT="43" WIDTH="869" VPOS="2752" HPOS="376" LANG="en-US" CS="1">
<String CONTENT="At" HEIGHT="39" WIDTH="64" VPOS="2755" HPOS="376"/>
<SP HEIGHT="39" WIDTH="24" VPOS="2755" HPOS="441"/>
<String CONTENT="head" HEIGHT="40" WIDTH="123" VPOS="2755" HPOS="466"/>
<SP HEIGHT="38" WIDTH="23" VPOS="2757" HPOS="590"/>
<String CONTENT="of" HEIGHT="40" WIDTH="52" VPOS="2754" HPOS="614"/>
<SP HEIGHT="40" WIDTH="23" VPOS="2754" HPOS="667"/>
<String CS="1" CONTENT="title:" HEIGHT="41" WIDTH="106" VPOS="2753" HPOS="691"/>
<SP HEIGHT="41" WIDTH="29" VPOS="2752" HPOS="825"/>
<String CONTENT="Carla" HEIGHT="41" WIDTH="144" VPOS="2752" HPOS="855"/>
<SP HEIGHT="41" WIDTH="26" VPOS="2752" HPOS="1000"/>
<String CONTENT="Jenssen." HEIGHT="42" WIDTH="218" VPOS="2752" HPOS="1027"/>
</TextLine>
<TextLine HEIGHT="51" WIDTH="1985" VPOS="2808" HPOS="316" CS="1">
<String LANG="en-US" CONTENT="&#169;" HEIGHT="51" WIDTH="50" VPOS="2808" HPOS="316"/>
<SP HEIGHT="51" WIDTH="42" VPOS="2808" HPOS="367"/>
<String LANG="en-US" CONTENT="Oct." HEIGHT="42" WIDTH="102" VPOS="2812" HPOS="410"/>
<SP HEIGHT="41" WIDTH="42" VPOS="2813" HPOS="513"/>
<String LANG="en-US" CS="1" CONTENT="10," HEIGHT="39" WIDTH="53" VPOS="2812" HPOS="556"/>
<SP HEIGHT="41" WIDTH="43" VPOS="2813" HPOS="623"/>
<String LANG="en-US" CS="1" CONTENT="1931;" HEIGHT="41" WIDTH="112" VPOS="2810" HPOS="667"/>
<SP/>
<String LANG="en-US" CS="1" CONTENT="1c."/>
<SP HEIGHT="39" WIDTH="43" VPOS="2811" HPOS="918"/>
<String LANG="en-US" CONTENT="Dec." HEIGHT="39" WIDTH="110" VPOS="2811" HPOS="962"/>
<SP HEIGHT="39" WIDTH="41" VPOS="2811" HPOS="1073"/>
<String LANG="en-US" CS="1" CONTENT="21;" HEIGHT="38" WIDTH="52" VPOS="2811" HPOS="1115"/>
<SP HEIGHT="45" WIDTH="44" VPOS="2812" HPOS="1198"/>
<!-- cceid 08E4DF71-6D7D-1014-B4A5-D7A31D17AB40 --><String LANG="en-US" CONTENT="A&#8212;Foreign" HEIGHT="47" WIDTH="308" VPOS="2810" HPOS="1243"/>
<SP HEIGHT="37" WIDTH="43" VPOS="2813" HPOS="1552"/>
<String LANG="en-US" CS="1" CONTENT="14921;" HEIGHT="41" WIDTH="139" VPOS="2809" HPOS="1596"/>
<SP HEIGHT="46" WIDTH="43" VPOS="2811" HPOS="1766"/>
<String LANG="fr" CONTENT="Nouvelle" HEIGHT="39" WIDTH="231" VPOS="2811" HPOS="1810"/>
<SP HEIGHT="39" WIDTH="41" VPOS="2811" HPOS="2042"/>
<String LANG="fr" CONTENT="librairie" HEIGHT="42" WIDTH="217" VPOS="2809" HPOS="2084"/>
</TextLine>
<TextLine HEIGHT="49" WIDTH="608" VPOS="2867" HPOS="383">
<String LANG="fr" CONTENT="fran&#231;aise." HEIGHT="48" WIDTH="258" VPOS="2868" HPOS="383"/>
<SP HEIGHT="44" WIDTH="70" VPOS="2871" HPOS="642"/>
<String LANG="en-US" CONTENT="(32-13269)" HEIGHT="48" WIDTH="278" VPOS="2867" HPOS="713"/>
</TextLine>
<TextLine HEIGHT="69" WIDTH="1461" VPOS="2970" HPOS="309" STYLEREFS="StyleId-8CC3E199-119D-4D50-9084-8C7FDEA7962A-" LANG="en-US">
<String CONTENT="Johns" HEIGHT="54" WIDTH="191" VPOS="2973" HPOS="309"/>
<SP HEIGHT="52" WIDTH="25" VPOS="2973" HPOS="501"/>
<String CONTENT="Hopkins" HEIGHT="63" WIDTH="271" VPOS="2972" HPOS="527"/>
<SP HEIGHT="37" WIDTH="26" VPOS="2988" HPOS="799"/>
<String CONTENT="university." HEIGHT="65" WIDTH="350" VPOS="2970" HPOS="826"/>
<SP HEIGHT="53" WIDTH="73" VPOS="2972" HPOS="1177"/>
<String CONTENT="Institute" HEIGHT="53" WIDTH="275" VPOS="2972" HPOS="1251"/>
<SP HEIGHT="38" WIDTH="26" VPOS="2987" HPOS="1527"/>
<String CONTENT="of" HEIGHT="67" WIDTH="64" VPOS="2972" HPOS="1554"/>
<SP HEIGHT="68" WIDTH="25" VPOS="2971" HPOS="1619"/>
<String CONTENT="law." HEIGHT="55" WIDTH="125" VPOS="2971" HPOS="1645"/>
</TextLine>
<TextLine HEIGHT="71" WIDTH="1910" VPOS="3048" HPOS="384" STYLEREFS="StyleId-E007C66B-59A0-4B08-AE38-050163562D3B-" LANG="en-US">
<String CONTENT="Study" HEIGHT="68" WIDTH="185" VPOS="3049" HPOS="384"/>
<SP HEIGHT="47" WIDTH="32" VPOS="3070" HPOS="570"/>
<String CONTENT="of" HEIGHT="54" WIDTH="62" VPOS="3049" HPOS="603"/>
<SP HEIGHT="53" WIDTH="29" VPOS="3049" HPOS="666"/>
<String CONTENT="civil" HEIGHT="53" WIDTH="132" VPOS="3049" HPOS="696"/>
<SP HEIGHT="67" WIDTH="31" VPOS="3049" HPOS="829"/>
<String CONTENT="justice" HEIGHT="67" WIDTH="203" VPOS="3049" HPOS="861"/>
<SP HEIGHT="53" WIDTH="29" VPOS="3051" HPOS="1065"/>
<String CONTENT="in" HEIGHT="50" WIDTH="59" VPOS="3051" HPOS="1095"/>
<SP HEIGHT="52" WIDTH="30" VPOS="3051" HPOS="1155"/>
<String CONTENT="New" HEIGHT="52" WIDTH="136" VPOS="3051" HPOS="1186"/>
<SP HEIGHT="52" WIDTH="32" VPOS="3051" HPOS="1323"/>
<String CONTENT="York;" HEIGHT="65" WIDTH="189" VPOS="3050" HPOS="1356"/>
<SP HEIGHT="47" WIDTH="33" VPOS="3068" HPOS="1546"/>
<String CONTENT="survey" HEIGHT="52" WIDTH="204" VPOS="3067" HPOS="1580"/>
<SP HEIGHT="51" WIDTH="29" VPOS="3068" HPOS="1785"/>
<String CONTENT="of" HEIGHT="55" WIDTH="65" VPOS="3048" HPOS="1815"/>
<SP HEIGHT="52" WIDTH="28" VPOS="3048" HPOS="1881"/>
<String CONTENT="litigation" HEIGHT="70" WIDTH="294" VPOS="3049" HPOS="1910"/>
<SP HEIGHT="53" WIDTH="29" VPOS="3049" HPOS="2205"/>
<String CONTENT="in" HEIGHT="54" WIDTH="59" VPOS="3049" HPOS="2235"/>
</TextLine>
<TextLine HEIGHT="73" WIDTH="1982" VPOS="3125" HPOS="312" STYLEREFS="StyleId-E007C66B-59A0-4B08-AE38-050163562D3B-" LANG="en-US">
<String CONTENT="New" HEIGHT="53" WIDTH="136" VPOS="3129" HPOS="312"/>
<SP HEIGHT="53" WIDTH="33" VPOS="3129" HPOS="449"/>
<String CONTENT="York." HEIGHT="52" WIDTH="175" VPOS="3128" HPOS="483"/>
<SP HEIGHT="50" WIDTH="75" VPOS="3128" HPOS="659"/>
<String CONTENT="Institute" HEIGHT="54" WIDTH="272" VPOS="3125" HPOS="735"/>
<SP HEIGHT="34" WIDTH="31" VPOS="3146" HPOS="1008"/>
<String CONTENT="of" HEIGHT="53" WIDTH="63" VPOS="3127" HPOS="1040"/>
<SP HEIGHT="52" WIDTH="31" VPOS="3127" HPOS="1104"/>
<String CONTENT="law," HEIGHT="65" WIDTH="125" VPOS="3129" HPOS="1136"/>
<SP HEIGHT="64" WIDTH="31" VPOS="3130" HPOS="1262"/>
<String CONTENT="The" HEIGHT="52" WIDTH="121" VPOS="3128" HPOS="1294"/>
<SP HEIGHT="53" WIDTH="29" VPOS="3130" HPOS="1416"/>
<String CONTENT="Johns" HEIGHT="55" WIDTH="184" VPOS="3128" HPOS="1446"/>
<SP HEIGHT="52" WIDTH="28" VPOS="3128" HPOS="1631"/>
<String CONTENT="Hopkins" HEIGHT="68" WIDTH="270" VPOS="3128" HPOS="1660"/>
<SP HEIGHT="35" WIDTH="29" VPOS="3146" HPOS="1931"/>
<String CONTENT="university." HEIGHT="71" WIDTH="333" VPOS="3127" HPOS="1961"/>
</TextLine>
<TextLine HEIGHT="70" WIDTH="1370" VPOS="3204" HPOS="313" STYLEREFS="StyleId-E007C66B-59A0-4B08-AE38-050163562D3B-" LANG="en-US">
<String CONTENT="Baltimore," HEIGHT="65" WIDTH="331" VPOS="3207" HPOS="313"/>
<SP HEIGHT="64" WIDTH="28" VPOS="3208" HPOS="645"/>
<String CONTENT="The" HEIGHT="54" WIDTH="119" VPOS="3206" HPOS="674"/>
<SP HEIGHT="53" WIDTH="26" VPOS="3206" HPOS="794"/>
<String CONTENT="Johns" HEIGHT="54" WIDTH="184" VPOS="3205" HPOS="821"/>
<SP HEIGHT="52" WIDTH="26" VPOS="3207" HPOS="1006"/>
<String CONTENT="Hopkins" HEIGHT="69" WIDTH="267" VPOS="3204" HPOS="1033"/>
<SP HEIGHT="50" WIDTH="27" VPOS="3224" HPOS="1301"/>
<String CONTENT="press," HEIGHT="51" WIDTH="173" VPOS="3223" HPOS="1329"/>
<SP HEIGHT="60" WIDTH="30" VPOS="3213" HPOS="1503"/>
<String CONTENT="1931." HEIGHT="53" WIDTH="149" VPOS="3208" HPOS="1534"/>
</TextLine>
<TextLine HEIGHT="51" WIDTH="832" VPOS="3277" HPOS="416" LANG="en-US" CS="1">
<String CS="1" CONTENT="v," HEIGHT="14" WIDTH="8" VPOS="3314" HPOS="416"/>
<SP HEIGHT="47" WIDTH="26" VPOS="3281" HPOS="425"/>
<String CONTENT="39" HEIGHT="41" WIDTH="56" VPOS="3279" HPOS="452"/>
<SP HEIGHT="48" WIDTH="26" VPOS="3279" HPOS="509"/>
<String CONTENT="p." HEIGHT="36" WIDTH="41" VPOS="3291" HPOS="536"/>
<SP HEIGHT="40" WIDTH="60" VPOS="3279" HPOS="578"/>
<String CONTENT="diagrs." HEIGHT="48" WIDTH="176" VPOS="3278" HPOS="639"/>
<SP HEIGHT="48" WIDTH="28" VPOS="3277" HPOS="816"/>
<String CONTENT="(1" HEIGHT="48" WIDTH="48" VPOS="3277" HPOS="845"/>
<SP HEIGHT="40" WIDTH="26" VPOS="3278" HPOS="894"/>
<String CONTENT="fold.)" HEIGHT="48" WIDTH="142" VPOS="3277" HPOS="921"/>
<SP HEIGHT="48" WIDTH="67" VPOS="3277" HPOS="1064"/>
<String CONTENT="24" HEIGHT="40" WIDTH="56" VPOS="3278" HPOS="1132"/>
<String CONTENT="&#7580;&#7504;" HEIGHT="21" WIDTH="43" VPOS="3281" HPOS="1191"/>
<String CONTENT="." HEIGHT="9" WIDTH="8" VPOS="3312" HPOS="1240"/>
</TextLine>
<TextLine HEIGHT="52" WIDTH="1981" VPOS="3333" HPOS="316" LANG="en-US" CS="1">
<String CONTENT="&#169;" HEIGHT="52" WIDTH="51" VPOS="3333" HPOS="316"/>
<SP HEIGHT="52" WIDTH="32" VPOS="3333" HPOS="368"/>
<String CONTENT="Aug." HEIGHT="46" WIDTH="119" VPOS="3338" HPOS="401"/>
<SP HEIGHT="41" WIDTH="31" VPOS="3336" HPOS="521"/>
<String CONTENT="31," HEIGHT="48" WIDTH="68" VPOS="3336" HPOS="553"/>
<SP HEIGHT="47" WIDTH="33" VPOS="3337" HPOS="622"/>
<String CS="1" CONTENT="1931;" HEIGHT="41" WIDTH="112" VPOS="3334" HPOS="656"/>
<SP HEIGHT="48" WIDTH="34" VPOS="3334" HPOS="796"/>
<String CONTENT="2c." HEIGHT="41" WIDTH="67" VPOS="3334" HPOS="831"/>
<SP HEIGHT="30" WIDTH="33" VPOS="3345" HPOS="899"/>
<String CONTENT="and" HEIGHT="38" WIDTH="93" VPOS="3338" HPOS="933"/>
<SP HEIGHT="38" WIDTH="33" VPOS="3338" HPOS="1027"/>
<String CONTENT="aff." HEIGHT="40" WIDTH="80" VPOS="3335" HPOS="1061"/>
<SP HEIGHT="38" WIDTH="36" VPOS="3337" HPOS="1142"/>
<String CONTENT="May" HEIGHT="46" WIDTH="111" VPOS="3337" HPOS="1179"/>
<SP HEIGHT="48" WIDTH="34" VPOS="3335" HPOS="1291"/>
<String CONTENT="26," HEIGHT="49" WIDTH="68" VPOS="3335" HPOS="1326"/>
<SP HEIGHT="47" WIDTH="34" VPOS="3337" HPOS="1395"/>
<String CS="1" CONTENT="1932;" HEIGHT="41" WIDTH="112" VPOS="3335" HPOS="1430"/>
<SP HEIGHT="46" WIDTH="36" VPOS="3337" HPOS="1571"/>
<!-- cceid 08E56402-6D7D-1014-B4A5-D7A31D17AB40 --><String CONTENT="A" HEIGHT="39" WIDTH="38" VPOS="3337" HPOS="1608"/>
<SP HEIGHT="39" WIDTH="34" VPOS="3337" HPOS="1647"/>
<String CS="1" CONTENT="52149;" HEIGHT="41" WIDTH="142" VPOS="3335" HPOS="1682"/>
<SP HEIGHT="47" WIDTH="36" VPOS="3337" HPOS="1852"/>
<String CONTENT="Johns" HEIGHT="40" WIDTH="153" VPOS="3337" HPOS="1889"/>
<SP HEIGHT="40" WIDTH="33" VPOS="3337" HPOS="2043"/>
<String CONTENT="Hopkins" HEIGHT="48" WIDTH="220" VPOS="3337" HPOS="2077"/>
</TextLine>
<TextLine HEIGHT="49" WIDTH="496" VPOS="3392" HPOS="384" LANG="en-US">
<String CONTENT="press." HEIGHT="38" WIDTH="147" VPOS="3403" HPOS="384"/>
<SP HEIGHT="46" WIDTH="69" VPOS="3394" HPOS="532"/>
<String CONTENT="(31-16662)" HEIGHT="48" WIDTH="278" VPOS="3392" HPOS="602"/>
</TextLine>
<TextLine HEIGHT="66" WIDTH="711" VPOS="3495" HPOS="310" STYLEREFS="StyleId-8CC3E199-119D-4D50-9084-8C7FDEA7962A-" LANG="en-US">
<String CONTENT="Jones," HEIGHT="64" WIDTH="196" VPOS="3497" HPOS="310"/>
<SP HEIGHT="64" WIDTH="28" VPOS="3497" HPOS="507"/>
<String CONTENT="Leslie" HEIGHT="54" WIDTH="189" VPOS="3496" HPOS="536"/>
<SP HEIGHT="53" WIDTH="27" VPOS="3497" HPOS="726"/>
<String CONTENT="Webber." HEIGHT="55" WIDTH="267" VPOS="3495" HPOS="754"/>
</TextLine>
<TextLine HEIGHT="76" WIDTH="1891" VPOS="3571" HPOS="380" STYLEREFS="StyleId-E007C66B-59A0-4B08-AE38-050163562D3B-" LANG="en-US" CS="1">
<String CONTENT="The" HEIGHT="54" WIDTH="121" VPOS="3571" HPOS="380"/>
<SP HEIGHT="33" WIDTH="40" VPOS="3592" HPOS="502"/>
<String CONTENT="script" HEIGHT="69" WIDTH="180" VPOS="3571" HPOS="543"/>
<SP HEIGHT="46" WIDTH="40" VPOS="3579" HPOS="724"/>
<String CONTENT="of" HEIGHT="52" WIDTH="62" VPOS="3572" HPOS="765"/>
<SP HEIGHT="54" WIDTH="42" VPOS="3571" HPOS="828"/>
<String CONTENT="Cologne," HEIGHT="70" WIDTH="267" VPOS="3571" HPOS="871"/>
<SP HEIGHT="66" WIDTH="41" VPOS="3573" HPOS="1139"/>
<String CONTENT="from" HEIGHT="52" WIDTH="152" VPOS="3573" HPOS="1181"/>
<SP HEIGHT="52" WIDTH="40" VPOS="3575" HPOS="1334"/>
<String LANG="de" CONTENT="Hildebald" HEIGHT="52" WIDTH="316" VPOS="3575" HPOS="1375"/>
<SP HEIGHT="53" WIDTH="40" VPOS="3575" HPOS="1692"/>
<String CONTENT="to" HEIGHT="50" WIDTH="57" VPOS="3580" HPOS="1733"/>
<SP HEIGHT="54" WIDTH="42" VPOS="3576" HPOS="1791"/>
<String CONTENT="Hermann" HEIGHT="53" WIDTH="297" VPOS="3576" HPOS="1834"/>
<SP HEIGHT="51" WIDTH="45" VPOS="3594" HPOS="2132"/>
<String CS="1" CONTENT="[by]" HEIGHT="71" WIDTH="75" VPOS="3576" HPOS="2196"/>
</TextLine>
<TextLine HEIGHT="75" WIDTH="1976" VPOS="3649" HPOS="312" STYLEREFS="StyleId-E007C66B-59A0-4B08-AE38-050163562D3B-" LANG="en-US" CS="1">
<String CONTENT="Leslie" HEIGHT="52" WIDTH="181" VPOS="3651" HPOS="312"/>
<SP HEIGHT="54" WIDTH="24" VPOS="3651" HPOS="494"/>
<String CONTENT="Webber" HEIGHT="56" WIDTH="243" VPOS="3649" HPOS="519"/>
<SP HEIGHT="53" WIDTH="23" VPOS="3652" HPOS="763"/>
<String CONTENT="Jones" HEIGHT="53" WIDTH="175" VPOS="3652" HPOS="787"/>
<SP HEIGHT="33" WIDTH="30" VPOS="3669" HPOS="963"/>
<String CS="1" CONTENT="&#8230;"/>
<SP HEIGHT="33" WIDTH="31" VPOS="3670" HPOS="1050"/>
<String CONTENT="with" HEIGHT="52" WIDTH="138" VPOS="3651" HPOS="1082"/>
<SP HEIGHT="53" WIDTH="27" VPOS="3651" HPOS="1221"/>
<String CONTENT="one" HEIGHT="35" WIDTH="101" VPOS="3670" HPOS="1249"/>
<SP HEIGHT="53" WIDTH="26" VPOS="3652" HPOS="1351"/>
<String CONTENT="hundred" HEIGHT="54" WIDTH="261" VPOS="3652" HPOS="1378"/>
<SP HEIGHT="68" WIDTH="26" VPOS="3653" HPOS="1640"/>
<String CONTENT="plates." HEIGHT="67" WIDTH="199" VPOS="3654" HPOS="1667"/>
<SP HEIGHT="55" WIDTH="64" VPOS="3654" HPOS="1867"/>
<String CONTENT="Cambridge," HEIGHT="70" WIDTH="356" VPOS="3654" HPOS="1932"/>
</TextLine>
<TextLine HEIGHT="71" WIDTH="1581" VPOS="3726" HPOS="314" STYLEREFS="StyleId-E007C66B-59A0-4B08-AE38-050163562D3B-" LANG="en-US">
<String CONTENT="Mass.," HEIGHT="65" WIDTH="186" VPOS="3726" HPOS="314"/>
<SP HEIGHT="62" WIDTH="30" VPOS="3729" HPOS="501"/>
<String CONTENT="The" HEIGHT="51" WIDTH="118" VPOS="3728" HPOS="532"/>
<SP HEIGHT="51" WIDTH="31" VPOS="3728" HPOS="651"/>
<String CONTENT="Mediaeval" HEIGHT="53" WIDTH="321" VPOS="3727" HPOS="683"/>
<SP HEIGHT="50" WIDTH="30" VPOS="3729" HPOS="1005"/>
<String CONTENT="academy" HEIGHT="68" WIDTH="268" VPOS="3728" HPOS="1036"/>
<SP HEIGHT="49" WIDTH="30" VPOS="3747" HPOS="1305"/>
<String CONTENT="of" HEIGHT="55" WIDTH="64" VPOS="3727" HPOS="1336"/>
<SP HEIGHT="55" WIDTH="27" VPOS="3727" HPOS="1401"/>
<String CONTENT="America," HEIGHT="67" WIDTH="283" VPOS="3730" HPOS="1429"/>
<SP HEIGHT="62" WIDTH="32" VPOS="3735" HPOS="1713"/>
<String CONTENT="1932." HEIGHT="51" WIDTH="149" VPOS="3734" HPOS="1746"/>
</TextLine>
<TextLine HEIGHT="52" WIDTH="1912" VPOS="3800" HPOS="383" LANG="en-US" CS="1">
<String CONTENT="xi." HEIGHT="40" WIDTH="65" VPOS="3801" HPOS="383"/>
<SP HEIGHT="41" WIDTH="37" VPOS="3800" HPOS="449"/>
<String CONTENT="98" HEIGHT="40" WIDTH="56" VPOS="3800" HPOS="487"/>
<SP HEIGHT="48" WIDTH="37" VPOS="3800" HPOS="544"/>
<String LANG="fr" CONTENT="p.," HEIGHT="36" WIDTH="56" VPOS="3812" HPOS="582"/>
<SP HEIGHT="47" WIDTH="40" VPOS="3801" HPOS="639"/>
<String CONTENT="1" HEIGHT="39" WIDTH="24" VPOS="3801" HPOS="680"/>
<SP/>
<String CS="1" CONTENT="l."/>
<SP HEIGHT="38" WIDTH="60" VPOS="3801" HPOS="775"/>
<String CONTENT="illus.," HEIGHT="47" WIDTH="140" VPOS="3801" HPOS="836"/>
<SP HEIGHT="36" WIDTH="42" VPOS="3812" HPOS="977"/>
<String CONTENT="c" HEIGHT="29" WIDTH="26" VPOS="3812" HPOS="1020"/>
<SP HEIGHT="40" WIDTH="35" VPOS="3801" HPOS="1047"/>
<String CONTENT="facsim." HEIGHT="41" WIDTH="188" VPOS="3800" HPOS="1083"/>
<SP HEIGHT="39" WIDTH="58" VPOS="3803" HPOS="1272"/>
<String CS="1" CONTENT="38&#189;" HEIGHT="40" WIDTH="57" VPOS="3803" HPOS="1331"/>
<String CONTENT="&#7580;&#7504;" HEIGHT="22" WIDTH="44" VPOS="3805" HPOS="1419"/>
<String CONTENT="." HEIGHT="8" WIDTH="7" VPOS="3834" HPOS="1469"/>
<SP HEIGHT="48" WIDTH="69" VPOS="3804" HPOS="1477"/>
<String CONTENT="(Half-title:" HEIGHT="48" WIDTH="297" VPOS="3804" HPOS="1547"/>
<SP HEIGHT="42" WIDTH="37" VPOS="3805" HPOS="1845"/>
<String CONTENT="The" HEIGHT="41" WIDTH="102" VPOS="3805" HPOS="1883"/>
<SP HEIGHT="40" WIDTH="40" VPOS="3806" HPOS="1986"/>
<String CONTENT="Mediaeval" HEIGHT="43" WIDTH="268" VPOS="3805" HPOS="2027"/>
</TextLine>
<TextLine HEIGHT="50" WIDTH="1148" VPOS="3856" HPOS="312" LANG="en-US">
<String CONTENT="academy" HEIGHT="45" WIDTH="229" VPOS="3858" HPOS="312"/>
<SP HEIGHT="35" WIDTH="27" VPOS="3868" HPOS="542"/>
<String CONTENT="of" HEIGHT="40" WIDTH="52" VPOS="3856" HPOS="570"/>
<SP HEIGHT="40" WIDTH="25" VPOS="3856" HPOS="623"/>
<String CONTENT="America." HEIGHT="40" WIDTH="233" VPOS="3857" HPOS="649"/>
<SP HEIGHT="39" WIDTH="60" VPOS="3858" HPOS="883"/>
<String CONTENT="Publication" HEIGHT="41" WIDTH="305" VPOS="3857" HPOS="944"/>
<SP HEIGHT="30" WIDTH="26" VPOS="3868" HPOS="1250"/>
<String CONTENT="no." HEIGHT="29" WIDTH="73" VPOS="3869" HPOS="1277"/>
<SP HEIGHT="37" WIDTH="29" VPOS="3861" HPOS="1351"/>
<String CONTENT="10)" HEIGHT="47" WIDTH="79" VPOS="3859" HPOS="1381"/>
</TextLine>
<TextLine HEIGHT="53" WIDTH="1912" VPOS="3913" HPOS="384" LANG="en-US">
<String CONTENT="Of" HEIGHT="40" WIDTH="63" VPOS="3913" HPOS="384"/>
<SP HEIGHT="40" WIDTH="33" VPOS="3913" HPOS="448"/>
<String CONTENT="the" HEIGHT="40" WIDTH="80" VPOS="3913" HPOS="482"/>
<SP HEIGHT="37" WIDTH="35" VPOS="3916" HPOS="563"/>
<String CONTENT="twenty-eight" HEIGHT="48" WIDTH="333" VPOS="3913" HPOS="599"/>
<SP HEIGHT="37" WIDTH="33" VPOS="3917" HPOS="933"/>
<String CONTENT="manuscripts" HEIGHT="48" WIDTH="326" VPOS="3914" HPOS="967"/>
<SP HEIGHT="38" WIDTH="34" VPOS="3917" HPOS="1294"/>
<String CONTENT="described," HEIGHT="48" WIDTH="261" VPOS="3916" HPOS="1329"/>
<SP HEIGHT="44" WIDTH="37" VPOS="3920" HPOS="1591"/>
<String CONTENT="twenty-seven" HEIGHT="46" WIDTH="344" VPOS="3920" HPOS="1629"/>
<SP HEIGHT="30" WIDTH="35" VPOS="3929" HPOS="1974"/>
<String CONTENT="are" HEIGHT="30" WIDTH="83" VPOS="3929" HPOS="2010"/>
<SP HEIGHT="39" WIDTH="34" VPOS="3920" HPOS="2094"/>
<String CONTENT="in" HEIGHT="38" WIDTH="47" VPOS="3920" HPOS="2129"/>
<SP HEIGHT="38" WIDTH="36" VPOS="3921" HPOS="2177"/>
<String CONTENT="the" HEIGHT="40" WIDTH="82" VPOS="3920" HPOS="2214"/>
</TextLine>
<TextLine HEIGHT="50" WIDTH="1053" VPOS="3969" HPOS="313">
<String LANG="de" CONTENT="Di&#246;zesan-" HEIGHT="40" WIDTH="256" VPOS="3969" HPOS="313"/>
<SP HEIGHT="28" WIDTH="26" VPOS="3980" HPOS="570"/>
<String LANG="de" CONTENT="und" HEIGHT="38" WIDTH="98" VPOS="3971" HPOS="597"/>
<SP HEIGHT="39" WIDTH="26" VPOS="3971" HPOS="696"/>
<String LANG="en-US" CONTENT="dombibliothek," HEIGHT="50" WIDTH="391" VPOS="3969" HPOS="723"/>
<SP HEIGHT="49" WIDTH="32" VPOS="3970" HPOS="1115"/>
<String LANG="en-US" CONTENT="Cologne." HEIGHT="49" WIDTH="218" VPOS="3970" HPOS="1148"/>
</TextLine>
</TextBlock>
</PrintSpace>
</Page>
</Layout>
</alto>