2563 4368
1402 4083 135 51 1594

522 547 95 48 xvi,
646 547 84 40 151
758 557 43 37 p.
856 546 127 39 illus.
1041 544 146 41 19½ᶜᵐ.

457 600 51 52 ©
540 604 102 40 Oct.
672 603 68 47 17,
772 601 113 41 1932;
944 601 67 41 2c.
1043 602 94 38 and
1243 633 7 7 aff.
1284 599 102 40 Oct.
1417 598 56 40 20;
1532 598 40 40 A
1602 597 142 41 55613;
1807 597 205 41 Duffield
2044 597 35 40 &
2111 598 167 41 Green.

535 659 279 49 (32-30264)

453 761 257 65 Braddy,
739 760 187 66 Nella,
958 762 170 51 1894-
1339 758 84 53 ed.

521 840 122 53 The
674 838 276 54 standard
984 837 146 53 book
1163 837 63 52 of
1261 836 221 53 British
1518 836 112 52 and
1665 834 306 55 American
2003 853 173 48 verse,
2209 835 238 54 selected

452 912 1995 73 by Nella Braddy … preface by Christopher Morley. Garden
454 990 1989 72 City, N. Y., The Garden City publishing company, inc. [ ᶜ19 32]
526 1063 684 53 xviii p., 1 l., 778 p. 21ᶜᵐ.
526 1124 163 40 “First
717 1122 228 43 edition.”

461 1179 51 52 ©
550 1182 102 40 Oct.
689 1182 69 45 17,
794 1178 112 41 1932;
972 1178 68 41 2c.
1076 1179 93 38 and
1206 1177 82 41 aff.
1325 1177 102 40 Oct.
1464 1177 56 40 20;
1586 1178 40 38 A
1662 1176 144 42 56672;
1874 1178 192 40 Garden
2105 1177 109 49 City
2251 1179 96 48 pub
2383 1189 66 31 co.

538 1237 279 50 (32-30229)

457 1341 246 62 Brooke,
733 1339 222 64 Gladys
977 1338 208 53 Milton
1212 1336 250 63 Palmer,
1489 1338 229 68 dayang
1740 1338 174 52 muda
1942 1338 64 68 of
2029 1339 293 55 Sarawak.

534 1418 123 67 [It’s
685 1418 94 52 the
806 1416 180 66 truth]
1067 1418 91 66 By
1184 1416 102 51 her
1312 1415 268 69 highness
1607 1416 96 52 the
1730 1415 229 70 dayang
1987 1416 173 52 muda
2190 1415 63 53 of
460 1415 1968 134 Sarawak.

684 1496 361 67 [Instalment
1076 1498 29 47 9]
1206 1493 244 56 Sinister
1480 1493 132 69 city.

559 1572 62 39 (In
653 1567 200 43 London
888 1565 187 52 people,
1111 1566 105 43 Oct.
1253 1566 71 49 23,
1362 1564 144 51 1932)

462 1623 1992 53 © 1c. Nov. 4, 1932; A ad int. 17035; pubd. Oct. 23; American weekly,
531 1684 106 47 inc.,
672 1684 116 38 New
823 1682 142 40 York.

462 1786 264 65 Browne,
758 1785 210 65 Lewis,
1005 1786 169 55 1897-

531 1862 233 54 Blesséd
795 1861 246 69 Spinoza;
1108 1880 31 34 a
1169 1860 323 70 biography
1523 1860 65 55 of
1619 1861 96 54 the
1745 1860 387 70 philosopher,
2165 1861 74 69 by
2271 1861 186 55 Lewis

465 1938 1787 70 Browne … New York, The Macmillan company, 1932.
533 2010 1591 50 xiii p., 3 l., 3-334 p. front., plates, ports., facsims. 22ᶜᵐ.
534 2068 246 42 “Selected
809 2066 364 49 bibliography”:
1232 2077 42 38 p.
1300 2066 217 42 321-323.

467 2123 51 52 ©
562 2128 101 40 Oct.
705 2126 70 48 25,
818 2125 112 41 1932;
1002 2126 66 40 2c.
1112 2129 94 38 and
1249 2124 83 42 aff.
1376 2125 102 41 Oct.
1521 2124 54 41 26;
1649 2126 40 39 A
1731 2125 142 41 56722;
1945 2126 38 39 L
2040 2127 219 45 Browne,
2306 2127 151 41 Santa

536 2183 204 47 Monica,
779 2182 144 41 Calif.
993 2181 280 47 (32-26514)

464 2283 181 66 Buck,
678 2283 294 65 Florence,
1005 2289 170 50 1860-

534 2361 123 52 The
691 2365 157 63 story
884 2359 65 53 of
985 2359 184 69 Jesus,
1207 2359 75 70 by
1321 2360 273 53 Florence
1634 2360 177 53 Buck.
1943 2379 80 35 Rev.
2064 2361 84 53 ed.
2226 2363 234 62 Boston,

466 2437 1151 69 Mass., The Beacon press, inc. [ ᶜ19 32]
541 2508 1920 53 xxxiv, 317 p. incl. plan, front., pl. 20½ᶜᵐ. [The Beacon course of
468 2568 182 47 graded
685 2567 198 42 lessons,
921 2566 70 42 W.
1030 2567 36 40 I.
1106 2566 277 47 Lawrance,
1420 2566 230 42 Florence
1690 2566 148 49 Buck,
1877 2567 198 50 editors]

539 2622 112 48 Map
681 2634 60 29 on
771 2622 135 42 front
936 2623 333 47 lining-paper.

541 2679 181 40 “These
760 2679 184 40 lessons
982 2689 82 30 are
1104 2678 230 48 designed
1372 2681 48 38 to
1458 2678 58 40 be
1555 2680 118 40 used
1711 2679 120 41 with
1869 2679 100 41 The
2010 2680 162 48 gospel
2213 2679 52 41 of
2303 2679 157 48 Jesus,

468 2736 60 46 by
557 2735 206 47 Clayton
791 2736 54 40 R.
876 2734 470 43 Bowen.”—Introd.

539 2791 225 41 Includes
792 2790 391 49 bibliographies.

474 2844 51 53 ©
564 2850 101 40 Oct.
702 2849 68 46 10,
808 2848 113 42 1932;
988 2848 67 41 2c.
1093 2849 94 39 and
1226 2848 81 42 aff.
1346 2850 101 40 Oct.
1486 2850 55 39 14;
1608 2850 39 38 A
1686 2849 142 41 56466;
1897 2851 190 40 Beacon
2125 2861 149 38 press,
2314 2851 90 39 inc.

552 2905 278 49 (32-30287)

469 3007 224 66 Burtis,
722 3007 316 57 Thomson.

540 3082 145 56 Slim
709 3084 195 52 Evans
931 3089 58 48 at
1013 3089 251 64 mystery
1290 3086 314 66 mountain,
1629 3086 75 66 by
1730 3087 286 53 Thomson
2043 3087 215 53 Burtis.
2321 3087 138 52 New

468 3160 1128 70 York, H. Holt and company [ ᶜ19 32]
539 3232 589 50 4 p. 1, 3-210 p. 19 ᶜᵐ .
542 3288 162 42 “First
735 3289 262 50 printing.”

477 3341 50 52 ©
562 3346 101 40 Oct.
694 3346 69 47 21,
797 3345 138 47 1932;
970 3346 65 40 2c.
1069 3347 94 38 and
1197 3346 79 40 aff.
1311 3347 101 41 Oct.
1444 3348 81 45 26;
1560 3349 39 38 A
1632 3349 169 47 56715;
1837 3350 167 47 Henry
2038 3350 116 39 Holt
2187 3354 36 40 &
2255 3359 81 37 co.,
2370 3350 90 40 inc.

555 3402 278 48 (32-30513)

474 3501 165 63 Case,
669 3504 139 52 Earl
838 3503 193 66 Clark,
1063 3504 169 55 1887-

476 3578 1965 130 College geography, by Earl C. Case … and Daniel K. Bergsmark
727 3657 1735 71 … New York, J. Wiley & sons, inc.; London, Chapman
473 3735 44 49 &
546 3732 160 66 Hall,
736 3734 240 67 limited,
1008 3737 150 50 1932.

548 3805 101 46 xiii,
677 3805 85 41 700
787 3816 42 37 p.
886 3806 142 48 illus.,
1056 3818 137 39 maps
1219 3808 49 49 (1
1297 3809 197 49 double)
1530 3810 179 49 diagrs.
1763 3810 148 42 23½ᶜᵐ.
2024 3808 130 51 $4.50

548 3861 345 41 “References”
922 3865 52 38 at
1001 3865 91 39 end
1118 3864 52 41 of
1197 3865 116 40 each
1343 3865 214 48 chapter.

480 3913 51 52 ©
559 3917 101 41 Oct.
686 3919 68 46 13,
781 3917 139 48 1932;
948 3919 66 40 2c.
1041 3922 94 38 and
1162 3920 80 41 aff.
1272 3920 102 40 Oct.
1400 3922 81 46 17;
1510 3923 40 38 A
1576 3922 170 47 56490;
1777 3924 51 38 E.
1857 3923 50 41 C.
1935 3924 121 39 Case
2083 3924 94 39 and
2207 3923 171 40 Daniel
2408 3924 54 40 R.

548 3973 306 49 Bergsmark,
897 3974 289 42 Cincinnati.
1256 3976 278 49 (32-30266)
