2563 4368
1390 4038 67 50 62

504 527 226 40 Includes
767 527 390 48 bibliographies.

444 597 49 51 ©
525 603 108 38 Jan.
665 602 67 46 15,
764 601 112 40 1932;
934 600 67 40 2c.
1034 602 94 38 and
1158 601 80 39 aff.
1270 601 110 41 Jan.
1484 611 8 35 18;
1526 600 39 38 A
1596 600 144 40 47045:
1849 631 8 8 D.
1891 598 236 48 Appleton
2159 599 36 37 &
2227 609 67 29 co.
2375 594 50 52 [©

510 658 207 47 preface,
753 658 249 47 revisions]
1075 657 248 47 (32-2215)

438 758 228 65 Sibson,
696 759 243 54 Francis
969 761 72 54 H.

509 834 183 69 Carry
723 835 101 53 on!
910 837 386 65 [Instalments
1329 840 47 61 8,
1408 841 46 46 9.
1531 834 358 66 Conclusion]

515 910 82 47 (In
626 906 201 43 London
855 907 199 50 Sunday
1085 907 243 51 pictorial,
1358 907 114 42 Dec.
1502 908 71 48 20,
1603 908 72 48 27,
1709 905 141 49 1931)

442 975 1982 52 © 1c. each Jan. 16, 1932; A ad int. 15994: pubd. Dec. 20, 27, 1931;
509 1036 294 47 Doubleday,
837 1037 165 39 Doran
1034 1037 36 39 &
1100 1048 81 36 co.,
1213 1037 104 45 inc.,
1351 1036 192 40 Garden
1576 1036 122 46 City,
1732 1035 55 39 N.
1821 1035 52 39 Y.

434 1127 296 53 Southern
768 1132 373 55 architecture
1176 1131 349 66 illustrated;
1566 1130 138 51 with
1743 1149 31 33 a
1812 1129 283 53 foreword
2134 1129 74 69 by
2245 1129 182 53 Lewis

501 1204 1861 69 E. Crook, jr. … an introduction by Dwight James Baum …
500 1282 158 52 More
691 1283 138 53 than
861 1289 111 46 two
1005 1283 259 52 hundred
1297 1283 111 53 and
1442 1281 133 70 fifty
1607 1281 378 54 illustrations
2018 1282 112 52 and
2164 1281 165 68 plans
2360 1282 64 52 of

501 1360 370 68 outstanding
912 1366 236 62 country
1187 1361 111 51 and
1339 1360 283 52 suburban
1661 1359 192 55 homes
1891 1358 57 52 in
1991 1359 94 52 the
2125 1357 199 68 South,
2364 1378 58 34 as

501 1437 234 53 selected
765 1438 74 68 by
869 1457 31 33 a
929 1436 315 53 committee
1273 1437 63 52 of
1364 1436 323 69 prominent
1717 1435 314 69 architects,
2062 1437 270 53 members
2361 1436 62 52 of

500 1512 1896 147 American institute. Atlanta, Ga., Harman publishing company, ᶜ1 931.
502 1670 98 46 287,
633 1671 55 48 [1]
720 1682 43 37 p.
794 1670 109 41 incl.
933 1671 164 48 front.,
1127 1670 143 47 illus.,
1304 1672 152 46 plans.
1514 1670 145 41 30½ᶜᵐ.

502 1727 312 48 Advertising
849 1729 205 39 matter:
1093 1738 42 37 p.
1170 1727 216 40 274-287.

441 1796 51 52 ©
528 1801 124 47 Sept.
688 1801 65 40 15.
788 1800 103 40 1931;
960 1801 67 39 2c.
1060 1801 111 40 Dec.
1204 1802 51 44 3;
1291 1800 80 40 aff.
1407 1801 109 42 Dec.
1549 1801 80 41 21;
1665 1803 41 36 A
1736 1802 170 39 46778:
1944 1802 222 38 Harman
2199 1802 108 47 pub.
2342 1814 81 27 co..

509 1857 58 40 H.
599 1859 48 37 E.
681 1858 232 42 Hannan,
943 1857 73 46 jr.,
1048 1866 174 38 owner,
1252 1857 215 39 Atlanta.
1539 1857 248 47 (32-1236)

434 1961 271 64 Spencer,
736 1961 266 54 Warren.

504 2041 247 51 Forever
780 2040 112 52 and
922 2057 144 50 ever,
1097 2059 31 33 a
1157 2041 182 66 novel,
1367 2042 74 67 by
1468 2041 243 53 Warren
1744 2040 263 69 Spencer.
2075 2041 137 52 New
2243 2041 179 58 York,

434 2118 69 52 A.
533 2118 76 52 H.
637 2118 178 68 King,
845 2120 150 50 1932.

503 2197 85 40 313
619 2208 43 37 p.
721 2197 145 41 19½ᶜᵐ.

441 2265 50 52 ©
519 2270 110 39 Jan.
655 2269 67 42 22,
750 2269 138 40 1932;
918 2269 65 39 2c.
1010 2270 108 39 Jan.
1146 2270 80 47 25;
1255 2269 81 39 aff.
1364 2270 108 40 Jan.
1500 2270 80 45 23;
1611 2270 40 38 A
1675 2269 171 48 48080;
1875 2271 170 39 Alfred
2075 2272 58 37 H.
2163 2270 141 44 King.
2334 2271 87 39 inc.

518 2326 248 48 (32-2228)

434 2428 246 65 Steffen,
711 2429 225 64 Albert,
969 2433 170 50 1884-

503 2512 73 51 In
603 2511 344 68 memoriam,
977 2509 221 53 Rudolf
1227 2509 240 66 Steiner,
1495 2511 74 67 by
1598 2509 203 53 Albert
1831 2509 244 68 Steffen;
2107 2512 309 53 translated

435 2588 151 52 from
619 2588 94 52 the
747 2587 248 54 German
1028 2587 73 67 by
1138 2586 137 54 Olin
1308 2587 70 51 D.
1412 2586 437 54 Wannamaker.
1920 2589 138 51 New
2095 2588 161 53 York
2290 2589 132 68 city.

437 2663 523 69 AnthropoSophic
989 2682 172 49 press,
1194 2667 147 49 1931.

503 2748 584 50 3 p. l., [9]-44 p. 23·.
505 2805 161 40 “First
693 2803 226 41 edition.”

440 2873 51 52 ©
524 2878 111 38 Dec.
666 2875 66 46 19,
765 2875 137 46 1931;
937 2875 68 38 2c.
1036 2875 94 38 and
1163 2874 80 39 aff.
1276 2874 109 39 Dec.
1418 2874 81 45 28;
1534 2875 39 37 A
1605 2874 170 45 45901;
1811 2874 428 49 AnthropoSophic
2273 2886 147 38 press.

518 2932 248 46 (32-2253)

434 3035 316 55 Suetonius
779 3033 393 64 Tranquillus,
1203 3034 61 53 C.

431 3111 1985 223 The lives of the twelve Caesars, by Suetonius; an unexpurgated English version edited with notes and an introduction by Joseph Gavorse … New York, The Modern library
435 3347 191 65 [ᶜ1931]

501 3422 1920 54 4 p. l. , vii-xvi. 361 p. 17ᶜᵐ. (Half-title: The modern library of the
433 3481 190 40 world’s
652 3482 104 39 best
785 3480 168 46 books)

503 3535 160 41 “First
694 3534 196 40 Modern
922 3533 181 49 library
1136 3532 223 44 edition.”

442 3605 50 51 ©
522 3609 117 42 Aug.
667 3607 67 42 25,
764 3607 16 37 1
792 3606 111 45 931;
933 3606 66 38 2c.
1028 3605 107 39 Jan.
1163 3606 68 39 26.
1262 3604 138 41 1932;
1431 3605 79 39 aff.
1543 3606 109 40 Dec.
1682 3607 68 47 28,
1780 3607 139 46 1931;
1952 3609 37 38 A
2018 3610 169 46 47248;
2222 3611 197 38 Modern

508 3664 196 45 library,
740 3663 88 39 inc.
899 3661 278 47 (32-28245)

430 3765 260 63 Taintor,
720 3763 187 55 Sarah
937 3763 293 63 Augusta.

505 3836 281 72 Training
825 3839 91 52 for
952 3838 321 53 secretarial
1312 3840 273 66 practice;
1625 3860 31 32 a
1695 3842 267 51 textbook
1999 3842 57 53 in
2095 3844 317 51 secretarial

436 3916 1919 70 theory and correspondence, by Sarah Augusta Taintor …
