2563 4368
1076 4067 132 51 1013

228 522 1261 58 viii, 83 p. incl. illus. (map) tables, diagrs. 23 ᶜᵐ.
229 584 240 42 Editorial
498 585 240 39 foreword
769 583 168 49 signed;
995 584 51 41 L.
1076 582 50 43 C.
1156 583 250 47 Marshall,
1440 582 61 42 H.
1534 582 51 41 E.
1620 582 220 42 Yntema.

167 639 50 51 ©
249 644 114 47 Apr.
395 642 67 48 15,
496 642 139 47 1932;
668 642 67 40 2c.
770 643 94 39 and
898 642 81 41 aff.
1013 643 112 48 Apr.
1157 641 82 47 26;
1275 642 42 38 A
1347 640 170 48 49702;
1555 641 153 40 Johns
1742 639 221 48 Hopkins
1997 650 149 39 press.

243 698 276 49 (32-17771)

159 801 240 64 Martin,
429 799 210 55 Albert
668 802 217 63 Harry,
920 802 170 54 1897-

229 871 1918 79 Jail bait, by Al Martin … 1st ed. Wood cut designs by
158 954 155 54 John
346 954 231 53 Belmar
609 953 159 53 Hall.
836 952 365 71 Hollywood,
1234 952 194 69 Calif.,
1460 955 72 52 D.
1569 952 69 56 G.
1674 953 235 55 Fischer
2058 956 65 50 [ᶜ1932]

227 1026 97 49 112,
356 1027 54 50 [1]
439 1037 43 38 p.
510 1026 106 40 incl.
647 1027 226 41 mounted
899 1027 170 47 plates.
1129 1026 146 41 19½ᶜᵐ.

232 1077 1914 56 “The first edition … consists of one thousand copies, signed by the
160 1141 177 39 author
362 1141 96 39 and
485 1140 262 39 numbered
773 1141 25 38 1
828 1142 50 37 to
905 1137 159 42 1000.”
1120 1139 118 40 This
1266 1149 119 37 copy
1411 1139 43 39 is
1479 1142 86 37 not
1590 1138 265 42 numbered
1882 1149 53 30 or
1964 1139 182 48 signed.

166 1195 50 51 ©
243 1200 127 38 June
391 1197 68 49 16,
485 1197 112 40 1932;
651 1197 67 41 2c.
743 1197 125 40 June
892 1197 55 39 24;
1002 1196 80 42 aff.
1109 1197 115 47 July
1249 1197 24 39 5;
1329 1197 40 39 A
1394 1196 170 49 52880;
1591 1198 53 39 A.
1672 1198 60 39 H.
1759 1195 197 49 Martin,
234 1193 1897 114 Hollywood,
409 1254 141 42 Calif.
623 1252 277 51 (32-17673)

161 1357 337 65 Matthews,
529 1357 136 54 Eric
693 1356 322 65 Christian,
1046 1361 169 52 1892-

227 1434 242 54 Modern
507 1436 155 52 show
701 1435 134 53 card
874 1435 271 68 lettering
1185 1435 112 52 and
1337 1435 129 68 sign
1504 1435 268 68 painting
1816 1435 109 67 [by]
1969 1436 70 51 E.
2081 1434 64 56 C.

156 1511 331 67 Matthews;
523 1513 168 52 latest
723 1510 175 55 tricks
933 1512 64 53 of
1029 1511 96 54 the
1159 1512 190 66 trade;
1386 1511 223 69 history
1644 1512 63 53 of
1743 1511 400 71 alphabets—a

158 1591 273 66 complete
477 1607 190 35 course
714 1589 63 54 of
820 1589 340 54 instruction
1204 1590 61 51 in
1311 1591 76 51 all
1432 1589 273 53 branches
1751 1589 64 54 of
1857 1590 287 68 lettering.

157 1665 350 68 Containing
531 1669 66 49 30
620 1665 295 69 alphabets
939 1666 111 52 and
1075 1668 100 51 150
1200 1666 161 52 other
1383 1668 243 66 layouts,
1651 1667 307 68 diagrams,
1981 1687 164 49 space

158 1741 170 54 fillers
360 1743 110 54 and
500 1743 242 67 designs.
810 1743 84 54 St.
924 1743 191 68 Louis,
1144 1743 134 67 Mo.,
1310 1742 144 70 Sign
1485 1744 335 69 publishing
1851 1763 296 51 company,

158 1825 150 49 1932.

229 1892 85 41 100
340 1904 44 38 p.
442 1892 127 41 illus.
625 1892 146 42 20½ᶜᵐ.

166 1947 50 51 ©
251 1951 125 38 June
408 1950 67 46 17,
511 1948 139 47 1932;
686 1949 67 40 2c.
787 1950 96 39 and
915 1949 81 41 aff.
1032 1951 129 39 June
1192 1949 82 48 22;
1310 1951 41 38 A
1386 1948 170 50 52739;
1593 1953 51 37 E.
1683 1952 47 41 C.
1767 1952 275 49 Matthews,
2081 1953 67 42 St.

231 2007 158 39 Louis.
461 2006 278 48 (32-17653)

159 2111 303 63 Montagu,
493 2108 183 54 Helen
708 2109 183 56 Scott.

232 2188 121 65 [My
396 2183 316 55 Bohemian
751 2185 365 55 confessions.
1191 2188 344 53 Instalment
1576 2188 49 66 7]
1705 2190 152 52 Fred
1898 2191 246 53 Karno’s

158 2263 151 52 Love
339 2262 208 56 match.

241 2337 82 48 (In
349 2332 316 45 Manchester
695 2332 204 53 Empire
925 2347 151 37 news,
1105 2333 128 44 June
1262 2336 72 50 26,
1366 2335 144 51 1932)

166 2389 1982 58 © 1c. July 19, 1932; A ad int. 16675; pubd. June 26; Amer. weekly, inc.,
229 2449 117 39 New
375 2448 141 41 York.

158 2550 283 55 Montana
486 2552 111 51 and
643 2548 211 58 Pacific
898 2552 202 68 digest,
1144 2552 268 70 covering
1457 2555 77 52 all
1578 2575 152 34 cases
1772 2557 267 70 reported
2084 2557 60 55 in

227 2629 278 54 Montana
529 2634 239 65 reports,
795 2632 325 67 1868-1931,
1145 2629 210 56 Pacific
1381 2637 274 65 reporter,
1679 2636 253 53 volumes
1959 2639 186 67 1-300,

231 2703 1851 76 and all of the Pacific states reports from the earliest times …
231 2783 299 70 Compiled
586 2786 110 51 and
753 2784 190 55 edited
998 2787 75 68 by
1127 2788 96 52 the
1277 2788 337 69 publisher’s
1671 2792 266 55 editorial
1992 2792 150 58 staff.

269 2903 9 9 v.
312 2860 184 55 17-19.
573 2862 84 54 St.
683 2864 167 68 Paul,
874 2865 162 54 West
1060 2865 337 71 publishing
1424 2887 97 51 co.,
1551 2873 150 53 1932.

228 2934 212 42 3 v. 26 ᶜᵐ.
163 2990 1955 110 CONTENTS. — v. 17. Exchange of property-Fixtures. — v. 18. Food-Guaranty.— v. 19. Guardian and ward-Homicide.
165 3100 52 51 ©
251 3105 115 46 July
398 3103 70 49 23,
502 3103 112 41 1932;
677 3104 67 41 2c.
778 3106 118 39 each
929 3107 117 47 Aug.
1081 3107 25 40 5;
1170 3107 105 41 affs.
1311 3110 120 48 Aug.
1466 3111 26 39 2;
1556 3112 41 38 A
1630 3113 318 41 53473-53475;
2014 3117 134 40 West

230 3161 111 47 pub.
366 3170 67 32 co.

158 3263 304 65 Mottram,
491 3264 191 64 Ralph
711 3265 165 56 Hale.

227 3340 223 53 Dazzle.
550 3341 180 68 [chap.]
763 3345 34 50 4
832 3341 339 72 (contd.)-5.

240 3412 81 47 (In
346 3409 229 43 Windsor
603 3411 274 52 magazine,
904 3413 142 51 June,
1078 3414 142 51 1932)

165 3463 1977 69 © 1c. July 23, 1932; A ad int. 16693; pubd. May 27; R. H. Mottram,
230 3526 171 46 Eaton,
429 3526 241 48 Norwich,
700 3527 236 48 England.

157 3611 243 55 Nevada
452 3615 111 52 and
613 3613 209 57 Pacific
872 3617 202 69 digest,
1124 3621 267 69 covering
1439 3623 78 52 all
1566 3643 150 35 cases
1764 3627 265 68 reported
2078 3626 61 53 in

225 3689 234 54 Nevada
491 3697 239 62 reports,
764 3696 325 67 1865-1931,
1121 3696 210 54 Pacific
1364 3706 272 62 reporter,
1669 3705 250 52 volumes
1953 3708 186 60 1-300,

227 3767 111 51 and
372 3767 77 52 all
482 3769 64 51 of
577 3770 96 52 the
704 3769 211 57 Pacific
946 3777 174 50 states
1149 3781 222 63 reports
1401 3778 155 53 from
1588 3780 95 52 the
1715 3779 226 55 earliest
1972 3782 165 55 times

287 3842 1850 83 … Compiled and edited by the publisher’s editorial staff.
224 3938 50 33 v.
307 3920 182 55 17-19.
567 3923 81 54 St.
679 3927 165 66 Paul,
871 3930 158 54 West
1055 3930 335 68 publishing
1417 3952 98 47 co.,
1543 3939 149 52 1932.

225 3994 209 41 3 y. 26 ᶜᵐ.
