<alto xmlns="http://www.loc.gov/standards/alto/ns-v3#" xmlns:xlink="http://www.w3.org/1999/xlink" xmlns:xsi="http://www.w3.org/2001/XMLSchema-instance" xsi:schemaLocation="http://www.loc.gov/standards/alto/ns-v3# http://www.loc.gov/alto/v3/alto-3-0.xsd"><Description>
<MeasurementUnit>pixel</MeasurementUnit>
<sourceImageInformation>
<fileName>1932_v29_part001.pdf</fileName>
</sourceImageInformation>
<OCRProcessing ID="IdOcr">
<ocrProcessingStep>
<processingDateTime>2019-04-25</processingDateTime>
<processingSoftware>
<softwareCreator>ABBYY</softwareCreator>
<softwareName>ABBYY Recognition Server</softwareName>
<softwareVersion>4.0</softwareVersion>
</processingSoftware>
</ocrProcessingStep>
</OCRProcessing>
</Description>
<Styles>
<ParagraphStyle ID="StyleId-FFFFFFFF-FFFF-FFFF-FFFF-FFFFFFFFFFFF-" ALIGN="Left" LEFT="0." RIGHT="0." FIRSTLINE="0."/>
<ParagraphStyle ID="StyleId-547D96D3-B2DE-4E86-A4BD-9DDFC275973A-" ALIGN="Left" LEFT="0." RIGHT="0." FIRSTLINE="0." LINESPACE="7.699999809"/>
<ParagraphStyle ID="StyleId-BE433B82-DF6F-491A-9872-F562FF4150C8-" ALIGN="Block" LEFT="0." RIGHT="0." FIRSTLINE="-13." LINESPACE="7.900000095"/>
<ParagraphStyle ID="StyleId-CC286467-50C5-4655-B0CF-BA365CCE0736-" ALIGN="Block" LEFT="0." RIGHT="0." FIRSTLINE="-15." LINESPACE="8.479999542"/>
<ParagraphStyle ID="StyleId-9878414D-BEDB-487D-971A-CF5ADB5C4AD2-" ALIGN="Block" LEFT="0." RIGHT="0." FIRSTLINE="-14." LINESPACE="10.92000008"/>
<ParagraphStyle ID="StyleId-EBC70DE5-3635-4BD4-B07B-05DF6EFE0022-" ALIGN="Block" LEFT="0." RIGHT="0." FIRSTLINE="-13." LINESPACE="12.19999981"/>
<ParagraphStyle ID="StyleId-8A688F83-F017-4D5D-A00A-14637016ED45-" ALIGN="Left" LEFT="0." RIGHT="0." FIRSTLINE="0." LINESPACE="9.399999619"/>
<ParagraphStyle ID="StyleId-20F0BBAE-20C6-42F4-8113-00B5C02924DC-" ALIGN="Left" LEFT="0." RIGHT="0." FIRSTLINE="0." LINESPACE="11.10000038"/>
<ParagraphStyle ID="StyleId-7AA70148-8873-4ACB-90AE-BF9322E02302-" ALIGN="Left" LEFT="0." RIGHT="0." FIRSTLINE="-13." LINESPACE="11.09000015"/>
<ParagraphStyle ID="StyleId-072EF7BA-7207-4F8B-9A7C-F564E8B4CB16-" ALIGN="Left" LEFT="0." RIGHT="0." FIRSTLINE="-14." LINESPACE="12.19999981"/>
<ParagraphStyle ID="StyleId-44303D12-21D7-4DB0-9E9F-87FA1A861DD7-" ALIGN="Block" LEFT="0." RIGHT="0." FIRSTLINE="-14." LINESPACE="10.92000008"/>
<ParagraphStyle ID="StyleId-43CF0D44-8AC2-4CD0-865F-942C78705184-" ALIGN="Block" LEFT="0." RIGHT="0." FIRSTLINE="-13." LINESPACE="12.19999981"/>
<ParagraphStyle ID="StyleId-7A298A86-29F5-413A-AEC9-078A4CC464D7-" ALIGN="Block" LEFT="0." RIGHT="0." FIRSTLINE="13." LINESPACE="12.19999981"/>
<ParagraphStyle ID="StyleId-8E4E86F7-C1F9-4A1A-B605-6B1FC1C8E9F7-" ALIGN="Left" LEFT="0." RIGHT="0." FIRSTLINE="0." LINESPACE="11.60000038"/>
<ParagraphStyle ID="StyleId-AB39791B-5ED1-444F-BEF5-2CFED1F2709A-" ALIGN="Left" LEFT="0." RIGHT="0." FIRSTLINE="-13." LINESPACE="11.09000015"/>
<ParagraphStyle ID="StyleId-C1F2EEE7-CD00-4E11-9EAD-B222287AEDA4-" ALIGN="Center" LEFT="0." RIGHT="0." FIRSTLINE="0." LINESPACE="11.10000038"/>
</Styles>
<Layout>
<Page ID="Page1866" PHYSICAL_IMG_NR="1866" HEIGHT="4368" WIDTH="2563">
<TopMargin HEIGHT="458" WIDTH="2563" VPOS="0" HPOS="0">
</TopMargin>
<LeftMargin HEIGHT="3684" WIDTH="326" VPOS="458" HPOS="0">
</LeftMargin>
<RightMargin HEIGHT="3684" WIDTH="211" VPOS="458" HPOS="2352">
</RightMargin>
<BottomMargin HEIGHT="226" WIDTH="2563" VPOS="4142" HPOS="0">
</BottomMargin>
<PrintSpace HEIGHT="3684" WIDTH="2026" VPOS="458" HPOS="326">
<TextBlock ID="Page1866_Block1" HEIGHT="70" WIDTH="156" VPOS="4072" HPOS="1250" LANG="en-US" STYLEREFS="StyleId-E4167A7E-945C-4454-9431-DFB74282D4F6-">
<TextLine HEIGHT="50" WIDTH="137" VPOS="4082" HPOS="1260">
<String CONTENT="1866" HEIGHT="50" WIDTH="137" VPOS="4082" HPOS="1260"/>
</TextLine>
</TextBlock>
<TextBlock ID="Page1866_Block2" HEIGHT="3582" WIDTH="2026" VPOS="458" HPOS="326" LANG="en-US" CS="1" STYLEREFS="StyleId-17F560DA-1575-4631-B380-FAE3C48EECE7-">
<TextLine HEIGHT="65" WIDTH="697" VPOS="468" HPOS="336" STYLEREFS="StyleId-10E16480-873D-46F1-B11B-9C21993CF28C-">
<String LANG="de" CONTENT="Brooks," HEIGHT="64" WIDTH="244" VPOS="469" HPOS="336"/>
<SP HEIGHT="64" WIDTH="26" VPOS="469" HPOS="581"/>
<String LANG="fr" CONTENT="Jean" HEIGHT="53" WIDTH="148" VPOS="469" HPOS="608"/>
<SP HEIGHT="54" WIDTH="25" VPOS="468" HPOS="757"/>
<String LANG="de" CONTENT="Jarrett." HEIGHT="54" WIDTH="250" VPOS="468" HPOS="783"/>
</TextLine>
<TextLine HEIGHT="72" WIDTH="1931" VPOS="541" HPOS="405" STYLEREFS="StyleId-8056F8E8-6C08-4FFB-927A-400406133AC4-">
<String CONTENT="A" HEIGHT="52" WIDTH="54" VPOS="544" HPOS="405"/>
<SP HEIGHT="69" WIDTH="28" VPOS="544" HPOS="460"/>
<String CONTENT="guide" HEIGHT="69" WIDTH="171" VPOS="544" HPOS="489"/>
<SP HEIGHT="48" WIDTH="27" VPOS="548" HPOS="661"/>
<String CONTENT="to" HEIGHT="49" WIDTH="59" VPOS="548" HPOS="689"/>
<SP HEIGHT="51" WIDTH="30" VPOS="561" HPOS="749"/>
<String CONTENT="painters" HEIGHT="69" WIDTH="255" VPOS="543" HPOS="780"/>
<SP HEIGHT="35" WIDTH="30" VPOS="561" HPOS="1036"/>
<String CONTENT="and" HEIGHT="52" WIDTH="113" VPOS="543" HPOS="1067"/>
<SP HEIGHT="67" WIDTH="31" VPOS="543" HPOS="1181"/>
<String CONTENT="paintings," HEIGHT="70" WIDTH="315" VPOS="541" HPOS="1213"/>
<SP HEIGHT="69" WIDTH="27" VPOS="541" HPOS="1529"/>
<String CONTENT="by" HEIGHT="69" WIDTH="76" VPOS="541" HPOS="1557"/>
<SP HEIGHT="68" WIDTH="28" VPOS="542" HPOS="1634"/>
<String CONTENT="Jean" HEIGHT="54" WIDTH="147" VPOS="542" HPOS="1663"/>
<SP HEIGHT="54" WIDTH="30" VPOS="541" HPOS="1811"/>
<String CONTENT="Jarrett" HEIGHT="54" WIDTH="225" VPOS="541" HPOS="1842"/>
<SP HEIGHT="51" WIDTH="27" VPOS="543" HPOS="2068"/>
<String CONTENT="Brooks," HEIGHT="70" WIDTH="240" VPOS="541" HPOS="2096"/>
</TextLine>
<TextLine HEIGHT="71" WIDTH="1945" VPOS="618" HPOS="391" STYLEREFS="StyleId-8056F8E8-6C08-4FFB-927A-400406133AC4-" CS="1">
<String CS="1" CONTENT="M"/>
<String LANG="el" CONTENT="." HEIGHT="11" WIDTH="10" VPOS="665" HPOS="391"/>
<SP HEIGHT="35" WIDTH="52" VPOS="641" HPOS="402"/>
<String CS="1" CONTENT="A." HEIGHT="10" WIDTH="9" VPOS="665" HPOS="496"/>
<SP HEIGHT="56" WIDTH="90" VPOS="620" HPOS="506"/>
<String CONTENT="Oklahoma" HEIGHT="56" WIDTH="321" VPOS="620" HPOS="597"/>
<SP HEIGHT="55" WIDTH="54" VPOS="620" HPOS="919"/>
<String CONTENT="City," HEIGHT="69" WIDTH="152" VPOS="620" HPOS="974"/>
<SP HEIGHT="69" WIDTH="52" VPOS="619" HPOS="1127"/>
<String CONTENT="Okla.," HEIGHT="68" WIDTH="186" VPOS="619" HPOS="1180"/>
<SP HEIGHT="68" WIDTH="50" VPOS="619" HPOS="1367"/>
<String CONTENT="The" HEIGHT="53" WIDTH="122" VPOS="619" HPOS="1418"/>
<SP HEIGHT="55" WIDTH="53" VPOS="618" HPOS="1541"/>
<String CONTENT="Colonial" HEIGHT="55" WIDTH="263" VPOS="618" HPOS="1595"/>
<SP HEIGHT="53" WIDTH="52" VPOS="619" HPOS="1859"/>
<String CONTENT="art" HEIGHT="48" WIDTH="89" VPOS="625" HPOS="1912"/>
<SP HEIGHT="48" WIDTH="53" VPOS="625" HPOS="2002"/>
<String CONTENT="company" HEIGHT="52" WIDTH="280" VPOS="637" HPOS="2056"/>
</TextLine>
<TextLine HEIGHT="63" WIDTH="194" VPOS="703" HPOS="340" STYLEREFS="StyleId-8056F8E8-6C08-4FFB-927A-400406133AC4-" LANG="el" CS="1">
<String CONTENT="[" HEIGHT="33" WIDTH="13" VPOS="733" HPOS="340"/>
<String LANG="en-US" CS="1" CONTENT="&#7580;"/>
<String CONTENT="1931]" HEIGHT="63" WIDTH="152" VPOS="703" HPOS="382"/>
</TextLine>
<TextLine HEIGHT="50" WIDTH="530" VPOS="769" HPOS="408" CS="1">
<String LANG="en-US" CONTENT="4" HEIGHT="39" WIDTH="27" VPOS="771" HPOS="408"/>
<SP HEIGHT="48" WIDTH="24" VPOS="771" HPOS="436"/>
<String LANG="fr" CONTENT="p." HEIGHT="39" WIDTH="42" VPOS="780" HPOS="461"/>
<SP HEIGHT="40" WIDTH="30" VPOS="772" HPOS="504"/>
<String LANG="en-US" CS="1" CONTENT="l.,"/>
<SP HEIGHT="47" WIDTH="30" VPOS="771" HPOS="577"/>
<String LANG="en-US" CONTENT="113" HEIGHT="40" WIDTH="83" VPOS="771" HPOS="608"/>
<SP HEIGHT="47" WIDTH="25" VPOS="771" HPOS="692"/>
<String LANG="fr" CONTENT="p." HEIGHT="36" WIDTH="43" VPOS="782" HPOS="718"/>
<SP HEIGHT="42" WIDTH="57" VPOS="769" HPOS="762"/>
<String LANG="fr" CONTENT="23" HEIGHT="42" WIDTH="57" VPOS="769" HPOS="820"/>
<String LANG="en-US" CS="1" CONTENT="&#7580;&#7504;"/>
<String LANG="fr" CONTENT="." HEIGHT="9" WIDTH="9" VPOS="802" HPOS="929"/>
</TextLine>
<TextLine HEIGHT="47" WIDTH="1012" VPOS="825" HPOS="408">
<String CONTENT="&#8220;References&#8221;" HEIGHT="42" WIDTH="347" VPOS="826" HPOS="408"/>
<SP HEIGHT="40" WIDTH="27" VPOS="826" HPOS="756"/>
<String CONTENT="at" HEIGHT="37" WIDTH="52" VPOS="829" HPOS="784"/>
<SP HEIGHT="37" WIDTH="24" VPOS="829" HPOS="837"/>
<String CONTENT="end" HEIGHT="39" WIDTH="90" VPOS="827" HPOS="862"/>
<SP HEIGHT="39" WIDTH="27" VPOS="827" HPOS="953"/>
<String CONTENT="of" HEIGHT="41" WIDTH="53" VPOS="825" HPOS="981"/>
<SP HEIGHT="41" WIDTH="24" VPOS="825" HPOS="1035"/>
<String CONTENT="each" HEIGHT="40" WIDTH="117" VPOS="826" HPOS="1060"/>
<SP HEIGHT="39" WIDTH="26" VPOS="826" HPOS="1178"/>
<String CONTENT="chapter." HEIGHT="46" WIDTH="215" VPOS="826" HPOS="1205"/>
</TextLine>
<TextLine HEIGHT="52" WIDTH="1996" VPOS="882" HPOS="341" CS="1">
<String CONTENT="&#169;" HEIGHT="52" WIDTH="52" VPOS="882" HPOS="341"/>
<SP HEIGHT="52" WIDTH="31" VPOS="882" HPOS="394"/>
<String CONTENT="Dec." HEIGHT="38" WIDTH="110" VPOS="887" HPOS="426"/>
<SP HEIGHT="39" WIDTH="31" VPOS="886" HPOS="537"/>
<String CONTENT="15," HEIGHT="41" WIDTH="67" VPOS="886" HPOS="569"/>
<SP HEIGHT="41" WIDTH="32" VPOS="886" HPOS="637"/>
<String CONTENT="1931;" HEIGHT="46" WIDTH="140" VPOS="885" HPOS="670"/>
<SP HEIGHT="47" WIDTH="32" VPOS="884" HPOS="811"/>
<String CONTENT="2c." HEIGHT="40" WIDTH="67" VPOS="884" HPOS="844"/>
<SP HEIGHT="39" WIDTH="32" VPOS="885" HPOS="912"/>
<String CONTENT="Dec." HEIGHT="39" WIDTH="110" VPOS="885" HPOS="945"/>
<SP HEIGHT="38" WIDTH="30" VPOS="886" HPOS="1056"/>
<String CONTENT="3," HEIGHT="45" WIDTH="39" VPOS="886" HPOS="1087"/>
<SP HEIGHT="47" WIDTH="31" VPOS="884" HPOS="1127"/>
<String CONTENT="1932;" HEIGHT="47" WIDTH="141" VPOS="883" HPOS="1159"/>
<SP HEIGHT="36" WIDTH="33" VPOS="894" HPOS="1301"/>
<String CONTENT="aff." HEIGHT="41" WIDTH="80" VPOS="882" HPOS="1335"/>
<SP HEIGHT="39" WIDTH="34" VPOS="884" HPOS="1416"/>
<String CONTENT="Jan." HEIGHT="39" WIDTH="109" VPOS="884" HPOS="1451"/>
<SP HEIGHT="40" WIDTH="29" VPOS="883" HPOS="1561"/>
<String CONTENT="9." HEIGHT="41" WIDTH="40" VPOS="883" HPOS="1591"/>
<SP HEIGHT="40" WIDTH="32" VPOS="884" HPOS="1632"/>
<String CONTENT="1933;" HEIGHT="47" WIDTH="139" VPOS="883" HPOS="1665"/>
<SP HEIGHT="46" WIDTH="35" VPOS="884" HPOS="1805"/>
<!-- cceid 11174C5F-6D7D-1014-B4A5-D7A31D17AB40 --><String CONTENT="A" HEIGHT="38" WIDTH="39" VPOS="884" HPOS="1841"/>
<SP HEIGHT="40" WIDTH="31" VPOS="883" HPOS="1881"/>
<String CS="1" CONTENT="58210;" HEIGHT="41" WIDTH="142" VPOS="882" HPOS="1913"/>
<SP HEIGHT="46" WIDTH="36" VPOS="884" HPOS="2083"/>
<String CONTENT="Colonial" HEIGHT="42" WIDTH="217" VPOS="882" HPOS="2120"/>
</TextLine>
<TextLine HEIGHT="49" WIDTH="524" VPOS="940" HPOS="409">
<String CONTENT="art" HEIGHT="38" WIDTH="78" VPOS="945" HPOS="409"/>
<SP HEIGHT="38" WIDTH="26" VPOS="945" HPOS="488"/>
<String CONTENT="co." HEIGHT="30" WIDTH="67" VPOS="953" HPOS="515"/>
<SP HEIGHT="47" WIDTH="69" VPOS="942" HPOS="583"/>
<String CONTENT="(32-34674)" HEIGHT="49" WIDTH="280" VPOS="940" HPOS="653"/>
</TextLine>
<TextLine HEIGHT="65" WIDTH="1103" VPOS="1030" HPOS="339" STYLEREFS="StyleId-8056F8E8-6C08-4FFB-927A-400406133AC4-">
<String CONTENT="Campbell," HEIGHT="65" WIDTH="316" VPOS="1030" HPOS="339"/>
<SP HEIGHT="63" WIDTH="29" VPOS="1032" HPOS="656"/>
<String CONTENT="Thomas" HEIGHT="53" WIDTH="258" VPOS="1031" HPOS="686"/>
<SP HEIGHT="52" WIDTH="26" VPOS="1032" HPOS="945"/>
<String CONTENT="Bowyer," HEIGHT="63" WIDTH="267" VPOS="1032" HPOS="972"/>
<SP HEIGHT="58" WIDTH="33" VPOS="1037" HPOS="1240"/>
<String CONTENT="1887-" HEIGHT="53" WIDTH="168" VPOS="1032" HPOS="1274"/>
</TextLine>
<TextLine HEIGHT="71" WIDTH="1928" VPOS="1106" HPOS="405" STYLEREFS="StyleId-8056F8E8-6C08-4FFB-927A-400406133AC4-" CS="1">
<String CONTENT="White" HEIGHT="54" WIDTH="195" VPOS="1110" HPOS="405"/>
<SP HEIGHT="35" WIDTH="40" VPOS="1127" HPOS="601"/>
<String CONTENT="nigger," HEIGHT="68" WIDTH="220" VPOS="1109" HPOS="642"/>
<SP HEIGHT="58" WIDTH="41" VPOS="1107" HPOS="863"/>
<String CONTENT="by" HEIGHT="69" WIDTH="74" VPOS="1107" HPOS="905"/>
<SP HEIGHT="67" WIDTH="42" VPOS="1109" HPOS="980"/>
<String CONTENT="T." HEIGHT="51" WIDTH="64" VPOS="1109" HPOS="1023"/>
<SP HEIGHT="51" WIDTH="49" VPOS="1109" HPOS="1088"/>
<String CONTENT="Bowyer" HEIGHT="67" WIDTH="237" VPOS="1109" HPOS="1138"/>
<SP HEIGHT="55" WIDTH="42" VPOS="1106" HPOS="1376"/>
<String CONTENT="Campbell" HEIGHT="70" WIDTH="298" VPOS="1106" HPOS="1419"/>
<SP HEIGHT="52" WIDTH="48" VPOS="1108" HPOS="1718"/>
<String CS="1" CONTENT="&#8230;"/>
<SP HEIGHT="54" WIDTH="83" VPOS="1106" HPOS="1823"/>
<String CONTENT="London" HEIGHT="54" WIDTH="240" VPOS="1106" HPOS="1907"/>
<SP HEIGHT="49" WIDTH="47" VPOS="1126" HPOS="2148"/>
<String CS="1" CONTENT="[etc.]" HEIGHT="63" WIDTH="120" VPOS="1111" HPOS="2213"/>
</TextLine>
<TextLine HEIGHT="67" WIDTH="866" VPOS="1186" HPOS="336" STYLEREFS="StyleId-8056F8E8-6C08-4FFB-927A-400406133AC4-">
<String CONTENT="W." HEIGHT="54" WIDTH="88" VPOS="1188" HPOS="336"/>
<SP HEIGHT="55" WIDTH="28" VPOS="1187" HPOS="425"/>
<String CONTENT="Collins" HEIGHT="55" WIDTH="217" VPOS="1187" HPOS="454"/>
<SP HEIGHT="52" WIDTH="25" VPOS="1188" HPOS="672"/>
<String CONTENT="&amp;" HEIGHT="51" WIDTH="45" VPOS="1188" HPOS="698"/>
<SP HEIGHT="51" WIDTH="23" VPOS="1188" HPOS="744"/>
<String CONTENT="co.," HEIGHT="48" WIDTH="98" VPOS="1205" HPOS="768"/>
<SP HEIGHT="67" WIDTH="26" VPOS="1186" HPOS="867"/>
<String CONTENT="ltd." HEIGHT="53" WIDTH="101" VPOS="1186" HPOS="894"/>
<SP HEIGHT="34" WIDTH="33" VPOS="1219" HPOS="996"/>
<String CONTENT="[1932]" HEIGHT="65" WIDTH="172" VPOS="1188" HPOS="1030"/>
</TextLine>
<TextLine HEIGHT="52" WIDTH="439" VPOS="1258" HPOS="408" CS="1">
<String CONTENT="283," HEIGHT="49" WIDTH="100" VPOS="1260" HPOS="408"/>
<SP HEIGHT="31" WIDTH="31" VPOS="1279" HPOS="509"/>
<String CONTENT="[1]" HEIGHT="49" WIDTH="54" VPOS="1261" HPOS="541"/>
<SP HEIGHT="39" WIDTH="30" VPOS="1271" HPOS="596"/>
<String CONTENT="p." HEIGHT="38" WIDTH="44" VPOS="1271" HPOS="627"/>
<SP HEIGHT="41" WIDTH="58" VPOS="1260" HPOS="672"/>
<String CS="1" CONTENT="19&#7580;&#7504;." HEIGHT="42" WIDTH="116" VPOS="1258" HPOS="731"/>
</TextLine>
<TextLine HEIGHT="52" WIDTH="1995" VPOS="1314" HPOS="342" CS="1">
<String CONTENT="&#169;" HEIGHT="52" WIDTH="52" VPOS="1314" HPOS="342"/>
<SP/>
<String CS="1" CONTENT="1c."/>
<SP/>
<String CONTENT="Dec." HEIGHT="39" WIDTH="110" VPOS="1318" HPOS="531"/>
<SP HEIGHT="38" WIDTH="35" VPOS="1318" HPOS="642"/>
<String CONTENT="15," HEIGHT="47" WIDTH="68" VPOS="1317" HPOS="678"/>
<SP HEIGHT="46" WIDTH="34" VPOS="1318" HPOS="747"/>
<String CS="1" CONTENT="1932;" HEIGHT="40" WIDTH="113" VPOS="1316" HPOS="782"/>
<SP HEIGHT="46" WIDTH="34" VPOS="1317" HPOS="924"/>
<!-- cceid 11175559-6D7D-1014-B4A5-D7A31D17AB40 --><String CONTENT="A" HEIGHT="38" WIDTH="41" VPOS="1317" HPOS="959"/>
<SP HEIGHT="38" WIDTH="32" VPOS="1317" HPOS="1001"/>
<String CONTENT="ad" HEIGHT="38" WIDTH="62" VPOS="1317" HPOS="1034"/>
<SP HEIGHT="39" WIDTH="32" VPOS="1316" HPOS="1097"/>
<String CONTENT="int." HEIGHT="40" WIDTH="86" VPOS="1316" HPOS="1130"/>
<SP HEIGHT="40" WIDTH="35" VPOS="1316" HPOS="1217"/>
<String CS="1" CONTENT="17231;" HEIGHT="40" WIDTH="142" VPOS="1315" HPOS="1253"/>
<SP HEIGHT="37" WIDTH="34" VPOS="1326" HPOS="1424"/>
<String CONTENT="pubd." HEIGHT="48" WIDTH="142" VPOS="1315" HPOS="1459"/>
<SP HEIGHT="41" WIDTH="36" VPOS="1315" HPOS="1602"/>
<String CONTENT="Oct." HEIGHT="40" WIDTH="102" VPOS="1315" HPOS="1639"/>
<SP HEIGHT="39" WIDTH="35" VPOS="1316" HPOS="1742"/>
<String CS="1" CONTENT="17;" HEIGHT="40" WIDTH="54" VPOS="1316" HPOS="1778"/>
<SP HEIGHT="47" WIDTH="37" VPOS="1316" HPOS="1859"/>
<String LANG="fr" CONTENT="T." HEIGHT="39" WIDTH="49" VPOS="1316" HPOS="1897"/>
<SP HEIGHT="40" WIDTH="38" VPOS="1315" HPOS="1947"/>
<String CONTENT="B." HEIGHT="41" WIDTH="54" VPOS="1315" HPOS="1986"/>
<SP HEIGHT="42" WIDTH="37" VPOS="1314" HPOS="2041"/>
<String CONTENT="Campbell," HEIGHT="49" WIDTH="258" VPOS="1314" HPOS="2079"/>
</TextLine>
<TextLine HEIGHT="48" WIDTH="759" VPOS="1372" HPOS="413">
<String CONTENT="South" HEIGHT="40" WIDTH="153" VPOS="1374" HPOS="413"/>
<SP HEIGHT="38" WIDTH="28" VPOS="1374" HPOS="567"/>
<String CONTENT="Bend." HEIGHT="43" WIDTH="147" VPOS="1374" HPOS="596"/>
<SP HEIGHT="42" WIDTH="32" VPOS="1375" HPOS="744"/>
<String CONTENT="Ind." HEIGHT="38" WIDTH="102" VPOS="1374" HPOS="777"/>
<SP HEIGHT="47" WIDTH="70" VPOS="1373" HPOS="880"/>
<String CONTENT="(33-980)" HEIGHT="48" WIDTH="221" VPOS="1372" HPOS="951"/>
</TextLine>
<TextLine HEIGHT="66" WIDTH="1994" VPOS="1462" HPOS="341" STYLEREFS="StyleId-10E16480-873D-46F1-B11B-9C21993CF28C-">
<String CONTENT="Conference" HEIGHT="54" WIDTH="363" VPOS="1464" HPOS="341"/>
<SP HEIGHT="37" WIDTH="35" VPOS="1480" HPOS="705"/>
<String CONTENT="on" HEIGHT="37" WIDTH="74" VPOS="1480" HPOS="741"/>
<SP HEIGHT="37" WIDTH="34" VPOS="1480" HPOS="816"/>
<String CONTENT="university" HEIGHT="64" WIDTH="334" VPOS="1462" HPOS="851"/>
<SP HEIGHT="60" WIDTH="34" VPOS="1466" HPOS="1186"/>
<String CONTENT="training" HEIGHT="65" WIDTH="267" VPOS="1462" HPOS="1221"/>
<SP HEIGHT="64" WIDTH="33" VPOS="1463" HPOS="1489"/>
<String CONTENT="for" HEIGHT="53" WIDTH="96" VPOS="1463" HPOS="1523"/>
<SP HEIGHT="50" WIDTH="33" VPOS="1466" HPOS="1620"/>
<String CONTENT="the" HEIGHT="53" WIDTH="102" VPOS="1463" HPOS="1654"/>
<SP HEIGHT="36" WIDTH="34" VPOS="1480" HPOS="1757"/>
<String CONTENT="national" HEIGHT="53" WIDTH="263" VPOS="1464" HPOS="1792"/>
<SP HEIGHT="53" WIDTH="33" VPOS="1465" HPOS="2056"/>
<String CONTENT="service," HEIGHT="65" WIDTH="245" VPOS="1463" HPOS="2090"/>
</TextLine>
<TextLine HEIGHT="70" WIDTH="980" VPOS="1540" HPOS="415" STYLEREFS="StyleId-4FA56AB3-E617-477B-8F54-4C10DA30DB75-">
<String CONTENT="University" HEIGHT="69" WIDTH="331" VPOS="1540" HPOS="415"/>
<SP HEIGHT="49" WIDTH="31" VPOS="1560" HPOS="747"/>
<String CONTENT="of" HEIGHT="68" WIDTH="64" VPOS="1542" HPOS="779"/>
<SP HEIGHT="69" WIDTH="27" VPOS="1541" HPOS="844"/>
<String CONTENT="Minnesota," HEIGHT="68" WIDTH="342" VPOS="1541" HPOS="872"/>
<SP HEIGHT="64" WIDTH="31" VPOS="1545" HPOS="1215"/>
<String CONTENT="1931." HEIGHT="50" WIDTH="148" VPOS="1544" HPOS="1247"/>
</TextLine>
<TextLine HEIGHT="73" WIDTH="1931" VPOS="1616" HPOS="408" STYLEREFS="StyleId-8056F8E8-6C08-4FFB-927A-400406133AC4-">
<String CONTENT="University" HEIGHT="69" WIDTH="337" VPOS="1618" HPOS="408"/>
<SP HEIGHT="63" WIDTH="42" VPOS="1624" HPOS="746"/>
<String CONTENT="training" HEIGHT="71" WIDTH="260" VPOS="1618" HPOS="789"/>
<SP HEIGHT="73" WIDTH="43" VPOS="1616" HPOS="1050"/>
<String CONTENT="for" HEIGHT="55" WIDTH="95" VPOS="1616" HPOS="1094"/>
<SP HEIGHT="49" WIDTH="42" VPOS="1623" HPOS="1190"/>
<String CONTENT="the" HEIGHT="54" WIDTH="96" VPOS="1618" HPOS="1233"/>
<SP HEIGHT="35" WIDTH="43" VPOS="1637" HPOS="1330"/>
<String CONTENT="national" HEIGHT="54" WIDTH="258" VPOS="1618" HPOS="1374"/>
<SP HEIGHT="53" WIDTH="44" VPOS="1619" HPOS="1633"/>
<String CONTENT="service;" HEIGHT="69" WIDTH="240" VPOS="1617" HPOS="1678"/>
<SP HEIGHT="51" WIDTH="48" VPOS="1636" HPOS="1919"/>
<String CONTENT="proceedings" HEIGHT="70" WIDTH="371" VPOS="1619" HPOS="1968"/>
</TextLine>
<TextLine HEIGHT="71" WIDTH="2004" VPOS="1695" HPOS="337" STYLEREFS="StyleId-8056F8E8-6C08-4FFB-927A-400406133AC4-">
<String CONTENT="of" HEIGHT="55" WIDTH="65" VPOS="1695" HPOS="337"/>
<SP HEIGHT="55" WIDTH="30" VPOS="1695" HPOS="403"/>
<String CONTENT="a" HEIGHT="35" WIDTH="31" VPOS="1715" HPOS="434"/>
<SP HEIGHT="35" WIDTH="31" VPOS="1715" HPOS="466"/>
<String CONTENT="conference" HEIGHT="55" WIDTH="331" VPOS="1695" HPOS="498"/>
<SP HEIGHT="54" WIDTH="31" VPOS="1696" HPOS="830"/>
<String CONTENT="held" HEIGHT="54" WIDTH="133" VPOS="1695" HPOS="862"/>
<SP HEIGHT="54" WIDTH="33" VPOS="1695" HPOS="996"/>
<String CONTENT="at" HEIGHT="46" WIDTH="58" VPOS="1703" HPOS="1030"/>
<SP HEIGHT="48" WIDTH="32" VPOS="1701" HPOS="1089"/>
<String CONTENT="the" HEIGHT="54" WIDTH="95" VPOS="1696" HPOS="1122"/>
<SP HEIGHT="55" WIDTH="31" VPOS="1696" HPOS="1218"/>
<String CONTENT="University" HEIGHT="70" WIDTH="338" VPOS="1695" HPOS="1250"/>
<SP HEIGHT="51" WIDTH="33" VPOS="1714" HPOS="1589"/>
<String CONTENT="of" HEIGHT="54" WIDTH="64" VPOS="1695" HPOS="1623"/>
<SP HEIGHT="54" WIDTH="31" VPOS="1695" HPOS="1688"/>
<String CONTENT="Minnesota," HEIGHT="69" WIDTH="343" VPOS="1696" HPOS="1720"/>
<SP HEIGHT="68" WIDTH="29" VPOS="1697" HPOS="2064"/>
<String CONTENT="July" HEIGHT="69" WIDTH="142" VPOS="1697" HPOS="2094"/>
<SP HEIGHT="66" WIDTH="36" VPOS="1700" HPOS="2237"/>
<String CONTENT="14" HEIGHT="51" WIDTH="67" VPOS="1700" HPOS="2274"/>
</TextLine>
<TextLine HEIGHT="70" WIDTH="2000" VPOS="1773" HPOS="339" STYLEREFS="StyleId-8056F8E8-6C08-4FFB-927A-400406133AC4-">
<String CONTENT="to" HEIGHT="47" WIDTH="56" VPOS="1780" HPOS="339"/>
<SP HEIGHT="49" WIDTH="30" VPOS="1778" HPOS="396"/>
<String CONTENT="17," HEIGHT="69" WIDTH="80" VPOS="1773" HPOS="427"/>
<SP HEIGHT="64" WIDTH="33" VPOS="1778" HPOS="508"/>
<String CONTENT="1931." HEIGHT="50" WIDTH="149" VPOS="1777" HPOS="542"/>
<SP HEIGHT="53" WIDTH="64" VPOS="1774" HPOS="692"/>
<String CONTENT="Minneapolis," HEIGHT="69" WIDTH="405" VPOS="1773" HPOS="757"/>
<SP HEIGHT="67" WIDTH="27" VPOS="1775" HPOS="1163"/>
<String CONTENT="The" HEIGHT="53" WIDTH="121" VPOS="1774" HPOS="1191"/>
<SP HEIGHT="54" WIDTH="29" VPOS="1774" HPOS="1313"/>
<String CONTENT="University" HEIGHT="70" WIDTH="339" VPOS="1773" HPOS="1343"/>
<SP HEIGHT="51" WIDTH="29" VPOS="1792" HPOS="1683"/>
<String CONTENT="of" HEIGHT="54" WIDTH="64" VPOS="1773" HPOS="1713"/>
<SP HEIGHT="53" WIDTH="28" VPOS="1773" HPOS="1778"/>
<String CONTENT="Minnesota" HEIGHT="57" WIDTH="324" VPOS="1774" HPOS="1807"/>
<SP HEIGHT="50" WIDTH="31" VPOS="1793" HPOS="2132"/>
<String CONTENT="press," HEIGHT="50" WIDTH="175" VPOS="1793" HPOS="2164"/>
</TextLine>
<TextLine HEIGHT="51" WIDTH="148" VPOS="1854" HPOS="341" STYLEREFS="StyleId-8056F8E8-6C08-4FFB-927A-400406133AC4-">
<String CONTENT="1932." HEIGHT="51" WIDTH="148" VPOS="1854" HPOS="341"/>
</TextLine>
<TextLine HEIGHT="50" WIDTH="826" VPOS="1923" HPOS="409" CS="1">
<String CONTENT="viii" HEIGHT="40" WIDTH="85" VPOS="1924" HPOS="409"/>
<SP HEIGHT="48" WIDTH="23" VPOS="1925" HPOS="495"/>
<String LANG="fr" CONTENT="p.," HEIGHT="38" WIDTH="58" VPOS="1935" HPOS="519"/>
<SP HEIGHT="46" WIDTH="26" VPOS="1926" HPOS="578"/>
<String CONTENT="1" HEIGHT="39" WIDTH="23" VPOS="1926" HPOS="605"/>
<SP HEIGHT="40" WIDTH="26" VPOS="1925" HPOS="629"/>
<String CS="1" CONTENT="l.,"/>
<SP HEIGHT="49" WIDTH="23" VPOS="1924" HPOS="699"/>
<String CONTENT="325" HEIGHT="41" WIDTH="86" VPOS="1924" HPOS="723"/>
<SP HEIGHT="48" WIDTH="24" VPOS="1924" HPOS="810"/>
<String CONTENT="p." HEIGHT="38" WIDTH="44" VPOS="1934" HPOS="835"/>
<SP HEIGHT="39" WIDTH="57" VPOS="1926" HPOS="880"/>
<String CONTENT="diagrs." HEIGHT="49" WIDTH="180" VPOS="1924" HPOS="938"/>
<SP HEIGHT="40" WIDTH="58" VPOS="1924" HPOS="1119"/>
<String CONTENT="24" HEIGHT="40" WIDTH="57" VPOS="1923" HPOS="1178"/>
<String STYLE="superscript" CS="1" CONTENT="&#7580;&#7504;."/>
</TextLine>
<TextLine HEIGHT="51" WIDTH="1926" VPOS="1979" HPOS="412">
<String CONTENT="&#8220;Sponsored" HEIGHT="49" WIDTH="300" VPOS="1980" HPOS="412"/>
<SP HEIGHT="47" WIDTH="41" VPOS="1981" HPOS="713"/>
<String CONTENT="jointly" HEIGHT="48" WIDTH="178" VPOS="1981" HPOS="755"/>
<SP HEIGHT="48" WIDTH="40" VPOS="1981" HPOS="934"/>
<String CONTENT="by" HEIGHT="49" WIDTH="61" VPOS="1981" HPOS="975"/>
<SP HEIGHT="47" WIDTH="42" VPOS="1983" HPOS="1037"/>
<String CONTENT="the" HEIGHT="39" WIDTH="81" VPOS="1983" HPOS="1080"/>
<SP HEIGHT="41" WIDTH="40" VPOS="1981" HPOS="1162"/>
<String CONTENT="United" HEIGHT="42" WIDTH="179" VPOS="1980" HPOS="1203"/>
<SP HEIGHT="41" WIDTH="45" VPOS="1979" HPOS="1383"/>
<String CONTENT="States" HEIGHT="42" WIDTH="162" VPOS="1979" HPOS="1429"/>
<SP HEIGHT="42" WIDTH="43" VPOS="1979" HPOS="1592"/>
<String CONTENT="Civil" HEIGHT="42" WIDTH="123" VPOS="1979" HPOS="1636"/>
<SP HEIGHT="40" WIDTH="45" VPOS="1981" HPOS="1760"/>
<String CONTENT="service" HEIGHT="41" WIDTH="181" VPOS="1980" HPOS="1806"/>
<SP HEIGHT="31" WIDTH="42" VPOS="1990" HPOS="1988"/>
<String CONTENT="commission" HEIGHT="41" WIDTH="307" VPOS="1981" HPOS="2031"/>
</TextLine>
<TextLine HEIGHT="49" WIDTH="1999" VPOS="2037" HPOS="339">
<String CONTENT="and" HEIGHT="39" WIDTH="95" VPOS="2038" HPOS="339"/>
<SP HEIGHT="39" WIDTH="40" VPOS="2038" HPOS="435"/>
<String CONTENT="the" HEIGHT="40" WIDTH="82" VPOS="2038" HPOS="476"/>
<SP HEIGHT="41" WIDTH="41" VPOS="2037" HPOS="559"/>
<String CONTENT="University" HEIGHT="49" WIDTH="282" VPOS="2037" HPOS="601"/>
<SP HEIGHT="38" WIDTH="41" VPOS="2048" HPOS="884"/>
<String CONTENT="of" HEIGHT="40" WIDTH="52" VPOS="2038" HPOS="926"/>
<SP HEIGHT="40" WIDTH="39" VPOS="2037" HPOS="979"/>
<String CONTENT="Minnesota" HEIGHT="40" WIDTH="276" VPOS="2037" HPOS="1019"/>
<SP HEIGHT="38" WIDTH="40" VPOS="2039" HPOS="1296"/>
<String CONTENT="together" HEIGHT="46" WIDTH="221" VPOS="2038" HPOS="1337"/>
<SP HEIGHT="29" WIDTH="41" VPOS="2047" HPOS="1559"/>
<String CONTENT="with" HEIGHT="40" WIDTH="117" VPOS="2037" HPOS="1601"/>
<SP HEIGHT="38" WIDTH="43" VPOS="2038" HPOS="1719"/>
<String CONTENT="cooperating" HEIGHT="48" WIDTH="311" VPOS="2037" HPOS="1763"/>
<SP HEIGHT="38" WIDTH="40" VPOS="2047" HPOS="2075"/>
<String CONTENT="agencies" HEIGHT="48" WIDTH="222" VPOS="2037" HPOS="2116"/>
</TextLine>
<TextLine HEIGHT="48" WIDTH="1998" VPOS="2093" HPOS="340" CS="1">
<String CONTENT="of" HEIGHT="40" WIDTH="52" VPOS="2094" HPOS="340"/>
<SP HEIGHT="40" WIDTH="32" VPOS="2094" HPOS="393"/>
<String CONTENT="the" HEIGHT="39" WIDTH="85" VPOS="2095" HPOS="426"/>
<SP HEIGHT="30" WIDTH="29" VPOS="2104" HPOS="512"/>
<String CONTENT="national" HEIGHT="40" WIDTH="221" VPOS="2094" HPOS="542"/>
<SP HEIGHT="47" WIDTH="34" VPOS="2094" HPOS="764"/>
<String CONTENT="government" HEIGHT="45" WIDTH="314" VPOS="2096" HPOS="799"/>
<SP HEIGHT="38" WIDTH="33" VPOS="2096" HPOS="1114"/>
<String CONTENT="and" HEIGHT="39" WIDTH="95" VPOS="2095" HPOS="1148"/>
<SP HEIGHT="39" WIDTH="35" VPOS="2095" HPOS="1244"/>
<String CONTENT="the" HEIGHT="41" WIDTH="81" VPOS="2094" HPOS="1280"/>
<SP HEIGHT="38" WIDTH="35" VPOS="2102" HPOS="1362"/>
<String CONTENT="guests" HEIGHT="44" WIDTH="166" VPOS="2096" HPOS="1398"/>
<SP HEIGHT="30" WIDTH="39" VPOS="2104" HPOS="1565"/>
<String CS="1" CONTENT="&#8230;"/>
<SP HEIGHT="40" WIDTH="38" VPOS="2094" HPOS="1651"/>
<String CONTENT="from" HEIGHT="40" WIDTH="126" VPOS="2094" HPOS="1690"/>
<SP HEIGHT="30" WIDTH="35" VPOS="2104" HPOS="1817"/>
<String CONTENT="other" HEIGHT="41" WIDTH="140" VPOS="2094" HPOS="1853"/>
<SP HEIGHT="30" WIDTH="35" VPOS="2104" HPOS="1994"/>
<String CONTENT="educational" HEIGHT="42" WIDTH="308" VPOS="2093" HPOS="2030"/>
</TextLine>
<TextLine HEIGHT="49" WIDTH="1319" VPOS="2149" HPOS="340" CS="1">
<String CONTENT="institutions.&#8221;&#8212;Pref.," HEIGHT="49" WIDTH="556" VPOS="2149" HPOS="340"/>
<SP HEIGHT="37" WIDTH="32" VPOS="2161" HPOS="897"/>
<String CS="1" CONTENT="signed;" HEIGHT="47" WIDTH="167" VPOS="2150" HPOS="930"/>
<SP HEIGHT="40" WIDTH="30" VPOS="2150" HPOS="1124"/>
<String CONTENT="Morris" HEIGHT="41" WIDTH="178" VPOS="2150" HPOS="1155"/>
<SP HEIGHT="41" WIDTH="29" VPOS="2150" HPOS="1334"/>
<String CONTENT="B." HEIGHT="41" WIDTH="53" VPOS="2150" HPOS="1364"/>
<SP HEIGHT="42" WIDTH="30" VPOS="2149" HPOS="1418"/>
<String CONTENT="Lambie." HEIGHT="42" WIDTH="210" VPOS="2149" HPOS="1449"/>
</TextLine>
<TextLine HEIGHT="108" WIDTH="1978" VPOS="2204" HPOS="344" CS="1">
<String CONTENT="&#169;" HEIGHT="52" WIDTH="51" VPOS="2204" HPOS="344"/>
<SP HEIGHT="52" WIDTH="31" VPOS="2204" HPOS="396"/>
<String CONTENT="Oct." HEIGHT="40" WIDTH="100" VPOS="2208" HPOS="428"/>
<SP HEIGHT="37" WIDTH="31" VPOS="2209" HPOS="529"/>
<String CONTENT="18," HEIGHT="46" WIDTH="68" VPOS="2209" HPOS="561"/>
<SP HEIGHT="46" WIDTH="31" VPOS="2209" HPOS="630"/>
<String CONTENT="1932;" HEIGHT="47" WIDTH="140" VPOS="2208" HPOS="662"/>
<SP HEIGHT="47" WIDTH="30" VPOS="2208" HPOS="803"/>
<String CONTENT="2c." HEIGHT="40" WIDTH="67" VPOS="2208" HPOS="834"/>
<SP HEIGHT="39" WIDTH="31" VPOS="2208" HPOS="902"/>
<String CONTENT="Oct." HEIGHT="40" WIDTH="102" VPOS="2208" HPOS="934"/>
<SP HEIGHT="41" WIDTH="28" VPOS="2207" HPOS="1037"/>
<String CONTENT="27;" HEIGHT="47" WIDTH="82" VPOS="2207" HPOS="1066"/>
<SP HEIGHT="35" WIDTH="33" VPOS="2219" HPOS="1149"/>
<String CONTENT="aff." HEIGHT="40" WIDTH="80" VPOS="2207" HPOS="1183"/>
<SP HEIGHT="39" WIDTH="33" VPOS="2208" HPOS="1264"/>
<String CONTENT="Oct." HEIGHT="40" WIDTH="101" VPOS="2208" HPOS="1298"/>
<SP HEIGHT="41" WIDTH="31" VPOS="2207" HPOS="1400"/>
<String CONTENT="26;" HEIGHT="47" WIDTH="82" VPOS="2207" HPOS="1432"/>
<SP HEIGHT="46" WIDTH="33" VPOS="2208" HPOS="1515"/>
<!-- cceid 11175D99-6D7D-1014-B4A5-D7A31D17AB40 --><String CONTENT="A" HEIGHT="38" WIDTH="39" VPOS="2208" HPOS="1549"/>
<SP HEIGHT="39" WIDTH="28" VPOS="2208" HPOS="1589"/>
<String CONTENT="56737;" HEIGHT="47" WIDTH="171" VPOS="2208" HPOS="1618"/>
<SP HEIGHT="45" WIDTH="33" VPOS="2210" HPOS="1790"/>
<String CONTENT="University" HEIGHT="47" WIDTH="281" VPOS="2208" HPOS="1824"/>
<SP HEIGHT="36" WIDTH="31" VPOS="2219" HPOS="2106"/>
<String CONTENT="of" HEIGHT="39" WIDTH="50" VPOS="2209" HPOS="2138"/>
<SP HEIGHT="39" WIDTH="31" VPOS="2209" HPOS="2189"/>
<String CONTENT="Minnesota," HEIGHT="103" WIDTH="1911" VPOS="2208" HPOS="411"/>
<SP HEIGHT="46" WIDTH="33" VPOS="2265" HPOS="595"/>
<String CONTENT="Minneapolis." HEIGHT="49" WIDTH="336" VPOS="2263" HPOS="629"/>
<SP HEIGHT="47" WIDTH="70" VPOS="2264" HPOS="966"/>
<String CONTENT="(32-28161)" HEIGHT="48" WIDTH="279" VPOS="2263" HPOS="1037"/>
</TextLine>
<TextLine HEIGHT="67" WIDTH="764" VPOS="2352" HPOS="340" STYLEREFS="StyleId-10E16480-873D-46F1-B11B-9C21993CF28C-">
<String LANG="fr" CONTENT="Daudet," HEIGHT="65" WIDTH="252" VPOS="2352" HPOS="340"/>
<SP HEIGHT="63" WIDTH="28" VPOS="2354" HPOS="593"/>
<String LANG="fr" CONTENT="L&#233;on" HEIGHT="53" WIDTH="158" VPOS="2353" HPOS="622"/>
<SP HEIGHT="51" WIDTH="28" VPOS="2355" HPOS="781"/>
<String LANG="en-US" CONTENT="A.," HEIGHT="64" WIDTH="90" VPOS="2355" HPOS="810"/>
<SP HEIGHT="59" WIDTH="30" VPOS="2360" HPOS="901"/>
<String LANG="en-US" CONTENT="1867-" HEIGHT="54" WIDTH="172" VPOS="2355" HPOS="932"/>
</TextLine>
<TextLine HEIGHT="70" WIDTH="1563" VPOS="2429" HPOS="471" STYLEREFS="StyleId-8056F8E8-6C08-4FFB-927A-400406133AC4-" CS="1">
<String LANG="en-US" CS="1" CONTENT="&#8230;"/>
<SP HEIGHT="55" WIDTH="33" VPOS="2429" HPOS="471"/>
<String LANG="en-US" CONTENT="Goethe" HEIGHT="55" WIDTH="202" VPOS="2429" HPOS="505"/>
<SP HEIGHT="34" WIDTH="27" VPOS="2449" HPOS="708"/>
<String LANG="fr" CONTENT="et" HEIGHT="48" WIDTH="52" VPOS="2435" HPOS="736"/>
<SP HEIGHT="52" WIDTH="28" VPOS="2431" HPOS="789"/>
<String LANG="fr" CONTENT="La" HEIGHT="52" WIDTH="83" VPOS="2431" HPOS="818"/>
<SP HEIGHT="34" WIDTH="29" VPOS="2449" HPOS="902"/>
<String LANG="fr" CONTENT="synth&#232;se." HEIGHT="69" WIDTH="278" VPOS="2430" HPOS="932"/>
<SP HEIGHT="51" WIDTH="65" VPOS="2431" HPOS="1211"/>
<String LANG="en-US" CONTENT="Paris," HEIGHT="69" WIDTH="184" VPOS="2429" HPOS="1277"/>
<SP HEIGHT="66" WIDTH="30" VPOS="2432" HPOS="1462"/>
<String LANG="fr" CONTENT="B." HEIGHT="52" WIDTH="66" VPOS="2432" HPOS="1493"/>
<SP HEIGHT="55" WIDTH="32" VPOS="2430" HPOS="1560"/>
<String LANG="fr" CONTENT="Grasset" HEIGHT="55" WIDTH="232" VPOS="2430" HPOS="1593"/>
<SP/>
<String LANG="fr" CS="1" CONTENT="[19"/>
<String LANG="en-US" CONTENT="32]" HEIGHT="65" WIDTH="85" VPOS="2433" HPOS="1949"/>
</TextLine>
<TextLine HEIGHT="51" WIDTH="746" VPOS="2501" HPOS="408" CS="1">
<String CONTENT="3" HEIGHT="40" WIDTH="26" VPOS="2502" HPOS="408"/>
<SP HEIGHT="48" WIDTH="24" VPOS="2502" HPOS="435"/>
<String LANG="fr" CONTENT="p." HEIGHT="38" WIDTH="43" VPOS="2512" HPOS="460"/>
<SP HEIGHT="40" WIDTH="26" VPOS="2503" HPOS="504"/>
<String CS="1" CONTENT="l.,"/>
<SP HEIGHT="29" WIDTH="29" VPOS="2523" HPOS="576"/>
<String CS="1" CONTENT="[9]-222" HEIGHT="51" WIDTH="163" VPOS="2501" HPOS="618"/>
<SP HEIGHT="49" WIDTH="23" VPOS="2502" HPOS="782"/>
<String CS="1" CONTENT="p.,"/>
<SP/>
<String CS="1" CONTENT="2"/>
<SP/>
<String CS="1" CONTENT="l."/>
<SP HEIGHT="41" WIDTH="60" VPOS="2502" HPOS="977"/>
<String CS="1" CONTENT="19&#7580;&#7504;." HEIGHT="42" WIDTH="116" VPOS="2502" HPOS="1038"/>
</TextLine>
<TextLine HEIGHT="42" WIDTH="878" VPOS="2558" HPOS="409" CS="1">
<String LANG="en-US" CONTENT="At" HEIGHT="41" WIDTH="64" VPOS="2558" HPOS="409"/>
<SP HEIGHT="40" WIDTH="26" VPOS="2559" HPOS="474"/>
<String LANG="en-US" CONTENT="head" HEIGHT="40" WIDTH="124" VPOS="2559" HPOS="501"/>
<SP HEIGHT="39" WIDTH="28" VPOS="2560" HPOS="626"/>
<String LANG="en-US" CONTENT="of" HEIGHT="39" WIDTH="53" VPOS="2559" HPOS="655"/>
<SP HEIGHT="40" WIDTH="25" VPOS="2559" HPOS="709"/>
<String LANG="en-US" CS="1" CONTENT="title:"/>
<SP HEIGHT="40" WIDTH="30" VPOS="2559" HPOS="872"/>
<String LANG="fr" CONTENT="L&#233;on" HEIGHT="41" WIDTH="129" VPOS="2559" HPOS="903"/>
<SP HEIGHT="40" WIDTH="27" VPOS="2559" HPOS="1033"/>
<String LANG="fr" CONTENT="Daudet" HEIGHT="41" WIDTH="196" VPOS="2559" HPOS="1061"/>
<SP HEIGHT="38" WIDTH="29" VPOS="2562" HPOS="1258"/>
<String LANG="en-US" CS="1" CONTENT="&#8230;"/>
</TextLine>
<TextLine HEIGHT="49" WIDTH="1453" VPOS="2615" HPOS="687" CS="1">
<String LANG="en-US" CS="1" CONTENT="CONTENTS.&#8212;Amour" HEIGHT="39" WIDTH="242" VPOS="2616" HPOS="687"/>
<SP HEIGHT="29" WIDTH="24" VPOS="2626" HPOS="930"/>
<String LANG="fr" CONTENT="et" HEIGHT="38" WIDTH="48" VPOS="2617" HPOS="955"/>
<SP HEIGHT="38" WIDTH="24" VPOS="2617" HPOS="1004"/>
<String LANG="fr" CONTENT="connaissance." HEIGHT="40" WIDTH="357" VPOS="2616" HPOS="1029"/>
<String LANG="en-US" CONTENT="&#8212;" HEIGHT="6" WIDTH="61" VPOS="2638" HPOS="1389"/>
<String LANG="fr" CONTENT="Discours" HEIGHT="41" WIDTH="234" VPOS="2615" HPOS="1450"/>
<SP HEIGHT="29" WIDTH="26" VPOS="2627" HPOS="1685"/>
<String LANG="fr" CONTENT="sur" HEIGHT="31" WIDTH="85" VPOS="2625" HPOS="1712"/>
<SP HEIGHT="38" WIDTH="25" VPOS="2616" HPOS="1798"/>
<String LANG="fr" CONTENT="la" HEIGHT="40" WIDTH="46" VPOS="2616" HPOS="1824"/>
<SP HEIGHT="29" WIDTH="28" VPOS="2627" HPOS="1871"/>
<String LANG="fr" CONTENT="synth&#232;se." HEIGHT="48" WIDTH="240" VPOS="2616" HPOS="1900"/>
</TextLine>
<TextLine HEIGHT="110" WIDTH="1976" VPOS="2666" HPOS="344" CS="1">
<String LANG="fr" CONTENT="&#169;" HEIGHT="53" WIDTH="50" VPOS="2666" HPOS="344"/>
<SP HEIGHT="53" WIDTH="30" VPOS="2666" HPOS="395"/>
<String LANG="en-US" CONTENT="June" HEIGHT="39" WIDTH="125" VPOS="2672" HPOS="426"/>
<SP HEIGHT="39" WIDTH="26" VPOS="2673" HPOS="552"/>
<String LANG="fr" CONTENT="7," HEIGHT="45" WIDTH="40" VPOS="2673" HPOS="579"/>
<SP HEIGHT="45" WIDTH="28" VPOS="2673" HPOS="620"/>
<String LANG="fr" CONTENT="1932;" HEIGHT="47" WIDTH="140" VPOS="2671" HPOS="649"/>
<SP/>
<String LANG="fr" CS="1" CONTENT="1c."/>
<SP/>
<String LANG="en-US" CONTENT="Nov." HEIGHT="41" WIDTH="118" VPOS="2673" HPOS="916"/>
<SP HEIGHT="41" WIDTH="28" VPOS="2673" HPOS="1035"/>
<String LANG="fr" CONTENT="9;" HEIGHT="44" WIDTH="52" VPOS="2673" HPOS="1064"/>
<SP HEIGHT="43" WIDTH="30" VPOS="2674" HPOS="1117"/>
<!-- cceid 11176548-6D7D-1014-B4A5-D7A31D17AB40 --><String LANG="fr" CONTENT="A&#8212;" HEIGHT="38" WIDTH="100" VPOS="2674" HPOS="1148"/>
<String LANG="en-US" CONTENT="Foreign" HEIGHT="48" WIDTH="205" VPOS="2671" HPOS="1252"/>
<SP HEIGHT="38" WIDTH="28" VPOS="2674" HPOS="1458"/>
<String LANG="fr" CONTENT="18496;" HEIGHT="49" WIDTH="170" VPOS="2672" HPOS="1487"/>
<SP HEIGHT="46" WIDTH="31" VPOS="2675" HPOS="1658"/>
<String LANG="fr" CONTENT="Editions" HEIGHT="41" WIDTH="223" VPOS="2673" HPOS="1690"/>
<SP HEIGHT="38" WIDTH="30" VPOS="2676" HPOS="1914"/>
<String LANG="fr" CONTENT="Bernard" HEIGHT="39" WIDTH="219" VPOS="2675" HPOS="1945"/>
<SP HEIGHT="40" WIDTH="31" VPOS="2674" HPOS="2165"/>
<String LANG="fr" CONTENT="Grasset." HEIGHT="95" WIDTH="1910" VPOS="2674" HPOS="410"/>
<SP HEIGHT="48" WIDTH="70" VPOS="2728" HPOS="497"/>
<String LANG="fr" CONTENT="(33-746)" HEIGHT="48" WIDTH="220" VPOS="2728" HPOS="568"/>
</TextLine>
<TextLine HEIGHT="66" WIDTH="750" VPOS="2817" HPOS="339" STYLEREFS="StyleId-10E16480-873D-46F1-B11B-9C21993CF28C-" LANG="fr" CS="1">
<String CS="1" CONTENT="D'Oyley," HEIGHT="65" WIDTH="278" VPOS="2817" HPOS="339"/>
<SP HEIGHT="63" WIDTH="30" VPOS="2819" HPOS="618"/>
<String CONTENT="Elizabeth," HEIGHT="65" WIDTH="327" VPOS="2818" HPOS="649"/>
<SP HEIGHT="45" WIDTH="28" VPOS="2838" HPOS="977"/>
<String CONTENT="ed." HEIGHT="53" WIDTH="83" VPOS="2820" HPOS="1006"/>
</TextLine>
<TextLine HEIGHT="74" WIDTH="1924" VPOS="2892" HPOS="409" STYLEREFS="StyleId-8056F8E8-6C08-4FFB-927A-400406133AC4-">
<String CONTENT="Great" HEIGHT="55" WIDTH="178" VPOS="2892" HPOS="409"/>
<SP HEIGHT="47" WIDTH="49" VPOS="2900" HPOS="588"/>
<String CONTENT="travel" HEIGHT="51" WIDTH="182" VPOS="2897" HPOS="638"/>
<SP HEIGHT="53" WIDTH="50" VPOS="2897" HPOS="821"/>
<String CONTENT="stories" HEIGHT="54" WIDTH="200" VPOS="2897" HPOS="872"/>
<SP HEIGHT="34" WIDTH="49" VPOS="2917" HPOS="1073"/>
<String CONTENT="of" HEIGHT="54" WIDTH="64" VPOS="2897" HPOS="1123"/>
<SP HEIGHT="53" WIDTH="50" VPOS="2897" HPOS="1188"/>
<String CONTENT="all" HEIGHT="52" WIDTH="77" VPOS="2898" HPOS="1239"/>
<SP HEIGHT="51" WIDTH="51" VPOS="2898" HPOS="1317"/>
<String CONTENT="nations," HEIGHT="67" WIDTH="243" VPOS="2898" HPOS="1369"/>
<SP HEIGHT="48" WIDTH="51" VPOS="2917" HPOS="1613"/>
<String CONTENT="edited" HEIGHT="56" WIDTH="186" VPOS="2897" HPOS="1665"/>
<SP HEIGHT="54" WIDTH="52" VPOS="2899" HPOS="1852"/>
<String CONTENT="by" HEIGHT="67" WIDTH="75" VPOS="2899" HPOS="1905"/>
<SP HEIGHT="66" WIDTH="52" VPOS="2900" HPOS="1981"/>
<String CONTENT="Elizabeth" HEIGHT="54" WIDTH="299" VPOS="2897" HPOS="2034"/>
</TextLine>
<TextLine HEIGHT="73" WIDTH="1991" VPOS="2971" HPOS="340" STYLEREFS="StyleId-8056F8E8-6C08-4FFB-927A-400406133AC4-" CS="1">
<String CS="1" CONTENT="D'Oyley" HEIGHT="70" WIDTH="263" VPOS="2971" HPOS="340"/>
<SP HEIGHT="49" WIDTH="36" VPOS="2992" HPOS="604"/>
<String CS="1" CONTENT="&#8230;"/>
<SP HEIGHT="52" WIDTH="77" VPOS="2975" HPOS="697"/>
<String CONTENT="London," HEIGHT="59" WIDTH="256" VPOS="2975" HPOS="775"/>
<SP HEIGHT="56" WIDTH="35" VPOS="2978" HPOS="1032"/>
<String CONTENT="Bombay" HEIGHT="69" WIDTH="258" VPOS="2975" HPOS="1068"/>
<SP HEIGHT="49" WIDTH="35" VPOS="2995" HPOS="1327"/>
<String CS="1" CONTENT="[etc.]" HEIGHT="63" WIDTH="119" VPOS="2981" HPOS="1381"/>
<SP HEIGHT="68" WIDTH="38" VPOS="2976" HPOS="1501"/>
<String LANG="fr" CONTENT="G." HEIGHT="55" WIDTH="67" VPOS="2976" HPOS="1540"/>
<SP HEIGHT="55" WIDTH="33" VPOS="2976" HPOS="1608"/>
<String CONTENT="G." HEIGHT="55" WIDTH="68" VPOS="2976" HPOS="1642"/>
<SP HEIGHT="53" WIDTH="32" VPOS="2977" HPOS="1711"/>
<String CONTENT="Harrap" HEIGHT="67" WIDTH="236" VPOS="2977" HPOS="1744"/>
<SP HEIGHT="65" WIDTH="33" VPOS="2979" HPOS="1981"/>
<String CONTENT="&amp;" HEIGHT="50" WIDTH="50" VPOS="2979" HPOS="2015"/>
<SP HEIGHT="51" WIDTH="33" VPOS="2979" HPOS="2066"/>
<String CONTENT="co.," HEIGHT="50" WIDTH="97" VPOS="2994" HPOS="2100"/>
<SP HEIGHT="68" WIDTH="30" VPOS="2976" HPOS="2198"/>
<String CONTENT="ltd." HEIGHT="53" WIDTH="102" VPOS="2976" HPOS="2229"/>
</TextLine>
<TextLine HEIGHT="65" WIDTH="171" VPOS="3053" HPOS="345" STYLEREFS="StyleId-8056F8E8-6C08-4FFB-927A-400406133AC4-">
<String CONTENT="[1932]" HEIGHT="65" WIDTH="171" VPOS="3053" HPOS="345"/>
</TextLine>
<TextLine HEIGHT="52" WIDTH="475" VPOS="3122" HPOS="410" CS="1">
<String CONTENT="1029," HEIGHT="50" WIDTH="128" VPOS="3122" HPOS="410"/>
<SP HEIGHT="31" WIDTH="35" VPOS="3143" HPOS="539"/>
<String CONTENT="[1]" HEIGHT="51" WIDTH="55" VPOS="3123" HPOS="575"/>
<SP HEIGHT="39" WIDTH="33" VPOS="3135" HPOS="631"/>
<String CONTENT="p." HEIGHT="39" WIDTH="44" VPOS="3135" HPOS="665"/>
<SP HEIGHT="41" WIDTH="58" VPOS="3124" HPOS="710"/>
<String LANG="el" CONTENT="22" HEIGHT="40" WIDTH="57" VPOS="3124" HPOS="769"/>
<String CS="1" CONTENT="&#7580;&#7504;"/>
<String LANG="el" CONTENT="." HEIGHT="10" WIDTH="10" VPOS="3156" HPOS="875"/>
</TextLine>
<TextLine HEIGHT="55" WIDTH="1989" VPOS="3176" HPOS="344" CS="1">
<String CONTENT="&#169;" HEIGHT="52" WIDTH="52" VPOS="3176" HPOS="344"/>
<SP/>
<String CS="1" CONTENT="1c."/>
<SP/>
<String CONTENT="Dec." HEIGHT="39" WIDTH="110" VPOS="3182" HPOS="532"/>
<SP HEIGHT="39" WIDTH="34" VPOS="3182" HPOS="643"/>
<String CONTENT="10," HEIGHT="48" WIDTH="69" VPOS="3182" HPOS="678"/>
<SP HEIGHT="48" WIDTH="33" VPOS="3182" HPOS="748"/>
<String CONTENT="1932;" HEIGHT="43" WIDTH="138" VPOS="3181" HPOS="782"/>
<SP HEIGHT="41" WIDTH="36" VPOS="3183" HPOS="921"/>
<!-- cceid 11176D92-6D7D-1014-B4A5-D7A31D17AB40 --><String CONTENT="A" HEIGHT="39" WIDTH="40" VPOS="3183" HPOS="958"/>
<SP HEIGHT="39" WIDTH="33" VPOS="3183" HPOS="999"/>
<String CONTENT="ad" HEIGHT="38" WIDTH="59" VPOS="3185" HPOS="1033"/>
<SP HEIGHT="39" WIDTH="36" VPOS="3184" HPOS="1093"/>
<String CONTENT="int." HEIGHT="40" WIDTH="84" VPOS="3184" HPOS="1130"/>
<SP HEIGHT="40" WIDTH="34" VPOS="3184" HPOS="1215"/>
<String CONTENT="17201;" HEIGHT="47" WIDTH="170" VPOS="3183" HPOS="1250"/>
<SP HEIGHT="37" WIDTH="35" VPOS="3194" HPOS="1421"/>
<String CONTENT="pubd." HEIGHT="47" WIDTH="142" VPOS="3184" HPOS="1457"/>
<SP HEIGHT="41" WIDTH="37" VPOS="3183" HPOS="1600"/>
<String CONTENT="Oct." HEIGHT="41" WIDTH="99" VPOS="3183" HPOS="1638"/>
<SP HEIGHT="38" WIDTH="36" VPOS="3184" HPOS="1738"/>
<String CONTENT="14;" HEIGHT="46" WIDTH="81" VPOS="3184" HPOS="1775"/>
<SP HEIGHT="47" WIDTH="38" VPOS="3183" HPOS="1857"/>
<String CONTENT="Dial" HEIGHT="39" WIDTH="111" VPOS="3183" HPOS="1896"/>
<SP HEIGHT="47" WIDTH="34" VPOS="3184" HPOS="2008"/>
<String CONTENT="press," HEIGHT="38" WIDTH="150" VPOS="3193" HPOS="2043"/>
<SP HEIGHT="47" WIDTH="34" VPOS="3184" HPOS="2194"/>
<String CONTENT="inc.," HEIGHT="47" WIDTH="104" VPOS="3184" HPOS="2229"/>
</TextLine>
<TextLine HEIGHT="50" WIDTH="577" VPOS="3238" HPOS="411">
<String CONTENT="New" HEIGHT="39" WIDTH="117" VPOS="3238" HPOS="411"/>
<SP HEIGHT="38" WIDTH="22" VPOS="3239" HPOS="529"/>
<String CONTENT="York." HEIGHT="39" WIDTH="144" VPOS="3239" HPOS="552"/>
<SP HEIGHT="47" WIDTH="69" VPOS="3239" HPOS="697"/>
<String CONTENT="(33-932)" HEIGHT="49" WIDTH="221" VPOS="3239" HPOS="767"/>
</TextLine>
<TextLine HEIGHT="65" WIDTH="677" VPOS="3326" HPOS="339" STYLEREFS="StyleId-10E16480-873D-46F1-B11B-9C21993CF28C-">
<String CONTENT="Dunning," HEIGHT="65" WIDTH="299" VPOS="3326" HPOS="339"/>
<SP HEIGHT="60" WIDTH="29" VPOS="3329" HPOS="639"/>
<String CONTENT="Katherine." HEIGHT="56" WIDTH="347" VPOS="3328" HPOS="669"/>
</TextLine>
<TextLine HEIGHT="72" WIDTH="1924" VPOS="3402" HPOS="409" STYLEREFS="StyleId-8056F8E8-6C08-4FFB-927A-400406133AC4-">
<String CONTENT="Stephen" HEIGHT="69" WIDTH="252" VPOS="3402" HPOS="409"/>
<SP HEIGHT="55" WIDTH="35" VPOS="3403" HPOS="662"/>
<String CONTENT="Sherrin," HEIGHT="69" WIDTH="254" VPOS="3403" HPOS="698"/>
<SP HEIGHT="67" WIDTH="31" VPOS="3405" HPOS="953"/>
<String CONTENT="by" HEIGHT="68" WIDTH="74" VPOS="3405" HPOS="985"/>
<SP HEIGHT="66" WIDTH="32" VPOS="3407" HPOS="1060"/>
<String CONTENT="Katherine" HEIGHT="53" WIDTH="317" VPOS="3406" HPOS="1093"/>
<SP HEIGHT="52" WIDTH="30" VPOS="3407" HPOS="1411"/>
<String CONTENT="Dunning." HEIGHT="68" WIDTH="294" VPOS="3406" HPOS="1442"/>
<SP HEIGHT="50" WIDTH="67" VPOS="3407" HPOS="1737"/>
<String CONTENT="London," HEIGHT="68" WIDTH="257" VPOS="3406" HPOS="1805"/>
<SP HEIGHT="67" WIDTH="30" VPOS="3407" HPOS="2063"/>
<String CONTENT="Hodder" HEIGHT="54" WIDTH="239" VPOS="3406" HPOS="2094"/>
</TextLine>
<TextLine HEIGHT="69" WIDTH="876" VPOS="3480" HPOS="336" STYLEREFS="StyleId-8056F8E8-6C08-4FFB-927A-400406133AC4-" CS="1">
<String CONTENT="&amp;" HEIGHT="50" WIDTH="44" VPOS="3482" HPOS="336"/>
<SP HEIGHT="55" WIDTH="31" VPOS="3480" HPOS="381"/>
<String CONTENT="Stoughton," HEIGHT="68" WIDTH="341" VPOS="3480" HPOS="413"/>
<SP HEIGHT="65" WIDTH="29" VPOS="3482" HPOS="755"/>
<String CONTENT="limited" HEIGHT="55" WIDTH="220" VPOS="3480" HPOS="785"/>
<SP HEIGHT="66" WIDTH="35" VPOS="3483" HPOS="1006"/>
<String CS="1" CONTENT="[1932]" HEIGHT="64" WIDTH="116" VPOS="3485" HPOS="1096"/>
</TextLine>
<TextLine HEIGHT="49" WIDTH="274" VPOS="3553" HPOS="407" CS="1">
<String CONTENT="287" HEIGHT="41" WIDTH="88" VPOS="3553" HPOS="407"/>
<SP HEIGHT="47" WIDTH="24" VPOS="3555" HPOS="496"/>
<String CONTENT="p." HEIGHT="39" WIDTH="43" VPOS="3563" HPOS="521"/>
<SP HEIGHT="40" WIDTH="56" VPOS="3555" HPOS="565"/>
<String CONTENT="20" HEIGHT="40" WIDTH="59" VPOS="3554" HPOS="622"/>
<String STYLE="superscript" CS="1" CONTENT="&#7580;&#7504;."/>
</TextLine>
<TextLine HEIGHT="49" WIDTH="566" VPOS="3609" HPOS="411">
<String CONTENT="&#8220;First" HEIGHT="41" WIDTH="162" VPOS="3609" HPOS="411"/>
<SP HEIGHT="46" WIDTH="25" VPOS="3612" HPOS="574"/>
<String CONTENT="printed" HEIGHT="48" WIDTH="192" VPOS="3610" HPOS="600"/>
<SP HEIGHT="40" WIDTH="27" VPOS="3611" HPOS="793"/>
<String CONTENT="1932.&#8221;" HEIGHT="41" WIDTH="156" VPOS="3610" HPOS="821"/>
</TextLine>
<TextLine HEIGHT="54" WIDTH="1989" VPOS="3661" HPOS="342" CS="1">
<String CONTENT="&#169;" HEIGHT="51" WIDTH="52" VPOS="3661" HPOS="342"/>
<SP/>
<String CS="1" CONTENT="1c."/>
<SP/>
<String CONTENT="Dec." HEIGHT="39" WIDTH="109" VPOS="3667" HPOS="524"/>
<SP HEIGHT="38" WIDTH="32" VPOS="3667" HPOS="634"/>
<String CONTENT="14," HEIGHT="44" WIDTH="68" VPOS="3667" HPOS="667"/>
<SP HEIGHT="43" WIDTH="31" VPOS="3668" HPOS="736"/>
<String CONTENT="1932;" HEIGHT="47" WIDTH="140" VPOS="3666" HPOS="768"/>
<SP HEIGHT="45" WIDTH="33" VPOS="3668" HPOS="909"/>
<!-- cceid 111777B6-6D7D-1014-B4A5-D7A31D17AB40 --><String CONTENT="A" HEIGHT="38" WIDTH="39" VPOS="3668" HPOS="943"/>
<SP HEIGHT="39" WIDTH="30" VPOS="3668" HPOS="983"/>
<String CONTENT="ad" HEIGHT="38" WIDTH="60" VPOS="3669" HPOS="1014"/>
<SP HEIGHT="39" WIDTH="30" VPOS="3668" HPOS="1075"/>
<String CONTENT="int." HEIGHT="39" WIDTH="86" VPOS="3668" HPOS="1106"/>
<SP HEIGHT="39" WIDTH="31" VPOS="3668" HPOS="1193"/>
<String CONTENT="17234;" HEIGHT="45" WIDTH="169" VPOS="3668" HPOS="1225"/>
<SP HEIGHT="36" WIDTH="34" VPOS="3679" HPOS="1395"/>
<String CONTENT="pubd." HEIGHT="47" WIDTH="142" VPOS="3668" HPOS="1430"/>
<SP HEIGHT="40" WIDTH="32" VPOS="3668" HPOS="1573"/>
<String CONTENT="Oct." HEIGHT="40" WIDTH="100" VPOS="3668" HPOS="1606"/>
<SP HEIGHT="38" WIDTH="32" VPOS="3669" HPOS="1707"/>
<String CONTENT="18;" HEIGHT="46" WIDTH="82" VPOS="3668" HPOS="1740"/>
<SP HEIGHT="46" WIDTH="34" VPOS="3668" HPOS="1823"/>
<String CONTENT="Rhona" HEIGHT="40" WIDTH="170" VPOS="3667" HPOS="1858"/>
<SP HEIGHT="39" WIDTH="32" VPOS="3668" HPOS="2029"/>
<String CONTENT="Katherine" HEIGHT="40" WIDTH="269" VPOS="3667" HPOS="2062"/>
</TextLine>
<TextLine HEIGHT="51" WIDTH="1613" VPOS="3720" HPOS="410">
<String CONTENT="Dunning," HEIGHT="49" WIDTH="241" VPOS="3720" HPOS="410"/>
<SP HEIGHT="47" WIDTH="33" VPOS="3721" HPOS="652"/>
<String CONTENT="St." HEIGHT="42" WIDTH="67" VPOS="3721" HPOS="686"/>
<SP HEIGHT="42" WIDTH="29" VPOS="3721" HPOS="754"/>
<String CONTENT="Leonards-on-Sea," HEIGHT="48" WIDTH="454" VPOS="3721" HPOS="784"/>
<SP HEIGHT="47" WIDTH="33" VPOS="3722" HPOS="1239"/>
<String CONTENT="Sussex," HEIGHT="48" WIDTH="191" VPOS="3722" HPOS="1273"/>
<SP HEIGHT="46" WIDTH="32" VPOS="3724" HPOS="1465"/>
<String CONTENT="England." HEIGHT="48" WIDTH="235" VPOS="3723" HPOS="1498"/>
<SP HEIGHT="47" WIDTH="69" VPOS="3722" HPOS="1734"/>
<String CONTENT="(33-983)" HEIGHT="48" WIDTH="219" VPOS="3722" HPOS="1804"/>
</TextLine>
<TextLine HEIGHT="67" WIDTH="693" VPOS="3800" HPOS="339" STYLEREFS="StyleId-10E16480-873D-46F1-B11B-9C21993CF28C-">
<String CONTENT="Eckel," HEIGHT="64" WIDTH="195" VPOS="3800" HPOS="339"/>
<SP HEIGHT="62" WIDTH="27" VPOS="3802" HPOS="535"/>
<String CONTENT="John" HEIGHT="54" WIDTH="154" VPOS="3802" HPOS="563"/>
<SP HEIGHT="52" WIDTH="30" VPOS="3805" HPOS="718"/>
<String CONTENT="C.," HEIGHT="62" WIDTH="80" VPOS="3805" HPOS="749"/>
<SP HEIGHT="58" WIDTH="30" VPOS="3809" HPOS="830"/>
<String CONTENT="1858-" HEIGHT="48" WIDTH="171" VPOS="3809" HPOS="861"/>
</TextLine>
<TextLine HEIGHT="72" WIDTH="1919" VPOS="3877" HPOS="407" STYLEREFS="StyleId-8056F8E8-6C08-4FFB-927A-400406133AC4-">
<String CONTENT="The" HEIGHT="53" WIDTH="120" VPOS="3878" HPOS="407"/>
<SP HEIGHT="53" WIDTH="35" VPOS="3878" HPOS="528"/>
<String CONTENT="first" HEIGHT="55" WIDTH="120" VPOS="3877" HPOS="564"/>
<SP HEIGHT="46" WIDTH="32" VPOS="3886" HPOS="685"/>
<String CONTENT="editions" HEIGHT="53" WIDTH="244" VPOS="3880" HPOS="718"/>
<SP HEIGHT="34" WIDTH="32" VPOS="3898" HPOS="963"/>
<String CONTENT="of" HEIGHT="52" WIDTH="63" VPOS="3880" HPOS="996"/>
<SP HEIGHT="53" WIDTH="30" VPOS="3880" HPOS="1060"/>
<String CONTENT="the" HEIGHT="50" WIDTH="96" VPOS="3883" HPOS="1091"/>
<SP HEIGHT="32" WIDTH="33" VPOS="3901" HPOS="1188"/>
<String CONTENT="writings" HEIGHT="67" WIDTH="260" VPOS="3882" HPOS="1222"/>
<SP HEIGHT="33" WIDTH="32" VPOS="3901" HPOS="1483"/>
<String CONTENT="of" HEIGHT="52" WIDTH="62" VPOS="3882" HPOS="1516"/>
<SP HEIGHT="57" WIDTH="32" VPOS="3882" HPOS="1579"/>
<String CONTENT="Charles" HEIGHT="56" WIDTH="236" VPOS="3883" HPOS="1612"/>
<SP HEIGHT="51" WIDTH="29" VPOS="3884" HPOS="1849"/>
<String CONTENT="Dickens," HEIGHT="66" WIDTH="264" VPOS="3882" HPOS="1879"/>
<SP HEIGHT="63" WIDTH="33" VPOS="3885" HPOS="2144"/>
<String CONTENT="their" HEIGHT="52" WIDTH="148" VPOS="3880" HPOS="2178"/>
</TextLine>
<TextLine HEIGHT="76" WIDTH="1983" VPOS="3953" HPOS="340" STYLEREFS="StyleId-8056F8E8-6C08-4FFB-927A-400406133AC4-">
<String CONTENT="points" HEIGHT="70" WIDTH="189" VPOS="3953" HPOS="340"/>
<SP HEIGHT="36" WIDTH="38" VPOS="3975" HPOS="530"/>
<String CONTENT="and" HEIGHT="52" WIDTH="112" VPOS="3958" HPOS="569"/>
<SP HEIGHT="52" WIDTH="36" VPOS="3958" HPOS="682"/>
<String CONTENT="values;" HEIGHT="66" WIDTH="218" VPOS="3959" HPOS="719"/>
<SP HEIGHT="48" WIDTH="43" VPOS="3977" HPOS="938"/>
<String CONTENT="a" HEIGHT="33" WIDTH="30" VPOS="3977" HPOS="982"/>
<SP HEIGHT="52" WIDTH="37" VPOS="3959" HPOS="1013"/>
<String CONTENT="bibliography," HEIGHT="71" WIDTH="423" VPOS="3958" HPOS="1051"/>
<SP HEIGHT="67" WIDTH="37" VPOS="3961" HPOS="1475"/>
<String CONTENT="by" HEIGHT="67" WIDTH="73" VPOS="3961" HPOS="1513"/>
<SP HEIGHT="66" WIDTH="36" VPOS="3962" HPOS="1587"/>
<String CONTENT="John" HEIGHT="55" WIDTH="156" VPOS="3960" HPOS="1624"/>
<SP HEIGHT="54" WIDTH="40" VPOS="3960" HPOS="1781"/>
<String CONTENT="C." HEIGHT="54" WIDTH="61" VPOS="3960" HPOS="1822"/>
<SP HEIGHT="51" WIDTH="39" VPOS="3962" HPOS="1884"/>
<String CONTENT="Eckel." HEIGHT="52" WIDTH="189" VPOS="3960" HPOS="1924"/>
<SP HEIGHT="50" WIDTH="75" VPOS="3959" HPOS="2114"/>
<String CONTENT="Rev." HEIGHT="51" WIDTH="133" VPOS="3959" HPOS="2190"/>
</TextLine>
</TextBlock>
</PrintSpace>
</Page>
</Layout>
</alto>