2563 4368
1061 4058 99 50 923

202 520 134 40 With
370 519 99 40 this
503 518 43 41 is
581 519 158 39 bound:
806 516 298 48 Macaulay’s
1138 517 88 40 life
1261 517 51 40 of
1349 517 191 41 Samuel
1580 516 215 39 Johnson:
1861 515 158 40 edited
2058 516 60 46 by

133 574 1110 48 William Schuyler … New York, ᶜ19 32.
203 631 371 48 Bibliography:
605 642 42 37 p.
677 629 215 43 130-131.

139 702 51 51 ©
227 706 124 38 June
387 706 69 44 14,
494 703 111 40 1932;
673 704 66 38 2c.
778 704 94 38 aud
910 702 82 40 aff.
1031 703 125 39 June
1193 702 54 39 15;
1313 702 42 38 A
1392 699 143 41 52597;
1603 699 280 41 Macmillan
1922 709 66 30 co.
2053 694 67 52 [©

207 760 220 46 revision,
455 770 105 29 new
585 761 191 45 matter,
805 757 341 48 illustrations]
1219 756 278 47 (32-16100)

131 876 226 66 Burris,
384 879 235 52 Marcus
647 875 278 66 Lindsay,
958 877 170 54 1872-

202 954 121 52 The
344 972 108 34 run
476 954 62 51 of
561 955 96 52 the
677 953 167 68 mine,
867 954 75 68 by
966 955 228 51 Marcus
1217 952 254 66 Lindsay
1497 951 218 55 Burris.
1777 953 138 52 New
1936 949 180 67 York,

130 1032 972 68 J. T. White & company [ ᶜ19 31]
203 1107 63 45 ix,
301 1105 54 41 93
389 1116 40 37 p.
630 1139 7 7 19½ᶜᵐ.

202 1163 180 39 Poems.

137 1228 51 52 ©
227 1233 125 39 June
390 1233 68 45 15,
497 1230 111 42 1931;
677 1232 66 39 2c.
783 1233 93 38 and
917 1231 80 40 aff.
1039 1232 113 46 May
1189 1230 40 47 9,
1269 1229 111 41 1932;
1449 1230 40 39 A
1529 1228 141 41 51193;
1739 1230 61 37 M.
1841 1230 47 37 L.
1930 1229 187 47 Burris,

204 1289 337 47 Youngstown,
574 1289 50 39 O.

130 1407 207 64 Chase,
371 1408 227 54 Stuart.

260 1480 1854 72 … Expenditures of public funds in the administration of
129 1561 135 53 civil
288 1562 202 68 justice
511 1562 61 52 in
597 1563 138 52 New
761 1562 163 52 York
947 1561 133 68 city,
1105 1561 74 68 by
1207 1561 200 55 Stuart
1433 1560 182 55 Chase
1640 1561 113 52 and
1777 1560 109 53 Ida
1912 1561 201 52 Klaus.

129 1639 273 53 Institute
435 1640 63 52 of
531 1642 110 50 law,
694 1640 121 52 The
850 1640 184 54 Johns
1067 1640 269 67 Hopkins
1371 1639 334 67 university.
1780 1639 332 68 Baltimore,

126 1718 120 53 The
272 1718 184 55 Johns
484 1716 268 70 Hopkins
779 1736 173 50 press,
982 1720 148 50 1932.

201 1791 1656 49 cover-title, 16 p. 23 ᶜᵐ . (Survey of litigation in New York)
133 1858 51 52 ©
209 1864 77 38 May
343 1861 69 48 23,
438 1861 113 41 1932;
604 1862 66 40 2c.
696 1863 94 39 and
816 1861 80 40 aff.
924 1863 77 38 May
1061 1862 56 38 26;
1171 1862 40 38 A
1236 1862 143 40 52148;
1434 1862 152 39 Johns
1613 1862 220 47 Hopkins
1861 1872 146 37 press.

128 1979 248 65 Chérau,
407 1980 243 65 Gaston,
681 1980 170 55 1872-

256 2056 1858 69 … La maison du quai, roman. Paris, J. Ferenczi et fils
238 2138 83 63 [ ᶜ19 31 ]
196 2206 810 50 2 p. l., 7-204, [1] p., 1 l. 19 ᶜᵐ .
131 2273 1983 53 © Oct. 30, 1931; 1c. May 27, 1932; A—Foreign 16948; J. Ferenczi & fils.
208 2334 278 47 (32-15821)

127 2449 227 65 Corpus
374 2452 172 68 juris;
574 2451 169 70 being
767 2470 30 34 a
821 2453 275 67 complete
1119 2453 111 51 and
1255 2453 324 68 systematic
1602 2459 302 47 statement
1928 2452 63 54 of
2015 2453 97 51 the

194 2530 181 52 whole
402 2530 150 68 body
581 2530 63 52 of
673 2531 97 52 the
797 2532 111 51 law
939 2549 60 34 as
1026 2530 296 53 embodied
1351 2531 60 51 in
1443 2531 112 52 and
1586 2531 311 69 developed
1925 2531 76 69 by
2032 2532 77 52 all

192 2608 1917 69 reported decisions. Edited by William Mack … and Donald
195 2686 1914 71 J. Kiser … v. 58. [Shipping to State road] New York,
195 2763 121 53 The
355 2763 306 54 American
701 2766 111 51 law
851 2765 147 53 book
1039 2784 79 34 co.;
1189 2767 258 68 London,
1489 2769 395 52 Butterworth
1924 2772 46 50 &
2011 2787 98 45 co.,

194 2844 149 50 1932.

197 2914 537 49 xxxii, 1325 p. 26 ᶜᵐ .
131 2979 51 52 ©
209 2984 125 40 June
357 2984 69 47 23,
453 2985 112 40 1932;
621 2985 64 41 2c.
715 2986 115 48 July
855 2987 54 39 11;
966 2987 79 40 aff.
1074 2988 115 47 July
1217 2988 52 39 12;
1326 2990 40 38 A
1392 2989 168 47 54074;
1591 2991 144 39 Amer.
1777 2993 93 37 law
1897 2992 121 38 book
2045 3002 67 30 co.

124 3100 226 66 Cowen,
378 3103 210 65 Philip,
623 3109 170 50 1853-

187 3176 300 55 Memories
522 3180 63 52 of
619 3199 72 34 an
725 3182 305 53 American
1064 3184 141 67 Jew,
1240 3185 73 67 by
1349 3186 198 67 Philip
1585 3186 235 67 Cowen;
1860 3186 138 53 with
2036 3205 71 34 an

118 3254 398 69 introductory
555 3264 130 47 note
722 3259 77 67 by
839 3260 102 53 Dr.
983 3261 70 52 A.
1098 3261 57 55 S.
1195 3262 90 53 W.
1325 3264 347 52 Kosenbach.
1748 3265 138 52 New
1929 3264 177 66 York,

118 3330 121 54 The
274 3333 419 55 International
728 3355 173 48 press,
939 3341 152 50 1932.

189 3403 1054 54 438 p. incl. front. (port.) illus. 24½ᶜᵐ.
129 3470 51 52 ©
213 3475 125 40 June
370 3477 68 46 17,
471 3477 140 46 1932;
644 3478 67 40 2c.
745 3479 128 40 June
903 3479 57 40 20;
1019 3481 81 40 aff.
1135 3483 124 39 June
1293 3483 81 47 22;
1410 3485 39 38 A
1482 3485 169 46 52715;
1688 3487 49 38 P.
1773 3486 186 47 Cowen,
1995 3488 115 37 New

195 3532 140 39 York.
407 3532 278 47 (32-16214)

121 3632 273 68 Crooker,
425 3636 276 56 Herbert.

195 3709 1916 78 The sweet cheat, by Herbert Crooker … New York, The
121 3783 839 76 Macaulay company [ ᶜ19 32]
193 3859 83 40 281
309 3870 42 38 p.
411 3860 144 41 19½ᶜᵐ.

127 3923 51 52 ©
208 3929 126 40 June
358 3930 71 47 23,
457 3931 139 47 1932;
628 3932 66 42 2c.
724 3935 125 39 June
878 3936 81 43 24;
990 3938 82 40 aff.
1103 3940 125 40 June
1257 3940 81 48 25;
1372 3943 38 37 A
1441 3941 169 47 51919;
1644 3943 258 47 Macaulay
1931 3950 68 32 co.

204 3983 277 51 (32-16256)
