2563 4368
1111 4154 134 50 1865

184 538 248 54 African
464 536 326 55 Methodist
823 535 308 65 Episcopal
1161 535 240 54 church.

253 615 120 53 The
405 613 254 54 doctrine
691 616 112 51 and
834 613 273 68 dicipline
1157 613 33 68 [!]
1227 613 64 53 of
1320 614 94 52 the
1445 615 71 52 A.
1547 615 80 51 M.
1663 614 66 51 E.
1762 614 239 66 church;
183 613 1968 132 published

387 693 75 67 by
484 693 166 52 order
673 693 63 51 of
759 692 95 52 the
877 691 245 54 General
1145 690 329 54 conference
1496 692 133 51 held
1652 690 60 52 in
1737 690 326 67 Cleveland,
2089 691 85 65 O.,

182 767 1993 71 May, 1932, by Rev, D. M. Baxter … compiled by Bishop S. L.
183 848 215 56 Greene;
458 847 325 54 elders—V.
810 848 79 52 M.
917 846 338 68 Townsend,
1280 846 295 54 chairman;
1631 848 89 54 W.
1748 847 78 54 H.
1856 847 62 55 C.
1947 848 228 64 Brown,

181 926 1995 68 secretary … [and others] 30th rev. ed.—1932. Philadelphia,
183 1003 1085 68 Pa., A. M. E. book concern [ ᶜ19 32]
258 1090 273 49 540 p. 14½ ᶜᵐ.
187 1159 51 52 ©
272 1163 100 41 Oct.
404 1166 40 38 3.
475 1162 112 42 1932;
648 1164 66 40 2c.
749 1164 102 40 Oct.
882 1164 26 38 5;
969 1162 82 40 aff.
1085 1163 102 40 Oct.
1219 1162 55 41 15;
1336 1163 42 38 A
1408 1162 143 41 55567;
1614 1163 135 38 Book
1780 1172 203 31 concern
2014 1164 53 39 of
2098 1163 82 40 the

254 1220 204 40 African
488 1221 265 40 Methodist
782 1220 253 48 Episcopal
1068 1220 193 46 church,
1293 1219 352 49 Philadelphia.

265 1277 277 48 (32-31015)

187 1398 272 65 [Baynes,
490 1398 270 62 Dorothy
790 1396 157 54 Julia]

252 1472 120 53 The
407 1478 197 64 regent
637 1473 113 53 and
785 1473 89 53 his
909 1473 299 69 daughter,
1242 1474 75 68 by
1351 1473 245 53 Dormer
1631 1472 240 55 Creston
1910 1475 212 66 [pseud.];

184 1549 284 54 foreword
503 1550 77 69 by
613 1550 200 69 Philip
850 1549 298 56 Guedalla.
1222 1550 259 69 London,
1518 1551 65 52 T.
1624 1550 414 69 Butterworth,
2074 1551 103 54 ltd.

187 1630 171 65 [1932]

249 1713 1216 50 320 p. incl. front. (port.) plates, ports. 22½ ᶜᵐ.
254 1777 162 42 “First
443 1777 255 49 published
727 1777 158 42 1932.”

254 1840 360 41 “Authorities”;
684 1850 42 39 p.
769 1839 217 42 308-314.

187 1908 1993 52 © 1c. Dec. 14, 1932; A ad int. 17230; pubd. Oct. 20; Little, Brown, and
255 1977 245 39 company,
529 1970 193 39 Boston.
795 1969 221 48 (33-734)

184 2085 209 67 Belloc,
421 2086 244 66 Hilaire,
698 2091 168 51 1870-

251 2165 207 53 Ladies
491 2167 111 51 and
636 2166 337 66 gentlemen,
1008 2165 94 52 for
1134 2166 190 52 adults
1357 2167 135 65 only
1526 2166 111 51 and
1673 2171 221 47 mature
1928 2172 59 46 at
2022 2166 153 65 that;

183 2260 184 34 verses
397 2242 75 68 by
504 2242 77 52 H.
616 2243 223 67 Belloc;
874 2243 249 68 pictures
1153 2242 75 69 by
1261 2242 69 53 N.
1368 2243 259 67 Bentley.
1696 2243 259 67 London,
180 2240 1974 147 Duckworth,
412 2323 150 50 1932.

251 2408 421 49 53 p. illus. 25 ᶜᵐ.
253 2465 288 41 Illustrated
571 2469 98 45 t.-p.

189 2530 51 52 ©
269 2537 17 36 1
298 2546 35 29 c.
362 2536 111 40 Dec.
503 2535 68 48 12,
601 2536 113 40 1932;
773 2537 40 38 A
841 2538 62 38 ad
931 2537 88 40 int.
1048 2536 169 47 17211;
1249 2538 142 47 pubd.
1422 2537 101 40 Oct.
1555 2537 55 40 13;
1669 2537 60 39 H.
1760 2537 177 47 Belloc,
1970 2535 210 50 Shipley,

256 2592 258 49 Horsham,
547 2592 192 48 Sussex,
770 2593 236 47 England.
1077 2592 219 49 (33-590)

184 2715 184 55 Bible.
440 2719 264 66 English.
777 2722 153 52 1932.
1005 2720 373 54 Authorized.

254 2794 120 52 The
415 2812 122 34 new
577 2797 275 52 standard
894 2794 380 70 alphabetical
1316 2795 243 55 indexed
1601 2795 181 53 Bible.
1861 2796 119 52 The
2021 2796 158 68 Holy

185 2869 165 55 Bible
392 2871 357 67 (authorized
779 2893 64 34 or
871 2873 161 69 King
1060 2875 194 54 James
1282 2874 251 68 version)
1575 2873 333 68 containing
1935 2874 95 53 the
2064 2873 114 56 Old

185 2950 112 52 and
338 2949 139 53 New
517 2951 370 67 Testaments,
926 2952 316 53 translated
1282 2956 97 46 out
1418 2952 64 51 of
1519 2952 96 52 the
1654 2948 248 70 original
1940 2957 238 63 tongues

184 3029 112 51 and
331 3027 140 53 with
506 3028 78 53 all
619 3027 215 54 former
866 3028 371 56 translations
1270 3028 306 69 diligently
1610 3030 303 67 compared
1948 3029 113 53 and
185 3046 1971 127 revised,

391 3112 59 46 to
483 3105 186 53 which
702 3124 94 34 are
829 3106 184 53 added
1044 3125 173 49 many
1248 3104 206 69 unique
1489 3105 250 55 features
1772 3106 65 53 of
1866 3106 98 53 the
1996 3106 183 68 Bible,

183 3183 137 53 such
352 3203 61 35 as
445 3201 71 34 an
550 3181 381 69 alphabetical
964 3190 399 60 arrangement
1394 3184 64 52 of
1489 3185 96 52 the
1616 3182 232 70 leading
1878 3184 302 67 doctrines,

185 3260 93 53 the
315 3262 262 66 parables
613 3262 113 51 and
761 3261 275 67 miracles,
1074 3260 278 68 harmony
1387 3262 65 51 of
1487 3262 96 53 the
1619 3260 257 69 Gospels,
1913 3258 266 71 pictorial

185 3339 394 67 pronouncing
615 3338 339 67 dictionary,
989 3339 118 52 also
1142 3335 209 69 special
1388 3337 225 57 articles
1647 3357 72 35 on
1754 3339 98 53 the
1887 3339 183 69 Bible,
2106 3357 74 36 an

185 3417 254 67 inspired
470 3415 163 68 book,
666 3434 103 35 our
802 3414 246 69 English
1081 3414 183 67 Bible,
1297 3415 250 68 analysis
1578 3415 66 53 of
1675 3417 78 52 all
1784 3416 96 52 the
1909 3417 176 53 books
2115 3417 65 55 of

184 3492 1997 70 the Bible, etc., etc. Red letter ed. … The only family Bible
185 3570 184 69 richly
397 3571 324 54 illustrated
751 3570 139 52 with
919 3568 284 54 beautiful
1232 3569 222 54 colored
1485 3570 182 66 plates
1695 3571 64 51 of
1786 3573 95 51 the
1911 3572 95 53 old
185 3592 1971 111 masters.

390 3648 269 67 Chicago,
695 3646 447 54 Manufactured
1180 3646 74 67 by
1291 3647 94 53 the
1421 3647 158 54 John
1614 3646 71 56 A.
1724 3648 205 55 Hertel
1965 3667 80 36 co.
2087 3649 94 53 for

185 3723 1355 68 International Sunday school league [ ᶜ19 32]
259 3812 144 52 [1086]
433 3823 44 38 p.
536 3811 86 41 col.
653 3811 163 47 front.,
847 3810 143 48 illus.,
1021 3809 158 48 plates
1206 3807 136 48 (part
1371 3808 112 49 col.)
1522 3809 169 50 tables,
1721 3811 169 42 forms.
1949 3810 57 40 29½ᶜᵐ.

255 3869 211 41 Various
491 3867 216 49 pagings.

256 3926 101 40 The
383 3925 117 41 New
525 3924 281 40 Testament
831 3923 90 39 has
947 3920 179 49 special
1154 3924 97 45 t.-p.

191 3992 52 54 ©
272 3996 111 40 Dec.
413 3995 41 48 1,
483 3993 140 47 1932;
654 3993 68 41 2c.
752 3994 112 40 Dec.
894 3993 51 46 5;
977 3992 80 39 aff.
1090 3992 109 39 Jan.
1232 3992 67 44 14,
1331 3991 140 46 1933;
1504 3992 42 38 A
1576 3993 170 48 57316;
1780 3996 128 44 John
1939 3998 41 40 A
2011 3997 172 42 Hertel

257 4063 67 30 co.
387 4047 70 54 [©
484 4060 105 31 new
616 4053 194 46 matter]
882 4048 278 49 (32-34771)
