2563 4368
1091 4031 133 51 1109

232 491 369 50 “Biographical
627 491 185 42 items.”

230 548 372 48 Bibliography:
633 559 43 37 p.
706 547 217 42 157-163.

166 601 51 52 ©
247 607 124 38 June
399 605 68 47 18,
496 604 112 41 1932;
667 604 67 41 2c.
765 605 125 39 June
917 605 55 38 21;
1031 604 80 40 aff.
1143 604 123 40 June
1295 604 55 39 22;
1409 606 42 37 A
1481 604 142 40 52710;
1683 604 220 40 Catholic
1934 603 129 41 univ.
2095 604 51 39 of

231 661 234 40 America.
535 660 277 49 (32-19174)

160 751 131 63 Lee,
322 750 251 55 Bourke.

228 828 219 52 Blonde
489 827 300 67 interlude,
829 827 75 67 by
947 826 228 54 Bourke
1215 827 139 67 Lee;
1399 826 322 53 illustrated
1765 826 141 53 with
159 827 1963 144 photographs

398 904 75 66 by
500 904 333 53 Lazarnick.
896 905 139 52 New
1070 905 173 66 York,
1274 903 198 55 Simon
1501 904 113 53 and
1646 903 286 68 Schuster,
1964 906 148 49 1932.

224 977 698 48 2 p. l. , 314 p. plates. 19½ ᶜᵐ.
226 1034 286 39 Illustrated
543 1033 334 48 lining-paper.

167 1084 51 52 ©
251 1090 114 39 July
394 1089 69 47 26,
496 1089 139 46 1932;
668 1089 66 40 2c.
767 1090 83 39 July
913 1090 81 46 28;
1030 1089 80 40 aff.
1142 1090 115 47 July
1289 1089 81 47 27;
1405 1090 40 38 A
1476 1089 169 46 53338;
1682 1090 54 39 B.
1769 1089 104 47 Lee,
1906 1088 241 49 Tujunga,

234 1145 142 40 Calif.
447 1144 279 51 (32-19189)

160 1236 435 65 Loevenbruck,
625 1235 220 56 Pierre.

290 1312 1858 69 … Ceux de la réserve, en campagne avec le 269 ᵉ d’infanterie;
163 1388 1733 70 préface de Désiré Ferry … Paris, J. Tallandier [ᶜ1931]
227 1462 873 50 3 p. l., [iii]-vi, [7]-222 p., 1 l. 19ᶜᵐ.
159 1517 1973 106 “Le récit … commence avant la mobilisation générale et s’étend jusqu’au 3 octobre 1914.”—Préf.
167 1628 1867 52 © Jan. 22, 1931; 1c. Feb. 20; A— Foreign 11069; Jules Tallandier.
244 1688 276 48 (32-19921)

162 1776 262 65 Ludwig,
455 1776 289 65 Wilhelm,
778 1782 169 49 1901-

229 1854 118 52 Das
384 1852 649 68 rechts-links-problem
1070 1852 79 52 im
1187 1852 265 53 tierreich
1489 1852 119 53 und
1645 1853 149 52 beim
1833 1854 316 67 menschen,

159 1931 108 52 mit
308 1931 180 52 einem
531 1931 257 68 anhang:
833 1929 696 54 Rechts-link-merkmale
1572 1931 100 51 der
1717 1930 277 68 pflanzen,
2039 1949 112 34 von

160 2006 1991 70 Wilhelm Ludwig … mit 143 abbildungen. Berlin, J. Springer,
163 2088 148 50 1932.

232 2156 1918 50 xi, 496 p. illus., diagrs. 22 ᶜᵐ. ( Added t.-p.: Monographien aus dem
161 2212 1893 50 gesamtgebiet der physiologie der pflanzen und der tiere … 27. bd.)
234 2267 606 43 “Literaturverzeichnis”:
898 2277 43 39 p.
975 2266 248 52 [452]-485.

169 2323 1865 52 © Mar. 30, 1932; 1c. June 2; A —Foreign 16985; Julius Springer.
246 2383 279 50 (32-19955)

162 2472 250 65 Mandel,
444 2473 223 65 Henry,
700 2477 171 50 1885-

164 2547 1962 146 … Die eirtschaftskrise, ursachen und heilmittel. [Strasbourg]
391 2625 300 53 Dernières
716 2626 286 52 nouvelles
1029 2625 67 53 de
1126 2625 363 69 Strasbourg,
1518 2627 149 51 1932.

234 2697 549 49 1 p. l. , 39 p., 1 l. 24ᶜᵐ.
237 2754 367 57 “Übertragung
631 2773 89 30 aus
747 2764 106 39 dem
879 2762 368 42 französischen
1275 2773 107 31 vom
1409 2763 289 42 Verfasser.”

171 2815 1981 51 © Feb. 1, 1932; 1c. Mar. 21; A —Foreign 16251; Dernières nouvelles de
241 2875 303 48 Strasbourg.
615 2874 278 49 (32-20038)

164 2955 244 66 Margis,
438 2956 340 65 Hildegard,
809 2956 86 53 ed.

235 3030 243 70 Teilung
530 3032 117 51 und
697 3032 208 51 umbau
957 3050 109 34 von
1118 3032 372 68 Wohnungen,
1540 3032 452 67 herausgegeben
2044 3050 107 34 von

167 3108 321 68 Hildegard
529 3109 221 67 Margis
790 3108 117 52 und
949 3110 82 51 dr.
1076 3109 147 51 Karl
1265 3108 253 68 Mahler;
1560 3108 107 54 mit
1707 3109 292 68 beitragen
2043 3126 109 34 von

166 3184 1985 70 Hans Ältmann … Arnold von den Eicken … dipl.-ing. Otto
168 3261 1986 71 Firle [u. a.] … Mit 77 abbildungen. Stuttgart [etc.] Deutsche
168 3340 474 67 verlags-anstalt,
679 3341 150 51 1932.

235 3409 828 50 156 p. illus. (incl. plans) 25 ½ ᶜᵐ.
174 3465 1982 55 © Apr. 27, 1932; 1c. June 2; A —Foreign 17000; Deutsche verlags-
240 3527 197 38 anstalt.
507 3525 278 49 (32-19917)

167 3600 281 65 Martiny,
475 3601 219 64 Benno,
723 3601 171 55 1871-

299 3675 1854 70 … Die bodenfräse in der landwirtschaft auf mineralboden,
206 3752 384 68 untersuchung
634 3753 96 52 des
773 3753 459 68 gegenwärtigen
1275 3755 226 52 Standes
1545 3756 119 52 und
1746 3755 262 69 vorschlag
2052 3774 101 34 zur

169 3828 357 53 technischen
625 3829 541 69 weiterentwicklung,
1210 3831 219 53 bericht
1474 3832 137 53 über
1696 3833 458 67 untersuchungen

170 3905 95 51 des
292 3905 524 54 Fräs-ausschusses
843 3908 96 51 des
966 3906 234 69 RKTL,
1228 3926 111 34 von
1366 3907 290 69 professor
1683 3911 84 51 dr.
1797 3911 67 50 B.
1893 3909 260 68 Martiny
