2563 4368
1042 4084 134 52 1489

97 527 166 53 vania
310 544 182 49 press;
541 523 257 67 London,
843 523 77 51 H.
966 519 266 70 Milford,
1279 518 230 56 Oxford
1553 516 318 71 university”
1917 534 174 51 press,

100 608 146 50 1932.

164 674 774 52 XV, 694 p. front., pl. 23 ½ᶜᵐ .
167 734 171 38 Issued
364 734 103 39 also
494 742 55 30 as
576 731 153 40 thesis
766 731 13 47 (PH.
953 730 14 46 D.)
1005 727 282 47 University
1316 728 50 39 of
1394 727 374 46 Pennsylvania.

101 782 1975 114 © Sept. 16, 1932; 2c. Oct. 3; aff. Sept. 30; A 56204; University of Pennsylvania press. (32-25563)
97 936 282 65 Johnson,
408 938 129 62 Roy
564 936 236 64 Wilder,
833 939 169 50 1882-

230 1007 1861 74 … The sales strategy of John H. Patterson, founder of the
99 1092 271 52 National
422 1092 130 52 cash
602 1089 239 69 register
888 1107 298 51 company,
1232 1089 76 66 by
1354 1089 128 65 Roy
1530 1087 91 55 W.
1668 1085 263 56 Johnson
1978 1086 111 54 and

99 1170 224 52 Russell
364 1168 91 56 W.
499 1167 217 68 Lynch.
798 1166 254 69 Chicago
1098 1167 112 52 and
1255 1166 139 52 New
1438 1163 180 67 York,
1660 1164 121 53 The
1826 1164 265 53 Dartnell

99 1245 591 69 corporation [ ᶜ1 932 ]
171 1316 87 42 344
284 1330 44 37 p.
382 1318 158 49 plates
568 1317 49 48 (1
645 1316 143 49 fold.)
826 1318 162 49 ports.,
1018 1316 216 41 facsims.
1290 1315 147 41 22½ᶜᵐ.
1505 1313 161 51 (Sales
1694 1316 191 41 leaders
1912 1315 175 49 series)

174 1376 162 40 “First
367 1374 261 51 printing.”

176 1431 129 42 “The
334 1431 109 43 idea
476 1431 52 41 of
555 1442 28 30 a
617 1430 120 41 book
767 1430 196 50 dealing
993 1429 294 49 specifically
1318 1429 119 40 with
1470 1431 83 39 the
1583 1430 128 40 sales
1741 1429 229 49 thinking
2001 1430 94 40 and

104 1487 357 42 achievements
493 1488 52 41 of
574 1487 127 40 John
737 1486 59 41 II.
830 1486 257 42 Patterson
1121 1496 101 30 was
1255 1487 254 48 presented
1544 1489 48 38 to
1627 1487 81 40 the
1739 1485 276 49 publishers
2048 1486 47 39 in

104 1540 1995 55 the summer of 1931 by Russell W. Lynch … The task of gathering
106 1598 1990 52 the material … and the actual writing of the book was undertaken by
105 1659 103 48 Roy
236 1660 72 39 W.
338 1656 368 51 Johnson.”—p.
740 1657 85 50 [11]

107 1712 52 52 ©
190 1718 76 37 May
330 1714 70 45 28,
430 1715 139 43 1932;
601 1714 69 40 2c.
701 1714 127 46 Sept.
888 1714 51 45 15;
973 1711 81 42 aff.
1085 1712 119 45 Aug.
1235 1713 55 38 12;
1350 1713 41 38 A
1421 1712 168 48 54845;
1625 1712 226 41 Dartnell
174 1722 1906 91 corporation.
360 1770 277 50 (32-26879)

102 1862 234 61 Kamm,
367 1860 215 65 Oliver,
615 1866 169 50 1888-

172 1938 354 63 Qualitative
568 1938 234 68 organic
845 1937 279 70 analysis;
1167 1957 72 34 an
1279 1938 347 67 elementary
1668 1955 192 36 course
1902 1938 62 52 in
2002 1938 96 53 the

103 2013 1995 72 identification of organic compounds, by Oliver Kamm … 2d
102 2094 86 53 ed.
260 2093 140 54 New
437 2094 180 67 York,
652 2094 57 53 J.
746 2094 191 67 Wiley
975 2096 45 51 &
1057 2112 146 49 sons,
1239 2094 138 66 inc.;
1419 2093 258 69 London,
1716 2094 301 67 Chapman
2053 2097 45 50 &

102 2172 160 66 Hall,
291 2171 241 66 limited,
564 2174 153 51 1932.

177 2239 1580 56 ix, 311 p. illus., tables (1 fold.) diagrs. 23½ ᶜᵐ . $2.75
178 2300 180 41 Folded
388 2300 130 42 table
545 2301 229 40 mounted
802 2311 60 28 on
891 2301 91 40 end
1014 2299 336 50 lining-paper.

112 2354 50 52 ©
194 2359 127 47 Sept.
348 2359 55 39 24,
474 2355 85 42 1932;
616 2358 67 39 2c.
712 2358 94 39 and
834 2356 81 40 aff.
947 2355 129 50 Sept.
1102 2356 55 40 28;
1215 2358 40 37 A
1283 2356 143 40 56089;
1486 2359 50 38 O.
1567 2357 190 50 Kamm,
1787 2359 208 40 Detroit.

189 2414 277 50 (32-25691)

107 2504 262 64 Kennell,
399 2504 164 53 Ruth
593 2505 323 62 Epperson.

178 2577 1926 73 Comrade one-crutch, by Ruth Epperson Kennell … with
107 2657 379 56 illustrations
515 2658 76 66 by
621 2657 247 53 Michael
899 2657 182 53 Perts.
1157 2658 138 51 New
1327 2658 162 53 York
1520 2660 111 53 and
1663 2659 257 68 London,
110 2659 1972 146 Harper
235 2739 51 50 &
310 2735 278 67 brothers,
614 2737 151 50 1932.

180 2807 1238 52 ix p., 1 l., 286 p. incl. illus., plates. pl. 22 ᶜᵐ .
181 2868 140 47 Maps
347 2877 61 30 on
435 2865 363 48 lining-papers.

182 2923 162 41 “First
370 2921 226 43 edition.”

116 2976 50 52 ©
204 2981 125 47 Sept.
364 2980 68 48 14,
466 2978 141 48 1932;
640 2979 54 40 2c.
745 2979 129 47 Sept.
907 2979 54 38 14;
1025 2978 81 40 aff.
1143 2978 129 48 Sept.
1305 2979 83 43 16;
1423 2981 41 37 A
1498 2980 170 47 54840;
1706 2981 56 40 R.
1797 2982 54 39 E.
1885 2982 220 47 Kennell,

185 3036 250 49 Syracuse,
464 3036 56 40 N.
548 3037 53 38 Y.
673 3034 278 49 (32-25853)

111 3110 275 66 Kimball,
418 3110 233 54 Arthur
682 3106 407 70 Livingstone,
1124 3114 172 51 1886-

180 3186 306 55 Vibration
515 3186 337 69 prevention
880 3188 62 51 in
972 3186 386 70 engineering,
1388 3189 74 66 by
1495 3188 225 54 Arthur
1750 3190 65 51 L.
1845 3189 259 53 Kimball

173 3262 1932 75 … New York, J. Wiley & sons, inc.; London, Chapman &
110 3341 159 68 Hall,
297 3341 242 68 limited,
568 3344 153 51 1932.

185 3413 82 48 vii,
296 3414 84 40 145
407 3423 42 38 p.
507 3414 141 48 illus.,
675 3415 181 49 diagrs.
914 3413 116 42 24ᶜᵐ.
1147 3414 130 49 $2.50

187 3469 128 42 “One
352 3470 51 41 of
438 3481 29 29 a
502 3471 150 41 series
687 3471 196 41 written
920 3472 49 39 in
1006 3473 82 39 the
1123 3471 206 42 interest
1365 3473 51 41 of
1450 3475 81 39 the
1567 3474 248 42 advanced
1852 3485 169 32 course
2060 3476 47 38 in

114 3525 311 52 engineering
450 3527 52 41 of
528 3529 82 40 the
639 3526 206 42 General
872 3527 196 42 electric
1094 3528 278 49 company.”

186 3582 347 44 “References”
551 3594 9 30 :
595 3596 44 37 p.
675 3582 215 42 139-140.

121 3637 51 51 ©
202 3641 126 48 Sept.
354 3640 69 48 26,
450 3640 114 41 1932;
618 3639 67 42 2c.
715 3641 102 40 Oct.
843 3642 25 38 1;
925 3639 80 43 aff.
1037 3641 127 48 Sept.
1191 3641 55 40 29;
1301 3643 42 39 A
1370 3642 141 40 56211;
1571 3643 207 42 General
1804 3643 195 42 electric
2027 3655 81 37 co.,

192 3697 339 48 Schenectady,
563 3697 55 39 N.
649 3698 53 37 Y.
773 3695 280 51 (32-25700)

119 3772 190 64 Knox,
340 3772 151 54 Rose
522 3772 67 56 B.

188 3845 155 69 Gray
375 3864 151 52 caps,
556 3846 75 69 by
661 3847 144 54 Rose
836 3847 64 51 B.
936 3847 171 53 Knox;
1169 3847 322 55 illustrated
1522 3848 74 70 by
1628 3848 284 71 Manning
1941 3850 67 53 de
2039 3850 69 54 V.

119 3923 124 54 Lee.
308 3921 231 55 Garden
571 3922 152 69 City,
753 3923 68 53 N.
854 3924 91 66 Y.,
974 3923 353 72 Doubleday,
1358 3925 198 53 Doran
1586 3928 45 49 &
1661 3945 294 50 company,
1985 3927 124 67 inc.,

122 4002 148 51 1932.
