2563 4368
1378 4064 99 50 368

514 516 146 41 “This
691 518 188 38 volume
910 515 42 41 is
983 516 254 48 published
1271 515 125 41 from
1429 527 27 30 a
1489 516 123 40 fund
1646 516 304 42 contributed
1986 519 48 38 to
2068 517 81 41 the
2182 516 253 42 American

441 573 253 41 historical
739 572 296 41 association
1079 573 61 48 by
1187 575 80 38 the
1314 572 232 49 Carnegie
1593 573 306 48 corporation
1947 574 51 39 of
2043 574 116 41 New
2206 573 230 42 York.”—

441 641 39 36 p.
521 630 74 50 [iv]

512 686 376 49 Bibliography:
919 697 41 38 p.
991 685 217 43 275-287.

444 739 51 51 ©
536 744 121 39 Mar.
695 743 40 41 7,
775 742 140 46 1932;
954 743 65 39 2c.
1060 743 95 39 and
1194 742 82 40 aff.
1316 744 122 38 Mar.
1478 743 81 46 10;
1599 743 40 39 A
1677 742 171 46 49038;
1891 742 256 42 American
2185 742 252 42 historical

511 799 308 43 association,
854 799 335 48 Washington.
1259 799 251 48 (32-7223)

439 874 250 66 Sleight,
717 875 204 64 Harry
944 876 71 55 D.

508 950 121 54 The
671 951 181 53 whale
894 951 209 69 fishery
1144 970 73 35 on
1259 952 165 69 Long
1466 950 207 70 island,
1714 951 75 70 by
1832 952 199 69 Harry
2074 952 73 53 D.
2193 950 241 71 Sleight.

439 1028 514 69 Bridgehampton,
984 1029 70 54 N.
1089 1029 91 68 Y.,
1213 1030 122 52 The
1365 1029 301 69 Hampton
1701 1047 174 51 press,
1912 1032 150 51 1931.

505 1101 1185 52 2 p. l., 231, [1] p., 1 l., ii p., 2 l., iii, ii p. 24 ᶜᵐ.
506 1159 204 46 History
736 1159 54 40 of
813 1161 83 39 the
923 1158 97 49 Sag
1044 1159 193 40 Harbor
1262 1159 155 41 whale
1447 1159 193 48 fishery.

443 1213 51 52 ©
524 1218 109 40 Dec.
661 1218 68 45 21,
761 1216 109 41 1931;
930 1218 67 40 2c.
1026 1219 96 38 and
1149 1217 82 41 aff.
1262 1218 110 43 Dec.
1400 1218 55 40 23;
1514 1219 40 39 A
1582 1218 144 40 46527;
1786 1219 247 47 Hampton
2063 1228 148 38 press,
510 1218 1911 105 Bridgehampton,

786 1275 56 39 N.
872 1275 53 39 Y.
996 1274 249 48 (32-7134)

437 1350 286 65 Sommer,
751 1350 224 53 Martin
1004 1351 77 65 S.,
1112 1355 172 50 1869-

506 1425 1865 71 The truth which makes us free, by Martin S. Sommer …
438 1503 84 56 St.
556 1504 193 68 Louis,
782 1505 135 68 Mo.,
952 1504 320 55 Concordia
1306 1505 337 70 publishing
1675 1506 192 67 house,
1902 1508 151 51 1932.

506 1579 278 49 106 p. 16½ ᶜᵐ.
443 1632 51 52 ©
522 1638 121 39 Mar.
670 1637 39 47 1,
736 1636 113 40 1932;
905 1638 68 40 2c.
1001 1640 92 39 and
1123 1636 82 41 aff.
1234 1639 121 38 Mar.
1383 1639 26 39 7;
1466 1637 39 39 A
1530 1636 172 48 48819;
1733 1637 266 41 Concordia
2028 1637 107 49 pub.
2165 1638 161 40 house.

519 1693 250 49 (32-7367)

437 1756 380 65 Stegemann,
847 1757 324 64 Hermann,
1205 1756 170 55 1870-

568 1833 1860 70 … Deutschland und Europa, eine geschichtliche schau und
436 1910 89 54 ein
560 1910 330 64 politischer
920 1911 270 54 ausblick.
1269 1910 294 64 Stuttgart
1616 1918 99 47 [etc.]
1771 1913 284 53 Deutsche
435 1913 1973 145 verlags-anstalt,

622 1994 149 50 1932.

510 2062 575 50 xvi, 448, [2] p. 24 ½ ᶜᵐ
509 2119 610 42 “Literaturverzeichnis”:
1180 2130 42 38 p.
1255 2119 112 50 [450]

441 2175 1995 51 © Dec. 9, 1931; 1c. Jan. 19, 1932; A —Foreign 15432; Deutsche verlags-
509 2234 199 40 anstalt.
779 2232 251 49 (32-7516)

437 2295 314 66 Stephens,
780 2295 155 55 John
965 2294 329 66 Mortimer,
1326 2299 171 50 1901-

505 2374 122 52 The
655 2372 275 53 influence
960 2370 64 54 of
1053 2370 268 54 different
1349 2369 219 55 stimuli
1599 2388 153 51 upon
1783 2370 307 70 preceding
2118 2371 209 67 bonds;
2360 2391 69 35 an

436 2446 1995 71 examination of the law of effect, by J. M. Stephens … New
437 2528 163 53 York
631 2528 134 68 city,
795 2527 280 53 Teachers
1107 2526 229 69 college,
1370 2524 300 56 Columbia
1703 2524 338 71 university,
2076 2528 149 52 1931.

437 2598 1978 107 vii, 83 p. 1 illus., diagr. 23½ ᶜᵐ. (Teachers college, Columbia university.
691 2656 370 42 Contributions
1090 2658 49 39 to
1168 2656 273 45 education,
1471 2666 75 30 no.
1575 2653 110 50 493)

506 2715 171 40 Issued
705 2715 103 39 also
837 2724 54 30 as
919 2713 154 41 thesis
1112 2713 106 47 (PH.
1279 2713 36 47 D.)
1351 2710 251 42 Columbia
1631 2710 286 49 university.

505 2771 375 48 Bibliography:
909 2779 45 38 p.
983 2767 157 43 78-83.

441 2825 53 52 ©
518 2830 111 40 Dec.
653 2829 69 47 24,
747 2827 111 41 1931;
912 2827 67 41 2c.
1003 2827 109 41 Jan.
1135 2827 70 47 30,
1230 2825 113 42 1932;
1398 2825 82 44 aff.
1504 2825 110 41 Feb.
1639 2827 26 38 2;
1719 2827 40 38 A
1781 2824 144 43 48224;
1979 2825 238 42 Teachers
2242 2825 191 50 college,

510 2884 249 43 Columbia
788 2884 284 48 university.
1143 2882 249 50 (32-7116)

437 2947 239 65 Strong,
704 2947 269 53 Leonard
1002 2945 211 53 Alfred
1244 2944 245 66 George,
1521 2949 171 50 1896-

507 3023 272 55 Common
804 3040 155 36 sense
983 3020 170 55 about
1177 3024 218 64 poetry,
1417 3020 75 68 by
1516 3020 64 52 L.
1606 3020 68 52 A.
1704 3019 68 55 G.
1799 3019 229 69 Strong.
2088 3018 136 54 New
2253 3017 177 70 York,

436 3100 68 52 A.
535 3100 70 54 A.
636 3098 224 68 Knopf,
892 3101 149 49 1932.

505 3169 626 51 5 p. l. , 3-139, [1] p. 19½ ᶜᵐ.
442 3227 51 52 ©
519 3232 120 39 Mar.
663 3230 71 47 18,
758 3229 114 41 1932;
925 3229 67 41 2c.
1017 3229 95 39 and
1138 3227 82 40 aff.
1245 3229 121 39 Mar.
1393 3227 58 41 19;
1502 3228 40 38 A
1568 3227 141 40 50201;
1765 3227 49 39 L.
1843 3227 53 41 A.
1924 3227 52 41 G.
2005 3227 188 47 Strong,
2220 3226 210 42 London.

518 3287 250 48 (32-7594)

437 3348 412 65 Swedenborg,
879 3346 305 65 Emanuel,
1217 3346 324 56 1688-1772.

507 3425 271 68 Charity;
821 3444 80 46 or,
941 3424 121 52 The
1103 3424 249 67 practice
1390 3420 64 55 of
1492 3422 478 70 neighborliness;
2015 3442 31 33 a
2087 3421 339 54 translation

438 3504 151 52 from
619 3504 95 52 the
744 3503 191 66 Latin,
964 3502 75 68 by
1069 3502 260 54 William
1361 3502 65 51 F.
1456 3501 271 67 Wunsch,
1759 3500 64 54 of
1854 3501 279 53 Emanuel
435 3499 1969 151 Swedenborg’s

433 3579 1971 148 “De charitate” … Philadelphia, J. B. Lippincott company [ᶜ1931]
508 3733 85 40 120
625 3744 41 37 p.
727 3732 56 40 19½ᶜᵐ.

512 3790 145 39 “This
687 3789 124 40 book
839 3788 42 41 is
912 3787 254 49 published
1198 3788 61 48 by
1291 3788 79 40 the
1404 3790 210 39 trustees
1645 3787 53 42 of
1728 3787 82 41 the
1842 3786 257 49 Iungerich
2132 3785 295 50 publication

438 3846 123 40 fund
596 3845 156 41 which
788 3856 100 29 was
923 3847 190 39 created
1152 3846 60 47 by
1249 3845 78 41 the
1362 3847 99 38 late
1496 3845 50 40 L.
1582 3844 49 41 C.
1668 3843 256 49 Iungerich
1961 3844 50 40 of
2045 3840 381 51 Philadelphia.”

442 3899 50 51 ©
527 3903 126 40 June
683 3903 69 47 26,
787 3901 140 47 1931;
962 3901 67 41 2c.
1064 3903 95 38 and
1193 3901 80 40 aff.
1310 3902 120 39 Mar.
1465 3902 39 45 4,
1540 3901 139 45 1932;
1716 3901 40 39 A
1790 3901 143 40 48787;
1997 3901 229 39 Trustees
2262 3899 51 41 of
2346 3898 81 41 the

510 3958 256 50 Iungerich
790 3958 298 50 publication
1113 3958 137 47 fund,
1277 3956 353 51 Philadelphia.
1701 3956 249 49 (32-7224)
