2563 4368
1330 4071 133 50 1834

447 538 1033 51 2 p. l., 154, [2] p. illus., diagrs. 19 ᶜᵐ .
445 596 911 43 At head of title: A. B é thencourt.
448 654 277 41 Half-title:
759 654 151 39 Cours
940 655 56 38 de
1024 651 186 42 chimie.
1272 653 165 38 Classe
1467 652 57 40 de
1554 653 61 39 2ᵉ.

380 721 50 50 ©
463 725 101 38 Oct.
595 725 38 45 7,
664 724 111 39 1931;
866 735 36 27 1c.
935 723 109 39 Dec.
1076 723 81 45 28;
1190 722 309 47 A—Foreign
1529 721 170 46 15035;
1734 721 237 39 Librairie
2003 722 255 38 Hachette.

377 839 223 67 Biddle,
628 840 255 56 William
910 838 287 67 Wishart,
1226 845 171 50 1900-

445 916 1923 71 Propaganda and education, by William W. Biddle … New
379 996 162 53 York
574 995 133 70 city,
741 997 277 53 Teachers
1052 996 228 68 college,
1313 994 299 57 Columbia
1647 993 334 69 university,
2018 998 148 49 1932.

480 1071 1715 52 v p., 1 l., 84 p. 23½ᶜᵐ. (Teachers college, Columbia university.
381 1072 1974 100 Contributions
671 1135 48 37 to
747 1131 270 48 education,
1045 1142 76 30 no.
1149 1130 110 48 531)

451 1189 171 40 Issued
649 1190 102 39 also
778 1199 54 30 as
859 1189 152 40 thesis
1046 1189 108 47 (PH.
1212 1187 35 48 D.)
1285 1187 249 42 Columbia
1562 1187 285 48 university.

453 1246 375 48 Bibliography:
858 1257 42 37 p.
930 1245 157 41 83-84.

386 1314 51 52 ©
471 1318 101 40 Oct.
604 1318 70 40 20.
707 1317 112 40 1932;
882 1318 64 39 2c.
982 1318 116 40 Nov.
1133 1317 80 47 19;
1248 1317 81 39 aff.
1363 1318 118 39 Nov.
1514 1317 81 46 25;
1633 1318 39 38 A
1706 1317 168 47 58070;
1911 1316 239 41 Teachers
2184 1316 191 47 college,

455 1375 247 39 Columbia
732 1375 127 39 univ.
931 1374 278 47 (32-34815)

383 1479 357 67 Bloomfield,
769 1480 74 51 N.
870 1479 54 54 J.
999 1480 147 52 Free
1175 1478 193 66 public
1395 1478 244 66 library.

454 1555 356 68 Bloomfield,
848 1558 138 52 New
1024 1558 218 67 Jersey,
1279 1557 188 53 edited
1504 1556 75 69 by
1616 1558 95 51 the
1749 1558 141 52 Free
1928 1556 190 68 public
2157 1556 217 67 library

384 1636 63 51 of
483 1634 355 67 Bloomfield,
873 1636 181 52 under
1088 1636 95 51 the
1217 1635 253 67 auspices
1507 1634 63 53 of
1606 1636 95 52 the
1737 1635 142 52 local
1918 1634 220 68 George
383 1634 1967 146 Washington

616 1711 379 54 bicentennial
1030 1713 333 54 committee.
1439 1713 355 67 Bloomfield,
1828 1713 120 53 The
1982 1713 395 67 Independent

385 1808 173 50 press,
589 1795 149 50 1932.

457 1863 86 40 110
577 1873 41 37 p.
679 1863 135 40 front.
856 1863 172 48 (port.)
1071 1865 170 47 plates.
1302 1863 146 41 23½ᶜᵐ.

457 1920 375 48 Bibliography:
868 1932 44 38 p.
946 1920 216 41 104-105.

392 1987 51 52 ©
470 1993 117 39 Nov.
615 1993 67 40 25.
711 1991 111 40 1932;
878 1993 65 39 2c.
973 1993 115 39 Nov.
1117 1993 54 37 22;
1228 1992 83 41 aff.
1338 1992 116 39 Nov.
1483 1992 58 39 30;
1595 1992 40 38 A
1661 1991 142 40 58191;
1863 1993 118 39 Free
2008 1991 160 48 public
2198 1991 181 46 library

462 2050 49 37 of
542 2049 295 47 Bloomfield,
868 2049 54 38 N.
955 2050 42 38 J.,
1044 2049 293 44 Bloomfield,
1370 2050 54 38 N.
1457 2049 43 39 J.
1571 2048 278 48 (32-34825)

390 2152 182 65 Bond,
602 2150 325 55 Richmond
957 2152 189 64 Pugh.

461 2227 245 68 English
731 2228 296 68 burlesque
1056 2235 218 61 poetry,
1304 2228 324 67 1700-1750,
1654 2228 75 68 by
1756 2227 320 54 Richmond
2105 2229 64 52 P.
2200 2229 182 52 Bond.

392 2304 362 69 Cambridge,
782 2306 274 53 Harvard
1087 2306 319 68 university
1435 2324 174 50 press,
1642 2309 148 50 1932.

461 2377 1921 51 xi p., 2 l., [3]-483 p. 21½ᶜᵐ. (Half-title: Harvard studies in English,
389 2436 90 39 vol.
510 2435 75 48 vi)

463 2491 251 48 “Register
749 2493 51 39 of
834 2492 257 47 burlesque
1121 2500 164 39 poems
1322 2490 350 50 [1700-1750]”:
1708 2502 43 38 p.
1791 2490 245 51 [233]-453.

461 2547 376 49 Bibliography:
870 2559 43 37 p.
961 2547 236 50 [457]-460.

397 2613 51 52 ©
477 2619 110 39 Dec.
613 2619 39 39 2.
680 2617 113 40 1932;
849 2619 66 39 2c.
944 2619 110 39 Dec.
1082 2619 50 43 8;
1163 2618 81 41 aff.
1274 2619 109 38 Dec.
1413 2619 80 44 10;
1524 2618 40 38 A
1591 2617 169 46 58312;
1791 2617 254 41 President
2073 2621 95 38 and
2195 2618 190 39 fellows

465 2675 51 38 of
545 2676 228 38 Harvard
804 2676 191 46 college.
1028 2674 299 47 Cambridge,
1360 2676 145 39 Mass.
1576 2674 278 48 (32-34919)

396 2775 160 54 Book
588 2777 63 53 of
682 2795 257 34 common
969 2777 277 68 worship;
1281 2778 95 52 for
1405 2795 97 35 use
1531 2777 60 53 in
1622 2778 95 53 the
1749 2779 214 51 several
1996 2778 386 54 communions

466 2854 65 54 of
564 2856 98 52 the
695 2856 209 52 church
939 2855 65 53 of
1039 2855 213 68 Christ,
1284 2855 298 68 including
1615 2856 95 53 the
1744 2856 225 52 Psalter
2004 2857 112 52 and
2153 2872 233 54 prayers

468 2932 94 53 for
599 2952 95 34 use
731 2933 61 52 in
829 2933 255 67 colleges,
1121 2933 95 53 the
1257 2932 224 67 family,
1519 2934 112 52 and
1671 2933 94 53 for
1803 2934 260 67 personal
2104 2933 281 53 devotion.

468 3011 137 52 New
634 3011 180 67 York,
840 3011 67 53 E.
935 3012 65 51 P.
1028 3011 223 52 Dutton
1278 3012 46 51 &
1351 3028 98 50 co.,
1477 3011 124 67 inc.,
1630 3013 149 50 1932.

501 3114 9 16 x,
535 3084 85 40 341
644 3095 41 37 p.
777 3083 116 42 18½ᶜᵐ.

469 3140 258 39 Foreword
755 3140 194 47 signed:
979 3140 189 39 Wilbur
1198 3140 50 40 P.
1279 3138 265 48 Thirkield,
1575 3138 161 42 Oliver
1767 3139 202 47 Huckel,
1999 3138 196 42 editors.

404 3205 50 52 ©
481 3210 117 39 Nov.
625 3210 68 46 21,
723 3209 138 42 1932;
892 3209 65 40 2c.
987 3211 94 38 and
1110 3209 81 41 aff.
1220 3210 115 38 Nov.
1364 3209 55 40 23;
1478 3209 38 38 A
1546 3207 168 47 58057;
1748 3211 50 38 E.
1829 3210 50 40 P.
1908 3210 185 39 Dutton
2122 3209 35 40 &
2185 3219 81 32 co..
2296 3208 90 40 inc.

481 3265 278 48 (32-34916)

400 3368 244 65 Bowles,
676 3369 232 53 Gordon
937 3370 344 54 Townsend.

472 3443 139 53 New
654 3450 163 62 types
862 3445 63 53 of
969 3447 95 52 old
1108 3446 332 53 Americans
1486 3453 58 47 at
1589 3447 270 53 Harvard
1905 3446 111 53 and
2063 3451 58 47 at
2164 3451 219 47 eastern

406 3521 258 53 women’s
698 3522 254 67 colleges,
985 3523 75 66 by
1095 3522 234 55 Gordon
1364 3524 316 52 Townsend
1717 3524 237 51 Bowles.
2024 3521 362 67 Cambridge,

406 3596 188 68 Mass.,
623 3598 272 54 Harvard
925 3599 317 68 university
1274 3618 173 49 press,
1483 3603 150 49 1932.

479 3669 978 51 xiv p., 3 l., [3]-144 p. diagrs. 25ᶜᵐ.
481 3724 127 41 “The
639 3725 208 49 changes
877 3726 49 39 in
956 3725 219 49 physical
1202 3729 381 39 measurements
1612 3729 96 38 and
1738 3727 307 48 proportions
2077 3727 49 39 in
2158 3728 80 39 the
410 3727 1961 94 families
547 3781 51 41 of
627 3782 78 40 old
731 3782 431 50 Americans.”—p.
1207 3783 41 49 [3]

481 3836 374 50 Bibliography:
885 3849 43 38 p.
962 3837 245 51 [143]-144.

410 3902 50 52 ©
488 3908 115 39 Nov.
628 3908 68 42 22,
723 3908 111 40 1932;
890 3909 65 39 2c.
984 3910 114 39 Nov.
1126 3909 82 47 25;
1237 3909 81 41 aff.
1344 3911 117 38 Nov.
1488 3910 55 40 28;
1598 3910 40 38 A
1666 3910 141 40 58130;
1865 3909 251 41 President
2143 3910 35 39 &
2203 3909 187 39 fellows

478 3963 51 39 of
557 3966 227 38 Harvard
816 3964 189 49 college,
1038 3965 298 48 Cambridge,
1369 3967 144 39 Mass.
1585 3966 277 47 (32-34802)
