2563 4368
1087 4139 136 57 1897

169 523 187 65 Allen,
385 524 145 53 Paul
557 522 272 65 William,
860 528 170 50 1883-

238 599 1916 68 Microbiology laboratory manual, by Paul W. Allen … and
168 675 1962 146 George M. Cameron … Knoxville, Tenn., The Bookmill company, 1932.
240 824 1024 51 331 p. incl. illus., port. fold. tab. 23½ ᶜᵐ.
243 882 347 50 Bibliography
614 885 52 38 at
692 884 92 39 end
810 883 52 40 of
887 883 119 40 each
1030 882 201 49 project.

171 937 52 52 ©
255 942 117 39 Nov.
405 942 68 45 15,
506 940 140 46 1932;
680 939 67 41 2c.
780 940 112 40 Dec.
923 939 82 44 16;
1040 931 82 48 aff.
1156 940 112 39 Dec.
1300 939 82 47 15;
1418 939 43 39 A
1492 939 169 46 57528;
1699 940 50 38 P.
1782 940 70 39 W.
1887 940 140 39 Allen
2061 943 96 38 and

241 998 182 48 George
452 996 182 41 Martin
665 997 247 46 Cameron,
944 996 272 47 Knoxville,
1248 996 147 39 Tenn.
1465 996 220 47 (33-470)

169 1101 279 64 Bartlett,
475 1101 232 53 Arthur
737 1102 60 54 C.

237 1180 125 66 Pal,
388 1179 96 53 the
511 1182 157 64 story
693 1177 64 54 of
784 1196 29 33 a
842 1178 112 67 dog
983 1178 126 52 who
1135 1177 153 53 lived
1316 1196 77 49 up
1422 1183 57 47 to
1506 1177 90 54 his
1623 1196 182 49 name,
1830 1177 76 69 by
1933 1178 226 53 Arthur

169 1256 61 56 C.
262 1258 277 66 Bartlett;
570 1256 324 53 illustrated
921 1256 75 67 by
1023 1255 226 53 Harold
1279 1254 133 55 Cue.
1487 1257 234 66 Boston,
1745 1255 92 55 W.
1868 1256 70 53 A.
1967 1256 191 54 Wilde

166 1336 503 66 company [ ᶜ1 932]
234 1407 482 50 301 p. front. 20 ᶜᵐ.
172 1461 52 52 ©
253 1465 126 47 Sept.
407 1465 39 47 5,
473 1464 112 40 1932;
642 1465 66 38 2c.
735 1464 111 39 Dec.
874 1463 55 40 30;
987 1462 80 41 aff.
1095 1463 113 40 Dec.
1233 1464 57 39 28;
1347 1464 40 38 A
1414 1462 145 41 57646;
1614 1464 71 39 W.
1713 1463 53 40 A.
1795 1462 157 41 Wilde
1980 1475 66 28 co.

249 1520 218 49 (33-491)

170 1626 193 64 Clark,
392 1626 202 53 James
623 1626 340 62 Montague.

238 1703 286 54 Cheaters’
568 1702 155 53 clubs
772 1701 92 68 [by]
932 1701 193 55 James
1168 1701 312 68 Montague
1527 1700 193 55 Clark.
1793 1702 138 53 New
1977 1701 179 69 York,

163 1781 89 53 W.
283 1779 263 68 Godwin,
573 1780 127 67 inc.,
730 1782 151 51 1932.

231 1852 370 51 247, [1] p. 19 ᶜᵐ.
170 1906 52 52 ©
256 1910 101 41 Oct.
390 1910 70 45 24,
493 1909 141 42 1932;
669 1909 67 40 2c.
772 1908 102 41 Oct.
908 1908 82 46 28;
1027 1907 82 40 aff.
1144 1908 103 41 Oct.
1281 1908 81 46 26;
1399 1908 41 38 A
1475 1908 170 47 56780;
1683 1910 174 46 Myron
1890 1909 61 40 H.
1986 1909 170 40 Lewis.

236 1967 134 47 Long
391 1966 176 48 Beach,
591 1966 50 40 L.
708 1997 9 16 I.,
741 1966 54 38 N.
821 1966 53 39 Y.
947 1964 220 48 (33-487)

167 2072 169 62 Cory,
366 2070 190 52 David
586 2071 264 53 Munroe.

235 2147 246 53 Faustus
524 2147 253 67 Socinus,
816 2147 76 68 by
931 2147 193 53 David
1164 2148 242 51 Munroe
1448 2147 168 68 Cory,
1744 2190 9 9 TH.
1835 2190 10 9 D.
1921 2149 234 64 Boston,

163 2225 190 66 Mass.,
381 2225 120 52 The
530 2226 224 51 Beacon
781 2243 174 49 press,
983 2225 125 66 inc.,
1136 2227 150 50 1932.

235 2295 1319 50 ix p., 1 l., 155 p. front. (port.) plates, map. 21½ ᶜᵐ.
235 2354 346 48 Bibliography;
642 2364 42 38 p.
715 2353 215 41 153-155.

170 2409 50 51 ©
249 2413 111 40 Dec.
387 2413 39 46 1,
455 2412 113 40 1932;
625 2413 67 39 2c.
721 2413 94 37 and
843 2410 80 40 aff.
954 2412 111 39 Dec.
1093 2411 27 39 6;
1176 2411 40 38 A
1245 2411 141 40 58253;
1446 2412 189 38 Beacon
1665 2421 148 38 press,
1843 2413 89 39 inc.

246 2469 219 48 (33-585)

166 2558 195 64 Dawe,
392 2559 224 63 George
647 2559 351 63 Grosvenor,
1032 2563 170 48 1863-

239 2635 200 53 Melvil
489 2636 227 66 Dewey,
765 2654 147 34 seer:
962 2634 276 67 inspirer:
1289 2635 151 65 doer,
1492 2638 337 63 1851-1931;
1881 2636 273 67 biografic

170 2713 368 68 compilation
574 2713 76 66 by
687 2712 322 54 Grosvenor
1047 2712 191 52 Dawe.
1313 2712 247 65 Library
1597 2711 85 59 ed.
1758 2713 153 53 Lake
1950 2714 203 53 Placid

170 2789 165 67 Club,
368 2790 70 52 N.
472 2790 91 66 Y.,
594 2789 200 53 Melvil
828 2790 210 65 Dewey
1070 2787 288 68 biografy,
1393 2792 150 49 1932.

240 2860 1415 50 4 p. l. , 391 p. plates, ports., fold. map, facsims. 24 ᶜᵐ.
242 2919 67 37 “A
333 2918 335 49 bibliography
694 2918 51 40 of
768 2918 166 40 Melvil
959 2916 191 48 Dewey,
1177 2917 61 47 by
1261 2917 251 49 Margaret
1537 2918 130 40 Zenk
1693 2919 95 39 and
1814 2920 134 48 Roby
1977 2919 146 43 Bair”:

168 2989 43 37 p.
239 2976 216 41 367-384.

171 3032 51 51 ©
251 3036 111 38 Dec.
390 3033 69 46 23,
488 3031 113 41 1932;
659 3031 67 41 2c.
756 3032 94 38 and
880 3030 82 40 aff.
992 3031 112 39 Dec.
1132 3029 55 40 27;
1246 3030 41 38 A
1316 3030 142 40 58553;
1603 3032 191 48 Dewey,
1825 3033 131 40 Lake
1987 3035 167 39 Placid

239 3091 133 40 Club.
400 3091 56 38 N.
483 3090 53 40 Y.
606 3088 220 48 (33-474)

167 3181 85 51 De
282 3180 325 63 Hospodar,
639 3176 278 64 Stephen,
951 3182 169 48 1902-

237 3257 180 52 Block
444 3256 186 67 prints
655 3256 74 66 by
760 3254 250 66 Stephen
1039 3255 69 51 de
1134 3255 336 66 Hospodar;
1504 3255 283 55 foreword
1816 3258 74 67 by
1919 3260 233 52 Everett

168 3336 223 54 Carroll
420 3333 283 53 Maxwell.
778 3333 112 52 Los
914 3331 265 68 Angeles,
1207 3332 156 55 Priv.
1395 3332 150 68 pub.,
1577 3337 147 50 1932.

235 3406 403 48 5 1. 16 pl. 31½ ᶜᵐ.
236 3465 200 40 Printed
468 3474 59 29 on
560 3463 172 40 double
763 3463 175 42 leaves.

239 3517 1913 53 “This edition … printed from the original blocks at the press of M.
167 3574 1985 53 Langdon Pierce, of Pasadena … is limited to 250 signed copies.” This
165 3647 120 38 copy
310 3638 84 38 not
421 3634 181 49 signed.

170 3691 52 51 ©
257 3695 115 46 July
404 3694 70 45 11,
508 3691 140 45 1932;
684 3690 66 39 2c.
786 3691 96 37 and
915 3688 80 39 aff.
1032 3689 111 39 Dec.
1178 3688 81 46 12;
1298 3690 40 37 A
1372 3689 169 46 57433;
1582 3690 43 40 S.
1663 3692 57 38 de
1754 3693 270 47 Hospodar,
2061 3695 92 41 Los

279 3750 176 47 Angeles.
525 3745 219 50 (33-570)

166 3838 210 65 Dixon,
404 3836 235 57 Samuel
664 3837 289 62 Houston,
983 3840 168 49 1855-

234 3917 121 52 The
396 3916 194 51 heroes
632 3912 64 53 of
740 3911 116 55 San
898 3910 247 67 Jacinto,
1185 3910 75 68 by
1303 3909 137 55 Sam
1481 3911 265 55 Houston
1787 3910 211 75 Dixon,
2040 3919 113 52 and

165 3987 1991 77 Louis Wiltz Kemp … Houston, Tex., The Anson Jones press,
167 4074 149 50 1932.
