2563 4368
1436 4009 101 51 228

485 428 237 64 Batkin,
754 428 163 54 Alice
948 428 58 55 S.

618 503 1855 71 … The card guides. [1] Italian cities. Florence, Milan,
487 582 1989 68 Naples, Rome, Venice … London, Elkin Matthews & Marrot
494 664 192 64 [ ᶜ19 32 ]
575 734 498 48 [63] cards. 10×15 ᶜᵐ.
556 804 127 40 Title
712 804 128 39 from
871 814 154 29 cover.

560 862 84 37 “In
674 860 260 48 portfolio."

495 928 1987 54 © 1c. Mar. 14, 1932; A ad int. 16183; pubd. Jan. 15; A. S. Botkin, New
560 988 144 40 York.

483 1118 306 67 Brisbane,
819 1120 249 65 Arthur,
1101 1125 169 50 1864-

558 1196 136 55 Was
735 1198 139 53 Mrs.
917 1196 173 70 Eddy
1130 1219 69 33 zu
1241 1196 225 56 Arthur
1509 1197 277 55 Brisbane
1827 1204 184 63 sagte;
2056 1199 91 54 die
2187 1201 294 53 berühmte

528 1276 349 67 unterredung
908 1277 96 52 des
1037 1277 387 53 bedeutenden
1485 1277 399 54 schriftstellers
1919 1277 105 52 mit
2056 1281 100 51 der
490 1280 1968 127 entdeckerin
617 1357 116 51 und

770 1351 1712 71 gründerin der Christlichen wissenschaft … Boston,
489 1430 189 67 Mass.,
712 1432 122 52 The
866 1430 294 54 Christian
1193 1428 213 56 science
1437 1430 334 70 publishing
1803 1432 227 67 society,
2065 1436 148 50 1931.

562 1502 1402 50 63 p. incl. front., illus. (facsim.) plates, ports. 19 ¼ ᶜᵐ.
563 1574 133 41 First
733 1574 255 49 published
1023 1575 50 39 in
1110 1575 82 39 the
1228 1574 359 48 Cosmopolitan
1621 1574 251 48 magazine
1909 1575 49 39 in
1993 1574 203 49 August,
2233 1574 128 42 1907.
2421 1576 61 48 cf.

492 1632 294 47 Einleitung.

840 1701 1645 50 CONTENTS. — Einleitung, von Rufus Steele. — Eine Unterredung mit
494 1761 113 39 Mrs.
639 1760 151 47 Eddy,
818 1771 92 28 von
938 1760 185 40 Arthur
1152 1760 251 40 Brisbane.

499 1828 50 51 ©
584 1832 109 38 Dec.
727 1831 68 48 30,
829 1831 139 42 1931;
1002 1832 66 38 2c.
1101 1833 95 38 and
1230 1831 82 40 aff.
1346 1831 108 40 Jan.
1489 1831 38 42 2,
1562 1830 139 45 1932;
1740 1831 33 38 A
1810 1831 170 45 46714;
2019 1830 249 41 Christian
2303 1830 184 41 science

565 1888 108 48 pub.
708 1888 192 47 society.
973 1888 249 47 (32-5567)

489 2004 253 65 Britton,
772 2006 153 62 Nan,
958 2011 170 49 1896-

494 2080 1965 135 Honesty or politics, by Nan Britton … New York, Elizabeth Ann
814 2161 180 66 guild,
1025 2163 126 64 inc.,
1182 2166 148 49 1932.

564 2231 1248 49 xix p., 2 l., 3-374 p. front., plates, ports. 23½ᶜᵐ.
500 2300 1988 51 © Feb. 24, 1932; 2c. and aff. Feb. 25; A 47846; N. P . Britton, New
568 2361 238 46 Rochelle,
840 2362 55 38 N.
929 2362 51 37 Y.
1052 2361 249 47 (32-5464)

489 2477 242 65 Brooks,
760 2478 205 53 James
990 2477 273 66 William,
1294 2480 172 53 1867-

567 2548 1919 73 George Washington’s travels, by James W. Brooks … in
497 2631 358 67 cooperation
897 2629 139 53 with
1076 2631 95 52 the
1209 2631 217 54 United
1466 2630 187 54 States
1693 2628 353 55 commission
2090 2627 93 53 for
2220 2627 95 52 the
498 2627 1967 133 celebration

768 2707 62 52 of
877 2707 95 54 the
1021 2715 111 47 two
1179 2706 324 53 hundredth
1554 2707 368 66 anniversary
1970 2705 62 53 of
2080 2705 96 53 the
2222 2703 155 55 birth
2425 2703 62 53 of

496 2782 219 70 George
753 2784 408 67 Washington;
1202 2783 376 54 illustrations
1616 2783 74 68 by
1733 2781 205 56 Calvin
1978 2782 213 65 Fader;
2233 2780 252 54 research

496 2858 72 70 by
602 2859 162 55 Nelle
794 2860 68 54 V.
899 2859 264 56 Oesterle.
1232 2859 396 70 Washington,
1663 2860 68 52 D.
1770 2859 80 68 C.,
1882 2856 304 57 American
2217 2856 269 69 highway

494 2937 830 69 educational bureau [ ᶜ19 32 ]
565 3007 514 50 64 p. illus. 28 ½ᶜᵐ .
566 3077 1919 51 Lettered on cover: … An all-picture story of his journeyings by mount
495 3135 96 39 and
619 3136 147 39 coach
795 3135 50 39 in
872 3134 240 49 founding
1141 3137 82 39 the
1252 3135 257 41 American
1538 3135 228 48 republic.

566 3192 226 40 Includes
830 3193 217 39 extracts
1087 3192 126 40 from
1254 3190 361 50 Washington’s
1656 3190 195 42 diaries.

503 3260 50 51 ©
590 3265 110 39 Feb.
736 3264 68 45 10,
840 3263 139 47 1932;
1015 3264 65 40 2c.
1118 3266 94 38 and
1248 3263 80 41 aff.
1366 3263 108 39 Feb.
1512 3262 80 47 10;
1629 3263 41 38 A
1703 3258 170 51 48696;
1912 3262 42 39 J.
1989 3261 70 40 W.
2097 3261 199 48 Brooks,
2335 3259 157 42 Silver

573 3320 186 48 Spring,
789 3322 94 38 Md.
955 3320 249 49 (32-5356)

501 3434 374 65 Callaghan’s
925 3438 322 53 Wisconsin
1299 3437 203 69 digest,
1555 3435 266 69 covering
1876 3439 97 49 199
2023 3435 464 55 Wisconsin-204

567 3513 322 54 Wisconsin
946 3516 111 51 and
1115 3519 100 49 226
1273 3516 429 51 Northwestern
1760 3517 239 49 801-238
2056 3513 428 53 Northwestern

569 3591 117 52 472.
764 3595 134 49 1932
947 3594 361 67 supplement
1360 3593 337 67 continuing
1750 3591 364 68 Callaghan’s
2162 3590 322 57 Wisconsin

570 3668 199 67 digest.
847 3669 212 53 Edited
1119 3671 74 66 by
1255 3671 348 51 Publishers’
1665 3670 266 52 editorial
1990 3667 149 54 staff.
2215 3669 270 68 Chicago,

572 3744 319 68 Callaghan
922 3748 112 51 and
1064 3766 295 49 company,
1391 3750 148 50 1932.

567 3818 479 49 2 p. l., 252 p. 26 ᶜᵐ.
503 3883 50 51 ©
586 3889 120 38 Mar.
738 3887 40 49 9,
808 3887 112 42 1932;
980 3891 66 39 2c.
1078 3892 95 39 and
1205 3890 81 40 aff.
1317 3892 120 38 Mar.
1469 3892 53 37 11;
1584 3891 40 38 A
1654 3889 143 41 49087;
1860 3889 269 45 Callaghan
2160 3890 37 39 &
2227 3900 66 30 co.
