2563 4368
1414 4112 100 50 948

461 487 273 64 Roberts,
766 487 245 55 Colette.

529 563 259 53 Millions
828 562 94 53 for
959 564 143 66 love,
1139 563 75 67 by
1256 561 218 55 Colette
1512 562 258 52 Roberts.
1845 561 137 52 New
2022 558 179 71 York,
2241 559 215 71 Covici,

461 641 435 68 Friede [ ᶜ19 32 ]
531 712 615 51 3 p. l., 3-312 p. 19½ᶜᵐ.
468 781 51 52 ©
545 786 126 39 June
694 785 69 48 13,
790 783 112 41 1932;
957 783 66 42 2c.
1051 784 128 39 June
1201 783 82 46 28;
1312 782 81 41 aff.
1422 783 124 39 June
1571 782 82 48 25;
1682 783 41 38 A
1748 782 142 41 52835;
1948 782 175 47 Covici,
2153 781 186 48 Friede,
2365 780 92 40 inc.

545 842 279 48 (32-16436)

466 952 240 68 [Rodda,
736 951 265 68 Charles]
1036 955 171 51 1891-

531 1030 123 53 Red
692 1030 175 67 eagle,
903 1029 75 68 by
1016 1027 192 55 Gavin
1244 1028 144 53 Holt
1432 1027 212 68 [pseud.]
1747 1027 275 68 [London]
2066 1024 241 55 Hodder
2345 1025 112 54 and

463 1106 326 70 Stoughton
827 1109 173 64 [1932]

531 1181 88 40 252
646 1191 44 39 p.
748 1180 118 42 22ᶜᵐ.

468 1248 1992 53 © 1c. June 17, 1932; A ad int. 16543; pubd. Apr. 21; C. Rodda, Leaden
538 1309 201 49 Roding,
772 1319 69 31 nr.
874 1309 231 46 Dumnor,
1139 1309 164 46 Essex,
1338 1307 236 48 England.
1644 1306 280 50 (32-16674)

462 1414 86 55 St.
579 1413 175 65 Clair,
783 1412 248 54 Mabelle
1057 1411 264 57 Halleck.

468 1486 1967 136 More about Max, by Mabelle Halleck St. Clair … illustrated
694 1569 76 67 by
810 1569 110 52 Lee
960 1568 334 53 Townsend.
1371 1568 138 52 New
1552 1567 181 67 York,
1774 1567 309 66 Harcourt,
2126 1566 179 52 Brace
2348 1564 112 53 and

464 1650 510 66 company [ ᶜ19 32]
537 1719 1324 51 5 p. l., 3-149 p. incl. plates, illus. front. 19½ᶜᵐ.
538 1780 288 40 Illustrated
855 1778 362 49 lining-papers.

469 1845 51 52 ©
549 1850 129 40 June
704 1850 67 47 16,
800 1848 112 41 1932;
968 1848 69 41 2c.
1066 1850 96 39 and
1188 1848 82 41 aff.
1302 1849 127 39 June
1454 1847 82 48 29;
1567 1848 41 39 A
1636 1847 142 41 52813;
1839 1848 259 46 Harcourt,
2129 1847 155 39 Brace
2311 1846 36 39 &
2376 1854 81 35 co.,

537 1907 89 40 inc.
698 1905 280 49 (32-16549)

463 2010 270 65 Scanlan,
762 2010 165 53 Nelle
956 2010 80 56 M.

531 2081 1928 69 Pencarrow, by Nelle M. Scanlan … London, Jarrolds
468 2168 172 63 [1932]

533 2237 88 41 320
644 2248 45 38 p.
748 2236 147 43 19½ᶜᵐ.

471 2302 1986 54 © 1c. June 11, 1932; A ad int. 16519; pubd. Apr. 15; N. M. Scanlan,
537 2365 210 40 London.
819 2364 279 49 (32-16677)

470 2466 253 68 [Scharf,
752 2467 196 66 Emily
977 2467 184 69 Ellen]
1197 2473 171 50 1884-

537 2546 246 53 Famous
829 2547 198 52 saddle
1071 2546 221 66 horses;
1340 2545 201 53 stories
1588 2545 174 52 about
1805 2544 96 52 the
1944 2547 151 49 most
2137 2542 320 70 important

467 2625 189 53 horses
683 2624 63 52 in
770 2624 95 53 the
892 2626 158 66 early
1076 2626 138 66 days
1243 2624 64 53 of
1331 2624 96 53 the
1453 2623 308 55 American
1786 2622 196 54 saddle
2007 2622 182 64 horse,
2215 2620 240 55 selected

469 2701 152 54 from
656 2703 97 52 the
789 2700 119 57 files
944 2703 64 53 of
1042 2703 97 53 the
1175 2704 265 52 Farmers
1478 2702 164 53 home
1677 2701 247 69 journal,
1960 2699 300 71 including
2295 2701 162 53 short

467 2780 254 54 sketches
758 2781 63 53 of
855 2781 96 53 the
987 2780 190 69 origin
1212 2781 63 54 of
1308 2781 96 52 the
1439 2781 307 53 American
1779 2780 197 53 saddle
2007 2778 168 55 horse
2211 2781 112 51 and
2358 2778 97 55 the

465 2859 250 68 original
758 2864 293 48 seventeen
1094 2858 346 53 foundation
1481 2858 155 68 sires,
1680 2860 116 51 also
1837 2858 199 54 stories
2080 2858 172 54 about
2293 2858 163 54 other

467 2937 259 53 stallions
780 2938 113 52 and
945 2956 181 34 mares
1179 2937 205 69 highly
1435 2937 275 54 esteemed
1762 2937 96 53 for
1909 2938 96 52 the
2057 2937 211 53 service
2320 2938 136 69 they

470 3016 272 52 rendered
785 3016 62 52 in
888 3016 95 52 the
1027 3016 396 68 development
1466 3016 63 52 of
1570 3016 96 54 the
1710 3016 197 54 saddle
1948 3016 164 54 horse
2156 3016 64 53 of
2262 3018 191 68 today.

470 3091 1986 71 Compiled by Susanne [ pseud.] A reference book for breeder
468 3173 112 51 and
621 3170 300 55 exhibitor.
996 3172 338 53 Illustrated
1371 3172 76 68 by
1488 3175 64 49 93
1593 3172 410 54 authoritative
2042 3173 412 70 photographs.

466 3249 330 68 Louisville,
826 3251 130 66 Ky.,
986 3250 120 53 The
1135 3252 263 51 Farmers
1428 3251 164 53 home
1621 3251 230 69 journal
1879 3270 297 50 company.
2207 3254 150 55 1932.

540 3321 1511 52 xviii p., 1 l., 509 p. incl. front. (port.) plates, pl. 24ᶜᵐ.
474 3390 52 52 ©
555 3395 113 46 May
693 3394 70 47 26,
791 3392 139 48 1932;
960 3394 66 40 2c.
1056 3395 95 38 and
1179 3393 82 41 aff.
1290 3394 126 39 June
1444 3395 52 47 3;
1526 3395 41 38 A
1596 3394 168 48 52263;
1796 3396 52 38 E.
1879 3396 52 40 E.
1964 3395 188 48 Scharf,
2183 3393 273 43 Louisville.

552 3450 279 49 (32-16424)

468 3560 270 67 Skinner,
767 3563 218 52 Ernest
1014 3562 232 64 Brown,
1278 3565 170 52 1863-

539 3637 402 54 Introduction
990 3644 57 47 to
1096 3638 415 70 trigonometry
1560 3642 112 51 and
1724 3639 249 69 analytic
2026 3646 305 62 geometry,
2380 3641 76 67 by

471 3715 1960 144 Ernest Brown Skinner … New York, The Macmillan company,
672 3796 149 50 1932.

542 3863 64 49 xi,
647 3864 86 40 189
771 3875 42 36 p.
875 3864 177 46 diagrs.
1113 3861 144 43 19½ᶜᵐ.
1321 3864 54 48 [A
1415 3863 149 41 series
1605 3865 50 39 of
1694 3865 363 39 mathematical
2098 3865 142 47 texts,
2282 3867 71 38 ed.
2393 3866 62 48 by

472 3921 53 41 E.
561 3921 55 41 R.
652 3920 230 50 Hedrick]

477 3987 51 51 ©
560 3993 125 38 June
717 3992 67 47 14,
817 3991 140 48 1932;
990 3992 67 41 2c.
1091 3994 95 38 and
1218 3992 80 40 aff.
1332 3993 125 38 June
1488 3994 80 45 15;
1604 3993 41 38 A
1674 3991 170 48 52598;
1880 3994 48 38 Macmillan
2192 4004 63 28 co.

554 4048 277 48 (32-16323)
