2563 4368
1251 4021 133 50 1144

364 492 219 42 Selected
612 491 130 39 from
774 489 85 40 the
888 484 264 44 1920-1930
1181 484 105 40 files
1321 483 52 41 of
1407 483 84 40 the
1522 480 262 42 Homiletic
1818 477 264 50 magazine,
2145 478 62 48 cf.
2244 477 41 39 A

290 550 144 41 letter
459 550 49 40 to
532 548 83 41 the
639 548 187 38 reader.

301 590 1986 64 © July 5, 1932; 2c. and aff. July 27; A 53280; Concordia pub. house.
377 659 279 51 (32-19935)

295 751 242 64 Groves,
566 748 163 54 Ruth
760 746 237 64 Dewey.

364 811 1923 80 The lonely bride, by Ruth Dewey Groves … New York,
296 896 1178 76 Chicago, A. L. Burt company [ ᶜ1 932 ]
369 975 24 37 1
421 985 44 38 p.
526 1005 10 18 l.,
561 972 88 42 316
674 982 46 38 p.
778 971 117 42 19ᶜᵐ.

304 1024 1684 58 © Aug. 5, 1932; 2c. and aff. Aug. 6; A 54331; A. L. Burt co.
380 1088 280 49 (32-20048)

298 1181 227 63 Hague.
602 1177 302 62 Academy
934 1175 64 53 of
1029 1172 424 56 international
1481 1171 130 57 law.

433 1246 1855 74 … Recueil des cours. t. 4, 1931. t. 38 de la collection.
299 1334 184 68 Paris,
512 1333 303 67 Hachette,
843 1333 150 54 1932.

373 1403 766 53 2 p. l., 813, [2] p. ports. 24 ½ᶜᵐ.
375 1458 1439 46 At head of title: Académie de droit international …
308 1511 1987 57 © June 30, 1932; 1c. Aug. 29; A—Foreign 17831; Librairie du Recueil
379 1576 149 47 Sirey,
558 1575 155 40 Paris.

309 1666 359 69 [Hoffmann,
700 1665 222 64 Briggs
951 1664 91 69 A.]

372 1737 1695 73 The audit-survey system … [St. Louis, Insurance
303 1737 1990 152 audit-survey corporation of America, ᶜ1 932]
374 1891 58 42 96
454 1901 43 38 p.
522 1891 108 41 incl.
655 1891 141 47 illus.,
822 1891 165 50 ports.,
1011 1889 194 48 diagrs.,
1231 1890 167 40 forms.
1449 1889 118 41 21ᶜᵐ.

378 1948 225 40 Lettered
630 1958 60 29 on
716 1956 166 31 cover:
913 1945 75 48 By
1015 1945 173 49 Briggs
1215 1946 54 39 A.
1297 1944 280 43 Hoffmann.

314 2001 51 54 ©
400 2007 116 47 July
547 2006 69 46 14,
650 2004 141 47 1932;
826 2004 65 41 2c.
927 2003 116 49 July
1076 2004 82 47 16;
1195 2003 80 39 aff.
1311 2004 116 47 July
1460 2003 83 47 25;
1580 2003 40 40 A
1654 2003 171 48 53262;
1862 2004 265 38 Insurance
2161 2001 141 41 audit

381 2071 175 39 survey
589 2060 305 51 corporation
925 2060 55 41 of
1009 2059 237 41 America.
1316 2059 279 49 (32-19629)

308 2152 289 65 Houston,
625 2151 306 64 Margaret
958 2150 143 56 Bell.

378 2222 1923 73 Hurdy-gurdy, a novel by Margaret Bell Houston … New
312 2303 179 63 York,
516 2303 259 62 London,
801 2303 72 52 D.
902 2302 294 63 Appleton
1225 2303 113 52 and
1365 2318 297 46 company,
1691 2304 151 51 1932.

379 2375 27 41 3
433 2385 43 38 p.
539 2407 9 16 l.,
575 2375 100 48 312,
709 2376 55 49 [1]
793 2384 45 39 p.
896 2374 147 42 19½ᶜᵐ.

317 2429 51 53 ©
393 2434 121 47 Aug.
538 2433 39 47 5,
603 2432 141 48 1932;
770 2433 68 40 2c.
863 2434 94 38 and
983 2432 82 41 aff.
1090 2433 120 47 Aug.
1236 2433 52 47 8;
1316 2433 42 39 A
1382 2433 171 47 53564;
1581 2433 64 41 Μ.
1671 2434 54 39 B.
1751 2433 237 47 Houston,
2015 2433 116 39 New
2156 2431 144 41 York.

395 2489 279 49 (32-20045)

312 2578 199 55 Idaho.
585 2578 186 66 Laws,
799 2583 257 62 statutes,
1084 2584 102 50 etc.

382 2655 185 53 Idaho
599 2655 152 67 code,
784 2658 152 65 1932,
967 2654 332 70 containing
1328 2655 96 54 the
1453 2655 229 69 general
1711 2656 137 54 laws
1879 2655 65 53 of
1973 2653 203 70 Idaho,

314 2673 1964 128 annotated,
605 2732 301 67 published
948 2732 75 69 by
1065 2732 294 69 authority
1401 2732 63 54 of
1504 2734 164 55 Laws
1715 2736 151 65 1931,
1908 2732 234 68 chapter
2184 2733 120 68 213,

314 2810 280 69 compiled
625 2810 76 66 by
732 2811 65 51 T.
830 2809 205 70 Bailey
1066 2810 129 68 Lee,
1224 2810 156 53 chief
1410 2808 221 71 justice,
1662 2810 65 55 C.
1760 2812 122 51 Ben
1915 2811 161 68 Ross,
316 2827 1965 129 governor,

460 2884 1782 72 Fred E. Lukens, secretary of state of the state of Idaho …
356 2962 1768 76 v. l. Indianapolis, The Bobbs-Merrill company [ ᶜ1 932]
387 3038 96 47 xiv,
513 3037 116 40 1658
656 3047 42 39 p.
757 3038 145 40 26½ᶜᵐ.

388 3094 226 40 Lettered
642 3104 60 29 on
729 3103 168 30 cover:
926 3093 184 42 Official
1137 3093 198 43 edition.

390 3149 289 19 “CONTENTS”
708 3160 60 29 on
794 3147 361 51 lining-papers.

325 3202 51 52 ©
409 3207 126 39 June
566 3206 70 47 25,
669 3205 139 48 1932;
842 3205 66 40 2c.
943 3205 115 50 July
1089 3206 83 48 25;
1207 3207 81 40 aff.
1323 3208 116 48 July
1470 3207 54 49 2;
1559 3210 40 38 A
1632 3208 171 48 53259;
1838 3209 367 41 Bobbs-Merrill
2239 3218 68 33 co.

401 3262 278 48 (32-19707)

320 3349 333 67 Kirkwood,
683 3347 228 56 Marion
943 3348 156 69 Rice,
1131 3351 172 55 1887-
1512 3354 84 53 ed.

393 3426 168 55 Cases
593 3444 72 35 on
696 3427 95 52 the
822 3428 109 51 law
962 3427 65 52 of
1058 3446 395 51 conveyances,
1481 3429 238 55 selected
1751 3431 113 53 and
1896 3433 306 52 annotated
2232 3429 76 70 by

322 3500 1774 78 Marion Rice Kirkwood … New York, Chicago [etc.]
322 3505 1963 129 Commerce
539 3581 253 67 clearing
827 3580 190 70 house,
1051 3582 125 67 inc.,
1214 3583 177 53 Loose
1428 3584 120 53 leaf
1583 3583 212 55 service
1829 3584 247 55 division
2113 3586 64 52 of
2211 3584 97 56 the

325 3656 1088 70 Corporation trust company, ᶜ1 932.
394 3726 1858 58 xiv, 767 p. illus. (maps) 25½ᶜᵐ. [CCH university casebook series]
396 3785 270 47 “Designed
696 3786 79 39 for
808 3797 85 29 use
924 3786 118 40 with
1074 3785 217 42 Fraser’s
1324 3787 147 41 Cases
1503 3799 60 30 on
1595 3789 463 49 property.”—Pref.

397 3840 176 41 “Table
607 3841 52 40 of
691 3852 135 30 cases
859 3844 95 37 and
989 3841 138 40 other
1160 3842 348 43 authorities”:
1543 3854 45 38 p.
1621 3844 178 40 ix-xiv.

333 3889 51 53 ©
421 3896 127 41 June
581 3896 71 50 20,
689 3897 140 48 1932;
868 3898 69 42 2c.
973 3899 95 38 and
1105 3898 81 40 aff.
1225 3899 115 48 July
1377 3899 82 49 25;
1498 3900 41 40 A
1576 3899 171 52 53277;
1788 3900 274 44 Commerce
2097 3902 215 50 clearing

401 3951 162 50 house,
594 3952 92 42 inc.
755 3952 277 50 (32-19708)
