2563 4368
1377 4047 98 50 848

425 511 1986 69 [Bearb. von F. Kermauner … L. Nürnberger …] München,
416 594 56 53 J.
501 592 65 51 F.
596 591 347 67 Bergmann,
973 593 148 50 1932.

492 662 887 50 xi, 1014 p. illus. (part col.) 28 ½ ᶜᵐ.
495 720 234 39 Contains
757 720 389 47 bibliographies.

425 772 1871 52 © Mar. 30, 1932; 1c. June 2; A—Foreign 17023; J. F. Bergmann.
421 865 149 65 Vial,
603 865 148 54 Jean
784 866 89 55 de.

550 941 1294 68 … Denis, roman. Paris, Fasquelle [ ᶜ1 932]
490 1013 581 51 3 p. l. , [9]-207 p. 19ᶜᵐ.
491 1069 753 51 “Bibliothèque-Charpentier.”

427 1131 1876 51 © Mar. 5, 1932; 1c. May 9; A—Foreign 16830; Fasquelle e diteurs.
504 1192 279 48 (32-14648)

427 1282 335 68 [Vulliamy,
794 1282 239 64 Colwyn
1063 1281 274 69 Edward]
1374 1286 172 51 1886-

492 1360 244 56 Clerical
776 1378 173 48 error,
991 1360 75 67 by
1106 1360 277 67 Anthony
1425 1359 160 53 Rolls
1651 1359 192 67 [pseud.]
1943 1361 234 66 Boston,
2219 1358 195 69 Little,

421 1440 227 65 Brown,
675 1441 113 51 and
815 1456 297 49 company,
1141 1441 151 50 1932.

491 1510 473 49 4 p. l. , 276 p. 19½ᶜᵐ.
428 1566 51 51 ©
510 1570 125 38 June
664 1569 39 46 3,
734 1568 140 46 1932;
905 1567 67 40 2c.
1002 1569 96 38 and
1128 1566 81 41 aff.
1241 1567 125 39 June
1397 1567 25 39 8;
1481 1567 41 39 A
1551 1566 170 48 52377;
1754 1567 162 48 Little,
1948 1568 191 47 Brown,
2171 1568 95 38 and
495 1577 1905 96 company.

708 1623 278 50 (32-14951)

421 1715 291 65 Webster,
741 1714 191 65 Noah,
965 1714 325 56 1758-1843.

490 1793 304 55 Webster’s
827 1812 123 33 new
986 1798 235 62 century
1254 1791 322 69 dictionary
1610 1792 63 53 of
1705 1793 95 52 the
1837 1790 245 70 English
2115 1792 300 68 language,

421 1870 111 54 self
573 1870 412 68 pronouncing.
1061 1872 185 51 Based
1286 1888 155 49 upon
1479 1871 95 52 the
1612 1870 146 53 solid
1800 1869 343 54 foundation
2182 1869 119 54 laid
2339 1870 76 67 by

422 1950 166 52 Noah
633 1948 276 67 Webster,
1025 1991 9 9 LL.
1119 1990 9 9 D.
1204 1948 140 53 This
1390 1947 323 69 dictionary
1757 1947 47 54 is
1849 1955 100 46 not
1992 1947 299 68 published
2338 1947 75 68 by

423 2028 95 51 the
561 2026 247 68 original
849 2024 320 69 publishers
1211 2024 64 54 of
1317 2025 303 56 Webster’s
1663 2024 339 69 dictionary,
2044 2044 62 34 or
2147 2025 74 69 by
2264 2025 150 54 their

423 2123 325 48 successors,
795 2104 102 52 but
942 2105 47 52 is
1036 2103 238 67 revised,
1320 2104 295 66 extended,
1660 2105 113 51 and
1820 2103 188 54 edited
2055 2110 58 46 to
2162 2105 129 51 date
2336 2103 76 69 by

425 2182 60 54 C.
519 2183 79 51 M.
638 2181 254 67 Stevens,
1013 2224 9 8 PH.
1096 2224 30 24 D.,
1159 2181 141 52 with
1332 2181 361 66 supplement
1727 2180 63 52 of
1826 2180 317 68 important
422 2181 1967 131 vocabularies

623 2260 113 51 and
769 2259 161 51 other
963 2258 211 68 special
1205 2256 393 54 information.
1675 2257 335 68 Completed
2044 2256 94 56 for
2171 2259 245 67 popular

424 2356 95 34 use
560 2356 59 34 as
664 2356 31 33 a
737 2336 335 53 convenient
1111 2335 286 53 reference
1435 2335 163 52 book.
1674 2335 137 53 New
1855 2335 180 68 York,
2078 2336 250 68 Cupples
2369 2340 46 51 &

424 2415 154 54 Leon
609 2432 297 49 company,
938 2417 148 50 1932.

495 2485 499 51 1 p. l. , 1082 p. 19ᶜᵐ.
434 2541 51 51 ©
515 2545 108 39 Jan.
653 2544 39 47 2,
723 2542 140 48 1932;
896 2542 67 42 2c.
992 2545 95 38 and
1117 2542 82 41 aff.
1230 2544 114 46 May
1372 2542 82 46 26;
1487 2543 40 37 A
1556 2542 170 47 52164;
1760 2541 207 50 Cupples
1998 2542 36 40 &
2063 2543 128 40 Leon
2220 2552 66 30 co.
2367 2539 52 53 [©

500 2611 106 29 new
633 2603 194 46 matter]
898 2599 280 49 (32-14637)

425 2689 335 64 Wethered,
791 2689 199 64 Joyce.

492 2766 123 52 The
644 2765 436 69 championship
1109 2768 32 52 I
1170 2765 242 69 enjoyed
1439 2770 164 49 most.

510 2840 82 47 (In
620 2835 202 43 London
850 2836 201 51 Sunday
1081 2849 219 39 express,
1330 2836 118 51 May
1481 2838 38 48 1,
1553 2837 142 49 1932)

435 2891 1984 55 © 1c. June 29, 1932; A ad int. 16583; pubd. May 1; J. Wethered, Witley,
504 2952 193 47 Surrey,
727 2953 236 46 England.

429 3039 324 66 Whitman,
782 3041 174 64 Walt,
987 3046 324 52 1819-1892.

496 3116 33 52 I
552 3116 76 53 sit
653 3118 113 51 and
792 3116 131 53 look
949 3123 97 46 out;
1105 3117 293 54 editorials
1426 3117 152 53 from
1604 3119 97 53 the
1729 3117 296 71 Brooklyn
2053 3118 158 70 daily
2238 3118 182 70 times,

429 3193 74 68 by
536 3193 162 54 Walt
730 3193 327 69 Whitman;
1096 3195 239 53 selected
1373 3196 114 53 and
1523 3195 190 54 edited
1748 3196 77 69 by
1861 3196 217 69 Emory
2113 3196 309 69 Holloway

452 3272 130 65 [and]
629 3271 314 54 Vernolian
988 3271 284 55 Schwarz.
1350 3272 140 54 New
1535 3272 181 69 York,
1760 3273 299 55 Columbia
2103 3273 316 70 university

427 3365 174 51 press,
631 3350 151 52 1932.

499 3419 84 49 xii,
610 3419 87 41 248
723 3431 59 37 p.,
810 3420 27 39 2
886 3451 9 9 l.
955 3421 135 41 front.
1133 3421 170 50 (port.)
1370 3421 57 42 23½ᶜᵐ.

503 3474 128 42 “One
663 3477 242 39 thousand
936 3477 160 47 copies
1124 3488 126 31 were
1278 3476 238 49 printed.”

436 3529 51 51 ©
513 3535 113 46 May
647 3534 69 46 31,
741 3533 113 40 1932;
905 3534 68 40 2c.
996 3536 96 38 and
1115 3535 83 40 aff.
1221 3536 128 39 June
1369 3537 24 38 1;
1445 3536 42 39 A
1510 3536 168 47 52248;
1706 3537 249 42 Columbia
1980 3536 268 49 university
2273 3546 147 38 press.

515 3588 278 48 (32-26701)

430 3678 195 64 Wren,
654 3678 266 53 Percival
951 3679 406 63 Christopher.

500 3752 238 54 Valiant
768 3755 146 52 dust.
995 3753 387 68 [Instalments
1413 3759 188 66 18-21]

515 3826 83 47 (In
624 3823 201 43 London
853 3824 146 51 Daily
1029 3824 130 52 mail,
1189 3825 119 52 Apr.
1341 3828 162 49 19-22,
1536 3829 143 49 1932)

439 3877 1953 61 © 1c. each June 17, 1932; A ad int. 16545; pubd. Apr. 19, 20, 21, 22;
507 3938 49 38 P.
586 3937 48 42 C.
662 3939 158 48 Wren,
849 3940 376 49 Bournemouth,
1255 3942 235 48 England.
