2563 4368
1224 4072 136 51 1180

297 448 353 57 Committee
679 465 72 37 on
780 445 296 58 economic
1103 446 321 56 sanctions.

364 527 272 67 Boycotts
666 526 112 53 and
807 542 167 51 peace;
1033 543 31 35 a
1091 529 196 64 report
1314 525 75 65 by
1413 524 97 53 the
1539 523 337 57 Committee
1904 541 71 34 on
2004 520 283 55 economic

294 596 1993 78 sanctions, Nicholas Murray Butler, chairman … edited by
295 674 1991 72 Evans Clark … New York and London, Harper & brothers,
297 760 152 51 1932.

436 827 797 53 xx p., 1 l., 381 p. diagrs. 22 ᶜᵐ .
370 886 162 41 “First
564 886 227 43 edition.”

372 941 146 43 “This
548 944 189 40 volume
770 943 42 40 is
843 942 256 50 published
1131 944 153 40 under
1317 943 81 40 the
1430 942 224 49 auspices
1686 942 50 41 of
1767 941 82 42 the

1881 941 274 42 Twentieth
301 949 1973 103 century
442 999 274 50 fund.”—p.
750 1000 65 50 [ii]

371 1056 100 43 The
505 1058 226 40 research
762 1054 211 50 findings
1006 1066 83 31 are
1121 1056 62 48 by
1216 1055 45 42 J.
1296 1056 54 41 B.
1384 1056 235 47 Whitton,
1654 1055 229 42 Miroslas
1917 1055 373 47 Gonsiorowski,

304 1114 50 41 E.
380 1113 50 42 C.
458 1113 160 48 Eckel,
647 1114 50 40 F.
726 1113 52 40 G.
804 1114 164 47 Tryon
995 1114 95 39 and
1118 1113 177 42 others.

372 1170 348 50 Bibliography:
779 1182 43 37 p.
850 1169 218 42 365-374.

650 1227 161 42 CONTENTS.—The
855 1225 316 42 committee’s
1217 1225 642 43 recommendations.—The
1907 1227 226 41 research
300 1223 1977 115 findings.

308 1339 51 52 ©
388 1342 116 48 July
533 1342 39 47 6,
601 1340 141 46 1932;
774 1341 66 40 2c.
871 1341 115 46 July
1016 1340 25 40 6;
1100 1338 81 42 aff.
1213 1340 116 47 July
1357 1339 52 47 8;
1441 1341 40 38 A
1511 1339 170 48 53014;
1714 1341 193 48 Harper
1937 1341 38 40 &
2002 1341 125 40 bros.

385 1398 280 49 (32-20495)

302 1499 175 66 Cook,
506 1499 226 56 Walter
759 1498 287 66 Wheeler,
1079 1499 172 56 1873-

374 1576 168 55 Cases
573 1575 112 53 and
714 1576 160 53 other
904 1574 334 57 authorities
1268 1593 71 34 on
1369 1575 206 68 equity.
1645 1573 122 55 One
1796 1574 221 54 volume
2047 1574 83 52 ed.

303 1570 1968 139 Selected
509 1652 153 54 from
690 1651 273 55 decisions
990 1651 64 54 of
1080 1651 245 70 English
1353 1653 114 54 and
1493 1652 303 57 American
1826 1659 187 47 courts

302 1649 1995 151 by Walter Wheeler Cook … 2d ed. … St. Paul, West publishing
303 1826 96 49 co.,
433 1810 149 50 1932.

371 1877 1922 55 xxi, 1222 p. 26 ᶜᵐ . (American casebook series, W. R. Vance, general
301 1934 183 49 editor)

311 1991 51 52 ©
390 1996 115 47 July
531 1996 38 47 7,
595 1995 113 40 1932;
763 1995 67 41 2c.
856 1996 119 47 Aug.
1002 1995 26 40 5;
1084 1994 82 41 aff.
1192 1995 119 49 Aug.
1337 1995 27 39 2;
1420 1997 40 38 A
1487 1995 144 41 53520;
1686 1997 134 41 West
1846 1998 108 47 pub.
1983 2009 66 30 co.

387 2051 278 48 (32-20200)

304 2155 240 64 Cooper,
571 2154 203 54 James
800 2152 327 68 Fenimore,
1157 2156 324 55 1789-1851.

372 2229 121 53 The
515 2230 128 53 lake
665 2249 136 50 gun,
824 2232 75 67 by
922 2232 194 53 James
1140 2231 300 55 Fenimore
1464 2232 251 68 Cooper;
1741 2231 139 54 with
1908 2251 70 35 an

301 2230 1967 132 introduction
458 2307 76 68 by
566 2307 216 55 Robert
814 2309 71 53 E.
921 2308 230 69 Spiller.
1219 2309 140 54 New
1395 2310 179 68 York,
1608 2310 242 53 Printed
1884 2311 76 67 by
1995 2311 67 52 F.
2097 2311 196 54 Peters

302 2381 95 54 for
421 2384 96 54 the
543 2384 311 70 publisher,
877 2386 90 54 W.
995 2386 67 54 F.
1087 2387 245 68 Payson,
1359 2390 152 51 1932.

374 2453 882 55 53, [1] p. incl. front., illus. 22 ᶜᵐ .
375 2513 127 42 Title
538 2514 214 49 vignette
797 2515 258 49 (portrait)

379 2569 146 41 “This
564 2569 198 48 edition,
803 2574 72 38 set
917 2582 59 29 on
1016 2572 81 41 the
1138 2572 214 50 linotype
1393 2573 50 40 in
1485 2573 303 44 Baskerville
1829 2577 126 47 type,
1997 2575 191 49 printed
2233 2588 60 29 on

307 2625 203 47 Worthy
537 2636 86 39 rag
645 2627 178 42 vellum
849 2636 148 41 paper
1023 2629 60 47 by
1106 2629 82 41 the
1215 2628 251 43 Stratford
1489 2640 138 39 press
1652 2631 49 39 in
1729 2630 113 44 New
1871 2632 143 47 York,
2039 2632 42 41 is
2106 2633 188 42 limited

307 2685 50 38 to
380 2683 88 40 450
491 2682 172 49 copies.
719 2684 119 41 This
864 2694 118 39 copy
1011 2685 43 40 is
1078 2686 201 40 number
1306 2685 99 42 21.”

378 2738 1494 47 “First issued in … the Parthenon … in 1850.”—Introd.
311 2792 51 53 ©
396 2797 126 41 June
554 2797 69 47 15,
657 2796 139 49 1932;
831 2797 67 41 2c.
933 2798 99 39 and
1062 2797 82 42 aff.
1178 2798 116 49 July
1327 2798 81 48 15;
1444 2799 82 42 aff.
1561 2801 115 47 July
1710 2802 52 45 8;
1798 2802 40 38 A
1872 2800 170 49 53097;
2079 2801 216 42 William

380 2852 256 48 Farquhar
667 2853 205 49 Payson.
951 2849 52 53 [©
1035 2854 345 50 introduction]
1452 2856 278 48 (32-20511)

306 2952 262 66 Corbett,
599 2954 306 55 Elizabeth
935 2956 275 68 Frances,
1242 2959 170 56 1887-

374 3029 122 53 The
527 3029 224 69 Graper
779 3032 143 68 girls
952 3050 71 51 go
1057 3039 58 48 to
1149 3035 227 69 college,
1407 3036 76 69 by
1515 3036 301 54 Elizabeth
1852 3036 252 70 Corbett,
306 3034 1962 129 illustrated

522 3107 75 68 by
623 3107 159 54 Ruth
810 3108 175 69 King.
1053 3111 138 53 New
1222 3111 162 54 York
1413 3114 45 49 &
1487 3113 257 69 London,
1776 3114 120 54 The
1927 3114 256 70 Century
2212 3133 79 36 co.

310 3187 176 63 [ ᶜ193 2]
377 3255 1184 57 xi, 318 p. incl. front., illus. 19½ᶜᵐ. $2.00
379 3310 287 44 Illustrated
698 3313 359 50 lining-papers.

376 3367 162 42 “First
565 3368 259 50 printing.”

310 3420 54 52 ©
393 3426 119 48 Aug.
542 3426 40 47 9,
614 3427 115 41 1932;
786 3428 68 41 2c.
886 3430 96 39 and
1013 3429 81 43 aff.
1126 3431 119 50 Aug.
1276 3431 55 41 11;
1392 3433 40 40 A
1464 3433 146 43 54380;
1667 3435 213 49 Century
1912 3447 67 30 co.

387 3481 279 51 (32-20230)

306 3575 138 64 Cox,
475 3576 240 66 Maggie
751 3580 283 66 (Parker)
1103 3586 140 53 “Mrs.
1274 3587 234 55 Samuel
1536 3589 69 55 R.
1639 3588 176 63 Cox,”
1844 3588 85 54 ed.

373 3650 121 53 The
537 3652 221 55 Parker
799 3657 139 52 cook
980 3658 174 68 book;
1201 3661 304 68 published
1551 3664 95 52 for
1691 3665 95 51 the
1832 3663 209 52 benefit
2083 3662 65 53 of
2193 3663 98 52 the

305 3725 1985 84 First Presbyterian church … Abilene, Texas; edited and
302 3804 281 67 compiled
615 3806 76 68 by
723 3807 138 54 Mrs.
900 3810 228 55 Samuel
1163 3814 68 52 R.
1271 3814 121 56 Cox
1565 3816 257 68 Abilene,
1859 3817 155 67 Tex.,
2050 3816 242 54 Abilene

301 3878 980 81 printing & stationery co. [193 2]
371 3949 968 62 416 p. incl. front., illus. (port.) 23½ᶜᵐ.
