2563 4368
1401 4102 101 49 934

456 468 232 67 Tipper,
718 469 219 65 Harry,
968 468 171 55 1879-

525 545 121 52 The
671 564 122 34 new
821 544 290 68 challenge
1137 542 62 54 of
1228 541 368 54 distribution;
1655 543 95 52 the
1777 545 336 64 paramount
2145 537 301 56 industrial

456 616 1968 151 problem, by Harry Tipper … New York and London, Harper
585 701 45 49 &
660 699 274 64 brothers,
964 700 148 49 1932.

524 767 707 51 xvii p., 1 l., 216 p. 22½ᶜᵐ.
527 827 163 41 “First
730 824 227 42 edition.”

465 890 51 52 ©
546 895 125 39 June
700 893 68 46 20,
799 892 111 41 1932;
971 892 64 40 2c.
1067 893 95 38 and
1192 891 81 40 aff.
1306 891 127 40 June
1460 889 82 47 22;
1575 890 40 38 A
1645 889 168 46 52731;
1847 890 58 38 H.
1938 889 189 47 Tipper,
2158 889 117 39 New
2306 888 143 40 York.

541 950 278 47 (32-16303)

456 1053 185 66 Viola,
673 1053 254 54 William
959 1053 239 55 Nelson.

528 1127 260 56 Creative
819 1128 306 55 dramatics
1155 1128 93 53 for
1278 1126 307 68 secondary
1616 1124 315 68 education,
1959 1124 71 67 by
2060 1122 87 53 W.
2180 1122 67 52 N.
2281 1122 164 52 Viola

457 1199 1967 153 … illustrations by Harold Gardner. Boston, Expression company,
658 1286 148 49 1932.

523 1355 65 47 xi,
618 1354 86 41 257
732 1366 42 37 p.
832 1354 128 40 illus.
1017 1352 147 43 22½ᶜᵐ.
1227 1353 193 49 [Copley
1449 1353 169 40 drama
1648 1351 164 48 series,
1843 1352 73 40 ed.
1946 1352 61 47 by
2036 1353 43 39 J.
2111 1351 55 40 R.
2196 1351 193 48 Taylor]

525 1413 226 39 Includes
793 1409 389 49 bibliographies.

464 1473 51 53 ©
541 1480 113 45 Apr.
678 1477 55 40 25,
832 1476 53 40 1932;
940 1475 66 42 2c.
1035 1476 124 39 June
1184 1476 25 39 3;
1266 1474 80 41 aff.
1375 1474 126 40 June
1525 1475 54 37 11;
1635 1474 40 38 A
1701 1471 142 42 51719;
1900 1472 294 48 Expression
2220 1480 65 29 co.

541 1534 277 48 (32-16318)

455 1637 243 65 Walter,
726 1636 272 55 Wilhelm
1027 1637 64 56 P.
1173 1679 14 13 O.

457 1705 1969 140 Das China von heute, von Wilhelm P. O. Walter … Frankfurt
610 1808 86 35 am
726 1789 179 67 Main,
933 1789 514 66 Societäts-verlag,
1478 1790 149 48 1932.

525 1860 907 51 119, [1] p. 112 pl. on 56 l. 24½ᶜᵐ.
464 1918 52 52 ©
544 1923 121 38 Mar.
693 1922 54 38 15,
847 1920 55 41 1932;
961 1922 64 38 1c.
1055 1921 78 38 May
1195 1919 82 47 20;
1309 1918 309 47 A—Foreign
1647 1917 168 47 16910;
1849 1916 327 40 Frankfurter
2204 1914 124 42 socie
2335 1914 115 40 täts-
532 1978 265 45 druckerei,

827 1988 41 37 g.
899 1989 58 27 m.
988 1978 40 39 b.
1059 1977 45 39 h.
1174 1974 279 49 (32-16222)

457 2079 394 63 Washington
882 2081 112 52 and
1026 2077 213 57 Pacific
1268 2079 203 68 digest,
1502 2078 267 69 covering
1800 2079 78 52 all
1908 2096 150 37 cases
2090 2076 265 69 reported
2383 2074 62 54 in

527 2158 382 68 Washington
956 2163 240 62 reports,
1245 2161 326 64 1851-1931,
1618 2154 211 57 Pacific
1875 2161 273 63 reporter,
2195 2157 250 50 volumes

531 2239 185 63 1-300,
748 2236 110 52 and
889 2237 77 51 all
996 2236 63 53 of
1089 2236 96 52 the
1215 2233 211 57 Pacific
1454 2239 173 49 states
1657 2240 222 63 reports
1910 2235 155 52 from
2093 2234 96 52 the
2219 2233 227 53 earliest

526 2311 1919 71 times … Compiled and edited by the publisher’s editorial
525 2389 1708 72 staff. v. 14-16. St. Paul, West publishing co., 1932.
527 2466 291 40 3 v. 26 ᶜᵐ .
532 2522 380 40 CONTENTS.—v.
950 2520 71 42 14.
1057 2521 259 41 Dismissal
1352 2524 94 38 and
1482 2523 595 39 nonsuit-Elections.—v.
2115 2520 71 41 15.
460 2521 1971 105 Electricity-Estoppel.—
870 2590 45 29 v.

945 2578 71 41 16.
1045 2578 578 48 Evidence-Exceptions,
1654 2579 96 39 Bill
1780 2579 65 40 of.

464 2631 52 51 ©
546 2636 125 39 June
700 2636 67 41 16,
798 2634 115 41 1932;
969 2635 67 40 2c.
1064 2636 118 39 each
1213 2636 115 47 July
1358 2637 81 44 11;
1472 2635 105 39 affs.
1609 2636 115 46 July
1753 2635 81 42 12;
1867 2636 40 38 A
1937 2634 344 47 54070-54072;
2316 2636 131 40 West

531 2693 109 46 pub.
670 2703 66 29 co.

456 2793 289 66 Webster,
773 2795 191 65 Noah,
995 2795 324 56 1758-1843.

588 2869 1859 70 … Webster’s daily use dictionary, self-pronouncing, based
456 2945 1989 72 upon the original foundation laid by Noah Webster, LL. D., and
456 3024 161 52 other
647 3027 168 51 noted
846 3025 484 68 lexicographers;
1362 3025 185 69 newly
1579 3025 280 68 compiled
1893 3026 111 52 and
2037 3024 319 69 up-to-date
2387 3023 60 52 in

457 3101 337 53 accordance
832 3101 139 52 with
1010 3102 94 52 the
1142 3102 164 54 latest
1348 3101 271 54 decisions
1660 3103 63 52 of
1762 3103 94 52 the
1896 3103 268 51 foremost
2203 3100 242 69 English

458 3177 113 53 and
599 3178 302 53 American
933 3179 348 68 authorities,
1309 3179 140 53 with
1479 3185 282 49 extensive
1789 3178 288 55 additions
2103 3186 58 47 to
2190 3179 95 52 the
457 3197 1964 111 general

618 3255 356 64 vocabulary,
1016 3255 298 69 including
1353 3257 96 52 the
1490 3264 207 46 newest
1739 3256 184 53 words
1966 3257 58 52 in
2067 3256 243 68 popular
2353 3273 93 34 use

457 3331 113 53 and
618 3331 328 69 containing
991 3352 29 33 a
1069 3334 183 67 newly
1301 3333 278 67 compiled
1626 3333 288 68 appendix
1962 3332 184 53 which
2194 3330 251 55 includes

457 3408 1985 71 many pages of useful facts and information, the new 1930 U . S.
457 3504 209 45 census,
699 3485 224 67 foreign
955 3486 185 53 words
1174 3490 111 51 and
1318 3487 248 68 phrases,
1598 3489 149 51 rules
1779 3487 93 55 for
1903 3486 390 68 punctuation,
2327 3490 119 60 etc.,

458 3562 1925 71 etc., edited by C. M. Stephens, PH. D. and C. N. Catrevas, A. B. …
457 3637 135 53 New
627 3639 175 59 York,
833 3639 231 54 Grosset
1089 3641 45 49 &
1163 3640 250 68 Dunlap,
1444 3644 149 48 1932.

526 3709 762 48 2 p. l., 827 p. front. 19½ᶜᵐ.
526 3765 65 40 At
619 3766 124 40 head
774 3766 52 40 of
853 3766 109 40 title:
1023 3766 117 40 New
1172 3766 188 41 revised
1390 3768 196 40 edition.

529 3822 146 40 “This
706 3821 273 48 dictionary
1011 3822 42 40 is
1083 3824 83 38 not
1197 3823 253 47 published
1480 3825 61 46 by
1574 3824 82 40 the
1687 3823 205 48 original
1924 3823 273 48 publishers
2228 3824 51 40 of
456 3824 1970 94 Webster’s

625 3877 285 48 dictionary,
939 3889 54 29 or
1019 3878 60 48 by
1108 3878 127 41 their
1264 3879 313 40 successors.”

465 3933 52 51 ©
546 3938 125 39 June
697 3937 68 48 21,
795 3937 111 41 1932;
964 3937 64 41 2c.
1058 3939 94 37 and
1180 3937 80 40 aff.
1291 3938 124 39 June
1443 3937 54 41 23;
1556 3939 41 37 A
1625 3938 142 40 51885;
1827 3938 195 40 Grosset
2053 3938 36 39 &
2118 3938 205 44 Dunlap,
2354 3936 89 40 inc.

535 3989 69 53 [©
631 3992 329 42 introduction
989 3994 35 40 &
1050 3992 328 50 frontispiece]
1450 3993 279 49 (32-16315)
