2563 4368
1048 4147 131 49 1925

135 535 157 63 Fett,
319 534 201 64 Harry
544 534 130 66 Per,
704 534 171 54 1875-

266 613 1789 70 … Fritz og hans verden. Oslo, H. Aschehoug & co., 1932.
199 685 925 49 491 p. illus. (incl. ports.) 22 ½ ᶜᵐ .
200 742 65 41 At
290 742 125 40 head
443 742 54 39 of
522 742 107 40 title
647 752 11 29 :
686 742 166 48 Harry
880 742 127 42 Fett.

136 811 1908 52 © Nov. 15, 1932 ; 1c. Dec. 5 ; A —Foreign 18872 ; H. Aschehoug & co.
212 871 249 49 (33-2192)

133 974 291 65 Fletcher,
455 974 162 53 Basil
647 974 186 55 Alais.

202 1057 195 54 Youth
437 1057 160 53 looks
638 1063 57 47 at
735 1058 97 52 the
871 1058 198 67 world,
1109 1058 76 68 by
1225 1057 162 54 Basil
1427 1059 70 53 A.
1540 1059 291 67 Fletcher;
1876 1057 140 54 with
2058 1061 66 49 23

130 1133 378 56 illustrations
544 1138 111 51 and
692 1154 72 34 an
799 1136 291 67 endpaper
1124 1154 150 49 map.
1349 1137 258 66 London,
1641 1137 274 52 Methuen
1949 1140 46 49 &
2029 1154 97 46 co.,

130 1215 102 53 ltd.
291 1218 151 64 [1932]

200 1285 1023 50 xiv, 249, [1] p. front., plates. 19½ ᶜᵐ .
203 1343 146 40 “This
381 1344 123 39 book
537 1354 102 29 was
672 1343 197 40 written
902 1343 131 40 after
1066 1353 29 29 a
1129 1343 157 47 year’s
1322 1344 157 39 travel
1514 1343 155 39 round
1702 1343 81 39 the
1818 1344 150 38 world
2005 1344 117 39 with

132 1401 81 40 the
241 1400 168 41 Albert
438 1401 145 39 Kahn
612 1400 262 48 travelling
901 1399 568 48 fellowship.”—Introd.

203 1457 161 41 “First
392 1456 255 50 published
673 1457 51 40 in
751 1456 158 41 1932.”

134 1525 1992 52 © 1c. Dec. 17, 1932 ; A ad int. 17241 ; pubd. Oct. 20 ; Frederick A. Stokes
202 1596 81 36 co.,
309 1585 117 40 New
450 1586 144 39 York.
665 1584 249 48 (33-2418)

130 1686 181 65 Fritz,
338 1687 155 53 John
521 1688 206 62 Henry
755 1686 262 64 Charles,
1048 1688 170 53 1874-

197 1771 265 52 Pastoral
517 1770 297 68 theology;
875 1789 32 35 a
963 1770 308 54 handbook
1327 1771 65 53 of
1447 1770 310 69 scriptural
1815 1771 311 69 principles

128 1848 228 53 written
405 1849 303 67 especially
757 1848 94 53 for
899 1854 224 62 pastors
1173 1848 65 54 of
1284 1849 98 53 the
1427 1849 295 53 Lutheran
1772 1850 229 66 church,
2046 1849 77 69 by

127 1925 1998 70 John H. C. Fritz … St. Louis, Mo., Concordia publishing
126 2003 188 67 house,
343 2006 151 51 1932.

195 2076 422 49 ix, 343 p. 24 ᶜᵐ .
197 2132 51 40 “I
280 2133 123 40 have
434 2132 118 41 used
582 2132 262 41 Walther’s
878 2133 225 40 Pastoral
1108 2133 239 48 theologie
1380 2144 54 30 as
1467 2144 27 29 a
1527 2132 370 42 basis.”—Pref.

130 2198 52 51 ©
211 2203 112 39 Dec.
351 2203 39 47 5,
418 2202 113 40 1932
549 2214 10 35 ;
589 2203 68 41 2c.
684 2204 96 38 and
808 2203 82 39 aff.
919 2204 113 38 Dec.
1059 2203 26 39 9
1103 2214 10 35 ;
1143 2204 43 37 A
1212 2204 146 39 57386
1373 2214 10 36 ;
1415 2203 266 40 Concordia
1710 2203 111 47 pub.
1849 2204 164 38 house.

208 2258 250 48 (33-1185)

127 2359 212 67 Fuller,
367 2362 155 53 John
550 2360 315 54 Frederick
895 2361 263 66 Charles,
1189 2363 160 54 1878-

194 2444 140 54 War
366 2447 112 51 and
507 2449 238 49 western
776 2444 366 67 civilization,
1175 2446 338 64 1832-1932;
1551 2462 31 34 a
1613 2444 170 67 study
1815 2443 63 52 of
1909 2462 118 33 war
2061 2463 59 34 as

129 2542 30 32 a
194 2521 258 67 political
486 2523 339 51 instrument
863 2521 112 52 and
1008 2521 95 51 the
1137 2519 324 69 expression
1496 2520 63 52 of
1593 2539 148 36 mass
1777 2521 345 68 democracy,

127 2597 1992 69 by Major-General J. F. C. Fuller … London, Duckworth, 1932.
195 2668 745 49 287 p. illus. (maps) 22 ᶜᵐ .
197 2724 235 41 “Errata”
465 2725 95 48 slip
587 2726 229 39 mounted
845 2736 60 29 on
934 2736 44 38 p.
1007 2724 98 41 119.

197 2781 347 41 “References”
563 2792 10 28 :
609 2792 44 37 p.
686 2781 217 41 273-284.

129 2852 1990 52 © 1c. Dec. 10, 1932; A ad int. 17214; pubd. Oct. 13; J. F. C. Fuller.
201 2912 347 47 Farnborough
578 2912 142 44 Park,
751 2912 175 45 Hants,
957 2911 235 47 England.
1263 2911 249 49 (33-1975)

127 3013 246 66 Gifford,
404 3014 283 53 Franklin
717 3015 83 63 L.,
834 3020 171 48 1854-

193 3097 258 53 Historic
473 3097 212 53 Woods
707 3096 178 67 Hole;
911 3116 30 32 a
967 3095 294 70 catalogue
1285 3096 64 54 of
1370 3097 95 52 the
1488 3096 296 71 paintings
1808 3097 64 54 of
125 3096 1969 130 Franklin

252 3173 1864 70 L. Gifford … copyrighted … by Franklin L. Gifford.
129 3251 845 68 [Woods Hole, Mass.] ᶜ1 932.
196 3324 334 48 32 p. 23½ ᶜᵐ .
195 3379 1919 48 “This booklet … primarily a condensed catalogue … constitutes a
123 3437 129 40 brief
276 3438 189 46 history
494 3438 53 39 of
573 3437 176 40 Woods
779 3436 122 40 Hole
930 3436 61 46 by
1019 3446 88 30 one
1135 3436 53 39 of
1215 3436 66 40 its
1311 3437 153 40 oldest
1494 3436 619 42 residents.”—Foreword.

128 3505 52 52 ©
217 3509 127 48 Sept.
377 3510 68 47 26,
480 3508 140 47 1932;
656 3508 66 41 2c.
758 3509 97 39 and
889 3507 82 40 aff.
1005 3507 117 40 Nov.
1158 3509 51 45 7;
1245 3509 41 38 A
1320 3508 169 48 56921;
1528 3510 52 38 F.
1615 3510 51 39 L.
1703 3509 200 41 Gifford,
1940 3509 176 40 Woods

195 3567 136 46 Hole,
361 3567 146 38 Mass.
578 3564 219 49 (33-915)

125 3667 273 64 Gilmore,
429 3669 173 62 Mary
631 3669 277 51 Putnam.

192 3748 225 67 Loving
434 3750 48 52 is
503 3748 185 68 living
711 3749 111 51 and
845 3748 160 52 other
1027 3765 183 36 verses
1255 3747 91 69 [by]
1375 3748 169 68 Mary
1568 3750 250 51 Putnam
1844 3746 267 56 Gilmore.

126 3825 221 53 Roselle
377 3825 172 67 Park,
581 3825 68 52 N.
684 3825 75 67 J.,
794 3828 151 50 1932.

191 3894 518 49 4 p. l., 41 p. 18½ ᶜᵐ .
193 3950 276 49 “Compiled
491 3952 61 47 by
577 3952 86 40 her
686 3951 171 41 sisters
880 3952 51 39 in
956 3951 164 48 loving
1141 3962 213 37 memory
1379 3953 52 39 of
1453 3952 252 41 her.”—3d
1729 3952 171 49 prelim.
1937 3951 116 44 leaf.

127 4020 52 52 ©
204 4025 118 40 Nov.
347 4025 68 46 15,
441 4024 112 41 1932
571 4036 10 35 ;
607 4025 67 40 2c.
701 4026 96 39 and
822 4024 82 40 aff.
929 4025 112 40 Dec.
1067 4024 59 40 30
1140 4036 8 35 ;
1177 4025 41 38 A
1244 4025 142 40 57652
1404 4036 10 30 ;
1443 4025 201 40 Harriet
1671 4025 223 47 Putnam,
1923 4024 191 40 Roselle

195 4081 143 47 Park,
361 4082 54 38 N.
441 4082 42 39 J.
555 4081 249 48 (33-1076)
