2563 4368
1075 4101 132 51 1535

139 478 301 66 Gasparri,
469 478 218 69 Pietro,
718 478 258 58 cardinal
980 525 13 22 ,
1023 481 171 51 1852-

268 555 1866 70 … Catholic catechism, drawn up by His Eminence Peter
139 633 1996 71 Cardinal Gasparri … only authorized English translation, by
138 713 1991 68 Rev. Hugh Pope, O. P . New York, P. J. Kenedy & sons [ᶜ1932]
208 785 631 48 3 v. 21½ᶜᵐ (v. 3: 20 ᶜᵐ )
209 844 116 40 Also
355 844 164 40 issued
551 843 49 40 in
632 853 90 31 one
753 843 206 41 volume.

599 930 12 10 CONTENTS.—[v.
640 899 41 51 1]
711 900 101 40 The
840 898 264 42 catechism
1131 898 79 40 for
1237 899 128 40 little
1394 897 218 42 children
1642 899 107 39 who
1778 908 83 30 are
1891 901 47 37 to
1970 899 57 40 be
139 900 1979 98 admitted

336 960 49 38 to
411 957 108 41 first
544 957 303 41 communion
873 956 51 40 in
948 956 295 40 accordance
1267 955 121 41 with
1414 956 82 40 the
1520 956 169 40 decree
1714 955 157 48 Quam
1898 956 239 48 singulari

140 1015 52 39 of
217 1014 130 48 Pope
372 1013 116 41 Pius
551 1037 135 18 X.—[v.
713 1013 42 51 2]
785 1014 101 40 The
913 1012 264 42 catechism
1201 1013 80 40 for
1308 1013 218 40 children
1554 1014 107 39 who
1689 1016 123 38 have
1839 1014 141 39 made
2008 1013 129 41 their

139 1070 108 42 first
275 1071 443 50 communion.—[v.
747 1070 42 51 3]
822 1072 102 40 The
953 1070 262 42 catechism
1243 1070 80 41 for
1352 1070 165 40 adults
1546 1071 108 39 who
1684 1070 157 40 desire
1873 1072 49 39 to
1952 1071 124 40 have
2108 1082 27 30 a

138 1130 151 39 fuller
315 1129 282 48 knowledge
625 1129 53 41 of
707 1128 220 42 Catholic
955 1127 234 42 doctrine.

145 1196 51 52 ©
226 1201 118 48 Aug.
376 1202 38 47 8,
445 1200 116 41 1932;
617 1200 68 41 2c.
715 1200 117 41 each
865 1200 127 48 Sept.
1023 1198 55 41 29;
1138 1199 109 40 affs.
1281 1200 128 47 Sept.
1440 1199 56 41 28;
1557 1200 40 39 A
1627 1198 320 42 56140-56142;
2009 1200 53 41 P.
2093 1200 44 41 J.

212 1258 200 47 Kenedy
449 1258 36 39 &
519 1268 125 30 sons.
715 1256 280 48 (32-29220)

140 1359 169 65 Glyn,
337 1362 141 52 Mrs.
508 1361 203 53 Elinor
746 1360 421 66 (Sutherland)

214 1436 267 55 Glorious
510 1437 210 68 flames,
746 1438 75 68 by
851 1437 204 53 Elinor
1085 1436 171 59 Glyn.
1321 1438 259 66 London,
1609 1438 67 52 E.
1708 1438 180 67 Benn,
1916 1435 223 55 limited

145 1518 171 64 [1932]

209 1589 87 40 160
324 1599 44 38 p.
425 1589 146 40 16½ᶜᵐ.

145 1655 1992 52 © 1c. Sept. 10, 1932; A ad int. 16839; pubd. July 14; Elinor Glyn, ltd.,
212 1717 210 39 London.
493 1714 280 50 (32-29358)

145 1817 326 66 [Harrison,
498 1818 137 53 Mrs.
665 1819 173 63 Mary
866 1820 87 54 St.
981 1819 189 63 Leger
1206 1817 374 68 (Kingsley)]
1616 1824 326 50 1852-1931.

203 1895 121 52 The
348 1895 224 68 private
591 1895 106 53 life
720 1896 63 53 of
805 1896 113 53 Mr.
939 1896 220 54 Justice
1184 1895 189 69 Syme,
1397 1915 31 34 a
1449 1897 183 66 novel,
1654 1896 77 67 by
1750 1896 184 53 Lucas
1958 1896 180 53 Malet

137 1973 1976 146 [ pseud.] completed by Gabrielle Vallings. London, Hutchinson & co., ltd. [1932]
209 2121 617 51 3 p. l., 9-320 p. 19½ᶜᵐ.
147 2189 1991 54 © 1c. Sept. 24, 1932; A ad int. 16880; pubd. July 29; Gabrielle Vallings,
214 2249 211 40 London.
496 2249 278 48 (32-29510)

142 2351 207 65 Healy,
385 2352 179 63 Daty.

210 2429 209 66 Funny
448 2427 238 69 friends,
712 2428 228 53 written
969 2430 113 51 and
1109 2430 298 51 decorated
1434 2430 76 67 by
1535 2430 158 66 Daty
1720 2428 207 69 Healy.
2001 2430 138 53 New

143 2505 178 68 York,
350 2503 61 55 C.
443 2505 312 55 Scribner’s
782 2523 146 50 sons,
957 2508 150 51 1932.

215 2580 85 49 [32]
330 2589 45 38 p.
434 2580 86 40 col.
548 2579 129 41 illus.
736 2579 118 42 18ᶜᵐ.

213 2637 175 39 Verses
414 2636 81 41 for
522 2636 232 41 children.

213 2693 287 40 Illustrated
532 2692 349 49 lining-papers
913 2692 50 41 in
995 2693 171 41 colors.

149 2759 51 52 ©
231 2764 126 47 Sept.
385 2762 39 48 9,
451 2762 114 42 1932;
620 2763 69 41 2c.
720 2764 127 47 Sept.
876 2764 54 39 15;
989 2763 81 40 aff.
1103 2764 127 48 Sept.
1259 2765 54 39 13;
1371 2765 41 38 A
1440 2764 143 41 55097;
1642 2766 202 40 Charles
1876 2765 264 43 Scribner’s

216 2831 123 29 sons.
411 2819 279 49 (32-29096)

145 2925 205 62 Hesse,
385 2925 139 52 Max
558 2925 180 53 René.

218 3001 122 51 The
377 3001 172 53 white
587 3000 183 68 flame,
809 3001 74 69 by
923 3002 139 51 Max
1103 3002 155 51 René
1298 3002 195 52 Hesse.
1571 3002 259 68 London,
1870 3003 187 53 Faber
2097 3006 45 50 &

147 3076 201 68 Faber,
378 3078 220 54 limited
655 3082 150 64 [1932]

215 3150 582 50 2 p. l., 7-302 p. 19ᶜᵐ.
150 3204 1990 54 © 1c. June 2, 1932; A ad int. 16798; pubd. Apr. 14; Geoffrey Cust
219 3265 168 47 Faber,
417 3264 210 40 London.
697 3264 280 50 (32-29356)

147 3364 278 66 Hichens,
453 3366 222 55 Robert
703 3367 268 65 Smythe,
1004 3372 170 50 1864-

213 3442 299 52 Mortimer
544 3442 185 68 Brice,
758 3463 31 34 a
819 3444 85 54 bit
934 3444 64 54 of
1028 3444 89 54 his
1146 3444 125 66 life,
1300 3446 76 64 by
1405 3445 215 53 Robert
1651 3445 271 52 Hichens.
143 3445 1969 125 London

305 3525 120 60 [etc.]
460 3518 215 56 Cassell
705 3522 111 51 and
843 3539 297 49 company,
1167 3522 224 53 limited
1443 3524 152 64 [1932]

214 3591 626 50 4 p. l., 3-474 p. 19½ᶜᵐ.
152 3644 1990 54 © 1c. Sept. 14, 1932; A ad int. 16867; pubd. Aug. 25; Doubleday, Doran
219 3706 36 37 &
282 3715 80 30 co.,
392 3705 105 46 inc.,
528 3705 193 39 Garden
751 3705 123 46 City,
905 3707 55 38 N.
990 3707 53 37 Y.
1114 3706 280 49 (32-29512)

147 3805 244 66 Higger,
423 3807 269 63 Michael,
726 3811 168 51 1898-

217 3883 121 51 The
369 3882 215 54 Jewish
618 3884 235 67 Utopia,
885 3886 75 66 by
994 3884 247 54 Michael
1273 3886 243 68 Higger,
1638 3930 8 8 PH.
1722 3930 8 8 D.
1807 3888 333 67 Baltimore,

148 3959 138 68 Md.,
312 3961 121 53 The
458 3961 154 53 Lord
640 3961 315 54 Baltimore
982 3981 172 49 press,
1185 3967 149 50 1932.

219 4031 425 51 ix, 160 p. 20 ᶜᵐ .
