2563 4368
0 0 0 0 171
147 424 259 64 Nichols,
433 421 211 65 Philip.

217 499 286 52 Taxation
542 499 61 51 in
643 497 462 64 Massachusetts,
1145 494 75 68 by
1261 492 200 69 Philip
1501 491 253 56 Nichols.
1830 493 136 50 1932
150 508 1962 137 supplement

425 583 58 47 to
513 577 72 51 2d
626 575 192 68 (1922)
861 575 82 51 ed.
977 572 333 68 containing
1340 570 328 69 legislation
1698 569 253 69 through
1985 571 153 67 1931,

147 657 95 52 the
269 653 276 55 decisions
571 654 62 51 of
658 654 95 52 the
783 655 275 65 Supreme
1086 657 161 49 court
1273 650 63 52 of
1361 651 95 51 the
1483 649 219 55 United
1731 648 189 55 States
148 645 1966 155 affecting

269 733 261 52 taxation
552 733 74 64 by
651 732 94 51 the
770 736 190 59 states,
984 731 95 50 the
1104 728 277 52 decisions
1405 728 62 52 of
1492 729 95 51 the
1612 744 260 50 supreme
1897 726 241 69 judicial

147 817 159 46 court
339 809 63 53 of
431 809 443 52 Massachusetts
907 804 270 70 affecting
1207 806 278 66 taxation,
1513 806 94 52 the
1640 804 276 55 decisions
1948 803 63 54 of
2042 805 97 52 the

150 888 440 52 Massachusetts
630 887 178 51 board
850 885 63 52 of
954 891 99 46 tax
1094 886 250 66 appeals,
1385 885 112 51 and
1536 884 96 53 the
1674 884 223 67 rulings
1939 883 63 53 of
2043 884 94 53 the

150 965 438 53 Commissioner
632 965 61 51 of
738 963 391 68 corporations
1175 964 111 51 and
1329 963 279 67 taxation,
1650 969 59 47 to
1750 963 298 69 February
2092 966 48 64 1,

151 1040 1988 72 1932 … Boston, Mass., The Financial publishing company
194 1125 152 63 [ᶜ1932]

218 1207 602 49 1 p. l., 196.1 p. 22½ᶜᵐ.
153 1261 51 52 ©
239 1268 120 38 Mar.
392 1266 25 38 2,
463 1263 113 40 1932;
637 1265 66 39 2c.
738 1265 94 39 and
866 1263 82 40 aff.
982 1265 121 38 Mar.
1136 1265 25 40 7;
1224 1265 39 37 A
1295 1263 171 48 49010;
1503 1264 49 39 P.
1588 1263 211 50 Nichols,
1835 1265 196 42 Boston.

142 1426 256 65 Nilsson,
427 1427 223 52 Martin
680 1427 272 63 Persson,
986 1428 170 52 1874-

216 1503 120 53 The
373 1503 350 52 Mycenaean
760 1502 189 68 origin
987 1501 63 54 of
1088 1500 189 55 Greek
1311 1501 357 70 mythology,
1704 1501 77 70 by
1817 1501 221 54 Martin
2077 1502 67 54 P.

147 1578 1999 71 Nilsson … Berkeley, Calif., University of California press,
149 1661 149 50 1932.

213 1728 1921 51 3 p. l., 258 p. 23ᶜᵐ. (Half-title: Sather classical lectures, v. 8, 1932)
155 1800 51 52 ©
239 1805 108 39 Jan.
379 1804 69 46 22,
481 1802 139 47 1932;
653 1802 67 41 2c.
753 1802 109 40 Feb.
895 1805 23 36 1;
983 1802 81 41 aff.
1098 1802 109 39 Feb.
1241 1803 52 45 3;
1329 1802 41 39 A
1398 1803 171 47 47412;
1606 1803 224 49 Regents,
1864 1802 282 49 University

223 1861 51 40 of
304 1860 286 45 California,
621 1860 250 47 Berkeley,
903 1858 144 42 Calif.
1117 1858 251 49 (32-4396)

143 2008 226 62 Norris,
402 2008 325 63 Margaret.

219 2083 216 54 Heroes
479 2085 113 52 and
630 2084 270 67 hazards;
944 2084 150 52 talks
1133 2083 141 54 with
1313 2083 94 54 the
1450 2084 321 53 daredevils
1810 2083 65 54 of
1915 2085 227 67 to-day;

150 2170 124 45 true
308 2163 200 52 stories
545 2161 63 53 of
641 2163 95 51 the
772 2179 215 35 careers
1023 2161 63 53 of
1120 2163 97 52 the
1248 2180 130 34 men
1412 2162 126 53 who
1572 2162 166 55 make
1772 2180 104 35 our
1909 2163 238 52 modern

150 2240 178 54 world
365 2238 124 54 safe
522 2240 75 66 by
632 2239 149 52 their
817 2257 258 49 courage,
1109 2238 76 68 by
1217 2240 297 66 Margaret
1550 2238 232 68 Norris;
1821 2238 325 54 illustrated

151 2317 139 53 with
336 2335 173 45 many
555 2316 409 64 photographs.
1039 2316 139 53 New
1224 2316 180 64 York,
1451 2316 120 54 The
1616 2316 337 53 Macmillan
150 2336 1972 127 company,
351 2399 148 49 1932.

221 2468 101 47 viii,
356 2468 85 40 184
471 2478 43 38 p.
574 2467 164 48 front.,
770 2468 172 47 plates,
978 2468 148 47 ports.
1186 2465 147 41 20½ᶜᵐ.

157 2536 51 52 ©
241 2541 109 39 Feb.
380 2540 40 47 2,
449 2538 113 41 1932;
622 2539 67 41 2c.
720 2540 95 38 and
846 2538 81 40 aff.
958 2538 110 40 Feb.
1100 2539 52 46 3;
1186 2538 41 38 A
1256 2537 171 48 47372;
1462 2539 60 39 M.
1556 2537 185 48 Norris,
1773 2537 117 41 New
1920 2537 145 44 York.

235 2596 249 49 (32-4330)

146 2728 372 64 O’Flaherty,
549 2728 186 62 Liam,
767 2729 170 53 1897-

220 2802 1931 71 The puritan [b y] Liam O’Flaherty. New York, Harcourt,
152 2882 178 52 Brace
377 2883 111 51 and
536 2900 276 50 company
906 2884 132 49 [ᶜ1932]

219 2951 366 50 318 p. 19 ½ᶜᵐ .
159 3022 51 52 ©
240 3027 109 40 Feb.
379 3028 52 37 11,
475 3025 112 40 1932;
645 3026 67 40 2c.
741 3027 93 38 and
865 3025 82 40 aff.
977 3025 108 40 Feb.
1117 3026 56 39 17;
1230 3025 42 38 A
1297 3024 171 48 47679;
1500 3025 138 39 Liam
1669 3024 305 48 O’Flaherty,
226 3026 1906 98 Hambledon.

443 3083 510 47 Henley-on-Thames,
986 3082 180 48 Berles,
1200 3083 235 46 England.
1506 3081 250 49 (32-4344)

155 3215 167 54 Ohio.
395 3219 183 63 Laws,
604 3221 258 61 statutes,
888 3221 100 49 etc.

287 3291 1861 69 … Ohio code service Baldwin’s cumulative, supplementing
156 3370 499 53 Throckmorton’s
694 3375 132 48 1930
862 3372 309 52 annotated
1204 3371 134 54 code
1373 3371 63 53 of
1471 3371 166 54 Ohio.
1715 3368 282 72 Officially
156 3389 1965 111 certified

385 3449 201 51 edition.
667 3449 218 67 [March
929 3452 131 49 1932
1101 3450 254 65 number]
1435 3450 200 66 Keyed
1674 3456 59 46 to
1773 3450 189 53 Bates’
157 3468 1965 123 compact
324 3525 200 68 digest.
603 3526 351 69 Containing
990 3528 77 51 all
1101 3529 137 51 laws
1275 3528 62 52 of
1374 3547 31 34 a
1440 3529 229 68 general
1704 3533 204 49 nature
1943 3530 202 68 passed

157 3603 1989 73 by the 89th general assembly … Edited by William Edward
158 3681 1965 140 Baldwin … Annotations by Kennion K. Kauffman … Cleveland,
341 3760 119 51 The
490 3759 266 52 Baldwin
785 3762 109 50 law
920 3760 331 62 publishing
1282 3781 280 41 company
1636 3766 136 50 [ᶜ1932]

228 3831 98 45 522,
358 3832 52 38 61
443 3843 42 36 p.
545 3833 146 40 25½ᶜᵐ.

164 3896 51 52 ©
246 3902 108 38 Jan.
385 3903 68 46 14,
483 3901 112 41 1932;
655 3903 66 41 2c.
751 3905 95 38 and
877 3904 80 41 aff.
989 3905 110 42 Jan.
1131 3906 80 48 18;
1245 3907 40 39 A
1314 3907 171 48 47036;
1518 3907 215 42 William
1766 3908 212 40 Edward
231 3907 1900 98 Baldwin,
374 3958 271 44 Cleveland.
