2563 4368
1307 4072 135 51 1084

379 547 185 42 tiones”
610 548 51 41 of
705 549 83 40 the
834 549 137 40 other
1015 549 97 39 two
1156 549 175 39 known
1376 548 172 48 copies,
1596 547 89 41 Ms.
1872 578 9 16 XLVII,
1926 546 41 47 8,
2015 546 52 41 of
2111 549 82 39 the
2239 558 132 30 same

379 604 199 49 library,
611 607 97 38 and
739 604 89 41 Ms.
861 605 106 39 Lat.
998 615 131 38 perg.
1161 605 84 40 395
1279 605 51 40 of
1360 605 83 40 the
1475 605 244 48 Erlangen
1752 603 305 41 Universität
2090 604 117 40 bibli
2212 605 157 40 othek.

381 662 57 41 In
480 663 83 41 the
605 662 296 48 description
943 662 51 40 of
1036 662 83 40 the
1160 661 328 48 manuscripts
1542 662 67 48 (p.
1653 661 141 49 ii-iv)
1846 662 82 40 the
1972 661 312 48 Florilegium
2328 662 42 40 is

382 720 144 39 noted
559 721 153 39 under
745 719 82 40 the
860 718 195 47 caption
1091 717 261 48 “Exempla
1384 717 297 48 poetarum”.

450 776 101 41 The
597 774 222 50 question
868 775 51 40 of
967 775 82 39 the
1097 773 303 49 authorship,
1449 774 218 40 whether
1714 774 60 48 by
1822 773 225 48 Aimeric,
2095 773 53 41 of
2196 774 175 41 Gatine

392 830 162 50 (1086)
594 832 177 40 author
799 832 52 39 of
879 830 99 41 “De
1006 832 108 39 arte
1143 829 245 48 lectoria”,
1420 842 51 29 or
1502 831 60 46 by
1592 831 83 40 the
1703 830 318 41 unidentified
2053 830 317 47 “Serviolus”,

380 889 178 41 author
589 890 51 40 of
670 889 83 40 the
785 886 323 49 “Opusculum
1139 886 255 41 metricum
1423 888 59 39 de
1511 887 172 48 primis
1714 886 244 48 syllabis”,
1991 887 42 40 is
2063 889 85 38 not
2179 888 163 40 solved
2360 897 8 29 :

382 945 101 42 “No
512 956 118 38 copy
661 946 52 40 of
742 946 82 39 the
855 943 314 48 Florilegium
1198 944 42 39 is
1271 944 175 39 known
1474 945 145 46 apart
1648 944 128 39 from
1806 955 88 29 one
1925 954 53 30 or
2008 944 115 41 both
2155 944 51 40 of
2237 945 135 40 these

381 1003 188 40 works”
614 1002 66 49 (p.
713 1001 54 48 v);
841 1001 114 40 “We
988 1011 84 29 are
1105 999 92 41 left
1230 1000 50 39 in
1313 999 150 41 doubt
1493 1010 57 30 as
1582 1002 51 39 to
1665 1001 84 40 the
1783 1000 157 49 origin
1974 1000 52 41 of
2058 1002 83 40 the
380 1001 1974 107 Florilegium”
580 1060 67 49 (p.
677 1059 57 48 x)

388 1114 52 52 ©
471 1118 127 39 June
626 1116 69 48 16,
725 1113 113 42 1932;
897 1114 67 40 2c.
996 1114 95 39 and
1122 1112 80 41 aff.
1234 1114 127 39 June
1391 1113 55 40 17;
1505 1113 42 40 A
1577 1113 143 40 52639;
1784 1114 45 41 S.
1859 1114 52 39 A.
1945 1114 229 47 Hurlbut,
455 1112 1900 109 Washington.
707 1170 279 50 (32-18843)

381 1261 306 66 Giddings,
718 1259 283 55 Franklin
1029 1261 224 64 Henry,
1286 1264 325 52 1855-1931.

454 1337 369 57 Civilization
850 1337 114 53 and
991 1336 211 69 society;
1262 1354 72 35 an
1362 1342 238 47 account
1625 1336 64 54 of
1716 1336 95 54 the
1839 1337 395 68 development
2261 1338 113 53 and

382 1415 270 55 behavior
682 1415 64 53 of
775 1415 213 53 human
1019 1413 229 69 society,
1277 1413 75 69 by
1383 1413 284 53 Franklin
1697 1414 204 69 Henry
1933 1413 316 71 Giddings;

383 1433 1967 130 arranged
643 1494 112 52 and
800 1492 190 54 edited
1033 1491 76 69 by
1153 1490 259 54 Howard
1456 1490 91 55 W.
1595 1490 207 56 Odum.
1885 1491 138 55 New
2070 1491 181 70 York,
2295 1492 78 53 H.

381 1571 814 67 Holt and company [ ᶜ1 932]
490 1640 1884 51 x, 412 p. front. (port.) 22 ᶜᵐ . (Half-title: American social science
382 1701 177 46 series;
587 1700 197 48 general
809 1699 170 48 editor,
1008 1698 62 42 H.
1096 1698 71 41 W.
1198 1696 180 50 Odum)

391 1754 51 53 ©
471 1758 117 48 July
615 1759 70 46 11,
714 1757 141 47 1932;
884 1756 68 41 2c.
981 1756 117 48 July
1125 1757 82 46 15;
1239 1755 81 42 aff.
1352 1756 115 48 July
1496 1756 82 47 16;
1609 1757 41 38 A
1679 1757 169 47 54123;
1881 1758 168 46 Henry
2081 1757 118 40 Holt
2228 1757 37 41 &
2293 1768 81 36 co.,

457 1815 91 40 inc.
618 1813 281 50 (32-18861)

385 1904 252 65 Gordon,
666 1903 174 56 John.

516 1976 1856 70 … Red flag runs up. London, S. Low, Marston & co., ltd.
389 2059 171 66 [1931]

456 2128 425 49 vi, 314 p. 19 ᶜᵐ .
457 2183 1916 47 “Story … based on first-hand experience of the war and Russian
386 2237 606 43 revolution.”—Author’s
1023 2239 125 39 note.

392 2294 1983 52 © 1c. Oct. 23, 1931; A ad int. 15575; pubd. Sept. 15; Sampson Low,
459 2356 221 38 Marston
709 2354 36 39 &
773 2364 81 30 co.,
886 2353 86 39 ltd.
1042 2352 280 49 (32-20522)

385 2444 55 51 A
473 2442 311 53 handbook
819 2442 64 51 of
917 2459 243 35 summer
1195 2459 219 51 camps;
1452 2461 72 33 an
1559 2444 210 50 annual
1802 2460 222 52 survey,
2058 2445 76 67 by
2167 2445 203 51 Porter

459 2519 259 69 Sargent.
795 2519 99 52 9th
947 2519 103 67 ed.,
1109 2522 150 50 1932.
1334 2521 233 66 Boston,
1622 2523 189 64 Mass.,
1865 2524 203 51 Porter
2127 2523 245 68 Sargent

536 2600 119 64 [ ᶜ1 932]
459 2669 543 49 713 p. illus. 18½ ᶜᵐ ·
393 2722 50 52 ©
481 2728 128 39 June
640 2727 39 47 8,
715 2725 140 48 1932;
893 2726 67 41 2c.
996 2727 127 39 June
1156 2728 82 46 13;
1276 2727 83 40 aff.
1394 2728 121 48 Aug.
1551 2730 82 45 17;
1671 2729 41 39 A
1748 2729 169 47 53673;
1956 2730 169 39 Porter
2163 2731 211 40 Edward

462 2784 218 47 Sargent,
709 2784 196 38 Boston.

391 2870 369 67 [Hutchison,
792 2869 260 56 Graham
1081 2871 180 55 Seton]
1317 2877 171 51 1890-

454 2946 133 53 Life
627 2946 242 52 without
907 2947 126 67 end,
1070 2946 75 70 by
1184 2945 254 56 Graham
1481 2947 172 56 Seton
1722 2951 209 67 [pseud.]
2009 2951 258 69 London,
2307 2952 65 53 T.

386 3023 410 66 Butterworth,
825 3023 223 53 limited
1103 3026 151 65 [1932]

454 3094 735 51 4 p. l., 11-282, [1] p. 19½ ᶜᵐ .
394 3149 1979 56 © 1c. July 15, 1932; A ad int. 16649; pubd. May 19; G. S. Hutchison,
461 3210 298 48 Hillingdon,
786 3210 281 46 Middlesex,
1095 3211 236 46 England.
1401 3210 278 50 (32-20155)

386 3289 233 65 Jaeger,
648 3291 120 52 Leo
793 3290 242 61 Arnold,
1066 3296 169 50 1903-

523 3367 1852 72 … The administration of vacant and quasi-vacant dioceses
392 3444 60 53 in
478 3444 95 52 the
599 3444 217 53 United
847 3443 186 55 States;
1092 3445 294 54 historical
1414 3449 259 67 synopsis
1702 3448 64 53 of
1794 3451 228 66 general
2051 3450 323 68 legislation

393 3522 1982 74 and commentary … by Leo Arnold Jaeger … Washington,
391 3599 72 52 D.
492 3598 81 68 C.,
598 3599 121 52 The
747 3599 260 54 Catholic
1033 3601 316 69 university
1376 3602 64 53 of
1463 3602 284 69 America,
1777 3607 149 50 1932.

460 3673 64 46 xi,
556 3672 85 39 236
672 3683 43 36 p.
773 3672 146 40 22½ᶜᵐ.
988 3673 124 48 (The
1144 3675 220 40 Catholic
1397 3676 269 48 university
1699 3679 51 37 of
1782 3678 236 39 America.
2080 3679 165 39 Canon
2277 3681 95 38 law

388 3728 185 39 studies.
649 3738 75 31 no.
758 3728 80 47 81)

459 3783 171 40 Thesis
666 3784 62 48 (J.
785 3816 9 9 C.
853 3783 323 48 D.)—Catholic
1203 3784 270 51 university
1500 3789 52 38 of
1577 3787 235 50 America,
1841 3788 126 41 1932.

462 3838 371 48 “Biographical
865 3839 153 42 note.”

460 3894 346 49 Bibliography
824 3906 9 29 :
865 3906 44 37 p.
938 3895 217 42 222-227.

394 3945 51 53 ©
474 3951 126 39 June
625 3951 41 47 8,
692 3950 113 42 1932;
861 3952 66 40 2c.
956 3953 95 38 and
1080 3951 80 40 aff.
1190 3953 125 39 June
1342 3955 55 39 13;
1453 3955 41 38 A
1522 3953 142 42 52563;
1724 3955 218 41 Catholic
1971 3958 127 42 univ.
2129 3957 52 40 of
460 3958 1891 87 America.
618 4006 277 50 (32-18813)
