<alto xmlns="http://www.loc.gov/standards/alto/ns-v3#" xmlns:xlink="http://www.w3.org/1999/xlink" xmlns:xsi="http://www.w3.org/2001/XMLSchema-instance" xsi:schemaLocation="http://www.loc.gov/standards/alto/ns-v3# http://www.loc.gov/alto/v3/alto-3-0.xsd"><Description>
<MeasurementUnit>pixel</MeasurementUnit>
<sourceImageInformation>
<fileName>1932_v29_part001.pdf</fileName>
</sourceImageInformation>
<OCRProcessing ID="IdOcr">
<ocrProcessingStep>
<processingDateTime>2019-04-25</processingDateTime>
<processingSoftware>
<softwareCreator>ABBYY</softwareCreator>
<softwareName>ABBYY Recognition Server</softwareName>
<softwareVersion>4.0</softwareVersion>
</processingSoftware>
</ocrProcessingStep>
</OCRProcessing>
</Description>
<Styles>
<ParagraphStyle ID="StyleId-FFFFFFFF-FFFF-FFFF-FFFF-FFFFFFFFFFFF-" ALIGN="Left" LEFT="0." RIGHT="0." FIRSTLINE="0."/>
<ParagraphStyle ID="StyleId-547D96D3-B2DE-4E86-A4BD-9DDFC275973A-" ALIGN="Left" LEFT="0." RIGHT="0." FIRSTLINE="0." LINESPACE="7.699999809"/>
<ParagraphStyle ID="StyleId-BE433B82-DF6F-491A-9872-F562FF4150C8-" ALIGN="Block" LEFT="0." RIGHT="0." FIRSTLINE="-13." LINESPACE="7.900000095"/>
<ParagraphStyle ID="StyleId-CC286467-50C5-4655-B0CF-BA365CCE0736-" ALIGN="Block" LEFT="0." RIGHT="0." FIRSTLINE="-15." LINESPACE="8.479999542"/>
<ParagraphStyle ID="StyleId-9878414D-BEDB-487D-971A-CF5ADB5C4AD2-" ALIGN="Block" LEFT="0." RIGHT="0." FIRSTLINE="-14." LINESPACE="10.92000008"/>
<ParagraphStyle ID="StyleId-EBC70DE5-3635-4BD4-B07B-05DF6EFE0022-" ALIGN="Block" LEFT="0." RIGHT="0." FIRSTLINE="-13." LINESPACE="12.19999981"/>
<ParagraphStyle ID="StyleId-8A688F83-F017-4D5D-A00A-14637016ED45-" ALIGN="Left" LEFT="0." RIGHT="0." FIRSTLINE="0." LINESPACE="9.399999619"/>
<ParagraphStyle ID="StyleId-20F0BBAE-20C6-42F4-8113-00B5C02924DC-" ALIGN="Left" LEFT="0." RIGHT="0." FIRSTLINE="0." LINESPACE="11.10000038"/>
<ParagraphStyle ID="StyleId-7AA70148-8873-4ACB-90AE-BF9322E02302-" ALIGN="Left" LEFT="0." RIGHT="0." FIRSTLINE="-13." LINESPACE="11.09000015"/>
<ParagraphStyle ID="StyleId-072EF7BA-7207-4F8B-9A7C-F564E8B4CB16-" ALIGN="Left" LEFT="0." RIGHT="0." FIRSTLINE="-14." LINESPACE="12.19999981"/>
<ParagraphStyle ID="StyleId-44303D12-21D7-4DB0-9E9F-87FA1A861DD7-" ALIGN="Block" LEFT="0." RIGHT="0." FIRSTLINE="-14." LINESPACE="10.92000008"/>
<ParagraphStyle ID="StyleId-43CF0D44-8AC2-4CD0-865F-942C78705184-" ALIGN="Block" LEFT="0." RIGHT="0." FIRSTLINE="-13." LINESPACE="12.19999981"/>
<ParagraphStyle ID="StyleId-7A298A86-29F5-413A-AEC9-078A4CC464D7-" ALIGN="Block" LEFT="0." RIGHT="0." FIRSTLINE="13." LINESPACE="12.19999981"/>
<ParagraphStyle ID="StyleId-8E4E86F7-C1F9-4A1A-B605-6B1FC1C8E9F7-" ALIGN="Left" LEFT="0." RIGHT="0." FIRSTLINE="0." LINESPACE="11.60000038"/>
<ParagraphStyle ID="StyleId-AB39791B-5ED1-444F-BEF5-2CFED1F2709A-" ALIGN="Left" LEFT="0." RIGHT="0." FIRSTLINE="-13." LINESPACE="11.09000015"/>
<ParagraphStyle ID="StyleId-C1F2EEE7-CD00-4E11-9EAD-B222287AEDA4-" ALIGN="Center" LEFT="0." RIGHT="0." FIRSTLINE="0." LINESPACE="11.10000038"/>
</Styles>
<Layout>
<Page ID="Page1352" PHYSICAL_IMG_NR="1352" HEIGHT="4368" WIDTH="2563">
<TopMargin HEIGHT="426" WIDTH="2563" VPOS="0" HPOS="0">
</TopMargin>
<LeftMargin HEIGHT="3716" WIDTH="358" VPOS="426" HPOS="0">
</LeftMargin>
<RightMargin HEIGHT="3716" WIDTH="181" VPOS="426" HPOS="2382">
</RightMargin>
<BottomMargin HEIGHT="226" WIDTH="2563" VPOS="4142" HPOS="0">
</BottomMargin>
<PrintSpace HEIGHT="3716" WIDTH="2024" VPOS="426" HPOS="358">
<TextBlock ID="Page1352_Block1" HEIGHT="110" WIDTH="349" VPOS="4032" HPOS="1183" LANG="en-US" STYLEREFS="StyleId-4F3684DD-06EC-42D4-AE64-F7132638B050-">
<TextLine HEIGHT="52" WIDTH="133" VPOS="4055" HPOS="1305">
<String CONTENT="1352" HEIGHT="52" WIDTH="133" VPOS="4055" HPOS="1305"/>
</TextLine>
</TextBlock>
<TextBlock ID="Page1352_Block2" HEIGHT="3692" WIDTH="2024" VPOS="426" HPOS="358" LANG="en-US" CS="1" STYLEREFS="StyleId-9F28D108-F1C4-4613-800A-264D58A04AC1-">
<Shape>
<Polygon POINTS="358,426 2382,426 2382,4001 974,4001 974,4118 358,4118 358,426"/>
</Shape>
<TextLine HEIGHT="66" WIDTH="698" VPOS="437" HPOS="370" STYLEREFS="StyleId-0BAE1EEA-BE73-40CC-B5EF-77C62203B6F4-" LANG="fr">
<String CONTENT="Kessel," HEIGHT="66" WIDTH="224" VPOS="437" HPOS="370"/>
<SP HEIGHT="65" WIDTH="30" VPOS="438" HPOS="595"/>
<String CONTENT="Joseph," HEIGHT="65" WIDTH="239" VPOS="437" HPOS="626"/>
<SP HEIGHT="59" WIDTH="31" VPOS="443" HPOS="866"/>
<String CONTENT="1898-" HEIGHT="51" WIDTH="170" VPOS="441" HPOS="898"/>
</TextLine>
<TextLine HEIGHT="70" WIDTH="1922" VPOS="511" HPOS="442" STYLEREFS="StyleId-FACB6633-DEB5-412D-AFC1-B7A89B64E68A-">
<String LANG="fr" CONTENT="Crossroads" HEIGHT="56" WIDTH="338" VPOS="513" HPOS="442"/>
<SP HEIGHT="69" WIDTH="44" VPOS="512" HPOS="781"/>
<String LANG="fr" CONTENT="(Fortune" HEIGHT="69" WIDTH="280" VPOS="512" HPOS="826"/>
<SP HEIGHT="35" WIDTH="35" VPOS="530" HPOS="1107"/>
<String LANG="fr" CONTENT="carr&#233;e)" HEIGHT="67" WIDTH="214" VPOS="512" HPOS="1143"/>
<SP HEIGHT="67" WIDTH="44" VPOS="512" HPOS="1358"/>
<String LANG="en-US" CONTENT="by" HEIGHT="67" WIDTH="74" VPOS="512" HPOS="1403"/>
<SP HEIGHT="67" WIDTH="35" VPOS="512" HPOS="1478"/>
<String LANG="fr" CONTENT="Joseph" HEIGHT="68" WIDTH="215" VPOS="511" HPOS="1514"/>
<SP HEIGHT="52" WIDTH="37" VPOS="511" HPOS="1730"/>
<String LANG="fr" CONTENT="Kessel;" HEIGHT="67" WIDTH="226" VPOS="511" HPOS="1768"/>
<SP HEIGHT="48" WIDTH="39" VPOS="530" HPOS="1995"/>
<String LANG="en-US" CONTENT="authorized" HEIGHT="53" WIDTH="329" VPOS="511" HPOS="2035"/>
</TextLine>
<TextLine HEIGHT="73" WIDTH="1992" VPOS="587" HPOS="369" STYLEREFS="StyleId-FACB6633-DEB5-412D-AFC1-B7A89B64E68A-">
<String LANG="en-US" CONTENT="English" HEIGHT="71" WIDTH="244" VPOS="589" HPOS="369"/>
<SP HEIGHT="53" WIDTH="27" VPOS="592" HPOS="614"/>
<String LANG="fr" CONTENT="translation" HEIGHT="56" WIDTH="339" VPOS="589" HPOS="642"/>
<SP HEIGHT="53" WIDTH="27" VPOS="589" HPOS="982"/>
<String LANG="en-US" CONTENT="by" HEIGHT="68" WIDTH="74" VPOS="589" HPOS="1010"/>
<SP HEIGHT="68" WIDTH="25" VPOS="589" HPOS="1085"/>
<String LANG="fr" CONTENT="William" HEIGHT="54" WIDTH="259" VPOS="588" HPOS="1111"/>
<SP HEIGHT="52" WIDTH="27" VPOS="589" HPOS="1371"/>
<String LANG="en-US" CONTENT="Ahnon" HEIGHT="52" WIDTH="210" VPOS="589" HPOS="1399"/>
<SP HEIGHT="54" WIDTH="25" VPOS="588" HPOS="1610"/>
<String LANG="en-US" CONTENT="Wolff." HEIGHT="55" WIDTH="190" VPOS="587" HPOS="1636"/>
<SP HEIGHT="52" WIDTH="67" VPOS="588" HPOS="1827"/>
<String LANG="fr" CONTENT="New" HEIGHT="54" WIDTH="136" VPOS="588" HPOS="1895"/>
<SP HEIGHT="53" WIDTH="31" VPOS="589" HPOS="2032"/>
<String LANG="fr" CONTENT="York" HEIGHT="52" WIDTH="159" VPOS="589" HPOS="2064"/>
<SP HEIGHT="53" WIDTH="28" VPOS="589" HPOS="2224"/>
<String LANG="fr" CONTENT="and" HEIGHT="53" WIDTH="108" VPOS="589" HPOS="2253"/>
</TextLine>
<TextLine HEIGHT="69" WIDTH="1141" VPOS="667" HPOS="368" STYLEREFS="StyleId-FACB6633-DEB5-412D-AFC1-B7A89B64E68A-">
<String LANG="fr" CONTENT="London," HEIGHT="68" WIDTH="257" VPOS="668" HPOS="368"/>
<SP HEIGHT="69" WIDTH="28" VPOS="667" HPOS="626"/>
<String LANG="fr" CONTENT="G." HEIGHT="58" WIDTH="68" VPOS="667" HPOS="655"/>
<SP HEIGHT="58" WIDTH="31" VPOS="667" HPOS="724"/>
<String LANG="fr" CONTENT="P." HEIGHT="54" WIDTH="64" VPOS="667" HPOS="756"/>
<SP HEIGHT="54" WIDTH="33" VPOS="667" HPOS="821"/>
<String LANG="en-US" CONTENT="Putnam&#8217;s" HEIGHT="55" WIDTH="293" VPOS="667" HPOS="855"/>
<SP HEIGHT="36" WIDTH="32" VPOS="686" HPOS="1149"/>
<String LANG="fr" CONTENT="sons," HEIGHT="49" WIDTH="144" VPOS="684" HPOS="1182"/>
<SP HEIGHT="64" WIDTH="32" VPOS="669" HPOS="1327"/>
<String LANG="fr" CONTENT="1932." HEIGHT="50" WIDTH="149" VPOS="669" HPOS="1360"/>
</TextLine>
<TextLine HEIGHT="52" WIDTH="1036" VPOS="750" HPOS="440" LANG="fr" CS="1">
<String CONTENT="5" HEIGHT="40" WIDTH="27" VPOS="753" HPOS="440"/>
<SP HEIGHT="49" WIDTH="26" VPOS="753" HPOS="468"/>
<String CONTENT="p." HEIGHT="37" WIDTH="42" VPOS="765" HPOS="495"/>
<SP/>
<String CS="1" CONTENT="l.,"/>
<SP/>
<String CONTENT="3-342" HEIGHT="41" WIDTH="146" VPOS="752" HPOS="644"/>
<SP HEIGHT="48" WIDTH="27" VPOS="752" HPOS="791"/>
<String CONTENT="p." HEIGHT="37" WIDTH="43" VPOS="763" HPOS="819"/>
<SP HEIGHT="41" WIDTH="57" VPOS="752" HPOS="863"/>
<String CONTENT="illus." HEIGHT="39" WIDTH="127" VPOS="752" HPOS="921"/>
<SP HEIGHT="49" WIDTH="28" VPOS="750" HPOS="1049"/>
<String LANG="en-US" CONTENT="(maps)" HEIGHT="50" WIDTH="185" VPOS="750" HPOS="1078"/>
<SP HEIGHT="49" WIDTH="66" VPOS="751" HPOS="1264"/>
<String CS="1" CONTENT="19&#189;" HEIGHT="41" WIDTH="56" VPOS="751" HPOS="1331"/>
<String STYLE="superscript" CS="1" CONTENT="&#7580;&#7504;"/>
<String CONTENT="." HEIGHT="10" WIDTH="9" VPOS="784" HPOS="1467"/>
</TextLine>
<TextLine HEIGHT="52" WIDTH="1994" VPOS="823" HPOS="375" LANG="fr">
<String CONTENT="&#169;" HEIGHT="52" WIDTH="52" VPOS="823" HPOS="375"/>
<SP HEIGHT="52" WIDTH="34" VPOS="823" HPOS="428"/>
<String CONTENT="Sept." HEIGHT="48" WIDTH="126" VPOS="827" HPOS="463"/>
<SP HEIGHT="37" WIDTH="32" VPOS="828" HPOS="590"/>
<String CONTENT="2," HEIGHT="45" WIDTH="40" VPOS="828" HPOS="623"/>
<SP HEIGHT="47" WIDTH="34" VPOS="826" HPOS="664"/>
<String CONTENT="1932;" HEIGHT="49" WIDTH="140" VPOS="823" HPOS="699"/>
<SP HEIGHT="47" WIDTH="33" VPOS="825" HPOS="840"/>
<String CONTENT="2c." HEIGHT="39" WIDTH="66" VPOS="825" HPOS="874"/>
<SP HEIGHT="40" WIDTH="37" VPOS="825" HPOS="941"/>
<String CONTENT="Sept." HEIGHT="47" WIDTH="127" VPOS="825" HPOS="979"/>
<SP HEIGHT="37" WIDTH="33" VPOS="827" HPOS="1107"/>
<String CONTENT="14;" HEIGHT="45" WIDTH="80" VPOS="827" HPOS="1141"/>
<SP HEIGHT="36" WIDTH="37" VPOS="836" HPOS="1222"/>
<String CONTENT="aff." HEIGHT="41" WIDTH="80" VPOS="824" HPOS="1260"/>
<SP HEIGHT="41" WIDTH="35" VPOS="825" HPOS="1341"/>
<String CONTENT="Sept." HEIGHT="48" WIDTH="127" VPOS="825" HPOS="1377"/>
<SP HEIGHT="39" WIDTH="34" VPOS="827" HPOS="1505"/>
<String CONTENT="10;" HEIGHT="47" WIDTH="81" VPOS="826" HPOS="1540"/>
<SP HEIGHT="47" WIDTH="35" VPOS="826" HPOS="1622"/>
<!-- cceid 0F058DA9-6D7D-1014-B4A5-D7A31D17AB40 --><String CONTENT="A" HEIGHT="39" WIDTH="41" VPOS="826" HPOS="1658"/>
<SP HEIGHT="40" WIDTH="33" VPOS="826" HPOS="1700"/>
<String CONTENT="54817;" HEIGHT="48" WIDTH="168" VPOS="826" HPOS="1734"/>
<SP HEIGHT="47" WIDTH="39" VPOS="827" HPOS="1903"/>
<String CONTENT="G." HEIGHT="40" WIDTH="52" VPOS="827" HPOS="1943"/>
<SP HEIGHT="39" WIDTH="34" VPOS="828" HPOS="1996"/>
<String CONTENT="P." HEIGHT="39" WIDTH="51" VPOS="828" HPOS="2031"/>
<SP HEIGHT="40" WIDTH="34" VPOS="827" HPOS="2083"/>
<String LANG="en-US" CONTENT="Putnam&#8217;s" HEIGHT="41" WIDTH="251" VPOS="826" HPOS="2118"/>
</TextLine>
<TextLine HEIGHT="50" WIDTH="475" VPOS="881" HPOS="442" LANG="fr">
<String CONTENT="sons." HEIGHT="32" WIDTH="125" VPOS="892" HPOS="442"/>
<SP HEIGHT="49" WIDTH="69" VPOS="882" HPOS="568"/>
<String CONTENT="(32-23417)" HEIGHT="50" WIDTH="279" VPOS="881" HPOS="638"/>
</TextLine>
<TextLine HEIGHT="65" WIDTH="558" VPOS="994" HPOS="371" STYLEREFS="StyleId-0BAE1EEA-BE73-40CC-B5EF-77C62203B6F4-">
<String CONTENT="Kingman," HEIGHT="65" WIDTH="317" VPOS="994" HPOS="371"/>
<SP HEIGHT="65" WIDTH="30" VPOS="994" HPOS="689"/>
<String CONTENT="Tracy." HEIGHT="62" WIDTH="209" VPOS="994" HPOS="720"/>
</TextLine>
<TextLine HEIGHT="72" WIDTH="1906" VPOS="1067" HPOS="438" STYLEREFS="StyleId-FACB6633-DEB5-412D-AFC1-B7A89B64E68A-" CS="1">
<String LANG="fr" CONTENT="An" HEIGHT="52" WIDTH="97" VPOS="1069" HPOS="438"/>
<SP HEIGHT="35" WIDTH="20" VPOS="1086" HPOS="536"/>
<String LANG="en-US" CONTENT="authenticated" HEIGHT="53" WIDTH="425" VPOS="1068" HPOS="557"/>
<SP HEIGHT="52" WIDTH="24" VPOS="1069" HPOS="983"/>
<String LANG="en-US" CONTENT="contemporary" HEIGHT="64" WIDTH="436" VPOS="1074" HPOS="1008"/>
<SP HEIGHT="51" WIDTH="24" VPOS="1087" HPOS="1445"/>
<String LANG="fr" CONTENT="portrait" HEIGHT="67" WIDTH="248" VPOS="1070" HPOS="1470"/>
<SP HEIGHT="49" WIDTH="22" VPOS="1074" HPOS="1719"/>
<String LANG="en-US" CONTENT="of" HEIGHT="55" WIDTH="64" VPOS="1068" HPOS="1742"/>
<SP HEIGHT="57" WIDTH="25" VPOS="1067" HPOS="1807"/>
<String LANG="fr" CONTENT="Shakespeare" HEIGHT="71" WIDTH="387" VPOS="1067" HPOS="1833"/>
<SP HEIGHT="47" WIDTH="29" VPOS="1090" HPOS="2221"/>
<String LANG="fr" CS="1" CONTENT="[by]" HEIGHT="69" WIDTH="93" VPOS="1070" HPOS="2251"/>
</TextLine>
<TextLine HEIGHT="72" WIDTH="1574" VPOS="1145" HPOS="371" STYLEREFS="StyleId-FACB6633-DEB5-412D-AFC1-B7A89B64E68A-">
<String LANG="en-US" CONTENT="Tracy" HEIGHT="67" WIDTH="188" VPOS="1148" HPOS="371"/>
<SP HEIGHT="69" WIDTH="21" VPOS="1146" HPOS="560"/>
<String LANG="en-US" CONTENT="Kingman." HEIGHT="70" WIDTH="313" VPOS="1146" HPOS="582"/>
<SP HEIGHT="53" WIDTH="62" VPOS="1146" HPOS="896"/>
<String LANG="fr" CONTENT="New" HEIGHT="53" WIDTH="139" VPOS="1146" HPOS="959"/>
<SP HEIGHT="53" WIDTH="26" VPOS="1146" HPOS="1099"/>
<String LANG="fr" CONTENT="York," HEIGHT="70" WIDTH="180" VPOS="1145" HPOS="1126"/>
<SP HEIGHT="69" WIDTH="23" VPOS="1146" HPOS="1307"/>
<String LANG="fr" CONTENT="W." HEIGHT="54" WIDTH="90" VPOS="1146" HPOS="1331"/>
<SP HEIGHT="52" WIDTH="28" VPOS="1147" HPOS="1422"/>
<String LANG="fr" CONTENT="E." HEIGHT="53" WIDTH="67" VPOS="1147" HPOS="1451"/>
<SP HEIGHT="53" WIDTH="25" VPOS="1147" HPOS="1519"/>
<String LANG="fr" CONTENT="Rudge," HEIGHT="70" WIDTH="220" VPOS="1147" HPOS="1545"/>
<SP HEIGHT="66" WIDTH="28" VPOS="1151" HPOS="1766"/>
<String LANG="fr" CONTENT="1932." HEIGHT="53" WIDTH="150" VPOS="1149" HPOS="1795"/>
</TextLine>
<TextLine HEIGHT="51" WIDTH="1689" VPOS="1231" HPOS="442" LANG="fr" CS="1">
<String CONTENT="6" HEIGHT="41" WIDTH="27" VPOS="1232" HPOS="442"/>
<SP HEIGHT="49" WIDTH="31" VPOS="1232" HPOS="470"/>
<String CONTENT="p." HEIGHT="37" WIDTH="42" VPOS="1244" HPOS="502"/>
<SP/>
<String CS="1" CONTENT="l.,"/>
<SP/>
<String CONTENT="3-87," HEIGHT="47" WIDTH="128" VPOS="1232" HPOS="656"/>
<SP HEIGHT="30" WIDTH="38" VPOS="1252" HPOS="785"/>
<String CONTENT="[1]" HEIGHT="49" WIDTH="55" VPOS="1233" HPOS="824"/>
<SP HEIGHT="39" WIDTH="32" VPOS="1243" HPOS="880"/>
<String CONTENT="p." HEIGHT="37" WIDTH="43" VPOS="1243" HPOS="913"/>
<SP HEIGHT="31" WIDTH="59" VPOS="1242" HPOS="957"/>
<String CONTENT="col." HEIGHT="41" WIDTH="87" VPOS="1232" HPOS="1017"/>
<SP HEIGHT="40" WIDTH="32" VPOS="1233" HPOS="1105"/>
<String CONTENT="front.," HEIGHT="47" WIDTH="164" VPOS="1233" HPOS="1138"/>
<SP HEIGHT="39" WIDTH="34" VPOS="1241" HPOS="1303"/>
<String CONTENT="plates," HEIGHT="50" WIDTH="171" VPOS="1231" HPOS="1338"/>
<SP HEIGHT="39" WIDTH="34" VPOS="1242" HPOS="1510"/>
<String CONTENT="ports.," HEIGHT="47" WIDTH="162" VPOS="1233" HPOS="1545"/>
<SP HEIGHT="48" WIDTH="32" VPOS="1232" HPOS="1708"/>
<String CONTENT="facsims." HEIGHT="41" WIDTH="214" VPOS="1232" HPOS="1741"/>
<SP HEIGHT="40" WIDTH="58" VPOS="1232" HPOS="1956"/>
<String CONTENT="26" HEIGHT="41" WIDTH="57" VPOS="1232" HPOS="2015"/>
<String STYLE="superscript" CS="1" CONTENT="&#7580;&#7504;"/>
<String CONTENT="." HEIGHT="10" WIDTH="9" VPOS="1267" HPOS="2122"/>
</TextLine>
<TextLine HEIGHT="50" WIDTH="1922" VPOS="1288" HPOS="447">
<String LANG="en-US" CONTENT="The" HEIGHT="40" WIDTH="98" VPOS="1290" HPOS="447"/>
<SP HEIGHT="38" WIDTH="33" VPOS="1299" HPOS="546"/>
<String LANG="en-US" CONTENT="painting" HEIGHT="48" WIDTH="225" VPOS="1289" HPOS="580"/>
<SP HEIGHT="48" WIDTH="30" VPOS="1289" HPOS="806"/>
<String LANG="en-US" CONTENT="described" HEIGHT="41" WIDTH="249" VPOS="1288" HPOS="837"/>
<SP HEIGHT="41" WIDTH="35" VPOS="1288" HPOS="1087"/>
<String LANG="en-US" CONTENT="is" HEIGHT="41" WIDTH="43" VPOS="1288" HPOS="1123"/>
<SP HEIGHT="30" WIDTH="33" VPOS="1299" HPOS="1167"/>
<String LANG="fr" CONTENT="a" HEIGHT="30" WIDTH="28" VPOS="1299" HPOS="1201"/>
<SP HEIGHT="31" WIDTH="37" VPOS="1298" HPOS="1230"/>
<String LANG="en-US" CONTENT="supposed" HEIGHT="47" WIDTH="238" VPOS="1289" HPOS="1268"/>
<SP HEIGHT="48" WIDTH="32" VPOS="1289" HPOS="1507"/>
<String LANG="fr" CONTENT="portrait" HEIGHT="48" WIDTH="213" VPOS="1289" HPOS="1540"/>
<SP HEIGHT="40" WIDTH="32" VPOS="1290" HPOS="1754"/>
<String LANG="en-US" CONTENT="of" HEIGHT="42" WIDTH="54" VPOS="1288" HPOS="1787"/>
<SP HEIGHT="42" WIDTH="36" VPOS="1288" HPOS="1842"/>
<String LANG="fr" CONTENT="Shakespeare" HEIGHT="50" WIDTH="333" VPOS="1288" HPOS="1879"/>
<SP HEIGHT="30" WIDTH="34" VPOS="1301" HPOS="2213"/>
<String LANG="en-US" CONTENT="with" HEIGHT="42" WIDTH="121" VPOS="1290" HPOS="2248"/>
</TextLine>
<TextLine HEIGHT="49" WIDTH="1993" VPOS="1345" HPOS="373">
<String CONTENT="Ben" HEIGHT="42" WIDTH="101" VPOS="1345" HPOS="373"/>
<SP HEIGHT="41" WIDTH="32" VPOS="1345" HPOS="475"/>
<String CONTENT="Jonson." HEIGHT="41" WIDTH="197" VPOS="1345" HPOS="508"/>
<SP HEIGHT="40" WIDTH="60" VPOS="1346" HPOS="706"/>
<String CONTENT="A" HEIGHT="38" WIDTH="38" VPOS="1346" HPOS="767"/>
<SP HEIGHT="39" WIDTH="36" VPOS="1345" HPOS="806"/>
<String CONTENT="large" HEIGHT="48" WIDTH="133" VPOS="1345" HPOS="843"/>
<SP HEIGHT="39" WIDTH="29" VPOS="1354" HPOS="977"/>
<String CONTENT="part" HEIGHT="46" WIDTH="113" VPOS="1347" HPOS="1007"/>
<SP HEIGHT="38" WIDTH="30" VPOS="1347" HPOS="1121"/>
<String CONTENT="of" HEIGHT="40" WIDTH="54" VPOS="1345" HPOS="1152"/>
<SP HEIGHT="40" WIDTH="31" VPOS="1345" HPOS="1207"/>
<String CONTENT="the" HEIGHT="41" WIDTH="81" VPOS="1345" HPOS="1239"/>
<SP HEIGHT="41" WIDTH="31" VPOS="1345" HPOS="1321"/>
<String CONTENT="book" HEIGHT="40" WIDTH="124" VPOS="1345" HPOS="1353"/>
<SP HEIGHT="40" WIDTH="31" VPOS="1345" HPOS="1478"/>
<String CONTENT="is" HEIGHT="41" WIDTH="44" VPOS="1345" HPOS="1510"/>
<SP HEIGHT="38" WIDTH="32" VPOS="1355" HPOS="1555"/>
<String CONTENT="quoted" HEIGHT="47" WIDTH="177" VPOS="1346" HPOS="1588"/>
<SP HEIGHT="41" WIDTH="33" VPOS="1345" HPOS="1766"/>
<String CONTENT="from" HEIGHT="41" WIDTH="127" VPOS="1345" HPOS="1800"/>
<SP HEIGHT="29" WIDTH="35" VPOS="1356" HPOS="1928"/>
<String CONTENT="reports" HEIGHT="46" WIDTH="190" VPOS="1348" HPOS="1964"/>
<SP HEIGHT="40" WIDTH="31" VPOS="1347" HPOS="2155"/>
<String CONTENT="by" HEIGHT="47" WIDTH="61" VPOS="1347" HPOS="2187"/>
<SP HEIGHT="47" WIDTH="32" VPOS="1347" HPOS="2249"/>
<String CONTENT="Dr." HEIGHT="41" WIDTH="84" VPOS="1347" HPOS="2282"/>
</TextLine>
<TextLine HEIGHT="52" WIDTH="1995" VPOS="1400" HPOS="372">
<String CONTENT="Paul" HEIGHT="41" WIDTH="121" VPOS="1402" HPOS="372"/>
<SP HEIGHT="40" WIDTH="31" VPOS="1402" HPOS="494"/>
<String CONTENT="Wislicenus" HEIGHT="41" WIDTH="293" VPOS="1402" HPOS="526"/>
<SP HEIGHT="30" WIDTH="30" VPOS="1412" HPOS="820"/>
<String CONTENT="and" HEIGHT="40" WIDTH="95" VPOS="1402" HPOS="851"/>
<SP HEIGHT="42" WIDTH="30" VPOS="1400" HPOS="947"/>
<String CONTENT="Dr." HEIGHT="43" WIDTH="85" VPOS="1400" HPOS="978"/>
<SP HEIGHT="42" WIDTH="34" VPOS="1401" HPOS="1064"/>
<String CONTENT="Maximilian" HEIGHT="41" WIDTH="308" VPOS="1400" HPOS="1099"/>
<SP HEIGHT="39" WIDTH="31" VPOS="1401" HPOS="1408"/>
<String CONTENT="Toch," HEIGHT="48" WIDTH="143" VPOS="1401" HPOS="1440"/>
<SP HEIGHT="37" WIDTH="33" VPOS="1412" HPOS="1584"/>
<String CONTENT="attributing" HEIGHT="50" WIDTH="295" VPOS="1400" HPOS="1618"/>
<SP HEIGHT="46" WIDTH="31" VPOS="1404" HPOS="1914"/>
<String CONTENT="the" HEIGHT="41" WIDTH="81" VPOS="1403" HPOS="1946"/>
<SP HEIGHT="39" WIDTH="31" VPOS="1412" HPOS="2028"/>
<String CONTENT="painting" HEIGHT="50" WIDTH="226" VPOS="1402" HPOS="2060"/>
<SP HEIGHT="47" WIDTH="30" VPOS="1405" HPOS="2287"/>
<String CONTENT="to" HEIGHT="40" WIDTH="49" VPOS="1405" HPOS="2318"/>
</TextLine>
<TextLine HEIGHT="49" WIDTH="1411" VPOS="1457" HPOS="372">
<String CONTENT="Karel" HEIGHT="42" WIDTH="150" VPOS="1458" HPOS="372"/>
<SP HEIGHT="38" WIDTH="24" VPOS="1460" HPOS="523"/>
<String CONTENT="van" HEIGHT="29" WIDTH="94" VPOS="1470" HPOS="548"/>
<SP HEIGHT="40" WIDTH="26" VPOS="1458" HPOS="643"/>
<String LANG="fr" CONTENT="Mander" HEIGHT="42" WIDTH="204" VPOS="1458" HPOS="670"/>
<SP HEIGHT="30" WIDTH="24" VPOS="1468" HPOS="875"/>
<String CONTENT="and" HEIGHT="40" WIDTH="95" VPOS="1459" HPOS="900"/>
<SP HEIGHT="40" WIDTH="28" VPOS="1459" HPOS="996"/>
<String CONTENT="authenticating" HEIGHT="49" WIDTH="393" VPOS="1457" HPOS="1025"/>
<SP HEIGHT="47" WIDTH="25" VPOS="1459" HPOS="1419"/>
<String CONTENT="the" HEIGHT="41" WIDTH="82" VPOS="1458" HPOS="1445"/>
<SP HEIGHT="31" WIDTH="27" VPOS="1468" HPOS="1528"/>
<String CONTENT="subjects." HEIGHT="48" WIDTH="227" VPOS="1457" HPOS="1556"/>
</TextLine>
<TextLine HEIGHT="53" WIDTH="1993" VPOS="1527" HPOS="378" CS="1">
<String CONTENT="&#169;" HEIGHT="52" WIDTH="52" VPOS="1527" HPOS="378"/>
<SP HEIGHT="52" WIDTH="32" VPOS="1527" HPOS="431"/>
<String CONTENT="July" HEIGHT="48" WIDTH="116" VPOS="1530" HPOS="464"/>
<SP HEIGHT="47" WIDTH="31" VPOS="1531" HPOS="581"/>
<String CONTENT="6," HEIGHT="47" WIDTH="39" VPOS="1531" HPOS="613"/>
<SP HEIGHT="47" WIDTH="33" VPOS="1531" HPOS="653"/>
<String CONTENT="1932;" HEIGHT="47" WIDTH="139" VPOS="1530" HPOS="687"/>
<SP HEIGHT="48" WIDTH="35" VPOS="1529" HPOS="827"/>
<String CONTENT="2c." HEIGHT="41" WIDTH="65" VPOS="1529" HPOS="863"/>
<SP HEIGHT="38" WIDTH="35" VPOS="1531" HPOS="929"/>
<String CONTENT="July" HEIGHT="47" WIDTH="116" VPOS="1530" HPOS="965"/>
<SP HEIGHT="49" WIDTH="31" VPOS="1528" HPOS="1082"/>
<String CONTENT="20;" HEIGHT="48" WIDTH="82" VPOS="1528" HPOS="1114"/>
<SP HEIGHT="36" WIDTH="35" VPOS="1540" HPOS="1197"/>
<String CONTENT="aff." HEIGHT="40" WIDTH="81" VPOS="1529" HPOS="1233"/>
<SP HEIGHT="39" WIDTH="35" VPOS="1530" HPOS="1315"/>
<String CONTENT="Aug." HEIGHT="48" WIDTH="119" VPOS="1530" HPOS="1351"/>
<SP HEIGHT="39" WIDTH="31" VPOS="1531" HPOS="1471"/>
<String CS="1" CONTENT="6;" HEIGHT="36" WIDTH="8" VPOS="1541" HPOS="1547"/>
<SP HEIGHT="46" WIDTH="36" VPOS="1531" HPOS="1556"/>
<!-- cceid 0F05D076-6D7D-1014-B4A5-D7A31D17AB40 --><String CONTENT="A" HEIGHT="38" WIDTH="40" VPOS="1531" HPOS="1593"/>
<SP HEIGHT="41" WIDTH="32" VPOS="1529" HPOS="1634"/>
<String CONTENT="54349;" HEIGHT="50" WIDTH="170" VPOS="1529" HPOS="1667"/>
<SP HEIGHT="47" WIDTH="34" VPOS="1532" HPOS="1838"/>
<String CONTENT="T." HEIGHT="40" WIDTH="53" VPOS="1532" HPOS="1873"/>
<SP HEIGHT="40" WIDTH="33" VPOS="1532" HPOS="1927"/>
<String CONTENT="Kingman." HEIGHT="48" WIDTH="258" VPOS="1532" HPOS="1961"/>
<SP HEIGHT="40" WIDTH="34" VPOS="1533" HPOS="2220"/>
<String CONTENT="New" HEIGHT="39" WIDTH="116" VPOS="1533" HPOS="2255"/>
</TextLine>
<TextLine HEIGHT="49" WIDTH="493" VPOS="1586" HPOS="445">
<String CONTENT="York." HEIGHT="40" WIDTH="143" VPOS="1588" HPOS="445"/>
<SP HEIGHT="49" WIDTH="69" VPOS="1586" HPOS="589"/>
<String CONTENT="(32-23697)" HEIGHT="49" WIDTH="279" VPOS="1586" HPOS="659"/>
</TextLine>
<TextLine HEIGHT="66" WIDTH="626" VPOS="1689" HPOS="372" STYLEREFS="StyleId-0BAE1EEA-BE73-40CC-B5EF-77C62203B6F4-">
<String CONTENT="Kohn," HEIGHT="66" WIDTH="191" VPOS="1689" HPOS="372"/>
<SP HEIGHT="65" WIDTH="29" VPOS="1690" HPOS="564"/>
<String CONTENT="Jacob," HEIGHT="65" WIDTH="199" VPOS="1690" HPOS="594"/>
<SP HEIGHT="59" WIDTH="34" VPOS="1696" HPOS="794"/>
<String CONTENT="1881-" HEIGHT="51" WIDTH="169" VPOS="1694" HPOS="829"/>
</TextLine>
<TextLine HEIGHT="70" WIDTH="1928" VPOS="1766" HPOS="441" STYLEREFS="StyleId-FACB6633-DEB5-412D-AFC1-B7A89B64E68A-">
<String CONTENT="Modern" HEIGHT="54" WIDTH="244" VPOS="1767" HPOS="441"/>
<SP HEIGHT="49" WIDTH="39" VPOS="1786" HPOS="686"/>
<String CONTENT="problems" HEIGHT="68" WIDTH="284" VPOS="1767" HPOS="726"/>
<SP HEIGHT="35" WIDTH="41" VPOS="1786" HPOS="1011"/>
<String CONTENT="of" HEIGHT="55" WIDTH="64" VPOS="1766" HPOS="1053"/>
<SP HEIGHT="55" WIDTH="38" VPOS="1766" HPOS="1118"/>
<String CONTENT="Jewish" HEIGHT="55" WIDTH="217" VPOS="1766" HPOS="1157"/>
<SP HEIGHT="68" WIDTH="40" VPOS="1767" HPOS="1375"/>
<String CONTENT="parents;" HEIGHT="63" WIDTH="259" VPOS="1772" HPOS="1416"/>
<SP HEIGHT="48" WIDTH="44" VPOS="1786" HPOS="1676"/>
<String CONTENT="a" HEIGHT="34" WIDTH="31" VPOS="1786" HPOS="1721"/>
<SP HEIGHT="34" WIDTH="40" VPOS="1786" HPOS="1753"/>
<String CONTENT="study" HEIGHT="70" WIDTH="170" VPOS="1766" HPOS="1794"/>
<SP HEIGHT="69" WIDTH="40" VPOS="1767" HPOS="1965"/>
<String CONTENT="in" HEIGHT="53" WIDTH="59" VPOS="1767" HPOS="2006"/>
<SP HEIGHT="49" WIDTH="41" VPOS="1786" HPOS="2066"/>
<String CONTENT="parental" HEIGHT="67" WIDTH="261" VPOS="1768" HPOS="2108"/>
</TextLine>
<TextLine HEIGHT="70" WIDTH="1996" VPOS="1844" HPOS="374" STYLEREFS="StyleId-FACB6633-DEB5-412D-AFC1-B7A89B64E68A-" CS="1">
<String CONTENT="attitudes," HEIGHT="66" WIDTH="290" VPOS="1846" HPOS="374"/>
<SP HEIGHT="68" WIDTH="26" VPOS="1844" HPOS="665"/>
<String CONTENT="by" HEIGHT="68" WIDTH="75" VPOS="1844" HPOS="692"/>
<SP HEIGHT="68" WIDTH="27" VPOS="1844" HPOS="768"/>
<String CONTENT="Jacob" HEIGHT="54" WIDTH="179" VPOS="1844" HPOS="796"/>
<SP HEIGHT="53" WIDTH="29" VPOS="1844" HPOS="976"/>
<String CONTENT="Kohn" HEIGHT="52" WIDTH="175" VPOS="1845" HPOS="1006"/>
<SP HEIGHT="33" WIDTH="31" VPOS="1864" HPOS="1182"/>
<String CS="1" CONTENT="&#8230;"/>
<SP HEIGHT="53" WIDTH="69" VPOS="1845" HPOS="1270"/>
<String CONTENT="New" HEIGHT="53" WIDTH="138" VPOS="1845" HPOS="1340"/>
<SP HEIGHT="52" WIDTH="29" VPOS="1844" HPOS="1479"/>
<String CONTENT="York" HEIGHT="53" WIDTH="161" VPOS="1844" HPOS="1509"/>
<SP HEIGHT="53" WIDTH="28" VPOS="1845" HPOS="1671"/>
<String CONTENT="city," HEIGHT="67" WIDTH="133" VPOS="1845" HPOS="1700"/>
<SP HEIGHT="66" WIDTH="24" VPOS="1846" HPOS="1834"/>
<String CONTENT="Women&#8217;s" HEIGHT="55" WIDTH="285" VPOS="1844" HPOS="1859"/>
<SP HEIGHT="51" WIDTH="27" VPOS="1847" HPOS="2145"/>
<String CONTENT="league" HEIGHT="67" WIDTH="197" VPOS="1847" HPOS="2173"/>
</TextLine>
<TextLine HEIGHT="69" WIDTH="1390" VPOS="1921" HPOS="373" STYLEREFS="StyleId-FACB6633-DEB5-412D-AFC1-B7A89B64E68A-">
<String CONTENT="of" HEIGHT="53" WIDTH="64" VPOS="1923" HPOS="373"/>
<SP HEIGHT="54" WIDTH="29" VPOS="1923" HPOS="438"/>
<String CONTENT="the" HEIGHT="53" WIDTH="95" VPOS="1924" HPOS="468"/>
<SP HEIGHT="53" WIDTH="29" VPOS="1924" HPOS="564"/>
<String CONTENT="United" HEIGHT="54" WIDTH="216" VPOS="1923" HPOS="594"/>
<SP HEIGHT="52" WIDTH="30" VPOS="1924" HPOS="811"/>
<String CONTENT="synagogue" HEIGHT="50" WIDTH="327" VPOS="1940" HPOS="842"/>
<SP HEIGHT="35" WIDTH="30" VPOS="1940" HPOS="1170"/>
<String CONTENT="of" HEIGHT="53" WIDTH="64" VPOS="1921" HPOS="1201"/>
<SP HEIGHT="53" WIDTH="29" VPOS="1921" HPOS="1266"/>
<String CONTENT="America," HEIGHT="68" WIDTH="284" VPOS="1921" HPOS="1296"/>
<SP HEIGHT="63" WIDTH="32" VPOS="1926" HPOS="1581"/>
<String CONTENT="1932." HEIGHT="52" WIDTH="149" VPOS="1923" HPOS="1614"/>
</TextLine>
<TextLine HEIGHT="51" WIDTH="422" VPOS="2008" HPOS="444" STYLEREFS="StyleId-FACB6633-DEB5-412D-AFC1-B7A89B64E68A-" CS="1">
<String CONTENT="ix," HEIGHT="49" WIDTH="64" VPOS="2010" HPOS="444"/>
<SP HEIGHT="48" WIDTH="26" VPOS="2011" HPOS="509"/>
<String CONTENT="130" HEIGHT="42" WIDTH="86" VPOS="2009" HPOS="536"/>
<SP HEIGHT="49" WIDTH="22" VPOS="2009" HPOS="623"/>
<String CONTENT="p." HEIGHT="37" WIDTH="44" VPOS="2021" HPOS="646"/>
<SP HEIGHT="40" WIDTH="57" VPOS="2009" HPOS="691"/>
<String CONTENT="19" HEIGHT="41" WIDTH="57" VPOS="2008" HPOS="749"/>
<String STYLE="superscript" CS="1" CONTENT="&#7580;&#7504;"/>
<String CONTENT="." HEIGHT="9" WIDTH="9" VPOS="2040" HPOS="857"/>
</TextLine>
<TextLine HEIGHT="52" WIDTH="1992" VPOS="2077" HPOS="379" CS="1">
<String CONTENT="&#169;" HEIGHT="52" WIDTH="52" VPOS="2077" HPOS="379"/>
<SP HEIGHT="52" WIDTH="33" VPOS="2077" HPOS="432"/>
<String CONTENT="May" HEIGHT="46" WIDTH="112" VPOS="2082" HPOS="466"/>
<SP HEIGHT="46" WIDTH="32" VPOS="2082" HPOS="579"/>
<String CS="1" CONTENT="12," HEIGHT="47" WIDTH="40" VPOS="2081" HPOS="640"/>
<SP HEIGHT="44" WIDTH="36" VPOS="2084" HPOS="681"/>
<String CONTENT="1932;" HEIGHT="48" WIDTH="136" VPOS="2079" HPOS="718"/>
<SP HEIGHT="47" WIDTH="34" VPOS="2080" HPOS="855"/>
<String CONTENT="2c." HEIGHT="41" WIDTH="67" VPOS="2080" HPOS="890"/>
<SP HEIGHT="41" WIDTH="32" VPOS="2080" HPOS="958"/>
<String CONTENT="Aug." HEIGHT="47" WIDTH="118" VPOS="2080" HPOS="991"/>
<SP HEIGHT="39" WIDTH="32" VPOS="2081" HPOS="1110"/>
<String CONTENT="25;" HEIGHT="45" WIDTH="81" VPOS="2081" HPOS="1143"/>
<SP HEIGHT="35" WIDTH="35" VPOS="2091" HPOS="1225"/>
<String CONTENT="aff." HEIGHT="39" WIDTH="81" VPOS="2080" HPOS="1261"/>
<SP HEIGHT="39" WIDTH="32" VPOS="2080" HPOS="1343"/>
<String CONTENT="Aug." HEIGHT="46" WIDTH="119" VPOS="2080" HPOS="1376"/>
<SP HEIGHT="38" WIDTH="32" VPOS="2080" HPOS="1496"/>
<String CONTENT="24;" HEIGHT="47" WIDTH="82" VPOS="2080" HPOS="1529"/>
<SP HEIGHT="46" WIDTH="34" VPOS="2081" HPOS="1612"/>
<!-- cceid 0F0613C7-6D7D-1014-B4A5-D7A31D17AB40 --><String CONTENT="A" HEIGHT="39" WIDTH="41" VPOS="2081" HPOS="1647"/>
<SP HEIGHT="40" WIDTH="33" VPOS="2081" HPOS="1689"/>
<String CS="1" CONTENT="53812;" HEIGHT="40" WIDTH="141" VPOS="2081" HPOS="1723"/>
<SP HEIGHT="39" WIDTH="35" VPOS="2082" HPOS="1893"/>
<String CONTENT="Women&#8217;s" HEIGHT="42" WIDTH="239" VPOS="2079" HPOS="1929"/>
<SP HEIGHT="37" WIDTH="33" VPOS="2082" HPOS="2169"/>
<String CONTENT="league" HEIGHT="46" WIDTH="168" VPOS="2082" HPOS="2203"/>
</TextLine>
<TextLine HEIGHT="49" WIDTH="1371" VPOS="2136" HPOS="447">
<String CONTENT="of" HEIGHT="39" WIDTH="51" VPOS="2138" HPOS="447"/>
<SP HEIGHT="39" WIDTH="28" VPOS="2138" HPOS="499"/>
<String CONTENT="the" HEIGHT="40" WIDTH="80" VPOS="2138" HPOS="528"/>
<SP HEIGHT="40" WIDTH="30" VPOS="2138" HPOS="609"/>
<String CONTENT="United" HEIGHT="41" WIDTH="177" VPOS="2137" HPOS="640"/>
<SP HEIGHT="39" WIDTH="28" VPOS="2139" HPOS="818"/>
<String CONTENT="synagogue" HEIGHT="38" WIDTH="273" VPOS="2146" HPOS="847"/>
<SP HEIGHT="30" WIDTH="28" VPOS="2146" HPOS="1121"/>
<String CONTENT="of" HEIGHT="39" WIDTH="52" VPOS="2137" HPOS="1150"/>
<SP HEIGHT="39" WIDTH="26" VPOS="2137" HPOS="1203"/>
<String CONTENT="America." HEIGHT="40" WIDTH="237" VPOS="2136" HPOS="1230"/>
<SP HEIGHT="48" WIDTH="69" VPOS="2137" HPOS="1468"/>
<String CONTENT="(32-23731)" HEIGHT="49" WIDTH="280" VPOS="2136" HPOS="1538"/>
</TextLine>
<TextLine HEIGHT="64" WIDTH="818" VPOS="2240" HPOS="374" STYLEREFS="StyleId-0BAE1EEA-BE73-40CC-B5EF-77C62203B6F4-">
<String CONTENT="Leetch," HEIGHT="64" WIDTH="239" VPOS="2240" HPOS="374"/>
<SP HEIGHT="64" WIDTH="27" VPOS="2240" HPOS="614"/>
<String CONTENT="Dorothy" HEIGHT="64" WIDTH="272" VPOS="2240" HPOS="642"/>
<SP HEIGHT="64" WIDTH="27" VPOS="2240" HPOS="915"/>
<String CONTENT="Lyman." HEIGHT="63" WIDTH="249" VPOS="2240" HPOS="943"/>
</TextLine>
<TextLine HEIGHT="71" WIDTH="1922" VPOS="2313" HPOS="447" STYLEREFS="StyleId-FACB6633-DEB5-412D-AFC1-B7A89B64E68A-">
<String CONTENT="Benito" HEIGHT="53" WIDTH="204" VPOS="2315" HPOS="447"/>
<SP HEIGHT="34" WIDTH="40" VPOS="2334" HPOS="652"/>
<String CONTENT="and" HEIGHT="53" WIDTH="110" VPOS="2315" HPOS="693"/>
<SP HEIGHT="52" WIDTH="41" VPOS="2315" HPOS="804"/>
<String CONTENT="Loreta" HEIGHT="53" WIDTH="205" VPOS="2315" HPOS="846"/>
<SP HEIGHT="53" WIDTH="38" VPOS="2315" HPOS="1052"/>
<String LANG="de" CONTENT="Delfin," HEIGHT="69" WIDTH="207" VPOS="2313" HPOS="1091"/>
<SP HEIGHT="49" WIDTH="38" VPOS="2333" HPOS="1299"/>
<String CONTENT="children" HEIGHT="54" WIDTH="256" VPOS="2314" HPOS="1338"/>
<SP HEIGHT="35" WIDTH="38" VPOS="2333" HPOS="1595"/>
<String CONTENT="of" HEIGHT="54" WIDTH="64" VPOS="2314" HPOS="1634"/>
<SP HEIGHT="54" WIDTH="38" VPOS="2314" HPOS="1699"/>
<String CONTENT="Alta" HEIGHT="54" WIDTH="138" VPOS="2314" HPOS="1738"/>
<SP HEIGHT="55" WIDTH="40" VPOS="2314" HPOS="1877"/>
<String CONTENT="California," HEIGHT="71" WIDTH="339" VPOS="2313" HPOS="1918"/>
<SP HEIGHT="69" WIDTH="37" VPOS="2315" HPOS="2258"/>
<String CONTENT="by" HEIGHT="69" WIDTH="73" VPOS="2315" HPOS="2296"/>
</TextLine>
<TextLine HEIGHT="70" WIDTH="1930" VPOS="2391" HPOS="377" STYLEREFS="StyleId-FACB6633-DEB5-412D-AFC1-B7A89B64E68A-" CS="1">
<String CONTENT="Dorothy" HEIGHT="68" WIDTH="261" VPOS="2393" HPOS="377"/>
<SP HEIGHT="68" WIDTH="33" VPOS="2393" HPOS="639"/>
<String CONTENT="Lyman" HEIGHT="68" WIDTH="222" VPOS="2393" HPOS="673"/>
<SP HEIGHT="51" WIDTH="33" VPOS="2393" HPOS="896"/>
<String CONTENT="Leetch" HEIGHT="53" WIDTH="206" VPOS="2392" HPOS="930"/>
<SP HEIGHT="69" WIDTH="45" VPOS="2392" HPOS="1137"/>
<String CONTENT="(Mrs." HEIGHT="69" WIDTH="163" VPOS="2392" HPOS="1183"/>
<SP HEIGHT="51" WIDTH="36" VPOS="2392" HPOS="1347"/>
<String CONTENT="Langford" HEIGHT="69" WIDTH="300" VPOS="2391" HPOS="1384"/>
<SP HEIGHT="54" WIDTH="34" VPOS="2392" HPOS="1685"/>
<String CONTENT="Wheaton" HEIGHT="54" WIDTH="280" VPOS="2392" HPOS="1720"/>
<SP HEIGHT="56" WIDTH="37" VPOS="2391" HPOS="2001"/>
<String CONTENT="Smith)" HEIGHT="70" WIDTH="218" VPOS="2391" HPOS="2039"/>
<SP HEIGHT="67" WIDTH="49" VPOS="2394" HPOS="2258"/>
<String CS="1" CONTENT="&#8230;"/>
</TextLine>
<TextLine HEIGHT="71" WIDTH="1990" VPOS="2468" HPOS="377" STYLEREFS="StyleId-FACB6633-DEB5-412D-AFC1-B7A89B64E68A-">
<String CONTENT="illustrated" HEIGHT="54" WIDTH="321" VPOS="2470" HPOS="377"/>
<SP HEIGHT="53" WIDTH="31" VPOS="2469" HPOS="699"/>
<String CONTENT="by" HEIGHT="68" WIDTH="74" VPOS="2469" HPOS="731"/>
<SP HEIGHT="67" WIDTH="33" VPOS="2470" HPOS="806"/>
<String CONTENT="Jo" HEIGHT="54" WIDTH="73" VPOS="2470" HPOS="840"/>
<SP HEIGHT="53" WIDTH="34" VPOS="2469" HPOS="914"/>
<String CONTENT="Mora." HEIGHT="53" WIDTH="178" VPOS="2469" HPOS="949"/>
<SP HEIGHT="51" WIDTH="70" VPOS="2469" HPOS="1128"/>
<String CONTENT="Boston," HEIGHT="68" WIDTH="231" VPOS="2469" HPOS="1199"/>
<SP HEIGHT="67" WIDTH="29" VPOS="2470" HPOS="1431"/>
<String CONTENT="Lothrop," HEIGHT="68" WIDTH="274" VPOS="2470" HPOS="1461"/>
<SP HEIGHT="67" WIDTH="32" VPOS="2471" HPOS="1736"/>
<String CONTENT="Lee" HEIGHT="53" WIDTH="109" VPOS="2471" HPOS="1769"/>
<SP HEIGHT="52" WIDTH="33" VPOS="2472" HPOS="1879"/>
<String CONTENT="&amp;" HEIGHT="50" WIDTH="45" VPOS="2472" HPOS="1913"/>
<SP HEIGHT="56" WIDTH="34" VPOS="2468" HPOS="1959"/>
<String CONTENT="Shepard" HEIGHT="71" WIDTH="262" VPOS="2468" HPOS="1994"/>
<SP HEIGHT="53" WIDTH="33" VPOS="2470" HPOS="2257"/>
<String CONTENT="co." HEIGHT="34" WIDTH="76" VPOS="2489" HPOS="2291"/>
</TextLine>
<TextLine HEIGHT="65" WIDTH="193" VPOS="2551" HPOS="381" STYLEREFS="StyleId-FACB6633-DEB5-412D-AFC1-B7A89B64E68A-" CS="1">
<String STYLE="subscript" CONTENT="[" HEIGHT="34" WIDTH="13" VPOS="2582" HPOS="381"/>
<String STYLE="superscript" CS="1" CONTENT="&#7580;1"/>
<String CONTENT="932" HEIGHT="49" WIDTH="100" VPOS="2551" HPOS="456"/>
<String STYLE="subscript" CONTENT="]" HEIGHT="35" WIDTH="13" VPOS="2581" HPOS="561"/>
</TextLine>
<TextLine HEIGHT="50" WIDTH="839" VPOS="2618" HPOS="444" CS="1">
<String CONTENT="267" HEIGHT="41" WIDTH="87" VPOS="2619" HPOS="444"/>
<SP HEIGHT="48" WIDTH="28" VPOS="2620" HPOS="532"/>
<String CONTENT="p." HEIGHT="39" WIDTH="45" VPOS="2629" HPOS="561"/>
<SP HEIGHT="42" WIDTH="31" VPOS="2618" HPOS="607"/>
<String CONTENT="incl." HEIGHT="42" WIDTH="109" VPOS="2618" HPOS="639"/>
<SP HEIGHT="40" WIDTH="31" VPOS="2619" HPOS="749"/>
<String CONTENT="front.," HEIGHT="48" WIDTH="163" VPOS="2619" HPOS="781"/>
<SP HEIGHT="49" WIDTH="32" VPOS="2618" HPOS="945"/>
<String CONTENT="illus." HEIGHT="42" WIDTH="127" VPOS="2618" HPOS="978"/>
<SP HEIGHT="40" WIDTH="61" VPOS="2620" HPOS="1106"/>
<String CONTENT="19" HEIGHT="41" WIDTH="56" VPOS="2618" HPOS="1168"/>
<String STYLE="superscript" CS="1" CONTENT="&#7580;&#7504;"/>
<String CONTENT="." HEIGHT="9" WIDTH="9" VPOS="2650" HPOS="1274"/>
</TextLine>
<TextLine HEIGHT="54" WIDTH="1989" VPOS="2689" HPOS="382" CS="1">
<String CONTENT="&#169;" HEIGHT="52" WIDTH="52" VPOS="2689" HPOS="382"/>
<SP HEIGHT="52" WIDTH="25" VPOS="2689" HPOS="435"/>
<String CONTENT="Sept." HEIGHT="48" WIDTH="125" VPOS="2694" HPOS="461"/>
<SP HEIGHT="38" WIDTH="25" VPOS="2694" HPOS="587"/>
<String CONTENT="15," HEIGHT="47" WIDTH="67" VPOS="2694" HPOS="613"/>
<SP HEIGHT="47" WIDTH="25" VPOS="2694" HPOS="681"/>
<String CS="1" CONTENT="1932;" HEIGHT="41" WIDTH="111" VPOS="2692" HPOS="707"/>
<SP HEIGHT="48" WIDTH="25" VPOS="2692" HPOS="846"/>
<String CONTENT="2c." HEIGHT="41" WIDTH="65" VPOS="2692" HPOS="872"/>
<SP HEIGHT="29" WIDTH="26" VPOS="2704" HPOS="938"/>
<String CONTENT="and" HEIGHT="39" WIDTH="94" VPOS="2694" HPOS="965"/>
<SP HEIGHT="39" WIDTH="25" VPOS="2694" HPOS="1060"/>
<String CONTENT="aff." HEIGHT="41" WIDTH="80" VPOS="2692" HPOS="1086"/>
<SP HEIGHT="40" WIDTH="28" VPOS="2693" HPOS="1167"/>
<String CONTENT="Sept." HEIGHT="47" WIDTH="126" VPOS="2693" HPOS="1196"/>
<SP HEIGHT="39" WIDTH="26" VPOS="2694" HPOS="1323"/>
<String CS="1" CONTENT="16;" HEIGHT="39" WIDTH="54" VPOS="2694" HPOS="1350"/>
<SP HEIGHT="47" WIDTH="27" VPOS="2694" HPOS="1431"/>
<!-- cceid 0F065019-6D7D-1014-B4A5-D7A31D17AB40 --><String CONTENT="A" HEIGHT="38" WIDTH="38" VPOS="2694" HPOS="1459"/>
<SP HEIGHT="39" WIDTH="24" VPOS="2694" HPOS="1498"/>
<String CS="1" CONTENT="54852;" HEIGHT="41" WIDTH="142" VPOS="2694" HPOS="1523"/>
<SP HEIGHT="46" WIDTH="27" VPOS="2695" HPOS="1693"/>
<String CONTENT="Lothrop," HEIGHT="48" WIDTH="226" VPOS="2695" HPOS="1721"/>
<SP HEIGHT="48" WIDTH="25" VPOS="2695" HPOS="1948"/>
<String CONTENT="Lee" HEIGHT="41" WIDTH="92" VPOS="2695" HPOS="1974"/>
<SP HEIGHT="39" WIDTH="23" VPOS="2697" HPOS="2067"/>
<String CONTENT="&amp;" HEIGHT="38" WIDTH="36" VPOS="2697" HPOS="2091"/>
<SP HEIGHT="40" WIDTH="26" VPOS="2696" HPOS="2128"/>
<String CONTENT="Shepard" HEIGHT="48" WIDTH="216" VPOS="2695" HPOS="2155"/>
</TextLine>
<TextLine HEIGHT="49" WIDTH="416" VPOS="2749" HPOS="449">
<String CONTENT="co." HEIGHT="29" WIDTH="67" VPOS="2761" HPOS="449"/>
<SP HEIGHT="48" WIDTH="69" VPOS="2750" HPOS="517"/>
<String CONTENT="(32-23424)" HEIGHT="49" WIDTH="278" VPOS="2749" HPOS="587"/>
</TextLine>
<TextLine HEIGHT="66" WIDTH="786" VPOS="2852" HPOS="377" STYLEREFS="StyleId-0BAE1EEA-BE73-40CC-B5EF-77C62203B6F4-">
<String CONTENT="Leigh," HEIGHT="65" WIDTH="205" VPOS="2853" HPOS="377"/>
<SP HEIGHT="64" WIDTH="31" VPOS="2854" HPOS="583"/>
<String CONTENT="Chester" HEIGHT="54" WIDTH="249" VPOS="2853" HPOS="615"/>
<SP HEIGHT="53" WIDTH="28" VPOS="2854" HPOS="865"/>
<String CONTENT="Wilfred." HEIGHT="56" WIDTH="269" VPOS="2852" HPOS="894"/>
</TextLine>
<TextLine HEIGHT="147" WIDTH="1969" VPOS="2929" HPOS="379" STYLEREFS="StyleId-FACB6633-DEB5-412D-AFC1-B7A89B64E68A-" CS="1">
<String CONTENT="Amusing" HEIGHT="69" WIDTH="287" VPOS="2929" HPOS="446"/>
<SP HEIGHT="64" WIDTH="34" VPOS="2934" HPOS="734"/>
<String CONTENT="the" HEIGHT="53" WIDTH="95" VPOS="2930" HPOS="769"/>
<SP HEIGHT="35" WIDTH="35" VPOS="2948" HPOS="865"/>
<String CONTENT="muse," HEIGHT="49" WIDTH="174" VPOS="2948" HPOS="901"/>
<SP HEIGHT="66" WIDTH="34" VPOS="2931" HPOS="1076"/>
<String CONTENT="by" HEIGHT="68" WIDTH="75" VPOS="2931" HPOS="1111"/>
<SP HEIGHT="70" WIDTH="39" VPOS="2929" HPOS="1187"/>
<String CONTENT="Chester" HEIGHT="55" WIDTH="236" VPOS="2929" HPOS="1227"/>
<SP HEIGHT="54" WIDTH="33" VPOS="2931" HPOS="1464"/>
<String CONTENT="Wilfred" HEIGHT="55" WIDTH="255" VPOS="2930" HPOS="1498"/>
<SP HEIGHT="53" WIDTH="35" VPOS="2931" HPOS="1754"/>
<String CONTENT="Leigh" HEIGHT="69" WIDTH="183" VPOS="2931" HPOS="1790"/>
<SP HEIGHT="53" WIDTH="41" VPOS="2932" HPOS="1974"/>
<String CS="1" CONTENT="&#8230;"/>
<SP HEIGHT="52" WIDTH="76" VPOS="2933" HPOS="2073"/>
<String CONTENT="Minneapolis," HEIGHT="143" WIDTH="1969" VPOS="2933" HPOS="379"/>
</TextLine>
<TextLine HEIGHT="69" WIDTH="817" VPOS="3007" HPOS="602" STYLEREFS="StyleId-FACB6633-DEB5-412D-AFC1-B7A89B64E68A-">
<String CONTENT="Minn.," HEIGHT="67" WIDTH="206" VPOS="3008" HPOS="602"/>
<SP HEIGHT="68" WIDTH="25" VPOS="3007" HPOS="809"/>
<String CONTENT="C." HEIGHT="55" WIDTH="62" VPOS="3007" HPOS="835"/>
<SP HEIGHT="54" WIDTH="24" VPOS="3008" HPOS="898"/>
<String CONTENT="W." HEIGHT="54" WIDTH="89" VPOS="3008" HPOS="923"/>
<SP HEIGHT="52" WIDTH="26" VPOS="3009" HPOS="1013"/>
<String CONTENT="Leigh," HEIGHT="68" WIDTH="201" VPOS="3008" HPOS="1040"/>
<SP HEIGHT="64" WIDTH="27" VPOS="3012" HPOS="1242"/>
<String CONTENT="1932." HEIGHT="51" WIDTH="149" VPOS="3010" HPOS="1270"/>
</TextLine>
<TextLine HEIGHT="50" WIDTH="526" VPOS="3094" HPOS="447" CS="1">
<String CONTENT="61" HEIGHT="40" WIDTH="54" VPOS="3096" HPOS="447"/>
<SP HEIGHT="47" WIDTH="33" VPOS="3097" HPOS="502"/>
<String CONTENT="p." HEIGHT="37" WIDTH="42" VPOS="3107" HPOS="536"/>
<SP HEIGHT="39" WIDTH="60" VPOS="3095" HPOS="579"/>
<String CONTENT="illus." HEIGHT="41" WIDTH="128" VPOS="3095" HPOS="640"/>
<SP HEIGHT="41" WIDTH="57" VPOS="3095" HPOS="769"/>
<String CS="1" CONTENT="20&#189;" HEIGHT="41" WIDTH="58" VPOS="3094" HPOS="827"/>
<String STYLE="superscript" CS="1" CONTENT="&#7580;&#7504;"/>
<String CONTENT="." HEIGHT="9" WIDTH="9" VPOS="3127" HPOS="964"/>
</TextLine>
<TextLine HEIGHT="49" WIDTH="887" VPOS="3151" HPOS="448">
<String CONTENT="Poems" HEIGHT="40" WIDTH="171" VPOS="3152" HPOS="448"/>
<SP HEIGHT="30" WIDTH="24" VPOS="3162" HPOS="620"/>
<String CONTENT="and" HEIGHT="41" WIDTH="97" VPOS="3151" HPOS="645"/>
<SP HEIGHT="40" WIDTH="27" VPOS="3151" HPOS="743"/>
<String CONTENT="short" HEIGHT="40" WIDTH="139" VPOS="3152" HPOS="771"/>
<SP HEIGHT="47" WIDTH="22" VPOS="3153" HPOS="911"/>
<String CONTENT="prose" HEIGHT="38" WIDTH="141" VPOS="3162" HPOS="934"/>
<SP HEIGHT="30" WIDTH="22" VPOS="3162" HPOS="1076"/>
<String CONTENT="sketches." HEIGHT="41" WIDTH="236" VPOS="3152" HPOS="1099"/>
</TextLine>
<TextLine HEIGHT="53" WIDTH="1874" VPOS="3218" HPOS="385">
<String CONTENT="&#169;" HEIGHT="52" WIDTH="52" VPOS="3218" HPOS="385"/>
<SP HEIGHT="52" WIDTH="31" VPOS="3218" HPOS="438"/>
<String CONTENT="Sept." HEIGHT="47" WIDTH="126" VPOS="3224" HPOS="470"/>
<SP HEIGHT="39" WIDTH="30" VPOS="3223" HPOS="597"/>
<String CONTENT="8," HEIGHT="46" WIDTH="40" VPOS="3223" HPOS="628"/>
<SP HEIGHT="45" WIDTH="29" VPOS="3224" HPOS="669"/>
<String CONTENT="1932;" HEIGHT="42" WIDTH="139" VPOS="3221" HPOS="699"/>
<SP HEIGHT="41" WIDTH="31" VPOS="3222" HPOS="839"/>
<String CONTENT="2c." HEIGHT="39" WIDTH="65" VPOS="3222" HPOS="871"/>
<SP HEIGHT="40" WIDTH="33" VPOS="3221" HPOS="937"/>
<String CONTENT="Sept." HEIGHT="48" WIDTH="126" VPOS="3221" HPOS="971"/>
<SP HEIGHT="38" WIDTH="31" VPOS="3223" HPOS="1098"/>
<String CONTENT="12;" HEIGHT="45" WIDTH="81" VPOS="3223" HPOS="1130"/>
<SP HEIGHT="35" WIDTH="31" VPOS="3233" HPOS="1212"/>
<String CONTENT="aff." HEIGHT="40" WIDTH="82" VPOS="3222" HPOS="1244"/>
<SP HEIGHT="40" WIDTH="32" VPOS="3223" HPOS="1327"/>
<String CONTENT="Sept." HEIGHT="47" WIDTH="126" VPOS="3223" HPOS="1360"/>
<SP HEIGHT="37" WIDTH="31" VPOS="3225" HPOS="1487"/>
<String CONTENT="10;" HEIGHT="48" WIDTH="82" VPOS="3222" HPOS="1519"/>
<SP HEIGHT="47" WIDTH="32" VPOS="3223" HPOS="1602"/>
<!-- cceid 0F0692E6-6D7D-1014-B4A5-D7A31D17AB40 --><String CONTENT="A" HEIGHT="38" WIDTH="40" VPOS="3223" HPOS="1635"/>
<SP HEIGHT="39" WIDTH="29" VPOS="3223" HPOS="1676"/>
<String CONTENT="55074;" HEIGHT="48" WIDTH="170" VPOS="3222" HPOS="1706"/>
<SP HEIGHT="47" WIDTH="34" VPOS="3223" HPOS="1877"/>
<String CONTENT="C." HEIGHT="41" WIDTH="49" VPOS="3223" HPOS="1912"/>
<SP HEIGHT="40" WIDTH="31" VPOS="3224" HPOS="1962"/>
<String CONTENT="W." HEIGHT="40" WIDTH="71" VPOS="3224" HPOS="1994"/>
<SP HEIGHT="39" WIDTH="30" VPOS="3224" HPOS="2066"/>
<String CONTENT="Leigh." HEIGHT="47" WIDTH="162" VPOS="3223" HPOS="2097"/>
</TextLine>
<TextLine HEIGHT="48" WIDTH="278" VPOS="3279" HPOS="461">
<String CONTENT="(32-23708)" HEIGHT="48" WIDTH="278" VPOS="3279" HPOS="461"/>
</TextLine>
<TextLine HEIGHT="67" WIDTH="1103" VPOS="3381" HPOS="379" STYLEREFS="StyleId-0BAE1EEA-BE73-40CC-B5EF-77C62203B6F4-">
<String LANG="fr" CONTENT="Le" HEIGHT="52" WIDTH="81" VPOS="3381" HPOS="379"/>
<SP HEIGHT="52" WIDTH="26" VPOS="3382" HPOS="461"/>
<String CONTENT="May," HEIGHT="64" WIDTH="158" VPOS="3382" HPOS="488"/>
<SP HEIGHT="63" WIDTH="28" VPOS="3383" HPOS="647"/>
<String CONTENT="Marie" HEIGHT="53" WIDTH="187" VPOS="3381" HPOS="676"/>
<SP HEIGHT="52" WIDTH="27" VPOS="3382" HPOS="864"/>
<String LANG="fr" CONTENT="de" HEIGHT="52" WIDTH="69" VPOS="3382" HPOS="892"/>
<SP HEIGHT="53" WIDTH="28" VPOS="3381" HPOS="962"/>
<String CONTENT="Lourdes," HEIGHT="67" WIDTH="281" VPOS="3381" HPOS="991"/>
<SP HEIGHT="47" WIDTH="28" VPOS="3401" HPOS="1273"/>
<String CONTENT="sister." HEIGHT="54" WIDTH="180" VPOS="3382" HPOS="1302"/>
</TextLine>
<TextLine HEIGHT="70" WIDTH="1794" VPOS="3457" HPOS="510" STYLEREFS="StyleId-FACB6633-DEB5-412D-AFC1-B7A89B64E68A-" CS="1">
<String CS="1" CONTENT="&#8230;"/>
<SP HEIGHT="51" WIDTH="25" VPOS="3459" HPOS="510"/>
<String CONTENT="The" HEIGHT="53" WIDTH="121" VPOS="3458" HPOS="536"/>
<SP HEIGHT="34" WIDTH="22" VPOS="3477" HPOS="658"/>
<String CONTENT="allegory" HEIGHT="68" WIDTH="254" VPOS="3458" HPOS="681"/>
<SP HEIGHT="49" WIDTH="24" VPOS="3477" HPOS="936"/>
<String CONTENT="of" HEIGHT="55" WIDTH="62" VPOS="3457" HPOS="961"/>
<SP HEIGHT="54" WIDTH="22" VPOS="3457" HPOS="1024"/>
<String CONTENT="the" HEIGHT="53" WIDTH="95" VPOS="3459" HPOS="1047"/>
<SP HEIGHT="56" WIDTH="25" VPOS="3458" HPOS="1143"/>
<String CONTENT="Christ-knight" HEIGHT="69" WIDTH="432" VPOS="3458" HPOS="1169"/>
<SP HEIGHT="53" WIDTH="20" VPOS="3459" HPOS="1602"/>
<String CONTENT="in" HEIGHT="52" WIDTH="60" VPOS="3459" HPOS="1623"/>
<SP HEIGHT="52" WIDTH="23" VPOS="3459" HPOS="1684"/>
<String CONTENT="English" HEIGHT="69" WIDTH="246" VPOS="3457" HPOS="1708"/>
<SP HEIGHT="52" WIDTH="23" VPOS="3458" HPOS="1955"/>
<String CONTENT="literature" HEIGHT="53" WIDTH="296" VPOS="3457" HPOS="1979"/>
<SP HEIGHT="34" WIDTH="28" VPOS="3475" HPOS="2276"/>
<String CS="1" CONTENT="&#8230;"/>
</TextLine>
<TextLine HEIGHT="72" WIDTH="1988" VPOS="3532" HPOS="379" STYLEREFS="StyleId-FACB6633-DEB5-412D-AFC1-B7A89B64E68A-" CS="1">
<String CONTENT="by" HEIGHT="69" WIDTH="74" VPOS="3533" HPOS="379"/>
<SP HEIGHT="69" WIDTH="34" VPOS="3533" HPOS="454"/>
<String CONTENT="Sister" HEIGHT="56" WIDTH="181" VPOS="3533" HPOS="489"/>
<SP HEIGHT="52" WIDTH="32" VPOS="3535" HPOS="671"/>
<String CONTENT="Marie" HEIGHT="53" WIDTH="184" VPOS="3535" HPOS="704"/>
<SP HEIGHT="53" WIDTH="35" VPOS="3535" HPOS="889"/>
<String LANG="fr" CONTENT="de" HEIGHT="53" WIDTH="67" VPOS="3535" HPOS="925"/>
<SP HEIGHT="53" WIDTH="34" VPOS="3535" HPOS="993"/>
<String CONTENT="Lourdes" HEIGHT="54" WIDTH="252" VPOS="3535" HPOS="1028"/>
<SP HEIGHT="52" WIDTH="34" VPOS="3537" HPOS="1281"/>
<String LANG="fr" CONTENT="Le" HEIGHT="52" WIDTH="78" VPOS="3537" HPOS="1316"/>
<SP HEIGHT="53" WIDTH="36" VPOS="3536" HPOS="1395"/>
<String CONTENT="May" HEIGHT="68" WIDTH="139" VPOS="3536" HPOS="1432"/>
<SP HEIGHT="49" WIDTH="38" VPOS="3555" HPOS="1572"/>
<String CS="1" CONTENT="&#8230;"/>
<SP HEIGHT="55" WIDTH="72" VPOS="3535" HPOS="1668"/>
<String CONTENT="Washington," HEIGHT="68" WIDTH="400" VPOS="3535" HPOS="1741"/>
<SP HEIGHT="68" WIDTH="31" VPOS="3534" HPOS="2142"/>
<String CONTENT="D." HEIGHT="53" WIDTH="73" VPOS="3534" HPOS="2174"/>
<SP HEIGHT="57" WIDTH="35" VPOS="3532" HPOS="2248"/>
<String CONTENT="C.," HEIGHT="69" WIDTH="83" VPOS="3532" HPOS="2284"/>
</TextLine>
<TextLine HEIGHT="70" WIDTH="1339" VPOS="3610" HPOS="378" STYLEREFS="StyleId-FACB6633-DEB5-412D-AFC1-B7A89B64E68A-">
<String CONTENT="The" HEIGHT="54" WIDTH="120" VPOS="3610" HPOS="378"/>
<SP HEIGHT="55" WIDTH="27" VPOS="3611" HPOS="499"/>
<String CONTENT="Catholic" HEIGHT="55" WIDTH="262" VPOS="3611" HPOS="527"/>
<SP HEIGHT="36" WIDTH="25" VPOS="3629" HPOS="790"/>
<String CONTENT="university" HEIGHT="69" WIDTH="317" VPOS="3611" HPOS="816"/>
<SP HEIGHT="48" WIDTH="26" VPOS="3632" HPOS="1134"/>
<String CONTENT="of" HEIGHT="53" WIDTH="64" VPOS="3613" HPOS="1161"/>
<SP HEIGHT="53" WIDTH="25" VPOS="3612" HPOS="1226"/>
<String CONTENT="America," HEIGHT="67" WIDTH="283" VPOS="3612" HPOS="1252"/>
<SP HEIGHT="63" WIDTH="29" VPOS="3616" HPOS="1536"/>
<String CONTENT="1932." HEIGHT="50" WIDTH="151" VPOS="3616" HPOS="1566"/>
</TextLine>
<TextLine HEIGHT="48" WIDTH="438" VPOS="3697" HPOS="451" STYLEREFS="StyleId-FACB6633-DEB5-412D-AFC1-B7A89B64E68A-" CS="1">
<String CONTENT="xiii," HEIGHT="46" WIDTH="103" VPOS="3697" HPOS="451"/>
<SP HEIGHT="46" WIDTH="30" VPOS="3697" HPOS="555"/>
<String CONTENT="89" HEIGHT="40" WIDTH="58" VPOS="3697" HPOS="586"/>
<SP HEIGHT="48" WIDTH="24" VPOS="3697" HPOS="645"/>
<String CONTENT="p." HEIGHT="36" WIDTH="43" VPOS="3709" HPOS="670"/>
<SP HEIGHT="40" WIDTH="57" VPOS="3697" HPOS="714"/>
<String CONTENT="23" HEIGHT="39" WIDTH="54" VPOS="3697" HPOS="772"/>
<String STYLE="superscript" CS="1" CONTENT="&#7580;&#7504;"/>
<String CONTENT="." HEIGHT="10" WIDTH="10" VPOS="3728" HPOS="879"/>
</TextLine>
<TextLine HEIGHT="50" WIDTH="1458" VPOS="3752" HPOS="454">
<String CONTENT="At" HEIGHT="41" WIDTH="61" VPOS="3752" HPOS="454"/>
<SP HEIGHT="39" WIDTH="25" VPOS="3754" HPOS="516"/>
<String CONTENT="head" HEIGHT="40" WIDTH="124" VPOS="3753" HPOS="542"/>
<SP HEIGHT="40" WIDTH="24" VPOS="3753" HPOS="667"/>
<String CONTENT="of" HEIGHT="40" WIDTH="51" VPOS="3753" HPOS="692"/>
<SP HEIGHT="40" WIDTH="22" VPOS="3753" HPOS="744"/>
<String CONTENT="title" HEIGHT="41" WIDTH="108" VPOS="3753" HPOS="767"/>
<SP HEIGHT="30" WIDTH="15" VPOS="3764" HPOS="876"/>
<String CONTENT=":" HEIGHT="29" WIDTH="9" VPOS="3764" HPOS="892"/>
<SP HEIGHT="39" WIDTH="27" VPOS="3754" HPOS="902"/>
<String CONTENT="The" HEIGHT="41" WIDTH="100" VPOS="3754" HPOS="930"/>
<SP HEIGHT="43" WIDTH="26" VPOS="3752" HPOS="1031"/>
<String CONTENT="Catholic" HEIGHT="42" WIDTH="220" VPOS="3752" HPOS="1058"/>
<SP HEIGHT="31" WIDTH="22" VPOS="3764" HPOS="1279"/>
<String CONTENT="university" HEIGHT="48" WIDTH="272" VPOS="3754" HPOS="1302"/>
<SP HEIGHT="37" WIDTH="23" VPOS="3765" HPOS="1575"/>
<String CONTENT="of" HEIGHT="41" WIDTH="52" VPOS="3754" HPOS="1599"/>
<SP HEIGHT="39" WIDTH="23" VPOS="3754" HPOS="1652"/>
<String CONTENT="America." HEIGHT="41" WIDTH="236" VPOS="3754" HPOS="1676"/>
</TextLine>
<TextLine HEIGHT="51" WIDTH="1348" VPOS="3807" HPOS="452" CS="1">
<String CONTENT="Thesis" HEIGHT="42" WIDTH="171" VPOS="3807" HPOS="452"/>
<SP HEIGHT="49" WIDTH="37" VPOS="3807" HPOS="624"/>
<String CS="1" CONTENT="(PH." HEIGHT="49" WIDTH="107" VPOS="3807" HPOS="662"/>
<SP HEIGHT="30" WIDTH="28" VPOS="3820" HPOS="770"/>
<String CS="1" CONTENT="D.)&#8212;Catholic" HEIGHT="48" WIDTH="327" VPOS="3808" HPOS="829"/>
<SP HEIGHT="30" WIDTH="26" VPOS="3820" HPOS="1157"/>
<String CONTENT="university" HEIGHT="48" WIDTH="272" VPOS="3810" HPOS="1184"/>
<SP HEIGHT="37" WIDTH="27" VPOS="3821" HPOS="1457"/>
<String CONTENT="of" HEIGHT="41" WIDTH="51" VPOS="3811" HPOS="1485"/>
<SP HEIGHT="39" WIDTH="27" VPOS="3811" HPOS="1537"/>
<String CONTENT="America." HEIGHT="41" WIDTH="235" VPOS="3811" HPOS="1565"/>
</TextLine>
<TextLine HEIGHT="51" WIDTH="630" VPOS="3864" HPOS="453">
<String CONTENT="Bibliography;" HEIGHT="50" WIDTH="374" VPOS="3864" HPOS="453"/>
<SP HEIGHT="39" WIDTH="26" VPOS="3876" HPOS="828"/>
<String CONTENT="p." HEIGHT="37" WIDTH="44" VPOS="3878" HPOS="855"/>
<SP HEIGHT="42" WIDTH="25" VPOS="3865" HPOS="900"/>
<String CONTENT="85-89." HEIGHT="42" WIDTH="157" VPOS="3865" HPOS="926"/>
</TextLine>
<TextLine HEIGHT="110" WIDTH="1964" VPOS="3931" HPOS="387" CS="1">
<String CONTENT="&#169;" HEIGHT="52" WIDTH="51" VPOS="3931" HPOS="387"/>
<SP HEIGHT="52" WIDTH="26" VPOS="3931" HPOS="439"/>
<String CONTENT="Aug." HEIGHT="49" WIDTH="119" VPOS="3936" HPOS="466"/>
<SP HEIGHT="40" WIDTH="26" VPOS="3937" HPOS="586"/>
<String CONTENT="27," HEIGHT="46" WIDTH="68" VPOS="3937" HPOS="613"/>
<SP HEIGHT="46" WIDTH="28" VPOS="3937" HPOS="682"/>
<String CS="1" CONTENT="1932;" HEIGHT="40" WIDTH="112" VPOS="3936" HPOS="711"/>
<SP HEIGHT="48" WIDTH="30" VPOS="3936" HPOS="851"/>
<String CONTENT="2c." HEIGHT="41" WIDTH="66" VPOS="3936" HPOS="882"/>
<SP HEIGHT="29" WIDTH="24" VPOS="3948" HPOS="949"/>
<String CONTENT="and" HEIGHT="39" WIDTH="97" VPOS="3937" HPOS="974"/>
<SP HEIGHT="39" WIDTH="27" VPOS="3937" HPOS="1072"/>
<String CONTENT="aff." HEIGHT="40" WIDTH="79" VPOS="3936" HPOS="1100"/>
<SP HEIGHT="40" WIDTH="32" VPOS="3936" HPOS="1180"/>
<String CONTENT="Sept" HEIGHT="48" WIDTH="112" VPOS="3936" HPOS="1213"/>
<SP HEIGHT="39" WIDTH="40" VPOS="3937" HPOS="1326"/>
<String CS="1" CONTENT="3;" HEIGHT="39" WIDTH="25" VPOS="3937" HPOS="1367"/>
<SP HEIGHT="45" WIDTH="30" VPOS="3938" HPOS="1421"/>
<!-- cceid 0F06D215-6D7D-1014-B4A5-D7A31D17AB40 --><String CONTENT="A" HEIGHT="38" WIDTH="38" VPOS="3938" HPOS="1452"/>
<SP HEIGHT="39" WIDTH="27" VPOS="3938" HPOS="1491"/>
<String CS="1" CONTENT="54640;" HEIGHT="41" WIDTH="143" VPOS="3936" HPOS="1519"/>
<SP HEIGHT="48" WIDTH="32" VPOS="3936" HPOS="1689"/>
<String CONTENT="Catholic" HEIGHT="42" WIDTH="219" VPOS="3936" HPOS="1722"/>
<SP HEIGHT="30" WIDTH="26" VPOS="3948" HPOS="1942"/>
<String CONTENT="univ." HEIGHT="41" WIDTH="129" VPOS="3935" HPOS="1969"/>
<SP HEIGHT="30" WIDTH="29" VPOS="3946" HPOS="2099"/>
<String CONTENT="of" HEIGHT="39" WIDTH="50" VPOS="3936" HPOS="2129"/>
<SP HEIGHT="40" WIDTH="27" VPOS="3934" HPOS="2180"/>
<String CONTENT="America." HEIGHT="99" WIDTH="1898" VPOS="3934" HPOS="453"/>
<SP HEIGHT="48" WIDTH="67" VPOS="3993" HPOS="544"/>
<String CONTENT="(32-23430)" HEIGHT="48" WIDTH="278" VPOS="3993" HPOS="612"/>
</TextLine>
</TextBlock>
</PrintSpace>
</Page>
</Layout>
</alto>