2563 4368
1113 4045 100 50 109

163 417 258 65 Sawyer,
453 417 183 64 Ruth,
668 421 170 50 1880-

233 497 340 66 Folkhouse,
605 496 97 53 the
734 495 460 69 autobiography
1225 496 65 51 of
1321 514 31 34 a
1385 496 181 53 home,
1597 495 76 67 by
1706 495 156 52 Ruth
1900 494 257 69 Sawyer:

165 575 354 54 decorations
547 575 75 68 by
651 574 177 53 Allan
856 574 242 52 McNab.
1173 573 138 53 New
1343 572 180 68 York,
1553 573 260 65 London,
1843 573 70 51 D.
163 573 1974 133 Appleton

286 654 113 52 and
426 671 297 50 company,
751 655 150 50 1932.

231 733 832 51 4 p. l., 265, [1] p. illus. 19½ ᶜᵐ .
169 787 51 53 ©
255 792 109 40 Jan.
398 791 69 49 29,
502 790 113 41 1932;
677 790 66 39 2c.
779 791 96 39 and
910 790 81 42 aff.
1027 789 110 41 Feb.
1173 790 25 38 1;
1263 789 41 39 A
1335 789 144 40 47322;
1545 790 54 39 R.
1638 788 44 41 S.
1719 789 217 46 Durand,
1974 787 186 49 Ithaca,

236 847 55 41 N.
327 850 54 39 Y.
452 848 250 48 (32-3005)

163 950 187 66 Seely,
382 952 151 53 Fred
565 952 67 64 B,
665 955 171 50 1884-

231 1024 1928 69 Advanced mechanics of materials, by Fred B. Seely … New
165 1104 179 69 York,
377 1106 56 53 J.
469 1104 189 69 Wiley
695 1109 45 50 &
776 1122 147 50 sons,
956 1105 137 66 inc.;
1129 1104 259 65 London,
1423 1104 302 67 Chapman
1760 1106 45 50 &
1838 1103 160 63 Hall,
162 1103 1972 147 limited,
326 1186 151 51 1932.

232 1252 1120 52 xi, 331 p. illus., diagrs. 23½ ᶜᵐ . $5.00
234 1312 119 40 Part
385 1323 48 29 IV
467 1312 60 47 by
562 1312 126 39 Fred
721 1313 54 38 B.
812 1312 137 47 Seely
984 1312 95 39 and
1113 1310 166 39 Frank
1312 1311 53 38 E.
1401 1310 218 39 Richart.

233 1368 293 41 References
555 1370 51 39 at
633 1369 92 39 end
754 1369 51 40 of
832 1370 125 38 most
984 1368 52 40 of
1064 1368 82 39 the
1176 1368 241 46 chapters.

170 1422 51 53 ©
247 1428 109 39 Jan.
382 1426 70 49 25,
477 1425 141 48 1932;
644 1426 67 40 2c.
739 1427 109 40 Jan.
874 1426 81 46 28;
985 1424 81 41 aff.
1094 1426 110 38 Jan.
1230 1425 82 46 27;
1341 1425 40 38 A
1405 1423 171 47 47279;
1607 1425 51 40 F.
1687 1425 51 38 B.
1771 1424 150 48 Seely,
1950 1424 212 47 Urbana,

238 1484 75 40 Ill.
384 1483 250 48 (32-3371)

166 1587 191 64 Sharp
385 1586 52 54 &
463 1586 270 54 Alleman
763 1603 82 39 co.

165 1662 1972 148 … The lawyers directory, 1932. [50th year] … Philadelphia,
352 1743 891 67 Sharp & Alleman co. [ ᶜ1 932]
235 1815 819 49 4 p. l., 11-461, 2398 p. 23½ ᶜᵐ .
170 1867 52 52 ©
250 1872 111 43 Feb.
387 1873 39 45 3,
454 1871 112 41 1932;
623 1872 65 40 2c.
718 1873 110 39 Feb.
855 1874 53 39 13;
968 1872 81 41 aff.
1078 1872 110 39 Feb.
1217 1873 55 39 16;
1329 1873 40 39 A
1394 1873 144 40 48482;
1600 1873 159 47 Sharp
1785 1873 35 39 &
1847 1872 222 40 Alleman
2097 1884 66 29 co.

163 1987 195 67 Shaw,
389 1988 245 56 Charles
664 1991 211 64 Green,
907 1995 171 50 1892-

233 2066 164 67 Lady
443 2066 74 67 by
565 2067 223 66 chance,
835 2067 73 63 by
957 2065 235 56 Charles
1239 2066 68 54 G.
1358 2066 187 54 Shaw.
1630 2067 135 52 New
1819 2067 176 52 York.
2043 2067 120 54 The

161 2143 844 67 Macaulay company [ ᶜ1 932]
232 2212 589 49 3 p. l., 9-288 p. 19 ᶜᵐ .
171 2267 52 53 ©
251 2273 109 40 Jan.
386 2272 69 45 22,
482 2271 113 41 1932;
651 2272 66 39 2c.
746 2272 111 40 Feb.
883 2273 26 38 4;
966 2271 71 40 aff
1077 2271 109 40 Feb.
1213 2273 26 39 3;
1297 2272 40 39 A
1363 2271 144 41 47425;
1566 2273 260 47 Macaulay
1853 2284 67 29 co.

249 2328 250 49 (32-3295)

164 2428 274 67 Sheldon,
466 2429 264 55 Addison
759 2431 220 63 Erwin,
1008 2437 172 50 1861-

235 2498 311 67 Nebraska,
574 2499 96 53 the
699 2500 136 52 land
865 2500 113 52 and
1007 2498 99 55 the
1130 2500 219 68 people,
1377 2499 76 69 by
1482 2499 263 54 Addison
1777 2500 201 52 Erwin
165 2499 1979 131 Sheldon

365 2576 1798 70 … Nebraska biography (gratuitously published) selected
168 2654 1997 71 and prepared by special staff of writers … Chicago, New
167 2732 179 70 York,
375 2735 121 53 The
525 2734 185 53 Lewis
739 2734 338 69 publishing
1100 2752 299 50 company,
1432 2737 150 49 1931.

236 2818 28 39 3
288 2828 42 29 v.
384 2818 163 46 front.,
573 2818 129 39 illus.
731 2816 134 48 (incl.
890 2816 243 49 facsims.)
1159 2818 172 47 plates,
1356 2819 165 47 ports.,
1547 2827 153 39 maps,
1724 2817 121 41 fold.
1870 2817 98 41 tab.
2022 2817 147 40 26½ᶜᵐ.

234 2873 351 49 Bibliography
601 2884 9 30 :
643 2876 92 39 vol.
780 2904 9 17 I,
811 2884 42 38 p.
876 2873 159 42 91-92.

174 2926 50 52 ©
258 2931 118 40 Nov.
408 2931 69 46 25,
512 2930 139 47 1931;
688 2931 67 40 2c.
790 2931 120 40 each
942 2931 109 40 Jan.
1084 2930 70 48 28,
1189 2929 140 48 1932;
1367 2929 81 41 aff.
1483 2930 118 40 Nov.
1636 2930 70 48 30,
1741 2929 141 48 1931;
1919 2930 41 39 A
1992 2929 172 47 47302;

240 2987 156 40 Lewis
428 2988 107 47 pub.
568 2999 67 29 co.
706 2987 251 51 (32-3007)

167 3089 216 66 Shenk,
414 3089 210 55 Hiram
655 3092 174 64 Herr,
861 3092 173 54 1872-
1245 3093 84 53 ed.

233 3165 419 69 Encyclopedia
673 3167 63 52 of
756 3167 440 67 Pennsylvania,
1213 3166 201 66 editor,
1434 3167 209 51 Hiram
1665 3167 75 52 H.
1765 3165 211 68 Shenk,
2068 3208 10 9 LL.
2138 3207 28 19 D.,

169 3243 266 55 associate
457 3243 201 67 editor,
680 3244 210 53 Esther
913 3243 207 55 Shenk.
1180 3243 375 68 Harrisburg,
1578 3243 271 53 National
1873 3242 293 54 historical

169 3320 351 68 association,
551 3320 126 59 inc.,
711 3324 150 49 1932.

237 3389 1121 51 vi, 593 p. incl. front., illus., ports. 27 ᶜᵐ .
175 3445 50 52 ©
256 3451 109 40 Jan.
394 3449 69 48 20,
493 3449 139 47 1932;
664 3450 66 40 2c.
760 3451 109 39 Jan.
899 3450 82 46 23;
1013 3450 82 42 aff.
1125 3451 109 39 Jan.
1265 3450 82 47 30;
1378 3450 41 39 A
1447 3450 171 46 48194;
1651 3450 230 41 National
1913 3448 253 42 historical

242 3517 126 30 assn.
440 3506 251 50 (32-3385)

171 3605 186 55 South
406 3613 238 48 western
691 3614 274 63 reporter.
1042 3609 219 55 Second
1308 3608 185 54 series.
1569 3609 170 55 Cases
1787 3609 216 70 argued
2050 3608 111 53 and

243 3686 350 52 determined
635 3687 61 51 in
733 3688 96 51 the
874 3687 274 68 Supreme
1188 3694 189 46 courts
1418 3688 64 52 of
1521 3689 313 65 Arkansas,
1873 3686 289 67 Missouri,

243 3762 324 69 Tennessee,
604 3765 112 52 and
751 3766 211 52 Texas:
1001 3767 207 54 Courts
1242 3766 64 53 of
1341 3768 235 66 appeals
1611 3766 66 53 of
1708 3766 307 68 Kentucky
2050 3765 111 53 and

243 3838 297 69 Missouri;
587 3842 207 54 Courts
834 3843 64 52 of
938 3843 133 53 civil
1113 3844 112 52 and
1266 3844 262 54 criminal
1569 3846 235 67 appeals
1845 3845 112 52 and
242 3844 1897 128 Commission

509 3920 63 51 of
606 3922 233 65 appeals
871 3922 63 52 of
967 3925 200 65 Texas,
1201 3922 141 53 with
1373 3923 372 69 key-number
1781 3924 380 52 annotations.
