2563 4368
1386 4046 133 57 1748

430 442 123 53 Dos
575 441 237 63 Passos,
838 439 175 66 John,
1043 444 170 51 1896-

503 517 184 53 Three
720 517 255 67 soldiers,
1010 517 76 67 by
1120 516 156 55 John
1310 517 119 52 Dos
1463 517 233 65 Passos;
1733 514 391 54 introduction
2157 515 75 66 by
2266 514 156 56 John

434 593 1825 68 Dos Passos … [New York] The Modern library [ ᶜ193 2]
508 665 1918 51 ix p., 2 l., 3-471 p. 17 ᶜᵐ . (Half-title: The modern library of the
437 724 191 40 world’s
659 724 106 40 best
797 724 171 47 books)

509 778 162 42 “First
700 777 202 42 Modern
929 779 185 47 library
1143 777 226 42 edition.”

437 833 51 52 ©
513 837 118 40 Nov.
654 837 70 48 25,
749 836 113 41 1932;
916 837 68 39 2c.
1008 836 117 40 Nov.
1150 836 57 40 28;
1260 834 82 41 aff.
1368 835 118 39 Nov.
1510 835 58 39 26;
1621 834 40 39 A
1686 833 141 42 57247;
1883 835 200 39 Modern
2108 835 199 48 library,
2334 834 89 40 inc.

524 890 51 52 [©
603 891 346 50 introduction]
1022 891 279 50 (32-33154)

437 995 156 55 Eliot
620 995 353 53 foundation
1000 994 64 53 of
1089 994 165 53 adult
1282 993 330 65 education,
1637 994 139 53 New
1806 994 178 53 York.

509 1071 1917 69 Syllabus in the humanities … Sessions I to XII. New
440 1148 1744 70 York, The Eliot foundation of adult education [ᶜ193 2]
506 1224 540 49 2 p. l. , 83 p. 20½ ᶜᵐ .
511 1277 1922 50 “The … course … aims at selecting, arranging and supplementing
439 1336 79 40 the
544 1334 343 49 masterpieces
913 1335 257 41 contained
1197 1334 49 41 in
1273 1336 81 39 the
1383 1334 230 41 Harvard
1639 1333 489 42 classics.”—Introd.

508 1391 348 48 Bibliography
883 1393 52 39 at
960 1390 262 49 beginning
1247 1391 52 40 of
1325 1391 118 41 each
1470 1392 214 47 chapter.

443 1446 51 52 ©
523 1451 102 40 Oct.
651 1450 68 48 20,
748 1449 114 41 1932;
916 1449 66 39 2c.
1011 1450 96 39 and
1135 1449 82 41 aff.
1244 1450 117 39 Nov.
1389 1450 26 38 2;
1471 1449 41 39 A
1539 1449 143 41 56864;
1739 1449 131 41 Eliot
1896 1450 291 39 foundation
2215 1449 51 40 of
2294 1449 138 41 adult

508 1506 273 41 education.
853 1506 278 47 (32-33021)

442 1609 195 65 Elton,
666 1609 214 53 Maude
909 1609 145 63 Lay.

447 1685 1963 146 Chit-chat philosophy, by Maude Lay Elton … Emory University,
707 1762 807 68 Ga., Banner press [ᶜ193 2]
512 1836 60 40 48
595 1847 43 37 p.
698 1836 146 40 20½ᶜᵐ.
907 1836 162 49 [Verse
1094 1835 131 41 craft
1252 1835 164 50 series]

447 1889 51 52 ©
525 1893 102 40 Oct.
651 1893 70 47 22,
747 1893 114 40 1932;
915 1892 66 40 2c.
1009 1892 103 41 Oct.
1137 1892 55 39 27;
1247 1892 83 41 aff.
1358 1892 102 40 Oct.
1485 1892 55 40 28;
1595 1892 42 39 A
1662 1892 145 41 56739;
1863 1894 63 38 M.
1952 1893 51 38 L.
2032 1893 156 48 Elton,
2216 1892 218 41 Atlanta.

524 1949 279 48 (32-33268)

447 2052 274 64 Farjeon,
753 2052 270 54 Eleanor.

517 2126 212 54 Perkin
755 2127 95 54 the
875 2126 215 69 pedlar,
1117 2127 73 68 by
1217 2125 246 54 Eleanor
1492 2126 274 68 Farjeon;
1795 2127 139 53 with
1963 2126 375 55 illustrations
2366 2126 73 71 by

449 2202 1914 70 Clare Leighton. London, Faber and Faber, limited [193 2]
516 2273 1591 51 205, [1] p. incl. illus., plates. col. front., col. plates. 23 ᶜᵐ .
451 2330 1986 52 © 1c. Nov. 12, 1932; A ad int. 17070; pubd. Sept. 15; E. Farjeon, London.
527 2391 279 48 (32-33531)

451 2491 285 68 Fielding,
767 2492 341 66 Archibald,
1140 2497 163 51 1900-

522 2571 118 52 The
666 2570 324 54 Westwood
1017 2575 252 63 mystery
1319 2570 91 68 [by]
1443 2570 71 52 A.
1542 2570 286 69 Fielding.
1891 2570 257 62 London,
2175 2568 143 54 Pub.
2349 2569 91 54 for

452 2649 96 53 the
575 2647 189 55 Crime
791 2647 145 63 club,
963 2648 122 62 ltd.,
1111 2648 75 62 by
1211 2648 89 53 W.
1331 2648 219 54 Collins
1575 2667 129 34 sons
1730 2650 46 50 &
1803 2666 97 44 co.,
1928 2647 102 53 ltd.
2086 2650 133 50 [1932]

521 2722 98 49 281,
669 2722 19 39 [3]
744 2733 43 37 p.
846 2721 55 40 19ᶜᵐ

456 2774 1983 52 © 1c. Nov. 18, 1932; A ad int. 17092; pubd. Nov. 7; Dorothy Feilding,
522 2835 210 40 London.
803 2832 278 50 (32-33991)

455 2935 227 66 Fisher,
712 2937 238 63 Sydney
980 2936 246 65 George,
1258 2937 324 55 1856-1927.

523 3012 1857 70 William Penn, a biography, by Sydney George Fisher …
455 3090 1990 69 with an introduction by Rayner W. Kelsey … Anniversary
457 3168 1987 68 ed. … Philadelphia and London, J. B. Lippincott company,
456 3249 151 50 1932.

525 3316 1512 52 2 p. l. , v, 5-392 p. front., plates, ports., facsim. 19½ ᶜᵐ .
528 3375 190 39 Earlier
743 3374 209 41 editions
978 3375 124 40 have
1128 3375 107 40 title:
1291 3375 101 39 The
1418 3377 112 37 true
1553 3373 215 41 William
1795 3374 145 39 Penn.

463 3427 51 51 ©
546 3431 102 40 Oct.
678 3431 68 45 20,
779 3430 112 41 1932;
951 3431 66 39 2c.
1050 3432 95 38 and
1177 3430 82 41 aff.
1290 3431 111 39 Dec.
1431 3429 26 40 9;
1518 3431 41 37 A
1590 3430 142 40 57382;
1793 3429 42 40 J.
1869 3431 55 39 B.
1956 3429 277 49 Lippincott
2264 3439 66 30 co.

533 3483 67 53 [©
627 3487 257 47 foreword]
956 3484 279 51 (32-28141)

462 3575 240 65 Gercke,
731 3574 384 56 Maximilian.

542 3650 449 53 Dieselmotoren
1035 3650 60 52 in
1142 3651 99 52 der
1288 3648 717 68 elektrizitätswirtschaft,
2054 3649 393 54 insbesondere

463 3726 99 53 für
588 3725 499 70 Spitzendeckung,
1118 3745 111 34 von
1260 3727 79 52 M.
1374 3724 231 56 Gercke.
1677 3726 115 53 Mit
1825 3729 62 49 19
1922 3726 524 68 textabbildungen.

463 3804 215 68 Berlin,
703 3804 56 53 J.
791 3802 295 71 Springer,
1115 3806 151 51 1932.

531 3875 905 49 2 p. l., 92 p. illus., diagrs. 24 ᶜᵐ .
466 3929 1760 53 © July 26, 1932; 1c. Oct. 4; A —Foreign 18226; Julius Springer.
543 3988 279 50 (32-33677)
