2563 4368
1336 4132 135 51 1030

410 507 315 55 Nebraska
769 509 112 51 and
926 508 187 54 North
1159 513 240 47 western
1443 507 202 69 digest,
1690 506 268 70 covering
2003 509 77 51 all
2124 525 149 36 cases
480 525 1898 129 reported

714 587 59 52 in
805 585 294 56 Nebraska
1128 591 241 63 reports,
1399 586 186 53 North
1618 591 239 47 western
1889 590 257 66 reporter
2179 586 112 54 and
2324 587 77 52 all

481 666 62 52 of
577 666 96 53 the
707 666 187 53 North
927 670 238 47 western
1199 670 172 48 states
1407 671 221 62 reports
1662 663 155 54 from
1850 665 97 53 the
1980 665 226 54 earliest
2236 665 165 55 times

542 741 1858 70 … Compiled and edited by the publisher’s editorial staff.
521 865 10 10 v.
559 820 50 69 7,
636 826 45 47 8.
760 821 82 55 St.
871 822 164 67 Paul,
1062 822 161 55 West
1248 820 336 70 publishing
1609 840 77 34 co.
1831 825 84 64 [ᶜ1932]

481 909 212 41 2 v. 26 ᶜᵐ.
759 965 1649 49 CONTENTS. — v. 7. Boundaries-Champerty and maintenance. — v. 8.
414 1023 621 41 Charities-Continuance.

417 1090 51 53 ©
501 1095 116 47 July
648 1095 69 47 13,
751 1092 139 49 1932;
925 1095 68 39 2c.
1025 1095 119 39 each
1176 1094 121 48 Aug.
1329 1094 52 47 5;
1417 1093 109 41 affs.
1558 1095 119 48 Aug.
1711 1094 53 47 2;
1800 1095 41 38 A
1875 1094 156 48 53505,
2066 1093 168 48 53506;
2273 1095 135 40 West

482 1153 109 47 pub.
620 1163 65 28 co.

410 1253 145 56 New
583 1255 227 54 Mexico
841 1255 113 53 and
984 1252 213 59 Pacific
1226 1254 203 70 digest,
1459 1253 269 70 covering
1758 1256 78 52 all
1866 1273 150 36 cases
2046 1255 266 69 reported
2341 1254 62 53 in

480 1333 139 53 New
662 1333 223 53 Mexico
927 1338 240 63 reports,
1211 1336 327 65 1852-1931,
1582 1330 210 57 Pacific
1835 1338 276 64 reporter,
2152 1335 250 52 volumes

483 1414 186 64 1-300,
701 1412 112 52 and
845 1413 77 51 all
953 1412 63 53 of
1043 1412 96 53 the
1168 1410 211 57 Pacific
1410 1418 171 48 states
1613 1417 222 64 reports
1866 1412 155 55 from
2050 1413 98 53 the
2177 1413 229 54 earliest

479 1489 1923 71 times … Compiled and edited by the publisher’s editorial
479 1567 1671 73 staff. v . 17-19. St. Paul, West publishing co., 1932.
481 1645 25 40 3
537 1656 41 29 v.
639 1644 116 40 26ᶜᵐ.

413 1699 1997 106 CONTENTS. — v. 17. Exchange of property-Fixtures. — v. 18. Food-Guaranty.— v. 19. Guardian
1214 1758 96 39 and
1343 1758 435 40 ward-Homicide.

416 1824 51 52 ©
501 1829 115 46 July
649 1828 69 48 23,
754 1827 140 48 1932;
930 1828 67 40 2c.
1031 1829 117 40 each
1183 1829 119 46 Aug.
1336 1827 52 48 5;
1427 1827 106 41 affs.
1568 1828 120 47 Aug.
1723 1827 53 48 2;
1814 1829 41 38 A
1888 1828 346 47 53488-53490;
2273 1829 134 40 West

482 1886 110 47 pub.
617 1897 65 28 co.

410 1987 338 67 Nicholson,
776 1989 234 54 Arthur
1038 1989 156 65 Pole,
1226 1989 173 56 1870-

479 2062 1861 71 The sweepstake prize, by A. P. Nicholson (A. P. N.) …
409 2142 252 69 London,
690 2143 67 51 E.
789 2142 178 68 Benn,
995 2140 220 54 limited
1251 2144 173 66 [1932]

477 2213 277 49 320 p. 19 ᶜᵐ.
416 2283 1989 52 © 1c. July 8, 1932; A ad int. 16622; pubd. May 13; A. P. Nicholson,
483 2345 210 39 London.
765 2343 280 49 (32-18620)

410 2445 212 56 Pacific
657 2446 204 69 digest,
895 2445 267 69 covering
1197 2447 76 50 all
1307 2464 150 35 cases
1491 2445 266 68 reported
1791 2444 61 53 in
1885 2444 210 56 Pacific
2128 2449 273 65 reporter,

480 2526 249 52 volumes
761 2527 186 66 1-300,
975 2525 112 51 and
1115 2525 78 52 all
1221 2523 64 54 of
1312 2524 96 53 the
1434 2521 211 57 Pacific
1674 2529 171 48 states
1873 2529 222 63 reports
2124 2524 154 52 from
2304 2523 96 55 the

481 2601 1920 71 earliest times … Compiled and edited by the publisher’s
481 2681 266 53 editorial
792 2678 153 56 staff,
1018 2700 52 36 v.
1117 2679 184 55 17-19.
1379 2680 85 55 St.
1508 2682 166 68 Paul,
1719 2682 161 54 West
1924 2681 336 70 publishing
2304 2699 97 50 co.,

484 2763 148 50 1932.

482 2833 208 42 3 v. 26 ᶜᵐ.
414 2888 1993 106 CONTENTS. — v. 17. Exchange of property-Fixtures. — v. 18. Food-Guaranty.— v. 19. Guardian and ward-Homicide.
417 3013 51 52 ©
503 3018 115 46 July
651 3016 69 47 23,
754 3015 140 48 1932;
929 3016 67 40 2c.
1031 3017 117 39 each
1182 3016 118 48 Aug.
1336 3016 51 47 5;
1425 3016 107 40 affs.
1567 3016 119 48 Aug.
1721 3016 53 47 2;
1811 3017 40 38 A
1886 3015 345 46 53476-53478;
2269 3016 134 39 West

483 3075 110 47 pub.
627 3083 65 31 co.

409 3177 267 65 Plautus,
704 3175 173 55 Titus
903 3176 279 56 Maccius.

479 3255 66 52 T.
572 3254 185 51 Macci
785 3253 196 52 Plauti
1010 3253 331 67 Pseudolus,
1369 3253 207 67 edited,
1605 3252 140 53 with
1774 3271 73 34 an
1874 3249 389 55 introduction
2291 3251 111 52 and

411 3328 1991 71 notes, by Edgar H. Sturtevant … in collaboration with Frank
412 3409 67 52 E.
519 3410 229 66 Brown,
786 3407 308 53 Frederick
1129 3408 89 53 W.
1262 3407 272 55 Schaefer
1571 3408 112 52 and
1720 3407 156 55 John
1911 3408 66 52 P.
2017 3406 382 56 Showerman.

413 3487 137 53 New
582 3486 225 68 Haven,
839 3485 146 53 Yale
1018 3485 315 68 university
1367 3503 184 50 press;
1587 3485 256 68 London,
1875 3485 77 52 H.
1987 3483 264 68 Milford,
414 3483 1962 134 Oxford
571 3563 317 68 university
916 3581 173 49 press,
1119 3565 150 51 1932.

481 3637 86 40 122
594 3647 44 39 p.
697 3637 117 40 21ᶜᵐ.

420 3704 50 51 ©
502 3709 126 38 June
656 3706 70 49 28,
757 3706 113 39 1932;
929 3708 67 38 2c.
1027 3707 116 45 July
1174 3707 53 37 11;
1289 3706 82 38 aff.
1403 3707 114 46 July
1548 3706 55 37 22;
1663 3705 42 38 A
1735 3704 143 41 52977;
1939 3706 119 37 Yale
2089 3703 129 40 univ.
2251 3711 148 40 press.

490 3760 67 53 [©
592 3764 207 47 preface,
835 3762 341 45 introduction,
1211 3762 184 47 editing
1429 3764 96 38 and
1558 3764 150 46 notes]
1781 3761 278 48 (32-17588)

412 3864 209 54 Pradel
651 3866 69 52 de
748 3866 268 63 Lamase,
1046 3864 239 54 Martial
1314 3865 88 53 de.

541 3939 1853 67 … Le chateau de Vincennes. Paris, Calmann-Lévy, 1932.
486 4011 1911 51 ix, 204 p., 1 l. front., 1 illus., plan. 19½ᶜᵐ. [Châteaux, décors de
414 4069 251 50 l’histoire]
