2563 4368
1388 4091 101 51 650

414 484 199 65 Black,
649 484 289 64 Dorothy.

484 575 157 55 Wild
682 574 217 66 cherry.
981 574 363 67 [Instalment
1379 571 51 68 7]

520 665 57 37 (In
608 660 156 43 Home
794 663 142 39 notes
967 658 276 52 magazine,
1272 656 121 53 Apr.
1425 659 40 48 2,
1499 658 144 49 1932)

423 728 1991 53 © 1c. May 25, 1932; A ad int. 16449; pubd. Mar. 28; Dorothy Black
491 789 269 48 MacLeish,
795 788 232 48 Pitcaple,
1061 786 397 48 Aberdeenshire,
1494 787 243 40 Scotland.

487 890 159 56 Wild
681 891 217 67 cherry.
979 889 364 69 [Instalment
1376 893 49 64 8]

521 981 59 37 (In
608 976 158 42 Home
791 979 142 39 notes
961 975 276 52 magazine,
1265 973 121 53 Apr.
1415 976 41 48 9,
1487 974 143 50 1932)

425 1045 1994 53 © 1c. June 1, 1932; A ad int. 16471; pubd. Apr. 4; Dorothy Black
495 1106 269 46 MacLeish,
799 1105 231 48 Pitcaple,
1063 1104 399 47 Aberdeenshire,
1499 1104 243 40 Scotland.

428 1208 216 54 Boston
718 1206 351 66 university.
1144 1208 212 54 School
1427 1209 64 67 of
1562 1207 283 69 theology.
1957 1205 349 69 Conference
2344 1222 74 36 on

491 1287 334 68 preaching,
855 1290 152 51 1931.

491 1378 121 53 The
642 1377 266 54 varieties
939 1377 65 54 of
1036 1378 368 69 present-day
1438 1377 340 70 preaching;
1816 1398 32 34 a
1882 1375 170 55 series
2084 1375 64 54 of
2179 1376 240 54 lectures

423 1456 285 53 delivered
754 1454 195 54 before
994 1456 95 53 the
1137 1457 218 52 Boston
1400 1454 319 70 university
1768 1454 208 56 School
2023 1453 65 55 of
2133 1454 287 69 theology,

422 1531 1992 72 edited by G. Bromley Oxnam … New York, Cincinnati [etc.]
422 1611 884 69 The Abingdon press [ ᶜ1 932]
496 1684 87 39 244
610 1694 44 38 p.
714 1684 56 41 20ᶜᵐ.

498 1755 128 40 “The
667 1755 171 40 fourth
879 1753 294 42 Conference
1214 1764 60 30 on
1314 1752 264 50 preaching
1619 1752 54 42 of
1711 1753 183 41 Boston
1937 1752 270 49 university
2251 1751 172 43 School

428 1809 1454 51 of theology … held October 12, 13, 14, 1931.”—Introd.
433 1879 51 51 ©
521 1883 114 48 Apr.
670 1884 69 46 11,
774 1882 112 41 1932;
951 1882 68 42 2c.
1053 1884 96 39 and
1185 1882 82 41 aff.
1303 1883 115 47 Apr.
1453 1883 55 40 27;
1574 1882 40 40 A
1649 1881 146 41 49758;
1859 1882 253 48 Abingdon
2147 1890 149 39 press,
2334 1881 88 39 inc.

512 1940 280 48 (32-11677)

429 2041 289 67 Brawley,
747 2041 318 66 Benjamin
1096 2042 254 66 Griffith,
1385 2048 171 51 1882-

500 2117 1863 71 History of the English hymn [by] Benjamin Brawley …
431 2194 1794 70 New York, Cincinnati [etc.] The Abingdon press [ ᶜ1 932]
499 2267 88 40 256
613 2278 43 37 p.
713 2267 165 48 front.,
908 2269 148 47 ports.
1115 2268 54 39 21½ᶜᵐ.

503 2337 131 42 “Our
670 2348 203 30 concern
910 2337 43 40 is
988 2339 120 40 with
1148 2339 82 40 the
1268 2340 158 39 words
1464 2340 168 38 rather
1669 2340 117 39 than
1826 2340 83 39 the
1943 2338 154 40 music
2134 2338 52 41 of
2224 2337 201 49 English

429 2393 410 49 hymns.”—Pref.

502 2451 248 41 “Selected
785 2449 366 50 bibliography”:
1218 2461 43 38 p.
1296 2449 216 43 235-239.

439 2521 51 51 ©
515 2525 114 48 Apr.
654 2525 70 47 25,
749 2524 114 41 1932;
916 2525 66 40 2c.
1008 2526 95 38 and
1128 2523 82 42 aff.
1237 2524 111 48 Apr.
1374 2523 55 41 27;
1485 2524 41 39 A
1549 2522 146 42 49759;
1749 2524 53 40 B.
1828 2524 240 47 Brawley,
2094 2520 333 50 Washington.

518 2582 278 48 (32-11467)

436 2683 453 67 Breckenridge,
920 2686 205 53 James
1152 2683 289 67 Malcolm,
1474 2688 171 52 1865-

500 2762 260 53 William
792 2763 179 55 Clark
1001 2762 440 68 Breckenridge,
1471 2763 296 53 historical
1798 2762 256 54 research
2087 2761 192 54 writer
2313 2759 110 55 and

432 2838 429 69 bibliographer
883 2839 64 54 of
970 2838 385 55 Missouriana;
1407 2840 90 53 his
1521 2840 124 67 life,
1668 2840 223 67 lineage
1914 2840 112 53 and
2051 2839 280 68 writings,
2352 2839 73 70 by

433 2916 194 53 James
670 2917 271 52 Malcolm
983 2916 439 68 Breckenridge.
1502 2916 85 56 St.
1630 2917 193 66 Louis,
1864 2916 135 67 Mo.,
2041 2917 120 53 The
2205 2917 220 64 author,

432 2997 151 49 1932.

506 3064 1403 52 380 p., 1 l. front., illus. (incl. music) ports. 24ᶜᵐ.
510 3134 227 42 “Edition
768 3136 187 40 limited
990 3138 49 39 to
1071 3136 87 42 350
1190 3136 202 49 copies.”
1451 3137 119 41 This
1603 3148 119 38 copy
1754 3139 84 39 not
1871 3138 276 42 numbered.

509 3191 375 50 Bibliography:
923 3192 149 49 Early
1111 3193 229 41 Missouri
1378 3194 241 49 imprints,
1657 3193 274 42 1808-1850.
1999 3194 238 43 Medicine
2273 3196 49 39 in
2361 3194 65 41 St.

439 3249 146 41 Louis
628 3250 97 39 and
767 3248 245 42 Missouri.
1083 3249 258 50 Doniphan
1384 3251 293 48 expedition.
1749 3251 231 41 Missouri
2021 3252 49 39 in
2113 3252 81 41 the
2237 3252 190 40 Kansas

438 3307 229 47 struggle.
728 3304 201 49 Slavery
959 3308 95 38 and
1084 3305 114 41 civil
1228 3317 103 29 war
1358 3307 50 39 in
1439 3306 255 42 Missouri:
1727 3319 43 37 p.
1801 3306 217 42 249-349.

449 3374 51 51 ©
529 3378 113 48 Apr.
671 3378 70 46 18,
768 3376 112 41 1932;
938 3376 66 40 2c.
1035 3379 95 38 and
1160 3376 81 41 aff.
1271 3378 114 48 Apr.
1413 3378 54 38 21;
1527 3378 40 39 A
1595 3377 145 41 49638;
1797 3379 43 40 J.
1871 3380 63 39 M.
1964 3378 366 49 Breckenridge,
2364 3378 64 41 St.

514 3434 158 40 Louis.
744 3434 279 47 (32-11557)

441 3536 205 65 Brent,
676 3532 244 59 Charles
947 3537 222 64 Henry,
1198 3537 111 67 bp.,
1337 3539 323 51 1862-1929.

510 3612 363 53 Adventures
910 3612 60 52 in
1006 3630 226 50 prayer,
1267 3613 75 68 by
1383 3613 235 55 Charles
1657 3615 203 69 Henry
1899 3616 209 66 Brent;
2149 3613 276 71 arranged

443 3689 140 52 with
619 3708 73 33 an
728 3689 389 52 introduction
1153 3689 76 68 by
1269 3689 56 54 S.
1365 3689 57 54 S.
1461 3691 213 68 Drury.
1750 3692 138 52 New
1929 3692 162 51 York
2131 3693 112 52 and
443 3693 1959 140 London,

601 3766 232 67 Harper
859 3768 47 50 &
931 3765 278 68 brothers,
1238 3769 149 50 1932.

516 3838 83 47 xii,
627 3838 85 39 104
733 3848 44 38 p.
838 3838 128 40 illus.
996 3838 261 49 (facsims.)
1322 3839 56 39 17½ᶜᵐ.

516 3907 163 41 “First
709 3907 226 41 edition.”

453 3974 51 51 ©
534 3977 113 49 Apr.
674 3978 70 49 23,
772 3978 140 48 1932;
968 3980 67 39 2c.
1065 3982 95 38 and
1190 3980 81 43 aff.
1301 3981 113 48 Apr.
1444 3982 82 46 28;
1559 3982 40 39 A
1625 3982 171 47 49742;
1829 3983 192 47 Harper
2051 3983 36 40 &
2115 3982 125 40 bros.

528 4034 279 50 (32-11675)
