2563 4368
1141 4070 133 50 1353

209 453 237 63 Loring,
481 453 137 51 Mrs.
655 448 208 54 Emilie
906 447 254 67 (Baker)

278 528 329 56 Uncharted
662 544 119 35 seas
858 525 92 67 [by]
1012 523 209 52 Emilie
1276 523 233 67 Loring.
1599 519 425 69 Philadelphia,
2077 520 121 54 The

210 610 156 49 Penn
397 604 332 69 publishing
758 619 279 50 company
1116 603 150 64 [ᶜ1932]

277 676 361 52 312 p. 19½ ᶜᵐ .
214 745 51 52 ©
298 751 126 45 Sept.
455 749 26 37 2,
582 747 54 38 1932;
697 747 67 39 2c.
794 746 95 39 and
920 744 81 41 aff.
1036 745 126 39 Sept.
1192 742 54 40 19;
1308 743 39 38 A
1379 742 142 40 54866;
1583 743 53 39 E.
1668 741 191 49 Loring,
1892 742 195 39 Boston.

289 804 276 50 (32-23568)

210 909 332 53 Louisiana.
621 908 205 52 Courts
855 908 62 66 of
945 905 222 69 appeal.

280 987 244 67 Reports
561 985 62 51 of
660 986 94 51 the
794 983 306 53 Louisiana
1140 982 207 55 Courts
1383 982 63 52 of
1485 983 205 66 appeal.
1781 1000 52 35 v.
1873 984 79 50 19.
2028 980 169 55 Cases

211 1065 211 66 argued
454 1064 110 52 and
595 1062 348 53 determined
974 1063 57 50 in
1061 1063 96 51 the
1185 1062 207 55 Courts
1420 1061 63 53 of
1514 1062 203 66 appeal
1748 1059 63 53 of
1838 1060 94 52 the
1961 1064 145 48 state
2134 1058 65 54 of

211 1142 303 52 Louisiana
542 1148 58 46 at
623 1142 95 52 the
742 1148 143 46 term
910 1139 311 68 beginning
1246 1137 123 55 first
1391 1139 256 68 Monday
1670 1138 62 54 of
1758 1138 263 67 October,
2046 1141 149 49 1931.

212 1220 177 53 Court
430 1221 63 51 of
536 1220 198 67 appeal;
815 1216 121 55 first
976 1217 219 68 circuit,
1236 1219 188 51 Baton
1467 1218 197 68 Rouge;
1733 1217 203 53 second
1979 1217 220 68 circuit,

213 1298 374 68 Shreveport;
634 1297 195 68 parish
873 1297 62 50 of
978 1297 258 58 Orleans,
1278 1297 138 52 New
1460 1296 259 55 Orleans.
1793 1296 140 53 This
1975 1296 223 53 volume

212 1377 255 52 contains
518 1376 312 52 references
880 1381 57 46 to
988 1375 95 52 the
1132 1373 307 54 Louisiana
1490 1374 187 69 digest
1725 1374 220 69 subject
1991 1380 209 47 matter

212 1454 187 56 index,
425 1454 150 53 table
602 1454 62 52 of
690 1472 149 34 cases
867 1453 283 67 reported,
1174 1454 150 52 table
1351 1453 63 52 of
1440 1470 150 37 cases
1614 1453 149 54 cited
1790 1453 113 52 and
1929 1454 180 53 tables
2135 1453 64 54 of

212 1530 1986 70 acts of legislature, codes, and constitutions cited … Edited
210 1609 1919 69 by J. B. Herold … New Orleans, Hauser printing co., 1932.
280 1685 131 47 xxxi,
442 1683 88 42 928
556 1695 41 37 p.
656 1683 116 40 23ᶜᵐ.

216 1750 51 52 ©
297 1755 118 48 Aug.
447 1755 67 45 13,
546 1752 112 41 1932;
718 1753 64 39 2c.
816 1754 94 39 and
942 1751 81 41 aff.
1057 1752 101 40 Oct.
1190 1753 80 45 13;
1304 1753 40 38 A
1375 1752 170 47 55561;
1580 1753 194 40 Hauser
1805 1751 219 50 printing
2053 1763 68 31 co.

211 1871 316 63 McMillan,
559 1872 190 63 Mary.

280 1946 1861 69 Massage and therapeutic exercise, by Mary McMillan …
211 2028 71 52 3d
310 2027 102 66 ed.,
441 2031 158 48 reset.
664 2024 408 68 Philadelphia
1100 2025 112 52 and
1241 2025 259 67 London,
1524 2025 90 55 W.
1643 2026 68 52 B.
1742 2024 288 56 Saunders

212 2044 1967 127 company,
413 2106 149 50 1932.

281 2175 519 50 359 p. illus. 20 ᶜᵐ .
218 2235 51 51 ©
301 2239 125 48 Sept.
456 2238 38 47 6,
523 2237 139 48 1932;
692 2238 67 40 2c.
790 2238 126 47 Sept.
944 2238 26 38 9;
1029 2238 80 39 aff.
1141 2238 126 48 Sept.
1297 2238 80 47 12;
1410 2239 39 39 A
1477 2239 134 40 54741;
1678 2240 71 40 W.
1780 2240 53 39 B.
1865 2239 245 40 Saunders
2138 2248 66 30 co.

295 2294 278 48 (32-23736)

215 2397 297 65 McNeely,
540 2398 138 52 Mrs.
707 2396 230 54 Marian
975 2398 229 65 (Hurd)
1241 2398 324 55 1877-1930.

283 2475 120 52 The
440 2492 126 49 way
602 2479 57 47 to
696 2475 184 67 glory,
917 2475 112 52 and
1067 2474 162 53 other
1266 2475 199 53 stories
1499 2475 76 68 by
1611 2475 230 52 Marian
1876 2475 172 53 Hurd
214 2475 1966 145 McNeely

214 2550 1967 147 … with a preface by Dorothy Canfield Fisher; illustrated by
550 2630 151 55 Joan
740 2628 188 70 Esley.
1002 2630 259 67 London,
1297 2630 139 53 New
1474 2629 164 54 York
1697 2634 120 63 [etc.]
1859 2630 346 68 Longmans,

215 2707 185 55 Green
426 2709 112 52 and
567 2726 97 47 co.,
694 2710 150 50 1932.

353 2812 9 15 xv,
388 2780 86 40 240
500 2791 42 38 p.
569 2779 108 42 incl.
706 2780 163 48 front.,
897 2780 143 48 illus.,
1068 2780 169 48 plates.
1298 2778 145 42 19½ᶜᵐ.

287 2836 161 41 “First
475 2835 225 42 edition.”

287 2894 227 39 “Printed
539 2893 50 39 in
614 2893 82 40 the
722 2892 177 41 United
926 2892 162 41 States
1114 2892 53 40 of
1189 2890 266 42 America.”

220 2947 51 52 ©
301 2950 126 48 Sept.
455 2951 68 45 14,
549 2949 138 49 1932;
716 2951 67 40 2c.
811 2951 93 38 and
932 2950 82 40 aff.
1044 2949 125 49 Sept.
1199 2948 81 49 19;
1310 2949 40 39 A
1375 2950 171 47 54871;
1576 2950 287 48 Longmans,
1892 2950 153 40 Green
2076 2951 36 40 &
2138 2960 66 30 co.

297 3007 276 48 (32-23565)

216 3110 258 64 Martial,
504 3110 230 56 Louise.

349 3186 1854 71 … La chaîne des femmes (roman d’anticipation) Paris,
216 3266 77 51 Le
321 3265 281 53 Réalisme
629 3282 274 51 nouveau,
933 3268 149 50 1931.

286 3337 453 49 218 p., 1 l. 19 ᶜᵐ .
221 3391 1874 51 © May 28, 1931; 1c. June 8; A—Foreign 12247; Réalisme nouveau.
298 3450 249 48 (32-3038)

217 3553 171 63 Mary
417 3552 222 65 Victor,
668 3552 182 68 sister,
881 3571 178 50 comp.

290 3629 136 53 Diet
451 3631 249 65 manual,
725 3630 279 67 compiled
1030 3631 75 67 by
1135 3629 182 56 Sister
1341 3632 169 68 Mary
1537 3631 219 67 Victor,
1821 3673 9 10 B.
1891 3674 10 10 S.

222 3632 1985 145 Rochester, Minn., Dept. of nutrition, Saint Mary’s hospital, ᶜ1 932.
287 3780 746 49 3 p. l., 111 p. diagrs. 26 ᶜᵐ .
292 3837 68 38 “A
395 3836 310 48 compilation
744 3837 52 39 of
832 3836 100 41 diet
967 3839 300 46 procedures,
1307 3848 141 31 menu
1486 3840 140 47 plans
1663 3840 96 39 and
1798 3838 154 41 tables
1990 3840 118 39 used
2146 3840 61 47 by

222 3892 79 38 the
331 3892 202 41 medical
565 3894 94 38 and
690 3892 197 41 dietetic
918 3893 141 41 staffs
1092 3894 51 40 of
1176 3894 140 41 Saint
1348 3895 179 48 Mary’s
1559 3894 592 49 hospital.”—Foreword.

223 3944 51 52 ©
301 3950 118 47 Aug.
446 3948 68 50 23,
542 3949 112 41 1932;
710 3950 66 39 2c.
804 3950 115 47 Aug.
948 3949 56 40 26;
1060 3950 80 40 aff.
1172 3951 124 48 Sept.
1325 3951 26 40 3;
1409 3952 40 39 A
1476 3951 141 42 54672;
1678 3951 153 41 Sister
1860 3953 139 47 Mary
2027 3950 179 49 Victor,

291 4005 275 49 Rochester,
599 4006 148 41 Minn.
818 4005 278 49 (32-23543)
