2563 4368
1333 4057 132 50 1486

397 535 198 70 lation,
632 537 190 53 edited
860 537 139 52 with
1038 537 388 52 introduction
1464 536 112 52 and
1613 536 257 67 glossary
1907 534 75 68 by
2018 532 372 71 Huntington

397 617 227 52 Brown.
693 614 363 68 Cambridge,
1086 615 190 67 Mass.,
1309 613 273 52 Harvard
1614 611 318 70 university
1962 630 174 51 press,
2170 614 149 51 1932.

467 691 1043 51 xxxix, 132 p. illus. (facsims.) 20½ ᶜᵐ .
468 750 263 40 Published
775 750 351 47 anonymously
1167 759 70 30 ca.
1280 748 114 40 1534
1436 748 153 39 under
1632 748 135 40 title:
1814 748 90 40 Les
1946 746 254 49 croniques
399 749 1975 98 admirables

592 807 65 39 du
692 806 222 48 puissant
951 816 84 36 roy
1072 805 297 47 Gargantua.
1430 804 100 40 The
1567 803 219 41 author’s
1819 814 141 31 name
1996 814 205 39 appears

399 814 1975 97 acrostically
591 863 51 39 in
668 864 80 38 the
774 866 169 36 stanza
970 865 51 36 at
1049 862 81 39 the
1155 862 91 39 end
1273 861 51 39 of
1349 861 84 40 the
1457 861 113 40 tale.

469 921 224 38 Includes
719 920 104 38 also
848 919 81 39 the
955 918 116 40 1532
1096 920 102 37 text
1225 918 51 39 of
1304 917 118 39 “Les
1447 917 208 47 grandes
1681 919 50 38 et
1755 916 332 41 inestimables
2113 917 280 47 cronicques

397 977 65 39 du
490 979 144 45 grant
663 979 47 36 et
738 984 193 31 enorme
960 977 145 45 geant
1136 973 328 48 Gargantua”,
1495 973 255 48 published
1780 973 351 48 anonymously
2160 974 95 41 and
2286 984 106 31 now

398 1032 270 41 attributed
697 1035 49 37 to
775 1031 233 47 François
1037 1030 230 40 Rabelais
1305 1031 67 47 (p.
1420 1029 244 50 [103]-128)

470 1088 204 41 “Notes”
693 1099 9 29 :
731 1099 43 37 p.
801 1087 370 40 xxxvii-xxxix.

404 1155 50 52 ©
488 1160 126 47 Sept.
644 1160 68 42 14,
743 1158 112 40 1932;
916 1159 65 39 2c.
1016 1158 126 47 Sept.
1173 1159 53 37 21;
1288 1157 82 40 aff.
1405 1158 127 47 Sept.
1564 1158 55 39 19;
1679 1159 39 38 A
1750 1158 143 40 54945;
1955 1159 256 40 President
2241 1164 36 40 &
471 1158 1904 96 fellows
620 1216 51 39 of

703 1216 229 38 Harvard
967 1215 189 46 college.
1193 1214 286 43 Cambridge,
1530 1216 143 37 Mass.
1747 1215 279 48 (32-25560)

400 1319 228 64 Glover,
659 1318 154 55 John
845 1319 245 63 George,
1120 1336 85 35 ed.

468 1396 121 53 The
637 1395 394 68 development
1079 1394 66 54 of
1190 1394 307 54 American
1544 1395 327 68 industries,
1917 1397 150 54 their
2113 1397 282 54 economic

399 1472 1934 70 significance, planned and edited by John George Glover …
400 1549 1995 72 and William Bouck Cornell … with a foreword by John T.
400 1628 1595 68 Madden … New York, Prentice-Hall, inc., 1932.
469 1701 1926 50 xxiii, 932 p. illus. (incl. maps) fold. pl., tables (1 fold.) diagrs. 23½ ᶜᵐ .
406 1767 51 51 ©
491 1771 126 48 Sept.
647 1771 70 47 26,
747 1770 112 40 1932;
918 1770 67 41 2c.
1019 1773 127 45 Sept.
1176 1771 56 40 28;
1292 1771 81 40 aff.
1406 1771 99 40 Oct.
1537 1773 26 38 3;
1624 1773 39 37 A
1695 1773 142 39 56174;
1900 1771 371 49 Prenrice-Hall,
2304 1773 90 40 inc.

483 1827 277 47 (32-25868)

404 1930 303 65 Greenbie,
738 1931 137 54 Mrs.
904 1931 284 63 Marjorie
1218 1931 183 54 Latta
1435 1932 333 64 (Barstow)
1807 1938 171 49 1891-

470 2008 362 67 Personality
858 2008 112 52 and
997 2008 94 52 the
1121 2008 187 52 divers
1333 2008 258 53 methods
1616 2009 76 67 by
1720 2010 184 52 which
1930 2029 150 34 some
2106 2030 145 46 men,
2279 2011 111 53 and

399 2082 131 53 here
562 2085 111 52 and
704 2085 158 52 there
896 2104 31 33 a
961 2102 238 50 woman,
1229 2087 143 51 have
1406 2086 266 53 achieved
1705 2087 48 53 it
1808 2088 93 66 [by]
1937 2087 278 68 Marjorie
400 2090 1969 123 Barstow

577 2161 1815 73 Greenbie, PH. D. New York, The Macmillan company,
402 2240 150 50 1932.

472 2309 666 50 XV p., 1 l., 328 p. 22½ ᶜᵐ .
411 2376 50 52 ©
488 2380 126 48 Sept.
638 2380 55 41 27,
789 2380 54 40 1932;
896 2381 66 39 2c.
987 2384 94 37 and
1107 2382 79 39 aff.
1216 2382 126 47 Sept.
1368 2383 56 37 28;
1479 2384 38 37 A
1542 2384 144 39 56096;
1741 2386 61 38 M.
1829 2386 53 39 B.
1911 2386 245 42 Greenbie.
2185 2387 209 43 Castine,

476 2437 87 39 Me.
636 2437 277 48 (32-25821)

409 2536 240 66 Groves,
679 2539 217 53 Ernest
925 2539 388 67 Rutherford,
1345 2542 171 55 1878-

474 2615 1924 72 An introduction to sociology, by Ernest R. Groves … New
409 2710 110 35 rev.
554 2693 83 52 ed.
712 2693 138 53 New
885 2693 180 68 York,
1098 2695 240 54 London
1395 2702 119 62 [etc.]
1555 2698 345 69 Longmans,
1933 2699 187 55 Green
2153 2702 111 52 and
2301 2719 98 50 co.,

407 2773 150 49 1932.

475 2842 1592 57 xii p., 1 l., 741 p. 22 ᶜᵐ . [Longmans’ social science series]
475 2899 232 41 Contains
732 2899 390 49 bibliographies.

412 2965 51 51 ©
496 2969 126 48 Sept.
652 2970 56 39 28,
809 2970 55 39 1932;
925 2970 24 38 2c.
1023 2973 93 37 and
1148 2972 80 39 aff.
1261 2973 99 40 Oct.
1393 2976 54 44 4;
1480 2976 40 37 A
1552 2976 141 39 55375;
1755 2977 285 49 Longmans,
2074 2978 152 40 Green
2261 2979 36 39 &
2328 2988 66 30 co.

490 3026 276 42 (32-25866)

408 3128 273 52 Harvard
716 3128 213 52 studies
964 3130 110 51 and
1108 3137 157 46 notes
1298 3133 61 51 in
1392 3133 297 69 philology
1725 3137 110 51 and
1870 3136 310 53 literature.

479 3138 1888 144 Volume XIV … Cambridge. Harvard university press, 1932.
479 3279 973 48 4 p. l., 349 p. double facsim. 23 ᶜᵐ .
414 3345 51 51 ©
510 3350 126 47 Sept.
678 3349 54 39 26,
845 3350 82 46 1932;
970 3352 66 38 2c.
1079 3351 101 41 Oct.
1222 3352 59 40 29;
1348 3354 81 40 aff.
1474 3355 125 48 Sept.
1641 3357 83 47 30;
1768 3359 40 37 A
1850 3359 143 39 55747;
2064 3359 254 40 President
2359 3361 36 39 &

481 3406 186 39 fellows
696 3406 50 39 of
774 3406 226 39 Harvard
1030 3407 189 47 college.
1250 3409 297 46 Cambridge.
1579 3413 144 39 Mass.

410 3507 258 64 Haskell,
697 3508 184 52 Helen
910 3509 343 63 Eggleston.

411 3583 1959 143 Katrinka grows up, by Helen Eggleston Haskell … illustrated by
725 3661 113 50 Ilse
868 3660 269 52 Bischoff.
1212 3664 138 50 New
1379 3664 177 57 York,
1587 3667 66 51 E.
1682 3670 64 49 P.
1777 3669 223 52 Dutton
2027 3672 45 49 &
2100 3687 295 50 company,

413 3736 120 58 inc.,
566 3739 150 49 1932.

480 3808 874 48 310 p. incl. front., plates. 19½ ᶜᵐ .
483 3864 161 40 “First
668 3864 226 41 edition.”

416 3928 51 51 ©
494 3934 117 46 Aug.
641 3934 54 38 12,
794 3934 52 38 1932;
904 3933 66 41 2c.
998 3937 93 37 and
1120 3936 79 38 aff.
1230 3938 118 46 Aug.
1376 3940 54 37 17;
1486 3941 40 37 A
1555 3940 137 39 56181;
1754 3944 52 38 E.
1836 3944 49 39 P.
1916 3944 182 40 Dutton
2130 3945 35 39 &
2193 3953 81 38 co.,
2303 3944 91 39 inc.

492 3989 276 48 (32-26993)
