2563 4368
1268 4086 133 50 1608

337 478 263 66 [Turner,
631 476 154 53 John
816 474 223 66 Victor]
1078 478 170 50 1900-

401 553 120 53 The
565 552 172 53 house
779 550 64 54 of
885 556 230 62 strange
1159 555 208 62 guests,
1408 549 76 66 by
1525 547 270 54 Nicholas
1843 548 196 66 Brady
2087 548 211 66 [pseud.]

328 629 137 55 New
494 629 179 64 York,
700 630 77 52 H.
805 629 144 53 Holt
978 629 111 52 and
1117 644 280 50 company
1429 629 193 64 [ᶜ1932]

399 701 582 51 4 p. l., 3-309 p. 19 ᶜᵐ .
401 759 161 42 “First
594 758 261 50 printing.”

339 827 51 52 ©
423 831 102 41 Oct.
556 829 70 48 21,
658 829 139 46 1932;
832 829 65 39 2c.
932 828 94 39 and
1059 826 81 40 aff.
1174 825 103 41 Oct.
1307 826 83 47 26;
1425 826 40 38 A
1497 825 171 46 56714;
1702 826 168 46 Henry
1902 825 118 40 Holt
2052 826 36 39 &
2121 836 81 35 co.,
2236 825 91 40 inc.

415 886 279 50 (32-30524)

336 1008 70 54 U.
434 1007 57 54 S.
566 1006 183 66 Laws,
775 1010 276 60 statutes,,
1079 1008 98 48 etc.

405 1083 216 53 United
697 1081 188 56 States
960 1080 168 55 Code.
1224 1079 275 68 Compact
1573 1079 85 52 ed.
1752 1078 348 68 September,
2175 1080 149 66 1932,

335 1162 297 69 pamphlet
661 1161 375 67 supplement.
1114 1157 368 69 Comprising
1508 1158 96 52 the
1632 1158 138 53 laws
1800 1157 63 52 of
1893 1176 29 33 a
1954 1159 229 67 general
2213 1158 112 52 and

334 1245 333 62 permanent
697 1243 202 48 nature
931 1237 231 54 enacted
1198 1236 152 53 from
1383 1236 262 69 January
1675 1239 84 64 24,
1795 1238 152 65 1932,
1978 1241 59 49 to
2068 1236 143 70 July
2243 1240 81 64 16,

338 1320 147 50 1932.
569 1317 102 68 [St.
714 1318 164 66 Paul,
919 1317 202 65 Minn.]
1165 1317 160 53 West
1365 1315 334 70 publishing
1738 1333 307 51 company;
337 1315 1964 150 [Northport,

512 1395 1542 68 L. I., N. Y.] Edward Thompson company, ᶜ19 32.
406 1472 83 40 143
518 1482 43 37 p.
620 1471 145 40 23½ᶜᵐ.

340 1538 51 52 ©
432 1542 101 40 Oct.
574 1542 68 45 13,
682 1540 113 41 1932;
864 1541 67 40 2c.
971 1541 94 39 and
1105 1539 82 41 aff.
1227 1539 117 40 Nov.
1385 1539 55 39 14;
1509 1539 41 39 A
1590 1538 142 41 55944;
1802 1539 134 40 West
1976 1539 108 47 pub.
2125 1550 66 29 co.
2235 1541 94 38 and

408 1600 210 39 Edward
647 1598 273 47 Thompson
951 1607 65 29 co.

338 1703 249 64 Walton,
615 1702 227 63 George
869 1700 259 65 Lincoln,
1160 1705 170 50 1854-

402 1775 1929 72 Why worry? By George Lincoln Walton … Twenty-first
340 1856 286 69 printing;
660 1873 114 35 rev.
807 1855 114 52 and
952 1854 105 53 enl.
1124 1852 408 69 Philadelphia
1566 1854 113 52 and
1709 1853 259 69 London,
2001 1854 55 54 J.
2090 1856 67 51 B.
340 1855 1963 147 Lippincott

582 1934 505 67 company [ ᶜ19 32]
404 2002 847 53 7 p. l., 11-307 p. front. 19½ᶜᵐ.
342 2075 51 52 ©
432 2080 127 46 Sept.
594 2078 70 47 23,
729 2076 110 47 1932;
878 2077 67 39 2c.
982 2077 94 38 and
1113 2075 81 40 aff.
1233 2076 101 39 Oct.
1371 2076 81 46 19;
1490 2076 40 38 A
1567 2076 170 46 56572;
1777 2077 43 39 .1.
1858 2078 52 37 13.
1948 2076 253 48 Lippincott
2263 2087 67 32 co.

419 2133 279 50 (32-30499)

341 2236 390 64 Washington
777 2237 217 66 (State)
1078 2235 182 66 Laws,
1291 2241 257 61 statutes,
1579 2242 99 45 etc.

409 2314 392 69 Remington’s
857 2313 220 53 revised
1134 2317 239 49 statutes
1430 2313 61 52 of
1544 2313 401 69 Washington,
2003 2316 323 66 annotated,

338 2393 257 68 showing
624 2395 77 52 all
729 2397 238 48 statutes
996 2393 59 51 in
1085 2391 155 53 force
1269 2397 58 47 to
1358 2392 110 51 and
1498 2391 299 70 including
1824 2393 95 52 the
1948 2393 211 53 session
2188 2393 137 53 laws

338 2470 1963 134 of 1931, by Hon. Arthur Remington … v. 4. Codes of procedure … San
867 2548 321 60 Francisco,
1224 2548 583 68 Bancroft-Whitney
1843 2567 295 51 company,
2177 2554 147 49 1932.

409 2625 85 40 576
521 2635 41 37 p.
623 2624 145 40 23½ᶜᵐ.

344 2690 51 52 ©
424 2695 116 39 Nov.
602 2726 7 15 1,
639 2694 139 42 1932;
809 2694 68 39 2c.
905 2694 117 39 Nov.
1050 2694 54 46 4;
1136 2693 82 40 aff.
1247 2693 118 39 Nov.
1395 2693 52 47 5;
1479 2693 40 38 A
1548 2692 169 48 56912;
1750 2693 485 49 Bancroft-Whitney
2264 2702 66 33 co.

414 2747 68 54 [©
514 2750 245 41 additions
791 2750 95 39 and
914 2748 253 50 revisions]

340 2850 240 66 Wilson,
612 2853 193 64 Mona,
840 2851 171 55 1872-

409 2927 1917 71 Queen Elizabeth, by Mona Wilson … [London] P. Davies,
343 3007 239 67 limited,
614 3009 150 52 1932.

410 3078 753 50 176 p. front. (port.) 20 ᶜᵐ .
413 3135 441 49 “Bibliographical
889 3136 140 40 note”:
1096 3148 43 37 p.
1177 3136 215 42 171-172.

346 3201 1984 54 © 1c. Sept. 26, 1932; A ad int. 16887; pubd. July 28; D. Appleton & co.,
412 3263 119 39 New
559 3262 143 40 York.

341 3364 120 54 The
488 3364 270 54 Winston
786 3361 308 69 simplified
1123 3364 336 69 dictionary.
1536 3365 286 54 Practical
1850 3366 85 52 ed.
2009 3365 213 54 Edited
2252 3366 74 68 by

411 3439 1919 72 William Dodge Lewis … Henry Seidel Canby … Thomas
413 3517 1918 68 Kite Brown, jr. … 3000 illustrations and an atlas of the
413 3595 196 52 world.
678 3594 426 67 Philadelphia,
1141 3593 251 70 Chicago
1452 3601 120 61 [etc.]
1615 3596 120 53 The
1771 3596 158 52 John
1964 3594 63 55 C.
2063 3596 266 54 Winston

412 3673 508 66 company [ ᶜ19 32]
343 3742 1989 97 xx, 1260 p. incl. illus., maps (part double) col. front., col. plates. 22½ᶜᵐ.
414 3854 303 48 Descriptive
744 3854 281 47 letterpress
1050 3864 61 29 on
1136 3863 138 31 verso
1302 3853 53 41 of
1378 3854 118 40 each
1522 3854 143 48 plate.

351 3920 51 52 ©
432 3925 100 40 Oct.
562 3926 39 45 7,
630 3924 113 41 1932;
800 3925 67 41 2c.
896 3928 94 38 and
1020 3924 81 41 aff.
1132 3924 100 41 Oct.
1262 3924 55 40 22;
1375 3926 41 38 A
1444 3926 143 40 55636;
1646 3927 128 39 John
1803 3927 49 41 C.
1882 3927 221 40 Winston
2134 3936 65 30 co.
2263 3922 67 54 [©

418 3981 236 41 revisions
682 3982 96 39 and
807 3980 260 50 additions]
1139 3979 279 51 (32-30899)
