2563 4368
1074 4033 99 54 167

205 478 288 42 Illustrated
522 478 365 48 lining-papers.

206 534 348 42 “References”
585 537 53 39 at
666 535 91 40 end
788 533 53 42 of
871 535 120 40 each
1020 534 201 48 chapter
1251 537 170 45 except
1450 534 83 41 the
1562 534 113 40 last.

143 606 51 51 ©
225 611 108 41 Jan.
362 610 39 46 4,
433 608 140 47 1932;
603 608 66 40 2c.
702 609 109 40 Jan.
841 609 53 46 7;
927 607 80 40 aff.
1039 609 110 38 Jan.
1178 606 53 48 6;
1263 607 42 38 A
1331 605 172 48 45903;
1538 605 251 41 Columbia
1820 605 130 42 univ.
1982 615 148 38 press.

219 665 249 49 (32-4122)

130 770 188 62 Knox,
346 767 231 64 Dudley
602 767 257 64 Wright,
890 766 171 56 1877-

202 845 120 52 The
368 845 169 51 naval
584 844 198 67 genius
828 843 64 52 of
938 842 220 68 George
1202 841 402 69 Washington,
1647 842 75 67 by
1768 841 230 69 Dudley
2041 842 90 55 W.

132 919 1976 149 Knox … with a foreword by Admiral Hilary P. Jones … Boston,
276 1000 240 52 Printed
544 999 75 67 by
647 999 95 52 the
770 998 299 53 Riverside
1098 1016 156 49 press
1284 996 93 54 for
1404 997 321 67 Houghton
1752 996 205 54 Mifflin
131 1015 1977 130 company,
334 1079 150 51 1932.

201 1148 1473 51 6 p. l., 3-137, [1] p. front., plates, ports., maps. 25ᶜᵐ.
203 1207 133 40 Each
368 1207 131 47 plate
531 1204 342 48 accompanied
905 1206 61 46 by
998 1206 154 47 guard
1185 1205 137 40 sheet
1355 1204 121 39 with
1507 1203 292 49 descriptive
1831 1205 299 48 letterpress.

205 1264 146 39 “Five
380 1263 221 39 hundred
633 1262 97 39 and
760 1261 111 48 fifty
902 1261 263 40 numbered
1196 1261 161 48 copies
1388 1260 51 40 of
1470 1260 99 41 this
1601 1261 135 47 book,
1768 1260 53 40 of
1849 1261 162 40 which
2038 1260 92 42 five

131 1316 1981 101 hundred are for sale, were printed … in January, 1932. This is number 509.”
203 1432 133 41 “List
364 1434 51 38 of
444 1430 222 42 sources”:
728 1441 44 37 p.
805 1429 266 51 [129]-[132]

137 1500 51 52 ©
216 1504 110 40 Feb.
353 1503 70 48 10,
449 1501 112 41 1932;
616 1501 68 41 2c.
711 1501 110 41 Feb.
848 1501 54 39 13;
960 1499 82 42 aff.
1070 1500 112 40 Feb.
1210 1500 54 39 12;
1321 1501 42 39 A
1387 1501 146 41 47614;
1591 1501 56 43 D.
1676 1502 72 43 W.
1775 1502 158 47 Knox,
204 1501 1907 107 Washington.
456 1558 250 49 (32-4494)

125 1662 285 65 Learned,
440 1660 255 56 William
726 1661 252 65 Setchel,
1010 1662 172 54 1876-

261 1736 1867 70 … Realism in American education, by William Setchel
129 1815 1861 69 Learned … Cambridge, Harvard university press, 1932.
199 1888 1261 51 3 p. l., 70 p. 18ᶜᵐ. (The Inglis lecture, 1932)
137 1957 51 52 ©
217 1963 108 38 Jan.
353 1961 68 48 13,
450 1959 140 48 1932;
618 1959 66 40 2c.
715 1961 108 38 Jan.
851 1959 82 47 25;
965 1958 82 42 aff.
1075 1959 111 40 Jan.
1212 1958 82 48 29;
1324 1959 42 39 A
1391 1959 171 47 48182;
1593 1959 255 41 President
1876 1960 37 41 &
1940 1960 190 41 fellows

205 2018 52 40 of
284 2019 231 38 Harvard
545 2018 190 46 college,
769 2015 299 49 Cambridge,
1101 2016 145 39 Mass.
1318 2015 250 49 (32-4258)

123 2119 249 68 Leimer,
400 2121 164 66 Karl,
596 2126 171 50 1858-

197 2198 120 51 The
356 2198 241 51 shortest
634 2215 126 48 way
798 2203 59 46 to
894 2194 269 69 pianistic
1202 2196 335 68 perfection,
1575 2198 74 66 by
127 2196 1977 145 Leimer-Gieseking.

347 2272 425 68 Philadelphia,
800 2273 119 67 Pa.,
946 2273 292 52 Theodore
1267 2273 228 54 Presser
1525 2293 77 33 co.
1640 2308 13 33 [
1681 2276 133 49 ᶜ1932
1821 2308 12 33 ]

197 2344 58 42 75
284 2354 44 39 p.
384 2343 166 49 front.,
580 2343 128 43 illus.
737 2343 203 49 (music)
980 2345 122 48 port.
1161 2344 146 41 23½ᶜᵐ.

199 2401 226 47 “Sonata,
456 2410 72 38 op.
557 2400 40 48 2,
625 2411 73 30 nr.
726 2401 26 39 1
786 2400 89 51 [by]
906 2401 52 40 L.
986 2410 98 31 van
1112 2400 308 42 Beethoven”:
1481 2413 44 37 p.
1555 2401 158 42 60-74.

136 2472 51 51 ©
217 2476 111 40 Feb.
356 2476 40 47 2,
425 2475 113 40 1932;
596 2475 66 39 2c.
694 2474 110 43 Feb.
834 2474 29 40 6;
918 2474 80 40 aff.
1029 2475 109 40 Feb.
1168 2474 55 40 19;
1282 2475 42 39 A
1350 2475 143 40 48317;
1555 2475 251 40 Theodore
1833 2476 198 40 Presser
2061 2483 67 33 co.

213 2532 249 49 (32-4118)

123 2633 209 67 Lewis,
362 2636 226 63 George
618 2635 224 64 Griffin,
871 2640 170 50 1865-

194 2709 1930 71 The book of roses [by] Dr. G. Griffin Lewis … Boston,
124 2787 68 56 R.
224 2787 68 55 G.
324 2788 229 67 Badger
591 2822 13 35 [
632 2791 132 49 ᶜ1931
770 2823 14 33 ]

198 2860 84 40 192
310 2873 44 37 p.
411 2862 86 40 col.
526 2862 163 47 front.,
719 2862 142 44 illus.,
891 2862 158 48 plates
1077 2862 136 48 (part
1241 2863 112 47 col.)
1419 2864 147 40 21½ᶜᵐ.

199 2917 375 50 Bibliography:
610 2930 44 37 p.
688 2918 216 41 177-178.

135 2986 51 52 ©
217 2992 108 38 Jan.
356 2991 38 45 8,
424 2991 112 39 1932;
595 2990 67 41 2c.
694 2990 110 42 Feb.
834 2990 53 41 12;
947 2990 82 41 aff.
1060 2991 110 40 Feb.
1200 2992 55 38 10;
1315 2992 39 38 A
1384 2992 144 40 47583;
1591 2992 212 40 Richard
1836 2993 54 41 G.
1921 2992 206 49 Badger.

213 3048 248 48 (32-4440)

125 3151 169 65 Lilly,
324 3152 255 54 William
609 3153 68 55 E.

200 3227 98 55 Set
334 3246 96 49 my
469 3230 199 65 people
707 3229 147 65 free;
895 3248 30 34 a
963 3230 220 66 negro’s
1221 3230 104 53 life
1362 3230 65 53 of
1461 3231 260 66 Lincoln,
1756 3230 77 67 by
1865 3231 260 55 William

129 3307 66 51 E.
224 3305 172 67 Lilly.
472 3306 138 53 New
641 3306 178 65 York,
849 3307 214 52 Farrar
1091 3309 44 50 &
1165 3307 299 67 Rinehart,
1494 3308 399 67 incorporated
1969 3311 151 63 [ᶜ1932]

198 3379 914 48 viii, 269 p. front. (port.) 22½ᶜᵐ.
136 3446 51 52 ©
221 3450 109 39 Feb.
364 3451 67 46 11,
465 3449 139 47 1932;
638 3450 67 40 2c.
739 3451 108 39 Feb.
882 3452 82 45 13;
999 3451 80 40 aff.
1113 3452 111 41 Feb.
1256 3452 82 46 12;
1372 3453 41 38 A
1444 3451 171 48 47646;
1651 3454 70 39 W.
1758 3454 51 38 E.
1843 3453 140 46 Lillv,
201 3451 1907 103 Chicago.
401 3506 251 51 (32-4497)

126 3608 181 65 Long,
334 3610 204 53 James
563 3610 185 64 Scott,
779 3617 170 48 1892-

200 3685 1926 71 Chemical calculations, by J. S. Long … and H. V . Anderson
131 3763 1971 143 … 3d ed. New York and London, McGraw-Hill book company, inc., 1932.
199 3913 63 47 ix,
295 3912 87 41 259
411 3924 43 37 p.
488 3914 109 41 incl.
629 3915 142 47 illus.,
804 3916 169 48 tables,
1006 3916 178 48 diagrs.
1244 3917 117 41 21ᶜᵐ.
1433 3917 299 48 (Half-title:
1764 3916 356 40 International

129 3968 232 41 chemical
390 3969 174 41 series)
688 3969 129 41 $1.75
