2563 4368
1140 4016 101 55 297

183 430 350 52 Minnesota.
608 427 366 63 University.
1049 429 191 52 Social
1276 427 239 65 hygiene
1551 427 225 53 bureau.

190 502 1960 147 … Studies in parental sex education; papers 1, 2 … Minneapolis,
419 582 119 54 The
569 580 333 68 University
932 582 62 50 of
1025 580 321 54 Minnesota
1375 599 173 49 press,
1581 583 145 49 1931.

260 658 26 36 2
351 687 8 8 v.
419 655 192 44 diagrs..
645 655 166 39 forms.
871 656 145 38 22½ᶜᵐ.

256 709 148 40 Chloe
434 708 208 47 Owings,
673 708 224 39 director.

255 764 102 40 The
378 763 208 48 findings
609 763 51 39 of
684 762 80 41 the
786 762 126 49 joint
937 763 224 40 research
1186 772 223 38 program
1434 763 52 40 of
1509 763 81 40 the
1616 762 280 48 University
1920 763 52 40 of
186 763 1974 98 Minnesota

323 821 96 39 and
449 820 82 40 the
560 818 238 41 Women’s
829 817 325 49 co-operative
1182 818 208 41 alliance
1419 819 53 40 of
1500 818 337 50 Minneapolis,
1867 818 219 42 financed
2118 820 58 49 by

187 888 27 29 a
243 879 145 46 grant
412 876 127 40 from
569 877 82 39 the
678 877 194 38 Bureau
901 876 52 40 of
982 874 148 41 social
1162 874 204 49 hygiene
1394 875 53 41 of
1475 875 116 40 New
1619 875 144 41 York.

526 933 1653 49 CONTENTS.—paper l. A social hygiene research program.—paper 2.
192 994 34 37 A
259 991 236 39 community
581 991 180 39 service
792 1001 221 36 program
1047 991 46 37 in
1125 991 219 45 parental
1376 1001 82 28 sex
1490 990 269 40 education,

194 1058 145 38 paper
369 1050 37 44 1,
438 1043 53 52 ©
520 1049 116 43 Aug.
670 1049 65 39 17.
766 1048 103 37 1931;
939 1056 146 38 paper
1115 1049 39 38 2.
1188 1042 51 52 ©
1275 1048 126 46 Sept.
1431 1047 82 42 25;
1547 1048 64 37 2c.
1644 1048 116 38 each
1793 1049 93 37 and
1920 1059 106 28 affs.
2061 1049 118 38 Mar.

261 1107 69 40 21.
360 1106 109 37 1932;
526 1106 37 37 A
592 1105 155 46 50210,
776 1104 135 38 50211;
980 1102 277 49 University
1285 1103 51 38 of
1366 1103 285 47 Minnesota,
1684 1103 333 47 Minneapolis.

271 1163 249 47 (32-4187)

193 1265 277 62 Mitchell,
498 1265 53 53 J.
582 1263 208 55 Leslie.

321 1337 1572 69 … Three go back. London, Jarrolds, limited [1932]
260 1409 755 50 5 p. l., 15-254, [2] p. 19½ᶜᵐ.
196 1465 1986 52 © 1c. Mar. 5. 1932; A ad int. 10114; pubd. Jan. 8; J. L. Mitchell,
266 1527 227 46 Welwyn,
522 1526 190 39 Garden
743 1525 123 47 City,
899 1526 231 44 England.
1201 1525 248 47 (32-71)12)

193 1630 217 64 Myers,
442 1630 216 63 Harry,
692 1634 169 50 1884-

262 1706 1922 68 Human engineering, by Dr. Harry Myers … with a chapter
196 1783 1987 70 by Mason M. Roberts … New York and London, Harper &
192 1863 273 67 brothers,
499 1865 149 50 1932.

265 1936 874 49 viii p., 1 l., 318 p. diagr. 21ᶜᵐ.
265 1993 161 40 “First
456 1993 225 41 edition.”

267 2050 150 39 “How
448 2052 47 38 to
525 2052 77 45 get
632 2050 93 39 and
757 2049 239 40 maintain
1025 2050 156 47 order,
1212 2050 59 47 by
1303 2050 169 40 Mason
1504 2050 63 40 M.
1599 2049 263 42 Roberts”:
1895 2060 42 38 p.
1969 2049 215 41 136-135.

263 2105 551 49 “Acknowledgments”,
843 2105 281 49 containing
1151 2105 364 49 bibliography:
1549 2117 41 37 p.
1618 2106 217 40 313-315.

199 2157 51 52 ©
279 2163 117 38 Mar.
455 2193 7 13 9,
492 2163 136 41 1932;
657 2164 65 38 2c.
751 2164 121 39 Mar.
942 2174 8 35 9;
980 2175 24 27 aff.
1091 2163 120 40 Mar.
1239 2164 79 45 11;
1348 2164 39 37 A
1413 2161 171 48 48894;
1615 2163 192 47 Harper
1835 2164 36 39 &
1898 2162 123 40 bros.

276 2220 278 46 (32-20248)

196 2320 257 66 Neilson,
482 2319 253 56 William
764 2320 192 65 Allan,
986 2325 170 50 1869-
1367 2323 86 55 ed.

264 2396 1859 71 Roads to knowledge, edited by William Allan Neilson …
194 2474 1568 71 New York, W. W. Norton & company, inc. [ ᶜ1 932]
264 2547 878 48 vi p., 1 l., 349 p. diagrs. 22½ᶜᵐ.
266 2603 1922 49 “Descriptions by a group of scholars of … the main contents of the
193 2659 207 40 division
435 2661 51 39 of
520 2660 278 48 knowledge
832 2661 47 39 in
916 2661 155 40 which
1108 2662 113 45 they
1256 2671 84 31 are
1376 2661 313 47 respectively
1724 2660 460 48 expert.”—Introd.

264 2716 162 41 “First
451 2716 227 42 edition.”

267 2773 221 40 Includes
522 2772 390 49 bibliographies.

202 2825 1986 54 © Mar. 10, 1932; 2c. and aff. Mar. 15; A 50031; W. W. Norton & co., inc.
279 2888 278 49 (32-20250)

199 2989 143 53 New
371 2992 208 63 Jersey
608 2991 422 52 miscellaneous
1062 2995 237 63 reports,
1325 2990 333 68 containing
1685 3009 150 36 cases
1863 2989 234 54 decided
2125 2988 61 52 in

271 3067 92 53 the
405 3068 179 53 Court
624 3070 62 50 of
727 3088 182 33 errors
950 3070 106 50 and
1104 3070 249 66 appeals,
1395 3069 178 53 Court
1613 3069 62 51 of
1715 3070 295 67 chancery,
272 3070 1889 141 Prerogative
559 3147 107 51 and
707 3147 271 67 Supreme
1011 3153 187 46 courts
1230 3147 184 52 which
1448 3167 93 32 are
1573 3152 98 47 not
1705 3148 263 67 reported
2000 3147 59 51 in
2090 3147 95 51 the

272 3222 134 52 New
442 3225 197 64 Jersey
677 3226 106 51 law
820 3226 108 51 and
967 3225 191 68 equity
1196 3231 234 62 reports.
1507 3227 140 51 Also
1684 3226 315 67 important
2037 3243 147 35 cases

272 3300 228 52 decided
542 3302 53 50 in
632 3303 93 50 the
761 3304 134 51 New
931 3305 198 66 Jersey
1165 3309 187 47 courts
1387 3305 61 51 of
1485 3322 255 36 common
1776 3305 154 67 pleas
1967 3304 112 52 and
2111 3304 74 68 by

273 3378 92 51 the
396 3386 340 59 surrogates,
768 3399 109 49 any
907 3381 244 67 changes
1181 3381 57 52 in
1274 3385 127 51 1931
1436 3382 56 52 in
1525 3384 95 51 the
1650 3384 149 52 rules
1829 3383 63 52 of
1923 3384 94 52 the
2048 3385 135 52 New

271 3456 198 68 Jersey
505 3457 272 67 Supreme
809 3465 177 61 court,
1019 3462 136 51 New
1186 3461 199 65 Jersey
1421 3462 181 53 Court
1631 3460 62 52 of
1725 3480 184 34 errors
1942 3462 111 51 and
272 3480 1888 120 appeals,
474 3536 134 52 New
638 3539 198 65 Jersey
868 3536 295 69 Chancery
1192 3539 111 52 and
1334 3541 375 65 Prerogative
1737 3545 204 48 courts.
2018 3541 168 54 Cases

275 3610 148 54 from
454 3614 260 66 January
750 3619 96 56 1st,
880 3618 148 63 1931,
1056 3621 58 47 to
1143 3619 262 67 January
1438 3623 100 62 1st,
1570 3622 148 48 1932.
1794 3618 288 68 Reported
2112 3619 73 69 by

272 3689 94 50 the
401 3690 335 65 publishers’
768 3692 263 53 editorial
1064 3700 148 45 staff.
1293 3711 45 37 v.
1374 3700 46 45 9.
1496 3697 262 60 Newark,
1791 3699 68 51 N.
1892 3698 75 65 J.,
2001 3698 183 67 Soney

316 3767 481 66 & Sage co., 1932.
275 3840 112 45 xvii,
420 3841 110 38 1404
564 3853 40 34 p.
663 3843 115 38 23ᶜᵐ.

207 3891 1869 60 © Mar. 22. 1932; 2c. and aff. Mar. 23; A 50319; Soney & Sage co.
