2563 4368
1281 4058 139 54 1178

324 434 278 66 Bossard,
628 434 203 55 James
859 431 259 56 Herbert
1145 430 246 68 Siward,
1421 434 173 52 1888-
1802 431 87 55 ed.

395 508 1921 71 Man and his world, by James H. S. Bossard … editor, and
325 588 295 55 Jonathan
647 590 78 53 H.
755 589 188 68 Pugh,
970 588 194 54 James
1192 589 81 54 M.
1303 585 275 71 Herring,
1609 588 226 56 Carroll
1863 588 67 52 R.
1961 588 357 67 Daugherty,

328 665 246 56 Clifford
626 666 399 68 Kirkpatrick,
1076 667 181 68 Hugh
1309 667 113 52 and
1473 666 190 53 Isabel
1714 665 219 68 Carter,
1983 665 215 54 Harlin
2249 665 69 55 G.

328 744 257 68 Loomer,
628 743 201 55 Stuart
868 745 70 53 A.
981 743 136 54 Rice
1182 743 130 68 [and]
1357 743 221 55 Walter
1620 744 68 54 E.
1727 742 380 54 MacDonald.
2181 744 138 52 New

330 822 163 53 York
517 823 113 52 and
654 822 258 67 London,
937 822 233 67 Harper
1194 825 46 50 &
1264 821 277 67 brothers,
1569 824 150 51 1932.

399 894 879 50 xiv, 755 p. illus., diagrs. 22 ᶜᵐ .
402 952 101 40 The
532 954 194 46 present
754 953 189 38 volume
974 951 41 40 is
1044 952 82 39 the
1156 951 153 39 result
1338 950 51 40 of
1416 961 29 30 a
1475 953 206 38 venture
1707 953 49 37 to
1786 950 199 48 develop
2015 960 29 30 a
2073 960 169 31 course
2272 949 51 40 in

333 1009 82 40 the
445 1009 196 47 general
671 1008 112 39 field
812 1008 55 40 of
898 1006 199 51 science,
1132 1011 48 37 to
1212 1008 57 39 be
1300 1006 225 49 required
1557 1007 53 40 of
1641 1007 67 40 all
1740 1007 245 48 first-year
2017 1008 222 39 students
2273 1006 51 41 in

334 1067 81 40 the
442 1066 237 40 Wharton
708 1065 163 40 school
898 1065 53 40 of
976 1065 187 40 finance
1189 1065 96 40 and
1311 1074 263 31 commerce
1600 1064 51 40 in
1677 1064 82 41 the
1787 1064 280 48 University

2096 1064 51 40 of
332 1064 1975 106 Pennsylvania.
631 1122 61 48 cf.
727 1121 132 43 Pref.

408 1179 163 42 “First
604 1178 228 43 edition.”

406 1234 320 43 “References
752 1236 79 40 for
856 1236 196 40 further
1079 1235 229 48 reading”
1337 1239 51 37 at
1416 1236 92 40 end
1534 1235 52 41 of
1611 1238 126 38 most
1763 1235 52 41 of
1841 1236 82 40 the
1948 1237 241 47 chapters.

342 1290 51 53 ©
429 1296 115 46 July
578 1294 70 49 20,
682 1294 140 47 1932;
858 1294 68 41 2c.
961 1294 116 48 July
1111 1294 83 47 20;
1232 1293 81 42 aff.
1351 1295 114 47 July
1499 1294 83 47 22;
1619 1295 41 38 A
1695 1294 170 47 53221;
1903 1294 195 47 Harper
2131 1294 37 40 &
2204 1294 122 40 bros.

419 1351 279 48 (32-20284)

336 1450 273 68 Bradley,
639 1453 233 54 Arthur
903 1450 316 69 Granville,
1251 1457 171 51 1850-

408 1528 263 55 Colonial
708 1529 334 54 Americans
1080 1530 60 52 in
1179 1529 172 68 exile;
1395 1528 273 55 founders
1708 1528 63 54 of
1812 1528 224 54 British
2076 1528 254 69 Canada,

338 1605 1967 71 by A. G. Bradley. New York, E. P. Dutton & co., inc. [ ᶜ193 2]
407 1679 1052 49 288 p. incl. map. front., ports. 22½ ᶜᵐ .
411 1735 162 41 “First
604 1734 228 42 edition.”

411 1791 441 48 “Bibliographical
880 1790 140 42 note”:
1076 1801 44 38 p.
1148 1790 218 43 279-280.

349 1845 52 52 ©
428 1849 118 49 Aug.
576 1849 41 48 9,
645 1849 114 41 1932;
816 1848 66 41 2c.
912 1851 96 39 and
1037 1850 82 39 aff.
1149 1850 119 48 Aug.
1298 1851 53 38 11;
1411 1851 40 38 A
1480 1850 144 40 54375;
1683 1851 53 40 E.
1766 1851 52 41 P.
1848 1851 185 39 Dutton
2065 1850 36 39 &
2129 1860 82 37 co.,
2242 1849 90 39 inc.

425 1905 279 50 (32-20644)

342 2008 335 65 Brookings
706 2008 362 66 institution,
1102 2009 396 67 Washington,
1526 2010 74 53 D.
1632 2011 46 53 G
1682 2049 13 12 .

476 2083 1860 70 … Mineral economics; lectures under the auspices of the
345 2162 324 68 Brookings
694 2162 347 67 institution,
1067 2163 75 68 by
1169 2163 78 53 H.
1274 2164 65 52 F.
1368 2164 168 66 Bain,
1563 2162 63 55 C.
1653 2163 75 53 K.
1755 2162 187 68 Leith,
1969 2163 67 53 E.
2066 2161 63 55 C.
2159 2161 176 54 Eckel

408 2238 1930 71 … [and others] edited by F. G. Tryon and E. C. Eckel. 1st
346 2317 84 52 ed.
491 2317 139 52 New
656 2316 162 53 York
843 2317 114 52 and
980 2317 258 68 London,
1262 2316 430 55 McGraw-Hill
1716 2317 147 53 book
1887 2334 297 51 company,
2210 2315 127 67 inc.,

349 2397 149 49 1932.

455 2465 1595 50 x, 311 p. illus. (maps) diagrs. 21 ᶜᵐ . (A. I. Μ. E. series)
422 2522 1719 50 “Lectures given from February to May, 1931, in which … the
350 2521 1971 104 Washington
554 2579 182 40 section
772 2579 55 39 of
861 2580 82 39 the
978 2578 257 41 American
1273 2578 227 41 institute
1537 2579 52 40 of
1628 2578 184 48 mining
1849 2580 96 39 and
1985 2577 354 47 metallurgical

350 2634 251 48 engineers
632 2634 165 48 joined
833 2635 121 40 with
989 2636 81 40 the
1107 2634 271 49 Brookings
1413 2634 282 41 institution
1733 2635 50 39 in
1820 2632 518 50 sponsoring.”—Pref.

358 2688 52 52 ©
435 2693 119 47 Aug.
578 2694 42 46 4,
645 2692 112 41 1932;
811 2693 67 40 2c.
905 2693 119 47 Aug.
1051 2693 29 39 6;
1132 2692 81 41 aff.
1241 2693 119 47 Aug.
1386 2692 27 40 9;
1467 2693 42 39 A
1533 2693 143 39 54352;
1733 2692 350 41 McGraw-Hill
2109 2691 123 40 book
2258 2699 82 40 co.,

424 2749 91 40 inc.
585 2749 279 48 (32-20630)

352 2837 207 66 Bruce,
589 2838 231 55 Gustav
844 2837 245 67 Marius,
1118 2839 171 56 1879-

421 2914 1854 69 Ten studies on the Lutheran church, by Gustav M. Bruce …
353 2991 312 53 Published
712 2993 181 51 under
940 2993 95 53 the
1085 2993 253 67 auspices
1388 2993 63 53 of
1498 2994 95 52 the
1642 2994 194 52 Board
1885 2993 64 53 of
1995 2994 344 63 elementary

355 3067 295 55 Christian
695 3070 299 52 education
1041 3070 64 53 of
1150 3071 95 52 the
1291 3070 345 67 Norwegian
1681 3071 293 52 Lutheran
2020 3070 209 52 church
2276 3068 64 54 of

355 3145 282 54 America.
719 3146 402 70 Minneapolis,
1167 3147 202 70 Minn.,
1415 3146 313 70 Augsburg
1774 3147 335 68 publishing
2152 3147 190 65 house,

354 3224 151 53 1932.

427 3296 570 49 97 p. 1 illus. 20½ ᶜᵐ .
429 3350 161 43 “First
618 3353 226 41 edition.”

431 3406 318 44 “References
783 3410 81 40 for
895 3411 196 41 further
1125 3412 175 48 study”
1336 3414 54 40 at
1422 3414 91 40 end
1549 3412 53 43 of
1632 3414 119 41 each
1783 3414 215 47 chapter.

363 3461 53 51 ©
444 3466 126 39 June
595 3468 39 45 1,
692 3466 82 41 1932;
831 3467 65 40 2c.
926 3469 94 38 and
1048 3468 81 40 aff.
1157 3470 119 48 Aug.
1305 3470 51 47 8;
1386 3470 41 39 A
1455 3470 168 48 53572;
1653 3471 259 47 Augsburg
1936 3469 108 49 pub.
2074 3469 162 39 house.

441 3520 277 50 (32-20844)

358 3609 262 66 Buchan,
650 3611 174 67 John,
859 3613 171 55 1875-

427 3685 123 52 The
576 3703 113 50 gap
719 3687 60 51 in
809 3689 94 51 the
931 3688 242 68 curtain,
1201 3689 76 70 by
1304 3691 157 53 John
1492 3691 256 53 Buchan.
1816 3691 217 51 Boston
2062 3689 113 51 and
2207 3687 140 53 New

361 3760 177 68 York,
563 3761 318 69 Houghton
909 3764 202 54 Mifflin
1141 3783 298 51 company,
1470 3770 150 51 1932.

428 3831 648 54 4 p. l. , [3]-313 p. 19½ ᶜᵐ .
366 3884 51 53 ©
451 3890 116 48 July
599 3891 70 46 27,
702 3891 140 48 1932;
877 3892 67 43 2c.
978 3895 119 47 Aug.
1131 3895 81 47 15;
1249 3896 82 40 aff.
1365 3897 122 48 Aug.
1521 3897 82 47 13;
1639 3897 42 41 A
1715 3896 171 46 53628;
1923 3895 42 40 J.
2001 3893 214 46 Buchan,
432 3892 1901 101 Elsfield,

585 3946 335 50 Oxfordshire,
948 3949 233 48 England.
1253 3951 281 50 (32-20526)
