<alto xmlns="http://www.loc.gov/standards/alto/ns-v3#" xmlns:xlink="http://www.w3.org/1999/xlink" xmlns:xsi="http://www.w3.org/2001/XMLSchema-instance" xsi:schemaLocation="http://www.loc.gov/standards/alto/ns-v3# http://www.loc.gov/alto/v3/alto-3-0.xsd"><Description>
<MeasurementUnit>pixel</MeasurementUnit>
<sourceImageInformation>
<fileName>1932_v29_part001.pdf</fileName>
</sourceImageInformation>
<OCRProcessing ID="IdOcr">
<ocrProcessingStep>
<processingDateTime>2019-04-25</processingDateTime>
<processingSoftware>
<softwareCreator>ABBYY</softwareCreator>
<softwareName>ABBYY Recognition Server</softwareName>
<softwareVersion>4.0</softwareVersion>
</processingSoftware>
</ocrProcessingStep>
</OCRProcessing>
</Description>
<Styles>
<ParagraphStyle ID="StyleId-FFFFFFFF-FFFF-FFFF-FFFF-FFFFFFFFFFFF-" ALIGN="Left" LEFT="0." RIGHT="0." FIRSTLINE="0."/>
<ParagraphStyle ID="StyleId-547D96D3-B2DE-4E86-A4BD-9DDFC275973A-" ALIGN="Left" LEFT="0." RIGHT="0." FIRSTLINE="0." LINESPACE="7.699999809"/>
<ParagraphStyle ID="StyleId-BE433B82-DF6F-491A-9872-F562FF4150C8-" ALIGN="Block" LEFT="0." RIGHT="0." FIRSTLINE="-13." LINESPACE="7.900000095"/>
<ParagraphStyle ID="StyleId-CC286467-50C5-4655-B0CF-BA365CCE0736-" ALIGN="Block" LEFT="0." RIGHT="0." FIRSTLINE="-15." LINESPACE="8.479999542"/>
<ParagraphStyle ID="StyleId-9878414D-BEDB-487D-971A-CF5ADB5C4AD2-" ALIGN="Block" LEFT="0." RIGHT="0." FIRSTLINE="-14." LINESPACE="10.92000008"/>
<ParagraphStyle ID="StyleId-EBC70DE5-3635-4BD4-B07B-05DF6EFE0022-" ALIGN="Block" LEFT="0." RIGHT="0." FIRSTLINE="-13." LINESPACE="12.19999981"/>
<ParagraphStyle ID="StyleId-8A688F83-F017-4D5D-A00A-14637016ED45-" ALIGN="Left" LEFT="0." RIGHT="0." FIRSTLINE="0." LINESPACE="9.399999619"/>
<ParagraphStyle ID="StyleId-20F0BBAE-20C6-42F4-8113-00B5C02924DC-" ALIGN="Left" LEFT="0." RIGHT="0." FIRSTLINE="0." LINESPACE="11.10000038"/>
<ParagraphStyle ID="StyleId-7AA70148-8873-4ACB-90AE-BF9322E02302-" ALIGN="Left" LEFT="0." RIGHT="0." FIRSTLINE="-13." LINESPACE="11.09000015"/>
<ParagraphStyle ID="StyleId-072EF7BA-7207-4F8B-9A7C-F564E8B4CB16-" ALIGN="Left" LEFT="0." RIGHT="0." FIRSTLINE="-14." LINESPACE="12.19999981"/>
<ParagraphStyle ID="StyleId-44303D12-21D7-4DB0-9E9F-87FA1A861DD7-" ALIGN="Block" LEFT="0." RIGHT="0." FIRSTLINE="-14." LINESPACE="10.92000008"/>
<ParagraphStyle ID="StyleId-43CF0D44-8AC2-4CD0-865F-942C78705184-" ALIGN="Block" LEFT="0." RIGHT="0." FIRSTLINE="-13." LINESPACE="12.19999981"/>
<ParagraphStyle ID="StyleId-7A298A86-29F5-413A-AEC9-078A4CC464D7-" ALIGN="Block" LEFT="0." RIGHT="0." FIRSTLINE="13." LINESPACE="12.19999981"/>
<ParagraphStyle ID="StyleId-8E4E86F7-C1F9-4A1A-B605-6B1FC1C8E9F7-" ALIGN="Left" LEFT="0." RIGHT="0." FIRSTLINE="0." LINESPACE="11.60000038"/>
<ParagraphStyle ID="StyleId-AB39791B-5ED1-444F-BEF5-2CFED1F2709A-" ALIGN="Left" LEFT="0." RIGHT="0." FIRSTLINE="-13." LINESPACE="11.09000015"/>
<ParagraphStyle ID="StyleId-C1F2EEE7-CD00-4E11-9EAD-B222287AEDA4-" ALIGN="Center" LEFT="0." RIGHT="0." FIRSTLINE="0." LINESPACE="11.10000038"/>
</Styles>
<Layout>
<Page ID="Page1960" PHYSICAL_IMG_NR="1960" HEIGHT="4368" WIDTH="2563">
<TopMargin HEIGHT="454" WIDTH="2563" VPOS="0" HPOS="0">
</TopMargin>
<LeftMargin HEIGHT="3686" WIDTH="354" VPOS="454" HPOS="0">
</LeftMargin>
<RightMargin HEIGHT="3686" WIDTH="187" VPOS="454" HPOS="2376">
</RightMargin>
<BottomMargin HEIGHT="228" WIDTH="2563" VPOS="4140" HPOS="0">
</BottomMargin>
<PrintSpace HEIGHT="3686" WIDTH="2022" VPOS="454" HPOS="354">
<TextBlock ID="Page1960_Block1" HEIGHT="70" WIDTH="156" VPOS="4070" HPOS="1282" LANG="en-US" STYLEREFS="StyleId-D2727C04-278C-4C96-B5A4-95258C8A75DA-">
<TextLine HEIGHT="52" WIDTH="135" VPOS="4079" HPOS="1292">
<String CONTENT="1960" HEIGHT="52" WIDTH="135" VPOS="4079" HPOS="1292"/>
</TextLine>
</TextBlock>
<TextBlock ID="Page1960_Block2" HEIGHT="3618" WIDTH="2022" VPOS="454" HPOS="354" LANG="en-US" CS="1" STYLEREFS="StyleId-F6D46715-A32C-40F6-BC38-D6DB46C3694D-">
<TextLine HEIGHT="50" WIDTH="737" VPOS="539" HPOS="441" CS="1">
<String LANG="de" CONTENT="ix" HEIGHT="39" WIDTH="50" VPOS="540" HPOS="441"/>
<SP HEIGHT="38" WIDTH="26" VPOS="550" HPOS="492"/>
<String LANG="fr" CONTENT="p.," HEIGHT="38" WIDTH="59" VPOS="550" HPOS="519"/>
<SP HEIGHT="47" WIDTH="27" VPOS="541" HPOS="579"/>
<String LANG="en-US" CONTENT="1" HEIGHT="38" WIDTH="24" VPOS="541" HPOS="607"/>
<SP/>
<String LANG="en-US" CS="1" CONTENT="l.," HEIGHT="17" WIDTH="9" VPOS="571" HPOS="694"/>
<SP HEIGHT="48" WIDTH="26" VPOS="540" HPOS="704"/>
<String LANG="en-US" CONTENT="13-254" HEIGHT="41" WIDTH="172" VPOS="539" HPOS="731"/>
<SP HEIGHT="49" WIDTH="24" VPOS="540" HPOS="904"/>
<String LANG="en-US" CONTENT="p." HEIGHT="38" WIDTH="43" VPOS="551" HPOS="929"/>
<SP HEIGHT="39" WIDTH="59" VPOS="542" HPOS="973"/>
<String LANG="en-US" CS="1" CONTENT="19&#189;" HEIGHT="40" WIDTH="56" VPOS="540" HPOS="1033"/>
<String STYLE="superscript" LANG="en-US" CS="1" CONTENT="&#7580;&#7504;"/>
<String LANG="en-US" CONTENT="." HEIGHT="9" WIDTH="9" VPOS="572" HPOS="1169"/>
</TextLine>
<TextLine HEIGHT="54" WIDTH="1909" VPOS="607" HPOS="371" CS="1">
<String CONTENT="&#169;" HEIGHT="53" WIDTH="51" VPOS="607" HPOS="371"/>
<SP HEIGHT="53" WIDTH="28" VPOS="607" HPOS="423"/>
<String CONTENT="July" HEIGHT="47" WIDTH="116" VPOS="612" HPOS="452"/>
<SP HEIGHT="46" WIDTH="25" VPOS="613" HPOS="569"/>
<String CONTENT="1," HEIGHT="47" WIDTH="39" VPOS="613" HPOS="595"/>
<SP HEIGHT="47" WIDTH="26" VPOS="613" HPOS="635"/>
<String CS="1" CONTENT="1932;" HEIGHT="41" WIDTH="112" VPOS="611" HPOS="662"/>
<SP HEIGHT="47" WIDTH="29" VPOS="612" HPOS="803"/>
<String CONTENT="2c." HEIGHT="40" WIDTH="66" VPOS="612" HPOS="833"/>
<SP HEIGHT="39" WIDTH="28" VPOS="613" HPOS="900"/>
<String CONTENT="July" HEIGHT="47" WIDTH="116" VPOS="613" HPOS="929"/>
<SP HEIGHT="48" WIDTH="26" VPOS="612" HPOS="1046"/>
<String CONTENT="9;" HEIGHT="48" WIDTH="53" VPOS="612" HPOS="1073"/>
<SP HEIGHT="38" WIDTH="30" VPOS="622" HPOS="1127"/>
<String CONTENT="aff." HEIGHT="41" WIDTH="82" VPOS="612" HPOS="1158"/>
<SP HEIGHT="40" WIDTH="28" VPOS="613" HPOS="1241"/>
<String CONTENT="July" HEIGHT="48" WIDTH="115" VPOS="612" HPOS="1270"/>
<SP HEIGHT="48" WIDTH="27" VPOS="612" HPOS="1386"/>
<String CS="1" CONTENT="27;" HEIGHT="41" WIDTH="56" VPOS="612" HPOS="1414"/>
<SP HEIGHT="47" WIDTH="30" VPOS="613" HPOS="1497"/>
<!-- cceid 1125A564-6D7D-1014-B4A5-D7A31D17AB40 --><String CONTENT="A" HEIGHT="38" WIDTH="41" VPOS="613" HPOS="1528"/>
<SP HEIGHT="40" WIDTH="26" VPOS="613" HPOS="1570"/>
<String CS="1" CONTENT="53305;" HEIGHT="41" WIDTH="143" VPOS="612" HPOS="1597"/>
<SP HEIGHT="46" WIDTH="29" VPOS="614" HPOS="1769"/>
<String CONTENT="Amour" HEIGHT="38" WIDTH="181" VPOS="614" HPOS="1799"/>
<SP HEIGHT="37" WIDTH="27" VPOS="624" HPOS="1981"/>
<String CONTENT="press," HEIGHT="37" WIDTH="150" VPOS="624" HPOS="2009"/>
<SP HEIGHT="47" WIDTH="29" VPOS="614" HPOS="2160"/>
<String CONTENT="inc." HEIGHT="40" WIDTH="90" VPOS="614" HPOS="2190"/>
</TextLine>
<TextLine HEIGHT="48" WIDTH="252" VPOS="668" HPOS="448">
<String CONTENT="(33-2071)" HEIGHT="48" WIDTH="252" VPOS="668" HPOS="448"/>
</TextLine>
<TextLine HEIGHT="65" WIDTH="916" VPOS="772" HPOS="365" STYLEREFS="StyleId-D2727C04-278C-4C96-B5A4-95258C8A75DA-">
<String CONTENT="Weatherhead," HEIGHT="65" WIDTH="454" VPOS="772" HPOS="365"/>
<SP HEIGHT="64" WIDTH="28" VPOS="773" HPOS="820"/>
<String CONTENT="Leslie" HEIGHT="53" WIDTH="190" VPOS="772" HPOS="849"/>
<SP HEIGHT="52" WIDTH="29" VPOS="773" HPOS="1040"/>
<String CONTENT="Dixon." HEIGHT="54" WIDTH="211" VPOS="773" HPOS="1070"/>
</TextLine>
<TextLine HEIGHT="73" WIDTH="1930" VPOS="847" HPOS="434" STYLEREFS="StyleId-D2727C04-278C-4C96-B5A4-95258C8A75DA-">
<String CONTENT="His" HEIGHT="53" WIDTH="112" VPOS="849" HPOS="434"/>
<SP HEIGHT="54" WIDTH="25" VPOS="848" HPOS="547"/>
<String CONTENT="life" HEIGHT="53" WIDTH="105" VPOS="848" HPOS="573"/>
<SP HEIGHT="33" WIDTH="26" VPOS="868" HPOS="679"/>
<String CONTENT="and" HEIGHT="52" WIDTH="112" VPOS="850" HPOS="706"/>
<SP HEIGHT="52" WIDTH="24" VPOS="850" HPOS="819"/>
<String CONTENT="ours;" HEIGHT="48" WIDTH="161" VPOS="868" HPOS="844"/>
<SP HEIGHT="61" WIDTH="25" VPOS="855" HPOS="1006"/>
<String CONTENT="the" HEIGHT="52" WIDTH="96" VPOS="850" HPOS="1032"/>
<SP HEIGHT="34" WIDTH="23" VPOS="868" HPOS="1129"/>
<String CONTENT="significance" HEIGHT="70" WIDTH="362" VPOS="847" HPOS="1153"/>
<SP HEIGHT="55" WIDTH="25" VPOS="848" HPOS="1516"/>
<String CONTENT="for" HEIGHT="54" WIDTH="95" VPOS="848" HPOS="1542"/>
<SP HEIGHT="34" WIDTH="21" VPOS="868" HPOS="1638"/>
<String CONTENT="us" HEIGHT="36" WIDTH="66" VPOS="868" HPOS="1660"/>
<SP HEIGHT="35" WIDTH="22" VPOS="869" HPOS="1727"/>
<String CONTENT="of" HEIGHT="55" WIDTH="66" VPOS="848" HPOS="1750"/>
<SP HEIGHT="54" WIDTH="21" VPOS="848" HPOS="1817"/>
<String CONTENT="the" HEIGHT="53" WIDTH="97" VPOS="850" HPOS="1839"/>
<SP HEIGHT="53" WIDTH="23" VPOS="850" HPOS="1937"/>
<String CONTENT="life" HEIGHT="56" WIDTH="106" VPOS="847" HPOS="1961"/>
<SP HEIGHT="36" WIDTH="23" VPOS="868" HPOS="2068"/>
<String CONTENT="of" HEIGHT="55" WIDTH="65" VPOS="849" HPOS="2092"/>
<SP HEIGHT="57" WIDTH="21" VPOS="849" HPOS="2158"/>
<String CONTENT="Jesus," HEIGHT="69" WIDTH="184" VPOS="851" HPOS="2180"/>
</TextLine>
<TextLine HEIGHT="145" WIDTH="1975" VPOS="926" HPOS="365" STYLEREFS="StyleId-D2727C04-278C-4C96-B5A4-95258C8A75DA-" CS="1">
<String CONTENT="by" HEIGHT="68" WIDTH="74" VPOS="926" HPOS="366"/>
<SP HEIGHT="68" WIDTH="27" VPOS="926" HPOS="441"/>
<String CONTENT="Leslie" HEIGHT="54" WIDTH="186" VPOS="926" HPOS="469"/>
<SP HEIGHT="52" WIDTH="28" VPOS="927" HPOS="656"/>
<String CONTENT="D." HEIGHT="52" WIDTH="72" VPOS="927" HPOS="685"/>
<SP HEIGHT="54" WIDTH="30" VPOS="927" HPOS="758"/>
<String CONTENT="Weatherhead," HEIGHT="62" WIDTH="437" VPOS="927" HPOS="789"/>
<SP HEIGHT="44" WIDTH="29" VPOS="945" HPOS="1227"/>
<String CONTENT="m." HEIGHT="34" WIDTH="66" VPOS="945" HPOS="1257"/>
<SP HEIGHT="35" WIDTH="32" VPOS="944" HPOS="1324"/>
<String CONTENT="a." HEIGHT="35" WIDTH="51" VPOS="944" HPOS="1357"/>
<SP HEIGHT="53" WIDTH="67" VPOS="926" HPOS="1409"/>
<String CONTENT="London," HEIGHT="68" WIDTH="258" VPOS="926" HPOS="1477"/>
<SP HEIGHT="67" WIDTH="29" VPOS="927" HPOS="1736"/>
<String CONTENT="Hodder" HEIGHT="53" WIDTH="242" VPOS="927" HPOS="1766"/>
<SP HEIGHT="52" WIDTH="29" VPOS="929" HPOS="2009"/>
<String CONTENT="&amp;" HEIGHT="52" WIDTH="47" VPOS="929" HPOS="2039"/>
<SP HEIGHT="56" WIDTH="30" VPOS="926" HPOS="2087"/>
<String CONTENT="Stoughton," HEIGHT="145" WIDTH="1975" VPOS="926" HPOS="365"/>
<SP HEIGHT="66" WIDTH="26" VPOS="1005" HPOS="480"/>
<String CONTENT="limited" HEIGHT="53" WIDTH="223" VPOS="1004" HPOS="507"/>
<SP HEIGHT="66" WIDTH="32" VPOS="1005" HPOS="731"/>
<String CONTENT="[1932]" HEIGHT="65" WIDTH="172" VPOS="1006" HPOS="764"/>
</TextLine>
<TextLine HEIGHT="52" WIDTH="662" VPOS="1075" HPOS="435" STYLEREFS="StyleId-D2727C04-278C-4C96-B5A4-95258C8A75DA-" CS="1">
<String CONTENT="xii," HEIGHT="48" WIDTH="82" VPOS="1077" HPOS="435"/>
<SP HEIGHT="30" WIDTH="31" VPOS="1097" HPOS="518"/>
<String CONTENT="[2]," HEIGHT="49" WIDTH="72" VPOS="1078" HPOS="550"/>
<SP HEIGHT="47" WIDTH="25" VPOS="1077" HPOS="623"/>
<String CONTENT="15-384" HEIGHT="41" WIDTH="174" VPOS="1077" HPOS="649"/>
<SP HEIGHT="48" WIDTH="23" VPOS="1077" HPOS="824"/>
<String CONTENT="p." HEIGHT="38" WIDTH="44" VPOS="1087" HPOS="848"/>
<SP HEIGHT="42" WIDTH="57" VPOS="1076" HPOS="893"/>
<String CS="1" CONTENT="19&#189;" HEIGHT="41" WIDTH="56" VPOS="1075" HPOS="951"/>
<String STYLE="superscript" CS="1" CONTENT="&#7580;&#7504;"/>
<String CONTENT="." HEIGHT="10" WIDTH="9" VPOS="1108" HPOS="1088"/>
</TextLine>
<TextLine HEIGHT="52" WIDTH="1994" VPOS="1145" HPOS="370" CS="1">
<String CONTENT="&#169;" HEIGHT="52" WIDTH="52" VPOS="1145" HPOS="370"/>
<SP/>
<String CS="1" CONTENT="1c."/>
<SP HEIGHT="38" WIDTH="27" VPOS="1149" HPOS="517"/>
<String CONTENT="Dec." HEIGHT="39" WIDTH="110" VPOS="1149" HPOS="545"/>
<SP HEIGHT="39" WIDTH="27" VPOS="1149" HPOS="656"/>
<String CONTENT="12," HEIGHT="47" WIDTH="69" VPOS="1148" HPOS="684"/>
<SP HEIGHT="47" WIDTH="27" VPOS="1148" HPOS="754"/>
<String CONTENT="1932;" HEIGHT="46" WIDTH="141" VPOS="1148" HPOS="782"/>
<SP HEIGHT="46" WIDTH="28" VPOS="1148" HPOS="924"/>
<!-- cceid 1125A96C-6D7D-1014-B4A5-D7A31D17AB40 --><String CONTENT="A" HEIGHT="39" WIDTH="42" VPOS="1148" HPOS="953"/>
<SP HEIGHT="39" WIDTH="25" VPOS="1148" HPOS="996"/>
<String CONTENT="ad" HEIGHT="38" WIDTH="61" VPOS="1149" HPOS="1022"/>
<SP HEIGHT="40" WIDTH="26" VPOS="1147" HPOS="1084"/>
<String CONTENT="int." HEIGHT="41" WIDTH="88" VPOS="1147" HPOS="1111"/>
<SP HEIGHT="40" WIDTH="27" VPOS="1148" HPOS="1200"/>
<String CONTENT="17225;" HEIGHT="48" WIDTH="170" VPOS="1147" HPOS="1228"/>
<SP HEIGHT="38" WIDTH="28" VPOS="1158" HPOS="1399"/>
<String CONTENT="pubd." HEIGHT="49" WIDTH="145" VPOS="1147" HPOS="1428"/>
<SP HEIGHT="40" WIDTH="27" VPOS="1148" HPOS="1574"/>
<String CONTENT="Dec." HEIGHT="41" WIDTH="112" VPOS="1148" HPOS="1602"/>
<SP HEIGHT="40" WIDTH="27" VPOS="1149" HPOS="1715"/>
<String CS="1" CONTENT="1;" HEIGHT="38" WIDTH="24" VPOS="1149" HPOS="1743"/>
<SP HEIGHT="47" WIDTH="29" VPOS="1149" HPOS="1796"/>
<String LANG="fr" CONTENT="L." HEIGHT="40" WIDTH="51" VPOS="1149" HPOS="1826"/>
<SP HEIGHT="40" WIDTH="26" VPOS="1149" HPOS="1878"/>
<String CONTENT="D." HEIGHT="40" WIDTH="58" VPOS="1149" HPOS="1905"/>
<SP HEIGHT="40" WIDTH="28" VPOS="1149" HPOS="1964"/>
<String CONTENT="Weatherhead," HEIGHT="49" WIDTH="371" VPOS="1148" HPOS="1993"/>
</TextLine>
<TextLine HEIGHT="50" WIDTH="754" VPOS="1203" HPOS="437">
<String CONTENT="Leeds," HEIGHT="46" WIDTH="164" VPOS="1206" HPOS="437"/>
<SP HEIGHT="46" WIDTH="32" VPOS="1206" HPOS="602"/>
<String CONTENT="England." HEIGHT="47" WIDTH="236" VPOS="1206" HPOS="635"/>
<SP HEIGHT="49" WIDTH="69" VPOS="1204" HPOS="872"/>
<String CONTENT="(33-3328)" HEIGHT="50" WIDTH="249" VPOS="1203" HPOS="942"/>
</TextLine>
<TextLine HEIGHT="67" WIDTH="1491" VPOS="1307" HPOS="366" STYLEREFS="StyleId-D2727C04-278C-4C96-B5A4-95258C8A75DA-">
<String CONTENT="Wharton," HEIGHT="65" WIDTH="308" VPOS="1308" HPOS="366"/>
<SP HEIGHT="63" WIDTH="28" VPOS="1310" HPOS="675"/>
<String CONTENT="Mrs." HEIGHT="52" WIDTH="141" VPOS="1310" HPOS="704"/>
<SP HEIGHT="52" WIDTH="27" VPOS="1309" HPOS="846"/>
<String CONTENT="Edith" HEIGHT="54" WIDTH="184" VPOS="1307" HPOS="874"/>
<SP HEIGHT="52" WIDTH="27" VPOS="1308" HPOS="1059"/>
<String CONTENT="Newbold" HEIGHT="54" WIDTH="283" VPOS="1307" HPOS="1087"/>
<SP HEIGHT="65" WIDTH="34" VPOS="1309" HPOS="1371"/>
<String CONTENT="(Jones)" HEIGHT="66" WIDTH="240" VPOS="1308" HPOS="1406"/>
<SP HEIGHT="64" WIDTH="38" VPOS="1308" HPOS="1647"/>
<String CONTENT="1862-" HEIGHT="50" WIDTH="171" VPOS="1313" HPOS="1686"/>
</TextLine>
<TextLine HEIGHT="73" WIDTH="1867" VPOS="1383" HPOS="498" STYLEREFS="StyleId-D2727C04-278C-4C96-B5A4-95258C8A75DA-" CS="1">
<String LANG="en-US" CS="1" CONTENT="&#8230;"/>
<SP HEIGHT="53" WIDTH="25" VPOS="1385" HPOS="498"/>
<String LANG="en-US" CONTENT="Die" HEIGHT="54" WIDTH="111" VPOS="1384" HPOS="524"/>
<SP HEIGHT="35" WIDTH="21" VPOS="1403" HPOS="636"/>
<String LANG="de" CONTENT="oberen" HEIGHT="53" WIDTH="204" VPOS="1384" HPOS="658"/>
<SP HEIGHT="34" WIDTH="22" VPOS="1403" HPOS="863"/>
<String LANG="de" CS="1" CONTENT="zehntausend;" HEIGHT="53" WIDTH="385" VPOS="1384" HPOS="886"/>
<SP HEIGHT="49" WIDTH="26" VPOS="1402" HPOS="1301"/>
<String LANG="en-US" CONTENT="roman." HEIGHT="36" WIDTH="215" VPOS="1401" HPOS="1328"/>
<SP HEIGHT="52" WIDTH="62" VPOS="1385" HPOS="1544"/>
<String LANG="en-US" CONTENT="Berlin" HEIGHT="55" WIDTH="203" VPOS="1383" HPOS="1607"/>
<SP HEIGHT="49" WIDTH="28" VPOS="1403" HPOS="1811"/>
<String LANG="en-US" CS="1" CONTENT="[etc.]" HEIGHT="63" WIDTH="120" VPOS="1390" HPOS="1858"/>
<SP HEIGHT="67" WIDTH="29" VPOS="1386" HPOS="1979"/>
<String LANG="en-US" CONTENT="P." HEIGHT="52" WIDTH="68" VPOS="1386" HPOS="2009"/>
<SP HEIGHT="52" WIDTH="23" VPOS="1386" HPOS="2078"/>
<String LANG="en-US" CONTENT="Zsolnay," HEIGHT="70" WIDTH="263" VPOS="1386" HPOS="2102"/>
</TextLine>
<TextLine HEIGHT="50" WIDTH="151" VPOS="1466" HPOS="365" STYLEREFS="StyleId-D2727C04-278C-4C96-B5A4-95258C8A75DA-">
<String CONTENT="1931." HEIGHT="50" WIDTH="151" VPOS="1466" HPOS="365"/>
</TextLine>
<TextLine HEIGHT="51" WIDTH="441" VPOS="1534" HPOS="434" CS="1">
<String CONTENT="385," HEIGHT="49" WIDTH="101" VPOS="1534" HPOS="434"/>
<SP HEIGHT="31" WIDTH="32" VPOS="1554" HPOS="536"/>
<String CONTENT="[1]" HEIGHT="51" WIDTH="55" VPOS="1534" HPOS="569"/>
<SP HEIGHT="40" WIDTH="29" VPOS="1545" HPOS="625"/>
<String CONTENT="p." HEIGHT="37" WIDTH="44" VPOS="1545" HPOS="655"/>
<SP HEIGHT="39" WIDTH="58" VPOS="1535" HPOS="700"/>
<String CONTENT="19" HEIGHT="41" WIDTH="56" VPOS="1534" HPOS="759"/>
<String STYLE="superscript" CS="1" CONTENT="&#7580;&#7504;"/>
<String CONTENT="." HEIGHT="10" WIDTH="9" VPOS="1566" HPOS="866"/>
</TextLine>
<TextLine HEIGHT="42" WIDTH="918" VPOS="1590" HPOS="436" CS="1">
<String CONTENT="At" HEIGHT="41" WIDTH="65" VPOS="1591" HPOS="436"/>
<SP HEIGHT="40" WIDTH="24" VPOS="1592" HPOS="502"/>
<String CONTENT="head" HEIGHT="40" WIDTH="125" VPOS="1592" HPOS="527"/>
<SP HEIGHT="38" WIDTH="25" VPOS="1593" HPOS="653"/>
<String CONTENT="of" HEIGHT="40" WIDTH="54" VPOS="1591" HPOS="679"/>
<SP HEIGHT="40" WIDTH="22" VPOS="1591" HPOS="734"/>
<String CS="1" CONTENT="title:" HEIGHT="40" WIDTH="108" VPOS="1591" HPOS="757"/>
<SP HEIGHT="41" WIDTH="27" VPOS="1590" HPOS="894"/>
<String CONTENT="Edith" HEIGHT="41" WIDTH="151" VPOS="1590" HPOS="922"/>
<SP HEIGHT="40" WIDTH="25" VPOS="1590" HPOS="1074"/>
<String CONTENT="Wharton." HEIGHT="42" WIDTH="254" VPOS="1590" HPOS="1100"/>
</TextLine>
<TextLine HEIGHT="42" WIDTH="833" VPOS="1646" HPOS="440">
<String LANG="de" CONTENT="&#8220;Deutsch" HEIGHT="41" WIDTH="245" VPOS="1647" HPOS="440"/>
<SP HEIGHT="39" WIDTH="24" VPOS="1648" HPOS="686"/>
<String LANG="en-US" CONTENT="von" HEIGHT="30" WIDTH="92" VPOS="1657" HPOS="711"/>
<SP HEIGHT="40" WIDTH="25" VPOS="1646" HPOS="804"/>
<String LANG="en-US" CONTENT="Marie" HEIGHT="41" WIDTH="155" VPOS="1646" HPOS="830"/>
<SP HEIGHT="40" WIDTH="28" VPOS="1647" HPOS="986"/>
<String LANG="de" CONTENT="Franzos.&#8221;" HEIGHT="41" WIDTH="258" VPOS="1646" HPOS="1015"/>
</TextLine>
<TextLine HEIGHT="51" WIDTH="1482" VPOS="1701" HPOS="439">
<String LANG="de" CONTENT="&#8220;Der" HEIGHT="41" WIDTH="128" VPOS="1703" HPOS="439"/>
<SP HEIGHT="29" WIDTH="22" VPOS="1714" HPOS="568"/>
<String LANG="de" CONTENT="originaltitel" HEIGHT="48" WIDTH="319" VPOS="1703" HPOS="591"/>
<SP HEIGHT="40" WIDTH="28" VPOS="1703" HPOS="911"/>
<String LANG="de" CONTENT="des" HEIGHT="39" WIDTH="84" VPOS="1704" HPOS="940"/>
<SP HEIGHT="30" WIDTH="27" VPOS="1713" HPOS="1025"/>
<String LANG="en-US" CONTENT="romans" HEIGHT="30" WIDTH="193" VPOS="1713" HPOS="1053"/>
<SP HEIGHT="40" WIDTH="27" VPOS="1703" HPOS="1247"/>
<String LANG="de" CONTENT="lautet:" HEIGHT="40" WIDTH="182" VPOS="1703" HPOS="1275"/>
<SP HEIGHT="41" WIDTH="29" VPOS="1702" HPOS="1458"/>
<String LANG="en-US" CONTENT="Twilight" HEIGHT="48" WIDTH="233" VPOS="1702" HPOS="1488"/>
<SP HEIGHT="41" WIDTH="26" VPOS="1704" HPOS="1722"/>
<String LANG="en-US" CONTENT="sleep.&#8221;" HEIGHT="51" WIDTH="172" VPOS="1701" HPOS="1749"/>
</TextLine>
<TextLine HEIGHT="54" WIDTH="1994" VPOS="1770" HPOS="369" CS="1">
<String CONTENT="&#169;" HEIGHT="53" WIDTH="51" VPOS="1770" HPOS="369"/>
<SP HEIGHT="53" WIDTH="36" VPOS="1770" HPOS="421"/>
<String CONTENT="Mar." HEIGHT="39" WIDTH="122" VPOS="1776" HPOS="458"/>
<SP HEIGHT="40" WIDTH="34" VPOS="1775" HPOS="581"/>
<String CONTENT="5," HEIGHT="47" WIDTH="39" VPOS="1775" HPOS="616"/>
<SP HEIGHT="47" WIDTH="36" VPOS="1775" HPOS="656"/>
<String CS="1" CONTENT="1931;" HEIGHT="40" WIDTH="112" VPOS="1774" HPOS="693"/>
<SP/>
<String CS="1" CONTENT="1c."/>
<SP HEIGHT="38" WIDTH="38" VPOS="1776" HPOS="939"/>
<String CONTENT="May" HEIGHT="46" WIDTH="113" VPOS="1776" HPOS="978"/>
<SP HEIGHT="47" WIDTH="34" VPOS="1775" HPOS="1092"/>
<String CS="1" CONTENT="5;" HEIGHT="39" WIDTH="25" VPOS="1775" HPOS="1127"/>
<SP HEIGHT="46" WIDTH="38" VPOS="1775" HPOS="1179"/>
<!-- cceid 1125ACED-6D7D-1014-B4A5-D7A31D17AB40 --><String CONTENT="A&#8212;Foreign" HEIGHT="48" WIDTH="311" VPOS="1774" HPOS="1218"/>
<SP HEIGHT="38" WIDTH="36" VPOS="1775" HPOS="1530"/>
<String CS="1" CONTENT="18681;" HEIGHT="41" WIDTH="142" VPOS="1774" HPOS="1567"/>
<SP HEIGHT="46" WIDTH="39" VPOS="1776" HPOS="1737"/>
<String CONTENT="Paul" HEIGHT="41" WIDTH="123" VPOS="1775" HPOS="1777"/>
<SP HEIGHT="39" WIDTH="36" VPOS="1775" HPOS="1901"/>
<String CONTENT="Zsolnay" HEIGHT="49" WIDTH="207" VPOS="1775" HPOS="1938"/>
<SP HEIGHT="38" WIDTH="35" VPOS="1786" HPOS="2146"/>
<String CONTENT="verlag," HEIGHT="48" WIDTH="181" VPOS="1776" HPOS="2182"/>
</TextLine>
<TextLine HEIGHT="49" WIDTH="421" VPOS="1831" HPOS="437">
<String CONTENT="a.-g." HEIGHT="40" WIDTH="106" VPOS="1840" HPOS="437"/>
<SP HEIGHT="49" WIDTH="63" VPOS="1831" HPOS="544"/>
<String CONTENT="(33-2453)" HEIGHT="49" WIDTH="250" VPOS="1831" HPOS="608"/>
</TextLine>
<TextLine HEIGHT="66" WIDTH="740" VPOS="1934" HPOS="364" STYLEREFS="StyleId-D2727C04-278C-4C96-B5A4-95258C8A75DA-">
<String CONTENT="Wheeler," HEIGHT="65" WIDTH="287" VPOS="1934" HPOS="364"/>
<SP HEIGHT="64" WIDTH="28" VPOS="1935" HPOS="652"/>
<String CONTENT="Elmer," HEIGHT="66" WIDTH="218" VPOS="1934" HPOS="681"/>
<SP HEIGHT="60" WIDTH="31" VPOS="1940" HPOS="900"/>
<String CONTENT="1903-" HEIGHT="50" WIDTH="172" VPOS="1939" HPOS="932"/>
</TextLine>
<TextLine HEIGHT="71" WIDTH="1931" VPOS="2009" HPOS="434" STYLEREFS="StyleId-D2727C04-278C-4C96-B5A4-95258C8A75DA-">
<String CONTENT="Tested" HEIGHT="53" WIDTH="207" VPOS="2011" HPOS="434"/>
<SP HEIGHT="53" WIDTH="26" VPOS="2011" HPOS="642"/>
<String CONTENT="selling" HEIGHT="69" WIDTH="206" VPOS="2010" HPOS="669"/>
<SP HEIGHT="50" WIDTH="27" VPOS="2029" HPOS="876"/>
<String CONTENT="sentences" HEIGHT="48" WIDTH="285" VPOS="2016" HPOS="904"/>
<SP HEIGHT="70" WIDTH="40" VPOS="2010" HPOS="1190"/>
<String CONTENT="(the" HEIGHT="70" WIDTH="123" VPOS="2010" HPOS="1231"/>
<SP HEIGHT="52" WIDTH="27" VPOS="2011" HPOS="1355"/>
<String CONTENT="language" HEIGHT="69" WIDTH="284" VPOS="2011" HPOS="1383"/>
<SP HEIGHT="34" WIDTH="28" VPOS="2030" HPOS="1668"/>
<String CONTENT="of" HEIGHT="55" WIDTH="65" VPOS="2009" HPOS="1697"/>
<SP HEIGHT="53" WIDTH="29" VPOS="2009" HPOS="1763"/>
<String CONTENT="the" HEIGHT="54" WIDTH="96" VPOS="2010" HPOS="1793"/>
<SP HEIGHT="54" WIDTH="26" VPOS="2010" HPOS="1890"/>
<String CONTENT="brain)" HEIGHT="68" WIDTH="194" VPOS="2010" HPOS="1917"/>
<SP HEIGHT="68" WIDTH="40" VPOS="2010" HPOS="2112"/>
<String CONTENT="master" HEIGHT="49" WIDTH="212" VPOS="2015" HPOS="2153"/>
</TextLine>
<TextLine HEIGHT="71" WIDTH="1998" VPOS="2086" HPOS="365" STYLEREFS="StyleId-D2727C04-278C-4C96-B5A4-95258C8A75DA-" CS="1">
<String CONTENT="book" HEIGHT="54" WIDTH="147" VPOS="2087" HPOS="365"/>
<SP HEIGHT="68" WIDTH="37" VPOS="2087" HPOS="513"/>
<String CONTENT="[by]" HEIGHT="69" WIDTH="110" VPOS="2088" HPOS="551"/>
<SP HEIGHT="67" WIDTH="38" VPOS="2088" HPOS="662"/>
<String CONTENT="Elmer" HEIGHT="52" WIDTH="196" VPOS="2088" HPOS="701"/>
<SP HEIGHT="54" WIDTH="29" VPOS="2088" HPOS="898"/>
<String CONTENT="Wheeler" HEIGHT="54" WIDTH="263" VPOS="2088" HPOS="928"/>
<SP HEIGHT="34" WIDTH="39" VPOS="2107" HPOS="1192"/>
<String CS="1" CONTENT="&#8230;"/>
<SP HEIGHT="52" WIDTH="75" VPOS="2089" HPOS="1289"/>
<String CONTENT="Baltimore," HEIGHT="68" WIDTH="334" VPOS="2088" HPOS="1365"/>
<SP HEIGHT="68" WIDTH="34" VPOS="2088" HPOS="1700"/>
<String CONTENT="Md.," HEIGHT="69" WIDTH="141" VPOS="2087" HPOS="1735"/>
<SP HEIGHT="70" WIDTH="33" VPOS="2086" HPOS="1877"/>
<String CONTENT="John" HEIGHT="56" WIDTH="158" VPOS="2086" HPOS="1911"/>
<SP HEIGHT="53" WIDTH="34" VPOS="2087" HPOS="2070"/>
<String CONTENT="Murphy" HEIGHT="71" WIDTH="258" VPOS="2086" HPOS="2105"/>
</TextLine>
<TextLine HEIGHT="66" WIDTH="479" VPOS="2168" HPOS="365" STYLEREFS="StyleId-D2727C04-278C-4C96-B5A4-95258C8A75DA-">
<String CONTENT="company," HEIGHT="50" WIDTH="298" VPOS="2184" HPOS="365"/>
<SP HEIGHT="64" WIDTH="27" VPOS="2169" HPOS="664"/>
<String CONTENT="1932." HEIGHT="51" WIDTH="152" VPOS="2168" HPOS="692"/>
</TextLine>
<TextLine HEIGHT="51" WIDTH="1154" VPOS="2236" HPOS="434" CS="1">
<String CONTENT="219" HEIGHT="41" WIDTH="86" VPOS="2237" HPOS="434"/>
<SP HEIGHT="47" WIDTH="20" VPOS="2238" HPOS="521"/>
<String LANG="fr" CONTENT="p.," HEIGHT="39" WIDTH="57" VPOS="2248" HPOS="542"/>
<SP HEIGHT="48" WIDTH="26" VPOS="2239" HPOS="600"/>
<String CONTENT="1" HEIGHT="37" WIDTH="25" VPOS="2239" HPOS="627"/>
<SP/>
<String CS="1" CONTENT="l."/>
<SP HEIGHT="40" WIDTH="25" VPOS="2238" HPOS="708"/>
<String CONTENT="incl." HEIGHT="41" WIDTH="110" VPOS="2237" HPOS="734"/>
<SP HEIGHT="41" WIDTH="25" VPOS="2237" HPOS="845"/>
<String CONTENT="front.," HEIGHT="41" WIDTH="163" VPOS="2237" HPOS="871"/>
<SP HEIGHT="41" WIDTH="25" VPOS="2237" HPOS="1035"/>
<String CONTENT="illus.," HEIGHT="47" WIDTH="142" VPOS="2237" HPOS="1061"/>
<SP HEIGHT="46" WIDTH="27" VPOS="2238" HPOS="1204"/>
<String CONTENT="diagrs." HEIGHT="47" WIDTH="179" VPOS="2237" HPOS="1232"/>
<SP HEIGHT="42" WIDTH="57" VPOS="2236" HPOS="1412"/>
<String CONTENT="24" HEIGHT="39" WIDTH="57" VPOS="2236" HPOS="1470"/>
<String STYLE="superscript" CS="1" CONTENT="&#7580;&#7504;"/>
<String CONTENT="." HEIGHT="9" WIDTH="10" VPOS="2269" HPOS="1578"/>
</TextLine>
<TextLine HEIGHT="41" WIDTH="998" VPOS="2293" HPOS="433">
<String CONTENT="Lettered" HEIGHT="40" WIDTH="226" VPOS="2294" HPOS="433"/>
<SP HEIGHT="38" WIDTH="28" VPOS="2296" HPOS="660"/>
<String CONTENT="on" HEIGHT="29" WIDTH="60" VPOS="2305" HPOS="689"/>
<SP HEIGHT="30" WIDTH="27" VPOS="2304" HPOS="750"/>
<String CONTENT="cover:" HEIGHT="30" WIDTH="167" VPOS="2304" HPOS="778"/>
<SP HEIGHT="41" WIDTH="27" VPOS="2293" HPOS="946"/>
<String CONTENT="Author&#8217;s" HEIGHT="41" WIDTH="230" VPOS="2293" HPOS="974"/>
<SP HEIGHT="29" WIDTH="28" VPOS="2305" HPOS="1205"/>
<String CONTENT="edition." HEIGHT="41" WIDTH="197" VPOS="2293" HPOS="1234"/>
</TextLine>
<TextLine HEIGHT="42" WIDTH="915" VPOS="2349" HPOS="438" CS="1">
<String CONTENT="&#8220;Reference" HEIGHT="41" WIDTH="293" VPOS="2350" HPOS="438"/>
<SP HEIGHT="41" WIDTH="23" VPOS="2350" HPOS="732"/>
<String CS="1" CONTENT="books&#8221;:" HEIGHT="41" WIDTH="177" VPOS="2349" HPOS="756"/>
<SP HEIGHT="40" WIDTH="29" VPOS="2350" HPOS="961"/>
<String CS="1" CONTENT="1"/>
<SP HEIGHT="38" WIDTH="26" VPOS="2350" HPOS="1016"/>
<String CONTENT="leaf" HEIGHT="40" WIDTH="102" VPOS="2350" HPOS="1043"/>
<SP HEIGHT="40" WIDTH="21" VPOS="2350" HPOS="1146"/>
<String CONTENT="at" HEIGHT="40" WIDTH="53" VPOS="2351" HPOS="1168"/>
<SP HEIGHT="40" WIDTH="24" VPOS="2351" HPOS="1222"/>
<String CONTENT="end." HEIGHT="41" WIDTH="106" VPOS="2350" HPOS="1247"/>
</TextLine>
<TextLine HEIGHT="52" WIDTH="1992" VPOS="2419" HPOS="369" CS="1">
<String CONTENT="&#169;" HEIGHT="52" WIDTH="52" VPOS="2419" HPOS="369"/>
<SP HEIGHT="52" WIDTH="31" VPOS="2419" HPOS="422"/>
<String CONTENT="Dec." HEIGHT="41" WIDTH="112" VPOS="2423" HPOS="454"/>
<SP HEIGHT="41" WIDTH="29" VPOS="2423" HPOS="567"/>
<String CS="1" CONTENT="20," HEIGHT="40" WIDTH="58" VPOS="2423" HPOS="597"/>
<SP HEIGHT="40" WIDTH="31" VPOS="2424" HPOS="666"/>
<String CONTENT="1932;" HEIGHT="48" WIDTH="140" VPOS="2422" HPOS="698"/>
<SP HEIGHT="48" WIDTH="33" VPOS="2422" HPOS="839"/>
<String CONTENT="2c." HEIGHT="41" WIDTH="67" VPOS="2422" HPOS="873"/>
<SP HEIGHT="40" WIDTH="31" VPOS="2423" HPOS="941"/>
<String CONTENT="Dec." HEIGHT="40" WIDTH="112" VPOS="2423" HPOS="973"/>
<SP HEIGHT="41" WIDTH="29" VPOS="2422" HPOS="1086"/>
<String CONTENT="29;" HEIGHT="48" WIDTH="82" VPOS="2422" HPOS="1116"/>
<SP HEIGHT="37" WIDTH="35" VPOS="2433" HPOS="1199"/>
<String CONTENT="aff." HEIGHT="40" WIDTH="80" VPOS="2422" HPOS="1235"/>
<SP HEIGHT="39" WIDTH="32" VPOS="2423" HPOS="1316"/>
<String CONTENT="Dec." HEIGHT="40" WIDTH="110" VPOS="2423" HPOS="1349"/>
<SP HEIGHT="40" WIDTH="32" VPOS="2423" HPOS="1460"/>
<String CONTENT="30;" HEIGHT="47" WIDTH="83" VPOS="2422" HPOS="1493"/>
<SP HEIGHT="47" WIDTH="34" VPOS="2422" HPOS="1577"/>
<!-- cceid 1125B2A7-6D7D-1014-B4A5-D7A31D17AB40 --><String CONTENT="A" HEIGHT="40" WIDTH="40" VPOS="2422" HPOS="1612"/>
<SP HEIGHT="40" WIDTH="31" VPOS="2422" HPOS="1653"/>
<String CONTENT="57643;" HEIGHT="48" WIDTH="170" VPOS="2422" HPOS="1685"/>
<SP HEIGHT="48" WIDTH="34" VPOS="2422" HPOS="1856"/>
<String CONTENT="John" HEIGHT="40" WIDTH="128" VPOS="2422" HPOS="1891"/>
<SP HEIGHT="39" WIDTH="31" VPOS="2422" HPOS="2020"/>
<String CONTENT="Murphy" HEIGHT="50" WIDTH="209" VPOS="2419" HPOS="2052"/>
<SP HEIGHT="37" WIDTH="32" VPOS="2432" HPOS="2262"/>
<String CONTENT="co." HEIGHT="29" WIDTH="66" VPOS="2431" HPOS="2295"/>
</TextLine>
<TextLine HEIGHT="48" WIDTH="250" VPOS="2478" HPOS="447">
<String CONTENT="(33-2122)" HEIGHT="48" WIDTH="250" VPOS="2478" HPOS="447"/>
</TextLine>
<TextLine HEIGHT="66" WIDTH="1994" VPOS="2581" HPOS="364" STYLEREFS="StyleId-D2727C04-278C-4C96-B5A4-95258C8A75DA-">
<String CONTENT="White" HEIGHT="53" WIDTH="198" VPOS="2583" HPOS="364"/>
<SP HEIGHT="52" WIDTH="48" VPOS="2584" HPOS="563"/>
<String CONTENT="House" HEIGHT="52" WIDTH="201" VPOS="2584" HPOS="612"/>
<SP HEIGHT="36" WIDTH="49" VPOS="2601" HPOS="814"/>
<String CONTENT="conference" HEIGHT="53" WIDTH="346" VPOS="2584" HPOS="864"/>
<SP HEIGHT="36" WIDTH="49" VPOS="2601" HPOS="1211"/>
<String CONTENT="on" HEIGHT="36" WIDTH="74" VPOS="2601" HPOS="1261"/>
<SP HEIGHT="36" WIDTH="49" VPOS="2601" HPOS="1336"/>
<String CONTENT="child" HEIGHT="54" WIDTH="154" VPOS="2583" HPOS="1386"/>
<SP HEIGHT="54" WIDTH="48" VPOS="2582" HPOS="1541"/>
<String CONTENT="health" HEIGHT="54" WIDTH="204" VPOS="2582" HPOS="1590"/>
<SP HEIGHT="52" WIDTH="47" VPOS="2584" HPOS="1795"/>
<String CONTENT="and" HEIGHT="52" WIDTH="116" VPOS="2584" HPOS="1843"/>
<SP HEIGHT="63" WIDTH="48" VPOS="2584" HPOS="1960"/>
<String CONTENT="protection." HEIGHT="66" WIDTH="349" VPOS="2581" HPOS="2009"/>
</TextLine>
<TextLine HEIGHT="134" WIDTH="1899" VPOS="2659" HPOS="434" STYLEREFS="StyleId-C62D0519-D138-4A39-8EFD-5B8898277549-" CS="1">
<String CS="1" CONTENT="Sect." HEIGHT="52" WIDTH="135" VPOS="2662" HPOS="434"/>
<SP HEIGHT="35" WIDTH="22" VPOS="2681" HPOS="583"/>
<String CS="1" CONTENT="I"/>
<String LANG="la" CS="1" CONTENT=":"/>
<SP HEIGHT="51" WIDTH="19" VPOS="2664" HPOS="659"/>
<String CONTENT="Medical" HEIGHT="52" WIDTH="252" VPOS="2663" HPOS="679"/>
<SP HEIGHT="52" WIDTH="19" VPOS="2663" HPOS="932"/>
<String CONTENT="service." HEIGHT="53" WIDTH="225" VPOS="2662" HPOS="952"/>
<SP HEIGHT="52" WIDTH="76" VPOS="2662" HPOS="1178"/>
<String CONTENT="Committee" HEIGHT="55" WIDTH="337" VPOS="2660" HPOS="1255"/>
<SP HEIGHT="36" WIDTH="22" VPOS="2679" HPOS="1593"/>
<String CONTENT="on" HEIGHT="35" WIDTH="73" VPOS="2679" HPOS="1616"/>
<SP HEIGHT="50" WIDTH="18" VPOS="2679" HPOS="1690"/>
<String CONTENT="growth" HEIGHT="68" WIDTH="226" VPOS="2661" HPOS="1709"/>
<SP HEIGHT="54" WIDTH="20" VPOS="2661" HPOS="1936"/>
<String CONTENT="and" HEIGHT="56" WIDTH="114" VPOS="2659" HPOS="1957"/>
<SP HEIGHT="53" WIDTH="22" VPOS="2659" HPOS="2072"/>
<String CONTENT="development." HEIGHT="134" WIDTH="1899" VPOS="2659" HPOS="434"/>
</TextLine>
<TextLine HEIGHT="71" WIDTH="1921" VPOS="2815" HPOS="437" STYLEREFS="StyleId-C62D0519-D138-4A39-8EFD-5B8898277549-">
<String CONTENT="Growth" HEIGHT="55" WIDTH="240" VPOS="2815" HPOS="437"/>
<SP HEIGHT="51" WIDTH="44" VPOS="2818" HPOS="678"/>
<String CONTENT="and" HEIGHT="52" WIDTH="112" VPOS="2818" HPOS="723"/>
<SP HEIGHT="52" WIDTH="46" VPOS="2818" HPOS="836"/>
<String CONTENT="development" HEIGHT="68" WIDTH="395" VPOS="2818" HPOS="883"/>
<SP HEIGHT="48" WIDTH="42" VPOS="2823" HPOS="1279"/>
<String CONTENT="of" HEIGHT="54" WIDTH="63" VPOS="2817" HPOS="1322"/>
<SP HEIGHT="53" WIDTH="43" VPOS="2817" HPOS="1386"/>
<String CONTENT="the" HEIGHT="52" WIDTH="95" VPOS="2818" HPOS="1430"/>
<SP HEIGHT="34" WIDTH="44" VPOS="2836" HPOS="1526"/>
<String CONTENT="child." HEIGHT="53" WIDTH="172" VPOS="2817" HPOS="1571"/>
<SP HEIGHT="50" WIDTH="71" VPOS="2819" HPOS="1744"/>
<String CONTENT="Pt." HEIGHT="50" WIDTH="94" VPOS="2819" HPOS="1816"/>
<SP HEIGHT="50" WIDTH="41" VPOS="2819" HPOS="1911"/>
<String CONTENT="3." HEIGHT="49" WIDTH="48" VPOS="2819" HPOS="1953"/>
<SP HEIGHT="52" WIDTH="38" VPOS="2817" HPOS="2002"/>
<String CONTENT="Nutrition." HEIGHT="55" WIDTH="317" VPOS="2815" HPOS="2041"/>
</TextLine>
<TextLine HEIGHT="131" WIDTH="1967" VPOS="2894" HPOS="366" STYLEREFS="StyleId-C62D0519-D138-4A39-8EFD-5B8898277549-" CS="1">
<String CONTENT="Report" HEIGHT="68" WIDTH="219" VPOS="2894" HPOS="367"/>
<SP HEIGHT="47" WIDTH="34" VPOS="2900" HPOS="587"/>
<String CONTENT="of" HEIGHT="52" WIDTH="64" VPOS="2895" HPOS="622"/>
<SP HEIGHT="52" WIDTH="33" VPOS="2895" HPOS="687"/>
<String CONTENT="the" HEIGHT="52" WIDTH="96" VPOS="2896" HPOS="721"/>
<SP HEIGHT="54" WIDTH="38" VPOS="2897" HPOS="818"/>
<String CONTENT="Committee" HEIGHT="55" WIDTH="337" VPOS="2896" HPOS="857"/>
<SP HEIGHT="34" WIDTH="35" VPOS="2915" HPOS="1195"/>
<String CONTENT="on" HEIGHT="34" WIDTH="72" VPOS="2915" HPOS="1231"/>
<SP HEIGHT="49" WIDTH="35" VPOS="2915" HPOS="1304"/>
<String CONTENT="growth" HEIGHT="67" WIDTH="224" VPOS="2897" HPOS="1340"/>
<SP HEIGHT="52" WIDTH="37" VPOS="2897" HPOS="1565"/>
<String CONTENT="and" HEIGHT="53" WIDTH="112" VPOS="2896" HPOS="1603"/>
<SP HEIGHT="52" WIDTH="36" VPOS="2896" HPOS="1716"/>
<String CONTENT="development," HEIGHT="68" WIDTH="413" VPOS="2896" HPOS="1753"/>
<SP HEIGHT="67" WIDTH="33" VPOS="2895" HPOS="2167"/>
<String CONTENT="Kenneth" HEIGHT="129" WIDTH="1967" VPOS="2895" HPOS="366"/>
<SP HEIGHT="52" WIDTH="24" VPOS="2973" HPOS="502"/>
<String CONTENT="D." HEIGHT="51" WIDTH="70" VPOS="2974" HPOS="527"/>
</TextLine>
<TextLine HEIGHT="69" WIDTH="1730" VPOS="2973" HPOS="627" STYLEREFS="StyleId-C62D0519-D138-4A39-8EFD-5B8898277549-" CS="1">
<String CONTENT="Blackfan," HEIGHT="67" WIDTH="305" VPOS="2973" HPOS="627"/>
<SP HEIGHT="50" WIDTH="25" VPOS="2990" HPOS="933"/>
<String CS="1" CONTENT="M." HEIGHT="8" WIDTH="9" VPOS="3016" HPOS="1015"/>
<SP HEIGHT="32" WIDTH="26" VPOS="2994" HPOS="1025"/>
<String CS="1" CONTENT="D.," HEIGHT="25" WIDTH="29" VPOS="3016" HPOS="1089"/>
<SP HEIGHT="46" WIDTH="27" VPOS="2995" HPOS="1119"/>
<String CONTENT="chairman," HEIGHT="68" WIDTH="310" VPOS="2974" HPOS="1147"/>
<SP HEIGHT="65" WIDTH="23" VPOS="2977" HPOS="1458"/>
<String CONTENT="White" HEIGHT="56" WIDTH="196" VPOS="2974" HPOS="1482"/>
<SP HEIGHT="51" WIDTH="23" VPOS="2976" HPOS="1679"/>
<String CONTENT="House" HEIGHT="51" WIDTH="196" VPOS="2976" HPOS="1703"/>
<SP HEIGHT="36" WIDTH="26" VPOS="2992" HPOS="1900"/>
<String CONTENT="conference" HEIGHT="55" WIDTH="331" VPOS="2973" HPOS="1927"/>
<SP HEIGHT="35" WIDTH="24" VPOS="2991" HPOS="2259"/>
<String CONTENT="on" HEIGHT="35" WIDTH="73" VPOS="2992" HPOS="2284"/>
</TextLine>
<TextLine HEIGHT="71" WIDTH="1991" VPOS="3050" HPOS="366" STYLEREFS="StyleId-C62D0519-D138-4A39-8EFD-5B8898277549-">
<String CONTENT="child" HEIGHT="53" WIDTH="155" VPOS="3050" HPOS="366"/>
<SP HEIGHT="52" WIDTH="20" VPOS="3051" HPOS="522"/>
<String CONTENT="health" HEIGHT="52" WIDTH="197" VPOS="3051" HPOS="543"/>
<SP HEIGHT="52" WIDTH="23" VPOS="3051" HPOS="741"/>
<String CONTENT="and" HEIGHT="52" WIDTH="111" VPOS="3052" HPOS="765"/>
<SP HEIGHT="67" WIDTH="23" VPOS="3052" HPOS="877"/>
<String CONTENT="protection." HEIGHT="67" WIDTH="334" VPOS="3052" HPOS="901"/>
<SP HEIGHT="52" WIDTH="74" VPOS="3053" HPOS="1236"/>
<String CONTENT="New" HEIGHT="52" WIDTH="139" VPOS="3053" HPOS="1311"/>
<SP HEIGHT="52" WIDTH="21" VPOS="3054" HPOS="1451"/>
<String CONTENT="York," HEIGHT="68" WIDTH="178" VPOS="3052" HPOS="1473"/>
<SP HEIGHT="66" WIDTH="21" VPOS="3054" HPOS="1652"/>
<String CONTENT="London," HEIGHT="68" WIDTH="259" VPOS="3052" HPOS="1674"/>
<SP HEIGHT="66" WIDTH="21" VPOS="3054" HPOS="1934"/>
<String CONTENT="The" HEIGHT="55" WIDTH="124" VPOS="3051" HPOS="1956"/>
<SP HEIGHT="55" WIDTH="21" VPOS="3051" HPOS="2081"/>
<String CONTENT="Century" HEIGHT="70" WIDTH="254" VPOS="3051" HPOS="2103"/>
</TextLine>
<TextLine HEIGHT="63" WIDTH="309" VPOS="3133" HPOS="367" STYLEREFS="StyleId-C62D0519-D138-4A39-8EFD-5B8898277549-" CS="1">
<String CONTENT="co." HEIGHT="35" WIDTH="78" VPOS="3148" HPOS="367"/>
<SP HEIGHT="33" WIDTH="36" VPOS="3163" HPOS="446"/>
<String CONTENT="[" HEIGHT="33" WIDTH="13" VPOS="3163" HPOS="483"/>
<String STYLE="superscript" CS="1" CONTENT="&#7580;193"/>
<String CONTENT="2]" HEIGHT="63" WIDTH="49" VPOS="3133" HPOS="627"/>
</TextLine>
<TextLine HEIGHT="51" WIDTH="1336" VPOS="3202" HPOS="509" CS="1">
<String CS="1" CONTENT="xx," HEIGHT="16" WIDTH="8" VPOS="3233" HPOS="509"/>
<SP HEIGHT="46" WIDTH="28" VPOS="3203" HPOS="518"/>
<String CONTENT="532" HEIGHT="40" WIDTH="83" VPOS="3202" HPOS="547"/>
<SP HEIGHT="48" WIDTH="27" VPOS="3202" HPOS="631"/>
<String CONTENT="p." HEIGHT="37" WIDTH="43" VPOS="3213" HPOS="659"/>
<SP HEIGHT="40" WIDTH="57" VPOS="3202" HPOS="703"/>
<String CONTENT="illus.," HEIGHT="48" WIDTH="142" VPOS="3202" HPOS="761"/>
<SP HEIGHT="44" WIDTH="29" VPOS="3206" HPOS="904"/>
<String CONTENT="tables" HEIGHT="40" WIDTH="155" VPOS="3204" HPOS="934"/>
<SP HEIGHT="48" WIDTH="26" VPOS="3203" HPOS="1090"/>
<String CONTENT="(part" HEIGHT="48" WIDTH="138" VPOS="3203" HPOS="1117"/>
<SP HEIGHT="40" WIDTH="22" VPOS="3204" HPOS="1256"/>
<String CONTENT="fold.)" HEIGHT="49" WIDTH="144" VPOS="3204" HPOS="1279"/>
<SP HEIGHT="48" WIDTH="37" VPOS="3205" HPOS="1424"/>
<String CONTENT="diagrs." HEIGHT="50" WIDTH="179" VPOS="3203" HPOS="1462"/>
<SP HEIGHT="40" WIDTH="55" VPOS="3204" HPOS="1642"/>
<String CS="1" CONTENT="23&#189;" HEIGHT="40" WIDTH="55" VPOS="3204" HPOS="1698"/>
<String STYLE="superscript" CS="1" CONTENT="&#7580;&#7504;"/>
<String CONTENT="." HEIGHT="9" WIDTH="10" VPOS="3235" HPOS="1835"/>
</TextLine>
<TextLine HEIGHT="49" WIDTH="681" VPOS="3258" HPOS="435">
<String CONTENT="Illustrated" HEIGHT="40" WIDTH="288" VPOS="3259" HPOS="435"/>
<SP HEIGHT="38" WIDTH="29" VPOS="3260" HPOS="724"/>
<String CONTENT="lining-papers." HEIGHT="49" WIDTH="362" VPOS="3258" HPOS="754"/>
</TextLine>
<TextLine HEIGHT="52" WIDTH="1916" VPOS="3311" HPOS="443" CS="1">
<String CONTENT="&#8220;Section" HEIGHT="40" WIDTH="222" VPOS="3315" HPOS="443"/>
<SP HEIGHT="29" WIDTH="30" VPOS="3325" HPOS="666"/>
<String CS="1" CONTENT="I&#8212;Medical" HEIGHT="39" WIDTH="268" VPOS="3315" HPOS="716"/>
<SP HEIGHT="39" WIDTH="34" VPOS="3316" HPOS="985"/>
<String CONTENT="service," HEIGHT="48" WIDTH="196" VPOS="3315" HPOS="1020"/>
<SP HEIGHT="47" WIDTH="36" VPOS="3316" HPOS="1217"/>
<String CONTENT="Samuel" HEIGHT="40" WIDTH="192" VPOS="3316" HPOS="1254"/>
<SP HEIGHT="38" WIDTH="33" VPOS="3317" HPOS="1447"/>
<String CONTENT="McC." HEIGHT="41" WIDTH="128" VPOS="3316" HPOS="1481"/>
<SP HEIGHT="39" WIDTH="35" VPOS="3317" HPOS="1610"/>
<String CONTENT="Hamill," HEIGHT="48" WIDTH="200" VPOS="3315" HPOS="1646"/>
<SP HEIGHT="38" WIDTH="35" VPOS="3325" HPOS="1847"/>
<String CS="1" CONTENT="M." HEIGHT="8" WIDTH="8" VPOS="3348" HPOS="1931"/>
<SP HEIGHT="30" WIDTH="32" VPOS="3326" HPOS="1940"/>
<String CS="1" CONTENT="D.," HEIGHT="17" WIDTH="23" VPOS="3345" HPOS="2005"/>
<SP HEIGHT="35" WIDTH="35" VPOS="3327" HPOS="2029"/>
<String CONTENT="chairman.&#8221;" HEIGHT="44" WIDTH="294" VPOS="3311" HPOS="2065"/>
</TextLine>
<TextLine HEIGHT="41" WIDTH="617" VPOS="3371" HPOS="436">
<String CONTENT="Includes" HEIGHT="40" WIDTH="227" VPOS="3372" HPOS="436"/>
<SP HEIGHT="40" WIDTH="28" VPOS="3371" HPOS="664"/>
<String CONTENT="&#8220;References&#8221;." HEIGHT="41" WIDTH="360" VPOS="3371" HPOS="693"/>
</TextLine>
<TextLine HEIGHT="53" WIDTH="1988" VPOS="3437" HPOS="371" STYLEREFS="StyleId-A478F1FC-C9AC-465D-87FE-5401D0E6002B-" CS="1">
<String CONTENT="&#169;" HEIGHT="53" WIDTH="51" VPOS="3437" HPOS="371"/>
<SP HEIGHT="53" WIDTH="29" VPOS="3437" HPOS="423"/>
<String CONTENT="Apr." HEIGHT="47" WIDTH="114" VPOS="3442" HPOS="453"/>
<SP HEIGHT="40" WIDTH="27" VPOS="3441" HPOS="568"/>
<String CONTENT="2," HEIGHT="47" WIDTH="41" VPOS="3441" HPOS="596"/>
<SP HEIGHT="46" WIDTH="30" VPOS="3442" HPOS="638"/>
<String CS="1" CONTENT="1932;" HEIGHT="41" WIDTH="113" VPOS="3440" HPOS="669"/>
<SP HEIGHT="47" WIDTH="30" VPOS="3441" HPOS="810"/>
<String CONTENT="2c." HEIGHT="41" WIDTH="68" VPOS="3441" HPOS="841"/>
<SP HEIGHT="31" WIDTH="29" VPOS="3451" HPOS="910"/>
<String CONTENT="and" HEIGHT="38" WIDTH="95" VPOS="3443" HPOS="940"/>
<SP HEIGHT="38" WIDTH="30" VPOS="3443" HPOS="1036"/>
<String CONTENT="aff." HEIGHT="40" WIDTH="82" VPOS="3441" HPOS="1067"/>
<SP HEIGHT="39" WIDTH="29" VPOS="3442" HPOS="1150"/>
<String CONTENT="Apr." HEIGHT="47" WIDTH="114" VPOS="3442" HPOS="1180"/>
<SP HEIGHT="40" WIDTH="29" VPOS="3442" HPOS="1295"/>
<String CS="1" CONTENT="6;" HEIGHT="39" WIDTH="29" VPOS="3442" HPOS="1325"/>
<SP HEIGHT="46" WIDTH="31" VPOS="3443" HPOS="1379"/>
<!-- cceid 1125B7E1-6D7D-1014-B4A5-D7A31D17AB40 --><String CONTENT="A" HEIGHT="38" WIDTH="41" VPOS="3443" HPOS="1411"/>
<SP HEIGHT="39" WIDTH="29" VPOS="3443" HPOS="1453"/>
<String CS="1" CONTENT="50541;" HEIGHT="40" WIDTH="143" VPOS="3442" HPOS="1483"/>
<SP HEIGHT="47" WIDTH="33" VPOS="3442" HPOS="1653"/>
<String CONTENT="White" HEIGHT="41" WIDTH="161" VPOS="3441" HPOS="1687"/>
<SP HEIGHT="39" WIDTH="30" VPOS="3442" HPOS="1849"/>
<String CONTENT="House" HEIGHT="39" WIDTH="164" VPOS="3442" HPOS="1880"/>
<SP HEIGHT="29" WIDTH="31" VPOS="3451" HPOS="2045"/>
<String CONTENT="conference" HEIGHT="40" WIDTH="282" VPOS="3439" HPOS="2077"/>
</TextLine>
<TextLine HEIGHT="51" WIDTH="1919" VPOS="3495" HPOS="439" STYLEREFS="StyleId-A478F1FC-C9AC-465D-87FE-5401D0E6002B-" CS="1">
<String CONTENT="on" HEIGHT="28" WIDTH="60" VPOS="3509" HPOS="439"/>
<SP HEIGHT="28" WIDTH="35" VPOS="3509" HPOS="500"/>
<String CONTENT="child" HEIGHT="39" WIDTH="128" VPOS="3498" HPOS="536"/>
<SP HEIGHT="38" WIDTH="36" VPOS="3499" HPOS="665"/>
<String CONTENT="health" HEIGHT="39" WIDTH="166" VPOS="3499" HPOS="702"/>
<SP HEIGHT="39" WIDTH="36" VPOS="3498" HPOS="869"/>
<String CONTENT="&amp;" HEIGHT="39" WIDTH="36" VPOS="3498" HPOS="906"/>
<SP HEIGHT="47" WIDTH="33" VPOS="3498" HPOS="943"/>
<String CONTENT="protection," HEIGHT="49" WIDTH="283" VPOS="3497" HPOS="977"/>
<SP HEIGHT="49" WIDTH="37" VPOS="3497" HPOS="1261"/>
<String CONTENT="Ray" HEIGHT="48" WIDTH="106" VPOS="3497" HPOS="1299"/>
<SP HEIGHT="45" WIDTH="35" VPOS="3500" HPOS="1406"/>
<String CONTENT="Lyman" HEIGHT="45" WIDTH="185" VPOS="3500" HPOS="1442"/>
<SP HEIGHT="39" WIDTH="35" VPOS="3499" HPOS="1628"/>
<String CONTENT="Wilbur," HEIGHT="47" WIDTH="202" VPOS="3498" HPOS="1664"/>
<SP HEIGHT="37" WIDTH="38" VPOS="3508" HPOS="1867"/>
<String CS="1" CONTENT="M"/>
<SP HEIGHT="28" WIDTH="36" VPOS="3508" HPOS="1962"/>
<String CS="1" CONTENT="D.," HEIGHT="18" WIDTH="23" VPOS="3527" HPOS="2031"/>
<SP HEIGHT="37" WIDTH="38" VPOS="3508" HPOS="2055"/>
<String CONTENT="chairman," HEIGHT="47" WIDTH="264" VPOS="3495" HPOS="2094"/>
</TextLine>
<TextLine HEIGHT="47" WIDTH="333" VPOS="3554" HPOS="438" STYLEREFS="StyleId-A478F1FC-C9AC-465D-87FE-5401D0E6002B-">
<String CONTENT="Washington." HEIGHT="47" WIDTH="333" VPOS="3554" HPOS="438"/>
</TextLine>
<TextLine HEIGHT="67" WIDTH="1386" VPOS="3653" HPOS="366" STYLEREFS="StyleId-8C3F486F-D9C8-43EE-BBBD-84A229F2065E-">
<String CONTENT="Wilson," HEIGHT="67" WIDTH="240" VPOS="3653" HPOS="366"/>
<SP HEIGHT="62" WIDTH="30" VPOS="3658" HPOS="607"/>
<String CONTENT="Francis" HEIGHT="52" WIDTH="244" VPOS="3657" HPOS="638"/>
<SP HEIGHT="50" WIDTH="27" VPOS="3659" HPOS="883"/>
<String CONTENT="Mairs" HEIGHT="54" WIDTH="184" VPOS="3655" HPOS="911"/>
<SP HEIGHT="52" WIDTH="30" VPOS="3657" HPOS="1096"/>
<String CONTENT="Huntington-," HEIGHT="64" WIDTH="421" VPOS="3655" HPOS="1127"/>
<SP HEIGHT="58" WIDTH="32" VPOS="3661" HPOS="1549"/>
<String CONTENT="1875-" HEIGHT="52" WIDTH="170" VPOS="3657" HPOS="1582"/>
</TextLine>
<TextLine HEIGHT="70" WIDTH="1855" VPOS="3730" HPOS="436" STYLEREFS="StyleId-8C3F486F-D9C8-43EE-BBBD-84A229F2065E-" CS="1">
<String CONTENT="Money" HEIGHT="69" WIDTH="211" VPOS="3730" HPOS="436"/>
<SP HEIGHT="50" WIDTH="28" VPOS="3749" HPOS="648"/>
<String CONTENT="and" HEIGHT="52" WIDTH="112" VPOS="3733" HPOS="677"/>
<SP HEIGHT="52" WIDTH="28" VPOS="3733" HPOS="790"/>
<String CONTENT="the" HEIGHT="53" WIDTH="96" VPOS="3732" HPOS="819"/>
<SP HEIGHT="49" WIDTH="28" VPOS="3751" HPOS="916"/>
<String CONTENT="price" HEIGHT="68" WIDTH="155" VPOS="3732" HPOS="945"/>
<SP HEIGHT="51" WIDTH="28" VPOS="3735" HPOS="1101"/>
<String CONTENT="level," HEIGHT="65" WIDTH="160" VPOS="3734" HPOS="1130"/>
<SP HEIGHT="68" WIDTH="29" VPOS="3731" HPOS="1291"/>
<String CONTENT="by" HEIGHT="68" WIDTH="76" VPOS="3731" HPOS="1321"/>
<SP HEIGHT="65" WIDTH="28" VPOS="3734" HPOS="1398"/>
<String LANG="fr" CONTENT="F." HEIGHT="50" WIDTH="66" VPOS="3734" HPOS="1427"/>
<SP HEIGHT="52" WIDTH="30" VPOS="3732" HPOS="1494"/>
<String CONTENT="M." HEIGHT="52" WIDTH="79" VPOS="3732" HPOS="1525"/>
<SP HEIGHT="52" WIDTH="31" VPOS="3732" HPOS="1605"/>
<String CONTENT="Huntington-Wilson" HEIGHT="67" WIDTH="615" VPOS="3731" HPOS="1637"/>
<SP HEIGHT="34" WIDTH="38" VPOS="3750" HPOS="2253"/>
<String CS="1" CONTENT="&#8230;"/>
</TextLine>
<TextLine HEIGHT="71" WIDTH="1392" VPOS="3806" HPOS="366" STYLEREFS="StyleId-8C3F486F-D9C8-43EE-BBBD-84A229F2065E-" CS="1">
<String CONTENT="New" HEIGHT="54" WIDTH="140" VPOS="3806" HPOS="366"/>
<SP HEIGHT="51" WIDTH="24" VPOS="3809" HPOS="507"/>
<String CONTENT="York," HEIGHT="68" WIDTH="179" VPOS="3808" HPOS="532"/>
<SP HEIGHT="67" WIDTH="25" VPOS="3809" HPOS="712"/>
<String CONTENT="London," HEIGHT="68" WIDTH="258" VPOS="3809" HPOS="738"/>
<SP HEIGHT="65" WIDTH="25" VPOS="3812" HPOS="997"/>
<String CONTENT="The" HEIGHT="53" WIDTH="120" VPOS="3810" HPOS="1023"/>
<SP HEIGHT="55" WIDTH="26" VPOS="3809" HPOS="1144"/>
<String CONTENT="Century" HEIGHT="67" WIDTH="256" VPOS="3809" HPOS="1171"/>
<SP HEIGHT="48" WIDTH="25" VPOS="3828" HPOS="1428"/>
<String CONTENT="co." HEIGHT="34" WIDTH="80" VPOS="3828" HPOS="1454"/>
<SP HEIGHT="34" WIDTH="29" VPOS="3842" HPOS="1535"/>
<String CS="1" CONTENT="["/>
<String STYLE="superscript" CS="1" CONTENT="&#7580;193"/>
<String CONTENT="2]" HEIGHT="64" WIDTH="50" VPOS="3811" HPOS="1708"/>
</TextLine>
<TextLine HEIGHT="52" WIDTH="718" VPOS="3885" HPOS="477" STYLEREFS="StyleId-A478F1FC-C9AC-465D-87FE-5401D0E6002B-" CS="1">
<String CS="1" CONTENT="x," HEIGHT="17" WIDTH="9" VPOS="3916" HPOS="477"/>
<SP HEIGHT="48" WIDTH="25" VPOS="3885" HPOS="487"/>
<String CONTENT="221," HEIGHT="50" WIDTH="100" VPOS="3885" HPOS="513"/>
<SP HEIGHT="30" WIDTH="31" VPOS="3906" HPOS="614"/>
<String CONTENT="[1]" HEIGHT="49" WIDTH="54" VPOS="3888" HPOS="646"/>
<SP HEIGHT="38" WIDTH="28" VPOS="3899" HPOS="701"/>
<String CONTENT="p." HEIGHT="38" WIDTH="43" VPOS="3899" HPOS="730"/>
<SP HEIGHT="39" WIDTH="59" VPOS="3889" HPOS="774"/>
<String CONTENT="19" HEIGHT="41" WIDTH="55" VPOS="3888" HPOS="834"/>
<String STYLE="superscript" CS="1" CONTENT="&#7580;&#7504;"/>
<String CONTENT="." HEIGHT="11" WIDTH="12" VPOS="3918" HPOS="939"/>
<SP/>
<String CONTENT="$2.00" HEIGHT="49" WIDTH="130" VPOS="3887" HPOS="1065"/>
</TextLine>
<TextLine HEIGHT="55" WIDTH="1679" VPOS="3951" HPOS="372" STYLEREFS="StyleId-A478F1FC-C9AC-465D-87FE-5401D0E6002B-" CS="1">
<String CONTENT="&#169;" HEIGHT="53" WIDTH="51" VPOS="3951" HPOS="372"/>
<SP HEIGHT="53" WIDTH="28" VPOS="3951" HPOS="424"/>
<String CONTENT="Nov." HEIGHT="38" WIDTH="117" VPOS="3958" HPOS="453"/>
<SP HEIGHT="39" WIDTH="26" VPOS="3957" HPOS="571"/>
<String CONTENT="22," HEIGHT="47" WIDTH="70" VPOS="3957" HPOS="598"/>
<SP HEIGHT="45" WIDTH="29" VPOS="3959" HPOS="669"/>
<String CS="1" CONTENT="1932;" HEIGHT="40" WIDTH="112" VPOS="3957" HPOS="699"/>
<SP HEIGHT="47" WIDTH="30" VPOS="3958" HPOS="840"/>
<String CONTENT="2c." HEIGHT="40" WIDTH="66" VPOS="3958" HPOS="871"/>
<SP HEIGHT="29" WIDTH="30" VPOS="3969" HPOS="938"/>
<String CONTENT="and" HEIGHT="39" WIDTH="94" VPOS="3959" HPOS="969"/>
<SP HEIGHT="38" WIDTH="29" VPOS="3959" HPOS="1064"/>
<String CONTENT="aff." HEIGHT="40" WIDTH="79" VPOS="3957" HPOS="1094"/>
<SP HEIGHT="39" WIDTH="30" VPOS="3958" HPOS="1174"/>
<String CONTENT="Nov." HEIGHT="39" WIDTH="116" VPOS="3958" HPOS="1205"/>
<SP HEIGHT="38" WIDTH="30" VPOS="3957" HPOS="1322"/>
<String CONTENT="25;" HEIGHT="47" WIDTH="82" VPOS="3957" HPOS="1353"/>
<SP HEIGHT="46" WIDTH="30" VPOS="3958" HPOS="1436"/>
<!-- cceid 1125BCD6-6D7D-1014-B4A5-D7A31D17AB40 --><String CONTENT="A" HEIGHT="38" WIDTH="41" VPOS="3958" HPOS="1467"/>
<SP HEIGHT="39" WIDTH="28" VPOS="3958" HPOS="1509"/>
<String CONTENT="58078;" HEIGHT="47" WIDTH="168" VPOS="3957" HPOS="1538"/>
<SP HEIGHT="47" WIDTH="34" VPOS="3957" HPOS="1707"/>
<String CONTENT="Century" HEIGHT="49" WIDTH="211" VPOS="3957" HPOS="1742"/>
<SP HEIGHT="37" WIDTH="28" VPOS="3969" HPOS="1954"/>
<String CONTENT="co." HEIGHT="30" WIDTH="68" VPOS="3969" HPOS="1983"/>
</TextLine>
<TextLine HEIGHT="49" WIDTH="250" VPOS="4013" HPOS="448" STYLEREFS="StyleId-A478F1FC-C9AC-465D-87FE-5401D0E6002B-">
<String CONTENT="(33-1713)" HEIGHT="49" WIDTH="250" VPOS="4013" HPOS="448"/>
</TextLine>
</TextBlock>
</PrintSpace>
</Page>
</Layout>
</alto>