2563 4368
1439 4030 65 49 34

540 528 147 41 “This
723 528 296 41 translation
1055 528 101 41 into
1193 526 202 49 English
1431 526 54 41 of
1521 526 214 40 ‘Prozess
1774 526 182 47 Gregor
1992 522 169 40 Kaska
2211 522 91 41 has
2338 521 119 43 been

469 587 138 38 made
633 585 61 49 by
720 584 241 41 Winifred
987 583 150 49 Ray.”

477 651 1983 54 © 1c. Jan. 9, 1932; A ad int. 15955; pubd. Nov. 10, 1931; Henry Holt &
545 723 81 36 co.,
651 713 105 46 inc.,
782 714 117 37 New
924 713 143 38 York.
1137 711 250 49 (32-2467)

471 804 312 65 Appleton,
813 803 223 65 Victor,
1066 806 194 68 pseud.

538 881 144 52 Tom
717 880 176 54 Swift
926 880 111 54 and
1071 880 89 54 his
1193 880 162 69 giant
1385 886 257 61 magnet;
1676 896 81 49 or,
1791 875 288 71 Bringing
2110 894 78 50 up
2223 875 95 54 the
2348 875 110 55 lost

468 952 1966 152 submarine, by Victor Appleton … New York, Grosset & Dunlap
602 1039 192 66 [ ᶜ193 2 ]
541 1112 1456 52 2 p. l. , 216 p. front. 19½ᶜᵐ. (His Tom Swift series)
479 1184 52 52 ©
562 1189 109 39 Jan.
701 1188 68 46 20,
799 1186 140 47 1932;
971 1186 65 42 2c.
1069 1188 94 38 and
1194 1186 82 40 aff.
1307 1186 108 40 Jan.
1447 1185 81 47 22;
1563 1185 40 38 A
1630 1183 170 48 47139;
1836 1184 200 40 Grosset
2065 1185 35 39 &
2131 1185 209 46 Dunlap,
2372 1184 90 40 inc.

558 1243 247 49 (32-2123)

469 1346 327 53 Arkansas.
871 1347 276 66 Supreme
1177 1351 174 47 court.

537 1420 1923 70 Arkansas reports. v. 182. Cases determined … from June
473 1503 133 50 1930
655 1506 59 48 to
762 1500 262 66 January
1075 1504 151 48 1931.
1301 1502 63 50 T.
1415 1499 70 53 D.
1540 1499 323 66 Crawford,
1913 1505 272 62 reporter.
2265 1499 194 67 [Little

470 1578 174 67 Rock,
673 1578 161 66 Ark.]
871 1578 160 54 State
1059 1579 62 51 of
1150 1578 310 68 Arkansas,
1491 1581 150 49 1931.

545 1650 519 49 xix, 1229 p. 23½ ᶜᵐ .
483 1718 50 51 ©
561 1722 114 46 Apr.
702 1721 69 47 30,
800 1720 113 41 1931;
970 1721 66 40 2c.
1066 1720 111 42 Dec.
1205 1722 56 38 14;
1318 1720 81 40 aff.
1429 1721 109 40 Dec.
1569 1720 53 40 12;
1681 1722 40 38 A
1749 1721 144 40 46741;
1956 1720 136 41 State
2120 1720 54 39 of
2200 1720 265 41 Arkansas.

477 1839 378 64 Armstrong,
884 1839 303 63 Anthony,
1218 1841 191 64 pseud.

550 1912 403 56 Yesterdailies;
1028 1913 169 68 being
1243 1932 146 34 some
1435 1918 243 49 extracts
1723 1914 148 53 from
1923 1915 94 53 the
2063 1932 155 49 press
2264 1914 62 51 of
2371 1914 92 50 the

478 1994 143 64 past,
651 1989 322 55 discovered
1004 1990 111 52 and
1145 1990 264 53 collected
1437 1990 74 68 by
1542 1990 274 67 Anthony
1846 1991 342 67 Armstrong
2229 1991 95 65 (A.
2358 1989 97 67 A.)

478 2066 254 65 London,
765 2066 268 52 Methuen
1069 2068 44 49 &
1147 2085 76 34 co.
1258 2066 101 54 ltd.
1422 2070 130 48 [1931]

547 2135 1060 49 xi, 106 p., 1 l. incl. front., illus. 19½ᶜᵐ.
486 2206 1820 50 © 1c. Jan. 9, 1932; A ad int. 15956; pubd. Nov. 12, 1931; Anthony
553 2210 1897 102 Armstrong
746 2264 172 47 Willis,
948 2264 211 39 London.
1229 2264 248 47 (32-3123)

479 2363 253 68 Ashton,
760 2367 85 51 De
871 2365 150 55 Witt
1049 2365 250 65 Clinton,
1330 2371 170 50 1906-

549 2433 1918 71 The art of directing plays, by D. C. Ashton … Franklin,
480 2512 87 67 O.,
618 2512 112 52 and
782 2512 243 66 Denver,
1078 2510 172 69 Colo.,
1302 2512 279 69 Eldridge
1631 2513 438 53 entertainment
2118 2512 190 67 house,
2359 2513 107 52 inc.

630 2592 48 63 [ᶜ193 1]
549 2670 87 40 119
661 2681 43 37 p.
764 2669 145 41 19½ᶜᵐ.

552 2727 174 46 “Plays
755 2726 259 47 adaptable
1041 2726 78 38 for
1146 2736 119 37 your
1293 2726 112 41 use”:
1462 2739 44 37 p.
1534 2727 215 42 109-119.

489 2795 50 51 ©
569 2798 110 39 Feb.
707 2796 68 43 19,
805 2796 139 46 1931;
974 2796 66 39 2c.
1071 2797 93 38 and
1193 2795 80 40 aff.
1303 2797 106 39 Jan.
1440 2797 40 48 2,
1509 2797 140 47 1932;
1680 2799 40 38 A
1748 2798 170 47 46700;
1951 2800 229 47 Eldridge
555 2798 1896 95 entertainment

724 2854 161 46 house,
925 2852 89 39 inc.
1086 2852 245 47 (32-2154)

483 2955 244 66 Azulay,
758 2956 310 53 Gertrude.

483 3030 1959 147 … Chopin, the story of the boy who made beautiful melodies, by
751 3108 1715 73 Gertrude Azulay … London and New York, Boosey
482 3186 510 68 & co., ltd., ᶜ193 2.
555 3257 1913 51 16 p. fold. front., illus. (music) 24 ᶜᵐ . (Youth’s own book of the
484 3317 138 47 great
649 3314 293 46 composers)

554 3372 101 39 The
687 3369 313 47 frontispiece
1031 3369 205 41 consists
1270 3372 51 39 of
1351 3372 54 38 12
1439 3373 339 47 illustrations,
1812 3384 128 29 some
1974 3374 50 40 of
2057 3374 156 40 which
2248 3385 83 29 are
485 3385 1965 83 portraits.

557 3484 159 39 Blank
759 3492 145 38 pages
948 3482 78 38 for
1069 3483 81 39 the
1193 3483 236 41 student's
1472 3497 106 28 own
1625 3486 173 48 “Story
1839 3488 52 38 of
1932 3486 260 41 Frederick
2236 3487 231 48 François

486 3538 212 49 Chopin”
737 3538 190 50 (15-16)

491 3594 1869 54 © 1c. Jan. 7, 1932; A ad int. 15964; pubd. Jan. 4; Boosey & co., ltd.
569 3653 222 48 (32-3147)

488 3743 207 65 Barck,
725 3743 181 53 Oscar
932 3743 319 65 Theodore,
1281 3751 169 48 1902-

551 3818 135 53 New
723 3819 161 52 York
916 3818 113 70 city
1064 3818 209 68 during
1304 3823 94 51 the
1487 3839 61 34 war
1582 3822 93 52 for
1708 3824 432 68 independence,
2173 3826 140 53 with
481 3844 1961 111 special

629 3895 282 54 reference
951 3898 57 48 to
1048 3895 94 51 the
1183 3895 195 67 period
1420 3897 62 52 of
1522 3898 221 54 British
1785 3901 349 70 occupation,
2174 3902 74 71 by
2291 3902 175 53 Oscar
