2563 4368
1087 4103 134 53 1547

154 479 242 66 Bowles,
426 481 283 54 Rosewell
739 481 177 63 Page,
948 484 170 50 1899-

220 558 121 52 The
382 557 297 68 operation
720 557 112 52 and
876 554 189 55 effects
1109 554 65 53 of
1217 575 31 33 a
1291 554 182 69 single
1515 553 192 70 salary
1748 554 281 64 schedule,
2069 553 76 70 by

152 630 1994 73 Rosewell Page Bowles … Published with the approval of
152 711 301 54 Professor
487 712 157 53 John
676 711 74 52 K.
787 711 240 66 Norton,
1061 727 255 50 sponsor.
1386 709 140 52 New
1562 708 165 53 York
1761 708 136 69 city,
151 709 1969 133 Teachers

266 790 227 67 college,
522 787 297 56 Columbia
849 786 335 69 university,
1214 788 150 51 1932.

150 856 1981 108 viii, 140 p. incl. forms. 23½ ᶜᵐ . (Teachers college, Columbia university.
320 916 366 41 Contributions
717 917 48 38 to
793 915 271 44 education,
1094 926 75 29 no.
1199 914 110 49 518)

222 975 171 40 Issued
416 974 103 41 also
543 985 55 29 as
621 972 153 42 thesis
809 973 106 47 (PH.
973 972 36 48 D.)
1043 971 250 42 Columbia
1323 971 285 49 university.

222 1031 346 48 Bibliography:
629 1040 43 38 p.
705 1027 217 44 135-140.

157 1099 51 52 ©
244 1104 116 47 July
391 1103 69 47 28,
494 1102 113 41 1932;
669 1102 67 40 2c.
773 1102 127 47 Sept.
935 1101 55 40 26;
1055 1101 81 40 aff.
1173 1101 101 40 Oct.
1310 1101 24 39 1;
1398 1102 40 37 A
1472 1100 142 41 55394;
1680 1100 240 40 Teachers
1955 1100 191 47 college.

226 1160 244 40 Columbia
507 1159 130 39 univ.
708 1157 253 48 (32-29752)

151 1261 217 65 Bridge
396 1263 449 63 headquarters,
873 1261 108 54 inc.
1059 1261 290 67 Advisory
1376 1260 235 54 council.

219 1338 119 53 The
368 1356 122 36 new
519 1338 405 54 standardized
955 1339 199 54 official
1185 1345 210 61 system
1423 1338 64 54 of
1519 1343 254 48 contract
1801 1338 219 66 bridge,
2050 1338 95 51 the

149 1414 200 55 official
374 1417 146 53 book
547 1436 71 34 on
646 1418 95 52 the
767 1436 123 34 new
917 1416 403 53 standardized
1349 1422 210 61 system
1587 1415 141 53 with
1755 1415 96 53 the
1880 1434 103 34 one
2013 1433 133 35 over

149 1510 120 36 one.
332 1493 426 70 Philadelphia,
788 1494 252 68 Chicago
1076 1499 139 62 [etc.]
1285 1494 144 53 Pub.
1460 1493 95 54 for
1584 1493 216 68 Bridge
146 1493 1975 145 headquarters,
307 1571 127 67 inc.,

462 1572 76 67 by
566 1572 96 52 the
692 1573 155 53 John
880 1572 63 55 C.
971 1572 576 67 Winston-company
1624 1574 153 63 [ᶜ1932]

221 1644 123 40 xviii
371 1655 58 38 p.,
460 1645 25 39 1
536 1676 9 9 l.
606 1644 145 42 19½ᶜᵐ.

222 1701 243 41 Portraits
496 1713 60 29 on
584 1701 135 41 front
749 1701 336 50 lining-paper.

158 1767 51 52 ©
239 1772 126 48 Sept.
424 1804 8 16 8,
458 1771 140 47 1932;
626 1772 67 40 2c.
720 1773 95 39 and
841 1771 82 41 aff.
952 1772 101 40 Oct.
1080 1771 81 47 10;
1190 1772 43 38 A
1258 1772 134 39 56411;
1457 1772 179 45 Bridge
1663 1773 366 47 headquarters,
2059 1772 90 41 inc.

246 1825 1099 52 [ © revisions and additions] (32-29392)
154 1929 162 66 Brill,
347 1932 175 53 Ethel
553 1932 209 66 Claire,
795 1933 168 55 1877-

223 2007 191 53 White
439 2008 256 66 brother;
723 2029 31 33 a
779 2014 155 63 story
960 2008 63 53 of
1046 2009 94 54 the
1167 2008 237 55 Pontiac
1432 2007 289 70 uprising;
1749 2008 120 54 told
1897 2008 73 69 by
1996 2007 151 56 Alan

154 2084 311 69 Davidson,
494 2085 179 53 called
701 2085 200 53 Nekah
929 2085 74 70 by
1032 2086 94 52 the
1155 2085 273 70 Ojibwas,
1458 2086 73 68 by
1561 2085 169 54 Ethel
1763 2085 189 56 Claire
1982 2085 167 54 Brill.

155 2162 135 54 New
326 2162 178 67 York,
536 2163 76 53 H.
647 2163 145 52 Holt
823 2163 113 55 and
971 2181 276 50 company
1329 2166 151 65 [ᶜ1932]

223 2232 63 47 vi,
315 2231 85 41 250
430 2243 42 38 p.
638 2264 10 10 19ᶜᵐ.

162 2301 50 52 ©
246 2306 101 41 Oct.
378 2307 68 45 14,
479 2306 112 41 1932;
652 2307 67 42 2c.
752 2309 94 39 and
879 2309 80 40 aff.
995 2309 100 40 Oct.
1129 2308 55 40 19;
1246 2310 41 38 A
1319 2309 143 41 56558;
1523 2311 167 46 Henry
1723 2310 120 40 Holt
1876 2310 37 40 &
1944 2320 81 38 co.,
2059 2311 90 38 inc.

238 2362 278 48 (32-29683)

156 2467 246 63 Brooke,
430 2468 222 63 Gladys
675 2469 209 52 Milton
908 2470 250 64 Palmer,
1185 2470 227 68 dayang
1437 2470 175 53 muda
1639 2471 62 66 of
1726 2472 293 53 Sarawak.

227 2544 104 52 It’s
356 2545 94 52 the
474 2546 180 67 truth,
677 2546 75 67 by
776 2546 101 52 her
900 2547 269 68 highness
1195 2548 93 52 the
1315 2548 229 69 dayang
1567 2548 174 53 muda
1765 2548 63 53 of
1857 2548 290 55 Sarawak.

161 2623 360 65 [Instalment
552 2629 28 47 5]
679 2624 120 55 The
828 2625 314 53 enchanted
1173 2625 226 70 village.

238 2697 82 47 (In
347 2694 200 44 London
575 2695 194 52 People,
799 2696 137 52 Sept.
965 2698 71 49 25,
1068 2697 143 50 1932)

163 2748 1987 57 © 1c. Nov. 3, 1932; A ad int. 17031; pubd. Sept. 25; American weekly,
229 2809 104 47 inc.,
362 2811 115 40 New
504 2812 143 40 York.

156 2909 246 68 Burton,
434 2914 242 54 Charles
706 2913 220 67 Pierce,
959 2921 171 50 1862-

228 2988 168 52 Bob’s
425 2989 106 51 hill
557 2990 138 68 boys
721 2992 59 51 in
806 2991 95 54 the
928 2991 367 69 Everglades,
1321 2993 74 67 by
1427 2992 234 55 Charles
1688 2992 194 53 Pierce
1910 2994 239 56 Burton.

159 3065 83 53 New
329 3065 177 68 York,
539 3067 75 52 H.
650 3067 143 53 Holt
827 3069 111 52 and
974 3086 277 52 company
1290 3073 192 64 [ᶜ1932]

263 3135 1220 54 x, 240 p. incl. front., illus. (incl. map) 19½ᶜᵐ .
164 3192 51 52 ©
245 3197 99 40 Oct.
374 3198 39 46 7,
441 3195 112 41 1932;
609 3197 65 41 2c.
705 3198 101 42 Oct.
835 3199 25 40 8;
918 3197 80 42 aff.
1029 3199 101 41 Oct.
1160 3201 54 38 14;
1271 3201 41 38 A
1339 3201 142 40 56566;
1541 3203 167 47 Henry
1738 3203 118 39 Holt
1885 3202 37 40 &
1949 3211 81 36 co.,
2062 3203 90 41 inc.

241 3252 278 49 (32-29690)

159 3351 290 69 Buschke,
480 3356 324 68 Abraham,
836 3363 170 50 1868-

228 3429 307 55 Leitfaden
573 3432 99 52 der
707 3432 281 56 kosmetik
1023 3434 99 54 für
1159 3436 91 53 die
1289 3437 270 54 ärztliche
1598 3437 213 69 praxis,
1849 3456 111 35 von
1997 3437 152 70 prof,

159 3508 1969 130 dr. A. Buschke … dr. Alfred Joseph … und dr. Werner Birkenfeld …
535 3586 107 52 mit
680 3587 179 53 einem
896 3590 320 68 geleitwort
1252 3609 110 35 von
1402 3591 291 69 professor
1733 3594 84 52 dr.
1858 3593 67 53 E.
159 3592 1968 122 Gohrbandt.
420 3663 114 52 Mit

565 3666 67 48 64
663 3663 401 71 abbildungen.
1134 3667 217 69 Berlin,
1384 3669 256 69 Leipzig,
1671 3670 90 53 W.
1796 3671 69 52 de
1899 3669 254 69 Gruyter

159 3740 45 50 &
232 3757 97 49 co.,
361 3742 150 51 1932.

234 3810 607 50 iv, 224 p. illus. 24 ᶜᵐ .
234 3866 246 49 “Anhang.
531 3868 254 41 Kosmetik
810 3872 96 39 und
932 3872 281 49 rechtslage.
1269 3873 102 41 Von
1396 3876 69 38 dr.
1491 3875 56 40 A.
1571 3874 207 49 Joseph”:
1833 3885 45 38 p.
1919 3874 235 52 [213]-215.

235 3921 550 45 “Schriftennachweis”:
845 3936 42 38 p.
919 3926 217 42 211-212.

168 3975 1986 61 © Apr. 15, 1932; 1c. Sept. 7; A— Foreign 17936; Walter de Gruyter &
259 4046 42 31 co.
371 4036 279 54 (32-29868)
