2563 4368
1141 4063 134 52 1435

188 461 250 64 Musser,
466 459 154 55 John
650 459 172 65 Herr,
854 460 169 50 1883-
1235 455 84 56 ed.

256 537 260 54 Internal
550 535 303 66 medicine;
893 536 74 51 its
1001 533 201 66 theory
1237 532 112 52 and
1387 528 247 70 practice
1670 529 60 52 in
1765 526 413 55 contributions

187 603 1967 156 by American authors, edited by John H. Musser … Philadelphia,
466 692 115 51 Lea
611 693 46 49 &
686 688 260 68 Febiger,
977 689 150 51 1932.

256 758 894 55 xi, 17-1316 p. illus., diagrs. 24½ ᶜᵐ.
258 821 225 40 Includes
517 816 362 43 “References”.

193 874 51 52 ©
280 879 125 46 Sept.
437 877 68 43 20,
539 875 112 41 1932;
712 875 67 40 2c.
815 875 125 46 Sept.
974 874 83 46 22;
1092 871 81 40 aff.
1209 872 127 48 Sept.
1368 871 83 47 21;
1485 871 41 39 A
1558 869 170 48 56003;
1764 870 96 40 Lea
1894 870 36 40 &
1963 868 216 48 Febiger.

270 934 279 48 (32-24847)

190 1020 244 55 Nevada
486 1021 112 52 and
648 1016 211 57 Pacific
908 1018 203 68 digest,
1159 1016 268 67 covering
1476 1017 77 51 all
1603 1035 150 34 cases
1801 1016 267 65 reported
2119 1015 59 52 in

260 1100 235 51 Nevada
526 1102 238 63 reports,
798 1099 305 52 1865-1931;
1165 1092 211 57 Pacific
1405 1100 275 63 reporter,
1709 1095 253 52 volumes
1993 1097 187 66 1-300,

264 1179 112 51 and
410 1178 77 52 all
520 1176 63 53 of
613 1177 96 52 the
742 1172 211 57 Pacific
984 1179 172 49 states
1188 1179 222 63 reports
1445 1172 152 55 from
1627 1174 97 52 the
1757 1173 228 53 earliest
2015 1174 166 53 times

323 1248 1856 75 … Compiled and edited by the publisher’s editorial staff,
264 1353 48 32 v.
344 1334 187 51 20-22.
608 1332 81 54 St.
719 1333 165 66 Paul,
910 1334 160 53 West
1098 1330 335 69 publishing
1458 1349 98 49 co.,
1587 1333 150 50 1932.

260 1406 220 42 3 v. 26 ᶜᵐ.
540 1472 104 29 CONTENTS.—v.
675 1460 72 41 20.
775 1461 345 39 Hospitals-In
1123 1460 340 47 junction.—v.
1495 1459 72 41 21.
195 1460 1975 101 Innkeepers-Intoxicating
301 1518 305 47 liquors.—v.
635 1516 71 41 22.
736 1517 134 40 Joint

899 1517 603 47 adventures-Judgment.

197 1571 51 52 ©
281 1576 126 47 Sept.
435 1574 69 47 23,
535 1573 139 46 1932;
706 1574 66 38 2c.
803 1573 115 40 each
950 1574 96 38 and
1075 1572 108 41 affs.
1214 1572 102 41 Oct.
1347 1573 81 46 10;
1461 1574 40 38 A
1531 1572 347 48 56367-56369;
1911 1574 133 40 West
2076 1574 109 47 pub.

264 1642 65 30 co.

195 1719 204 65 Orton,
426 1718 255 56 William
707 1719 228 64 Aylott,
964 1723 169 50 1889-

270 1795 1921 69 Prelude to economics, by William Aylott Orton … Boston,
199 1874 194 66 Little,
422 1875 231 65 Brown,
682 1874 113 53 and
823 1891 298 51 company,
1153 1876 151 50 1932.

338 1946 543 49 xv, 285 p. diagrs. 19½ ᶜᵐ.
272 2004 175 40 “Notes
477 2004 95 39 and
601 2002 301 41 references”;
960 2013 45 38 p.
1051 2001 235 50 [269]-285.

201 2056 51 52 ©
288 2060 126 48 Sept.
446 2059 69 47 20,
547 2058 113 41 1932;
721 2059 70 40 2c;
821 2060 95 39 and
947 2059 82 41 aff.
1066 2059 127 48 Sept.
1226 2059 54 39 21;
1343 2060 41 39 A
1416 2059 142 41 54971;
1622 2061 71 40 W.
1727 2061 54 38 A.
1816 2060 165 48 Orton,
268 2060 1904 104 Northampton,

509 2116 145 39 Mass.
725 2114 279 50 (32-24864)

199 2203 231 54 Palacio
456 2202 234 66 Valdés,
720 2203 320 67 Armando,
1072 2210 171 49 1853-

267 2281 57 52 A
361 2298 129 35 cara
530 2298 31 34 o
600 2299 148 48 cruz,
787 2298 104 50 por
930 2280 296 53 Armando
1267 2280 232 54 Palacio
1538 2282 242 68 Valdés;
1822 2280 190 55 edited
2052 2281 140 55 with

199 2363 175 60 notes,
407 2354 435 56 direct-method
876 2357 287 68 exercises,
1197 2359 112 52 and
1341 2358 345 69 vocabulary
1715 2360 77 67 by
1823 2357 188 56 Glenn
2044 2362 150 52 Barr

262 2433 1425 71 … New York, The Macmillan company, 1932.
273 2507 1921 52 vii, 143 p. front. (port.) plates. 18 ᶜᵐ. (Lettered on cover: The
205 2563 278 41 Macmillan
510 2563 236 48 Hispanic
771 2564 176 48 series)

275 2620 187 41 “Select
488 2618 364 50 bibliography”;
911 2630 42 38 p.
984 2619 38 42 8.

207 2672 52 52 ©
291 2677 127 47 Sept.
448 2676 39 48 6,
515 2675 140 48 1932;
686 2676 66 40 2c.
784 2678 93 38 and
907 2676 82 41 aff.
1022 2677 126 48 Sept.
1180 2679 52 46 7;
1264 2678 41 38 A
1335 2678 169 48 54649;
1538 2680 281 40 Macmillan
1849 2691 67 31 co.

284 2732 279 49 (32-24700)

205 2820 257 66 Peebles,
492 2820 190 66 Allon,
715 2827 170 49 1900-

208 2897 1964 143 … Nursing services and insurance for medical care in Brattleboro,
484 2975 304 67 Vermont;
838 2995 31 33 a
914 2978 171 66 study
1129 2977 64 52 of
1236 2979 96 52 the
1377 2978 281 56 activities
1704 2981 64 52 of
1810 2981 96 53 the
1949 2983 248 55 Thomas

208 3053 328 66 Thompson
565 3057 166 62 trust,
758 3053 76 67 by
861 3053 176 53 Allon
1068 3054 248 69 Peebles,
1432 3099 9 9 PH.
1509 3099 31 25 D.,
1570 3059 113 52 and
1713 3058 232 55 Valeria
1976 3058 72 56 D.
209 3060 1964 135 McDermott;
536 3128 138 53 with
706 3149 72 33 an

210 3131 1989 153 evaluation of the nursing program by Violet H. Hodgson … and Katharine Tucker … Chicago, Ill.,
211 3284 120 52 The
358 3284 335 67 University
719 3284 64 53 of
811 3283 250 70 Chicago
1089 3304 155 50 press
1276 3290 172 65 [1932]

281 3357 1918 50 viii, 65 p. diagr. 23 ᶜᵐ. (Publications of the Committee on the costs
211 3412 54 41 of
295 3412 204 41 medical
531 3423 110 30 care;
702 3423 74 31 no.
810 3413 81 49 17)

216 3466 51 52 ©
296 3471 115 47 July
436 3469 68 49 19,
532 3469 139 48 1932;
699 3471 67 39 2c.
795 3470 128 48 Sept.
950 3472 82 46 13;
1062 3471 81 40 aff.
1174 3472 126 48 Sept.
1328 3474 82 47 12;
1439 3476 40 38 A
1505 3476 170 48 54783;
1705 3477 283 48 University
2015 3478 53 41 of
283 3477 1900 97 Chicago,
447 3525 219 49 Chicago.
738 3526 276 48 (32-24844)

212 3599 310 65 Priestley,
556 3600 154 54 John
746 3602 292 64 Boynton.

286 3675 95 52 I’ll
408 3677 99 51 tell
534 3696 111 48 you
674 3679 355 68 everything,
1055 3681 74 65 by
1157 3685 54 51 J.
1243 3686 66 49 B.
1338 3683 282 68 Priestley
1646 3689 45 49 &
1718 3686 214 54 Gerald
1962 3689 235 52 Bullett.

216 3760 81 61 pt.
327 3753 49 55 7.

293 3828 83 45 (In
403 3825 317 43 Nash’s-Pall
749 3825 118 44 mall
896 3828 274 51 magazine,
1201 3829 150 53 Sept.,
1381 3832 143 50 1932)

220 3879 1981 64 © 1c. Oct. 8, 1932; A ad int. 16917; pubd. Aug. 18; J. B. Priestley,
287 3939 210 43 London,
535 3942 96 39 and
670 3941 177 40 Gerald
885 3942 214 40 William
1137 3945 198 47 Bullett,
1375 3948 119 40 East
1534 3948 224 49 Harting,
1799 3960 69 30 nr.
1909 3950 295 50 Petersfield,

290 3994 192 49 Sussex,
510 3997 221 46 England
