2563 4368
1073 4116 134 55 1827

158 513 233 63 Bowen,
425 510 326 57 Elizabeth.

227 590 83 52 To
347 590 95 52 the
477 591 189 65 north,
703 589 75 66 by
815 588 300 52 Elizabeth
1153 589 226 51 Bowen.
1454 588 258 66 London,
1807 629 11 11 V.
1858 587 288 55 Gollancz.

158 668 118 66 ltd.,
313 671 148 51 1932.

226 750 337 51 318 p. 19 ᶜᵐ .
161 820 1986 52 © 1c. Dec. 7, 1932; A ad int. 17184; pubd. Oct. 10; Elizabeth Cameron,
230 880 90 41 Old
350 879 324 48 Headington,
709 878 200 48 Oxford,
943 879 236 47 England.
1249 877 278 48 (32-35784)

158 998 431 63 Chamberlain,
617 997 174 56 John.

225 1075 276 53 Farewell
533 1081 58 46 to
622 1073 232 69 reform,
885 1074 171 68 being
1086 1093 32 34 a
1147 1071 223 71 history
1398 1073 65 52 of
1490 1074 97 53 the
1617 1070 127 71 rise,
1774 1070 106 58 life
1911 1076 112 52 and
155 1073 1970 148 decay
294 1152 65 53 of

395 1153 95 53 the
528 1150 355 70 progressive
919 1149 161 55 mind
1118 1152 58 52 in
1215 1150 284 68 America,
1533 1150 77 68 by
1646 1149 158 55 John
154 1150 1971 133 Chamberlain.
363 1230 138 53 New

529 1226 885 71 York, Liveright, inc. [ ᶜ1 932]
225 1316 524 49 5 p. l., 3-333 p. 22½ ᶜᵐ.
159 1384 51 53 ©
238 1389 117 39 Nov.
383 1388 68 48 25,
481 1387 140 48 1932;
650 1387 67 41 2c.
745 1388 112 40 Dec.
885 1388 51 40 8;
968 1386 82 42 aff.
1079 1388 110 40 Dec.
1219 1389 26 39 7;
1303 1388 42 39 A
1373 1388 168 47 57370;
1573 1387 262 48 Liveright,
1866 1390 90 39 inc.

235 1444 280 50 (32-34639)

156 1561 485 67 Chamberlayne,
674 1562 156 55 John
859 1563 328 64 Hampden,
1224 1568 324 51 1838-1882.

222 1640 156 53 Ham
423 1638 861 69 Chamberlavne—Virginian;
1330 1641 193 52 letters
1567 1641 112 52 and
1721 1656 206 51 papers
1968 1641 66 52 of
2073 1659 72 35 an

153 1717 261 67 artillery
453 1716 181 54 officer
671 1718 61 52 in
769 1718 95 52 the
902 1735 119 35 war
1059 1716 94 53 for
1190 1718 271 52 southern
1499 1715 437 71 independence,
156 1721 1992 142 1861-1865;

359 1795 139 52 with
539 1793 405 69 introduction,
982 1799 177 64 notes,
1196 1796 113 52 and
1348 1793 189 70 index,
1573 1794 76 69 by
1687 1794 90 56 his
1816 1814 118 49 son,
1973 1795 64 56 C.
2075 1797 71 56 G.

155 1872 466 67 Chamberlayne.
697 1871 338 68 Richmond,
1072 1872 125 68 Va.,
1236 1871 167 55 Press
1441 1872 65 53 of
1542 1872 95 54 the
1676 1870 167 56 Dietz
1883 1871 264 72 printing

152 1970 99 48 co.,
281 1953 151 50 1932.

323 2022 1821 51 xxx p., 1 l. , 440 p. front., plates, ports., maps (2 fold.) facsims.
150 2082 147 40 23½ᶜᵐ.

156 2147 53 52 ©
245 2152 112 39 Dec.
393 2152 39 46 5,
470 2150 139 47 1932;
648 2150 66 39 2c.
753 2151 95 39 and
886 2149 82 40 aff.
1006 2150 112 40 Dec.
1156 2150 82 47 12;
1278 2151 41 38 A
1354 2149 170 49 57429;
1566 2150 49 41 C.
1655 2151 53 41 G.
1748 2150 396 48 Chamberlayne,

223 2207 281 39 Richmond.
575 2206 277 48 (32-34640)

152 2325 221 64 Clamp,
403 2325 185 53 Helen
620 2326 171 62 Mary
825 2324 326 55 Elizabeth.

221 2402 162 67 Brat,
414 2401 74 68 by
519 2402 76 53 H.
628 2402 78 52 M.
741 2404 65 52 E.
844 2401 221 68 Clamp.
1139 2403 258 66 London,
1428 2404 187 51 Hurst
1648 2406 45 49 &
1726 2402 279 68 Blackett,
2038 2404 103 54 ltd.

157 2483 171 64 [1932]

221 2551 560 49 3 p. l., 11-288 p. 19 ᶜᵐ.
157 2619 1985 52 © 1c. Nov. 26, 1932; A ad int. 17145; pubd. Sept. 30; H. M. E. Clamp,
224 2679 280 48 Orpington,
541 2680 141 46 Kent,
720 2679 235 46 England.
1025 2678 278 48 (32-35794)

153 2798 251 64 Clevely,
434 2799 199 63 Hugh.

221 2874 249 52 Further
530 2873 232 54 outlook
822 2875 302 67 unsettled,
1182 2876 75 67 by
1319 2876 181 67 Hugh
1562 2876 248 68 Clevely.
1883 2877 257 67 London,

149 2951 365 54 Hutchinson
540 2956 46 50 &
612 2970 97 49 co.,
736 2954 102 54 ltd.
894 2957 150 63 [1932]

218 3024 659 49 4 p. l., 13-287 p. 19½ᶜᵐ.
155 3092 1986 53 © 1c. Nov. 30, 1932; A ad int. 17158; pubd. Oct. 2; H. Clevely, Strand,
224 3153 291 45 Gloucester,
543 3152 235 48 England.
848 3151 278 49 (32-35795)

153 3269 1924 71 The Colophon; a book collectors’ quarterly … [v. 3] pt. 12 …
227 3346 156 67 [New
412 3347 178 66 York,
619 3347 120 52 The
769 3348 297 66 Colophon
1094 3347 123 68 ltd.,
1247 3351 151 63 1932]

225 3419 84 50 [96]
338 3432 57 37 p.
424 3422 25 38 1
497 3453 8 8 l.
562 3421 127 40 illus.
719 3420 136 48 (part
882 3421 110 47 col.)
1030 3422 86 39 col.
1145 3432 76 37 pl.,
1248 3422 216 41 facsims.
1519 3422 57 41 27½ᶜᵐ.

224 3477 1854 48 “… and so with this part twelve, we come to the end of volume III
153 3534 51 38 of
228 3534 82 39 the
335 3533 243 48 Colophon
604 3533 48 39 in
679 3534 83 39 the
784 3535 168 38 month
978 3534 52 40 of
1055 3534 262 40 December
1342 3535 52 40 of
1421 3536 80 39 the
1527 3546 117 37 year
1672 3535 221 41 nineteen
1920 3536 221 40 hundred

151 3590 297 47 thirty-two”
469 3601 8 28 :
507 3601 60 29 on
593 3590 101 40 leaf
720 3593 50 37 at
798 3592 90 38 end
917 3591 50 39 of
993 3591 135 40 book.

155 3655 53 52 ©
234 3660 111 40 Dec.
372 3661 68 47 16,
467 3659 112 40 1932;
635 3660 66 39 2c.
730 3662 96 38 and
853 3661 82 39 aff.
962 3662 112 40 Dec.
1101 3661 82 47 30;
1212 3661 40 39 A
1280 3662 169 47 57658;
1482 3662 243 47 Colophon
1752 3664 87 40 ltd.

153 3773 301 56 Columbia
479 3782 219 63 poetry,
726 3780 147 49 1932.
948 3778 163 53 With
1139 3797 71 33 an
1234 3780 391 52 introduction
1649 3780 74 69 by
1748 3781 215 68 Joseph
221 3782 1890 123 Auslander.

510 3855 137 51 New
677 3855 176 67 York,
882 3855 297 56 Columbia
1208 3856 315 69 university
1548 3876 174 50 press,
1751 3860 150 51 1932.

220 3927 671 48 xiv p., 1 l. , 59 p., 1 l. . 20 ᶜᵐ.
155 3992 53 52 ©
232 3997 111 40 Dec.
368 3997 70 48 28,
463 3996 111 41 1932;
630 3999 65 39 2c.
722 3998 111 41 Dec.
859 3999 81 47 28;
969 3999 81 41 aff.
1078 4001 96 39 Dec
1214 3999 81 48 29;
1324 4001 40 39 A
1391 4001 169 47 58581;
1591 4001 250 40 Columbia
1868 4000 269 47 university

222 4063 148 38 press.
