2563 4368
1031 4117 131 51 1513

107 493 314 56 American
451 494 374 64 bankruptcy
851 493 233 65 review,
1115 494 129 64 inc.,
1272 495 139 52 New
1443 493 178 53 York.

177 569 1863 70 Conduct of mortgage foreclosures during bankruptcy …
105 646 1959 71 New York, N. Y., American bankruptcy review, inc., ᶜ1 932.
175 724 282 47 cover-title,
487 724 59 40 48
575 736 43 36 p.
678 724 56 39 25½ᶜᵐ.

109 791 52 52 ©
190 795 126 48 Sept.
344 796 67 42 19,
439 795 113 39 1932;
606 795 67 39 2c.
703 795 124 47 Sept.
857 794 57 39 20;
968 793 81 40 aff.
1081 796 126 45 Sept.
1236 794 55 39 26;
1347 794 39 38 A
1413 794 169 47 56255;
1614 795 142 38 Amer.
1800 794 303 48 bankruptcy

179 852 186 43 review,
402 852 89 40 inc.
562 851 277 47 (32-29085)

105 969 218 65 André,
359 972 184 62 Hans,
579 975 170 50 1891-

175 1045 210 55 Urbild
419 1046 117 51 und
611 1046 191 54 ursache
838 1044 59 53 in
933 1046 98 51 der
1067 1046 258 67 biologie,
1361 1064 106 34 von
1506 1045 165 52 Hans
1712 1044 205 52 André.
1990 1043 111 52 Mit

108 1126 97 49 127
231 1123 379 68 abbildungen
636 1123 117 52 und
779 1127 29 47 3
837 1123 197 53 tafeln.
1097 1123 285 53 München
1408 1122 117 52 und
1553 1121 216 68 Berlin,
1795 1121 68 53 R.
104 1119 1972 149 Oldenbourg,
338 1204 147 49 1931.

172 1272 1117 49 xi, 360 p. front. (port.) illus., II pl. 22 ᶜᵐ.
175 1330 400 47 “Anmerkungen
611 1330 96 39 und
741 1329 494 40 literaturhinweise”:
1299 1341 43 35 p.
1378 1330 216 39 345-360.

108 1399 1993 52 © Nov. 10,1931; 1c . July 22, 1932; A—Foreign 17366; R. Oldenbourg.
185 1460 280 48 (32-25878)

104 1576 255 54 Arizona
410 1579 112 51 and
573 1576 209 55 Pacific
831 1578 203 68 digest,
1082 1578 267 67 covering
1400 1578 75 50 all
1526 1596 148 33 cases
1724 1576 267 68 reported
2040 1576 54 51 in

173 1656 251 53 Arizona
456 1661 237 62 reports.
726 1660 325 49 1866-1931.
1082 1654 212 56 Pacific
1323 1661 273 63 reporter,
1628 1657 252 50 volumes
1912 1656 187 51 1-300.

177 1736 111 51 and
323 1738 77 51 all
434 1735 62 53 of
529 1736 94 51 the
657 1733 210 57 Pacific
900 1741 172 47 states
1105 1741 222 62 reports
1362 1735 153 52 from
1546 1735 95 52 the
1676 1734 225 52 earliest
1933 1733 165 53 times

235 1810 1846 72 … Compiled and edited by the publisher’s editorial staff.
175 1911 47 31 v.
258 1895 186 50 23-25.
519 1892 158 54 West
710 1892 335 69 publishing
1077 1912 97 47 co.,
1208 1896 148 52 1932.

170 1969 26 37 3
263 2000 7 7 v.
330 1969 55 38 26ᶜᵐ.

453 2035 102 28 CONTENTS.—v.
586 2022 71 41 23.
684 2024 213 40 Judicial
925 2023 538 41 sales-Lewdness.—v.
1494 2021 72 42 24.
1593 2023 131 39 Libel
1756 2024 94 38 and
1879 2023 226 40 slander-

108 2080 245 41 Maritime
383 2080 242 39 liens.—v.
659 2078 70 42 25.
763 2080 465 45 Marriage-Master
1258 2082 96 38 and
1386 2082 211 37 servant.

107 2146 52 52 ©
190 2150 100 40 Oct.
321 2150 56 40 27,
421 2149 112 41 1932;
594 2151 66 38 2c.
693 2151 117 40 each
841 2152 95 38 and
967 2150 106 41 affs.
1153 2161 70 28 Nov.
1257 2151 54 37 14;
1372 2151 41 37 A
1445 2149 346 45 57012-57014;
1825 2151 136 39 West
1992 2159 108 38 pub.

176 2218 65 28 co.

104 2322 172 66 Auld,
304 2323 254 54 William
587 2324 175 64 Muir,
795 2329 171 49 1884-

173 2399 119 53 The
329 2406 199 47 mount
562 2400 64 52 of
660 2400 201 67 vision,
897 2402 74 66 by
1005 2401 261 53 William
1301 2401 157 51 Muir
1494 2401 176 51 Auld.
1741 2401 139 52 New
1919 2400 179 65 York,

103 2477 118 52 The
254 2477 334 53 Macmillan
619 2496 297 49 company,
948 2482 151 49 1932.

175 2550 88 39 viii
291 2561 58 37 p.,
377 2550 26 38 2
451 2582 24 15 l.,
502 2549 145 41 3-197
674 2562 44 37 p.
778 2550 55 40 19½ᶜᵐ.

162 2606 38 37 A
239 2607 146 47 study
424 2608 146 40 based
611 2618 61 30 on
711 2607 295 47 Tennyson’s
1045 2608 101 40 The
1186 2608 193 40 ancient
1422 2618 126 38 sage,
1590 2609 97 38 and
1727 2609 180 48 calling
106 2612 1976 91 attention

239 2666 53 38 to
320 2664 83 40 the
433 2667 110 45 poet
577 2665 49 37 in
659 2664 77 40 his
767 2664 223 48 capacity
1023 2674 55 30 as
1108 2674 29 29 a
1171 2664 229 48 spiritual
1433 2664 197 41 teacher.
1705 2664 61 48 cf.
1801 2665 129 41 Pref.

109 2731 52 52 ©
190 2736 101 40 Oct.
319 2738 39 44 4,
386 2734 139 48 1932;
556 2736 66 39 2c.
653 2737 95 38 and
776 2735 79 39 aff.
888 2738 101 37 Oct.
1018 2736 24 37 5;
1101 2736 39 37 A
1169 2734 141 41 56231;
1371 2736 279 39 Macmillan
1682 2747 66 29 co.

186 2792 278 47 (32-25990)

105 2911 218 63 Banks,
357 2910 221 54 Harold
609 2910 248 64 Skjalm.

173 2988 149 67 Way
350 2993 100 48 out
476 2987 63 53 of
568 2988 185 68 chaos,
780 2987 300 70 economic,
1109 2988 192 69 social,
1328 2987 178 55 racial
1540 2989 111 69 [by]
1685 2990 77 52 H.
1796 2989 55 55 S.
1883 2990 211 52 Banks.

109 3065 706 69 [Louisville, Ky., ᶜ1 932]
173 3140 87 40 160
291 3151 42 36 p.
423 3139 28 40 19½ᶜᵐ.

177 3197 107 40 Sets
312 3197 136 38 forth
477 3206 26 28 a
534 3198 112 45 plan
676 3196 78 40 for
784 3196 271 40 Caucasian
1085 3198 151 39 world
1267 3196 301 41 domination
1598 3197 211 46 through
1838 3208 63 29 an
104 3206 1977 87 organization

313 3253 188 46 known,
529 3253 78 39 for
635 3254 80 38 the
742 3256 208 44 present,
980 3264 54 28 as
1062 3252 80 40 the
1171 3253 272 40 Caucasian
1470 3255 184 45 league.

108 3321 52 52 ©
187 3326 119 46 Aug.
333 3325 25 39 3,
401 3323 111 41 1932;
570 3326 66 38 2c.
668 3324 126 48 Sept.
824 3326 25 37 6;
907 3324 80 40 aff.
1021 3326 126 46 Sept.
1177 3325 54 39 10;
1290 3327 40 37 A
1359 3325 141 40 55073;
1559 3326 59 38 H.
1652 3326 44 39 S.
1771 3325 134 40 Banks.
176 3325 1905 97 Louisville.
373 3380 277 48 (32-28965)

105 3487 280 67 Barnum,
412 3487 259 56 Phineas
696 3489 231 63 Taylor,
958 3495 324 50 1810-1891.

173 3565 154 53 Here
366 3583 179 35 comes
587 3566 284 66 Barnum;
913 3567 65 51 P.
1018 3567 65 51 T.
1124 3566 303 53 Barnum’s
1466 3584 127 35 own
1631 3572 156 63 story
1829 3567 268 54 collected

107 3641 151 54 from
295 3643 89 52 his
422 3642 174 53 books
635 3644 111 51 and
787 3644 335 52 introduced
1161 3643 76 67 by
1278 3644 186 52 Helen
1506 3643 221 66 Ferris;
1773 3644 324 54 illustrated

104 3719 75 68 by
223 3720 187 51 Franz
454 3719 70 51 A.
569 3719 67 51 R.
682 3719 229 53 Dobias.
994 3720 139 51 New
1179 3718 179 69 York,
1401 3720 310 67 Harcourt,
1757 3721 180 53 Brace
1984 3722 113 53 and

104 3798 509 67 company [ ᶜ1 932]
178 3870 102 48 xiii,
308 3870 86 41 368
418 3881 44 38 p.
490 3871 109 40 incl.
627 3871 135 39 front.
805 3870 172 50 (port.)
1012 3872 142 47 illus.,
1183 3871 168 49 plates.
1411 3872 55 39 22½ᶜᵐ.

179 3927 287 41 Illustrated
495 3927 361 49 lining-papers.

109 3993 52 51 ©
191 3997 125 48 Sept.
344 3996 68 48 29,
440 3996 112 42 1932;
609 3997 65 41 2c.
703 3998 96 39 and
827 3997 80 39 aff.
938 3998 100 40 Oct.
1067 4001 26 36 6;
1150 3999 40 37 A
1217 3998 146 40 55460;
1419 3999 153 39 Helen
1603 3999 178 42 Ferris,
1810 4001 116 39 New
1954 3999 144 40 York.

187 4053 278 48 (32-29072)
