2563 4368
1143 4015 97 49 693

196 423 210 67 Quinn,
435 424 231 55 Arthur
695 424 257 64 Hobson,
984 423 170 54 1875-

260 502 119 51 The
412 500 118 53 soul
562 500 62 52 of
657 498 278 69 America,
968 497 294 71 yesterday
1297 496 111 56 and
1442 496 190 68 today,
1664 495 72 70 by

1770 495 220 53 Arthur
191 493 1965 139 Hobson
330 577 208 63 Quinn.
614 575 422 69 Philadelphia,
1074 573 332 70 University
1447 573 62 53 of
1549 572 416 68 Pennsylvania
2008 589 172 51 press,

192 659 149 49 1932.

259 739 101 46 viii,
392 739 83 40 261
510 749 42 37 p.
613 739 144 39 23½ᶜᵐ.

199 806 1717 54 © Apr. 8, 1932; 2c. May 6; aff. Apr. 23; A 51171; University
1949 808 53 40 of
264 808 1900 107 Pennsylvania
514 878 146 37 press.
731 867 279 48 (32-12287)

193 971 203 65 Raine,
423 972 254 54 William
704 972 309 64 MacLeod,
1043 973 169 53 1871-

260 1048 121 52 The
416 1047 164 53 black
614 1049 178 66 Tolts,
826 1046 74 69 by
933 1046 258 54 William
1226 1045 285 54 MacLeod
1547 1043 196 55 Raine.
1817 1044 216 52 Boston
2068 1043 110 55 and

192 1125 134 52 New
364 1124 176 68 York,
574 1125 314 67 Houghton
923 1121 203 55 Mifflin
1162 1140 293 51 company,
1493 1124 150 50 1932.

261 1209 453 49 vi, 293 p. 19 ½ᶜᵐ .
200 1279 1984 108 © May 4, 1932; 2c. May 7; aff. May 5; A 51219; W. M. Raine, Croton-on-Hudson, N.
680 1341 51 39 Y.
803 1339 278 48 (32-12124)

196 1443 175 64 Reed,
399 1442 178 55 Louis
604 1442 258 66 Schultz,
892 1448 169 50 1902-

324 1519 1855 68 … Midwives, chiropodists, and optometrists, their place in
195 1597 238 54 medical
458 1616 142 48 care,
626 1599 74 67 by
726 1598 172 53 Louis
926 1598 56 55 S.
1010 1599 170 54 Reed.
1294 1643 8 9 PH.
1367 1640 9 9 D.
1455 1597 267 69 Chicago.
1752 1597 111 65 Ill.,
1891 1597 119 53 The

198 1597 1954 147 University of Chicago press [193 2]
197 1761 1966 106 vii, 70 p. 23 ᶜᵐ . (Publications of the Committee on the costs of medical care: no. 15)
268 1876 347 41 “References”
644 1879 51 37 at
723 1877 88 39 end
843 1876 53 39 of
920 1877 227 47 chapters
1215 1898 91 17 II-IV.

201 1945 1846 51 © Mar. 22. 1932; 2c. Apr. 7; aff. Apr. 29; A 51067; University of
268 1947 1900 106 Chicago,
429 2005 222 48 Chicago.
722 2006 278 46 (32-12073)

200 2110 294 54 Rockland
527 2113 217 61 county
775 2109 226 65 society
1031 2111 62 52 of
1125 2110 101 53 the
1259 2113 157 50 state
1449 2109 63 53 of
1544 2110 144 52 New
1718 2110 180 67 York,
1932 2110 109 54 inc.

268 2187 120 53 The
420 2187 296 52 Rockland
749 2188 225 64 record;
1011 2186 169 69 being
1212 2189 95 50 the
1340 2188 369 69 proceedings
1745 2189 112 51 and
1889 2188 295 53 historical

199 2266 323 52 collections
550 2265 63 52 of
640 2266 94 52 the
763 2265 297 53 Rockland
1088 2271 209 60 county
1325 2266 211 68 society
1564 2266 64 53 of
1657 2267 95 52 the
1780 2273 146 47 state
1955 2267 63 52 of
2047 2269 136 52 New

200 2344 178 54 York,
407 2343 124 67 inc.,
558 2344 93 52 for
676 2345 96 52 the
796 2362 163 50 years
990 2348 130 48 1931
1150 2345 112 52 and
1290 2347 147 49 1932.
1515 2345 213 53 Edited
1755 2345 73 67 by
1857 2346 221 70 George
2105 2349 76 52 H.

201 2422 1983 74 Budke … v. 2. Nyack. N. Y., The Rockland county society
199 2501 1023 67 of the state of New York [ ᶜ193 1 ]
272 2575 1777 50 111, [5] p. illus., port., maps, facsims. (part fold.) tables. 27 ᶜᵐ .
204 2643 1985 54 © May 9, 1932; 2c. May 17; aff. May 26; A 51533; Rockland county
270 2713 92 31 soc.
388 2703 52 40 of
465 2703 79 40 the
569 2705 128 38 state
722 2702 52 40 of
797 2704 116 38 New
939 2703 144 42 York.

200 2806 242 64 Rogers,
470 2807 138 52 Mrs.
637 2805 214 64 Sophie
887 2806 269 66 (Seiden)
1194 2811 170 51 1851-

269 2883 207 55 Selden
509 2889 285 62 ancestry;
829 2904 31 32 a
894 2884 205 67 family
1130 2885 238 68 history,
1400 2885 202 70 giving
1634 2888 93 52 the
1758 2896 281 45 ancestors
2071 2891 108 51 and

199 2961 367 53 descendants
605 2962 64 51 of
706 2962 220 67 George
964 2962 281 55 Shattuck
1282 2964 206 55 Seiden
1527 2966 111 51 and
1678 2965 87 53 his

1803 2966 152 67 wife,
199 2968 1956 124 Elizabeth
358 3038 234 68 Wright
624 3040 176 54 Clark
851 3040 73 65 [by]
982 3040 214 67 Sophie
1228 3041 207 55 Seiden
1467 3043 233 66 Rogers,

1731 3042 299 55 Elizabeth
199 3045 1959 124 Seiden
342 3118 154 50 Lane
551 3117 129 66 [and]
720 3116 207 53 Edwin
962 3136 110 34 van
1105 3120 223 50 Deusen

1365 3119 818 69 Seiden … Oil City, Pa.,
201 3194 745 67 E. van D. Seiden [ ᶜ193 1]
270 3265 1904 54 523 p. front., plates, ports., facsim., fold. geneal. tables (2 in pocket)
199 3325 135 38 coats
362 3323 51 40 of
443 3333 145 30 arms.
647 3323 115 40 25ᶜᵐ.

272 3378 132 41 With
442 3379 325 48 genealogical
806 3380 153 40 tables
997 3380 52 39 of
1086 3381 80 38 the
1207 3381 186 47 Seiden,
1431 3382 58 39 de
1530 3382 149 41 Santo
1718 3383 235 49 Domingo
1992 3386 94 39 and
2125 3387 57 39 de

203 3434 268 49 Chappotin
503 3435 228 41 families.

207 3502 1981 56 © Sept. 26, 1931; 2c. Mar. 21. 1932; aff. Apr. 30; A 51213; Edwin Van
275 3564 189 39 Deusen
497 3565 184 39 Seiden.
751 3563 277 48 (32-12020)

203 3665 190 63 Rowe,
417 3666 305 63 Margaret
747 3669 173 51 Anna
952 3667 426 66 (Richardson)
1409 3671 174 51 “Mrs.
1605 3671 253 54 William
1884 3672 299 63 Stanhope

273 3743 228 53 Rowe.”

273 3819 210 66 Living
524 3820 136 53 with
706 3841 102 33 our
852 3823 217 54 flowers
1112 3826 248 67 through
1406 3827 95 52 the
1544 3826 133 54 four
1716 3846 222 36 seasons
1981 3827 63 52 of
2084 3829 95 51 the

202 3912 150 51 year,
382 3897 74 67 by
487 3899 137 52 Mrs.
657 3899 257 54 William
951 3901 291 69 Stanhope
1275 3904 199 66 Rowe;
1511 3905 328 52 watercolor
1873 3905 109 53 and
2018 3905 163 52 black
