2563 4368
1332 4026 103 55 786

374 404 288 66 Bessière,
696 404 283 56 Gustave.

443 481 225 55 Calculs
701 487 55 47 et
786 480 244 54 artifices
1062 482 68 52 de
1163 479 301 67 relativité,
1499 498 105 49 par
1637 478 251 55 Gustave
1921 477 269 54 Bessière.
372 480 1970 148 Paris,
499 560 229 67 Dunod,
764 562 150 50 1932.

443 632 82 49 vii,
557 633 54 41 83
644 644 42 37 p.
747 632 179 49 diagrs.
985 632 58 40 20½ᶜᵐ.

380 701 1531 51 © Feb. 26, 1932; 1c. Apr. 4; A— Foreign 16363; Dunod.
459 760 279 49 (32-13898)

376 863 424 68 Bogoslovsky,
836 864 306 55 Christina
1180 862 193 68 (Staël
1403 879 113 38 von
1548 862 303 65 Holstein)
1895 868 171 51 1888-

445 944 121 52 The
600 943 359 54 educational
991 942 161 54 crisis
1187 941 61 53 in
1285 941 238 56 Sweden
1557 942 59 51 in
1650 943 95 56 the
1777 941 152 69 light
1963 940 64 54 of
2059 939 306 55 American

375 1021 343 69 experience,
741 1021 75 68 by
840 1020 293 56 Christina
1157 1020 158 56 Staël
1339 1038 110 35 von
1469 1019 269 54 Holstein
1762 1019 409 68 Bogoslovsky.
2228 1020 140 53 New

378 1100 176 67 York,
584 1098 299 57 Columbia
910 1098 319 68 university
1257 1115 174 51 press,
1463 1101 149 52 1932.

447 1171 753 50 xiv, 301 p., 1 l. diagrs. 21 ᶜᵐ.
448 1244 170 40 Issued
646 1244 105 39 also
781 1253 55 30 as
865 1241 154 41 thesis
1057 1243 14 48 (PH.
1248 1242 14 47 D.)
1302 1240 250 42 Columbia
1585 1239 285 49 university.

449 1300 350 48 Bibliography;
860 1310 44 38 p.
938 1298 249 51 [252]-285.

385 1368 51 53 ©
474 1374 114 46 May
621 1372 69 48 16,
727 1370 113 42 1932;
903 1370 68 41 2c.
1009 1373 114 46 May
1158 1372 55 39 17;
1279 1369 83 42 aff.
1398 1371 117 47 May
1546 1368 60 41 20;
1667 1371 41 38 A
1745 1369 143 41 51405;
1955 1368 251 42 Columbia
2245 1367 130 42 univ.

452 1439 149 39 press.
672 1428 280 50 (32-14205)

380 1534 263 64 Bremer,
670 1532 185 65 Hans,
887 1536 171 51 1891-

510 1606 1862 71 … Die rübenfliege, Pegomyia hyoscyami Pz., von dr. H.
377 1684 1972 149 Bremer … und dr. O. Kaufmann … mit 32 abbildungen. Berlin, J. Springer, 1931.
485 1834 1839 52 v, 110 p. illus., diagrs. 24½ ᶜᵐ. (Monographien zum pflanzenschutz …
380 1894 50 51 7)

451 1948 606 43 “Schriftenverzeichnis”;
1121 1959 43 38 p.
1203 1946 247 54 [105]-110.

387 2018 1988 52 © Oct. 27, 1931; 1c. Jan. 19, 1932; A— Foreign 15462; Julius Springer.
465 2079 279 48 (32-13887)

382 2183 260 65 Brussel,
676 2181 223 54 Isidore
932 2181 395 65 Rosenbaum,
1362 2186 171 50 1895-

452 2261 55 53 A
537 2259 407 68 bibliography
975 2259 64 52 of
1071 2260 96 52 the
1199 2257 262 69 writings
1493 2258 64 53 of
1587 2261 195 53 James
1813 2261 230 51 Branch
2076 2260 223 68 Cabell;
2338 2278 31 34 a

382 2337 219 55 revised
623 2336 423 69 bibliography,
1067 2337 75 67 by
1164 2337 48 53 I.
1239 2338 68 51 R.
1331 2335 246 55 Brussel.
1635 2335 425 70 Philadelphia,
2083 2339 120 52 The
382 2339 1966 130 Centaur
536 2415 148 53 book
708 2416 160 66 shop,
896 2418 150 50 1932.

455 2485 1917 51 126 p., 2 l. front. (mounted port.) pl., facsims. 19½ ᶜᵐ. [The Centaur
385 2544 390 48 bibliographies,
833 2554 76 32 no.
938 2544 71 49 11]

457 2615 184 40 “Three
680 2614 222 40 hundred
939 2615 99 39 and
1075 2613 113 48 fifty
1225 2612 263 41 numbered
1529 2613 203 48 copies.”
1801 2614 118 40 This
1959 2625 119 38 copy
2115 2617 85 39 not
386 2626 1967 86 numbered.

458 2726 1920 50 “This bibliography … is based upon that compiled by Mr. Guy Holt
385 2784 51 40 in
467 2783 502 49 1924.”—Compiler’s
1001 2786 126 46 note,
1161 2795 44 38 p.
1236 2783 71 41 20.

393 2852 52 52 ©
476 2856 115 47 May
620 2855 68 48 19,
718 2854 113 41 1932;
891 2855 67 40 2c.
990 2856 96 39 and
1115 2854 80 41 aff.
1229 2856 114 46 May
1371 2854 56 41 23;
1486 2856 41 38 A
1559 2855 142 40 51447;
1764 2855 212 42 Centaur
2007 2857 123 40 book
2161 2857 132 47 shop.

470 2911 279 50 (32-14209)

389 3014 383 66 Cherington,
799 3016 146 52 Paul
972 3016 205 65 Terry,
1206 3016 172 56 1876-

456 3093 121 53 The
608 3093 354 53 commercial
993 3093 283 67 problems
1306 3093 64 53 of
1397 3095 96 51 the
1522 3095 215 54 woolen
1766 3096 112 52 and
1909 3098 242 52 worsted

387 3095 1961 143 industries,
583 3171 281 66 prepared
907 3169 93 53 for
1040 3171 95 52 the
1177 3171 221 53 Textile
1440 3170 360 69 foundation,
1839 3171 125 69 inc.,
2002 3172 75 67 by
2116 3174 147 52 Paul
2302 3176 63 50 T.

389 3247 369 68 Cherington.
824 3247 400 68 Washington,
1255 3250 71 53 D.
1362 3249 80 65 C.,
1472 3250 120 51 The
1621 3248 224 54 Textile
1875 3249 358 69 foundation,
2263 3250 105 53 inc.

394 3329 190 63 [ ᶜ19 32 ]
461 3395 809 51 xiii, 242 p. illus., diagrs. 21 ᶜᵐ.
462 3467 167 41 “Some
658 3467 52 40 of
737 3467 83 40 the
845 3477 133 29 more
1005 3466 266 48 important
1300 3466 322 50 publications
1654 3469 52 40 of
1734 3470 82 39 the
1844 3469 188 40 federal
2060 3472 312 45 government

390 3523 194 48 dealing
613 3523 119 40 with
761 3524 184 39 woolen
974 3524 96 39 and
1098 3525 210 39 worsted
1336 3524 214 41 fabrics”;
1609 3535 43 38 p.
1679 3525 218 41 237-238.

396 3590 51 51 ©
476 3595 113 46 May
616 3594 68 48 14,
713 3594 116 40 1932;
882 3594 65 41 2c.
978 3596 96 38 and
1101 3594 83 41 aff.
1212 3596 114 47 May
1354 3595 54 40 19;
1467 3596 42 39 A
1535 3595 147 41 52069;
1736 3596 187 41 Textile
1953 3597 303 48 foundation,
2286 3596 91 42 inc.

473 3650 279 48 (32-14322)

392 3752 339 66 Courmont,
761 3752 181 67 Jules,
977 3753 323 57 1865-1917.

388 3827 1963 133 Precis d’hygiène, par Jules Courmont … avec la collaboration des
666 3907 36 52 dʳ
753 3907 103 55 Ch.
887 3907 232 53 Lesieur
1173 3913 70 61 [et]
1281 3908 36 52 dʳ
1365 3908 71 52 A.
1469 3909 273 53 Rochaix.
1806 3912 48 50 4.
1886 3910 103 68 éd.,
2019 3927 113 36 rev.
2164 3916 55 47 et
2247 3928 130 49 cor.,
