2563 4368
1228 4080 134 50 1508

298 464 326 57 Oklahoma
666 467 112 52 and
817 463 213 57 Pacific
1069 464 204 70 digest,
1311 462 269 70 covering
1618 463 76 51 all
1735 480 150 35 cases
1923 461 266 70 reported
2229 460 60 54 in

369 546 320 56 Oklahoma
751 549 237 64 reports,
1052 546 326 63 1890-1931,
1435 539 213 57 Pacific
1706 546 274 63 reporter,
2040 541 250 52 volumes

372 628 185 63 1-300,
590 625 112 51 and
733 624 76 52 all
841 623 62 53 of
934 623 96 53 the
1057 619 214 57 Pacific
1298 625 172 49 states
1502 625 222 63 reports
1757 619 152 54 from
1940 620 98 52 the
2063 618 228 56 earliest

367 697 1923 71 times … Compiled and edited by the publisher’s editorial
368 777 134 56 staff.
592 800 51 33 v.
672 782 188 50 23-25.
938 778 82 55 St.
1049 779 165 65 Paul,
1241 780 160 52 West
1427 776 337 70 publishing
1789 794 99 50 co.,
1918 778 149 51 1932.

365 867 277 41 3 v . 26 cra .
648 933 103 29 CONTENTS.—v.
779 920 74 42 23.
879 921 214 40 Judicial
1120 921 538 40 sales-Lewdness.—v.
1689 918 70 41 24.
1788 920 133 39 Libel
1949 920 95 39 and
2072 919 227 40 slander-

302 980 246 41 Maritime
578 979 243 40 liens.—v.
853 977 71 41 25.
957 977 466 46 Marriage-Master
1453 978 95 39 and
1581 978 211 38 servant.

303 1047 52 52 ©
385 1051 101 40 Oct.
517 1050 69 41 27,
618 1048 112 40 1932;
791 1048 66 40 2c.
888 1048 118 39 each
1036 1048 94 38 and
1163 1045 107 41 affs.
1302 1047 118 39 Nov.
1452 1047 55 38 14;
1568 1047 40 38 A
1639 1045 319 41 57000-57002;
2021 1048 134 39 West
2186 1045 108 48 pub.

370 1118 66 30 co.

299 1209 213 65 Olcott,
546 1208 291 65 Virginia.

368 1284 147 54 Karl
560 1287 112 52 and
718 1282 211 70 Gretel,
973 1282 255 54 children
1272 1281 63 54 of
1377 1282 93 53 the
1517 1281 347 68 fatherland,
1906 1282 73 67 by
2083 1279 208 70 Virginia

300 1360 221 68 Olcott;
574 1359 140 54 with
766 1358 377 55 illustrations
1192 1360 75 67 by
1320 1358 311 55 Constance
1681 1356 388 55 Whittemore.
2158 1358 135 52 New

302 1435 1779 71 York, Newark [etc.] Silver, Burdett and company [ ᶜ1 932]
368 1509 83 48 vii,
484 1510 71 49 [1],
585 1508 87 41 168
700 1519 43 38 p.
802 1508 129 41 illus.
959 1507 135 50 (part
1124 1508 112 47 col.)
1303 1507 58 41 19½ᶜᵐ.

304 1579 52 52 ©
386 1583 101 41 Oct.
517 1584 39 47 6,
585 1582 140 46 1932;
756 1581 66 39 2c.
854 1583 93 38 and
977 1581 81 40 aff.
1091 1582 100 39 Oct.
1223 1582 54 37 12;
1335 1582 41 38 A
1405 1581 170 42 56423;
1609 1582 51 39 V.
1694 1581 172 48 Olcott,
1897 1582 116 38 New
2044 1580 143 41 York.

382 1639 278 49 (32-28984)

301 1743 250 63 Oregon.
625 1744 278 66 Supreme
935 1747 176 50 court.

371 1818 1905 70 Reports of cases decided … Bryan Goodenough, reporter.
301 1916 50 33 v.
379 1900 115 49 139.
570 1900 172 49 From
768 1898 296 67 February
1090 1900 81 63 16,
1199 1900 152 65 1932,
1373 1902 58 49 to
1455 1900 150 53 June
1631 1901 84 65 21,
1743 1901 149 49 1932.
1970 1899 117 55 San
302 1899 1966 143 Francisco,

494 1975 1329 68 Calif., Bancroft-Whitney company [ ᶜ1 932]
371 2049 397 49 xiv, 756 p. 23 ᶜᵐ.
307 2115 51 51 ©
398 2119 101 40 Oct.
536 2120 68 46 11,
642 2118 112 40 1932;
820 2119 67 39 2c.
925 2119 117 40 Nov.
1080 2118 25 39 9;
1172 2117 80 41 aff.
1291 2119 116 39 Nov.
1447 2121 23 37 7;
1538 2120 40 38 A
1616 2118 143 41 56944;
1829 2120 136 39 State
2004 2119 51 39 of
2094 2119 201 48 Oregon,

377 2176 171 46 Salem,
580 2176 78 39 Or.

303 2276 174 65 Papé,
512 2277 199 53 Frank
745 2278 61 55 C.

372 2352 121 53 The
527 2351 218 69 picture
782 2360 155 61 story
972 2353 62 52 of
1068 2352 289 53 Robinson
1396 2353 228 67 Crusoe,
1660 2353 73 69 by
1771 2353 196 54 Frank
2006 2353 60 55 C.
2108 2355 185 67 Papé;

303 2429 140 54 with
480 2430 152 52 brief
669 2433 121 50 text
826 2429 73 67 by
938 2428 221 54 Ramon
1199 2428 275 56 Coffman.
1553 2429 267 70 Chicago,
1858 2431 122 53 The
2020 2430 188 69 Reilly
2250 2433 45 49 &

302 2506 428 67 Lee co. [ ᶜ1 932]
373 2576 1081 50 6 p., 1 l., 7-213 p. col. front., illus. 24½ᶜᵐ.
374 2633 287 40 Illustrated
696 2632 361 48 lining-papers.

309 2702 52 52 ©
392 2706 127 48 Sept.
546 2705 70 48 26,
645 2704 112 42 1932;
814 2706 67 40 2c.
910 2708 92 37 and
1034 2706 79 39 aff.
1146 2707 101 40 Oct.
1276 2708 56 39 10;
1390 2709 40 38 A
1459 2709 143 39 56419;
1662 2710 122 38 Reilly
1850 2711 36 39 &
1915 2714 91 37 Lee
2037 2721 67 29 co.

385 2761 279 51 (32-28983)

303 2863 241 66 Parton,
575 2864 195 65 Ethel,
803 2869 171 50 1862-

372 2940 124 54 The
522 2939 150 53 mule
701 2941 63 51 of
790 2940 97 54 the
914 2940 327 52 Parthenon
1270 2941 111 53 and
1411 2943 160 53 other
1601 2962 121 34 new
1752 2944 197 54 stories
1980 2945 63 51 of
2074 2945 222 52 ancient

305 3016 1965 130 Greece, by Ethel Parton; illustrated by Zhenya Gay … Garden
440 3092 151 68 City,
616 3093 68 51 N.
715 3093 89 67 Y.,
829 3093 350 69 Doubleday,
1206 3094 196 52 Doran
1430 3097 44 50 &
1503 3115 294 51 company,
1824 3098 125 68 inc.,
1980 3100 147 50 1932.

373 3163 1025 50 5 p. l. , 3-243 p. col. front., illus. 21 ᶜᵐ.
374 3219 203 42 “Junior
610 3220 191 41 books.”

375 3276 163 42 “First
567 3275 225 42 edition.”

310 3346 51 51 ©
395 3350 99 40 Oct.
529 3351 25 38 5,
600 3349 140 47 1932;
774 3349 67 40 2c.
873 3350 92 38 and
1000 3349 80 40 aff.
1115 3350 100 40 Oct.
1251 3352 49 46 7;
1336 3352 41 38 A
1408 3352 168 49 56266;
1612 3356 52 38 E.
1698 3356 196 47 Parton,
1927 3355 366 48 Newburyport,

378 3407 145 39 Mass.
594 3405 277 49 (32-26907)

305 3506 224 64 Pascal,
557 3508 145 53 Paul
731 3507 203 54 Victor
964 3508 204 65 Henri,
1200 3512 170 49 1880-
1580 3513 84 52 ed.

377 3584 197 54 Traité
605 3585 69 53 de
706 3584 203 56 chimie
941 3584 287 69 minérale,
1260 3587 195 67 publié
1485 3607 127 36 sous
1644 3592 55 50 la
1734 3591 280 54 direction
2043 3592 68 52 de
2142 3594 147 51 Paul

307 3662 1984 68 Pascal … secrétaire général, Paul Baud … t. 7. Glucinium—
306 3738 1313 68 magnésium—zinc—cadmium—aluminium
1682 3779 12 33 [
1700 3752 119 60 etc.]
1899 3748 185 67 Paris,
307 3750 1959 117 Masson

435 3820 364 53 et c ⁱᵉ ., 1932.
378 3889 1345 54 4 p. l., [xi|-xxiii, 643 p. illus., tables, diagrs. 26 ᶜᵐ.
313 3952 1861 61 © May 21, 1932; 1c. Sept. 26; A— Foreign 18124; Masson & cie.
