2563 4368
1415 4041 100 48 528

492 529 51 52 ©
577 535 121 39 Mar.
730 535 67 46 18,
830 534 112 40 1932;
1004 536 66 39 2c.
1104 537 120 39 Mar.
1255 537 53 40 31;
1372 536 82 42 aff.
1488 537 111 48 Apr.
1629 539 54 42 4;
1719 539 38 39 A
1789 539 170 43 50525;
1997 540 160 40 Board
2190 540 50 40 of
2274 542 206 41 trustees

559 591 53 39 of
643 591 80 40 the
754 592 180 40 Leland
971 591 233 42 Stanford
1235 593 164 48 junior
1433 593 284 49 university,
1752 596 231 41 Stanford
2019 596 284 42 university.
2339 596 142 42 Calif.

569 646 249 49 (32-9948)

484 777 251 67 Thorek,
766 780 157 65 Max,
957 785 170 51 1880-

554 882 1924 73 Surgical errors and safeguards, by Max Thorek … with a
486 960 1993 76 foreword by Arthur Dean Bevan … 668 illustrations, many
483 1037 1971 147 colored. Philadelphia, Montreal [etc.] J. B. Lippincott company [ ᶜ1 932]
551 1199 935 52 xiii, 696 p. illus. (part col.) 27 ᶜᵐ.
551 1271 350 50 Bibliography
935 1276 51 38 at
1020 1275 91 39 end
1147 1274 52 40 of
1232 1275 118 40 each
1386 1275 213 49 chapter.

489 1341 51 52 ©
571 1346 110 40 Feb.
711 1346 41 43 2,
781 1346 113 41 1932;
954 1348 65 39 2c.
1052 1349 94 38 and
1177 1347 82 41 aff.
1291 1349 120 39 Mar.
1443 1347 54 40 24;
1558 1349 40 38 A
1627 1348 147 41 49342;
1832 1350 44 41 J.
1908 1350 53 39 B.
1994 1350 278 49 Lippincott
2301 1362 67 30 co.
565 1402 251 48 (32-9751)

481 1538 252 65 Thorne,
763 1537 210 57 Diana.

553 1641 159 53 Your
743 1642 139 68 dogs
911 1642 111 52 and
1053 1641 177 66 mine;
1262 1661 101 34 one
1393 1642 260 55 hundred
1684 1644 111 52 and
1828 1642 194 55 fifteen
2053 1662 108 50 pen
2191 1644 285 70 drawings

481 1719 110 52 and
640 1718 258 69 eighteen
946 1719 195 54 etched
1189 1720 274 68 portraits
1509 1721 138 52 with
1695 1725 137 62 text,
1878 1720 73 68 by
2000 1720 187 56 Diana
2233 1723 239 53 Thorne.

481 1797 135 52 New
651 1797 175 58 York,
858 1796 243 68 Minton,
1132 1796 178 54 Balch
1341 1799 45 50 &
1417 1815 295 50 company,
1746 1800 145 49 1932.

549 1882 86 40 115
667 1894 41 37 p.
742 1882 109 42 incl.
885 1883 163 47 front.,
1082 1883 128 41 illus.
1269 1884 55 41 31½ᶜᵐ.

487 1953 51 52 ©
575 1958 121 39 Mar.
730 1957 69 48 25,
835 1956 139 46 1932;
1012 1958 66 41 2c.
1115 1959 120 42 Mar.
1268 1958 83 46 31;
1389 1957 82 41 aff.
1507 1957 111 48 Apr.
1656 1959 51 41 7;
1746 1957 40 40 A
1820 1957 169 47 49504;
2029 1959 54 39 D.
2121 1959 204 48 Thorne,
2361 1962 115 39 New

553 2015 143 39 York.
767 2014 252 49 (32-9943)

479 2147 198 65 Train,
706 2148 232 54 Arthur
969 2148 257 65 Cheney,
1259 2149 169 54 1875-

547 2253 120 52 The
689 2257 228 63 strange
942 2251 217 54 attacks
1181 2270 70 34 on
1275 2251 250 53 Herbert
1546 2252 228 53 Hoover;
1830 2272 30 33 a
1885 2256 226 48 current
2134 2251 254 69 example
2411 2252 62 53 of

479 2330 153 53 what
668 2349 80 34 we
785 2329 72 52 do
889 2335 58 47 to
983 2347 102 34 our
1121 2328 333 69 presidents,
1488 2329 73 68 by
1598 2328 222 53 Arthur
1856 2328 192 53 Train.
2123 2329 134 51 New
2298 2329 173 67 York,

477 2407 1005 68 The John Day company [ ᶜ1 932]
546 2491 431 49 3 p. l., 51 p. 19½ᶜᵐ.
548 2563 130 40 “The
706 2565 193 46 greater
926 2565 111 45 part
1065 2562 50 40 of
1144 2563 82 40 the
1253 2564 221 39 contents
1502 2563 52 40 of
1581 2563 98 41 this
1705 2563 122 40 book
1856 2565 242 47 appeared
2128 2562 258 50 originally
2416 2575 52 30 as

476 2631 63 29 an
569 2620 171 42 article
771 2620 49 39 in
853 2618 246 43 Colliers.”

485 2690 51 52 ©
569 2696 121 37 Mar.
724 2693 68 47 10,
825 2692 112 41 1932;
999 2693 67 40 2c.
1099 2693 93 39 and
1227 2691 82 41 aff.
1342 2693 122 39 Mar.
1498 2691 82 47 25;
1615 2691 40 39 A
1687 2690 171 48 49469;
1894 2691 52 40 A.
1982 2691 164 49 Train,
2180 2693 117 39 New
2330 2691 139 42 York.

561 2750 249 48 (32-9940)

478 2885 129 52 Van
636 2884 202 64 Tuyle,
865 2884 163 63 Bert,
1059 2901 178 49 comp.

547 2967 1918 72 Van Tuyle system of information … compiled and published
477 3045 1987 73 by Bert Van Tuyle (the original Van Durk) … Hollywood,
477 3126 396 68 Calif., ᶜ1 932.
543 3210 557 50 3 p. l., 263, [3] p. 23½ ᶜᵐ.
546 3281 72 41 On
651 3292 140 29 cover
808 3291 9 29 :
854 3279 288 44 California.

544 3338 159 40 Blank
733 3347 146 39 pages
907 3337 79 40 for
1019 3336 423 40 “Memorandum”
1482 3336 82 49 ([3]
1598 3339 52 38 at
1680 3336 117 48 end)

483 3409 50 51 ©
576 3414 120 38 Mar.
736 3412 69 47 31,
846 3410 112 40 1932;
1028 3409 66 41 2c.
1135 3411 94 38 and
1269 3409 80 40 aff.
1392 3409 112 47 Apr.
1544 3409 25 38 4;
1638 3408 40 39 A
1718 3408 143 40 50522;
1930 3409 54 40 B.
2025 3409 105 39 Van
2170 3409 103 47 Tuyle.
2373 3408 88 38 Los

549 3468 217 48 Angeles.
837 3466 248 50 (32-9762)

478 3600 286 64 Webster,
796 3600 169 52 Edna
988 3598 185 55 Robb.

543 3688 261 67 Lipstick
836 3687 143 68 girl;
1016 3706 32 33 a
1083 3705 259 34 romance
1378 3686 64 53 of
1477 3706 30 32 a
1543 3686 149 52 little
1726 3686 226 67 beauty,
1986 3685 75 68 by
2096 3685 165 52 Edna
2299 3681 158 54 Robb

475 3762 1608 68 Webster … New York, Grosset & Dunlap [ ᶜ1 932]
541 3849 463 51 3 p. l., 309 p. 19½ᶜᵐ.
481 3918 51 52 ©
561 3923 112 47 Apr.
703 3922 68 47 12,
802 3921 112 42 1932;
972 3922 67 43 2c.
1070 3924 94 40 and
1194 3920 79 40 aff.
1306 3921 112 48 Apr.
1449 3920 54 39 24;
1564 3920 39 39 A
1632 3919 144 41 49532;
1838 3919 197 41 Grosset
2066 3919 36 40 &
2133 3916 206 47 Dunlap,
2370 3915 86 40 inc.

557 3978 250 46 (32-9884)
