2563 4368
1362 4019 100 52 326

470 490 326 49 “Principaux
827 501 236 38 ouvrages
1093 489 259 49 consultés,
1383 490 234 41 Archives
1648 491 58 40 de
1734 490 47 40 la
1813 499 173 39 guerre
2027 486 366 50 (Ministère)”:

397 560 43 38 p.
475 548 249 51 [261]-262.

404 613 1992 118 © Nov. 1, 1931; 1c. Dec. 28; A— Foreign 15070; Éditions Berger-Le-vrault. (32-7216)
406 786 268 64 Géorgie,
702 784 201 65 Leyla.

472 863 123 52 The
632 860 428 54 establishment
1095 860 65 53 of
1196 862 266 51 Madame
1500 859 274 69 Antonia,
1810 860 76 68 by
1920 858 178 69 Leyla
2137 857 260 70 Georgie.

403 938 1036 69 New York, Liveright, inc. [ ᶜ1 932]
473 1013 87 41 349
590 1024 43 38 p.
693 1011 56 41 19½ᶜᵐ.

411 1079 51 52 ©
497 1084 110 41 Feb.
700 1115 8 15 11,
741 1081 139 48 1932;
913 1082 67 41 2c.
1015 1084 121 39 Mar.
1170 1083 80 44 14;
1286 1080 82 41 aff.
1403 1082 120 39 Mar.
1559 1079 80 49 12;
1675 1081 39 38 A
1745 1079 171 48 49096;
1955 1081 49 40 L.
2039 1078 214 50 Géorgie,
2288 1079 115 41 New

477 1140 144 40 York.
693 1139 250 49 (32-6661)

407 1243 201 65 Gibbs,
635 1242 304 66 Angelica.

475 1317 1927 70 Murder between drinks, by Angelica Gibbs … New York,
404 1399 90 55 W.
519 1399 252 52 Morrow
797 1402 46 50 &
868 1415 295 50 company,
1192 1400 149 50 1932.

475 1469 461 51 3 p. l., 266 p. 19½ᶜᵐ.
413 1537 51 52 ©
502 1543 119 39 Mar.
658 1541 68 42 10.
763 1540 139 48 1932;
939 1541 68 42 2c.
1044 1543 121 40 Mar.
1200 1541 53 39 12;
1319 1540 80 41 aff.
1439 1541 120 40 Mar.
1596 1542 82 47 14;
1717 1542 38 37 A
1790 1540 171 43 48931;
1999 1541 55 40 A.
2092 1539 160 48 Gibbs,
2290 1540 116 39 New

480 1599 143 39 York.
695 1599 250 49 (32-6662)

410 1699 234 67 Gillum,
674 1703 140 51 Mrs.
846 1700 150 54 Lulu
1026 1701 307 56 Williams.

476 1778 1930 68 Home economics programs, by Lulu W. Gillum … 3d ed.,
409 1873 112 35 rev.
596 1856 226 53 Kansas
860 1854 153 71 City,
1047 1857 134 66 Mo.,
1217 1857 122 51 The
1377 1855 221 56 Gillum
1631 1856 148 53 book
1814 1872 297 51 company,
2150 1859 150 50 1931.

481 1928 697 49 380 p. front. (port.) 20½ᶜᵐ.
482 1985 233 42 Contains
743 1985 392 48 bibliographies.

416 2052 51 52 ©
500 2056 110 41 Dec.
643 2059 38 45 1,
714 2055 113 41 1931;
889 2056 67 41 2c.
992 2056 108 42 Feb.
1134 2057 38 48 5,
1206 2055 113 41 1932;
1382 2056 81 41 aff.
1499 2058 122 38 Mar.
1653 2057 26 38 4;
1742 2057 40 38 A
1814 2056 146 41 48796;
2022 2056 49 38 L.
2106 2056 70 41 W.
2213 2054 194 42 Gillum,

484 2114 194 39 Kansas
711 2113 124 48 City,
868 2115 91 38 Mo.
1031 2113 250 49 (32-6770)

414 2215 262 64 Gliglois.

482 2289 263 69 Gliglois,
777 2310 30 34 a
838 2290 222 54 French
1089 2290 322 54 Arthurian
1439 2308 261 36 romance
1729 2290 62 55 of
1820 2290 96 53 the
1945 2289 312 55 thirteenth
412 2307 1969 129 century,

590 2365 1756 71 edited with an introduction by Charles H. Livingston …
413 2443 360 69 Cambridge,
811 2444 273 55 Harvard
1122 2441 315 71 university
1476 2462 172 50 press,
1689 2447 150 50 1932.

480 2515 1927 52 viii p., 2 l., [3]-182 p. 23½ᶜᵐ. (Half-title: Harvard studies in Romance
410 2571 641 48 languages … vol. VIII)
483 2629 177 40 Edited
690 2628 128 40 from
852 2629 82 41 the
966 2628 281 40 documents
1279 2638 108 30 now
1419 2629 50 40 in
1500 2630 83 40 the
1617 2629 227 41 Widener
1875 2629 187 49 library
2094 2630 53 41 of
2177 2630 230 40 Harvard

413 2685 286 48 university.
764 2685 156 39 These
958 2685 295 47 documents,
1294 2686 82 39 the
1415 2685 135 40 work
1586 2685 52 41 of
1674 2685 254 41 Wendelin
1966 2686 228 40 Foerster
2230 2687 96 40 and
2362 2686 45 43 J.

415 2742 188 47 Müller,
638 2751 83 30 are
755 2740 159 49 copies
947 2741 97 39 and
1078 2740 257 41 collations
1369 2741 54 40 of
1455 2741 117 42 “Ms.
1606 2741 51 41 L.
1745 2773 10 10 IV.
1787 2741 85 41 33”
1918 2742 171 48 (burnt
2123 2742 50 40 in
2205 2744 83 39 the
2320 2742 87 40 fire

414 2803 52 41 of
496 2798 139 47 1904)
675 2797 54 41 of
757 2797 83 41 the
869 2797 231 40 National
1131 2796 185 48 library
1346 2797 53 40 of
1427 2797 167 49 Turin,
1627 2798 97 40 and
1755 2808 126 30 were
1913 2799 141 40 made
2084 2799 153 40 under
412 2798 1981 103 Foerster’s
582 2853 251 47 direction.

421 2928 51 52 ©
500 2932 109 40 Feb.
634 2928 68 43 27,
729 2926 113 40 1932;
895 2925 68 41 2c.
988 2927 122 41 Mar.
1134 2925 27 40 3;
1217 2924 81 41 aff.
1325 2926 122 40 Mar.
1472 2926 27 38 4;
1553 2926 40 38 A
1618 2925 144 40 48814;
1818 2926 256 41 President
2099 2927 96 39 and
2221 2926 189 40 fellows

489 2988 50 39 of
570 2984 227 44 Harvard
828 2984 191 46 college,
1052 2982 299 49 Cambridge,
1385 2983 145 39 Mass.
1601 2981 251 51 (32-6790)

419 3088 268 66 Golding,
719 3085 197 65 Louis,
951 3089 171 51 1895-

489 3165 296 70 Magnolia
820 3166 189 62 street,
1042 3159 77 71 by
1154 3160 174 54 Louis
1365 3159 272 71 Golding.
1711 3162 138 52 New
1887 3161 181 69 York,
2104 3162 218 53 Farrar
2355 3164 53 51 &

420 3238 942 73 Rinehart, incorporated [ ᶜ1 932]
486 3313 493 50 4 p. l., 3-526 p. 21ᶜᵐ.
424 3383 51 52 ©
508 3389 119 38 Mar.
661 3388 67 46 10,
760 3387 140 42 1932;
933 3388 66 38 2c.
1033 3388 119 38 Mar.
1186 3382 80 47 12;
1301 3383 81 40 aff.
1417 3384 120 39 Mar.
1569 3384 80 45 11;
1682 3383 38 38 A
1752 3382 171 49 49072;
1958 3385 49 39 L.
2043 3383 217 48 Golding,
491 3383 1902 101 London.
669 3443 250 49 (32-6524)

422 3546 251 65 Gordon,
702 3547 158 55 Saul.

489 3619 277 55 Gordon’s
800 3621 305 54 annotated
1139 3621 176 52 forms
1348 3616 64 52 of
1444 3616 164 69 wills,
1640 3616 297 68 including
1968 3617 115 52 also
2118 3616 177 54 forms
421 3634 1964 130 relating

643 3692 1765 73 to wills and estates, by Saul Gordon … New York,
420 3773 445 60 Prentice-Hall,
900 3772 125 67 inc.,
1063 3775 147 50 1932.

487 3844 711 49 3 p. l., v-xlviii, 606 p. 23½ᶜᵐ.
427 3899 51 51 ©
502 3904 110 39 Jan.
634 3904 40 46 4,
700 3902 112 41 1932;
866 3905 66 38 2c.
959 3903 110 40 Feb.
1092 3902 56 40 25;
1202 3903 82 40 aff.
1310 3903 109 40 Jan.
1444 3898 55 40 23;
1555 3900 39 37 A
1618 3898 144 41 48652;
1821 3899 42 40 S.
1892 3899 206 49 Gordon,
2125 3900 115 38 New
2266 3898 142 39 York.

504 3959 250 50 (32-6789)
