2563 4368
1030 4068 131 52 1609

114 430 242 67 Adams,
386 433 217 64 Harry,
636 433 171 54 1876-

184 509 194 67 Beyond
461 508 93 54 the
595 508 217 53 barrier
853 507 138 55 with
1035 507 189 69 Byrd;
1269 526 70 34 an
1384 507 288 54 authentic
1713 512 155 65 story
1908 508 63 53 of
2012 509 95 52 the

116 585 158 68 Byrd
321 585 298 54 Antarctic
664 584 302 69 exploring
1010 582 344 71 expedition,
1401 585 75 67 by
1522 584 341 55 Lieutenant
1908 585 198 69 Harry

115 659 1989 71 Adams … with an introduction by the editor. Chicago, New
113 738 1296 67 York, M. A. Donohue & company [ ᶜ19 32 ]
179 808 1340 50 xvi p., 1 l., 19-253 p. front., plates, port. 22½ᶜᵐ.
117 865 51 52 ©
199 869 127 48 Sept.
352 870 56 38 30,
507 869 55 39 1932;
618 869 67 40 2c.
715 870 93 39 and
835 869 81 40 aff.
946 869 99 40 Oct.
1077 870 54 38 17;
1188 869 40 38 A
1256 868 142 40 56499;
1458 871 63 40 M.
1550 870 52 40 A.
1633 870 234 39 Donohue
1895 871 36 39 &
1958 880 67 29 co.

194 925 277 48 (32-30764)

110 1001 243 64 Adams,
380 1001 254 55 William
663 1002 239 56 Forbes.

181 1077 231 54 Ireland
441 1078 113 54 and
584 1077 151 53 Irish
765 1077 338 69 emigration
1132 1086 56 46 to
1218 1079 95 52 the
1342 1097 119 33 new
1492 1078 180 53 world
1703 1078 149 52 from
1885 1081 132 49 1815
2048 1085 56 46 to

112 1154 1992 69 the famine, by William Forbes Adams … New Haven, Yale
111 1231 312 69 university
450 1250 153 49 press;
660 1232 255 69 London,
945 1233 73 52 H.
1045 1230 263 68 Milford,
1338 1231 228 54 Oxford
1593 1230 313 71 university
1934 1250 172 51 press,

112 1312 149 49 1932.

110 1379 1976 98 vii p., 1 l., 444 p. maps. 22½ᶜᵐ. (Half-title: Yale historical publications.
314 1436 297 50 Miscellany,
783 1437 14 48 XXIII)

181 1493 69 40 “A
274 1493 315 41 dissertation
614 1493 48 41 in
688 1494 181 48 partial
893 1493 263 42 fulfilment
1181 1495 52 40 of
1257 1496 81 39 the
1363 1495 349 48 requirements
1737 1496 51 41 of
1813 1497 81 40 the
108 1496 1978 94 Graduate

209 1551 162 40 school
395 1550 49 40 in
469 1551 119 39 Yale
611 1550 270 47 university
904 1551 79 39 for
1006 1552 80 39 the
1109 1552 171 47 degree
1304 1552 51 39 of
1378 1553 167 39 doctor
1569 1553 51 40 of
1643 1551 287 50 philosophy
1958 1551 143 52 [1929]

112 1606 138 42 Since
278 1608 110 39 that
417 1607 116 40 time
560 1607 39 40 it
629 1606 87 42 has
745 1608 117 39 been
891 1607 206 48 entirely
1128 1607 488 43 rewritten.”—Pref.

179 1663 440 48 “Bibliographical
652 1662 138 41 note”:
854 1675 44 37 p.
934 1663 247 51 [429]-438.

114 1720 51 52 ©
196 1724 101 40 Oct.
326 1725 39 44 4,
394 1723 113 41 1932;
566 1723 66 41 2c.
664 1723 101 40 Oct.
795 1724 25 39 7;
880 1723 81 40 aff.
991 1724 102 39 Oct.
1122 1724 26 39 6;
1207 1724 40 38 A
1277 1724 143 39 55472;
1480 1724 119 39 Yale
1629 1723 128 41 univ.
1788 1735 149 36 press.

191 1781 277 47 (32-30755)

108 1857 196 66 Adler,
333 1857 333 64 Lawrence,
698 1862 168 49 1886-

177 1933 182 52 Down
396 1933 92 53 the
524 1932 324 68 Dordogne,
884 1932 34 52 by
993 1933 299 52 Lawrence
1329 1932 194 53 Adler.
1597 1932 135 54 New
1775 1931 160 52 York
1972 1930 132 71 city,

109 2009 241 54 Duffield
380 2012 45 50 &
457 2010 180 54 Green
788 2013 84 64 [ᶜ1932]

176 2081 1286 50 xii p., 1 l., 100, [1] p. incl. front. plates. 24 ᶜᵐ .
177 2140 138 47 Maps
347 2149 60 30 on
439 2138 362 48 lining-papers.

113 2195 51 51 ©
194 2201 100 38 Oct.
324 2199 67 44 10,
422 2198 139 42 1932;
592 2200 67 37 2c.
688 2200 95 37 and
812 2197 80 40 aff.
924 2199 100 38 Oct.
1056 2197 79 41 12;
1168 2198 41 37 A
1238 2197 142 39 56449;
1440 2198 206 38 Duffield
1676 2203 35 38 &
1743 2198 168 39 Green.

190 2255 278 48 (32-30606)

107 2330 242 66 Akeley,
380 2332 134 54 Carl
543 2331 218 64 Ethan,
793 2335 325 49 1864-1926.

175 2408 190 68 Lions,
406 2408 235 68 gorillas
681 2409 112 52 and
834 2408 150 52 their
1022 2407 321 69 neighbors,
1382 2408 75 67 by
1496 2408 138 55 Carl
1673 2410 112 52 and
1825 2408 171 67 Mary
2034 2408 64 53 L.

104 2486 1925 68 Jobe Akeley … New York, Dodd, Mead & company, 1932.
175 2558 1482 50 xviii p., 1 l., 260 p. front., illus., plates, ports. 21 ᶜᵐ .
177 2618 287 40 Illustrated
493 2616 364 48 lining-papers.

176 2673 140 49 Mary
349 2674 50 40 L.
434 2674 119 39 Jobe
585 2674 181 47 Akeley
799 2674 90 39 has
921 2674 114 39 here
1068 2673 267 40 assembled
1371 2671 276 41 narratives
1681 2672 158 40 which
1871 2673 87 39 her
107 2673 1975 97 husband

266 2729 244 48 delighted
543 2732 49 38 to
626 2730 152 40 relate
813 2731 94 39 and
940 2730 164 39 others
1136 2729 235 49 compiled
1404 2729 129 40 from
1565 2730 76 41 his
1674 2729 112 41 field
1818 2733 151 45 notes,
2004 2731 94 40 and

106 2787 155 40 added
296 2787 227 48 chapters
556 2787 284 48 recounting
870 2787 127 48 joint
1030 2787 292 40 adventures
1356 2787 94 39 and
1484 2798 27 29 a
1547 2787 98 40 few
1678 2787 50 39 of
1762 2787 86 39 her
1882 2799 106 29 own
106 2799 1976 92 experiences.

424 2845 62 48 cf.
517 2845 130 42 Pref.

111 2899 51 52 ©
197 2904 100 40 Oct.
333 2904 67 47 14,
435 2902 138 47 1932;
610 2903 66 39 2c.
711 2904 95 38 and
841 2902 80 40 aff.
959 2902 100 41 Oct.
1093 2901 81 48 19;
1211 2902 40 38 A
1284 2901 170 47 56592;
1492 2903 140 47 Mary
1666 2903 51 38 L,
1753 2903 120 40 Jobe
1905 2903 195 46 Akeley,

178 2961 116 39 New
320 2960 143 40 York.
535 2959 278 48 (32-30653)

105 3034 186 64 Alter,
320 3036 52 53 J.
402 3034 170 66 Cecil,
603 3035 171 54 1879-

173 3113 176 67 Utah,
382 3113 94 52 the
509 3113 212 53 storied
755 3113 248 66 domain,
1038 3131 31 34 a
1103 3113 406 68 documentary
1543 3110 221 70 history
1797 3112 64 52 of
1895 3110 205 57 Utah’s

105 3189 256 54 eventful
400 3209 203 47 career,
642 3190 349 69 comprising
1028 3191 95 53 the
1160 3190 269 69 thrilling
1465 3195 157 64 story
1660 3190 64 53 of
1759 3191 102 52 her
1898 3191 200 67 people

106 3267 152 53 from
293 3268 94 52 the
423 3267 240 54 Indians
699 3268 64 53 of
798 3269 301 67 yesterday
1132 3273 59 48 to
1226 3268 95 54 the
1357 3268 413 55 industrialists
1807 3268 64 53 of
1908 3269 191 68 today,

104 3344 1970 148 by J. Cecil Alter … Utah biography (gratuitously published)
353 3421 1742 74 by special staff of writers … v. 1. Chicago and New
106 3502 178 67 York,
312 3503 120 52 The
460 3504 304 51 American
791 3501 296 54 historical
1110 3503 228 66 society,
1363 3504 126 67 inc.,
1520 3507 148 48 1932.

357 3575 1511 50 xxxv. 509 p. front., illus. (incl. maps) plates, ports. 26½ᶜᵐ.
110 3629 51 52 ©
188 3634 100 40 Oct.
313 3633 68 44 27,
407 3633 112 40 1932;
573 3633 67 40 2c.
667 3633 99 40 Oct.
793 3633 54 39 31;
904 3632 81 40 aff.
1012 3633 100 39 Oct.
1140 3632 55 40 29;
1249 3634 40 38 A
1314 3634 142 39 55754;
1512 3634 42 40 J.
1582 3634 49 40 C.
1657 3634 150 49 Alter,
1838 3635 104 40 Salt
1968 3635 132 39 Lake

176 3690 122 46 City.
370 3689 278 48 (32-30773)

104 3756 308 65 Althouse,
442 3757 257 53 Andrew
726 3757 71 55 D.

173 3831 1924 70 Modern storage battery practice, by A. D. Althouse … and
102 3908 1971 147 Carl H. Turnquist … Chicago. The Goodheart-Willcox company,
301 3987 124 67 inc.,
456 3989 149 50 1932.
