2563 4368
1416 4028 101 50 522

458 418 255 71 [Levine,
741 414 275 68 William]
1051 419 170 51 1881-

524 497 116 52 For
675 492 437 68 sale—murder,
1148 491 76 69 by
1259 490 144 55 Will
1439 489 296 54 Levinrew
1797 490 194 68 [pseud.]
2090 489 137 53 New
2270 489 179 70 York,

455 576 120 51 The
600 573 260 69 Mystery
887 571 215 68 league,
1130 569 126 68 inc.,
1286 569 150 52 1932.

522 659 87 41 288
644 669 43 38 p.
748 658 56 41 19½ᶜᵐ.

526 729 163 39 “First
717 728 199 40 edition.”

462 795 1878 108 © Apr. 7, 1932; 2c. and aff. Apr. 14; A 49535; Mystery league, inc. (32-9885)
458 959 240 66 Lowitz,
730 959 357 65 Sadyebeth.

521 1036 122 53 The
665 1036 181 53 cruise
868 1036 64 54 of
953 1036 112 53 Mr.
1088 1034 379 69 Christopher
1488 1034 329 68 Columbus,
1841 1053 32 34 a
1894 1035 180 66 really
2095 1035 158 66 truly
2275 1039 175 61 story,

454 1114 74 69 by
564 1114 324 68 Sadyebeth
921 1116 53 50 &
1009 1114 198 52 Anson
1244 1112 238 68 Lowitz,
1517 1112 140 54 with
1691 1112 381 53 illustrations
2106 1111 75 67 by
2214 1112 95 52 the
456 1113 1970 131 latter.
619 1191 139 53 New

790 1190 180 69 York,
996 1191 70 52 R.
1094 1191 165 67 Long
1288 1192 51 51 &
1369 1191 71 52 R.
1469 1190 71 52 R.
1571 1189 209 66 Smith,
1807 1190 128 65 inc.,
1969 1191 150 51 1932.

532 1261 918 53 [79] p. illus. (part, col.) 19 × 22 ᶜᵐ.
466 1331 50 52 ©
547 1335 113 48 Apr.
691 1337 39 45 8,
763 1333 112 41 1932;
936 1333 67 42 2c.
1035 1335 94 38 and
1162 1332 80 40 aff.
1276 1333 113 48 Apr.
1420 1333 27 38 9;
1510 1333 36 38 A
1578 1331 143 40 49465;
1783 1332 105 49 Kay
1922 1332 131 48 Long
2084 1333 36 39 &
2154 1332 211 41 Richard
2401 1334 50 38 R.

535 1392 170 47 Smith,
731 1392 89 40 inc.
891 1390 250 49 (32-9862)

463 1494 266 66 Machen,
759 1494 252 66 Arthur,
1043 1498 171 51 1863-

525 1571 54 52 A
615 1572 113 53 few
760 1572 195 52 letters
990 1570 154 54 from
1179 1571 225 53 Arthur
1437 1571 260 53 Machen.
1767 1571 329 65 Cleveland,
2129 1572 121 52 The
459 1573 1967 130 Rowfant

618 1650 147 66 club,
801 1651 151 51 1932.

527 1720 768 52 3 p. l., [5]-50, [1] p., 1 l. 21 ᶜᵐ.
532 1778 271 48 “Designed
840 1778 96 39 and
972 1779 194 48 printed
1204 1778 60 47 by
1301 1779 82 39 the
1421 1777 224 41 Artcraft
1681 1778 220 49 printing
1935 1789 234 38 company
2208 1779 52 40 of
462 1779 1976 104 Cleveland,

624 1846 88 30 one
742 1835 221 40 hundred
994 1837 198 45 seventy
1226 1834 200 48 copies.”
1486 1835 119 39 This
1635 1845 118 39 copy
1785 1838 85 37 not
1899 1836 276 40 numbered.

533 1891 190 42 Letters
751 1892 264 40 addressed
1044 1894 50 38 to
1123 1890 236 41 “Munson
1388 1891 212 48 Havens,
1627 1902 110 38 esq.,
1768 1890 274 50 Cleveland,
2072 1891 166 43 Ohio.”

468 1960 51 51 ©
550 1964 120 42 Mar.
699 1962 69 50 10,
798 1962 112 40 1932;
968 1962 67 41 2c.
1065 1964 94 37 and
1190 1961 81 41 aff.
1301 1962 113 47 Apr.
1444 1962 26 40 7;
1529 1960 39 40 A
1596 1960 145 40 49442;
1802 1961 233 42 Rowfant
2061 1964 120 39 club.
546 2020 249 48 (32-9872)

464 2121 241 66 Martin,
736 2121 247 56 Charles
1009 2122 305 64 Emanuel,
1345 2126 171 51 1892-

531 2199 121 52 The
677 2198 342 52 Permanent
1044 2203 159 46 court
1229 2197 63 52 of
1318 2197 404 53 international
1750 2196 200 67 justice
1977 2196 110 52 and
2116 2197 253 65 question
2396 2195 61 51 of

462 2270 1970 151 American adhesion, by Charles E. Martin … Stanford University,
720 2351 193 69 Calif.,
943 2351 281 54 Stanford
1251 2350 315 70 university
1595 2368 183 51 press;
1808 2350 256 69 London,
2090 2350 74 53 H.
2196 2348 260 70 Milford,

465 2428 228 54 Oxford
727 2429 315 69 university
1076 2446 173 51 press,
1284 2431 148 51 1932.

533 2500 239 49 48 p. 23 ᶜᵐ.
471 2571 51 51 ©
549 2575 120 39 Mar.
696 2574 70 46 30,
793 2574 113 40 1932;
961 2574 67 40 2c.
1055 2575 112 46 Apr.
1196 2574 29 39 6;
1277 2573 83 40 aff.
1386 2573 112 48 Apr.
1527 2575 24 39 7;
1609 2574 39 38 A
1674 2572 144 42 49447;
1877 2574 47 40 C.
1954 2575 50 38 E.
2036 2573 196 48 Martin,
2263 2574 134 40 Seattle.
549 2630 249 49 (32-9949)

468 2732 333 66 Mathiews,
831 2733 282 54 Franklin
1141 2734 91 64 K.,
1261 2735 83 53 ed.

535 2809 222 69 Laugh,
790 2809 127 70 boy,
950 2811 177 67 laugh
1146 2810 11 52 !
1232 2810 57 52 A
1320 2810 147 53 book
1500 2810 66 53 of
1599 2812 307 52 humorous
1940 2810 201 54 stories
2177 2811 93 53 for
2304 2811 153 68 boys,

467 2887 1989 71 edited by Franklin K. Mathiews … profusely illustrated by
468 2964 1927 71 Enos B. Comstock, Henry Pitz, Dan Beard [and others] …
469 3042 301 67 published
810 3042 141 52 with
989 3042 98 53 the
1123 3043 280 67 approval
1443 3042 64 54 of
1544 3045 96 51 the
1680 3044 126 68 Boy
1846 3049 186 48 scouts
2073 3044 65 53 of
2177 3043 280 54 America.

468 3118 1182 71 New York, Grosset & Dunlap [ ᶜ1 932]
539 3191 662 49 192 p. front., illus. 26 ᶜᵐ.
476 3259 51 51 ©
558 3265 110 46 Apr.
700 3263 67 46 12,
799 3263 139 48 1932;
970 3264 195 42 2c.
970 3264 195 42 and
1193 3264 81 41 aff.
1305 3265 113 47 Apr.
1450 3266 81 46 14;
1564 3266 39 38 A
1631 3265 171 47 49534;
1836 3266 197 41 Grosset
2065 3267 39 39 &
2131 3266 208 47 Dunlap,
2371 3266 85 38 inc.

545 3316 69 53 [©
637 3320 345 49 introduction]
1055 3320 249 50 (32-9888)

472 3422 187 64 Meek,
688 3422 244 55 Sterner
961 3424 87 54 St.
1077 3424 163 64 Paul,
1272 3430 171 49 1894-

541 3498 201 68 Jerry;
783 3499 95 52 the
918 3499 339 53 adventures
1295 3500 64 52 of
1399 3520 72 33 an
1512 3519 162 51 army
1715 3502 131 69 dog,
1884 3502 76 68 by
2002 3500 249 70 Captain
2295 3502 56 55 S.
2391 3502 63 52 P.

472 3575 192 67 Meek;
709 3576 324 53 illustrated
1073 3576 76 68 by
1193 3575 234 56 Clinton
1471 3577 247 54 Balmer.
1797 3579 139 53 New
1981 3578 180 69 York,
2203 3579 253 67 London,

472 3651 753 69 The Century co. [ ᶜ1 932]
543 3722 1153 52 xi, 235 p. incl. illus., plates. 20 ᶜᵐ. $2.00
545 3779 285 41 Illustrated
861 3780 359 48 lining-papers.

543 3834 163 41 “First
734 3835 259 49 printing.”

480 3900 51 51 ©
561 3905 112 47 Apr.
702 3907 38 45 7,
771 3906 138 48 1932;
940 3907 67 42 2c.
1036 3909 93 38 and
1159 3908 81 41 aff.
1270 3909 113 47 Apr.
1413 3908 52 48 9;
1497 3909 39 40 A
1565 3909 170 47 49456;
1769 3910 212 49 Century
2011 3922 67 29 co.
557 3961 249 47 (32-9671)
