2563 4368
1047 4022 97 53 187

87 429 221 63 Ogden,
338 429 205 61 Henry
571 426 352 63 Alexander,
955 429 169 49 1856-

162 504 219 68 George
422 502 401 68 Washington,
863 519 31 33 a
935 499 147 54 book
1123 498 94 54 for
1256 516 194 52 young
1492 497 219 68 people,
1753 496 249 68 pictures
2042 498 46 50 &

92 587 119 47 text
237 582 73 67 by
339 581 76 51 H.
445 580 69 51 A.
545 578 232 69 Ogden;
808 578 139 52 with
977 596 31 33 a
1040 575 286 53 foreword
1355 575 74 69 by
1460 573 286 54 Harrison
1776 573 78 53 H.
1884 573 203 69 Dodge

153 653 1490 69 … New York & London, The Century co. [ ᶜ1 932]
159 722 1643 55 4 p. l ., xi-xvi, 153 p. front., illus., plates. 21½ ᶜᵐ . $2.50
162 786 283 40 Illustrated
477 785 357 46 lining-papers.

161 842 162 41 “First
349 840 261 50 printing.”

99 909 51 52 ©
185 915 105 38 Feb.
323 913 54 40 10,
480 914 55 37 1932;
596 914 66 38 2c.
694 913 94 38 and
821 911 81 43 aff.
935 911 108 40 Feb.
1077 909 54 40 19;
1193 911 38 38 A
1262 910 170 46 47718;
1468 909 212 47 Century
1713 919 66 29 co.

176 971 249 46 (32-4737)

87 1073 221 63 Ogden,
338 1074 201 53 James
569 1072 276 63 Matlock,
880 1073 170 53 1870-

162 1150 236 52 Manual
437 1149 63 53 of
535 1155 161 49 court
732 1149 248 67 practice
1016 1148 140 53 with
1195 1148 149 53 rules
1380 1148 113 52 and
1532 1147 181 52 forms
1751 1147 96 51 for
1879 1146 78 53 all
94 1147 1970 133 Indiana
309 1233 203 50 courts,

93 1224 1972 147 by James Matlock Ogden … 2d ed. Indianapolis, The Bobbs-Merrill company [ᶜ1932]
162 1377 559 49 xviii, 1202 p. 26½ ᶜᵐ .
101 1446 51 52 ©
183 1451 107 38 Jan.
323 1451 67 41 11,
422 1450 111 38 1932;
593 1450 66 39 2c.
689 1450 94 39 and
814 1449 81 40 aff.
929 1449 107 38 Feb.
1070 1447 80 48 10;
1183 1448 40 39 A
1252 1448 144 39 47537;
1458 1445 367 41 Bobbs-Merrill
1857 1456 67 29 co.

177 1506 249 49 (32-4619)

90 1612 249 63 O’Hara,
370 1610 174 65 Eliot,
578 1616 169 49 1890-

162 1687 243 67 Making
431 1688 330 51 watercolor
786 1688 239 65 behave;
1056 1687 139 52 with
1221 1693 111 47 two
1358 1685 434 69 reproductions
1816 1685 64 53 of
96 1685 1975 148 paintings

257 1766 112 51 and
405 1771 346 61 twenty-one
787 1765 394 67 photographs
1217 1763 456 68 demonstrating
1707 1763 178 53 brush
1921 1762 175 69 work,

95 1843 32 52 by
217 1842 157 53 Eliot
425 1842 251 55 O’Hara.
762 1844 137 51 New
951 1842 179 67 York,
1178 1842 246 68 Minton,
1474 1842 181 52 Balch
1703 1843 47 52 &
1796 1858 300 52 company,

96 1924 149 49 1932.

166 1994 1288 48 90 p. col. front., XXII pl. on 12 l., diagr. 21 ᶜᵐ .
168 2052 69 39 “A
263 2051 180 48 partial
473 2050 335 49 bibliography
837 2050 52 40 of
917 2051 160 39 useful
1106 2050 147 40 books
1279 2050 80 39 for
1386 2051 82 39 the
1496 2049 383 41 watercolorist”
1898 2061 10 29 :
1937 2061 45 37 p.
95 2050 1999 99 89-90.

104 2175 51 50 ©
183 2180 108 39 Jan.
321 2178 56 39 29,
477 2179 54 38 1932;
590 2179 66 39 2c.
687 2178 110 40 Feb.
827 2178 52 47 3;
911 2177 82 40 aff.
1024 2178 109 40 Feb.
1164 2178 52 46 5;
1248 2179 40 38 A
1314 2177 172 48 47439;
1519 2180 52 37 E.
1604 2178 208 47 O’Hara,
169 2177 1910 97 Washington.
336 2235 249 47 (32-4643)

92 2339 326 53 Oklahoma
452 2340 186 66 digest
671 2343 112 51 and
817 2343 210 50 statute
1059 2338 238 66 service;
1335 2361 31 33 a
1400 2339 210 55 service
1644 2340 183 54 which
166 2341 1901 128 supplements

382 2418 97 51 the
511 2416 185 67 digest
730 2419 113 52 and
880 2422 211 48 statute
1128 2417 380 53 annotations.
1583 2420 144 51 Part
1784 2419 128 51 I—A
168 2436 1901 125 complete
352 2493 186 68 digest

571 2493 63 53 of
667 2495 95 52 the
796 2500 229 47 current
1059 2494 322 55 Oklahoma
1415 2513 179 48 cases;
1632 2501 133 61 part
1846 2496 247 53 II—Notes

170 2571 1921 56 to constitutions, revised statutes and session laws … 1931
171 2652 209 50 annual
414 2652 238 51 volume.
727 2651 419 67 Indianapolis,
1180 2651 121 53 The
1335 2651 445 54 Bobbs-Merrill
1814 2671 278 51 company

174 2732 192 63 [ᶜ1931]

171 2803 537 47 1 p. l ., 627 p. 26 ᶜᵐ .
104 2858 195 40 Editor:
335 2858 125 42 1931,
498 2860 53 40 D.
589 2860 65 39 W.
692 2859 224 41 Crockett
952 2862 92 38 and
1081 2861 80 39 the
1195 2861 275 47 publishers
1503 2861 224 40 editorial
1763 2861 131 41 staff.

106 2924 51 52 ©
192 2929 108 39 Jan.
336 2930 53 38 15,
496 2930 54 38 1932;
614 2931 66 40 2c.
715 2932 94 38 and
845 2931 82 39 aff.
964 2931 107 38 Feb.
1109 2931 57 39 10;
1227 2932 37 38 A
1299 2931 171 47 47535;
1509 2932 366 40 Bobbs-Merrill
1913 2943 66 30 co.

183 2986 248 47 (32-4620)

95 3089 156 64 Olds,
281 3091 184 52 Helen
493 3092 190 55 Diehl.

168 3163 252 56 Barbara
458 3166 240 67 Benton,
732 3167 202 67 editor,
967 3168 74 68 by
1077 3168 183 53 Helen
1298 3168 168 54 Diehl
1505 3167 171 68 Olds;
1716 3167 377 56 illustrations

98 3241 70 68 by
199 3241 168 52 Decie
396 3242 255 54 Merwin.
720 3245 133 52 New
891 3245 175 66 York,
1095 3245 256 67 London,
1381 3246 68 51 D.
1482 3247 291 67 Appleton
1804 3249 112 52 and
97 3265 1969 121 company,
298 3322 147 52 1932.

169 3393 1041 50 5 p. l., 262, [1] p. front., illus. 19½ ᶜᵐ .
107 3445 51 52 ©
188 3451 109 41 Feb.
326 3452 53 37 19,
478 3452 54 38 1932;
589 3452 65 40 2c.
685 3455 93 37 and
807 3453 81 40 aff.
919 3453 107 39 Feb.
1056 3454 82 46 23;
1169 3455 39 38 A
1235 3454 172 48 47759;
1438 3456 59 40 H.
1529 3455 53 40 D.
1615 3455 130 47 Olds,
1775 3455 150 41 Little
1951 3457 146 40 Neck.

176 3508 131 44 Long
340 3509 178 41 Island.
555 3509 53 38 N.
645 3511 51 37 Y.
768 3509 250 49 (32-4754)

99 3612 228 53 Palacio
359 3612 231 66 Valdés,
623 3614 320 65 Armando,
977 3621 169 49 1853-

229 3690 1734 69 … José, edited, with introduction, notes, exercises, and
99 3710 1992 126 vocabulary, by Joseph W. Barlow … illustrations by F. Marco.
100 3838 134 53 New
265 3840 176 65 York,
470 3840 445 70 Prentice-Hall,
944 3846 126 57 inc.,
1100 3848 148 50 1932.

172 3912 1140 53 xxi, 319 p. incl. front. (port.) illus. 19 ᶜᵐ .
