2563 4368
1436 4026 101 50 184

552 498 495 50 xviii, 483 p. 26 ᶜᵐ .
554 555 397 49 “Incorporation
987 555 52 40 of
1072 565 28 30 a
1138 554 272 42 Wisconsin
1445 554 308 48 corporation
1799 554 259 49 (Diagram
2092 555 62 48 by
2189 556 136 40 Dean

483 557 1972 97 Williams
657 614 52 40 of
738 613 81 40 the
853 613 279 47 Marquette
1157 613 96 39 law
1283 611 161 40 school
1545 610 52 50 …)”
1629 622 59 29 on
1719 611 136 42 front
1886 610 337 51 lining-paper.

488 681 51 51 ©
571 685 110 40 Feb.
712 686 68 46 11,
810 683 113 41 1932
941 695 9 36 ;
982 683 67 40 2c.
1080 685 94 38 and
1205 695 82 29 aff.
1319 683 109 40 Feb.
1459 683 82 47 15;
1572 683 42 39 A
1641 681 171 49 47628;
1848 683 269 49 Callaghan
2149 683 37 41 &
2214 694 67 30 co.

565 741 249 47 (32-4618)

479 844 288 64 Hertzler,
796 843 233 53 Arthur
1057 843 304 64 Emanuel,
1393 844 171 53 1870-

615 917 1861 71 … Surgical pathology of the female generative organs,
482 995 1995 72 by Arthur E. Hertzler … 285 illustrations. Philadelphia,
484 1072 1848 71 Montreal and London, J. B. Lippincott company [ ᶜ1 932]
481 1145 1978 108 xxi, 346 p. illus. 25 ᶜᵐ . (Hertzler’s monographs on surgical pathology)
555 1259 334 42 “Literature”
917 1262 52 38 at
991 1260 93 40 end
1108 1259 54 40 of
1184 1259 119 40 each
1325 1259 215 47 chapter.

491 1328 51 52 ©
569 1333 110 41 Jan.
706 1331 68 47 27,
804 1330 113 41 1932
935 1342 8 35 ;
974 1330 66 41 2c.
1069 1332 96 38 and
1193 1330 79 40 aff.
1304 1330 108 40 Feb.
1441 1331 52 46 2;
1525 1330 40 39 A
1591 1330 171 47 48246;
1793 1331 53 39 A.
1878 1332 50 38 E.
1959 1330 238 49 Hertzler,
2225 1330 254 48 Halstead,

558 1389 124 42 Kan.
752 1388 250 49 (32-4727)

482 1493 289 64 Hilscher,
799 1493 271 54 Solomon
1098 1492 57 55 S.

556 1566 1923 73 Beyond gates of gold, by Solomon S. Hilscher … New
488 1646 1824 69 York, Chicago [etc.] Fleming H. Revell company [ ᶜ1 932]
555 1724 25 39 3
611 1734 30 37 p.
685 1721 15 39 1
758 1721 144 41 9-192
933 1732 41 40 p.

493 1776 1879 51 © Jan. 30, 1932 ; 2c. and aff. Feb. 3 ; A 47361 ; Fleming H. Revell co.
570 1835 251 49 (32-4552)

485 1940 218 64 Hilton,
731 1940 220 64 James,
983 1943 170 50 1900-

559 2017 135 52 And
722 2035 127 33 now
877 2015 299 69 good-bye,
1204 2014 75 69 by
1307 2015 194 53 James
1530 2014 224 53 Hilton.
1829 2015 138 53 New
1999 2014 179 68 York,
2207 2013 88 55 W.

488 2013 1968 134 Morrow
632 2098 51 49 &
714 2113 98 48 co.,
845 2096 150 51 1932.

559 2167 853 51 278 p. 1 illus. (music) 19½ ᶜᵐ .
495 2222 51 51 ©
577 2225 110 40 Feb.
717 2225 68 47 18,
815 2224 140 47 1932;
987 2225 66 39 2c.
1085 2225 95 38 and
1210 2224 80 39 aff.
1321 2224 109 38 Feb.
1461 2224 82 46 20;
1576 2224 40 38 A
1645 2224 170 46 48588;
1847 2223 217 41 William
2095 2225 209 38 Morrow
2333 2224 37 39 &
2399 2232 81 35 co.,

561 2282 89 40 inc.
723 2281 249 49 (32-4633)

484 2386 200 63 Hoult,
716 2384 223 57 Norah.

558 2462 376 68 Apartments
958 2467 58 47 to
1042 2461 94 66 let,
1162 2478 31 34 a
1220 2461 165 51 novel
1411 2461 75 67 by
1512 2460 196 53 Norah
1735 2460 201 52 Hoult.
2012 2460 138 53 New
2179 2458 162 54 York
2368 2459 113 53 and

491 2541 254 67 London,
775 2540 234 67 Harper
1039 2541 46 50 &
1114 2539 277 67 brothers,
1424 2541 150 51 1932.

559 2612 567 50 3 p. l., 313 p. 19½ ᶜᵐ .
561 2671 161 40 “First
753 2670 224 41 edition.”

498 2723 51 52 ©
579 2728 109 40 Feb.
716 2729 68 45 17,
815 2725 139 48 1932;
985 2726 67 41 2c.
1081 2726 110 40 Feb.
1222 2726 80 46 17;
1334 2725 81 41 aff.
1446 2726 110 40 Feb.
1587 2724 81 48 19;
1701 2726 40 39 A
1768 2726 170 47 47725;

1971 2727 165 39 Norah
2166 2726 166 48 Hoult,
563 2727 1902 97 London.
740 2783 249 49 (32-4558)

487 2889 207 63 Hurst,
726 2887 169 56 Vida.

562 2961 1920 71 Honeymoon limited, by Vida Hurst … New York, Grosset
490 3042 534 67 & Dunlap [ ᶜ1 932]
561 3114 453 50 iv, 220 p. 19½ ᶜᵐ .
499 3168 50 51 ©
581 3172 110 41 Feb.
722 3174 67 40 17,
820 3171 139 43 1932;
992 3171 65 39 2c.
1090 3172 93 39 and
1216 3170 81 44 aff.
1329 3171 108 41 Feb.
1468 3171 81 44 19;
1584 3172 37 39 A
1652 3171 170 48 47730;
1857 3172 200 39 Grosset
2086 3171 35 40 &
2153 3171 208 47 Dunlap,
2392 3171 89 39 inc.

576 3228 248 50 (32-4639)

489 3332 184 62 Hyde,
701 3331 218 53 Melvin
948 3332 263 62 Watson,
1245 3337 168 48 1905-

562 3407 319 55 Standards
908 3408 93 52 for
1025 3407 280 68 publicity
1332 3426 298 49 programs
1654 3409 58 52 in
1737 3409 483 66 state-supported
2245 3408 238 67 colleges

492 3486 111 51 and
641 3485 376 67 universities,
1054 3485 230 52 derived
1326 3484 150 54 from
1514 3487 94 52 the
1646 3485 373 54 institution’s
2056 3485 427 68 responsibility

494 3561 1962 131 for reporting to its constituents, by Melvin W. Hyde … Published
722 3639 139 52 with
908 3640 95 52 the
1050 3638 277 67 approval
1375 3638 64 53 of
1484 3639 300 54 Professor
1830 3640 247 53 Thomas
2125 3640 66 52 E.
2241 3641 243 66 Benner,

491 3732 252 49 sponsor.
815 3716 137 52 New
988 3715 161 51 York
1183 3715 133 67 city,
1351 3716 276 53 Teachers
1663 3716 226 67 college,
1926 3714 298 55 Columbia
491 3716 1967 143 university,
659 3795 149 50 1931.

562 3863 1919 50 viii, 80 p. diagrs. 23½ ᶜᵐ . (Teachers college, Columbia university.
495 3919 364 42 Contributions
890 3922 47 38 to
967 3920 269 48 education,
1267 3931 74 31 no.
1372 3920 109 48 506)
