2563 4368
1325 4077 132 49 1928

445 527 753 51 5 p. l., 59 p. 1 illus. 20 ᶜᵐ .
446 586 136 40 “Gift
619 583 227 43 edition.”

381 639 51 52 ©
463 644 110 39 Dec.
603 643 69 47 22,
703 642 112 40 1932
834 653 8 36 ;
874 641 68 40 2c.
972 643 94 39 and
1097 641 80 40 aff.
1210 641 111 40 Dec.
1350 641 55 40 23
1423 651 9 37 ;
1464 641 40 39 A
1534 641 143 40 57578
1695 651 9 37 ;
1738 640 89 41 Gai
1860 640 155 41 Marie
2046 639 159 42 Mohle
448 640 1909 107 Jackson,

573 700 260 46 Westport,
860 698 147 41 Conn.
1078 697 250 45 (33-1094)

376 783 235 68 Jersild,
643 785 235 53 Arthur
909 784 276 65 Thomas,
1220 789 171 50 1902-

447 860 285 69 Training
753 861 113 54 and
888 861 225 68 growth
1135 862 61 52 in
1217 860 96 55 the
1337 860 392 68 development
1751 859 64 54 of
1839 857 255 56 children
2111 876 13 50 ;
2151 879 31 33 a
2207 858 169 70 study

378 939 63 52 of
466 939 94 53 the
586 937 237 56 relative
848 937 274 55 influence
1147 937 64 53 of
1235 937 262 69 learning
1521 937 112 54 and
1658 937 368 69 maturation,
2052 937 74 69 by
2152 936 223 52 Arthur

379 1013 1997 70 T. Jersild … assisted by Wilhelmina Bennett, Ruth Bush, Ruth
380 1091 200 55 Ortleb
636 1093 129 67 [and]
805 1092 200 69 Sylvia
1037 1091 321 55 Bienstock.
1426 1092 137 55 New
1599 1091 162 54 York
1792 1092 134 69 city,
1956 1092 279 54 Teachers
379 1091 1973 147 college,

551 1169 297 56 Columbia
880 1168 334 70 university,
1250 1171 150 51 1932.

449 1241 1706 51 ix, 73 p. 23½ ᶜᵐ . (Half-title: Child development monographs.
379 1244 1979 102 Monograph
561 1309 76 30 no.
667 1297 82 48 10)

452 1354 147 41 “This
631 1356 146 46 study
808 1365 101 30 was
940 1356 266 40 conducted
1238 1356 152 39 under
1422 1356 81 40 the
1535 1355 222 49 auspices
1787 1355 52 42 of
1873 1357 80 40 the
1987 1356 142 42 Child
380 1357 1981 96 development

555 1412 241 48 institute,
840 1412 242 41 Teachers
1125 1412 193 48 college,
1364 1411 251 42 Columbia
381 1411 1980 98 university.”—Acknowledgments.

453 1525 375 48 Bibliography:
861 1535 43 38 p.
937 1524 157 41 69-73.

388 1582 51 52 ©
476 1587 112 39 Dec.
622 1586 39 46 6,
695 1584 140 46 1932;
873 1584 66 40 2c.
977 1585 111 38 Dec.
1123 1584 82 46 12;
1244 1583 80 40 aff.
1362 1583 110 40 Dec.
1509 1583 81 47 16;
1629 1584 41 38 A
1705 1584 170 47 57478;
1914 1584 240 40 Teachers
2190 1583 191 48 college,

457 1642 250 40 Columbia
735 1641 130 40 univ.
935 1640 251 48 (33-1126)

382 1722 348 65 Jorgensen,
762 1722 304 64 Borghild.

518 1797 1863 70 … Miss Martens fra Norge. Oslo, H. Aschehoug & co., 1932.
454 1872 328 49 159 p. 20 ᶜᵐ .
389 1926 1909 52 © Nov. 3, 1932 ; 1c. Dec. 7 ; A—Foreign 18943 ; H. Aschehoug & co.
468 1985 250 49 (33-1991)

385 2066 305 64 Kennedy,
719 2066 302 53 Laurence
1050 2066 297 55 Sarsfield.

457 2142 138 53 War
638 2142 192 54 letters
873 2141 63 53 of
978 2141 286 53 Laurence
1307 2140 271 55 Sarsfield
1622 2142 296 69 Kennedy.
2021 2141 137 53 [New
2205 2141 177 71 York,

444 2223 118 62 ᶜ1 932]
457 2287 880 49 1 p. l., 5-223 p. facsims. 23 ᶜᵐ .
392 2345 51 52 ©
476 2350 112 40 Dec.
619 2348 70 48 22,
721 2347 140 48 1932;
895 2348 67 41 2c.
996 2349 109 40 Dec.
1139 2347 82 48 29;
1256 2348 83 42 aff.
1372 2349 110 41 Jan.
1515 2349 69 49 16,
1616 2350 141 47 1933;
1793 2351 41 38 A
1866 2349 170 49 58594;
2072 2351 61 41 H.
2166 2351 60 39 H.
459 2351 1909 102 Kennedy,

627 2405 311 48 Chappaqua,
965 2406 56 39 N.
1050 2406 51 38 Y.
1174 2405 250 47 (33-1070)

389 2494 177 64 Lake,
595 2492 275 66 Kirsopp,
903 2493 169 53 1872-
1286 2494 85 54 ed.

521 2571 1865 73 … Six collations of New Testament manuscripts, edited by
389 2648 1973 147 Kirsopp Lake and Silva New … Cambridge, Harvard university
644 2745 185 49 press;
870 2727 260 68 London,
1166 2728 78 52 H.
1282 2728 267 68 Milford,
1589 2728 228 56 Oxford
1857 2729 318 70 university
2213 2749 174 50 press,

392 2807 151 51 1932.

461 2877 1928 53 viii p., 2 l., [3]-243 p. VII facsim. (3 double) 23½ ᶜᵐ . (Added t.-p.:
391 2933 1080 51 Harvard theological studies … [XVII])
465 2991 158 41 Series
648 2990 108 41 title
781 2991 103 39 also
911 2992 52 39 at
989 2990 124 40 head
1141 2991 50 40 of
1217 2992 97 47 t.-p.

464 3047 199 40 “Issued
695 3056 54 31 as
780 3057 62 29 an
873 3049 139 37 extra
1045 3046 201 40 number
1280 3046 50 41 of
1361 3046 83 40 the
1474 3046 230 41 Harvard
1737 3045 287 49 theological
2057 3045 219 42 review.”

729 3106 1616 51 CONTENTS. — Athos, Dionysiou 10 ( Ω ; Greg. 045 ; von Soden ε 61
394 3165 212 47 Gospels,
646 3165 63 48 by
747 3166 141 46 Mary
925 3165 72 40 W.
1036 3163 592 49 Winslow.—University
1667 3165 51 40 of
1758 3164 245 48 Michigan
2044 3164 69 48 15,
2153 3163 235 48 formerly

393 3220 1997 49 Burdett-Coutts III. 5 (Greg. 543; von Soden ε 257), Gospels, by Jacob
395 3277 613 48 Geerlings.—Jerusalem,
1051 3276 309 41 Patriarchal
1400 3276 200 50 library,
1645 3277 67 41 St.
1758 3277 125 41 Saba
1924 3277 86 39 411
2039 3276 163 49 (Greg.
2244 3275 141 46 1342;

394 3332 1993 50 von Soden ε 1311), Mark, by Silva New.—Sinai 260 (Greg. 1241: von
397 3389 155 40 Soden
590 3387 21 36 δ
645 3390 132 48 371),
816 3390 214 48 Gospels,
1068 3389 62 48 by
1167 3389 213 48 Kirsopp
1415 3389 146 40 Lake.
1579 3411 57 7 —
1652 3389 167 47 Athos,
1859 3388 161 40 Laura
2059 3387 85 41 184
2182 3388 68 48 <B′
2304 3386 84 50 64>

405 3443 1986 50 (Greg. 1739; von Soden α 78), Acts, Catholic espistles, Paul, by Kirsopp
396 3501 143 47 Lake,
573 3501 44 40 J.
650 3503 57 38 de
741 3503 192 46 Zwaan,
969 3503 61 38 M.
1069 3502 44 40 S.
1146 3500 246 42 Enslin.—
1394 3501 211 46 Patmos,
1642 3501 281 47 Monastery
1955 3500 52 40 of
2043 3499 67 41 St.
2144 3498 127 41 John
2307 3498 81 40 the

396 3552 1993 54 Divine 16 (Greg. 1175, formerly 389ᵃᶜᵗ; von Soden α 74), Acts, by Silva
397 3612 129 41 New.

403 3665 51 50 ©
488 3669 111 40 Dec.
633 3669 39 45 3,
708 3668 112 41 1932
839 3680 7 34 ;
884 3670 67 39 2c.
987 3671 94 38 and
1116 3668 83 41 aff.
1233 3670 110 39 Dec.
1380 3668 58 40 10
1453 3679 8 35 ;
1498 3669 41 38 A
1573 3668 141 40 58313
1733 3678 9 35 ;
1780 3667 254 40 President
2070 3666 95 40 and
2200 3665 189 40 fellows

471 3724 52 39 of
545 3725 227 38 Harvard
797 3725 189 47 college,
1013 3724 299 48 Cambridge,
1337 3725 146 39 Mass.
1554 3722 249 49 (33-1182)

401 3810 197 52 Lands
633 3810 112 52 and
779 3812 255 67 peoples;
1071 3813 96 52 the
1202 3813 179 52 world
1414 3814 63 51 in
1510 3813 180 66 color;
1727 3809 482 55 editor-in-chief:
469 3808 1892 133 Holland

635 3889 1751 68 Thompson … with an introduction by Isaiah Bowman
533 3966 1853 69 … and a chapter on The friendly North by the explorer
