2563 4368
1009 4022 99 48 529

74 427 209 64 Arndt,
312 424 207 55 Milton
547 426 74 55 H.

139 503 239 65 Battery
412 500 310 69 brooding;
764 520 31 33 a
834 499 274 69 complete
1148 499 318 69 exposition
1505 497 64 55 of
1607 499 94 53 the
1740 499 315 68 important

72 579 143 53 facts
263 577 339 69 concerning
650 579 94 52 the
792 577 308 53 successful
1148 576 296 69 operation
1495 578 113 52 and
1658 576 283 70 handling
1993 577 63 53 of

70 653 1923 71 the various types of battery brooders, by Milton H. Arndt …
70 734 134 51 New
237 732 177 67 York,
448 731 228 68 Orange
712 732 158 53 Judd
904 731 334 69 publishing
1273 748 295 51 company,
1604 731 126 68 inc.,
1768 734 149 49 1932.

138 805 133 45 xviii,
318 803 185 43 19-106.
552 803 281 48 106a-106b,
896 802 233 51 [107]-187,
1178 803 280 46 187a-187b,
1509 802 214 48 188-202,
1775 802 280 45 202a-202b,

68 860 862 48 203-325 p. incl. front., illus. 20½ ᶜᵐ.
138 917 142 40 “New
309 918 94 39 and
433 917 189 40 revised
652 915 227 42 edition.”

140 973 344 48 Bibliography
501 984 9 29 :
543 983 43 37 p.
616 972 216 41 317-318.

76 1028 50 52 ©
157 1033 117 38 Mar.
305 1031 69 47 21,
405 1029 111 42 1932;
574 1031 67 40 2c.
672 1033 95 38 and
797 1030 80 41 aff.
911 1032 119 38 Mar.
1062 1030 81 47 23;
1177 1031 40 38 A
1248 1030 170 48 50354;
1452 1031 190 48 Orange
1673 1031 130 40 Judd
1835 1030 107 48 pub.
1975 1040 82 38 co.,
141 1089 87 40 inc.
299 1088 279 48 (32-10084)

71 1181 165 63 Barr,
266 1178 240 57 Dennis.

137 1253 1911 70 A rope broke, by Dennis Barr … London, Jarrolds [1932]
136 1326 611 51 2 p. l., 9-286, [1] p. 19½ᶜᵐ.
76 1381 1980 58 © 1c. Apr. 1, 1932; A ad int. 16246; pubd. Feb. 6; Felix Charles Denny,
140 1443 209 39 London.
418 1441 279 48 (32-10927)

70 1533 239 62 Barsch,
339 1533 163 64 Paul,
536 1538 322 50 1860-1931.

196 1608 1858 70 … Von einem der auszog; ein seelen- und wander jahr auf
70 1686 1609 70 der landstrasse. [Breslau] Bergstadtverlag [ ᶜ1 931]
136 1758 789 50 413 p. incl. front. (port.) 19 ᶜᵐ.
139 1815 196 41 “16.-25.
370 1815 231 49 auflage.”

77 1869 1979 53 © Oct. 26, 1931; 1c. Jan. 19, 1932; A —Foreign 15449; Bergstadtverlag,
143 1930 221 41 Wilhelm
392 1931 210 40 Gottlieb
631 1932 148 38 Korn.
850 1929 251 51 (32-9662)

74 2021 264 64 Batigne,
367 2024 153 51 Mme
527 2064 10 10 .
569 2020 208 56 Claire.

138 2097 116 53 The
282 2097 238 53 London
548 2096 316 54 exhibition
893 2096 63 54 of
983 2097 223 53 French
1237 2102 107 62 art,
1376 2099 308 50 1200-1900
1735 2096 93 70 [by]
1864 2097 192 55 Claire

74 2174 253 67 Batigne.
391 2175 137 51 New
557 2173 178 68 York,
762 2174 70 51 A.
863 2174 70 52 A.
961 2172 222 69 Knopf,
1217 2177 148 48 1932.

137 2243 1856 51 viii p., 3 l., 3-16 p., 1 l. col. front., 23 pl. (incl. ports.) on 12 l. 26 ᶜᵐ.
136 2302 98 41 The
261 2302 268 41 exhibition
559 2313 100 29 was
687 2302 111 41 held
828 2302 50 41 in
907 2302 114 40 1932
1049 2304 52 38 at
1130 2302 291 48 Burlington
1452 2304 163 46 house,
1646 2303 211 45 London,
1890 2305 52 38 at
1972 2303 80 42 the

72 2357 253 42 invitation
352 2359 53 40 of
432 2360 80 39 the
540 2359 153 46 Royal
723 2360 231 45 academy
983 2359 52 39 of
1061 2361 118 38 arts.

139 2414 1917 49 Introduction, in French, signed: Paul Léon … président du Comité
74 2470 212 49 français
310 2474 57 38 de
393 2471 319 48 l’Exposition
739 2474 57 39 de
824 2471 226 41 Londres.

80 2525 49 52 ©
160 2530 118 40 Mar.
309 2530 68 47 18,
409 2529 138 47 1932;
578 2530 66 40 2c.
678 2531 93 39 and
805 2529 79 40 aff.
918 2531 120 38 Mar.
1072 2529 82 47 19;
1189 2531 40 38 A
1261 2529 168 47 50205;
1465 2530 170 40 Alfred
1667 2531 55 38 A.
1755 2530 178 48 Knopf,
1965 2531 90 40 inc.

154 2586 273 47 (32-10081)

76 2676 204 65 Bauer,
308 2676 263 66 Ludwig,
602 2677 169 55 1876-

139 2752 137 53 War
324 2753 169 68 again
540 2758 347 63 to-morrow,
933 2753 74 68 by
1055 2752 245 70 Ludwig
1349 2755 215 65 Bauer;
1616 2753 315 54 translated
1980 2753 75 70 by

74 2827 84 55 W.
194 2829 264 54 Horsfall
494 2830 217 54 Carter.
782 2830 258 67 London,
1075 2830 186 53 Faber
1295 2833 46 50 &
1376 2829 203 70 Faber,
1612 2830 222 55 limited
1897 2834 151 64 [1932]

141 2901 522 49 2 p. l., 7-314 p. 19½ᶜᵐ.
81 2955 1974 54 © 1c. Mar. 30, 1932; A ad int. 16210; pubd. Feb. 25; Duffield & Green,
145 3017 113 39 New
286 3018 142 39 York.
499 3017 276 47 (32-11112)

77 3105 168 66 Beck,
272 3110 136 51 Mrs.
436 3108 270 63 Dorothy
735 3108 175 54 Fahs.

76 3185 1944 127 … The cost of equipping a dental office; a study of the initial
204 3260 394 67 expenditures
628 3263 63 51 of
717 3263 193 52 dental
938 3262 304 68 graduates
1271 3263 161 52 when
1460 3263 314 69 equipping
1802 3283 70 34 an
1903 3264 146 53 office

79 3335 1970 74 for practice [by] Dorothy Fahs Beck … Chicago, Ill., The
78 3413 326 70 University
429 3416 64 53 of
522 3417 250 67 Chicago
801 3435 155 49 press
990 3420 170 64 [1932]

146 3485 1904 53 xi, 40, [1] p. diagrs. 23 ᶜᵐ. (Publications of the Committee on the
79 3544 139 47 study
246 3545 50 39 of
323 3545 160 40 dental
513 3545 210 48 practice
752 3545 52 40 of
832 3545 81 40 the
942 3545 256 40 American
1228 3546 166 40 dental
1422 3546 321 40 association:
1773 3557 75 31 no.
1879 3547 51 47 2)

85 3596 49 52 ©
166 3602 107 40 Feb.
304 3603 38 44 2,
374 3602 138 43 1932;
546 3603 66 40 2c.
645 3604 94 38 and
772 3602 81 40 aff.
886 3604 121 39 Mar.
1040 3603 81 45 16;
1157 3603 40 38 A
1229 3602 170 46 50121;
1436 3603 279 49 University
1750 3604 51 40 of
1835 3603 223 49 Chicago,

150 3657 217 47 Chicago.
436 3658 276 48 (32-10160)

80 3743 191 67 Black,
301 3747 243 66 Donald,
575 3748 192 67 pseud.

139 3820 121 54 Red
300 3824 157 65 dust;
503 3843 70 34 an
615 3824 337 53 Australian
990 3830 229 61 trooper
1260 3824 60 52 in
1361 3826 305 68 Palestine,
1707 3828 73 69 by
1822 3828 230 56 Donald

78 3895 189 55 Black.
328 3900 255 68 London,
612 3903 269 64 Toronto,
910 3902 56 53 J.
996 3901 158 67 Cape
1187 3904 172 64 [1931]
