2563 4368
1326 4071 135 52 1304

457 516 1925 45 First and second editions have title: A selection of cases on the law
386 579 53 38 of
461 577 228 48 pleading
714 577 155 39 under
893 576 198 39 modern
1119 575 153 39 codes.

394 631 51 53 ©
475 636 120 47 Aug.
625 635 69 47 24,
726 633 139 49 1932;
897 634 67 40 2c.
997 634 96 39 and
1124 632 82 41 aff.
1237 635 119 45 Aug.
1387 634 55 39 27;
1504 633 39 38 A
1574 632 143 40 54566;
1780 632 268 47 Callaghan
2080 631 36 41 &
2146 642 68 30 co.

470 691 279 48 (32-22821)

389 793 243 65 Holden,
662 792 255 55 William
951 793 209 63 Curry,
1195 796 170 50 1896-

459 869 186 54 Rollie
684 869 218 66 Burns;
942 886 80 50 or,
1060 867 94 52 An
1193 873 233 47 account
1465 867 62 51 of
1565 868 95 52 the
1696 867 280 67 ranching
2010 865 262 69 industry
2311 884 72 34 on

389 943 1971 149 the south plains, by W. C. Holden … Dallas, Tex., The Southwest press [ ᶜ19 32]
458 1093 825 51 vii, 243 p. front. (port.) 20½ ᶜᵐ.
397 1152 1988 52 © Aug. 15, 1932; 2c. Aug. 22; aff. Aug. 19; A 54496; W. C. Holden.
464 1212 239 46 Lubbock,
731 1212 114 39 Tex.
917 1209 280 51 (32-22961)

390 1317 250 63 Houser,
673 1314 222 55 Martin
929 1315 247 55 Luther.

460 1391 297 54 Abraham
797 1392 258 67 Lincoln,
1096 1392 244 53 student.
1416 1391 111 54 His
1569 1393 191 65 books,
1800 1394 74 66 by
1915 1393 79 53 M.
2036 1393 63 52 L.
2141 1393 242 53 Houser.

397 1468 239 70 [Peoria,
664 1470 114 68 Ill.]
812 1470 158 54 Priv.
1000 1470 174 67 print.
1212 1470 258 67 [Printed
1499 1470 75 67 by
1606 1472 66 53 E.
1704 1473 54 53 J.
1791 1472 196 66 Jacob,
2019 1475 151 63 1932]

460 1541 1007 50 47 p. incl. front., ports., facsims. 25 ᶜᵐ.
465 1600 145 40 “This
636 1601 248 48 pamphlet
912 1600 41 40 is
979 1600 237 48 virtually
1241 1610 27 30 a
1297 1599 210 40 revision
1536 1600 51 39 of
1615 1610 87 29 one
1729 1598 203 42 entitled
1963 1601 113 39 ‘The
2103 1601 150 40 books
2278 1603 110 39 that

393 1657 198 41 Lincoln
624 1657 280 48 read’.”—p.
941 1657 56 50 [5]

463 1714 366 48 “Alphabetical
863 1714 85 40 list
983 1716 51 38 of
1070 1715 202 40 authors
1309 1715 51 39 of
1394 1714 147 40 books
1578 1714 199 40 Lincoln
1813 1715 206 48 studied,
2057 1715 234 48 compiled
2327 1717 59 46 by

394 1770 1944 50 Esther Cowles Cushman”; p. 27-35; “Library of Congress books …
393 1828 1977 106 withdrawn … by Mr. Lincoln and his household while he was President”; p. 41-47; “Authorities”; p. 37.
399 1939 1991 53 © Aug. 15, 1932; 2c. and aff. Aug. 18; A 53761; M. L. Houser, East
469 2000 185 48 Peoria,
683 2002 75 38 Ill.
828 1999 278 49 (32-22809)

394 2091 266 65 Hughes,
688 2090 254 55 William
970 2091 286 64 Leonard,
1288 2096 170 49 1895-

465 2167 121 53 The
629 2167 465 53 administration
1137 2166 64 53 of
1243 2166 195 53 health
1483 2168 112 52 and
1643 2167 258 68 physical
1947 2167 298 53 education
2294 2167 94 54 for

394 2263 126 33 men
551 2245 59 51 in
642 2244 237 68 colleges
909 2244 113 52 and
1052 2243 378 68 universities,
1459 2245 76 67 by
1561 2243 263 55 William
1854 2244 263 53 Leonard
2148 2244 241 69 Hughes

397 2319 1991 149 … Published with the approval of Professor Jesse F. Williams, sponsor. New York city, Teachers college, Columbia
398 2476 333 69 university,
760 2479 150 50 1932.

398 2546 1974 99 vii, 181 p. 23½ ᶜᵐ. (Teachers college, Columbia university. Contributions to
693 2605 270 47 education,
992 2615 74 30 no.
1095 2603 110 50 541)

468 2661 170 40 Issued
668 2661 103 40 also
799 2671 54 30 as
879 2660 154 41 thesis
1072 2661 15 45 (PH.
1256 2661 15 46 D.)
1311 2660 247 41 Columbia
1592 2661 283 46 university.

470 2717 348 47 Bibliography;
874 2727 43 38 p.
944 2715 215 42 170-181.

405 2772 51 51 ©
490 2776 116 46 July
637 2775 68 47 18,
740 2774 139 48 1932;
916 2775 67 39 2c.
1017 2775 116 47 July
1166 2774 82 47 28;
1285 2774 81 40 aff.
1401 2775 118 48 Aug.
1556 2776 51 45 1;
1645 2776 40 37 A
1719 2775 169 47 53377;
1925 2776 239 39 Teachers
2200 2775 191 49 college,

474 2831 249 40 Columbia
752 2830 284 48 university.
1107 2829 277 49 (32-22833)

399 2921 283 53 Institute
713 2922 63 52 of
804 2922 424 51 international
1255 2921 302 53 relations.

530 2997 1859 69 … Proceedings … 8th session … Mission Inn, Riverside,
402 3074 342 69 California,
771 3076 307 52 December
1109 3080 61 47 13
1199 3082 58 46 to
1286 3080 81 63 18,
1398 3079 147 48 1931.
1623 3076 212 53 Edited
1862 3077 74 66 by
1963 3076 189 54 Rufus
2183 3080 64 50 B.
2277 3095 110 34 von

401 3154 323 52 Kleinsmid
768 3155 111 51 and
919 3154 251 52 Herbert
1207 3155 293 68 Wynford
1540 3155 143 51 Hill.
1759 3174 52 33 v.
1852 3157 45 51 8.
1972 3156 110 52 Los
2123 3155 265 68 Angeles,

403 3230 194 68 Calif.,
635 3232 314 52 Published
988 3231 93 53 for
1118 3233 96 52 the
1254 3233 274 52 Institute
1568 3232 63 53 of
1669 3233 408 53 international
2117 3234 270 52 relations

401 3311 73 67 by
502 3311 97 52 the
627 3309 334 67 University
989 3310 64 52 of
1085 3309 284 54 Southern
1399 3311 340 68 California,
1771 3314 149 49 1932.

473 3383 487 49 xvi, 279 p. 25 ½ᶜᵐ .
409 3436 50 51 ©
490 3441 124 39 June
642 3439 70 48 29,
741 3439 113 40 1932;
913 3439 66 40 2c.
1010 3439 102 40 Oct.
1141 3441 53 44 4;
1227 3440 80 39 aff.
1340 3440 101 40 Oct.
1471 3440 53 46 3;
1556 3441 38 37 A
1624 3440 169 46 56219;
1827 3439 281 48 University
2138 3439 52 40 of
475 3440 1898 96 Southern
587 3495 286 41 California.

402 3585 429 53 International
864 3586 345 53 conference
1244 3586 63 52 of
1341 3587 102 52 the
1478 3585 284 64 principal
1797 3585 145 64 high
1977 3586 232 53 tension
472 3586 1890 128 electrical
673 3663 280 59 systems.
1026 3662 117 65 6th,
1170 3664 186 64 Paris,
1389 3666 150 48 1931.

532 3738 1857 68 … Compte rendu des travaux de la sixième session, 18-27
401 3815 1965 144 juin 1931, établi par m. Jean Tribot-Laspière … Paris [Imprimerie Chaix] 1931.
473 3964 1143 50 3 v. illus. (incl. diagrs.) fold. plates. 24 ᶜᵐ.
