2563 4368
1027 4073 98 49 623

76 540 1969 109 2 v. fronts. (v. 1, col.) illus. (maps) plates, ports. 23 ᶜᵐ. (The history
211 597 1645 51 of nations, H. C. Lodge … editor-in-chief. vol. XXIII-XXIV)
143 657 159 48 Paged
333 656 351 46 continuously.

142 714 372 46 Bibliography:
543 724 44 36 p.
620 711 305 51 [1199]-1213.

83 768 49 52 ©
162 773 111 46 Apr.
304 772 38 46 1,
372 770 113 40 1932;
543 770 65 40 2c.
640 771 118 39 each
789 770 112 47 May
930 770 26 39 3;
1016 768 80 41 aff.
1127 768 114 48 Apr.
1270 767 59 41 30;
1387 768 41 39 A
1455 767 145 41 49817;
1659 768 50 41 P.
1742 767 51 39 F.
1823 766 177 41 Collier
2032 766 36 41 &

147 839 86 29 son
263 839 66 29 co.
393 822 69 54 [©
494 837 106 29 new
628 826 227 40 material
885 825 97 41 and
1013 824 251 50 revisions]
1337 823 278 49 (32-12653)

79 920 184 64 Gatti,
293 918 230 56 Attilio.

145 994 121 53 The
303 993 143 70 king
484 993 64 53 of
586 993 96 53 the
721 993 252 69 gorillas,
1014 992 76 70 by
1127 991 212 54 Attilio
1380 990 181 56 Gatti.
1637 990 233 56 Garden
1912 990 155 71 City,

77 1073 68 53 N.
174 1072 89 67 Y.,
287 1070 355 69 Doubleday,
665 1070 198 53 Doran
890 1072 46 51 &
960 1088 297 50 company,
1285 1069 127 69 inc.,
1440 1072 151 51 1932.

144 1140 1495 52 xiv p., 2 l., 3-254 p. front., illus., plates, ports. 21 ½ ᶜᵐ.
146 1200 140 48 Maps
313 1211 60 29 on
402 1199 360 49 lining-papers.

143 1256 324 48 Experiences
498 1257 94 39 and
624 1256 293 40 adventures
948 1255 120 40 with
1098 1255 81 40 the
1211 1254 193 41 natives
1435 1255 96 39 and
1563 1263 176 38 savage
1772 1253 208 41 animals
2012 1253 53 41 of

74 1312 179 41 Africa.

145 1368 163 41 “First
337 1367 227 42 edition.”

81 1422 52 52 ©
159 1428 113 46 Apr.
299 1427 68 47 14,
393 1424 139 48 1932;
560 1426 67 42 2c.
653 1427 96 38 and
776 1424 80 42 aff.
884 1426 114 47 Apr.
1025 1426 81 45 18;
1136 1425 40 39 A
1204 1424 169 47 50762;
1404 1424 296 49 Doubleday,
1729 1425 167 39 Doran
1923 1425 35 39 &
1986 1432 81 38 co.,

147 1483 90 40 inc.
308 1482 279 48 (32-26055)

78 1556 242 67 Goethe,
348 1558 234 55 Johann
609 1557 320 65 Wolfgang
955 1573 130 50 von,
1117 1559 324 55 1749-1832.

71 1633 1968 131 … Faust. Parts one and two. Translated from the German
229 1710 1835 70 by George Madison Priest … New York, Covici, Friede
150 1793 117 65 [ᶜ1 932]
143 1862 172 40 xxxvii
343 1874 59 37 p.,
428 1862 27 39 2
504 1894 24 16 l.,
559 1862 174 50 [3]-420
762 1874 44 37 p.
865 1862 57 39 24½ᶜᵐ.

144 1919 64 39 At
231 1919 125 41 head
381 1919 52 40 of
455 1920 108 40 title:
617 1918 44 42 J.
687 1918 261 50 Wolfgang
972 1930 92 30 von
1093 1920 195 41 Goethe.

147 1974 127 43 “The
303 1976 296 41 translation
628 1976 191 41 follows
848 1977 82 40 the
958 1979 104 38 text
1092 1976 51 40 of
1172 1977 82 40 the
1284 1976 237 40 standard
1550 1975 185 42 edition
1764 1975 51 42 of
1845 1975 223 41 Goethe’s

76 2032 171 47 works,
274 2034 82 40 the
384 2031 532 50 ‘Jubiläumsausgabe’,
944 2044 54 30 or
1026 2031 202 42 ‘Jubilee
1254 2032 434 42 edition’.”—Pref.

146 2088 373 51 Bibliography:
551 2101 43 37 p.
626 2089 399 50 [xxxvi]-xxxvii.

83 2142 51 52 ©
162 2149 120 41 Mar.
308 2147 68 47 22,
404 2146 112 41 1932;
573 2147 67 41 2c.
669 2148 121 39 Mar.
817 2147 54 38 24;
927 2146 81 41 aff.
1036 2147 114 47 Apr.
1176 2144 55 40 22;
1288 2147 40 38 A
1356 2145 143 41 50928;
1557 2146 176 48 Covici,
1763 2146 186 43 Friede,
1978 2147 90 40 inc.

159 2204 278 45 (32-26350)

83 2277 292 68 [Grattan,
407 2278 258 53 Thomas
699 2276 212 69 Colley]
953 2278 324 55 1792-1864.

208 2352 1797 71 … Holland and Belgium, edited by W. Harold Claflin …
80 2430 1987 70 Switzerland, by Charles Dandliker … revised and edited
78 2509 1988 69 by Elbert Jay Benton … [Memorial ed.] New York, P. F.
80 2586 942 70 Collier & son company [ ᶜ1 932]
145 2660 81 44 vii,
261 2661 70 50 [1],
363 2660 160 47 xi-xv,
555 2659 99 47 312,
686 2658 275 49 312a-312z,
995 2657 321 48 312aa-312ff,
1349 2658 216 47 313-322,
1599 2658 283 49 322a-322h,
1934 2659 135 51 [323]-

78 2714 1989 50 606 p. col. front., illus. (maps) plates. 23 ᶜᵐ. (The history of nations,
79 2770 1107 50 H. C. Lodge … editor-in-chief. vol. XIII)
147 2828 328 48 Frontispiece
504 2828 339 48 accompanied
869 2828 62 47 by
959 2829 153 47 guard
1142 2829 135 39 sheet
1304 2828 120 41 with
1452 2828 290 48 descriptive
1770 2829 294 48 letterpress.

146 2884 346 48 Bibliography:
551 2895 43 37 p.
645 2883 233 52 [601]-606.

87 2938 51 51 ©
164 2943 111 47 Apr.
302 2945 39 44 1,
366 2942 111 41 1932;
531 2942 66 41 2c.
625 2944 112 46 May
761 2943 26 39 3;
843 2942 80 40 aff.
952 2943 111 47 Apr.
1091 2942 82 47 30;
1201 2943 40 38 A
1266 2942 143 42 49817;
1467 2944 49 39 P.
1545 2944 50 40 F.
1625 2944 176 40 Collier
1828 2944 36 40 &
1891 2954 85 29 son
2002 2953 68 31 co.

158 2996 68 52 [©
252 3010 106 30 new
383 3000 224 39 material
637 3001 94 38 and
758 2999 251 49 revisions]
1081 2998 279 48 (32-12654)

84 3075 320 65 Guilmard,
439 3065 206 67 Émile.

207 3151 1549 69 … La vie en sonnets … Paris, A. Messein [1932]
151 3223 909 49 190 p., 1 l. incl. front. (port.) 19ᶜᵐ.
88 3276 1966 101 © Feb. 20, 1932; 1c. Apr. 4; A—Foreign 16358; Librairie Albert Messein.
340 3337 279 48 (32-11496)

85 3411 300 64 Haggard,
413 3411 254 54 Howard
696 3410 239 66 Wilcox,
964 3416 170 51 1891-

153 3488 120 52 The
299 3489 161 67 lame,
488 3491 95 50 the
609 3490 140 66 halt,
779 3492 113 51 and
919 3490 95 52 the
1040 3490 161 52 blind;
1263 3492 96 52 the
1385 3491 142 54 vital
1555 3492 118 52 rôle
1702 3491 63 53 of
1791 3491 277 54 medicine

84 3563 1982 74 in the history of civilization, by Howard W. Haggard … with
85 3645 100 51 200
219 3644 375 53 illustrations
630 3644 150 54 from
814 3644 246 67 original
1094 3662 236 36 sources.
1405 3646 137 52 New
1578 3648 162 51 York
1774 3647 112 52 and
86 3648 1957 139 London,

240 3721 231 66 Harper
500 3724 45 49 &
569 3720 277 68 brothers,
876 3725 148 52 1932.

157 3792 115 40 xxiv
297 3803 57 37 p.,
379 3793 26 38 2
449 3824 23 14 l.,
496 3792 146 40 3-420
663 3804 42 37 p.
766 3793 162 47 front.,
952 3793 127 40 illus.
1108 3792 132 47 (incl.
1266 3796 163 46 ports.,
1445 3793 230 47 facsims.,
1693 3793 176 47 music)
1897 3794 168 47 plates,

88 3847 175 48 diagrs.
322 3848 56 39 24½ᶜᵐ.

161 3905 158 40 “First
349 3905 223 40 edition.”

93 3955 51 51 ©
173 3962 111 46 Apr.
314 3961 68 47 23,
411 3960 139 48 1932;
581 3961 68 40 2c.
679 3963 111 46 Apr.
821 3962 82 45 28;
936 3962 82 41 aff.
1049 3964 112 46 May
1191 3963 52 46 6;
1276 3964 40 37 A
1344 3962 170 45 49901;
1548 3964 193 46 Harper
1771 3963 35 39 &
1836 3963 123 40 bros.

170 4017 276 48 (32-26507)
