<alto xmlns="http://www.loc.gov/standards/alto/ns-v3#" xmlns:xlink="http://www.w3.org/1999/xlink" xmlns:xsi="http://www.w3.org/2001/XMLSchema-instance" xsi:schemaLocation="http://www.loc.gov/standards/alto/ns-v3# http://www.loc.gov/alto/v3/alto-3-0.xsd"><Description>
<MeasurementUnit>pixel</MeasurementUnit>
<sourceImageInformation>
<fileName>1932_v29_part001.pdf</fileName>
</sourceImageInformation>
<OCRProcessing ID="IdOcr">
<ocrProcessingStep>
<processingDateTime>2019-04-25</processingDateTime>
<processingSoftware>
<softwareCreator>ABBYY</softwareCreator>
<softwareName>ABBYY Recognition Server</softwareName>
<softwareVersion>4.0</softwareVersion>
</processingSoftware>
</ocrProcessingStep>
</OCRProcessing>
</Description>
<Styles>
<ParagraphStyle ID="StyleId-FFFFFFFF-FFFF-FFFF-FFFF-FFFFFFFFFFFF-" ALIGN="Left" LEFT="0." RIGHT="0." FIRSTLINE="0."/>
<ParagraphStyle ID="StyleId-547D96D3-B2DE-4E86-A4BD-9DDFC275973A-" ALIGN="Left" LEFT="0." RIGHT="0." FIRSTLINE="0." LINESPACE="7.699999809"/>
<ParagraphStyle ID="StyleId-BE433B82-DF6F-491A-9872-F562FF4150C8-" ALIGN="Block" LEFT="0." RIGHT="0." FIRSTLINE="-13." LINESPACE="7.900000095"/>
<ParagraphStyle ID="StyleId-CC286467-50C5-4655-B0CF-BA365CCE0736-" ALIGN="Block" LEFT="0." RIGHT="0." FIRSTLINE="-15." LINESPACE="8.479999542"/>
<ParagraphStyle ID="StyleId-9878414D-BEDB-487D-971A-CF5ADB5C4AD2-" ALIGN="Block" LEFT="0." RIGHT="0." FIRSTLINE="-14." LINESPACE="10.92000008"/>
<ParagraphStyle ID="StyleId-EBC70DE5-3635-4BD4-B07B-05DF6EFE0022-" ALIGN="Block" LEFT="0." RIGHT="0." FIRSTLINE="-13." LINESPACE="12.19999981"/>
<ParagraphStyle ID="StyleId-8A688F83-F017-4D5D-A00A-14637016ED45-" ALIGN="Left" LEFT="0." RIGHT="0." FIRSTLINE="0." LINESPACE="9.399999619"/>
<ParagraphStyle ID="StyleId-20F0BBAE-20C6-42F4-8113-00B5C02924DC-" ALIGN="Left" LEFT="0." RIGHT="0." FIRSTLINE="0." LINESPACE="11.10000038"/>
<ParagraphStyle ID="StyleId-7AA70148-8873-4ACB-90AE-BF9322E02302-" ALIGN="Left" LEFT="0." RIGHT="0." FIRSTLINE="-13." LINESPACE="11.09000015"/>
<ParagraphStyle ID="StyleId-072EF7BA-7207-4F8B-9A7C-F564E8B4CB16-" ALIGN="Left" LEFT="0." RIGHT="0." FIRSTLINE="-14." LINESPACE="12.19999981"/>
<ParagraphStyle ID="StyleId-44303D12-21D7-4DB0-9E9F-87FA1A861DD7-" ALIGN="Block" LEFT="0." RIGHT="0." FIRSTLINE="-14." LINESPACE="10.92000008"/>
<ParagraphStyle ID="StyleId-43CF0D44-8AC2-4CD0-865F-942C78705184-" ALIGN="Block" LEFT="0." RIGHT="0." FIRSTLINE="-13." LINESPACE="12.19999981"/>
<ParagraphStyle ID="StyleId-7A298A86-29F5-413A-AEC9-078A4CC464D7-" ALIGN="Block" LEFT="0." RIGHT="0." FIRSTLINE="13." LINESPACE="12.19999981"/>
<ParagraphStyle ID="StyleId-8E4E86F7-C1F9-4A1A-B605-6B1FC1C8E9F7-" ALIGN="Left" LEFT="0." RIGHT="0." FIRSTLINE="0." LINESPACE="11.60000038"/>
<ParagraphStyle ID="StyleId-AB39791B-5ED1-444F-BEF5-2CFED1F2709A-" ALIGN="Left" LEFT="0." RIGHT="0." FIRSTLINE="-13." LINESPACE="11.09000015"/>
<ParagraphStyle ID="StyleId-C1F2EEE7-CD00-4E11-9EAD-B222287AEDA4-" ALIGN="Center" LEFT="0." RIGHT="0." FIRSTLINE="0." LINESPACE="11.10000038"/>
</Styles>
<Layout>
<Page ID="Page954" PHYSICAL_IMG_NR="954" HEIGHT="4368" WIDTH="2563">
<TopMargin HEIGHT="436" WIDTH="2563" VPOS="0" HPOS="0">
</TopMargin>
<LeftMargin HEIGHT="3694" WIDTH="400" VPOS="436" HPOS="0">
</LeftMargin>
<RightMargin HEIGHT="3694" WIDTH="129" VPOS="436" HPOS="2434">
</RightMargin>
<BottomMargin HEIGHT="238" WIDTH="2563" VPOS="4130" HPOS="0">
</BottomMargin>
<PrintSpace HEIGHT="3694" WIDTH="2034" VPOS="436" HPOS="400">
<TextBlock ID="Page954_Block1" HEIGHT="68" WIDTH="124" VPOS="4062" HPOS="1368" LANG="en-US" STYLEREFS="StyleId-64A89506-228E-4169-8C1C-168BA261B7BD-">
<TextLine HEIGHT="50" WIDTH="103" VPOS="4072" HPOS="1379">
<String CONTENT="954" HEIGHT="50" WIDTH="103" VPOS="4072" HPOS="1379"/>
</TextLine>
</TextBlock>
<TextBlock ID="Page954_Block2" HEIGHT="3634" WIDTH="2034" VPOS="436" HPOS="400" CS="1" STYLEREFS="StyleId-4FD4BFA7-2C7F-4266-8BDC-96A571877DC2-">
<TextLine HEIGHT="68" WIDTH="1397" VPOS="447" HPOS="410" LANG="en-US">
<String CONTENT="Brannan," HEIGHT="67" WIDTH="300" VPOS="447" HPOS="410"/>
<SP HEIGHT="64" WIDTH="24" VPOS="450" HPOS="711"/>
<String CONTENT="Joseph" HEIGHT="63" WIDTH="220" VPOS="450" HPOS="736"/>
<SP HEIGHT="53" WIDTH="25" VPOS="449" HPOS="957"/>
<String CONTENT="Doddridge," HEIGHT="67" WIDTH="357" VPOS="447" HPOS="983"/>
<SP HEIGHT="62" WIDTH="27" VPOS="452" HPOS="1341"/>
<String CONTENT="1848-1930," HEIGHT="65" WIDTH="327" VPOS="450" HPOS="1369"/>
<SP HEIGHT="50" WIDTH="24" VPOS="465" HPOS="1697"/>
<String CONTENT="ed." HEIGHT="55" WIDTH="85" VPOS="447" HPOS="1722"/>
</TextLine>
<TextLine HEIGHT="74" WIDTH="1924" VPOS="519" HPOS="479" LANG="en-US">
<String CONTENT="The" HEIGHT="52" WIDTH="120" VPOS="526" HPOS="479"/>
<SP HEIGHT="35" WIDTH="33" VPOS="543" HPOS="600"/>
<String CONTENT="negotiable" HEIGHT="68" WIDTH="322" VPOS="525" HPOS="634"/>
<SP HEIGHT="53" WIDTH="33" VPOS="526" HPOS="957"/>
<String CONTENT="instruments" HEIGHT="52" WIDTH="372" VPOS="526" HPOS="991"/>
<SP HEIGHT="53" WIDTH="34" VPOS="525" HPOS="1364"/>
<String CONTENT="law" HEIGHT="53" WIDTH="109" VPOS="525" HPOS="1399"/>
<SP HEIGHT="35" WIDTH="37" VPOS="543" HPOS="1509"/>
<String CONTENT="annotated," HEIGHT="67" WIDTH="327" VPOS="525" HPOS="1547"/>
<SP HEIGHT="49" WIDTH="35" VPOS="543" HPOS="1875"/>
<String CONTENT="with" HEIGHT="54" WIDTH="142" VPOS="523" HPOS="1911"/>
<SP HEIGHT="53" WIDTH="35" VPOS="524" HPOS="2054"/>
<String CONTENT="references" HEIGHT="59" WIDTH="313" VPOS="519" HPOS="2090"/>
</TextLine>
<TextLine HEIGHT="70" WIDTH="1994" VPOS="602" HPOS="410" LANG="en-US">
<String CONTENT="to" HEIGHT="50" WIDTH="59" VPOS="607" HPOS="410"/>
<SP HEIGHT="48" WIDTH="36" VPOS="609" HPOS="470"/>
<String CONTENT="the" HEIGHT="52" WIDTH="94" VPOS="604" HPOS="507"/>
<SP HEIGHT="53" WIDTH="38" VPOS="603" HPOS="602"/>
<String CONTENT="English" HEIGHT="69" WIDTH="245" VPOS="603" HPOS="641"/>
<SP HEIGHT="52" WIDTH="38" VPOS="604" HPOS="887"/>
<String CONTENT="Bills" HEIGHT="54" WIDTH="149" VPOS="602" HPOS="926"/>
<SP HEIGHT="35" WIDTH="37" VPOS="621" HPOS="1076"/>
<String CONTENT="of" HEIGHT="54" WIDTH="64" VPOS="602" HPOS="1114"/>
<SP HEIGHT="54" WIDTH="35" VPOS="602" HPOS="1179"/>
<String CONTENT="exchange" HEIGHT="68" WIDTH="286" VPOS="603" HPOS="1215"/>
<SP HEIGHT="36" WIDTH="39" VPOS="620" HPOS="1502"/>
<String CONTENT="act" HEIGHT="49" WIDTH="93" VPOS="607" HPOS="1542"/>
<SP HEIGHT="49" WIDTH="36" VPOS="607" HPOS="1636"/>
<String CONTENT="and" HEIGHT="53" WIDTH="113" VPOS="603" HPOS="1673"/>
<SP HEIGHT="53" WIDTH="38" VPOS="603" HPOS="1787"/>
<String CONTENT="cases," HEIGHT="51" WIDTH="168" VPOS="620" HPOS="1826"/>
<SP HEIGHT="49" WIDTH="36" VPOS="622" HPOS="1995"/>
<String CONTENT="cases" HEIGHT="36" WIDTH="151" VPOS="620" HPOS="2032"/>
<SP HEIGHT="36" WIDTH="37" VPOS="620" HPOS="2184"/>
<String CONTENT="under" HEIGHT="54" WIDTH="182" VPOS="602" HPOS="2222"/>
</TextLine>
<TextLine HEIGHT="69" WIDTH="1994" VPOS="680" HPOS="410" LANG="en-US">
<String CONTENT="the" HEIGHT="54" WIDTH="95" VPOS="680" HPOS="410"/>
<SP HEIGHT="35" WIDTH="43" VPOS="699" HPOS="506"/>
<String CONTENT="negotiable" HEIGHT="68" WIDTH="322" VPOS="681" HPOS="550"/>
<SP HEIGHT="52" WIDTH="44" VPOS="681" HPOS="873"/>
<String CONTENT="instruments" HEIGHT="53" WIDTH="372" VPOS="681" HPOS="918"/>
<SP HEIGHT="52" WIDTH="44" VPOS="681" HPOS="1291"/>
<String CONTENT="law," HEIGHT="66" WIDTH="130" VPOS="681" HPOS="1336"/>
<SP HEIGHT="65" WIDTH="44" VPOS="682" HPOS="1467"/>
<String CONTENT="Bills" HEIGHT="54" WIDTH="149" VPOS="680" HPOS="1512"/>
<SP HEIGHT="35" WIDTH="45" VPOS="699" HPOS="1662"/>
<String CONTENT="of" HEIGHT="54" WIDTH="64" VPOS="680" HPOS="1708"/>
<SP HEIGHT="53" WIDTH="45" VPOS="680" HPOS="1773"/>
<String CONTENT="exchange" HEIGHT="69" WIDTH="285" VPOS="680" HPOS="1819"/>
<SP HEIGHT="35" WIDTH="46" VPOS="699" HPOS="2105"/>
<String CONTENT="act" HEIGHT="47" WIDTH="91" VPOS="687" HPOS="2152"/>
<SP HEIGHT="47" WIDTH="46" VPOS="687" HPOS="2244"/>
<String CONTENT="and" HEIGHT="54" WIDTH="113" VPOS="680" HPOS="2291"/>
</TextLine>
<TextLine HEIGHT="70" WIDTH="1996" VPOS="756" HPOS="411" LANG="en-US">
<String CONTENT="comments" HEIGHT="47" WIDTH="308" VPOS="763" HPOS="411"/>
<SP HEIGHT="47" WIDTH="45" VPOS="763" HPOS="720"/>
<String CONTENT="thereon," HEIGHT="67" WIDTH="251" VPOS="758" HPOS="766"/>
<SP HEIGHT="49" WIDTH="44" VPOS="776" HPOS="1018"/>
<String CONTENT="statutory" HEIGHT="65" WIDTH="286" VPOS="761" HPOS="1063"/>
<SP HEIGHT="51" WIDTH="45" VPOS="775" HPOS="1350"/>
<String CONTENT="variations," HEIGHT="69" WIDTH="332" VPOS="756" HPOS="1396"/>
<SP HEIGHT="50" WIDTH="46" VPOS="775" HPOS="1729"/>
<String CONTENT="comparative" HEIGHT="68" WIDTH="385" VPOS="757" HPOS="1776"/>
<SP HEIGHT="48" WIDTH="46" VPOS="763" HPOS="2162"/>
<String CONTENT="tables," HEIGHT="68" WIDTH="198" VPOS="757" HPOS="2209"/>
</TextLine>
<TextLine HEIGHT="69" WIDTH="1996" VPOS="834" HPOS="412" LANG="en-US" CS="1">
<String CONTENT="etc.," HEIGHT="63" WIDTH="120" VPOS="839" HPOS="412"/>
<SP HEIGHT="68" WIDTH="27" VPOS="834" HPOS="533"/>
<String CONTENT="by" HEIGHT="69" WIDTH="75" VPOS="834" HPOS="561"/>
<SP HEIGHT="68" WIDTH="27" VPOS="835" HPOS="637"/>
<String CONTENT="Joseph" HEIGHT="68" WIDTH="216" VPOS="835" HPOS="665"/>
<SP HEIGHT="52" WIDTH="29" VPOS="835" HPOS="882"/>
<String CONTENT="Doddridge" HEIGHT="68" WIDTH="338" VPOS="834" HPOS="912"/>
<SP HEIGHT="52" WIDTH="29" VPOS="836" HPOS="1251"/>
<String CONTENT="Brannan" HEIGHT="51" WIDTH="276" VPOS="836" HPOS="1281"/>
<SP HEIGHT="33" WIDTH="34" VPOS="854" HPOS="1558"/>
<String CS="1" CONTENT="&#8230;"/>
<SP HEIGHT="33" WIDTH="35" VPOS="854" HPOS="1650"/>
<String CONTENT="and" HEIGHT="53" WIDTH="113" VPOS="835" HPOS="1686"/>
<SP HEIGHT="53" WIDTH="30" VPOS="835" HPOS="1800"/>
<String CONTENT="Zechariah" HEIGHT="54" WIDTH="311" VPOS="834" HPOS="1831"/>
<SP HEIGHT="55" WIDTH="29" VPOS="834" HPOS="2143"/>
<String CONTENT="Chafee," HEIGHT="67" WIDTH="235" VPOS="834" HPOS="2173"/>
</TextLine>
<TextLine HEIGHT="70" WIDTH="1991" VPOS="912" HPOS="413" LANG="en-US" CS="1">
<String CONTENT="jr." HEIGHT="69" WIDTH="71" VPOS="912" HPOS="413"/>
<SP HEIGHT="11" WIDTH="47" VPOS="954" HPOS="485"/>
<String CS="1" CONTENT="&#8230;"/>
<SP HEIGHT="48" WIDTH="82" VPOS="917" HPOS="590"/>
<String CONTENT="5th" HEIGHT="51" WIDTH="95" VPOS="914" HPOS="673"/>
<SP HEIGHT="51" WIDTH="43" VPOS="914" HPOS="769"/>
<String CONTENT="ed.," HEIGHT="68" WIDTH="103" VPOS="912" HPOS="813"/>
<SP HEIGHT="49" WIDTH="41" VPOS="931" HPOS="917"/>
<String CONTENT="rev.," HEIGHT="50" WIDTH="134" VPOS="930" HPOS="959"/>
<SP HEIGHT="49" WIDTH="40" VPOS="931" HPOS="1094"/>
<String CONTENT="enl." HEIGHT="52" WIDTH="106" VPOS="913" HPOS="1135"/>
<SP HEIGHT="34" WIDTH="45" VPOS="931" HPOS="1242"/>
<String CONTENT="and" HEIGHT="53" WIDTH="114" VPOS="912" HPOS="1288"/>
<SP HEIGHT="53" WIDTH="41" VPOS="912" HPOS="1403"/>
<String CONTENT="re-arranged" HEIGHT="68" WIDTH="370" VPOS="913" HPOS="1445"/>
<SP HEIGHT="53" WIDTH="41" VPOS="913" HPOS="1816"/>
<String CONTENT="by" HEIGHT="69" WIDTH="75" VPOS="913" HPOS="1858"/>
<SP HEIGHT="69" WIDTH="42" VPOS="913" HPOS="1934"/>
<String CONTENT="Frederick" HEIGHT="54" WIDTH="310" VPOS="912" HPOS="1977"/>
<SP HEIGHT="53" WIDTH="41" VPOS="912" HPOS="2288"/>
<String CONTENT="K." HEIGHT="53" WIDTH="74" VPOS="912" HPOS="2330"/>
</TextLine>
<TextLine HEIGHT="71" WIDTH="1990" VPOS="989" HPOS="413" LANG="en-US" CS="1">
<String LANG="de" CONTENT="Beutel" HEIGHT="52" WIDTH="202" VPOS="991" HPOS="413"/>
<SP HEIGHT="51" WIDTH="36" VPOS="991" HPOS="616"/>
<String CS="1" CONTENT="&#8230;"/>
<SP HEIGHT="55" WIDTH="74" VPOS="989" HPOS="709"/>
<String CONTENT="Cincinnati," HEIGHT="68" WIDTH="348" VPOS="989" HPOS="784"/>
<SP HEIGHT="67" WIDTH="31" VPOS="990" HPOS="1133"/>
<String CONTENT="The" HEIGHT="53" WIDTH="120" VPOS="990" HPOS="1165"/>
<SP HEIGHT="54" WIDTH="30" VPOS="990" HPOS="1286"/>
<String CONTENT="W." HEIGHT="54" WIDTH="91" VPOS="990" HPOS="1317"/>
<SP HEIGHT="52" WIDTH="31" VPOS="990" HPOS="1409"/>
<String CONTENT="H." HEIGHT="52" WIDTH="79" VPOS="990" HPOS="1441"/>
<SP HEIGHT="53" WIDTH="32" VPOS="989" HPOS="1521"/>
<String CONTENT="Anderson" HEIGHT="54" WIDTH="301" VPOS="989" HPOS="1554"/>
<SP HEIGHT="35" WIDTH="34" VPOS="1009" HPOS="1856"/>
<String CONTENT="company" HEIGHT="53" WIDTH="281" VPOS="1007" HPOS="1891"/>
<SP HEIGHT="51" WIDTH="37" VPOS="1009" HPOS="2173"/>
<String CS="1" CONTENT="[&#7580;1932]" HEIGHT="66" WIDTH="192" VPOS="992" HPOS="2211"/>
</TextLine>
<TextLine HEIGHT="50" WIDTH="337" VPOS="1074" HPOS="553" LANG="en-US" CS="1">
<String CS="1" CONTENT="xv," HEIGHT="18" WIDTH="9" VPOS="1106" HPOS="553"/>
<SP HEIGHT="47" WIDTH="27" VPOS="1077" HPOS="563"/>
<String CONTENT="1322" HEIGHT="42" WIDTH="114" VPOS="1075" HPOS="591"/>
<SP HEIGHT="49" WIDTH="24" VPOS="1075" HPOS="706"/>
<String CONTENT="p." HEIGHT="38" WIDTH="45" VPOS="1086" HPOS="731"/>
<SP HEIGHT="43" WIDTH="56" VPOS="1074" HPOS="777"/>
<String CS="1" CONTENT="23&#189;&#7580;&#7504;." HEIGHT="41" WIDTH="56" VPOS="1074" HPOS="834"/>
</TextLine>
<TextLine HEIGHT="50" WIDTH="1016" VPOS="1143" HPOS="491" STYLEREFS="StyleId-8A975E03-73B1-43DA-9D9B-B616064BDB46-" LANG="en-US">
<String CONTENT="&#8220;Law" HEIGHT="40" WIDTH="144" VPOS="1145" HPOS="491"/>
<SP HEIGHT="29" WIDTH="28" VPOS="1155" HPOS="636"/>
<String CONTENT="review" HEIGHT="41" WIDTH="177" VPOS="1145" HPOS="665"/>
<SP HEIGHT="29" WIDTH="26" VPOS="1156" HPOS="843"/>
<String CONTENT="articles&#8221;" HEIGHT="42" WIDTH="224" VPOS="1144" HPOS="870"/>
<SP HEIGHT="41" WIDTH="18" VPOS="1144" HPOS="1095"/>
<String CONTENT=":" HEIGHT="29" WIDTH="8" VPOS="1156" HPOS="1114"/>
<SP HEIGHT="39" WIDTH="32" VPOS="1154" HPOS="1123"/>
<String CONTENT="p." HEIGHT="39" WIDTH="43" VPOS="1154" HPOS="1156"/>
<SP HEIGHT="41" WIDTH="31" VPOS="1145" HPOS="1200"/>
<String CONTENT="1101-1102." HEIGHT="43" WIDTH="275" VPOS="1143" HPOS="1232"/>
</TextLine>
<TextLine HEIGHT="52" WIDTH="1987" VPOS="1213" HPOS="424" STYLEREFS="StyleId-8A975E03-73B1-43DA-9D9B-B616064BDB46-" LANG="en-US">
<String CONTENT="&#169;" HEIGHT="52" WIDTH="51" VPOS="1213" HPOS="424"/>
<SP HEIGHT="52" WIDTH="28" VPOS="1213" HPOS="476"/>
<String CONTENT="May" HEIGHT="46" WIDTH="113" VPOS="1218" HPOS="505"/>
<SP HEIGHT="45" WIDTH="26" VPOS="1219" HPOS="619"/>
<String CONTENT="7," HEIGHT="45" WIDTH="38" VPOS="1219" HPOS="646"/>
<SP HEIGHT="46" WIDTH="28" VPOS="1218" HPOS="685"/>
<String CONTENT="1932;" HEIGHT="47" WIDTH="139" VPOS="1216" HPOS="714"/>
<SP HEIGHT="46" WIDTH="29" VPOS="1217" HPOS="854"/>
<String CONTENT="2c." HEIGHT="40" WIDTH="66" VPOS="1217" HPOS="884"/>
<SP HEIGHT="39" WIDTH="30" VPOS="1218" HPOS="951"/>
<String CONTENT="May" HEIGHT="47" WIDTH="113" VPOS="1218" HPOS="982"/>
<SP HEIGHT="49" WIDTH="25" VPOS="1216" HPOS="1096"/>
<String CONTENT="9;" HEIGHT="47" WIDTH="53" VPOS="1216" HPOS="1122"/>
<SP HEIGHT="35" WIDTH="30" VPOS="1228" HPOS="1176"/>
<String CONTENT="aff." HEIGHT="41" WIDTH="82" VPOS="1216" HPOS="1207"/>
<SP HEIGHT="39" WIDTH="28" VPOS="1218" HPOS="1290"/>
<String CONTENT="May" HEIGHT="46" WIDTH="113" VPOS="1218" HPOS="1319"/>
<SP HEIGHT="47" WIDTH="27" VPOS="1217" HPOS="1433"/>
<String CONTENT="23;" HEIGHT="47" WIDTH="82" VPOS="1217" HPOS="1461"/>
<SP HEIGHT="47" WIDTH="30" VPOS="1217" HPOS="1544"/>
<!-- cceid 0BB1548B-6D7D-1014-B4A5-D7A31D17AB40 --><String CONTENT="A" HEIGHT="39" WIDTH="41" VPOS="1217" HPOS="1575"/>
<SP HEIGHT="40" WIDTH="27" VPOS="1217" HPOS="1617"/>
<String CONTENT="51516;" HEIGHT="48" WIDTH="169" VPOS="1217" HPOS="1645"/>
<SP HEIGHT="48" WIDTH="32" VPOS="1217" HPOS="1815"/>
<String CONTENT="Frederick" HEIGHT="42" WIDTH="260" VPOS="1216" HPOS="1848"/>
<SP HEIGHT="39" WIDTH="27" VPOS="1217" HPOS="2109"/>
<String CONTENT="K." HEIGHT="40" WIDTH="59" VPOS="1218" HPOS="2137"/>
<SP HEIGHT="40" WIDTH="28" VPOS="1218" HPOS="2197"/>
<String LANG="de" CONTENT="Beutel," HEIGHT="50" WIDTH="185" VPOS="1215" HPOS="2226"/>
</TextLine>
<TextLine HEIGHT="51" WIDTH="1919" VPOS="1270" HPOS="493" STYLEREFS="StyleId-8A975E03-73B1-43DA-9D9B-B616064BDB46-" LANG="en-US">
<String CONTENT="Philadelphia," HEIGHT="48" WIDTH="353" VPOS="1273" HPOS="493"/>
<SP HEIGHT="47" WIDTH="31" VPOS="1274" HPOS="847"/>
<String CONTENT="Z." HEIGHT="40" WIDTH="46" VPOS="1274" HPOS="879"/>
<SP HEIGHT="41" WIDTH="31" VPOS="1273" HPOS="926"/>
<String CONTENT="Chafee," HEIGHT="48" WIDTH="195" VPOS="1273" HPOS="958"/>
<SP HEIGHT="49" WIDTH="29" VPOS="1272" HPOS="1154"/>
<String CONTENT="jr.," HEIGHT="48" WIDTH="75" VPOS="1272" HPOS="1184"/>
<SP HEIGHT="47" WIDTH="32" VPOS="1273" HPOS="1260"/>
<String CONTENT="Cambridge," HEIGHT="49" WIDTH="300" VPOS="1272" HPOS="1293"/>
<SP HEIGHT="47" WIDTH="31" VPOS="1274" HPOS="1594"/>
<String CONTENT="Mass.," HEIGHT="47" WIDTH="162" VPOS="1274" HPOS="1626"/>
<SP HEIGHT="37" WIDTH="30" VPOS="1284" HPOS="1789"/>
<String CONTENT="and" HEIGHT="39" WIDTH="94" VPOS="1274" HPOS="1820"/>
<SP HEIGHT="40" WIDTH="29" VPOS="1274" HPOS="1915"/>
<String CONTENT="J." HEIGHT="40" WIDTH="42" VPOS="1274" HPOS="1945"/>
<SP HEIGHT="41" WIDTH="32" VPOS="1273" HPOS="1988"/>
<String CONTENT="Colby" HEIGHT="51" WIDTH="148" VPOS="1270" HPOS="2021"/>
<SP HEIGHT="47" WIDTH="29" VPOS="1274" HPOS="2170"/>
<String CONTENT="Bassett," HEIGHT="46" WIDTH="212" VPOS="1274" HPOS="2200"/>
</TextLine>
<TextLine HEIGHT="48" WIDTH="1647" VPOS="1330" HPOS="493" STYLEREFS="StyleId-8A975E03-73B1-43DA-9D9B-B616064BDB46-" LANG="en-US">
<String CONTENT="trustee" HEIGHT="39" WIDTH="184" VPOS="1332" HPOS="493"/>
<SP HEIGHT="29" WIDTH="21" VPOS="1340" HPOS="678"/>
<String CONTENT="under" HEIGHT="39" WIDTH="152" VPOS="1331" HPOS="700"/>
<SP HEIGHT="38" WIDTH="22" VPOS="1332" HPOS="853"/>
<String CONTENT="the" HEIGHT="40" WIDTH="81" VPOS="1330" HPOS="876"/>
<SP HEIGHT="30" WIDTH="20" VPOS="1340" HPOS="958"/>
<String CONTENT="will" HEIGHT="39" WIDTH="100" VPOS="1330" HPOS="979"/>
<SP HEIGHT="38" WIDTH="22" VPOS="1332" HPOS="1080"/>
<String CONTENT="of" HEIGHT="40" WIDTH="52" VPOS="1330" HPOS="1103"/>
<SP HEIGHT="40" WIDTH="21" VPOS="1330" HPOS="1156"/>
<String LANG="fr" CONTENT="J." HEIGHT="39" WIDTH="42" VPOS="1331" HPOS="1178"/>
<SP HEIGHT="37" WIDTH="25" VPOS="1331" HPOS="1221"/>
<String CONTENT="D." HEIGHT="38" WIDTH="56" VPOS="1331" HPOS="1247"/>
<SP HEIGHT="39" WIDTH="23" VPOS="1330" HPOS="1304"/>
<String CONTENT="Brannan," HEIGHT="47" WIDTH="247" VPOS="1330" HPOS="1328"/>
<SP HEIGHT="46" WIDTH="24" VPOS="1331" HPOS="1576"/>
<String CONTENT="Boston." HEIGHT="41" WIDTH="196" VPOS="1330" HPOS="1601"/>
<SP HEIGHT="47" WIDTH="61" VPOS="1331" HPOS="1798"/>
<String CONTENT="(32-13540)" HEIGHT="48" WIDTH="280" VPOS="1330" HPOS="1860"/>
</TextLine>
<TextLine HEIGHT="66" WIDTH="546" VPOS="1447" HPOS="419">
<String LANG="fr" CONTENT="Ch&#233;ramy," HEIGHT="66" WIDTH="314" VPOS="1447" HPOS="419"/>
<SP HEIGHT="64" WIDTH="26" VPOS="1449" HPOS="734"/>
<String LANG="en-US" CONTENT="Henri." HEIGHT="56" WIDTH="204" VPOS="1448" HPOS="761"/>
</TextLine>
<TextLine HEIGHT="69" WIDTH="1859" VPOS="1523" HPOS="549" CS="1">
<String LANG="en-US" CS="1" CONTENT="&#8230;"/>
<SP HEIGHT="54" WIDTH="31" VPOS="1523" HPOS="549"/>
<String LANG="fr" CONTENT="Les" HEIGHT="55" WIDTH="108" VPOS="1523" HPOS="581"/>
<SP HEIGHT="34" WIDTH="25" VPOS="1542" HPOS="690"/>
<String LANG="fr" CONTENT="catacombes" HEIGHT="53" WIDTH="345" VPOS="1524" HPOS="716"/>
<SP HEIGHT="34" WIDTH="26" VPOS="1542" HPOS="1062"/>
<String LANG="fr" CONTENT="romaines." HEIGHT="52" WIDTH="294" VPOS="1525" HPOS="1089"/>
<SP HEIGHT="33" WIDTH="70" VPOS="1559" HPOS="1384"/>
<String LANG="en-US" CONTENT="[Paris]" HEIGHT="69" WIDTH="201" VPOS="1523" HPOS="1455"/>
<SP HEIGHT="68" WIDTH="33" VPOS="1524" HPOS="1657"/>
<String LANG="en-US" CONTENT="E." HEIGHT="53" WIDTH="67" VPOS="1524" HPOS="1691"/>
<SP HEIGHT="52" WIDTH="32" VPOS="1525" HPOS="1759"/>
<String LANG="fr" CONTENT="Flammarion" HEIGHT="52" WIDTH="389" VPOS="1524" HPOS="1792"/>
<SP HEIGHT="50" WIDTH="33" VPOS="1542" HPOS="2182"/>
<String STYLE="subscript" LANG="fr" CS="1" CONTENT="[&#7580;19"/>
<String LANG="fr" CONTENT="32]" HEIGHT="69" WIDTH="84" VPOS="1523" HPOS="2324"/>
</TextLine>
<TextLine HEIGHT="53" WIDTH="1045" VPOS="1607" HPOS="488" STYLEREFS="StyleId-8A975E03-73B1-43DA-9D9B-B616064BDB46-" LANG="fr" CS="1">
<String CONTENT="207" HEIGHT="43" WIDTH="86" VPOS="1607" HPOS="488"/>
<SP HEIGHT="47" WIDTH="30" VPOS="1610" HPOS="575"/>
<String CS="1" CONTENT="p.,"/>
<SP/>
<String CS="1" CONTENT="3"/>
<SP/>
<String CS="1" CONTENT="l."/>
<SP HEIGHT="40" WIDTH="59" VPOS="1610" HPOS="783"/>
<String CONTENT="18" HEIGHT="40" WIDTH="56" VPOS="1610" HPOS="843"/>
<String LANG="en-US" CS="1" CONTENT="&#189;"/>
<String CS="1" CONTENT="&#7580;&#7504;."/>
<SP HEIGHT="48" WIDTH="68" VPOS="1610" HPOS="989"/>
<String CONTENT="(Les" HEIGHT="48" WIDTH="115" VPOS="1610" HPOS="1058"/>
<SP HEIGHT="37" WIDTH="31" VPOS="1622" HPOS="1174"/>
<String CONTENT="p&#232;lerinages)" HEIGHT="50" WIDTH="327" VPOS="1610" HPOS="1206"/>
</TextLine>
<TextLine HEIGHT="51" WIDTH="1020" VPOS="1665" HPOS="488" STYLEREFS="StyleId-5E056AED-D51C-4902-A935-75FEF81C09C5-">
<String LANG="en-US" CONTENT="At" HEIGHT="42" WIDTH="65" VPOS="1665" HPOS="488"/>
<SP HEIGHT="41" WIDTH="23" VPOS="1666" HPOS="554"/>
<String LANG="en-US" CONTENT="head" HEIGHT="41" WIDTH="124" VPOS="1666" HPOS="578"/>
<SP HEIGHT="39" WIDTH="24" VPOS="1667" HPOS="703"/>
<String LANG="en-US" CONTENT="of" HEIGHT="39" WIDTH="51" VPOS="1667" HPOS="728"/>
<SP HEIGHT="40" WIDTH="22" VPOS="1667" HPOS="780"/>
<String LANG="en-US" CONTENT="title" HEIGHT="40" WIDTH="109" VPOS="1667" HPOS="803"/>
<SP HEIGHT="30" WIDTH="16" VPOS="1677" HPOS="913"/>
<String LANG="en-US" CONTENT=":" HEIGHT="28" WIDTH="8" VPOS="1678" HPOS="930"/>
<SP HEIGHT="39" WIDTH="27" VPOS="1667" HPOS="939"/>
<String LANG="fr" CONTENT="H." HEIGHT="42" WIDTH="61" VPOS="1667" HPOS="967"/>
<SP HEIGHT="42" WIDTH="26" VPOS="1667" HPOS="1029"/>
<String LANG="fr" CONTENT="Ch&#233;ramy," HEIGHT="50" WIDTH="252" VPOS="1666" HPOS="1056"/>
<SP HEIGHT="36" WIDTH="24" VPOS="1680" HPOS="1309"/>
<String LANG="fr" CONTENT="p." HEIGHT="31" WIDTH="40" VPOS="1680" HPOS="1334"/>
<SP HEIGHT="31" WIDTH="28" VPOS="1680" HPOS="1375"/>
<String LANG="fr" CONTENT="s." HEIGHT="30" WIDTH="39" VPOS="1680" HPOS="1404"/>
<SP HEIGHT="30" WIDTH="27" VPOS="1680" HPOS="1444"/>
<String LANG="fr" CONTENT="s." HEIGHT="30" WIDTH="36" VPOS="1680" HPOS="1472"/>
</TextLine>
<TextLine HEIGHT="109" WIDTH="1904" VPOS="1736" HPOS="427" STYLEREFS="StyleId-8A975E03-73B1-43DA-9D9B-B616064BDB46-" LANG="fr" CS="1">
<String CONTENT="&#169;" HEIGHT="52" WIDTH="51" VPOS="1736" HPOS="427"/>
<SP HEIGHT="52" WIDTH="28" VPOS="1736" HPOS="479"/>
<String LANG="en-US" CONTENT="Apr." HEIGHT="48" WIDTH="112" VPOS="1740" HPOS="508"/>
<SP HEIGHT="37" WIDTH="29" VPOS="1742" HPOS="621"/>
<String CONTENT="14," HEIGHT="45" WIDTH="68" VPOS="1742" HPOS="651"/>
<SP HEIGHT="45" WIDTH="28" VPOS="1742" HPOS="720"/>
<String CONTENT="1932;" HEIGHT="48" WIDTH="139" VPOS="1739" HPOS="749"/>
<SP/>
<String CS="1" CONTENT="1c."/>
<SP/>
<String CONTENT="May" HEIGHT="47" WIDTH="113" VPOS="1742" HPOS="1017"/>
<SP HEIGHT="48" WIDTH="26" VPOS="1741" HPOS="1131"/>
<String CONTENT="2;" HEIGHT="46" WIDTH="52" VPOS="1741" HPOS="1158"/>
<SP HEIGHT="46" WIDTH="30" VPOS="1741" HPOS="1211"/>
<!-- cceid 0BB1D570-6D7D-1014-B4A5-D7A31D17AB40 --><String CONTENT="A&#8212;" HEIGHT="39" WIDTH="102" VPOS="1741" HPOS="1242"/>
<String LANG="en-US" CONTENT="Foreign" HEIGHT="49" WIDTH="208" VPOS="1740" HPOS="1347"/>
<SP HEIGHT="37" WIDTH="24" VPOS="1743" HPOS="1556"/>
<String CONTENT="16669;" HEIGHT="49" WIDTH="170" VPOS="1739" HPOS="1581"/>
<SP HEIGHT="51" WIDTH="29" VPOS="1737" HPOS="1752"/>
<String CONTENT="Ernest" HEIGHT="45" WIDTH="177" VPOS="1737" HPOS="1782"/>
<SP HEIGHT="40" WIDTH="28" VPOS="1742" HPOS="1960"/>
<String CONTENT="Flammarion." HEIGHT="41" WIDTH="342" VPOS="1740" HPOS="1989"/>
<SP/>
<String CONTENT="(32-16735)" HEIGHT="50" WIDTH="280" VPOS="1795" HPOS="507"/>
</TextLine>
<TextLine HEIGHT="71" WIDTH="1062" VPOS="1910" HPOS="423" LANG="fr">
<String CONTENT="Chesterton," HEIGHT="70" WIDTH="374" VPOS="1910" HPOS="423"/>
<SP HEIGHT="66" WIDTH="29" VPOS="1914" HPOS="798"/>
<String CONTENT="Gilbert" HEIGHT="57" WIDTH="225" VPOS="1912" HPOS="828"/>
<SP HEIGHT="55" WIDTH="27" VPOS="1914" HPOS="1054"/>
<String CONTENT="Keith," HEIGHT="67" WIDTH="201" VPOS="1914" HPOS="1082"/>
<SP HEIGHT="60" WIDTH="29" VPOS="1921" HPOS="1284"/>
<String CONTENT="1874-" HEIGHT="56" WIDTH="171" VPOS="1915" HPOS="1314"/>
</TextLine>
<TextLine HEIGHT="69" WIDTH="1922" VPOS="1990" HPOS="490">
<String LANG="fr" CONTENT="Chaucer," HEIGHT="69" WIDTH="275" VPOS="1990" HPOS="490"/>
<SP HEIGHT="67" WIDTH="45" VPOS="1992" HPOS="766"/>
<String LANG="en-US" CONTENT="by" HEIGHT="67" WIDTH="75" VPOS="1992" HPOS="812"/>
<SP HEIGHT="68" WIDTH="42" VPOS="1991" HPOS="888"/>
<String LANG="fr" CONTENT="G." HEIGHT="56" WIDTH="69" VPOS="1991" HPOS="931"/>
<SP HEIGHT="52" WIDTH="45" VPOS="1993" HPOS="1001"/>
<String LANG="fr" CONTENT="K." HEIGHT="51" WIDTH="73" VPOS="1993" HPOS="1047"/>
<SP HEIGHT="56" WIDTH="47" VPOS="1992" HPOS="1121"/>
<String LANG="fr" CONTENT="Chesterton." HEIGHT="56" WIDTH="355" VPOS="1992" HPOS="1169"/>
<SP HEIGHT="51" WIDTH="77" VPOS="1994" HPOS="1525"/>
<String LANG="fr" CONTENT="London," HEIGHT="65" WIDTH="259" VPOS="1994" HPOS="1603"/>
<SP HEIGHT="64" WIDTH="43" VPOS="1995" HPOS="1863"/>
<String LANG="en-US" CONTENT="Faber" HEIGHT="53" WIDTH="186" VPOS="1994" HPOS="1907"/>
<SP HEIGHT="50" WIDTH="42" VPOS="1997" HPOS="2094"/>
<String LANG="fr" CONTENT="&amp;" HEIGHT="50" WIDTH="46" VPOS="1997" HPOS="2137"/>
<SP HEIGHT="52" WIDTH="42" VPOS="1995" HPOS="2184"/>
<String LANG="en-US" CONTENT="Faber" HEIGHT="53" WIDTH="185" VPOS="1994" HPOS="2227"/>
</TextLine>
<TextLine HEIGHT="70" WIDTH="437" VPOS="2067" HPOS="414" CS="1">
<String LANG="en-US" CONTENT="limited" HEIGHT="56" WIDTH="223" VPOS="2067" HPOS="414"/>
<SP HEIGHT="67" WIDTH="40" VPOS="2070" HPOS="638"/>
<String STYLE="subscript" LANG="fr" CS="1" CONTENT="[19"/>
<String LANG="fr" CONTENT="32]" HEIGHT="64" WIDTH="84" VPOS="2073" HPOS="767"/>
</TextLine>
<TextLine HEIGHT="50" WIDTH="540" VPOS="2154" HPOS="491" STYLEREFS="StyleId-8A975E03-73B1-43DA-9D9B-B616064BDB46-" LANG="fr" CS="1">
<String CONTENT="2" HEIGHT="39" WIDTH="29" VPOS="2156" HPOS="491"/>
<SP/>
<String CS="1" CONTENT="p."/>
<SP/>
<String CS="1" CONTENT="l.," HEIGHT="17" WIDTH="9" VPOS="2186" HPOS="660"/>
<SP HEIGHT="48" WIDTH="29" VPOS="2155" HPOS="670"/>
<String CONTENT="7-302" HEIGHT="41" WIDTH="144" VPOS="2154" HPOS="700"/>
<SP HEIGHT="49" WIDTH="26" VPOS="2155" HPOS="845"/>
<String CONTENT="p." HEIGHT="37" WIDTH="44" VPOS="2167" HPOS="872"/>
<SP HEIGHT="41" WIDTH="58" VPOS="2154" HPOS="917"/>
<String CONTENT="22" HEIGHT="40" WIDTH="55" VPOS="2154" HPOS="976"/>
<String LANG="en-US" CS="1" CONTENT="&#189;"/>
<String CS="1" CONTENT="&#7580;&#7504;."/>
</TextLine>
<TextLine HEIGHT="53" WIDTH="1986" VPOS="2223" HPOS="432" STYLEREFS="StyleId-8A975E03-73B1-43DA-9D9B-B616064BDB46-" LANG="fr" CS="1">
<String CONTENT="&#169;" HEIGHT="51" WIDTH="51" VPOS="2223" HPOS="432"/>
<SP/>
<String CS="1" CONTENT="1c."/>
<SP/>
<String LANG="en-US" CONTENT="June" HEIGHT="40" WIDTH="125" VPOS="2226" HPOS="615"/>
<SP HEIGHT="38" WIDTH="29" VPOS="2227" HPOS="741"/>
<String CONTENT="7," HEIGHT="44" WIDTH="39" VPOS="2227" HPOS="771"/>
<SP HEIGHT="44" WIDTH="28" VPOS="2227" HPOS="811"/>
<String CS="1" CONTENT="1932;" HEIGHT="43" WIDTH="113" VPOS="2225" HPOS="840"/>
<SP HEIGHT="45" WIDTH="31" VPOS="2226" HPOS="981"/>
<!-- cceid 0BB23AB6-6D7D-1014-B4A5-D7A31D17AB40 --><String CONTENT="A" HEIGHT="38" WIDTH="42" VPOS="2226" HPOS="1013"/>
<SP HEIGHT="39" WIDTH="28" VPOS="2226" HPOS="1056"/>
<String CONTENT="ad" HEIGHT="39" WIDTH="60" VPOS="2228" HPOS="1085"/>
<SP HEIGHT="42" WIDTH="30" VPOS="2225" HPOS="1146"/>
<String CONTENT="int." HEIGHT="41" WIDTH="86" VPOS="2225" HPOS="1177"/>
<SP HEIGHT="40" WIDTH="32" VPOS="2226" HPOS="1264"/>
<String CS="1" CONTENT="16560;" HEIGHT="41" WIDTH="146" VPOS="2225" HPOS="1297"/>
<SP HEIGHT="37" WIDTH="34" VPOS="2237" HPOS="1466"/>
<String CONTENT="pubd." HEIGHT="49" WIDTH="142" VPOS="2225" HPOS="1501"/>
<SP HEIGHT="40" WIDTH="29" VPOS="2228" HPOS="1644"/>
<String LANG="en-US" CONTENT="Apr." HEIGHT="48" WIDTH="114" VPOS="2228" HPOS="1674"/>
<SP HEIGHT="40" WIDTH="31" VPOS="2228" HPOS="1789"/>
<String CS="1" CONTENT="11;" HEIGHT="40" WIDTH="53" VPOS="2227" HPOS="1821"/>
<SP HEIGHT="46" WIDTH="36" VPOS="2229" HPOS="1903"/>
<String CONTENT="G." HEIGHT="41" WIDTH="51" VPOS="2229" HPOS="1940"/>
<SP HEIGHT="46" WIDTH="32" VPOS="2224" HPOS="1992"/>
<String CONTENT="K." HEIGHT="44" WIDTH="57" VPOS="2224" HPOS="2025"/>
<SP HEIGHT="41" WIDTH="33" VPOS="2229" HPOS="2083"/>
<String CONTENT="Chesterton," HEIGHT="46" WIDTH="301" VPOS="2229" HPOS="2117"/>
</TextLine>
<TextLine HEIGHT="48" WIDTH="967" VPOS="2282" HPOS="500" STYLEREFS="StyleId-8A975E03-73B1-43DA-9D9B-B616064BDB46-" CS="1">
<String LANG="fr" CS="1" CONTENT="Beaconsfield," HEIGHT="47" WIDTH="344" VPOS="2282" HPOS="500"/>
<SP HEIGHT="46" WIDTH="36" VPOS="2283" HPOS="845"/>
<String LANG="en-US" CONTENT="England." HEIGHT="46" WIDTH="233" VPOS="2283" HPOS="882"/>
<SP HEIGHT="47" WIDTH="71" VPOS="2283" HPOS="1116"/>
<String LANG="fr" CONTENT="(23-17294)" HEIGHT="48" WIDTH="279" VPOS="2282" HPOS="1188"/>
</TextLine>
<TextLine HEIGHT="66" WIDTH="670" VPOS="2399" HPOS="426">
<String LANG="fr" CONTENT="Clark," HEIGHT="66" WIDTH="194" VPOS="2399" HPOS="426"/>
<SP HEIGHT="65" WIDTH="29" VPOS="2400" HPOS="621"/>
<String LANG="en-US" CONTENT="Grover," HEIGHT="65" WIDTH="241" VPOS="2400" HPOS="651"/>
<SP HEIGHT="61" WIDTH="32" VPOS="2404" HPOS="893"/>
<String LANG="fr" CONTENT="1891-" HEIGHT="51" WIDTH="170" VPOS="2404" HPOS="926"/>
</TextLine>
<TextLine HEIGHT="74" WIDTH="1920" VPOS="2476" HPOS="498">
<String LANG="en-US" CONTENT="Economic" HEIGHT="56" WIDTH="305" VPOS="2476" HPOS="498"/>
<SP HEIGHT="36" WIDTH="24" VPOS="2496" HPOS="804"/>
<String LANG="en-US" CONTENT="rivalries" HEIGHT="54" WIDTH="261" VPOS="2477" HPOS="829"/>
<SP HEIGHT="52" WIDTH="23" VPOS="2479" HPOS="1091"/>
<String LANG="fr" CONTENT="in" HEIGHT="54" WIDTH="61" VPOS="2479" HPOS="1115"/>
<SP HEIGHT="55" WIDTH="24" VPOS="2479" HPOS="1177"/>
<String LANG="fr" CONTENT="China," HEIGHT="68" WIDTH="205" VPOS="2479" HPOS="1202"/>
<SP HEIGHT="68" WIDTH="23" VPOS="2479" HPOS="1408"/>
<String LANG="en-US" CONTENT="by" HEIGHT="68" WIDTH="75" VPOS="2479" HPOS="1432"/>
<SP HEIGHT="66" WIDTH="23" VPOS="2481" HPOS="1508"/>
<String LANG="en-US" CONTENT="Grover" HEIGHT="55" WIDTH="220" VPOS="2481" HPOS="1532"/>
<SP HEIGHT="56" WIDTH="25" VPOS="2482" HPOS="1753"/>
<String LANG="fr" CONTENT="Clark." HEIGHT="56" WIDTH="191" VPOS="2482" HPOS="1779"/>
<SP HEIGHT="53" WIDTH="60" VPOS="2483" HPOS="1971"/>
<String LANG="fr" CONTENT="New" HEIGHT="53" WIDTH="138" VPOS="2483" HPOS="2032"/>
<SP HEIGHT="53" WIDTH="23" VPOS="2484" HPOS="2171"/>
<String LANG="fr" CONTENT="Haven," HEIGHT="66" WIDTH="223" VPOS="2484" HPOS="2195"/>
</TextLine>
<TextLine HEIGHT="76" WIDTH="1990" VPOS="2553" HPOS="428">
<String LANG="en-US" CONTENT="Pub." HEIGHT="55" WIDTH="142" VPOS="2553" HPOS="428"/>
<SP HEIGHT="54" WIDTH="37" VPOS="2554" HPOS="571"/>
<String LANG="en-US" CONTENT="for" HEIGHT="54" WIDTH="92" VPOS="2554" HPOS="609"/>
<SP HEIGHT="47" WIDTH="33" VPOS="2561" HPOS="702"/>
<String LANG="en-US" CONTENT="the" HEIGHT="52" WIDTH="94" VPOS="2557" HPOS="736"/>
<SP HEIGHT="55" WIDTH="36" VPOS="2556" HPOS="831"/>
<String LANG="fr" CONTENT="Carnegie" HEIGHT="68" WIDTH="278" VPOS="2556" HPOS="868"/>
<SP HEIGHT="34" WIDTH="33" VPOS="2574" HPOS="1147"/>
<String LANG="en-US" CONTENT="endowment" HEIGHT="55" WIDTH="354" VPOS="2556" HPOS="1181"/>
<SP HEIGHT="53" WIDTH="35" VPOS="2558" HPOS="1536"/>
<String LANG="fr" CONTENT="for" HEIGHT="53" WIDTH="95" VPOS="2558" HPOS="1572"/>
<SP HEIGHT="53" WIDTH="30" VPOS="2558" HPOS="1668"/>
<String LANG="fr" CONTENT="international" HEIGHT="55" WIDTH="408" VPOS="2558" HPOS="1699"/>
<SP HEIGHT="68" WIDTH="35" VPOS="2560" HPOS="2108"/>
<String LANG="en-US" CONTENT="peace" HEIGHT="49" WIDTH="168" VPOS="2579" HPOS="2144"/>
<SP HEIGHT="53" WIDTH="28" VPOS="2562" HPOS="2313"/>
<String LANG="en-US" CONTENT="by" HEIGHT="67" WIDTH="76" VPOS="2562" HPOS="2342"/>
</TextLine>
<TextLine HEIGHT="76" WIDTH="1990" VPOS="2631" HPOS="429" LANG="en-US">
<String CONTENT="Yale" HEIGHT="54" WIDTH="144" VPOS="2631" HPOS="429"/>
<SP HEIGHT="35" WIDTH="26" VPOS="2650" HPOS="574"/>
<String CONTENT="university" HEIGHT="69" WIDTH="318" VPOS="2632" HPOS="601"/>
<SP HEIGHT="49" WIDTH="25" VPOS="2652" HPOS="920"/>
<String CONTENT="press;" HEIGHT="50" WIDTH="184" VPOS="2652" HPOS="946"/>
<SP HEIGHT="67" WIDTH="29" VPOS="2635" HPOS="1131"/>
<String CONTENT="London," HEIGHT="67" WIDTH="258" VPOS="2635" HPOS="1161"/>
<SP HEIGHT="67" WIDTH="25" VPOS="2635" HPOS="1420"/>
<String CONTENT="H." HEIGHT="55" WIDTH="77" VPOS="2635" HPOS="1446"/>
<SP HEIGHT="53" WIDTH="26" VPOS="2637" HPOS="1524"/>
<String CONTENT="Milford," HEIGHT="70" WIDTH="266" VPOS="2634" HPOS="1551"/>
<SP HEIGHT="67" WIDTH="27" VPOS="2637" HPOS="1818"/>
<String CONTENT="Oxford" HEIGHT="55" WIDTH="230" VPOS="2637" HPOS="1846"/>
<SP HEIGHT="53" WIDTH="25" VPOS="2639" HPOS="2077"/>
<String CONTENT="university" HEIGHT="68" WIDTH="316" VPOS="2639" HPOS="2103"/>
</TextLine>
<TextLine HEIGHT="64" WIDTH="358" VPOS="2714" HPOS="428" LANG="en-US">
<String CONTENT="press," HEIGHT="50" WIDTH="174" VPOS="2728" HPOS="428"/>
<SP HEIGHT="62" WIDTH="32" VPOS="2716" HPOS="603"/>
<String CONTENT="1932." HEIGHT="52" WIDTH="150" VPOS="2714" HPOS="636"/>
</TextLine>
<TextLine HEIGHT="56" WIDTH="1921" VPOS="2795" HPOS="499" STYLEREFS="StyleId-8A975E03-73B1-43DA-9D9B-B616064BDB46-" LANG="en-US" CS="1">
<String CONTENT="4" HEIGHT="40" WIDTH="30" VPOS="2797" HPOS="499"/>
<SP/>
<String CS="1" CONTENT="p."/>
<SP/>
<String CS="1" CONTENT="l.," HEIGHT="17" WIDTH="9" VPOS="2827" HPOS="694"/>
<SP HEIGHT="30" WIDTH="45" VPOS="2815" HPOS="704"/>
<String CONTENT="[3]-132" HEIGHT="50" WIDTH="175" VPOS="2795" HPOS="750"/>
<SP HEIGHT="48" WIDTH="42" VPOS="2797" HPOS="926"/>
<String CONTENT="p." HEIGHT="37" WIDTH="42" VPOS="2808" HPOS="969"/>
<SP HEIGHT="37" WIDTH="60" VPOS="2800" HPOS="1012"/>
<String CONTENT="tables" HEIGHT="42" WIDTH="156" VPOS="2796" HPOS="1073"/>
<SP HEIGHT="49" WIDTH="25" VPOS="2797" HPOS="1230"/>
<String CONTENT="(part" HEIGHT="49" WIDTH="136" VPOS="2797" HPOS="1256"/>
<SP HEIGHT="41" WIDTH="40" VPOS="2798" HPOS="1393"/>
<String CONTENT="fold.)" HEIGHT="48" WIDTH="145" VPOS="2798" HPOS="1434"/>
<SP HEIGHT="48" WIDTH="49" VPOS="2798" HPOS="1580"/>
<String CS="1" CONTENT="IV"/>
<SP HEIGHT="42" WIDTH="41" VPOS="2798" HPOS="1682"/>
<String CONTENT="diagr." HEIGHT="52" WIDTH="153" VPOS="2796" HPOS="1724"/>
<SP HEIGHT="41" WIDTH="57" VPOS="2800" HPOS="1878"/>
<String CS="1" CONTENT="23&#7580;&#7504;." HEIGHT="41" WIDTH="56" VPOS="2800" HPOS="1936"/>
<SP/>
<String CONTENT="(Half-title:" HEIGHT="52" WIDTH="298" VPOS="2799" HPOS="2122"/>
</TextLine>
<TextLine HEIGHT="54" WIDTH="1992" VPOS="2851" HPOS="429" STYLEREFS="StyleId-8A975E03-73B1-43DA-9D9B-B616064BDB46-" LANG="en-US">
<String CONTENT="The" HEIGHT="41" WIDTH="104" VPOS="2851" HPOS="429"/>
<SP HEIGHT="42" WIDTH="47" VPOS="2852" HPOS="534"/>
<String CONTENT="Carnegie" HEIGHT="49" WIDTH="236" VPOS="2851" HPOS="582"/>
<SP HEIGHT="32" WIDTH="47" VPOS="2861" HPOS="819"/>
<String CONTENT="endowment" HEIGHT="40" WIDTH="302" VPOS="2854" HPOS="867"/>
<SP HEIGHT="40" WIDTH="45" VPOS="2854" HPOS="1170"/>
<String CONTENT="for" HEIGHT="40" WIDTH="81" VPOS="2854" HPOS="1216"/>
<SP HEIGHT="40" WIDTH="47" VPOS="2854" HPOS="1298"/>
<String CONTENT="international" HEIGHT="42" WIDTH="350" VPOS="2854" HPOS="1346"/>
<SP HEIGHT="48" WIDTH="48" VPOS="2857" HPOS="1697"/>
<String CONTENT="peace." HEIGHT="40" WIDTH="157" VPOS="2865" HPOS="1746"/>
<SP HEIGHT="40" WIDTH="58" VPOS="2858" HPOS="1904"/>
<String CONTENT="World" HEIGHT="41" WIDTH="166" VPOS="2857" HPOS="1963"/>
<SP HEIGHT="40" WIDTH="47" VPOS="2858" HPOS="2130"/>
<String CONTENT="economic" HEIGHT="43" WIDTH="243" VPOS="2860" HPOS="2178"/>
</TextLine>
<TextLine HEIGHT="48" WIDTH="265" VPOS="2910" HPOS="430" STYLEREFS="StyleId-8A975E03-73B1-43DA-9D9B-B616064BDB46-" LANG="en-US">
<String CONTENT="problems)" HEIGHT="48" WIDTH="265" VPOS="2910" HPOS="430"/>
</TextLine>
<TextLine HEIGHT="59" WIDTH="1985" VPOS="2976" HPOS="437" STYLEREFS="StyleId-8A975E03-73B1-43DA-9D9B-B616064BDB46-" LANG="en-US" CS="1">
<String CONTENT="&#169;" HEIGHT="52" WIDTH="51" VPOS="2976" HPOS="437"/>
<SP HEIGHT="52" WIDTH="28" VPOS="2976" HPOS="489"/>
<String CONTENT="June" HEIGHT="39" WIDTH="127" VPOS="2982" HPOS="518"/>
<SP HEIGHT="39" WIDTH="22" VPOS="2982" HPOS="646"/>
<String CONTENT="3," HEIGHT="45" WIDTH="39" VPOS="2982" HPOS="669"/>
<SP HEIGHT="45" WIDTH="27" VPOS="2982" HPOS="709"/>
<String CONTENT="1932;" HEIGHT="48" WIDTH="140" VPOS="2980" HPOS="737"/>
<SP HEIGHT="47" WIDTH="29" VPOS="2981" HPOS="878"/>
<String CONTENT="2c." HEIGHT="41" WIDTH="66" VPOS="2981" HPOS="908"/>
<SP HEIGHT="39" WIDTH="28" VPOS="2982" HPOS="975"/>
<String CS="1" CONTENT="June" HEIGHT="39" WIDTH="65" VPOS="2982" HPOS="1004"/>
<SP HEIGHT="41" WIDTH="25" VPOS="2982" HPOS="1131"/>
<String CONTENT="9;" HEIGHT="47" WIDTH="52" VPOS="2982" HPOS="1157"/>
<SP HEIGHT="36" WIDTH="30" VPOS="2993" HPOS="1210"/>
<String CONTENT="aff." HEIGHT="40" WIDTH="82" VPOS="2982" HPOS="1241"/>
<SP HEIGHT="40" WIDTH="27" VPOS="2983" HPOS="1324"/>
<String CONTENT="June" HEIGHT="40" WIDTH="128" VPOS="2983" HPOS="1352"/>
<SP HEIGHT="38" WIDTH="25" VPOS="2986" HPOS="1481"/>
<String CS="1" CONTENT="7;" HEIGHT="38" WIDTH="25" VPOS="2986" HPOS="1507"/>
<SP HEIGHT="45" WIDTH="29" VPOS="2985" HPOS="1560"/>
<!-- cceid 0BB2B06B-6D7D-1014-B4A5-D7A31D17AB40 --><String CONTENT="A" HEIGHT="38" WIDTH="41" VPOS="2985" HPOS="1590"/>
<SP HEIGHT="40" WIDTH="26" VPOS="2984" HPOS="1632"/>
<String CONTENT="51708;" HEIGHT="51" WIDTH="169" VPOS="2984" HPOS="1659"/>
<SP HEIGHT="50" WIDTH="30" VPOS="2985" HPOS="1829"/>
<String CONTENT="Carnegie" HEIGHT="49" WIDTH="236" VPOS="2985" HPOS="1860"/>
<SP HEIGHT="35" WIDTH="23" VPOS="2993" HPOS="2097"/>
<String CONTENT="endowment" HEIGHT="39" WIDTH="301" VPOS="2989" HPOS="2121"/>
</TextLine>
<TextLine HEIGHT="50" WIDTH="988" VPOS="3037" HPOS="505" STYLEREFS="StyleId-8A975E03-73B1-43DA-9D9B-B616064BDB46-" LANG="en-US">
<String CONTENT="for" HEIGHT="40" WIDTH="79" VPOS="3037" HPOS="505"/>
<SP HEIGHT="40" WIDTH="24" VPOS="3037" HPOS="585"/>
<String CONTENT="international" HEIGHT="40" WIDTH="349" VPOS="3037" HPOS="610"/>
<SP HEIGHT="46" WIDTH="26" VPOS="3040" HPOS="960"/>
<String CONTENT="peace." HEIGHT="37" WIDTH="157" VPOS="3049" HPOS="987"/>
<SP HEIGHT="48" WIDTH="69" VPOS="3039" HPOS="1145"/>
<String CONTENT="(32-26640)" HEIGHT="48" WIDTH="278" VPOS="3039" HPOS="1215"/>
</TextLine>
<TextLine HEIGHT="68" WIDTH="712" VPOS="3151" HPOS="433" LANG="en-US">
<String CONTENT="Collins," HEIGHT="68" WIDTH="234" VPOS="3151" HPOS="433"/>
<SP HEIGHT="65" WIDTH="28" VPOS="3154" HPOS="668"/>
<String CONTENT="Gilbert," HEIGHT="67" WIDTH="246" VPOS="3152" HPOS="697"/>
<SP HEIGHT="60" WIDTH="31" VPOS="3159" HPOS="944"/>
<String CONTENT="1890-" HEIGHT="51" WIDTH="169" VPOS="3159" HPOS="976"/>
</TextLine>
<TextLine HEIGHT="77" WIDTH="1843" VPOS="3229" HPOS="503" LANG="en-US" CS="1">
<String CONTENT="Chinese" HEIGHT="55" WIDTH="240" VPOS="3229" HPOS="503"/>
<SP HEIGHT="33" WIDTH="32" VPOS="3249" HPOS="744"/>
<String CONTENT="red," HEIGHT="66" WIDTH="117" VPOS="3231" HPOS="777"/>
<SP HEIGHT="67" WIDTH="31" VPOS="3230" HPOS="895"/>
<String CONTENT="by" HEIGHT="68" WIDTH="75" VPOS="3230" HPOS="927"/>
<SP HEIGHT="68" WIDTH="33" VPOS="3230" HPOS="1003"/>
<String CONTENT="Gilbert" HEIGHT="54" WIDTH="226" VPOS="3230" HPOS="1037"/>
<SP HEIGHT="55" WIDTH="33" VPOS="3230" HPOS="1264"/>
<String CONTENT="Collins." HEIGHT="56" WIDTH="233" VPOS="3230" HPOS="1298"/>
<SP HEIGHT="52" WIDTH="73" VPOS="3234" HPOS="1532"/>
<String CONTENT="London," HEIGHT="68" WIDTH="257" VPOS="3234" HPOS="1606"/>
<SP HEIGHT="68" WIDTH="32" VPOS="3234" HPOS="1864"/>
<String CONTENT="G." HEIGHT="56" WIDTH="68" VPOS="3234" HPOS="1897"/>
<SP HEIGHT="51" WIDTH="35" VPOS="3237" HPOS="1966"/>
<String CONTENT="Bles" HEIGHT="57" WIDTH="133" VPOS="3234" HPOS="2002"/>
<SP HEIGHT="49" WIDTH="37" VPOS="3256" HPOS="2136"/>
<String CS="1" CONTENT="[1932]" HEIGHT="67" WIDTH="151" VPOS="3239" HPOS="2195"/>
</TextLine>
<TextLine HEIGHT="49" WIDTH="281" VPOS="3316" HPOS="501" STYLEREFS="StyleId-8A975E03-73B1-43DA-9D9B-B616064BDB46-" LANG="en-US" CS="1">
<String CONTENT="288" HEIGHT="40" WIDTH="88" VPOS="3317" HPOS="501"/>
<SP HEIGHT="48" WIDTH="32" VPOS="3317" HPOS="590"/>
<String CONTENT="p." HEIGHT="38" WIDTH="43" VPOS="3327" HPOS="623"/>
<SP HEIGHT="41" WIDTH="57" VPOS="3317" HPOS="667"/>
<String CS="1" CONTENT="19&#189;&#7580;&#7504;." HEIGHT="41" WIDTH="57" VPOS="3316" HPOS="725"/>
</TextLine>
<TextLine HEIGHT="108" WIDTH="1965" VPOS="3383" HPOS="441" STYLEREFS="StyleId-8A975E03-73B1-43DA-9D9B-B616064BDB46-" LANG="en-US" CS="1">
<String CONTENT="&#169;" HEIGHT="52" WIDTH="51" VPOS="3383" HPOS="441"/>
<SP/>
<String CS="1" CONTENT="1c."/>
<SP/>
<String CONTENT="June" HEIGHT="40" WIDTH="126" VPOS="3388" HPOS="611"/>
<SP HEIGHT="39" WIDTH="21" VPOS="3388" HPOS="738"/>
<String CONTENT="22," HEIGHT="48" WIDTH="68" VPOS="3388" HPOS="760"/>
<SP HEIGHT="48" WIDTH="24" VPOS="3388" HPOS="829"/>
<String CS="1" CONTENT="1932;" HEIGHT="42" WIDTH="113" VPOS="3386" HPOS="854"/>
<SP HEIGHT="45" WIDTH="27" VPOS="3389" HPOS="995"/>
<!-- cceid 0BB316F9-6D7D-1014-B4A5-D7A31D17AB40 --><String CONTENT="A" HEIGHT="38" WIDTH="41" VPOS="3389" HPOS="1023"/>
<SP HEIGHT="38" WIDTH="23" VPOS="3389" HPOS="1065"/>
<String CONTENT="ad" HEIGHT="38" WIDTH="61" VPOS="3390" HPOS="1089"/>
<SP HEIGHT="40" WIDTH="24" VPOS="3388" HPOS="1151"/>
<String CONTENT="int." HEIGHT="41" WIDTH="85" VPOS="3388" HPOS="1176"/>
<SP HEIGHT="37" WIDTH="26" VPOS="3391" HPOS="1262"/>
<String CS="1" CONTENT="16561;" HEIGHT="39" WIDTH="141" VPOS="3390" HPOS="1289"/>
<SP HEIGHT="37" WIDTH="27" VPOS="3400" HPOS="1458"/>
<String CONTENT="pubd." HEIGHT="46" WIDTH="141" VPOS="3391" HPOS="1486"/>
<SP HEIGHT="39" WIDTH="25" VPOS="3391" HPOS="1628"/>
<String CONTENT="Apr." HEIGHT="49" WIDTH="115" VPOS="3391" HPOS="1654"/>
<SP HEIGHT="40" WIDTH="24" VPOS="3393" HPOS="1770"/>
<String CONTENT="26;" HEIGHT="47" WIDTH="83" VPOS="3393" HPOS="1795"/>
<SP HEIGHT="46" WIDTH="30" VPOS="3394" HPOS="1879"/>
<String CONTENT="G." HEIGHT="40" WIDTH="50" VPOS="3394" HPOS="1910"/>
<SP HEIGHT="41" WIDTH="28" VPOS="3395" HPOS="1961"/>
<String CONTENT="Collins," HEIGHT="50" WIDTH="196" VPOS="3395" HPOS="1990"/>
<SP HEIGHT="46" WIDTH="26" VPOS="3399" HPOS="2187"/>
<String CONTENT="Bournemouth," HEIGHT="92" WIDTH="1898" VPOS="3399" HPOS="508"/>
</TextLine>
<TextLine HEIGHT="48" WIDTH="584" VPOS="3444" HPOS="719" STYLEREFS="StyleId-8A975E03-73B1-43DA-9D9B-B616064BDB46-" LANG="en-US">
<String CONTENT="England." HEIGHT="47" WIDTH="233" VPOS="3445" HPOS="719"/>
<SP HEIGHT="48" WIDTH="70" VPOS="3444" HPOS="953"/>
<String CONTENT="(32-17159)" HEIGHT="48" WIDTH="279" VPOS="3444" HPOS="1024"/>
</TextLine>
<TextLine HEIGHT="64" WIDTH="491" VPOS="3561" HPOS="435" LANG="en-US">
<String CONTENT="Cross," HEIGHT="64" WIDTH="195" VPOS="3561" HPOS="435"/>
<SP HEIGHT="62" WIDTH="32" VPOS="3563" HPOS="631"/>
<String CONTENT="Charles." HEIGHT="56" WIDTH="262" VPOS="3562" HPOS="664"/>
</TextLine>
<TextLine HEIGHT="74" WIDTH="1919" VPOS="3637" HPOS="504" LANG="en-US">
<String CONTENT="A" HEIGHT="53" WIDTH="56" VPOS="3637" HPOS="504"/>
<SP HEIGHT="67" WIDTH="41" VPOS="3637" HPOS="561"/>
<String CONTENT="picture" HEIGHT="67" WIDTH="221" VPOS="3637" HPOS="603"/>
<SP HEIGHT="34" WIDTH="41" VPOS="3658" HPOS="825"/>
<String CONTENT="of" HEIGHT="52" WIDTH="64" VPOS="3640" HPOS="867"/>
<SP HEIGHT="54" WIDTH="40" VPOS="3640" HPOS="932"/>
<String CONTENT="America;" HEIGHT="70" WIDTH="294" VPOS="3639" HPOS="973"/>
<SP HEIGHT="61" WIDTH="43" VPOS="3648" HPOS="1268"/>
<String CONTENT="the" HEIGHT="52" WIDTH="95" VPOS="3643" HPOS="1312"/>
<SP HEIGHT="48" WIDTH="40" VPOS="3661" HPOS="1408"/>
<String CONTENT="photostory" HEIGHT="67" WIDTH="337" VPOS="3644" HPOS="1449"/>
<SP HEIGHT="48" WIDTH="40" VPOS="3663" HPOS="1787"/>
<String CONTENT="of" HEIGHT="53" WIDTH="64" VPOS="3645" HPOS="1828"/>
<SP HEIGHT="54" WIDTH="41" VPOS="3645" HPOS="1893"/>
<String CONTENT="America&#8212;as" HEIGHT="56" WIDTH="398" VPOS="3647" HPOS="1935"/>
<SP HEIGHT="52" WIDTH="40" VPOS="3651" HPOS="2334"/>
<String CONTENT="it" HEIGHT="53" WIDTH="48" VPOS="3651" HPOS="2375"/>
</TextLine>
<TextLine HEIGHT="80" WIDTH="1986" VPOS="3711" HPOS="435" LANG="en-US">
<String CONTENT="is&#8212;and" HEIGHT="56" WIDTH="234" VPOS="3711" HPOS="435"/>
<SP HEIGHT="52" WIDTH="24" VPOS="3715" HPOS="670"/>
<String CONTENT="as" HEIGHT="34" WIDTH="60" VPOS="3733" HPOS="695"/>
<SP HEIGHT="52" WIDTH="23" VPOS="3715" HPOS="756"/>
<String CONTENT="it" HEIGHT="53" WIDTH="46" VPOS="3715" HPOS="780"/>
<SP HEIGHT="47" WIDTH="22" VPOS="3721" HPOS="827"/>
<String CONTENT="might" HEIGHT="70" WIDTH="187" VPOS="3715" HPOS="850"/>
<SP HEIGHT="52" WIDTH="21" VPOS="3717" HPOS="1038"/>
<String CONTENT="be." HEIGHT="55" WIDTH="82" VPOS="3717" HPOS="1060"/>
<SP HEIGHT="52" WIDTH="61" VPOS="3720" HPOS="1143"/>
<String CONTENT="Told" HEIGHT="54" WIDTH="147" VPOS="3718" HPOS="1205"/>
<SP HEIGHT="53" WIDTH="22" VPOS="3719" HPOS="1353"/>
<String CONTENT="by" HEIGHT="68" WIDTH="77" VPOS="3719" HPOS="1376"/>
<SP HEIGHT="62" WIDTH="21" VPOS="3725" HPOS="1454"/>
<String CONTENT="the" HEIGHT="53" WIDTH="94" VPOS="3720" HPOS="1476"/>
<SP HEIGHT="36" WIDTH="23" VPOS="3737" HPOS="1571"/>
<String CONTENT="news" HEIGHT="36" WIDTH="151" VPOS="3737" HPOS="1595"/>
<SP HEIGHT="33" WIDTH="23" VPOS="3740" HPOS="1747"/>
<String CONTENT="camera." HEIGHT="36" WIDTH="234" VPOS="3739" HPOS="1771"/>
<SP HEIGHT="53" WIDTH="61" VPOS="3722" HPOS="2006"/>
<String CONTENT="By" HEIGHT="69" WIDTH="90" VPOS="3722" HPOS="2068"/>
<SP HEIGHT="69" WIDTH="26" VPOS="3722" HPOS="2159"/>
<String CONTENT="Charles" HEIGHT="62" WIDTH="235" VPOS="3722" HPOS="2186"/>
</TextLine>
<TextLine HEIGHT="76" WIDTH="1474" VPOS="3789" HPOS="437" LANG="en-US" CS="1">
<String CONTENT="Cross." HEIGHT="55" WIDTH="184" VPOS="3789" HPOS="437"/>
<SP HEIGHT="52" WIDTH="73" VPOS="3793" HPOS="622"/>
<String CONTENT="New" HEIGHT="53" WIDTH="138" VPOS="3793" HPOS="696"/>
<SP HEIGHT="52" WIDTH="25" VPOS="3795" HPOS="835"/>
<String CONTENT="York," HEIGHT="68" WIDTH="179" VPOS="3794" HPOS="861"/>
<SP HEIGHT="67" WIDTH="24" VPOS="3795" HPOS="1041"/>
<String CONTENT="Simon" HEIGHT="57" WIDTH="199" VPOS="3793" HPOS="1066"/>
<SP HEIGHT="34" WIDTH="23" VPOS="3814" HPOS="1266"/>
<String CONTENT="and" HEIGHT="51" WIDTH="108" VPOS="3798" HPOS="1290"/>
<SP HEIGHT="55" WIDTH="29" VPOS="3797" HPOS="1399"/>
<String CONTENT="Schuster," HEIGHT="68" WIDTH="285" VPOS="3797" HPOS="1429"/>
<SP HEIGHT="63" WIDTH="23" VPOS="3802" HPOS="1715"/>
<String STYLE="superscript" CS="1" CONTENT="&#7580;1"/>
<String CONTENT="932." HEIGHT="52" WIDTH="115" VPOS="3801" HPOS="1796"/>
</TextLine>
<TextLine HEIGHT="49" WIDTH="432" VPOS="3876" HPOS="506" STYLEREFS="StyleId-8A975E03-73B1-43DA-9D9B-B616064BDB46-" LANG="en-US" CS="1">
<String CONTENT="78" HEIGHT="40" WIDTH="57" VPOS="3876" HPOS="506"/>
<SP HEIGHT="49" WIDTH="24" VPOS="3876" HPOS="564"/>
<String CONTENT="p." HEIGHT="37" WIDTH="44" VPOS="3888" HPOS="589"/>
<SP HEIGHT="40" WIDTH="57" VPOS="3876" HPOS="634"/>
<String CONTENT="illus." HEIGHT="41" WIDTH="128" VPOS="3876" HPOS="692"/>
<SP HEIGHT="39" WIDTH="57" VPOS="3878" HPOS="821"/>
<String CONTENT="26" HEIGHT="41" WIDTH="59" VPOS="3877" HPOS="879"/>
<String STYLE="superscript" CS="1" CONTENT="&#7580;&#7504;."/>
</TextLine>
<TextLine HEIGHT="63" WIDTH="1981" VPOS="3941" HPOS="442" STYLEREFS="StyleId-8A975E03-73B1-43DA-9D9B-B616064BDB46-" LANG="en-US" CS="1">
<String CONTENT="&#169;" HEIGHT="52" WIDTH="51" VPOS="3941" HPOS="442"/>
<SP HEIGHT="52" WIDTH="29" VPOS="3941" HPOS="494"/>
<String CONTENT="May" HEIGHT="48" WIDTH="113" VPOS="3946" HPOS="524"/>
<SP HEIGHT="49" WIDTH="23" VPOS="3945" HPOS="638"/>
<String CONTENT="24," HEIGHT="49" WIDTH="70" VPOS="3945" HPOS="662"/>
<SP HEIGHT="46" WIDTH="27" VPOS="3948" HPOS="733"/>
<String CS="1" CONTENT="1932;" HEIGHT="41" WIDTH="113" VPOS="3948" HPOS="761"/>
<SP HEIGHT="46" WIDTH="27" VPOS="3950" HPOS="902"/>
<String CONTENT="2c." HEIGHT="41" WIDTH="68" VPOS="3950" HPOS="930"/>
<SP HEIGHT="39" WIDTH="29" VPOS="3952" HPOS="999"/>
<String CONTENT="May" HEIGHT="47" WIDTH="113" VPOS="3952" HPOS="1029"/>
<SP HEIGHT="47" WIDTH="24" VPOS="3952" HPOS="1143"/>
<String CS="1" CONTENT="27;" HEIGHT="40" WIDTH="56" VPOS="3952" HPOS="1168"/>
<SP HEIGHT="36" WIDTH="29" VPOS="3963" HPOS="1251"/>
<String CONTENT="aff." HEIGHT="41" WIDTH="81" VPOS="3952" HPOS="1281"/>
<SP HEIGHT="39" WIDTH="30" VPOS="3954" HPOS="1363"/>
<String CONTENT="May" HEIGHT="47" WIDTH="113" VPOS="3954" HPOS="1394"/>
<SP HEIGHT="48" WIDTH="26" VPOS="3953" HPOS="1508"/>
<String CS="1" CONTENT="25;" HEIGHT="43" WIDTH="58" VPOS="3953" HPOS="1535"/>
<SP HEIGHT="50" WIDTH="28" VPOS="3954" HPOS="1619"/>
<!-- cceid 0BB3893D-6D7D-1014-B4A5-D7A31D17AB40 --><String CONTENT="A" HEIGHT="39" WIDTH="41" VPOS="3954" HPOS="1648"/>
<SP HEIGHT="41" WIDTH="26" VPOS="3952" HPOS="1690"/>
<String CS="1" CONTENT="52210;" HEIGHT="40" WIDTH="147" VPOS="3952" HPOS="1717"/>
<SP HEIGHT="47" WIDTH="33" VPOS="3952" HPOS="1888"/>
<String CONTENT="Simon" HEIGHT="40" WIDTH="162" VPOS="3952" HPOS="1922"/>
<SP HEIGHT="39" WIDTH="29" VPOS="3953" HPOS="2085"/>
<String CONTENT="&amp;" HEIGHT="39" WIDTH="35" VPOS="3953" HPOS="2115"/>
<SP HEIGHT="40" WIDTH="30" VPOS="3952" HPOS="2151"/>
<String CONTENT="Schuster," HEIGHT="46" WIDTH="241" VPOS="3950" HPOS="2182"/>
</TextLine>
<TextLine HEIGHT="55" WIDTH="440" VPOS="4000" HPOS="509" STYLEREFS="StyleId-8A975E03-73B1-43DA-9D9B-B616064BDB46-" LANG="en-US">
<String CONTENT="inc." HEIGHT="45" WIDTH="91" VPOS="4000" HPOS="509"/>
<SP HEIGHT="49" WIDTH="68" VPOS="4003" HPOS="601"/>
<String CONTENT="(32-26683)" HEIGHT="52" WIDTH="279" VPOS="4003" HPOS="670"/>
</TextLine>
</TextBlock>
</PrintSpace>
</Page>
</Layout>
</alto>