2563 4368
1413 4036 100 50 520

428 413 279 64 Hackett,
740 411 265 55 Francis.

497 490 156 67 Why
680 490 217 55 travel?

532 564 61 38 (In
619 558 320 45 Nash’s-Pall
969 559 120 43 mall
1117 558 276 53 magazine,
1423 558 128 52 Jan.,
1584 559 144 51 1932)

437 630 1991 52 © 1c. Jan. 6, 1932; A ad int. 16408; pubd. Dec. 18, 1931; F. Hackett,
505 691 656 47 Newtownmountkennedy,
1195 691 209 39 Ireland.

434 795 319 65 Hampton,
784 795 238 54 Vernon
1050 796 185 63 Boyd.

504 870 293 70 Religious
840 870 368 70 background
1254 870 62 54 of
1362 870 94 54 the
1499 870 195 54 White
1737 871 187 68 house,
1969 870 73 68 by
2085 869 229 54 Vernon
2360 869 67 52 B.

434 945 1991 72 Hampton … Boston, The Christopher publishing house [ ᶜ1 932 ]
501 1019 691 49 416 p. front., ports. 21 ᶜᵐ.
502 1076 377 49 Bibliography;
910 1087 43 38 p.
983 1076 217 41 396-407.

442 1146 52 52 ©
523 1151 114 48 Apr.
667 1151 40 47 4,
737 1149 114 43 1932;
909 1150 67 41 2c.
1007 1152 94 38 and
1133 1150 81 40 aff.
1248 1150 110 47 Apr.
1393 1151 52 38 11;
1505 1151 41 37 A
1576 1149 145 40 50646;
1781 1149 316 48 Christopher
2127 1149 108 48 pub.
2270 1150 161 38 house.

519 1207 250 50 (32-9939)

437 1312 278 65 Haserot,
742 1311 247 54 Francis
1015 1311 255 65 Samuel,
1301 1315 170 51 1895-

509 1388 209 69 Essays
753 1407 72 35 on
859 1389 95 53 the
988 1388 148 69 logic
1170 1389 65 53 of
1264 1387 187 71 being,
1483 1390 75 68 by
1591 1389 239 54 Francis
1864 1390 58 56 S.
1955 1390 265 54 Haserot.
2295 1390 137 53 New

439 1466 179 70 York,
645 1468 121 52 The
795 1467 335 54 Macmillan
1157 1486 296 50 company,
1484 1471 149 50 1932.

507 1539 406 49 xiii, 641 p. 24 ᶜᵐ.
509 1597 101 40 The
643 1598 173 39 second
848 1599 111 46 part
990 1597 52 40 of
1076 1598 81 39 the
1191 1606 166 38 essays
1392 1597 41 40 is
1465 1597 204 40 devoted
1702 1599 48 38 to
1784 1597 140 40 value
1958 1607 55 30 as
2046 1607 63 29 an
2144 1596 287 49 ontological

439 1656 240 47 category,
740 1654 62 48 cf.
829 1654 129 42 Pref.

444 1722 52 52 ©
532 1727 121 40 Mar.
688 1727 69 46 15,
792 1726 113 40 1932;
968 1725 67 44 2c.
1072 1727 93 39 and
1201 1725 82 42 aff.
1320 1727 121 40 Mar.
1477 1725 59 40 16;
1596 1726 39 39 A
1673 1724 143 42 50009;
1882 1726 279 40 Macmillan
2197 1736 68 30 co.

519 1782 250 50 (32-9768)

439 1886 366 65 Henderson,
833 1887 203 54 James
1062 1888 158 62 Max,
1249 1892 172 50 1895-

437 1962 1974 132 … Questions and answers with problems and illustrative matter
552 2059 71 35 on
653 2040 96 55 the
776 2041 108 53 law
914 2040 64 53 of
1006 2046 296 63 contracts,
1335 2041 168 54 based
1534 2059 72 34 on
1638 2041 76 51 all
1745 2040 95 54 the
1868 2041 274 54 standard
2170 2045 121 49 text
2320 2039 111 53 and

457 2115 1993 72 case books, by James M. Henderson … Chicago, Callaghan
439 2196 112 52 and
579 2213 295 49 company,
903 2197 148 48 1932.

510 2265 65 49 ix,
606 2265 84 40 121
721 2276 43 38 p.
823 2266 58 40 20½ᶜᵐ.
1039 2265 337 49 (Callaghan’s
1406 2265 193 49 quizzer
1630 2267 177 48 series)

449 2334 52 52 ©
532 2340 121 38 Mar.
684 2339 70 47 25,
783 2338 114 41 1932;
957 2339 66 40 2c.
1055 2341 95 39 and
1181 2339 80 38 aff.
1295 2339 121 39 Mar.
1445 2337 56 41 28;
1561 2339 41 38 A
1632 2338 143 40 50385;
1837 2338 272 49 Callaghan
2137 2339 37 40 &
2204 2348 67 32 co.
522 2395 250 49 (32-9649)

462 2498 298 65 Holcomb,
791 2500 132 65 Guy
949 2500 289 64 Rochelle,
1269 2505 170 50 1891-

527 2577 183 53 Texas
737 2576 137 54 land
901 2578 138 52 laws
1067 2577 323 67 annotated,
1419 2576 140 53 with
1590 2577 194 52 forms.
1848 2576 228 68 Austin,
2103 2577 153 67 Tex.,
2285 2574 66 55 G.
2384 2575 65 53 R.

461 2653 507 68 Holcomb [ ᶜ1 930 ]
528 2723 380 50 xii, 165 p. 23½ ᶜᵐ.
466 2779 51 52 ©
551 2785 118 47 Aug.
703 2785 39 47 1,
777 2783 139 47 1930;
950 2784 66 40 2c.
1052 2785 94 40 and
1180 2784 82 41 aff.
1297 2784 112 48 Apr.
1443 2786 39 47 4,
1517 2783 140 48 1932;
1695 2785 39 39 A
1769 2785 169 47 50481;
1976 2785 105 48 Guy
2117 2785 54 40 R.
2208 2784 244 40 Holcomb.

543 2840 251 48 (32-9648)

463 2943 249 65 Hubert,
744 2945 252 53 Edward
1027 2945 215 63 Hatch,
1273 2946 83 52 ed.

531 3019 1859 70 Manual of electric arc welding. E. H. Hubert, editor …
466 3099 82 49 1st
578 3097 83 51 ed.
732 3096 137 54 New
904 3096 161 52 York
1096 3098 112 51 and
1240 3097 254 69 London,
1527 3097 425 54 McGraw-Hill
1985 3096 145 54 book
2162 3113 288 51 company,

464 3174 123 65 inc.,
623 3176 149 51 1932.

530 3244 1136 52 vii, 163 p. illus., diagrs. 23½ ᶜᵐ. $2.00
530 3301 118 40 This
675 3302 198 39 manual
901 3311 101 31 was
1030 3303 236 46 prepared
1296 3304 154 39 under
1479 3305 82 39 the
1590 3303 238 41 direction
1855 3304 53 40 of
1934 3306 80 38 the
2044 3304 223 48 Welding
459 3301 1973 96 equipment
625 3358 184 40 section

841 3358 52 40 of
925 3359 82 39 the
1041 3357 232 41 National
1308 3360 246 40 electrical
1588 3359 396 41 manufacturers
2017 3360 307 41 association,
2388 3359 60 48 cf.

461 3414 132 41 Pref.

469 3469 52 52 ©
549 3474 121 40 Mar.
698 3474 69 46 15,
794 3472 113 41 1932;
962 3473 68 40 2c.
1059 3474 120 40 Mar.
1206 3472 55 39 22;
1318 3473 81 41 aff.
1428 3474 121 42 Mar.
1576 3474 55 40 23;
1689 3474 40 38 A
1756 3472 143 42 50274;
1958 3473 347 41 McGraw-Hill
2334 3470 118 43 book

537 3540 81 38 co.,
644 3530 90 41 inc.
805 3529 250 50 (32-9639)

468 3635 208 63 Hurst,
707 3633 169 56 Vida.

537 3708 1914 69 Glittering sham, by Vida Hurst … New York, Grosset &
467 3785 234 68 Dunlap
738 3788 172 64 [1932]

535 3857 465 48 2 p. l., 282 p. 19½ᶜᵐ.
475 3911 50 51 ©
554 3916 114 47 Apr.
699 3915 69 48 12,
797 3914 112 42 1932;
967 3916 65 40 2c.
1064 3917 93 39 and
1189 3916 81 41 aff.
1302 3917 112 47 Apr.
1446 3918 53 37 14;
1559 3918 40 38 A
1629 3916 147 41 49530;
1834 3918 197 40 Grosset
2060 3918 36 40 &
2128 3917 205 46 Dunlap,
2365 3915 86 39 inc.

551 3971 249 48 (32-9886)
