2563 4368
1234 4040 135 48 1134

311 415 275 64 Schisler,
620 416 155 53 John
812 414 67 62 Q.

381 492 121 53 The
549 490 359 54 educational
956 490 157 53 work
1160 489 62 54 of
1269 490 96 52 the
1413 491 165 52 small
1627 489 229 67 church,
1902 489 75 67 by
2024 489 154 54 John
2229 489 69 63 Q.

314 568 275 68 Schisler;
622 568 63 55 C.
713 568 72 52 A.
815 569 229 66 Bowen,
1070 586 49 34 d.
1148 586 67 49 d.,
1242 569 229 65 general
1499 567 201 53 editor.
1762 567 314 66 Nashville,
2104 569 196 64 Tenn.,

311 646 751 68 Cokesbury press [ ᶜ1 932 ]
383 718 86 41 128
498 731 44 36 p.
604 719 178 47 diagrs.
844 719 114 38 17ᶜᵐ.

385 774 73 40 On
485 784 167 31 cover:
681 774 95 40 For
803 774 81 40 the
910 771 267 42 Methodist
1205 772 256 49 Episcopal
1489 773 195 47 church,
1715 772 166 42 South.

319 828 52 52 ©
406 833 125 39 June
563 831 68 47 24,
667 830 139 47 1932;
842 830 66 40 2c.
944 831 94 38 and
1074 829 81 40 aff.
1191 830 115 48 July
1339 829 82 48 25;
1459 831 39 38 A
1534 830 168 47 53264;
1740 830 179 39 Lamar
1952 831 35 40 &
2022 830 280 45 Whitmore,

386 888 263 41 Nashville.
721 886 279 49 (32-19479)

312 989 263 66 Sherrill,
606 988 247 57 Charles
878 988 343 67 Hitchcock,
1253 990 169 55 1867-

381 1067 120 50 The
534 1065 242 54 Sherrill
808 1066 337 67 genealogy;
1179 1067 95 52 the
1306 1065 366 54 descendants
1703 1065 62 53 of
1798 1065 227 54 Samuel
2061 1064 242 55 Sherrill

313 1143 63 51 of
404 1143 143 52 East
575 1143 314 68 Hampton,
920 1143 163 67 Long
1111 1142 203 68 island,
1347 1142 137 54 New
1518 1142 179 69 York,
1727 1142 73 69 by
1834 1142 234 54 Charles
313 1142 1965 131 Hitchcock
482 1220 257 54 Sherrill.
810 1220 72 51 2d
917 1221 111 51 and
1061 1239 113 39 rev.
1205 1220 105 67 ed.,
1344 1220 277 68 compiled
1658 1221 112 52 and
1801 1220 188 54 edited
2021 1219 73 69 by
2130 1218 174 54 Louis

312 1295 321 70 Effingham
676 1298 66 51 de
787 1298 214 53 Forest.
1087 1331 13 34 [
1105 1297 136 53 New
1286 1297 223 69 Haven,
1553 1295 240 57 Printed
1836 1297 74 69 by
1954 1297 95 52 the
2091 1298 211 66 Tuttle,

311 1373 333 54 Morehouse
673 1376 45 50 &
748 1375 213 67 Taylor
992 1391 294 52 company]
1323 1378 149 48 1932.

380 1445 81 48 vii,
494 1445 99 49 281,
628 1447 54 48 [3]
716 1456 43 37 p.
819 1446 148 40 front.
996 1446 133 48 (coat
1159 1447 52 40 of
1243 1447 155 48 arms)
1467 1447 115 41 24ᶜᵐ.

382 1503 159 39 Blank
572 1513 145 38 pages
747 1503 81 40 for
860 1502 289 41 “Addenda”
1191 1504 81 49 ([3]
1307 1505 53 39 at
1391 1503 115 48 end)

381 1559 134 41 First
540 1560 255 47 published
821 1560 50 39 in
897 1559 114 41 1894
1037 1560 153 40 under
1218 1559 137 42 title:
1384 1561 101 39 The
1513 1561 319 41 descendants
1859 1560 52 41 of
1940 1560 193 41 Samuel
311 1561 1973 102 Sherrill,
441 1615 51 41 of
525 1617 368 47 Easthampton,
929 1617 133 47 Long
1094 1616 173 49 island,
1303 1616 117 40 New
1454 1616 144 40 York.

381 1672 374 49 Bibliography:
789 1682 41 38 p.
879 1671 234 50 [237]-239.

319 1728 52 52 ©
406 1733 126 39 June
565 1732 69 46 28,
669 1732 140 42 1932;
846 1733 67 39 2c.
948 1732 126 39 June
1108 1731 81 47 29;
1228 1731 80 40 aff.
1347 1732 115 47 July
1497 1731 81 46 20;
1617 1732 39 38 A
1692 1731 169 46 52847;
1901 1732 49 40 C.
1987 1733 60 38 H.
2086 1729 216 47 Sherrill,

384 1790 117 39 New
531 1789 142 39 York.
745 1788 279 48 (32-16520)

312 1891 209 65 Skene,
552 1892 147 53 Etta
729 1893 61 54 C.

380 1968 291 67 Teaching
710 1966 309 69 principles
1060 1968 112 53 and
1210 1968 338 67 procedures
1587 1966 94 54 for
1722 1968 194 67 Gregg
1952 1968 344 65 shorthand;

311 2063 31 34 a
367 2044 268 53 teacher’s
660 2045 173 68 guide
860 2045 306 68 organized
1190 2046 61 51 in
1279 2045 337 54 accordance
1645 2045 139 53 with
1810 2046 95 52 the
1932 2046 154 52 units
2115 2045 62 53 of
2204 2046 95 52 the

312 2121 196 69 Gregg
545 2122 317 53 shorthand
901 2125 232 50 manual
1186 2122 420 68 (Anniversary
1645 2122 244 68 edition)
1937 2123 75 67 by
2053 2123 141 53 Etta
2234 2123 64 55 C.

314 2197 1984 57 Skene … and John V. Walsh … and Paul S. Lomax … New
312 2273 1893 72 York, Chicago [etc.] The Gregg publishing company [ ᶜ1 932]
416 2379 10 17 v,
458 2348 86 40 302
575 2359 44 38 p.
679 2348 116 40 21ᶜᵐ.

385 2403 432 49 “Supplementary
848 2404 284 41 material”:
1166 2416 43 38 p.
1242 2405 68 40 14.

319 2458 52 51 ©
404 2462 115 47 July
550 2461 68 48 19,
651 2462 139 41 1932;
823 2462 66 39 2c.
924 2463 94 39 and
1050 2461 81 40 aff.
1165 2462 115 47 July
1311 2462 82 47 22;
1429 2462 41 39 A
1502 2462 168 47 53210;
1707 2463 157 48 Gregg
1894 2463 107 48 pub.
2037 2475 66 29 co.

395 2517 279 48 (32-19146)

313 2620 197 66 Sohm,
541 2622 144 51 Paul
719 2623 66 53 E.

383 2698 120 52 The
527 2699 156 66 eagle
708 2715 97 49 eye
830 2699 63 52 of
916 2717 144 49 your
1084 2718 237 35 camera.
1395 2700 150 54 Zeiss
1570 2703 246 51 Tessars.
1897 2704 125 66 [By]
2053 2703 148 51 Paul
2228 2704 67 53 E.

315 2773 190 55 Sohm.
581 2776 163 67 Jena,
775 2777 304 68 Germany,
1111 2777 135 54 Carl
1273 2779 151 52 Zeiss
1458 2782 171 63 [1932]

381 2850 25 37 l
473 2881 8 8 v.

319 2901 1812 55 © 1c. Aug. 17, 1932; A ad int. 16(755; pubd. June 30; Carl Zeiss.
312 3020 305 66 Sokolsky,
650 3023 225 64 George
907 3022 303 68 Ephraim,
1244 3030 169 50 1893-

385 3099 121 52 The
543 3099 190 52 tinder
768 3099 110 52 box
917 3100 64 52 of
1017 3100 159 67 Asia,
1213 3101 74 68 by
1327 3102 220 70 George
1587 3103 65 52 E.
1696 3102 295 70 Sokolsky.
2067 3105 229 54 Garden

318 3175 151 69 City,
501 3177 70 53 N.
606 3177 90 67 Y.,
728 3177 355 70 Doubleday,
1116 3180 198 52 Doran
1345 3182 45 50 &
1423 3199 295 50 company,
1752 3182 126 67 inc.,
1912 3186 150 50 1932.

421 3282 9 16 x,
463 3250 71 49 [2],
563 3250 86 40 376
677 3261 43 37 p.
777 3250 127 41 illus.
934 3251 183 49 (maps)
1183 3253 145 41 20½ᶜᵐ.

386 3308 137 46 Maps
555 3317 60 29 on
644 3306 359 49 lining-papers.

388 3362 161 41 “First
581 3362 223 41 edition.”

387 3418 375 48 Bibliography:
792 3429 43 38 p.
864 3418 216 43 349-363.

319 3470 52 51 ©
408 3475 118 47 Aug.
563 3475 40 39 3.
641 3474 83 41 1932;
819 3475 67 40 2c.
924 3478 92 37 and
1056 3476 81 40 aff.
1174 3478 118 48 Aug.
1331 3479 51 45 8;
1423 3479 40 38 A
1501 3478 168 42 54358:
1712 3480 50 40 G.
1803 3481 50 38 E.
1897 3481 247 42 Sokolskv,
2183 3482 114 38 New

385 3531 141 39 York.
599 3530 277 48 (32-26669)

313 3629 208 66 Stalin,
548 3632 166 65 Iosif,
746 3634 170 54 1879-

312 3707 1961 145 Foundations of Leninism, by Joseph Stalin. Revised translation. New York, International publishers [ ᶜ1 932]
381 3852 85 41 128
495 3864 44 37 p.
596 3854 116 40 22ᶜᵐ.

319 3907 52 51 ©
399 3912 125 40 June
550 3914 40 42 3,
619 3911 139 49 1932;
789 3915 66 40 2c.
885 3915 125 39 June
1037 3915 82 46 25;
1151 3916 81 40 aff.
1263 3918 126 39 June
1417 3919 80 46 17;
1529 3920 40 38 A
1599 3919 167 48 53295;
1800 3921 353 40 International
384 3922 1892 87 publishers
592 3979 80 39 co.,
706 3970 87 40 inc.
865 3971 277 48 (32-19675)
