2563 4368
1331 4085 134 51 1450

455 530 104 42 Vol.
589 530 56 41 11;
706 528 230 43 Revision
966 529 197 42 service.

389 585 52 52 ©
468 589 127 48 Sept.
619 588 69 48 21,
714 587 114 42 1932;
881 587 67 42 2c.
976 587 127 48 Sept.
1128 586 55 39 22;
1239 586 81 40 aff.
1349 586 126 47 Sept.
1501 584 56 41 27;
1612 586 40 38 A
1677 586 143 40 55263;
1876 586 51 38 P.
1954 587 51 38 F.
2033 584 176 42 Collier
2236 585 37 40 &
2296 594 84 32 son

456 656 67 29 co.
593 645 280 48 (32-25013)

386 719 313 53 Nebraska
744 721 113 50 and
901 719 187 51 North
1135 722 239 48 western
1419 717 204 69 digest,
1667 716 269 69 covering
1981 719 77 50 all
2101 735 150 34 cases
456 734 1900 131 reported
691 798 59 52 in

783 796 295 53 Nebraska
1110 801 240 64 reports,
1379 796 188 52 North
1599 800 240 48 western
1870 801 258 62 reporter
2157 795 113 52 and
2304 795 75 51 all

457 876 67 53 of
552 875 97 55 the
681 876 171 51 north
886 880 240 48 western
1158 879 172 49 states
1366 879 223 63 reports
1622 874 155 52 from
1809 874 96 52 the
1939 873 228 53 earliest
2198 873 183 66 times,

458 953 140 54 with
634 960 230 46 current
899 954 345 52 cumulative
1279 952 203 69 pocket
1517 952 212 53 service
1764 952 247 69 keeping
2045 952 115 53 this
2196 951 187 70 digest

459 1030 1923 70 always to date … Compiled and edited by the publisher’s
461 1110 267 53 editorial
783 1107 149 56 staff,
1008 1130 52 32 v.
1115 1113 149 49 9-11.
1345 1110 81 55 St.
1482 1112 166 54 Paul,
1698 1111 161 54 West
1912 1109 337 69 publishing
2299 1128 80 37 co.

463 1192 193 66 [ ᶜ19 32 ]
456 1265 225 40 3 v . 26 ᶜᵐ.
734 1317 1651 49 CONTENTS. — v. 9. Contracts-Corporations. — v. 10. Costs-Creditors’
391 1377 172 40 suit.—
566 1388 46 29 v.
642 1375 72 42 11.
747 1375 235 41 Criminal
1014 1374 108 42 law.

393 1430 52 53 ©
477 1434 126 48 Sept.
633 1433 70 42 21.
734 1432 139 48 1932;
904 1432 68 41 2c.
1001 1433 118 39 each
1151 1433 95 38 and
1276 1431 107 40 affs.
1415 1431 101 41 Oct.
1549 1431 80 48 10;
1663 1433 38 37 A
1733 1430 345 44 56376-56378;
2113 1432 133 39 West
2278 1430 108 49 pub.

458 1502 66 30 co.

390 1551 157 66 Neff,
578 1551 200 53 Elmer
807 1549 337 66 Ellsworth,
1179 1555 171 49 1861-

459 1630 57 53 A
553 1626 296 56 memorial
891 1628 67 53 of
994 1628 97 52 the
1132 1626 131 56 Neff
1307 1627 225 69 family,
1572 1626 139 55 with
1752 1627 210 68 special
2003 1628 286 53 reference
2326 1633 59 47 to

391 1706 238 55 Francis
659 1706 133 54 Neff
821 1707 113 52 and
965 1724 151 35 some
1146 1707 65 51 of
1237 1704 90 55 his
1357 1706 387 67 descendants,
1775 1704 280 69 compiled
2085 1706 75 67 by
2191 1706 196 53 Elmer

391 1783 1972 149 Ellsworth Neff … Altoona, Penna., Mirror printing company, 1931.
463 1933 1924 53 xiv, 24, 24a-b, 25-34, 34a-b, 35-132, [8] p. front. (port.) coat of arms.
392 1993 147 43 23½ᶜᵐ.

463 2050 228 41 Lettered
720 2061 62 29 on
807 2059 142 31 cover;
1008 2048 113 41 Neff
1147 2048 203 48 history.

464 2108 160 40 Blank
648 2117 147 39 pages
820 2107 79 40 for
927 2105 423 42 “Memorandum”
1387 2105 82 49 ([8]
1500 2108 53 38 at
1578 2105 116 48 end)

397 2163 52 52 ©
479 2167 111 40 Feb.
618 2167 39 43 1.
686 2165 140 48 1932;
857 2165 68 40 2c.
953 2166 96 39 and
1077 2163 82 41 aff.
1191 2163 127 48 Sept.
1347 2162 83 44 28;
1462 2164 40 38 A
1531 2163 136 39 56121;
1734 2165 52 37 E.
1817 2165 53 38 E.
1900 2164 122 47 Neff,
2053 2165 221 46 Altoona,
2306 2165 83 38 Pa.

473 2222 280 49 (32-25141)

393 2289 197 53 North
635 2292 239 49 western
917 2287 203 68 digest,
1164 2286 268 68 covering
1475 2287 76 51 all
1593 2304 150 35 cases
1786 2288 265 66 reported
2094 2289 61 52 in
2199 2286 188 54 North

465 2371 239 48 western
733 2372 258 61 reporter
1022 2366 113 52 and
1166 2366 78 51 all
1273 2365 64 53 of
1365 2365 96 52 the
1489 2365 171 52 north
1692 2369 239 49 western
1961 2370 173 48 states
2165 2368 222 66 reports

466 2444 154 52 from
669 2444 95 53 the
815 2443 228 53 earliest
1090 2443 183 67 times,
1322 2442 140 54 with
1513 2449 229 47 current
1790 2443 346 54 cumulative
2185 2443 203 68 pocket

465 2520 1921 71 service keeping this digest always to date … Compiled
469 2602 112 51 and
617 2600 190 53 edited
843 2601 74 67 by
953 2600 97 53 the
1085 2600 339 68 publisher’s
1460 2599 266 54 editorial
1763 2597 148 56 staff,
1986 2617 50 36 v.
2073 2603 152 51 9-11.
2303 2601 82 55 St.

467 2679 165 67 Paul,
658 2678 161 54 West
845 2678 337 69 publishing
1207 2698 79 35 co.
1429 2682 84 63 [ᶜ1932]

465 2752 215 41 3 v. 26 ᶜᵐ.
742 2807 1648 49 CONTENTS. — v. 9. Contracts-Corporations.— v. 10. Costs-Creditors’
400 2864 172 40 suit.—
575 2876 45 28 v.
650 2862 72 42 11.
755 2863 235 41 Criminal
1021 2863 108 42 law.

402 2917 52 52 ©
486 2921 128 48 Sept.
643 2921 68 47 21,
741 2919 113 41 1932;
910 2921 67 39 2c.
1008 2921 119 40 each
1156 2921 95 39 and
1282 2919 106 41 affs.
1421 2920 100 41 Oct.
1554 2920 55 40 10;
1669 2922 40 38 A
1739 2921 318 40 56379-56381;
2118 2922 135 39 West
2282 2920 110 49 pub.

469 2989 65 29 co.

399 3039 249 63 Norton,
679 3039 147 54 Dan.

469 3113 208 54 Malice
719 3113 60 51 in
823 3114 386 67 wonderland,
1252 3132 185 37 verses
1479 3116 76 67 by
1599 3118 131 51 Dan
1775 3117 221 52 Norton
2047 3117 149 67 [and]
2245 3115 147 55 Jack

399 3192 230 68 Mason;
661 3189 324 56 illustrated
1014 3193 75 67 by
1119 3192 247 54 Michael
1397 3193 373 55 O’Sheridan.
1853 3193 310 69 [Berkeley,
2198 3193 194 68 Calif.,

401 3269 828 70 Napa journal press, ᶜ19 32]
473 3341 429 50 64 p. illus. 22 ᶜᵐ.
473 3399 289 40 Illustrated
789 3401 97 45 t.-p.

476 3454 145 43 “This
655 3454 42 41 is
731 3465 119 38 copy
884 3455 202 40 number
1117 3456 57 40 32
1208 3456 53 40 of
1293 3467 63 29 an
1389 3455 182 42 edition
1605 3455 188 42 limited
1827 3459 49 38 to
1912 3459 95 38 two
2041 3458 220 39 hundred
2296 3459 94 40 and

406 3509 109 51 fifty
542 3512 172 49 copies,
743 3512 119 41 with
892 3513 80 40 the
1001 3512 276 48 signatures
1306 3513 52 41 of
1385 3514 82 40 the
1496 3513 203 40 authors
1728 3514 95 39 and
1852 3514 81 40 the
1961 3513 319 42 illustrator.”

406 3565 52 52 ©
493 3571 119 47 Aug.
648 3571 39 47 1,
723 3569 114 42 1932;
901 3569 66 41 2c.
1003 3571 120 46 Aug.
1160 3571 25 39 5;
1251 3571 82 41 aff.
1372 3571 126 48 Sept.
1535 3572 27 40 7;
1626 3571 43 40 A
1702 3571 142 41 54763;
1911 3572 56 38 D.
2003 3572 199 41 Norton,
2239 3570 153 51 Napa,

476 3626 157 48 Calif.,
670 3627 116 40 Jack
815 3628 170 37 Mason
1014 3628 94 38 and
1139 3627 208 40 Michael
1378 3627 310 48 O’Sheridan,
1720 3628 248 47 Berkeley,
2002 3627 142 42 Calif.

483 3681 278 48 (32-25017)

405 3742 252 65 Osburg,
688 3743 145 52 Karl
862 3743 329 55 Bernhard.

474 3818 431 68 Verfrachtung
950 3819 117 52 und
1115 3818 754 69 frachtkostenberechnung
1913 3821 79 51 im
2035 3818 361 55 technischen

405 3895 1964 145 ü berseehandel, von Karl Bernhard Osburg. Mit 37 abbildungen
547 3975 117 51 und
700 3977 29 49 9
764 3973 404 54 zahlentafeln.
1239 3975 216 67 Berlin,
1489 3975 373 67 VDI-verlag
1893 3974 209 70 gmbh.,
2138 3976 150 52 1932.
