2563 4368
1252 4007 132 50 1128

304 390 164 66 Jack,
498 389 255 56 William
782 386 256 58 Shaffer.

373 461 1859 70 Poems from Arcadian byways, by William Shaffer Jack …
306 543 424 68 Philadelphia,
757 541 340 56 Westbrook
1124 540 335 69 publishing
1484 559 97 49 co.,
1611 544 149 51 1932.

377 613 498 52 3 p. l. , 9-70 p. 20½ᶜᵐ.
314 671 51 52 ©
393 676 116 46 July
536 675 68 47 14,
633 672 113 41 1932;
803 673 66 39 2c.
898 672 116 47 July
1040 671 55 39 23;
1154 670 80 40 aff.
1266 671 116 48 July
1409 670 55 40 16;
1522 671 41 38 A
1592 670 144 41 53250;
1794 672 69 38 W.
1897 671 45 39 S.
1972 670 135 47 Jack,
380 670 1898 108 Philadelphia.

659 728 279 49 (32-19488)

306 804 197 64 Jacks,
534 803 315 54 Lawrence
878 802 280 65 Pearsall,
1192 806 171 51 1860-

378 880 322 52 Education
736 880 252 68 through
1022 878 331 69 recreation,
1386 880 76 67 by
1495 881 303 51 Lawrence
1833 880 256 53 Pearsall
2124 879 174 56 Jacks

369 957 1663 68 … New York and London, Harper & brothers, 1932.
379 1029 972 50 ix p., 1 l., 155 p. front., plates. 19 ᶜᵐ.
381 1085 1920 50 “The substance … of addresses … delivered … under the auspices of
310 1147 82 39 the
421 1144 231 42 National
685 1144 270 41 recreation
986 1143 531 42 association.”—Pref.

382 1201 161 42 “First
572 1201 226 42 edition.”

317 1257 51 52 ©
401 1261 115 47 July
548 1260 69 42 20,
651 1259 140 48 1932;
826 1261 68 39 2c.
927 1260 115 47 July
1075 1258 82 48 20;
1194 1258 82 41 aff.
1310 1258 116 48 July
1458 1258 82 48 22;
1576 1259 42 38 A
1650 1258 169 48 53215;
1855 1258 231 40 National
385 1268 1899 89 recreation

513 1327 143 36 assn.,
683 1316 105 48 inc.,
815 1317 119 39 New
959 1316 143 39 York.
1174 1314 280 51 (32-26904)

309 1389 224 55 Jeanne
563 1391 194 66 d’Arc,
785 1392 188 67 Saint,
1004 1393 327 65 1412-1431,
1359 1391 330 67 defendant.

381 1467 122 52 The
531 1466 137 55 trial
697 1467 63 52 of
789 1467 216 54 Jeanne
1036 1467 190 67 d’Arc,
1255 1466 314 54 translated
1601 1465 121 54 into
1753 1465 245 69 English
2029 1465 151 52 from
2209 1465 96 53 the

314 1543 246 69 original
588 1544 172 52 Latin
792 1544 112 52 and
937 1544 222 52 French
1190 1544 325 53 documents
1544 1543 74 69 by
1649 1542 88 54 W.
1772 1544 64 51 P.
1870 1543 260 67 Barrett;
2164 1542 141 53 with

314 1639 72 34 an
413 1639 175 50 essay,
616 1619 92 55 On
734 1621 96 52 the
857 1619 137 54 trial
1022 1620 63 54 of
1111 1621 217 55 Jeanne
1356 1621 190 69 d’Arc,
1577 1620 114 56 and
1719 1621 290 52 Dramatis
2039 1638 266 51 personæ,

315 1697 391 69 biographical
738 1698 249 55 sketches
1017 1698 64 53 of
1108 1699 96 52 the
1232 1696 136 56 trial
1395 1697 202 70 judges
1629 1698 113 53 and
1772 1700 158 53 other
1961 1716 230 51 persons
316 1700 1964 127 involved

548 1776 60 53 in
639 1775 96 54 the
764 1775 200 52 maid’s
997 1793 203 51 career,
1232 1774 135 55 trial
1400 1775 113 53 and
1546 1776 188 69 death,
1764 1775 74 68 by
1870 1775 196 54 Pierre
318 1775 1963 145 Champion,

493 1851 313 54 translated
831 1851 151 54 from
1004 1853 97 52 the
1125 1852 222 54 French
1371 1852 75 69 by
1473 1851 173 71 Coley
1670 1853 212 68 Taylor
1907 1853 114 54 and
2045 1853 158 53 Ruth
2228 1854 75 52 H.

318 1927 166 69 Kerr,
514 1926 375 56 illustrations
920 1928 75 69 by
1025 1928 196 52 Frank
1251 1929 64 52 P.
1351 1926 232 59 Rennie.
1675 1929 137 54 [New
1845 1930 161 53 York]
2061 1930 245 54 Gotham

317 2005 187 68 house,
533 2004 127 69 inc.,
692 2008 149 50 1932.

386 2074 103 49 xiii,
520 2075 85 41 544
633 2087 42 37 p.
734 2076 164 49 front.,
930 2077 128 42 illus.
1118 2078 57 40 24½ᶜᵐ.

387 2133 139 48 Maps
554 2143 60 30 on
641 2132 363 49 lining-papers.

388 2189 161 39 “First
579 2188 226 41 edition.”

401 2244 134 40 Trial
564 2244 81 40 for
669 2246 172 46 heresy
868 2246 95 39 and
992 2254 206 40 sorcery,
1228 2246 466 51 February-March,
1722 2248 127 50 1431,
1877 2252 54 39 at
1957 2251 180 41 Rouen.

389 2299 213 42 “Jeanne
630 2301 142 41 d’Arc
799 2311 102 30 was
929 2302 184 40 burned
1141 2306 53 37 at
1224 2303 81 40 the
1334 2303 139 41 stake
1501 2315 61 30 on
1591 2305 113 49 May
1730 2305 71 49 30,
1829 2306 127 43 1431.
2016 2308 47 40 It
2092 2318 102 30 was
2223 2313 82 37 not

319 2357 124 40 until
474 2368 129 31 some
635 2357 118 41 time
778 2359 140 47 later,
948 2358 176 41 almost
1154 2359 238 49 certainly
1419 2362 87 39 not
1532 2361 166 40 before
1728 2361 128 50 1435,
1888 2365 109 40 that
2027 2366 82 39 the
2139 2367 166 39 record

319 2413 51 41 of
397 2415 89 39 her
511 2413 116 41 trial
656 2424 101 30 was
784 2414 273 41 translated
1084 2415 62 48 by
1171 2415 210 41 Thomas
1409 2417 58 39 de
1495 2417 287 51 Courcelles,
1811 2430 87 29 one
1928 2420 52 40 of
2006 2422 87 39 her
2119 2422 185 50 judges,

319 2472 95 39 and
438 2470 275 41 Guillaume
737 2471 253 47 Manchon,
1015 2470 115 40 trial
1155 2473 188 47 notary,
1370 2472 102 40 into
1499 2474 145 40 Latin
1667 2475 126 39 from
1819 2478 81 38 the
1925 2477 209 40 minutes
2161 2479 144 40 taken

319 2527 132 47 daily
478 2526 178 48 during
683 2527 82 39 the
792 2537 193 38 process
1013 2527 53 40 of
1092 2528 83 40 the
1203 2527 130 49 trial,
1363 2530 220 47 together
1610 2531 120 40 with
1758 2533 66 39 all
1852 2534 84 39 the
1960 2533 154 42 forms
2143 2535 52 41 of
321 2537 1968 86 letters

442 2586 169 45 patent
635 2582 282 49 emanating
937 2582 128 41 from
1088 2582 165 42 Pierre
1277 2584 240 50 Cauchon,
1541 2585 172 50 bishop
1737 2588 52 40 of
1812 2589 257 50 Beauvais,
2096 2591 123 41 Jean
2242 2590 67 42 Le

321 2639 217 48 Maistre,
573 2639 102 40 vice
711 2639 261 48 inquisitor
1007 2640 53 40 of
1094 2641 84 39 the
1210 2640 144 49 faith,
1390 2642 81 40 the
1507 2643 191 41 doctors
1735 2644 52 41 of
1817 2647 87 39 the
1939 2646 281 50 University
2256 2648 52 40 of

321 2695 140 42 Paris
489 2697 95 39 and
614 2697 141 39 other
783 2694 578 49 dignitaries.”—Introd.

392 2754 127 39 “The
548 2752 117 40 trial
690 2752 78 39 for
796 2753 188 46 relapse
1014 2752 128 49 [May
1168 2752 157 49 28-30,
1355 2754 159 49 1431]”:
1572 2765 43 37 p.
1643 2755 214 43 349-366.

391 2808 374 49 Bibliography:
798 2819 44 37 p.
872 2807 217 42 541-544.

329 2864 51 52 ©
412 2869 126 40 June
564 2867 69 48 29,
664 2866 139 48 1932;
836 2867 65 40 2c.
934 2868 115 47 July
1079 2869 51 46 7;
1164 2867 80 41 aff.
1277 2868 116 48 July
1423 2869 51 47 8;
1508 2869 40 39 A
1580 2869 169 49 53026;
1785 2872 207 40 Gotham
2023 2875 162 46 house,
2217 2875 89 39 inc.

404 2923 278 50 (32-26877)

325 2998 169 66 Katz,
524 2998 276 63 Richard,
832 3002 170 50 1888-

399 3074 113 53 Ein
549 3075 247 52 bummel
832 3092 97 34 um
967 3075 92 52 die
1094 3076 159 66 welt;
1296 3077 136 52 zwei
1471 3076 163 69 jahre
1671 3081 276 52 weltreise
1985 3080 104 53 auf
2126 3081 186 54 kamel

327 3154 118 52 und
483 3152 240 67 schiene,
760 3151 168 53 schiff
963 3153 118 52 und
1121 3159 151 62 auto,
1311 3172 111 35 von
1461 3156 252 53 Richard
1753 3157 168 53 Katz.
1998 3157 312 56 Neubearb.

329 3232 116 51 und
483 3231 313 52 erweiterte
830 3229 128 52 aufl.
1030 3231 113 52 Mit
1181 3235 64 49 31
1281 3232 186 53 tafeln
1502 3235 118 51 und
1657 3235 153 52 einer
1844 3236 178 53 karte.
2096 3239 217 68 Berlin,

328 3309 474 66 Ullstein [ ᶜ1 932]
399 3380 1440 54 278, [1] p., 1 l. front. (port.) illus. (map) plates. 22 ᶜᵐ.
402 3438 198 40 “76.-80.
633 3436 248 41 tausend.”

402 3494 170 48 Sequel:
634 3495 163 39 Ernte.

334 3545 1728 59 © Apr. 28, 1932; 1c. June 14; A—Foreign 17065; Ullstein a.-g.
411 3605 277 48 (32-20031)

403 3678 206 67 Ernte;
643 3681 94 51 des
768 3680 288 51 Bummels
1086 3698 96 33 um
1212 3681 92 52 die
1332 3687 131 46 welt
1492 3683 195 51 zweite
1717 3683 173 69 folge,
1919 3703 111 34 von
2060 3684 253 53 Richard

333 3754 1841 74 Katz. Mit 31 tafeln und 6 karten. Berlin, Ullstein [ ᶜ1 932]
402 3828 1475 53 274, [1] p., 1 l. front. (port.) illus. (maps) plates. 22 ᶜᵐ.
336 3879 1700 59 © Apr. 28, 1932; 1c. June 2; A—Foreign 17018; Ullstein a.-g.
414 3939 277 49 (32-20032)
