2563 4368
1050 4023 97 51 699

107 433 228 66 Braley,
366 434 238 65 Berton,
639 438 168 50 1882-

167 510 302 53 Bonehead
501 509 198 69 bridge;
764 530 79 46 or,
876 510 273 55 Contract
1180 510 58 52 in
1273 515 214 48 cement
1519 510 210 63 circles,
1762 510 75 66 by
1870 512 214 51 Berton

96 587 239 67 Braley;
367 587 378 53 illustrations
771 588 74 66 by
874 586 254 54 D’Alton
1155 587 321 54 Valentine.
1542 588 137 51 New
1710 587 177 65 York,
1918 587 166 55 Sears

96 663 874 69 publishing company [ ᶜ193 2 ]
170 747 1455 51 viii p., 1 l., 11-107 p. incl. front., illus., plates. 19½ ᶜᵐ .
105 816 51 53 ©
187 821 112 47 Apr.
328 821 70 47 20,
428 820 113 40 1932;
599 820 66 40 2c.
697 821 112 47 May
839 819 28 40 9;
925 819 80 41 aff.
1037 819 111 48 Apr.
1181 820 55 39 22;
1295 820 39 39 A
1366 820 140 40 51223;

1571 821 142 40 Sears
1746 820 107 48 pub.
1884 831 82 36 co.,
1999 821 90 40 inc.

182 878 278 47 (32-12530)

99 981 334 65 Burkhard,
469 982 250 54 Arthur.

170 1058 229 54 Conrad
440 1058 330 54 Ferdinand
809 1059 223 67 Meyer;
1074 1059 95 52 the
1206 1059 146 67 style
1389 1060 111 52 and
1541 1060 95 51 the
1675 1078 148 48 man,
1861 1061 74 66 by
99 1061 1960 127 Arthur

262 1136 324 53 Burkhard.
663 1135 360 69 Cambridge,
1052 1138 189 65 Mass.,
1269 1137 273 52 Harvard
1571 1136 314 69 university
1916 1155 170 50 press,

100 1217 149 50 1932.

172 1300 708 50 ix p., 2 l., [3]-225 p. 21 ᶜᵐ .
175 1372 346 47 Bibliography:
583 1383 40 36 p.
661 1371 247 50 [219]-225.

105 1439 51 52 ©
181 1444 113 47 Apr.
317 1443 68 43 30.
413 1442 111 41 1932;
579 1442 65 40 2c.
673 1445 111 46 May
811 1443 25 39 5;
891 1442 81 43 aff.
1000 1444 111 46 May
1136 1443 26 38 4;
1218 1442 40 39 A
1284 1442 144 40 51157;
1482 1442 253 40 President
1763 1443 35 39 &
1823 1442 188 40 fellows
2039 1442 52 40 of

171 1501 227 39 Harvard
429 1501 190 47 college,
652 1499 298 48 Cambridge.
983 1501 145 38 Mass.
1200 1499 278 48 (32-12625)

103 1602 299 66 Callahan,
431 1603 246 56 Charles
702 1604 91 64 H.,
825 1609 169 50 1858-

169 1680 121 52 The
343 1679 290 55 memorial
687 1684 58 48 to
802 1678 379 69 Washington;
1268 1699 71 33 an
1394 1676 233 55 historic
1683 1678 278 68 souvenir,
2016 1679 73 68 by

101 1754 1990 57 Charles H. Callahan … Published at the dedication of the
100 1832 378 70 Washington
517 1833 248 53 masonic
806 1831 291 55 memorial
1139 1833 137 69 May
1322 1835 81 66 12,
1442 1835 155 65 1932,
1637 1832 74 68 by
1754 1833 94 53 the
1891 1831 197 55 Grand

100 1910 165 69 lodge
315 1909 63 54 of
427 1909 313 69 Virginia’s
789 1909 376 55 bicentennial
1220 1912 110 52 and
1384 1908 320 56 dedication
1758 1908 330 56 committee.

105 1986 575 70 [Alexandria, ᶜ193 2]
168 2071 1244 50 100 p. illus. (incl. ports.) fold. map. 25½ ᶜᵐ .
107 2143 1967 106 © Apr. 27, 1932; 2c. and aff. May 3; A 49824; C. H. Callahan, Alexandria,
321 2205 83 37 Va.
475 2203 277 46 (32-12587)

104 2304 321 67 Chapman,
458 2307 153 53 John
647 2307 131 63 Jay,
817 2311 169 49 1862-

171 2381 135 52 New
353 2380 262 54 horizons
661 2381 61 53 in
770 2381 305 53 American
1121 2381 121 69 life,
1290 2381 73 69 by
1413 2382 156 53 John
1612 2381 114 69 Jay
1776 2380 312 69 Chapman.

102 2457 135 54 New
272 2457 177 68 York,
479 2458 297 55 Columbia
806 2457 314 70 university
1149 2477 171 49 press,
1353 2462 148 48 1932.

170 2529 803 50 4 p. l., 3-50, [1] p., 1 l. 23½ᶜᵐ.
508 2586 102 41 CONTENTS.—Our
632 2586 573 41 universities.—Trends
1230 2587 49 40 in
1306 2588 202 47 popular
1534 2588 218 48 thought.

108 2654 51 52 ©
185 2661 112 45 May
322 2660 68 45 10,
415 2659 110 41 1932;
580 2660 66 40 2c.
673 2661 112 46 May
809 2661 25 39 3;
890 2659 80 41 aff.
999 2661 111 46 May
1136 2660 55 38 12;
1247 2659 38 39 A
1310 2659 143 41 49927;
1509 2659 251 42 Columbia
1788 2658 128 42 univ.
1944 2667 145 40 press.

185 2716 277 47 (32-12589)

106 2819 265 67 Chesnel,
398 2821 164 65 Paul,
592 2825 170 51 1859-

170 2895 242 69 History
454 2897 63 54 of
561 2897 261 55 Cavelier
864 2899 70 53 de
975 2900 83 52 La
1103 2899 171 67 Salle,
1319 2899 307 53 1643-1687;
1702 2898 386 69 explorations

98 2971 61 53 in
182 2974 95 52 the
305 2975 214 67 valleys
545 2975 63 53 of
633 2976 96 52 the
757 2975 167 68 Ohio,
951 2976 226 53 Illinois
1205 2977 110 52 and
1344 2976 368 68 Mississippi,
1738 2977 170 53 taken
1936 2977 153 52 from

99 3048 88 54 his
216 3051 210 67 letters,
457 3057 220 62 reports
709 3058 58 48 to
799 3053 160 68 King
991 3053 173 53 Louis
1198 3072 115 48 xiv,
1345 3056 118 51 also
1493 3055 96 52 the
1621 3060 221 61 reports
1876 3054 62 53 of

100 3073 1965 105 several
252 3127 62 52 of
346 3129 89 52 his
469 3129 314 67 associates,
816 3130 198 53 official
1051 3136 116 48 acts
1202 3132 111 52 and
1349 3137 536 61 contemporaneous
101 3133 1963 138 documents,

342 3206 1747 70 by Paul Chesnel … translated from the French by
101 3277 228 57 Andrée
358 3283 239 54 Chesnel
630 3284 226 52 Meany.
923 3285 139 52 New
1095 3285 179 67 York,
1306 3286 257 66 London,
1594 3287 69 54 G.
1696 3288 65 51 P.
1794 3286 295 53 Putnam’s

99 3375 143 49 sons,
275 3362 150 50 1932.

174 3428 1219 55 vii, 232 p. front. (port.) fold. maps. 21½ ᶜᵐ .
174 3484 140 54 Maps
345 3500 58 29 on
436 3488 360 50 lining-papers.

113 3552 51 51 ©
199 3558 111 47 Apr.
345 3558 56 40 29,
451 3559 138 42 1932;
627 3561 67 39 2c.
730 3562 94 38 and
861 3560 81 43 aff.
980 3563 111 47 May
1129 3563 52 45 5;
1218 3563 40 39 A
1293 3562 147 41 49836;
1504 3563 51 43 G.
1594 3565 49 38 P.
1681 3563 251 42 Putnam's
1968 3574 125 30 sons.

189 3614 276 48 (32-12395)

110 3712 278 66 Cravath,
419 3717 144 53 Paul
596 3719 296 65 Drennan,
930 3724 169 51 1861-

177 3790 219 55 Letters
424 3793 163 53 home
617 3795 150 54 from
795 3798 96 52 the
920 3799 115 51 Far
1065 3800 140 52 East
1234 3801 111 52 and
1379 3799 221 67 Russia,
1632 3804 132 49 1931
1817 3801 74 66 [by]
1944 3799 146 54 Paul

108 3866 1983 80 D. Cravath … [Garden City, N. Y., The Country life press,
233 3950 45 63 ᶜ193 1]
