2563 4368
1424 4045 101 49 516

464 511 1992 76 methods and definitions, by Fred H. Colvin … and Frank A.
464 590 1993 76 Stanley … 5th ed., thoroughly rev. and enl., total issue, 256,000.
465 672 134 53 New
627 672 161 52 York
811 672 106 52 and
945 670 255 68 London,
1221 669 427 56 McGraw-Hill
1672 670 143 52 book
1838 688 295 50 company,
2158 669 124 68 inc.,
2309 673 148 49 1932.

533 753 1473 53 xviii, 1135 p. incl. illus., tables, diagrs. 18 ᶜᵐ. $4.00
536 826 333 41 “Authorities
899 828 85 40 not
1012 826 275 41 mentioned
1319 826 48 41 in
1401 825 133 42 text”
1553 837 8 28 :
1596 838 41 37 p.
1670 825 127 42 1135.

471 897 53 52 ©
550 901 114 48 Apr.
693 901 39 48 1,
761 900 140 46 1932;
929 900 68 41 2c.
1025 901 115 47 Apr.
1166 901 51 44 5;
1249 900 83 40 aff.
1358 900 114 47 Apr.
1500 901 54 45 6;
1582 899 42 41 A
1650 900 137 39 50571;
1852 898 351 42 McGraw-Hill
2231 900 121 40 book
2380 909 85 36 co.,

540 957 88 42 inc.
699 956 251 49 (32-9640)

470 1059 239 66 Cozens,
738 1061 315 55 Frederick
1081 1062 269 65 Warren,
1380 1066 170 50 1890-

538 1136 262 53 Problem
850 1137 230 54 manual
1128 1137 60 54 in
1236 1136 258 69 physical
1544 1134 297 56 education
1892 1140 449 62 measurements,
2391 1135 73 69 by

469 1209 1994 73 Frederick W. Cozens … Philadelphia and London, W. B.
469 1291 287 54 Saunders
788 1308 296 51 company,
1119 1294 149 49 1932.

536 1375 556 52 1 p. l., 15-166 p. 20½ᶜᵐ.
540 1447 130 41 “The
703 1447 215 42 exercise
950 1446 227 43 material
1211 1448 50 40 in
1294 1448 100 42 this
1427 1449 197 41 manual
1660 1450 89 40 has
1782 1450 118 40 been
1933 1451 236 47 prepared
2205 1451 47 41 to
470 1455 1978 100 accompany
623 1505 83 40 the

734 1506 118 46 text,
880 1505 195 41 Bovard
1103 1507 94 39 and
1227 1505 194 48 Cozens,
1453 1506 154 41 ‘Tests
1636 1507 94 39 and
1760 1508 381 38 measurements
2170 1506 48 39 in
2248 1503 217 51 physical

468 1560 565 44 education’.”—Introd.

477 1632 52 52 ©
557 1637 122 40 Mar.
706 1636 70 48 24,
803 1635 141 48 1932;
973 1635 68 41 2c.
1067 1636 95 40 and
1191 1635 81 42 aff.
1302 1637 122 40 Mar.
1451 1634 82 47 29;
1565 1635 40 40 A
1631 1634 172 48 49320;
1833 1636 71 40 W.
1935 1636 52 39 B.
2020 1634 246 43 Saunders
2292 1642 68 34 co.

554 1690 251 51 (32-9760)

475 1793 205 65 Defoe,
706 1792 228 67 Daniel,
966 1792 364 56 1661?-1731.

539 1872 120 52 The
693 1872 259 53 fortunes
986 1873 111 52 and
1129 1872 371 54 misfortunes
1533 1873 63 53 of
1625 1874 97 52 the
1755 1873 224 53 famous
2011 1873 143 53 Moll
2189 1872 276 54 Flanders

471 1947 1970 135 … by Daniel Defoe. A new ed., with illustrations by Alexander
672 2026 1600 72 King. New York, The Hogarth press, inc. [ ᶜ1 931]
542 2112 701 51 301 p. front., plates. 29 ᶜᵐ.
481 2180 51 50 ©
562 2185 125 40 June
715 2184 58 40 30,
814 2183 140 46 1931;
984 2185 67 40 2c.
1079 2184 115 47 Apr.
1220 2184 41 46 1,
1289 2183 142 44 1932;
1459 2183 81 40 aff.
1570 2185 113 47 Apr.
1713 2186 52 40 8;
1798 2185 41 39 A
1867 2185 170 44 50609;
2069 2185 223 47 Hogarth
2320 2195 148 37 press,

548 2239 89 41 inc.
701 2236 69 53 [©
799 2238 343 50 illustrations]
1215 2239 249 48 (32-9871)

476 2344 316 62 Dessauer,
825 2343 323 65 Friedrich,
1183 2349 169 50 1881-

606 2418 1862 72 … Befreiung der technik, von F riedrich Dessauer und Karl
477 2495 1767 73 August Meissinger. Stuttgart und Berlin, Cotta [ ᶜ1 931 ]
546 2581 25 39 2
595 2592 43 38 p.
661 2583 45 46 l.,
735 2582 176 49 [7]-120
934 2593 41 38 p.
1028 2583 171 47 plates.
1253 2583 58 40 18½ᶜᵐ.
1470 2584 168 49 (Wege
1663 2587 85 38 der
1774 2587 220 47 technik)

484 2652 1969 110 © Nov. 20, 1931; 1c. Dec. 5; A—Foreign 14701; J. G. Cotta’sche buchhandlung
834 2712 294 54 nachfolger.
1201 2713 248 48 (32-9641)

478 2815 120 53 Des
627 2813 306 66 Vallières,
961 2815 166 56 Jean.

608 2890 1857 74 … Tendre Allemagne; Kavalier Scharnhorst. Paris, A.
476 2967 212 53 Michel
722 2971 173 64 [1931]

545 3052 686 53 3 p. l., [5]-248 p., 2 l. 18 ½ ᶜᵐ.
550 3122 64 40 At
639 3123 125 40 head
793 3123 52 40 of
873 3124 133 40 title:
1038 3125 123 39 Jean
1189 3126 98 40 Des
1316 3126 238 41 Vallières
1594 3128 146 48 (Jean
1770 3129 278 49 Ravennes)

486 3190 1739 57 © Nov. 19, 1931; 1c. Dec. 28; A— Foreign 15062; Albin Michel.
563 3250 249 49 (32-9564)

483 3347 278 69 Dittrick,
792 3353 275 66 Howard,
1101 3353 171 55 1877-
1484 3375 178 52 comp.

548 3426 241 56 Pioneer
816 3428 275 55 medicine
1114 3431 60 53 in
1203 3432 95 52 the
1325 3433 259 54 Western
1609 3435 259 69 Reserve,
1893 3436 279 68 compiled
2199 3436 72 70 by
482 3434 1960 128 Howard

625 3505 271 68 Dittrick,
992 3548 9 9 M.
1079 3549 10 10 D.;
1159 3507 378 57 illustrations
1573 3512 74 68 by
1686 3512 174 55 Louis
1897 3513 55 54 J.
1992 3513 284 67 Karnosh,
2368 3555 10 11 M.
2450 3553 10 10 D.

482 3580 324 69 Cleveland,
833 3583 121 53 The
980 3583 288 70 Academy
1295 3586 63 52 of
1384 3586 274 56 medicine
1687 3589 63 51 of
1778 3589 324 68 Cleveland,
2131 3593 149 51 1932.

550 3665 781 51 110 p., 1 l. illus., ports. 22 ᶜᵐ.
551 3734 210 43 Initials.

551 3790 182 41 “These
759 3792 221 43 sketches
1009 3796 242 46 appeared
1278 3795 258 51 originally
1564 3799 49 41 in
1643 3800 82 40 the
1752 3800 216 41 Bulletin
1996 3802 52 41 of
2075 3802 81 41 the
2182 3794 278 52 Academy.”

550 3846 163 43 “First
745 3847 228 44 edition.”

487 3914 51 51 ©
569 3920 121 41 Mar.
717 3920 68 48 19,
814 3921 113 41 1932;
984 3922 67 42 2c.
1079 3925 94 38 and
1203 3923 79 40 aff.
1313 3924 113 49 Apr.
1454 3924 25 40 2;
1538 3925 41 40 A
1606 3927 144 40 50504;
1807 3928 241 50 Academy
2079 3931 50 39 of
2158 3926 230 44 medicine
2414 3923 47 42 of

554 3974 273 47 Cleveland.
898 3977 250 51 (32-9752)
