2563 4368
1404 4004 58 49 18

501 521 139 46 Maps
670 531 59 28 on
761 518 358 48 lining-papers.

504 583 1910 53 “Seven hundred and fifty copies … have been printed by Eugene V.
433 646 205 40 Connett
670 647 51 38 at
754 646 80 39 the
867 646 267 46 Derrydale
1165 643 177 49 press.”

437 711 51 51 ©
519 717 110 38 Dec.
659 716 68 44 21,
759 716 111 38 1931;
929 716 67 39 2c.
1027 715 108 39 Jan.
1165 715 41 45 2,
1236 713 139 46 1932;
1408 713 81 41 aff.
1521 714 107 38 Jan.
1663 713 79 43 11;
1776 712 39 38 A
1845 711 170 43 45944;
2049 711 70 39 W.
2152 711 55 40 N.
2242 709 172 45 Beach,

503 770 54 42 N.
593 772 51 39 Y.
717 771 248 48 (32-1652)

432 888 173 63 Berg,
632 889 193 63 Bengt
852 890 254 62 Magnus
1133 887 339 64 Kristoffer,
1504 891 169 50 1885-

500 964 310 69 Gypaëtus,
842 965 107 51 den
980 964 264 67 flygande
1275 963 213 52 draken
1519 963 17 51 i
1568 962 328 66 Himalaya,
1927 978 71 34 av
2030 961 187 66 Bengt
2248 961 168 65 Berg.

435 1041 1322 66 Stockholm, P. A. Norstedt & söner [ ᶜ19 31 ]
502 1113 795 50 229 p. incl. front., plates. 25½ ᶜᵐ.
502 1183 250 40 Half-title;
810 1184 104 39 Den
942 1183 220 47 flygande
1190 1182 183 40 draken
1399 1181 15 39 i
1443 1181 277 47 Himalaya.

441 1249 1977 52 © Nov. 23, 1931; 1c. Dec. 28; A—Foreign 14991; B. Berg, Bokenäs,
506 1311 241 47 Halltorp,
785 1311 210 39 Sweden.
1066 1308 249 49 (32-3080)

434 1416 182 55 Bible.
685 1419 63 52 O.
777 1420 61 50 T.
900 1418 209 54 Isaiah.
1171 1417 260 68 English.
1495 1418 403 66 Paraphrases.
1960 1420 152 49 1931.
2174 1417 245 67 Popper.

509 1494 121 51 The
670 1494 297 67 prophetic
1007 1498 200 63 poetry
1249 1492 65 53 of
1354 1493 212 67 Isaiah,
1609 1493 262 67 chapters
1916 1492 150 65 1-37,
2108 1489 311 55 translated

440 1571 58 52 in
522 1572 349 66 parallelism
896 1570 150 53 from
1070 1590 30 33 a
1125 1571 216 52 revised
1365 1570 245 53 Hebrew
1634 1575 146 62 text,·
1795 1570 73 68 by
1892 1569 259 54 William
2176 1570 246 67 Popper.

441 1648 292 68 Berkeley,
774 1647 193 68 Calif.,
1006 1649 333 67 University
1378 1647 65 53 of
1483 1646 322 55 California
1846 1665 173 50 press,
2063 1650 147 49 1931.

506 1730 396 48 xvi, 164 p. 21½ ᶜᵐ.
443 1795 51 52 ©
523 1800 114 39 Nov.
667 1801 68 41 24,
765 1800 137 45 1931;
933 1800 66 40 2c.
1029 1801 109 39 Dec.
1166 1803 52 43 3;
1249 1800 81 41 aff.
1361 1800 109 40 Dec.
1500 1800 80 46 11;
1613 1801 39 37 A
1680 1800 169 44 45746;
1886 1801 204 46 Regents
2121 1799 51 40 of
2202 1800 79 39 the
510 1798 1894 105 University

719 1857 50 38 of
798 1856 283 47 California,
1112 1857 245 47 Berkeley,
1389 1856 141 41 Calif.
1602 1857 249 46 (32-1465)

501 1950 1776 69 … The Book of popular science; the wonders of modern
505 1951 1894 141 discovery,
764 2025 94 52 the
897 2025 286 68 triumphs
1224 2026 62 52 of
1327 2025 288 54 inventive
1655 2024 214 70 genius,
1910 2026 94 53 the
2045 2030 155 64 story
2241 2025 63 52 of
2345 2027 71 50 all

505 2103 219 51 created
759 2102 192 69 things
984 2104 109 51 and
1128 2104 94 52 the
1254 2104 177 52 world
1464 2104 134 68 they
1631 2103 111 53 live
1774 2104 75 66 in,
1883 2103 186 53 edited
2102 2104 74 67 by
2209 2104 214 51 Dexter

507 2178 1890 147 S. Kimball … aided by a group of distinguished contributors … New York, The Grolier society [ ᶜ19 31]
508 2337 56 39 16
604 2348 42 28 V.
718 2337 172 40 fronts.
919 2336 48 48 (1
1011 2337 111 47 col.)
1174 2338 126 40 illus.
1329 2337 132 48 (incl.
1506 2338 160 48 maps)
1718 2340 155 46 plates
1901 2340 135 47 (part
2078 2341 100 45 col.,
2223 2343 16 35 1
2292 2341 129 42 fold.,

437 2392 759 49 2 double) ports., diagrs. 25 ᶜᵐ.
507 2462 160 48 Paged
694 2463 351 48 continuously.

508 2518 1383 42 At head of title of vol. I; Edison memorial edition.
551 2575 1873 49 Vol. XVI; General index, prepared by Florence D. Johnston … Group
439 2630 144 40 index
611 2631 52 39 of
690 2631 237 47 chapters.

510 2685 345 48 Bibliography
883 2690 51 36 at
961 2688 91 38 end
1080 2687 51 40 of
1159 2687 170 40 article
1358 2698 59 29 on
1448 2687 261 48 relativity.

448 2751 51 52 ©
526 2756 109 40 Dec.
661 2756 66 44 12,
754 2756 109 39 1931;
918 2756 66 41 2c.
1009 2757 117 39 each
1151 2759 95 38 and
1273 2757 80 40 aff.
1381 2758 108 39 Jan.
1515 2758 38 47 8,
1581 2757 139 46 1932;
1750 2758 39 38 A
1813 2758 142 39 46821;
2015 2758 188 40 Grolier
2230 2757 193 47 society.

518 2808 68 52 [©
613 2812 191 47 general
832 2812 208 39 revision
1066 2815 94 38 and
1187 2824 104 29 new
1317 2816 191 46 matter]
1581 2814 249 48 (32-1368)

442 2903 242 64 Brooks,
715 2904 224 64 George
969 2905 270 55 Edward.

511 2979 281 67 Dynamic
816 2980 301 68 speaking;
1144 3000 26 33 a
1200 2982 172 53 thesis
1397 3001 72 34 on
1493 2983 95 52 the
1614 2983 349 70 psychology
1989 2982 63 55 of
2079 2983 344 68 persuasion,

444 3056 33 51 by
559 3055 218 69 George
822 3057 65 51 E.
931 3057 233 53 Brooks.
1249 3058 290 68 [Newport
1581 3060 184 67 News,
1808 3061 124 66 Va.,
1976 3061 121 51 The
2142 3060 277 53 Franklin

445 3133 584 68 printing co.] ᶜ19 32.
510 3212 711 49 2 p. l., 3-34 p. diagrs. 23 ᶜᵐ.
511 3281 345 47 Bibliography;
914 3292 43 37 p.
987 3282 68 41 34.

452 3348 51 52 ©
534 3353 107 39 Jan.
672 3354 38 39 7.
741 3353 138 46 1932;
911 3355 64 37 2c.
1008 3357 92 36 and
1131 3356 79 39 aff.
1244 3358 108 41 Jan.
1382 3359 80 45 11;
1495 3360 40 38 A
1565 3359 168 46 45942;
1770 3360 51 39 G.
1855 3361 49 37 E.
1939 3360 197 47 Brooks,
517 3359 1891 96 Williamsburg,

685 3410 82 38 Va.
839 3409 247 48 (32-1680)

450 3508 231 65 [Burge,
709 3508 265 56 Milward
1003 3513 198 53 Rodon
1231 3514 302 68 Kennedy]
1567 3521 169 49 1894-

445 3583 1953 143 … Death to the rescue, by Milward Kennedy [pseud.] London, V. Gollancz, ltd., 1931.
515 3739 275 48 288 p. 19 ᶜᵐ.
516 3810 63 39 At
607 3810 122 39 head
757 3811 51 39 of
837 3811 106 39 title;
1000 3811 41 39 A
1068 3813 235 40 detective
1332 3817 146 45 story.

453 3876 1971 61 © 1c. Dec. 29, 1931; A ad int. 15954; pubd. Nov. 3; M. R. K. Burge,
520 3937 208 41 London.
798 3937 247 48 (32-2353)
