2563 4368
1211 4006 132 49 1118

332 383 1899 141 … The New York red book, 1932, containing up-to-date information
339 464 1892 137 on the state government … edited by James Malcolm.
573 546 249 69 Albany,
850 548 58 54 J.
935 549 66 51 B.
1030 548 163 66 Lyon
1222 563 295 50 company,
1549 547 151 49 1932.

367 618 977 52 693 p. front., pl., ports., tables. 24 ᶜᵐ.
344 680 64 39 At
433 679 123 39 head
583 678 51 39 of
660 677 107 40 title:
822 676 76 39 An
923 676 281 39 illustrated
1232 676 128 39 state
1386 677 213 38 manual.

343 736 165 38 Plates
534 734 193 47 printed
755 742 60 30 on
843 732 116 39 both
986 732 141 39 sides.

277 800 51 52 ©
356 804 118 48 Aug.
502 803 72 48 30,
600 802 113 40 1932;
769 802 67 40 2c.
864 802 96 39 and
988 800 82 41 aff.
1099 800 127 49 Sept.
1254 800 26 38 2;
1337 800 41 39 A
1405 798 143 42 53917;
1604 800 43 40 J.
1677 800 54 40 B.
1760 799 134 48 Lyon
1921 808 67 31 co.

294 907 206 64 [Orton,
586 908 145 65 Vrest]
770 904 172 56 1897-

272 979 1969 148 Proceedings of the Company of amateur brewers … [Brattleboro,
533 1061 81 53 Vt.]
682 1059 158 52 Priv.
870 1059 159 67 print.
1076 1058 93 52 for
1196 1059 95 51 the
1317 1056 274 54 members
1621 1056 64 53 of
1713 1057 96 53 the
1839 1055 242 68 Society,
2114 1058 148 50 1932.

342 1133 86 40 159
451 1144 43 38 p.
520 1133 110 40 incl.
655 1132 165 48 front.,
845 1131 130 41 illus.
1035 1130 58 42 19½ᶜᵐ.

344 1185 1048 53 “Copyright … by Vrest Orton.”—p. [6]
280 1256 52 52 ©
362 1261 125 39 June
517 1261 69 47 17,
614 1259 112 41 1932;
784 1260 69 40 2c.
884 1259 125 39 June
1039 1260 55 39 27;
1155 1258 82 40 aff.
1267 1259 115 47 July
1413 1258 26 40 6;
1498 1258 41 39 A
1568 1257 142 41 52987;
1773 1258 52 39 V.
1858 1257 168 47 Orton,
346 1257 1919 108 Brattle-boro,

506 1318 75 38 Vt.
652 1315 280 50 (32-19355)

272 1418 336 67 Phillpotts,
640 1420 183 65 Eden,
855 1423 172 51 1862-

407 1495 1856 70 … The broom squires. New York, The Macmillan company,
277 1579 148 50 1932.

343 1645 476 51 3 p. l. , 196 p. 19½ ᶜᵐ.
282 1715 51 52 ©
364 1720 120 47 Aug.
513 1719 40 48 2,
584 1718 114 40 1932;
757 1718 66 40 2c.
857 1719 95 39 and
982 1717 81 40 aff.
1096 1718 119 46 Aug.
1246 1717 26 40 3;
1332 1718 40 38 A
1403 1716 144 41 53429;
1608 1716 282 41 Macmillan
1920 1728 66 30 co.

358 1774 277 49 (32-19495)

274 1878 185 66 Price,
491 1878 246 56 Charles
764 1877 279 56 Matlack.

343 1956 124 53 The
509 1956 276 67 practical
826 1955 148 53 book
1017 1954 66 54 of
1125 1955 393 67 architecture,
1561 1956 75 66 by
1681 1954 63 56 C.
1788 1955 255 53 Matlack
2086 1955 181 53 Price.

275 2033 139 55 New
440 2034 104 67 ed.,
572 2033 140 53 with
742 2052 72 34 an
844 2033 325 53 illustrated
1198 2033 378 67 supplement,
1604 2032 399 54 Architecture
2033 2034 111 52 and
2174 2034 96 52 the

275 2129 123 35 new
439 2128 120 50 age.
632 2110 409 69 Philadelphia
1083 2112 112 52 and
1237 2110 259 68 London,
1537 2110 57 55 J.
1636 2111 68 51 B.
1745 2110 340 68 Lippincott
273 2128 1973 127 company,
474 2190 151 50 1932.

344 2259 1161 50 2 p. l. , 367 p. col. front., plates, plans. 23 ᶜᵐ.
285 2326 51 52 ©
364 2332 113 46 May
504 2329 69 49 19,
601 2329 113 41 1932;
771 2329 67 41 2c.
868 2332 94 38 and
991 2329 82 41 aff.
1102 2330 116 48 July
1245 2329 55 40 23;
1357 2329 41 39 A
1427 2329 143 40 54210;
1629 2331 43 39 J.
1702 2330 52 39 B.
1786 2329 276 49 Lippincott
2092 2341 66 29 co.

361 2386 279 50 (32-19375)

278 2488 222 53 Punch.
614 2533 10 8 v.
656 2492 116 65 183,
798 2507 88 34 no.
915 2487 152 70 4748,
1094 2491 142 67 July
1264 2493 48 65 6,
1340 2492 148 50 1932.

285 2573 1984 52 © 1c. Sept. 1, 1932; A ad int. 16803; pubd. July 6; Herbert Heather,
352 2634 211 39 London.

282 2736 227 62 Quarto
537 2736 148 65 club,
713 2737 139 52 New
885 2737 177 52 York.

351 2812 221 62 Quarto
615 2814 127 51 club
785 2831 224 51 papers,
1055 2817 132 49 1928;
1261 2817 149 51 1929.
1485 2814 138 53 New
1667 2815 177 68 York,
1888 2815 240 53 Printed
2172 2814 94 53 for

281 2893 96 51 the
409 2891 291 67 members,
738 2894 151 50 1930.

355 2964 828 49 6 p. l. , 3-120 p., 1 l. illus. 22 ᶜᵐ.
289 3030 51 52 ©
372 3035 112 40 Dec.
513 3033 40 49 9,
584 3033 116 41 1930;
756 3034 67 41 2c.
853 3035 120 47 Aug.
1003 3035 70 49 23,
1102 3035 114 40 1932;
1277 3035 82 41 aff.
1389 3036 121 48 Aug.
1539 3036 60 40 20;
1655 3038 42 38 A
1728 3036 142 41 54497;
1933 3037 183 47 Quarto
2147 3037 122 48 club,

353 3092 118 39 New
494 3091 144 39 York.

283 3191 274 67 Scheper,
582 3192 156 55 John
765 3192 258 67 Baptist,
1053 3199 171 51 1899-

416 3268 1851 73 … Justitia Dei and justificatio (Romans, I. 17) in early
283 3346 1923 71 Latin literature … by the Rev. John Baptist Scheper …
283 3422 399 69 Washington,
709 3423 74 52 D.
813 3421 81 70 C.,
923 3423 121 54 The
1074 3422 262 56 Catholic
1364 3424 319 71 university
1710 3424 66 56 of
1803 3424 283 70 America,
2118 3428 150 52 1932.

354 3494 407 49 xiii, 143 p. 23 ᶜᵐ.
353 3551 66 40 At
453 3552 125 40 head
615 3552 54 39 of
702 3551 107 41 title:
877 3551 100 41 The
1014 3551 220 41 Catholic
1272 3552 271 47 university
1581 3552 54 42 of
1669 3552 239 42 America.

357 3606 171 41 Thesis
567 3607 64 49 (S.
689 3639 9 9 T.
756 3606 326 49 D.)—Catholic
1109 3608 272 48 university
1408 3609 53 40 of
1488 3609 238 48 America,
1753 3608 128 41 1932.

355 3662 127 41 Vita.

357 3717 372 47 Bibliography:
758 3727 43 38 p.
830 3716 216 42 137-141.

635 3774 131 47 CONTENTS.—pt.
802 3781 33 33 I.
871 3773 201 40 Modern
1105 3773 375 48 interpretation
1516 3774 53 40 of
1603 3773 196 48 justitia
1836 3774 93 41 Dei
1965 3776 94 40 and
286 3773 1966 95 justificatio.
429 3829 131 49 —pt.

675 3828 1398 49 II. The idea of justification in early Latin literature.
296 3882 50 51 ©
375 3886 125 39 June
528 3887 38 46 8,
594 3885 113 41 1932;
765 3887 65 39 2c.
859 3887 94 38 and
982 3885 79 40 aff.
1092 3887 126 38 June
1245 3887 54 40 13;
1357 3888 40 37 A
1425 3887 142 40 52562;
1626 3888 220 40 Catholic
1873 3888 127 40 univ.
2032 3888 50 40 of
362 3889 1891 93 America.

520 3942 276 47 (32-19129)
