2563 4368
1015 4044 100 47 441

69 534 46 40 in
159 532 395 49 Shakespearean
596 534 144 46 texts,
781 534 61 46 by
881 533 60 40 H.
984 533 51 41 T.
1079 532 314 41 Price.—The
1437 531 265 41 Italianate
1744 531 308 48 background

64 590 53 39 of
146 590 101 40 The
281 599 160 37 merry
471 589 148 40 wives
654 589 53 40 of
737 588 241 49 Windsor,
1013 589 60 46 by
1109 587 51 44 O.
1199 588 42 41 J.
1280 586 547 49 Campbell.—Political
1863 591 190 44 aspects

69 647 51 39 of
159 644 236 49 Dryden’s
435 647 248 45 Amboyna
724 647 96 39 and
860 646 101 40 The
1007 644 208 49 Spanish
1256 645 155 48 fryar,
1450 647 59 45 by
1552 645 51 39 L.
1645 646 38 39 I.
1725 646 256 39 Bredvold.
1999 668 58 6 —

67 700 182 42 Swift’s
276 702 282 40 conversion
586 704 49 38 to
661 703 80 39 the
771 702 127 48 Tory
924 704 158 44 party,
1111 700 61 46 by
1201 701 56 40 R.
1287 700 71 41 W.
1387 700 398 41 Babcock.—The
1813 699 241 42 Williams

66 756 346 48 transcription
442 756 53 40 of
521 756 185 46 Hellas,
736 756 62 48 by
828 755 209 42 Bennett
1068 754 382 42 Weaver.—The
1481 754 280 48 conception
1792 755 53 40 of
1876 755 177 47 beauty

66 812 48 40 in
144 813 81 40 the
255 813 158 39 works
444 813 52 39 of
527 810 204 50 Shelley,
764 812 168 49 Keats,
964 813 96 39 and
1090 812 108 46 Poe,
1230 812 61 47 by
1325 810 44 42 S.
1403 811 53 41 F.
1490 809 333 49 Gingerich.—
1824 809 230 43 Chrétien

64 869 57 40 de
154 869 178 47 Troyes
351 879 9 29 :
395 879 28 30 a
453 867 402 49 bibliographical
886 878 155 38 essay,
1071 867 62 48 by
1166 867 43 42 J.
1243 867 56 41 R.
1332 867 263 41 Reinhard.

73 935 51 51 ©
156 940 120 38 Mar.
308 939 66 47 16,
406 938 139 48 1932;
577 938 67 41 2c.
676 940 121 42 Mar.
828 939 81 47 24;
941 939 81 40 aff.
1056 940 120 38 Mar.
1208 938 83 47 30;
1324 939 40 38 A
1395 938 170 47 50441;
1600 938 251 41 Graduate
1881 937 176 48 school,

141 996 137 40 Univ.
310 996 53 40 of
391 996 257 47 Michigan,
681 998 107 37 Ann
818 997 168 40 Arbor.
1057 994 250 50 (32-8929)

68 1097 216 65 Moore,
313 1099 263 63 Douglas
601 1099 228 64 Stuart,
859 1104 169 50 1893-

132 1173 1918 70 Listening to music, by Douglas Moore … New York, W. W.
64 1251 985 68 Norton & company, inc. [ ᶜ1 932 ]
135 1322 1266 52 viii, 296 p. illus. (incl. music) diagrs. 20 ½ᶜᵐ .
137 1393 161 42 “First
330 1393 228 42 edition.”

136 1449 224 42 Includes
398 1450 391 49 bibliographies.

74 1513 52 52 ©
151 1519 114 46 May
289 1518 68 46 10,
383 1517 112 41 1932;
550 1517 67 40 2c.
643 1519 95 39 and
764 1517 80 41 aff.
873 1518 120 40 Mar.
1020 1518 53 39 15;
1130 1518 40 38 A
1195 1517 144 40 50030;
1393 1518 71 41 W.
1491 1518 72 41 W.
1587 1518 186 40 Norton
1799 1518 37 40 &
1860 1526 81 39 co.,
1968 1518 90 39 inc.

151 1575 249 47 (32-8562)

69 1674 1963 146 More plays with a purpose. New York, Lakeside publishing company [ ᶜ1 932 ]
136 1823 28 39 4
197 1833 42 38 p.
273 1823 45 48 l.,
351 1823 83 39 141
471 1834 43 38 p.
576 1823 116 40 2½ᶜᵐ.

140 1880 68 39 “A
233 1879 284 49 companion
540 1879 122 40 book
688 1883 49 37 to
763 1880 147 47 Plays
935 1880 119 40 with
1079 1890 28 30 a
1132 1890 207 39 purpose
1367 1879 176 52 [edited
1568 1882 61 46 by
1653 1881 158 40 Jessie
1835 1881 54 41 A.
1916 1882 143 40 Knox

67 1935 50 41 in
147 1935 495 50 1930]”—Foreword.

76 2005 1984 51 © Mar. 1, 1932; 2c. Mar. 5; aff. Mar. 7; A 48844; Lakeside pub. co.
154 2065 248 49 (32-8299)

72 2169 309 63 Morrison,
409 2170 202 53 James
638 2169 232 55 Woods.

139 2242 171 69 April
337 2242 147 69 luck,
510 2242 75 70 by
610 2243 193 53 James
827 2242 211 53 Woods
1064 2242 301 54 Morrison.
1431 2241 135 53 New
1600 2240 177 69 York,
1806 2241 255 68 London,

71 2319 66 54 G.
166 2320 65 52 P.
259 2320 294 54 Putnam’s
579 2338 143 48 sons,
750 2322 149 49 1932.

173 2390 418 50 v, 358 p. 19½ ᶜᵐ .
78 2459 1984 52 © Mar. 18, 1932; 2c. and aff. Mar. 26; A 49300; J. W. Morrison, West
145 2520 255 49 Cornwall,
428 2521 146 40 Conn.
645 2520 249 49 (32-8312)

74 2622 143 54 New
245 2622 230 55 Mexico
503 2623 113 52 and
645 2619 211 59 Pacific
885 2622 203 69 digest,
1117 2621 269 70 covering
1414 2623 77 52 all
1521 2641 150 37 cases
1700 2622 268 70 reported
1996 2621 62 53 in

139 2699 138 54 New
319 2699 220 53 Mexico
582 2705 239 62 reports,
865 2702 336 64 1852-1931;
1245 2698 211 54 Pacific
1496 2705 274 61 reporter,
1811 2700 251 53 volumes

143 2780 186 64 1-300,
360 2778 113 52 and
504 2778 78 51 all
612 2777 65 52 of
705 2779 95 50 the
830 2776 211 53 Pacific
1071 2782 171 47 states
1275 2783 221 60 reports
1529 2776 152 53 from
1710 2778 98 52 the
1837 2777 225 53 earliest

144 2855 180 67 times,
351 2854 280 69 compiled
660 2855 113 52 and
800 2854 191 53 edited
1017 2855 76 68 by
1120 2854 97 53 the
1245 2853 337 70 publisher’s
1612 2854 266 54 editorial
1907 2851 150 60 staff.

185 2975 10 11 v.
228 2935 112 49 1–4.
419 2931 83 55 St.
532 2934 164 67 Paul,
723 2935 161 53 West
910 2932 336 69 publishing
1273 2952 98 49 co.,
1402 2935 151 53 1932.

142 3006 274 41 4 v. 26 ᶜᵐ .
81 3071 51 51 ©
163 3076 106 40 Feb.
300 3075 69 49 29,
398 3075 112 41 1932;
568 3076 67 40 2c.
665 3077 117 39 each
812 3078 122 41 Mar.
964 3077 54 38 14;
1077 3075 107 42 affs.
1217 3077 119 38 Mar.
1368 3076 54 39 16;
1484 3077 38 38 A
1552 3074 318 42 50076-50079;
1930 3075 133 41 West

149 3132 106 47 pub.
296 3143 67 30 co.
433 3131 249 52 (32-7904)

77 3235 142 53 New
248 3236 159 52 York
446 3235 217 69 (State)
747 3236 183 68 Laws,
957 3242 256 62 statutes,
1242 3241 100 48 etc.

148 3310 235 56 Cahill’s
411 3315 137 52 New
576 3314 162 53 York
764 3314 133 55 code
925 3313 62 53 of
1014 3312 263 58 criminal
1303 3313 328 69 procedure.
1707 3315 134 50 1932
81 3330 1955 111 cumulative

292 3392 376 68 supplement,
709 3391 333 69 containing
1081 3394 96 50 the
1217 3394 139 51 laws
1395 3392 234 53 enacted
1670 3396 59 48 at
1768 3391 96 53 the
1908 3394 152 65 1929,

85 3470 146 64 1930,
280 3472 128 48 1931
471 3469 325 69 (including
841 3471 95 52 the
984 3471 438 68 extraordinary
1469 3469 237 69 session)
1765 3470 112 52 and
1926 3471 133 51 1932

80 3545 1980 72 sessions of the Legislature, edited by Basil Jones … Chicago,
81 3622 317 68 Callaghan
427 3625 112 52 and
568 3644 296 50 company,
895 3629 148 50 1932.

149 3696 490 47 2 p. l., 60 p. 26 ᶜᵐ .
151 3751 289 41 Cover-title.

153 3807 116 41 This
293 3809 245 49 pamphlet
561 3809 44 40 is
627 3812 49 37 to
700 3811 55 39 be
779 3810 137 40 fitted
940 3811 102 39 into
1068 3811 79 40 the
1171 3812 169 47 pocket
1365 3814 52 38 at
1443 3811 83 41 the
1547 3812 122 40 back
1694 3811 50 40 of
1769 3811 82 40 the
1876 3812 188 40 volume

84 3863 49 38 of
161 3864 80 39 the
268 3868 72 36 set
367 3869 49 36 to
443 3866 156 39 which
627 3867 39 39 it
693 3867 209 48 belongs.

87 3928 51 51 ©
164 3934 110 46 Apr.
301 3935 67 45 28,
395 3934 111 41 1932;
561 3934 65 42 2c.
654 3938 94 38 and
775 3935 81 41 aff.
883 3938 113 47 May
1021 3936 25 39 2;
1102 3937 41 39 A
1167 3936 143 42 51089;
1366 3937 268 49 Callaghan
1661 3938 35 40 &
1723 3947 68 30 co.
