2563 4368
1269 4047 136 51 1184

408 499 130 40 “The
572 500 175 40 second
780 498 54 41 of
863 509 29 29 a
927 500 306 41 two-volume
1267 501 164 46 report
1463 510 60 29 on
1558 500 82 39 the
1673 499 298 47 elementary
2004 499 162 40 school

338 501 1992 102 typewriter investigation … The first volume by Dr. Ben D. Wood and Dr.
338 612 166 40 Frank
530 612 58 41 N.
617 612 236 41 Freeman
881 611 43 41 is
951 611 204 41 entitled
1180 612 75 40 An
1281 611 351 49 experimental
1661 613 145 46 study
1835 612 51 42 of
1915 613 81 40 the
2022 611 306 42 educational

338 668 263 42 influences
624 668 52 40 of
700 668 82 40 the
806 668 283 48 typewriter
1114 667 49 40 in
1189 668 82 40 the
1295 669 297 47 elementary
1617 669 162 40 school
1806 667 523 45 classrooms.”—Pref.

345 725 1733 51 © Aug. 9, 1932; 2c. and aff. Aug. 10; A 53589; Macmillan co.
422 784 279 49 (32-20724)

339 885 347 68 Haldeman,
714 888 169 53 Isaac
907 887 259 64 Massey,
1197 890 172 51 1845-

407 965 121 54 The
565 965 277 68 kingdom
877 964 65 54 of
980 964 145 55 God.
1199 964 179 55 What
1411 964 49 53 is
1497 963 346 55 it?—When
1878 963 49 54 is
1964 963 366 55 it?—Where

337 1042 47 54 is
414 1042 80 53 it?
562 1041 96 54 An
688 1059 217 36 answer
934 1048 59 47 to
1022 1042 113 53 Mr.
1164 1041 200 69 Philip
1394 1041 207 54 Mauro
1607 1040 39 54 ’s
1676 1041 148 54 book
1854 1040 154 54 “The
2039 1042 196 67 gospel
2266 1040 64 54 of

336 1118 1994 70 the kingdom”, by I. M. Haldeman … with an introduction by
337 1196 1993 69 Rev. Dr. A. C. Gaebelein … New York city, F. E. Fitch, inc.
341 1279 194 64 [ᶜ1931]

411 1345 334 53 253 p. 21 ᶜᵐ .
346 1401 52 53 ©
431 1407 121 39 Mar.
584 1404 69 49 27,
685 1404 141 47 1931;
859 1404 67 41 2c.
959 1406 95 38 and
1086 1404 84 41 aff.
1200 1405 121 46 Aug.
1353 1405 39 46 1,
1425 1403 141 49 1932;
1599 1404 41 40 A
1671 1404 171 48 54279;
1877 1406 38 39 I.
1949 1406 61 38 M.
2044 1405 288 48 Haldeman,

412 1462 117 40 New
558 1462 144 39 York.
773 1461 279 48 (32-20610)

341 1565 178 66 Hare,
552 1565 140 55 Eric
720 1566 68 55 B.

342 1638 1967 133 Jungle heroes, and other stories, by Eric B. Hare … Mountain
496 1716 178 70 View,
711 1717 193 68 Calif.,
939 1715 240 72 Omaha,
1213 1716 136 54 Neb.
1393 1721 138 65 [etc.]
1572 1716 211 55 Pacific
1815 1736 157 50 press
2000 1717 335 69 publishing

341 1793 567 71 association [ᶜ193 2]
410 1866 88 41 106
526 1877 44 38 p.
598 1866 111 42 incl.
737 1866 165 49 front.,
933 1867 171 48 plates,
1133 1869 152 47 ports.
1315 1867 146 41 19½ᶜᵐ.

348 1923 51 52 ©
428 1927 115 47 July
569 1926 70 48 25,
666 1925 113 41 1932;
837 1927 68 40 2c.
933 1928 96 38 and
1057 1926 82 40 aff.
1167 1927 116 47 July
1311 1926 82 47 30;
1424 1927 41 38 A
1493 1927 143 40 53367;
1695 1927 178 41 Pacific
1901 1938 138 38 press
2065 1928 107 49 pub.
2205 1937 124 31 assn.

425 1982 278 49 (32-20209)

341 2086 344 65 Hedworth,
714 2085 286 57 Barbara.

411 2162 154 52 Love
609 2161 48 53 is
705 2159 137 68 free,
887 2161 74 68 by
1006 2160 259 55 Barbara
1312 2161 336 54 Hedworth.
1735 2162 139 53 New
1921 2161 175 66 York,
2144 2161 69 52 E.
2260 2161 65 54 P.

341 2238 907 68 Dutton company, inc. [ ᶜ193 2]
411 2309 365 49 288 p. 19½ ᶜᵐ .
421 2366 197 41 London
650 2367 184 40 edition
879 2366 261 50 (Jarrolds,
1175 2365 212 51 limited)
1431 2367 90 40 has
1556 2366 136 42 title;
1730 2366 196 42 Foolish
1959 2364 197 53 pelican.

416 2423 161 41 “First
607 2422 227 42 edition.”

351 2477 51 52 ©
431 2483 119 46 Aug.
578 2480 40 49 9,
647 2480 117 42 1932;
819 2481 67 41 2c.
916 2482 95 39 and
1039 2481 81 41 aff.
1150 2481 118 47 Aug.
1299 2482 54 39 11;
1412 2481 43 39 A
1481 2482 143 40 54374;
1684 2483 52 38 E.
1767 2483 52 40 P.
1849 2482 182 40 Durton
2060 2480 36 40 &
2125 2490 82 38 co.,
2238 2481 91 41 inc.

426 2537 279 49 (32-20227)

343 2640 278 65 Herring,
653 2640 165 56 Paul.

412 2716 122 53 The
576 2716 299 68 Midnight
918 2717 231 53 murder
1199 2717 111 68 [by]
1359 2718 148 52 Paul
1552 2718 271 68 Herring,
1901 2715 424 69 Philadelphia,

341 2793 57 54 J.
426 2795 69 52 B.
521 2793 338 68 Lippincott
885 2812 296 50 company,
1211 2797 150 50 1932.

414 2864 368 52 320 p. 19½ ᶜᵐ .
418 2920 198 43 London
639 2922 185 42 edition
858 2922 72 49 (S.
954 2923 125 48 Low,
1105 2923 222 41 Marston
1350 2924 37 40 &
1408 2935 83 37 co.,
1517 2924 110 49 ltd.)
1662 2925 63 40 has
1769 2922 137 41 title;
1932 2923 100 41 The
2056 2925 195 40 murder
2276 2924 52 42 of

346 2979 193 50 Margot
569 2979 259 49 Midnight.

350 3033 51 52 ©
432 3038 127 39 June
587 3037 68 48 15,
686 3036 140 47 1932;
857 3035 68 42 2c.
955 3037 97 39 and
1081 3037 82 39 aff.
1192 3037 121 47 Aug.
1343 3036 82 48 16;
1457 3037 43 39 A
1528 3037 143 41 54431;
1723 3036 53 40 P.
1805 3035 225 49 Herring,
2062 3036 265 49 Mapperly,

417 3093 330 50 Nottingham,
783 3093 234 47 England.
1089 3092 279 49 (32-20615)

346 3197 248 64 Heuser,
623 3196 177 57 Kurt.

415 3272 122 52 The
563 3271 241 69 journey
833 3271 220 53 inward
1107 3271 94 68 [by]
1236 3271 157 54 Kurt
1421 3272 242 64 Heuser;
1697 3269 316 55 translated
2045 3269 152 55 from
2229 3271 97 54 the

346 3348 250 55 German
627 3348 76 68 by
735 3348 175 54 Willa
945 3349 113 52 and
1091 3348 209 53 Edwin
1331 3348 172 53 Muir.
1573 3346 133 56 New
1737 3347 179 68 York,
1950 3348 122 53 The
2104 3347 222 70 Viking

346 3444 173 49 press,
547 3428 151 50 1932.

418 3496 728 49 4 p. l., 3-307 p., 1 l. 19 ½ᶜᵐ .
416 3553 197 41 London
644 3553 184 41 edition
870 3553 87 47 (M.
991 3551 197 49 Seeker)
1229 3553 89 40 has
1352 3553 136 41 title;
1554 3552 61 39 The
1648 3551 140 40 inner
1819 3551 219 49 journey.

352 3606 51 52 ©
433 3612 119 47 Aug.
581 3612 68 47 11,
679 3610 113 41 1932;
850 3612 67 39 2c.
947 3612 117 46 Aug.
1096 3611 57 39 15;
1211 3611 82 39 aff.
1320 3612 120 47 Aug.
1470 3612 25 39 13;
1576 3610 41 38 A
1647 3610 142 40 54413;
1849 3609 179 48 Viking
2054 3620 149 39 press,
2235 3610 88 40 inc.

429 3667 277 47 (32-20523)

347 3766 270 66 Hiscock,
646 3769 96 54 Ira
772 3768 313 66 Vaughan,
1116 3772 169 50 1892-
1487 3767 84 53 ed.

417 3843 368 69 Community
821 3845 195 52 health
1057 3844 414 68 organization;
1513 3862 31 33 a
1585 3844 230 52 manual
1855 3843 66 54 of

346 3843 1974 147 administration and procedure for cities of 10 0,000, with suggested modi-
