<alto xmlns="http://www.loc.gov/standards/alto/ns-v3#" xmlns:xlink="http://www.w3.org/1999/xlink" xmlns:xsi="http://www.w3.org/2001/XMLSchema-instance" xsi:schemaLocation="http://www.loc.gov/standards/alto/ns-v3# http://www.loc.gov/alto/v3/alto-3-0.xsd"><Description>
<MeasurementUnit>pixel</MeasurementUnit>
<sourceImageInformation>
<fileName>1932_v29_part001.pdf</fileName>
</sourceImageInformation>
<OCRProcessing ID="IdOcr">
<ocrProcessingStep>
<processingDateTime>2019-04-25</processingDateTime>
<processingSoftware>
<softwareCreator>ABBYY</softwareCreator>
<softwareName>ABBYY Recognition Server</softwareName>
<softwareVersion>4.0</softwareVersion>
</processingSoftware>
</ocrProcessingStep>
</OCRProcessing>
</Description>
<Styles>
<ParagraphStyle ID="StyleId-FFFFFFFF-FFFF-FFFF-FFFF-FFFFFFFFFFFF-" ALIGN="Left" LEFT="0." RIGHT="0." FIRSTLINE="0."/>
<ParagraphStyle ID="StyleId-547D96D3-B2DE-4E86-A4BD-9DDFC275973A-" ALIGN="Left" LEFT="0." RIGHT="0." FIRSTLINE="0." LINESPACE="7.699999809"/>
<ParagraphStyle ID="StyleId-BE433B82-DF6F-491A-9872-F562FF4150C8-" ALIGN="Block" LEFT="0." RIGHT="0." FIRSTLINE="-13." LINESPACE="7.900000095"/>
<ParagraphStyle ID="StyleId-CC286467-50C5-4655-B0CF-BA365CCE0736-" ALIGN="Block" LEFT="0." RIGHT="0." FIRSTLINE="-15." LINESPACE="8.479999542"/>
<ParagraphStyle ID="StyleId-9878414D-BEDB-487D-971A-CF5ADB5C4AD2-" ALIGN="Block" LEFT="0." RIGHT="0." FIRSTLINE="-14." LINESPACE="10.92000008"/>
<ParagraphStyle ID="StyleId-EBC70DE5-3635-4BD4-B07B-05DF6EFE0022-" ALIGN="Block" LEFT="0." RIGHT="0." FIRSTLINE="-13." LINESPACE="12.19999981"/>
<ParagraphStyle ID="StyleId-8A688F83-F017-4D5D-A00A-14637016ED45-" ALIGN="Left" LEFT="0." RIGHT="0." FIRSTLINE="0." LINESPACE="9.399999619"/>
<ParagraphStyle ID="StyleId-20F0BBAE-20C6-42F4-8113-00B5C02924DC-" ALIGN="Left" LEFT="0." RIGHT="0." FIRSTLINE="0." LINESPACE="11.10000038"/>
<ParagraphStyle ID="StyleId-7AA70148-8873-4ACB-90AE-BF9322E02302-" ALIGN="Left" LEFT="0." RIGHT="0." FIRSTLINE="-13." LINESPACE="11.09000015"/>
<ParagraphStyle ID="StyleId-072EF7BA-7207-4F8B-9A7C-F564E8B4CB16-" ALIGN="Left" LEFT="0." RIGHT="0." FIRSTLINE="-14." LINESPACE="12.19999981"/>
<ParagraphStyle ID="StyleId-44303D12-21D7-4DB0-9E9F-87FA1A861DD7-" ALIGN="Block" LEFT="0." RIGHT="0." FIRSTLINE="-14." LINESPACE="10.92000008"/>
<ParagraphStyle ID="StyleId-43CF0D44-8AC2-4CD0-865F-942C78705184-" ALIGN="Block" LEFT="0." RIGHT="0." FIRSTLINE="-13." LINESPACE="12.19999981"/>
<ParagraphStyle ID="StyleId-7A298A86-29F5-413A-AEC9-078A4CC464D7-" ALIGN="Block" LEFT="0." RIGHT="0." FIRSTLINE="13." LINESPACE="12.19999981"/>
<ParagraphStyle ID="StyleId-8E4E86F7-C1F9-4A1A-B605-6B1FC1C8E9F7-" ALIGN="Left" LEFT="0." RIGHT="0." FIRSTLINE="0." LINESPACE="11.60000038"/>
<ParagraphStyle ID="StyleId-AB39791B-5ED1-444F-BEF5-2CFED1F2709A-" ALIGN="Left" LEFT="0." RIGHT="0." FIRSTLINE="-13." LINESPACE="11.09000015"/>
<ParagraphStyle ID="StyleId-C1F2EEE7-CD00-4E11-9EAD-B222287AEDA4-" ALIGN="Center" LEFT="0." RIGHT="0." FIRSTLINE="0." LINESPACE="11.10000038"/>
</Styles>
<Layout>
<Page ID="Page186" PHYSICAL_IMG_NR="186" HEIGHT="4368" WIDTH="2563">
<TopMargin HEIGHT="398" WIDTH="2563" VPOS="0" HPOS="0">
</TopMargin>
<LeftMargin HEIGHT="3805" WIDTH="454" VPOS="398" HPOS="0">
</LeftMargin>
<RightMargin HEIGHT="3805" WIDTH="77" VPOS="398" HPOS="2486">
</RightMargin>
<BottomMargin HEIGHT="165" WIDTH="2563" VPOS="4203" HPOS="0">
</BottomMargin>
<PrintSpace HEIGHT="3805" WIDTH="2032" VPOS="398" HPOS="454">
<TextBlock ID="Page186_Block1" HEIGHT="220" WIDTH="515" VPOS="3983" HPOS="1342" LANG="en-US" STYLEREFS="StyleId-53F15D1D-B5BA-4F32-95DF-332BC8995F53-">
<TextLine HEIGHT="51" WIDTH="99" VPOS="4004" HPOS="1410">
<String CONTENT="186" HEIGHT="51" WIDTH="99" VPOS="4004" HPOS="1410"/>
</TextLine>
</TextBlock>
<TextBlock ID="Page186_Block2" HEIGHT="3668" WIDTH="2032" VPOS="398" HPOS="454" LANG="en-US" CS="1" STYLEREFS="StyleId-C47B0241-C620-4605-B286-7125331ED3BD-">
<Shape>
<Polygon POINTS="454,398 2486,398 2486,3952 1127,3952 1127,4066 454,4066 454,398"/>
</Shape>
<TextLine HEIGHT="50" WIDTH="1403" VPOS="482" HPOS="546" CS="1">
<String CONTENT="22" HEIGHT="39" WIDTH="56" VPOS="482" HPOS="546"/>
<SP HEIGHT="48" WIDTH="31" VPOS="482" HPOS="603"/>
<String LANG="fr" CONTENT="p." HEIGHT="37" WIDTH="43" VPOS="493" HPOS="635"/>
<SP HEIGHT="40" WIDTH="60" VPOS="484" HPOS="679"/>
<String CS="1" CONTENT="18&#189;" HEIGHT="41" WIDTH="55" VPOS="483" HPOS="740"/>
<String STYLE="superscript" CS="1" CONTENT="&#7580;&#7504;"/>
<String CONTENT="." HEIGHT="9" WIDTH="9" VPOS="515" HPOS="875"/>
<SP HEIGHT="47" WIDTH="69" VPOS="485" HPOS="885"/>
<String CONTENT="(Half-title:" HEIGHT="48" WIDTH="297" VPOS="484" HPOS="955"/>
<SP HEIGHT="41" WIDTH="33" VPOS="483" HPOS="1253"/>
<String CONTENT="Hogarth" HEIGHT="47" WIDTH="221" VPOS="483" HPOS="1287"/>
<SP HEIGHT="39" WIDTH="36" VPOS="483" HPOS="1509"/>
<String CS="1" CONTENT="letters." HEIGHT="40" WIDTH="168" VPOS="483" HPOS="1546"/>
<SP HEIGHT="27" WIDTH="60" VPOS="495" HPOS="1728"/>
<String CONTENT="no." HEIGHT="30" WIDTH="73" VPOS="494" HPOS="1789"/>
<SP HEIGHT="40" WIDTH="35" VPOS="484" HPOS="1863"/>
<String CONTENT="3)" HEIGHT="45" WIDTH="50" VPOS="484" HPOS="1899"/>
</TextLine>
<TextLine HEIGHT="54" WIDTH="1989" VPOS="537" HPOS="487" CS="1">
<String CONTENT="&#169;" HEIGHT="52" WIDTH="52" VPOS="537" HPOS="487"/>
<SP HEIGHT="52" WIDTH="30" VPOS="537" HPOS="540"/>
<String CONTENT="Jan." HEIGHT="40" WIDTH="109" VPOS="542" HPOS="571"/>
<SP HEIGHT="41" WIDTH="30" VPOS="541" HPOS="681"/>
<String CONTENT="28," HEIGHT="47" WIDTH="70" VPOS="541" HPOS="712"/>
<SP HEIGHT="45" WIDTH="31" VPOS="543" HPOS="783"/>
<String CONTENT="1932" HEIGHT="42" WIDTH="113" VPOS="540" HPOS="815"/>
<SP HEIGHT="47" WIDTH="17" VPOS="541" HPOS="929"/>
<String CONTENT=";" HEIGHT="35" WIDTH="8" VPOS="553" HPOS="947"/>
<SP HEIGHT="46" WIDTH="33" VPOS="542" HPOS="956"/>
<String CONTENT="2c." HEIGHT="41" WIDTH="66" VPOS="542" HPOS="990"/>
<SP HEIGHT="30" WIDTH="32" VPOS="553" HPOS="1057"/>
<String CONTENT="and" HEIGHT="37" WIDTH="95" VPOS="544" HPOS="1090"/>
<SP/>
<String CS="1" CONTENT="aff."/>
<SP/>
<String CONTENT="Feb." HEIGHT="40" WIDTH="110" VPOS="542" HPOS="1334"/>
<SP HEIGHT="37" WIDTH="31" VPOS="543" HPOS="1445"/>
<String CONTENT="4" HEIGHT="37" WIDTH="26" VPOS="543" HPOS="1477"/>
<SP HEIGHT="45" WIDTH="17" VPOS="543" HPOS="1504"/>
<String CONTENT=";" HEIGHT="36" WIDTH="8" VPOS="552" HPOS="1522"/>
<SP HEIGHT="45" WIDTH="35" VPOS="543" HPOS="1531"/>
<!-- cceid 0126CC67-6D7D-1014-B4A5-D7A31D17AB40 --><String CONTENT="A" HEIGHT="37" WIDTH="40" VPOS="543" HPOS="1567"/>
<SP HEIGHT="37" WIDTH="29" VPOS="543" HPOS="1608"/>
<String CONTENT="48267" HEIGHT="40" WIDTH="145" VPOS="542" HPOS="1638"/>
<SP HEIGHT="40" WIDTH="15" VPOS="543" HPOS="1784"/>
<String CS="1" CONTENT=";"/>
<SP HEIGHT="41" WIDTH="35" VPOS="542" HPOS="1809"/>
<String LANG="fr" CONTENT="Harcourt," HEIGHT="47" WIDTH="261" VPOS="542" HPOS="1845"/>
<SP HEIGHT="46" WIDTH="30" VPOS="543" HPOS="2107"/>
<String CONTENT="Brace" HEIGHT="39" WIDTH="153" VPOS="543" HPOS="2138"/>
<SP HEIGHT="40" WIDTH="32" VPOS="543" HPOS="2292"/>
<String CONTENT="&amp;" HEIGHT="40" WIDTH="35" VPOS="543" HPOS="2325"/>
<SP HEIGHT="40" WIDTH="32" VPOS="543" HPOS="2361"/>
<String CONTENT="co.," HEIGHT="38" WIDTH="82" VPOS="553" HPOS="2394"/>
</TextLine>
<TextLine HEIGHT="51" WIDTH="411" VPOS="597" HPOS="552" CS="1">
<String CONTENT="inc." HEIGHT="41" WIDTH="90" VPOS="597" HPOS="552"/>
<SP HEIGHT="48" WIDTH="69" VPOS="598" HPOS="643"/>
<String CS="1" CONTENT="(32-4668)" HEIGHT="50" WIDTH="250" VPOS="598" HPOS="713"/>
</TextLine>
<TextLine HEIGHT="69" WIDTH="1266" VPOS="698" HPOS="498" STYLEREFS="StyleId-E4EAD17C-6AF4-4CA9-9F4C-77A0B2843AF5-" CS="1">
<String CS="1" CONTENT="[Lunn," HEIGHT="65" WIDTH="188" VPOS="698" HPOS="498"/>
<SP HEIGHT="63" WIDTH="27" VPOS="700" HPOS="687"/>
<String CONTENT="Hugh" HEIGHT="62" WIDTH="181" VPOS="700" HPOS="715"/>
<SP HEIGHT="52" WIDTH="27" VPOS="701" HPOS="897"/>
<String CONTENT="Kingsmill]" HEIGHT="68" WIDTH="335" VPOS="699" HPOS="925"/>
<SP HEIGHT="63" WIDTH="36" VPOS="704" HPOS="1261"/>
<String CS="1" CONTENT="1889-" HEIGHT="49" WIDTH="171" VPOS="703" HPOS="1298"/>
<SP HEIGHT="33" WIDTH="209" VPOS="718" HPOS="1470"/>
<String CONTENT="ed." HEIGHT="51" WIDTH="84" VPOS="701" HPOS="1680"/>
</TextLine>
<TextLine HEIGHT="70" WIDTH="1926" VPOS="774" HPOS="545" STYLEREFS="StyleId-83889777-9162-4229-9BC1-B37F0D73AA72-">
<String CONTENT="The" HEIGHT="52" WIDTH="121" VPOS="774" HPOS="545"/>
<SP HEIGHT="35" WIDTH="28" VPOS="793" HPOS="667"/>
<String CONTENT="worst" HEIGHT="47" WIDTH="170" VPOS="781" HPOS="696"/>
<SP HEIGHT="49" WIDTH="29" VPOS="781" HPOS="867"/>
<String CONTENT="of" HEIGHT="53" WIDTH="63" VPOS="777" HPOS="897"/>
<SP HEIGHT="51" WIDTH="30" VPOS="777" HPOS="961"/>
<String CONTENT="love," HEIGHT="66" WIDTH="139" VPOS="777" HPOS="992"/>
<SP HEIGHT="50" WIDTH="33" VPOS="793" HPOS="1132"/>
<String CONTENT="an" HEIGHT="34" WIDTH="70" VPOS="793" HPOS="1166"/>
<SP HEIGHT="33" WIDTH="31" VPOS="794" HPOS="1237"/>
<String CONTENT="anthology" HEIGHT="68" WIDTH="308" VPOS="775" HPOS="1269"/>
<SP HEIGHT="50" WIDTH="31" VPOS="793" HPOS="1578"/>
<String CONTENT="edited," HEIGHT="70" WIDTH="206" VPOS="774" HPOS="1610"/>
<SP HEIGHT="50" WIDTH="29" VPOS="794" HPOS="1817"/>
<String CONTENT="with" HEIGHT="55" WIDTH="142" VPOS="774" HPOS="1847"/>
<SP HEIGHT="52" WIDTH="31" VPOS="777" HPOS="1990"/>
<String CONTENT="comments" HEIGHT="47" WIDTH="305" VPOS="782" HPOS="2022"/>
<SP HEIGHT="35" WIDTH="31" VPOS="793" HPOS="2328"/>
<String CONTENT="and" HEIGHT="55" WIDTH="111" VPOS="775" HPOS="2360"/>
</TextLine>
<TextLine HEIGHT="69" WIDTH="1998" VPOS="854" HPOS="475" STYLEREFS="StyleId-83889777-9162-4229-9BC1-B37F0D73AA72-" CS="1">
<String CONTENT="an" HEIGHT="35" WIDTH="72" VPOS="871" HPOS="475"/>
<SP HEIGHT="52" WIDTH="28" VPOS="854" HPOS="548"/>
<String CONTENT="introduction," HEIGHT="68" WIDTH="408" VPOS="854" HPOS="577"/>
<SP HEIGHT="68" WIDTH="28" VPOS="854" HPOS="986"/>
<String CONTENT="by" HEIGHT="69" WIDTH="76" VPOS="854" HPOS="1015"/>
<SP HEIGHT="68" WIDTH="28" VPOS="855" HPOS="1092"/>
<String CONTENT="Hugh" HEIGHT="68" WIDTH="181" VPOS="854" HPOS="1121"/>
<SP HEIGHT="52" WIDTH="30" VPOS="854" HPOS="1303"/>
<String CONTENT="Kingsmill" HEIGHT="68" WIDTH="317" VPOS="854" HPOS="1334"/>
<SP HEIGHT="66" WIDTH="35" VPOS="855" HPOS="1652"/>
<String CS="1" CONTENT="[pseud.]" HEIGHT="67" WIDTH="211" VPOS="854" HPOS="1709"/>
<SP HEIGHT="33" WIDTH="41" VPOS="887" HPOS="1921"/>
<String CS="1" CONTENT="&#8230;"/>
<SP HEIGHT="53" WIDTH="35" VPOS="854" HPOS="2019"/>
<String CONTENT="illustrated" HEIGHT="53" WIDTH="326" VPOS="854" HPOS="2055"/>
<SP HEIGHT="52" WIDTH="29" VPOS="855" HPOS="2382"/>
<String CONTENT="in" HEIGHT="51" WIDTH="61" VPOS="855" HPOS="2412"/>
</TextLine>
<TextLine HEIGHT="68" WIDTH="1988" VPOS="932" HPOS="481" STYLEREFS="StyleId-83889777-9162-4229-9BC1-B37F0D73AA72-">
<String CONTENT="black" HEIGHT="52" WIDTH="166" VPOS="932" HPOS="481"/>
<SP HEIGHT="52" WIDTH="26" VPOS="932" HPOS="648"/>
<String CONTENT="and" HEIGHT="52" WIDTH="112" VPOS="933" HPOS="675"/>
<SP HEIGHT="52" WIDTH="26" VPOS="933" HPOS="788"/>
<String CONTENT="white" HEIGHT="53" WIDTH="173" VPOS="932" HPOS="815"/>
<SP HEIGHT="51" WIDTH="23" VPOS="934" HPOS="989"/>
<String CONTENT="by" HEIGHT="66" WIDTH="75" VPOS="934" HPOS="1013"/>
<SP HEIGHT="66" WIDTH="25" VPOS="934" HPOS="1089"/>
<String CONTENT="Nicolas" HEIGHT="54" WIDTH="229" VPOS="932" HPOS="1115"/>
<SP HEIGHT="50" WIDTH="26" VPOS="934" HPOS="1345"/>
<String CONTENT="Bentley." HEIGHT="66" WIDTH="258" VPOS="933" HPOS="1372"/>
<SP HEIGHT="52" WIDTH="73" VPOS="933" HPOS="1631"/>
<String CONTENT="New" HEIGHT="52" WIDTH="137" VPOS="933" HPOS="1705"/>
<SP HEIGHT="51" WIDTH="28" VPOS="935" HPOS="1843"/>
<String CONTENT="York," HEIGHT="64" WIDTH="179" VPOS="933" HPOS="1872"/>
<SP HEIGHT="62" WIDTH="25" VPOS="935" HPOS="2052"/>
<String CONTENT="H." HEIGHT="51" WIDTH="78" VPOS="935" HPOS="2078"/>
<SP HEIGHT="51" WIDTH="26" VPOS="935" HPOS="2157"/>
<String CONTENT="Holt" HEIGHT="52" WIDTH="147" VPOS="934" HPOS="2184"/>
<SP HEIGHT="48" WIDTH="25" VPOS="938" HPOS="2332"/>
<String CONTENT="and" HEIGHT="52" WIDTH="111" VPOS="934" HPOS="2358"/>
</TextLine>
<TextLine HEIGHT="66" WIDTH="506" VPOS="1013" HPOS="481" STYLEREFS="StyleId-83889777-9162-4229-9BC1-B37F0D73AA72-" CS="1">
<String CONTENT="company" HEIGHT="51" WIDTH="280" VPOS="1028" HPOS="481"/>
<SP HEIGHT="49" WIDTH="32" VPOS="1030" HPOS="762"/>
<String CONTENT="[" HEIGHT="33" WIDTH="13" VPOS="1045" HPOS="795"/>
<String STYLE="superscript" CS="1" CONTENT="&#7580;1"/>
<String CONTENT="932]" HEIGHT="64" WIDTH="117" VPOS="1013" HPOS="870"/>
</TextLine>
<TextLine HEIGHT="51" WIDTH="1056" VPOS="1082" HPOS="552" CS="1">
<String CONTENT="xvi," HEIGHT="47" WIDTH="96" VPOS="1084" HPOS="552"/>
<SP HEIGHT="47" WIDTH="28" VPOS="1084" HPOS="649"/>
<String CONTENT="241," HEIGHT="47" WIDTH="99" VPOS="1084" HPOS="678"/>
<SP HEIGHT="30" WIDTH="33" VPOS="1103" HPOS="778"/>
<String CONTENT="[1]" HEIGHT="48" WIDTH="54" VPOS="1085" HPOS="812"/>
<SP HEIGHT="39" WIDTH="29" VPOS="1094" HPOS="867"/>
<String CONTENT="p." HEIGHT="37" WIDTH="43" VPOS="1094" HPOS="897"/>
<SP HEIGHT="40" WIDTH="29" VPOS="1084" HPOS="941"/>
<String CONTENT="incl." HEIGHT="40" WIDTH="110" VPOS="1084" HPOS="971"/>
<SP HEIGHT="40" WIDTH="28" VPOS="1084" HPOS="1082"/>
<String CONTENT="front.," HEIGHT="46" WIDTH="162" VPOS="1084" HPOS="1111"/>
<SP HEIGHT="46" WIDTH="29" VPOS="1084" HPOS="1274"/>
<String CONTENT="illus." HEIGHT="39" WIDTH="128" VPOS="1083" HPOS="1304"/>
<SP HEIGHT="39" WIDTH="59" VPOS="1083" HPOS="1433"/>
<String CONTENT="20" HEIGHT="41" WIDTH="56" VPOS="1082" HPOS="1493"/>
<String STYLE="superscript" CS="1" CONTENT="&#7580;&#7504;"/>
<String CONTENT="." HEIGHT="9" WIDTH="8" VPOS="1114" HPOS="1600"/>
</TextLine>
<TextLine HEIGHT="54" WIDTH="1987" VPOS="1137" HPOS="486" CS="1">
<String CONTENT="&#169;" HEIGHT="51" WIDTH="51" VPOS="1137" HPOS="486"/>
<SP HEIGHT="51" WIDTH="36" VPOS="1137" HPOS="538"/>
<String CONTENT="Feb." HEIGHT="40" WIDTH="109" VPOS="1141" HPOS="575"/>
<SP HEIGHT="40" WIDTH="35" VPOS="1141" HPOS="685"/>
<String CONTENT="5," HEIGHT="47" WIDTH="39" VPOS="1141" HPOS="721"/>
<SP HEIGHT="45" WIDTH="35" VPOS="1143" HPOS="761"/>
<String CONTENT="1932;" HEIGHT="46" WIDTH="141" VPOS="1140" HPOS="797"/>
<SP HEIGHT="45" WIDTH="35" VPOS="1141" HPOS="939"/>
<String CONTENT="2c." HEIGHT="39" WIDTH="66" VPOS="1141" HPOS="975"/>
<SP HEIGHT="38" WIDTH="35" VPOS="1141" HPOS="1042"/>
<String CONTENT="Feb." HEIGHT="39" WIDTH="110" VPOS="1141" HPOS="1078"/>
<SP HEIGHT="39" WIDTH="35" VPOS="1141" HPOS="1189"/>
<String CONTENT="8;" HEIGHT="46" WIDTH="51" VPOS="1141" HPOS="1225"/>
<SP/>
<String CS="1" CONTENT="aff."/>
<SP/>
<String CONTENT="Feb." HEIGHT="41" WIDTH="110" VPOS="1140" HPOS="1437"/>
<SP HEIGHT="40" WIDTH="34" VPOS="1141" HPOS="1548"/>
<String CONTENT="6;" HEIGHT="46" WIDTH="52" VPOS="1141" HPOS="1583"/>
<SP HEIGHT="46" WIDTH="38" VPOS="1141" HPOS="1636"/>
<!-- cceid 0127817F-6D7D-1014-B4A5-D7A31D17AB40 --><String CONTENT="A" HEIGHT="39" WIDTH="40" VPOS="1141" HPOS="1675"/>
<SP HEIGHT="39" WIDTH="32" VPOS="1141" HPOS="1716"/>
<String CONTENT="48354;" HEIGHT="47" WIDTH="171" VPOS="1141" HPOS="1749"/>
<SP HEIGHT="47" WIDTH="39" VPOS="1141" HPOS="1921"/>
<String CONTENT="Henry" HEIGHT="48" WIDTH="166" VPOS="1141" HPOS="1961"/>
<SP HEIGHT="47" WIDTH="35" VPOS="1142" HPOS="2128"/>
<String CONTENT="Holt" HEIGHT="40" WIDTH="119" VPOS="1141" HPOS="2164"/>
<SP HEIGHT="44" WIDTH="34" VPOS="1143" HPOS="2284"/>
<String CONTENT="&amp;" HEIGHT="40" WIDTH="37" VPOS="1147" HPOS="2319"/>
<SP HEIGHT="40" WIDTH="32" VPOS="1147" HPOS="2357"/>
<String CONTENT="co.," HEIGHT="39" WIDTH="83" VPOS="1152" HPOS="2390"/>
</TextLine>
<TextLine HEIGHT="50" WIDTH="411" VPOS="1196" HPOS="552">
<String CONTENT="inc." HEIGHT="44" WIDTH="89" VPOS="1197" HPOS="552"/>
<SP HEIGHT="48" WIDTH="69" VPOS="1198" HPOS="642"/>
<String CONTENT="(32-4540)" HEIGHT="50" WIDTH="251" VPOS="1196" HPOS="712"/>
</TextLine>
<TextLine HEIGHT="69" WIDTH="1928" VPOS="1302" HPOS="541" STYLEREFS="StyleId-83889777-9162-4229-9BC1-B37F0D73AA72-" CS="1">
<String CS="1" CONTENT="&#8230;"/>
<SP HEIGHT="51" WIDTH="32" VPOS="1306" HPOS="541"/>
<String CONTENT="The" HEIGHT="54" WIDTH="122" VPOS="1303" HPOS="574"/>
<SP HEIGHT="51" WIDTH="28" VPOS="1304" HPOS="697"/>
<String CONTENT="Martindale-Hubbell" HEIGHT="54" WIDTH="637" VPOS="1302" HPOS="726"/>
<SP HEIGHT="51" WIDTH="29" VPOS="1304" HPOS="1364"/>
<String CONTENT="law" HEIGHT="51" WIDTH="108" VPOS="1304" HPOS="1394"/>
<SP HEIGHT="52" WIDTH="30" VPOS="1303" HPOS="1503"/>
<String CONTENT="directory" HEIGHT="69" WIDTH="286" VPOS="1302" HPOS="1534"/>
<SP HEIGHT="68" WIDTH="41" VPOS="1303" HPOS="1821"/>
<String CONTENT="(annual)" HEIGHT="68" WIDTH="267" VPOS="1303" HPOS="1863"/>
<SP HEIGHT="66" WIDTH="46" VPOS="1305" HPOS="2131"/>
<String CS="1" CONTENT="&#8230;"/>
<SP HEIGHT="33" WIDTH="83" VPOS="1338" HPOS="2234"/>
<String CONTENT="[64th" HEIGHT="68" WIDTH="151" VPOS="1303" HPOS="2318"/>
</TextLine>
<TextLine HEIGHT="131" WIDTH="1919" VPOS="1380" HPOS="548" STYLEREFS="StyleId-83889777-9162-4229-9BC1-B37F0D73AA72-" CS="1">
<String CONTENT="year]" HEIGHT="50" WIDTH="153" VPOS="1397" HPOS="548"/>
<SP HEIGHT="67" WIDTH="78" VPOS="1380" HPOS="702"/>
<String CONTENT="January," HEIGHT="69" WIDTH="280" VPOS="1380" HPOS="781"/>
<SP HEIGHT="64" WIDTH="37" VPOS="1385" HPOS="1062"/>
<String CONTENT="1932" HEIGHT="48" WIDTH="134" VPOS="1384" HPOS="1100"/>
<SP HEIGHT="50" WIDTH="40" VPOS="1384" HPOS="1235"/>
<String CS="1" CONTENT="&#8230;"/>
<SP HEIGHT="34" WIDTH="79" VPOS="1400" HPOS="1331"/>
<String CONTENT="v." HEIGHT="33" WIDTH="50" VPOS="1400" HPOS="1411"/>
<SP HEIGHT="47" WIDTH="37" VPOS="1385" HPOS="1462"/>
<String CONTENT="1," HEIGHT="63" WIDTH="47" VPOS="1385" HPOS="1500"/>
<SP HEIGHT="64" WIDTH="32" VPOS="1384" HPOS="1548"/>
<String CONTENT="2." HEIGHT="49" WIDTH="48" VPOS="1384" HPOS="1581"/>
<SP HEIGHT="52" WIDTH="73" VPOS="1382" HPOS="1630"/>
<String CONTENT="New" HEIGHT="52" WIDTH="138" VPOS="1382" HPOS="1704"/>
<SP HEIGHT="52" WIDTH="35" VPOS="1383" HPOS="1843"/>
<String CONTENT="York," HEIGHT="66" WIDTH="180" VPOS="1382" HPOS="1879"/>
<SP HEIGHT="66" WIDTH="33" VPOS="1382" HPOS="2060"/>
<String CONTENT="Martindale-Hubbell" HEIGHT="130" WIDTH="1918" VPOS="1381" HPOS="549"/>
</TextLine>
<TextLine HEIGHT="64" WIDTH="807" VPOS="1458" HPOS="831" STYLEREFS="StyleId-83889777-9162-4229-9BC1-B37F0D73AA72-" CS="1">
<String CONTENT="law" HEIGHT="52" WIDTH="110" VPOS="1460" HPOS="831"/>
<SP HEIGHT="52" WIDTH="28" VPOS="1460" HPOS="942"/>
<String CONTENT="directory," HEIGHT="64" WIDTH="303" VPOS="1458" HPOS="971"/>
<SP HEIGHT="62" WIDTH="27" VPOS="1460" HPOS="1275"/>
<String CONTENT="inc." HEIGHT="53" WIDTH="106" VPOS="1460" HPOS="1303"/>
<SP HEIGHT="29" WIDTH="35" VPOS="1493" HPOS="1410"/>
<String CS="1" CONTENT="["/>
<String STYLE="superscript" CS="1" CONTENT="&#7580;1"/>
<String CONTENT="932]" HEIGHT="60" WIDTH="118" VPOS="1462" HPOS="1520"/>
</TextLine>
<TextLine HEIGHT="41" WIDTH="279" VPOS="1532" HPOS="548" CS="1">
<String LANG="en-US" CONTENT="2" HEIGHT="38" WIDTH="26" VPOS="1533" HPOS="548"/>
<SP HEIGHT="40" WIDTH="33" VPOS="1533" HPOS="575"/>
<String LANG="fr" CONTENT="v." HEIGHT="29" WIDTH="42" VPOS="1544" HPOS="609"/>
<SP HEIGHT="41" WIDTH="58" VPOS="1532" HPOS="652"/>
<String LANG="en-US" CONTENT="26" HEIGHT="41" WIDTH="58" VPOS="1532" HPOS="711"/>
<String STYLE="superscript" LANG="en-US" CS="1" CONTENT="&#7580;&#7504;"/>
<String LANG="en-US" CONTENT="." HEIGHT="8" WIDTH="8" VPOS="1564" HPOS="819"/>
</TextLine>
<TextLine HEIGHT="53" WIDTH="1988" VPOS="1584" HPOS="483" CS="1">
<String CONTENT="&#169;" HEIGHT="53" WIDTH="52" VPOS="1584" HPOS="483"/>
<SP HEIGHT="53" WIDTH="30" VPOS="1584" HPOS="536"/>
<String CONTENT="Jan." HEIGHT="41" WIDTH="109" VPOS="1590" HPOS="567"/>
<SP HEIGHT="43" WIDTH="29" VPOS="1588" HPOS="677"/>
<String CONTENT="9," HEIGHT="48" WIDTH="39" VPOS="1588" HPOS="707"/>
<SP HEIGHT="47" WIDTH="30" VPOS="1589" HPOS="747"/>
<String CONTENT="1932;" HEIGHT="47" WIDTH="140" VPOS="1589" HPOS="778"/>
<SP HEIGHT="46" WIDTH="32" VPOS="1590" HPOS="919"/>
<String CONTENT="2c." HEIGHT="38" WIDTH="66" VPOS="1590" HPOS="952"/>
<SP HEIGHT="28" WIDTH="31" VPOS="1600" HPOS="1019"/>
<String CONTENT="each" HEIGHT="40" WIDTH="119" VPOS="1590" HPOS="1051"/>
<SP HEIGHT="39" WIDTH="27" VPOS="1590" HPOS="1171"/>
<String CONTENT="and" HEIGHT="39" WIDTH="96" VPOS="1590" HPOS="1199"/>
<SP/>
<String CS="1" CONTENT="aff."/>
<SP/>
<String CONTENT="Feb." HEIGHT="41" WIDTH="110" VPOS="1588" HPOS="1439"/>
<SP HEIGHT="38" WIDTH="30" VPOS="1591" HPOS="1550"/>
<String CONTENT="2;" HEIGHT="46" WIDTH="53" VPOS="1591" HPOS="1581"/>
<SP HEIGHT="46" WIDTH="32" VPOS="1591" HPOS="1635"/>
<!-- cceid 01284929-6D7D-1014-B4A5-D7A31D17AB40 --><String CONTENT="A" HEIGHT="38" WIDTH="41" VPOS="1591" HPOS="1668"/>
<SP HEIGHT="38" WIDTH="27" VPOS="1591" HPOS="1710"/>
<String CONTENT="48244;" HEIGHT="46" WIDTH="171" VPOS="1590" HPOS="1738"/>
<SP HEIGHT="45" WIDTH="35" VPOS="1591" HPOS="1910"/>
<String CONTENT="Martindale-Hubbell" HEIGHT="41" WIDTH="525" VPOS="1589" HPOS="1946"/>
</TextLine>
<TextLine HEIGHT="47" WIDTH="498" VPOS="1646" HPOS="551">
<String CONTENT="law" HEIGHT="39" WIDTH="93" VPOS="1646" HPOS="551"/>
<SP HEIGHT="38" WIDTH="27" VPOS="1647" HPOS="645"/>
<String CONTENT="directory," HEIGHT="47" WIDTH="256" VPOS="1646" HPOS="673"/>
<SP HEIGHT="47" WIDTH="28" VPOS="1646" HPOS="930"/>
<String CONTENT="inc." HEIGHT="42" WIDTH="90" VPOS="1646" HPOS="959"/>
</TextLine>
<TextLine HEIGHT="68" WIDTH="1352" VPOS="1750" HPOS="478" STYLEREFS="StyleId-E4EAD17C-6AF4-4CA9-9F4C-77A0B2843AF5-" CS="1">
<String CONTENT="[Maurice" HEIGHT="68" WIDTH="278" VPOS="1750" HPOS="478"/>
<SP HEIGHT="37" WIDTH="25" VPOS="1767" HPOS="757"/>
<String CONTENT="of" HEIGHT="51" WIDTH="64" VPOS="1752" HPOS="783"/>
<SP HEIGHT="54" WIDTH="26" VPOS="1752" HPOS="848"/>
<String CONTENT="St." HEIGHT="54" WIDTH="86" VPOS="1752" HPOS="875"/>
<SP HEIGHT="54" WIDTH="28" VPOS="1752" HPOS="962"/>
<String CONTENT="Joseph," HEIGHT="64" WIDTH="239" VPOS="1751" HPOS="991"/>
<SP HEIGHT="65" WIDTH="27" VPOS="1752" HPOS="1231"/>
<String CS="1" CONTENT="father]" HEIGHT="65" WIDTH="197" VPOS="1752" HPOS="1259"/>
<SP HEIGHT="60" WIDTH="35" VPOS="1758" HPOS="1472"/>
<String CONTENT="1857-1894." HEIGHT="53" WIDTH="322" VPOS="1753" HPOS="1508"/>
</TextLine>
<TextLine HEIGHT="69" WIDTH="1928" VPOS="1827" HPOS="543" STYLEREFS="StyleId-83889777-9162-4229-9BC1-B37F0D73AA72-">
<String CONTENT="A" HEIGHT="52" WIDTH="57" VPOS="1828" HPOS="543"/>
<SP HEIGHT="52" WIDTH="29" VPOS="1828" HPOS="601"/>
<String CONTENT="knight" HEIGHT="68" WIDTH="208" VPOS="1828" HPOS="631"/>
<SP HEIGHT="46" WIDTH="31" VPOS="1835" HPOS="840"/>
<String CONTENT="of" HEIGHT="52" WIDTH="64" VPOS="1827" HPOS="872"/>
<SP HEIGHT="53" WIDTH="30" VPOS="1827" HPOS="937"/>
<String CONTENT="the" HEIGHT="52" WIDTH="96" VPOS="1828" HPOS="968"/>
<SP HEIGHT="34" WIDTH="28" VPOS="1846" HPOS="1065"/>
<String CONTENT="cross," HEIGHT="50" WIDTH="169" VPOS="1845" HPOS="1094"/>
<SP HEIGHT="67" WIDTH="29" VPOS="1828" HPOS="1264"/>
<String CONTENT="by" HEIGHT="67" WIDTH="75" VPOS="1828" HPOS="1294"/>
<SP HEIGHT="67" WIDTH="30" VPOS="1828" HPOS="1370"/>
<String CONTENT="Helen" HEIGHT="52" WIDTH="187" VPOS="1828" HPOS="1401"/>
<SP HEIGHT="55" WIDTH="32" VPOS="1827" HPOS="1589"/>
<String CONTENT="Grace" HEIGHT="55" WIDTH="184" VPOS="1827" HPOS="1622"/>
<SP HEIGHT="55" WIDTH="31" VPOS="1827" HPOS="1807"/>
<String CONTENT="Smith." HEIGHT="55" WIDTH="207" VPOS="1827" HPOS="1839"/>
<SP HEIGHT="53" WIDTH="65" VPOS="1828" HPOS="2047"/>
<String CONTENT="Milwaukee," HEIGHT="68" WIDTH="358" VPOS="1828" HPOS="2113"/>
</TextLine>
<TextLine HEIGHT="69" WIDTH="1228" VPOS="1904" HPOS="474" STYLEREFS="StyleId-83889777-9162-4229-9BC1-B37F0D73AA72-" CS="1">
<String CONTENT="The" HEIGHT="52" WIDTH="121" VPOS="1906" HPOS="474"/>
<SP HEIGHT="52" WIDTH="26" VPOS="1906" HPOS="596"/>
<String CONTENT="Bruce" HEIGHT="52" WIDTH="185" VPOS="1906" HPOS="623"/>
<SP HEIGHT="48" WIDTH="25" VPOS="1924" HPOS="809"/>
<String CONTENT="publishing" HEIGHT="68" WIDTH="334" VPOS="1904" HPOS="835"/>
<SP HEIGHT="48" WIDTH="26" VPOS="1924" HPOS="1170"/>
<String CONTENT="company" HEIGHT="50" WIDTH="279" VPOS="1923" HPOS="1197"/>
<SP HEIGHT="48" WIDTH="31" VPOS="1925" HPOS="1477"/>
<String STYLE="subscript" CONTENT="[" HEIGHT="33" WIDTH="13" VPOS="1939" HPOS="1509"/>
<String STYLE="superscript" CS="1" CONTENT="&#7580;1"/>
<String CONTENT="932" HEIGHT="49" WIDTH="99" VPOS="1908" HPOS="1584"/>
<String STYLE="subscript" CONTENT="]" HEIGHT="34" WIDTH="13" VPOS="1938" HPOS="1689"/>
</TextLine>
<TextLine HEIGHT="49" WIDTH="1117" VPOS="1978" HPOS="545" STYLEREFS="StyleId-83889777-9162-4229-9BC1-B37F0D73AA72-" CS="1">
<String CONTENT="ix" HEIGHT="39" WIDTH="51" VPOS="1980" HPOS="545"/>
<SP HEIGHT="37" WIDTH="24" VPOS="1990" HPOS="597"/>
<String LANG="fr" CONTENT="p.," HEIGHT="37" WIDTH="56" VPOS="1990" HPOS="622"/>
<SP HEIGHT="45" WIDTH="26" VPOS="1931" HPOS="679"/>
<String CONTENT="1" HEIGHT="37" WIDTH="24" VPOS="1981" HPOS="706"/>
<SP/>
<String CS="1" CONTENT="l.,"/>
<SP/>
<String CONTENT="219" HEIGHT="40" WIDTH="87" VPOS="1978" HPOS="829"/>
<SP HEIGHT="48" WIDTH="23" VPOS="1978" HPOS="917"/>
<String CONTENT="p." HEIGHT="37" WIDTH="43" VPOS="1989" HPOS="941"/>
<SP HEIGHT="41" WIDTH="57" VPOS="1978" HPOS="985"/>
<String CONTENT="front.," HEIGHT="47" WIDTH="165" VPOS="1978" HPOS="1043"/>
<SP HEIGHT="37" WIDTH="24" VPOS="1989" HPOS="1209"/>
<String CS="1" CONTENT="pl.," HEIGHT="37" WIDTH="76" VPOS="1989" HPOS="1234"/>
<SP HEIGHT="37" WIDTH="25" VPOS="1989" HPOS="1311"/>
<String CONTENT="ports." HEIGHT="45" WIDTH="148" VPOS="1981" HPOS="1337"/>
<SP HEIGHT="40" WIDTH="59" VPOS="1978" HPOS="1486"/>
<String CONTENT="21" HEIGHT="39" WIDTH="54" VPOS="1978" HPOS="1546"/>
<String STYLE="superscript" CS="1" CONTENT="&#7580;&#7504;"/>
<String CONTENT="." HEIGHT="9" WIDTH="9" VPOS="2010" HPOS="1653"/>
</TextLine>
<TextLine HEIGHT="48" WIDTH="1923" VPOS="2034" HPOS="547" CS="1">
<String CONTENT="&#8220;This" HEIGHT="40" WIDTH="145" VPOS="2036" HPOS="547"/>
<SP HEIGHT="39" WIDTH="28" VPOS="2037" HPOS="693"/>
<String CONTENT="book" HEIGHT="39" WIDTH="122" VPOS="2036" HPOS="722"/>
<SP HEIGHT="39" WIDTH="30" VPOS="2036" HPOS="845"/>
<String CS="1" CONTENT="&#8230;"/>
<SP HEIGHT="40" WIDTH="31" VPOS="2035" HPOS="925"/>
<String CONTENT="is" HEIGHT="40" WIDTH="43" VPOS="2035" HPOS="957"/>
<SP HEIGHT="37" WIDTH="27" VPOS="2038" HPOS="1001"/>
<String CONTENT="to" HEIGHT="37" WIDTH="49" VPOS="2038" HPOS="1029"/>
<SP HEIGHT="29" WIDTH="27" VPOS="2045" HPOS="1079"/>
<String CONTENT="a" HEIGHT="29" WIDTH="27" VPOS="2045" HPOS="1107"/>
<SP HEIGHT="39" WIDTH="29" VPOS="2035" HPOS="1135"/>
<String CONTENT="large" HEIGHT="47" WIDTH="134" VPOS="2035" HPOS="1165"/>
<SP HEIGHT="30" WIDTH="27" VPOS="2044" HPOS="1300"/>
<String CONTENT="extent" HEIGHT="38" WIDTH="165" VPOS="2036" HPOS="1328"/>
<SP HEIGHT="37" WIDTH="29" VPOS="2037" HPOS="1494"/>
<String CONTENT="a" HEIGHT="30" WIDTH="27" VPOS="2044" HPOS="1524"/>
<SP HEIGHT="30" WIDTH="28" VPOS="2044" HPOS="1552"/>
<String CONTENT="collection" HEIGHT="41" WIDTH="252" VPOS="2034" HPOS="1581"/>
<SP HEIGHT="29" WIDTH="28" VPOS="2046" HPOS="1834"/>
<String CONTENT="of" HEIGHT="41" WIDTH="52" VPOS="2034" HPOS="1863"/>
<SP HEIGHT="48" WIDTH="25" VPOS="2034" HPOS="1916"/>
<String CONTENT="personal" HEIGHT="46" WIDTH="225" VPOS="2036" HPOS="1942"/>
<SP HEIGHT="38" WIDTH="27" VPOS="2036" HPOS="2168"/>
<String CONTENT="letters.&#8221;&#8212;" HEIGHT="41" WIDTH="274" VPOS="2036" HPOS="2196"/>
</TextLine>
<TextLine HEIGHT="43" WIDTH="129" VPOS="2092" HPOS="476">
<String CONTENT="Pref." HEIGHT="43" WIDTH="129" VPOS="2092" HPOS="476"/>
</TextLine>
<TextLine HEIGHT="51" WIDTH="1786" VPOS="2147" HPOS="482" CS="1">
<String CONTENT="&#169;" HEIGHT="51" WIDTH="51" VPOS="2147" HPOS="482"/>
<SP HEIGHT="51" WIDTH="31" VPOS="2147" HPOS="534"/>
<String CONTENT="Jan." HEIGHT="39" WIDTH="109" VPOS="2151" HPOS="566"/>
<SP HEIGHT="41" WIDTH="30" VPOS="2149" HPOS="676"/>
<String CONTENT="23," HEIGHT="47" WIDTH="70" VPOS="2149" HPOS="707"/>
<SP HEIGHT="45" WIDTH="31" VPOS="2151" HPOS="778"/>
<String CONTENT="1932;" HEIGHT="47" WIDTH="139" VPOS="2148" HPOS="810"/>
<SP HEIGHT="47" WIDTH="33" VPOS="2148" HPOS="950"/>
<String CONTENT="2c." HEIGHT="39" WIDTH="66" VPOS="2148" HPOS="984"/>
<SP HEIGHT="28" WIDTH="34" VPOS="2159" HPOS="1051"/>
<String CONTENT="and" HEIGHT="38" WIDTH="94" VPOS="2149" HPOS="1086"/>
<SP/>
<String CS="1" CONTENT="aff."/>
<SP/>
<String CONTENT="Feb." HEIGHT="39" WIDTH="109" VPOS="2148" HPOS="1329"/>
<SP HEIGHT="37" WIDTH="34" VPOS="2149" HPOS="1439"/>
<String CONTENT="11;" HEIGHT="44" WIDTH="81" VPOS="2149" HPOS="1474"/>
<SP HEIGHT="46" WIDTH="35" VPOS="2147" HPOS="1556"/>
<!-- cceid 01291123-6D7D-1014-B4A5-D7A31D17AB40 --><String CONTENT="A" HEIGHT="39" WIDTH="39" VPOS="2147" HPOS="1592"/>
<SP HEIGHT="39" WIDTH="28" VPOS="2147" HPOS="1632"/>
<String CONTENT="48454;" HEIGHT="47" WIDTH="171" VPOS="2148" HPOS="1661"/>
<SP HEIGHT="47" WIDTH="34" VPOS="2148" HPOS="1833"/>
<String CONTENT="Bruce" HEIGHT="40" WIDTH="156" VPOS="2148" HPOS="1868"/>
<SP HEIGHT="39" WIDTH="31" VPOS="2158" HPOS="2025"/>
<String CONTENT="pub." HEIGHT="50" WIDTH="109" VPOS="2147" HPOS="2057"/>
<SP HEIGHT="30" WIDTH="33" VPOS="2159" HPOS="2167"/>
<String CONTENT="co." HEIGHT="30" WIDTH="67" VPOS="2159" HPOS="2201"/>
</TextLine>
<TextLine HEIGHT="49" WIDTH="250" VPOS="2205" HPOS="557">
<String CONTENT="(32-4651)" HEIGHT="49" WIDTH="250" VPOS="2205" HPOS="557"/>
</TextLine>
<TextLine HEIGHT="66" WIDTH="1504" VPOS="2307" HPOS="468" STYLEREFS="StyleId-E4EAD17C-6AF4-4CA9-9F4C-77A0B2843AF5-">
<String LANG="de" CONTENT="Menge," HEIGHT="62" WIDTH="228" VPOS="2311" HPOS="468"/>
<SP HEIGHT="62" WIDTH="30" VPOS="2310" HPOS="697"/>
<String CONTENT="Edward" HEIGHT="51" WIDTH="253" VPOS="2310" HPOS="728"/>
<SP HEIGHT="52" WIDTH="28" VPOS="2309" HPOS="982"/>
<String CONTENT="John" HEIGHT="53" WIDTH="154" VPOS="2308" HPOS="1011"/>
<SP HEIGHT="35" WIDTH="30" VPOS="2324" HPOS="1166"/>
<String CONTENT="von" HEIGHT="36" WIDTH="113" VPOS="2324" HPOS="1197"/>
<SP HEIGHT="51" WIDTH="29" VPOS="2308" HPOS="1311"/>
<String CONTENT="Komorowski," HEIGHT="64" WIDTH="426" VPOS="2307" HPOS="1341"/>
<SP HEIGHT="56" WIDTH="32" VPOS="2315" HPOS="1768"/>
<String CONTENT="1882-" HEIGHT="49" WIDTH="171" VPOS="2313" HPOS="1801"/>
</TextLine>
<TextLine HEIGHT="72" WIDTH="1921" VPOS="2381" HPOS="543" STYLEREFS="StyleId-83889777-9162-4229-9BC1-B37F0D73AA72-" CS="1">
<String CONTENT="Jobs" HEIGHT="54" WIDTH="140" VPOS="2385" HPOS="543"/>
<SP HEIGHT="53" WIDTH="28" VPOS="2386" HPOS="684"/>
<String CONTENT="for" HEIGHT="51" WIDTH="93" VPOS="2386" HPOS="713"/>
<SP HEIGHT="47" WIDTH="25" VPOS="2391" HPOS="807"/>
<String CONTENT="the" HEIGHT="52" WIDTH="96" VPOS="2387" HPOS="833"/>
<SP HEIGHT="35" WIDTH="24" VPOS="2404" HPOS="930"/>
<String CONTENT="college" HEIGHT="67" WIDTH="211" VPOS="2385" HPOS="955"/>
<SP HEIGHT="49" WIDTH="25" VPOS="2403" HPOS="1167"/>
<String CONTENT="graduate" HEIGHT="67" WIDTH="279" VPOS="2385" HPOS="1193"/>
<SP HEIGHT="56" WIDTH="24" VPOS="2381" HPOS="1473"/>
<String CONTENT="in" HEIGHT="56" WIDTH="61" VPOS="2381" HPOS="1498"/>
<SP HEIGHT="36" WIDTH="25" VPOS="2404" HPOS="1560"/>
<String CONTENT="science," HEIGHT="69" WIDTH="229" VPOS="2384" HPOS="1586"/>
<SP HEIGHT="68" WIDTH="23" VPOS="2385" HPOS="1816"/>
<String CONTENT="by" HEIGHT="68" WIDTH="76" VPOS="2385" HPOS="1840"/>
<SP HEIGHT="66" WIDTH="25" VPOS="2387" HPOS="1917"/>
<String CONTENT="Edward" HEIGHT="52" WIDTH="252" VPOS="2386" HPOS="1943"/>
<SP HEIGHT="53" WIDTH="27" VPOS="2387" HPOS="2196"/>
<String LANG="fr" CONTENT="J." HEIGHT="53" WIDTH="55" VPOS="2387" HPOS="2224"/>
<SP HEIGHT="35" WIDTH="28" VPOS="2405" HPOS="2280"/>
<String LANG="fr" CS="1" CONTENT="V"/>
<String CONTENT="." HEIGHT="10" WIDTH="9" VPOS="2429" HPOS="2349"/>
<SP HEIGHT="53" WIDTH="30" VPOS="2386" HPOS="2359"/>
<String CONTENT="K." HEIGHT="53" WIDTH="74" VPOS="2386" HPOS="2390"/>
</TextLine>
<TextLine HEIGHT="149" WIDTH="1968" VPOS="2462" HPOS="473" STYLEREFS="StyleId-83889777-9162-4229-9BC1-B37F0D73AA72-" CS="1">
<String LANG="de" CONTENT="Menge" HEIGHT="69" WIDTH="205" VPOS="2464" HPOS="474"/>
<SP HEIGHT="34" WIDTH="41" VPOS="2484" HPOS="680"/>
<String CS="1" CONTENT="&#8230;"/>
<SP HEIGHT="53" WIDTH="78" VPOS="2465" HPOS="778"/>
<String CONTENT="New" HEIGHT="52" WIDTH="138" VPOS="2465" HPOS="857"/>
<SP HEIGHT="52" WIDTH="38" VPOS="2464" HPOS="996"/>
<String CONTENT="York," HEIGHT="67" WIDTH="180" VPOS="2462" HPOS="1035"/>
<SP HEIGHT="65" WIDTH="39" VPOS="2464" HPOS="1216"/>
<String CONTENT="Milwaukee" HEIGHT="53" WIDTH="343" VPOS="2462" HPOS="1256"/>
<SP HEIGHT="48" WIDTH="42" VPOS="2482" HPOS="1600"/>
<String CONTENT="[etc.]" HEIGHT="63" WIDTH="137" VPOS="2468" HPOS="1643"/>
<SP HEIGHT="66" WIDTH="45" VPOS="2465" HPOS="1781"/>
<String CONTENT="The" HEIGHT="51" WIDTH="122" VPOS="2465" HPOS="1827"/>
<SP HEIGHT="51" WIDTH="36" VPOS="2465" HPOS="1950"/>
<String CONTENT="Bruce" HEIGHT="51" WIDTH="184" VPOS="2465" HPOS="1987"/>
<SP HEIGHT="49" WIDTH="38" VPOS="2481" HPOS="2172"/>
<String CONTENT="publishing" HEIGHT="148" WIDTH="1968" VPOS="2463" HPOS="473"/>
</TextLine>
<TextLine HEIGHT="64" WIDTH="503" VPOS="2544" HPOS="597" STYLEREFS="StyleId-83889777-9162-4229-9BC1-B37F0D73AA72-" CS="1">
<String CONTENT="company" HEIGHT="48" WIDTH="280" VPOS="2560" HPOS="597"/>
<SP HEIGHT="48" WIDTH="29" VPOS="2560" HPOS="878"/>
<String STYLE="subscript" CONTENT="[" HEIGHT="33" WIDTH="13" VPOS="2575" HPOS="908"/>
<String STYLE="superscript" CS="1" CONTENT="&#7580;1"/>
<String CONTENT="932" HEIGHT="49" WIDTH="100" VPOS="2544" HPOS="982"/>
<String STYLE="subscript" CONTENT="]" HEIGHT="34" WIDTH="12" VPOS="2574" HPOS="1088"/>
</TextLine>
<TextLine HEIGHT="51" WIDTH="488" VPOS="2612" HPOS="543" STYLEREFS="StyleId-83889777-9162-4229-9BC1-B37F0D73AA72-" CS="1">
<String CONTENT="viii," HEIGHT="49" WIDTH="100" VPOS="2614" HPOS="543"/>
<SP HEIGHT="48" WIDTH="25" VPOS="2615" HPOS="644"/>
<String CONTENT="175" HEIGHT="41" WIDTH="86" VPOS="2614" HPOS="670"/>
<SP HEIGHT="49" WIDTH="24" VPOS="2614" HPOS="757"/>
<String CONTENT="p." HEIGHT="38" WIDTH="44" VPOS="2625" HPOS="782"/>
<SP HEIGHT="41" WIDTH="57" VPOS="2613" HPOS="827"/>
<String CS="1" CONTENT="20&#189;" HEIGHT="41" WIDTH="57" VPOS="2612" HPOS="885"/>
<String STYLE="superscript" CS="1" CONTENT="&#7580;&#7504;"/>
<String CONTENT="." HEIGHT="9" WIDTH="9" VPOS="2644" HPOS="1022"/>
</TextLine>
<TextLine HEIGHT="49" WIDTH="644" VPOS="2669" HPOS="543">
<String CONTENT="Includes" HEIGHT="40" WIDTH="225" VPOS="2672" HPOS="543"/>
<SP HEIGHT="39" WIDTH="26" VPOS="2672" HPOS="769"/>
<String CONTENT="bibliographies." HEIGHT="49" WIDTH="391" VPOS="2669" HPOS="796"/>
</TextLine>
<TextLine HEIGHT="52" WIDTH="1736" VPOS="2725" HPOS="480" CS="1">
<String CONTENT="&#169;" HEIGHT="51" WIDTH="51" VPOS="2726" HPOS="480"/>
<SP HEIGHT="51" WIDTH="28" VPOS="2726" HPOS="532"/>
<String CONTENT="Jan." HEIGHT="40" WIDTH="109" VPOS="2730" HPOS="561"/>
<SP HEIGHT="41" WIDTH="27" VPOS="2729" HPOS="671"/>
<String CONTENT="22," HEIGHT="46" WIDTH="69" VPOS="2729" HPOS="699"/>
<SP HEIGHT="45" WIDTH="27" VPOS="2730" HPOS="769"/>
<String CS="1" CONTENT="1932;" HEIGHT="40" WIDTH="113" VPOS="2727" HPOS="797"/>
<SP HEIGHT="40" WIDTH="28" VPOS="2727" HPOS="938"/>
<String CONTENT="2c." HEIGHT="40" WIDTH="67" VPOS="2727" HPOS="967"/>
<SP HEIGHT="29" WIDTH="28" VPOS="2738" HPOS="1035"/>
<String CONTENT="and" HEIGHT="37" WIDTH="95" VPOS="2729" HPOS="1064"/>
<SP HEIGHT="37" WIDTH="28" VPOS="2729" HPOS="1160"/>
<String CONTENT="aff" HEIGHT="40" WIDTH="69" VPOS="2725" HPOS="1189"/>
<SP HEIGHT="39" WIDTH="41" VPOS="2725" HPOS="1259"/>
<String CONTENT="Feb." HEIGHT="38" WIDTH="108" VPOS="2727" HPOS="1301"/>
<SP HEIGHT="37" WIDTH="30" VPOS="2727" HPOS="1410"/>
<String CONTENT="11;" HEIGHT="45" WIDTH="81" VPOS="2727" HPOS="1441"/>
<SP HEIGHT="46" WIDTH="30" VPOS="2726" HPOS="1523"/>
<!-- cceid 0129D03E-6D7D-1014-B4A5-D7A31D17AB40 --><String CONTENT="A" HEIGHT="38" WIDTH="39" VPOS="2726" HPOS="1554"/>
<SP HEIGHT="38" WIDTH="27" VPOS="2726" HPOS="1594"/>
<String CONTENT="48453;" HEIGHT="46" WIDTH="171" VPOS="2726" HPOS="1622"/>
<SP HEIGHT="45" WIDTH="32" VPOS="2727" HPOS="1794"/>
<String CONTENT="Bruce" HEIGHT="38" WIDTH="154" VPOS="2727" HPOS="1827"/>
<SP HEIGHT="36" WIDTH="29" VPOS="2737" HPOS="1982"/>
<String CONTENT="pub." HEIGHT="46" WIDTH="107" VPOS="2727" HPOS="2012"/>
<SP HEIGHT="29" WIDTH="29" VPOS="2737" HPOS="2120"/>
<String CONTENT="co." HEIGHT="29" WIDTH="66" VPOS="2736" HPOS="2150"/>
</TextLine>
<TextLine HEIGHT="48" WIDTH="248" VPOS="2786" HPOS="556">
<String CONTENT="(32-4865)" HEIGHT="48" WIDTH="248" VPOS="2786" HPOS="556"/>
</TextLine>
<TextLine HEIGHT="65" WIDTH="847" VPOS="2875" HPOS="467" STYLEREFS="StyleId-E4EAD17C-6AF4-4CA9-9F4C-77A0B2843AF5-">
<String CONTENT="Moss," HEIGHT="61" WIDTH="178" VPOS="2879" HPOS="467"/>
<SP HEIGHT="63" WIDTH="28" VPOS="2877" HPOS="646"/>
<String CONTENT="Fred" HEIGHT="51" WIDTH="150" VPOS="2877" HPOS="675"/>
<SP HEIGHT="53" WIDTH="29" VPOS="2875" HPOS="826"/>
<String CONTENT="August," HEIGHT="63" WIDTH="256" VPOS="2875" HPOS="856"/>
<SP HEIGHT="58" WIDTH="31" VPOS="2880" HPOS="1113"/>
<String CONTENT="1893-" HEIGHT="48" WIDTH="169" VPOS="2879" HPOS="1145"/>
</TextLine>
<TextLine HEIGHT="68" WIDTH="1862" VPOS="2949" HPOS="602" STYLEREFS="StyleId-83889777-9162-4229-9BC1-B37F0D73AA72-" CS="1">
<String CS="1" CONTENT="&#8230;"/>
<SP HEIGHT="52" WIDTH="40" VPOS="2953" HPOS="602"/>
<String CONTENT="Foundations" HEIGHT="53" WIDTH="393" VPOS="2951" HPOS="643"/>
<SP HEIGHT="35" WIDTH="34" VPOS="2967" HPOS="1037"/>
<String CONTENT="of" HEIGHT="52" WIDTH="63" VPOS="2949" HPOS="1072"/>
<SP HEIGHT="53" WIDTH="34" VPOS="2949" HPOS="1136"/>
<String CONTENT="abnormal" HEIGHT="52" WIDTH="294" VPOS="2950" HPOS="1171"/>
<SP HEIGHT="66" WIDTH="35" VPOS="2950" HPOS="1466"/>
<String CONTENT="psychology," HEIGHT="67" WIDTH="366" VPOS="2950" HPOS="1502"/>
<SP HEIGHT="66" WIDTH="34" VPOS="2950" HPOS="1869"/>
<String CONTENT="by" HEIGHT="66" WIDTH="76" VPOS="2950" HPOS="1904"/>
<SP HEIGHT="67" WIDTH="33" VPOS="2949" HPOS="1981"/>
<String CONTENT="Fred" HEIGHT="53" WIDTH="153" VPOS="2949" HPOS="2015"/>
<SP HEIGHT="53" WIDTH="33" VPOS="2949" HPOS="2169"/>
<String CONTENT="A." HEIGHT="51" WIDTH="69" VPOS="2950" HPOS="2203"/>
<SP HEIGHT="52" WIDTH="36" VPOS="2949" HPOS="2273"/>
<String CONTENT="Moss" HEIGHT="53" WIDTH="154" VPOS="2949" HPOS="2310"/>
</TextLine>
<TextLine HEIGHT="67" WIDTH="1931" VPOS="3025" HPOS="531" STYLEREFS="StyleId-83889777-9162-4229-9BC1-B37F0D73AA72-" CS="1">
<String CS="1" CONTENT="&#8230;"/>
<SP HEIGHT="34" WIDTH="34" VPOS="3049" HPOS="531"/>
<String CONTENT="and" HEIGHT="52" WIDTH="113" VPOS="3031" HPOS="566"/>
<SP HEIGHT="52" WIDTH="26" VPOS="3030" HPOS="680"/>
<String CONTENT="Thelma" HEIGHT="52" WIDTH="237" VPOS="3029" HPOS="707"/>
<SP HEIGHT="53" WIDTH="28" VPOS="3027" HPOS="945"/>
<String CONTENT="Hunt" HEIGHT="54" WIDTH="168" VPOS="3027" HPOS="974"/>
<SP HEIGHT="47" WIDTH="31" VPOS="3034" HPOS="1143"/>
<String CS="1" CONTENT="&#8230;"/>
<SP HEIGHT="52" WIDTH="69" VPOS="3027" HPOS="1231"/>
<String CONTENT="New" HEIGHT="52" WIDTH="137" VPOS="3027" HPOS="1301"/>
<SP HEIGHT="52" WIDTH="28" VPOS="3027" HPOS="1439"/>
<String CONTENT="York," HEIGHT="66" WIDTH="179" VPOS="3026" HPOS="1468"/>
<SP HEIGHT="65" WIDTH="27" VPOS="3027" HPOS="1648"/>
<String CONTENT="Prentice-Hall," HEIGHT="67" WIDTH="450" VPOS="3025" HPOS="1676"/>
<SP HEIGHT="66" WIDTH="27" VPOS="3026" HPOS="2127"/>
<String CONTENT="inc.," HEIGHT="66" WIDTH="127" VPOS="3026" HPOS="2155"/>
<SP HEIGHT="62" WIDTH="28" VPOS="3030" HPOS="2283"/>
<String CONTENT="1932." HEIGHT="49" WIDTH="150" VPOS="3029" HPOS="2312"/>
</TextLine>
<TextLine HEIGHT="52" WIDTH="1829" VPOS="3098" HPOS="539" STYLEREFS="StyleId-83889777-9162-4229-9BC1-B37F0D73AA72-" CS="1">
<String CONTENT="xii," HEIGHT="47" WIDTH="83" VPOS="3103" HPOS="539"/>
<SP HEIGHT="47" WIDTH="30" VPOS="3103" HPOS="623"/>
<String CONTENT="548" HEIGHT="40" WIDTH="84" VPOS="3102" HPOS="654"/>
<SP HEIGHT="47" WIDTH="27" VPOS="3102" HPOS="739"/>
<String CONTENT="p." HEIGHT="37" WIDTH="43" VPOS="3112" HPOS="767"/>
<SP HEIGHT="42" WIDTH="56" VPOS="3101" HPOS="811"/>
<String CONTENT="illus.," HEIGHT="47" WIDTH="142" VPOS="3101" HPOS="868"/>
<SP HEIGHT="46" WIDTH="28" VPOS="3102" HPOS="1011"/>
<String CONTENT="diagrs." HEIGHT="47" WIDTH="178" VPOS="3100" HPOS="1040"/>
<SP HEIGHT="40" WIDTH="56" VPOS="3099" HPOS="1219"/>
<String CONTENT="21" HEIGHT="39" WIDTH="55" VPOS="3099" HPOS="1276"/>
<String STYLE="superscript" CS="1" CONTENT="&#7580;&#7504;"/>
<String CONTENT="." HEIGHT="8" WIDTH="8" VPOS="3131" HPOS="1384"/>
<SP HEIGHT="47" WIDTH="66" VPOS="3099" HPOS="1393"/>
<String CONTENT="(Prentice-Hall" HEIGHT="48" WIDTH="385" VPOS="3098" HPOS="1460"/>
<SP HEIGHT="47" WIDTH="26" VPOS="3099" HPOS="1846"/>
<String CONTENT="psychology" HEIGHT="47" WIDTH="292" VPOS="3099" HPOS="1873"/>
<SP HEIGHT="37" WIDTH="28" VPOS="3109" HPOS="2166"/>
<String CONTENT="series)" HEIGHT="47" WIDTH="173" VPOS="3098" HPOS="2195"/>
</TextLine>
<TextLine HEIGHT="52" WIDTH="1918" VPOS="3154" HPOS="540" CS="1">
<String CONTENT="In" HEIGHT="38" WIDTH="57" VPOS="3161" HPOS="540"/>
<SP HEIGHT="40" WIDTH="31" VPOS="3159" HPOS="598"/>
<String CONTENT="2" HEIGHT="39" WIDTH="28" VPOS="3159" HPOS="630"/>
<SP HEIGHT="47" WIDTH="31" VPOS="3159" HPOS="659"/>
<String CONTENT="parts," HEIGHT="45" WIDTH="150" VPOS="3161" HPOS="691"/>
<SP HEIGHT="37" WIDTH="33" VPOS="3168" HPOS="842"/>
<String CONTENT="pt." HEIGHT="45" WIDTH="64" VPOS="3160" HPOS="876"/>
<SP HEIGHT="29" WIDTH="34" VPOS="3167" HPOS="941"/>
<String CS="1" CONTENT="II"/>
<SP/>
<String CONTENT="preceded" HEIGHT="47" WIDTH="231" VPOS="3157" HPOS="1049"/>
<SP HEIGHT="38" WIDTH="35" VPOS="3157" HPOS="1281"/>
<String CONTENT="by" HEIGHT="45" WIDTH="60" VPOS="3157" HPOS="1317"/>
<SP HEIGHT="45" WIDTH="32" VPOS="3157" HPOS="1378"/>
<String CONTENT="half-title" HEIGHT="40" WIDTH="236" VPOS="3155" HPOS="1411"/>
<SP HEIGHT="28" WIDTH="33" VPOS="3166" HPOS="1648"/>
<String CONTENT="not" HEIGHT="36" WIDTH="84" VPOS="3158" HPOS="1682"/>
<SP HEIGHT="40" WIDTH="32" VPOS="3154" HPOS="1767"/>
<String CONTENT="included" HEIGHT="40" WIDTH="223" VPOS="3154" HPOS="1800"/>
<SP HEIGHT="39" WIDTH="33" VPOS="3155" HPOS="2024"/>
<String CONTENT="in" HEIGHT="38" WIDTH="49" VPOS="3155" HPOS="2058"/>
<SP HEIGHT="37" WIDTH="32" VPOS="3157" HPOS="2108"/>
<String CONTENT="the" HEIGHT="38" WIDTH="82" VPOS="3156" HPOS="2141"/>
<SP HEIGHT="37" WIDTH="33" VPOS="3165" HPOS="2224"/>
<String CONTENT="paging;" HEIGHT="48" WIDTH="200" VPOS="3154" HPOS="2258"/>
</TextLine>
<TextLine HEIGHT="46" WIDTH="1004" VPOS="3213" HPOS="472">
<String CONTENT="illustrations" HEIGHT="41" WIDTH="325" VPOS="3215" HPOS="472"/>
<SP HEIGHT="30" WIDTH="26" VPOS="3224" HPOS="798"/>
<String CONTENT="are" HEIGHT="29" WIDTH="83" VPOS="3224" HPOS="825"/>
<SP HEIGHT="28" WIDTH="25" VPOS="3224" HPOS="909"/>
<String CONTENT="numbered" HEIGHT="39" WIDTH="262" VPOS="3213" HPOS="935"/>
<SP HEIGHT="38" WIDTH="26" VPOS="3213" HPOS="1198"/>
<String CONTENT="as" HEIGHT="29" WIDTH="54" VPOS="3222" HPOS="1225"/>
<SP HEIGHT="37" WIDTH="25" VPOS="3222" HPOS="1280"/>
<String CONTENT="plates." HEIGHT="46" WIDTH="170" VPOS="3213" HPOS="1306"/>
</TextLine>
<TextLine HEIGHT="54" WIDTH="1815" VPOS="3266" HPOS="478" CS="1">
<String CONTENT="&#169;" HEIGHT="51" WIDTH="51" VPOS="3269" HPOS="478"/>
<SP HEIGHT="51" WIDTH="29" VPOS="3269" HPOS="530"/>
<String CONTENT="Feb." HEIGHT="38" WIDTH="109" VPOS="3272" HPOS="560"/>
<SP HEIGHT="38" WIDTH="29" VPOS="3273" HPOS="670"/>
<String CONTENT="8," HEIGHT="45" WIDTH="38" VPOS="3273" HPOS="700"/>
<SP HEIGHT="46" WIDTH="28" VPOS="3272" HPOS="739"/>
<String CONTENT="1932" HEIGHT="40" WIDTH="114" VPOS="3270" HPOS="768"/>
<SP HEIGHT="46" WIDTH="16" VPOS="3271" HPOS="883"/>
<String CONTENT=";" HEIGHT="36" WIDTH="8" VPOS="3281" HPOS="900"/>
<SP HEIGHT="47" WIDTH="30" VPOS="3270" HPOS="909"/>
<String CONTENT="2c." HEIGHT="40" WIDTH="66" VPOS="3270" HPOS="940"/>
<SP HEIGHT="31" WIDTH="29" VPOS="3279" HPOS="1007"/>
<String CONTENT="and" HEIGHT="38" WIDTH="94" VPOS="3270" HPOS="1037"/>
<SP HEIGHT="38" WIDTH="29" VPOS="3270" HPOS="1132"/>
<String CS="1" CONTENT="aff." HEIGHT="41" WIDTH="81" VPOS="3268" HPOS="1162"/>
<SP HEIGHT="41" WIDTH="29" VPOS="3268" HPOS="1244"/>
<String CONTENT="Feb." HEIGHT="38" WIDTH="109" VPOS="3268" HPOS="1274"/>
<SP HEIGHT="37" WIDTH="30" VPOS="3269" HPOS="1384"/>
<String CONTENT="11;" HEIGHT="45" WIDTH="81" VPOS="3269" HPOS="1415"/>
<SP HEIGHT="47" WIDTH="31" VPOS="3267" HPOS="1497"/>
<!-- cceid 012A8931-6D7D-1014-B4A5-D7A31D17AB40 --><String CONTENT="A" HEIGHT="39" WIDTH="41" VPOS="3267" HPOS="1529"/>
<SP HEIGHT="39" WIDTH="24" VPOS="3267" HPOS="1571"/>
<String CONTENT="48460;" HEIGHT="48" WIDTH="171" VPOS="3266" HPOS="1596"/>
<SP HEIGHT="46" WIDTH="32" VPOS="3268" HPOS="1768"/>
<String CONTENT="Prentice-Hall," HEIGHT="48" WIDTH="371" VPOS="3267" HPOS="1801"/>
<SP HEIGHT="48" WIDTH="30" VPOS="3267" HPOS="2173"/>
<String CONTENT="inc." HEIGHT="40" WIDTH="89" VPOS="3267" HPOS="2204"/>
</TextLine>
<TextLine HEIGHT="49" WIDTH="248" VPOS="3327" HPOS="554">
<String CONTENT="(32-4849)" HEIGHT="49" WIDTH="248" VPOS="3327" HPOS="554"/>
</TextLine>
<TextLine HEIGHT="65" WIDTH="1020" VPOS="3416" HPOS="466" STYLEREFS="StyleId-E4EAD17C-6AF4-4CA9-9F4C-77A0B2843AF5-">
<String CONTENT="Nevinson," HEIGHT="65" WIDTH="319" VPOS="3416" HPOS="466"/>
<SP HEIGHT="63" WIDTH="27" VPOS="3418" HPOS="786"/>
<String CONTENT="Henry" HEIGHT="61" WIDTH="205" VPOS="3418" HPOS="814"/>
<SP HEIGHT="63" WIDTH="25" VPOS="3416" HPOS="1020"/>
<String CONTENT="Woodd," HEIGHT="62" WIDTH="239" VPOS="3416" HPOS="1046"/>
<SP HEIGHT="57" WIDTH="30" VPOS="3421" HPOS="1286"/>
<String CONTENT="1856-" HEIGHT="49" WIDTH="169" VPOS="3419" HPOS="1317"/>
</TextLine>
<TextLine HEIGHT="72" WIDTH="1922" VPOS="3486" HPOS="537" STYLEREFS="StyleId-83889777-9162-4229-9BC1-B37F0D73AA72-">
<String CONTENT="Goethe:" HEIGHT="54" WIDTH="242" VPOS="3490" HPOS="537"/>
<SP HEIGHT="34" WIDTH="32" VPOS="3509" HPOS="780"/>
<String CONTENT="man" HEIGHT="33" WIDTH="131" VPOS="3509" HPOS="813"/>
<SP HEIGHT="35" WIDTH="29" VPOS="3507" HPOS="945"/>
<String CONTENT="and" HEIGHT="53" WIDTH="111" VPOS="3490" HPOS="975"/>
<SP HEIGHT="68" WIDTH="31" VPOS="3490" HPOS="1087"/>
<String CONTENT="poet," HEIGHT="64" WIDTH="147" VPOS="3494" HPOS="1119"/>
<SP HEIGHT="68" WIDTH="27" VPOS="3489" HPOS="1267"/>
<String CONTENT="by" HEIGHT="68" WIDTH="73" VPOS="3489" HPOS="1295"/>
<SP HEIGHT="68" WIDTH="31" VPOS="3489" HPOS="1369"/>
<String CONTENT="Henry" HEIGHT="67" WIDTH="201" VPOS="3489" HPOS="1401"/>
<SP HEIGHT="67" WIDTH="30" VPOS="3489" HPOS="1603"/>
<String CONTENT="W." HEIGHT="53" WIDTH="86" VPOS="3489" HPOS="1634"/>
<SP HEIGHT="53" WIDTH="32" VPOS="3487" HPOS="1721"/>
<String CONTENT="Nevinson;" HEIGHT="67" WIDTH="316" VPOS="3487" HPOS="1754"/>
<SP HEIGHT="48" WIDTH="33" VPOS="3506" HPOS="2071"/>
<String CONTENT="written" HEIGHT="53" WIDTH="227" VPOS="3488" HPOS="2105"/>
<SP HEIGHT="52" WIDTH="32" VPOS="3486" HPOS="2333"/>
<String CONTENT="for" HEIGHT="51" WIDTH="93" VPOS="3486" HPOS="2366"/>
</TextLine>
<TextLine HEIGHT="71" WIDTH="1991" VPOS="3565" HPOS="464" STYLEREFS="StyleId-83889777-9162-4229-9BC1-B37F0D73AA72-">
<String CONTENT="the" HEIGHT="53" WIDTH="96" VPOS="3570" HPOS="464"/>
<SP HEIGHT="34" WIDTH="34" VPOS="3589" HPOS="561"/>
<String CONTENT="centenary" HEIGHT="62" WIDTH="302" VPOS="3574" HPOS="596"/>
<SP HEIGHT="48" WIDTH="36" VPOS="3588" HPOS="899"/>
<String CONTENT="of" HEIGHT="51" WIDTH="62" VPOS="3570" HPOS="936"/>
<SP HEIGHT="54" WIDTH="35" VPOS="3569" HPOS="999"/>
<String CONTENT="Goethe&#8217;s" HEIGHT="54" WIDTH="261" VPOS="3569" HPOS="1035"/>
<SP HEIGHT="53" WIDTH="36" VPOS="3568" HPOS="1297"/>
<String CONTENT="death" HEIGHT="51" WIDTH="171" VPOS="3568" HPOS="1334"/>
<SP HEIGHT="52" WIDTH="35" VPOS="3568" HPOS="1506"/>
<String CONTENT="on" HEIGHT="34" WIDTH="71" VPOS="3586" HPOS="1542"/>
<SP HEIGHT="52" WIDTH="34" VPOS="3566" HPOS="1614"/>
<String CONTENT="March" HEIGHT="53" WIDTH="202" VPOS="3566" HPOS="1649"/>
<SP HEIGHT="50" WIDTH="36" VPOS="3567" HPOS="1852"/>
<String CONTENT="22nd," HEIGHT="64" WIDTH="166" VPOS="3567" HPOS="1889"/>
<SP HEIGHT="61" WIDTH="37" VPOS="3570" HPOS="2056"/>
<String CONTENT="1832." HEIGHT="49" WIDTH="150" VPOS="3569" HPOS="2094"/>
<SP HEIGHT="52" WIDTH="71" VPOS="3565" HPOS="2245"/>
<String CONTENT="New" HEIGHT="52" WIDTH="138" VPOS="3565" HPOS="2317"/>
</TextLine>
<TextLine HEIGHT="68" WIDTH="1387" VPOS="3642" HPOS="467" STYLEREFS="StyleId-83889777-9162-4229-9BC1-B37F0D73AA72-" CS="1">
<String LANG="en-US" CONTENT="York," HEIGHT="65" WIDTH="177" VPOS="3644" HPOS="467"/>
<SP HEIGHT="63" WIDTH="25" VPOS="3646" HPOS="645"/>
<String LANG="fr" CONTENT="Harcourt," HEIGHT="64" WIDTH="307" VPOS="3646" HPOS="671"/>
<SP HEIGHT="66" WIDTH="26" VPOS="3644" HPOS="979"/>
<String LANG="en-US" CONTENT="Brace" HEIGHT="51" WIDTH="180" VPOS="3644" HPOS="1006"/>
<SP HEIGHT="34" WIDTH="25" VPOS="3661" HPOS="1187"/>
<String LANG="en-US" CONTENT="and" HEIGHT="53" WIDTH="112" VPOS="3642" HPOS="1213"/>
<SP HEIGHT="52" WIDTH="26" VPOS="3642" HPOS="1326"/>
<String LANG="en-US" CONTENT="company" HEIGHT="50" WIDTH="275" VPOS="3659" HPOS="1353"/>
<SP HEIGHT="47" WIDTH="32" VPOS="3662" HPOS="1629"/>
<String LANG="en-US" CONTENT="[" HEIGHT="32" WIDTH="13" VPOS="3677" HPOS="1662"/>
<String STYLE="superscript" LANG="en-US" CS="1" CONTENT="&#7580;1"/>
<String LANG="en-US" CONTENT="932]" HEIGHT="64" WIDTH="118" VPOS="3645" HPOS="1736"/>
</TextLine>
<TextLine HEIGHT="52" WIDTH="1096" VPOS="3713" HPOS="539" STYLEREFS="StyleId-83889777-9162-4229-9BC1-B37F0D73AA72-" CS="1">
<String CONTENT="xiv," HEIGHT="47" WIDTH="95" VPOS="3718" HPOS="539"/>
<SP HEIGHT="46" WIDTH="30" VPOS="3719" HPOS="635"/>
<String CONTENT="256" HEIGHT="39" WIDTH="85" VPOS="3719" HPOS="666"/>
<SP HEIGHT="46" WIDTH="28" VPOS="3719" HPOS="752"/>
<String CONTENT="p." HEIGHT="37" WIDTH="42" VPOS="3728" HPOS="781"/>
<SP HEIGHT="41" WIDTH="58" VPOS="3716" HPOS="824"/>
<String CONTENT="front.," HEIGHT="48" WIDTH="164" VPOS="3716" HPOS="883"/>
<SP HEIGHT="36" WIDTH="30" VPOS="3728" HPOS="1048"/>
<String CONTENT="plates," HEIGHT="47" WIDTH="169" VPOS="3717" HPOS="1079"/>
<SP HEIGHT="37" WIDTH="31" VPOS="3727" HPOS="1249"/>
<String CONTENT="ports." HEIGHT="46" WIDTH="149" VPOS="3718" HPOS="1281"/>
<SP HEIGHT="42" WIDTH="57" VPOS="3713" HPOS="1431"/>
<String CS="1" CONTENT="22&#189;" HEIGHT="40" WIDTH="56" VPOS="3713" HPOS="1489"/>
<String STYLE="superscript" CS="1" CONTENT="&#7580;&#7504;"/>
<String CONTENT="." HEIGHT="9" WIDTH="9" VPOS="3746" HPOS="1626"/>
</TextLine>
<TextLine HEIGHT="42" WIDTH="418" VPOS="3773" HPOS="539">
<String CONTENT="&#8220;First" HEIGHT="40" WIDTH="161" VPOS="3775" HPOS="539"/>
<SP HEIGHT="38" WIDTH="28" VPOS="3777" HPOS="701"/>
<String CONTENT="edition.&#8221;" HEIGHT="42" WIDTH="227" VPOS="3773" HPOS="730"/>
</TextLine>
<TextLine HEIGHT="51" WIDTH="700" VPOS="3828" HPOS="539">
<String CONTENT="Bibliography" HEIGHT="48" WIDTH="346" VPOS="3831" HPOS="539"/>
<SP HEIGHT="37" WIDTH="16" VPOS="3841" HPOS="886"/>
<String CONTENT=":" HEIGHT="29" WIDTH="9" VPOS="3841" HPOS="903"/>
<SP HEIGHT="38" WIDTH="32" VPOS="3841" HPOS="913"/>
<String CONTENT="p." HEIGHT="37" WIDTH="44" VPOS="3842" HPOS="946"/>
<SP HEIGHT="41" WIDTH="32" VPOS="3829" HPOS="991"/>
<String CONTENT="251-252." HEIGHT="41" WIDTH="215" VPOS="3828" HPOS="1024"/>
</TextLine>
<TextLine HEIGHT="55" WIDTH="1978" VPOS="3883" HPOS="476">
<String CONTENT="&#169;" HEIGHT="51" WIDTH="51" VPOS="3887" HPOS="476"/>
<SP HEIGHT="51" WIDTH="30" VPOS="3887" HPOS="528"/>
<String CONTENT="Feb." HEIGHT="38" WIDTH="108" VPOS="3890" HPOS="559"/>
<SP HEIGHT="38" WIDTH="29" VPOS="3890" HPOS="668"/>
<String CONTENT="11," HEIGHT="46" WIDTH="67" VPOS="3890" HPOS="698"/>
<SP HEIGHT="47" WIDTH="30" VPOS="3889" HPOS="766"/>
<String CONTENT="1932;" HEIGHT="47" WIDTH="139" VPOS="3887" HPOS="797"/>
<SP HEIGHT="46" WIDTH="31" VPOS="3888" HPOS="937"/>
<String CONTENT="2c." HEIGHT="39" WIDTH="66" VPOS="3888" HPOS="969"/>
<SP HEIGHT="30" WIDTH="29" VPOS="3897" HPOS="1036"/>
<String CONTENT="and" HEIGHT="37" WIDTH="94" VPOS="3889" HPOS="1066"/>
<SP HEIGHT="37" WIDTH="29" VPOS="3889" HPOS="1161"/>
<String CONTENT="aff." HEIGHT="40" WIDTH="79" VPOS="3885" HPOS="1191"/>
<SP HEIGHT="39" WIDTH="31" VPOS="3885" HPOS="1271"/>
<String CONTENT="Feb." HEIGHT="40" WIDTH="108" VPOS="3885" HPOS="1303"/>
<SP HEIGHT="39" WIDTH="30" VPOS="3886" HPOS="1412"/>
<String CONTENT="17;" HEIGHT="46" WIDTH="80" VPOS="3885" HPOS="1443"/>
<SP HEIGHT="46" WIDTH="33" VPOS="3885" HPOS="1524"/>
<!-- cceid 012B3C37-6D7D-1014-B4A5-D7A31D17AB40 --><String CONTENT="A" HEIGHT="38" WIDTH="39" VPOS="3885" HPOS="1558"/>
<SP HEIGHT="38" WIDTH="26" VPOS="3885" HPOS="1598"/>
<String CONTENT="47680;" HEIGHT="48" WIDTH="171" VPOS="3883" HPOS="1625"/>
<SP HEIGHT="46" WIDTH="32" VPOS="3885" HPOS="1797"/>
<String LANG="fr" CONTENT="Harcourt," HEIGHT="47" WIDTH="260" VPOS="3885" HPOS="1830"/>
<SP HEIGHT="48" WIDTH="30" VPOS="3884" HPOS="2091"/>
<String CONTENT="Brace" HEIGHT="40" WIDTH="156" VPOS="3884" HPOS="2122"/>
<SP HEIGHT="41" WIDTH="26" VPOS="3883" HPOS="2279"/>
<String CONTENT="&amp;" HEIGHT="40" WIDTH="37" VPOS="3883" HPOS="2306"/>
<SP HEIGHT="40" WIDTH="29" VPOS="3883" HPOS="2344"/>
<String CONTENT="co.," HEIGHT="35" WIDTH="80" VPOS="3892" HPOS="2374"/>
</TextLine>
<TextLine HEIGHT="50" WIDTH="408" VPOS="3943" HPOS="542">
<String CONTENT="inc." HEIGHT="40" WIDTH="88" VPOS="3947" HPOS="542"/>
<SP HEIGHT="48" WIDTH="69" VPOS="3945" HPOS="631"/>
<String CONTENT="(32-4542)" HEIGHT="50" WIDTH="249" VPOS="3943" HPOS="701"/>
</TextLine>
</TextBlock>
</PrintSpace>
</Page>
</Layout>
</alto>