<alto xmlns="http://www.loc.gov/standards/alto/ns-v3#" xmlns:xlink="http://www.w3.org/1999/xlink" xmlns:xsi="http://www.w3.org/2001/XMLSchema-instance" xsi:schemaLocation="http://www.loc.gov/standards/alto/ns-v3# http://www.loc.gov/alto/v3/alto-3-0.xsd"><Description>
<MeasurementUnit>pixel</MeasurementUnit>
<sourceImageInformation>
<fileName>1932_v29_part001.pdf</fileName>
</sourceImageInformation>
<OCRProcessing ID="IdOcr">
<ocrProcessingStep>
<processingDateTime>2019-04-25</processingDateTime>
<processingSoftware>
<softwareCreator>ABBYY</softwareCreator>
<softwareName>ABBYY Recognition Server</softwareName>
<softwareVersion>4.0</softwareVersion>
</processingSoftware>
</ocrProcessingStep>
</OCRProcessing>
</Description>
<Styles>
<ParagraphStyle ID="StyleId-FFFFFFFF-FFFF-FFFF-FFFF-FFFFFFFFFFFF-" ALIGN="Left" LEFT="0." RIGHT="0." FIRSTLINE="0."/>
<ParagraphStyle ID="StyleId-547D96D3-B2DE-4E86-A4BD-9DDFC275973A-" ALIGN="Left" LEFT="0." RIGHT="0." FIRSTLINE="0." LINESPACE="7.699999809"/>
<ParagraphStyle ID="StyleId-BE433B82-DF6F-491A-9872-F562FF4150C8-" ALIGN="Block" LEFT="0." RIGHT="0." FIRSTLINE="-13." LINESPACE="7.900000095"/>
<ParagraphStyle ID="StyleId-CC286467-50C5-4655-B0CF-BA365CCE0736-" ALIGN="Block" LEFT="0." RIGHT="0." FIRSTLINE="-15." LINESPACE="8.479999542"/>
<ParagraphStyle ID="StyleId-9878414D-BEDB-487D-971A-CF5ADB5C4AD2-" ALIGN="Block" LEFT="0." RIGHT="0." FIRSTLINE="-14." LINESPACE="10.92000008"/>
<ParagraphStyle ID="StyleId-EBC70DE5-3635-4BD4-B07B-05DF6EFE0022-" ALIGN="Block" LEFT="0." RIGHT="0." FIRSTLINE="-13." LINESPACE="12.19999981"/>
<ParagraphStyle ID="StyleId-8A688F83-F017-4D5D-A00A-14637016ED45-" ALIGN="Left" LEFT="0." RIGHT="0." FIRSTLINE="0." LINESPACE="9.399999619"/>
<ParagraphStyle ID="StyleId-20F0BBAE-20C6-42F4-8113-00B5C02924DC-" ALIGN="Left" LEFT="0." RIGHT="0." FIRSTLINE="0." LINESPACE="11.10000038"/>
<ParagraphStyle ID="StyleId-7AA70148-8873-4ACB-90AE-BF9322E02302-" ALIGN="Left" LEFT="0." RIGHT="0." FIRSTLINE="-13." LINESPACE="11.09000015"/>
<ParagraphStyle ID="StyleId-072EF7BA-7207-4F8B-9A7C-F564E8B4CB16-" ALIGN="Left" LEFT="0." RIGHT="0." FIRSTLINE="-14." LINESPACE="12.19999981"/>
<ParagraphStyle ID="StyleId-44303D12-21D7-4DB0-9E9F-87FA1A861DD7-" ALIGN="Block" LEFT="0." RIGHT="0." FIRSTLINE="-14." LINESPACE="10.92000008"/>
<ParagraphStyle ID="StyleId-43CF0D44-8AC2-4CD0-865F-942C78705184-" ALIGN="Block" LEFT="0." RIGHT="0." FIRSTLINE="-13." LINESPACE="12.19999981"/>
<ParagraphStyle ID="StyleId-7A298A86-29F5-413A-AEC9-078A4CC464D7-" ALIGN="Block" LEFT="0." RIGHT="0." FIRSTLINE="13." LINESPACE="12.19999981"/>
<ParagraphStyle ID="StyleId-8E4E86F7-C1F9-4A1A-B605-6B1FC1C8E9F7-" ALIGN="Left" LEFT="0." RIGHT="0." FIRSTLINE="0." LINESPACE="11.60000038"/>
<ParagraphStyle ID="StyleId-AB39791B-5ED1-444F-BEF5-2CFED1F2709A-" ALIGN="Left" LEFT="0." RIGHT="0." FIRSTLINE="-13." LINESPACE="11.09000015"/>
<ParagraphStyle ID="StyleId-C1F2EEE7-CD00-4E11-9EAD-B222287AEDA4-" ALIGN="Center" LEFT="0." RIGHT="0." FIRSTLINE="0." LINESPACE="11.10000038"/>
</Styles>
<Layout>
<Page ID="Page1864" PHYSICAL_IMG_NR="1864" HEIGHT="4368" WIDTH="2563">
<TopMargin HEIGHT="446" WIDTH="2563" VPOS="0" HPOS="0">
</TopMargin>
<LeftMargin HEIGHT="3784" WIDTH="310" VPOS="446" HPOS="0">
</LeftMargin>
<RightMargin HEIGHT="3784" WIDTH="231" VPOS="446" HPOS="2332">
</RightMargin>
<BottomMargin HEIGHT="138" WIDTH="2563" VPOS="4230" HPOS="0">
</BottomMargin>
<PrintSpace HEIGHT="3784" WIDTH="2022" VPOS="446" HPOS="310">
<TextBlock ID="Page1864_Block1" HEIGHT="189" WIDTH="512" VPOS="4041" HPOS="1122" LANG="en-US" STYLEREFS="StyleId-1C15CB30-41E1-483C-BCC7-15430D65373E-">
<TextLine HEIGHT="53" WIDTH="141" VPOS="4079" HPOS="1250">
<String CONTENT="1864" HEIGHT="53" WIDTH="141" VPOS="4079" HPOS="1250"/>
</TextLine>
</TextBlock>
<TextBlock ID="Page1864_Block2" HEIGHT="3613" WIDTH="2022" VPOS="446" HPOS="310" LANG="en-US" CS="1" STYLEREFS="StyleId-17F560DA-1575-4631-B380-FAE3C48EECE7-">
<TextLine HEIGHT="50" WIDTH="1693" VPOS="528" HPOS="390" CS="1">
<String CONTENT="Allied" HEIGHT="41" WIDTH="159" VPOS="528" HPOS="390"/>
<SP HEIGHT="40" WIDTH="31" VPOS="529" HPOS="550"/>
<String CS="1" CONTENT="families;" HEIGHT="41" WIDTH="215" VPOS="528" HPOS="582"/>
<SP HEIGHT="40" WIDTH="36" VPOS="529" HPOS="823"/>
<String CONTENT="Insley," HEIGHT="48" WIDTH="177" VPOS="529" HPOS="860"/>
<SP HEIGHT="48" WIDTH="32" VPOS="529" HPOS="1038"/>
<String CONTENT="McMillin," HEIGHT="44" WIDTH="251" VPOS="528" HPOS="1071"/>
<SP HEIGHT="44" WIDTH="34" VPOS="528" HPOS="1323"/>
<String CONTENT="Gibson," HEIGHT="48" WIDTH="194" VPOS="528" HPOS="1358"/>
<SP HEIGHT="45" WIDTH="34" VPOS="531" HPOS="1553"/>
<String CONTENT="Boyd," HEIGHT="47" WIDTH="151" VPOS="531" HPOS="1588"/>
<SP HEIGHT="36" WIDTH="33" VPOS="540" HPOS="1740"/>
<String CONTENT="and" HEIGHT="40" WIDTH="95" VPOS="530" HPOS="1774"/>
<SP HEIGHT="39" WIDTH="33" VPOS="530" HPOS="1870"/>
<String CONTENT="others." HEIGHT="40" WIDTH="179" VPOS="530" HPOS="1904"/>
</TextLine>
<TextLine HEIGHT="54" WIDTH="1989" VPOS="583" HPOS="327" CS="1">
<String CONTENT="&#169;" HEIGHT="52" WIDTH="51" VPOS="583" HPOS="327"/>
<SP HEIGHT="52" WIDTH="37" VPOS="583" HPOS="379"/>
<String CONTENT="Dec." HEIGHT="41" WIDTH="111" VPOS="587" HPOS="417"/>
<SP HEIGHT="41" WIDTH="35" VPOS="587" HPOS="529"/>
<String CS="1" CONTENT="6," HEIGHT="15" WIDTH="8" VPOS="619" HPOS="596"/>
<SP HEIGHT="46" WIDTH="37" VPOS="588" HPOS="605"/>
<String CS="1" CONTENT="1932;" HEIGHT="41" WIDTH="112" VPOS="586" HPOS="643"/>
<SP HEIGHT="41" WIDTH="38" VPOS="588" HPOS="783"/>
<String CONTENT="2c." HEIGHT="40" WIDTH="66" VPOS="588" HPOS="822"/>
<SP HEIGHT="38" WIDTH="39" VPOS="588" HPOS="889"/>
<String CONTENT="Dec." HEIGHT="41" WIDTH="111" VPOS="588" HPOS="929"/>
<SP HEIGHT="40" WIDTH="36" VPOS="589" HPOS="1041"/>
<String CONTENT="17;" HEIGHT="45" WIDTH="81" VPOS="589" HPOS="1078"/>
<SP HEIGHT="35" WIDTH="40" VPOS="599" HPOS="1160"/>
<String CONTENT="aff." HEIGHT="42" WIDTH="82" VPOS="587" HPOS="1201"/>
<SP HEIGHT="42" WIDTH="37" VPOS="587" HPOS="1284"/>
<String CONTENT="Dec." HEIGHT="41" WIDTH="111" VPOS="587" HPOS="1322"/>
<SP HEIGHT="39" WIDTH="36" VPOS="589" HPOS="1434"/>
<String CONTENT="15;" HEIGHT="47" WIDTH="82" VPOS="589" HPOS="1471"/>
<SP HEIGHT="47" WIDTH="39" VPOS="589" HPOS="1554"/>
<!-- cceid 1116F8FE-6D7D-1014-B4A5-D7A31D17AB40 --><String CONTENT="A" HEIGHT="38" WIDTH="41" VPOS="589" HPOS="1594"/>
<SP HEIGHT="38" WIDTH="37" VPOS="589" HPOS="1636"/>
<String CONTENT="57529;" HEIGHT="47" WIDTH="169" VPOS="588" HPOS="1674"/>
<SP HEIGHT="45" WIDTH="41" VPOS="590" HPOS="1844"/>
<String CONTENT="M." HEIGHT="39" WIDTH="60" VPOS="590" HPOS="1886"/>
<SP HEIGHT="41" WIDTH="39" VPOS="588" HPOS="1947"/>
<String CONTENT="K." HEIGHT="40" WIDTH="59" VPOS="588" HPOS="1987"/>
<SP HEIGHT="41" WIDTH="41" VPOS="588" HPOS="2047"/>
<String CONTENT="Stafford," HEIGHT="49" WIDTH="227" VPOS="588" HPOS="2089"/>
</TextLine>
<TextLine HEIGHT="48" WIDTH="732" VPOS="643" HPOS="393">
<String CONTENT="Duluth." HEIGHT="42" WIDTH="202" VPOS="644" HPOS="393"/>
<SP HEIGHT="41" WIDTH="29" VPOS="645" HPOS="596"/>
<String CONTENT="Minn." HEIGHT="40" WIDTH="148" VPOS="643" HPOS="626"/>
<SP HEIGHT="47" WIDTH="70" VPOS="644" HPOS="775"/>
<String CONTENT="(32-35513)" HEIGHT="47" WIDTH="279" VPOS="644" HPOS="846"/>
</TextLine>
<TextLine HEIGHT="65" WIDTH="905" VPOS="733" HPOS="322" STYLEREFS="StyleId-F8E2A19B-AAAD-496D-8EC7-20AB563716B5-">
<String CONTENT="Stahl," HEIGHT="64" WIDTH="189" VPOS="733" HPOS="322"/>
<SP HEIGHT="62" WIDTH="26" VPOS="735" HPOS="512"/>
<String CONTENT="Frank" HEIGHT="51" WIDTH="199" VPOS="735" HPOS="539"/>
<SP HEIGHT="52" WIDTH="26" VPOS="734" HPOS="739"/>
<String CONTENT="August," HEIGHT="64" WIDTH="259" VPOS="734" HPOS="766"/>
<SP HEIGHT="56" WIDTH="30" VPOS="741" HPOS="1026"/>
<String CONTENT="1862-" HEIGHT="50" WIDTH="170" VPOS="739" HPOS="1057"/>
</TextLine>
<TextLine HEIGHT="70" WIDTH="1928" VPOS="810" HPOS="392" STYLEREFS="StyleId-8056F8E8-6C08-4FFB-927A-400406133AC4-">
<String CONTENT="Cancer" HEIGHT="55" WIDTH="217" VPOS="810" HPOS="392"/>
<SP HEIGHT="35" WIDTH="41" VPOS="829" HPOS="610"/>
<String CONTENT="and" HEIGHT="53" WIDTH="112" VPOS="811" HPOS="652"/>
<SP HEIGHT="54" WIDTH="42" VPOS="811" HPOS="765"/>
<String CONTENT="sarcoma" HEIGHT="36" WIDTH="254" VPOS="829" HPOS="808"/>
<SP HEIGHT="35" WIDTH="42" VPOS="830" HPOS="1063"/>
<String CONTENT="one;" HEIGHT="50" WIDTH="131" VPOS="829" HPOS="1106"/>
<SP HEIGHT="68" WIDTH="46" VPOS="811" HPOS="1238"/>
<String CONTENT="identical" HEIGHT="54" WIDTH="269" VPOS="811" HPOS="1285"/>
<SP HEIGHT="54" WIDTH="42" VPOS="810" HPOS="1555"/>
<String CONTENT="in" HEIGHT="54" WIDTH="60" VPOS="810" HPOS="1598"/>
<SP HEIGHT="35" WIDTH="41" VPOS="829" HPOS="1659"/>
<String CONTENT="cytology." HEIGHT="69" WIDTH="281" VPOS="810" HPOS="1701"/>
<SP HEIGHT="53" WIDTH="79" VPOS="812" HPOS="1983"/>
<String CONTENT="Finding" HEIGHT="70" WIDTH="257" VPOS="810" HPOS="2063"/>
</TextLine>
<TextLine HEIGHT="133" WIDTH="1974" VPOS="887" HPOS="321" STYLEREFS="StyleId-8056F8E8-6C08-4FFB-927A-400406133AC4-" CS="1">
<String CONTENT="the" HEIGHT="53" WIDTH="93" VPOS="889" HPOS="322"/>
<SP HEIGHT="49" WIDTH="27" VPOS="907" HPOS="416"/>
<String CONTENT="pure" HEIGHT="49" WIDTH="140" VPOS="907" HPOS="444"/>
<SP HEIGHT="35" WIDTH="29" VPOS="907" HPOS="585"/>
<String CONTENT="cancer," HEIGHT="50" WIDTH="214" VPOS="906" HPOS="615"/>
<SP HEIGHT="48" WIDTH="29" VPOS="908" HPOS="830"/>
<String CONTENT="cytology," HEIGHT="68" WIDTH="285" VPOS="889" HPOS="860"/>
<SP HEIGHT="48" WIDTH="26" VPOS="909" HPOS="1146"/>
<String CONTENT="only," HEIGHT="68" WIDTH="153" VPOS="889" HPOS="1173"/>
<SP HEIGHT="70" WIDTH="27" VPOS="887" HPOS="1327"/>
<String CONTENT="in" HEIGHT="54" WIDTH="60" VPOS="887" HPOS="1355"/>
<SP HEIGHT="35" WIDTH="28" VPOS="907" HPOS="1416"/>
<String CONTENT="a" HEIGHT="35" WIDTH="30" VPOS="907" HPOS="1445"/>
<SP HEIGHT="35" WIDTH="28" VPOS="907" HPOS="1476"/>
<String CONTENT="reported" HEIGHT="66" WIDTH="266" VPOS="890" HPOS="1505"/>
<SP HEIGHT="52" WIDTH="28" VPOS="890" HPOS="1772"/>
<String CONTENT="case" HEIGHT="35" WIDTH="122" VPOS="907" HPOS="1801"/>
<SP HEIGHT="35" WIDTH="28" VPOS="907" HPOS="1924"/>
<String CONTENT="of" HEIGHT="55" WIDTH="64" VPOS="887" HPOS="1953"/>
<SP HEIGHT="54" WIDTH="25" VPOS="887" HPOS="2018"/>
<String CONTENT="undifferentiated" HEIGHT="132" WIDTH="1974" VPOS="888" HPOS="321"/>
</TextLine>
<TextLine HEIGHT="147" WIDTH="1974" VPOS="965" HPOS="321" STYLEREFS="StyleId-8056F8E8-6C08-4FFB-927A-400406133AC4-" CS="1">
<String CONTENT="round" HEIGHT="52" WIDTH="184" VPOS="967" HPOS="613"/>
<SP HEIGHT="52" WIDTH="37" VPOS="967" HPOS="798"/>
<String CONTENT="cell" HEIGHT="53" WIDTH="105" VPOS="966" HPOS="836"/>
<SP HEIGHT="52" WIDTH="37" VPOS="967" HPOS="942"/>
<String CONTENT="sarcoma;" HEIGHT="48" WIDTH="281" VPOS="984" HPOS="980"/>
<SP HEIGHT="47" WIDTH="42" VPOS="985" HPOS="1262"/>
<String CONTENT="revision" HEIGHT="55" WIDTH="245" VPOS="965" HPOS="1305"/>
<SP HEIGHT="34" WIDTH="40" VPOS="985" HPOS="1551"/>
<String CONTENT="of" HEIGHT="54" WIDTH="65" VPOS="965" HPOS="1592"/>
<SP HEIGHT="53" WIDTH="37" VPOS="965" HPOS="1658"/>
<String CONTENT="many" HEIGHT="50" WIDTH="172" VPOS="984" HPOS="1696"/>
<SP HEIGHT="50" WIDTH="39" VPOS="984" HPOS="1869"/>
<String CONTENT="cases" HEIGHT="37" WIDTH="150" VPOS="984" HPOS="1909"/>
<SP HEIGHT="37" WIDTH="38" VPOS="983" HPOS="2060"/>
<String CONTENT="of" HEIGHT="54" WIDTH="65" VPOS="965" HPOS="2099"/>
<SP HEIGHT="56" WIDTH="36" VPOS="965" HPOS="2165"/>
<String CONTENT="sarcoma" HEIGHT="112" WIDTH="1974" VPOS="985" HPOS="321"/>
<SP HEIGHT="50" WIDTH="26" VPOS="1062" HPOS="478"/>
<String CONTENT="yield" HEIGHT="68" WIDTH="154" VPOS="1044" HPOS="505"/>
</TextLine>
<TextLine HEIGHT="70" WIDTH="1631" VPOS="1042" HPOS="688" STYLEREFS="StyleId-8056F8E8-6C08-4FFB-927A-400406133AC4-">
<String CONTENT="pure" HEIGHT="49" WIDTH="140" VPOS="1063" HPOS="688"/>
<SP HEIGHT="34" WIDTH="26" VPOS="1063" HPOS="829"/>
<String CONTENT="carcinoma" HEIGHT="53" WIDTH="320" VPOS="1044" HPOS="856"/>
<SP HEIGHT="35" WIDTH="26" VPOS="1062" HPOS="1177"/>
<String CONTENT="on" HEIGHT="34" WIDTH="71" VPOS="1063" HPOS="1204"/>
<SP HEIGHT="33" WIDTH="27" VPOS="1063" HPOS="1276"/>
<String CONTENT="restudy." HEIGHT="68" WIDTH="248" VPOS="1044" HPOS="1304"/>
<SP HEIGHT="52" WIDTH="74" VPOS="1044" HPOS="1553"/>
<String CONTENT="Does" HEIGHT="54" WIDTH="148" VPOS="1044" HPOS="1628"/>
<SP HEIGHT="55" WIDTH="28" VPOS="1043" HPOS="1777"/>
<String CONTENT="&#8220;cure" HEIGHT="55" WIDTH="162" VPOS="1043" HPOS="1806"/>
<SP HEIGHT="35" WIDTH="26" VPOS="1063" HPOS="1969"/>
<String CONTENT="of" HEIGHT="54" WIDTH="65" VPOS="1044" HPOS="1996"/>
<SP HEIGHT="54" WIDTH="25" VPOS="1044" HPOS="2062"/>
<String CONTENT="cancer&#8221;" HEIGHT="56" WIDTH="231" VPOS="1042" HPOS="2088"/>
</TextLine>
<TextLine HEIGHT="147" WIDTH="1973" VPOS="1120" HPOS="322" STYLEREFS="StyleId-8056F8E8-6C08-4FFB-927A-400406133AC4-" CS="1">
<String CONTENT="10-18" HEIGHT="50" WIDTH="168" VPOS="1125" HPOS="324"/>
<SP HEIGHT="63" WIDTH="27" VPOS="1127" HPOS="493"/>
<String CONTENT="years," HEIGHT="50" WIDTH="181" VPOS="1140" HPOS="521"/>
<SP HEIGHT="50" WIDTH="28" VPOS="1140" HPOS="703"/>
<String CONTENT="post" HEIGHT="59" WIDTH="127" VPOS="1130" HPOS="732"/>
<SP HEIGHT="47" WIDTH="29" VPOS="1130" HPOS="860"/>
<String CONTENT="operation" HEIGHT="67" WIDTH="294" VPOS="1122" HPOS="890"/>
<SP HEIGHT="33" WIDTH="31" VPOS="1141" HPOS="1185"/>
<String CONTENT="with" HEIGHT="54" WIDTH="141" VPOS="1120" HPOS="1217"/>
<SP HEIGHT="52" WIDTH="27" VPOS="1122" HPOS="1359"/>
<String CONTENT="no" HEIGHT="33" WIDTH="73" VPOS="1141" HPOS="1387"/>
<SP HEIGHT="33" WIDTH="29" VPOS="1141" HPOS="1461"/>
<String CONTENT="recurrences," HEIGHT="50" WIDTH="371" VPOS="1139" HPOS="1491"/>
<SP HEIGHT="62" WIDTH="28" VPOS="1127" HPOS="1863"/>
<String CONTENT="then" HEIGHT="53" WIDTH="135" VPOS="1122" HPOS="1892"/>
<SP HEIGHT="53" WIDTH="30" VPOS="1121" HPOS="2028"/>
<String CONTENT="fatal" HEIGHT="53" WIDTH="147" VPOS="1121" HPOS="2059"/>
<SP HEIGHT="51" WIDTH="28" VPOS="1122" HPOS="2207"/>
<String CONTENT="recurrences," HEIGHT="127" WIDTH="1973" VPOS="1140" HPOS="322"/>
</TextLine>
<TextLine HEIGHT="68" WIDTH="1666" VPOS="1199" HPOS="654" STYLEREFS="StyleId-8056F8E8-6C08-4FFB-927A-400406133AC4-">
<String CONTENT="suggest" HEIGHT="63" WIDTH="232" VPOS="1204" HPOS="654"/>
<SP HEIGHT="48" WIDTH="25" VPOS="1204" HPOS="887"/>
<String CONTENT="a" HEIGHT="34" WIDTH="31" VPOS="1218" HPOS="913"/>
<SP HEIGHT="52" WIDTH="25" VPOS="1200" HPOS="945"/>
<String CONTENT="dormant" HEIGHT="54" WIDTH="266" VPOS="1200" HPOS="971"/>
<SP HEIGHT="47" WIDTH="24" VPOS="1207" HPOS="1238"/>
<String CONTENT="abeyant" HEIGHT="68" WIDTH="243" VPOS="1199" HPOS="1263"/>
<SP HEIGHT="49" WIDTH="23" VPOS="1204" HPOS="1507"/>
<String CONTENT="chronic" HEIGHT="54" WIDTH="229" VPOS="1199" HPOS="1531"/>
<SP HEIGHT="54" WIDTH="25" VPOS="1199" HPOS="1761"/>
<String CONTENT="form" HEIGHT="54" WIDTH="151" VPOS="1199" HPOS="1787"/>
<SP HEIGHT="36" WIDTH="23" VPOS="1218" HPOS="1939"/>
<String CONTENT="of" HEIGHT="55" WIDTH="66" VPOS="1199" HPOS="1963"/>
<SP HEIGHT="55" WIDTH="21" VPOS="1199" HPOS="2030"/>
<String CONTENT="cancer&#8212;" HEIGHT="38" WIDTH="268" VPOS="1216" HPOS="2052"/>
</TextLine>
<TextLine HEIGHT="145" WIDTH="1999" VPOS="1275" HPOS="321" STYLEREFS="StyleId-8056F8E8-6C08-4FFB-927A-400406133AC4-" CS="1">
<String CONTENT="a" HEIGHT="35" WIDTH="31" VPOS="1297" HPOS="322"/>
<SP HEIGHT="54" WIDTH="27" VPOS="1278" HPOS="354"/>
<String CONTENT="benign" HEIGHT="67" WIDTH="209" VPOS="1278" HPOS="382"/>
<SP HEIGHT="54" WIDTH="31" VPOS="1276" HPOS="592"/>
<String CONTENT="form" HEIGHT="54" WIDTH="151" VPOS="1276" HPOS="624"/>
<SP HEIGHT="34" WIDTH="28" VPOS="1296" HPOS="776"/>
<String CONTENT="of" HEIGHT="53" WIDTH="65" VPOS="1277" HPOS="805"/>
<SP HEIGHT="52" WIDTH="27" VPOS="1277" HPOS="871"/>
<String CONTENT="cancer?" HEIGHT="53" WIDTH="231" VPOS="1277" HPOS="899"/>
<SP HEIGHT="54" WIDTH="67" VPOS="1277" HPOS="1131"/>
<String CONTENT="Various" HEIGHT="55" WIDTH="248" VPOS="1276" HPOS="1199"/>
<SP HEIGHT="67" WIDTH="38" VPOS="1277" HPOS="1448"/>
<String CONTENT="(80)" HEIGHT="69" WIDTH="122" VPOS="1276" HPOS="1487"/>
<SP HEIGHT="69" WIDTH="38" VPOS="1276" HPOS="1610"/>
<String CONTENT="cases" HEIGHT="36" WIDTH="151" VPOS="1295" HPOS="1649"/>
<SP HEIGHT="54" WIDTH="29" VPOS="1277" HPOS="1801"/>
<String CONTENT="in" HEIGHT="53" WIDTH="58" VPOS="1277" HPOS="1831"/>
<SP HEIGHT="50" WIDTH="29" VPOS="1294" HPOS="1890"/>
<String CONTENT="point" HEIGHT="69" WIDTH="164" VPOS="1275" HPOS="1920"/>
<SP HEIGHT="49" WIDTH="27" VPOS="1282" HPOS="2085"/>
<String CONTENT="of" HEIGHT="55" WIDTH="65" VPOS="1275" HPOS="2113"/>
<SP HEIGHT="56" WIDTH="27" VPOS="1275" HPOS="2179"/>
<String CONTENT="discussion." HEIGHT="133" WIDTH="1974" VPOS="1277" HPOS="321"/>
<SP HEIGHT="53" WIDTH="72" VPOS="1356" HPOS="560"/>
<String CONTENT="The" HEIGHT="55" WIDTH="121" VPOS="1355" HPOS="633"/>
<SP HEIGHT="36" WIDTH="48" VPOS="1374" HPOS="755"/>
<String CONTENT="causal" HEIGHT="52" WIDTH="189" VPOS="1356" HPOS="804"/>
<SP HEIGHT="52" WIDTH="49" VPOS="1355" HPOS="994"/>
<String CONTENT="diminutive" HEIGHT="54" WIDTH="340" VPOS="1353" HPOS="1044"/>
<SP HEIGHT="34" WIDTH="47" VPOS="1373" HPOS="1385"/>
<String CONTENT="cancer" HEIGHT="35" WIDTH="198" VPOS="1373" HPOS="1433"/>
<SP HEIGHT="35" WIDTH="46" VPOS="1373" HPOS="1632"/>
<String CONTENT="cellulettes," HEIGHT="67" WIDTH="326" VPOS="1353" HPOS="1679"/>
<SP HEIGHT="64" WIDTH="48" VPOS="1356" HPOS="2006"/>
<String CONTENT="dormant" HEIGHT="59" WIDTH="265" VPOS="1356" HPOS="2055"/>
</TextLine>
<TextLine HEIGHT="70" WIDTH="1996" VPOS="1431" HPOS="321" STYLEREFS="StyleId-8056F8E8-6C08-4FFB-927A-400406133AC4-">
<String CONTENT="or" HEIGHT="34" WIDTH="64" VPOS="1454" HPOS="321"/>
<SP HEIGHT="35" WIDTH="30" VPOS="1453" HPOS="386"/>
<String CONTENT="active," HEIGHT="67" WIDTH="199" VPOS="1434" HPOS="417"/>
<SP HEIGHT="49" WIDTH="31" VPOS="1452" HPOS="617"/>
<String CONTENT="must" HEIGHT="49" WIDTH="151" VPOS="1438" HPOS="649"/>
<SP HEIGHT="54" WIDTH="29" VPOS="1433" HPOS="801"/>
<String CONTENT="be" HEIGHT="53" WIDTH="67" VPOS="1433" HPOS="831"/>
<SP HEIGHT="35" WIDTH="32" VPOS="1451" HPOS="899"/>
<String CONTENT="neutralized" HEIGHT="55" WIDTH="352" VPOS="1431" HPOS="932"/>
<SP HEIGHT="52" WIDTH="32" VPOS="1433" HPOS="1285"/>
<String CONTENT="or" HEIGHT="34" WIDTH="63" VPOS="1451" HPOS="1318"/>
<SP HEIGHT="53" WIDTH="32" VPOS="1432" HPOS="1382"/>
<String CONTENT="destroyed" HEIGHT="69" WIDTH="300" VPOS="1432" HPOS="1415"/>
<SP HEIGHT="53" WIDTH="34" VPOS="1432" HPOS="1716"/>
<String CONTENT="for" HEIGHT="54" WIDTH="94" VPOS="1432" HPOS="1751"/>
<SP HEIGHT="35" WIDTH="31" VPOS="1451" HPOS="1846"/>
<String CONTENT="ultimate" HEIGHT="55" WIDTH="260" VPOS="1431" HPOS="1878"/>
<SP HEIGHT="38" WIDTH="32" VPOS="1449" HPOS="2139"/>
<String CONTENT="cure." HEIGHT="36" WIDTH="145" VPOS="1451" HPOS="2172"/>
</TextLine>
<TextLine HEIGHT="70" WIDTH="1998" VPOS="1509" HPOS="322" STYLEREFS="StyleId-8056F8E8-6C08-4FFB-927A-400406133AC4-">
<String CONTENT="A" HEIGHT="54" WIDTH="55" VPOS="1514" HPOS="322"/>
<SP HEIGHT="56" WIDTH="36" VPOS="1512" HPOS="378"/>
<String CONTENT="further" HEIGHT="54" WIDTH="228" VPOS="1512" HPOS="415"/>
<SP HEIGHT="35" WIDTH="36" VPOS="1530" HPOS="644"/>
<String CONTENT="amplification" HEIGHT="70" WIDTH="413" VPOS="1509" HPOS="681"/>
<SP HEIGHT="35" WIDTH="35" VPOS="1529" HPOS="1095"/>
<String CONTENT="of" HEIGHT="53" WIDTH="65" VPOS="1510" HPOS="1131"/>
<SP HEIGHT="53" WIDTH="33" VPOS="1510" HPOS="1197"/>
<String CONTENT="the" HEIGHT="52" WIDTH="96" VPOS="1511" HPOS="1231"/>
<SP HEIGHT="36" WIDTH="35" VPOS="1527" HPOS="1328"/>
<String CONTENT="specific" HEIGHT="68" WIDTH="224" VPOS="1509" HPOS="1364"/>
<SP HEIGHT="36" WIDTH="36" VPOS="1528" HPOS="1589"/>
<String CONTENT="cancer" HEIGHT="36" WIDTH="197" VPOS="1528" HPOS="1626"/>
<SP HEIGHT="35" WIDTH="34" VPOS="1529" HPOS="1824"/>
<String CONTENT="cellule" HEIGHT="55" WIDTH="198" VPOS="1510" HPOS="1859"/>
<SP HEIGHT="37" WIDTH="35" VPOS="1528" HPOS="2058"/>
<String CONTENT="and" HEIGHT="52" WIDTH="114" VPOS="1513" HPOS="2094"/>
<SP HEIGHT="55" WIDTH="35" VPOS="1510" HPOS="2209"/>
<String CONTENT="its" HEIGHT="55" WIDTH="75" VPOS="1510" HPOS="2245"/>
</TextLine>
<TextLine HEIGHT="70" WIDTH="1997" VPOS="1586" HPOS="322" STYLEREFS="StyleId-8056F8E8-6C08-4FFB-927A-400406133AC4-">
<String CONTENT="conduct." HEIGHT="53" WIDTH="255" VPOS="1592" HPOS="322"/>
<SP HEIGHT="53" WIDTH="69" VPOS="1590" HPOS="578"/>
<String CONTENT="Transmutation." HEIGHT="54" WIDTH="486" VPOS="1588" HPOS="648"/>
<SP HEIGHT="55" WIDTH="69" VPOS="1587" HPOS="1135"/>
<String CONTENT="Cell" HEIGHT="55" WIDTH="124" VPOS="1587" HPOS="1205"/>
<SP HEIGHT="52" WIDTH="30" VPOS="1589" HPOS="1330"/>
<String CONTENT="division." HEIGHT="54" WIDTH="263" VPOS="1587" HPOS="1361"/>
<SP HEIGHT="52" WIDTH="67" VPOS="1589" HPOS="1625"/>
<String CONTENT="By" HEIGHT="67" WIDTH="91" VPOS="1589" HPOS="1693"/>
<SP HEIGHT="68" WIDTH="30" VPOS="1588" HPOS="1785"/>
<String CONTENT="Frank" HEIGHT="53" WIDTH="198" VPOS="1588" HPOS="1816"/>
<SP HEIGHT="55" WIDTH="29" VPOS="1586" HPOS="2015"/>
<String CONTENT="A." HEIGHT="54" WIDTH="70" VPOS="1586" HPOS="2045"/>
<SP HEIGHT="56" WIDTH="36" VPOS="1586" HPOS="2116"/>
<String CONTENT="Stahl" HEIGHT="56" WIDTH="166" VPOS="1586" HPOS="2153"/>
</TextLine>
<TextLine HEIGHT="69" WIDTH="680" VPOS="1666" HPOS="383" STYLEREFS="StyleId-8056F8E8-6C08-4FFB-927A-400406133AC4-" CS="1">
<String CS="1" CONTENT="&#8230;"/>
<SP HEIGHT="56" WIDTH="79" VPOS="1667" HPOS="383"/>
<String CONTENT="Chicago," HEIGHT="68" WIDTH="271" VPOS="1667" HPOS="463"/>
<SP HEIGHT="69" WIDTH="25" VPOS="1666" HPOS="735"/>
<String CONTENT="Ill." HEIGHT="54" WIDTH="93" VPOS="1666" HPOS="761"/>
<SP HEIGHT="34" WIDTH="35" VPOS="1699" HPOS="855"/>
<String CONTENT="[1932]" HEIGHT="65" WIDTH="172" VPOS="1668" HPOS="891"/>
</TextLine>
<TextLine HEIGHT="52" WIDTH="432" VPOS="1739" HPOS="393" CS="1">
<String CONTENT="60" HEIGHT="41" WIDTH="56" VPOS="1742" HPOS="393"/>
<SP HEIGHT="49" WIDTH="26" VPOS="1742" HPOS="450"/>
<String CONTENT="p." HEIGHT="38" WIDTH="44" VPOS="1753" HPOS="477"/>
<SP HEIGHT="42" WIDTH="58" VPOS="1741" HPOS="522"/>
<String CONTENT="illus." HEIGHT="40" WIDTH="128" VPOS="1741" HPOS="581"/>
<SP HEIGHT="42" WIDTH="58" VPOS="1739" HPOS="710"/>
<String CONTENT="23" HEIGHT="42" WIDTH="56" VPOS="1739" HPOS="769"/>
<String STYLE="superscript" CS="1" CONTENT="&#7580;&#7504;."/>
</TextLine>
<TextLine HEIGHT="53" WIDTH="1925" VPOS="1793" HPOS="393">
<String CONTENT="&#8220;The" HEIGHT="39" WIDTH="132" VPOS="1800" HPOS="393"/>
<SP HEIGHT="38" WIDTH="21" VPOS="1808" HPOS="526"/>
<String CONTENT="present" HEIGHT="48" WIDTH="197" VPOS="1798" HPOS="548"/>
<SP HEIGHT="47" WIDTH="21" VPOS="1798" HPOS="746"/>
<String CONTENT="publication" HEIGHT="52" WIDTH="298" VPOS="1793" HPOS="768"/>
<SP HEIGHT="40" WIDTH="23" VPOS="1795" HPOS="1067"/>
<String CONTENT="is" HEIGHT="40" WIDTH="42" VPOS="1795" HPOS="1091"/>
<SP HEIGHT="38" WIDTH="23" VPOS="1798" HPOS="1134"/>
<String CONTENT="the" HEIGHT="41" WIDTH="81" VPOS="1795" HPOS="1158"/>
<SP HEIGHT="30" WIDTH="24" VPOS="1806" HPOS="1240"/>
<String CONTENT="seventh" HEIGHT="40" WIDTH="201" VPOS="1795" HPOS="1265"/>
<SP HEIGHT="40" WIDTH="25" VPOS="1795" HPOS="1467"/>
<String CONTENT="of" HEIGHT="41" WIDTH="50" VPOS="1795" HPOS="1493"/>
<SP HEIGHT="41" WIDTH="23" VPOS="1795" HPOS="1544"/>
<String CONTENT="a" HEIGHT="30" WIDTH="27" VPOS="1806" HPOS="1568"/>
<SP HEIGHT="30" WIDTH="24" VPOS="1806" HPOS="1596"/>
<String CONTENT="series" HEIGHT="43" WIDTH="150" VPOS="1793" HPOS="1621"/>
<SP HEIGHT="30" WIDTH="23" VPOS="1806" HPOS="1772"/>
<String CONTENT="of" HEIGHT="40" WIDTH="51" VPOS="1796" HPOS="1796"/>
<SP HEIGHT="40" WIDTH="22" VPOS="1796" HPOS="1848"/>
<String CONTENT="seven" HEIGHT="32" WIDTH="145" VPOS="1804" HPOS="1871"/>
<SP HEIGHT="31" WIDTH="22" VPOS="1804" HPOS="2017"/>
<String CONTENT="researches" HEIGHT="41" WIDTH="278" VPOS="1796" HPOS="2040"/>
</TextLine>
<TextLine HEIGHT="52" WIDTH="1994" VPOS="1851" HPOS="323" CS="1">
<String CONTENT="concerning" HEIGHT="49" WIDTH="288" VPOS="1854" HPOS="323"/>
<SP HEIGHT="47" WIDTH="45" VPOS="1856" HPOS="612"/>
<String CONTENT="the" HEIGHT="39" WIDTH="81" VPOS="1855" HPOS="658"/>
<SP HEIGHT="40" WIDTH="46" VPOS="1854" HPOS="740"/>
<String CONTENT="histology" HEIGHT="46" WIDTH="241" VPOS="1853" HPOS="787"/>
<SP HEIGHT="37" WIDTH="45" VPOS="1862" HPOS="1029"/>
<String CONTENT="and" HEIGHT="38" WIDTH="93" VPOS="1853" HPOS="1075"/>
<SP HEIGHT="45" WIDTH="48" VPOS="1853" HPOS="1169"/>
<String CONTENT="physiology" HEIGHT="49" WIDTH="283" VPOS="1851" HPOS="1218"/>
<SP HEIGHT="36" WIDTH="46" VPOS="1863" HPOS="1502"/>
<String CONTENT="of" HEIGHT="40" WIDTH="52" VPOS="1852" HPOS="1549"/>
<SP HEIGHT="40" WIDTH="45" VPOS="1852" HPOS="1602"/>
<String CONTENT="the" HEIGHT="39" WIDTH="79" VPOS="1853" HPOS="1648"/>
<SP HEIGHT="30" WIDTH="46" VPOS="1862" HPOS="1728"/>
<String CONTENT="early" HEIGHT="48" WIDTH="136" VPOS="1852" HPOS="1775"/>
<SP HEIGHT="38" WIDTH="46" VPOS="1862" HPOS="1912"/>
<String CS="1" CONTENT="ovum;" HEIGHT="30" WIDTH="141" VPOS="1862" HPOS="1959"/>
<SP HEIGHT="46" WIDTH="46" VPOS="1852" HPOS="2128"/>
<String CONTENT="2-8th" HEIGHT="41" WIDTH="142" VPOS="1852" HPOS="2175"/>
</TextLine>
<TextLine HEIGHT="50" WIDTH="370" VPOS="1910" HPOS="325">
<String CONTENT="week.&#8221;&#8212;p." HEIGHT="49" WIDTH="281" VPOS="1910" HPOS="325"/>
<SP HEIGHT="32" WIDTH="32" VPOS="1928" HPOS="607"/>
<String CONTENT="[2]" HEIGHT="50" WIDTH="55" VPOS="1910" HPOS="640"/>
</TextLine>
<TextLine HEIGHT="54" WIDTH="1910" VPOS="1964" HPOS="329" CS="1">
<String CONTENT="&#169;" HEIGHT="53" WIDTH="52" VPOS="1965" HPOS="329"/>
<SP HEIGHT="53" WIDTH="26" VPOS="1965" HPOS="382"/>
<String CONTENT="Dec." HEIGHT="40" WIDTH="111" VPOS="1969" HPOS="409"/>
<SP HEIGHT="38" WIDTH="26" VPOS="1969" HPOS="521"/>
<String CONTENT="10," HEIGHT="47" WIDTH="69" VPOS="1968" HPOS="548"/>
<SP HEIGHT="47" WIDTH="26" VPOS="1968" HPOS="618"/>
<String CS="1" CONTENT="1932;" HEIGHT="40" WIDTH="114" VPOS="1967" HPOS="645"/>
<SP HEIGHT="46" WIDTH="28" VPOS="1966" HPOS="786"/>
<String CONTENT="2c." HEIGHT="39" WIDTH="65" VPOS="1966" HPOS="815"/>
<SP HEIGHT="29" WIDTH="30" VPOS="1976" HPOS="881"/>
<String CONTENT="and" HEIGHT="39" WIDTH="94" VPOS="1966" HPOS="912"/>
<SP HEIGHT="39" WIDTH="27" VPOS="1966" HPOS="1007"/>
<String CONTENT="aff." HEIGHT="41" WIDTH="82" VPOS="1964" HPOS="1035"/>
<SP HEIGHT="40" WIDTH="27" VPOS="1965" HPOS="1118"/>
<String CONTENT="Dec." HEIGHT="39" WIDTH="111" VPOS="1965" HPOS="1146"/>
<SP HEIGHT="39" WIDTH="26" VPOS="1965" HPOS="1258"/>
<String CS="1" CONTENT="13;" HEIGHT="39" WIDTH="53" VPOS="1965" HPOS="1285"/>
<SP HEIGHT="46" WIDTH="29" VPOS="1965" HPOS="1367"/>
<!-- cceid 11170096-6D7D-1014-B4A5-D7A31D17AB40 --><String CONTENT="A" HEIGHT="38" WIDTH="41" VPOS="1965" HPOS="1397"/>
<SP HEIGHT="39" WIDTH="25" VPOS="1965" HPOS="1439"/>
<String CS="1" CONTENT="58334;" HEIGHT="40" WIDTH="143" VPOS="1965" HPOS="1465"/>
<SP HEIGHT="47" WIDTH="30" VPOS="1965" HPOS="1637"/>
<String CONTENT="F." HEIGHT="41" WIDTH="50" VPOS="1965" HPOS="1668"/>
<SP HEIGHT="40" WIDTH="28" VPOS="1966" HPOS="1719"/>
<String CONTENT="A." HEIGHT="40" WIDTH="53" VPOS="1966" HPOS="1748"/>
<SP HEIGHT="40" WIDTH="30" VPOS="1966" HPOS="1802"/>
<String CONTENT="Stahl," HEIGHT="48" WIDTH="153" VPOS="1966" HPOS="1833"/>
<SP HEIGHT="48" WIDTH="29" VPOS="1966" HPOS="1987"/>
<String CONTENT="Chicago." HEIGHT="48" WIDTH="222" VPOS="1966" HPOS="2017"/>
</TextLine>
<TextLine HEIGHT="51" WIDTH="278" VPOS="2023" HPOS="406">
<String CONTENT="(32-35041)" HEIGHT="51" WIDTH="278" VPOS="2023" HPOS="406"/>
</TextLine>
<TextLine HEIGHT="65" WIDTH="413" VPOS="2114" HPOS="326" STYLEREFS="StyleId-F8E2A19B-AAAD-496D-8EC7-20AB563716B5-">
<String CONTENT="Street," HEIGHT="62" WIDTH="218" VPOS="2117" HPOS="326"/>
<SP HEIGHT="65" WIDTH="25" VPOS="2114" HPOS="545"/>
<String CONTENT="A." HEIGHT="56" WIDTH="72" VPOS="2114" HPOS="571"/>
<SP HEIGHT="56" WIDTH="27" VPOS="2114" HPOS="644"/>
<String CONTENT="G." HEIGHT="54" WIDTH="67" VPOS="2114" HPOS="672"/>
</TextLine>
<TextLine HEIGHT="68" WIDTH="1919" VPOS="2190" HPOS="397" STYLEREFS="StyleId-8056F8E8-6C08-4FFB-927A-400406133AC4-">
<String CONTENT="Strawberry" HEIGHT="68" WIDTH="359" VPOS="2190" HPOS="397"/>
<SP HEIGHT="49" WIDTH="25" VPOS="2209" HPOS="757"/>
<String CONTENT="roan," HEIGHT="49" WIDTH="156" VPOS="2207" HPOS="783"/>
<SP HEIGHT="66" WIDTH="24" VPOS="2190" HPOS="940"/>
<String CONTENT="by" HEIGHT="66" WIDTH="74" VPOS="2190" HPOS="965"/>
<SP HEIGHT="65" WIDTH="26" VPOS="2191" HPOS="1040"/>
<String CONTENT="A." HEIGHT="52" WIDTH="70" VPOS="2191" HPOS="1067"/>
<SP HEIGHT="53" WIDTH="28" VPOS="2190" HPOS="1138"/>
<String CONTENT="G." HEIGHT="53" WIDTH="67" VPOS="2190" HPOS="1167"/>
<SP HEIGHT="54" WIDTH="30" VPOS="2190" HPOS="1235"/>
<String CONTENT="Street." HEIGHT="54" WIDTH="201" VPOS="2190" HPOS="1266"/>
<SP HEIGHT="49" WIDTH="74" VPOS="2191" HPOS="1468"/>
<String CONTENT="London," HEIGHT="65" WIDTH="257" VPOS="2191" HPOS="1543"/>
<SP HEIGHT="64" WIDTH="28" VPOS="2192" HPOS="1801"/>
<String CONTENT="Faber" HEIGHT="52" WIDTH="185" VPOS="2190" HPOS="1830"/>
<SP HEIGHT="50" WIDTH="25" VPOS="2194" HPOS="2016"/>
<String CONTENT="&amp;" HEIGHT="50" WIDTH="46" VPOS="2194" HPOS="2042"/>
<SP HEIGHT="51" WIDTH="26" VPOS="2193" HPOS="2089"/>
<String CONTENT="Faber," HEIGHT="64" WIDTH="200" VPOS="2192" HPOS="2116"/>
</TextLine>
<TextLine HEIGHT="68" WIDTH="436" VPOS="2269" HPOS="323" STYLEREFS="StyleId-8056F8E8-6C08-4FFB-927A-400406133AC4-">
<String CONTENT="limited" HEIGHT="54" WIDTH="222" VPOS="2269" HPOS="323"/>
<SP HEIGHT="67" WIDTH="41" VPOS="2270" HPOS="546"/>
<String CONTENT="[1932]" HEIGHT="65" WIDTH="171" VPOS="2272" HPOS="588"/>
</TextLine>
<TextLine HEIGHT="51" WIDTH="279" VPOS="2339" HPOS="393" CS="1">
<String CONTENT="328" HEIGHT="41" WIDTH="88" VPOS="2342" HPOS="393"/>
<SP HEIGHT="48" WIDTH="28" VPOS="2342" HPOS="482"/>
<String CONTENT="p." HEIGHT="39" WIDTH="44" VPOS="2351" HPOS="511"/>
<SP HEIGHT="42" WIDTH="58" VPOS="2341" HPOS="556"/>
<String CS="1" CONTENT="19&#189;" HEIGHT="42" WIDTH="57" VPOS="2339" HPOS="615"/>
<String STYLE="superscript" CS="1" CONTENT="&#7580;&#7504;."/>
</TextLine>
<TextLine HEIGHT="54" WIDTH="1987" VPOS="2395" HPOS="331" CS="1">
<String CONTENT="&#169;" HEIGHT="53" WIDTH="52" VPOS="2396" HPOS="331"/>
<SP/>
<String CS="1" CONTENT="1c."/>
<SP/>
<String CONTENT="Dec." HEIGHT="39" WIDTH="111" VPOS="2400" HPOS="499"/>
<SP HEIGHT="40" WIDTH="21" VPOS="2399" HPOS="611"/>
<String CONTENT="2." HEIGHT="43" WIDTH="41" VPOS="2399" HPOS="633"/>
<SP HEIGHT="43" WIDTH="23" VPOS="2399" HPOS="675"/>
<String CS="1" CONTENT="1932;" HEIGHT="41" WIDTH="115" VPOS="2397" HPOS="699"/>
<SP HEIGHT="42" WIDTH="25" VPOS="2397" HPOS="840"/>
<!-- cceid 11170791-6D7D-1014-B4A5-D7A31D17AB40 --><String CS="1" CONTENT="A"/>
<SP HEIGHT="39" WIDTH="30" VPOS="2397" HPOS="901"/>
<String CONTENT="ad" HEIGHT="38" WIDTH="60" VPOS="2399" HPOS="932"/>
<SP HEIGHT="40" WIDTH="24" VPOS="2397" HPOS="993"/>
<String CONTENT="int." HEIGHT="40" WIDTH="86" VPOS="2397" HPOS="1018"/>
<SP HEIGHT="39" WIDTH="24" VPOS="2398" HPOS="1105"/>
<String CONTENT="17156;" HEIGHT="49" WIDTH="170" VPOS="2395" HPOS="1130"/>
<SP HEIGHT="38" WIDTH="27" VPOS="2406" HPOS="1301"/>
<String CONTENT="pubd." HEIGHT="49" WIDTH="142" VPOS="2395" HPOS="1329"/>
<SP HEIGHT="40" WIDTH="25" VPOS="2396" HPOS="1472"/>
<String CONTENT="Oct." HEIGHT="41" WIDTH="102" VPOS="2396" HPOS="1498"/>
<SP HEIGHT="40" WIDTH="25" VPOS="2397" HPOS="1601"/>
<String CONTENT="6;" HEIGHT="47" WIDTH="52" VPOS="2397" HPOS="1627"/>
<SP HEIGHT="46" WIDTH="27" VPOS="2398" HPOS="1680"/>
<String LANG="fr" CONTENT="Harcourt." HEIGHT="39" WIDTH="259" VPOS="2398" HPOS="1708"/>
<SP HEIGHT="39" WIDTH="27" VPOS="2398" HPOS="1968"/>
<String CONTENT="Brace" HEIGHT="40" WIDTH="153" VPOS="2398" HPOS="1996"/>
<SP HEIGHT="41" WIDTH="25" VPOS="2402" HPOS="2150"/>
<String CONTENT="&amp;" HEIGHT="41" WIDTH="36" VPOS="2402" HPOS="2176"/>
<SP HEIGHT="41" WIDTH="22" VPOS="2402" HPOS="2213"/>
<String CONTENT="co.," HEIGHT="39" WIDTH="82" VPOS="2409" HPOS="2236"/>
</TextLine>
<TextLine HEIGHT="52" WIDTH="770" VPOS="2452" HPOS="397" CS="1">
<String CS="1" CONTENT="inc.," HEIGHT="48" WIDTH="105" VPOS="2456" HPOS="397"/>
<SP HEIGHT="48" WIDTH="26" VPOS="2456" HPOS="503"/>
<String CONTENT="New" HEIGHT="39" WIDTH="117" VPOS="2456" HPOS="530"/>
<SP HEIGHT="39" WIDTH="24" VPOS="2456" HPOS="648"/>
<String CONTENT="York." HEIGHT="39" WIDTH="144" VPOS="2455" HPOS="673"/>
<SP HEIGHT="47" WIDTH="69" VPOS="2454" HPOS="818"/>
<String CONTENT="(32-35929)" HEIGHT="49" WIDTH="279" VPOS="2452" HPOS="888"/>
</TextLine>
<TextLine HEIGHT="66" WIDTH="1206" VPOS="2544" HPOS="324" STYLEREFS="StyleId-4FA56AB3-E617-477B-8F54-4C10DA30DB75-" CS="1">
<String CONTENT="Tennessee." HEIGHT="54" WIDTH="349" VPOS="2544" HPOS="324"/>
<SP HEIGHT="53" WIDTH="72" VPOS="2545" HPOS="674"/>
<String CONTENT="Attorney-" HEIGHT="65" WIDTH="308" VPOS="2545" HPOS="747"/>
<String LANG="fr" CONTENT="g" HEIGHT="48" WIDTH="39" VPOS="2562" HPOS="1059"/>
<String CS="1" CONTENT="eneral's" HEIGHT="35" WIDTH="234" VPOS="2561" HPOS="1101"/>
<SP HEIGHT="35" WIDTH="28" VPOS="2562" HPOS="1336"/>
<String CONTENT="office." HEIGHT="66" WIDTH="165" VPOS="2544" HPOS="1365"/>
</TextLine>
<TextLine HEIGHT="69" WIDTH="1920" VPOS="2620" HPOS="397" STYLEREFS="StyleId-8056F8E8-6C08-4FFB-927A-400406133AC4-">
<String CONTENT="Opinions" HEIGHT="69" WIDTH="281" VPOS="2620" HPOS="397"/>
<SP HEIGHT="35" WIDTH="30" VPOS="2639" HPOS="679"/>
<String CONTENT="of" HEIGHT="52" WIDTH="63" VPOS="2621" HPOS="710"/>
<SP HEIGHT="53" WIDTH="26" VPOS="2621" HPOS="774"/>
<String CONTENT="the" HEIGHT="52" WIDTH="95" VPOS="2622" HPOS="801"/>
<SP HEIGHT="33" WIDTH="29" VPOS="2641" HPOS="897"/>
<String CONTENT="attorney-general" HEIGHT="67" WIDTH="518" VPOS="2622" HPOS="927"/>
<SP HEIGHT="52" WIDTH="30" VPOS="2622" HPOS="1446"/>
<String CONTENT="of" HEIGHT="53" WIDTH="63" VPOS="2621" HPOS="1477"/>
<SP HEIGHT="53" WIDTH="28" VPOS="2621" HPOS="1541"/>
<String CONTENT="Tennessee," HEIGHT="62" WIDTH="326" VPOS="2623" HPOS="1570"/>
<SP HEIGHT="64" WIDTH="29" VPOS="2621" HPOS="1897"/>
<String CONTENT="from" HEIGHT="53" WIDTH="153" VPOS="2621" HPOS="1927"/>
<SP HEIGHT="55" WIDTH="28" VPOS="2621" HPOS="2081"/>
<String CONTENT="Oct." HEIGHT="55" WIDTH="124" VPOS="2621" HPOS="2110"/>
<SP HEIGHT="48" WIDTH="34" VPOS="2625" HPOS="2235"/>
<String CONTENT="1," HEIGHT="62" WIDTH="47" VPOS="2625" HPOS="2270"/>
</TextLine>
<TextLine HEIGHT="70" WIDTH="1986" VPOS="2698" HPOS="330" STYLEREFS="StyleId-8056F8E8-6C08-4FFB-927A-400406133AC4-">
<String CONTENT="1930," HEIGHT="65" WIDTH="152" VPOS="2703" HPOS="330"/>
<SP HEIGHT="63" WIDTH="36" VPOS="2705" HPOS="483"/>
<String CONTENT="to" HEIGHT="47" WIDTH="59" VPOS="2705" HPOS="520"/>
<SP HEIGHT="55" WIDTH="42" VPOS="2700" HPOS="580"/>
<String CONTENT="Sept." HEIGHT="67" WIDTH="156" VPOS="2700" HPOS="623"/>
<SP HEIGHT="49" WIDTH="40" VPOS="2703" HPOS="780"/>
<String CONTENT="30," HEIGHT="63" WIDTH="83" VPOS="2703" HPOS="821"/>
<SP HEIGHT="62" WIDTH="43" VPOS="2704" HPOS="905"/>
<String CONTENT="1931." HEIGHT="48" WIDTH="148" VPOS="2703" HPOS="949"/>
<SP HEIGHT="50" WIDTH="73" VPOS="2701" HPOS="1098"/>
<String CONTENT="L." HEIGHT="51" WIDTH="63" VPOS="2701" HPOS="1172"/>
<SP HEIGHT="51" WIDTH="41" VPOS="2702" HPOS="1236"/>
<String CONTENT="D." HEIGHT="51" WIDTH="70" VPOS="2702" HPOS="1278"/>
<SP HEIGHT="56" WIDTH="44" VPOS="2698" HPOS="1349"/>
<String CONTENT="Smith," HEIGHT="69" WIDTH="208" VPOS="2698" HPOS="1394"/>
<SP HEIGHT="49" WIDTH="40" VPOS="2718" HPOS="1603"/>
<String CONTENT="attorney-general" HEIGHT="64" WIDTH="518" VPOS="2701" HPOS="1644"/>
<SP HEIGHT="51" WIDTH="40" VPOS="2701" HPOS="2163"/>
<String CONTENT="and" HEIGHT="52" WIDTH="112" VPOS="2700" HPOS="2204"/>
</TextLine>
<TextLine HEIGHT="70" WIDTH="1988" VPOS="2776" HPOS="328" STYLEREFS="StyleId-8056F8E8-6C08-4FFB-927A-400406133AC4-">
<String CONTENT="reporter." HEIGHT="60" WIDTH="272" VPOS="2784" HPOS="328"/>
<SP HEIGHT="55" WIDTH="74" VPOS="2776" HPOS="601"/>
<String CONTENT="Columbia," HEIGHT="67" WIDTH="318" VPOS="2776" HPOS="676"/>
<SP HEIGHT="64" WIDTH="21" VPOS="2779" HPOS="995"/>
<String CONTENT="Mo.," HEIGHT="67" WIDTH="135" VPOS="2779" HPOS="1017"/>
<SP HEIGHT="67" WIDTH="21" VPOS="2779" HPOS="1153"/>
<String CONTENT="E." HEIGHT="52" WIDTH="66" VPOS="2779" HPOS="1175"/>
<SP HEIGHT="53" WIDTH="23" VPOS="2780" HPOS="1242"/>
<String CONTENT="W." HEIGHT="53" WIDTH="90" VPOS="2780" HPOS="1266"/>
<SP HEIGHT="56" WIDTH="26" VPOS="2778" HPOS="1357"/>
<String CONTENT="Stephens" HEIGHT="68" WIDTH="279" VPOS="2778" HPOS="1384"/>
<SP HEIGHT="48" WIDTH="20" VPOS="2797" HPOS="1664"/>
<String CONTENT="publishing" HEIGHT="68" WIDTH="335" VPOS="2777" HPOS="1685"/>
<SP HEIGHT="50" WIDTH="19" VPOS="2795" HPOS="2021"/>
<String CONTENT="co.," HEIGHT="51" WIDTH="98" VPOS="2795" HPOS="2041"/>
<SP HEIGHT="65" WIDTH="24" VPOS="2781" HPOS="2140"/>
<String CONTENT="1932." HEIGHT="51" WIDTH="151" VPOS="2781" HPOS="2165"/>
</TextLine>
<TextLine HEIGHT="49" WIDTH="538" VPOS="2851" HPOS="396" CS="1">
<String CONTENT="2" HEIGHT="39" WIDTH="27" VPOS="2852" HPOS="396"/>
<SP HEIGHT="48" WIDTH="22" VPOS="2852" HPOS="424"/>
<String CONTENT="p." HEIGHT="37" WIDTH="42" VPOS="2863" HPOS="447"/>
<SP HEIGHT="38" WIDTH="27" VPOS="2854" HPOS="490"/>
<String CS="1" CONTENT="l.,"/>
<SP HEIGHT="48" WIDTH="28" VPOS="2852" HPOS="563"/>
<String CONTENT="805" HEIGHT="40" WIDTH="84" VPOS="2852" HPOS="592"/>
<SP HEIGHT="47" WIDTH="26" VPOS="2853" HPOS="677"/>
<String CONTENT="p." HEIGHT="37" WIDTH="43" VPOS="2863" HPOS="704"/>
<SP HEIGHT="41" WIDTH="53" VPOS="2851" HPOS="748"/>
<String CS="1" CONTENT="22&#189;" HEIGHT="41" WIDTH="55" VPOS="2851" HPOS="802"/>
<String STYLE="superscript" CS="1" CONTENT="&#7580;&#7504;." HEIGHT="19" WIDTH="43" VPOS="2855" HPOS="891"/>
</TextLine>
<TextLine HEIGHT="53" WIDTH="1987" VPOS="2904" HPOS="332" CS="1">
<String CONTENT="&#169;" HEIGHT="53" WIDTH="52" VPOS="2904" HPOS="332"/>
<SP HEIGHT="53" WIDTH="24" VPOS="2904" HPOS="385"/>
<String CONTENT="Mar." HEIGHT="39" WIDTH="121" VPOS="2910" HPOS="410"/>
<SP HEIGHT="40" WIDTH="23" VPOS="2909" HPOS="532"/>
<String CONTENT="31," HEIGHT="48" WIDTH="69" VPOS="2909" HPOS="556"/>
<SP HEIGHT="48" WIDTH="25" VPOS="2909" HPOS="626"/>
<String CS="1" CONTENT="1932;" HEIGHT="41" WIDTH="111" VPOS="2907" HPOS="652"/>
<SP HEIGHT="48" WIDTH="26" VPOS="2907" HPOS="792"/>
<String CONTENT="2c." HEIGHT="41" WIDTH="67" VPOS="2907" HPOS="819"/>
<SP HEIGHT="40" WIDTH="24" VPOS="2908" HPOS="887"/>
<String CONTENT="Apr." HEIGHT="47" WIDTH="113" VPOS="2908" HPOS="912"/>
<SP HEIGHT="40" WIDTH="24" VPOS="2908" HPOS="1026"/>
<String CONTENT="25;" HEIGHT="47" WIDTH="81" VPOS="2908" HPOS="1051"/>
<SP HEIGHT="37" WIDTH="28" VPOS="2918" HPOS="1133"/>
<String CONTENT="aff." HEIGHT="40" WIDTH="79" VPOS="2907" HPOS="1162"/>
<SP HEIGHT="39" WIDTH="27" VPOS="2908" HPOS="1242"/>
<String CONTENT="June" HEIGHT="39" WIDTH="125" VPOS="2908" HPOS="1270"/>
<SP HEIGHT="39" WIDTH="25" VPOS="2908" HPOS="1396"/>
<String CONTENT="6;" HEIGHT="47" WIDTH="52" VPOS="2908" HPOS="1422"/>
<SP HEIGHT="46" WIDTH="26" VPOS="2909" HPOS="1475"/>
<!-- cceid 11171306-6D7D-1014-B4A5-D7A31D17AB40 --><String CONTENT="A" HEIGHT="38" WIDTH="42" VPOS="2909" HPOS="1502"/>
<SP HEIGHT="39" WIDTH="23" VPOS="2909" HPOS="1545"/>
<String CS="1" CONTENT="51671;" HEIGHT="40" WIDTH="141" VPOS="2908" HPOS="1569"/>
<SP HEIGHT="46" WIDTH="28" VPOS="2909" HPOS="1739"/>
<String CONTENT="E." HEIGHT="38" WIDTH="50" VPOS="2909" HPOS="1768"/>
<SP HEIGHT="38" WIDTH="28" VPOS="2909" HPOS="1819"/>
<String CONTENT="W." HEIGHT="40" WIDTH="71" VPOS="2909" HPOS="1848"/>
<SP HEIGHT="42" WIDTH="28" VPOS="2907" HPOS="1920"/>
<String CONTENT="Stephens" HEIGHT="48" WIDTH="235" VPOS="2907" HPOS="1949"/>
<SP HEIGHT="39" WIDTH="24" VPOS="2918" HPOS="2185"/>
<String CONTENT="pub." HEIGHT="50" WIDTH="109" VPOS="2907" HPOS="2210"/>
</TextLine>
<TextLine HEIGHT="31" WIDTH="66" VPOS="2974" HPOS="397">
<String CONTENT="co." HEIGHT="31" WIDTH="66" VPOS="2974" HPOS="397"/>
</TextLine>
<TextLine HEIGHT="68" WIDTH="854" VPOS="3042" HPOS="327" STYLEREFS="StyleId-F8E2A19B-AAAD-496D-8EC7-20AB563716B5-">
<String CONTENT="Uttley," HEIGHT="68" WIDTH="226" VPOS="3042" HPOS="327"/>
<SP HEIGHT="65" WIDTH="27" VPOS="3045" HPOS="554"/>
<String CONTENT="Mrs." HEIGHT="53" WIDTH="139" VPOS="3045" HPOS="582"/>
<SP HEIGHT="53" WIDTH="28" VPOS="3045" HPOS="722"/>
<String CONTENT="Alison," HEIGHT="66" WIDTH="225" VPOS="3043" HPOS="751"/>
<SP HEIGHT="58" WIDTH="31" VPOS="3051" HPOS="977"/>
<String CONTENT="1884-" HEIGHT="51" WIDTH="172" VPOS="3049" HPOS="1009"/>
</TextLine>
<TextLine HEIGHT="71" WIDTH="1922" VPOS="3120" HPOS="395" STYLEREFS="StyleId-8056F8E8-6C08-4FFB-927A-400406133AC4-">
<String CONTENT="Moonshine" HEIGHT="54" WIDTH="339" VPOS="3120" HPOS="395"/>
<SP HEIGHT="34" WIDTH="34" VPOS="3140" HPOS="735"/>
<String CONTENT="and" HEIGHT="52" WIDTH="112" VPOS="3122" HPOS="770"/>
<SP HEIGHT="53" WIDTH="33" VPOS="3122" HPOS="883"/>
<String CONTENT="magic," HEIGHT="69" WIDTH="203" VPOS="3121" HPOS="917"/>
<SP HEIGHT="67" WIDTH="34" VPOS="3123" HPOS="1121"/>
<String CONTENT="by" HEIGHT="68" WIDTH="75" VPOS="3123" HPOS="1156"/>
<SP HEIGHT="68" WIDTH="33" VPOS="3123" HPOS="1232"/>
<String CONTENT="Alison" HEIGHT="54" WIDTH="204" VPOS="3122" HPOS="1266"/>
<SP HEIGHT="54" WIDTH="35" VPOS="3124" HPOS="1471"/>
<String CONTENT="Uttley," HEIGHT="69" WIDTH="219" VPOS="3122" HPOS="1507"/>
<SP HEIGHT="49" WIDTH="34" VPOS="3142" HPOS="1727"/>
<String CONTENT="with" HEIGHT="54" WIDTH="141" VPOS="3122" HPOS="1762"/>
<SP HEIGHT="55" WIDTH="34" VPOS="3121" HPOS="1904"/>
<String CONTENT="illustrations" HEIGHT="56" WIDTH="378" VPOS="3121" HPOS="1939"/>
</TextLine>
<TextLine HEIGHT="64" WIDTH="1988" VPOS="3198" HPOS="328" STYLEREFS="StyleId-8056F8E8-6C08-4FFB-927A-400406133AC4-">
<String CONTENT="by" HEIGHT="63" WIDTH="74" VPOS="3199" HPOS="328"/>
<SP HEIGHT="62" WIDTH="41" VPOS="3200" HPOS="403"/>
<String CONTENT="William" HEIGHT="56" WIDTH="260" VPOS="3198" HPOS="445"/>
<SP HEIGHT="51" WIDTH="44" VPOS="3202" HPOS="706"/>
<String CONTENT="Townsend." HEIGHT="53" WIDTH="333" VPOS="3200" HPOS="751"/>
<SP HEIGHT="51" WIDTH="74" VPOS="3201" HPOS="1085"/>
<String CONTENT="London," HEIGHT="62" WIDTH="256" VPOS="3200" HPOS="1160"/>
<SP HEIGHT="60" WIDTH="43" VPOS="3202" HPOS="1417"/>
<String CONTENT="Faber" HEIGHT="54" WIDTH="185" VPOS="3199" HPOS="1461"/>
<SP HEIGHT="35" WIDTH="42" VPOS="3219" HPOS="1647"/>
<String CONTENT="and" HEIGHT="53" WIDTH="114" VPOS="3201" HPOS="1690"/>
<SP HEIGHT="52" WIDTH="42" VPOS="3201" HPOS="1805"/>
<String CONTENT="Faber," HEIGHT="62" WIDTH="202" VPOS="3200" HPOS="1848"/>
<SP HEIGHT="61" WIDTH="44" VPOS="3201" HPOS="2051"/>
<String CONTENT="limited" HEIGHT="54" WIDTH="220" VPOS="3200" HPOS="2096"/>
</TextLine>
<TextLine HEIGHT="64" WIDTH="171" VPOS="3281" HPOS="333" STYLEREFS="StyleId-8056F8E8-6C08-4FFB-927A-400406133AC4-">
<String CONTENT="[1932]" HEIGHT="64" WIDTH="171" VPOS="3281" HPOS="333"/>
</TextLine>
<TextLine HEIGHT="52" WIDTH="1687" VPOS="3348" HPOS="400" CS="1">
<String CONTENT="205," HEIGHT="50" WIDTH="99" VPOS="3348" HPOS="400"/>
<SP HEIGHT="32" WIDTH="33" VPOS="3368" HPOS="500"/>
<String CONTENT="[1]" HEIGHT="51" WIDTH="55" VPOS="3349" HPOS="534"/>
<SP HEIGHT="39" WIDTH="30" VPOS="3360" HPOS="590"/>
<String LANG="fr" CS="1" CONTENT="p.,"/>
<SP/>
<String LANG="fr" CS="1" CONTENT="1"/>
<SP/>
<String LANG="fr" CS="1" CONTENT="l."/>
<SP HEIGHT="41" WIDTH="28" VPOS="3349" HPOS="798"/>
<String CONTENT="incl." HEIGHT="41" WIDTH="109" VPOS="3349" HPOS="827"/>
<SP HEIGHT="30" WIDTH="31" VPOS="3361" HPOS="937"/>
<String CONTENT="col." HEIGHT="41" WIDTH="87" VPOS="3350" HPOS="969"/>
<SP HEIGHT="41" WIDTH="28" VPOS="3350" HPOS="1057"/>
<String CONTENT="front.," HEIGHT="46" WIDTH="164" VPOS="3350" HPOS="1086"/>
<SP HEIGHT="46" WIDTH="29" VPOS="3350" HPOS="1251"/>
<String CONTENT="illus.," HEIGHT="48" WIDTH="143" VPOS="3349" HPOS="1281"/>
<SP HEIGHT="38" WIDTH="28" VPOS="3360" HPOS="1425"/>
<String CONTENT="plates," HEIGHT="48" WIDTH="170" VPOS="3350" HPOS="1454"/>
<SP HEIGHT="31" WIDTH="58" VPOS="3360" HPOS="1625"/>
<String CONTENT="col." HEIGHT="43" WIDTH="85" VPOS="3350" HPOS="1684"/>
<SP HEIGHT="38" WIDTH="31" VPOS="3360" HPOS="1770"/>
<String CONTENT="plates." HEIGHT="47" WIDTH="170" VPOS="3351" HPOS="1802"/>
<SP HEIGHT="42" WIDTH="58" VPOS="3349" HPOS="1973"/>
<String CONTENT="23" HEIGHT="40" WIDTH="55" VPOS="3349" HPOS="2032"/>
<String STYLE="superscript" CS="1" CONTENT="&#7580;&#7504;."/>
</TextLine>
<TextLine HEIGHT="53" WIDTH="1985" VPOS="3403" HPOS="334" CS="1">
<String CONTENT="&#169;" HEIGHT="52" WIDTH="51" VPOS="3403" HPOS="334"/>
<SP/>
<String CS="1" CONTENT="1c."/>
<SP/>
<String CONTENT="Nov." HEIGHT="39" WIDTH="117" VPOS="3408" HPOS="506"/>
<SP HEIGHT="39" WIDTH="25" VPOS="3408" HPOS="624"/>
<String CONTENT="11." HEIGHT="42" WIDTH="68" VPOS="3407" HPOS="650"/>
<SP HEIGHT="41" WIDTH="27" VPOS="3408" HPOS="719"/>
<String CONTENT="1932;" HEIGHT="47" WIDTH="139" VPOS="3406" HPOS="747"/>
<SP HEIGHT="45" WIDTH="29" VPOS="3408" HPOS="887"/>
<!-- cceid 11171A6D-6D7D-1014-B4A5-D7A31D17AB40 --><String CONTENT="A" HEIGHT="38" WIDTH="39" VPOS="3408" HPOS="917"/>
<SP HEIGHT="39" WIDTH="25" VPOS="3408" HPOS="957"/>
<String CONTENT="ad" HEIGHT="39" WIDTH="60" VPOS="3408" HPOS="983"/>
<SP HEIGHT="40" WIDTH="26" VPOS="3407" HPOS="1044"/>
<String CONTENT="int." HEIGHT="41" WIDTH="87" VPOS="3407" HPOS="1071"/>
<SP HEIGHT="40" WIDTH="26" VPOS="3408" HPOS="1159"/>
<String CONTENT="17061;" HEIGHT="47" WIDTH="169" VPOS="3407" HPOS="1186"/>
<SP HEIGHT="38" WIDTH="28" VPOS="3417" HPOS="1356"/>
<String CONTENT="pubd." HEIGHT="47" WIDTH="141" VPOS="3408" HPOS="1385"/>
<SP HEIGHT="40" WIDTH="30" VPOS="3408" HPOS="1527"/>
<String CONTENT="Sept." HEIGHT="47" WIDTH="125" VPOS="3408" HPOS="1558"/>
<SP HEIGHT="37" WIDTH="29" VPOS="3408" HPOS="1684"/>
<String CONTENT="15;" HEIGHT="46" WIDTH="81" VPOS="3408" HPOS="1714"/>
<SP HEIGHT="46" WIDTH="28" VPOS="3408" HPOS="1796"/>
<String CONTENT="Alice" HEIGHT="39" WIDTH="133" VPOS="3408" HPOS="1825"/>
<SP HEIGHT="39" WIDTH="28" VPOS="3409" HPOS="1959"/>
<String CONTENT="Jane" HEIGHT="39" WIDTH="121" VPOS="3409" HPOS="1988"/>
<SP HEIGHT="40" WIDTH="28" VPOS="3409" HPOS="2110"/>
<String CONTENT="Uttley," HEIGHT="50" WIDTH="180" VPOS="3406" HPOS="2139"/>
</TextLine>
<TextLine HEIGHT="49" WIDTH="1127" VPOS="3463" HPOS="401">
<String CONTENT="Bowdon," HEIGHT="46" WIDTH="226" VPOS="3465" HPOS="401"/>
<SP HEIGHT="47" WIDTH="35" VPOS="3464" HPOS="628"/>
<String CONTENT="Cheshire," HEIGHT="48" WIDTH="243" VPOS="3463" HPOS="664"/>
<SP HEIGHT="46" WIDTH="35" VPOS="3465" HPOS="908"/>
<String CONTENT="England." HEIGHT="47" WIDTH="234" VPOS="3464" HPOS="944"/>
<SP HEIGHT="46" WIDTH="69" VPOS="3464" HPOS="1179"/>
<String CONTENT="(32-35928)" HEIGHT="49" WIDTH="279" VPOS="3463" HPOS="1249"/>
</TextLine>
<TextLine HEIGHT="67" WIDTH="585" VPOS="3542" HPOS="328" STYLEREFS="StyleId-F8E2A19B-AAAD-496D-8EC7-20AB563716B5-">
<String CONTENT="Wolff," HEIGHT="64" WIDTH="194" VPOS="3542" HPOS="328"/>
<SP HEIGHT="61" WIDTH="27" VPOS="3545" HPOS="523"/>
<String CONTENT="Otto," HEIGHT="64" WIDTH="160" VPOS="3545" HPOS="551"/>
<SP HEIGHT="59" WIDTH="31" VPOS="3550" HPOS="712"/>
<String CONTENT="1881-" HEIGHT="50" WIDTH="169" VPOS="3550" HPOS="744"/>
</TextLine>
<TextLine HEIGHT="69" WIDTH="1857" VPOS="3622" HPOS="462" STYLEREFS="StyleId-8056F8E8-6C08-4FFB-927A-400406133AC4-" LANG="de" CS="1">
<String LANG="en-US" CS="1" CONTENT="&#8230;"/>
<SP HEIGHT="53" WIDTH="40" VPOS="3622" HPOS="462"/>
<String LANG="en-US" CONTENT="Die" HEIGHT="53" WIDTH="109" VPOS="3622" HPOS="503"/>
<SP HEIGHT="51" WIDTH="37" VPOS="3640" HPOS="613"/>
<String CONTENT="gesch&#228;fte" HEIGHT="69" WIDTH="292" VPOS="3622" HPOS="651"/>
<SP HEIGHT="52" WIDTH="36" VPOS="3624" HPOS="944"/>
<String CONTENT="des" HEIGHT="52" WIDTH="95" VPOS="3624" HPOS="981"/>
<SP HEIGHT="53" WIDTH="37" VPOS="3623" HPOS="1077"/>
<String CONTENT="herrn" HEIGHT="53" WIDTH="170" VPOS="3623" HPOS="1115"/>
<SP HEIGHT="55" WIDTH="40" VPOS="3622" HPOS="1286"/>
<String CONTENT="Ouvrard;" HEIGHT="69" WIDTH="296" VPOS="3622" HPOS="1327"/>
<SP HEIGHT="50" WIDTH="42" VPOS="3641" HPOS="1624"/>
<String CONTENT="aus" HEIGHT="37" WIDTH="99" VPOS="3641" HPOS="1667"/>
<SP HEIGHT="55" WIDTH="37" VPOS="3623" HPOS="1767"/>
<String CONTENT="dem" HEIGHT="55" WIDTH="128" VPOS="3623" HPOS="1805"/>
<SP HEIGHT="54" WIDTH="37" VPOS="3623" HPOS="1934"/>
<String CONTENT="leben" HEIGHT="54" WIDTH="159" VPOS="3623" HPOS="1972"/>
<SP HEIGHT="35" WIDTH="36" VPOS="3642" HPOS="2132"/>
<String CONTENT="eines" HEIGHT="53" WIDTH="150" VPOS="3624" HPOS="2169"/>
</TextLine>
<TextLine HEIGHT="70" WIDTH="1991" VPOS="3699" HPOS="330" STYLEREFS="StyleId-8056F8E8-6C08-4FFB-927A-400406133AC4-" LANG="de" CS="1">
<String CONTENT="genialen" HEIGHT="68" WIDTH="260" VPOS="3699" HPOS="330"/>
<SP HEIGHT="35" WIDTH="38" VPOS="3718" HPOS="591"/>
<String CS="1" CONTENT="spekulanten." HEIGHT="66" WIDTH="362" VPOS="3700" HPOS="657"/>
<SP HEIGHT="51" WIDTH="90" VPOS="3701" HPOS="1020"/>
<String CONTENT="Mit" HEIGHT="52" WIDTH="115" VPOS="3700" HPOS="1111"/>
<SP HEIGHT="48" WIDTH="37" VPOS="3704" HPOS="1227"/>
<String CONTENT="48" HEIGHT="48" WIDTH="66" VPOS="3704" HPOS="1265"/>
<SP HEIGHT="48" WIDTH="39" VPOS="3704" HPOS="1332"/>
<String CONTENT="abbildungen." HEIGHT="69" WIDTH="399" VPOS="3700" HPOS="1372"/>
<SP HEIGHT="51" WIDTH="91" VPOS="3701" HPOS="1772"/>
<String CONTENT="Frankfurt" HEIGHT="54" WIDTH="328" VPOS="3700" HPOS="1864"/>
<SP HEIGHT="45" WIDTH="35" VPOS="3709" HPOS="2193"/>
<String CONTENT="am" HEIGHT="36" WIDTH="92" VPOS="3717" HPOS="2229"/>
</TextLine>
<TextLine HEIGHT="70" WIDTH="976" VPOS="3774" HPOS="329" STYLEREFS="StyleId-8056F8E8-6C08-4FFB-927A-400406133AC4-" LANG="de" CS="1">
<String CONTENT="Main," HEIGHT="68" WIDTH="180" VPOS="3774" HPOS="329"/>
<SP HEIGHT="67" WIDTH="23" VPOS="3775" HPOS="510"/>
<String CS="1" CONTENT="R&#252;tten" HEIGHT="51" WIDTH="161" VPOS="3778" HPOS="589"/>
<SP HEIGHT="51" WIDTH="26" VPOS="3778" HPOS="751"/>
<String CONTENT="&amp;" HEIGHT="51" WIDTH="46" VPOS="3778" HPOS="778"/>
<SP HEIGHT="53" WIDTH="23" VPOS="3776" HPOS="825"/>
<String CONTENT="Loening," HEIGHT="68" WIDTH="276" VPOS="3776" HPOS="849"/>
<SP HEIGHT="64" WIDTH="28" VPOS="3780" HPOS="1126"/>
<String CONTENT="1932." HEIGHT="52" WIDTH="150" VPOS="3779" HPOS="1155"/>
</TextLine>
<TextLine HEIGHT="50" WIDTH="1633" VPOS="3848" HPOS="397" CS="1">
<String LANG="de" CONTENT="4" HEIGHT="39" WIDTH="29" VPOS="3849" HPOS="397"/>
<SP/>
<String LANG="de" CONTENT="p." HEIGHT="37" WIDTH="43" VPOS="3859" HPOS="450"/>
<SP HEIGHT="40" WIDTH="24" VPOS="3848" HPOS="494"/>
<String LANG="de" CS="1" CONTENT="l.,"/>
<SP HEIGHT="30" WIDTH="25" VPOS="3867" HPOS="565"/>
<String LANG="de" CS="1" CONTENT="[11]-348" HEIGHT="49" WIDTH="206" VPOS="3848" HPOS="591"/>
<SP HEIGHT="49" WIDTH="19" VPOS="3848" HPOS="798"/>
<String LANG="fr" CS="1" CONTENT="p.,"/>
<SP/>
<String LANG="fr" CS="1" CONTENT="1"/>
<SP/>
<String LANG="fr" CS="1" CONTENT="l."/>
<SP HEIGHT="39" WIDTH="58" VPOS="3849" HPOS="979"/>
<String LANG="en-US" CONTENT="front.," HEIGHT="48" WIDTH="164" VPOS="3849" HPOS="1038"/>
<SP HEIGHT="38" WIDTH="22" VPOS="3860" HPOS="1203"/>
<String LANG="en-US" CONTENT="plates," HEIGHT="49" WIDTH="171" VPOS="3849" HPOS="1226"/>
<SP HEIGHT="38" WIDTH="24" VPOS="3860" HPOS="1398"/>
<String LANG="en-US" CONTENT="ports.," HEIGHT="47" WIDTH="163" VPOS="3851" HPOS="1423"/>
<SP HEIGHT="48" WIDTH="22" VPOS="3849" HPOS="1587"/>
<String LANG="de" CONTENT="facsims." HEIGHT="43" WIDTH="215" VPOS="3848" HPOS="1610"/>
<SP HEIGHT="43" WIDTH="58" VPOS="3848" HPOS="1826"/>
<String LANG="de" CONTENT="22" HEIGHT="41" WIDTH="57" VPOS="3848" HPOS="1885"/>
<String LANG="en-US" CS="1" CONTENT="&#189;&#7580;&#7504;"/>
<String LANG="de" CONTENT="." HEIGHT="9" WIDTH="8" VPOS="3882" HPOS="2022"/>
</TextLine>
<TextLine HEIGHT="52" WIDTH="799" VPOS="3903" HPOS="399" LANG="de" CS="1">
<String CS="1" CONTENT="&#8220;Bibliographie&#8221;;" HEIGHT="49" WIDTH="418" VPOS="3903" HPOS="399"/>
<SP HEIGHT="38" WIDTH="29" VPOS="3915" HPOS="846"/>
<String CONTENT="p." HEIGHT="37" WIDTH="42" VPOS="3916" HPOS="876"/>
<SP HEIGHT="31" WIDTH="31" VPOS="3924" HPOS="919"/>
<String CS="1" CONTENT="[323]-330." HEIGHT="42" WIDTH="233" VPOS="3904" HPOS="965"/>
</TextLine>
<TextLine HEIGHT="58" WIDTH="1981" VPOS="3954" HPOS="336" LANG="de" CS="1">
<String CONTENT="&#169;" HEIGHT="53" WIDTH="52" VPOS="3954" HPOS="336"/>
<SP HEIGHT="53" WIDTH="23" VPOS="3954" HPOS="389"/>
<String CONTENT="June" HEIGHT="40" WIDTH="128" VPOS="3960" HPOS="413"/>
<SP HEIGHT="39" WIDTH="18" VPOS="3961" HPOS="542"/>
<String CONTENT="1," HEIGHT="46" WIDTH="38" VPOS="3961" HPOS="561"/>
<SP HEIGHT="46" WIDTH="24" VPOS="3961" HPOS="600"/>
<String CS="1" CONTENT="1932;" HEIGHT="41" WIDTH="114" VPOS="3960" HPOS="625"/>
<SP/>
<String CS="1" CONTENT="1c."/>
<SP/>
<String CONTENT="Nov." HEIGHT="40" WIDTH="117" VPOS="3961" HPOS="882"/>
<SP HEIGHT="39" WIDTH="22" VPOS="3961" HPOS="1000"/>
<String CONTENT="2;" HEIGHT="51" WIDTH="53" VPOS="3961" HPOS="1023"/>
<SP HEIGHT="51" WIDTH="25" VPOS="3961" HPOS="1077"/>
<!-- cceid 111721B7-6D7D-1014-B4A5-D7A31D17AB40 --><String LANG="en-US" CONTENT="A" HEIGHT="39" WIDTH="42" VPOS="3961" HPOS="1103"/>
<String CONTENT="&#8212;Foreign" HEIGHT="49" WIDTH="267" VPOS="3960" HPOS="1145"/>
<SP HEIGHT="41" WIDTH="22" VPOS="3960" HPOS="1413"/>
<String CONTENT="18370;" HEIGHT="49" WIDTH="169" VPOS="3960" HPOS="1436"/>
<SP HEIGHT="48" WIDTH="27" VPOS="3961" HPOS="1606"/>
<String CONTENT="Rtitten" HEIGHT="41" WIDTH="184" VPOS="3960" HPOS="1634"/>
<SP HEIGHT="41" WIDTH="22" VPOS="3961" HPOS="1819"/>
<String CONTENT="&amp;" HEIGHT="41" WIDTH="39" VPOS="3961" HPOS="1842"/>
<SP HEIGHT="41" WIDTH="19" VPOS="3961" HPOS="1882"/>
<String CONTENT="Loening" HEIGHT="48" WIDTH="214" VPOS="3960" HPOS="1902"/>
<SP HEIGHT="38" WIDTH="21" VPOS="3970" HPOS="2117"/>
<String CONTENT="verlag." HEIGHT="47" WIDTH="178" VPOS="3960" HPOS="2139"/>
</TextLine>
<TextLine HEIGHT="44" WIDTH="278" VPOS="4014" HPOS="412" LANG="de">
<String CONTENT="(32-34908)" HEIGHT="44" WIDTH="278" VPOS="4014" HPOS="412"/>
</TextLine>
</TextBlock>
</PrintSpace>
</Page>
</Layout>
</alto>