2563 4368
1455 4006 101 50 208

489 477 52 51 ©
582 482 109 38 Dec.
732 480 37 42 7,
810 479 139 45 1931;
991 479 66 41 2c.
1097 489 75 29 an.
1213 477 69 46 15,
1322 475 140 47 1932;
1505 475 80 40 aff.
1627 476 109 39 Jan.
1778 475 79 41 16;
1901 474 37 38 A
1977 472 171 44 47311;
2193 472 123 39 Year
2356 471 121 40 book

557 538 175 47 pubrs.,
759 536 89 40 inc.

477 642 264 64 Weekes,
767 642 205 63 Agnes
997 639 252 55 Russell.

554 708 1924 76 The story of Leland Gay, by A. R. Weekes … London,
486 794 304 55 Constable
820 796 50 50 &
901 811 98 48 co.,
1027 792 123 67 ltd.,
1181 794 151 51 1932.

555 867 99 48 330,
689 867 55 51 [2]
775 877 41 38 p.
878 866 144 40 19½ᶜᵐ.

492 916 1988 57 © 1c. Feb. 27, 1932; A ad int. 16087; pubd. Feb. 4; Dodd, Mead & co.,
559 982 104 43 inc.,
692 983 116 39 New
836 981 142 39 York.
1050 979 250 50 (32-5598)

488 1089 165 54 West
681 1085 291 65 Virginia.
1046 1088 278 64 Supreme
1353 1089 160 50 court
1542 1084 63 66 of
1633 1081 249 68 appeals.

561 1159 1918 73 Report of cases determined … from September 11, 1928, to
491 1242 295 68 February
825 1245 81 64 19,
946 1244 150 63 1929,
1132 1242 73 66 by
1242 1240 257 53 Howard
1536 1242 65 50 B.
1637 1241 128 65 Lee,
1803 1243 261 62 attorney
2100 1237 228 67 general
2367 1234 112 53 and

491 1318 270 55 ex-officio
789 1325 256 63 reporter.
1136 1336 51 36 v.
1220 1322 112 49 106.
1411 1318 356 67 Charleston,
1795 1320 223 52 Jarrett
2047 1315 262 69 printing
492 1331 1965 136 company,
696 1402 148 49 1929.

560 1472 692 48 xlvi, 775 p. diagr. 23 ᶜᵐ .
497 1526 52 51 ©
578 1530 127 39 June
731 1529 69 46 28,
830 1528 113 40 1929;
1000 1528 67 41 2c.
1098 1528 100 40 Oct.
1229 1528 52 45 2;
1313 1527 81 40 aff.
1425 1528 108 39 Jan.
1564 1526 68 43 23,
1663 1526 139 46 1932;
1834 1527 40 39 A
1901 1527 170 46 47262;
2107 1527 136 40 State
2273 1528 51 38 of
2354 1529 131 40 West

566 1586 233 47 Virginia,
834 1585 288 41 Charleston.
1170 1586 70 38 W.
1276 1585 84 39 Va.

493 1689 215 67 White,
741 1691 258 55 Stewart
1033 1689 272 65 Edward,
1338 1690 170 54 1873-

563 1769 120 52 The
719 1768 136 68 long
889 1766 123 54 rifle
1070 1767 92 68 [by]
1207 1767 247 55 Stewart
1491 1767 251 53 Edward
1777 1766 210 56 White.
2064 1767 229 55 Garden
2334 1768 152 67 City.

493 1847 69 53 N.
595 1847 88 66 Y.,
713 1845 356 67 Doubleday,
1101 1846 197 53 Doran
1329 1849 45 49 &
1405 1863 296 49 company,
1735 1844 126 67 inc.,
1894 1849 148 49 1932.

565 1918 99 49 viii,
694 1919 85 41 537
806 1930 43 37 p.
912 1918 146 41 20½ᶜᵐ.

567 1976 161 41 “First
755 1974 227 42 edition.”

501 2030 51 52 ©
592 2035 121 39 Mar.
752 2033 68 46 10,
859 2032 112 41 1932;
1041 2033 65 39 2c.
1147 2033 94 38 and
1280 2030 80 40 aff.
1402 2032 120 38 Mar.
1562 2031 81 46 15;
1686 2032 39 38 A
1763 2031 171 48 49105;
1979 2032 44 40 S.
2065 2034 51 37 E.
2156 2031 176 47 White,
569 2032 1905 106 Burlingame,

820 2089 142 41 Calif.
1035 2088 277 48 (32-26260)

497 2198 412 61 Whittemore,
938 2198 139 49 Mrs.
1108 2197 212 50 Emma
1355 2196 215 63 (Mott)
1610 2200 323 49 1850-1931.

566 2272 229 53 Mother
823 2269 375 55 Whittemore
1205 2271 39 54 ’s
1274 2271 225 53 records
1529 2272 65 52 of
1620 2269 235 56 modern
1884 2271 260 53 miracles;
2205 2273 283 53 foreword

497 2351 73 67 by
620 2351 101 52 her
770 2368 100 35 son
920 2351 113 53 and
1083 2349 282 68 daughter
1417 2350 114 53 and
1578 2347 77 69 by
1707 2345 379 57 Commander
2136 2346 355 72 Evangeline

498 2426 217 63 Booth;
747 2426 213 53 tribute
987 2425 77 69 by
1091 2426 143 52 Miss
1264 2423 142 57 Sara
1435 2424 182 69 Wray
1646 2424 65 53 of
1739 2425 96 53 the
1866 2425 221 68 Eighth
2120 2444 212 35 avenue

498 2426 1969 147 mission, New York city; edited by Rev. F. A. Robinson …
500 2503 1967 146 Toronto, Missions of Biblical education [ ᶜ1 931]
639 2653 1089 48 xv. 17-310 p. front., plates, ports. 21½ ᶜᵐ .
571 2710 441 41 Advertisements:
1043 2721 42 37 p.
1114 2708 217 42 305-310.

509 2764 1986 52 © 1c. Dec. 7, 1931; A ad int. 15986; pubd. Dec. 1; Missions of biblical
574 2825 254 39 education
864 2826 95 38 and
992 2824 307 48 evangelism,
1333 2825 225 46 Toronto,
1594 2825 212 40 Canada.
1877 2824 250 50 (32-6352)

497 2913 393 65 Willoughby,
919 2914 254 55 William
1204 2915 261 66 Charles,
1497 2915 169 55 1857-

570 2992 493 68 Nature-worship
1101 2996 111 52 and
1248 2994 195 65 taboo;
1484 2995 226 52 further
1740 2993 215 54 studies
1989 2995 60 52 in
2084 2992 155 55 “The
2273 2995 123 52 soul
2430 2994 64 53 of

502 3071 1992 68 the Bantu”, by W. C. Willoughby … introduction by William
501 3148 1799 67 Douglas Mackenzie … Hartford, Conn., The Hartford
501 3149 1970 143 seminary
672 3245 172 47 press,
875 3230 149 49 1932.

615 3296 401 48 x, 293 p. 23½ ᶜᵐ .
578 3354 134 40 “List
734 3353 53 40 of
809 3353 148 40 books
983 3352 216 41 referred
1226 3352 77 42 to”
1322 3364 8 29 :
1357 3363 44 38 p.
1427 3352 215 42 281-293.

515 3408 52 51 ©
599 3412 108 40 Feb.
739 3413 38 44 1,
810 3411 138 46 1932;
981 3410 65 40 2c.
1080 3411 108 39 Feb.
1222 3412 80 45 11;
1337 3412 81 40 aff.
1452 3412 108 39 Feb.
1593 3412 81 46 10;
1709 3412 38 39 A
1777 3412 170 46 47562;
1983 3410 241 42 Hartford
2258 3409 241 48 seminary

584 3478 146 37 press.
802 3467 249 48 (32-4882)

509 3556 239 64 Wilson,
777 3556 284 64 Marjorie
1091 3557 277 63 Damsey.

582 3629 1917 70 A woman like me, by Marjorie Damsey Wilson … New
514 3707 178 64 York,
725 3708 214 50 Farrar
971 3709 50 49 &
1056 3707 297 65 Rinehart,
1387 3708 417 66 incorporated,
1840 3709 149 50 1932.

581 3785 618 48 5 p. l., 3-275 p. 19½ ᶜᵐ .
521 3839 51 52 ©
611 3844 109 39 Feb.
757 3844 40 40 4,
836 3843 139 47 1932;
1016 3845 66 40 2c.
1122 3844 108 39 Feb.
1271 3844 50 45 8;
1364 3844 80 40 aff.
1486 3846 109 39 Feb.
1633 3846 82 46 25;
1756 3846 39 39 A
1832 3844 144 42 47490;
2046 3843 235 49 Marjorie
2316 3842 185 41 Wilson

630 3900 225 49 Glassgold,
892 3901 116 41 New
1043 3900 141 41 York.
1256 3900 248 49 (32-3416)
