2563 4368
1079 4030 98 49 643

184 503 271 49 103 p. 20 ᶜᵐ.
121 552 1979 58 © Jan. 16, 1932; 1c. Jan. 30; 1c. Mar. 12; a ff. Jan. 28; A 48977; R. G.
188 617 228 48 Rennick,
442 616 185 47 Peoria,
655 616 74 39 Ill.
799 615 278 48 (32-11354)

118 720 304 63 Richards,
450 719 192 63 Philip
670 719 59 54 S.

183 794 189 54 Belief
397 792 60 53 in
482 810 150 52 man,
660 792 74 69 by
760 791 199 69 Philip
988 791 57 55 S.
1075 790 294 53 Richards.
1434 789 136 54 New
1601 787 179 68 York,
1808 788 211 51 Farrar
2048 790 51 51 &

117 868 937 70 Rinehart, incorporated [ ᶜ1 932]
183 941 138 50 xxiii,
353 941 83 41 193
470 953 43 37 p.
575 940 54 40 21½ᶜᵐ.

123 998 51 52 ©
209 1004 118 37 Mar.
361 1002 67 46 17,
463 1000 137 47 1932;
637 1000 65 39 2c.
740 1001 120 39 Mar.
895 997 81 48 19;
1012 998 81 40 aff.
1129 999 121 39 Mar.
1284 998 81 45 18;
1403 998 38 37 A
1475 997 169 46 49175;
1682 997 51 40 P.
1771 996 44 41 S.
1849 995 254 47 Richards,

192 1058 248 42 Southsea,
471 1058 234 47 England.
775 1055 278 48 (32-11228)

119 1161 350 63 Rubashow,
497 1163 138 51 Mrs.
664 1159 218 54 Rachel
918 1158 454 66 (Katzenelson)
1408 1158 84 53 ed.

181 1237 120 53 The
329 1238 215 67 plough
573 1253 219 37 woman;
852 1235 225 53 records
1105 1235 63 54 of
1194 1235 97 53 the
1317 1236 230 66 pioneer
1575 1252 215 35 women
1818 1233 63 54 of
114 1234 1963 147 Palestine,

283 1314 191 53 edited
509 1314 75 67 by
619 1314 213 52 Rachel
869 1312 732 53 Katzenelson-Rubashow;
1669 1311 274 53 rendered
1980 1310 123 54 into

116 1388 1988 71 English by Maurice Samuel … New York, N. L. Brown, inc.,
116 1472 149 51 1932.

225 1537 1316 54 x, [1] p., 3 l., [19]-306 p. front., plates, ports. 23 ᶜᵐ.
191 1594 1917 51 “The original work … in Hebrew … was issued by the Council of
120 1655 80 40 the
231 1663 181 31 women
446 1653 214 41 workers
691 1653 49 39 in
773 1652 244 41 Palestine;
1078 1653 82 39 the
1193 1652 105 40 first
1329 1651 310 48 translation,
1672 1652 49 39 in
1755 1652 217 48 Yiddish,
2007 1663 101 30 was

121 1708 1970 108 published in America under the auspices of the Pioneer women’s organization …
541 1766 119 40 This
692 1766 122 48 body
847 1766 41 40 is
922 1765 102 41 also
1057 1764 295 49 responsible
1384 1765 79 40 for
1496 1765 80 41 the
1610 1765 299 49 publication
1943 1765 51 42 of
2027 1768 82 39 the

122 1825 130 40 work
286 1824 49 40 in
371 1821 492 51 English.”—Introd.

129 1877 51 52 ©
212 1881 108 40 Feb.
352 1881 67 45 15,
452 1879 138 47 1932;
624 1879 66 40 2c.
724 1880 121 39 Mar.
877 1879 81 44 14;
992 1877 81 40 aff.
1107 1879 121 40 Mar.
1260 1878 81 46 16;
1376 1879 41 38 A
1449 1878 169 47 50130;
1653 1878 201 40 Pioneer
1886 1879 224 41 women’s

196 1936 345 49 organization,
570 1937 116 39 New
714 1936 142 39 York.
927 1934 278 48 (32-11264)

127 2040 140 64 Rue,
298 2040 209 63 Larry.

193 2116 31 51 I
255 2114 76 69 fly
363 2114 93 53 for
485 2133 168 49 news,
683 2115 75 68 by
789 2115 184 68 Larry
1006 2115 137 52 Rue.
1219 2115 138 53 New
1390 2115 179 67 York,
1601 2115 70 52 A.
1704 2116 114 53 and
1850 2115 61 55 C.
1947 2116 166 68 Boni,

126 2193 121 67 inc.,
278 2196 148 49 1932.

199 2267 83 39 viii
309 2277 56 37 p.,
392 2266 28 39 2
469 2298 21 15 l.,
518 2265 172 41 13-307
718 2276 40 37 p.
820 2266 162 47 front.,
1011 2266 168 48 plates,
1209 2268 148 46 ports.
1415 2265 56 40 22½ᶜᵐ.

196 2322 138 47 Maps
362 2332 60 29 on
449 2322 361 48 lining-papers.

135 2375 50 51 ©
221 2380 119 42 Mar.
375 2378 69 48 26,
480 2378 139 47 1932;
655 2378 66 40 2c.
758 2380 113 46 Apr.
906 2379 52 45 4;
998 2377 81 42 aff.
1114 2379 113 47 Apr.
1263 2377 53 48 9;
1355 2379 39 39 A
1430 2378 169 48 50679;
1637 2379 167 41 Albert
1842 2380 35 40 &
1914 2378 201 42 Charles

201 2436 134 46 Boni,
361 2436 90 40 inc.
521 2435 278 48 (32-11236)

133 2538 244 65 Russell,
406 2536 245 57 Charles
676 2537 205 66 Willis,
911 2539 169 54 1878-

196 2613 477 55 Mind—creative
717 2614 113 56 and
873 2612 292 71 dynamic;
1210 2613 338 70 developing
1589 2615 95 54 the
1726 2615 390 56 neo-monistic

132 2690 354 69 philosophy,
526 2690 297 69 including
862 2709 72 36 an
976 2690 213 54 outline
1228 2691 63 52 of
1331 2691 264 69 dynamic
1636 2692 365 70 psychology,
2042 2693 75 68 by

135 2765 231 55 Charles
402 2767 86 53 W.
531 2767 219 52 Russell
813 2767 129 68 [and]
988 2766 282 57 Gertrude
1310 2767 373 70 Copperman.
1761 2770 136 52 New
1939 2769 178 68 York,

133 2842 1759 72 N. Y., The Authors’ international publishing co. [ ᶜ1 932]
199 2914 663 51 3 p. l. , iv, 312, [2] p. 21ᶜᵐ.
141 2968 51 52 ©
222 2975 109 46 Apr.
361 2974 40 48 2,
432 2973 138 48 1932;
601 2974 68 42 2c.
699 2976 99 39 and
825 2974 82 41 aff.
938 2975 111 47 Apr.
1082 2975 81 46 15;
1197 2975 40 38 A
1267 2974 169 49 50749;
1471 2976 50 42 C.
1552 2977 71 41 W.
1656 2978 193 40 Russell
1881 2979 95 38 and
208 2978 1892 91 Gertrude

374 3030 311 48 Copperman,
715 3032 115 39 New
858 3031 141 39 York.
1070 3031 279 49 (32-11233)

137 3132 85 55 St.
252 3133 205 65 Claire,
484 3136 138 52 Mrs.
651 3133 196 66 Emily
883 3134 344 66 (Entwisle)

207 3208 295 55 Beautiful
545 3212 111 52 and
698 3212 234 53 historic
973 3212 342 68 Albemarle,
1355 3214 75 67 by
1473 3213 195 69 Emily
1712 3215 274 53 Entwisle
2031 3215 81 54 St.

140 3284 201 55 Claire.
415 3288 336 68 Richmond,
784 3291 125 64 Va.,
941 3289 255 68 Appeals
1229 3308 172 49 press,
1435 3291 125 67 inc.,
1595 3294 147 52 1932.

209 3359 698 50 5 p. l. , 110 p. plates. 23½ ᶜᵐ.
147 3410 49 52 ©
227 3416 113 47 Apr.
371 3416 68 48 12,
472 3416 111 41 1932;
646 3418 66 40 2c.
745 3420 111 46 Apr.
892 3419 53 39 15;
1008 3418 80 42 aff.
1123 3420 112 47 Apr.
1269 3419 57 40 26;
1388 3421 39 38 A
1459 3419 146 42 49706;
1668 3422 52 39 E.
1755 3421 53 38 E.
1845 3420 65 40 St.
1948 3419 171 48 Claire,

212 3471 278 45 Richmond.
559 3474 277 49 (32-11431)

141 3572 264 68 Schäfer,
432 3576 288 66 Wilhelm,
751 3583 170 50 1868-

210 3650 117 54 Das
357 3653 141 54 haus
529 3654 104 53 mit
666 3655 107 52 den
806 3655 119 53 drei
957 3660 184 63 türen,
1171 3675 111 34 von
1311 3658 272 54 Wilhelm
1619 3657 256 56 Schäfer.
144 3657 1946 136 München,

325 3729 68 55 G.
424 3731 226 67 Müller,
684 3735 148 50 1931.

213 3799 368 51 191, [1] p. 18 ᶜᵐ.
213 3856 169 41 “Erste
414 3858 229 48 auflage.”

152 3906 1971 63 © July 31, 1931; 1c. Feb. 25, 1932; A —Foreign 15891; Georg Müller
217 3969 174 48 verlag,
420 3981 41 30 a.
488 3982 39 37 g.
598 3971 278 52 (32-11926)
