2563 4368
1417 4006 101 49 300

455 411 234 66 Spiegel
718 428 113 37 von
859 413 118 52 und
1007 429 70 36 zu
1106 409 423 66 Peckelsheim,
1559 412 219 63 Edgar,
1806 410 267 67 freiherr,
2104 413 172 50 1885-

581 488 1867 65 … Das mädchen unter den drei bäumen; ein Südseeroman.
451 568 835 66 Berlin, Domverlag [ ᶜ1 931]
523 639 445 50 193, [1] p. 19 ᶜᵐ .
462 693 1686 51 © Oct. 31. 1931; 1c. Dec. 17; A —Foreign 14787; Domverlag.
540 753 250 47 (32-6935)

457 843 278 63 Steuben,
768 841 181 56 Fritz.

523 920 118 51 Der
682 923 122 48 rote
843 923 212 61 sturm;
1100 918 122 53 eine
1263 918 313 66 erzählung
1619 937 99 33 aus
1760 918 127 52 dem
1927 923 186 47 ersten
453 918 1976 146 Indianerkriege

674 1015 97 33 um
799 996 108 52 den
937 995 169 68 Ohio,
1134 997 152 51 alten
1312 996 224 66 quellen
1562 995 369 52 nacherzählt
1958 1014 111 34 von
2097 995 161 53 Fritz
452 995 1978 145 Steuben;

622 1074 108 52 mit
763 1072 503 68 fünfundfünfzig
1298 1072 366 68 textbildern,
1699 1073 135 52 zwei
1871 1072 430 68 mehrfarbigen
2334 1073 119 53 und

455 1149 1994 69 acht einfarbigen kunstdrucktafeln. Stuttgart, Franckh [ ᶜ1 931]
528 1221 1737 53 173, [3] p., illus. (incl. maps), VIII pl. on 4 l., 2 col. port. 20 ᶜᵐ .
465 1277 1975 109 © Aug. 28. 1931; 1c. Dec. 17; A—Foreign 14801; Franckh'sche verlagshandlung,
932 1338 70 39 W.
1031 1338 178 38 Keller.
1281 1335 251 48 (32-6937)

462 1428 377 65 Symposium
882 1444 73 36 on
996 1426 177 54 effect
1214 1426 63 52 of
1317 1429 406 61 temperature
1761 1443 74 36 on
1876 1427 105 54 the
2020 1428 332 64 properties
2390 1426 64 54 of

530 1503 232 67 metals,
796 1504 270 67 Chicago,
1095 1506 153 50 1931.

533 1582 366 69 Symposium
941 1600 73 33 on
1055 1581 163 53 effect
1260 1581 64 52 of
1363 1586 382 63 temperature
1786 1601 73 35 on
1900 1584 94 52 the
2036 1584 317 67 properties
2394 1583 64 53 of

461 1662 218 67 metals,
718 1660 133 53 held
894 1665 59 47 at
997 1679 30 33 a
1071 1659 148 68 joint
1261 1659 249 68 meeting
1551 1659 64 53 of
1656 1661 97 52 the
1793 1661 307 53 American
2141 1662 211 68 society
2394 1660 63 55 of

461 1736 1974 303 mechanical engineers and the American society for testing materials, Chicago, Ill., June 23, 1931. Philadelphia, Pa., American society for testing materials; New York city, The American society of mechanical engineers [ ᶜ1 932]
563 2045 56 41 829
648 2056 43 37 p.
751 2044 143 47 illus.,
924 2043 156 40 tables
1107 2043 47 48 (1
1185 2042 144 48 fold.)
1365 2042 180 48 diagrs.
1607 2043 147 41 23½ᶜᵐ.

537 2102 205 39 Preface
773 2101 195 47 signed:
1004 2100 101 39 The
1140 2099 136 40 Joint
1309 2100 225 39 research
1568 2100 274 40 committee
1875 2111 60 29 on
1969 2101 82 40 the
2085 2100 141 41 effect
2261 2102 51 40 of
466 2105 1977 102 temperature

719 2169 59 29 on
805 2158 81 39 the
910 2157 269 48 properties
1204 2156 53 40 of
1280 2157 187 41 metals.

539 2215 433 47 “Supplementary
1007 2213 337 47 bibliography
1378 2224 61 27 on
1474 2213 142 39 effect
1649 2213 53 38 of
1732 2215 328 46 temperature
2096 2225 61 28 on
2192 2216 269 47 properties

465 2273 54 40 of
546 2271 188 48 metals,
765 2271 238 48 prepared
1035 2270 61 47 by
1127 2269 112 40 Lois
1271 2269 51 43 F.
1353 2268 309 41 McCombs”:
1695 2280 43 37 p.
1769 2269 217 42 735-784.

536 2329 237 39 Intended
818 2331 49 37 to
911 2328 304 46 supplement
1259 2327 81 39 the
1383 2324 336 49 bibliography
1764 2326 254 47 published
2063 2328 117 40 with
2224 2330 82 38 the
2347 2328 114 41 1924

470 2382 1993 52 Symposium … and the two later bibliographies … published by the
468 2441 256 41 American
759 2441 181 47 society
974 2441 53 39 of
1059 2438 301 41 mechanical
1394 2439 252 46 engineers
1682 2439 48 39 in
1766 2439 115 41 1928
1913 2441 96 39 and
2046 2440 129 42 1931.

472 2496 51 52 ©
559 2501 107 38 Feb.
704 2500 38 47 5,
777 2498 112 41 1932;
952 2498 66 39 2c.
1056 2497 109 39 Feb.
1199 2497 82 46 10;
1319 2495 81 42 aff.
1434 2497 123 39 Mar.
1591 2497 81 46 24;
1710 2498 40 38 A
1783 2497 171 47 48669;
1992 2499 254 40 American
2283 2498 180 48 society

539 2557 78 39 for
646 2556 181 47 testing
854 2554 265 40 materials.
1191 2553 249 48 (32-6082)

467 2644 276 65 Thomas,
772 2643 223 66 Victor,
1027 2643 172 54 1874-

533 2719 1928 69 Legons de chimie organique, par V. Thomas … Paris,
461 2798 230 66 Dunod,
724 2800 152 50 1932.

605 2902 9 16 xv,
654 2869 114 41 1003
806 2881 43 37 p.
910 2869 180 49 diagrs.
1149 2869 146 40 25½ᶜᵐ.

475 2924 1740 51 © Nov. 23. 1931; 1c. Jan. 25, 1932; A—Foreign 15531; Dunod.
553 2983 249 49 (32-6574)

470 3059 214 64 Troud,
719 3059 253 54 Jérôme.

602 3133 1862 71 … Charles Iᵉʳ , empereur d’Autriche, roi de Hongrie; avec
470 3215 30 49 8
525 3228 273 51 gravures
823 3211 133 52 hors
983 3215 167 48 texte.
1214 3210 184 67 Paris,
1424 3210 150 54 Plon
1626 3214 152 64 [1931]

542 3282 1237 49 3 p. l., viii. 244 p. front., plates, ports. 19ᶜᵐ.
544 3340 278 47 “Ouvrages
851 3338 298 41 consultés”:
1181 3348 44 38 p.
1256 3338 218 42 239-241.

479 3393 1816 53 © Oct. 20, 1931; 1c. Dec. 14; A—Foreign 14770; Librairie Plon.
556 3453 250 48 (32-6539)

477 3528 383 64 Underwood,
893 3529 66 54 G.

545 3602 1919 71 Standard construction methods, by G. Underwood … 2d ed.
478 3681 133 50 New
660 3680 162 51 York
868 3682 110 50 and
1027 3682 258 65 London,
1329 3682 429 53 McGraw-Hill
1804 3684 147 51 book
1998 3702 295 49 company,
2341 3685 124 66 inc.,

478 3760 147 49 1931.

544 3828 84 46 xii,
658 3829 81 39 501
771 3840 42 37 p.
874 3829 141 47 illus.,
1044 3829 178 48 diagrs.
1282 3829 145 42 23½ᶜᵐ.
1543 3830 128 48 $5.00

482 3881 51 51 ©
562 3885 109 39 Dec.
701 3885 68 46 12,
797 3884 139 46 1931;
966 3886 67 40 2c.
1061 3886 120 41 Mar.
1210 3887 68 45 15,
1306 3885 140 47 1932;
1478 3886 80 40 aff.
1589 3889 120 38 Mar.
1738 3887 82 48 24;
1849 3888 40 39 A
1917 3888 169 47 50364;
2117 3888 349 40 McGraw-Hill

549 3942 120 39 book
699 3953 80 31 co.,
811 3942 89 39 inc.
971 3942 278 47 (32-26080)
