2563 4368
1075 4105 101 56 763

172 566 160 41 “First
366 563 226 43 edition.”

109 634 51 51 ©
194 638 112 47 Apr.
342 635 68 49 18,
445 634 112 41 1932;
621 635 66 40 2c.
722 635 96 38 and
853 632 82 40 aff.
971 632 113 47 May
1119 630 58 40 16;
1238 629 42 39 A
1314 628 142 41 51322;
1520 627 298 47 Doubleday,
1855 626 163 38 Doran
2056 625 36 40 &

176 705 80 36 co.,
288 692 90 41 inc.
442 688 68 53 [©
541 702 67 37 pl.
638 693 40 43 4,
711 688 292 42 corrections
1035 689 95 38 and
1163 686 269 41 additional
1464 683 344 50 illustrations]

182 748 282 53 (32-13551)

107 854 210 60 Oakes,
346 852 265 53 Bernard
641 850 263 55 Francis.

174 927 265 54 Football
470 927 114 52 line
616 926 153 68 play,
804 924 94 53 for
932 925 225 67 players
1190 923 115 52 and
1337 922 246 67 coaches,
1617 921 76 68 by
1728 919 262 53 Bernard
2024 918 68 53 F.

104 996 1963 140 Oakes … illustrated with diagrams and photographic reproductions.
436 1082 139 52 New
599 1080 177 67 York,
798 1078 71 54 A.
897 1078 56 55 S.
978 1080 215 51 Barnes
1219 1077 113 53 and
1356 1092 297 54 company,
1678 1072 417 71 incorporated,

108 1164 149 50 1932.

241 1226 955 56 xv p., 1 l., 258 p. front., illus. 23½ ᶜᵐ .
114 1296 1982 57 © Apr. 28, 1932; 2c. May 4; aff. May 16; A 51334; A. S. Barnes & co.,
180 1362 88 40 inc.
340 1360 278 49 (32-13879)

112 1462 326 56 Oklahoma
478 1463 112 52 and
629 1459 211 57 Pacific
878 1460 203 70 digest,
1120 1458 268 70 covering
1428 1460 77 51 all
1543 1477 149 36 cases
1731 1456 267 70 reported
2035 1455 63 54 in

180 1542 322 55 Oklahoma
559 1545 240 64 reports,
858 1542 327 65 1890-1931,
1243 1535 213 57 Pacific
1512 1543 274 62 reporter,
1844 1537 251 52 volumes

184 1623 184 65 1-300,
400 1621 112 51 and
543 1620 78 52 all
648 1619 63 54 of
741 1620 95 51 the
866 1615 210 59 Pacific
1106 1622 171 49 states
1308 1621 221 63 reports
1560 1615 154 55 from
1743 1616 96 54 the
1869 1616 230 53 earliest

181 1693 1918 73 times … Compiled and edited by the publisher’s editorial
181 1775 134 56 staff.
446 1820 10 10 v.
485 1779 184 52 11-13.
748 1774 82 56 St.
858 1775 164 68 Paul,
1047 1776 160 54 West
1233 1773 337 69 publishing
1595 1791 98 50 co.,
1723 1776 149 50 1932.

184 1849 277 43 3 v. 26 ᶜᵐ .
451 1915 116 31 CONTENTS.—v.
593 1904 71 41 11.
693 1904 233 42 Criminal
952 1906 108 46 law,
1087 1905 25 38 1
1140 1907 47 37 to
1213 1903 205 41 904.—v.
1447 1902 72 42 12.
1547 1903 235 42 Criminal
1806 1905 109 46 law,
1942 1903 85 41 905
2055 1907 51 38 to

116 1967 213 40 end.—v.
358 1963 71 42 13.
457 1962 460 50 Crops-Discovery.

120 2030 51 53 ©
200 2036 114 48 May
341 2033 69 49 24,
439 2031 113 42 1932;
610 2032 65 40 2c.
704 2032 118 40 each
851 2031 126 41 June
1005 2032 81 46 11;
1118 2030 108 42 affs.
1255 2032 129 39 June
1410 2032 82 46 13;
1523 2031 41 39 A
1593 2029 345 49 52489-52491;
1970 2031 137 40 West

187 2092 109 48 pub.
327 2101 66 31 co.

119 2194 212 65 Oliver,
362 2195 228 53 French
620 2195 157 64 Earl,
808 2193 170 56 1879-

187 2265 1858 74 Pilate’s wife, and other addresses, by French E. Oliver …
118 2342 1654 74 New York [etc.] Fleming H. Revell company [ ᶜ1 932 ]
187 2417 367 50 160 p. 19½ ᶜᵐ .
125 2489 51 51 ©
205 2494 112 46 May
344 2491 39 48 5,
411 2490 112 41 1932;
580 2490 66 42 2c.
674 2492 95 38 and
798 2490 80 42 aff.
908 2491 113 47 May
1048 2490 25 40 7;
1131 2491 41 38 A
1197 2489 146 41 49864;
1401 2489 219 49 Fleming
1646 2491 58 38 H.
1736 2490 165 41 Revell
1932 2500 64 29 co.

202 2548 278 50 (32-13793)

121 2652 215 64 Oliver,
370 2652 225 64 George
625 2653 264 62 Watson,
925 2656 323 51 1858-1923.

190 2728 173 53 Plant
400 2728 247 67 culture;
689 2747 31 33 a
761 2725 261 72 working
1056 2727 306 53 handbook
1399 2727 64 54 of
1502 2744 168 53 every
1710 2728 111 69 day
1859 2727 251 69 practice

123 2805 93 53 for
260 2805 80 54 all
384 2805 126 53 who
555 2822 157 51 grow
758 2803 295 71 flowering
1099 2805 114 52 and
1262 2805 355 53 ornamental
1663 2805 192 68 plants
1904 2806 62 51 in
2013 2805 96 54 the

122 2883 214 68 garden
383 2883 113 52 and
543 2881 362 70 greenhouse,
952 2881 75 69 by
1074 2880 222 71 George
1342 2882 91 55 W.
1485 2880 198 58 Oliver
1733 2884 114 52 and
1896 2882 214 54 Alfred

124 2956 1962 149 Carl Hottes … 6th ed. New York, A. T. De La Mare company,
329 3036 137 69 inc.;
503 3037 270 67 Toronto,
811 3034 157 70 Can.,
1004 3035 246 56 General
1284 3035 335 72 publishing
1655 3054 297 53 company,
1989 3038 123 68 ltd.,

127 3117 149 50 1932.

192 3184 801 51 2 p. l., 7-442 p. illus. 19½ ᶜᵐ .
132 3250 1982 58 © May 6, 1932; 2c. May 10; aff. May 11; A 51294; A. T. De La Mare co.,
200 3315 88 40 inc.
359 3314 278 48 (32-13322)

130 3415 231 65 Oregon
414 3418 112 52 and
577 3416 210 57 Pacific
838 3417 204 71 digest,
1091 3418 268 70 covering
1409 3420 79 52 all
1536 3438 151 38 cases
1736 3419 266 68 reported
2052 3417 60 53 in

200 3493 229 71 Oregon
461 3500 238 63 reports,
735 3497 325 69 1853-1931,
1093 3495 210 56 Pacific
1337 3502 274 64 reporter,
1642 3499 250 52 volumes
1927 3499 186 65 1-300,

202 3574 111 51 and
346 3574 78 51 all
456 3574 63 52 of
549 3575 97 52 the
676 3572 211 57 Pacific
918 3579 173 50 states
1123 3581 223 63 reports
1377 3576 154 52 from
1563 3576 96 53 the
1691 3575 227 54 earliest
1948 3575 163 53 times

264 3648 1833 74 … Compiled and edited by the publisher’s editorial staff.
202 3746 50 35 v.
284 3731 184 50 11-13.
547 3727 81 55 St.
658 3729 163 68 Paul,
846 3729 160 55 West
1033 3730 334 69 publishing
1395 3750 97 49 co.,
1521 3733 153 53 1932.

204 3801 272 41 3 v. 26 ᶜᵐ .
471 3867 115 31 CONTENTS.—v.
613 3856 71 42 11.
712 3858 232 41 Criminal
970 3860 109 48 law,
1106 3861 25 38 1
1159 3863 47 37 to
1231 3859 204 41 904.—v.
1464 3859 72 41 12.
1564 3859 233 41 Criminal
1823 3860 108 47 law,
1957 3858 88 41 905
2070 3862 49 39 to

137 3915 167 39 end.—
305 3924 45 31 v.
378 3913 71 42 13.
478 3915 458 47 Crops-Discovery.

141 3980 51 51 ©
221 3986 113 46 May
359 3984 71 49 24,
457 3984 113 41 1932;
627 3986 68 39 2c.
723 3987 119 39 each
868 3986 126 42 June
1021 3988 54 38 11;
1134 3987 107 40 affs.
1273 3988 125 39 June
1427 3988 54 39 13;
1539 3988 42 40 A
1608 3987 317 41 52471-52473;
1986 3987 134 40 West

207 4041 109 47 pub.
399 4072 11 10 co.
