2563 4368
1110 4080 132 48 1305

195 613 1970 107 At head of title: Conférence internationale des grands réseaux électriques à haute tension.
264 729 232 40 Contains
523 727 390 47 bibliographies.

197 781 1969 99 © May 18, 1932; 1c. each July 14; A— Foreign 17337; Conférence internationale
541 842 81 38 des
651 841 179 45 grands
860 839 204 39 réseaux
1094 838 301 48 électriques.
1465 839 278 49 (32-23147)

190 928 1988 69 Kansas digest. 1932 semi-annual pamphlet … St. Paul,
259 1007 854 69 West publishing co . [ᶜ1932]
262 1082 963 47 46 p. 24 ᶜᵐ. (Key number system)
197 1135 51 51 ©
276 1138 126 47 Sept.
426 1138 68 48 30,
521 1136 111 42 1932;
686 1138 68 40 2c.
778 1140 94 37 and
898 1137 81 41 aff.
1005 1138 102 39 Oct.
1131 1137 81 47 10;
1239 1138 41 38 A
1303 1138 170 46 56405;
1502 1139 134 39 West
1659 1138 109 47 pub.
1794 1148 68 30 co.

190 1212 181 65 Kaus,
398 1214 159 52 Frau
585 1212 167 66 Gina,
783 1218 169 49 1894-

259 1291 237 66 Luxury
531 1291 162 66 liner,
727 1291 75 66 by
839 1290 151 53 Gina
1028 1290 188 66 Kaus;
1255 1290 315 53 translated
1602 1289 77 68 by
1715 1288 139 56 Otto
1890 1290 67 53 F.
1992 1289 189 54 Theis.

191 1368 137 52 New
363 1368 175 55 York,
571 1368 67 52 R.
670 1368 164 67 Long
863 1370 45 50 &
939 1368 68 51 R.
1041 1368 68 52 R.
1145 1366 207 69 Smith,
1381 1368 129 67 inc.,
1541 1369 150 51 1932.

259 1441 30 40 2
312 1453 44 37 p.
417 1472 9 18 l.,
451 1442 87 40 316
561 1452 44 37 p.
663 1440 58 41 20½ᶜᵐ.

197 1495 51 51 ©
280 1499 126 47 Sept.
435 1499 39 45 2,
505 1497 113 41 1932;
676 1499 67 39 2c.
772 1500 95 38 and
897 1498 81 40 aff.
1011 1498 127 47 Sept.
1168 1497 52 47 8;
1252 1498 41 39 A
1322 1496 168 49 53997;
1525 1497 53 42 G.
1608 1498 151 47 Kaus,
1790 1497 200 41 Vienna.

274 1555 276 48 (32-22981)

191 1631 264 63 Kendall,
491 1632 217 62 Harry.

261 1707 53 50 A
347 1706 135 51 New
517 1706 158 51 York
706 1713 154 45 actor
891 1724 69 33 on
994 1706 95 53 the
1121 1712 236 46 western
1390 1704 186 67 front;
1611 1704 202 68 giving
1844 1723 70 34 an
1948 1711 233 46 account

191 1783 62 52 of
297 1801 171 49 many
511 1783 248 53 hitherto
805 1782 346 54 unrecorded
1195 1782 278 54 incidents
1521 1782 111 53 and
1677 1782 242 52 unusual
1967 1782 214 52 actions

191 1861 125 53 that
352 1861 132 51 took
521 1861 158 67 place
717 1858 212 70 during
963 1861 94 50 the
1094 1867 161 61 great
1291 1858 239 71 conflict,
1567 1860 74 68 by
1677 1860 197 68 Harry
1912 1859 267 55 Kendall.

192 1937 1548 69 Boston, The Christopher publishing house [ ᶜ19 32 ]
259 2009 875 48 134 p. front., plates, ports. 21 ᶜᵐ.
196 2065 51 51 ©
279 2070 117 47 Aug.
430 2069 68 47 24,
532 2068 113 40 1932;
707 2069 67 40 2c.
809 2069 127 47 Sept.
971 2070 22 37 1;
1058 2068 82 41 aff.
1173 2070 120 46 Aug.
1325 2070 55 39 31;
1442 2068 41 40 A
1516 2069 144 41 53888;
1723 2068 317 50 Christopher
2073 2069 108 48 pub.

263 2126 162 39 house.
495 2124 278 50 (32-22968)

190 2202 301 62 Kennedy,
522 2201 254 53 William
808 2202 204 61 Henry
1041 2200 237 63 Joseph.

264 2276 302 54 America’s
590 2275 271 55 founders
886 2275 112 53 and
1020 2275 245 66 leaders;
1290 2295 28 33 a
1344 2275 391 68 biographical
1760 2275 219 69 history
2002 2276 63 52 of
2087 2276 95 54 the

194 2352 211 55 United
432 2353 188 53 States
647 2354 92 50 for
764 2353 94 53 the
884 2352 170 53 lower
1078 2352 203 68 grades
1305 2352 63 52 of
1397 2352 259 54 Catholic
1682 2353 232 67 schools,
1938 2353 75 68 by
191 2353 1964 128 William

353 2429 1828 71 H. J. Kennedy … and Sister Mary Joseph … New York,
191 2506 324 55 Cincinnati
569 2513 119 61 [etc.]
727 2505 276 69 Benziger
1033 2506 274 69 brothers,
1341 2510 150 51 1932.

258 2578 103 49 xiii,
392 2580 69 48 [1],
488 2577 85 40 354
601 2590 41 37 p.
700 2579 86 41 col.
811 2578 163 48 front.,
1003 2579 143 48 illus.,
1173 2590 137 37 maps
1337 2580 50 47 (1
1416 2579 197 48 double)
1677 2580 58 40 19½ᶜᵐ.

195 2635 51 51 ©
275 2639 118 47 Aug.
422 2637 40 48 9,
491 2637 112 41 1932;
660 2636 68 42 2c.
760 2638 127 48 Sept.
917 2638 53 40 12;
1031 2638 80 41 aff.
1144 2639 126 47 Sept.
1302 2639 26 40 8;
1385 2639 41 39 A
1455 2639 143 40 54754;
1658 2639 235 48 Benziger
1923 2640 124 39 bros.
2126 2636 53 53 [©

264 2695 222 49 revision]
559 2693 279 51 (32-22958)

257 2768 121 53 The
401 2769 212 52 United
638 2767 215 66 States;
880 2787 29 33 a
932 2767 218 68 history
1173 2767 91 52 for
1288 2768 93 52 the
1403 2786 182 49 upper
1608 2768 203 67 grades
1833 2769 62 51 of
1919 2768 260 54 Catholic

190 2844 1989 71 schools, by William H. J. Kennedy … and Sister Mary Joseph
251 2920 1731 70 … New York, Cincinnati [etc.] Benziger brothers, 1932.
321 2993 1855 52 xv p., 1 l., 681, xvii p. col. front., illus., col. plates, col. ports., maps
197 3049 399 48 (1 double) 19½ ᶜᵐ.
259 3107 138 47 Maps
431 3117 61 29 on
525 3105 361 49 lining-papers.

260 3163 342 48 “Suggestions
629 3163 81 40 for
737 3163 228 47 reading”
994 3167 51 37 at
1074 3165 90 38 end
1196 3163 51 41 of
1277 3164 118 40 each
1424 3165 213 48 chapter.

195 3219 51 51 ©
273 3224 117 46 Aug.
418 3223 69 48 29,
514 3223 140 46 1932;
682 3222 67 41 2c.
779 3223 127 47 Sept.
933 3221 54 40 12;
1045 3222 82 40 aff.
1157 3222 126 48 Sept.
1311 3223 52 46 8;
1393 3225 40 37 A
1460 3224 170 47 54756;
1660 3224 235 48 Benziger
1921 3226 125 38 bros.
2125 3219 52 53 [©

262 3279 223 49 revision]
558 3279 278 47 (32-22959)

188 3353 245 66 Kerner,
461 3354 220 54 Robert
709 3354 238 66 Joseph,
979 3357 169 52 1887-

259 3430 271 54 Bohemia
561 3430 56 52 in
645 3431 96 53 the
770 3431 323 67 eighteenth
1121 3435 232 63 century;
1413 3451 31 33 a
1472 3430 169 70 study
1669 3432 61 52 in
1759 3429 271 70 political,
187 3449 1965 124 economic,

425 3507 111 51 and
572 3507 170 52 social
778 3507 236 68 history,
1049 3506 140 56 with
1227 3506 206 69 special
1470 3508 282 53 reference
1789 3516 58 45 to
1884 3508 94 51 the
2014 3510 160 66 reign

190 3583 1981 69 of Leopold ii, 1790-1792, by Robert Joseph Kerner … New
192 3659 174 58 York,
397 3661 120 50 The
546 3660 331 52 Macmillan
908 3679 293 49 company,
1233 3665 149 48 1932.

256 3729 395 49 xii, 412 p. 24 ᶜᵐ.
259 3787 290 40 “Presented
574 3786 258 49 originally
855 3798 54 30 as
935 3798 26 30 a
988 3789 218 40 doctoral
1230 3788 316 42 dissertation
1573 3792 52 38 at
1649 3790 229 41 Harvard
1903 3790 270 49 university

192 3842 140 50 [1914]
359 3842 40 41 it
423 3844 89 39 has
534 3844 117 39 been
677 3844 186 40 revised
889 3855 54 29 as
968 3855 28 30 a
1022 3844 153 42 result
1199 3845 52 41 of
1274 3846 126 40 later
1424 3846 513 44 researches.”—Pref.

258 3899 346 48 Bibliography;
668 3911 43 37 p.
743 3899 216 42 375-406.

195 3955 51 51 ©
279 3960 116 47 Aug.
428 3959 70 45 30,
531 3958 111 40 1932;
705 3959 66 40 2c.
805 3961 94 38 and
933 3960 81 39 aff.
1046 3961 118 47 Aug.
1198 3961 53 39 31;
1316 3962 40 37 A
1388 3960 142 42 53871;
1595 3960 278 41 Macmillan
1908 3973 66 29 co.

270 4014 278 49 (32-22969)
