2563 4368
1354 4084 135 49 1064

404 463 323 65 Willeford,
754 465 173 62 Mary
955 463 275 64 Bristow,
1261 465 171 51 1900-

475 541 229 52 Income
743 540 114 53 and
894 539 196 53 health
1127 538 61 52 in
1226 540 210 50 remote
1475 537 159 52 rural
1674 552 186 50 areas;
1905 552 31 35 a
1978 533 172 69 study
2190 532 64 54 of
2293 535 102 51 400

407 616 251 55 families
692 617 61 53 in
789 617 185 53 Leslie
1010 620 228 64 county,
1274 612 325 71 Kentucky,
1635 613 75 69 by
1748 612 171 69 Mary
1959 612 67 53 B.
2065 610 333 69 Willeford,

407 714 95 35 PH.
531 715 48 33 D.
642 695 139 52 New
809 693 164 53 York
999 692 134 69 city,
1163 693 150 51 1932.

478 766 69 49 88,
577 766 56 51 [3]
659 776 44 38 p.
731 766 108 40 incl.
869 775 150 37 maps,
1048 765 192 47 diagrs.,
1268 764 168 39 forms.
1493 761 118 42 24ᶜᵐ.

481 824 171 39 Issued
679 823 103 40 also
810 832 55 30 as
890 820 153 42 thesis
1082 820 107 49 (PH.
1248 819 35 49 D.)
1320 817 251 42 Columbia
1601 818 285 47 university.

478 878 348 48 Bibliography:
886 877 55 51 [3]
967 887 45 38 p.
1041 879 52 38 at
1120 877 105 40 end.

416 934 50 51 ©
495 938 112 46 May
633 938 68 45 14,
729 935 140 47 1932;
898 935 67 40 2c.
993 936 95 38 and
1115 934 82 41 aff.
1226 934 116 47 July
1370 934 51 45 8;
1453 933 39 39 A
1520 932 167 42 53005;
1721 932 224 40 Frontier
1973 931 203 48 nursing
2203 929 196 45 service,

482 994 105 47 inc.,
614 994 282 46 Wendover,
924 992 91 47 Ky.
1086 991 279 48 (32-18414)

408 1097 192 64 Winn,
632 1095 282 65 Godfrey.

483 1173 120 52 The
643 1173 244 66 unequal
930 1171 243 66 conflict,
1214 1171 75 67 by
1332 1168 261 69 Godfrey
1635 1168 193 55 Winn.
1908 1168 137 53 New
2091 1166 179 68 York,
2314 1166 87 53 W.

411 1251 250 52 Morrow
689 1252 47 50 &
764 1268 298 49 company,
1093 1251 150 51 1932.

482 1322 560 51 3 p. l., 405 p. 19½ᶜᵐ.
418 1377 51 52 ©
498 1382 114 47 July
641 1380 69 48 19,
739 1380 140 42 1932;
910 1380 66 41 2c.
1006 1382 93 38 and
1129 1379 80 41 aff.
1242 1380 114 47 July
1385 1379 82 47 21;
1499 1378 42 39 A
1569 1377 169 48 54189;
1770 1377 216 41 William
2016 1378 210 38 Morrow
2255 1376 36 40 &
2320 1386 82 38 co.,

486 1438 88 40 inc.
646 1437 278 48 (32-18434)

410 1541 329 65 Womrath,
769 1540 229 65 George
1024 1541 64 54 F.

478 1616 261 55 Efficient
801 1617 253 52 business
1120 1616 464 53 administration
1647 1615 63 54 of
1774 1614 194 69 public
2028 1615 235 66 schools,
2328 1614 75 66 by

410 1692 1991 71 George F. Womrath … New York, Milwaukee [etc.] The
408 1772 184 53 Bruce
625 1771 335 68 publishing
990 1790 279 49 company
1307 1774 192 65 [ᶜ1932]

484 1843 64 49 xi,
587 1844 86 40 463
711 1856 43 38 p.
794 1845 109 39 incl.
944 1844 142 47 illus.,
1125 1855 151 38 maps,
1316 1844 154 49 plans,
1510 1844 193 48 diagrs.,
1743 1843 167 41 forms,
1980 1842 154 41 tables
2164 1843 48 47 (1
2253 1843 141 46 fold.)

412 1900 146 42 23½ᶜᵐ.

485 1956 348 50 Bibliography
858 1959 52 38 at
937 1958 91 40 end
1056 1957 51 40 of
1132 1967 128 30 some
1286 1956 52 41 of
1360 1957 81 40 the
1467 1957 241 48 chapters.

421 2011 51 52 ©
501 2017 114 45 May
642 2015 68 47 12,
740 2014 141 47 1932;
910 2014 65 39 2c.
1006 2016 94 38 and
1130 2013 81 41 aff.
1241 2014 112 47 May
1380 2012 83 48 24;
1494 2014 41 38 A
1563 2013 169 46 52138;
1766 2013 50 40 G.
1849 2013 50 40 F.
1930 2012 266 50 Womrath,
490 2012 1899 107 Minneapolis.

729 2070 278 49 (32-18591)

415 2173 524 65 Worsley-Gough,
969 2173 285 56 Barbara.

487 2248 203 53 Public
735 2247 244 68 affaires,
1023 2248 75 67 by
1142 2247 257 54 Barbara
1447 2245 506 69 Worsley-Gough.
2035 2246 254 66 London,
2395 2287 9 10 V.

420 2325 287 69 Gollancz,
744 2325 122 68 ltd.,
909 2326 148 50 1932.

486 2396 86 41 302
603 2407 45 37 p.
709 2396 115 42 19ᶜᵐ.

425 2453 1986 52 © 1c. July 1, 1932; A ad int. 16592; pubd. May 5; Dial press, inc., New
494 2514 143 39 York.
707 2512 278 47 (32-18617)

419 2600 214 65 Young
676 2601 189 53 men’s
912 2600 303 55 Christian
1262 2600 409 55 associations.
1744 2597 362 57 Association
2151 2599 253 69 colleges.

488 2680 313 53 Nashville.

490 2755 58 53 A
581 2773 205 50 survey
820 2754 65 54 of
918 2755 98 53 the
1046 2774 177 51 negro
1258 2757 111 68 boy
1406 2756 60 53 in
1503 2756 313 67 Nashville,
1854 2756 329 67 Tennessee,
2221 2755 187 54 edited

420 2831 1927 72 by W. D. Weatherford … directed by J. Paul McConnell …
422 2910 140 53 with
596 2910 94 52 the
724 2910 411 53 collaboration
1170 2910 65 53 of
1266 2911 98 53 the
1400 2910 300 70 following
1734 2910 275 54 members
2046 2909 65 54 of
2144 2911 97 52 the
2277 2909 135 55 staff

423 2987 64 53 of
509 2988 95 52 the
630 2988 71 52 Y.
725 2987 79 52 M.
832 2986 61 55 C.
920 2987 71 53 A.
1017 2989 278 67 graduate
1320 2988 217 54 school:
1566 2989 233 53 Vernon
1824 2989 65 52 F.
1916 2988 325 67 Hernlund,
2269 2987 54 55 J.
2353 2987 58 55 J.

423 3064 145 69 Bay,
594 3064 223 55 Walter
844 3065 66 51 L.
944 3063 173 56 Stone
1153 3065 149 67 [and]
1337 3066 72 52 D.
1443 3066 65 53 F.
1542 3066 226 69 Folger.
1835 3065 139 54 New
2005 3064 180 69 York,
2217 3065 70 54 N.
2319 3065 94 69 Y.,

423 3142 360 54 Association
809 3159 158 51 press
1000 3143 192 66 [ᶜ1932]

494 3215 80 50 vii,
612 3215 84 39 157
731 3225 43 37 p.
810 3214 108 40 incl.
955 3214 142 47 illus.,
1134 3215 192 47 diagrs.,
1364 3215 167 40 forms.
1589 3215 147 42 23½ᶜᵐ.
1806 3215 97 49 (Its
1942 3214 195 42 Studies
2173 3215 52 40 in
2262 3214 149 42 social

423 3272 98 39 and
546 3270 230 48 religious
800 3270 334 49 engineering)

501 3327 480 47 Photolithographic
1010 3326 338 48 reproduction
1376 3327 53 41 of
1454 3326 330 49 type-written
1812 3337 130 38 copy.

499 3382 1521 48 “The Y. M. C. A. graduate school … survey.”—Introd.
434 3437 51 52 ©
550 3452 92 29 June
671 3441 69 46 20,
772 3441 112 40 1932;
944 3440 65 40 2c.
1043 3442 94 38 and
1169 3440 80 40 aff.
1282 3442 126 40 June
1438 3442 55 40 23;
1555 3443 41 38 A
1626 3441 142 41 51882;
1831 3442 205 40 General
2068 3442 149 40 board
2250 3442 52 39 of
2335 3442 79 39 the

501 3499 170 45 Young
694 3497 148 40 men’s
868 3497 249 40 Christian
1144 3497 332 47 associations,
1502 3499 117 39 New
1644 3498 142 40 York.
1858 3497 278 48 (32-16645)

429 3584 212 67 Zweig,
670 3585 231 65 Stefan,
933 3589 169 51 1881-

497 3661 194 51 Letter
731 3660 152 52 from
921 3679 70 33 an
1032 3659 288 53 unknown
1357 3680 238 48 woman,
1631 3662 75 68 by
1749 3660 206 55 Stefan
1994 3661 204 67 Zweig.
2275 3660 138 53 New

432 3736 176 66 York,
634 3737 121 52 The
778 3736 223 69 Viking
1025 3754 173 50 press,
1227 3739 149 51 1932.

588 3808 276 48 111 p. 19½ᶜᵐ.
502 3864 319 41 “Translated
852 3864 126 40 from
1009 3865 82 39 the
1122 3863 209 41 German
1364 3865 61 47 by
1456 3864 136 41 Eden
1622 3866 95 40 and
1750 3864 155 42 Cedar
1939 3864 165 42 Paul.”

438 3918 51 51 ©
521 3923 126 40 June
677 3923 68 45 17,
777 3921 112 41 1932;
949 3921 65 40 2c.
1047 3922 125 40 June
1202 3921 54 39 21;
1318 3922 80 40 aff.
1431 3922 115 48 July
1577 3923 25 38 2;
1662 3923 40 39 A
1734 3924 145 39 53047;
1938 3923 177 48 Viking
2144 3931 148 40 press,
2324 3923 90 40 inc.

508 3974 67 53 [©
605 3978 307 40 translators’
943 3977 234 41 revisions
1208 3978 296 48 throughout
1533 3981 119 47 text]
1724 3980 277 49 (32-17518)
