2563 4368
1283 4096 133 51 1888

422 549 278 50 288 p. 19 ᶜᵐ.
356 605 1988 52 © 1c. Dec. 17, 1932; A ad int. 17258; pubd. Oct. 21; J. H. Valley,
423 666 376 45 Bournemouth,
828 665 174 46 Hants,
1032 663 233 47 England.
1336 663 248 46 (33-1454)

355 752 271 65 Valasek,
657 753 239 64 Joseph,
930 757 167 49 1896-

423 828 1921 69 Elements of optics, by Joseph Valasek … 2d ed. New
357 908 159 53 York
550 910 111 51 and
696 909 257 63 London,
987 907 428 55 McGraw-Hill
1448 907 148 53 book
1629 924 295 50 company,
1962 907 125 67 inc.,
2125 909 148 52 1932.

491 979 1016 51 xv, 254 p. incl. front., illus., diagrs. 21 ᶜᵐ.
426 1038 128 41 “The
581 1038 174 40 second
781 1037 183 40 edition
991 1038 41 39 is
1059 1048 27 29 a
1117 1037 239 48 thorough
1384 1036 210 41 revision
1623 1036 52 41 of
1703 1037 82 40 the
1812 1039 104 37 text
1944 1037 143 47 along
2115 1037 81 39 the
2223 1037 122 41 lines

354 1096 256 47 suggested
654 1096 59 46 by
755 1094 114 39 four
910 1104 143 36 years
1092 1094 54 40 of
1186 1095 262 39 classroom
1492 1094 281 47 experience
1817 1093 118 40 with
1979 1094 81 39 the
2103 1093 106 41 first
354 1094 1973 99 edition.”—Pref.

357 1208 51 51 ©
435 1211 111 40 Dec.
572 1211 38 47 6,
638 1210 138 47 1932;
805 1211 66 38 2c.
902 1210 107 39 Dec.
1036 1208 52 47 9;
1117 1209 82 41 aff.
1228 1209 110 40 Dec.
1365 1209 81 46 10;
1476 1210 39 37 A
1540 1209 169 46 58304;
1741 1208 348 40 McGraw-Hill
2117 1209 123 39 book
2264 1219 82 36 co.,

424 1267 86 40 inc.
584 1266 278 49 (32-35910)

355 1356 273 65 Weddell,
658 1356 336 53 Alexander
1023 1354 355 65 Wilbourne,
1411 1358 168 53 1876-

422 1434 339 69 Richmond,
791 1432 287 71 Virginia,
1107 1435 59 52 in
1196 1434 94 53 old
1320 1432 204 70 prints,
1555 1434 307 55 1737-1887;
1922 1440 120 47 text
2071 1434 74 68 by
353 1435 1969 130 Alexander
576 1511 334 55 Wilbourne

957 1512 289 67 Weddell;
1300 1511 270 54 associate
1616 1511 202 68 editor,
1865 1512 156 55 John
2069 1513 110 52 Lee
354 1513 1967 146 McElroy;
607 1591 283 53 foreword
932 1590 73 68 by
1047 1591 257 68 Douglas
1347 1589 55 57 S.
1446 1591 292 51 Freeman.
1813 1589 312 54 Published
2167 1591 179 53 under

353 1670 95 53 the
489 1668 253 69 auspices
784 1667 63 54 of
886 1669 95 53 the
1022 1668 321 54 Richmond
1386 1670 266 66 academy
1694 1667 64 55 of
1800 1674 133 49 arts.
2007 1668 340 68 Richmond,

355 1746 238 55 Atlanta
645 1754 119 61 [etc.]
799 1747 259 54 Johnson
1087 1745 333 70 publishing
1447 1763 296 51 company,
1775 1750 149 50 1932.

424 1817 1922 52 xxxii p., 1 l., 254 p., 1 l. incl. front. (port.) illus., plates, maps (part
353 1876 267 49 fold.) 32 ᶜᵐ.
427 1934 145 40 “This
595 1931 121 43 book
741 1934 89 39 has
855 1934 116 39 been
998 1933 192 48 printed
1217 1934 49 39 in
1292 1944 27 29 a
1345 1932 187 42 limited
1558 1933 183 40 edition
1765 1932 52 41 of
1842 1932 75 41 six
1942 1933 219 40 hundred
2187 1933 158 49 copies

404 1989 1145 50 … This copy is number Copyright copy I.”
425 2048 117 41 This
572 2048 188 41 volume
789 2051 396 37 commemorates
1215 2058 60 29 an
1306 2046 270 41 exhibition
1604 2046 54 41 of
1687 2047 78 40 old
1794 2047 158 47 prints
1982 2046 53 41 of
2063 2047 282 49 Richmond,

356 2105 109 39 held
498 2106 50 39 in
582 2107 81 39 the
696 2105 269 40 Richmond
997 2104 160 49 public
1188 2104 199 48 library,
1420 2104 169 40 March
1621 2103 225 49 24-April
1877 2104 41 47 3,
1951 2104 127 48 1931,
2112 2105 95 39 and

356 2115 1973 87 contains
513 2161 366 47 reproductions
906 2161 52 41 of
984 2162 66 39 all
1078 2162 157 47 prints
1263 2161 167 48 placed
1459 2171 60 30 on
1545 2160 135 41 view.
1745 2161 62 48 cf.
1837 2162 129 40 Pref.

358 2217 51 50 ©
443 2221 111 39 Dec.
588 2221 67 44 13,
689 2219 139 47 1932;
864 2219 65 40 2c.
965 2220 94 38 and
1092 2218 81 40 aff.
1208 2219 111 39 Dec.
1353 2219 81 46 17;
1470 2219 40 37 A
1543 2219 170 46 58475;
1748 2219 54 38 A.
1836 2219 71 38 W.
1943 2219 231 47 Weddell,
426 2218 1903 97 Richmond.
652 2276 277 47 (32-35777)

358 2351 227 65 Whipp,
618 2351 307 55 Sheridan.

425 2428 227 54 Broken
700 2447 166 34 moon
921 2429 90 67 [by]
1087 2427 281 57 Sheridan
1419 2427 236 69 Whipp.
1730 2428 363 68 Hollywood,
354 2429 1967 144 Hollycrofters,
639 2507 125 67 inc.,
792 2507 119 67 ltd.,
941 2511 148 49 1932.

425 2580 57 40 78
510 2589 43 38 p.
612 2578 27 39 2½ᶜᵐ.

702 2636 252 39 CONTENTS.—Broken
1001 2635 371 41 moon.—Sister
1418 2635 187 48 Querl’s
1650 2634 537 41 misadventure.—The
2234 2637 112 40 dust

355 2693 146 40 eater.

360 2746 51 51 ©
441 2751 111 40 Dec.
582 2752 67 45 17,
681 2750 112 40 1932;
851 2752 65 37 2c.
947 2752 95 38 and
1072 2749 82 41 aff.
1184 2750 109 40 Dec.
1324 2750 53 38 21;
1439 2751 39 37 A
1507 2749 143 40 57557;
1712 2750 44 40 S.
1787 2750 188 48 Whipp,
2007 2750 92 40 Los
2129 2751 217 46 Angeles.

436 2806 279 48 (32-35781)

356 2881 231 61 Woods,
616 2881 313 53 Frederick
961 2881 348 63 Shenstone,
1342 2886 170 49 1864-

427 2957 311 53 Advanced
782 2959 274 58 calculus;
1104 2978 28 32 a
1178 2977 192 35 course
1413 2960 279 66 arranged
1736 2959 139 52 with
1917 2960 209 67 special
359 2959 1960 129 reference
531 3041 58 47 to
630 3036 95 52 the
767 3038 168 51 needs
980 3036 63 51 of
1086 3037 231 68 applied
1361 3037 410 67 mathematics,
1813 3038 75 67 by
1932 3036 307 54 Frederick
2287 3037 56 55 S.

357 3114 1963 69 Woods … Boston. New York [etc.] Ginn and company [ᶜ1932]
428 3187 604 49 ix, 397 p diagrs. 24 ᶜᵐ.
362 3239 51 51 ©
444 3245 111 45 May
583 3244 67 41 13.
680 3244 139 47 1932;
850 3245 66 39 2c.
947 3246 111 46 May
1086 3245 49 39 31;
1200 3245 81 41 aff.
1312 3245 112 47 May
1453 3246 54 38 27;
1564 3246 41 38 A
1633 3244 169 46 52219;
1835 3245 51 39 F.
1918 3244 43 39 S.
1993 3244 188 47 Woods,
429 3245 1900 101 Cambridge,

637 3301 145 39 Mass.
847 3297 67 53 [©
942 3312 104 28 new
1072 3303 193 47 matter]

358 3371 217 67 Zierdt,
604 3374 254 54 William
887 3376 223 64 Henry,
1144 3382 170 49 1881-

429 3449 306 55 Narrative
767 3451 219 68 history
1020 3451 63 54 of
1115 3453 96 53 the
1245 3454 166 52 109th
1443 3453 130 53 field
1610 3454 277 65 artillery,
1921 3449 421 68 Pennsylvania

361 3526 1980 70 national guard, 1775-1930, by William H. Zierdt … Wilkes-
362 3603 195 67 Barré,
593 3604 118 66 Pa.,
749 3604 241 54 Printed
1028 3605 94 53 for
1156 3606 97 54 the
1290 3606 224 67 Society
1552 3607 73 66 by
1663 3607 96 52 the
1793 3606 71 52 E.
1900 3607 49 51 B.
2006 3604 202 67 Yordy
2244 3622 98 49 co.,

362 3683 150 49 1932.

365 3750 1963 109 xxii, [2], 298 p. col. front. (coat of arms) 1 illus., ports. 24 ᶜᵐ. (Wyoming historical and geological society. Special publication)
433 3862 229 42 Author’s
690 3865 272 48 autograph
992 3866 51 38 at
1073 3865 91 42 end
1194 3865 51 41 of
1274 3865 400 49 “Introductory”
1716 3865 67 50 (p.
1814 3864 84 51 [v])

435 3920 346 50 Bibliography;
841 3931 43 39 p.
933 3922 62 49 [iv]

365 3972 51 51 ©
442 3978 116 39 Nov.
585 3978 67 45 12,
679 3977 111 40 1932;
846 3979 66 39 2c.
938 3978 116 39 Nov.
1081 3978 54 39 16;
1190 3977 82 40 aff.
1298 3978 117 39 Nov.
1443 3978 55 39 15;
1552 3979 39 38 A
1617 3976 141 42 55962;
1815 3977 255 49 Wyoming
2093 3976 253 43 historical

432 4036 36 41 &
495 4033 260 48 geological
783 4044 90 31 soc.
945 4033 279 51 (32-34804)
