2563 4368
1043 4095 63 48 81

89 484 247 66 Adkins,
367 487 219 52 Hector
615 487 236 62 Ernest,
883 490 170 50 1885-

165 558 1919 69 Adkins’ treatise on the military band … by Capt. Η. E.
92 637 1854 66 Adkins … London & New York, Boosey & co., ltd., ᶜ1 931.
160 709 65 47 xi,
250 708 98 47 253,
380 709 55 48 [1]
462 719 42 36 p.
530 708 109 41 incl.
666 709 142 46 illus.,
836 709 170 47 plates,
1062 710 156 46 plates
1247 708 134 47 (part
1409 709 198 46 double)
1669 709 145 39 28½ᶜᵐ.

160 765 224 40 Includes
418 764 167 40 music.

425 823 142 49 CONTENTS.—pt.
596 830 34 33 I.
660 820 589 50 Instrumentation.—pt.
1278 829 53 32 II.
1360 820 424 50 Arranging.—pt.
1814 829 74 33 III.
89 820 1979 106 Training
201 878 97 40 and
327 878 303 47 conducting.

98 948 1988 51 © 1c. Jan. 6, 1932; A ad int. 15944; pubd. Dec. 22, 1931; Boosey & co..
163 1010 99 45 ltd.,
294 1009 211 39 London.
577 1007 249 48 (32-4115)

89 1109 270 64 Alsager,
390 1111 278 54 Christen
699 1110 242 64 Martin,
974 1112 171 54 1871-

157 1187 341 67 Dictionary
558 1186 64 53 of
680 1188 253 52 business
993 1192 190 61 terms,
1243 1186 334 67 containing
1637 1185 326 54 definitions
2022 1185 65 53 of

87 1270 189 62 terms,
305 1265 232 68 phrases
568 1266 112 51 and
711 1265 419 52 abbreviations
1159 1264 248 68 relating
1434 1270 60 47 to
1524 1263 357 68 accounting,
88 1263 1974 147 banking,

231 1343 197 66 bonds,
455 1343 328 67 brokerage,
810 1343 253 52 business
1091 1343 126 65 law,
1243 1342 254 53 business
1524 1341 414 67 organization,
88 1360 1973 126 corporations,

441 1420 271 52 domestic
756 1421 111 51 and
913 1419 227 68 foreign
1184 1420 303 66 exchange,
1530 1418 328 67 economics,
86 1419 1976 140 insurance,

269 1497 386 66 investments,
687 1515 219 49 money,
937 1502 342 62 mortgages,
1312 1497 117 52 real
1461 1502 192 61 estate,
1687 1497 398 67 speculations,

85 1575 159 53 stock
282 1575 285 66 exchange
605 1575 343 67 operations,
985 1573 203 67 stocks,
1225 1579 195 61 trusts,
1459 1575 113 52 and
1611 1574 162 53 other
1811 1574 274 55 branches

87 1651 1998 69 of business, by C. Martin Alsager … Chicago, Callaghan
86 1732 113 51 and
225 1748 298 49 company,
552 1732 149 51 1932.

155 1804 61 48 iv,
246 1803 89 41 429
362 1814 44 38 p.
465 1803 116 40 18ᶜᵐ.

93 1870 51 51 ©
174 1875 108 39 Jan.
312 1872 68 43 19,
410 1872 139 48 1932;
580 1873 64 39 2c.
677 1874 94 38 and
801 1872 80 40 aff.
912 1873 109 39 Jan.
1052 1872 81 46 22;
1166 1873 40 38 A
1234 1873 171 46 47147;
1439 1872 49 41 C.
1519 1874 63 41 M.
1612 1873 216 48 Alsager,
1859 1873 224 48 Chicago.

170 1930 249 48 (32-3085)

88 2031 1967 148 American art annual … v. 28. For the year 1931. Washington,
405 2110 1493 69 D. C., The American federation of arts [ ᶜ1 932 ]
159 2186 97 44 857,
285 2186 55 38 74
369 2196 40 35 p.
468 2187 85 38 col.
582 2185 164 40 front.,
775 2185 171 46 plates,
977 2186 149 44 ports.
1182 2183 117 42 23ᶜᵐ.

159 2242 120 38 Part
307 2241 50 38 of
387 2241 80 39 the
495 2242 156 45 plates
681 2251 83 29 are
793 2240 193 47 printed
1016 2251 61 28 on
1106 2240 114 40 both
1251 2241 141 40 sides.

92 2307 1989 51 © Feb. 8, 1932; 2c. and aff. Feb. 8; A 48375; Amer. federation of arts.
159 2368 333 47 Washington.

84 2472 313 53 American
428 2471 276 54 institute
734 2471 63 52 of
826 2471 146 53 steel
1003 2470 422 55 construction.

160 2546 151 55 Steel
345 2546 399 53 construction.
823 2548 83 49 1st
939 2545 104 67 ed.,
1077 2545 96 52 9th
1207 2544 282 69 printing,
1521 2543 363 70 ninety-fifth
88 2545 1969 147 thousand,

294 2621 1789 71 January, 1932 … New York, N. Y., Cleveland, O.,
88 2703 305 52 American
421 2702 259 53 institute
708 2701 64 53 of
799 2702 135 52 steel
963 2701 402 66 construction,
1394 2701 107 52 inc.
1611 2704 102 49 [ᶜ1932
1717 2733 13 34 ]

156 2786 97 46 445,
291 2786 54 49 [2]
378 2797 42 36 p.
481 2785 141 46 illus.,
657 2784 178 48 diagrs.
896 2783 116 39 21ᶜᵐ.

158 2843 233 40 Contains
419 2842 147 38 blank
593 2851 145 38 pages
765 2841 80 40 for
874 2840 175 40 “Notes
1079 2841 96 39 and
1203 2839 291 49 diagrams”.

155 2900 91 39 Lee
276 2900 59 39 H.
370 2899 172 47 Miller,
574 2897 131 40 chief
734 2897 237 48 engineer.

90 2965 51 51 ©
175 2969 108 39 Jan.
315 2968 39 47 2,
387 2967 139 47 1932;
561 2967 66 41 2c.
661 2968 108 39 Jan.
803 2967 82 46 23;
921 2966 80 40 aff.
1037 2966 109 40 Feb.
1182 2966 80 47 12;
1298 2966 42 39 A
1369 2966 170 47 47176;
1576 2967 158 40 Amer.
1768 2967 226 40 institute
2028 2967 51 41 of

157 3027 117 38 steel
304 3025 342 46 construction,
676 3024 90 39 inc.
836 3023 249 48 (32-2880)

83 3130 314 53 American
426 3129 168 53 radio
618 3128 168 64 relay
811 3128 226 64 league.

152 3206 120 51 The
304 3204 160 54 radio
498 3205 299 52 amateur’s
830 3203 331 67 handbook;
1200 3223 31 33 a
1263 3205 231 52 manual
1526 3204 63 52 of
1623 3211 254 46 amateur
1910 3205 162 68 high-

84 3284 305 67 frequency
427 3281 161 53 radio
629 3280 492 69 communication,
1157 3281 76 68 by
1267 3281 98 53 the
1399 3282 406 67 headquarters
1842 3283 134 52 staff
2011 3283 63 52 of

83 3362 93 53 the
220 3361 306 53 American
569 3360 162 52 radio
774 3360 158 67 relay
973 3360 212 66 league.
1262 3360 98 51 9th
1405 3359 84 53 ed.
1561 3361 161 53 West
1764 3359 310 69 Hartford,

84 3439 195 67 Conn.,
309 3440 119 52 The
457 3437 306 54 American
791 3437 161 52 radio
981 3436 157 67 relay
1166 3437 214 67 league,
1409 3436 126 67 inc.,
1565 3439 150 51 1932.

150 3508 1533 52 4 p. l., 200, ix-xxiv p. incl. front., illus. diagrs. 24½ᶜᵐ.
155 3570 158 38 Blank
337 3579 120 37 page
482 3568 81 39 for
590 3565 204 41 “Notes”
831 3564 99 49 (ix)

155 3625 71 40 On
266 3634 166 31 cover:
474 3625 40 38 A
552 3624 199 38 manual
791 3622 51 40 of
881 3623 223 38 amateur
1143 3621 292 41 short-wave
1475 3620 440 50 radiotelegraphic
84 3634 1972 86 communication.

154 3737 131 40 First
314 3740 47 37 to
390 3736 132 40 third
552 3735 221 47 editions,
801 3733 114 41 1926
944 3737 47 37 to
1021 3731 127 49 1928,
1179 3731 248 49 inclusive,
1457 3733 60 47 by
1548 3733 202 41 Francis
1782 3734 53 41 E.
1865 3735 206 48 Handy;

84 3794 170 39 fourth
287 3796 48 38 to
371 3793 133 40 sixth
536 3791 224 48 editions,
793 3789 114 41 1928
942 3793 49 37 to
1026 3788 127 49 1930,
1187 3788 248 48 inclusive,
1472 3790 58 46 by
1569 3790 200 40 Francis
1804 3792 54 39 E.
1895 3792 175 48 Handy

83 3852 94 39 and
206 3852 123 38 Ross
357 3851 54 40 A.
440 3849 134 40 Hull.

154 3905 313 48 Advertising
491 3907 207 38 matter:
726 3914 43 38 p.
795 3901 198 43 x-xxiv.

90 3974 51 51 ©
177 3979 107 38 Jan.
320 3978 38 45 5,
394 3976 138 41 1932;
570 3976 66 40 2c.
673 3976 108 38 Jan.
817 3975 52 45 8;
906 3974 81 39 aff.
1024 3975 110 39 Jan.
1169 3973 81 46 15;
1289 3973 40 38 A
1363 3971 171 48 46970;
1572 3974 157 39 Amer.
1767 3974 136 40 radio
1941 3975 133 48 relay

156 4036 180 46 league,
369 4034 90 39 inc.
528 4031 249 49 (32-2994)
