2563 4368
1045 4102 97 49 113

95 491 186 63 Allen,
313 490 210 52 Alfred
555 490 221 62 Henry.

164 566 216 53 Allen’s
409 565 355 57 commercial
794 566 236 68 organic
1058 564 249 69 analysis
1324 582 11 48 ;
1369 583 31 33 a
1429 563 231 53 treatise
1687 581 73 34 on
1787 562 97 53 the
97 581 1962 130 properties,

313 645 193 52 modes
543 644 62 51 of
644 644 266 68 analysis,
948 644 111 51 and
1096 642 322 69 proximate
1455 641 309 57 analytical
95 640 1966 134 examination
250 723 63 51 of
346 724 96 50 the

474 722 227 52 various
736 722 231 67 organic
1002 722 298 54 chemicals
1336 722 112 51 and
1482 721 272 67 products
1787 721 298 68 employed

94 800 60 52 in
181 801 96 52 the
306 805 134 56 arts,
467 800 445 66 manufactures,
939 799 295 68 medicine,
1262 805 119 60 etc.,
1411 799 139 52 with
1582 798 217 53 concise
1825 799 260 52 methods

95 879 94 52 for
217 880 95 51 the
342 877 281 54 detection
653 879 113 52 and
796 876 326 54 estimation
1153 878 63 53 of
1247 877 150 53 their
1426 876 343 70 impurities,
95 877 1966 135 adulterations,

300 958 110 51 and
448 956 272 68 products
757 957 62 52 of
857 956 448 68 decomposition.
1396 975 51 34 v.
1485 960 46 48 9.
1573 957 121 52 The
1729 957 256 67 proteins
2022 956 64 53 of

95 1036 209 66 plants,
342 1035 97 53 the
477 1034 253 68 proteins
771 1035 63 52 of
873 1034 161 67 milk,
1072 1034 159 67 milk,
1270 1035 143 52 milk
1451 1036 290 67 products,
1780 1041 151 47 meat
1973 1036 112 52 and

93 1119 151 47 meat
269 1113 287 68 products.
633 1114 90 65 By
752 1114 97 51 the
876 1112 185 54 editor
1091 1114 112 52 and
1232 1114 96 52 the
1357 1114 301 69 following
1685 1114 401 68 contributors,

94 1193 71 51 D.
193 1192 224 56 Jordan
444 1192 205 67 Lloyd,
676 1192 68 55 G.
774 1194 73 51 D.
877 1192 236 67 Elsdon,
1141 1194 77 52 H.
1247 1189 303 56 Leffmann
1581 1194 112 51 and
1723 1194 156 56 John
95 1194 1965 145 Golding,

243 1273 68 51 E.
342 1272 66 51 R.
442 1272 230 66 Bolton,
704 1273 61 54 C.
799 1271 215 52 Robert
1043 1272 281 51 Moulton.
1399 1271 227 67 Editor,
1659 1273 62 55 C.
1751 1272 335 55 Ainsworth

94 1349 1968 147 Mitchell … 5th ed. Rev. and partly rewritten. Philadelphia, P.
370 1427 1034 68 Blakiston’s son & co., inc. [ ᶜ1 932 ]
165 1502 1326 48 10 p. l., y-ix, 617 p. illus., tables, diagrs. 24 ᶜᵐ .
98 1569 52 53 ©
181 1574 109 39 Feb.
321 1574 38 46 8,
389 1572 114 41 1932
521 1583 9 37 ;
560 1572 66 40 2c.
659 1572 110 40 Feb.
799 1572 25 40 9
841 1583 8 36 ;
883 1572 81 40 aff.
997 1572 110 40 Feb.
1137 1572 55 40 23
1211 1583 8 36 ;
1251 1572 42 39 A
1321 1573 145 40 47744
1484 1583 9 36 ;
1526 1574 51 40 P.
1608 1573 298 41 Blakistons
1938 1585 85 29 son
2053 1576 38 39 &

165 1642 81 35 co.,
282 1630 88 40 inc.

92 1735 341 63 Arnheiter,
463 1735 319 54 Theodore.

159 1804 1869 72 The soul of a Christmas tree, by Theodore Arnheiter …
88 1881 1590 71 Boston, The Christopher publishing house [ ᶜ1 932 ]
161 1966 511 47 72 p. front. 21 ᶜᵐ .
159 2026 43 38 A
230 2032 151 39 poem.

99 2093 51 51 ©
178 2096 110 39 Jan.
316 2094 40 47 2,
384 2093 112 41 1932
515 2104 9 36 ;
554 2093 65 40 2c.
650 2093 109 40 Jan.
787 2092 55 39 14
860 2102 9 36 ;
900 2091 81 41 aff.
1012 2092 109 42 Jan.
1150 2092 54 40 15
1223 2103 9 36 ;
1264 2093 40 39 A
1331 2092 143 41 46913
1493 2104 9 36 ;
1535 2094 316 49 Christopher
165 2094 1908 106 publishing
283 2153 161 39 house.
515 2149 250 50 (32-3524)

95 2257 210 64 Ayres,
337 2255 173 64 Ruby
542 2253 268 54 Mildred.

165 2332 160 54 Look
352 2337 59 47 to
441 2332 98 53 the
569 2329 216 70 spring.
867 2330 362 66 [Instalment
1263 2334 80 49 12.
1421 2331 361 68 Conclusion]

174 2408 82 48 (In
283 2403 144 43 Mabs
457 2402 204 51 weekly,
690 2401 115 43 Dec.
837 2403 70 49 19,
939 2401 143 49 1931)

99 2475 1991 51 © 1c. Feb. 11, 1932 ; A ad int. 16061 ; pubd. Dec. 15, 1931 ; Ruby Mildred
166 2535 154 48 Ayres
347 2534 197 47 Pocock,
573 2532 300 48 Weybridge,
906 2532 192 48 Surrey,
1129 2533 236 47 England.

94 2638 211 64 Baker,
335 2640 324 62 Margaret,
692 2641 169 50 1890-

165 2711 254 54 Peacock
457 2728 154 52 eggs,
649 2710 77 69 by
764 2710 298 67 Margaret
1100 2709 113 52 and
1252 2709 171 68 Mary
1463 2709 205 53 Baker.
1747 2712 138 52 New
1928 2713 161 51 York

95 2786 925 72 city, Duffield & Green [ ᶜ1 932 ]
168 2867 753 53 [113] p. front., illus. 21 ᶜᵐ .
101 2939 51 51 ©
185 2942 108 39 Feb.
326 2943 39 45 1,
397 2940 113 41 1932
529 2951 8 36 ;
571 2940 67 40 2c.
670 2941 96 38 and
797 2939 80 40 aff.
911 2939 111 40 Feb.
1052 2939 27 38 4
1096 2949 8 36 ;
1139 2938 43 39 A
1210 2938 145 41 48289
1373 2950 9 36 ;
1416 2939 208 41 Duffield
1656 2941 36 40 &
1725 2941 169 44 Green.

178 2998 249 50 (32-3420)

100 3104 305 62 Bateman,
436 3102 206 62 Henry
671 3101 193 63 Mayo.

168 3179 123 51 The
322 3197 132 34 man
491 3178 126 52 who
654 3177 254 68 coughed
947 3182 58 47 at
1040 3177 97 51 the
1171 3176 218 53 income
1424 3182 99 48 tax
1557 3178 304 69 inspector.
99 3182 1965 127 Kensitas

265 3257 188 52 would
480 3257 145 51 have
652 3255 171 53 saved
852 3253 122 54 him
994 3254 9 52 !
1089 3256 109 66 [By
1226 3256 204 66 Henry
1459 3258 173 67 Mayo
1663 3260 281 52 Bateman
1976 3261 112 53 and

98 3336 261 52 Leonard
391 3337 139 51 Max
559 3333 235 67 Masius]

175 3409 83 48 (In
287 3405 199 43 London
516 3404 147 51 Daily
694 3417 220 38 express,
946 3402 110 43 Jan.
1089 3404 72 49 28,
1193 3404 144 50 1932)

104 3474 1988 57 © 1c. Feb. 17, 1932; A ad int. 16074; pubd. Jan. 28 ; J. Wix & sons, ltd.,
170 3536 210 38 London.

100 3635 181 56 Bible.
354 3638 71 51 N.
461 3639 62 51 T.
602 3635 253 67 Gospels.
929 3634 330 53 Selections.
1333 3635 264 67 English.

172 3712 120 53 The
315 3711 184 53 words
526 3711 112 52 and
663 3711 167 52 deeds
855 3711 63 52 of
942 3712 184 65 Jesus,
1152 3710 153 53 from
1327 3712 98 52 the
1446 3714 225 53 records
1694 3716 75 66 by
1793 3718 297 68 Matthew,

102 3789 186 65 Mark,
326 3788 160 53 Luke
524 3790 112 51 and
676 3789 171 53 John.
923 3788 162 68 King
1125 3788 194 53 James
1357 3793 344 52 translation
1742 3795 249 69 adapted
2030 3802 59 47 to

103 3866 255 53 children
393 3868 111 51 and
539 3867 281 66 arranged
853 3867 94 51 for
979 3867 173 67 study
1184 3866 243 54 without
1459 3877 281 47 comment
1772 3873 75 66 by
1881 3875 208 53 Edwin

103 3946 198 50 Faxon
330 3941 240 58 Osborh.
667 3944 92 52 [bk.
789 3947 48 62 3]
917 3944 368 67 Kalamazoo,
1313 3946 194 68 Mich.,
1535 3948 134 54 Life
1698 3953 392 55 conservation

103 4023 423 66 league [ ᶜ1 932]
