2563 4368
1365 4100 134 50 1302

418 486 171 64 Ford,
618 482 350 56 Antoinette
999 481 328 64 Elizabeth,
1359 483 171 53 1876-

487 560 234 70 Gopher
767 561 169 67 tales;
988 559 200 55 stories
1234 559 154 54 from
1433 560 95 51 the
1573 558 222 68 history
1842 558 64 53 of
1951 557 339 56 Minnesota,
2335 558 73 67 by

419 635 1990 70 Antoinette E. Ford … illustrated by Gertrude Spalier Kinder.
421 715 1520 68 Chicago, New York, Lyons & Carnahan [ ᶜ19 32]
489 785 1223 53 vi, 192 p. illus. (part col.) col. pl., map. 19½ ᶜᵐ.
426 845 51 52 ©
505 850 113 38 May
643 849 69 45 24,
739 847 112 40 1932;
907 846 65 40 2c.
999 846 121 45 Aug.
1147 845 81 47 19;
1258 845 81 41 aff.
1367 845 119 47 Aug.
1513 845 54 39 15;
1623 845 41 38 A
1690 843 170 48 53686;
1891 844 158 47 Lyons
2076 848 37 40 &
2140 842 273 42 Carnahan.

502 903 279 50 (32-22806)

421 1007 252 66 Freund,
705 1008 204 63 Ernst,
942 1011 169 50 1864-

490 1083 347 69 Legislative
877 1082 341 69 regulation,
1258 1100 30 33 a
1329 1080 170 69 study
1539 1081 64 52 of
1642 1082 94 51 the
1775 1099 154 50 ways
1969 1080 112 53 and
2120 1099 192 34 means
2352 1079 64 54 of

421 1156 1970 135 written law, by Ernst Freund … New York, The Commonwealth
494 1237 511 121 fund, 1932. xvi, 458 p. 24½ ᶜᵐ.
429 1366 51 52 ©
516 1371 127 39 June
675 1372 39 45 1,
749 1369 112 41 1932;
925 1369 67 40 2c.
1027 1370 95 38 and
1156 1368 81 41 aff.
1273 1370 126 38 June
1433 1369 54 37 11;
1553 1368 40 38 A
1627 1367 143 40 51716;
1836 1367 410 41 Commonwealth
2281 1367 137 41 fund.

506 1426 278 48 (32-22823)

424 1531 267 63 Friedeil,
731 1531 184 63 Egon.

493 1610 55 51 A
593 1608 248 50 cultural
886 1606 222 68 history
1154 1606 62 51 of
1262 1606 96 52 the
1403 1605 235 53 modern
1683 1624 130 50 age;
1863 1606 96 51 the
2004 1606 159 52 crisis
2211 1606 63 53 of
2320 1607 93 51 the

426 1685 307 68 European
776 1687 121 51 soul
942 1685 152 51 from
1137 1685 96 51 the
1277 1684 165 52 black
1485 1684 171 52 death
1700 1691 59 46 to
1803 1685 94 51 the
1941 1685 180 52 world
2166 1704 133 36 war,
2346 1685 69 66 by

429 1764 166 67 Egon
649 1762 268 53 Friedeil.
993 1763 341 52 Translated
1389 1763 153 52 from
1595 1763 95 52 the
1743 1762 249 55 German
2046 1764 74 68 by
2178 1764 234 55 Charles

426 1841 237 53 Francis
693 1841 305 52 Atkinson,
1072 1859 52 34 v.
1156 1845 48 48 3.
1278 1841 90 51 bk.
1400 1846 48 48 4.
1488 1841 412 53 Romanticism
1932 1842 113 52 and
2078 1842 310 53 liberalism;

427 1921 154 51 from
601 1919 96 52 the
720 1937 262 49 congress
1003 1919 63 53 of
1088 1920 223 52 Vienna
1335 1926 57 46 to
1415 1919 96 53 the
1535 1919 500 55 Franco-German
2060 1940 131 34 war.
2253 1922 89 52 bk.
2370 1926 45 48 5.

427 1996 386 69 Imperialism
868 1997 111 52 and
1032 1997 448 67 impressionism;
1563 1998 153 52 from
1768 1999 93 52 the
1917 2001 497 53 Franco-German

428 2094 116 34 war
586 2081 58 47 to
687 2075 95 52 the
825 2076 181 51 world
1048 2094 134 33 war.
1259 2076 300 68 Epilogue.
1635 2077 119 52 The
1799 2078 245 67 collapse
2089 2078 62 53 of
2195 2078 220 70 reality.

427 2155 138 51 New
597 2154 179 66 York,
805 2153 210 52 Alfred
1048 2156 70 50 A.
1152 2154 224 67 Knopf,
1410 2157 149 51 1932.

499 2226 64 41 ix.
590 2225 100 48 489,
715 2226 118 42 xlix,
864 2227 55 48 [1]
948 2237 43 37 p.
1046 2226 56 40 27ᶜᵐ.

435 2279 51 51 ©
518 2283 101 40 Oct.
649 2284 38 39 1.
718 2281 140 46 1932;
890 2283 66 39 2c.
989 2283 95 39 and
1113 2282 83 40 aff.
1228 2282 102 40 Oct.
1361 2284 26 37 4;
1447 2284 40 37 A
1519 2283 142 40 55390;
1721 2284 170 40 Alfred
1922 2286 55 40 A.
2010 2285 178 48 Knopf,
2220 2287 89 39 inc.

430 2400 280 64 Garrard,
740 2399 226 56 Phillis.

498 2477 183 53 Those
727 2475 355 69 Cartwright
1122 2475 184 69 twins,
1348 2477 73 68 by
1463 2477 210 55 Phillis
1715 2478 286 68 Garrard;
2045 2478 377 56 illustrations

430 2555 72 68 by
546 2554 177 52 Erick
765 2554 184 67 Berry
998 2553 211 67 [pseud.]
1312 2555 138 52 New
1494 2554 179 70 York,
1714 2557 259 68 London,
2014 2557 71 54 D.
2128 2558 295 68 Appleton

430 2633 113 52 and
569 2649 296 50 company,
893 2633 150 51 1932.

501 2703 941 51 5 p. l., 288, [1] p. front., illus. 19½ᶜᵐ.
439 2759 51 51 ©
521 2762 117 48 Aug.
671 2761 69 47 12,
770 2760 113 41 1932;
942 2761 67 40 2c.
1040 2763 95 37 and
1166 2761 82 41 aff.
1279 2763 119 45 Aug.
1430 2763 81 47 15;
1544 2764 41 38 A
1616 2764 169 48 54668;
1821 2766 55 40 D.
1908 2768 237 46 Appleton
2178 2768 35 39 &
2245 2779 67 30 co.

514 2817 281 49 (32-22976)

434 2918 196 68 Gault,
657 2918 225 54 Robert
906 2920 260 64 Harvey,
1196 2922 170 53 1874-

504 2995 1921 74 Criminology, by Robert H. Gault … Boston, New York
439 3072 1222 71 [etc.] D. C. Heath and company [ ᶜ19 32 ]
504 3145 1468 53 3 p. l., v-ix, 461 p. front. (port.) illus., diagrs. 23 ᶜᵐ.
507 3202 302 49 “Readings”
835 3204 53 38 at
913 3203 92 39 end
1031 3202 51 40 of
1107 3203 120 40 each
1252 3204 214 47 chapter.

442 3256 1966 107 © July 6, 1932; 2c. Aug. 25; aff. July 22; A 54529; R. H. Gault, Evanston, Ill. (32-22700)
440 3417 191 66 Gillet,
660 3419 164 64 Paul,
855 3419 170 55 1887-

568 3493 1655 75 … La sympathicothérapie. Paris, G. Doin & cⁱᵉ, 1932.
506 3566 908 50 2 p. l., [7]-222 p., 1 l. 1 illus. 24 ᶜᵐ.
506 3622 1025 44 At head of title: Docteur Paul Gillet.
446 3674 1982 58 © Dec. 19, 1931; 1c. July 23, 1932; A—Foreign 17543; Gaston Doin &
540 3733 57 40 cie.
667 3733 279 48 (32-23165)

442 3818 265 66 Golding,
736 3821 197 66 Louis,
966 3826 169 50 1895-

510 3896 278 53 Forward
838 3898 151 52 from
1038 3899 278 68 Babylon,
1365 3901 74 67 by
1486 3902 172 55 Louis
1708 3903 268 70 Golding.
2061 3907 135 53 New
2254 3905 172 72 York,

442 3972 214 53 Farrar
679 3976 46 51 &
748 3974 298 69 Rinehart,
1071 3976 394 67 incorporated
1608 3982 83 66 [ᶜ1932]
