2563 4368
1119 4053 133 55 1247

181 452 244 64 Sabath,
453 449 238 66 Joseph,
723 449 170 55 1870-

250 527 246 53 Divorce
532 527 138 51 laws
708 525 64 52 of
808 525 98 52 the
939 522 219 55 United
1199 520 205 68 States,
1443 519 251 69 Hawaii,
1734 519 235 69 Alaska,
2012 517 159 56 Cuba

182 605 113 52 and
345 604 242 66 Mexico,
637 602 75 68 by
766 601 216 68 Joseph
1037 598 218 56 Sabath
1309 600 112 51 and
1475 596 214 54 Morris
1742 596 74 53 K.
1869 596 301 53 Levinson.

187 677 1187 71 [Chicago, J. M. Simmons & co., ᶜ19 32]
250 751 549 50 4 p. l., 284 p. 23½ᶜᵐ.
187 806 51 52 ©
263 811 119 47 Aug.
407 810 67 47 10,
499 808 113 41 1932;
665 808 67 41 2c.
758 808 94 40 and
877 806 82 41 aff.
984 807 119 47 Aug.
1127 804 55 41 12;
1236 805 41 39 A
1302 805 142 40 54403;
1501 803 177 41 Morris
1703 804 60 40 K.
1788 802 253 47 Levinson,
255 800 1903 114 Chicago.

456 864 277 49 (32-21789)

182 954 203 65 Sager,
416 953 207 54 Daniel
652 954 291 65 Showers,
975 957 170 49 1859-

253 1031 121 52 The
423 1031 111 52 fine
585 1037 90 46 art
725 1030 64 52 of
839 1029 211 68 living;
1107 1048 31 33 a
1190 1027 275 69 practical
1518 1026 170 69 guide
1739 1033 58 47 to
1851 1026 324 69 well-being

183 1108 250 69 through
466 1126 210 50 proper
711 1107 208 69 eating,
953 1106 271 69 thinking
1259 1108 112 51 and
1405 1104 212 69 living;
1654 1124 29 34 a
1720 1105 349 67 symposium
2103 1123 71 33 on

184 1187 95 53 the
316 1186 389 68 preservation
743 1185 65 53 of
843 1185 195 53 health
1077 1188 113 51 and
1228 1185 96 52 the
1361 1184 334 67 prevention
1734 1183 64 53 of
1836 1183 242 54 diseases
2115 1183 59 52 in

184 1260 1968 151 the light of modern science, by Daniel S. Sager, M. D. Philadelphia,
462 1345 291 51 Dorrance
782 1346 44 50 &
854 1359 295 50 company,
1179 1341 105 52 inc.
1320 1374 13 34 [
1429 1344 64 48 ᶜ1932]

256 1416 85 40 215
376 1427 43 37 p.
479 1415 145 41 19½ᶜᵐ.

192 1470 50 52 ©
268 1474 113 48 Apr.
406 1474 38 46 2,
472 1474 113 39 1932;
640 1473 66 40 2c.
733 1476 95 38 and
854 1471 82 40 aff.
964 1472 113 46 May
1102 1470 54 39 21;
1213 1470 41 39 A
1279 1469 143 41 52077;
1479 1470 248 39 Dorrance
1754 1469 36 40 &
1816 1480 81 38 co.,
1925 1469 90 40 inc.

269 1530 277 48 (32-21803)

186 1620 264 64 Santelli,
484 1618 198 56 César.

322 1693 1859 70 … Le pain mal partagé … Paris, Éditions des portiques
192 1778 192 64 [ ᶜ19 32]
258 1846 753 52 3 p. l., [9]-252 p., 1 l. 19 ᶜᵐ .
191 1899 1990 63 © May 15, 1932; 1c. July 23; A— Foreign 17563; Éditions des portiques.
271 1969 278 48 (32-21838)

189 2057 337 66 Schneider,
556 2058 211 64 Georg,
799 2058 171 54 1876-

257 2134 327 54 Handbuch
642 2136 100 51 der
797 2133 440 70 bibliographie,
1292 2152 111 34 von
1461 2134 191 68 Georg
1712 2133 326 55 Schneider.
2113 2137 65 65 4.,

188 2212 264 68 gänzlich
498 2213 334 52 veränderte
876 2214 118 50 und
1039 2212 160 52 stark
1245 2230 173 34 verm.
1465 2210 128 54 aufl.
1667 2212 257 68 Leipzig,
1969 2214 74 51 K.
2087 2215 88 53 W.

189 2289 397 68 Hiersemann,
621 2293 147 52 1930.

263 2363 574 48 ix, 674 p., 1 l. 23½ᶜᵐ.
264 2420 100 39 The
395 2419 285 40 theoretical
710 2422 111 45 part
852 2419 225 41 included
1108 2420 50 38 in
1190 2421 83 38 the
1303 2420 175 39 earlier
1510 2419 209 40 editions
1750 2418 42 41 is
1824 2418 113 41 here
1970 2418 214 41 omitted.

196 2475 313 40 “Geschichte
536 2477 84 38 der
645 2474 379 50 bibliographie”
1063 2476 66 48 (p.
1157 2475 138 48 1-35)
1331 2475 42 41 is
1399 2476 228 40 followed
1654 2476 61 47 by
1742 2475 189 48 greatly
1956 2475 229 49 enlarged

193 2531 241 41 classified
464 2531 109 41 lists
601 2532 52 39 of
680 2530 391 50 bibliographies,
1103 2542 145 37 many
1275 2532 280 40 annotated.

197 2583 1987 53 © Sept. 28, 1930; 1c. Nov. 17; A—Foreign 10319; Karl W. Hiersemann.
275 2643 279 49 (31-10631)

191 2730 228 67 Snider,
449 2732 228 52 Luther
707 2732 270 64 Crocker,
1008 2738 169 49 1882-

196 2808 1964 132 … Earth history, by Luther C. Snider … with 335 illustrations … New
684 2887 1260 69 York, London, The Century co. [ ᶜ19 32 ]
266 2961 1921 50 xvi, 683 p. illus., diagrs. (1 fold.) 23 ᶜᵐ . (The Century earth science
193 3017 174 48 series)
491 3016 130 50 $4.50

268 3074 346 40 “References”
643 3077 50 37 at
719 3077 92 38 end
838 3074 53 40 of
916 3077 126 37 most
1067 3074 52 41 of
1147 3075 82 40 the
1255 3075 238 48 chapters.

201 3125 50 52 ©
277 3130 120 48 Aug.
422 3131 68 46 16,
517 3130 112 40 1932;
684 3131 67 40 2c.
778 3132 94 39 and
899 3130 82 41 aff.
1007 3131 119 47 Aug.
1152 3130 54 41 23;
1262 3131 41 39 A
1329 3131 143 41 54490;
1529 3132 49 39 L.
1648 3164 8 8 C.
1685 3131 186 49 Snider,
1898 3132 118 39 New
2043 3130 144 41 York.

278 3186 277 48 (32-22048)

195 3275 367 64 Swabacker,
592 3276 193 54 Leslie
812 3276 53 54 J.

263 3350 309 54 Husbands
607 3353 112 52 and
752 3354 202 66 lovers,
986 3353 76 67 by
1092 3353 183 53 Leslie
1310 3354 56 53 J.
1402 3353 354 56 Swabacker.
1827 3354 140 52 New
2003 3353 179 66 York,

191 3427 121 54 The
343 3429 316 66 Vanguard
692 3447 173 50 press,
899 3433 151 49 1932.

266 3500 612 49 5 p. l., 3-362 p. 19½ᶜᵐ.
200 3552 52 52 ©
283 3557 120 48 Aug.
434 3557 68 47 18,
535 3556 139 48 1932;
708 3558 67 40 2c.
808 3559 118 48 Aug.
960 3558 82 47 29;
1077 3558 82 41 aff.
1191 3559 118 48 Aug.
1343 3560 82 47 26;
1461 3561 41 39 A
1534 3559 169 47 54559;
1740 3560 262 47 Vanguard
2035 3571 151 37 press,

267 3612 90 41 inc.
428 3613 279 49 (32-21901)

193 3698 321 67 Thornton,
544 3702 197 51 Frank
768 3703 259 64 Weldon,
1056 3708 170 49 1863-

262 3776 204 53 Duties
499 3777 64 52 of
594 3778 96 52 the
723 3778 186 53 senior
942 3784 355 63 accountant,
1329 3780 75 68 by
1438 3782 65 51 F.
1537 3781 89 53 W.
1662 3780 313 52 Thornton.
2045 3780 138 52 New

195 3853 178 68 York,
409 3853 68 53 N.
516 3855 90 66 Y.,
641 3855 143 52 Pub.
823 3855 94 53 for
951 3856 95 52 the
1081 3855 307 54 American
1423 3858 258 53 institute
1717 3857 64 53 of
1818 3859 364 52 accountants

194 3930 1685 73 by the American institute publishing co., inc. [ ᶜ19 32]
