2563 4368
1054 4138 130 51 1981

132 528 290 67 Salaville,
452 528 296 56 Sévérien.

134 598 1967 154 … Liturgies orientales; notions générales, éléments principaux,
333 678 1543 72 par S. Salaville … [Paris] Bloud & Gay [1932]
136 750 1973 111 2 p. l., [7]-218 p., 1 l. 19 ᶜᵐ . (Bibliothèque catholique des sciences religieuses)
205 868 390 49 “Bibliographie
624 866 252 50 générale”:
937 878 43 37 p.
1013 865 246 51 [202]-205.

138 921 1666 53 © Oct. 3, 1932; 1c. Dec. 5; A— Foreign 18850; Bloud & Gay.
218 982 248 49 (33-3737)

140 1082 409 69 [Schmölders,
580 1084 245 67 Günter]

268 1157 1863 71 … Die brauindustrie in den Vereinigten Staaten in ihrer
135 1238 359 53 technischen
520 1238 117 52 und
663 1236 514 55 wirtschaftlichen
1206 1236 401 68 entwicklung.
1671 1236 217 68 Berlin,
136 1235 1969 133 Gesellschaft

359 1314 97 53 für
488 1315 89 52 die
610 1314 320 69 geschichte
961 1314 119 53 und
1111 1312 422 71 bibliographie
1567 1314 96 53 des
1695 1314 356 54 brauwesens
2086 1333 43 34 e.

176 1434 30 26 v.,
235 1395 150 50 1932.

211 1465 101 48 viii,
346 1464 98 47 195,
484 1466 54 49 [1]
575 1475 44 37 p.
683 1464 126 40 illus.
841 1464 14 49 (incl.
1008 1464 174 48 ports.)
1255 1462 145 41 22½ᶜᵐ.
1476 1462 533 51 (Veröffentlichungen
2047 1465 86 40 der

137 1520 324 42 Gesellschaft
491 1521 82 40 für
603 1521 76 40 die
711 1521 273 47 geschichte
1015 1522 97 39 und
1143 1519 351 49 bibliographie
1525 1521 84 40 des
1639 1521 312 40 brauwesens
1981 1532 38 29 e.
2053 1522 68 48 v.)

209 1576 307 42 “Literatur”:
576 1588 43 37 p.
652 1576 157 42 97-98.

474 1634 161 39 CONTENTS.—Die
677 1633 365 41 brauindustrie
1086 1633 51 39 in
1179 1634 92 39 den
1311 1632 312 47 Vereinigten
1667 1632 203 41 Staaten
1911 1644 93 29 von
2047 1634 86 39 der

139 1689 310 41 kolonialzeit
482 1689 75 41 bis
590 1700 85 30 zur
707 1691 289 46 gegenwart,
1031 1700 92 29 von
1159 1690 69 41 dr.
1264 1688 186 41 Günter
1487 1688 471 42 Schmölders.—Die
140 1689 1976 96 brautechnik

370 1747 50 38 in
457 1747 91 39 den
584 1744 310 49 Vereinigten
932 1744 203 41 Staaten
1173 1755 86 30 vor
1295 1746 97 39 und
1429 1746 124 39 nach
1591 1747 85 39 der
1713 1743 299 50 einführung
2048 1747 86 39 der

138 1802 309 47 prohibition,
476 1812 92 30 von
592 1801 129 41 John
745 1802 54 40 A.
827 1802 71 40 W.
926 1801 547 48 Hartung.—Ausblick.

143 1855 1991 52 © Feb. 1, 1932; 1c. Apr. 13; 1c. Dec. 6; A —Foreign 16434; Gesellschaft
210 1916 83 39 für
322 1916 78 40 die
424 1916 274 48 geschichte
727 1917 97 39 und
854 1916 351 48 bibliographie
1234 1918 83 38 des
1345 1917 323 48 brauwesens,
1699 1926 39 31 e.
1767 1927 42 30 v.

221 1971 249 49 (33-3302)

139 2070 425 70 Shakespeare,
600 2074 273 66 William,
911 2079 325 52 1564-1616.

272 2150 1862 69 … Le secret de Shakespeare: les sonnets. Paris, H. Didier,
141 2229 150 50 1932.

213 2297 741 52 2 p. l., [7]-230 p., 1 l. 19 ᶜᵐ .
210 2354 63 41 At
300 2355 125 41 head
451 2355 53 41 of
527 2356 108 41 title:
693 2356 219 41 Edmond
940 2356 334 42 L’Hommedé.

209 2411 44 38 A
285 2410 187 41 French
508 2412 296 41 translation
839 2413 52 39 of
925 2414 82 39 the
1044 2415 210 45 sonnets,
1292 2412 118 41 with
1451 2422 27 30 a
1515 2413 273 40 discussion
1826 2413 52 40 of
1914 2414 81 39 the
141 2423 1977 82 persons

279 2468 49 38 to
355 2468 155 39 whom
539 2469 114 46 they
679 2479 84 30 are
791 2469 276 40 addressed.

147 2519 1988 54 © Nov. 3, 1932; 1c. Oct. 19; A—Foreign 18333; Edmond L’Hommede,
216 2579 228 49 Quimper
483 2581 289 49 (Finistère)
812 2583 197 39 France.
1080 2582 250 49 (33-3316)

142 2679 304 68 Skillman,
477 2685 200 63 Harry
705 2686 233 63 Bowne,
972 2686 170 54 1874-

215 2761 135 50 1932
392 2759 374 69 Supplement
801 2767 59 48 to
898 2764 129 52 Van
1064 2763 835 68 Epps-Akin-Stevens-Gillen
146 2764 1962 140 indexdigests,

407 2838 255 53 Michie’s
692 2840 187 68 digest
906 2840 63 52 of
999 2840 276 54 decisions
1305 2841 63 53 of
1395 2843 96 52 the
1522 2842 275 68 Supreme
1828 2847 161 48 court
2019 2843 110 52 and

147 2913 181 55 Court
353 2915 62 52 of
443 2918 231 65 appeals
703 2917 63 54 of
794 2919 249 68 Georgia
1073 2920 111 51 and
1211 2919 95 53 the
1336 2920 249 68 Georgia
1612 2921 136 53 code;
1807 2920 324 69 embracing

146 2990 249 70 Georgia
439 2999 238 62 reports,
722 2997 250 52 volumes
1019 2997 256 68 171-173,
1320 2998 249 69 Georgia
1615 3000 233 67 appeals
1893 3005 240 62 reports,

146 3071 250 53 volumes
434 3074 83 63 42,
554 3075 84 63 43,
676 3074 111 52 and
825 3075 385 53 amendments
1248 3077 111 51 and
1400 3076 288 53 additions
1725 3077 164 53 made
1924 3078 76 68 by
2035 3078 99 52 the

147 3146 243 54 General
429 3150 278 67 assembly
744 3157 58 46 at
838 3153 94 52 the
969 3154 228 67 regular
1234 3155 210 52 session
1481 3155 63 53 of
1584 3158 148 49 1931.
1809 3157 89 67 By
1934 3156 199 67 Harry

146 3227 66 52 B.
244 3225 299 55 Skillman.
617 3229 259 56 Atlanta,
905 3231 120 54 The
1052 3233 285 52 Harrison
1366 3250 295 51 company,
1689 3237 150 51 1932.

215 3298 454 50 xiv. 920 p. 26 ᶜᵐ .
151 3350 51 52 ©
230 3356 112 41 Dec.
368 3357 38 45 8,
435 3355 113 42 1932;
604 3357 66 41 2c.
699 3360 94 39 and
821 3359 81 41 aff.
931 3360 110 41 Dec.
1069 3360 29 40 9;
1153 3362 40 39 A
1220 3362 143 40 57412;
1422 3362 241 41 Harrison
1691 3374 67 29 co.

146 3459 119 65 Sly,
294 3460 154 54 John
478 3461 291 56 Fairfield.

215 3538 120 52 The
361 3535 358 56 codification
747 3541 110 51 and
884 3541 266 69 drafting
1176 3543 63 52 of
1264 3544 332 53 ordinances
1623 3543 94 54 for
1743 3547 166 51 small
1933 3550 198 64 towns,

145 3613 1984 80 by John F. Sly … Jefferson B. Fordham … [and] George A.
145 3689 1962 146 Shipman … New York city, Municipal administration service, 1932.
215 3842 1916 61 3 p. l., 70 p. 25½ᶜᵐ. ([Municipal administration service, New York]
145 3898 319 48 Publication,
493 3910 74 30 no.
595 3899 81 50 29)

216 3954 186 40 “Model
441 3953 298 50 ordinances,
779 3960 275 48 standards,
1094 3962 366 47 specifications,
1501 3963 389 49 bibliographies,
1931 3967 95 39 and
146 3973 1970 77 selected

329 4010 197 40 articles
557 4012 158 40 useful
748 4013 50 40 in
829 4015 262 49 municipal
1122 4017 258 42 ordinance
1412 4020 209 47 making,
1654 4020 233 48 compiled
1920 4021 60 48 by
2014 4020 119 43 Miss

146 4064 239 42 Gertrude
412 4066 183 41 Lucas”:
655 4080 41 37 p.
725 4070 157 42 55-70.
