2563 4368
1119 4122 130 47 1835

180 499 287 65 Boynton,
498 499 205 64 Henry
731 497 273 65 Walcott,
1034 501 169 51 1869-

245 576 224 53 Annals
497 578 64 51 of
587 576 305 53 American
921 573 371 68 bookselling,
1322 577 325 64 1638-1850,
1676 573 76 67 by
1779 574 204 66 Henry
177 573 1966 134 Walcott

327 649 1840 73 Boynton … New York, J. Wiley & sons, inc.; London,
178 732 299 66 Chapman
506 736 45 49 &
580 733 159 64 Hall,
769 731 240 65 limited,
1042 734 149 48 1932.

249 803 63 48 ix,
341 803 86 40 208
453 813 43 37 p.
556 803 161 47 front.,
748 804 170 46 plates,
947 800 214 41 facsims.
1221 799 116 41 21ᶜᵐ.
1453 799 130 48 $3.00

250 860 207 40 “Source
485 859 174 41 books”:
718 870 43 37 p.
792 858 215 41 186-198.

182 914 51 52 ©
262 919 111 39 Dec.
401 918 67 40 12.
498 917 111 41 1932;
665 916 67 41 2c.
760 918 96 38 and
883 916 81 40 aff.
994 916 111 40 Dec.
1134 916 81 46 15;
1245 916 40 38 A
1313 915 143 40 58345;
1515 915 60 40 H.
1606 915 69 39 W.
1707 916 235 45 Boynton,
1972 913 199 49 Bristol,

250 975 53 39 R.
334 977 36 38 I.
442 974 278 48 (32-34820)

179 1076 275 66 Branom,
484 1075 315 56 Frederick
827 1075 295 66 Kenneth,
1154 1079 171 52 1891-

252 1151 1912 68 Our land and far lands, by Frederick K. Branom … and
182 1229 1909 67 Helen M. Ganev … New York, W. H. Sadlier, inc. [ᶜ1932]
256 1302 61 49 vi,
343 1303 71 48 82,
439 1315 42 36 V,
508 1303 83 40 186
615 1314 43 37 p.
686 1304 109 39 incl.
821 1303 128 40 illus.
979 1302 134 49 (part
1139 1303 111 48 col.)
1285 1312 150 38 maps,
1463 1302 180 49 diagrs.
1702 1302 86 40 col.
1816 1301 149 41 front.
2024 1301 146 42 26½ᶜᵐ.

195 1359 249 47 (Lettered
472 1370 61 29 on
561 1370 161 30 cover:
752 1359 159 40 Social
939 1359 275 48 geography
1244 1359 174 47 series)

184 1413 50 52 ©
263 1418 100 40 Oct.
391 1418 68 44 27,
487 1417 112 40 1932;
655 1417 66 40 2c.
750 1417 101 39 Oct.
879 1416 56 40 28;
991 1416 81 40 aff.
1101 1416 101 39 Oct.
1230 1417 81 41 20;
1342 1417 41 37 A
1408 1416 141 39 55741;
1609 1416 118 39 Wm.
1758 1415 58 40 H.
1850 1414 202 44 Sadlier,
2081 1415 91 39 inc.

261 1474 277 46 (32-34801)

181 1577 230 65 Brown,
440 1576 180 66 Alice,
652 1579 168 53 1857-

250 1654 121 51 The
394 1654 167 67 diary
585 1654 63 53 of
673 1673 31 34 a
727 1654 201 67 dryad,
951 1655 75 66 by
1049 1654 162 52 Alice
1236 1654 228 52 Brown.
1525 1655 234 64 Boston,
1782 1654 171 52 Mass.
1985 1655 185 65 [Press

181 1732 63 52 of
272 1734 65 50 T.
369 1733 165 52 Todd
563 1751 297 48 company]
897 1734 152 50 1932.

256 1803 699 50 2 p. l., 3-122 p., 1 l. 18ᶜᵐ.
185 1857 51 52 ©
268 1862 110 39 Dec.
410 1862 67 47 13,
510 1861 138 47 1932;
680 1861 67 40 2c.
779 1862 95 38 and
904 1860 80 41 aff.
1019 1861 111 39 Dec.
1162 1860 81 47 16;
1277 1861 40 38 A
1349 1860 170 47 57494;
1553 1861 54 40 A.
1640 1862 189 45 Brown,
1864 1861 182 39 Boston

262 1919 278 46 (32-35026)

181 2016 266 68 Bucklin,
478 2020 277 64 Clarissa,
784 2021 85 54 ed.

251 2095 292 54 Nebraska
575 2101 89 47 art
697 2096 113 53 and
842 2095 212 69 artists,
1088 2094 187 55 edited
1309 2096 74 69 by
1418 2094 251 56 Clarissa
1703 2095 264 54 Bucklin.
182 2096 1967 144 Lincoln,
368 2174 122 51 The
535 2172 205 55 School
783 2172 64 53 of
889 2172 112 53 fine
1043 2179 135 61 arts,
1222 2173 121 52 The
1389 2173 336 69 University
1772 2172 64 53 of
1880 2173 293 54 Nebraska

261 2253 118 64 [ ᶜ1 932]
252 2322 55 41 82
335 2333 44 37 p.
440 2323 126 39 illus.
596 2323 131 47 (incl.
757 2323 174 48 ports.)
999 2322 146 41 22½ᶜᵐ.

187 2376 51 52 ©
274 2381 102 41 Oct.
409 2381 55 40 27,
512 2380 111 41 1932;
686 2380 67 40 2c.
787 2382 95 38 and
916 2381 82 40 aff.
1034 2380 102 41 Oct.
1169 2382 82 45 31;
1287 2381 40 38 A
1361 2382 169 45 56813;
1570 2382 169 40 School
1774 2382 52 39 of
1874 2381 78 40 fine
1986 2385 104 36 arts
2126 2381 51 41 of

256 2438 81 39 the
364 2438 137 39 Univ.
528 2438 54 39 of
606 2438 263 39 Nebraska.
942 2436 279 48 (32-34672)

186 2539 256 67 Calkins,
472 2542 160 64 Gary
660 2543 263 64 Nathan,
956 2548 169 49 1869-

255 2618 122 52 The
413 2618 251 53 smallest
699 2617 187 70 living
921 2618 224 69 things;
1186 2617 106 55 life
1331 2638 60 34 as
1430 2618 260 54 revealed
1727 2617 76 71 by
1841 2617 96 55 the
184 2618 1965 145 microscope,

407 2694 1769 72 by Gary N. Calkins … New York, The University
184 2772 882 69 society, incorporated [ ᶜ1 932]
256 2844 1918 50 iv p., 2 l., 135 p. illus., diagrs. 23½ᶜᵐ. (The University series;
186 2900 266 49 highlights
478 2901 52 41 of
554 2903 196 39 modern
777 2901 293 49 knowledge.
1128 2901 349 49 Protistology)

257 2955 341 49 “Suggestions
624 2958 78 40 for
727 2957 196 42 further
949 2957 255 48 reading”:
1233 2967 42 39 p.
1303 2958 216 41 117-118.

190 3009 51 52 ©
270 3015 117 40 Nov.
413 3015 69 39 28.
511 3015 139 44 1832;
679 3015 67 41 2c.
775 3017 95 39 and
897 3016 82 40 aff.
1006 3017 116 39 Nov.
1150 3017 82 45 30;
1262 3017 40 38 A
1331 3016 145 41 57278;
1531 3016 249 41 University
1842 3028 106 35 soc.,
1978 3017 91 40 inc.

268 3071 276 48 (32-35196)

189 3174 221 65 Carew,
438 3175 261 54 Maurice
727 3176 74 54 N.

258 3251 122 52 The
401 3270 123 33 new
548 3257 253 48 contract
823 3253 173 66 guide
1020 3253 94 53 for
1140 3253 356 67 Culbertson,
1519 3254 198 53 official
1744 3254 112 53 and
1880 3254 295 65 standard,

189 3325 1961 146 by Maurice N. Carew … Philadelphia, Pa., Arnold & company [ᶜ1932]
262 3476 71 48 88,
377 3476 41 50 [8]
446 3487 44 39 p.
549 3476 116 42 18ᶜᵐ.

265 3531 159 41 Blank
446 3544 146 38 pages
614 3533 79 41 for
720 3534 205 50 “Bridge
950 3538 137 39 notes
1113 3537 94 39 and
1233 3537 341 40 memoranda”
1612 3537 49 49 (8
1685 3539 53 38 at
1761 3539 116 47 end)

263 3589 149 41 Table
441 3591 228 40 mounted
700 3603 59 28 on
788 3593 91 39 end
908 3592 335 49 lining-paper.

193 3641 51 52 ©
271 3646 118 40 Nov.
416 3647 67 42 11,
512 3646 112 41 1932;
681 3647 67 41 2c.
776 3647 117 41 Nov.
921 3648 53 39 12;
1031 3649 81 40 aff.
1141 3650 111 39 Dec.
1280 3650 25 39 3;
1363 3650 40 38 A
1430 3650 142 41 58203;
1632 3652 62 39 Μ.
1723 3651 55 38 N.
1809 3651 182 47 Carew,

260 3651 1900 98 Philadelphia.
538 3703 278 47 (32-34800)

191 3800 308 56 Casanova
523 3804 69 53 de
619 3804 284 65 Seingalt,
930 3805 273 55 Giacomo
1231 3807 314 66 Girolamo,
1573 3810 323 55 1725-1798.

259 3880 122 54 The
421 3882 266 53 memoirs
730 3882 64 53 of
837 3883 241 68 Jacques
1124 3884 323 68 Casanova;
1494 3886 325 55 illustrated
1861 3887 76 68 by
1980 3888 202 54 Victor

189 3955 1969 151 Candell. Garden City, N. Y., Garden City publishing company, inc. [ ᶜ1 932]
