2563 4368
1462 4054 63 49 98

485 446 214 67 Arnac,
729 450 236 64 Marcel,
998 456 170 49 1886-

553 526 182 52 Three
769 525 63 53 of
867 546 31 33 a
934 525 158 67 kind,
1126 525 227 55 written
1389 525 111 54 and
1535 525 322 54 illustrated
1894 525 74 67 by
2004 524 215 54 Marcel
2256 523 218 66 Arnac;

485 602 312 54 translated
826 602 73 67 by
930 602 173 54 Louis
1132 602 253 55 Colman.
1450 602 261 66 Newark,
1741 602 119 52 The
1890 601 200 54 Julian
2124 619 171 49 press,
2326 603 147 49 1931.

555 671 768 51 viii, 188, [1] p. illus. 21 ᶜᵐ .
557 726 1917 49 “This edition … a translation of Le brelan de joie, is limited to fifteen
485 785 220 40 hundred
735 784 172 49 copies,
938 784 52 41 of
1019 783 158 42 which
1207 783 99 42 this
1336 784 42 41 is
1410 794 118 38 copy
1556 785 202 39 number
1787 783 69 42 1.”

494 840 1873 52 © Dec. 1, 1931; 2c. Dec. 2; aff. Dec. 4; A 46775; Julian press, inc.
572 900 249 49 (32-3121)

489 990 337 65 Ashenden,
857 991 226 64 George
1112 991 266 64 Kenyon.

559 1068 122 54 The
716 1065 168 55 silent
916 1066 168 68 kings
1119 1066 111 53 and
1267 1067 272 66 thoughts
1573 1065 60 52 in
1668 1083 172 49 verse,
1875 1064 74 68 by
1987 1063 217 69 George
2240 1064 238 67 Kenyon

489 1143 320 54 Ashenden.
874 1143 232 67 Boston,
1137 1142 258 68 Chappie
1426 1141 332 68 publishing
1787 1159 292 50 company,
2109 1141 121 66 ltd.,
2262 1144 148 50 1931.

559 1213 89 41 120
675 1224 44 38 p.
778 1213 145 41 23½ᶜᵐ.

498 1269 51 52 ©
586 1274 111 39 Dec.
735 1273 38 47 5,
811 1272 139 47 1931;
988 1272 66 40 2c.
1092 1273 109 41 Feb.
1238 1273 40 48 1,
1315 1270 140 49 1932;
1493 1271 81 41 aff.
1612 1272 110 39 Dec.
1760 1271 69 48 28,
1866 1270 141 48 1931;
2047 1271 40 39 A
2122 1270 170 48 47342;
2333 1271 52 40 G.
2425 1272 57 38 K.

563 1330 270 46 Ashenden,
868 1330 195 39 Boston.
1135 1329 248 48 (32-3280)

497 1417 336 69 [Atherton,
859 1421 139 52 Mrs.
1025 1421 173 61 Mary
1232 1417 351 66 (Alderson)
1618 1417 294 55 Chandler]
1966 1424 170 49 1849-

562 1492 1917 70 Chandler shorthand revised, by Florence E. Stacy … assisted
490 1571 1994 70 by Martha L. Desmond … A. Anna Dyer … [and] Helen L.
493 1649 1992 67 Follansbee … 13th ed. Boston, Mass., The Chandler school,
495 1732 150 49 1931.

564 1800 512 50 xxii, 168 p. 19½ ᶜᵐ .
566 1857 233 40 Previous
834 1856 209 40 editions
1079 1856 123 39 have
1239 1856 108 40 title
1365 1867 8 28 :
1414 1856 100 39 The
1551 1855 243 41 Chandler
1832 1856 234 47 practical
2103 1856 270 40 shorthand
2409 1856 78 40 for

496 1914 202 46 schools,
729 1913 203 47 colleges
962 1913 95 39 and
1089 1911 420 41 self-instruction.

503 1967 51 52 ©
594 1971 126 47 Sept.
759 1970 68 48 25,
866 1968 111 41 1931;
1045 1968 66 40 2c.
1150 1970 95 38 and
1284 1968 81 40 aff.
1406 1968 100 40 Oct.
1546 1969 24 38 5;
1638 1969 41 38 A
1715 1969 143 40 48171;
1928 1969 243 41 Chandler
2210 1969 162 40 school
2410 1969 79 39 for

571 2037 196 36 women,
807 2027 89 39 inc.
967 2025 249 48 (32-3203)

497 2129 211 65 Baker,
736 2128 221 54 Robert
985 2129 246 63 Horace,
1263 2133 169 50 1883-

629 2207 1859 70 … The universe unfolding; the story of man’s increasing
495 2285 463 69 comprehension
980 2284 63 53 of
1066 2286 94 51 the
1182 2284 258 53 universe
1464 2286 217 52 around
1706 2285 137 69 him,
1865 2285 75 70 by
1961 2286 214 53 Robert
2198 2287 77 51 H.
2301 2285 188 54 Baker

500 2361 1964 132 … Baltimore, The Williams & Wilkins company and associates
699 2440 55 51 in
788 2439 362 68 cooperation
1180 2439 141 51 with
1351 2440 95 51 the
1478 2438 253 71 Century
1763 2440 64 52 of
1858 2458 262 51 progress
2152 2440 336 69 exposition,

502 2520 149 50 1932.

606 2629 9 14 x,
644 2596 85 41 140
756 2607 43 37 p.
860 2596 142 48 illus.,
1031 2595 26 41 8
1085 2606 76 38 pl.,
1192 2596 178 47 diagrs.
1429 2595 144 41 19½ᶜᵐ.
1645 2597 64 47 (A
1737 2599 203 47 century
1970 2597 54 41 of
2050 2608 224 39 progress
2305 2597 174 50 series)

509 2651 51 52 ©
589 2656 109 39 Jan.
728 2656 68 45 18,
826 2654 139 46 1932;
996 2654 66 40 2c.
1093 2656 95 38 and
1217 2654 80 39 aff.
1329 2655 108 41 Jan.
1468 2655 80 46 22;
1580 2655 40 39 A
1647 2656 171 47 47150;
1851 2657 240 40 Williams
2121 2658 36 39 &
2187 2656 207 41 Wilkins
2424 2669 67 30 co.

586 2711 249 48 (32-3101)

502 2811 282 67 Baldwin,
813 2814 220 63 James,
1064 2819 322 49 1841-1925.

571 2889 192 54 James
799 2888 311 54 Baldwin’s
1148 2887 216 69 George
1405 2889 392 68 Washington.
1874 2891 134 53 New
2050 2892 176 67 York,
503 2890 1963 130 Cincinnati

679 2965 1170 69 [etc.] American book company [ ᶜ1 932 ]
572 3035 1031 48 65 p. incl. front., port. plates. 18 ᶜᵐ .
573 3091 262 41 Published
858 3091 48 39 in
931 3090 114 41 1897
1069 3101 55 29 as
1148 3093 111 46 part
1283 3091 52 40 of
1358 3092 81 40 the
1464 3092 217 41 author’s
1709 3093 157 41 “Four
1889 3099 138 43 great
2052 3095 326 41 Americans”.

511 3146 51 52 ©
595 3152 108 38 Feb.
736 3152 39 40 1,
807 3149 138 46 1932;
978 3149 66 41 2c.
1076 3151 96 38 and
1202 3149 82 40 aff.
1315 3151 109 38 Feb.
1456 3152 52 44 3;
1543 3151 40 39 A
1613 3151 169 47 47422;
1817 3153 257 41 American
2105 3155 122 39 book
2258 3166 66 29 co.

589 3206 247 48 (32-3387)

506 3306 266 67 Balyeat,
801 3310 130 61 Ray
959 3310 252 61 Morton,
1244 3314 168 49 1889-

577 3390 314 69 Suggested
936 3389 212 67 recipes
1191 3390 112 51 and
1350 3388 136 54 food
1534 3390 123 53 lists
1705 3389 91 54 for
1844 3394 200 66 wheat,
2090 3413 107 51 egg
2242 3414 62 34 or
2351 3395 141 52 milk

507 3466 1984 70 free diets; the recipes … are primarily for those sensitive to
507 3542 1985 74 wheat, eggs or milk, or a combination of these foods … By
506 3620 1985 71 Ray M. Balyeat … and Herbert J. Rinkel … [Oklahoma
507 3695 1408 63 City, Press of Trave-Taylor company, ᶜ1 932]
575 3775 98 47 124,
708 3775 84 50 [12]
824 3785 43 37 p.
928 3775 125 40 illus.
1113 3774 145 41 28½ᶜᵐ.

577 3833 223 39 Includes
832 3831 147 40 blank
1011 3841 146 38 pages
1190 3832 78 40 for
1303 3832 310 41 “Additional
1649 3833 208 48 recipes”
1894 3836 95 39 and
2024 3835 159 41 “Food
2220 3837 182 46 diary”.

513 3886 51 52 ©
591 3891 108 39 Jan.
726 3890 67 46 19,
820 3889 139 46 1932;
986 3889 66 40 2c.
1080 3890 106 38 Jan.
1213 3888 82 47 29;
1324 3890 81 40 aff.
1433 3891 107 38 Jan.
1567 3891 81 46 28;
1677 3892 39 38 A
1742 3892 169 45 48188;
1941 3893 207 47 Balyeat
2174 3896 94 46 hay
2295 3895 136 40 fever
2457 3896 36 40 &

579 3946 192 41 asthma
800 3945 154 48 clinic,
986 3945 266 41 Oklahoma
1283 3946 122 47 City,
1437 3946 105 41 Okl.
1612 3948 248 48 (32-3350)
