<alto xmlns="http://www.loc.gov/standards/alto/ns-v3#" xmlns:xlink="http://www.w3.org/1999/xlink" xmlns:xsi="http://www.w3.org/2001/XMLSchema-instance" xsi:schemaLocation="http://www.loc.gov/standards/alto/ns-v3# http://www.loc.gov/alto/v3/alto-3-0.xsd"><Description>
<MeasurementUnit>pixel</MeasurementUnit>
<sourceImageInformation>
<fileName>1932_v29_part001.pdf</fileName>
</sourceImageInformation>
<OCRProcessing ID="IdOcr">
<ocrProcessingStep>
<processingDateTime>2019-04-25</processingDateTime>
<processingSoftware>
<softwareCreator>ABBYY</softwareCreator>
<softwareName>ABBYY Recognition Server</softwareName>
<softwareVersion>4.0</softwareVersion>
</processingSoftware>
</ocrProcessingStep>
</OCRProcessing>
</Description>
<Styles>
<ParagraphStyle ID="StyleId-FFFFFFFF-FFFF-FFFF-FFFF-FFFFFFFFFFFF-" ALIGN="Left" LEFT="0." RIGHT="0." FIRSTLINE="0."/>
<ParagraphStyle ID="StyleId-547D96D3-B2DE-4E86-A4BD-9DDFC275973A-" ALIGN="Left" LEFT="0." RIGHT="0." FIRSTLINE="0." LINESPACE="7.699999809"/>
<ParagraphStyle ID="StyleId-BE433B82-DF6F-491A-9872-F562FF4150C8-" ALIGN="Block" LEFT="0." RIGHT="0." FIRSTLINE="-13." LINESPACE="7.900000095"/>
<ParagraphStyle ID="StyleId-CC286467-50C5-4655-B0CF-BA365CCE0736-" ALIGN="Block" LEFT="0." RIGHT="0." FIRSTLINE="-15." LINESPACE="8.479999542"/>
<ParagraphStyle ID="StyleId-9878414D-BEDB-487D-971A-CF5ADB5C4AD2-" ALIGN="Block" LEFT="0." RIGHT="0." FIRSTLINE="-14." LINESPACE="10.92000008"/>
<ParagraphStyle ID="StyleId-EBC70DE5-3635-4BD4-B07B-05DF6EFE0022-" ALIGN="Block" LEFT="0." RIGHT="0." FIRSTLINE="-13." LINESPACE="12.19999981"/>
<ParagraphStyle ID="StyleId-8A688F83-F017-4D5D-A00A-14637016ED45-" ALIGN="Left" LEFT="0." RIGHT="0." FIRSTLINE="0." LINESPACE="9.399999619"/>
<ParagraphStyle ID="StyleId-20F0BBAE-20C6-42F4-8113-00B5C02924DC-" ALIGN="Left" LEFT="0." RIGHT="0." FIRSTLINE="0." LINESPACE="11.10000038"/>
<ParagraphStyle ID="StyleId-7AA70148-8873-4ACB-90AE-BF9322E02302-" ALIGN="Left" LEFT="0." RIGHT="0." FIRSTLINE="-13." LINESPACE="11.09000015"/>
<ParagraphStyle ID="StyleId-072EF7BA-7207-4F8B-9A7C-F564E8B4CB16-" ALIGN="Left" LEFT="0." RIGHT="0." FIRSTLINE="-14." LINESPACE="12.19999981"/>
<ParagraphStyle ID="StyleId-44303D12-21D7-4DB0-9E9F-87FA1A861DD7-" ALIGN="Block" LEFT="0." RIGHT="0." FIRSTLINE="-14." LINESPACE="10.92000008"/>
<ParagraphStyle ID="StyleId-43CF0D44-8AC2-4CD0-865F-942C78705184-" ALIGN="Block" LEFT="0." RIGHT="0." FIRSTLINE="-13." LINESPACE="12.19999981"/>
<ParagraphStyle ID="StyleId-7A298A86-29F5-413A-AEC9-078A4CC464D7-" ALIGN="Block" LEFT="0." RIGHT="0." FIRSTLINE="13." LINESPACE="12.19999981"/>
<ParagraphStyle ID="StyleId-8E4E86F7-C1F9-4A1A-B605-6B1FC1C8E9F7-" ALIGN="Left" LEFT="0." RIGHT="0." FIRSTLINE="0." LINESPACE="11.60000038"/>
<ParagraphStyle ID="StyleId-AB39791B-5ED1-444F-BEF5-2CFED1F2709A-" ALIGN="Left" LEFT="0." RIGHT="0." FIRSTLINE="-13." LINESPACE="11.09000015"/>
<ParagraphStyle ID="StyleId-C1F2EEE7-CD00-4E11-9EAD-B222287AEDA4-" ALIGN="Center" LEFT="0." RIGHT="0." FIRSTLINE="0." LINESPACE="11.10000038"/>
</Styles>
<Layout>
<Page ID="Page1220" PHYSICAL_IMG_NR="1220" HEIGHT="4368" WIDTH="2563">
<TopMargin HEIGHT="452" WIDTH="2563" VPOS="0" HPOS="0">
</TopMargin>
<LeftMargin HEIGHT="3610" WIDTH="298" VPOS="452" HPOS="0">
</LeftMargin>
<RightMargin HEIGHT="3610" WIDTH="223" VPOS="452" HPOS="2340">
</RightMargin>
<BottomMargin HEIGHT="306" WIDTH="2563" VPOS="4062" HPOS="0">
<TextBlock ID="Page1220_Block1" HEIGHT="74" WIDTH="158" VPOS="4070" HPOS="1254" LANG="en-US" STYLEREFS="StyleId-19DCDE9B-C244-4CFA-B5E2-2031AC65C733-">
<TextLine HEIGHT="50" WIDTH="137" VPOS="4080" HPOS="1264">
<String CONTENT="1220" HEIGHT="50" WIDTH="137" VPOS="4080" HPOS="1264"/>
</TextLine>
</TextBlock>
</BottomMargin>
<PrintSpace HEIGHT="3610" WIDTH="2042" VPOS="452" HPOS="298">
<TextBlock ID="Page1220_Block2" HEIGHT="3610" WIDTH="2042" VPOS="452" HPOS="298" LANG="en-US" CS="1" STYLEREFS="StyleId-6CFC68BA-8A1E-4A9B-9E4D-12D4848BB15F-">
<TextLine HEIGHT="52" WIDTH="815" VPOS="548" HPOS="380">
<String LANG="de" CONTENT="&#8220;Bibliographie&#8221;" HEIGHT="51" WIDTH="419" VPOS="549" HPOS="380"/>
<SP HEIGHT="41" WIDTH="18" VPOS="549" HPOS="800"/>
<String LANG="en-US" CONTENT=":" HEIGHT="30" WIDTH="9" VPOS="560" HPOS="819"/>
<SP HEIGHT="39" WIDTH="35" VPOS="560" HPOS="829"/>
<String LANG="la" CONTENT="p." HEIGHT="37" WIDTH="43" VPOS="562" HPOS="865"/>
<SP HEIGHT="31" WIDTH="38" VPOS="569" HPOS="909"/>
<String LANG="la" CONTENT="[210]-211." HEIGHT="52" WIDTH="247" VPOS="548" HPOS="948"/>
</TextLine>
<TextLine HEIGHT="111" WIDTH="1513" VPOS="617" HPOS="315" CS="1">
<String LANG="la" CONTENT="&#169;" HEIGHT="52" WIDTH="51" VPOS="620" HPOS="315"/>
<SP HEIGHT="52" WIDTH="27" VPOS="620" HPOS="367"/>
<String LANG="en-US" CONTENT="Mar." HEIGHT="38" WIDTH="121" VPOS="625" HPOS="395"/>
<SP HEIGHT="38" WIDTH="25" VPOS="623" HPOS="517"/>
<String LANG="la" CONTENT="10," HEIGHT="48" WIDTH="69" VPOS="622" HPOS="543"/>
<SP HEIGHT="48" WIDTH="24" VPOS="622" HPOS="613"/>
<String LANG="la" CS="1" CONTENT="1932;" HEIGHT="42" WIDTH="113" VPOS="620" HPOS="638"/>
<SP/>
<String LANG="la" CS="1" CONTENT="1c."/>
<SP/>
<String LANG="la" CONTENT="May" HEIGHT="46" WIDTH="113" VPOS="622" HPOS="903"/>
<SP HEIGHT="50" WIDTH="23" VPOS="618" HPOS="1017"/>
<String LANG="la" CS="1" CONTENT="9;" HEIGHT="41" WIDTH="30" VPOS="618" HPOS="1041"/>
<SP HEIGHT="47" WIDTH="27" VPOS="620" HPOS="1096"/>
<!-- cceid 0E162F14-6D7D-1014-B4A5-D7A31D17AB40 --><String LANG="la" CONTENT="A&#8212;" HEIGHT="38" WIDTH="101" VPOS="620" HPOS="1124"/>
<String LANG="en-US" CONTENT="Foreign" HEIGHT="48" WIDTH="206" VPOS="618" HPOS="1227"/>
<SP HEIGHT="39" WIDTH="25" VPOS="618" HPOS="1434"/>
<String LANG="la" CS="1" CONTENT="16816;" HEIGHT="41" WIDTH="146" VPOS="617" HPOS="1460"/>
<SP HEIGHT="47" WIDTH="29" VPOS="617" HPOS="1631"/>
<String LANG="en-US" CONTENT="Payot." HEIGHT="47" WIDTH="167" VPOS="617" HPOS="1661"/>
<SP/>
<String LANG="la" CONTENT="(32-21397)" HEIGHT="50" WIDTH="278" VPOS="678" HPOS="393"/>
</TextLine>
<TextLine HEIGHT="65" WIDTH="779" VPOS="781" HPOS="312" STYLEREFS="StyleId-73722F56-052C-46D4-B738-DD9E399158EA-">
<String CONTENT="Crane," HEIGHT="63" WIDTH="208" VPOS="783" HPOS="312"/>
<SP HEIGHT="64" WIDTH="30" VPOS="782" HPOS="521"/>
<String CONTENT="Warren" HEIGHT="55" WIDTH="248" VPOS="782" HPOS="552"/>
<SP HEIGHT="52" WIDTH="30" VPOS="781" HPOS="801"/>
<String CONTENT="Eugene." HEIGHT="63" WIDTH="259" VPOS="781" HPOS="832"/>
</TextLine>
<TextLine HEIGHT="73" WIDTH="1919" VPOS="852" HPOS="381" STYLEREFS="StyleId-73722F56-052C-46D4-B738-DD9E399158EA-" CS="1">
<String CONTENT="Totem" HEIGHT="53" WIDTH="200" VPOS="859" HPOS="381"/>
<SP HEIGHT="48" WIDTH="35" VPOS="864" HPOS="582"/>
<String CONTENT="tales," HEIGHT="67" WIDTH="158" VPOS="858" HPOS="618"/>
<SP HEIGHT="69" WIDTH="33" VPOS="856" HPOS="777"/>
<String CONTENT="by" HEIGHT="69" WIDTH="76" VPOS="856" HPOS="811"/>
<SP HEIGHT="67" WIDTH="34" VPOS="858" HPOS="888"/>
<String CONTENT="Warren" HEIGHT="53" WIDTH="243" VPOS="858" HPOS="923"/>
<SP HEIGHT="52" WIDTH="35" VPOS="857" HPOS="1167"/>
<String CONTENT="E." HEIGHT="52" WIDTH="67" VPOS="857" HPOS="1203"/>
<SP HEIGHT="54" WIDTH="39" VPOS="856" HPOS="1271"/>
<String CONTENT="Crane" HEIGHT="54" WIDTH="185" VPOS="856" HPOS="1311"/>
<SP HEIGHT="34" WIDTH="37" VPOS="873" HPOS="1497"/>
<String CS="1" CONTENT="&#8230;"/>
<SP HEIGHT="53" WIDTH="76" VPOS="854" HPOS="1593"/>
<String CONTENT="New" HEIGHT="53" WIDTH="139" VPOS="854" HPOS="1670"/>
<SP HEIGHT="52" WIDTH="35" VPOS="854" HPOS="1810"/>
<String CONTENT="York," HEIGHT="65" WIDTH="179" VPOS="853" HPOS="1846"/>
<SP HEIGHT="65" WIDTH="33" VPOS="853" HPOS="2026"/>
<String CONTENT="London" HEIGHT="52" WIDTH="240" VPOS="852" HPOS="2060"/>
</TextLine>
<TextLine HEIGHT="72" WIDTH="1311" VPOS="933" HPOS="318" STYLEREFS="StyleId-73722F56-052C-46D4-B738-DD9E399158EA-" CS="1">
<String CONTENT="[etc.]" HEIGHT="63" WIDTH="137" VPOS="942" HPOS="318"/>
<SP HEIGHT="68" WIDTH="37" VPOS="937" HPOS="456"/>
<String CONTENT="Fleming" HEIGHT="68" WIDTH="265" VPOS="935" HPOS="494"/>
<SP HEIGHT="67" WIDTH="27" VPOS="936" HPOS="760"/>
<String CONTENT="H." HEIGHT="53" WIDTH="77" VPOS="936" HPOS="788"/>
<SP HEIGHT="55" WIDTH="28" VPOS="934" HPOS="866"/>
<String CONTENT="Revell" HEIGHT="53" WIDTH="199" VPOS="933" HPOS="895"/>
<SP HEIGHT="51" WIDTH="27" VPOS="934" HPOS="1095"/>
<String CONTENT="company" HEIGHT="50" WIDTH="279" VPOS="950" HPOS="1123"/>
<SP HEIGHT="49" WIDTH="33" VPOS="951" HPOS="1403"/>
<String CONTENT="[" HEIGHT="34" WIDTH="13" VPOS="965" HPOS="1437"/>
<String STYLE="superscript" CS="1" CONTENT="&#7580;1"/>
<String CONTENT="932]" HEIGHT="64" WIDTH="118" VPOS="935" HPOS="1511"/>
</TextLine>
<TextLine HEIGHT="53" WIDTH="452" VPOS="1006" HPOS="387" CS="1">
<String CONTENT="95" HEIGHT="42" WIDTH="58" VPOS="1009" HPOS="387"/>
<SP HEIGHT="50" WIDTH="24" VPOS="1009" HPOS="446"/>
<String CONTENT="p." HEIGHT="38" WIDTH="44" VPOS="1021" HPOS="471"/>
<SP HEIGHT="42" WIDTH="55" VPOS="1008" HPOS="516"/>
<String CONTENT="front." HEIGHT="40" WIDTH="150" VPOS="1008" HPOS="572"/>
<SP HEIGHT="40" WIDTH="58" VPOS="1008" HPOS="723"/>
<String CS="1" CONTENT="19&#189;" HEIGHT="42" WIDTH="57" VPOS="1006" HPOS="782"/>
<String STYLE="superscript" CS="1" CONTENT="&#7580;&#7504;."/>
</TextLine>
<TextLine HEIGHT="109" WIDTH="1986" VPOS="1075" HPOS="322" CS="1">
<String CONTENT="&#169;" HEIGHT="52" WIDTH="51" VPOS="1077" HPOS="322"/>
<SP HEIGHT="52" WIDTH="30" VPOS="1077" HPOS="374"/>
<String CONTENT="July" HEIGHT="40" WIDTH="115" VPOS="1081" HPOS="405"/>
<SP HEIGHT="39" WIDTH="28" VPOS="1082" HPOS="521"/>
<String CONTENT="15," HEIGHT="46" WIDTH="69" VPOS="1080" HPOS="550"/>
<SP HEIGHT="44" WIDTH="28" VPOS="1082" HPOS="620"/>
<String CONTENT="1932;" HEIGHT="46" WIDTH="141" VPOS="1079" HPOS="649"/>
<SP HEIGHT="47" WIDTH="30" VPOS="1078" HPOS="791"/>
<String CONTENT="2c." HEIGHT="41" WIDTH="66" VPOS="1078" HPOS="822"/>
<SP HEIGHT="29" WIDTH="30" VPOS="1089" HPOS="889"/>
<String CONTENT="and" HEIGHT="38" WIDTH="95" VPOS="1080" HPOS="920"/>
<SP HEIGHT="38" WIDTH="30" VPOS="1080" HPOS="1016"/>
<String CONTENT="aff." HEIGHT="41" WIDTH="81" VPOS="1077" HPOS="1047"/>
<SP HEIGHT="39" WIDTH="31" VPOS="1079" HPOS="1129"/>
<String CONTENT="Aug." HEIGHT="46" WIDTH="119" VPOS="1079" HPOS="1161"/>
<SP HEIGHT="39" WIDTH="28" VPOS="1078" HPOS="1281"/>
<String CONTENT="17;" HEIGHT="45" WIDTH="81" VPOS="1078" HPOS="1310"/>
<SP HEIGHT="46" WIDTH="32" VPOS="1077" HPOS="1392"/>
<!-- cceid 0E168303-6D7D-1014-B4A5-D7A31D17AB40 --><String CONTENT="A" HEIGHT="38" WIDTH="41" VPOS="1077" HPOS="1425"/>
<SP HEIGHT="39" WIDTH="29" VPOS="1077" HPOS="1467"/>
<String CONTENT="53660;" HEIGHT="47" WIDTH="169" VPOS="1075" HPOS="1497"/>
<SP HEIGHT="46" WIDTH="33" VPOS="1076" HPOS="1667"/>
<String CONTENT="Fleming" HEIGHT="46" WIDTH="221" VPOS="1075" HPOS="1701"/>
<SP HEIGHT="46" WIDTH="26" VPOS="1075" HPOS="1923"/>
<String CONTENT="H." HEIGHT="38" WIDTH="58" VPOS="1075" HPOS="1950"/>
<SP HEIGHT="38" WIDTH="31" VPOS="1075" HPOS="2009"/>
<String CONTENT="Revell" HEIGHT="39" WIDTH="166" VPOS="1075" HPOS="2041"/>
<SP HEIGHT="39" WIDTH="31" VPOS="1075" HPOS="2208"/>
<String CONTENT="co." HEIGHT="30" WIDTH="68" VPOS="1084" HPOS="2240"/>
<SP/>
<String CONTENT="(32-21301)" HEIGHT="48" WIDTH="278" VPOS="1136" HPOS="398"/>
</TextLine>
<TextLine HEIGHT="66" WIDTH="791" VPOS="1238" HPOS="317" STYLEREFS="StyleId-73722F56-052C-46D4-B738-DD9E399158EA-">
<String CONTENT="Dobyns," HEIGHT="65" WIDTH="260" VPOS="1239" HPOS="317"/>
<SP HEIGHT="65" WIDTH="31" VPOS="1239" HPOS="578"/>
<String CONTENT="Fletcher," HEIGHT="64" WIDTH="292" VPOS="1238" HPOS="610"/>
<SP HEIGHT="59" WIDTH="33" VPOS="1243" HPOS="903"/>
<String CONTENT="1872-" HEIGHT="54" WIDTH="171" VPOS="1238" HPOS="937"/>
</TextLine>
<TextLine HEIGHT="70" WIDTH="1918" VPOS="1313" HPOS="388" STYLEREFS="StyleId-73722F56-052C-46D4-B738-DD9E399158EA-">
<String CONTENT="The" HEIGHT="53" WIDTH="122" VPOS="1316" HPOS="388"/>
<SP HEIGHT="35" WIDTH="28" VPOS="1334" HPOS="511"/>
<String CONTENT="underworld" HEIGHT="53" WIDTH="366" VPOS="1315" HPOS="540"/>
<SP HEIGHT="53" WIDTH="31" VPOS="1315" HPOS="907"/>
<String CONTENT="of" HEIGHT="52" WIDTH="63" VPOS="1315" HPOS="939"/>
<SP HEIGHT="53" WIDTH="30" VPOS="1315" HPOS="1003"/>
<String CONTENT="American" HEIGHT="53" WIDTH="307" VPOS="1315" HPOS="1034"/>
<SP HEIGHT="51" WIDTH="30" VPOS="1332" HPOS="1342"/>
<String CONTENT="politics," HEIGHT="69" WIDTH="247" VPOS="1314" HPOS="1373"/>
<SP HEIGHT="67" WIDTH="29" VPOS="1314" HPOS="1621"/>
<String CONTENT="by" HEIGHT="66" WIDTH="76" VPOS="1314" HPOS="1651"/>
<SP HEIGHT="65" WIDTH="29" VPOS="1315" HPOS="1728"/>
<String CONTENT="Fletcher" HEIGHT="52" WIDTH="264" VPOS="1314" HPOS="1758"/>
<SP HEIGHT="51" WIDTH="30" VPOS="1315" HPOS="2023"/>
<String CONTENT="Dobyns." HEIGHT="68" WIDTH="252" VPOS="1313" HPOS="2054"/>
</TextLine>
<TextLine HEIGHT="68" WIDTH="947" VPOS="1393" HPOS="318" STYLEREFS="StyleId-73722F56-052C-46D4-B738-DD9E399158EA-" CS="1">
<String CONTENT="New" HEIGHT="52" WIDTH="138" VPOS="1396" HPOS="318"/>
<SP HEIGHT="53" WIDTH="31" VPOS="1394" HPOS="457"/>
<String CONTENT="York," HEIGHT="68" WIDTH="180" VPOS="1393" HPOS="489"/>
<SP HEIGHT="68" WIDTH="30" VPOS="1393" HPOS="670"/>
<String CONTENT="F." HEIGHT="53" WIDTH="65" VPOS="1393" HPOS="701"/>
<SP HEIGHT="53" WIDTH="31" VPOS="1393" HPOS="767"/>
<String CONTENT="Dobyns" HEIGHT="68" WIDTH="235" VPOS="1393" HPOS="799"/>
<SP HEIGHT="46" WIDTH="37" VPOS="1413" HPOS="1035"/>
<String CS="1" CONTENT="["/>
<String STYLE="superscript" CS="1" CONTENT="&#7580;1"/>
<String CONTENT="932]" HEIGHT="63" WIDTH="118" VPOS="1394" HPOS="1147"/>
</TextLine>
<TextLine HEIGHT="51" WIDTH="807" VPOS="1465" HPOS="388" STYLEREFS="StyleId-73722F56-052C-46D4-B738-DD9E399158EA-" CS="1">
<String CONTENT="xii," HEIGHT="49" WIDTH="86" VPOS="1467" HPOS="388"/>
<SP HEIGHT="48" WIDTH="33" VPOS="1468" HPOS="475"/>
<String CONTENT="211" HEIGHT="40" WIDTH="85" VPOS="1467" HPOS="509"/>
<SP HEIGHT="48" WIDTH="34" VPOS="1467" HPOS="595"/>
<String CONTENT="p." HEIGHT="37" WIDTH="43" VPOS="1478" HPOS="630"/>
<SP HEIGHT="41" WIDTH="58" VPOS="1465" HPOS="674"/>
<String CONTENT="front.," HEIGHT="49" WIDTH="162" VPOS="1465" HPOS="733"/>
<SP HEIGHT="38" WIDTH="36" VPOS="1477" HPOS="896"/>
<String CONTENT="ports." HEIGHT="46" WIDTH="148" VPOS="1469" HPOS="933"/>
<SP HEIGHT="40" WIDTH="59" VPOS="1466" HPOS="1082"/>
<String CS="1" CONTENT="21&#189;" HEIGHT="39" WIDTH="53" VPOS="1466" HPOS="1142"/>
<String STYLE="superscript" CS="1" CONTENT="&#7580;&#7504;."/>
</TextLine>
<TextLine HEIGHT="53" WIDTH="1918" VPOS="1518" HPOS="393" CS="1">
<String CONTENT="&#8220;The" HEIGHT="40" WIDTH="129" VPOS="1524" HPOS="393"/>
<SP HEIGHT="29" WIDTH="30" VPOS="1535" HPOS="523"/>
<String CONTENT="story" HEIGHT="45" WIDTH="136" VPOS="1526" HPOS="554"/>
<SP HEIGHT="37" WIDTH="31" VPOS="1534" HPOS="691"/>
<String CONTENT="of" HEIGHT="41" WIDTH="53" VPOS="1523" HPOS="723"/>
<SP HEIGHT="40" WIDTH="29" VPOS="1523" HPOS="777"/>
<String CONTENT="the" HEIGHT="39" WIDTH="84" VPOS="1524" HPOS="807"/>
<SP HEIGHT="30" WIDTH="31" VPOS="1533" HPOS="892"/>
<String CONTENT="origin," HEIGHT="49" WIDTH="169" VPOS="1522" HPOS="924"/>
<SP HEIGHT="46" WIDTH="34" VPOS="1524" HPOS="1094"/>
<String CONTENT="development," HEIGHT="48" WIDTH="346" VPOS="1522" HPOS="1129"/>
<SP HEIGHT="37" WIDTH="33" VPOS="1533" HPOS="1476"/>
<String CONTENT="and" HEIGHT="39" WIDTH="96" VPOS="1523" HPOS="1510"/>
<SP HEIGHT="39" WIDTH="33" VPOS="1523" HPOS="1607"/>
<String CONTENT="triumph" HEIGHT="48" WIDTH="215" VPOS="1521" HPOS="1641"/>
<SP HEIGHT="39" WIDTH="33" VPOS="1522" HPOS="1857"/>
<String CONTENT="of" HEIGHT="40" WIDTH="51" VPOS="1521" HPOS="1891"/>
<SP HEIGHT="40" WIDTH="34" VPOS="1521" HPOS="1943"/>
<String CS="1" CONTENT="&#8230;"/>
<SP HEIGHT="42" WIDTH="36" VPOS="1520" HPOS="2024"/>
<String CONTENT="Chicago&#8217;s" HEIGHT="51" WIDTH="250" VPOS="1518" HPOS="2061"/>
</TextLine>
<TextLine HEIGHT="51" WIDTH="792" VPOS="1578" HPOS="320">
<String CONTENT="Tammany" HEIGHT="47" WIDTH="269" VPOS="1582" HPOS="320"/>
<SP HEIGHT="48" WIDTH="25" VPOS="1581" HPOS="590"/>
<String CONTENT="hall.&#8221;&#8212;Pref.," HEIGHT="49" WIDTH="352" VPOS="1578" HPOS="616"/>
<SP HEIGHT="37" WIDTH="27" VPOS="1591" HPOS="969"/>
<String CONTENT="p." HEIGHT="37" WIDTH="42" VPOS="1591" HPOS="997"/>
<SP HEIGHT="30" WIDTH="28" VPOS="1590" HPOS="1040"/>
<String CONTENT="v." HEIGHT="31" WIDTH="43" VPOS="1590" HPOS="1069"/>
</TextLine>
<TextLine HEIGHT="108" WIDTH="1678" VPOS="1647" HPOS="327" CS="1">
<String CONTENT="&#169;" HEIGHT="52" WIDTH="52" VPOS="1647" HPOS="327"/>
<SP HEIGHT="52" WIDTH="28" VPOS="1647" HPOS="380"/>
<String CONTENT="Aug." HEIGHT="47" WIDTH="119" VPOS="1652" HPOS="409"/>
<SP HEIGHT="39" WIDTH="31" VPOS="1652" HPOS="529"/>
<String CONTENT="18," HEIGHT="46" WIDTH="68" VPOS="1651" HPOS="561"/>
<SP HEIGHT="45" WIDTH="28" VPOS="1652" HPOS="630"/>
<String CS="1" CONTENT="1932;" HEIGHT="41" WIDTH="113" VPOS="1650" HPOS="659"/>
<SP HEIGHT="46" WIDTH="31" VPOS="1651" HPOS="799"/>
<String CONTENT="2c." HEIGHT="40" WIDTH="67" VPOS="1651" HPOS="831"/>
<SP HEIGHT="30" WIDTH="30" VPOS="1661" HPOS="899"/>
<String CONTENT="and" HEIGHT="38" WIDTH="93" VPOS="1652" HPOS="930"/>
<SP HEIGHT="38" WIDTH="32" VPOS="1652" HPOS="1024"/>
<String CONTENT="aff." HEIGHT="40" WIDTH="81" VPOS="1650" HPOS="1057"/>
<SP HEIGHT="38" WIDTH="29" VPOS="1651" HPOS="1139"/>
<String CONTENT="Aug." HEIGHT="47" WIDTH="120" VPOS="1651" HPOS="1169"/>
<SP HEIGHT="40" WIDTH="29" VPOS="1651" HPOS="1290"/>
<String CS="1" CONTENT="19;" HEIGHT="40" WIDTH="56" VPOS="1649" HPOS="1320"/>
<SP HEIGHT="47" WIDTH="33" VPOS="1650" HPOS="1402"/>
<!-- cceid 0E16CD38-6D7D-1014-B4A5-D7A31D17AB40 --><String CONTENT="A" HEIGHT="39" WIDTH="40" VPOS="1650" HPOS="1436"/>
<SP HEIGHT="40" WIDTH="29" VPOS="1650" HPOS="1477"/>
<String CS="1" CONTENT="53704;" HEIGHT="41" WIDTH="143" VPOS="1649" HPOS="1507"/>
<SP HEIGHT="46" WIDTH="33" VPOS="1650" HPOS="1678"/>
<String CONTENT="F." HEIGHT="41" WIDTH="51" VPOS="1650" HPOS="1712"/>
<SP HEIGHT="41" WIDTH="30" VPOS="1650" HPOS="1764"/>
<String CONTENT="Dobyns." HEIGHT="48" WIDTH="210" VPOS="1649" HPOS="1795"/>
<SP/>
<String CONTENT="(32-21461)" HEIGHT="48" WIDTH="278" VPOS="1707" HPOS="406"/>
</TextLine>
<TextLine HEIGHT="66" WIDTH="1245" VPOS="1809" HPOS="323" STYLEREFS="StyleId-73722F56-052C-46D4-B738-DD9E399158EA-">
<String CONTENT="Dodge," HEIGHT="65" WIDTH="222" VPOS="1810" HPOS="323"/>
<SP HEIGHT="63" WIDTH="23" VPOS="1812" HPOS="546"/>
<String CONTENT="Mrs." HEIGHT="52" WIDTH="138" VPOS="1812" HPOS="570"/>
<SP HEIGHT="52" WIDTH="25" VPOS="1811" HPOS="709"/>
<String CONTENT="Mary" HEIGHT="63" WIDTH="173" VPOS="1811" HPOS="735"/>
<SP HEIGHT="65" WIDTH="32" VPOS="1810" HPOS="909"/>
<String CONTENT="(Mapes)" HEIGHT="66" WIDTH="265" VPOS="1809" HPOS="942"/>
<SP HEIGHT="65" WIDTH="35" VPOS="1809" HPOS="1208"/>
<String CONTENT="1838-1905." HEIGHT="51" WIDTH="324" VPOS="1814" HPOS="1244"/>
</TextLine>
<TextLine HEIGHT="71" WIDTH="1891" VPOS="1884" HPOS="397" STYLEREFS="StyleId-73722F56-052C-46D4-B738-DD9E399158EA-" CS="1">
<String CONTENT="Hans" HEIGHT="53" WIDTH="165" VPOS="1887" HPOS="397"/>
<SP HEIGHT="52" WIDTH="23" VPOS="1888" HPOS="563"/>
<String CS="1" CONTENT="Brinker;" HEIGHT="52" WIDTH="248" VPOS="1887" HPOS="587"/>
<SP HEIGHT="48" WIDTH="28" VPOS="1904" HPOS="862"/>
<String CONTENT="or," HEIGHT="47" WIDTH="80" VPOS="1904" HPOS="891"/>
<SP HEIGHT="64" WIDTH="23" VPOS="1887" HPOS="972"/>
<String CONTENT="The" HEIGHT="53" WIDTH="122" VPOS="1886" HPOS="996"/>
<SP HEIGHT="34" WIDTH="21" VPOS="1905" HPOS="1119"/>
<String CONTENT="silver" HEIGHT="51" WIDTH="172" VPOS="1887" HPOS="1141"/>
<SP HEIGHT="33" WIDTH="22" VPOS="1906" HPOS="1314"/>
<String CONTENT="skates," HEIGHT="69" WIDTH="203" VPOS="1885" HPOS="1337"/>
<SP HEIGHT="68" WIDTH="22" VPOS="1886" HPOS="1541"/>
<String CONTENT="by" HEIGHT="69" WIDTH="77" VPOS="1886" HPOS="1564"/>
<SP HEIGHT="69" WIDTH="20" VPOS="1886" HPOS="1642"/>
<String CONTENT="Mary" HEIGHT="69" WIDTH="170" VPOS="1886" HPOS="1663"/>
<SP HEIGHT="69" WIDTH="24" VPOS="1886" HPOS="1834"/>
<String CONTENT="Mapes" HEIGHT="67" WIDTH="199" VPOS="1886" HPOS="1859"/>
<SP HEIGHT="53" WIDTH="25" VPOS="1886" HPOS="2059"/>
<String CS="1" CONTENT="Dodge;" HEIGHT="69" WIDTH="203" VPOS="1884" HPOS="2085"/>
</TextLine>
<TextLine HEIGHT="72" WIDTH="1987" VPOS="1962" HPOS="329" STYLEREFS="StyleId-73722F56-052C-46D4-B738-DD9E399158EA-">
<String CONTENT="illustrated" HEIGHT="53" WIDTH="323" VPOS="1966" HPOS="329"/>
<SP HEIGHT="52" WIDTH="26" VPOS="1966" HPOS="653"/>
<String CONTENT="in" HEIGHT="51" WIDTH="59" VPOS="1966" HPOS="680"/>
<SP HEIGHT="34" WIDTH="24" VPOS="1983" HPOS="740"/>
<String CONTENT="color" HEIGHT="51" WIDTH="153" VPOS="1966" HPOS="765"/>
<SP HEIGHT="52" WIDTH="23" VPOS="1965" HPOS="919"/>
<String CONTENT="by" HEIGHT="69" WIDTH="76" VPOS="1965" HPOS="943"/>
<SP HEIGHT="68" WIDTH="24" VPOS="1966" HPOS="1020"/>
<String LANG="fr" CONTENT="N." HEIGHT="52" WIDTH="69" VPOS="1966" HPOS="1045"/>
<SP HEIGHT="55" WIDTH="28" VPOS="1964" HPOS="1115"/>
<String CONTENT="C." HEIGHT="55" WIDTH="63" VPOS="1964" HPOS="1144"/>
<SP HEIGHT="53" WIDTH="24" VPOS="1965" HPOS="1208"/>
<String CONTENT="Wyeth" HEIGHT="68" WIDTH="212" VPOS="1965" HPOS="1233"/>
<SP HEIGHT="52" WIDTH="27" VPOS="1965" HPOS="1446"/>
<String CONTENT="and" HEIGHT="52" WIDTH="112" VPOS="1966" HPOS="1474"/>
<SP HEIGHT="52" WIDTH="27" VPOS="1966" HPOS="1587"/>
<String CONTENT="Peter" HEIGHT="51" WIDTH="168" VPOS="1966" HPOS="1615"/>
<SP HEIGHT="52" WIDTH="25" VPOS="1965" HPOS="1784"/>
<String CONTENT="Hurd." HEIGHT="52" WIDTH="189" VPOS="1965" HPOS="1810"/>
<SP HEIGHT="34" WIDTH="68" VPOS="1996" HPOS="2000"/>
<String CONTENT="[Garden" HEIGHT="68" WIDTH="247" VPOS="1962" HPOS="2069"/>
</TextLine>
<TextLine HEIGHT="70" WIDTH="1685" VPOS="2043" HPOS="331" STYLEREFS="StyleId-73722F56-052C-46D4-B738-DD9E399158EA-" CS="1">
<String CONTENT="City," HEIGHT="70" WIDTH="153" VPOS="2043" HPOS="331"/>
<SP HEIGHT="67" WIDTH="31" VPOS="2044" HPOS="485"/>
<String LANG="fr" CONTENT="N." HEIGHT="53" WIDTH="70" VPOS="2044" HPOS="517"/>
<SP HEIGHT="53" WIDTH="33" VPOS="2044" HPOS="588"/>
<String CONTENT="Y.]" HEIGHT="66" WIDTH="90" VPOS="2044" HPOS="622"/>
<SP HEIGHT="67" WIDTH="37" VPOS="2043" HPOS="713"/>
<String CONTENT="Garden" HEIGHT="55" WIDTH="231" VPOS="2043" HPOS="751"/>
<SP HEIGHT="54" WIDTH="34" VPOS="2043" HPOS="983"/>
<String CONTENT="City" HEIGHT="69" WIDTH="136" VPOS="2043" HPOS="1018"/>
<SP HEIGHT="51" WIDTH="31" VPOS="2061" HPOS="1155"/>
<String CONTENT="publishing" HEIGHT="70" WIDTH="334" VPOS="2043" HPOS="1187"/>
<SP HEIGHT="51" WIDTH="30" VPOS="2062" HPOS="1522"/>
<String CONTENT="co.," HEIGHT="48" WIDTH="98" VPOS="2062" HPOS="1553"/>
<SP HEIGHT="66" WIDTH="31" VPOS="2044" HPOS="1652"/>
<String CONTENT="inc.," HEIGHT="67" WIDTH="126" VPOS="2044" HPOS="1684"/>
<SP HEIGHT="61" WIDTH="30" VPOS="2050" HPOS="1811"/>
<String STYLE="superscript" CS="1" CONTENT="&#7580;1"/>
<String CONTENT="932." HEIGHT="51" WIDTH="117" VPOS="2045" HPOS="1899"/>
</TextLine>
<TextLine HEIGHT="49" WIDTH="1228" VPOS="2117" HPOS="401" CS="1">
<String CONTENT="7" HEIGHT="39" WIDTH="25" VPOS="2119" HPOS="401"/>
<SP/>
<String CS="1" CONTENT="p."/>
<SP/>
<String CS="1" CONTENT="l.," HEIGHT="16" WIDTH="8" VPOS="2150" HPOS="557"/>
<SP HEIGHT="47" WIDTH="26" VPOS="2119" HPOS="566"/>
<String CONTENT="305" HEIGHT="41" WIDTH="86" VPOS="2117" HPOS="593"/>
<SP HEIGHT="48" WIDTH="25" VPOS="2118" HPOS="680"/>
<String CONTENT="p." HEIGHT="37" WIDTH="43" VPOS="2129" HPOS="706"/>
<SP HEIGHT="41" WIDTH="25" VPOS="2117" HPOS="750"/>
<String CONTENT="incl." HEIGHT="41" WIDTH="109" VPOS="2117" HPOS="776"/>
<SP HEIGHT="30" WIDTH="26" VPOS="2129" HPOS="886"/>
<String CONTENT="col." HEIGHT="40" WIDTH="85" VPOS="2119" HPOS="913"/>
<SP HEIGHT="39" WIDTH="27" VPOS="2119" HPOS="999"/>
<String CS="1" CONTENT="front."/>
<SP HEIGHT="30" WIDTH="56" VPOS="2129" HPOS="1176"/>
<String CONTENT="col." HEIGHT="40" WIDTH="87" VPOS="2119" HPOS="1233"/>
<SP HEIGHT="39" WIDTH="25" VPOS="2127" HPOS="1321"/>
<String CONTENT="plates." HEIGHT="47" WIDTH="171" VPOS="2119" HPOS="1347"/>
<SP HEIGHT="40" WIDTH="53" VPOS="2118" HPOS="1519"/>
<String CS="1" CONTENT="22&#189;" HEIGHT="40" WIDTH="56" VPOS="2118" HPOS="1573"/>
<String STYLE="superscript" CS="1" CONTENT="&#7580;&#7504;."/>
</TextLine>
<TextLine HEIGHT="49" WIDTH="1918" VPOS="2174" HPOS="400">
<String CONTENT="The" HEIGHT="39" WIDTH="101" VPOS="2176" HPOS="400"/>
<SP HEIGHT="29" WIDTH="40" VPOS="2186" HPOS="502"/>
<String CONTENT="colored" HEIGHT="39" WIDTH="189" VPOS="2176" HPOS="543"/>
<SP HEIGHT="41" WIDTH="39" VPOS="2174" HPOS="733"/>
<String CONTENT="frontispiece" HEIGHT="49" WIDTH="315" VPOS="2174" HPOS="773"/>
<SP HEIGHT="31" WIDTH="41" VPOS="2185" HPOS="1089"/>
<String CONTENT="and" HEIGHT="39" WIDTH="95" VPOS="2176" HPOS="1131"/>
<SP HEIGHT="40" WIDTH="41" VPOS="2176" HPOS="1227"/>
<String CONTENT="colored" HEIGHT="41" WIDTH="191" VPOS="2175" HPOS="1269"/>
<SP HEIGHT="41" WIDTH="41" VPOS="2175" HPOS="1461"/>
<String CONTENT="illustrated" HEIGHT="41" WIDTH="280" VPOS="2175" HPOS="1503"/>
<SP HEIGHT="39" WIDTH="43" VPOS="2176" HPOS="1784"/>
<String CONTENT="title-page" HEIGHT="48" WIDTH="248" VPOS="2174" HPOS="1828"/>
<SP HEIGHT="42" WIDTH="41" VPOS="2174" HPOS="2077"/>
<String CONTENT="form" HEIGHT="40" WIDTH="129" VPOS="2174" HPOS="2119"/>
<SP HEIGHT="30" WIDTH="40" VPOS="2184" HPOS="2249"/>
<String CONTENT="a" HEIGHT="30" WIDTH="28" VPOS="2184" HPOS="2290"/>
</TextLine>
<TextLine HEIGHT="48" WIDTH="347" VPOS="2230" HPOS="331">
<String CONTENT="double" HEIGHT="42" WIDTH="174" VPOS="2230" HPOS="331"/>
<SP HEIGHT="37" WIDTH="27" VPOS="2241" HPOS="506"/>
<String CONTENT="plate." HEIGHT="48" WIDTH="144" VPOS="2230" HPOS="534"/>
</TextLine>
<TextLine HEIGHT="53" WIDTH="1984" VPOS="2296" HPOS="335" CS="1">
<String CONTENT="&#169;" HEIGHT="52" WIDTH="52" VPOS="2296" HPOS="335"/>
<SP HEIGHT="52" WIDTH="32" VPOS="2296" HPOS="388"/>
<String CONTENT="July" HEIGHT="48" WIDTH="116" VPOS="2300" HPOS="421"/>
<SP HEIGHT="47" WIDTH="31" VPOS="2301" HPOS="538"/>
<String CONTENT="5," HEIGHT="45" WIDTH="39" VPOS="2301" HPOS="570"/>
<SP HEIGHT="45" WIDTH="32" VPOS="2301" HPOS="610"/>
<String CS="1" CONTENT="1932;" HEIGHT="40" WIDTH="113" VPOS="2300" HPOS="643"/>
<SP HEIGHT="46" WIDTH="33" VPOS="2301" HPOS="785"/>
<String CONTENT="2c." HEIGHT="40" WIDTH="67" VPOS="2301" HPOS="819"/>
<SP HEIGHT="29" WIDTH="33" VPOS="2312" HPOS="887"/>
<String CONTENT="and" HEIGHT="39" WIDTH="96" VPOS="2302" HPOS="921"/>
<SP HEIGHT="39" WIDTH="31" VPOS="2302" HPOS="1018"/>
<String CONTENT="aff." HEIGHT="42" WIDTH="82" VPOS="2300" HPOS="1050"/>
<SP HEIGHT="40" WIDTH="31" VPOS="2302" HPOS="1133"/>
<String CONTENT="Aug." HEIGHT="47" WIDTH="121" VPOS="2302" HPOS="1165"/>
<SP HEIGHT="40" WIDTH="31" VPOS="2302" HPOS="1287"/>
<String CS="1" CONTENT="18;" HEIGHT="41" WIDTH="56" VPOS="2301" HPOS="1319"/>
<SP HEIGHT="48" WIDTH="35" VPOS="2301" HPOS="1402"/>
<!-- cceid 0E171616-6D7D-1014-B4A5-D7A31D17AB40 --><String CONTENT="A" HEIGHT="39" WIDTH="43" VPOS="2301" HPOS="1438"/>
<SP HEIGHT="40" WIDTH="30" VPOS="2301" HPOS="1482"/>
<String CS="1" CONTENT="54450;" HEIGHT="41" WIDTH="144" VPOS="2300" HPOS="1513"/>
<SP HEIGHT="48" WIDTH="38" VPOS="2301" HPOS="1683"/>
<String CONTENT="Garden" HEIGHT="41" WIDTH="191" VPOS="2301" HPOS="1722"/>
<SP HEIGHT="41" WIDTH="34" VPOS="2300" HPOS="1914"/>
<String CONTENT="City" HEIGHT="49" WIDTH="110" VPOS="2300" HPOS="1949"/>
<SP HEIGHT="38" WIDTH="33" VPOS="2311" HPOS="2060"/>
<String CONTENT="pub." HEIGHT="48" WIDTH="107" VPOS="2300" HPOS="2094"/>
<SP HEIGHT="30" WIDTH="35" VPOS="2310" HPOS="2202"/>
<String CONTENT="co.," HEIGHT="37" WIDTH="81" VPOS="2309" HPOS="2238"/>
</TextLine>
<TextLine HEIGHT="53" WIDTH="942" VPOS="2353" HPOS="403">
<String CONTENT="inc." HEIGHT="40" WIDTH="90" VPOS="2357" HPOS="403"/>
<SP HEIGHT="29" WIDTH="61" VPOS="2376" HPOS="494"/>
<String CONTENT="[&#169;" HEIGHT="52" WIDTH="68" VPOS="2353" HPOS="556"/>
<SP HEIGHT="51" WIDTH="25" VPOS="2353" HPOS="625"/>
<String CONTENT="illustrations]" HEIGHT="50" WIDTH="343" VPOS="2356" HPOS="651"/>
<SP HEIGHT="50" WIDTH="70" VPOS="2356" HPOS="995"/>
<String CONTENT="(32-21421)" HEIGHT="48" WIDTH="279" VPOS="2356" HPOS="1066"/>
</TextLine>
<TextLine HEIGHT="66" WIDTH="556" VPOS="2458" HPOS="332" STYLEREFS="StyleId-73722F56-052C-46D4-B738-DD9E399158EA-">
<String CONTENT="Duncan," HEIGHT="65" WIDTH="264" VPOS="2459" HPOS="332"/>
<SP HEIGHT="65" WIDTH="27" VPOS="2459" HPOS="597"/>
<String CONTENT="Julia" HEIGHT="55" WIDTH="158" VPOS="2458" HPOS="625"/>
<SP HEIGHT="53" WIDTH="30" VPOS="2460" HPOS="784"/>
<String CONTENT="K." HEIGHT="57" WIDTH="73" VPOS="2460" HPOS="815"/>
</TextLine>
<TextLine HEIGHT="70" WIDTH="1858" VPOS="2535" HPOS="463" STYLEREFS="StyleId-73722F56-052C-46D4-B738-DD9E399158EA-" CS="1">
<String CS="1" CONTENT="&#8230;"/>
<SP HEIGHT="53" WIDTH="37" VPOS="2535" HPOS="463"/>
<String CONTENT="Doris" HEIGHT="54" WIDTH="172" VPOS="2535" HPOS="501"/>
<SP HEIGHT="54" WIDTH="31" VPOS="2535" HPOS="674"/>
<String CONTENT="Force" HEIGHT="53" WIDTH="179" VPOS="2535" HPOS="706"/>
<SP HEIGHT="33" WIDTH="32" VPOS="2555" HPOS="886"/>
<String CONTENT="at" HEIGHT="46" WIDTH="59" VPOS="2543" HPOS="919"/>
<SP HEIGHT="51" WIDTH="31" VPOS="2538" HPOS="979"/>
<String CONTENT="Barry" HEIGHT="66" WIDTH="187" VPOS="2538" HPOS="1011"/>
<SP HEIGHT="49" WIDTH="31" VPOS="2555" HPOS="1199"/>
<String CONTENT="manor;" HEIGHT="49" WIDTH="226" VPOS="2555" HPOS="1231"/>
<SP HEIGHT="49" WIDTH="34" VPOS="2555" HPOS="1458"/>
<String CONTENT="or," HEIGHT="50" WIDTH="82" VPOS="2555" HPOS="1493"/>
<SP HEIGHT="67" WIDTH="30" VPOS="2538" HPOS="1576"/>
<String CONTENT="Mysterious" HEIGHT="67" WIDTH="343" VPOS="2537" HPOS="1607"/>
<SP HEIGHT="35" WIDTH="32" VPOS="2555" HPOS="1951"/>
<String CONTENT="adventures" HEIGHT="53" WIDTH="337" VPOS="2537" HPOS="1984"/>
</TextLine>
<TextLine HEIGHT="70" WIDTH="1989" VPOS="2613" HPOS="332" STYLEREFS="StyleId-73722F56-052C-46D4-B738-DD9E399158EA-" CS="1">
<String CONTENT="between" HEIGHT="52" WIDTH="249" VPOS="2613" HPOS="332"/>
<SP HEIGHT="34" WIDTH="28" VPOS="2631" HPOS="582"/>
<String CONTENT="classes," HEIGHT="65" WIDTH="216" VPOS="2614" HPOS="611"/>
<SP HEIGHT="66" WIDTH="28" VPOS="2613" HPOS="828"/>
<String CONTENT="by" HEIGHT="68" WIDTH="74" VPOS="2613" HPOS="857"/>
<SP HEIGHT="67" WIDTH="28" VPOS="2614" HPOS="932"/>
<String CONTENT="Julia" HEIGHT="54" WIDTH="160" VPOS="2613" HPOS="961"/>
<SP HEIGHT="52" WIDTH="29" VPOS="2614" HPOS="1122"/>
<String CONTENT="K." HEIGHT="52" WIDTH="73" VPOS="2614" HPOS="1152"/>
<SP HEIGHT="51" WIDTH="30" VPOS="2615" HPOS="1226"/>
<String CONTENT="Duncan" HEIGHT="52" WIDTH="244" VPOS="2615" HPOS="1257"/>
<SP HEIGHT="34" WIDTH="32" VPOS="2633" HPOS="1502"/>
<String CS="1" CONTENT="&#8230;"/>
<SP HEIGHT="53" WIDTH="32" VPOS="2613" HPOS="1592"/>
<String CONTENT="illustrated" HEIGHT="55" WIDTH="325" VPOS="2613" HPOS="1625"/>
<SP HEIGHT="53" WIDTH="27" VPOS="2615" HPOS="1951"/>
<String CONTENT="by" HEIGHT="68" WIDTH="76" VPOS="2615" HPOS="1979"/>
<SP HEIGHT="69" WIDTH="28" VPOS="2614" HPOS="2056"/>
<String CONTENT="Thelma" HEIGHT="54" WIDTH="236" VPOS="2613" HPOS="2085"/>
</TextLine>
<TextLine HEIGHT="72" WIDTH="1775" VPOS="2689" HPOS="333" STYLEREFS="StyleId-73722F56-052C-46D4-B738-DD9E399158EA-" CS="1">
<String CONTENT="Gooch." HEIGHT="55" WIDTH="211" VPOS="2689" HPOS="333"/>
<SP HEIGHT="51" WIDTH="68" VPOS="2691" HPOS="545"/>
<String CONTENT="Philadelphia," HEIGHT="68" WIDTH="425" VPOS="2690" HPOS="614"/>
<SP HEIGHT="68" WIDTH="29" VPOS="2690" HPOS="1040"/>
<String CONTENT="Henry" HEIGHT="69" WIDTH="204" VPOS="2690" HPOS="1070"/>
<SP HEIGHT="67" WIDTH="30" VPOS="2692" HPOS="1275"/>
<String LANG="la" CONTENT="Altemus" HEIGHT="53" WIDTH="261" VPOS="2692" HPOS="1306"/>
<SP HEIGHT="34" WIDTH="30" VPOS="2711" HPOS="1568"/>
<String CONTENT="company" HEIGHT="53" WIDTH="279" VPOS="2708" HPOS="1599"/>
<SP HEIGHT="51" WIDTH="37" VPOS="2710" HPOS="1879"/>
<String CS="1" CONTENT="["/>
<String STYLE="superscript" CS="1" CONTENT="&#7580;1"/>
<String CONTENT="932]" HEIGHT="63" WIDTH="118" VPOS="2694" HPOS="1990"/>
</TextLine>
<TextLine HEIGHT="50" WIDTH="1687" VPOS="2763" HPOS="404" STYLEREFS="StyleId-73722F56-052C-46D4-B738-DD9E399158EA-" CS="1">
<String CONTENT="iv," HEIGHT="48" WIDTH="62" VPOS="2763" HPOS="404"/>
<SP HEIGHT="47" WIDTH="28" VPOS="2764" HPOS="467"/>
<String CONTENT="5-218" HEIGHT="40" WIDTH="145" VPOS="2764" HPOS="496"/>
<SP HEIGHT="48" WIDTH="26" VPOS="2764" HPOS="642"/>
<String CONTENT="p." HEIGHT="37" WIDTH="43" VPOS="2775" HPOS="669"/>
<SP HEIGHT="41" WIDTH="56" VPOS="2763" HPOS="713"/>
<String CONTENT="front.," HEIGHT="48" WIDTH="163" VPOS="2763" HPOS="770"/>
<SP HEIGHT="37" WIDTH="29" VPOS="2775" HPOS="934"/>
<String CONTENT="plates." HEIGHT="47" WIDTH="170" VPOS="2765" HPOS="964"/>
<SP HEIGHT="40" WIDTH="58" VPOS="2765" HPOS="1135"/>
<String CS="1" CONTENT="19&#189;" HEIGHT="40" WIDTH="57" VPOS="2764" HPOS="1194"/>
<String STYLE="superscript" CS="1" CONTENT="&#7580;&#7504;."/>
<SP/>
<String CONTENT="(Her" HEIGHT="48" WIDTH="128" VPOS="2764" HPOS="1409"/>
<SP HEIGHT="39" WIDTH="24" VPOS="2765" HPOS="1538"/>
<String CONTENT="Doris" HEIGHT="40" WIDTH="145" VPOS="2765" HPOS="1563"/>
<SP HEIGHT="39" WIDTH="29" VPOS="2766" HPOS="1709"/>
<String CONTENT="Force" HEIGHT="39" WIDTH="150" VPOS="2766" HPOS="1739"/>
<SP HEIGHT="29" WIDTH="26" VPOS="2776" HPOS="1890"/>
<String CONTENT="series)" HEIGHT="48" WIDTH="174" VPOS="2765" HPOS="1917"/>
</TextLine>
<TextLine HEIGHT="110" WIDTH="1981" VPOS="2816" HPOS="342" CS="1">
<String CONTENT="&#169;" HEIGHT="52" WIDTH="51" VPOS="2816" HPOS="342"/>
<SP HEIGHT="52" WIDTH="26" VPOS="2816" HPOS="394"/>
<String CONTENT="Aug." HEIGHT="47" WIDTH="119" VPOS="2821" HPOS="421"/>
<SP HEIGHT="40" WIDTH="28" VPOS="2821" HPOS="541"/>
<String CONTENT="8," HEIGHT="45" WIDTH="39" VPOS="2821" HPOS="570"/>
<SP HEIGHT="45" WIDTH="27" VPOS="2821" HPOS="610"/>
<String CS="1" CONTENT="1932;" HEIGHT="42" WIDTH="113" VPOS="2819" HPOS="638"/>
<SP HEIGHT="47" WIDTH="28" VPOS="2820" HPOS="779"/>
<String CONTENT="2c." HEIGHT="41" WIDTH="68" VPOS="2820" HPOS="808"/>
<SP HEIGHT="39" WIDTH="26" VPOS="2821" HPOS="877"/>
<String CONTENT="Aug." HEIGHT="48" WIDTH="118" VPOS="2821" HPOS="904"/>
<SP HEIGHT="39" WIDTH="29" VPOS="2822" HPOS="1023"/>
<String CS="1" CONTENT="10;" HEIGHT="41" WIDTH="59" VPOS="2820" HPOS="1053"/>
<SP HEIGHT="38" WIDTH="30" VPOS="2831" HPOS="1135"/>
<String CONTENT="aff." HEIGHT="42" WIDTH="82" VPOS="2820" HPOS="1166"/>
<SP HEIGHT="40" WIDTH="26" VPOS="2822" HPOS="1249"/>
<String CONTENT="Aug." HEIGHT="48" WIDTH="120" VPOS="2822" HPOS="1276"/>
<SP HEIGHT="39" WIDTH="27" VPOS="2823" HPOS="1397"/>
<String CS="1" CONTENT="17;" HEIGHT="39" WIDTH="55" VPOS="2823" HPOS="1425"/>
<SP HEIGHT="47" WIDTH="30" VPOS="2823" HPOS="1508"/>
<!-- cceid 0E1760F0-6D7D-1014-B4A5-D7A31D17AB40 --><String CONTENT="A" HEIGHT="38" WIDTH="41" VPOS="2823" HPOS="1539"/>
<SP HEIGHT="39" WIDTH="26" VPOS="2823" HPOS="1581"/>
<String CS="1" CONTENT="53655;" HEIGHT="41" WIDTH="144" VPOS="2822" HPOS="1608"/>
<SP HEIGHT="47" WIDTH="31" VPOS="2823" HPOS="1779"/>
<String CONTENT="Henry" HEIGHT="48" WIDTH="167" VPOS="2823" HPOS="1811"/>
<SP HEIGHT="48" WIDTH="27" VPOS="2823" HPOS="1979"/>
<String LANG="la" CONTENT="Altemus" HEIGHT="39" WIDTH="220" VPOS="2823" HPOS="2007"/>
<SP HEIGHT="30" WIDTH="28" VPOS="2833" HPOS="2228"/>
<String CONTENT="co." HEIGHT="30" WIDTH="66" VPOS="2833" HPOS="2257"/>
<SP/>
<String CONTENT="(32-21438)" HEIGHT="50" WIDTH="278" VPOS="2876" HPOS="419"/>
</TextLine>
<TextLine HEIGHT="71" WIDTH="1019" VPOS="2976" HPOS="339" STYLEREFS="StyleId-73722F56-052C-46D4-B738-DD9E399158EA-">
<String CONTENT="Eiselen," HEIGHT="68" WIDTH="252" VPOS="2976" HPOS="339"/>
<SP HEIGHT="64" WIDTH="23" VPOS="2980" HPOS="592"/>
<String CONTENT="Malcolm" HEIGHT="56" WIDTH="270" VPOS="2978" HPOS="616"/>
<SP HEIGHT="54" WIDTH="24" VPOS="2980" HPOS="887"/>
<String CONTENT="Rogers," HEIGHT="67" WIDTH="245" VPOS="2980" HPOS="912"/>
<SP HEIGHT="59" WIDTH="29" VPOS="2988" HPOS="1158"/>
<String CONTENT="1902-" HEIGHT="51" WIDTH="170" VPOS="2987" HPOS="1188"/>
</TextLine>
<TextLine HEIGHT="73" WIDTH="1918" VPOS="3054" HPOS="407" STYLEREFS="StyleId-73722F56-052C-46D4-B738-DD9E399158EA-" CS="1">
<String CONTENT="The" HEIGHT="53" WIDTH="121" VPOS="3054" HPOS="407"/>
<SP HEIGHT="34" WIDTH="44" VPOS="3073" HPOS="529"/>
<String CONTENT="rise" HEIGHT="54" WIDTH="110" VPOS="3056" HPOS="574"/>
<SP HEIGHT="36" WIDTH="44" VPOS="3074" HPOS="685"/>
<String CONTENT="of" HEIGHT="52" WIDTH="63" VPOS="3055" HPOS="730"/>
<SP HEIGHT="52" WIDTH="45" VPOS="3055" HPOS="794"/>
<String CONTENT="Pennsylvania" HEIGHT="68" WIDTH="418" VPOS="3056" HPOS="840"/>
<SP HEIGHT="49" WIDTH="46" VPOS="3078" HPOS="1259"/>
<String CONTENT="protectionism" HEIGHT="70" WIDTH="423" VPOS="3057" HPOS="1306"/>
<SP HEIGHT="36" WIDTH="48" VPOS="3076" HPOS="1730"/>
<String CS="1" CONTENT="&#8230;"/>
<SP HEIGHT="34" WIDTH="56" VPOS="3092" HPOS="1837"/>
<String CS="1" CONTENT="[by]" HEIGHT="68" WIDTH="90" VPOS="3058" HPOS="1912"/>
<SP HEIGHT="68" WIDTH="54" VPOS="3057" HPOS="2003"/>
<String CONTENT="Malcolm" HEIGHT="53" WIDTH="267" VPOS="3056" HPOS="2058"/>
</TextLine>
<TextLine HEIGHT="74" WIDTH="1154" VPOS="3130" HPOS="337" STYLEREFS="StyleId-73722F56-052C-46D4-B738-DD9E399158EA-">
<String CONTENT="Rogers" HEIGHT="68" WIDTH="216" VPOS="3130" HPOS="337"/>
<SP HEIGHT="52" WIDTH="27" VPOS="3132" HPOS="554"/>
<String CONTENT="Eiselen." HEIGHT="55" WIDTH="240" VPOS="3131" HPOS="582"/>
<SP HEIGHT="52" WIDTH="66" VPOS="3133" HPOS="823"/>
<String CONTENT="Philadelphia," HEIGHT="71" WIDTH="421" VPOS="3133" HPOS="890"/>
<SP HEIGHT="64" WIDTH="29" VPOS="3140" HPOS="1312"/>
<String CONTENT="1932." HEIGHT="50" WIDTH="149" VPOS="3138" HPOS="1342"/>
</TextLine>
<TextLine HEIGHT="48" WIDTH="270" VPOS="3203" HPOS="407" CS="1">
<String CONTENT="287" HEIGHT="40" WIDTH="85" VPOS="3203" HPOS="407"/>
<SP HEIGHT="47" WIDTH="27" VPOS="3204" HPOS="493"/>
<String CONTENT="p." HEIGHT="37" WIDTH="44" VPOS="3214" HPOS="521"/>
<SP HEIGHT="40" WIDTH="55" VPOS="3204" HPOS="566"/>
<String CONTENT="23" HEIGHT="40" WIDTH="55" VPOS="3204" HPOS="622"/>
<String STYLE="superscript" CS="1" CONTENT="&#7580;&#7504;."/>
</TextLine>
<TextLine HEIGHT="55" WIDTH="1420" VPOS="3259" HPOS="407" CS="1">
<String CONTENT="Thesis" HEIGHT="41" WIDTH="172" VPOS="3259" HPOS="407"/>
<SP HEIGHT="48" WIDTH="40" VPOS="3260" HPOS="580"/>
<String CS="1" CONTENT="(PH." HEIGHT="48" WIDTH="13" VPOS="3260" HPOS="621"/>
<SP/>
<String CS="1" CONTENT="D.)&#8212;University" HEIGHT="50" WIDTH="367" VPOS="3261" HPOS="813"/>
<SP HEIGHT="36" WIDTH="31" VPOS="3275" HPOS="1181"/>
<String CONTENT="of" HEIGHT="41" WIDTH="53" VPOS="3264" HPOS="1213"/>
<SP HEIGHT="40" WIDTH="29" VPOS="3264" HPOS="1267"/>
<String CONTENT="Pennsylvania," HEIGHT="49" WIDTH="369" VPOS="3265" HPOS="1297"/>
<SP HEIGHT="47" WIDTH="32" VPOS="3267" HPOS="1667"/>
<String CONTENT="1931." HEIGHT="41" WIDTH="127" VPOS="3266" HPOS="1700"/>
</TextLine>
<TextLine HEIGHT="54" WIDTH="1061" VPOS="3314" HPOS="410">
<String CONTENT="On" HEIGHT="42" WIDTH="73" VPOS="3314" HPOS="410"/>
<SP HEIGHT="30" WIDTH="25" VPOS="3326" HPOS="484"/>
<String CONTENT="cover:" HEIGHT="31" WIDTH="167" VPOS="3326" HPOS="510"/>
<SP HEIGHT="40" WIDTH="31" VPOS="3318" HPOS="678"/>
<String CONTENT="University" HEIGHT="49" WIDTH="280" VPOS="3317" HPOS="710"/>
<SP HEIGHT="36" WIDTH="27" VPOS="3330" HPOS="991"/>
<String CONTENT="of" HEIGHT="40" WIDTH="53" VPOS="3319" HPOS="1019"/>
<SP HEIGHT="40" WIDTH="26" VPOS="3319" HPOS="1073"/>
<String CONTENT="Pennsylvania." HEIGHT="49" WIDTH="371" VPOS="3319" HPOS="1100"/>
</TextLine>
<TextLine HEIGHT="56" WIDTH="1256" VPOS="3371" HPOS="409">
<String CONTENT="&#8220;Bibliography" HEIGHT="51" WIDTH="377" VPOS="3371" HPOS="409"/>
<SP HEIGHT="36" WIDTH="28" VPOS="3385" HPOS="787"/>
<String CONTENT="of" HEIGHT="40" WIDTH="53" VPOS="3374" HPOS="816"/>
<SP HEIGHT="41" WIDTH="28" VPOS="3374" HPOS="870"/>
<String CONTENT="cited" HEIGHT="40" WIDTH="126" VPOS="3375" HPOS="899"/>
<SP HEIGHT="39" WIDTH="30" VPOS="3376" HPOS="1026"/>
<String CONTENT="material&#8221;" HEIGHT="41" WIDTH="254" VPOS="3376" HPOS="1057"/>
<SP HEIGHT="41" WIDTH="16" VPOS="3377" HPOS="1312"/>
<String CONTENT=":" HEIGHT="30" WIDTH="10" VPOS="3388" HPOS="1329"/>
<SP HEIGHT="39" WIDTH="31" VPOS="3388" HPOS="1340"/>
<String CONTENT="p." HEIGHT="37" WIDTH="43" VPOS="3390" HPOS="1372"/>
<SP HEIGHT="40" WIDTH="30" VPOS="3378" HPOS="1416"/>
<String CONTENT="279-287." HEIGHT="42" WIDTH="218" VPOS="3378" HPOS="1447"/>
</TextLine>
<TextLine HEIGHT="60" WIDTH="1982" VPOS="3426" HPOS="345">
<String CONTENT="&#169;" HEIGHT="52" WIDTH="52" VPOS="3426" HPOS="345"/>
<SP HEIGHT="52" WIDTH="28" VPOS="3426" HPOS="398"/>
<String CONTENT="July" HEIGHT="48" WIDTH="115" VPOS="3432" HPOS="427"/>
<SP HEIGHT="48" WIDTH="25" VPOS="3432" HPOS="543"/>
<String CONTENT="2," HEIGHT="47" WIDTH="39" VPOS="3432" HPOS="569"/>
<SP HEIGHT="45" WIDTH="28" VPOS="3434" HPOS="609"/>
<String CONTENT="1932;" HEIGHT="47" WIDTH="139" VPOS="3433" HPOS="638"/>
<SP HEIGHT="46" WIDTH="28" VPOS="3434" HPOS="778"/>
<String CONTENT="2c." HEIGHT="40" WIDTH="68" VPOS="3434" HPOS="807"/>
<SP HEIGHT="29" WIDTH="27" VPOS="3445" HPOS="876"/>
<String CONTENT="and" HEIGHT="38" WIDTH="94" VPOS="3436" HPOS="904"/>
<SP HEIGHT="38" WIDTH="28" VPOS="3436" HPOS="999"/>
<String CONTENT="aff." HEIGHT="42" WIDTH="82" VPOS="3434" HPOS="1028"/>
<SP HEIGHT="40" WIDTH="27" VPOS="3436" HPOS="1111"/>
<String CONTENT="July" HEIGHT="48" WIDTH="115" VPOS="3436" HPOS="1139"/>
<SP HEIGHT="48" WIDTH="24" VPOS="3436" HPOS="1255"/>
<String CONTENT="26;" HEIGHT="49" WIDTH="82" VPOS="3436" HPOS="1280"/>
<SP HEIGHT="48" WIDTH="30" VPOS="3437" HPOS="1363"/>
<!-- cceid 0E17AEB5-6D7D-1014-B4A5-D7A31D17AB40 --><String CONTENT="A" HEIGHT="38" WIDTH="41" VPOS="3437" HPOS="1394"/>
<SP HEIGHT="40" WIDTH="26" VPOS="3437" HPOS="1436"/>
<String CONTENT="54244;" HEIGHT="48" WIDTH="169" VPOS="3436" HPOS="1463"/>
<SP HEIGHT="45" WIDTH="31" VPOS="3439" HPOS="1633"/>
<String CONTENT="M." HEIGHT="39" WIDTH="62" VPOS="3439" HPOS="1665"/>
<SP HEIGHT="40" WIDTH="28" VPOS="3438" HPOS="1728"/>
<String CONTENT="R." HEIGHT="40" WIDTH="56" VPOS="3438" HPOS="1757"/>
<SP HEIGHT="39" WIDTH="28" VPOS="3439" HPOS="1814"/>
<String CONTENT="Eiselen," HEIGHT="48" WIDTH="204" VPOS="3438" HPOS="1843"/>
<SP HEIGHT="47" WIDTH="32" VPOS="3439" HPOS="2048"/>
<String CONTENT="Stockton," HEIGHT="48" WIDTH="246" VPOS="3438" HPOS="2081"/>
</TextLine>
<TextLine HEIGHT="50" WIDTH="491" VPOS="3486" HPOS="415">
<String CONTENT="Calif." HEIGHT="42" WIDTH="142" VPOS="3486" HPOS="415"/>
<SP HEIGHT="47" WIDTH="69" VPOS="3489" HPOS="558"/>
<String CONTENT="(32-21499)" HEIGHT="48" WIDTH="278" VPOS="3488" HPOS="628"/>
</TextLine>
<TextLine HEIGHT="68" WIDTH="777" VPOS="3588" HPOS="343" STYLEREFS="StyleId-73722F56-052C-46D4-B738-DD9E399158EA-">
<String CONTENT="Ericson," HEIGHT="68" WIDTH="264" VPOS="3588" HPOS="343"/>
<SP HEIGHT="64" WIDTH="28" VPOS="3592" HPOS="608"/>
<String CONTENT="Eston" HEIGHT="54" WIDTH="187" VPOS="3592" HPOS="637"/>
<SP HEIGHT="52" WIDTH="28" VPOS="3594" HPOS="825"/>
<String CONTENT="Everett." HEIGHT="57" WIDTH="266" VPOS="3594" HPOS="854"/>
</TextLine>
<TextLine HEIGHT="72" WIDTH="1852" VPOS="3666" HPOS="473" STYLEREFS="StyleId-73722F56-052C-46D4-B738-DD9E399158EA-" CS="1">
<String CS="1" CONTENT="&#8230;"/>
<SP HEIGHT="51" WIDTH="49" VPOS="3666" HPOS="473"/>
<String CONTENT="Modern" HEIGHT="54" WIDTH="241" VPOS="3666" HPOS="523"/>
<SP HEIGHT="51" WIDTH="43" VPOS="3669" HPOS="765"/>
<String CONTENT="Russia," HEIGHT="68" WIDTH="223" VPOS="3669" HPOS="809"/>
<SP HEIGHT="66" WIDTH="42" VPOS="3671" HPOS="1033"/>
<String CONTENT="by" HEIGHT="67" WIDTH="75" VPOS="3671" HPOS="1076"/>
<SP HEIGHT="65" WIDTH="43" VPOS="3673" HPOS="1152"/>
<String CONTENT="Eston" HEIGHT="53" WIDTH="180" VPOS="3673" HPOS="1196"/>
<SP HEIGHT="51" WIDTH="44" VPOS="3675" HPOS="1377"/>
<String CONTENT="Everett" HEIGHT="54" WIDTH="234" VPOS="3675" HPOS="1422"/>
<SP HEIGHT="52" WIDTH="43" VPOS="3677" HPOS="1657"/>
<String CONTENT="Ericson" HEIGHT="54" WIDTH="238" VPOS="3675" HPOS="1701"/>
<SP HEIGHT="33" WIDTH="43" VPOS="3694" HPOS="1940"/>
<String CONTENT="and" HEIGHT="53" WIDTH="112" VPOS="3675" HPOS="1984"/>
<SP HEIGHT="53" WIDTH="44" VPOS="3675" HPOS="2097"/>
<String CONTENT="Ervid" HEIGHT="54" WIDTH="183" VPOS="3673" HPOS="2142"/>
</TextLine>
<TextLine HEIGHT="149" WIDTH="1963" VPOS="3738" HPOS="340" STYLEREFS="StyleId-73722F56-052C-46D4-B738-DD9E399158EA-" CS="1">
<String CONTENT="Eric" HEIGHT="57" WIDTH="136" VPOS="3738" HPOS="342"/>
<SP HEIGHT="53" WIDTH="28" VPOS="3743" HPOS="479"/>
<String CONTENT="Ericson." HEIGHT="55" WIDTH="255" VPOS="3742" HPOS="508"/>
<SP HEIGHT="54" WIDTH="74" VPOS="3746" HPOS="764"/>
<String CONTENT="Chapel" HEIGHT="69" WIDTH="217" VPOS="3746" HPOS="839"/>
<SP HEIGHT="53" WIDTH="28" VPOS="3748" HPOS="1057"/>
<String CONTENT="Hill," HEIGHT="67" WIDTH="146" VPOS="3749" HPOS="1086"/>
<SP HEIGHT="64" WIDTH="30" VPOS="3752" HPOS="1233"/>
<String LANG="fr" CONTENT="N." HEIGHT="53" WIDTH="69" VPOS="3752" HPOS="1264"/>
<SP HEIGHT="55" WIDTH="31" VPOS="3752" HPOS="1334"/>
<String CONTENT="C.," HEIGHT="67" WIDTH="82" VPOS="3752" HPOS="1366"/>
<SP HEIGHT="66" WIDTH="29" VPOS="3753" HPOS="1449"/>
<String CONTENT="University" HEIGHT="68" WIDTH="334" VPOS="3751" HPOS="1479"/>
<SP HEIGHT="49" WIDTH="28" VPOS="3770" HPOS="1814"/>
<String CONTENT="of" HEIGHT="52" WIDTH="64" VPOS="3751" HPOS="1843"/>
<SP HEIGHT="54" WIDTH="28" VPOS="3751" HPOS="1908"/>
<String CONTENT="North" HEIGHT="53" WIDTH="186" VPOS="3752" HPOS="1937"/>
<SP HEIGHT="55" WIDTH="30" VPOS="3751" HPOS="2124"/>
<String CONTENT="Carolina" HEIGHT="120" WIDTH="1963" VPOS="3751" HPOS="340"/>
<SP HEIGHT="50" WIDTH="25" VPOS="3837" HPOS="460"/>
<String CONTENT="press" HEIGHT="50" WIDTH="157" VPOS="3837" HPOS="486"/>
</TextLine>
<TextLine HEIGHT="65" WIDTH="192" VPOS="3826" HPOS="674" STYLEREFS="StyleId-73722F56-052C-46D4-B738-DD9E399158EA-" CS="1">
<String CONTENT="[" HEIGHT="33" WIDTH="13" VPOS="3854" HPOS="674"/>
<String STYLE="superscript" CS="1" CONTENT="&#7580;1"/>
<String CONTENT="932]" HEIGHT="65" WIDTH="118" VPOS="3826" HPOS="748"/>
</TextLine>
<TextLine HEIGHT="60" WIDTH="1916" VPOS="3889" HPOS="413" CS="1">
<String CONTENT="58" HEIGHT="40" WIDTH="56" VPOS="3889" HPOS="413"/>
<SP/>
<String CONTENT="p." HEIGHT="37" WIDTH="42" VPOS="3903" HPOS="517"/>
<SP HEIGHT="41" WIDTH="58" VPOS="3892" HPOS="560"/>
<String CS="1" CONTENT="22&#189;&#7580;&#7504;." HEIGHT="41" WIDTH="145" VPOS="3892" HPOS="619"/>
<SP HEIGHT="47" WIDTH="68" VPOS="3892" HPOS="765"/>
<String CONTENT="([North" HEIGHT="51" WIDTH="197" VPOS="3892" HPOS="834"/>
<SP HEIGHT="42" WIDTH="52" VPOS="3896" HPOS="1032"/>
<String CONTENT="Carolina." HEIGHT="43" WIDTH="242" VPOS="3897" HPOS="1085"/>
<SP HEIGHT="40" WIDTH="62" VPOS="3901" HPOS="1328"/>
<String CONTENT="University." HEIGHT="49" WIDTH="295" VPOS="3900" HPOS="1391"/>
<SP HEIGHT="40" WIDTH="59" VPOS="3901" HPOS="1687"/>
<String CONTENT="University" HEIGHT="49" WIDTH="280" VPOS="3899" HPOS="1747"/>
<SP HEIGHT="38" WIDTH="48" VPOS="3910" HPOS="2028"/>
<String CONTENT="extension" HEIGHT="40" WIDTH="252" VPOS="3900" HPOS="2077"/>
</TextLine>
<TextLine HEIGHT="108" WIDTH="1988" VPOS="3944" HPOS="340" CS="1">
<String CONTENT="division]" HEIGHT="53" WIDTH="223" VPOS="3944" HPOS="343"/>
<SP HEIGHT="49" WIDTH="62" VPOS="3948" HPOS="567"/>
<String CONTENT="University" HEIGHT="52" WIDTH="280" VPOS="3948" HPOS="630"/>
<SP HEIGHT="36" WIDTH="44" VPOS="3964" HPOS="911"/>
<String CONTENT="of" HEIGHT="41" WIDTH="52" VPOS="3952" HPOS="956"/>
<SP HEIGHT="41" WIDTH="42" VPOS="3952" HPOS="1009"/>
<String CONTENT="North" HEIGHT="42" WIDTH="156" VPOS="3953" HPOS="1052"/>
<SP HEIGHT="42" WIDTH="46" VPOS="3955" HPOS="1209"/>
<String CONTENT="Carolina" HEIGHT="45" WIDTH="231" VPOS="3955" HPOS="1256"/>
<SP HEIGHT="33" WIDTH="41" VPOS="3968" HPOS="1488"/>
<String CONTENT="extension" HEIGHT="45" WIDTH="252" VPOS="3956" HPOS="1530"/>
<SP HEIGHT="42" WIDTH="43" VPOS="3958" HPOS="1783"/>
<String CONTENT="bulletin," HEIGHT="43" WIDTH="218" VPOS="3957" HPOS="1827"/>
<SP HEIGHT="29" WIDTH="57" VPOS="3968" HPOS="2046"/>
<String CONTENT="vol." HEIGHT="39" WIDTH="92" VPOS="3958" HPOS="2104"/>
<SP HEIGHT="30" WIDTH="43" VPOS="3967" HPOS="2197"/>
<String CS="1" CONTENT="XII," HEIGHT="16" WIDTH="11" VPOS="3987" HPOS="2317"/>
<SP/>
<String CONTENT="no." HEIGHT="35" WIDTH="76" VPOS="4010" HPOS="340"/>
<SP HEIGHT="41" WIDTH="28" VPOS="4003" HPOS="417"/>
<String CS="1" CONTENT="1)" HEIGHT="50" WIDTH="17" VPOS="4002" HPOS="481"/>
</TextLine>
</TextBlock>
</PrintSpace>
</Page>
</Layout>
</alto>