2563 4368
1337 4044 101 50 630

375 430 207 63 Oman,
613 430 99 53 Sir
743 428 247 56 Charles
1019 427 256 56 William
1309 426 333 66 Chadwick,
1679 432 170 50 1860-

506 501 1866 74 … Greece, by C. W. C. Oman … with continuation from the
373 581 1936 70 time of Alexander to the present day, by G. Mercer Adam …
381 659 1986 71 [Memorial ed.] New York, P. F. Collier & son company [ ᶜ1 932]
447 744 1924 54 xiii, 582 p. col. front., illus. (maps) plates (1 col.) 23 ᶜᵐ. (The
376 802 1643 51 history of nations, H. C. Lodge … editor-in-chief. vol. II)
449 875 331 47 Frontispiece
821 874 95 40 and
958 874 190 40 colored
1189 874 131 47 plate
1362 872 342 49 accompanied
1745 871 62 49 by
1849 873 155 47 guard
2047 872 162 41 sheets
2252 871 121 42 with

376 931 290 48 descriptive
698 931 295 47 letterpress.

448 987 347 49 Bibliography:
851 997 41 38 p.
939 985 234 52 [575]-582.

384 1057 51 52 ©
462 1061 111 47 Apr.
602 1061 40 46 1,
667 1059 114 41 1932;
836 1060 66 38 2c.
930 1061 112 45 May
1067 1060 52 44 3;
1149 1058 80 41 aff.
1259 1059 110 47 Apr.
1396 1058 83 45 30;
1509 1059 39 38 A
1574 1058 143 41 49817;
1774 1060 50 41 P.
1852 1059 50 40 F.
1931 1057 175 42 Collier
2133 1064 36 40 &
2196 1066 84 32 son
2307 1067 67 31 co.

456 1114 70 53 [©
557 1129 104 28 new
696 1116 224 41 material
955 1118 96 39 and
1088 1115 249 49 revisions]
1410 1115 280 48 (32-12661)

380 1220 159 64 Otté,
571 1219 158 55 Elise
762 1222 60 54 C.

511 1296 1858 70 … Norway Sweden and Denmark, by E. C. Otte; edited
378 1374 1971 135 by Edward Samuel Corwin … Polar research, by G. T. Surface …
379 1454 1971 147 [Memorial ed.] New York, P. F. Collier & son company [ ᶜ1 932]
451 1606 65 49 xi,
558 1607 98 44 292,
698 1605 280 48 292a-292v,
1038 1604 221 42 [293]-354
1299 1616 43 37 p.
1414 1605 89 41 col.
1540 1605 166 47 front.,
1747 1605 127 40 illus.
1903 1604 185 49 (maps)
2139 1607 156 46 plates
2323 1605 47 47 (1

382 1662 1989 49 col.) 23ᶜᵐ. (The history of nations, H. C. Lodge … editor-in-chief.
464 1754 8 8 vol.
595 1721 13 47 XVI)

453 1776 331 49 Frontispiece
813 1779 95 39 and
937 1778 191 40 colored
1157 1778 130 47 plate
1317 1775 340 48 accompanied
1687 1777 61 47 by
1776 1777 155 47 guard
1961 1777 161 40 sheets
2150 1776 120 41 with
382 1778 1975 106 descriptive
645 1837 298 46 letterpress.

454 1892 349 49 Bibliography:
862 1903 41 37 p.
950 1890 234 51 [347]-354.

389 1960 51 52 ©
466 1965 114 47 Apr.
607 1965 38 47 1,
672 1962 138 47 1932;
837 1963 67 40 2c.
931 1964 112 46 May
1069 1963 53 45 3;
1150 1962 82 41 aff.
1259 1962 112 48 Apr.
1398 1961 82 43 30;
1510 1962 39 39 A
1574 1961 171 47 49817;
1775 1963 50 40 P.
1853 1964 49 38 F.
1933 1962 177 42 Collier
2138 1964 35 39 &
2200 1972 85 32 son
2312 1971 65 32 co.

461 2018 68 53 [©
556 2030 103 32 new
688 2020 224 41 material
941 2021 96 39 and
1063 2019 252 49 revisions]
1388 2019 278 48 (32-12641)

381 2123 218 65 Payne,
636 2124 252 53 Edward
924 2123 174 65 John,
1137 2128 324 50 1844-1904.

514 2198 1802 70 … Colonies of the world, by Edward James [!] Payne …
383 2276 1969 147 revised and edited by Philip Patterson Wells … The Philippines
598 2356 180 52 under
830 2354 306 53 American
1190 2359 388 64 government,
1631 2355 74 69 by
1759 2353 291 57 Jeremiah
2104 2355 275 69 Whipple

382 2432 1989 70 Jenks … Colonies, dominions, mandates … [Memorial ed.]
383 2510 1576 70 New York, P. F. Collier & son company [ ᶜ1 932]
385 2582 1975 106 xiii, 426 (i e. 454) p. front., illus. (maps) plates. 23 ᶜᵐ. (The history
528 2639 1484 50 of nations, H. C. Lodge … editor-in-chief. vol. XX)
455 2697 331 47 Frontispiece
814 2697 340 47 accompanied
1181 2697 61 48 by
1271 2698 154 47 guard
1454 2695 136 42 sheet
1618 2696 119 41 with
1766 2696 289 49 descriptive
2083 2696 290 48 letterpress.

454 2754 374 47 Bibliography:
860 2764 43 38 p.
950 2753 233 50 [409]-426.

394 2823 51 51 ©
471 2826 113 48 Apr.
611 2827 38 46 1,
677 2825 111 41 1932;
843 2827 66 38 2c.
939 2827 112 46 May
1075 2826 25 39 3;
1157 2825 81 40 aff.
1265 2825 112 48 Apr.
1404 2826 56 40 30;
1515 2826 38 38 A
1580 2824 143 42 49817;
1780 2827 51 39 P.
1859 2827 51 40 F.
1937 2825 177 42 Collier
2141 2826 36 40 &
2203 2836 84 30 son
2314 2833 62 32 co.

464 2879 68 53 [©
559 2894 105 29 new
691 2883 223 40 material
943 2883 95 39 and
1066 2882 250 49 revisions]
1389 2882 279 49 (32-12642)

388 2987 213 63 Peden,
633 2986 263 57 Charles.

459 3064 281 51 Newsreel
786 3081 150 50 man,
983 3064 75 67 by
1105 3064 236 55 Charles
1390 3064 206 52 Peden.
1690 3063 231 57 Garden
1968 3064 152 68 City,
2167 3065 69 53 N.
2285 3065 90 64 Y.,

388 3141 355 67 Doubleday,
771 3142 198 51 Doran
998 3145 45 49 &
1071 3159 295 49 company,
1395 3141 125 67 inc.,
1552 3145 148 52 1932.

492 3213 913 49 x p., 2 l., 126 p. plates, ports. 25ᶜᵐ.
461 3271 287 40 Illustrated
781 3272 96 45 t.-p.

466 3326 160 42 “First
659 3325 196 41 edition.”

395 3395 52 51 ©
476 3398 98 48 Apr
616 3399 68 45 21,
713 3397 111 41 1932;
880 3397 68 41 2c.
975 3399 96 38 and
1098 3397 81 40 aff.
1207 3398 113 48 Apr.
1349 3399 55 39 23;
1461 3398 41 39 A
1530 3398 142 41 50987;
1731 3399 46 41 C.
1808 3400 173 47 Peden,
2010 3400 116 39 New
2154 3398 141 41 York.

475 3455 278 46 (32-26513)

391 3558 285 61 Renatus,
719 3558 177 55 Kuno.

461 3634 121 52 The
619 3633 229 53 twelfth
887 3637 144 50 hour
1071 3637 63 52 of
1171 3634 338 70 capitalism,
1548 3637 75 67 by
1659 3638 173 52 Kuno
1871 3639 279 65 Renatus;
391 3642 1956 122 translated

580 3709 151 54 from
766 3711 95 51 the
896 3711 249 54 German
1177 3712 76 67 by
1287 3714 66 51 E.
1390 3714 89 53 W.
1513 3713 223 53 Dickes.
1811 3715 138 52 New
1987 3714 176 66 York,
2197 3713 70 53 A.
2301 3712 68 53 A.

390 3788 224 67 Knopf,
645 3792 149 50 1932.

464 3860 660 49 8 p. l. , 3-246 p., 1 l. 19½ᶜᵐ.
399 3926 51 51 ©
483 3931 112 47 Apr.
628 3930 69 47 22,
731 3930 112 43 1932;
905 3932 66 40 2c.
1005 3933 95 40 and
1133 3932 81 41 aff.
1246 3932 113 49 Apr.
1391 3933 55 40 23;
1509 3933 40 40 A
1583 3932 142 41 51095;
1787 3933 170 41 Alfred
1990 3933 52 40 A.
2079 3930 176 48 Knopf,
2289 3930 85 40 inc.

477 3987 277 49 (32-26565)
