2563 4368
1189 4044 99 51 841

218 449 152 51 Iowa
404 447 157 51 state
597 441 212 65 college
843 438 63 53 of
938 434 362 67 agriculture
1335 432 115 54 and
1486 429 303 56 mechanic
1822 430 148 66 arts,
2004 427 188 54 Ames.

283 524 154 67 Dept.
483 523 63 66 of
571 519 323 65 veterinary
920 519 284 63 anatomy.

282 612 167 53 Atlas
477 609 64 54 of
568 609 95 53 the
691 612 266 61 anatomy
988 603 64 54 of
1084 601 271 55 domestic
1385 599 256 54 animals.
1709 598 190 68 Ames,
1967 616 66 49 Ia.,
214 594 1959 163 College

360 679 1148 74 book store, Iowa state college [ ᶜ1 932]
285 770 439 52 2 p. l., xii pl. 30½ ᶜᵐ.
221 844 51 51 ©
299 847 112 47 May
437 844 68 47 21,
534 843 137 46 1932;
700 840 66 41 2c.
796 842 112 46 May
935 839 82 48 24;
1046 838 83 41 aff.
1157 838 125 40 June
1310 837 81 47 15;
1422 837 41 38 A
1490 835 169 48 51481;
1692 835 130 38 Iowa
1853 834 126 39 state
2009 830 191 49 college,

288 903 314 48 Department
627 899 50 40 of
701 897 276 48 veterinary
1004 898 242 44 anatomy,
1272 894 157 47 Ames,
1485 902 42 29 Ia.
1597 889 278 51 (32-14770)

218 1007 216 61 James,
462 1003 203 54 Norah
694 1003 62 55 C.

217 1071 1960 156 Hospital, a novel by Norah C. James … London, Duckworth [1932]
285 1244 87 42 312
399 1256 43 37 p.
502 1241 56 42 19ᶜᵐ.

223 1304 1983 60 © 1c. June 3, 1932; A ad int. 16488; pubd. Apr. 7; N. C. James, London.
300 1370 278 50 (32-15762)

221 1474 219 66 James,
470 1474 169 65 Rian,
672 1478 171 52 1899-

292 1542 1908 78 Crooner, by Rian James. New York, A. H. King [ ᶜ1 932]
289 1636 535 50 3 p. l., 9-288 p. 19½ ᶜᵐ.
227 1706 51 51 ©
305 1709 125 40 June
455 1707 39 49 9,
523 1707 139 47 1932;
691 1707 67 40 2c.
787 1708 94 39 and
909 1705 81 42 aff.
1019 1707 128 38 June
1172 1705 80 46 10;
1283 1704 41 39 A
1352 1703 169 47 52388;
1552 1703 171 40 Alfred
1751 1704 60 40 H.
1840 1702 142 49 King,
2012 1702 90 39 inc.

304 1765 276 49 (32-14947)

222 1867 189 67 Klein,
442 1870 247 64 Gustav,
719 1870 173 49 1892-
1101 1867 85 55 ed.

292 1938 1918 77 Handbuch der pflanzenanalyse, hrsg. von G. Klein … 2. bd.
226 2023 273 69 Spezielle
577 2024 243 67 analyse.
898 2026 42 49 1.
1019 2028 38 46 t.
1098 2021 431 70 Anorganische
1603 2018 180 56 Stoffe.
1859 2019 353 71 Organische

228 2096 1151 76 Stoffe, I . Wien, J. Springer, 1932.
298 2187 871 52 xi, 973, [1] p. illus., tables. 26 ᶜᵐ.
300 2245 231 42 Contains
561 2244 390 50 bibliographies.

233 2307 1865 61 © Feb. 27, 1932; 1c. June 2; A— Foreign 17026; Julius Springer.
230 2433 294 67 Laistner,
553 2436 138 51 Max
720 2433 247 64 Ludwig
995 2431 308 67 Wolfram,
1335 2438 173 50 1890-

298 2504 1923 78 Greek history, by M. L. Laistner … Boston, New York
254 2586 1184 72 [etc.] D. C. Heath and company [ ᶜ1 932]
300 2672 1362 55 xiii, 485 p. front., illus. (plan) plates, maps. 22 ½ ᶜᵐ.
302 2735 74 39 An
408 2733 267 48 expansion
704 2733 52 39 of
788 2743 42 36 p.
865 2733 23 37 1
922 2735 49 38 to
1004 2731 86 41 367
1123 2732 52 40 of
1206 2732 81 40 the
1319 2731 218 41 author’s
1571 2731 217 50 “Survey
1819 2734 52 39 of
1902 2732 193 41 ancient
234 2733 1970 104 history”.
441 2790 61 48 cf.
529 2789 129 41 Pref.

304 2845 232 42 “Sources
566 2847 95 38 and
692 2843 318 50 chronology”:
1071 2855 43 37 p.
1145 2844 86 41 1-9;
1291 2845 186 40 “Select
1505 2843 365 51 bibliography”:
1931 2856 43 37 p.
2004 2845 218 43 463-474.

241 2913 51 51 ©
321 2917 112 48 May
460 2917 54 39 18,
557 2916 112 40 1932;
727 2917 65 39 2c.
823 2917 113 47 May
961 2915 54 41 31;
1074 2915 81 40 aff.
1186 2916 113 48 May
1327 2916 57 40 28;
1440 2917 41 38 A
1508 2915 143 42 52224;
1711 2918 61 39 M.
1803 2918 50 41 L.
1884 2918 70 40 W.
1984 2915 238 51 Laistner,

310 2973 184 49 Ithaca,
524 2974 56 40 N.
610 2974 53 40 Y.
733 2971 279 49 (32-14706)

239 3077 84 53 La
351 3077 218 65 Monte,
599 3077 154 53 John
783 3076 152 55 Life.

307 3152 217 53 Feudal
556 3153 310 67 monarchy
898 3153 60 51 in
990 3153 94 52 the
1115 3152 173 54 Latin
1319 3152 277 69 kingdom
1627 3153 64 52 of
1723 3153 334 68 Jerusalem,
2093 3155 133 53 1100

239 3225 1989 80 to 1291 [by] John L. La Monte … Cambridge, Mass., The
239 3306 282 55 Medieval
549 3308 269 68 academy
843 3307 65 53 of
932 3307 283 68 America,
1242 3310 151 52 1932.

311 3387 1917 62 xxviii, 293 p. incl. geneal. tables. 26 ᶜᵐ. (Half-title: Monographs of
243 3452 80 39 the
352 3451 237 40 Medieval
618 3452 230 46 academy
876 3451 51 39 of
953 3449 221 42 America.
1250 3460 74 32 no.
1353 3451 52 47 4)

314 3520 268 48 “Academy
611 3520 323 48 publications.
1006 3530 74 30 no.
1112 3519 99 41 11.”

316 3576 186 40 “Based
535 3587 125 36 upon
692 3586 28 30 a
752 3574 315 42 dissertation
1099 3578 254 45 presented
1386 3579 51 38 at
1468 3577 229 41 Harvard
1731 3574 270 52 university
2032 3577 49 39 in
2115 3575 115 44 1928

294 3625 1935 62 … further study … led to a total revision of the original thesis.”—Pref.,
247 3699 42 36 p.
317 3688 65 38 xi.

319 3741 128 40 “The
477 3741 296 47 publication
806 3742 50 40 of
888 3742 98 40 this
1018 3743 122 38 book
1172 3754 100 30 was
1306 3744 138 39 made
1476 3741 209 50 possible
1716 3745 63 46 by
1810 3754 28 30 a
1871 3742 122 42 fund
2026 3743 203 49 granted

251 3797 79 39 the
358 3796 239 49 Academy
626 3799 60 46 by
714 3799 80 38 the
823 3797 233 48 Carnegie
1085 3798 307 47 corporation
1419 3799 52 39 of
1498 3799 117 41 New
1643 3799 173 41 York.”

320 3851 200 42 “Works
546 3852 276 50 frequently
850 3852 154 41 cited”:
1063 3865 42 36 p.
1134 3853 230 42 xv-xviii.

256 3916 53 51 ©
342 3920 114 48 Apr.
488 3922 72 46 30,
593 3921 113 43 1932;
768 3923 67 40 2c.
870 3925 96 38 and
1001 3922 83 42 aff.
1118 3926 115 45 May
1264 3922 54 50 9;
1356 3925 41 38 A
1431 3923 170 50 51206;
1640 3926 238 39 Medieval
1914 3925 230 46 academy
2181 3923 52 40 of

323 3976 234 43 America.
626 3979 275 49 (32-14708)
