2563 4368
1046 4067 97 49 119

181 506 613 48 1 p. l., 23, [3] p. 23 ᶜᵐ .
117 559 51 51 ©
198 564 108 38 Jan.
336 563 68 47 20,
433 561 112 41 1931
564 573 8 35 ;
604 562 67 40 2c.
702 564 94 38 and
826 561 81 40 aff.
938 558 117 49 Jan.
1077 561 70 49 28,
1177 561 115 41 1932
1309 573 8 36 ;
1350 563 40 38 A
1417 561 145 41 48185
1581 572 8 36 ;
1623 561 51 40 G.
1708 562 63 38 M.
1802 561 54 40 B.
1887 562 218 47 Hawley,

184 620 204 46 Geneva,
421 619 56 42 N.
511 620 53 38 Y.
635 617 250 50 (32-3593)

104 720 354 65 Holitscher,
489 721 251 64 Arthur,
772 726 171 49 1869-

177 797 114 51 Ein
323 797 226 52 mensch
581 814 145 50 ganz
761 795 128 69 frei,
922 813 197 35 roman
1153 814 109 34 von
1293 796 226 52 Arthur
1551 794 347 53 Holitscher.
106 797 1976 144 Berlin,
238 872 56 56 S.
325 874 234 53 Fischer
593 876 171 65 [1931]

175 946 772 50 3 p. l., [9]-322 p., 1 l. 20½ ᶜᵐ .
177 1004 171 39 “Erste
374 1002 74 41 bis
474 1003 153 40 bierte
653 1002 232 48 auflage.”

113 1056 1991 53 © Nov. 5, 1931; 1c. Jan. 7, 1932; A—Foreign 15110; S. Fischer verlag,
181 1127 103 38 a.-g.
356 1115 249 47 (32-4383)

102 1220 214 63 Horne,
350 1218 244 55 Charles
624 1217 262 64 Francis,
921 1219 171 54 1870-
1303 1220 84 53 ed.

177 1294 209 56 Source
420 1294 225 53 records
680 1292 64 54 of
776 1293 94 53 the
904 1300 163 62 great
1101 1298 193 49 events
1328 1292 64 54 of
1424 1293 95 52 the
1554 1299 129 62 post
1717 1311 119 35 war
1871 1294 229 67 period;

106 1391 30 34 a
169 1371 459 69 comprehensive
661 1372 114 52 and
807 1371 264 53 readable
1104 1388 192 36 source
1331 1371 197 52 record
1561 1370 64 53 of
1657 1371 95 53 the
1785 1371 318 68 important

106 1454 191 48 events
348 1448 302 69 following
700 1448 95 53 the
847 1454 162 63 great
1060 1465 136 50 war,
1247 1448 332 69 presenting
1630 1448 154 54 these
1841 1468 59 34 as
103 1468 1975 127 complete

279 1526 321 53 narratives
625 1526 61 52 in
711 1526 95 53 the
835 1526 186 52 words
1051 1524 64 54 of
1143 1525 248 54 eminent
1419 1526 218 53 leaders
1668 1527 114 53 and
1812 1526 290 54 observers

165 1602 1938 71 … arranged chronologically, including outline narratives, brief
103 1682 418 53 introductions
557 1682 76 68 by
669 1680 317 68 specialists
1021 1686 60 48 to
1120 1687 234 48 connect
1390 1681 114 53 and
1541 1680 232 69 explain
1811 1682 98 52 the
1945 1681 156 54 main

104 1764 208 62 events,
372 1760 112 52 and
544 1758 287 69 thorough
892 1758 213 53 indices
1123 1777 11 48 ;
1198 1758 474 69 editor-in-chief,
1735 1758 238 56 Charles
2034 1761 65 52 F.

103 1835 1999 70 Horne, PH. D. ; directing editor, Walter F. Austin, LL. M., with
104 1913 1994 70 a staff of specialists … [New York] The National alumni
182 1996 118 64 [ ᶜ1 931]
170 2062 1135 49 4 v. fronts., plates, ports., facsim. 24 ᶜᵐ .
173 2121 101 40 The
307 2119 342 49 frontispieces
682 2120 95 40 and
812 2119 158 49 plates
1005 2120 340 47 accompanied
1380 2119 63 48 by
1478 2122 155 47 guard
1672 2121 163 40 sheets
1870 2121 119 41 with
103 2122 1980 103 descriptive
361 2178 298 46 letterpress.

174 2232 377 48 “Bibliography
590 2232 53 40 of
680 2232 82 40 the
804 2231 132 41 chief
975 2231 161 40 works
1177 2231 195 49 dealing
1412 2231 120 41 with
1578 2234 162 39 recent
1782 2233 203 47 history,
105 2243 1979 93 arranged
312 2288 62 48 by
401 2287 272 41 countries”
692 2298 9 29 :
749 2298 42 30 [v.
820 2287 28 39 4]
892 2298 43 37 p.
963 2286 217 41 467-472.

440 2366 134 29 CONTENTS.—[v.
616 2344 24 41 1]
700 2344 402 41 1919-1920.—[v.
1146 2344 26 40 2]
1232 2343 400 43 1921-1923.—[v.
1678 2344 25 42 3]
1766 2345 17 38 1
1794 2343 308 42 924-1927.—

120 2412 45 29 [v.
194 2401 26 40 4]
267 2399 276 43 1928-1931.

109 2455 51 51 ©
190 2459 100 40 Oct.
321 2459 68 48 10,
419 2458 140 42 1931;
590 2458 68 42 2c.
686 2460 119 39 each
834 2459 111 39 Feb.
973 2460 42 46 4,
1045 2458 140 47 1932;
1219 2458 81 41 aff.
1332 2459 110 41 Feb.
1472 2460 53 46 3;
1558 2460 40 38 A
1626 2459 349 47 47453-47456;
176 2460 1905 96 National

355 2515 198 48 alumni,
579 2517 117 38 New
721 2516 143 40 York.
936 2514 250 49 (32-3910)

101 2617 216 64 House,
346 2618 190 62 Ralph
566 2619 305 63 Emerson,
903 2620 171 53 1873-

170 2692 121 54 The
336 2694 289 53 essentials
671 2693 64 53 of
782 2692 251 69 Spanish
1077 2711 307 51 grammar,
1427 2694 75 68 by
1548 2694 195 68 Ralph
1789 2694 68 52 E.
1902 2694 195 52 House

102 2770 1995 69 and Erwin K. Mapes … Boston, New York [etc.] Ginn and
100 2850 506 67 company [ ᶜ1 932]
172 2920 674 48 ix, 296 p. diagr. 19½ ᶜᵐ .
108 2973 51 52 ©
184 2979 110 41 Jan.
318 2979 39 47 2,
383 2978 113 41 1932
515 2989 9 36 ;
551 2979 67 41 2c.
645 2979 110 40 Feb.
781 2980 25 39 3
825 2989 9 36 ;
863 2978 81 42 aff.
971 2979 110 39 Feb.
1109 2979 24 38 1
1153 2989 9 36 ;
1189 2979 41 38 A
1255 2978 146 41 47400
1417 2989 9 37 ;
1456 2980 55 39 R.
1539 2980 51 39 E.
1619 2980 165 38 House
1810 2979 96 39 and
1933 2978 164 40 Erwin

174 3035 58 40 K.
265 3036 181 47 Mapes,
480 3036 130 39 Iowa
646 3035 123 48 City,
833 3045 41 29 Ia.
945 3034 249 50 (32-3510)

101 3139 322 64 Housman,
455 3139 250 56 Arthur.

172 3212 346 67 Forbidden,
549 3212 292 53 novelized
873 3212 76 69 by
982 3212 226 53 Arthur
1239 3212 318 67 Housman,
1591 3212 154 52 from
1779 3212 96 52 the
1908 3228 190 36 screen

101 3294 156 63 story
278 3289 75 69 by
377 3289 197 52 Frank
599 3288 189 69 Capra
807 3309 11 47 ;
844 3289 324 53 illustrated
1192 3289 141 53 with
1357 3308 185 35 scenes
1570 3288 153 54 from
1746 3290 95 52 the
102 3287 1970 131 Columbia

225 3366 1597 68 photoplay. New York, Grosset & Dunlap [ ᶜ1 932]
201 3445 822 50 v, 250 p. front., plates. 19½ ᶜᵐ .
109 3499 51 52 ©
187 3504 108 40 Feb.
324 3505 39 49 5,
390 3504 112 41 1932
520 3515 10 37 ;
557 3505 67 41 2c.
652 3507 95 39 and
774 3505 80 41 aff.
883 3506 111 40 Feb.
1022 3507 27 39 8
1065 3516 9 37 ;
1104 3507 40 38 A
1169 3506 145 40 47508
1332 3517 9 37 ;
1372 3506 198 40 Grosset
1598 3506 36 40 &
1661 3506 209 47 Dunlap,
1900 3506 91 41 inc.

185 3560 249 50 (32-3412)

101 3660 302 66 Howland,
432 3663 232 53 Arthur
692 3665 187 63 Hoag,
913 3668 170 52 1873-

171 3737 214 68 Joseph
410 3737 452 69 Lewis—enemy
886 3741 64 51 of
974 3739 143 67 God,
1141 3740 74 67 by
1242 3740 221 52 Arthur
1487 3741 75 50 H.
1592 3739 302 53 Howland.
103 3739 1969 133 Boston,

247 3814 1205 70 Mass., The Stratford company [ ᶜ1 932]
170 3883 1117 53 xiii p., 1 l., 202 p. front. (port.) 19½ ᶜᵐ .
109 3937 51 52 ©
186 3943 108 40 Jan.
319 3944 68 46 15,
414 3943 140 47 1932;
581 3945 67 40 2c.
675 3946 109 39 Jan.
811 3946 81 47 18;
921 3946 81 42 aff.
1031 3947 108 40 Jan.
1167 3946 81 47 21;
1278 3947 40 38 A
1343 3946 145 41 48038;
1548 3946 249 41 Stratford
1824 3955 82 38 co.,
1933 3945 162 46 pubrs.

186 3998 252 52 (32-3576)
