2563 4368
1168 4082 100 51 975

207 473 306 63 Sampson,
547 468 240 56 Harold.

276 547 224 53 Primer
541 545 64 52 of
643 543 127 70 golf
809 539 359 69 instruction,
1205 540 75 67 by
1321 535 226 56 Harold
1592 535 296 68 Sampson.
206 533 1963 160 Burlingame

401 622 212 68 [Calif.]
648 624 149 51 1932.

276 693 616 51 3 p. l., 65 p. illus. 21 ᶜᵐ.
215 763 51 54 ©
292 768 125 39 June
441 767 39 46 8,
504 765 112 40 1932;
669 764 67 40 2c.
762 765 94 38 and
881 762 82 41 aff.
989 762 126 41 June
1138 761 82 47 25;
1246 760 41 39 A
1310 758 169 47 51900;
1508 759 60 39 H.
1597 758 247 47 Sampson,
1872 755 326 49 Burlingame,

283 823 143 41 Calif.
497 820 277 50 (32-16870)

210 925 220 66 Scholz,
460 922 272 56 Wilhelm
760 940 131 47 von,
923 921 172 56 1874-

338 995 1854 71 … Unrecht der liebe, roman. Leipzig, Horen-verlag [ ᶜ1 931]
278 1072 577 51 4 p. l., 249, [1] p. 20½ᶜᵐ.
282 1131 169 41 “Erste
483 1131 72 39 bis
586 1130 187 41 sechste
805 1127 232 49 auflage.”

217 1193 1985 58 © Oct. 8, 1931; 1c. June 2, 1932; A—Foreign 17004; Horen-verlag, g. m.
286 1259 40 40 b.
351 1259 44 38 h.
467 1256 277 49 (32-17306)

213 1360 402 66 Shambaugh,
643 1360 173 64 Mary
845 1358 162 56 Effie.

281 1437 147 53 Folk
478 1436 258 54 festivals
786 1435 94 53 for
927 1434 217 54 schools
1195 1434 112 52 and
1356 1432 420 70 playgrounds;
1829 1430 124 54 folk
2001 1430 203 54 dances

212 1508 1991 75 and melodies, collected by Mary Effie Shambaugh … music
213 1594 281 68 arranged
532 1593 75 66 by
646 1591 171 53 Anna
855 1589 170 54 Pearl
1063 1589 244 53 Allison.
1382 1588 138 52 New
1560 1587 179 67 York,
1777 1588 71 51 A.
1890 1586 56 55 S.
1987 1588 216 52 Barnes

211 1674 46 50 &
282 1689 295 49 company,
603 1668 416 68 incorporated,
1048 1669 150 51 1932.

282 1741 775 51 xi, 155 p. illus., diagrs. 28½ ᶜᵐ.
285 1801 223 40 Includes
541 1797 389 50 bibliographies.

221 1867 51 54 ©
299 1873 112 46 May
436 1870 68 48 28,
531 1869 112 41 1932;
699 1869 67 40 2c.
793 1870 124 38 June
943 1868 55 39 20;
1055 1867 81 42 aff.
1164 1868 125 39 June
1315 1867 54 39 21;
1425 1868 41 38 A
1491 1867 144 40 51862;
1691 1868 53 39 A.
1775 1867 42 40 S.
1848 1867 185 40 Barnes
2061 1867 36 40 &
2123 1876 82 34 co.,

287 1929 90 39 inc.
448 1926 278 50 (32-16865)

215 2029 269 68 Skinner,
515 2028 243 57 Charles
787 2029 270 64 Edward,
1090 2032 170 51 1891-

285 2108 163 54 Good
476 2124 262 37 manners
767 2106 93 53 for
889 2123 192 51 young
1108 2106 351 67 Americans,
1490 2105 73 68 by
1595 2105 235 55 Charles
1861 2105 66 52 E.
1961 2104 246 56 Skinner

277 2182 1379 70 … Chicago, Beckley-Cardy company [ ᶜ1 932]
287 2254 753 52 128 p. incl. front., illus. 20 ᶜᵐ.
224 2324 51 54 ©
314 2330 124 38 June
475 2330 68 47 15,
581 2327 112 42 1932;
760 2328 67 40 2c.
867 2329 94 37 and
1000 2324 81 43 aff.
1121 2328 126 38 June
1284 2327 82 47 24;
1407 2327 41 38 A
1486 2325 169 49 52771;
1698 2325 389 49 Beckley-Cardy
2127 2335 83 38 co.,

291 2385 222 48 Chicago.
584 2383 279 50 (32-16951)

218 2488 236 65 Society
480 2489 64 52 of
571 2487 339 64 Mayflower
941 2487 410 57 descendants.

287 2563 333 69 Mayflower
672 2564 189 67 index,
915 2563 282 68 compiled
1252 2564 113 52 and
1418 2563 189 54 edited
1665 2561 94 54 for
1811 2562 99 53 the
1962 2561 244 56 General

217 2642 211 68 society
461 2640 63 53 of
557 2640 331 70 Mayflower
921 2641 370 54 descendants
1324 2640 77 69 by
1432 2639 261 56 William
1727 2639 329 56 Alexander
217 2640 1968 147 McAuslan,

218 2715 1966 135 historian general … Committee on publication: William Alexander
753 2794 336 69 McAuslan,
1127 2795 199 53 Rhode
1363 2793 219 71 Island,
1618 2793 322 71 chairman;
1982 2796 227 53 Harold
219 2873 228 56 Griffith
488 2872 258 70 Murray,
791 2873 138 52 New

973 2872 228 71 Jersey;
1251 2871 139 56 Seth
1432 2872 224 55 Wilson
1703 2871 308 71 Cushman,
220 2872 1966 146 California;
491 2951 138 52 Mrs.
677 2949 132 69 Guy
857 2950 266 53 Bertram
1170 2950 249 68 Horton,

220 2950 1985 142 Vermont … [Boston] The General society of Mayflower descendants,
1757 3029 152 52 1932.

289 3100 215 41 2 v. 25 ᶜᵐ.
291 3158 160 46 Paged
481 3156 352 49 continuously.

294 3213 162 40 “First
485 3212 227 42 edition.”

293 3265 1917 57 “In part I the names of persons descended from a Mayflower Pilgrim
222 3321 1991 54 are arranged in alphabetical order … Part II contains the names of
222 3381 246 41 husbands
496 3383 96 38 and
618 3381 149 42 wives
795 3382 52 39 of
874 3391 200 37 persons
1103 3381 222 40 included
1352 3381 50 40 in
1433 3381 82 42 the
1545 3381 84 41 list
1657 3382 53 40 of
1738 3381 363 43 descendants.”

230 3448 52 54 ©
319 3453 125 40 June
481 3452 69 48 22,
587 3451 139 49 1932;
766 3453 66 40 2c.
870 3452 118 39 each
1026 3451 128 41 June
1188 3453 82 45 27;
1311 3451 80 40 aff.
1431 3452 127 41 June
1595 3453 82 47 25;
1717 3454 40 38 A
1794 3452 171 49 51932;
2007 3453 205 40 General

297 3509 180 47 society
504 3521 50 28 or
581 3509 278 48 Mayflower
886 3509 331 40 descendants.
1289 3507 278 52 (32-16837)

224 3611 339 66 Spaulding,
592 3612 139 54 Mrs.
760 3612 237 53 Huldah
1024 3612 376 64 Wellington.

292 3687 273 52 Intimate
597 3686 280 55 incidents
907 3687 64 52 of
1002 3707 71 32 an
1106 3687 228 67 antique
1365 3688 160 68 shop,
1555 3689 76 67 by
1662 3687 241 53 Huldah
223 3688 1964 128 Wellington

357 3761 340 71 Spaulding.
772 3763 302 68 [Hyannis,
1106 3763 191 68 Mass.,
1331 3764 119 52 The
1487 3764 224 68 author,
1747 3766 149 64 1932]

293 3834 780 50 128 p. incl. illus., plates. 24 ᶜᵐ.
295 3890 139 41 Head
465 3893 95 38 and
588 3891 90 41 tail
708 3892 170 47 pieces.

233 3955 51 54 ©
324 3962 125 39 June
488 3961 69 48 15,
592 3959 143 49 1932;
776 3961 67 41 2c.
882 3963 95 38 and
1016 3960 81 42 aff.
1138 3962 125 39 June
1302 3962 81 47 16;
1426 3963 41 38 A
1505 3962 169 47 51789;
1717 3963 59 38 H.
1818 3964 69 39 W.
1933 3958 278 52 Spaulding,

300 4017 237 49 Hyannis,
567 4018 145 41 Mass.
783 4017 277 49 (32-16839)
