2563 4368
1280 4075 134 51 1862

339 464 212 62 Morse,
584 460 316 54 Frederick
930 461 64 55 T.

406 540 202 52 Power
648 537 164 69 plant
851 536 368 69 engineering
1259 537 109 51 and
1411 534 226 70 design;
1680 554 31 34 a
1749 539 121 49 text
1910 533 93 54 for
2042 535 291 68 engineers

338 618 111 52 and
495 617 257 53 students
800 614 63 53 of
907 613 368 70 engineering
1320 611 268 71 covering
1632 613 95 53 the
1771 613 200 68 theory
2017 614 113 52 and
338 629 1973 117 practice

481 692 65 54 of
580 693 319 66 stationary
936 690 224 54 electric
1196 690 337 68 generating
1569 689 208 68 plants,
1813 690 75 67 by
1924 688 309 54 Frederick
2268 691 64 51 T.

339 766 1924 69 Morse … New York, D. Van Nostrand company, inc., 1932.
408 839 1556 54 3 p. l., v-xii, 813 p. front., illus., diagrs. (1 fold.) 23½ ᶜᵐ.
412 897 348 44 “References”
789 901 51 38 at
867 899 91 39 end
983 898 53 39 of
1061 897 118 40 each
1205 897 214 47 chapter.

345 966 1988 54 © Oct. 11, 1932; 2c. Oct. 19; aff. Dec. 13; A 58337; D. Van Nostrand co.,
411 1028 89 40 inc.
574 1026 279 49 (32-35635)

343 1129 248 66 Musser,
624 1128 317 65 Benjamin
973 1127 262 65 Francis,
1272 1133 170 49 1891-

410 1206 284 57 One-man
734 1207 155 52 show;
959 1204 109 54 end
1109 1222 207 50 papers
1357 1205 113 52 and
1511 1203 361 70 marginalia,
1911 1204 75 70 by
2029 1204 305 69 Benjamin

343 1280 1992 72 Musser … Oglethorpe University, Ga., Oglethorpe university
343 1381 171 50 press,
542 1365 151 50 1932.

449 1433 397 51 x, 11-286 p. 23½ ᶜᵐ.
347 1504 51 52 ©
428 1509 108 38 Dec.
565 1507 39 43 9.
632 1506 140 47 1932;
801 1506 66 40 2c.
895 1506 111 40 Dec.
1035 1506 57 38 10;
1147 1504 80 41 aff.
1257 1505 108 39 Dec.
1396 1505 53 38 12;
1506 1505 42 38 A
1575 1506 168 45 57447;
1775 1506 53 39 B.
1859 1506 49 39 F.
1939 1507 201 43 Musser,
414 1504 1903 109 Washington.
665 1562 279 49 (32-35504)

343 1668 144 51 New
518 1667 178 52 York.
773 1668 271 50 Museum
1074 1666 63 52 of
1167 1664 226 55 science
1425 1665 113 53 and
1570 1665 294 64 industry.

413 1743 96 52 An
540 1742 379 69 opportunity
952 1742 94 52 for
1080 1762 71 33 an
1185 1742 308 53 industrial
1524 1761 255 34 museum
1810 1744 62 52 in
1904 1745 138 51 New
2077 1742 189 67 York;
2302 1762 32 33 a

345 1821 374 69 preliminary
756 1826 447 48 announcement
1236 1822 75 67 by
1346 1822 95 52 the
1475 1824 138 51 New
1648 1822 161 53 York
1841 1824 260 51 Museum
2136 1821 62 53 of
344 1823 1964 131 science
506 1902 112 52 and
649 1901 282 66 industry.
1014 1901 155 65 [New
1201 1900 178 66 York]
1421 1903 147 49 1932.

438 1974 613 51 17 p. front., illus. 23 ᶜᵐ.
350 2027 51 52 ©
436 2032 128 39 June
594 2033 40 42 3,
669 2030 139 47 1932;
845 2031 66 40 2c.
945 2031 95 39 and
1075 2030 81 40 aff.
1191 2030 125 39 June
1351 2030 51 46 8;
1440 2030 41 38 A
1515 2029 168 47 52373;
1721 2030 116 39 New
1872 2029 131 39 York
2036 2038 218 31 museum
2290 2028 51 41 of

418 2088 184 39 science
629 2088 34 39 &
690 2087 240 46 industry.

345 2192 149 62 Ney,
526 2190 197 54 Gisela
748 2191 72 53 K.

416 2265 183 54 Wails
630 2266 152 52 from
815 2266 254 66 Carmel;
1105 2286 56 33 as
1193 2266 204 53 wailed
1425 2267 74 68 by
1532 2285 29 34 a
1591 2267 114 65 city
1736 2267 172 66 child,
1934 2267 75 54 by
2038 2267 194 54 Gisela
2261 2268 73 51 K.

347 2344 1473 69 Ney … [San Francisco, Mercury press] 1932.
445 2403 1016 65 1 p. l., 7-27, [1] p. illus., 2 plates. 24 ᶜᵐ.
417 2478 55 37 In
503 2485 149 31 verse.

353 2529 50 51 ©
432 2533 110 47 Apr.
571 2532 67 42 15.
665 2530 114 41 1932;
834 2532 66 39 2c.
927 2533 95 38 and
1050 2531 82 39 aff.
1160 2532 113 46 May
1299 2531 53 47 2;
1382 2531 39 38 A
1449 2530 169 48 51112;
1649 2532 52 40 G.
1730 2533 56 37 K.
1816 2532 115 47 Ney,
1961 2532 203 41 Carmel.
2196 2529 132 42 Calif

347 2648 337 65 Nicholson,
713 2649 153 54 John
897 2648 260 56 Whitall.

418 2727 173 52 From
639 2726 294 67 elephants
978 2731 58 49 to
1084 2727 149 67 fleas,
1279 2726 74 68 by
1401 2727 54 53 J.
1503 2726 245 55 Whitall
1796 2726 305 54 Nicholson;
347 2728 1967 129 illustrated
571 2804 75 62 by
678 2805 167 51 Anne
881 2806 197 60 Perry.
1154 2805 232 61 Boston,
1422 2805 170 53 Mass.
1652 2805 156 54 [Priv.
1848 2804 194 62 print.]
2086 2809 147 49 1932.

420 2874 462 52 [61] p. illus. 18 ½ᶜᵐ.
418 2933 185 42 Poems.

355 2988 50 51 ©
438 2992 110 39 Dec.
579 2993 38 46 7,
649 2990 112 40 1932;
821 2990 66 40 2c.
920 2992 93 38 and
1046 2990 81 40 aff.
1159 2991 111 40 Dec.
1302 2989 55 40 10;
1416 2991 41 38 A
1488 2990 141 40 58302;
1692 2991 133 39 Eliza
1863 2993 170 39 Stokes
2066 2992 273 42 Nicholson.

424 3049 332 38 Moorestown.
784 3047 55 39 N.
867 3047 41 38 J.
981 3046 279 49 (32-35618)

350 3147 201 66 Obold,
581 3149 224 54 Walter
835 3149 172 54 Lord.

419 3226 237 53 Manual
700 3225 64 53 of
804 3225 412 68 microbiology
1257 3225 94 53 for
1392 3226 98 53 the
1529 3227 171 67 study
1743 3226 64 53 of
1847 3227 267 67 bacteria,
2157 3233 184 62 yeasts

353 3302 1990 71 and molds, by Walter Lord Obold … and Margaret May
352 3380 1989 69 Diehm … illustrated with 40 line engravings and eleven tables
353 3459 63 52 of
441 3458 267 66 bacteria,
734 3463 100 48 etc.
909 3458 425 67 Philadelphia,
1361 3459 66 51 F.
1456 3457 71 53 A.
1556 3458 179 53 Davis
1764 3476 295 51 company,
2088 3462 148 49 1932.

421 3530 457 49 140 p. illus. 22 ᶜᵐ.
423 3586 224 41 Includes
677 3585 346 41 “References”
1053 3586 95 40 and
1175 3586 148 40 blank
1351 3595 145 39 pages
1524 3586 79 41 for
1633 3585 218 42 “Notes”.

359 3639 50 51 ©
441 3644 116 40 Nov.
588 3643 68 40 21.
688 3639 111 42 1932;
860 3643 65 39 2c.
959 3644 93 37 and
1085 3642 79 39 aff.
1198 3642 110 39 Dec.
1339 3642 52 47 9;
1425 3643 40 38 A
1496 3642 146 41 57409;
1700 3643 50 41 F.
1784 3644 52 37 A.
1870 3643 151 40 Davis
2053 3655 66 29 co.

435 3698 278 47 (32-35655)

355 3798 159 65 Pike,
545 3800 218 62 James,
797 3805 169 49 1834-

485 3873 1855 72 … Scout and ranger; being the personal adventures of
355 3951 191 53 James
580 3952 142 52 Pike
754 3951 64 53 of
851 3953 93 52 the
979 3953 182 52 Texas
1195 3970 233 51 rangers
1461 3953 59 53 in
1555 3954 265 67 1859-60;
1859 3952 290 69 reprinted
2187 3950 151 54 from
