2563 4368
1284 4078 134 51 1896

353 459 202 66 Tittle,
584 462 217 52 Ernest
831 462 300 64 Fremont,
1162 467 158 49 1885-

423 539 168 54 Jesus
629 538 152 53 after
819 538 259 54 nineteen
1117 540 277 54 centuries
1454 540 93 68 [by]
1593 541 208 52 Ernest
1840 542 273 51 Fremont
2151 541 192 53 Tittle.

356 616 1815 71 New York, Cincinnati [etc.] The Abingdon press [ ᶜ1 932]
426 689 280 49 217 p. 21½ ᶜᵐ.
428 745 182 41 “These
639 747 209 39 lectures
882 756 124 30 were
1037 746 243 40 delivered
1311 757 60 28 on
1402 746 81 40 the
1515 746 185 48 Lyman
1732 747 212 39 Beecher
1974 746 289 41 foundation
2297 753 48 36 at

356 802 119 42 Yale
510 803 314 48 university.”

361 872 51 51 ©
446 875 127 48 Sept.
603 874 68 49 19,
703 874 115 41 1932;
875 874 67 42 2c.
974 876 95 39 and
1099 874 82 41 aff.
1210 875 117 40 Nov.
1358 876 26 39 3;
1445 875 40 39 A
1516 875 141 40 58181;
1720 877 52 39 E.
1806 876 51 40 F.
1889 876 163 48 Tittle,
2085 877 262 46 Evanston,

429 933 75 39 Ill.
576 931 219 49 (33-298)

355 1035 346 65 Trevelyan,
733 1034 292 55 Gertrude
1058 1034 220 56 Eileen.

427 1109 230 71 Appius
682 1111 112 53 and
820 1109 284 70 Virginia,
1130 1110 73 69 by
1231 1109 67 54 G.
1326 1110 67 52 E.
1422 1110 333 69 Trevelyan.
1818 1110 136 54 New
1986 1109 175 70 York,
2189 1109 68 57 G.
2285 1111 63 52 P.

357 1188 294 54 Putnam’s
681 1207 144 48 sons,
860 1191 149 50 1932.

424 1258 633 50 3 p. l. , 9-291, [1] p. 19½ᶜᵐ.
361 1321 51 51 ©
447 1326 111 38 Dec.
591 1325 68 48 24,
694 1325 112 40 1932;
869 1325 65 40 2c.
970 1326 111 39 Dec.
1114 1326 81 45 28;
1229 1325 81 39 aff.
1346 1326 112 39 Dec.
1491 1325 82 46 27;
1610 1327 40 36 A
1684 1326 168 47 58566;
1891 1326 50 39 G.
1978 1328 51 36 E.
2065 1325 283 48 Trevelyan,

430 1381 231 48 Reading,
688 1383 236 46 England.
988 1382 219 48 (33-134)

359 1484 164 65 Wall,
553 1485 358 65 Bernhardt,
942 1486 170 54 1872-

424 1561 286 54 Lincoln’s
758 1561 385 68 New-Salem;
1197 1581 29 34 a
1277 1562 360 69 pilgrimage,
1682 1562 74 68 by
1804 1561 328 54 Bernhardt
2177 1562 173 67 Wall,

356 1641 204 52 etcher.
634 1639 139 54 New
799 1640 257 66 Preston,
1084 1640 107 67 Ct.,
1219 1641 66 52 B.
1311 1639 172 67 Wall,
1511 1643 150 50 1926.

427 1712 1077 49 55 l. incl. illus., plates, ports., map. 35 ᶜᵐ.
428 1768 1921 50 “Copy no. Library of Congress … edition—103 copies.” Signed by the
357 1826 191 40 author.

362 1880 51 51 ©
439 1883 102 41 Oct.
566 1883 67 47 15,
658 1882 113 41 1928;
823 1883 67 40 2c.
915 1884 93 37 and
1034 1882 81 40 aff.
1140 1882 108 41 Dec.
1274 1882 70 47 23,
1368 1881 140 48 1932;
1534 1882 41 39 A
1600 1882 140 41 57593;
1797 1884 54 39 B.
1876 1882 142 48 Wall,
2044 1881 134 43 Lime
2202 1884 142 39 Rock.

431 1939 147 41 Conn.
648 1939 221 48 (33-425)

359 2042 269 65 Wallace,
658 2042 241 54 Robert.

427 2115 1922 70 The body on the beach, by Robert Wallace … New York,
359 2194 66 54 G.
456 2195 75 51 H.
562 2194 178 66 Watt,
771 2197 151 50 1932.

425 2264 275 49 256 p. 19½ ᶜᵐ.
363 2322 51 51 ©
442 2324 101 42 Oct.
569 2325 69 47 28,
665 2323 111 41 1932;
831 2324 68 40 2c.
925 2324 111 40 Dec.
1061 2323 59 40 30;
1172 2323 80 39 aff.
1281 2323 111 40 Dec.
1417 2322 56 40 29;
1528 2324 41 38 A
1595 2323 145 41 58618;
1794 2323 51 41 G.
1875 2324 215 40 Howard
2117 2324 150 40 Watt.

439 2382 221 48 (33-151)

362 2483 239 67 [Wallis,
630 2483 281 68 Lindsay]
947 2489 168 49 1885-

428 2562 120 54 The
577 2561 265 54 memoirs
871 2559 66 55 of
967 2580 31 34 a
1029 2566 284 63 pussycat,
1344 2561 280 68 compiled
1657 2559 153 55 from
1840 2560 248 69 original
2116 2579 129 35 mss.
2277 2559 74 68 by

358 2639 149 53 Paul
536 2638 198 68 Black,
766 2639 141 53 with
938 2644 295 49 seventeen
1264 2639 380 54 illustrations
1674 2639 76 67 by
1780 2638 97 54 the
1908 2638 221 53 author.
358 2638 1967 146 London,

519 2717 122 53 The
671 2717 310 53 Exsolman
1014 2734 280 51 company
1329 2719 171 65 [1931]

426 2790 69 47 93,
526 2790 55 49 [3]
611 2800 44 38 p.
682 2789 78 41 incl.
818 2789 164 47 front.,
1011 2789 129 42 illus.
1198 2789 56 40 21½ᶜᵐ.

429 2845 71 41 On
530 2856 168 31 cover:
726 2847 41 38 A
794 2845 321 49 screamingly
1142 2845 157 49 funny
1328 2845 153 41 satire
1507 2844 220 50 (written
1755 2845 78 40 for
1863 2843 189 48 adults)
2080 2854 59 30 on
2169 2844 181 39 human

358 2900 88 42 life
472 2901 50 40 in
549 2902 194 47 general
772 2902 95 40 and
895 2902 84 40 the
1004 2901 177 41 talkies
1207 2901 50 40 in
1285 2901 284 49 particular.

363 2954 51 51 ©
478 2969 35 29 1c.
546 2959 120 47 Aug.
698 2959 69 47 31,
801 2958 140 47 1932;
976 2959 41 38 A
1049 2959 61 38 ad
1142 2959 87 39 int.
1263 2957 169 48 16912;
1467 2958 143 47 pubd.
1643 2958 118 47 Aug.
1794 2957 83 47 20;
1913 2956 212 48 Lindsay
2160 2955 187 46 Wallis,

431 3014 211 40 London.
712 3013 250 49 (33-1419)

365 3114 239 67 [Walsh,
635 3117 244 54 Francis
910 3117 271 67 Edward]
1218 3122 169 50 1886-

433 3193 229 54 Church
697 3194 402 53 architecture:
1131 3195 265 66 building
1429 3194 94 53 for
1556 3213 32 34 a
1621 3193 185 68 living
1839 3193 170 67 faith,
2039 3194 75 65 by
2148 3193 197 53 Frank

363 3269 1956 145 Brannach [pseud.] … Milwaukee, The Bruce publishing company [1932]
435 3417 1788 50 xxi, 266 p. illus., 22 ᶜᵐ. (Half-title: Science and culture series)
366 3472 51 51 ©
443 3476 117 40 Nov.
586 3476 69 46 15,
682 3475 112 40 1932;
849 3475 67 39 2c.
942 3477 95 38 and
1063 3476 82 40 aff.
1170 3476 118 40 Nov.
1314 3477 59 39 28;
1425 3477 41 38 A
1492 3476 143 41 58099;
1691 3476 158 40 Bruce
1872 3476 107 48 pub.
2009 3487 68 29 co.

442 3531 219 47 (33-277)

359 3632 217 65 Welsh,
606 3634 198 52 Frank
833 3635 78 53 M.

429 3707 296 70 Thinking
769 3726 212 37 success
1027 3709 119 52 into
1191 3709 269 68 business,
1505 3711 75 66 by
1625 3711 197 52 Frank
1867 3712 78 51 M.
1992 3711 195 54 Welsh
2232 3711 110 51 and

361 3784 1977 71 Frances L. Gordon. Chicago, Ill., The Weldon press [ ᶜ1 932]
430 3857 64 48 ix,
525 3857 84 40 145
640 3868 43 38 p.
742 3858 56 40 20½ᶜᵐ.

367 3910 51 51 ©
447 3914 115 40 Nov.
592 3915 69 46 22,
691 3914 113 41 1932;
861 3915 67 40 2c.
958 3916 111 41 Dec.
1099 3916 54 40 15;
1213 3916 81 41 aff.
1324 3917 109 39 Jan.
1463 3916 69 47 14,
1562 3915 140 48 1933;
1731 3916 43 39 A
1802 3916 139 40 58441;
2006 3916 51 40 F.
2089 3917 62 39 M.
2182 3915 163 41 Welsh

433 3972 95 39 and
554 3969 210 43 Frances
789 3972 50 40 L.
867 3971 205 48 Gordon,
1100 3972 221 49 Chicago.
1386 3972 219 48 (33-292)
