2563 4368
1415 4048 99 55 570

479 530 119 61 [etc.]
632 524 144 53 Pub.
804 523 94 54 for
928 523 217 69 Bridge
1171 523 425 68 headquarters,
1626 524 126 66 inc.,
1779 522 76 69 by
1885 522 96 53 the
2008 521 158 55 John
2197 521 62 55 G.
455 521 1970 135 Winston
611 619 280 50 company
1034 603 84 65 [ᶜ1932]

525 673 644 50 2 p. l., iii-vi, 233 p. 19½ ᶜᵐ.
527 730 245 40 Portraits
812 741 59 28 on
912 731 137 38 front
1090 729 347 47 lining-paper;
1483 729 130 39 “The
1653 729 119 39 laws
1813 730 94 39 and
1951 728 145 40 count
2138 728 52 39 of
2231 729 221 39 contract

456 786 168 47 bridge
651 789 52 38 at
729 797 28 29 a
783 784 196 48 glance”
1007 796 59 29 on
1093 785 121 41 back
1242 784 333 49 lining-paper.

464 841 52 52 ©
542 845 108 40 Feb.
677 845 68 45 25,
771 843 113 41 1932;
938 844 66 40 2c.
1030 844 114 47 Apr.
1170 844 24 38 1;
1250 842 82 44 aff.
1360 844 120 39 Mar.
1507 843 55 40 31;
1619 843 39 38 A
1683 841 143 41 49375;
1883 842 176 48 Bridge
2086 842 366 47 headquarters,

530 901 91 41 inc.
685 897 68 54 [©
782 900 238 41 revisions
1050 895 94 45 arid
1175 899 261 49 additions]
1509 898 278 49 (32-10622)

459 1005 305 65 Brigham,
798 1005 209 53 Albert
1036 1004 206 65 Perry.

460 1079 1967 136 Essentials of geography. 2d bk. By Albert Perry Brigham … and Charles
1146 1159 1305 68 T. McFarlane … Rev. ed. New York,
463 1238 327 55 Cincinnati
846 1245 120 60 [etc.]
1001 1237 309 56 American
1337 1239 147 53 book
1512 1258 279 50 company
1936 1241 84 65 [ᶜ1932]

534 1312 1572 50 vi, 426 p. incl. col. front., illus. (incl. maps, part col.) 26 ᶜᵐ.
467 1367 52 52 ©
545 1371 113 48 Apr.
685 1370 70 47 25,
783 1369 113 41 1932;
953 1370 66 40 2c.
1047 1371 114 47 Apr.
1188 1370 56 40 27;
1301 1369 81 41 aff.
1411 1371 114 47 May
1552 1370 55 41 18;
1663 1371 39 38 A
1731 1370 147 40 52060;
1933 1370 145 40 Flora
2108 1370 71 42 W.
2209 1368 247 50 Brigham,

534 1427 268 48 Hamilton,
830 1428 56 41 N.
916 1428 68 46 Y.,
1014 1428 94 39 and
1140 1426 202 41 Charles
1370 1427 51 40 T.
1452 1427 304 48 McFarlane,
1786 1427 116 40 New
1931 1427 145 40 York.

461 1529 301 66 Brinkley,
792 1532 211 54 Stuart
1034 1531 240 64 Robert,
1309 1534 171 52 1889-

532 1603 1862 72 Introductory general chemistry, by Stuart R. Brinkley …
461 1685 136 52 New
636 1684 177 67 York,
848 1685 121 53 The
1004 1682 334 55 Macmillan
1372 1701 293 50 company,
1704 1686 149 50 1932.

564 1754 1891 51 x p., 1 l., 565 p. incl. pl. front., illus., plates (1 col.) ports., diagrs.
459 1812 57 40 22½ ᶜᵐ.
530 1871 176 39 Tables
738 1880 61 30 on
832 1868 364 49 lining-papers.

533 1926 434 49 “Supplementary
1005 1924 254 49 readings”
1295 1927 52 38 at
1381 1926 92 39 end
1509 1924 52 42 of
1594 1925 118 40 each
1746 1926 215 47 chapter.

470 1983 52 52 ©
552 1988 113 47 Apr.
695 1986 69 47 19,
794 1984 141 46 1932;
966 1984 67 41 2c.
1064 1986 94 38 and
1187 1983 82 42 aff.
1300 1984 113 47 Apr.
1441 1983 83 46 20;
1557 1984 39 38 A
1626 1982 170 48 50810;
1830 1983 280 40 Macmillan
2141 1993 67 31 co.

548 2042 279 49 (32-10828)

468 2145 342 56 California.
886 2146 164 52 Latos
1057 2187 10 22 ,
1098 2149 258 63 statutes,
1385 2149 101 48 etc.

539 2223 405 53 Consolidated
979 2224 361 66 supplement
1372 2226 59 48 to
1462 2222 96 51 the
1591 2221 183 54 Codes
1806 2220 64 52 of
1902 2222 95 52 the
2029 2225 144 49 state
2205 2221 63 52 of

468 2221 1962 144 California,
710 2299 261 70 showing
1002 2301 77 51 all
1110 2301 97 52 the
1240 2300 243 68 changes
1519 2296 271 72 affecting
1822 2300 96 51 the
1950 2299 163 55 codes

2146 2300 201 68 passed
2381 2300 73 69 by

466 2381 96 53 the
593 2379 437 69 forty-seventh,
1059 2377 387 70 forty-eighth
1476 2378 111 53 and
1617 2378 357 69 forty-ninth
2000 2378 239 54 sessions
2268 2380 63 52 of
2359 2379 96 53 the

467 2456 1989 72 legislature (1927-1931) … Connects with and continues
467 2536 274 69 Hillyer’s
764 2536 386 55 consolidated
1172 2536 359 67 supplement
1563 2534 366 70 (1921-1925)
2022 2537 299 69 Compiled
2344 2537 110 53 and

469 2617 307 52 annotated
825 2616 73 65 by
949 2614 193 55 Curtis
1191 2615 246 67 Hillyer.
1515 2612 118 56 San
1681 2614 321 68 Francisco,
2049 2616 406 55 Bender-Moss

469 2713 296 51 company,
795 2696 151 51 1932.

541 2770 115 45 xvii,
684 2767 262 41 4207-5842
975 2777 42 38 p.
1079 2767 54 40 15½ᶜᵐ.

474 2823 52 52 ©
552 2828 112 46 May
687 2826 39 47 9,
753 2825 114 40 1932;
919 2824 67 40 2c.
1012 2825 95 39 and
1133 2823 81 43 aff.
1242 2824 112 47 May
1380 2824 55 38 14;
1489 2824 39 38 A
1556 2823 142 41 51345;
1754 2825 188 39 Bender
1970 2825 129 39 Moss
2124 2834 66 30 co.

469 2911 261 64 Carrick,
757 2909 163 55 Alice
948 2910 130 54 Van
1106 2910 165 65 Leer,
1303 2911 164 55 1875-

538 2988 291 68 Kitty-cat
865 2987 159 67 tales,
1059 2987 75 68 by
1170 2986 164 54 Alice
1371 2988 132 53 Van
1537 2988 141 52 Leer
1716 2986 266 70 Carrick;
2023 2988 323 54 illustrated
2382 2988 74 68 by

468 3064 1966 147 Homer Eaton Keyes and Bertha G. Davidson. Boston, Lothrop, Lee & Shepard co. [ ᶜ19 32 ]
542 3214 1162 48 xiv, 3-237 p. col. front., illus., plates. 20 ᶜᵐ.
477 3270 52 52 ©
564 3275 113 46 Apr.
712 3274 69 46 15,
816 3272 112 41 1932;
993 3273 65 39 2c.
1095 3273 112 47 Apr.
1244 3272 54 40 19;
1364 3272 81 41 aff.
1480 3273 112 48 Apr.
1630 3273 57 41 18;
1749 3274 39 38 A
1825 3273 143 41 50935;
2034 3274 227 48 Lothrop,
2298 3275 91 38 Lee
2424 3272 34 41 &

546 3331 216 47 Shepard
792 3340 65 30 co.
919 3325 69 53 [©
1018 3329 344 49 introduction]
1435 3327 278 49 (32-10533)

473 3420 241 64 Carson,
742 3418 253 55 William
1021 3420 238 64 Joseph,
1291 3425 169 50 1898-

543 3494 245 69 Savings
832 3496 112 52 and
988 3496 287 67 employee
1317 3496 230 69 savings
1591 3497 166 68 plans
1799 3497 61 52 in
1902 3496 434 69 Philadelphia;
2385 3511 70 36 an

471 3573 249 67 analysis
759 3571 64 53 of
858 3572 230 69 savings
1125 3573 109 52 and
1275 3578 164 63 types
1477 3572 64 54 of
1579 3573 164 68 plans
1782 3579 58 48 to
1879 3591 312 51 encourage
2228 3573 225 68 savings

472 3650 111 51 and
621 3649 177 52 thrift
834 3666 208 50 among
1078 3650 316 67 employees
1429 3650 65 53 of
1532 3650 306 54 industrial
1877 3650 156 55 firms
2071 3650 58 54 in
473 3649 1957 143 Philadelphia,
661 3725 76 68 by
772 3725 261 54 William

1068 3722 1386 73 J. Carson … Philadelphia, University of
474 3802 421 67 Pennsylvania
923 3820 173 50 press,
1126 3804 150 51 1932.

472 3874 1965 154 xi, 112 p. diagrs. 23½ ᶜᵐ. (Half-title: Industrial research department, Wharton school of finance and commerce, University of Pennsylvania.
692 3987 243 41 Research
965 3987 186 41 studies.
1337 3988 16 49 XVII)
