2563 4368
1144 4094 133 50 1251

207 489 350 66 Cyprianus,
585 489 185 65 Saint,
837 506 55 48 bp.
923 488 63 66 of
1016 486 301 67 Carthage.

205 561 1967 151 … Thasci Caecili Cypriani De habitu virginum; a commentary,
378 638 1818 69 with an introduction and translation … by Sister Angela
206 715 1832 69 Elizabeth Keenan … Washington, D. C., The Catholic
206 714 1967 151 university
448 797 65 53 of
540 796 283 67 America,
857 798 150 51 1932.

276 885 102 47 xiii,
416 884 87 41 188
537 895 43 37 p.
639 883 145 40 23½ᶜᵐ.
855 882 124 48 (The
1016 881 221 42 Catholic
1271 880 271 49 university
1577 881 52 41 of
1663 879 237 42 America.
1965 879 233 44 Patristic

206 942 199 40 studies,
465 941 91 39 vol.
750 938 15 49 XXXIV)

276 997 172 40 Thesis
492 997 108 48 (PH.
635 994 359 48 D.)—Catholic
1029 993 272 48 university
1335 994 51 40 of
1420 993 237 49 America,
1693 992 128 42 1932.

277 1053 146 42 Latin
446 1054 95 38 and
567 1051 216 49 English.

278 1110 186 41 “Select
497 1106 392 50 bibliography”:
925 1117 43 38 p.
1003 1105 186 42 ix-xiii.

214 1177 51 52 ©
307 1182 126 39 June
472 1180 67 48 15,
580 1177 141 48 1932;
763 1178 67 41 2c.
871 1180 95 38 and
1007 1177 83 41 aff.
1131 1177 126 40 June
1297 1178 82 46 17;
1421 1177 42 39 A
1503 1176 170 48 52619;
1717 1177 222 41 Catholic
1978 1176 130 42 univ.
2150 1177 52 41 of

280 1236 237 40 America.
587 1233 279 48 (32-22111)

207 1339 335 64 Dempster,
571 1339 138 52 Mrs.
742 1337 312 55 Germaine
1092 1336 309 67 (Collette)

338 1412 1858 71 … Dramatic irony in Chaucer, by Germaine Dempster, ph. d.
211 1491 281 55 Stanford
529 1492 352 68 University,
920 1492 195 68 Calif.,
1153 1491 283 57 Stanford
1471 1491 318 68 university
1825 1510 184 50 press;
209 1494 1964 145 London,

370 1573 75 53 H.
477 1570 264 68 Milford,
773 1569 230 56 Oxford
1031 1568 318 68 university
1380 1588 173 48 press,
1587 1573 149 51 1932.

277 1658 85 40 102
397 1668 44 37 p.
499 1657 147 39 25½ᶜᵐ.
715 1656 261 48 (Stanford
1013 1655 270 47 university
1319 1654 338 49 publications.
1718 1655 282 48 University
2036 1658 163 41 series.

209 1714 258 49 Language
493 1715 95 39 and
611 1714 271 39 literature,
941 1714 92 40 vol.
1111 1744 10 17 IV,
1145 1723 75 30 no.
1243 1712 53 49 3)

216 1783 51 52 ©
296 1788 119 46 Aug.
444 1787 68 46 15,
542 1785 139 47 1932;
712 1785 68 40 2c.
809 1785 119 47 Aug.
956 1785 82 46 23;
1071 1784 82 41 aff.
1181 1785 120 48 Aug.
1330 1784 84 47 22;
1445 1785 42 38 A
1516 1784 170 47 54487;
1718 1785 163 40 Board
1912 1785 50 40 of
1992 1787 211 39 trustees

282 1843 52 40 of
362 1843 181 39 Leland
577 1842 233 40 Stanford
839 1841 165 48 junior
1034 1840 143 47 univ.,
1213 1840 234 41 Stanford
1478 1840 295 49 University,
1808 1841 143 42 Calif.

291 1898 278 49 (32-22170)

210 2001 195 66 Flack,
437 2001 304 64 Marjorie.

278 2078 125 53 Ask
431 2080 112 53 Mr.
574 2081 149 51 Bear
760 2079 109 66 [by]
906 2078 277 69 Marjorie
1215 2078 195 53 Flack.
1509 2080 138 53 [New
1681 2079 181 69 York,
1892 2081 121 53 The
209 2081 1966 129 Macmillan

442 2176 296 49 company,
772 2161 152 62 1932]

285 2227 83 52 [32]
401 2242 44 37 p.
506 2230 86 40 col.
625 2229 128 41 illus.
812 2229 117 42 21ᶜᵐ.

281 2286 126 42 Title
441 2287 127 40 from
603 2297 155 31 cover.

282 2343 287 41 Illustrated
610 2343 362 49 lining-papers.

219 2410 51 52 ©
298 2415 118 48 Aug.
445 2415 69 46 23,
543 2414 113 40 1932;
714 2415 65 39 2c.
810 2417 95 37 and
934 2415 82 41 aff.
1044 2415 120 48 Aug.
1193 2415 54 39 24;
1307 2416 42 38 A
1376 2416 170 46 53774;
1579 2416 279 40 Macmillan
1889 2428 66 30 co.

295 2470 278 49 (32-22192)

213 2575 336 62 Fortescue,
577 2574 99 53 Sir
702 2573 153 53 John
882 2573 274 65 William,
1187 2579 171 49 1859-

285 2649 1853 68 Marlborough, by the Honorable Sir John Fortescue …
210 2726 138 53 New
378 2727 177 63 York,
583 2728 71 52 D.
684 2728 293 66 Appleton
1007 2730 112 51 and
1148 2747 295 48 company,
1474 2733 151 49 1932.

214 2799 1973 108 3 p. l. , 170, [1] p. front. (port.) illus. (maps) 19½ᶜᵐ. [Appleton biographies]
285 2912 442 50 “Bibliographical
767 2912 167 41 note”:
976 2924 43 38 p.
1061 2913 98 41 165.

222 2980 51 52 ©
299 2985 118 46 Aug.
445 2982 68 48 19,
540 2982 141 48 1932;
709 2983 67 40 2c.
804 2985 94 38 and
926 2982 81 40 aff.
1034 2983 119 48 Aug.
1180 2983 81 48 22;
1292 2985 42 38 A
1360 2985 169 47 53715;
1560 2986 57 39 D.
1646 2986 238 48 Appleton
1912 2987 36 40 &
1975 2998 67 29 co.

297 3040 277 48 (32-22068)

217 3141 226 65 Gilkey,
472 3143 201 52 James
703 3141 252 64 Gordon,
987 3146 169 49 1889-

283 3216 1922 72 Managing one’s self, by James Gordon Gilkey … New
216 3295 177 60 York,
421 3296 121 52 The
568 3295 334 53 Macmillan
930 3312 295 51 company,
1256 3299 148 50 1932.

286 3368 87 41 viii
397 3380 57 37 p.,
479 3369 29 39 2
567 3400 8 17 l.,
601 3369 88 40 238
711 3380 45 37 p.
814 3367 146 42 19½ᶜᵐ.

224 3435 51 52 ©
303 3440 119 47 Aug.
450 3438 69 48 23,
548 3438 140 41 1932;
719 3439 68 41 2c.
815 3440 96 38 and
940 3438 81 40 aff.
1050 3438 118 48 Aug.
1198 3438 82 48 24;
1312 3440 40 38 A
1381 3440 169 48 53770;
1583 3442 279 39 Macmillan
1892 3453 66 30 co.

299 3495 279 49 (32-22114)

217 3597 152 65 Hall,
395 3599 138 52 Mrs.
560 3599 135 51 Inez
721 3597 72 55 A.
821 3597 241 55 Ellison.

288 3674 57 51 A
372 3692 261 33 romance
661 3673 63 52 of
752 3674 128 51 lake
910 3674 324 66 Conneaut;
1267 3694 81 47 or,
1375 3675 102 52 All
1505 3676 48 52 is
1583 3677 128 51 well
1739 3677 127 51 that
1898 3678 135 51 ends
2064 3678 146 65 well,

219 3751 76 67 by
321 3752 135 51 Inez
483 3751 72 53 A.
584 3751 222 53 Ellison
834 3751 158 53 Hall.
1058 3753 235 66 Boston,
1320 3753 123 52 The
1471 3753 378 69 Christopher
1876 3753 335 71 publishing

218 3829 398 67 house [ ᶜ1 932]
289 3902 779 51 2 p. l. , vii-x, 11-193 p. 21ᶜᵐ.
227 3968 51 52 ©
310 3973 120 47 Aug.
461 3973 69 47 22,
563 3972 139 48 1932;
735 3974 69 40 2c.
839 3973 127 49 Sept.
999 3976 53 45 1;
1086 3974 83 41 aff.
1200 3975 118 48 Aug.
1352 3977 83 46 31;
1470 3976 40 39 A
1544 3977 169 47 53887;
1751 3975 314 48 Christopher
2099 3976 109 47 pub.

293 4030 162 39 house.
525 4029 278 48 (32-22283)
