2563 4368
1034 4062 133 50 1629

99 443 145 51 New
271 440 161 54 York
472 439 219 68 (State)
777 438 179 53 Court
985 438 64 68 of
1077 437 249 69 appeals.

170 511 1920 79 Reports of cases decided … from and including decisions of
100 598 198 52 March
341 603 79 49 15.
462 601 148 51 1932.
649 603 57 45 to
744 597 112 51 and
893 594 300 69 including
1228 594 277 52 decisions
1540 594 63 53 of
1638 595 141 68 July
1818 597 81 49 19.
1939 597 151 64 1932,

99 676 139 53 with
277 682 176 47 notes,
493 675 312 52 references
845 674 112 52 and
995 674 189 52 index.
1257 673 174 53 Louis
1470 675 56 54 J.
1566 672 342 55 Rezzemini.
1945 678 145 48 state

99 765 273 57 reporter,
447 773 48 32 v.
520 756 117 48 259.
712 753 248 52 Albany.
985 754 54 53 J.
1066 755 67 50 B.
1158 753 162 66 Lyon
1345 767 297 53 company.
1668 754 150 50 1932.

170 827 116 42 xlvi.
314 825 84 43 795
425 838 42 37 p.
522 826 146 41 23½ᶜᵐ.

103 879 53 52 ©
234 893 71 30 Nov.
340 887 24 34 2,
414 883 112 40 1932;
587 885 67 38 2c.
735 893 72 29 Nov.
840 881 28 39 9;
928 881 83 41 aff.
1091 892 72 29 Nov.
1196 882 57 38 25;
1316 884 41 36 A
1389 881 146 40 58120;
1598 881 211 41 Edward
1844 882 42 39 J.
1924 882 172 47 Flynn,

172 945 245 43 secretary
452 941 53 38 of
538 941 83 39 the
655 943 127 36 state
815 940 53 39 of
946 948 73 31 New
1053 938 133 40 York.
1236 939 49 38 in
1320 942 129 36 trust
1483 939 80 39 for
1600 939 81 40 the
1715 938 175 40 benefit
1928 939 51 39 of
2015 938 81 39 the

172 997 164 47 people
369 997 51 39 of
452 997 80 39 the
564 1000 129 36 state
724 996 53 38 of
851 1005 73 30 New
955 995 144 41 York.
1133 996 203 46 Albany.

99 1086 143 52 New
302 1086 161 52 York
524 1086 283 64 academy
867 1087 62 51 of
989 1084 302 56 medicine.
1370 1085 336 55 Committee
1767 1104 73 35 on
1898 1085 196 70 public

170 1164 194 54 health
388 1165 288 53 relations.

169 1241 233 56 Outline
451 1242 65 52 of
563 1242 329 67 preventive
939 1240 277 56 medicine
1265 1242 95 53 for
1405 1240 242 55 medical
1696 1240 401 70 practitioners

99 1321 111 51 and
249 1321 275 65 students,
563 1321 278 66 prepared
879 1320 183 53 under
1098 1321 96 52 the
1233 1319 255 69 auspices
1525 1321 64 52 of
1625 1320 96 53 the
1760 1319 337 55 Committee

100 1415 71 35 on
210 1396 190 70 public
440 1398 192 52 health
675 1399 286 51 relations.
1001 1398 138 53 New
1178 1398 163 52 York
1381 1398 269 69 academy
1688 1397 65 54 of
1789 1397 304 69 medicine;

100 1478 67 51 24
214 1475 408 66 contributors;
674 1475 266 53 editorial
988 1474 347 55 committee:
1384 1475 269 55 Frederic
1701 1476 69 54 E.
1822 1475 276 67 Sondern,

102 1552 166 56 Chas.
306 1552 236 56 Gordon
576 1554 191 67 Heyd,
802 1553 67 52 E.
906 1554 75 51 H.
1019 1554 64 52 L.
1121 1553 248 54 Corwin.
1440 1556 73 51 2d
1550 1554 103 68 ed.,
1688 1571 114 36 rev.
1840 1555 114 53 and
1989 1556 107 53 enl.

102 1631 136 53 New
266 1630 178 66 York,
472 1632 66 51 P.
566 1632 67 51 B.
661 1630 246 67 Hoeber,
933 1630 127 67 inc.,
1089 1632 150 53 1932.

170 1704 100 48 xix,
300 1703 87 43 462
416 1716 43 37 p.
520 1704 178 48 diagrs.
759 1703 116 40 19ᶜᵐ.

174 1762 189 41 “Books
387 1772 62 30 on
473 1760 243 41 exercise”;
771 1772 43 37 p.
902 1793 8 7 80.

106 1815 51 51 ©
187 1819 101 40 Oct.
315 1819 69 41 17.
411 1818 113 40 1932;
580 1822 67 36 2c.
676 1819 101 39 Oct.
805 1817 55 40 19;
918 1817 80 41 aff.
1029 1818 101 41 Oct.
1158 1819 57 39 26;
1270 1820 41 38 A
1338 1819 143 41 55713;
1539 1820 120 41 Paul
1690 1822 54 38 B.
1774 1822 204 41 Hoeber,
2007 1821 91 40 inc.

184 1874 278 49 (32-30863)

103 1963 372 68 O’Flaherty,
508 1965 187 66 Liam,
728 1967 170 53 1897-

170 2041 276 67 Skerrett,
472 2043 76 66 by
573 2043 166 52 Liam
765 2042 367 69 O'Flaherty.
1192 2045 138 52 New
1359 2045 179 66 York,
1566 2047 69 52 R.
1661 2046 164 66 Long
1850 2049 53 50 &
1929 2048 70 51 R.
2023 2048 71 51 R.

102 2119 206 55 Smith,
333 2121 128 64 inc.,
490 2124 150 49 1932.

170 2191 562 50 3 p. l., 274 p. 20½ᶜᵐ.
108 2244 1990 55 © Oct. 14. 1932; 2c. Oct. 18; aff. Oct. 22; A 56725; L. O’Flaherty.
175 2304 509 48 Henley-on-Thames.
720 2306 167 46 Berks,
922 2305 235 47 England.
1228 2307 278 46 (32-31036)

104 2393 146 66 Ogg,
281 2392 275 56 Frederic
582 2394 238 65 Austin,
853 2396 171 54 1878-

172 2470 399 54 Introduction
602 2479 58 45 to
693 2472 305 54 American
1032 2482 388 59 government,
1450 2475 76 67 by
1557 2475 270 54 Frederic
1857 2477 73 52 A.
1966 2477 132 68 Ogg

163 2547 1934 74 … and P. Orman Ray … Ith ed., thoroughly rev. New York,
102 2625 717 68 The Century co. [ ᶜ1 932]
178 2697 64 47 xi,
295 2696 113 43 1025
459 2709 42 38 p.
583 2699 127 40 illus.
740 2700 184 48 (maps)
985 2701 119 40 fold,
1156 2702 170 47 tables,
1377 2703 180 49 diagrs.
1587 2704 135 50 (part
1771 2705 142 48 fold.)
1982 2706 116 42 23ᶜᵐ.

116 2752 249 48 (Lettered
394 2763 57 31 on
482 2764 163 31 cover:
673 2756 101 41 The
801 2755 214 51 Century
1043 2757 220 49 political
1293 2759 186 42 science
1508 2760 175 48 series)
1807 2761 130 49 $3.75

177 2810 347 43 “References”
553 2816 51 37 at
632 2814 92 39 end
754 2813 52 41 of
832 2815 117 38 each
979 2815 213 48 chapter.

111 2864 51 52 ©
190 2869 88 39 Oct
318 2870 26 38 3,
386 2868 113 41 1932;
554 2870 66 39 2c.
648 2871 96 38 and
772 2869 81 40 aff.
882 2869 103 42 Oct.
1013 2872 81 39 15:
1125 2873 40 37 A
1192 2873 144 39 55570;
1395 2874 50 39 F.
1474 2876 54 37 A.
1559 2876 113 48 Ogg,
1703 2876 235 47 Madison,
1969 2877 130 42 Wis.,

178 2926 95 38 and
302 2925 48 41 P.
382 2926 179 40 Orman
591 2927 119 46 Ray.
741 2927 249 48 Berkeley.
1023 2927 143 40 Calif.
1237 2929 279 48 (32-30881)

106 2999 165 54 Ohio.
349 3001 223 53 Courts.

178 3076 1857 73 The Ohio nisi prius reports. New series, volume xxix …
109 3154 168 54 Cases
318 3156 233 53 decided
592 3158 75 66 by
706 3158 94 54 the
842 3176 254 35 common
1137 3161 173 67 pleas,
1351 3163 236 66 probate
1628 3165 112 51 and
1782 3166 313 69 municipal

108 3241 187 46 courts
324 3233 63 54 of
414 3235 94 53 the
536 3242 143 46 state
708 3237 63 51 of
801 3237 165 55 Ohio.
1042 3239 219 52 Vinton
1288 3242 66 51 R.
1388 3241 278 68 Shepard,
1695 3244 199 52 editor.
107 3243 1965 125 Cincinnati.

368 3315 118 51 The
515 3313 149 54 Ohio
691 3317 110 49 law
828 3321 256 63 reporter
1111 3336 296 50 company.
1437 3322 150 50 1932.

178 3398 43 30 v.
248 3386 84 40 638
359 3398 44 37 p.
459 3388 114 38 24ᶜᵐ.

112 3437 52 52 ©
237 3454 72 28 Nov.
339 3445 67 38 14.
436 3443 114 40 1932;
606 3444 66 40 2c.
747 3455 72 30 Nov.
848 3445 56 40 16;
962 3445 82 41 aff.
1119 3458 72 29 Nov.
1221 3449 55 38 15;
1334 3450 42 38 A
1403 3449 170 48 55993;
1607 3452 122 40 Ohio
1759 3453 95 38 law
1883 3458 217 43 reporter

178 3509 67 30 co.

108 3574 452 64 Pennsylvania.
639 3577 220 53 Courts.

180 3651 119 51 The
330 3651 224 53 district
589 3655 112 50 and
734 3661 208 62 county
974 3664 220 59 reports
1226 3660 332 69 containing
1588 3678 149 36 cases
1770 3663 234 51 decided
2037 3663 59 50 in

111 3728 76 50 all
212 3729 95 51 the
334 3729 238 67 judicial
600 3731 252 53 districts
881 3733 62 51 of
970 3735 94 53 the
1091 3742 144 45 state
1262 3737 63 51 of
1353 3739 439 66 Pennsylvania.
1857 3742 240 50 Volume

110 3806 1446 77 XV … Philadelphia. Howard TV Page. 1931.
179 3880 96 40 xvi.
303 3879 87 41 900
413 3892 43 36 p.
511 3882 117 40 23ᶜᵐ.

115 3931 51 51 ©
197 3936 122 39 Mar.
349 3937 68 47 28,
448 3937 114 41 1932;
620 3939 67 40 2c.
718 3942 95 38 and
844 3941 82 40 aff.
1002 3953 70 28 Nov.
1107 3943 80 47 16;
1222 3946 40 36 A
1292 3946 170 45 57113;
1496 3946 214 40 Howard
1744 3948 69 38 W.
1846 3949 141 46 Page.
