2563 4368
1127 4051 132 54 1467

252 513 1922 60 “Book II , Study helps in the catechism” (p. [99]-178) has special
182 581 96 44 t.-p.
342 578 46 40 It
424 576 42 41 is
500 587 29 30 a
566 575 337 49 reproduction
939 575 52 42 of
1025 576 81 39 the
1141 574 192 41 booklet
1369 574 157 41 which
1562 575 341 41 catechumens
1940 585 83 31 use
2059 585 53 30 as
2149 587 23 29 a

180 634 145 49 guide
352 633 79 41 for
462 633 138 40 home
630 633 145 47 study.
849 633 62 49 cf.
944 643 41 37 p.
1022 630 98 52 [100]

186 695 1992 65 © Sept. 6, 1932; 2c. and aff. Sept. 23; A 56006; Board of publication
253 763 49 38 of
336 764 76 38 the
446 762 177 41 United
657 759 246 42 Lutheran
935 758 179 41 church
1147 758 48 40 in
1231 758 231 41 America.
1535 758 280 49 (32-25430)

182 878 193 52 North
406 880 233 51 Dakota
666 878 112 52 and
807 877 184 53 North
1021 882 237 49 western
1285 876 204 69 digest,
1515 875 269 71 covering
1811 879 75 51 all
1915 896 150 35 cases
257 890 1895 140 reported

483 956 55 52 in
567 957 180 51 North
780 955 223 55 Dakota
1035 960 220 64 reports,
1305 955 179 54 North
1516 960 236 48 western
1779 960 256 61 reporter
2064 954 110 55 and

255 1036 75 50 all
352 1034 63 51 of
437 1034 93 53 the
555 1035 167 52 north
750 1040 232 48 western
1008 1039 174 48 states
1208 1038 219 63 reports
1452 1033 150 53 from
1627 1033 97 53 the
1746 1033 228 54 earliest
1996 1034 181 69 times,

257 1113 135 52 with
430 1117 231 49 current
693 1111 345 55 cumulative
1075 1111 204 71 pocket
1313 1111 211 56 service
1557 1112 249 70 keeping
1841 1112 114 54 this
1991 1112 188 71 digest

256 1186 1922 80 always to date … Compiled and edited by the publisher’s
258 1270 262 54 editorial
578 1268 134 53 staff.
807 1290 47 32 v.
911 1273 149 48 9-11.
1141 1270 82 52 St.
1279 1271 164 55 Paul,
1497 1273 154 53 West
1710 1270 334 70 publishing
2097 1290 78 34 co.

261 1350 192 67 [ᶜ1932]

254 1424 25 38 3
312 1434 39 28 v.
413 1422 115 41 20ᶜᵐ.

521 1509 8 8 CONTENTS.
548 1502 58 4 —
624 1490 41 28 v.
711 1478 41 40 9.
796 1478 773 49 Contracts-Corporations.—v.
1631 1478 69 41 10.
1745 1478 438 45 Costs-Creditors’

186 1534 112 41 suit.
363 1544 43 30 v.
438 1533 71 42 11.
541 1534 232 40 Criminal
810 1534 106 41 law.

189 1599 52 52 ©
274 1604 125 47 Sept.
429 1605 46 37 21,
586 1603 82 42 1932;
701 1604 66 40 2c.
797 1606 116 37 each
945 1604 93 38 and
1071 1603 107 42 affs.
1210 1604 103 41 Oct.
1345 1605 79 45 10;
1460 1606 37 38 A
1529 1604 347 49 56370-56372;
1910 1607 133 39 West
2074 1617 62 39 pub.

255 1672 67 27 co.

187 1776 120 53 The
341 1778 150 53 Ohio
525 1779 106 51 law
671 1782 254 63 reporter.
1057 1820 10 11 v.
1101 1781 82 51 36.
1259 1782 54 50 A
1350 1778 211 70 weekly
1595 1780 249 70 journal,
1879 1781 300 70 published

261 1853 55 54 in
350 1855 92 54 the
477 1855 233 54 interest
746 1855 63 55 of
843 1857 94 52 the
971 1858 150 69 legal
1156 1856 321 71 profession
1510 1858 58 55 in
1605 1860 94 53 the
1734 1865 146 49 state
1915 1860 63 52 of
2014 1860 167 56 Ohio.

262 1932 212 55 Vinton
515 1935 66 51 R.
624 1935 280 69 Shepard,
942 1934 200 55 editor.
1220 1936 347 58 Cincinnati,
1603 1940 121 53 The
1763 1938 150 56 Ohio
1951 1942 109 50 law
258 1953 1900 132 reporter
479 2032 298 51 company,
811 2017 148 50 1932.

258 2086 96 42 xiv.
384 2087 84 40 007
499 2097 41 39 p.
600 2088 144 40 23½ᶜᵐ.

192 2150 53 53 ©
271 2156 101 40 Oct.
396 2156 54 38 24,
491 2156 140 42 1932;
658 2157 68 40 2c.
752 2156 102 42 Oct.
879 2158 83 46 26;
991 2157 82 41 aff.
1099 2158 103 40 Oct.
1226 2159 83 42 25;
1339 2160 36 38 A
1403 2160 172 47 55672;
1604 2161 123 40 Ohio
1754 2162 93 40 law
1875 2164 219 44 reporter
2146 2172 40 30 co.

190 2271 241 64 O’Neill,
464 2272 246 65 Neville,
742 2274 85 53 ed.

261 2349 122 53 The
426 2348 356 70 advertising
824 2369 213 50 agency
1080 2352 158 54 looks
1283 2359 59 47 at
1387 2354 180 67 radio,
1609 2355 189 55 edited
1843 2356 75 67 by
1962 2357 223 54 Neville

192 2423 1993 80 O’Neill … New York, London, D. Appleton and company,
195 2505 148 50 1932.

264 2574 743 54 viii p., 1 l., 232, [1] p. 21ᶜᵐ.
197 2639 51 53 ©
278 2645 126 47 Sept.
432 2645 54 40 23,
587 2647 82 45 1932;
698 2648 65 38 2c.
793 2648 94 39 and
916 2648 82 41 aff.
1028 2648 128 49 Sept.
1183 2651 82 46 20;
1296 2651 39 39 A
1363 2650 169 45 56022;
1563 2653 55 40 N.
1648 2653 198 49 O’Neill,
1877 2654 311 52 Chappaqua,

262 2701 55 41 N.
347 2702 49 38 Y.
469 2702 279 45 (32-25264)

193 2808 271 66 Ostenso,
494 2809 259 66 Martha,
787 2816 169 50 1900-

328 2887 1864 80 … Prologue to love. New York, Dodd, Mead & company,
198 2966 147 50 1932.

266 3036 558 52 3 p. l., 265 p. 19½ᶜᵐ.
199 3101 51 53 ©
281 3107 127 47 Sept.
436 3108 69 46 23,
534 3106 140 44 1932;
705 3109 66 38 2c.
803 3110 129 48 Sept.
960 3112 83 46 26;
1074 3110 83 44 aff.
1188 3113 125 47 Kept.
1345 3114 82 47 28;
1461 3117 32 38 A
1528 3116 173 48 56115;
1735 3118 60 41 M.
1827 3118 217 47 Ostenso,
2075 3120 114 39 New

267 3163 143 40 York.
478 3163 283 52 (32-24551)

197 3266 174 63 Page,
402 3265 326 68 Elizabeth,
763 3272 170 52 1889-

266 3341 155 54 Wild
468 3343 189 55 horses
699 3346 112 54 and
854 3349 164 68 gold;
1066 3348 151 56 from
1258 3353 310 69 Wyoming
1609 3361 57 46 to
1708 3356 93 53 the
1846 3357 227 67 Yukon,
2116 3359 72 68 by

198 3418 298 55 Elizabeth
553 3423 183 68 Page;
798 3424 319 56 illustrated
1178 3429 72 68 by
1307 3431 147 54 Paul
1513 3435 226 51 Brown.
1816 3436 136 52 New
2012 3436 178 66 York,

200 3498 965 75 Farrar & Rinehart, inc. [ ᶜ1 932 ]
269 3569 104 50 xiii,
399 3571 85 41 362
512 3582 41 38 p.
614 3572 162 50 front.,
808 3574 141 50 illus.,
979 3576 116 41 fold.
1126 3589 124 37 map.
1310 3581 146 41 23½ᶜᵐ.

270 3627 285 43 Illustrated
588 3629 362 51 lining-papers.

273 3681 261 44 Narrative
560 3686 52 39 of
637 3687 82 39 the
744 3688 205 49 journey
976 3690 52 39 of
1055 3691 223 41 “Kansas
1306 3693 217 42 Gilbert”
1548 3698 95 38 and
1672 3697 75 42 his
1775 3701 141 45 party
1945 3701 193 48 driving
2163 3712 27 30 a

202 3738 117 41 herd
345 3739 52 40 of
423 3739 113 43 wild
564 3742 166 41 horses
757 3746 47 38 to
833 3744 80 41 the
942 3746 255 50 Klondike,
1225 3748 217 50 1897/98,
1469 3752 146 41 based
1644 3764 126 38 upon
1798 3755 227 42 Gilbert’s
2052 3756 139 52 diary

201 3797 94 39 and
324 3797 138 41 other
491 3800 459 49 contemporaneous
979 3813 208 33 sources.

273 3853 1154 57 “Notes on historical sources” : p. 350-357.
205 3917 51 53 ©
295 3925 124 47 Sept.
454 3926 69 46 22,
559 3927 138 48 1932;
735 3929 66 42 2c.
840 3931 126 48 Sept.
1003 3932 80 41 24;
1122 3933 81 41 aff.
1242 3934 127 50 Sept.
1405 3937 82 47 23;
1526 3938 38 39 A
1600 3939 170 48 55237;
1811 3942 49 39 E.
1899 3943 140 47 Page,
2076 3942 115 40 New

272 3980 140 40 York.
484 3981 279 52 (32-25145)
