2563 4368
1128 4063 100 56 107

213 530 63 39 At
304 529 125 39 head
457 527 51 41 of
538 526 108 40 title
664 536 9 28 :
705 525 116 41 Rev.
850 524 180 46 Joseph
1060 523 53 38 A.
1145 521 246 42 Newman.

154 584 51 53 ©
234 588 109 41 Jan.
373 587 68 47 12,
471 585 113 40 1932;
643 583 65 42 2c.
739 585 94 39 and
864 582 81 39 aff.
976 582 111 40 Jan.
1114 578 84 42 21;
1229 580 41 39 A
1297 579 171 45 47143;
1502 578 159 38 Bruce
1688 575 109 49 pub.
1828 584 65 30 co.

231 643 251 50 (32-3114)

148 745 213 65 North,
393 744 152 54 Cecil
576 744 185 63 Clare,
795 742 169 54 1878-

221 811 189 57 Social
439 810 284 69 problems
754 810 113 52 and
895 807 174 54 social
1098 803 309 71 planning;
1441 803 95 53 the
1567 801 280 70 guidance
1877 799 64 54 of
1972 799 172 53 social

149 877 1968 158 change, by Cecil Clare North … 1st ed. New York and London,
309 964 432 56 McGraw-Hill
768 962 149 54 book
943 978 298 50 company,
1272 958 127 69 inc.,
1431 959 150 51 1932.

255 1034 1879 61 x. 409 p. 23½ ᶜᵐ . (Half-title: McGraw-Hill publications in sociology)
148 1103 130 49 $3.50

220 1157 308 51 “Appendix”
560 1155 250 50 including
836 1152 380 50 bibliographies
1233 1163 9 30 :
1275 1162 42 38 p.
1354 1149 248 53 [381]-401.

157 1214 52 53 ©
240 1218 109 40 Jan.
379 1217 55 39 18,
478 1215 113 40 1932;
649 1215 66 39 2c.
747 1214 111 40 Jan.
887 1213 83 41 20;
1001 1212 81 40 aff.
1114 1212 110 39 Jan.
1253 1208 84 50 22;
1370 1211 41 38 A
1439 1208 172 47 47182;
1646 1206 351 42 McGraw-Hill
2028 1205 123 39 book

226 1285 80 34 co.,
343 1273 89 41 inc.
503 1271 250 49 (32-3366)

156 1376 344 54 Oklahoma.
574 1375 278 66 Supreme
883 1378 176 49 court.

226 1452 322 55 Oklahoma
590 1455 221 64 reports.
904 1467 48 35 v.
997 1454 117 63 151,
1156 1451 114 49 152.
1348 1447 170 54 Cases
1559 1444 353 54 determined
1952 1442 63 55 in
2053 1443 97 52 the

160 1530 274 69 Supreme
476 1536 162 48 court
678 1530 62 52 of
783 1530 96 52 the
920 1534 147 47 state
1110 1528 62 52 of
1218 1526 338 55 Oklahoma.
1632 1522 519 72 July-November,

160 1611 148 50 1931.
384 1609 258 51 Howard
671 1607 237 66 Parker,
937 1610 146 50 state
1113 1610 273 64 reporter.
1463 1603 322 56 Oklahoma
1817 1602 154 69 City,
2002 1601 151 68 Okl.,

156 1684 937 71 Harlow publishing co. [ ᶜ1 932]
227 1759 417 43 2 v. in 1. 25 ᶜᵐ .
166 1813 51 52 ©
247 1817 108 40 Jan.
385 1819 38 43 1,
454 1815 140 47 1932;
625 1815 65 40 2c.
723 1814 110 42 Feb.
863 1814 83 42 15;
978 1814 82 41 aff.
1092 1814 109 39 Feb.
1232 1813 81 48 13;
1347 1814 40 38 A
1416 1813 148 40 47620;
1625 1813 137 40 State
1792 1812 50 39 of
1874 1811 285 49 Oklahoma,

236 1873 269 42 Oklahoma
536 1873 124 46 City,
693 1871 105 42 Okl.

160 1976 251 64 Oregon.
484 1976 278 66 Supreme
794 1980 176 49 court.

231 2048 1907 74 Reports of cases decided … Bryan Goodenough, reporter.
162 2149 50 34 v.
255 2134 115 50 136.
445 2130 175 52 From
656 2127 176 71 April
867 2132 84 65 14,
990 2132 153 65 1931,
1179 2134 59 49 to
1275 2129 155 56 June
1465 2132 86 65 30,
1590 2132 152 50 1931.
1820 2128 117 55 San
165 2128 1967 146 Francisco,

360 2205 1351 72 Calif., Bancroft-Whitney company [ ᶜ1 931]
235 2280 468 50 xiii, 768 p. 23 ᶜᵐ .
171 2333 51 52 ©
250 2337 111 42 Dec.
386 2339 68 45 31,
481 2337 112 40 1931;
649 2338 67 39 2c.
744 2336 109 43 Feb.
881 2337 39 47 8,
948 2335 114 41 1932;
1118 2336 81 41 aff.
1228 2336 110 44 Feb.
1367 2338 24 39 5;
1448 2338 39 38 A
1513 2337 145 41 48378;
1718 2336 136 42 State
1882 2338 51 39 of
1961 2337 203 47 Oregon,

241 2394 172 49 Salem,
450 2394 78 41 Or.

167 2496 205 67 Orton,
402 2498 181 52 Hazel
667 2539 14 14 V.

238 2572 119 55 Out
396 2575 61 51 in
496 2574 97 53 the
633 2578 269 64 country;
946 2593 30 33 a
1017 2572 194 69 junior
1251 2591 194 36 course
1486 2573 94 53 for
1619 2573 158 54 rural
1817 2591 231 51 groups,
2087 2574 77 68 by

167 2650 183 54 Hazel
445 2695 10 10 V.
493 2652 202 54 Orton.
770 2650 140 54 New
946 2651 179 66 York,
1159 2649 351 71 Friendship
1545 2670 159 49 press
1745 2654 174 65 [1931]

237 2722 650 53 4 p. l., [3]-136 p. 19½ᶜᵐ.
243 2780 348 49 Bibliography
609 2792 9 28 :
651 2790 44 38 p.
729 2779 249 52 [129]-136.

178 2835 51 51 ©
264 2839 111 40 Dec.
410 2839 70 47 23,
514 2837 140 47 1931;
690 2838 68 41 2c.
793 2839 95 39 and
922 2837 82 42 aff.
1039 2838 107 39 Jan.
1183 2839 69 47 13,
1288 2837 140 42 1932;
1468 2839 38 38 A
1539 2836 172 49 45981;
1751 2837 51 43 G.
1841 2838 53 48 Q.
1928 2838 240 48 LeSourd,

243 2895 117 42 New
393 2896 143 39 York.
608 2893 249 53 (32-3277)

171 2996 159 67 Otto,
359 2998 236 65 Rudolf,
627 3003 171 50 1869-

241 3073 321 70 Mysticism
593 3081 118 47 east
742 3077 114 52 and
886 3081 163 62 west;
1084 3094 32 33 a
1147 3076 387 67 comparative
1568 3073 249 71 analysis
1849 3075 64 52 of
1945 3076 97 51 the
173 3093 1970 112 nature

325 3149 1844 75 of mysticism, by Rudolf Otto … translated by Bertha L.
177 3231 216 68 Bracey
427 3231 148 67 [and]
609 3230 293 54 Richenda
932 3232 62 54 C.
1024 3233 212 65 Payne.
1311 3232 139 51 New
1480 3231 179 67 York,
1689 3231 123 53 The
1837 3231 334 52 Macmillan

174 3325 295 52 company,
501 3312 148 50 1932.

245 3380 510 49 xvii, 262 p. 22½ ᶜᵐ .
252 3436 73 40 An
352 3437 227 47 enlarged
604 3438 128 38 form
759 3437 51 41 of
838 3438 80 39 the
943 3436 204 40 Haskell
1173 3437 209 40 lectures
1408 3435 244 41 delivered
1679 3438 51 38 at
1758 3435 196 43 Oberlin
1980 3438 191 46 college,

181 3491 208 51 Oberlin,
421 3493 135 41 Ohio,
590 3494 49 38 in
673 3495 81 39 the
787 3493 174 41 winter
991 3494 50 39 of
1072 3491 275 44 1923-1924.
1408 3493 60 47 cf.
1502 3492 273 42 Foreword.

185 3547 51 52 ©
269 3551 107 41 Feb.
407 3551 28 38 2,
535 3551 55 40 1932;
647 3551 68 42 2c.
745 3552 96 40 and
871 3550 81 40 aff.
986 3552 109 38 Feb.
1126 3552 25 39 3;
1212 3551 41 39 A
1281 3551 148 41 47377;
1487 3550 282 41 Macmillan
1799 3559 69 35 co.

263 3607 250 49 (32-3276)

184 3706 210 56 Pacific
447 3714 271 62 reporter.
797 3707 219 55 Second
1070 3709 186 54 series.
1333 3708 169 54 Cases
1555 3710 216 68 argued
1826 3711 113 51 and
252 3711 1899 128 determined

469 3787 60 51 in
554 3786 95 52 the
677 3787 274 66 Supreme
977 3792 189 50 courts
1193 3787 62 53 of
1283 3788 344 68 California,
1653 3788 244 69 Kansas,
1925 3788 249 68 Oregon,

254 3862 400 71 Washington,
697 3863 301 70 Colorado,
1036 3865 295 59 Montana,
1372 3866 271 69 Arizona,
1681 3866 254 69 Nevada,
1972 3865 204 65 Idaho,

253 3938 326 72 Wyoming,
610 3944 176 67 Utah,
818 3943 139 53 New
986 3943 241 69 Mexico,
1260 3945 340 68 Oklahoma,
1631 3944 227 55 district
1889 3949 188 51 courts
2110 3943 64 54 of
