2563 4368
1271 4031 134 56 1474

406 497 1921 56 “From the King James version of the Bible … [and] selections from
335 565 191 41 secular
559 559 638 45 literature.”—Foreword.

343 634 51 53 ©
427 639 126 47 Sept.
583 637 55 40 27,
741 635 83 47 1932;
855 635 67 40 2c.
952 635 95 39 and
1077 632 82 42 aff.
1192 633 128 46 Sept.
1351 629 83 47 28;
1468 631 40 37 A
1537 627 170 43 56108;
1740 628 54 40 A.
1828 628 52 40 E.
1912 628 191 45 Brown,
408 625 1906 117 Harrisburg,
575 695 81 39 Pa.
729 690 278 50 (32-25433)

337 812 231 63 Brown,
606 809 288 64 Dorothy.

409 886 196 57 Calico
644 904 132 50 rags
819 885 112 52 and
970 884 112 53 bits
1121 882 63 54 of
1222 882 129 67 silk,
1389 882 76 66 by
1505 880 265 66 Dorothy
1808 880 242 64 Brown;
338 877 1967 156 frontispiece

515 965 75 67 by
616 964 167 52 Anne
810 962 297 68 Brigman.
1195 959 118 56 [San
1340 958 205 67 Pedro,
1573 956 196 67 Calif.,
1795 956 247 68 Krieger
2068 955 263 69 printing

336 1062 96 48 co.]
471 1045 150 50 1932.

409 1111 678 50 42 l. mounted pl. 22 ᶜᵐ .
412 1170 184 44 Poems.

346 1239 52 52 ©
434 1243 126 48 Sept.
593 1243 68 45 14,
694 1240 112 41 1932;
867 1240 69 40 2c.
969 1241 128 46 Sept.
1127 1238 57 38 29;
1246 1237 80 39 aff.
1364 1237 128 47 Sept.
1525 1236 56 40 28;
1643 1237 39 38 A
1713 1235 145 40 56200;
1919 1236 58 40 D.
2011 1236 191 47 Brown,
2239 1235 95 41 San

414 1300 167 46 Pedro,
613 1298 143 41 Calif.
828 1295 280 49 (32-25458)

347 1416 304 68 [Business
675 1413 267 66 training
970 1412 391 67 corporation]

411 1492 256 69 Meeting
703 1491 171 70 guide
913 1492 113 52 and
1064 1508 362 51 programme
1464 1489 95 52 for
1596 1489 250 68 meeting
1880 1506 90 36 no.
2007 1491 49 64 2,
2094 1492 47 49 3.
2217 1488 116 52 For

343 1574 95 51 the
481 1571 278 69 guidance
802 1570 64 52 of
908 1569 227 53 district
1174 1569 143 52 sales
1359 1586 299 50 managers
1701 1567 61 52 in
1804 1567 345 69 conducting
2190 1567 144 53 sales

345 1650 276 68 meetings
672 1649 142 52 with
867 1649 218 52 dealers
1139 1647 112 53 and
1305 1646 168 53 retail
1524 1647 291 52 salesmen.
1889 1646 292 67 Prepared
2236 1646 95 53 for

344 1729 156 53 Ford
549 1733 186 48 motor
784 1745 280 50 company
1114 1726 62 52 of
1229 1725 253 67 Canada,
1530 1724 240 53 limited.
1852 1726 276 68 [London,
2180 1723 153 70 Ont.,

345 1806 253 67 Canada,
630 1806 242 52 London
904 1804 263 68 printing
1199 1808 46 49 &
1277 1803 439 69 lithographing
1748 1823 98 46 co.,
1878 1803 122 65 ltd.,
2037 1806 151 63 1932]

415 1880 296 41 2 v. 27½ ᶜᵐ .
420 1937 71 40 On
520 1946 140 30 cover
678 1946 8 28 :
719 1934 112 41 1932
863 1937 127 38 sales
1017 1932 273 49 promotion
1320 1934 153 47 plans.

351 2001 1971 109 © 1c. each Oct. 12, 1932; A ad int. 16983. 16984; pubd. Aug. 22; Tradeways, inc., New York.
417 2169 255 68 Meeting
709 2168 170 69 guide
917 2170 111 52 and
1067 2187 360 49 programme
1467 2167 93 52 for
1597 2169 249 67 meeting
1882 2188 86 34 no.
2009 2172 50 62 4,
2098 2174 46 48 5.
2219 2170 117 51 For

347 2248 95 51 the
483 2246 277 69 guidance
803 2246 62 52 of
910 2246 224 54 district
1178 2247 142 52 sales
1362 2264 299 50 managers
1703 2245 60 53 in
1805 2245 345 70 conducting
2192 2247 142 52 sales

348 2325 275 68 meetings
670 2325 139 51 with
855 2325 217 53 dealers
1120 2325 111 52 and
1278 2323 167 53 retail
1490 2325 289 52 salesmen.
1860 2325 310 67 [Prepared
2217 2325 113 66 for]

349 2404 155 52 Ford
553 2410 184 46 motor
787 2422 278 50 company
1116 2403 62 53 of
1232 2403 251 68 Canada,
1533 2402 238 54 limited.
1853 2403 275 70 [London,
2182 2404 153 68 Ont.,

351 2481 251 67 Canada,
627 2483 240 51 London
891 2482 263 68 printing
1176 2486 46 50 &
1246 2482 439 68 lithographing
1708 2500 97 49 co.,
1831 2481 122 66 ltd.,
1981 2484 152 65 1932]

417 2556 26 38 2
474 2567 42 29 V.
574 2555 114 41 28ᶜᵐ.

422 2612 72 40 On
523 2622 140 29 cover
681 2623 8 27 :
722 2610 112 41 1932
864 2612 126 40 sales
1020 2610 270 49 promotion
1319 2611 155 48 plans.

354 2677 1970 106 © 1c. each Oct. 12, 1932; A ad int. 16985, 16986; pubd. Sept. 8; Tradeways. inc., New York.
352 2838 322 66 Chapman,
704 2841 205 62 Henry
939 2840 212 63 Smith,
1184 2843 169 53 1871-

420 2914 1855 73 The history of our nation, by Henry Smith Chapman …
350 2991 1988 73 and Orrello C. Whitney … under the editorship of James
350 3068 1965 148 Sullivan … Boston, New York [etc.] Houghton Mifflin company [ ᶜ1 932]
456 3219 1515 52 x, 556, lvii p. col. front., illus., maps (1 double) 20½ ᶜᵐ .
423 3276 70 38 “A
529 3275 184 47 library
748 3275 80 41 for
866 3276 82 40 the
988 3276 352 41 schoolroom”:
1381 3286 43 39 p.
1469 3277 230 52 [xl]-xlii;
1738 3277 378 50 bibliographies
2155 3279 53 40 at
2245 3277 92 42 end

351 3331 52 41 of
427 3332 117 40 each
569 3332 213 48 chapter.

357 3396 51 53 ©
440 3402 126 48 Sept.
594 3402 40 47 2,
663 3402 113 41 1932;
835 3404 66 39 2c.
932 3404 101 40 Oct.
1063 3404 27 39 3;
1147 3405 81 41 aff.
1259 3406 102 40 Oct.
1390 3408 24 37 1;
1474 3407 42 38 A
1544 3406 145 40 55360;
1747 3408 59 37 H.
1842 3407 42 39 S.
1918 3406 262 47 Chapman,

423 3403 1900 95 Winchester.
654 3460 145 39 Mass.
863 3455 71 53 [©
959 3469 105 29 new
1092 3464 192 46 matter]
1353 3462 279 48 (32-25412)

352 3559 132 54 Cole
512 3560 281 55 chemical
820 3578 102 49 co.,
949 3563 130 63 inc.,
1108 3564 84 52 St.
1222 3565 189 55 Louis.

420 3634 366 71 Gynecology
826 3637 305 69 diagnosis.
1211 3637 84 57 St.
1338 3640 192 68 Louis,
1569 3641 136 67 Mo.,
1749 3640 135 54 Cole
1926 3639 271 54 chemical
2239 3656 99 50 co.,

352 3713 148 51 1932.

425 3783 70 50 [1],
527 3782 98 49 118,
661 3784 70 51 [3],
763 3784 202 42 119-124
995 3797 43 38 p.
1097 3786 117 42 20ᶜᵐ.

422 3839 334 42 “Distributed
785 3841 111 48 only
924 3844 49 38 to
1001 3843 82 41 the
1111 3843 204 42 medical
1342 3843 318 50 profession.”

353 3905 52 52 ©
433 3910 115 48 July
574 3910 67 49 15,
669 3910 140 43 1932;
838 3912 66 40 2c.
933 3913 95 40 and
1056 3913 81 40 aff.
1168 3914 126 49 Sept.
1322 3915 55 40 24;
1438 3916 39 42 A
1505 3915 169 46 55234;
1707 3916 112 40 Cole
1847 3915 232 41 chemical
2107 3924 68 30 co.

430 3965 277 50 (32-25422)
