<alto xmlns="http://www.loc.gov/standards/alto/ns-v3#" xmlns:xlink="http://www.w3.org/1999/xlink" xmlns:xsi="http://www.w3.org/2001/XMLSchema-instance" xsi:schemaLocation="http://www.loc.gov/standards/alto/ns-v3# http://www.loc.gov/alto/v3/alto-3-0.xsd"><Description>
<MeasurementUnit>pixel</MeasurementUnit>
<sourceImageInformation>
<fileName>1932_v29_part001.pdf</fileName>
</sourceImageInformation>
<OCRProcessing ID="IdOcr">
<ocrProcessingStep>
<processingDateTime>2019-04-25</processingDateTime>
<processingSoftware>
<softwareCreator>ABBYY</softwareCreator>
<softwareName>ABBYY Recognition Server</softwareName>
<softwareVersion>4.0</softwareVersion>
</processingSoftware>
</ocrProcessingStep>
</OCRProcessing>
</Description>
<Styles>
<ParagraphStyle ID="StyleId-FFFFFFFF-FFFF-FFFF-FFFF-FFFFFFFFFFFF-" ALIGN="Left" LEFT="0." RIGHT="0." FIRSTLINE="0."/>
<ParagraphStyle ID="StyleId-547D96D3-B2DE-4E86-A4BD-9DDFC275973A-" ALIGN="Left" LEFT="0." RIGHT="0." FIRSTLINE="0." LINESPACE="7.699999809"/>
<ParagraphStyle ID="StyleId-BE433B82-DF6F-491A-9872-F562FF4150C8-" ALIGN="Block" LEFT="0." RIGHT="0." FIRSTLINE="-13." LINESPACE="7.900000095"/>
<ParagraphStyle ID="StyleId-CC286467-50C5-4655-B0CF-BA365CCE0736-" ALIGN="Block" LEFT="0." RIGHT="0." FIRSTLINE="-15." LINESPACE="8.479999542"/>
<ParagraphStyle ID="StyleId-9878414D-BEDB-487D-971A-CF5ADB5C4AD2-" ALIGN="Block" LEFT="0." RIGHT="0." FIRSTLINE="-14." LINESPACE="10.92000008"/>
<ParagraphStyle ID="StyleId-EBC70DE5-3635-4BD4-B07B-05DF6EFE0022-" ALIGN="Block" LEFT="0." RIGHT="0." FIRSTLINE="-13." LINESPACE="12.19999981"/>
<ParagraphStyle ID="StyleId-8A688F83-F017-4D5D-A00A-14637016ED45-" ALIGN="Left" LEFT="0." RIGHT="0." FIRSTLINE="0." LINESPACE="9.399999619"/>
<ParagraphStyle ID="StyleId-20F0BBAE-20C6-42F4-8113-00B5C02924DC-" ALIGN="Left" LEFT="0." RIGHT="0." FIRSTLINE="0." LINESPACE="11.10000038"/>
<ParagraphStyle ID="StyleId-7AA70148-8873-4ACB-90AE-BF9322E02302-" ALIGN="Left" LEFT="0." RIGHT="0." FIRSTLINE="-13." LINESPACE="11.09000015"/>
<ParagraphStyle ID="StyleId-072EF7BA-7207-4F8B-9A7C-F564E8B4CB16-" ALIGN="Left" LEFT="0." RIGHT="0." FIRSTLINE="-14." LINESPACE="12.19999981"/>
<ParagraphStyle ID="StyleId-44303D12-21D7-4DB0-9E9F-87FA1A861DD7-" ALIGN="Block" LEFT="0." RIGHT="0." FIRSTLINE="-14." LINESPACE="10.92000008"/>
<ParagraphStyle ID="StyleId-43CF0D44-8AC2-4CD0-865F-942C78705184-" ALIGN="Block" LEFT="0." RIGHT="0." FIRSTLINE="-13." LINESPACE="12.19999981"/>
<ParagraphStyle ID="StyleId-7A298A86-29F5-413A-AEC9-078A4CC464D7-" ALIGN="Block" LEFT="0." RIGHT="0." FIRSTLINE="13." LINESPACE="12.19999981"/>
<ParagraphStyle ID="StyleId-8E4E86F7-C1F9-4A1A-B605-6B1FC1C8E9F7-" ALIGN="Left" LEFT="0." RIGHT="0." FIRSTLINE="0." LINESPACE="11.60000038"/>
<ParagraphStyle ID="StyleId-AB39791B-5ED1-444F-BEF5-2CFED1F2709A-" ALIGN="Left" LEFT="0." RIGHT="0." FIRSTLINE="-13." LINESPACE="11.09000015"/>
<ParagraphStyle ID="StyleId-C1F2EEE7-CD00-4E11-9EAD-B222287AEDA4-" ALIGN="Center" LEFT="0." RIGHT="0." FIRSTLINE="0." LINESPACE="11.10000038"/>
</Styles>
<Layout>
<Page ID="Page381" PHYSICAL_IMG_NR="381" HEIGHT="4368" WIDTH="2563">
<TopMargin HEIGHT="480" WIDTH="2563" VPOS="0" HPOS="0">
</TopMargin>
<LeftMargin HEIGHT="3665" WIDTH="65" VPOS="480" HPOS="0">
</LeftMargin>
<RightMargin HEIGHT="3665" WIDTH="457" VPOS="480" HPOS="2106">
</RightMargin>
<BottomMargin HEIGHT="223" WIDTH="2563" VPOS="4145" HPOS="0">
</BottomMargin>
<PrintSpace HEIGHT="3665" WIDTH="2041" VPOS="480" HPOS="65">
<TextBlock ID="Page381_Block1" HEIGHT="70" WIDTH="120" VPOS="4075" HPOS="1021" LANG="en-US" STYLEREFS="StyleId-31557F54-7906-425B-B64A-14B4E7FB6546-">
<TextLine HEIGHT="49" WIDTH="99" VPOS="4085" HPOS="1031">
<String CONTENT="381" HEIGHT="49" WIDTH="99" VPOS="4085" HPOS="1031"/>
</TextLine>
</TextBlock>
<TextBlock ID="Page381_Block2" HEIGHT="3602" WIDTH="2041" VPOS="480" HPOS="65" LANG="en-US" CS="1" STYLEREFS="StyleId-35180EBB-8269-4461-95B8-04A6DAD8700E-">
<Shape>
<Polygon POINTS="82,480 89,480 89,481 306,481 306,482 523,482 523,483 740,483 740,484 957,484 957,485 1174,485 1174,486 1391,486 1391,487 1608,487 1608,488 1825,488 1825,489 2042,489 2042,490 2106,490 2106,557 2105,557 2105,774 2104,774 2104,991 2103,991 2103,1208 2102,1208 2102,1425 2101,1425 2101,1642 2100,1642 2100,1859 2099,1859 2099,2076 2098,2076 2098,2293 2097,2293 2097,2510 2096,2510 2096,2727 2095,2727 2095,2944 2094,2944 2094,3161 2093,3161 2093,3378 2092,3378 2092,3595 2091,3595 2091,3812 2090,3812 2090,4029 2089,4029 2089,4082 2040,4082 2040,4081 1823,4081 1823,4080 1606,4080 1606,4079 1389,4079 1389,4078 1172,4078 1172,4077 955,4077 955,4076 738,4076 738,4075 521,4075 521,4074 304,4074 304,4073 87,4073 87,4072 65,4072 65,4028 66,4028 66,3811 67,3811 67,3594 68,3594 68,3377 69,3377 69,3160 70,3160 70,2943 71,2943 71,2726 72,2726 72,2509 73,2509 73,2292 74,2292 74,2075 75,2075 75,1858 76,1858 76,1641 77,1641 77,1424 78,1424 78,1207 79,1207 79,990 80,990 80,773 81,773 81,556 82,556 82,480"/>
</Shape>
<TextLine HEIGHT="70" WIDTH="476" VPOS="491" HPOS="94" STYLEREFS="StyleId-237F98E7-CC88-4B31-B793-1556FCD60299-" LANG="fr" CS="1">
<String CONTENT="Ross," HEIGHT="64" WIDTH="167" VPOS="495" HPOS="94"/>
<SP HEIGHT="65" WIDTH="29" VPOS="494" HPOS="261"/>
<String CS="1" CONTENT="Barnaby." HEIGHT="65" WIDTH="280" VPOS="492" HPOS="290"/>
</TextLine>
<TextLine HEIGHT="84" WIDTH="1914" VPOS="561" HPOS="161" STYLEREFS="StyleId-39E1BF2D-F9CA-4A94-8A5A-27B9CC065A59-">
<String LANG="en-US" CONTENT="The" HEIGHT="53" WIDTH="120" VPOS="570" HPOS="161"/>
<SP HEIGHT="48" WIDTH="23" VPOS="575" HPOS="282"/>
<String LANG="en-US" CONTENT="tragedy" HEIGHT="70" WIDTH="239" VPOS="568" HPOS="306"/>
<SP HEIGHT="50" WIDTH="21" VPOS="588" HPOS="546"/>
<String LANG="en-US" CONTENT="of" HEIGHT="54" WIDTH="64" VPOS="568" HPOS="568"/>
<SP HEIGHT="53" WIDTH="25" VPOS="568" HPOS="633"/>
<String LANG="fr" CONTENT="X;" HEIGHT="65" WIDTH="87" VPOS="569" HPOS="659"/>
<SP HEIGHT="46" WIDTH="27" VPOS="588" HPOS="747"/>
<String LANG="fr" CONTENT="a" HEIGHT="34" WIDTH="25" VPOS="588" HPOS="775"/>
<SP HEIGHT="52" WIDTH="27" VPOS="570" HPOS="801"/>
<String LANG="en-US" CONTENT="Drury" HEIGHT="66" WIDTH="195" VPOS="570" HPOS="829"/>
<SP HEIGHT="65" WIDTH="23" VPOS="571" HPOS="1025"/>
<String LANG="en-US" CONTENT="Lane" HEIGHT="52" WIDTH="155" VPOS="571" HPOS="1049"/>
<SP HEIGHT="34" WIDTH="24" VPOS="587" HPOS="1205"/>
<String LANG="en-US" CONTENT="mystery," HEIGHT="63" WIDTH="266" VPOS="573" HPOS="1230"/>
<SP HEIGHT="66" WIDTH="22" VPOS="568" HPOS="1497"/>
<String LANG="en-US" CONTENT="by" HEIGHT="67" WIDTH="73" VPOS="568" HPOS="1520"/>
<SP HEIGHT="66" WIDTH="28" VPOS="570" HPOS="1594"/>
<String LANG="fr" CONTENT="Barnaby" HEIGHT="67" WIDTH="268" VPOS="568" HPOS="1623"/>
<SP HEIGHT="65" WIDTH="23" VPOS="570" HPOS="1892"/>
<String LANG="fr" CONTENT="Ross." HEIGHT="53" WIDTH="159" VPOS="570" HPOS="1916"/>
</TextLine>
<TextLine HEIGHT="74" WIDTH="1119" VPOS="643" HPOS="91" STYLEREFS="StyleId-39E1BF2D-F9CA-4A94-8A5A-27B9CC065A59-">
<String LANG="fr" CONTENT="New" HEIGHT="54" WIDTH="137" VPOS="646" HPOS="91"/>
<SP HEIGHT="52" WIDTH="26" VPOS="648" HPOS="229"/>
<String LANG="fr" CONTENT="York," HEIGHT="67" WIDTH="178" VPOS="646" HPOS="256"/>
<SP HEIGHT="64" WIDTH="27" VPOS="649" HPOS="435"/>
<String LANG="en-US" CONTENT="The" HEIGHT="53" WIDTH="119" VPOS="648" HPOS="463"/>
<SP HEIGHT="52" WIDTH="26" VPOS="648" HPOS="583"/>
<String LANG="en-US" CONTENT="Viking" HEIGHT="68" WIDTH="219" VPOS="646" HPOS="610"/>
<SP HEIGHT="49" WIDTH="27" VPOS="665" HPOS="830"/>
<String LANG="fr" CONTENT="press," HEIGHT="51" WIDTH="170" VPOS="664" HPOS="858"/>
<SP HEIGHT="62" WIDTH="31" VPOS="651" HPOS="1029"/>
<String LANG="fr" CONTENT="1932." HEIGHT="50" WIDTH="149" VPOS="650" HPOS="1061"/>
</TextLine>
<TextLine HEIGHT="50" WIDTH="272" VPOS="718" HPOS="160" CS="1">
<String LANG="fr" CONTENT="373" HEIGHT="39" WIDTH="86" VPOS="721" HPOS="160"/>
<SP HEIGHT="46" WIDTH="25" VPOS="721" HPOS="247"/>
<String LANG="fr" CONTENT="p." HEIGHT="38" WIDTH="43" VPOS="730" HPOS="273"/>
<SP HEIGHT="39" WIDTH="58" VPOS="721" HPOS="317"/>
<String LANG="fr" CS="1" CONTENT="19" HEIGHT="40" WIDTH="28" VPOS="719" HPOS="404"/>
<String LANG="en-US" CS="1" CONTENT="&#189;&#7580;&#7504;."/>
</TextLine>
<TextLine HEIGHT="68" WIDTH="1981" VPOS="780" HPOS="98" LANG="fr" CS="1">
<String CONTENT="&#169;" HEIGHT="53" WIDTH="51" VPOS="786" HPOS="98"/>
<SP HEIGHT="53" WIDTH="24" VPOS="786" HPOS="150"/>
<String CS="1" CONTENT="Mar." HEIGHT="39" WIDTH="120" VPOS="791" HPOS="175"/>
<SP HEIGHT="42" WIDTH="22" VPOS="789" HPOS="296"/>
<String CONTENT="18," HEIGHT="47" WIDTH="68" VPOS="790" HPOS="319"/>
<SP HEIGHT="45" WIDTH="24" VPOS="792" HPOS="388"/>
<String CS="1" CONTENT="1932;" HEIGHT="41" WIDTH="112" VPOS="789" HPOS="413"/>
<SP HEIGHT="48" WIDTH="22" VPOS="789" HPOS="553"/>
<String CONTENT="2c." HEIGHT="41" WIDTH="66" VPOS="789" HPOS="576"/>
<SP HEIGHT="39" WIDTH="26" VPOS="791" HPOS="643"/>
<String CONTENT="Mar." HEIGHT="40" WIDTH="120" VPOS="791" HPOS="670"/>
<SP HEIGHT="40" WIDTH="23" VPOS="789" HPOS="791"/>
<String CS="1" CONTENT="21;" HEIGHT="39" WIDTH="54" VPOS="789" HPOS="815"/>
<SP HEIGHT="37" WIDTH="26" VPOS="799" HPOS="897"/>
<String CONTENT="aff." HEIGHT="43" WIDTH="82" VPOS="787" HPOS="924"/>
<SP HEIGHT="40" WIDTH="24" VPOS="790" HPOS="1007"/>
<String CONTENT="Mar." HEIGHT="39" WIDTH="121" VPOS="790" HPOS="1032"/>
<SP HEIGHT="40" WIDTH="23" VPOS="789" HPOS="1154"/>
<String CS="1" CONTENT="19;" HEIGHT="42" WIDTH="56" VPOS="787" HPOS="1178"/>
<SP HEIGHT="48" WIDTH="28" VPOS="788" HPOS="1261"/>
<!-- cceid 046B7842-6D7D-1014-B4A5-D7A31D17AB40 --><String CONTENT="A" HEIGHT="39" WIDTH="38" VPOS="788" HPOS="1290"/>
<SP HEIGHT="39" WIDTH="23" VPOS="788" HPOS="1329"/>
<String CS="1" CONTENT="49193;" HEIGHT="43" WIDTH="143" VPOS="786" HPOS="1353"/>
<SP HEIGHT="46" WIDTH="28" VPOS="789" HPOS="1523"/>
<String CONTENT="B." HEIGHT="40" WIDTH="52" VPOS="789" HPOS="1552"/>
<SP HEIGHT="42" WIDTH="28" VPOS="788" HPOS="1605"/>
<String CONTENT="Ross," HEIGHT="48" WIDTH="134" VPOS="789" HPOS="1634"/>
<SP HEIGHT="50" WIDTH="25" VPOS="787" HPOS="1769"/>
<String CONTENT="New" HEIGHT="41" WIDTH="115" VPOS="787" HPOS="1795"/>
<SP HEIGHT="39" WIDTH="24" VPOS="789" HPOS="1911"/>
<String CONTENT="York." HEIGHT="41" WIDTH="143" VPOS="788" HPOS="1936"/>
</TextLine>
<TextLine HEIGHT="50" WIDTH="248" VPOS="845" HPOS="174" LANG="fr">
<String CONTENT="(32-7351)" HEIGHT="50" WIDTH="248" VPOS="845" HPOS="174"/>
</TextLine>
<TextLine HEIGHT="74" WIDTH="1097" VPOS="960" HPOS="93" STYLEREFS="StyleId-39E1BF2D-F9CA-4A94-8A5A-27B9CC065A59-">
<String LANG="fr" CONTENT="Rossiter," HEIGHT="67" WIDTH="286" VPOS="963" HPOS="93"/>
<SP HEIGHT="66" WIDTH="33" VPOS="964" HPOS="379"/>
<String LANG="fr" CONTENT="Frederick" HEIGHT="56" WIDTH="314" VPOS="962" HPOS="412"/>
<SP HEIGHT="53" WIDTH="31" VPOS="965" HPOS="726"/>
<String LANG="en-US" CONTENT="Magee," HEIGHT="63" WIDTH="226" VPOS="966" HPOS="757"/>
<SP HEIGHT="59" WIDTH="35" VPOS="970" HPOS="983"/>
<String LANG="fr" CONTENT="1870-" HEIGHT="56" WIDTH="172" VPOS="964" HPOS="1018"/>
</TextLine>
<TextLine HEIGHT="85" WIDTH="1917" VPOS="1030" HPOS="160" STYLEREFS="StyleId-39E1BF2D-F9CA-4A94-8A5A-27B9CC065A59-">
<String LANG="fr" CONTENT="The" HEIGHT="51" WIDTH="120" VPOS="1041" HPOS="160"/>
<SP HEIGHT="50" WIDTH="31" VPOS="1045" HPOS="281"/>
<String CONTENT="torch" HEIGHT="55" WIDTH="160" VPOS="1040" HPOS="313"/>
<SP HEIGHT="53" WIDTH="32" VPOS="1040" HPOS="474"/>
<String CONTENT="of" HEIGHT="56" WIDTH="64" VPOS="1038" HPOS="507"/>
<SP HEIGHT="53" WIDTH="28" VPOS="1039" HPOS="572"/>
<String CONTENT="life;" HEIGHT="67" WIDTH="132" VPOS="1039" HPOS="601"/>
<SP HEIGHT="49" WIDTH="36" VPOS="1058" HPOS="734"/>
<String LANG="fr" CONTENT="a" HEIGHT="34" WIDTH="32" VPOS="1060" HPOS="771"/>
<SP HEIGHT="56" WIDTH="32" VPOS="1038" HPOS="804"/>
<String CONTENT="key" HEIGHT="71" WIDTH="105" VPOS="1038" HPOS="837"/>
<SP HEIGHT="66" WIDTH="33" VPOS="1044" HPOS="943"/>
<String CONTENT="to" HEIGHT="47" WIDTH="58" VPOS="1045" HPOS="977"/>
<SP HEIGHT="34" WIDTH="32" VPOS="1058" HPOS="1036"/>
<String CONTENT="sex" HEIGHT="35" WIDTH="94" VPOS="1057" HPOS="1069"/>
<SP HEIGHT="55" WIDTH="30" VPOS="1038" HPOS="1164"/>
<String CONTENT="harmony" HEIGHT="69" WIDTH="278" VPOS="1039" HPOS="1195"/>
<SP HEIGHT="50" WIDTH="37" VPOS="1058" HPOS="1474"/>
<String CONTENT="[by]" HEIGHT="69" WIDTH="108" VPOS="1039" HPOS="1512"/>
<SP HEIGHT="69" WIDTH="39" VPOS="1039" HPOS="1621"/>
<String CONTENT="Frederick" HEIGHT="57" WIDTH="305" VPOS="1037" HPOS="1661"/>
<SP HEIGHT="53" WIDTH="32" VPOS="1038" HPOS="1967"/>
<String CONTENT="M." HEIGHT="54" WIDTH="77" VPOS="1038" HPOS="2000"/>
</TextLine>
<TextLine HEIGHT="78" WIDTH="1647" VPOS="1110" HPOS="92" STYLEREFS="StyleId-39E1BF2D-F9CA-4A94-8A5A-27B9CC065A59-" CS="1">
<String CONTENT="Rossiter" HEIGHT="55" WIDTH="251" VPOS="1118" HPOS="92"/>
<SP HEIGHT="36" WIDTH="31" VPOS="1135" HPOS="344"/>
<String CS="1" CONTENT="&#8230;"/>
<SP HEIGHT="55" WIDTH="65" VPOS="1116" HPOS="433"/>
<String CONTENT="New" HEIGHT="54" WIDTH="135" VPOS="1116" HPOS="499"/>
<SP HEIGHT="54" WIDTH="29" VPOS="1116" HPOS="635"/>
<String CONTENT="York," HEIGHT="69" WIDTH="177" VPOS="1115" HPOS="665"/>
<SP HEIGHT="68" WIDTH="23" VPOS="1116" HPOS="843"/>
<String LANG="la" CONTENT="Aventine" HEIGHT="54" WIDTH="283" VPOS="1115" HPOS="867"/>
<SP HEIGHT="34" WIDTH="24" VPOS="1134" HPOS="1151"/>
<String CONTENT="corporation" HEIGHT="69" WIDTH="357" VPOS="1115" HPOS="1176"/>
<SP HEIGHT="49" WIDTH="30" VPOS="1135" HPOS="1534"/>
<String CS="1" CONTENT="["/>
<String STYLE="superscript" CS="1" CONTENT="&#7580;1"/>
<String CS="1" CONTENT="932]" HEIGHT="49" WIDTH="99" VPOS="1119" HPOS="1640"/>
</TextLine>
<TextLine HEIGHT="54" WIDTH="378" VPOS="1186" HPOS="159" STYLEREFS="StyleId-39E1BF2D-F9CA-4A94-8A5A-27B9CC065A59-" CS="1">
<String CONTENT="214," HEIGHT="49" WIDTH="100" VPOS="1188" HPOS="159"/>
<SP HEIGHT="31" WIDTH="33" VPOS="1207" HPOS="259"/>
<String CS="1" CONTENT="[6]" HEIGHT="43" WIDTH="30" VPOS="1187" HPOS="307"/>
<SP HEIGHT="40" WIDTH="31" VPOS="1199" HPOS="350"/>
<String CONTENT="p." HEIGHT="38" WIDTH="43" VPOS="1199" HPOS="381"/>
<SP HEIGHT="40" WIDTH="57" VPOS="1189" HPOS="424"/>
<String CS="1" CONTENT="19&#189;" HEIGHT="42" WIDTH="56" VPOS="1187" HPOS="481"/>
<String STYLE="superscript" CS="1" CONTENT="&#7580;&#7504;."/>
</TextLine>
<TextLine HEIGHT="57" WIDTH="1166" VPOS="1254" HPOS="160">
<String CONTENT="Blank" HEIGHT="41" WIDTH="161" VPOS="1259" HPOS="160"/>
<SP HEIGHT="47" WIDTH="30" VPOS="1260" HPOS="322"/>
<String CONTENT="pages" HEIGHT="38" WIDTH="148" VPOS="1269" HPOS="353"/>
<SP HEIGHT="44" WIDTH="32" VPOS="1257" HPOS="502"/>
<String CONTENT="for" HEIGHT="41" WIDTH="80" VPOS="1258" HPOS="535"/>
<SP HEIGHT="40" WIDTH="35" VPOS="1258" HPOS="616"/>
<String CONTENT="&#8220;Comment&#8221;" HEIGHT="44" WIDTH="305" VPOS="1256" HPOS="652"/>
<SP HEIGHT="50" WIDTH="44" VPOS="1257" HPOS="958"/>
<String CONTENT="([6]" HEIGHT="50" WIDTH="81" VPOS="1258" HPOS="1003"/>
<SP HEIGHT="38" WIDTH="37" VPOS="1270" HPOS="1085"/>
<String CONTENT="at" HEIGHT="39" WIDTH="51" VPOS="1261" HPOS="1123"/>
<SP HEIGHT="40" WIDTH="34" VPOS="1261" HPOS="1175"/>
<String CONTENT="end)" HEIGHT="48" WIDTH="116" VPOS="1259" HPOS="1210"/>
</TextLine>
<TextLine HEIGHT="66" WIDTH="1918" VPOS="1307" HPOS="162">
<String CONTENT="&#8220;Questionnaire" HEIGHT="52" WIDTH="401" VPOS="1314" HPOS="162"/>
<SP HEIGHT="40" WIDTH="28" VPOS="1315" HPOS="564"/>
<String CONTENT="for" HEIGHT="40" WIDTH="80" VPOS="1315" HPOS="593"/>
<SP HEIGHT="29" WIDTH="30" VPOS="1326" HPOS="674"/>
<String CONTENT="women&#8221;" HEIGHT="43" WIDTH="211" VPOS="1313" HPOS="705"/>
<SP HEIGHT="48" WIDTH="41" VPOS="1314" HPOS="917"/>
<String CONTENT="(2" HEIGHT="49" WIDTH="54" VPOS="1314" HPOS="959"/>
<SP HEIGHT="39" WIDTH="26" VPOS="1315" HPOS="1014"/>
<String CONTENT="leaves)" HEIGHT="49" WIDTH="187" VPOS="1313" HPOS="1041"/>
<SP HEIGHT="48" WIDTH="39" VPOS="1314" HPOS="1229"/>
<String CONTENT="and" HEIGHT="41" WIDTH="96" VPOS="1315" HPOS="1269"/>
<SP HEIGHT="41" WIDTH="33" VPOS="1315" HPOS="1366"/>
<String CONTENT="&#8220;Questionnaire" HEIGHT="50" WIDTH="400" VPOS="1314" HPOS="1400"/>
<SP HEIGHT="42" WIDTH="31" VPOS="1316" HPOS="1801"/>
<String CONTENT="for" HEIGHT="40" WIDTH="80" VPOS="1317" HPOS="1833"/>
<SP HEIGHT="29" WIDTH="29" VPOS="1328" HPOS="1914"/>
<String CONTENT="men&#8221;" HEIGHT="43" WIDTH="136" VPOS="1315" HPOS="1944"/>
</TextLine>
<TextLine HEIGHT="53" WIDTH="495" VPOS="1370" HPOS="99">
<String CONTENT="(2" HEIGHT="48" WIDTH="52" VPOS="1373" HPOS="99"/>
<SP HEIGHT="40" WIDTH="24" VPOS="1373" HPOS="152"/>
<String CONTENT="leaves)" HEIGHT="48" WIDTH="188" VPOS="1372" HPOS="177"/>
<SP HEIGHT="48" WIDTH="33" VPOS="1372" HPOS="366"/>
<String CONTENT="laid" HEIGHT="41" WIDTH="102" VPOS="1371" HPOS="400"/>
<SP HEIGHT="42" WIDTH="28" VPOS="1371" HPOS="503"/>
<String CONTENT="in." HEIGHT="40" WIDTH="62" VPOS="1372" HPOS="532"/>
</TextLine>
<TextLine HEIGHT="70" WIDTH="1986" VPOS="1436" HPOS="99">
<String CONTENT="&#169;" HEIGHT="53" WIDTH="51" VPOS="1444" HPOS="99"/>
<SP HEIGHT="53" WIDTH="30" VPOS="1444" HPOS="151"/>
<String CONTENT="Mar." HEIGHT="38" WIDTH="121" VPOS="1449" HPOS="182"/>
<SP HEIGHT="41" WIDTH="30" VPOS="1446" HPOS="304"/>
<String CONTENT="10," HEIGHT="48" WIDTH="68" VPOS="1446" HPOS="335"/>
<SP HEIGHT="47" WIDTH="30" VPOS="1447" HPOS="404"/>
<String CONTENT="1932;" HEIGHT="47" WIDTH="140" VPOS="1445" HPOS="435"/>
<SP HEIGHT="46" WIDTH="33" VPOS="1446" HPOS="576"/>
<String CONTENT="2c." HEIGHT="40" WIDTH="65" VPOS="1446" HPOS="610"/>
<SP HEIGHT="30" WIDTH="30" VPOS="1456" HPOS="676"/>
<String CONTENT="and" HEIGHT="41" WIDTH="94" VPOS="1446" HPOS="707"/>
<SP HEIGHT="38" WIDTH="31" VPOS="1447" HPOS="802"/>
<String CONTENT="aff." HEIGHT="42" WIDTH="81" VPOS="1445" HPOS="834"/>
<SP HEIGHT="42" WIDTH="32" VPOS="1445" HPOS="916"/>
<String CONTENT="Mar." HEIGHT="41" WIDTH="120" VPOS="1445" HPOS="949"/>
<SP HEIGHT="39" WIDTH="32" VPOS="1447" HPOS="1070"/>
<String CONTENT="16;" HEIGHT="47" WIDTH="79" VPOS="1445" HPOS="1103"/>
<SP HEIGHT="47" WIDTH="35" VPOS="1445" HPOS="1183"/>
<!-- cceid 046C3AC3-6D7D-1014-B4A5-D7A31D17AB40 --><String CONTENT="A" HEIGHT="39" WIDTH="40" VPOS="1445" HPOS="1219"/>
<SP HEIGHT="40" WIDTH="28" VPOS="1445" HPOS="1260"/>
<String CONTENT="50139;" HEIGHT="48" WIDTH="169" VPOS="1443" HPOS="1289"/>
<SP HEIGHT="45" WIDTH="34" VPOS="1446" HPOS="1459"/>
<String LANG="la" CONTENT="Aventine" HEIGHT="41" WIDTH="235" VPOS="1445" HPOS="1494"/>
<SP HEIGHT="30" WIDTH="31" VPOS="1456" HPOS="1730"/>
<String CONTENT="corporation." HEIGHT="52" WIDTH="323" VPOS="1443" HPOS="1762"/>
</TextLine>
<TextLine HEIGHT="51" WIDTH="249" VPOS="1503" HPOS="176">
<String CONTENT="(32-7482)" HEIGHT="51" WIDTH="249" VPOS="1503" HPOS="176"/>
</TextLine>
<TextLine HEIGHT="67" WIDTH="632" VPOS="1621" HPOS="94" STYLEREFS="StyleId-237F98E7-CC88-4B31-B793-1556FCD60299-">
<String CONTENT="Schoen," HEIGHT="65" WIDTH="246" VPOS="1622" HPOS="94"/>
<SP HEIGHT="65" WIDTH="28" VPOS="1622" HPOS="340"/>
<String CONTENT="Max," HEIGHT="64" WIDTH="158" VPOS="1622" HPOS="368"/>
<SP HEIGHT="59" WIDTH="30" VPOS="1627" HPOS="526"/>
<String CONTENT="1888-" HEIGHT="50" WIDTH="170" VPOS="1626" HPOS="556"/>
</TextLine>
<TextLine HEIGHT="83" WIDTH="1919" VPOS="1689" HPOS="163" STYLEREFS="StyleId-39E1BF2D-F9CA-4A94-8A5A-27B9CC065A59-" CS="1">
<String CONTENT="Art" HEIGHT="50" WIDTH="112" VPOS="1699" HPOS="163"/>
<SP HEIGHT="48" WIDTH="23" VPOS="1701" HPOS="276"/>
<String CONTENT="and" HEIGHT="54" WIDTH="110" VPOS="1696" HPOS="300"/>
<SP HEIGHT="52" WIDTH="21" VPOS="1697" HPOS="411"/>
<String CONTENT="beauty," HEIGHT="68" WIDTH="224" VPOS="1697" HPOS="433"/>
<SP HEIGHT="68" WIDTH="23" VPOS="1697" HPOS="658"/>
<String CONTENT="by" HEIGHT="68" WIDTH="72" VPOS="1697" HPOS="682"/>
<SP HEIGHT="69" WIDTH="23" VPOS="1696" HPOS="755"/>
<String CONTENT="Max" HEIGHT="53" WIDTH="136" VPOS="1696" HPOS="779"/>
<SP HEIGHT="55" WIDTH="24" VPOS="1694" HPOS="916"/>
<String CONTENT="Schoen." HEIGHT="57" WIDTH="234" VPOS="1694" HPOS="941"/>
<SP HEIGHT="54" WIDTH="61" VPOS="1696" HPOS="1176"/>
<String CONTENT="New" HEIGHT="52" WIDTH="136" VPOS="1696" HPOS="1238"/>
<SP HEIGHT="52" WIDTH="28" VPOS="1696" HPOS="1375"/>
<String CONTENT="York," HEIGHT="68" WIDTH="178" VPOS="1696" HPOS="1404"/>
<SP HEIGHT="68" WIDTH="23" VPOS="1696" HPOS="1583"/>
<String CONTENT="The" HEIGHT="53" WIDTH="120" VPOS="1696" HPOS="1607"/>
<SP HEIGHT="52" WIDTH="21" VPOS="1697" HPOS="1728"/>
<String CONTENT="Macmillan" HEIGHT="56" WIDTH="332" VPOS="1696" HPOS="1750"/>
</TextLine>
<TextLine HEIGHT="69" WIDTH="480" VPOS="1776" HPOS="93" STYLEREFS="StyleId-39E1BF2D-F9CA-4A94-8A5A-27B9CC065A59-">
<String CONTENT="company," HEIGHT="52" WIDTH="295" VPOS="1792" HPOS="93"/>
<SP HEIGHT="62" WIDTH="34" VPOS="1778" HPOS="389"/>
<String CONTENT="1932." HEIGHT="50" WIDTH="149" VPOS="1777" HPOS="424"/>
</TextLine>
<TextLine HEIGHT="54" WIDTH="464" VPOS="1843" HPOS="163" CS="1">
<String CONTENT="5" HEIGHT="40" WIDTH="27" VPOS="1846" HPOS="163"/>
<SP HEIGHT="49" WIDTH="25" VPOS="1846" HPOS="190"/>
<String CS="1" CONTENT="p."/>
<SP/>
<String CS="1" CONTENT="l.," HEIGHT="18" WIDTH="9" VPOS="1877" HPOS="321"/>
<SP HEIGHT="49" WIDTH="27" VPOS="1846" HPOS="331"/>
<String CONTENT="230" HEIGHT="42" WIDTH="88" VPOS="1845" HPOS="358"/>
<SP HEIGHT="49" WIDTH="25" VPOS="1845" HPOS="446"/>
<String CONTENT="p." HEIGHT="38" WIDTH="43" VPOS="1856" HPOS="471"/>
<SP HEIGHT="43" WIDTH="55" VPOS="1844" HPOS="515"/>
<String CS="1" CONTENT="22&#189;&#7580;&#7504;." HEIGHT="40" WIDTH="57" VPOS="1845" HPOS="570"/>
</TextLine>
<TextLine HEIGHT="54" WIDTH="698" VPOS="1913" HPOS="162">
<String CONTENT="Bibliography:" HEIGHT="50" WIDTH="376" VPOS="1916" HPOS="162"/>
<SP HEIGHT="38" WIDTH="29" VPOS="1927" HPOS="539"/>
<String CONTENT="p." HEIGHT="38" WIDTH="44" VPOS="1927" HPOS="569"/>
<SP HEIGHT="42" WIDTH="29" VPOS="1916" HPOS="614"/>
<String CONTENT="219-223." HEIGHT="42" WIDTH="216" VPOS="1915" HPOS="644"/>
</TextLine>
<TextLine HEIGHT="62" WIDTH="1716" VPOS="1984" HPOS="102" CS="1">
<String CONTENT="&#169;" HEIGHT="52" WIDTH="51" VPOS="1987" HPOS="102"/>
<SP HEIGHT="52" WIDTH="27" VPOS="1987" HPOS="154"/>
<String CONTENT="Mar." HEIGHT="38" WIDTH="120" VPOS="1993" HPOS="182"/>
<SP HEIGHT="41" WIDTH="24" VPOS="1991" HPOS="303"/>
<String CONTENT="15," HEIGHT="47" WIDTH="67" VPOS="1991" HPOS="328"/>
<SP HEIGHT="48" WIDTH="26" VPOS="1990" HPOS="396"/>
<String CONTENT="1932;" HEIGHT="47" WIDTH="138" VPOS="1989" HPOS="423"/>
<SP HEIGHT="46" WIDTH="27" VPOS="1990" HPOS="562"/>
<String CONTENT="2c." HEIGHT="41" WIDTH="67" VPOS="1990" HPOS="590"/>
<SP HEIGHT="29" WIDTH="25" VPOS="2002" HPOS="658"/>
<String CONTENT="and" HEIGHT="41" WIDTH="94" VPOS="1990" HPOS="684"/>
<SP HEIGHT="39" WIDTH="26" VPOS="1991" HPOS="779"/>
<String CONTENT="aff." HEIGHT="43" WIDTH="81" VPOS="1989" HPOS="806"/>
<SP HEIGHT="43" WIDTH="26" VPOS="1989" HPOS="888"/>
<String CONTENT="Mar." HEIGHT="41" WIDTH="119" VPOS="1989" HPOS="915"/>
<SP HEIGHT="39" WIDTH="28" VPOS="1990" HPOS="1035"/>
<String CS="1" CONTENT="16;" HEIGHT="39" WIDTH="54" VPOS="1990" HPOS="1064"/>
<SP HEIGHT="48" WIDTH="30" VPOS="1988" HPOS="1144"/>
<!-- cceid 046CE914-6D7D-1014-B4A5-D7A31D17AB40 --><String CONTENT="A" HEIGHT="40" WIDTH="38" VPOS="1989" HPOS="1175"/>
<SP HEIGHT="40" WIDTH="26" VPOS="1989" HPOS="1214"/>
<String CONTENT="50006;" HEIGHT="47" WIDTH="169" VPOS="1989" HPOS="1241"/>
<SP HEIGHT="45" WIDTH="30" VPOS="1991" HPOS="1411"/>
<String CONTENT="Macmillan" HEIGHT="41" WIDTH="280" VPOS="1990" HPOS="1442"/>
<SP HEIGHT="30" WIDTH="26" VPOS="2001" HPOS="1723"/>
<String CONTENT="co." HEIGHT="29" WIDTH="68" VPOS="2002" HPOS="1750"/>
</TextLine>
<TextLine HEIGHT="51" WIDTH="251" VPOS="2046" HPOS="177">
<String CONTENT="(32-7472)" HEIGHT="51" WIDTH="251" VPOS="2046" HPOS="177"/>
</TextLine>
<TextLine HEIGHT="71" WIDTH="971" VPOS="2161" HPOS="98" STYLEREFS="StyleId-237F98E7-CC88-4B31-B793-1556FCD60299-">
<String CONTENT="Shaw," HEIGHT="65" WIDTH="191" VPOS="2163" HPOS="98"/>
<SP HEIGHT="65" WIDTH="32" VPOS="2164" HPOS="290"/>
<String CONTENT="George" HEIGHT="63" WIDTH="225" VPOS="2165" HPOS="323"/>
<SP HEIGHT="51" WIDTH="30" VPOS="2166" HPOS="549"/>
<String CONTENT="Bernard," HEIGHT="64" WIDTH="283" VPOS="2163" HPOS="580"/>
<SP HEIGHT="57" WIDTH="33" VPOS="2170" HPOS="864"/>
<String CONTENT="1856-" HEIGHT="51" WIDTH="171" VPOS="2168" HPOS="898"/>
</TextLine>
<TextLine HEIGHT="148" WIDTH="1959" VPOS="2232" HPOS="99" STYLEREFS="StyleId-39E1BF2D-F9CA-4A94-8A5A-27B9CC065A59-" CS="1">
<String CS="1" CONTENT="&#8230;"/>
<SP HEIGHT="50" WIDTH="37" VPOS="2243" HPOS="228"/>
<String CONTENT="The" HEIGHT="54" WIDTH="121" VPOS="2240" HPOS="265"/>
<SP HEIGHT="33" WIDTH="31" VPOS="2261" HPOS="386"/>
<String CONTENT="collected" HEIGHT="55" WIDTH="268" VPOS="2240" HPOS="417"/>
<SP HEIGHT="52" WIDTH="32" VPOS="2241" HPOS="685"/>
<String CONTENT="works" HEIGHT="55" WIDTH="184" VPOS="2238" HPOS="717"/>
<SP HEIGHT="34" WIDTH="32" VPOS="2258" HPOS="901"/>
<String CONTENT="of" HEIGHT="54" WIDTH="65" VPOS="2239" HPOS="933"/>
<SP HEIGHT="53" WIDTH="32" VPOS="2240" HPOS="998"/>
<String CONTENT="Bernard" HEIGHT="54" WIDTH="260" VPOS="2240" HPOS="1030"/>
<SP HEIGHT="51" WIDTH="35" VPOS="2241" HPOS="1291"/>
<String CONTENT="Shaw." HEIGHT="52" WIDTH="187" VPOS="2241" HPOS="1327"/>
<SP HEIGHT="35" WIDTH="80" VPOS="2272" HPOS="1514"/>
<String CONTENT="[Ayot" HEIGHT="70" WIDTH="176" VPOS="2238" HPOS="1594"/>
<SP HEIGHT="55" WIDTH="34" VPOS="2240" HPOS="1770"/>
<String CONTENT="St." HEIGHT="56" WIDTH="83" VPOS="2240" HPOS="1804"/>
<SP HEIGHT="52" WIDTH="31" VPOS="2243" HPOS="1888"/>
<String CONTENT="Lawrence" HEIGHT="145" WIDTH="1959" VPOS="2235" HPOS="99"/>
</TextLine>
<TextLine HEIGHT="77" WIDTH="1765" VPOS="2312" HPOS="318" STYLEREFS="StyleId-39E1BF2D-F9CA-4A94-8A5A-27B9CC065A59-" CS="1">
<String CONTENT="edition." HEIGHT="53" WIDTH="231" VPOS="2319" HPOS="318"/>
<SP HEIGHT="51" WIDTH="73" VPOS="2319" HPOS="550"/>
<String CONTENT="Major" HEIGHT="62" WIDTH="192" VPOS="2318" HPOS="624"/>
<SP HEIGHT="30" WIDTH="57" VPOS="2335" HPOS="817"/>
<String CONTENT="critical" HEIGHT="52" WIDTH="218" VPOS="2314" HPOS="875"/>
<SP HEIGHT="51" WIDTH="58" VPOS="2315" HPOS="1094"/>
<String CS="1" CONTENT="essays." HEIGHT="51" WIDTH="185" VPOS="2333" HPOS="1153"/>
<SP HEIGHT="33" WIDTH="72" VPOS="2336" HPOS="1357"/>
<String CS="1" CONTENT="XXIX." HEIGHT="10" WIDTH="11" VPOS="2360" HPOS="1575"/>
<SP HEIGHT="51" WIDTH="37" VPOS="2321" HPOS="1587"/>
<String CONTENT="Pen" HEIGHT="50" WIDTH="120" VPOS="2322" HPOS="1625"/>
<SP HEIGHT="49" WIDTH="62" VPOS="2338" HPOS="1746"/>
<String CONTENT="portraits" HEIGHT="69" WIDTH="274" VPOS="2320" HPOS="1809"/>
</TextLine>
<TextLine HEIGHT="82" WIDTH="1826" VPOS="2386" HPOS="100" STYLEREFS="StyleId-39E1BF2D-F9CA-4A94-8A5A-27B9CC065A59-">
<String CONTENT="and" HEIGHT="42" WIDTH="110" VPOS="2397" HPOS="100"/>
<SP HEIGHT="42" WIDTH="24" VPOS="2397" HPOS="211"/>
<String CONTENT="reviews." HEIGHT="44" WIDTH="248" VPOS="2396" HPOS="236"/>
<SP HEIGHT="54" WIDTH="72" VPOS="2387" HPOS="485"/>
<String CONTENT="New" HEIGHT="54" WIDTH="139" VPOS="2388" HPOS="558"/>
<SP HEIGHT="51" WIDTH="24" VPOS="2392" HPOS="698"/>
<String CONTENT="York," HEIGHT="69" WIDTH="177" VPOS="2389" HPOS="723"/>
<SP HEIGHT="65" WIDTH="22" VPOS="2393" HPOS="901"/>
<String CONTENT="Wm." HEIGHT="54" WIDTH="148" VPOS="2393" HPOS="924"/>
<SP HEIGHT="51" WIDTH="24" VPOS="2395" HPOS="1073"/>
<String CONTENT="H." HEIGHT="52" WIDTH="77" VPOS="2395" HPOS="1098"/>
<SP HEIGHT="52" WIDTH="24" VPOS="2397" HPOS="1176"/>
<String CONTENT="Wise" HEIGHT="55" WIDTH="155" VPOS="2394" HPOS="1201"/>
<SP HEIGHT="50" WIDTH="23" VPOS="2399" HPOS="1357"/>
<String CONTENT="&amp;" HEIGHT="51" WIDTH="45" VPOS="2399" HPOS="1381"/>
<SP HEIGHT="52" WIDTH="22" VPOS="2400" HPOS="1427"/>
<String CONTENT="company," HEIGHT="52" WIDTH="297" VPOS="2415" HPOS="1450"/>
<SP HEIGHT="63" WIDTH="25" VPOS="2402" HPOS="1748"/>
<String CONTENT="1932]" HEIGHT="65" WIDTH="152" VPOS="2402" HPOS="1774"/>
</TextLine>
<TextLine HEIGHT="56" WIDTH="1030" VPOS="2459" HPOS="169" STYLEREFS="StyleId-39E1BF2D-F9CA-4A94-8A5A-27B9CC065A59-" CS="1">
<String CONTENT="viii," HEIGHT="49" WIDTH="100" VPOS="2459" HPOS="169"/>
<SP HEIGHT="47" WIDTH="28" VPOS="2461" HPOS="269"/>
<String CONTENT="320," HEIGHT="48" WIDTH="101" VPOS="2460" HPOS="297"/>
<SP HEIGHT="29" WIDTH="32" VPOS="2482" HPOS="398"/>
<String CONTENT="[1]" HEIGHT="47" WIDTH="55" VPOS="2464" HPOS="430"/>
<SP HEIGHT="38" WIDTH="32" VPOS="2473" HPOS="485"/>
<String CONTENT="p." HEIGHT="38" WIDTH="42" VPOS="2473" HPOS="517"/>
<SP HEIGHT="41" WIDTH="28" VPOS="2463" HPOS="560"/>
<String CONTENT="incl." HEIGHT="40" WIDTH="109" VPOS="2463" HPOS="589"/>
<SP HEIGHT="40" WIDTH="28" VPOS="2464" HPOS="699"/>
<String CS="1" CONTENT="front."/>
<SP HEIGHT="49" WIDTH="28" VPOS="2464" HPOS="876"/>
<String CONTENT="(port.)" HEIGHT="50" WIDTH="172" VPOS="2464" HPOS="904"/>
<SP HEIGHT="48" WIDTH="66" VPOS="2465" HPOS="1076"/>
<String CS="1" CONTENT="23&#189;" HEIGHT="44" WIDTH="56" VPOS="2465" HPOS="1143"/>
<String STYLE="superscript" CS="1" CONTENT="&#7580;&#7504;."/>
</TextLine>
<TextLine HEIGHT="56" WIDTH="1133" VPOS="2531" HPOS="170">
<String CONTENT="Half-title." HEIGHT="42" WIDTH="263" VPOS="2531" HPOS="170"/>
<SP HEIGHT="39" WIDTH="59" VPOS="2533" HPOS="434"/>
<String CONTENT="Each" HEIGHT="41" WIDTH="132" VPOS="2533" HPOS="494"/>
<SP HEIGHT="39" WIDTH="27" VPOS="2534" HPOS="627"/>
<String CONTENT="volume" HEIGHT="41" WIDTH="190" VPOS="2535" HPOS="655"/>
<SP HEIGHT="40" WIDTH="29" VPOS="2536" HPOS="846"/>
<String CONTENT="has" HEIGHT="40" WIDTH="88" VPOS="2536" HPOS="876"/>
<SP HEIGHT="28" WIDTH="29" VPOS="2548" HPOS="965"/>
<String CONTENT="special" HEIGHT="49" WIDTH="178" VPOS="2538" HPOS="995"/>
<SP HEIGHT="40" WIDTH="33" VPOS="2540" HPOS="1174"/>
<String CONTENT="t.-p." HEIGHT="46" WIDTH="95" VPOS="2541" HPOS="1208"/>
</TextLine>
<TextLine HEIGHT="67" WIDTH="1982" VPOS="2597" HPOS="103">
<String CONTENT="&#169;" HEIGHT="53" WIDTH="51" VPOS="2597" HPOS="103"/>
<SP HEIGHT="53" WIDTH="35" VPOS="2597" HPOS="155"/>
<String CONTENT="Feb." HEIGHT="39" WIDTH="107" VPOS="2602" HPOS="191"/>
<SP HEIGHT="40" WIDTH="35" VPOS="2601" HPOS="299"/>
<String CONTENT="29," HEIGHT="48" WIDTH="70" VPOS="2602" HPOS="335"/>
<SP HEIGHT="47" WIDTH="34" VPOS="2603" HPOS="406"/>
<String CONTENT="1932;" HEIGHT="47" WIDTH="139" VPOS="2602" HPOS="441"/>
<SP HEIGHT="44" WIDTH="37" VPOS="2605" HPOS="581"/>
<String CONTENT="2c." HEIGHT="40" WIDTH="66" VPOS="2605" HPOS="619"/>
<SP HEIGHT="40" WIDTH="34" VPOS="2605" HPOS="686"/>
<String CONTENT="Apr." HEIGHT="48" WIDTH="114" VPOS="2605" HPOS="721"/>
<SP HEIGHT="38" WIDTH="35" VPOS="2608" HPOS="836"/>
<String CONTENT="14;" HEIGHT="46" WIDTH="81" VPOS="2607" HPOS="872"/>
<SP HEIGHT="37" WIDTH="37" VPOS="2617" HPOS="954"/>
<String CONTENT="aff." HEIGHT="39" WIDTH="80" VPOS="2608" HPOS="992"/>
<SP HEIGHT="39" WIDTH="36" VPOS="2609" HPOS="1073"/>
<String CONTENT="Apr." HEIGHT="49" WIDTH="113" VPOS="2609" HPOS="1110"/>
<SP HEIGHT="39" WIDTH="35" VPOS="2611" HPOS="1224"/>
<String CONTENT="13;" HEIGHT="46" WIDTH="81" VPOS="2611" HPOS="1260"/>
<SP HEIGHT="46" WIDTH="39" VPOS="2611" HPOS="1342"/>
<!-- cceid 046D8F9C-6D7D-1014-B4A5-D7A31D17AB40 --><String CONTENT="A" HEIGHT="41" WIDTH="40" VPOS="2611" HPOS="1382"/>
<SP HEIGHT="40" WIDTH="34" VPOS="2612" HPOS="1423"/>
<String CONTENT="49574;" HEIGHT="48" WIDTH="170" VPOS="2612" HPOS="1458"/>
<SP HEIGHT="45" WIDTH="38" VPOS="2615" HPOS="1629"/>
<String CONTENT="Bernard" HEIGHT="41" WIDTH="218" VPOS="2615" HPOS="1668"/>
<SP HEIGHT="40" WIDTH="39" VPOS="2616" HPOS="1887"/>
<String CONTENT="Shaw," HEIGHT="48" WIDTH="158" VPOS="2616" HPOS="1927"/>
</TextLine>
<TextLine HEIGHT="41" WIDTH="209" VPOS="2659" HPOS="169">
<String CONTENT="London." HEIGHT="41" WIDTH="209" VPOS="2659" HPOS="169"/>
</TextLine>
<TextLine HEIGHT="76" WIDTH="1235" VPOS="2774" HPOS="97" STYLEREFS="StyleId-39E1BF2D-F9CA-4A94-8A5A-27B9CC065A59-">
<String LANG="en-US" CONTENT="Shoffner," HEIGHT="68" WIDTH="291" VPOS="2774" HPOS="97"/>
<SP HEIGHT="63" WIDTH="30" VPOS="2779" HPOS="389"/>
<String LANG="en-US" CONTENT="Charles" HEIGHT="57" WIDTH="245" VPOS="2777" HPOS="420"/>
<SP HEIGHT="52" WIDTH="23" VPOS="2781" HPOS="666"/>
<String LANG="de" CONTENT="Pennypacker," HEIGHT="69" WIDTH="439" VPOS="2780" HPOS="690"/>
<SP HEIGHT="60" WIDTH="30" VPOS="2789" HPOS="1130"/>
<String LANG="en-US" CONTENT="1868-" HEIGHT="51" WIDTH="171" VPOS="2789" HPOS="1161"/>
</TextLine>
<TextLine HEIGHT="83" WIDTH="1918" VPOS="2852" HPOS="164" STYLEREFS="StyleId-39E1BF2D-F9CA-4A94-8A5A-27B9CC065A59-">
<String CONTENT="The" HEIGHT="54" WIDTH="120" VPOS="2852" HPOS="164"/>
<SP HEIGHT="55" WIDTH="37" VPOS="2852" HPOS="285"/>
<String CONTENT="bird" HEIGHT="54" WIDTH="130" VPOS="2853" HPOS="323"/>
<SP HEIGHT="53" WIDTH="38" VPOS="2854" HPOS="454"/>
<String CONTENT="book;" HEIGHT="69" WIDTH="175" VPOS="2854" HPOS="493"/>
<SP HEIGHT="48" WIDTH="42" VPOS="2875" HPOS="669"/>
<String CONTENT="a" HEIGHT="34" WIDTH="32" VPOS="2875" HPOS="712"/>
<SP HEIGHT="34" WIDTH="39" VPOS="2876" HPOS="745"/>
<String CONTENT="new" HEIGHT="34" WIDTH="123" VPOS="2876" HPOS="785"/>
<SP HEIGHT="52" WIDTH="39" VPOS="2859" HPOS="909"/>
<String CONTENT="book" HEIGHT="54" WIDTH="146" VPOS="2859" HPOS="949"/>
<SP HEIGHT="52" WIDTH="41" VPOS="2860" HPOS="1096"/>
<String CONTENT="for" HEIGHT="54" WIDTH="93" VPOS="2860" HPOS="1138"/>
<SP HEIGHT="53" WIDTH="39" VPOS="2862" HPOS="1232"/>
<String CONTENT="bird-lovers," HEIGHT="71" WIDTH="360" VPOS="2862" HPOS="1272"/>
<SP HEIGHT="61" WIDTH="39" VPOS="2872" HPOS="1633"/>
<String CONTENT="teachers" HEIGHT="53" WIDTH="253" VPOS="2868" HPOS="1673"/>
<SP HEIGHT="34" WIDTH="41" VPOS="2887" HPOS="1927"/>
<String CONTENT="and" HEIGHT="53" WIDTH="113" VPOS="2870" HPOS="1969"/>
</TextLine>
<TextLine HEIGHT="85" WIDTH="1991" VPOS="2930" HPOS="94" STYLEREFS="StyleId-39E1BF2D-F9CA-4A94-8A5A-27B9CC065A59-">
<String CONTENT="students," HEIGHT="68" WIDTH="274" VPOS="2930" HPOS="94"/>
<SP HEIGHT="49" WIDTH="20" VPOS="2949" HPOS="368"/>
<String CONTENT="with" HEIGHT="54" WIDTH="141" VPOS="2931" HPOS="389"/>
<SP HEIGHT="52" WIDTH="21" VPOS="2933" HPOS="530"/>
<String CONTENT="more" HEIGHT="35" WIDTH="156" VPOS="2951" HPOS="551"/>
<SP HEIGHT="46" WIDTH="20" VPOS="2940" HPOS="708"/>
<String CONTENT="than" HEIGHT="54" WIDTH="141" VPOS="2933" HPOS="728"/>
<SP HEIGHT="49" WIDTH="24" VPOS="2939" HPOS="869"/>
<String CONTENT="500" HEIGHT="50" WIDTH="99" VPOS="2939" HPOS="893"/>
<SP HEIGHT="65" WIDTH="23" VPOS="2940" HPOS="992"/>
<String CONTENT="questions" HEIGHT="69" WIDTH="287" VPOS="2937" HPOS="1015"/>
<SP HEIGHT="34" WIDTH="22" VPOS="2959" HPOS="1302"/>
<String CONTENT="and" HEIGHT="53" WIDTH="113" VPOS="2941" HPOS="1325"/>
<SP HEIGHT="53" WIDTH="24" VPOS="2942" HPOS="1438"/>
<String CONTENT="answers," HEIGHT="52" WIDTH="262" VPOS="2960" HPOS="1462"/>
<SP HEIGHT="67" WIDTH="22" VPOS="2945" HPOS="1725"/>
<String CONTENT="by" HEIGHT="68" WIDTH="74" VPOS="2945" HPOS="1747"/>
<SP HEIGHT="69" WIDTH="27" VPOS="2945" HPOS="1821"/>
<String CONTENT="Charles" HEIGHT="56" WIDTH="237" VPOS="2945" HPOS="1848"/>
</TextLine>
<TextLine HEIGHT="86" WIDTH="1984" VPOS="3005" HPOS="97" STYLEREFS="StyleId-39E1BF2D-F9CA-4A94-8A5A-27B9CC065A59-">
<String CONTENT="P." HEIGHT="53" WIDTH="62" VPOS="3006" HPOS="97"/>
<SP HEIGHT="56" WIDTH="36" VPOS="3005" HPOS="160"/>
<String CONTENT="Shoffner;" HEIGHT="72" WIDTH="293" VPOS="3005" HPOS="197"/>
<SP HEIGHT="51" WIDTH="35" VPOS="3027" HPOS="491"/>
<String CONTENT="profusely" HEIGHT="71" WIDTH="297" VPOS="3010" HPOS="527"/>
<SP HEIGHT="68" WIDTH="32" VPOS="3013" HPOS="825"/>
<String CONTENT="illustrated." HEIGHT="57" WIDTH="341" VPOS="3013" HPOS="858"/>
<SP HEIGHT="52" WIDTH="72" VPOS="3018" HPOS="1200"/>
<String CONTENT="New" HEIGHT="53" WIDTH="138" VPOS="3018" HPOS="1273"/>
<SP HEIGHT="51" WIDTH="35" VPOS="3020" HPOS="1412"/>
<String CONTENT="York," HEIGHT="70" WIDTH="180" VPOS="3019" HPOS="1448"/>
<SP HEIGHT="67" WIDTH="35" VPOS="3022" HPOS="1629"/>
<String CONTENT="Frederick" HEIGHT="55" WIDTH="308" VPOS="3022" HPOS="1665"/>
<SP HEIGHT="53" WIDTH="35" VPOS="3024" HPOS="1974"/>
<String CONTENT="A." HEIGHT="54" WIDTH="71" VPOS="3024" HPOS="2010"/>
</TextLine>
<TextLine HEIGHT="76" WIDTH="703" VPOS="3081" HPOS="99" STYLEREFS="StyleId-39E1BF2D-F9CA-4A94-8A5A-27B9CC065A59-">
<String CONTENT="Stokes" HEIGHT="57" WIDTH="197" VPOS="3081" HPOS="99"/>
<SP HEIGHT="36" WIDTH="26" VPOS="3104" HPOS="297"/>
<String CONTENT="company," HEIGHT="52" WIDTH="297" VPOS="3104" HPOS="324"/>
<SP HEIGHT="64" WIDTH="29" VPOS="3092" HPOS="622"/>
<String CONTENT="1932." HEIGHT="52" WIDTH="150" VPOS="3091" HPOS="652"/>
</TextLine>
<TextLine HEIGHT="55" WIDTH="704" VPOS="3156" HPOS="162" STYLEREFS="StyleId-39E1BF2D-F9CA-4A94-8A5A-27B9CC065A59-" CS="1">
<String CONTENT="xi," HEIGHT="49" WIDTH="63" VPOS="3156" HPOS="162"/>
<SP HEIGHT="48" WIDTH="31" VPOS="3157" HPOS="226"/>
<String CONTENT="363," HEIGHT="49" WIDTH="98" VPOS="3156" HPOS="258"/>
<SP HEIGHT="30" WIDTH="33" VPOS="3179" HPOS="357"/>
<String CS="1" CONTENT="[9]" HEIGHT="41" WIDTH="28" VPOS="3159" HPOS="404"/>
<SP HEIGHT="40" WIDTH="29" VPOS="3169" HPOS="447"/>
<String CONTENT="p." HEIGHT="39" WIDTH="42" VPOS="3169" HPOS="477"/>
<SP HEIGHT="37" WIDTH="58" VPOS="3171" HPOS="520"/>
<String CONTENT="plates." HEIGHT="48" WIDTH="171" VPOS="3161" HPOS="579"/>
<SP HEIGHT="40" WIDTH="59" VPOS="3163" HPOS="751"/>
<String CS="1" CONTENT="19&#189;" HEIGHT="40" WIDTH="55" VPOS="3162" HPOS="811"/>
<String STYLE="superscript" CS="1" CONTENT="&#7580;&#7504;."/>
</TextLine>
<TextLine HEIGHT="60" WIDTH="1096" VPOS="3225" HPOS="162">
<String CONTENT="Blank" HEIGHT="43" WIDTH="157" VPOS="3225" HPOS="162"/>
<SP HEIGHT="47" WIDTH="22" VPOS="3229" HPOS="320"/>
<String CONTENT="pages" HEIGHT="38" WIDTH="145" VPOS="3238" HPOS="343"/>
<SP HEIGHT="40" WIDTH="23" VPOS="3230" HPOS="489"/>
<String CONTENT="for" HEIGHT="41" WIDTH="78" VPOS="3230" HPOS="513"/>
<SP HEIGHT="37" WIDTH="24" VPOS="3232" HPOS="592"/>
<String CONTENT="&#8220;Bird" HEIGHT="41" WIDTH="146" VPOS="3232" HPOS="617"/>
<SP HEIGHT="39" WIDTH="23" VPOS="3234" HPOS="764"/>
<String CONTENT="notes&#8221;" HEIGHT="42" WIDTH="165" VPOS="3233" HPOS="788"/>
<SP HEIGHT="50" WIDTH="35" VPOS="3234" HPOS="954"/>
<String CONTENT="(8" HEIGHT="48" WIDTH="50" VPOS="3236" HPOS="990"/>
<SP HEIGHT="42" WIDTH="24" VPOS="3236" HPOS="1041"/>
<String CONTENT="at" HEIGHT="39" WIDTH="51" VPOS="3238" HPOS="1066"/>
<SP HEIGHT="39" WIDTH="24" VPOS="3238" HPOS="1118"/>
<String CONTENT="end)" HEIGHT="48" WIDTH="115" VPOS="3237" HPOS="1143"/>
</TextLine>
<TextLine HEIGHT="70" WIDTH="1977" VPOS="3291" HPOS="104">
<String CONTENT="&#169;" HEIGHT="53" WIDTH="50" VPOS="3291" HPOS="104"/>
<SP HEIGHT="53" WIDTH="29" VPOS="3291" HPOS="155"/>
<String CONTENT="Mar." HEIGHT="40" WIDTH="120" VPOS="3299" HPOS="185"/>
<SP HEIGHT="39" WIDTH="24" VPOS="3301" HPOS="306"/>
<String CONTENT="3," HEIGHT="46" WIDTH="39" VPOS="3301" HPOS="331"/>
<SP HEIGHT="45" WIDTH="28" VPOS="3302" HPOS="371"/>
<String CONTENT="1932;" HEIGHT="47" WIDTH="139" VPOS="3301" HPOS="400"/>
<SP HEIGHT="45" WIDTH="29" VPOS="3303" HPOS="540"/>
<String CONTENT="2c." HEIGHT="40" WIDTH="65" VPOS="3303" HPOS="570"/>
<SP HEIGHT="30" WIDTH="30" VPOS="3314" HPOS="636"/>
<String CONTENT="and" HEIGHT="40" WIDTH="92" VPOS="3305" HPOS="667"/>
<SP HEIGHT="39" WIDTH="30" VPOS="3306" HPOS="760"/>
<String CONTENT="aff." HEIGHT="42" WIDTH="80" VPOS="3305" HPOS="791"/>
<SP HEIGHT="41" WIDTH="31" VPOS="3306" HPOS="872"/>
<String CONTENT="Mar." HEIGHT="43" WIDTH="121" VPOS="3306" HPOS="904"/>
<SP HEIGHT="40" WIDTH="28" VPOS="3309" HPOS="1026"/>
<String CONTENT="19;" HEIGHT="47" WIDTH="80" VPOS="3308" HPOS="1055"/>
<SP HEIGHT="47" WIDTH="31" VPOS="3308" HPOS="1136"/>
<!-- cceid 046E30A7-6D7D-1014-B4A5-D7A31D17AB40 --><String CONTENT="A" HEIGHT="40" WIDTH="39" VPOS="3309" HPOS="1168"/>
<SP HEIGHT="40" WIDTH="27" VPOS="3309" HPOS="1208"/>
<String CONTENT="49181;" HEIGHT="48" WIDTH="170" VPOS="3310" HPOS="1236"/>
<SP HEIGHT="45" WIDTH="32" VPOS="3313" HPOS="1407"/>
<String CONTENT="Frederick" HEIGHT="43" WIDTH="259" VPOS="3313" HPOS="1440"/>
<SP HEIGHT="39" WIDTH="28" VPOS="3316" HPOS="1700"/>
<String CONTENT="A." HEIGHT="40" WIDTH="53" VPOS="3316" HPOS="1729"/>
<SP HEIGHT="41" WIDTH="33" VPOS="3315" HPOS="1783"/>
<String CONTENT="Stokes" HEIGHT="42" WIDTH="170" VPOS="3315" HPOS="1817"/>
<SP HEIGHT="30" WIDTH="28" VPOS="3327" HPOS="1988"/>
<String CONTENT="co." HEIGHT="32" WIDTH="64" VPOS="3326" HPOS="2017"/>
</TextLine>
<TextLine HEIGHT="62" WIDTH="723" VPOS="3350" HPOS="188" CS="1">
<String CS="1" CONTENT="[&#169;" HEIGHT="52" WIDTH="52" VPOS="3350" HPOS="188"/>
<SP HEIGHT="52" WIDTH="27" VPOS="3350" HPOS="240"/>
<String CONTENT="new" HEIGHT="31" WIDTH="105" VPOS="3366" HPOS="267"/>
<SP HEIGHT="30" WIDTH="25" VPOS="3367" HPOS="372"/>
<String CS="1" CONTENT="matter]" HEIGHT="38" WIDTH="178" VPOS="3361" HPOS="397"/>
<SP HEIGHT="48" WIDTH="71" VPOS="3360" HPOS="589"/>
<String CONTENT="(32-7638)" HEIGHT="52" WIDTH="251" VPOS="3360" HPOS="660"/>
</TextLine>
<TextLine HEIGHT="73" WIDTH="760" VPOS="3454" HPOS="99" STYLEREFS="StyleId-237F98E7-CC88-4B31-B793-1556FCD60299-">
<String CONTENT="Sills," HEIGHT="67" WIDTH="149" VPOS="3454" HPOS="99"/>
<SP HEIGHT="62" WIDTH="27" VPOS="3459" HPOS="249"/>
<String CONTENT="Milton," HEIGHT="68" WIDTH="226" VPOS="3457" HPOS="277"/>
<SP HEIGHT="59" WIDTH="31" VPOS="3467" HPOS="504"/>
<String CONTENT="1882-1930." HEIGHT="54" WIDTH="323" VPOS="3467" HPOS="536"/>
</TextLine>
<TextLine HEIGHT="90" WIDTH="1913" VPOS="3530" HPOS="165" STYLEREFS="StyleId-39E1BF2D-F9CA-4A94-8A5A-27B9CC065A59-" CS="1">
<String CONTENT="Values," HEIGHT="70" WIDTH="224" VPOS="3530" HPOS="165"/>
<SP HEIGHT="45" WIDTH="33" VPOS="3555" HPOS="389"/>
<String CONTENT="a" HEIGHT="32" WIDTH="31" VPOS="3555" HPOS="423"/>
<SP HEIGHT="49" WIDTH="34" VPOS="3554" HPOS="454"/>
<String CONTENT="philosophy" HEIGHT="74" WIDTH="339" VPOS="3535" HPOS="488"/>
<SP HEIGHT="48" WIDTH="33" VPOS="3561" HPOS="827"/>
<String CONTENT="of" HEIGHT="53" WIDTH="64" VPOS="3541" HPOS="860"/>
<SP HEIGHT="53" WIDTH="31" VPOS="3541" HPOS="924"/>
<String CONTENT="human" HEIGHT="54" WIDTH="210" VPOS="3543" HPOS="955"/>
<SP HEIGHT="34" WIDTH="37" VPOS="3562" HPOS="1165"/>
<String CONTENT="needs" HEIGHT="53" WIDTH="166" VPOS="3546" HPOS="1202"/>
<SP HEIGHT="52" WIDTH="38" VPOS="3565" HPOS="1368"/>
<String CS="1" CONTENT="[by]" HEIGHT="68" WIDTH="74" VPOS="3547" HPOS="1424"/>
<SP HEIGHT="67" WIDTH="38" VPOS="3548" HPOS="1516"/>
<String CONTENT="Milton" HEIGHT="55" WIDTH="208" VPOS="3547" HPOS="1554"/>
<SP HEIGHT="55" WIDTH="35" VPOS="3548" HPOS="1762"/>
<String CONTENT="Sills" HEIGHT="57" WIDTH="137" VPOS="3548" HPOS="1797"/>
<SP HEIGHT="34" WIDTH="35" VPOS="3571" HPOS="1934"/>
<String CONTENT="and" HEIGHT="54" WIDTH="109" VPOS="3551" HPOS="1969"/>
</TextLine>
<TextLine HEIGHT="90" WIDTH="1979" VPOS="3605" HPOS="101" STYLEREFS="StyleId-39E1BF2D-F9CA-4A94-8A5A-27B9CC065A59-">
<String CONTENT="Ernest" HEIGHT="59" WIDTH="200" VPOS="3605" HPOS="101"/>
<SP HEIGHT="54" WIDTH="24" VPOS="3610" HPOS="302"/>
<String CONTENT="S." HEIGHT="54" WIDTH="56" VPOS="3610" HPOS="327"/>
<SP HEIGHT="50" WIDTH="26" VPOS="3613" HPOS="384"/>
<String CONTENT="Holmes." HEIGHT="54" WIDTH="248" VPOS="3613" HPOS="411"/>
<SP HEIGHT="35" WIDTH="68" VPOS="3649" HPOS="660"/>
<String CONTENT="[Chicago]" HEIGHT="71" WIDTH="286" VPOS="3616" HPOS="729"/>
<SP HEIGHT="65" WIDTH="33" VPOS="3621" HPOS="1016"/>
<String CONTENT="The" HEIGHT="52" WIDTH="120" VPOS="3621" HPOS="1050"/>
<SP HEIGHT="53" WIDTH="26" VPOS="3623" HPOS="1171"/>
<String CONTENT="University" HEIGHT="57" WIDTH="330" VPOS="3622" HPOS="1198"/>
<SP HEIGHT="35" WIDTH="28" VPOS="3644" HPOS="1529"/>
<String CONTENT="of" HEIGHT="53" WIDTH="62" VPOS="3624" HPOS="1558"/>
<SP HEIGHT="54" WIDTH="26" VPOS="3625" HPOS="1621"/>
<String CONTENT="Chicago" HEIGHT="69" WIDTH="248" VPOS="3625" HPOS="1648"/>
<SP HEIGHT="49" WIDTH="29" VPOS="3645" HPOS="1897"/>
<String CONTENT="press" HEIGHT="51" WIDTH="153" VPOS="3644" HPOS="1927"/>
</TextLine>
<TextLine HEIGHT="65" WIDTH="170" VPOS="3686" HPOS="102" STYLEREFS="StyleId-39E1BF2D-F9CA-4A94-8A5A-27B9CC065A59-">
<String CONTENT="[1932]" HEIGHT="65" WIDTH="170" VPOS="3686" HPOS="102"/>
</TextLine>
<TextLine HEIGHT="57" WIDTH="499" VPOS="3752" HPOS="166" CS="1">
<String CONTENT="vii," HEIGHT="49" WIDTH="78" VPOS="3752" HPOS="167"/>
<SP HEIGHT="46" WIDTH="33" VPOS="3755" HPOS="246"/>
<String CONTENT="135," HEIGHT="50" WIDTH="98" VPOS="3754" HPOS="280"/>
<SP HEIGHT="31" WIDTH="38" VPOS="3777" HPOS="378"/>
<String CS="1" CONTENT="[1]" HEIGHT="30" WIDTH="9" VPOS="3777" HPOS="461"/>
<SP HEIGHT="37" WIDTH="35" VPOS="3770" HPOS="471"/>
<String CONTENT="p." HEIGHT="38" WIDTH="43" VPOS="3770" HPOS="507"/>
<SP HEIGHT="39" WIDTH="58" VPOS="3761" HPOS="551"/>
<String CS="1" CONTENT="19&#189;&#7580;&#7504;." HEIGHT="41" WIDTH="55" VPOS="3761" HPOS="610"/>
</TextLine>
<TextLine HEIGHT="72" WIDTH="1908" VPOS="3822" HPOS="169">
<String CONTENT="&#8220;This" HEIGHT="43" WIDTH="145" VPOS="3822" HPOS="169"/>
<SP HEIGHT="40" WIDTH="18" VPOS="3826" HPOS="315"/>
<String CONTENT="book" HEIGHT="41" WIDTH="120" VPOS="3826" HPOS="334"/>
<SP HEIGHT="42" WIDTH="20" VPOS="3827" HPOS="455"/>
<String CONTENT="consists" HEIGHT="44" WIDTH="206" VPOS="3828" HPOS="476"/>
<SP HEIGHT="40" WIDTH="19" VPOS="3832" HPOS="683"/>
<String CONTENT="for" HEIGHT="40" WIDTH="78" VPOS="3832" HPOS="703"/>
<SP HEIGHT="37" WIDTH="22" VPOS="3837" HPOS="782"/>
<String CONTENT="the" HEIGHT="40" WIDTH="80" VPOS="3834" HPOS="805"/>
<SP HEIGHT="30" WIDTH="21" VPOS="3845" HPOS="886"/>
<String CONTENT="most" HEIGHT="41" WIDTH="125" VPOS="3837" HPOS="908"/>
<SP HEIGHT="48" WIDTH="20" VPOS="3838" HPOS="1034"/>
<String CONTENT="part" HEIGHT="47" WIDTH="111" VPOS="3840" HPOS="1055"/>
<SP HEIGHT="39" WIDTH="22" VPOS="3841" HPOS="1167"/>
<String CONTENT="of" HEIGHT="39" WIDTH="51" VPOS="3840" HPOS="1190"/>
<SP HEIGHT="41" WIDTH="21" VPOS="3840" HPOS="1242"/>
<String CONTENT="stenographic" HEIGHT="50" WIDTH="339" VPOS="3841" HPOS="1264"/>
<SP HEIGHT="30" WIDTH="21" VPOS="3855" HPOS="1604"/>
<String CONTENT="reports" HEIGHT="45" WIDTH="188" VPOS="3847" HPOS="1626"/>
<SP HEIGHT="31" WIDTH="21" VPOS="3856" HPOS="1815"/>
<String CONTENT="of" HEIGHT="40" WIDTH="53" VPOS="3847" HPOS="1837"/>
<SP HEIGHT="40" WIDTH="22" VPOS="3847" HPOS="1891"/>
<String CONTENT="actual" HEIGHT="40" WIDTH="163" VPOS="3848" HPOS="1914"/>
</TextLine>
<TextLine HEIGHT="70" WIDTH="1977" VPOS="3881" HPOS="98" CS="1">
<String CONTENT="conversations" HEIGHT="42" WIDTH="357" VPOS="3881" HPOS="98"/>
<SP HEIGHT="40" WIDTH="32" VPOS="3885" HPOS="456"/>
<String CONTENT="between" HEIGHT="42" WIDTH="214" VPOS="3885" HPOS="489"/>
<SP HEIGHT="40" WIDTH="34" VPOS="3889" HPOS="704"/>
<String CONTENT="Milton" HEIGHT="42" WIDTH="172" VPOS="3889" HPOS="739"/>
<SP HEIGHT="40" WIDTH="34" VPOS="3892" HPOS="912"/>
<String CONTENT="Sills" HEIGHT="42" WIDTH="113" VPOS="3891" HPOS="947"/>
<SP HEIGHT="29" WIDTH="32" VPOS="3905" HPOS="1061"/>
<String CONTENT="and" HEIGHT="40" WIDTH="94" VPOS="3895" HPOS="1094"/>
<SP HEIGHT="39" WIDTH="39" VPOS="3896" HPOS="1189"/>
<String CS="1" CONTENT="&#8230;"/>
<SP HEIGHT="30" WIDTH="38" VPOS="3916" HPOS="1275"/>
<String CS="1" CONTENT="[E." HEIGHT="39" WIDTH="51" VPOS="3898" HPOS="1329"/>
<SP HEIGHT="41" WIDTH="37" VPOS="3898" HPOS="1381"/>
<String CONTENT="S." HEIGHT="40" WIDTH="43" VPOS="3899" HPOS="1419"/>
<SP HEIGHT="38" WIDTH="35" VPOS="3900" HPOS="1463"/>
<String CONTENT="Holmes]&#8221;&#8212;Foreword." HEIGHT="52" WIDTH="576" VPOS="3899" HPOS="1499"/>
</TextLine>
<TextLine HEIGHT="79" WIDTH="1974" VPOS="3944" HPOS="105" CS="1">
<String CONTENT="&#169;" HEIGHT="52" WIDTH="51" VPOS="3944" HPOS="105"/>
<SP HEIGHT="52" WIDTH="30" VPOS="3944" HPOS="157"/>
<String CONTENT="Feb." HEIGHT="42" WIDTH="106" VPOS="3951" HPOS="188"/>
<SP HEIGHT="42" WIDTH="30" VPOS="3952" HPOS="295"/>
<String CONTENT="9," HEIGHT="48" WIDTH="40" VPOS="3953" HPOS="326"/>
<SP HEIGHT="44" WIDTH="31" VPOS="3957" HPOS="367"/>
<String CONTENT="1932;" HEIGHT="49" WIDTH="139" VPOS="3955" HPOS="399"/>
<SP HEIGHT="45" WIDTH="30" VPOS="3959" HPOS="539"/>
<String CONTENT="2c." HEIGHT="40" WIDTH="66" VPOS="3959" HPOS="570"/>
<SP HEIGHT="29" WIDTH="32" VPOS="3971" HPOS="637"/>
<String CONTENT="and" HEIGHT="40" WIDTH="95" VPOS="3962" HPOS="670"/>
<SP HEIGHT="39" WIDTH="31" VPOS="3963" HPOS="766"/>
<String CONTENT="aff." HEIGHT="42" WIDTH="81" VPOS="3962" HPOS="798"/>
<SP HEIGHT="41" WIDTH="32" VPOS="3963" HPOS="880"/>
<String CONTENT="Mar." HEIGHT="43" WIDTH="121" VPOS="3963" HPOS="913"/>
<SP HEIGHT="40" WIDTH="30" VPOS="3966" HPOS="1035"/>
<String CONTENT="16;" HEIGHT="46" WIDTH="80" VPOS="3966" HPOS="1066"/>
<SP HEIGHT="47" WIDTH="35" VPOS="3966" HPOS="1147"/>
<!-- cceid 046ED316-6D7D-1014-B4A5-D7A31D17AB40 --><String CONTENT="A" HEIGHT="40" WIDTH="39" VPOS="3967" HPOS="1183"/>
<SP HEIGHT="41" WIDTH="31" VPOS="3967" HPOS="1223"/>
<String CS="1" CONTENT="50117;" HEIGHT="42" WIDTH="142" VPOS="3968" HPOS="1255"/>
<SP HEIGHT="41" WIDTH="36" VPOS="3971" HPOS="1424"/>
<String CONTENT="University" HEIGHT="51" WIDTH="279" VPOS="3970" HPOS="1461"/>
<SP HEIGHT="38" WIDTH="32" VPOS="3983" HPOS="1741"/>
<String CONTENT="of" HEIGHT="43" WIDTH="52" VPOS="3972" HPOS="1774"/>
<SP HEIGHT="41" WIDTH="29" VPOS="3972" HPOS="1827"/>
<String CONTENT="Chicago," HEIGHT="49" WIDTH="222" VPOS="3972" HPOS="1857"/>
</TextLine>
<TextLine HEIGHT="58" WIDTH="538" VPOS="4007" HPOS="171">
<String CONTENT="Chicago." HEIGHT="51" WIDTH="219" VPOS="4007" HPOS="171"/>
<SP HEIGHT="48" WIDTH="69" VPOS="4014" HPOS="390"/>
<String CONTENT="(32-7582)" HEIGHT="52" WIDTH="250" VPOS="4013" HPOS="459"/>
</TextLine>
</TextBlock>
</PrintSpace>
</Page>
</Layout>
</alto>