2563 4368
1369 4044 100 55 870

397 501 1996 65 Holton … [and others] New York, The Macmillan company,
400 580 150 50 1932.

467 649 64 45 ix,
560 649 85 40 521
671 659 42 38 p.
772 649 143 48 illus.,
945 647 179 47 diagrs.
1180 646 145 41 20½ᶜᵐ.

469 705 247 41 “Selected
745 703 298 42 references”
1074 705 52 38 at
1152 703 93 40 end
1272 702 53 40 of
1351 703 118 39 each
1498 702 215 46 chapter.

407 759 52 52 ©
491 764 125 40 June
644 764 39 47 7,
715 763 140 46 1932;
887 762 66 40 2c.
985 762 95 39 and
1111 760 82 41 aff.
1224 760 126 40 June
1380 759 51 47 8;
1465 759 41 39 A
1535 758 170 47 52339;
1740 756 281 41 Macmillan
2051 768 66 30 co.

485 821 280 48 (32-15481)

403 929 305 68 Scoggins,
742 927 244 58 Charles
1020 926 222 67 Elbert,
1280 931 170 51 1888-

474 1000 1924 74 Flame, by C. E. Scoggins … New York, W. Morrow &
401 1103 99 47 co.,
530 1086 149 50 1932.

469 1153 554 50 3 p. l., 305 p. 19½ᶜᵐ.
409 1211 52 52 ©
488 1215 127 40 June
640 1215 67 41 15.
735 1213 139 45 1932;
904 1213 66 40 2c.
998 1213 94 39 and
1120 1211 82 42 aff.
1231 1212 126 39 June
1383 1212 81 43 17;
1494 1211 40 39 A
1561 1209 169 47 52623;
1762 1209 48 42 C.
1840 1211 52 40 E.
1923 1208 242 49 Scoggins,
2194 1208 202 47 Muncie,

479 1273 102 38 Ind.
654 1270 278 49 (32-15438)

406 1375 256 64 Seward,
690 1374 235 55 Samuel
953 1374 259 63 Swayze,
1242 1373 170 55 1876-

474 1449 328 54 Handbook
843 1449 64 54 of
952 1449 247 69 English
1240 1447 252 70 writing,
1532 1448 77 69 by
1652 1446 230 56 Samuel
1927 1445 56 56 S.
2032 1444 251 69 Seward,
2327 1444 71 70 jr.

467 1525 1718 70 … Boston, New York [etc.] Ginn and company [ᶜ1932]
472 1602 97 46 xvi,
596 1600 88 42 429
710 1611 45 38 p.
814 1600 146 42 19½ᶜᵐ.

475 1658 207 40 Indexes
708 1667 60 30 on
793 1657 361 48 lining-papers.

413 1712 52 52 ©
497 1718 113 46 May
639 1716 69 48 18,
739 1714 140 49 1932;
911 1715 67 41 2c.
1011 1715 113 48 May
1154 1715 81 46 31;
1271 1714 83 40 aff.
1385 1715 113 47 May
1528 1713 82 47 27;
1645 1713 40 39 A
1716 1712 170 48 52218;
1924 1713 43 40 S.
2003 1712 44 41 S.
2082 1711 210 47 Seward,
2325 1709 75 49 jr.,

481 1774 116 39 Palo
623 1773 125 47 Alto,
777 1772 144 41 Calif.
991 1771 280 49 (32-15185)

407 1874 173 65 Snell,
615 1875 129 64 Roy
778 1875 244 67 Judson,
1061 1875 171 55 1878-

541 1947 1860 74 … The magic curtain, by Roy J. Snell. Chicago, The
410 2030 739 69 Reilly & Lee co. [ ᶜ1932]
482 2104 644 49 3 p. l., 11-298 p. 19½ᶜᵐ.
416 2157 52 52 ©
497 2162 113 46 May
636 2160 69 48 10,
733 2160 114 41 1932;
902 2161 66 40 2c.
998 2162 114 47 May
1138 2161 82 47 21;
1252 2160 81 42 aff.
1362 2161 114 48 May
1502 2160 81 46 19;
1613 2161 41 39 A
1681 2160 169 47 51458;
1884 2158 157 49 Reilly
2071 2159 36 40 &
2135 2159 91 38 Lee
2255 2168 66 30 co.

412 2279 297 65 Steeman,
736 2278 297 56 Stanislas
1058 2278 222 56 André.

480 2357 80 51 Le
620 2357 344 67 mannequin
1027 2355 291 67 assassiné,
1382 2374 105 49 par
1552 2355 304 57 Stanislas-
1860 2355 199 53 André
2122 2355 279 55 Steeman.

413 2422 1389 79 Paris, Librairie des Champs-Élysées [ ᶜ 1932 ]
483 2504 1922 51 3 p. l., [9]-248 p., 1 l. 18 ½ᶜᵐ . ( Half-title : Le masque; collection de
415 2562 820 50 romans d’aventures … [101])
419 2616 1989 108 © Feb. 20, 1932; 1c. May 9; A— Foreign 16827; Librairie des Champs-Elysées. (32-35339)
416 2778 235 66 Sutton,
679 2778 258 55 Richard
965 2778 357 68 Lightburn,
1355 2781 171 55 1878-

485 2851 1924 73 An introduction to dermatology, by Richard L. Sutton … and
415 2930 1995 69 Richard L. Sutton, jr. … with 183 illustrations. St, Louis, The
418 3007 59 55 C.
569 3050 11 10 V.
614 3008 202 68 Mosby
848 3026 294 52 company,
1174 3012 150 51 1932.

485 3079 669 49 xvi, 565 p. illus. 22 ½ᶜᵐ .
487 3136 188 41 “Based
703 3148 61 28 on
792 3137 81 39 the
902 3136 167 48 eighth
1096 3137 184 41 edition
1307 3137 53 42 of
1385 3148 79 37 my
1492 3138 229 40 textbook
1750 3137 228 41 Diseases
2004 3138 53 41 of
2085 3139 81 40 the
2196 3135 214 43 skin.”—

418 3192 142 49 Pref.,
595 3191 168 49 signed
795 3193 60 46 by
888 3192 214 41 Richard
1136 3193 50 42 L.
1224 3194 188 41 Sutton.

425 3248 52 52 ©
506 3253 126 39 June
659 3254 39 46 1,
727 3251 139 48 1932;
897 3252 67 40 2c.
994 3253 94 39 and
1116 3251 80 41 aff.
1227 3253 126 39 June
1380 3253 53 46 6;
1464 3253 42 39 A
1533 3252 144 41 52327;
1736 3252 48 41 C.
1816 3253 53 39 V.
1899 3253 167 47 Mosby
2097 3263 66 29 co.

501 3309 280 48 (32-15304)

419 3411 209 53 Texas.
706 3411 179 53 Court
919 3412 62 65 of
1018 3410 263 56 criminal
1315 3411 251 68 appeals.

491 3487 1853 70 The Texas criminal reports; cases argued and adjudged …
422 3564 212 68 during
668 3565 324 66 December,
1066 3611 10 9 A.
1149 3606 8 9 D.
1196 3569 152 62 1930,
1381 3567 113 52 and
1528 3568 280 68 January,
1841 3568 313 67 February,
2187 3566 220 69 March,

421 3641 175 68 April
624 3642 113 52 and
762 3645 156 64 May,
985 3687 8 8 A.
1059 3686 9 10 D.
1099 3646 148 49 1931.
1324 3645 289 66 Reported
1639 3646 76 67 by
1738 3648 88 53 W.
1859 3647 63 55 C.
1946 3648 189 53 Wear.
2209 3664 51 34 v.
2289 3644 116 54 117.

423 3718 313 53 Published
782 3719 75 67 by
903 3720 95 52 the
1045 3725 146 47 state
1237 3720 64 53 of
1345 3722 183 52 Texas
1580 3722 236 67 [Dallas,
1862 3724 137 53 Tex.
2045 3722 241 54 Printed
2332 3723 75 66 by

421 3794 428 55 Hicks-Gaston
884 3816 296 50 company]
1225 3801 150 50 1932.

601 3901 8 15 xxx,
640 3869 86 40 665
754 3880 43 37 p.
854 3869 146 42 23½ᶜᵐ.

430 3920 52 52 ©
507 3925 125 39 June
655 3925 69 48 30,
750 3924 112 43 1932;
916 3926 64 41 2c.
1009 3928 94 39 and
1129 3926 80 40 aff.
1237 3927 114 48 July
1377 3928 25 39 5;
1457 3929 40 39 A
1523 3928 143 43 52908;
1721 3931 72 40 W.
1821 3930 47 41 C.
1896 3931 157 48 Wear,
2079 3929 189 46 Austin,
2296 3931 115 40 Tex.
