2563 4368
1124 4074 99 51 829

166 474 178 51 Index
377 474 58 49 to
469 468 150 67 legal
652 462 354 73 periodicals.
1082 458 246 56 October
1363 459 134 51 1928
1530 461 60 49 to
1626 451 332 71 September
1992 451 152 53 1931.

236 548 186 54 Eldon
452 547 67 52 R.
547 546 211 64 James,
786 539 201 56 editor.
1061 538 140 53 New
1230 536 164 54 York
1420 534 135 69 city,
1584 530 314 58 Published
1927 529 95 53 for
2048 528 98 54 the

233 622 303 56 American
568 618 335 57 association
934 617 64 55 of
1028 620 111 51 law
1171 613 260 55 libraries
1460 614 75 67 by
1565 611 97 54 the
1692 611 79 53 H.
1801 611 90 54 W.
1921 607 225 58 Wilson

232 719 294 50 company,
557 702 151 51 1932.

235 775 114 41 1009
375 784 49 38 p.
483 774 115 40 26ᶜᵐ.

172 844 51 47 ©
254 847 126 39 June
412 845 38 45 1,
484 843 139 47 1932;
657 843 67 39 2c.
757 842 94 38 and
884 838 81 43 aff.
999 839 127 39 June
1157 838 81 46 18;
1274 836 40 39 A
1347 834 170 50 51854;
1551 835 61 42 H.
1646 832 72 43 W.
1752 831 184 42 Wilson
1969 841 69 31 co.

166 963 257 64 Kipling,
450 960 300 66 Rudyard,
782 961 170 51 1865-

233 1042 123 51 The
380 1046 176 48 storm
586 1055 150 51 cone,
763 1037 76 67 by
868 1037 277 67 Rudyard
1175 1030 263 70 Kipling.
1513 1030 233 56 Garden
1777 1027 152 70 City,
1956 1029 71 53 N.
2059 1027 92 69 Y.,

165 1117 354 68 Doubleday,
546 1116 197 53 Doran
773 1118 45 50 &
847 1130 294 51 company,
1171 1110 125 67 inc.,
1326 1113 149 51 1932.

239 1192 26 40 3
297 1192 31 40 l.
387 1190 116 42 19ᶜᵐ.

237 1248 40 40 A
308 1255 152 41 poem.

173 1306 53 52 ©
255 1312 114 46 May
397 1309 69 48 24,
496 1308 113 40 1932;
666 1307 68 40 2c.
764 1308 95 38 and
889 1304 82 43 aff.
1002 1306 113 45 May
1142 1301 84 49 26;
1256 1303 42 38 A
1328 1300 171 49 51622;
1531 1302 57 39 R.
1617 1299 214 49 Kipling,
1863 1295 293 52 Bateman’s,

241 1367 254 47 Burwash,
528 1364 191 48 Sussex,
750 1363 234 47 England.
1055 1358 279 52 (32-14639)

169 1469 248 65 Knight,
447 1467 220 55 Lucian
694 1467 235 55 Lamar.

239 1542 295 72 Georgia’s
576 1542 404 55 bi-centennial
1022 1540 265 53 memoirs
1331 1538 113 54 and
1485 1536 324 67 memories;
1857 1556 32 34 a
1933 1538 113 51 tale
2092 1535 63 54 of

171 1633 112 45 two
309 1623 292 68 centuries,
626 1619 306 71 reviewing
957 1620 96 52 the
1076 1618 191 54 state’s
1290 1618 320 52 marvelous
1635 1620 158 65 story
1816 1615 64 53 of
171 1615 1961 155 achievement,

380 1701 149 54 since
569 1697 397 71 Oglethorpe’s
1004 1694 242 72 landing
1284 1696 60 52 in
1387 1694 152 70 1733,
1576 1693 77 69 by
1689 1692 219 55 Lucian
1945 1695 213 52 Lamar

170 1770 1961 154 Knight … V. 2. [Atlanta] Published by the author for private distribution [ ᶜ1 932]
245 1933 27 39 6
295 1943 43 36 p.
401 1962 8 16 l.,
439 1928 216 51 [17]-526,
686 1929 54 48 [2]
769 1939 43 37 p.
839 1927 110 42 incl.
977 1927 169 48 plates,
1172 1926 151 48 ports.
1376 1925 149 47 27½ᶜᵐ.

179 1986 51 51 ©
261 1989 126 39 June
413 1987 69 47 15,
511 1985 140 47 1932;
681 1984 68 41 2c.
780 1986 125 38 June
933 1984 80 45 18;
1047 1982 81 41 aff.
1158 1983 125 39 June
1311 1984 81 46 17;
1425 1985 41 37 A
1495 1981 169 49 52688;
1698 1983 50 41 L.
1779 1983 51 40 L.
1860 1981 199 49 Knight,
2095 1982 67 42 St.

247 2044 190 41 Simons
465 2044 180 45 Island,
674 2042 85 40 Ga.

174 2150 175 63 Koos,
375 2147 266 54 Leonard
669 2142 270 68 Vincent,
968 2149 133 50 1881-

244 2224 294 55 Guidance
567 2223 60 52 in
658 2223 309 68 secondary
996 2222 235 66 schools,
1261 2221 76 66 by
1366 2220 264 54 Leonard
1663 2222 70 52 V.
1765 2220 160 55 Koos
1960 2263 57 10 …
2053 2220 108 54 and

173 2302 265 68 Grayson
477 2301 71 53 N.
592 2299 297 55 Kefauver
937 2341 57 10 …
1071 2297 140 54 New
1254 2296 180 70 York,
1478 2298 124 53 The
1641 2297 336 56 Macmillan
172 2315 1970 134 company,
376 2381 150 51 1932.

243 2453 64 46 xi,
333 2451 86 41 640
443 2463 44 37 p.
512 2451 109 41 incl.
647 2451 193 49 diagrs.,
867 2448 168 42 forms.
1097 2448 147 42 20½ᶜᵐ.

247 2507 344 43 “References”
618 2508 52 41 at
695 2506 92 41 end
812 2506 52 41 of
890 2506 118 41 each
1033 2504 214 49 chapter.

184 2562 52 51 ©
264 2566 113 46 May
402 2564 70 49 31,
498 2563 140 41 1932;
667 2562 68 41 2c.
763 2563 126 41 June
917 2563 52 46 1;
1000 2561 82 41 aff.
1111 2561 128 41 June
1263 2561 54 46 2;
1347 2562 44 39 A
1416 2560 170 49 51598;
1618 2561 50 40 L.
1699 2562 53 39 V.
1781 2561 146 49 Koos,
1957 2560 207 50 Chicago

252 2623 94 38 and
376 2620 218 49 Grayson
621 2620 55 40 N.
706 2619 263 45 Kefauver,
999 2617 230 50 Yonkers,
1259 2618 55 38 N.
1345 2618 53 39 Y.
1469 2617 280 51 (32-14671)

179 2725 234 63 League
442 2723 63 53 of
533 2721 270 66 Virginia
830 2719 476 67 municipalities.

254 2843 57 9 …
365 2801 155 53 Year
570 2799 163 68 book,
784 2800 136 51 1932
977 2841 55 9 …
1110 2796 340 72 Richmond,
1500 2799 226 69 League
1778 2798 65 54 of
1894 2797 270 72 Virginia

177 2876 461 70 municipalities,
673 2880 150 50 1932.

253 2950 85 40 222
361 2962 43 37 p.
453 2951 127 39 illus.
610 2950 98 49 (incl.
766 2950 135 48 map)
932 2952 158 46 plates
1118 2949 48 49 (1
1190 2950 143 48 fold.)
1367 2953 162 48 ports.,
1555 2951 156 41 tables
1738 2951 48 47 (1
1811 2949 143 50 fold.)
1990 2950 177 50 diagrs.

189 3006 49 48 (1
269 3007 141 48 fold.)
478 3006 115 41 26ᶜᵐ.

187 3060 52 52 ©
279 3065 108 40 Jan.
426 3063 67 48 16,
531 3061 140 50 1932;
710 3064 67 39 2c.
815 3065 96 38 and
947 3063 82 41 aff.
1068 3063 108 42 Jan.
1215 3063 83 47 25;
1338 3064 41 38 A
1416 3063 170 48 47209;
1628 3064 190 49 League
1857 3065 51 39 of
1947 3063 218 49 Virginia

254 3119 390 49 municipalities.
714 3118 277 50 (32-11897)

183 3219 257 66 Lincoln,
469 3220 272 65 Ignatius
766 3220 281 67 Timothy
1071 3222 267 66 Trebich,
1368 3224 171 56 1879-

250 3299 121 52 The
412 3297 456 71 autobiography
909 3299 64 53 of
1014 3318 72 33 an
1126 3300 359 69 adventurer,
1524 3300 77 67 by
1641 3299 57 54 J.
1740 3300 65 54 T.
1847 3298 320 56 Trebitsch-

181 3375 267 67 Lincoln;
484 3377 313 52 translated
832 3374 151 55 from
1016 3377 95 52 the
1144 3375 251 56 German
1424 3377 76 68 by
1534 3376 187 54 Emile
1754 3378 206 53 Burns.
2029 3377 139 54 New

183 3447 1125 77 York, H. Holt and company [ ᶜ1 932]
251 3527 29 39 4
302 3537 46 37 p.
407 3556 10 18 l.,
441 3525 143 41 3-291
610 3536 45 37 p.
712 3526 146 40 22½ᶜᵐ.

255 3581 161 41 “First
442 3579 257 50 printing.”

189 3636 51 51 ©
267 3639 110 40 Feb.
400 3638 70 48 26,
495 3637 139 47 1932;
661 3636 67 41 2c.
753 3638 120 38 Mar.
899 3637 53 49 2;
980 3638 79 40 aff.
1089 3638 113 49 May
1226 3638 52 47 5;
1307 3638 40 39 A
1373 3638 168 49 51514;
1571 3640 166 48 Henry
1763 3640 117 40 Holt
1907 3639 37 42 &
1968 3648 81 38 co.,
2077 3639 90 42 inc.

268 3694 276 48 (32-14556)

184 3792 275 69 Lindsey,
487 3794 232 55 Arthur
746 3795 198 65 Ward,
975 3799 171 49 1894-

253 3874 58 52 A
340 3872 269 54 textbook
639 3872 64 54 of
735 3872 262 70 genetics,
1028 3873 75 69 by
1135 3873 224 55 Arthur
1391 3875 182 56 Ward
1603 3876 252 70 Lindsey
1891 3917 58 12 …
2025 3875 138 54 New

188 3950 177 67 York,
391 3951 122 53 The
539 3949 332 56 Macmillan
900 3968 295 54 company,
1224 3956 151 51 1932.
