2563 4368
994 4008 96 49 521

28 423 238 53 Illinois.
340 422 306 67 Appellate
679 424 202 52 courts.

96 505 1910 75 Reports of cases determined … with a directory of the
29 591 284 67 judiciary
357 590 62 51 of
462 591 95 51 the
597 593 145 48 state
785 588 110 52 and
941 587 275 53 abstracts
1260 585 62 52 of
1366 604 149 34 cases
1558 584 334 70 designated
1932 584 75 69 by

29 670 94 51 the
157 673 187 48 courts
381 685 58 34 as
475 674 99 46 not
609 672 57 47 to
699 667 67 51 be
802 665 263 68 reported
1102 665 59 51 in
1200 663 126 53 full.
1401 683 51 33 v.
1490 666 118 50 262.
1723 705 10 10 A.
1808 706 10 10 D.
1858 665 149 50 1932.

28 746 136 51 Last
197 743 163 69 filing
393 745 130 51 date
542 763 10 33 :
586 744 156 52 First
776 742 243 66 district,
1053 742 244 55 October
1332 744 47 64 9,
1417 744 149 49 1931.
1644 742 217 54 Second
29 741 1955 149 district,

221 822 244 53 October
505 827 46 61 5,
593 824 149 49 1931.
817 821 222 52 Fourth
1080 820 243 67 district,
1364 820 330 68 September
1736 823 80 64 12,
1857 822 152 50 1931.

31 901 284 67 Reported
361 900 73 55 by
480 898 158 53 Basil
682 901 189 52 Jones.
950 898 267 69 Chicago,
1265 899 318 68 Callaghan
1626 902 46 50 &
1715 916 295 51 company,

34 982 148 50 1932.

100 1064 430 48 xxxi, 686 p. 23 ᶜᵐ.
35 1132 50 51 ©
115 1137 111 46 May
255 1136 24 39 5,
324 1134 110 41 1932;
493 1135 66 40 2c.
588 1136 93 38 and
711 1134 79 39 aff.
822 1135 112 46 May
962 1134 27 39 9;
1046 1134 39 38 A
1115 1133 142 41 51197;
1317 1134 268 48 Callaghan
1617 1138 35 40 &
1681 1144 66 29 co.

31 1242 159 62 Inge,
221 1239 252 54 William
504 1238 209 63 Ralph,
747 1243 169 49 1860-

101 1326 1855 70 More lay thoughts of a dean, by William Ralph Inge …
32 1405 1175 66 New York & London, Putnam [ ᶜ1 932]
99 1491 273 48 316 p. 22½ ᶜᵐ.
104 1562 232 47 “Reprint
378 1561 65 51 [of]
472 1572 127 29 some
627 1561 52 40 of
705 1571 78 36 my
810 1562 122 38 later
959 1560 353 40 contributions
1339 1562 49 39 to
1416 1561 80 40 the
1526 1560 217 48 Evening
1769 1562 252 47 standard,

33 1618 123 40 from
183 1618 113 41 1928
322 1621 49 37 to
397 1618 80 40 the
505 1619 91 38 end
624 1617 51 40 of
701 1615 349 42 1930.”—Pref.

105 1686 485 48 CONTENTS.—Right
628 1696 55 30 or
719 1685 194 49 wrong?
983 1685 138 41 Some
1162 1687 150 40 vexed
1351 1686 425 47 questions.—The
1815 1687 207 40 conduct

35 1744 50 40 of
127 1744 202 39 life.—A
373 1744 115 39 time
533 1746 83 37 out
660 1742 53 40 of
755 1742 345 49 joint.—Here,
1147 1742 149 47 there,
1342 1743 96 40 and
1482 1742 537 48 everywhere.—Three

36 1800 216 40 lectures.

43 1867 1979 52 © Mar. 25, 1932; 2c. and aff. Mar. 31; A 49344; W. R. Inge, London.
119 1927 247 48 (32-9661)

42 2034 147 62 Ives,
216 2035 137 50 Mrs.
381 2033 192 52 Mabel
611 2032 282 65 (Lorenz)

107 2120 303 52 Frederick
460 2121 127 53 Van
643 2120 302 54 Cortlandt
996 2122 272 66 mansion,
1323 2121 127 52 Van
1506 2120 306 54 Cortlandt
1863 2120 161 68 park,

43 2197 131 52 New
214 2197 158 52 York
409 2197 133 68 city,
577 2198 183 51 where
796 2197 378 67 Washington
1211 2216 114 34 was
1361 2205 161 59 guest
1560 2197 63 51 of
1659 2217 101 32 one
1797 2198 229 50 brother

44 2273 162 52 while
244 2275 94 50 the
375 2274 159 52 other
572 2273 192 54 served
804 2273 163 68 King
1004 2272 218 69 George
1283 2274 74 67 [by]
1418 2273 189 54 Mabel
1645 2274 216 53 Lorenz
1899 2274 128 53 Ives

102 2350 1528 69 … [Upper Montclair, N. J., Lucy Fortune, ᶜ1 932]
110 2435 941 48 4 p. l., 16 p. incl. front., illus. 23 ᶜᵐ.
112 2505 248 41 Half-title
378 2517 8 28 :
418 2505 359 48 Washington’s
808 2506 259 41 Frederick
1097 2508 105 39 Van
1234 2508 257 41 Cortlandt
1521 2509 365 48 headquarters.

113 2562 269 48 “Pre-print
409 2562 178 40 series”
617 2563 52 39 of
696 2562 360 48 Washington’s
1084 2564 352 47 headquarters
1467 2563 164 50 series,
1660 2576 73 30 no.
1764 2565 39 42 6.

53 2631 49 51 ©
130 2638 111 45 Apr.
270 2638 38 45 7,
336 2635 111 41 1932;
504 2635 66 40 2c.
600 2637 95 38 and
724 2635 81 41 aff.
835 2636 110 47 Apr.
977 2636 53 39 13;
1090 2637 39 37 A
1159 2635 143 41 50719;
1361 2638 61 39 M.
1453 2638 50 40 L.
1535 2638 120 47 Ives,
1688 2637 160 47 Upper
118 2637 1895 102 Montclair,

280 2694 54 39 N.
366 2694 40 38 J.
479 2691 249 49 (32-9941)

49 2795 231 66 Jensen,
309 2797 277 63 Kathryn
613 2797 65 55 L.

118 2883 440 54 Fundamentals
586 2886 60 51 in
675 2901 253 51 massage
959 2884 93 52 for
1080 2884 256 54 students
1368 2885 63 52 of
1460 2884 255 67 nursing,
1745 2884 73 67 by
52 2884 1954 142 Kathryn
186 2960 62 53 L.

282 2960 1746 69 Jensen … New York, The Macmillan company, 1932.
118 3044 998 50 xviii, 167 p. incl. 1 illus., plates. 19½ ᶜᵐ.
120 3113 343 50 Bibliography
493 3118 52 37 at
572 3116 90 39 end
692 3116 51 40 of
770 3117 117 39 each
916 3116 201 48 chapter
1143 3120 170 45 except
1343 3121 110 37 two.

59 3181 49 51 ©
135 3187 109 47 Apr.
270 3189 39 45 5,
337 3187 110 41 1932;
503 3189 66 40 2c.
596 3190 94 38 and
718 3189 79 39 aff.
826 3190 113 46 Apr.
966 3189 25 39 6;
1048 3190 38 37 A
1112 3188 146 40 50549;
1313 3189 277 40 Macmillan
1620 3200 67 30 co.
134 3243 245 50 (32-9753)

56 3344 291 65 Lawyers’
375 3351 233 61 reports
637 3351 342 53 annotated.

123 3421 62 53 L.
218 3420 66 53 R.
316 3423 69 51 A.
418 3442 147 34 cases
596 3423 145 53 cited
785 3425 88 66 (L.
907 3425 67 50 R.
1007 3424 70 52 A.
1109 3442 167 51 green
1307 3424 173 68 book)
1522 3423 225 67 tracing
1779 3422 73 53 all
1887 3441 148 35 cases

57 3497 58 50 in
141 3497 60 52 L.
230 3498 65 52 R.
324 3499 69 51 A.
423 3504 25 46 1
478 3505 57 46 to
560 3500 84 68 70,
669 3501 63 51 L.
761 3501 66 52 R.
855 3501 69 53 A.
965 3500 95 69 (N.
1091 3499 86 70 S.)
1217 3505 26 47 1
1272 3505 56 48 to
1360 3504 81 64 52,
1467 3501 63 51 L.
1561 3501 66 51 R.
1656 3500 69 52 A.
1757 3500 191 51 1915A
1975 3506 57 46 to

62 3576 126 49 1918
211 3575 65 65 F,
315 3576 119 53 into
473 3577 63 51 L.
578 3577 66 51 R.
686 3577 69 52 A.
799 3577 358 54 annotations
1199 3578 110 52 and
1351 3578 69 52 A.
1461 3577 64 54 L.
1567 3579 65 50 R.
1677 3575 358 55 annotations

59 3648 242 69 through
335 3655 106 50 vol.
477 3651 66 53 70
578 3653 67 53 A.
680 3654 62 52 L.
778 3653 69 54 R.
915 3653 319 68 Rochester,
1268 3654 68 53 N.
1374 3654 89 66 Y.,
1495 3654 121 53 The
1650 3653 265 67 Lawyers
59 3670 1951 120 cooperative

378 3727 330 69 publishing
748 3747 290 50 company,
1082 3732 148 50 1932.

126 3808 459 53 2 p. l., 574 p. 24½ᶜᵐ.
67 3876 49 51 ©
145 3884 111 46 Apr.
284 3885 25 38 5,
351 3885 112 40 1932;
521 3887 67 41 2c.
620 3888 111 47 Apr.
763 3889 24 38 7;
847 3887 82 43 aff.
960 3887 112 48 Apr.
1103 3889 26 39 8;
1189 3888 38 39 A
1258 3888 145 40 50586;
1462 3889 227 47 Lawyers
1719 3887 319 47 co-operative

132 3938 104 47 pub.
264 3951 63 28 co.
398 3941 248 48 (32-9647)
