2563 4368
1187 4083 132 54 1219

331 534 200 40 “Issued
570 534 51 39 in
659 533 281 41 connection
979 532 120 40 with
1138 534 95 38 and
1272 542 55 30 as
1367 542 26 30 a
1434 531 285 48 companion
1756 528 132 49 piece
1927 530 50 40 to
2013 528 86 42 the
2133 528 114 42 20th

260 593 203 44 century
486 590 181 41 edition
695 590 51 40 of
772 590 82 40 the
879 589 151 47 Bible,
1057 589 130 47 King
1213 589 165 39 James
1404 586 233 42 version.”

266 643 52 51 ©
352 648 81 39 July
499 647 68 48 28,
602 646 139 47 1932;
777 647 67 40 2c.
876 646 116 47 July
1023 644 83 47 23;
1143 643 80 42 aff.
1258 645 121 47 Aug.
1413 645 80 46 15;
1531 645 41 38 A
1606 644 142 40 53635;
1814 643 49 40 F.
1900 643 55 39 R.
1992 641 257 49 Chandler,

334 703 221 48 Chicago.
625 702 279 48 (32-21467)

260 806 258 65 Clouser,
548 806 165 64 Lucy
740 804 230 56 Weller.

329 882 316 53 Educative
673 881 354 68 experiences
1055 882 251 67 through
1337 880 239 69 activity
1604 880 171 67 units,
1804 879 76 68 by
1908 881 158 66 Lucy
261 877 1963 135 Weller

368 956 1881 66 Clouser … and Wilma J. Robinson … and Dena Lois Neely
320 1036 1588 70 … Chicago, New York, Lyons & Carnahan [ ᶜ1 932 ]
328 1109 882 50 4 p. l., 352 p. illus., diagrs. 20ᶜᵐ
331 1167 129 40 “The
492 1169 167 39 record
691 1168 53 40 of
773 1178 130 29 some
935 1168 52 39 of
1018 1167 81 40 the
1131 1165 246 41 activities
1407 1165 192 41 carried
1630 1175 59 29 on
1721 1162 177 49 during
1929 1174 88 29 one
2049 1173 118 38 year
2198 1164 51 40 in

261 1228 94 37 two
383 1234 158 31 rooms
568 1225 52 39 of
645 1225 81 40 the
754 1225 195 39 Kansas
979 1224 109 47 City
1115 1222 160 50 public
1303 1221 424 42 schools.”—Pref.

330 1281 224 40 Includes
587 1281 167 41 music.

330 1337 347 49 Bibliography
710 1340 50 38 at
792 1338 92 40 end
912 1338 55 40 of
997 1348 130 30 some
1157 1337 53 40 of
1240 1337 82 40 the
1353 1336 253 47 chapters;
1641 1335 343 48 “Suggestions
2016 1334 78 40 for
2127 1336 121 39 book

259 1394 197 41 corner”
474 1405 9 30 :
518 1405 42 38 p.
586 1394 217 42 335-344.

265 1448 52 52 ©
344 1453 126 39 June
497 1453 38 48 6,
563 1453 140 48 1932;
732 1451 67 43 2c.
827 1454 119 47 Aug.
974 1452 80 47 19;
1086 1452 83 41 aff.
1196 1453 120 47 Aug.
1344 1452 82 46 15;
1456 1451 41 39 A
1524 1450 144 41 53687;
1724 1450 161 48 Lyons
1911 1450 36 40 &
1976 1450 275 40 Carnahan.

343 1508 277 46 (32-21489)

260 1611 215 66 Cohen,
505 1614 262 53 Octavus
793 1613 146 64 Roy,
971 1617 170 50 1891-

326 1687 229 56 Carbon
609 1688 203 69 copies,
866 1690 75 67 by
995 1690 251 54 Octavus
1299 1690 130 66 Roy
1484 1688 196 55 Cohen;
1764 1686 355 54 decorations
2171 1686 73 67 by

257 1764 295 71 Margaret
593 1767 294 53 Freeman.
967 1768 140 52 New
1153 1767 178 67 York,
1374 1767 258 66 London,
1677 1766 72 52 D.
1795 1766 295 67 Appleton
2135 1764 113 53 and

256 1862 295 50 company,
577 1848 152 50 1932.

327 1916 835 51 4 p. l., 324, [1] p. illus. 19½ᶜᵐ.
331 1972 146 43 Short
508 1974 189 41 stories.

265 2026 51 52 ©
342 2031 117 47 Aug.
488 2031 38 46 5,
552 2030 113 41 1932;
719 2031 67 41 2c.
812 2032 95 39 and
932 2030 82 41 aff.
1041 2032 118 46 Aug.
1187 2032 28 39 8;
1269 2033 40 37 A
1335 2031 142 40 54560;
1534 2031 52 40 O.
1615 2031 55 41 R.
1699 2030 174 49 Cohen,
1901 2028 350 49 Birmingham,

332 2087 104 40 Ala.
506 2087 279 48 (32-21685)

260 2190 389 55 Commission
680 2208 74 36 on
787 2191 303 54 Christian
1122 2191 310 53 education
1464 2191 60 52 in
1554 2191 211 63 Japan.

329 2265 295 55 Christian
658 2268 299 53 education
988 2269 62 52 in
1082 2269 220 67 Japan;
1342 2288 31 33 a
1408 2268 187 68 study,
1627 2268 171 67 being
1830 2268 95 52 the
1958 2272 194 63 report
2184 2266 65 53 of

260 2361 30 35 a
329 2344 377 55 Commission
741 2363 73 33 on
849 2345 296 55 Christian
1181 2346 299 53 education
1514 2346 62 52 in
1610 2348 212 65 Japan,
1858 2350 393 63 representing

258 2423 95 53 the
386 2422 272 54 National
694 2423 294 55 Christian
1021 2424 219 53 council
1274 2424 63 52 of
1372 2425 210 66 Japan,
1617 2424 96 52 the
1747 2424 273 53 National
258 2423 1967 131 Christian

408 2500 299 54 education
735 2500 337 54 association
1099 2501 63 53 of
1190 2503 210 66 Japan,
1429 2503 96 51 the
1554 2501 252 68 Foreign
1831 2501 262 53 missions
261 2520 1965 111 conference
524 2578 63 52 of

627 2579 186 53 North
853 2580 265 52 America
1160 2581 112 52 and
1313 2580 94 52 the
1448 2580 422 52 International
1909 2580 342 66 missionary

259 2656 234 52 council.
568 2657 138 52 New
739 2657 163 53 York
935 2663 137 63 [etc.]
1108 2658 122 53 The
1261 2657 420 53 International
1712 2657 340 68 missionary
259 2676 1968 125 council,

377 2739 150 50 1932.

329 2804 1548 52 xi, 247 p. fold. maps, tables (part fold.) diagr. 23½ᶜᵐ.
331 2863 308 48 Kajinosuke
666 2864 170 49 Ibuka,
867 2865 265 40 chairman.

332 2919 178 41 “Note”
530 2931 8 28 :
563 2920 102 40 leaf
686 2921 214 40 inserted
923 2922 214 40 between
1160 2931 43 38 p.
1229 2922 99 49 [118]
1368 2923 95 38 and
1486 2921 98 41 119.

266 2973 51 52 ©
351 2979 121 39 Mar.
503 2978 69 48 29,
605 2978 114 41 1932;
779 2979 66 40 2c.
880 2981 95 38 and
1007 2979 82 40 aff.
1120 2979 119 49 Aug.
1274 2980 54 38 11;
1390 2980 42 39 A
1464 2979 142 41 54395;
1669 2981 257 39 Internati,
1959 2979 292 48 missionary

335 3035 199 40 council.
605 3035 277 48 (32-21487)

262 3124 171 65 Cory,
462 3126 184 53 Helen
673 3127 158 64 May,
862 3131 171 50 1903-

337 3200 377 71 Compulsory
747 3203 343 53 arbitration
1121 3204 64 53 of
1217 3205 409 52 international
1659 3206 272 67 disputes,
1961 3204 76 69 by
2069 3203 187 53 Helen

263 3278 1909 74 May Cory … New York, Columbia university press, 1932.
332 3354 517 49 xiii, 281 p., 1 l. 23 ᶜᵐ.
335 3411 171 40 Issued
533 3412 102 40 also
662 3424 55 29 as
746 3413 152 42 thesis
936 3417 14 46 (PH.
1124 3416 13 47 D.)
1176 3414 248 42 Columbia
1454 3415 286 48 university.

333 3467 376 49 Bibliography:
740 3481 42 37 p.
832 3470 233 49 [239]-248.

269 3518 51 52 ©
355 3524 118 47 Aug.
509 3526 67 45 15,
611 3525 140 47 1932;
787 3528 67 39 2c.
887 3528 120 47 Aug.
1042 3527 82 42 15;
1161 3527 82 41 aff.
1278 3528 120 48 Aug.
1434 3529 81 46 17;
1553 3529 40 38 A
1628 3528 169 46 53676;
1837 3525 249 42 Columbia
2124 3525 129 42 univ.

335 3589 146 37 press.
553 3581 277 48 (32-21574)

261 3668 193 64 Coste,
484 3669 221 56 Pierre.

262 3744 1966 127 … La lutte pour la suprématie. Les grands marchés financiers
420 3838 9 34 :
459 3822 185 67 Paris,
672 3824 272 69 Londres,
973 3826 139 54 New
1145 3826 176 53 York.
1389 3827 242 53 Préface
1660 3827 68 53 de
1757 3828 198 53 Pierre
1986 3825 269 66 Quesnay

322 3898 669 71 … Paris, Payot, 1932.
331 3966 1465 64 215 p. 23 ᶜᵐ . (Bibliothèque politique et économique)
