2563 4368
1253 4053 135 50 1512

394 513 393 49 286 p., 1 l. 23 ᶜᵐ.
328 566 52 52 ©
406 572 100 39 Oct.
531 569 68 50 29,
625 569 112 41 1932;
790 569 67 41 2c.
883 569 101 39 Oct.
1008 568 55 40 29;
1116 567 82 42 aff.
1222 567 117 39 Nov.
1364 567 26 38 2;
1445 567 39 37 A
1508 566 143 40 56859;
1707 565 178 40 United
1912 564 161 42 States
2100 565 219 41 Catholic

395 627 250 40 historical
676 636 92 30 soc.

324 715 413 64 Untermeyer,
767 715 196 62 Louis,
995 719 169 49 1885-

392 791 122 53 The
553 791 223 68 donkey
814 790 64 54 of
919 790 146 67 God,
1103 790 75 67 by
1215 788 176 55 Louis
1431 789 404 66 Untermeyer;
1877 786 325 54 illustrated
2242 786 75 67 by

322 868 193 55 James
561 868 382 53 MacDonald.
1021 867 140 53 New
1207 866 179 67 York,
1432 866 310 64 Harcourt,
1787 866 180 51 Brace
2012 864 113 53 and
322 881 1971 134 company

507 948 176 66 [ᶜ1932]

395 1004 852 64 xii, 300 p. incl. front., illus. 23 ᶜᵐ.
330 1072 1989 53 © Sept. 8, 1932; 2c. and aff. Sept. 12; A 54724; Harcourt, Brace & co.,
397 1133 89 40 inc.
557 1131 279 48 (32-27004)

326 1221 161 54 Utah
527 1222 112 52 and
675 1220 211 56 Pacific
922 1222 202 67 digest,
1159 1220 267 69 covering
1462 1220 76 52 all
1575 1237 149 36 cases
1759 1220 265 68 reported
2061 1219 61 53 in
2155 1218 161 55 Utah

394 1306 238 62 reports,
671 1303 324 52 1850-1931,
1028 1297 211 55 Pacific
1275 1303 274 64 reporter,
1583 1298 250 53 volumes
1870 1299 187 66 1-300,
2091 1297 111 53 and
2239 1297 78 52 all

395 1376 1896 149 of the Pacific states reports from the earliest times … Compiled
580 1458 111 52 and
720 1458 190 52 edited
938 1457 74 68 by
1038 1457 96 52 the
1159 1455 339 69 publisher’s
1526 1455 266 54 editorial
1820 1452 135 56 staff.
2045 1473 50 34 v.
2126 1457 190 50 23-25.

397 1536 80 53 St.
511 1537 164 52 Paul.
705 1538 158 53 West
893 1535 336 69 publishing
1258 1554 97 50 co.,
1389 1538 151 51 1932.

394 1608 256 41 3 v . 26 ᶜᵐ
674 1676 102 29 CONTENTS.—v.
806 1664 73 41 23.
905 1665 213 40 Judicial
1146 1665 537 40 sales-Lewdness.—v.
1714 1663 70 42 24.
1812 1665 134 39 Libel
1975 1666 94 38 and
2096 1664 227 40 slander-

328 1722 245 40 Maritime
603 1721 243 40 liens.—v.
879 1720 71 41 25.
983 1721 465 47 Marriage-Master
1477 1723 95 38 and
1606 1723 211 38 servant.

331 1775 50 52 ©
413 1779 102 41 Oct.
545 1778 68 47 27,
646 1777 111 40 1932;
818 1779 66 39 2c.
915 1778 117 41 each
1063 1780 94 38 and
1189 1777 106 40 affs.
1327 1778 117 40 Nov.
1478 1778 54 38 14;
1593 1778 42 38 A
1664 1776 319 41 57024-57026;
2045 1777 134 40 West
2209 1776 109 47 pub.

398 1846 65 29 co.

327 1923 126 54 Van
483 1925 214 64 Doren,
727 1924 190 64 Mark,
951 1926 170 50 1894-
1332 1923 84 53 ed.

395 2000 306 53 American
748 2006 175 62 poets,
976 2002 325 65 1630-1930,
1348 2000 189 53 edited
1588 2001 73 66 by
1709 2000 170 51 Mark
1930 2000 128 53 Van
2108 2000 208 51 Doren.

325 2078 231 66 Boston,
581 2078 195 67 Little,
803 2079 230 66 Brown,
1063 2079 112 52 and
1203 2096 295 48 company,
1529 2080 151 51 1932.

391 2150 173 48 xxxiii,
594 2150 87 41 698
707 2162 42 37 p.
809 2151 55 39 21½ᶜᵐ.

331 2203 50 51 ©
412 2208 100 38 Oct.
540 2208 40 45 3,
609 2206 113 41 1932;
779 2208 67 39 2c.
875 2210 94 36 and
998 2206 81 39 aff.
1111 2208 100 38 Oct.
1240 2208 25 38 7;
1324 2207 40 37 A
1393 2206 144 40 56280;
1596 2208 61 38 M.
1687 2208 106 38 Van
1823 2207 175 46 Doren,
2028 2206 117 38 New
2178 2206 140 39 York.

408 2263 278 48 (32-27285)

327 2344 127 54 Van
483 2345 177 65 Loon,
688 2344 267 54 Hendrik
982 2344 247 65 Willem,
1260 2350 169 50 1882-

396 2421 129 53 Van
561 2420 204 53 Loon’s
802 2421 357 67 geography;
1199 2420 94 53 the
1332 2425 154 64 story
1527 2421 62 52 of
1626 2420 95 52 the
1756 2419 179 54 world
1973 2438 81 34 we
2091 2419 112 55 live
2241 2419 77 69 in,

328 2497 225 55 written
593 2498 110 52 and
743 2497 323 55 illustrated
1102 2498 73 67 by
1213 2496 265 54 Hendrik
1514 2497 231 54 Willem
1782 2516 111 35 van
1931 2498 172 52 Loon.
2180 2496 135 54 New

329 2574 175 69 York,
535 2573 197 55 Simon
762 2574 110 53 and
902 2573 284 69 Schuster,
1217 2577 150 51 1932.

393 2644 1672 53 2 p. l. , ix-xx, 525 p. front., illus., plates (part col.) maps. 24½ᶜᵐ.
398 2702 72 41 On
501 2703 81 39 the
615 2702 155 41 inside
802 2702 52 40 of
884 2703 81 40 the
997 2712 223 39 wrapper
1250 2703 42 41 is
1322 2715 27 29 a
1380 2714 113 39 map
1522 2704 52 41 of
1607 2704 80 41 the
1720 2705 167 49 world,
1917 2707 169 39 drawn
2119 2707 60 47 by
2211 2707 100 38 Van

327 2759 141 41 Loon.

333 2814 50 52 ©
417 2819 127 47 Sept.
606 2850 7 14 8,
645 2819 112 39 1932;
817 2819 67 39 2c.
916 2821 94 37 and
1041 2818 80 40 aff.
1156 2819 126 47 Sept.
1315 2820 54 38 13;
1429 2820 40 38 A
1501 2820 142 39 55072;
1705 2822 58 38 H.
1798 2822 69 39 W.
1902 2831 92 30 van
2027 2821 144 47 Loon,
2203 2821 115 40 New

399 2875 143 39 York.
613 2873 278 49 (32-26999)

328 2945 171 55 Vidal
530 2950 69 51 de
631 2950 83 52 La
745 2948 234 64 Blache,
1011 2951 144 51 Paul
1187 2949 186 54 Marie
1405 2949 237 66 Joseph,
1676 2955 325 64 1845-1918,
2033 2953 84 54 ed.

398 3026 362 68 Géographie
784 3025 355 69 universelle,
1164 3027 131 68 pub.
1324 3046 127 36 sous
1474 3030 57 52 la
1556 3029 277 53 direction
1858 3030 68 54 de
1952 3031 65 51 P.
2043 3029 177 55 Vidal
2245 3030 69 52 de

328 3105 84 51 La
441 3106 212 51 Blache
680 3110 56 47 et
763 3107 62 50 L.
856 3104 219 54 Gallois.
1167 3110 36 47 t.
1235 3110 46 46 4.
1323 3107 231 68 Europe
1584 3109 283 67 Centrale,
1895 3126 106 50 par
2031 3109 183 52 Emm.
2245 3107 68 53 de

326 3182 1966 148 Martonne … 2. Deuxième partie. Suisse— Autriche — Hongrie — Tchécoslovaquie—Pologne—Roumanie.
1820 3265 185 67 Paris,
2030 3266 70 51 A.
2129 3264 183 68 Colin,

330 3341 149 52 1931.

400 3412 1860 52 2 p. l, [381]-845, [1] p. illus., plates, maps (part double) diagrs. 29 ᶜᵐ.
402 3467 416 49 “Bibliographie”
851 3471 51 37 at
929 3470 92 38 end
1052 3468 52 39 of
1132 3470 238 46 chapters.

333 3520 51 51 ©
410 3525 109 40 Feb.
543 3526 40 45 3,
607 3523 112 40 1932;
830 3556 7 8 1c.
864 3524 101 40 Oct.
989 3523 55 40 10;
1097 3525 98 37 A—
1200 3525 204 48 Foreign
1428 3526 140 41 18282;
1625 3529 114 38 Max
1762 3528 192 40 Leclerc
1979 3528 35 39 &
2039 3526 97 47 cie.,
2163 3528 153 39 Paris.

329 3599 254 64 Walker,
619 3599 300 56 Franklin.

396 3674 198 51 Frank
631 3675 219 66 Norris,
891 3694 31 33 a
961 3675 322 66 biography
1322 3676 75 64 by
1434 3677 283 52 Franklin
1755 3678 250 53 Walker.
2082 3678 231 53 Garden

328 3748 152 68 City,
508 3750 72 52 N.
611 3750 89 67 Y.,
730 3751 355 66 Doubleday,
1114 3752 197 51 Doran
1342 3754 45 50 &
1415 3770 295 49 company,
1739 3754 127 66 inc.,
1899 3757 150 49 1932.

464 3822 904 49 xv p., 1 l., 317 p. front. (port.) 21 ᶜᵐ.
401 3877 162 42 “First
591 3878 226 41 edition.”

335 3930 51 51 ©
421 3934 100 41 Oct.
557 3935 39 47 5,
630 3934 139 47 1932;
805 3935 67 41 2c.
907 3936 95 38 and
1036 3935 80 40 aff.
1153 3936 101 39 Oct.
1289 3934 80 47 10;
1407 3936 40 37 A
1480 3936 168 46 56306;
1687 3938 50 38 F.
1773 3939 209 46 Walker,
2021 3938 95 41 San
2151 3937 164 48 Diego.

412 3989 278 52 (32-28944)
