2563 4368
1358 4107 134 55 1786

409 477 173 66 Cary,
611 478 240 64 Austin,
882 483 171 50 1865-

478 550 1924 72 Woodsman’s manual, by Austin Cary … 4th ed. Cambridge,
411 631 270 54 Harvard
711 631 313 68 university
1056 650 172 49 press,
1260 634 148 49 1932.

478 701 1634 49 vi p., 2 l., 366 p. illus., maps (1 double) tables, diagrs. 17 ᶜᵐ .
479 757 1732 43 Previous editions h ave title: A manual for northern woodsmen.
479 815 179 42 Pocket
686 826 59 29 on
775 814 156 41 inside
959 815 52 40 of
1037 814 121 41 back
1187 824 154 32 cover.

417 885 51 52 ©
499 888 101 42 Oct.
630 888 70 48 25,
730 888 113 42 1932;
901 888 69 41 2c.
1002 887 100 41 Oct.
1132 888 55 40 31;
1248 886 81 42 aff.
1360 888 117 39 Nov.
1508 886 54 40 22;
1623 887 41 40 A
1694 886 142 41 58047;
1897 887 54 41 A.
1985 886 139 49 Cary,
485 884 1906 102 Washington.

652 945 278 49 (32-33808)

415 1047 265 56 Catholic
709 1047 240 55 church.
1023 1049 249 66 Liturgy
1300 1048 114 53 and
1441 1048 193 52 ritual.

483 1125 121 53 The
632 1126 210 55 church
869 1143 207 50 prayer
1103 1124 146 54 book;
1306 1143 153 50 ways
1485 1124 65 54 of
1577 1126 239 67 hearing
1841 1144 165 47 mass,
2033 1124 371 54 sacramental

414 1201 152 71 rites,
595 1204 311 67 devotions,
934 1221 250 50 prayers.
1260 1204 171 67 Mass,
1460 1201 294 55 devotions
1783 1204 112 52 and
1923 1204 204 67 hymns
2158 1202 93 54 for
415 1221 1966 129 congregational

814 1281 257 70 singing;
1121 1287 397 63 arrangement
1563 1283 112 52 and
1716 1281 370 53 translations
2127 1281 74 68 by
415 1282 1968 146 Monsignor

646 1360 231 69 Eugene
914 1359 271 69 Murphy.
1261 1358 425 69 Philadelphia,
1723 1361 121 66 Pa.,
1880 1359 229 56 Church
2147 1358 262 69 printing

416 1443 44 50 &
492 1439 268 68 envelope
793 1457 78 35 co.
910 1441 171 65 [1932]

489 1512 87 42 288
607 1521 44 40 p.
709 1510 147 42 21½ᶜᵐ.

423 1566 51 52 ©
512 1569 127 48 Sept.
674 1569 69 47 24,
778 1568 113 41 1932;
954 1567 67 41 2c.
1058 1568 101 41 Oct.
1193 1568 56 40 27;
1314 1567 80 40 aff.
1431 1568 117 39 Nov.
1584 1568 25 39 3;
1674 1567 42 40 A
1751 1566 143 41 56878;
1959 1568 194 46 Eugene
2189 1567 222 49 Murphy,

491 1624 353 48 Philadelphia.
916 1624 278 48 (32-33688)

421 1728 296 55 Chemical
747 1729 217 54 rubber
996 1743 304 50 company,
1336 1728 323 54 Cleveland.

489 1802 1863 71 Mathematical tables, compiled by Charles D. Hodgman …
423 1881 1718 69 Cleveland, O., Chemical rubber publishing co. [ ᶜ19 32]
525 1988 8 16 v,
562 1955 87 41 230
674 1966 43 38 p.
778 1955 178 48 diagrs.
1019 1955 144 41 20½ᶜᵐ.

495 2012 68 39 “A
604 2012 339 47 reproduction
984 2012 48 38 in
1075 2011 228 47 enlarged
1345 2010 126 40 form
1514 2010 52 40 of
1608 2010 81 41 the
1733 2009 359 41 mathematical
2141 2009 180 41 section
2365 2008 52 41 of

423 2069 80 40 the
527 2068 272 40 Handbook
826 2068 51 40 of
899 2067 263 47 chemistry
1188 2068 95 39 and
1310 2065 237 50 physics.”

495 2123 181 43 Second
709 2123 195 42 edition.

429 2178 51 51 ©
514 2182 128 47 Sept.
674 2182 67 46 15,
774 2181 112 41 1932;
947 2181 67 41 2c.
1049 2181 125 47 Sept.
1208 2180 81 46 23;
1325 2180 79 41 aff.
1440 2180 101 41 Oct.
1573 2178 82 48 20;
1690 2181 40 38 A
1762 2180 169 46 56621;
1968 2179 243 42 Chemical
2244 2178 174 41 rubber

495 2237 108 48 pub.
635 2248 64 29 co.
772 2237 278 48 (32-33673)

427 2337 323 67 Cronbach,
781 2338 324 66 Abraham,
1140 2344 169 50 1882-

496 2416 119 52 The
652 2415 217 55 Jewish
905 2434 167 50 peace
1105 2415 147 53 book
1289 2414 94 53 for
1418 2414 162 54 home
1618 2415 113 53 and
1768 2415 208 68 school,
2011 2415 75 69 by
2122 2414 296 54 Abraham

428 2491 1965 134 Cronbach … Cincinnati, Dept. of synagogue and school extension
699 2573 63 51 of
812 2573 94 52 the
956 2571 193 57 Union
1200 2573 64 52 of
1312 2572 305 54 American
1669 2573 245 53 Hebrew
1967 2572 450 69 congregations,

430 2652 149 52 1932.

499 2722 83 47 xii,
612 2722 86 40 114
722 2733 44 37 p.
826 2722 116 42 21ᶜᵐ.

503 2777 71 41 On
602 2788 137 31 verso
767 2778 54 41 of
845 2778 235 42 half-title:
1139 2777 319 42 Commission
1487 2790 58 29 on
1575 2778 182 41 Jewish
1787 2778 255 41 education
2073 2778 52 40 of
2153 2779 80 40 the
2261 2777 159 42 Union

430 2833 53 41 of
503 2834 256 41 American
783 2834 207 41 Hebrew
1015 2834 366 48 congregations
1407 2835 96 40 and
1528 2836 81 39 the
1635 2833 193 42 Central
1859 2833 281 42 conference
2164 2835 51 40 of
430 2833 1974 97 American

544 2889 1051 48 rabbis … edited by Emanuel Gamoran.
501 2945 1836 49 Part I , “Peace stories for Jewish children”, also issued separately.
771 3025 69 19 CONTENTS.—
844 3004 70 49 pt.
952 3011 32 33 I.
1025 3003 149 40 Peace
1216 3001 176 42 stories
1430 3003 80 39 for
1548 3002 183 41 Jewish
1770 3002 364 49 children.—pt.
2175 3010 54 34 II.
2270 3003 151 41 Peace

433 3057 231 49 thoughts
692 3059 78 39 for
801 3059 182 40 Jewish
1014 3059 324 48 groups.—pt.
1368 3066 75 34 III.
1475 3058 149 41 Peace
1656 3058 252 41 devotions
1940 3059 80 40 for
2050 3058 182 41 Jewish
2266 3068 98 30 use.

437 3111 51 52 ©
527 3115 101 41 Oct.
664 3118 39 45 3,
740 3116 112 41 1932;
918 3117 67 41 2c.
1022 3117 115 39 Nov.
1176 3116 55 40 16;
1297 3116 81 40 aff.
1416 3116 115 40 Nov.
1571 3116 54 40 15;
1693 3117 40 38 A
1770 3117 143 40 57116;
1979 3116 156 41 Union
2176 3116 53 40 of
2264 3117 156 39 Amer.

504 3172 207 40 Hebrew
743 3173 379 46 congregations.
1193 3172 278 49 (32-33551)

435 3275 194 64 Cross,
660 3276 223 65 Hardy,
918 3282 168 50 1885-

504 3350 353 55 Continuous
893 3350 211 56 frames
1140 3353 63 53 of
1236 3352 320 54 reinforced
1593 3357 270 62 concrete,
1897 3354 75 67 by
2007 3352 207 69 Hardy
2251 3351 170 55 Cross

495 3428 1928 73 … and Newlin Dolbey Morgan … New York, J. Wiley &
433 3522 145 48 sons,
613 3506 107 54 inc.;
785 3506 257 64 London,
1078 3507 299 66 Chapman
1411 3509 45 50 &
1489 3509 161 55 Hall,
1684 3508 241 54 limited.
1960 3510 149 50 1932.

540 3609 10 16 x,
577 3577 87 42 343
690 3589 42 37 p.
796 3579 162 46 front.,
989 3580 114 41 illus.,
1159 3581 178 44 diagrs.
1395 3580 147 42 23½ᶜᵐ.
1659 3580 131 49 $4.50

440 3630 53 53 ©
523 3636 120 42 Nov.
671 3636 70 45 21,
774 3636 140 46 1932;
948 3637 67 41 2c.
1048 3640 93 39 and
1175 3638 81 42 aff.
1290 3639 115 40 Nov.
1440 3639 54 41 23;
1558 3639 40 39 A
1630 3639 168 46 57217;
1887 3672 6 6 H.
1931 3639 142 40 Cross
2107 3639 93 40 and
2235 3635 187 43 Newlin

508 3691 183 49 Dolbey
720 3694 215 47 Morgan,
965 3694 210 46 Urbana,
1207 3694 73 39 Ill.
1352 3694 278 53 (32-33680)

441 3790 297 68 [Davison,
767 3793 262 69 Francis]
1061 3796 57 67 fl.
1150 3798 149 51 1602.

505 3871 55 52 A
598 3870 243 67 poetical
879 3872 306 68 rhapsody.
1225 3876 325 56 1602-1621.
1587 3874 187 53 edited
1814 3875 74 69 by
1925 3875 203 65 Hyder
2167 3871 253 54 Edward

436 3945 1987 79 Rollins. v. 2 … Cambridge, Mass., Harvard university
435 4042 173 54 press,
637 4029 134 57 1932.
