2563 4368
1067 4062 133 51 1053

131 453 225 64 Foster,
387 448 243 58 Charles
657 450 207 63 Henry
890 446 444 66 Wheelwright,
1364 450 172 52 1859-

198 525 1914 68 The Eastern yacht club ditty box [by ] Charles H. W. Foster.
133 607 320 51 1870-1900.
528 604 300 56 Norwood,
877 605 188 65 Mass.,
1116 603 157 53 Priv.
1324 601 175 68 print,
1548 602 77 67 by
1674 602 95 52 the
1818 601 297 68 Plimpton

130 703 171 48 press,
340 687 148 49 1932.

199 749 1552 54 4 p. l., [vii]-xix, 317 p. incl. illus., plates, plates. 26ᶜᵐ.
201 812 138 46 Maps
368 821 61 29 on
457 809 363 48 lining-papers.

203 866 264 40 “Members
496 867 53 39 of
575 867 82 39 the
687 867 209 38 Eastern
923 865 146 47 yacht
1099 862 121 48 club,
1250 862 289 41 1870-1931”:
1601 873 42 37 p.
1676 862 246 50 [175]-230.

137 919 1979 53 © July 1, 1932; 2c. and aff. July 5; A 51994; C. Η. W . Foster, Boston.
212 981 279 48 (32-18542)

130 1064 191 63 Frost,
357 1064 259 53 Frances
650 1064 79 55 M.

198 1139 178 52 These
426 1157 169 47 acres,
643 1138 74 67 by
766 1138 243 52 Frances
1058 1137 183 52 Frost.
1328 1136 213 53 Boston
1592 1134 112 54 and
1753 1134 136 52 New
1943 1134 176 69 York,

129 1215 313 68 Houghton
472 1213 202 54 Mifflin
707 1231 292 51 company,
1034 1216 148 49 1932.

198 1285 592 49 5 p. l., 3-72 p. 21½ᶜᵐ.
198 1343 185 40 Poems.

138 1398 53 53 ©
223 1404 115 39 July
368 1403 27 39 6,
439 1401 114 41 1932;
614 1402 65 40 2c.
713 1402 115 47 July
860 1402 55 38 14;
976 1400 81 41 aff.
1091 1400 115 48 July
1238 1401 82 46 13;
1354 1401 41 38 A
1427 1399 142 41 53077;
1633 1400 50 40 F.
1718 1401 62 39 M.
1814 1399 157 48 Frost,
2005 1399 116 39 New

205 1460 142 40 York.
418 1458 277 48 (32-18253)

132 1535 245 64 Gandía,
410 1534 278 55 Amador.

203 1606 1856 71 Cuentos f á ciles, by Amador Gandía and Philip Cohen …
133 1689 320 52 illustrated
494 1687 75 66 by
608 1686 285 68 Reginald
934 1686 192 52 Birch.
1202 1686 138 51 New
1383 1684 177 69 York,
1604 1683 327 54 Cincinnati
1996 1691 119 60 [etc.]

132 1765 304 53 American
459 1765 146 52 book
631 1782 279 49 company
941 1796 13 34 [
982 1766 132 49 ᶜ1932
1120 1795 12 33 ]

201 1835 1456 52 1 p. l., v -xi, 206 p. front., illus. (incl. maps) 16½ᶜᵐ.
137 1892 52 52 ©
216 1897 115 39 July
356 1895 41 48 2,
425 1895 112 40 1932;
593 1894 68 41 2c.
689 1896 96 38 and
812 1894 82 40 aff.
922 1895 115 47 July
1066 1895 24 38 7;
1148 1894 42 38 A
1216 1892 142 42 52931;
1416 1894 157 39 Amer.
1603 1894 124 40 book
1753 1904 66 30 co.

216 1952 279 49 (32-18347)

133 2027 179 65 Gaye,
338 2026 230 54 Phoebe
598 2025 290 66 Fenwick,
920 2031 171 51 1905-

264 2100 1856 70 … New heaven, new earth … New York, C. Scribner’s
131 2199 146 49 sons,
307 2183 149 50 1932.

202 2251 86 42 318
316 2262 44 38 p.
419 2251 145 42 19½ᶜᵐ.

140 2306 51 52 ©
218 2311 127 40 June
429 2342 9 15 18,
463 2310 112 40 1932;
630 2309 67 41 2c.
726 2311 125 39 June
876 2309 55 40 25;
988 2309 80 40 aff.
1098 2310 126 40 June
1248 2308 56 41 24;
1360 2311 41 38 A
1428 2310 142 40 53161;
1628 2310 201 41 Charles
1860 2309 264 41 Scribner’s

208 2377 126 30 sons.
404 2366 277 49 (32-18241)

136 2441 250 65 Gerwig,
417 2442 225 63 George
668 2440 274 67 William,
972 2444 171 54 1867-

204 2517 346 69 Guideposts
583 2524 58 48 to
676 2519 317 64 character;
1034 2518 293 67 ambition,
1363 2539 72 33 an
1469 2520 236 52 element
1741 2519 60 52 in
1835 2519 95 53 the
135 2518 1966 131 character

318 2595 64 53 of
413 2596 95 52 the
539 2597 147 67 good
718 2595 322 69 American,
1070 2597 76 67 by
1179 2596 220 69 George
1429 2597 89 53 W.
1553 2596 248 67 Gerwig,
1921 2639 10 9 PH.
2002 2637 30 25 D.,
2064 2595 60 53 in

135 2674 363 67 cooperation
537 2674 139 52 with
716 2674 96 52 the
852 2673 134 53 staff
1025 2673 64 53 of
1127 2674 96 52 the
1262 2673 343 69 Pittsburgh
1644 2672 193 70 public
1875 2674 246 66 schools;

135 2750 1965 132 with a foreword by Dr. Ben G. Graham … New York, Cincinnati
402 2834 119 60 [etc.]
555 2828 306 53 American
887 2828 147 54 book
1063 2846 277 50 company
1416 2831 152 65 [ᶜ1932]

207 2902 61 47 vi,
298 2901 57 41 90
382 2913 43 37 p.
485 2902 128 39 illus.
673 2900 145 42 18½ᶜᵐ.

143 2955 1682 51 © July 5, 1932; 2c. and aff. July 8; A 53004; Amer. book co.
221 3015 280 49 (32-18345)

140 3089 282 66 Gregory,
453 3090 154 53 John
639 3089 258 65 Goadby,
931 3094 170 51 1856-

210 3165 181 56 South
395 3173 237 46 western
660 3164 318 55 Wisconsin:
1040 3186 29 33 a
1099 3167 222 68 history
1349 3168 63 53 of
1442 3169 94 51 old
1568 3165 304 56 Crawford
1901 3173 225 62 county,

138 3245 76 67 by
243 3244 155 54 John
430 3244 67 54 G.
532 3244 276 68 Gregory,
839 3244 184 52 editor
1053 3245 59 51 in
1144 3245 170 67 chief,
1344 3245 259 68 together
1634 3246 140 52 with
1807 3265 29 33 a
1869 3263 164 50 corps
2064 3244 64 53 of

140 3323 268 52 associate
447 3322 209 52 editors
696 3321 152 52 from
883 3322 96 51 the
1016 3323 228 51 various
1282 3329 223 61 present
1544 3323 113 68 day
1693 3322 251 54 counties

139 3340 1988 128 comprising old Crawford county … Chicago, The S. J. Clarke
140 3477 332 67 publishing
501 3494 296 49 company,
829 3478 149 50 1932.

209 3552 27 37 4
298 3582 9 8 v.
366 3549 160 40 fronts.
569 3550 65 47 (v.
662 3549 109 47 1-2)
808 3550 169 46 plates,
1007 3551 162 46 ports.,
1197 3550 187 40 facsim.
1445 3550 145 42 27½ᶜᵐ.

211 3606 129 40 Vols.
364 3607 25 37 1
415 3607 95 38 and
534 3604 27 40 2
587 3606 153 47 paged
765 3605 351 47 continuously.

211 3663 127 39 Vols.
364 3663 26 39 3
416 3663 97 38 and
537 3663 27 37 4
589 3661 344 48 biographical.

144 3716 1965 97 “Out of … [the] original Crawford county were carved all of the counties
261 3772 53 41 of
339 3774 144 46 Iowa,
514 3773 167 47 Grant,
710 3773 271 46 Lafayette.
1011 3772 167 43 Green.
1206 3774 105 40 Bad
1337 3774 76 39 Ax
1449 3775 131 46 (now
1605 3776 240 48 Vernon),
1873 3775 253 48 Richland,

146 3829 145 47 Sauk,
329 3830 82 39 the
447 3833 194 43 present
679 3829 267 47 Crawford,
986 3830 94 38 and
1118 3830 82 39 the
1235 3832 208 38 western
1481 3833 136 45 parts
1654 3831 51 40 of
1743 3830 249 43 Columbia
2032 3832 95 40 and

144 3885 137 40 Dane
307 3884 259 41 counties.”

151 3938 51 52 ©
225 3942 115 47 July
363 3943 68 46 13,
455 3941 112 41 1932;
619 3941 67 41 2c.
710 3942 118 39 each
852 3943 94 38 and
971 3941 81 41 aff.
1077 3942 114 46 July
1215 3942 58 40 20;
1324 3943 40 38 A
1388 3944 141 39 53171;
1586 3943 43 41 S.
1657 3945 41 40 J.
1727 3945 175 40 Clarke
1925 3945 109 47 pub.
2060 3955 68 30 co.

228 3998 276 46 (32-18334)
