2563 4368
1307 4056 132 50 1668

381 433 213 66 Condè,
621 435 139 51 Mrs.
790 431 176 56 Celia.

450 506 1922 71 The sphinx’ splendor in light, by Celia Condé … Boston,
379 584 1323 70 The Christopher publishing house [ ᶜ1 932]
489 658 601 52 x, [11]-57 p. front. 21 ᶜᵐ.
385 726 52 52 ©
467 732 102 39 Oct.
598 731 68 45 20,
697 730 113 39 1832;
869 730 68 39 2c.
967 730 94 38 and
1091 729 80 38 aff.
1205 729 102 39 Oct.
1337 730 55 36 24;
1451 729 42 37 A
1521 728 143 39 56652;
1726 727 316 49 Christopher
2072 730 110 46 pub.
2212 729 164 41 house.

461 786 279 49 (32-31751)

381 887 309 67 Dennerle,
719 888 226 64 George
973 888 190 64 Mark,
1194 892 170 50 1896-

452 964 260 68 Leading
741 964 93 52 the
864 963 148 54 little
1042 981 130 38 ones
1202 970 59 48 to
1292 962 193 56 Christ;
1547 983 71 34 an
1651 963 95 53 aid
1777 970 60 47 to
1865 963 296 54 catechists
2191 963 64 54 of
2283 964 95 53 the

382 1041 507 53 first-communion
918 1040 169 67 class;
1118 1040 247 68 adapted
1398 1040 150 52 from
1578 1039 513 58 Gruber-Gatterer
382 1040 1973 133 Elementarkatechesen

846 1118 74 67 by
964 1118 134 52 Rev.
1146 1116 219 69 George
1407 1117 77 53 M.
1533 1117 298 69 Dennerle,
1874 1117 386 56 introduction
2304 1118 74 69 by

383 1194 1997 70 Rev. Joseph J. Baierl … Milwaukee, The Bruce publishing
383 1275 508 66 company [ ᶜ1 932 ]
452 1342 498 52 xix, [4], 308 p. 17½ ᶜᵐ.
454 1399 348 43 “References”
822 1410 9 31 :
865 1411 43 38 p.
937 1399 217 41 307-308.

388 1470 52 53 ©
475 1474 125 48 Sept.
633 1474 69 42 22,
735 1473 112 40 1932;
909 1473 67 40 2c.
1009 1474 94 38 and
1136 1472 82 41 aff.
1252 1473 100 40 Oct.
1386 1473 54 39 13;
1503 1473 41 38 A
1576 1473 142 40 55545;
1782 1474 157 40 Bruce
1969 1474 107 47 pub.
2113 1485 67 29 co.
464 1530 280 49 (32-31858)

389 1635 138 67 [Des
557 1632 306 66 Vallières,
896 1633 166 68 Jean]

451 1711 171 68 Mary
663 1710 64 53 of
767 1710 336 68 Jerusalem,
1143 1711 76 67 by
1256 1710 147 54 Jean
1444 1710 297 54 Ravennes
1805 1710 214 68 [pseud.]
2064 1710 315 54 translated

383 1790 111 52 and
528 1789 248 67 adapted
810 1788 76 68 by
917 1787 318 54 Katherine
1267 1788 71 52 A.
1372 1788 316 68 Hennessy.
1757 1786 257 70 London,
2047 1789 138 52 New
2219 1787 161 54 York

406 1872 119 61 [etc.]
559 1866 345 67 Longmans,
932 1864 186 55 Green
1146 1866 111 52 and
1286 1882 98 50 co.,
1414 1868 149 50 1932.

487 1937 702 52 x p., 1 l. , 291 p. front. 21½ᶜᵐ.
457 1995 229 41 “Printed
712 1995 51 40 in
789 1996 82 39 the
899 1995 179 40 United
1107 1994 162 41 States
1296 1994 51 41 of
1373 1993 265 42 America.”

456 2052 162 41 “First
644 2049 227 44 edition.”

456 2106 262 44 “Sources”
737 2118 10 29 :
776 2118 44 37 p.
847 2106 81 41 vii.

388 2167 52 53 ©
474 2172 102 40 Oct.
609 2171 39 50 5,
680 2170 113 41 1932;
855 2170 67 40 2c.
955 2171 95 39 and
1084 2169 81 40 aff.
1200 2169 102 41 Oct.
1335 2170 55 39 15;
1451 2170 41 39 A
1525 2170 146 41 55579;
1730 2171 286 49 Longmans,
2053 2172 156 42 Green
2242 2173 38 41 &
2311 2184 68 31 co.

465 2227 278 48 (32-31605)

384 2329 304 65 Donnelly,
720 2329 246 54 Francis
994 2329 286 63 Bernard,
1312 2334 170 50 1908-

383 2407 1969 145 … The diocesan synod; an historical conspectus and commentary
749 2484 1627 73 … by Francis Bernard Donnelly … Washington,
385 2563 70 54 D.
486 2563 81 67 C.,
594 2564 121 51 The
742 2562 261 54 Catholic
1031 2562 315 67 university
1374 2562 65 55 of
1464 2563 283 68 America,
1777 2567 148 51 1932.

455 2634 1917 50 vii p., 1 l. , 142 p. 23 ᶜᵐ. (The Catholic university of America. Canon
385 2693 97 39 law
510 2692 200 40 studies,
768 2702 75 33 no.
874 2690 80 49 74)

455 2747 1553 52 Thesis (J. C. D)—Catholic university of America, 1932.
458 2804 371 49 “Biographical
856 2805 154 41 note.”

455 2861 375 49 Bibliography:
862 2873 43 37 p.
935 2861 216 42 125-129.

390 2915 53 51 ©
477 2921 126 39 June
637 2921 38 46 6,
710 2919 113 41 1932;
887 2919 67 41 2c.
989 2920 116 48 July
1138 2920 54 39 21;
1257 2920 82 41 aff.
1375 2921 129 39 June
1534 2923 28 39 7;
1624 2922 42 39 A
1699 2922 143 41 54168;
1908 2923 220 41 Catholic
2163 2923 130 43 univ.
2329 2925 52 40 of

455 2976 236 40 America.
763 2975 278 49 (32-31907)

386 3076 309 66 Drawbell,
724 3079 205 53 James
953 3080 370 63 Wedgwood.

456 3153 154 53 Film
640 3156 150 67 lady.
873 3156 359 66 [Instalment
1261 3158 46 53 7.
1385 3158 357 68 Conclusion]

465 3227 83 48 (In
574 3225 124 43 Miss
727 3226 202 42 modern
958 3226 274 52 magazine,
1262 3227 137 52 Nov.,
1432 3230 143 48 1932)

390 3278 1984 62 © 1c. Dec. 10, 1932; A ad int. 17217; pubd. Oct. 14; J. W. Drawbell,
457 3339 240 41 Dormans
726 3341 142 47 Park,
902 3341 191 48 Surrey,
1126 3343 233 47 England.

386 3438 305 68 Emerson,
720 3444 226 64 Haven,
979 3442 169 55 1874-
1360 3447 83 53 ed.

452 3518 243 54 Alcohol
734 3521 111 52 and
883 3539 160 48 man;
1084 3521 96 53 the
1216 3523 191 54 effects
1444 3523 65 53 of
1547 3525 218 52 alcohol
1803 3543 72 35 on
1912 3543 133 35 man
2082 3525 60 53 in
2179 3525 188 54 health

386 3595 1987 67 and disease; editor: Haven Emerson … associate editors:
382 3669 1991 76 Henry A. Christian … Reid Hunt … [and others] New York,
382 3747 121 53 The
529 3747 334 56 Macmillan
889 3769 296 50 company,
1215 3754 148 51 1932.

453 3819 775 52 xi, 451 p. illus., diagrs. 24 ᶜᵐ.
454 3875 348 50 Bibliography
827 3881 51 37 at
904 3880 91 39 end
1022 3880 52 39 of
1098 3882 125 38 most
1249 3880 52 39 of
1327 3881 81 40 the
1433 3882 238 46 chapters.

388 3926 52 53 ©
470 3931 118 42 Nov.
619 3934 38 46 1,
690 3933 112 43 1932;
863 3937 67 38 2c.
962 3937 94 39 and
1088 3935 80 42 aff.
1200 3936 117 40 Nov.
1348 3937 30 39 2;
1435 3937 40 40 A
1507 3938 143 41 56837;
1709 3939 62 40 H.
1804 3940 245 47 Emerson,
2082 3940 115 40 New
2228 3940 143 41 York.

464 3987 278 51 (32-31891)
