2563 4368
1111 4020 103 53 237

208 498 491 51 ix, 356 p., 1 l. 21 ᶜᵐ.
147 559 51 52 ©
231 562 108 39 Feb.
370 561 69 41 23.
468 558 112 41 1932;
640 558 65 39 2c.
738 559 95 38 and
864 555 80 41 aff.
978 556 109 38 Feb.
1119 554 54 39 24;
1234 553 40 39 A
1303 551 143 41 48632;
1507 551 49 39 L.
1593 551 215 39 Samson.
1841 549 117 39 New
1987 549 145 38 York.

225 616 248 50 (32-5278)

144 709 284 61 Sanborn,
457 707 163 51 Ruth
648 706 174 51 Burr.

212 785 120 51 The
359 784 133 67 jury
521 800 158 34 room
706 785 266 63 mystery.
1054 778 361 67 [Instalment
1442 779 49 63 4]

224 860 12 42 (In
333 853 255 44 Canadian
617 852 142 42 home
788 850 212 52 journal,
1030 850 142 48 Mar.,
1204 848 144 48 1932)

150 902 1986 60 © 1c. Mar. 21, 1932; A ad int. 16169; pubd. Feb. 15; R. B. Sanborn.
220 971 95 40 San
351 970 162 46 Diego,
550 968 142 41 Calif.

147 1060 321 64 Schaeffer,
500 1059 172 55 Emil.

278 1128 1858 73 … Der männliche körper; 59 bilder, eingeleitet von dr.
150 1214 155 52 Emil
337 1211 304 69 Schaeffer,
670 1215 272 50 erläutert
970 1230 112 34 von
1110 1211 152 68 prof.
1291 1213 203 66 Eugen
1521 1209 296 54 Matthias.
148 1207 1992 153 Zürich-Leipzig,

434 1293 160 54 Orell
621 1291 191 53 Füssli
842 1291 198 67 verlag
1075 1293 171 63 [1931]

219 1367 57 39 16
302 1377 56 36 p.,
389 1366 58 39 58
472 1376 42 37 p.
544 1366 53 39 of
623 1366 128 38 illus.
812 1364 54 40 19½ᶜᵐ.
1027 1363 366 48 (Schanbücher
1423 1364 81 48 31)

154 1416 1971 111 © Jan. 10, 1931; 1c. Jan. 7, 1932; A —Foreign 15122; Orell Füssli verlag.
150 1556 248 65 Schuch,
432 1556 208 52 Albert
671 1554 274 54 William.

222 1628 1920 68 Instructions for stomach trouble … [Amherst, Nova Scotia,
154 1710 251 56 Canada,
439 1712 151 63 1932]

224 1783 440 40 1 sheet, 20 × 13½ ᶜᵐ.
158 1836 1987 51 © 1c. Mar. 12, 1932; A ad int. 16140; pubd. Mar. 10; A. W. Schuch,
226 1896 240 45 Amherst,
498 1896 134 40 Nova
667 1896 175 46 Scotia,
875 1896 212 40 Canada.

148 1969 213 66 Smith,
389 1970 170 55 Titus
587 1970 234 65 Keiper,
854 1977 170 49 1859-

222 2047 121 52 The
381 2046 272 69 allegion;
695 2066 78 49 or,
810 2047 137 52 New
984 2046 180 54 world
1201 2046 260 69 religion,
1497 2046 73 68 by
1610 2045 166 53 Titus
1813 2045 74 51 K.
1926 2044 217 66 Smith;

153 2123 168 55 based
360 2142 153 49 upon
550 2144 30 33 a
617 2123 355 69 proposition
1009 2122 288 70 affording
1332 2144 31 33 a
1401 2122 270 54 scientific
1709 2122 340 53 fundament
2086 2122 63 52 of

154 2202 242 66 thought
440 2221 59 32 as
538 2202 389 66 benevolently
968 2202 424 66 revolutionary
1435 2221 58 32 as
1534 2219 145 34 were
1719 2200 94 51 the
1854 2200 295 66 proposals

158 2278 63 52 of
268 2276 343 68 Copernicus
656 2277 111 53 and
813 2276 220 55 Galileo
1080 2278 61 51 in
1186 2283 341 62 astronomy,
1571 2294 62 35 or
1679 2276 62 52 of
1784 2276 101 51 Dr.
1933 2276 216 67 Joseph

156 2353 248 68 Priestly
432 2353 61 52 in
523 2353 317 69 chemistry.
909 2353 135 53 New
1077 2353 179 69 York,
1285 2352 156 53 Priv.
1473 2352 192 69 print.,
1697 2356 150 50 1932.

225 2423 375 52 248, [1] p. 24 ᶜᵐ.
227 2481 95 43 “Of
343 2482 84 41 the
449 2482 111 40 first
581 2481 184 42 edition
790 2482 52 40 of
866 2482 172 40 twelve
1065 2483 222 40 hundred
1310 2481 112 49 fifty
1447 2483 263 40 numbered
1735 2482 159 48 copies
1921 2482 229 49 designed

157 2539 95 39 and
281 2538 194 48 printed
502 2539 60 46 by
591 2539 80 39 the
701 2538 219 48 printing
945 2540 148 38 house
1123 2539 51 40 of
1201 2539 216 39 William
1449 2540 171 38 Edwin
1650 2540 181 47 Rudge,
1861 2540 117 38 New
2006 2538 143 49 York,

157 2594 100 42 this
283 2595 44 41 is
354 2595 204 40 number
582 2593 131 43 397.”

166 2651 51 52 ©
248 2656 108 41 Jan.
387 2655 69 40 26.
486 2654 113 40 1932;
658 2654 65 39 2c.
756 2655 107 38 Jan.
896 2653 54 39 25;
1010 2653 80 40 aff.
1124 2654 108 38 Feb.
1263 2654 26 39 3;
1349 2655 41 37 A
1419 2654 142 39 47381;
1624 2654 50 38 T.
1706 2654 57 39 K.
1801 2652 169 48 Smith,
232 2653 1905 105 Westfield,
385 2713 55 39 N.
469 2712 43 39 J.
583 2711 249 47 (32-5364)

163 2787 188 54 South
382 2786 289 55 Carolina.
745 2787 183 62 Laws,
955 2792 257 53 statutes,
1239 2791 99 47 etc.

236 2863 1917 69 Code of laws of South Carolina, 1932 … Prepared, edited,
166 2941 325 66 annotated,
529 2943 111 51 and
676 2941 233 69 printed
943 2943 182 51 under
1162 2943 95 51 the
1295 2942 375 68 supervision,
1705 2943 297 67 direction,
2039 2943 114 54 and

168 3018 302 53 assistance
509 3020 63 50 of
610 3021 96 50 the
748 3021 152 53 Code
939 3021 437 65 commissioner,
1418 3022 112 51 and
1565 3023 97 51 the
1703 3022 338 55 Committee
2081 3040 73 34 on

165 3101 287 63 statutory
495 3098 136 52 laws
675 3098 63 52 of
780 3099 94 51 the
919 3098 246 54 General
1210 3100 276 67 assembly
1529 3101 63 51 of
1637 3101 183 54 South
1865 3100 287 56 Carolina.

169 3191 48 33 V.
273 3177 45 48 4.
361 3174 244 54 General
659 3176 169 52 index
882 3177 112 51 and
1047 3178 195 51 tables.
1319 3177 482 70 Charlottesville,
1854 3182 124 65 Va.,
2030 3181 121 52 The

166 3252 212 52 Michie
406 3271 296 50 company,
732 3257 149 49 1932.

238 3326 707 47 2 p. l. , 490 p. tables. 26 ᶜᵐ.
173 3377 51 52 ©
259 3383 121 40 Mar.
416 3384 39 46 4,
494 3381 138 48 1932;
670 3383 65 40 2c.
775 3386 95 38 and
906 3384 80 40 aff.
1026 3386 119 39 Mar.
1185 3386 51 46 5;
1276 3386 40 39 A
1352 3386 170 48 47960;
1565 3389 136 40 State
1738 3389 53 40 of
1828 3389 152 40 South
242 3389 1899 93 Carolina,
388 3439 264 41 Columbia.
687 3441 43 39 S.
767 3440 46 40 C.

161 3515 196 63 Steen,
391 3516 384 64 Marguerite.

241 3591 273 67 Unicorn,
542 3592 76 68 by
649 3593 352 69 Marguerite
1037 3595 184 54 Steen.
1298 3598 136 51 New
1470 3598 160 52 York
1665 3601 50 49 &
1750 3599 257 66 London,
2040 3599 122 52 The

171 3667 253 69 Century
456 3688 75 34 co.
680 3675 83 62 [ᶜ1932]

241 3742 866 51 4 p. l., 3-374 p. 19½ᶜᵐ. $2.50
244 3798 160 41 “First
436 3799 256 49 printing.”

177 3850 51 51 ©
267 3855 108 39 Feb.
412 3854 68 43 27,
518 3856 111 40 1932;
697 3857 65 40 2c.
802 3860 94 38 and
934 3859 81 40 aff.
1055 3861 120 37 Mar.
1215 3862 52 45 1;
1307 3861 41 39 A
1384 3862 169 46 47905;
1596 3864 62 37 M.
1701 3862 155 41 Steen.
1896 3861 265 49 Paddocks,

246 3910 514 49 Grange-over-Sands,
792 3916 232 46 England.
1097 3916 249 50 (32-5301)
