2563 4368
1378 4011 101 51 322

511 478 276 50 286 p. 19 ᶜᵐ.
515 537 175 39 “Notes
722 534 473 50 bibliographiques”
1213 546 9 29 :
1256 547 43 37 p.
1332 535 248 50 [281]-284.

448 589 1935 52 © Apr. 9, 1931; 1c. Apr. 21; A—Foreign 12856; Ernest Flammarion.
525 649 249 48 (32-7234)

445 752 289 61 Barranx,
764 752 200 64 Serge,
997 751 170 55 1867-

443 816 1970 158 … Face à la vie, roman du retour à la terre … (Éd. définitive.)
688 906 265 68 Poitiers,
988 906 219 55 Société
1239 906 285 66 française
1556 906 409 69 d’imprimerie
1997 911 55 48 et
2084 908 69 52 de
2185 906 258 53 librairie

520 989 119 64 [ ᶜ1 931]
510 1059 343 49 332 p. 19 ᶜᵐ .
519 1116 243 40 “Mention
799 1118 60 39 de
891 1115 291 42 l’Académie
1217 1118 84 39 des
1337 1115 210 41 sciences
1584 1116 209 42 morales
1829 1120 48 37 et
1913 1114 271 51 politiques.
2245 1114 197 44 Honoré

445 1175 141 39 d’une
615 1172 325 49 souscription
970 1175 64 38 du
1066 1173 252 40 Ministère
1348 1175 57 39 de
1437 1172 374 49 l’agriculture.”

449 1227 1975 109 © July 15, 1931; 1c. Oct. 12; A— Foreign 13999; Société française d’imprimerie et de librairie. (32-7230)
445 1391 194 64 Bedel,
670 1389 280 67 Maurice,
985 1394 171 51 1884-

513 1467 356 69 Philippine,
902 1469 74 67 by
1010 1467 256 54 Maurice
1302 1467 204 66 Bedel;
1545 1468 315 54 translated
1899 1467 152 54 from
2085 1468 96 53 the
2216 1467 223 54 French

445 1546 72 69 by
551 1547 229 55 Samuel
809 1545 417 54 Middlebrook.
1302 1545 138 53 New
1472 1545 180 67 York,
1682 1546 67 53 E.
1778 1548 66 52 P.
1874 1547 224 52 Dutton
2127 1548 45 51 &
2202 1564 99 49 co.,
2331 1544 107 54 inc.

447 1628 193 65 [ ᶜ1 932 ]
514 1698 86 41 238
627 1709 43 37 p.
730 1695 58 41 19½ᶜᵐ.

519 1754 162 41 “First
710 1752 226 42 edition.”

449 1808 1991 52 © Mar. 8, 1932; 2c. Mar. 10; aff. Mar. 11; A 49068; E. P. Dutton & co.,
516 1868 91 41 inc.
677 1868 251 47 (32-6656)

443 1971 302 65 Berthold,
775 1971 206 55 Victor
1009 1974 97 63 M.,
1140 1973 170 54 1857-

508 2048 121 55 The
671 2047 231 70 pioneer
944 2056 241 47 steamer
1230 2048 345 65 California,
1621 2051 328 59 1848-1849,
1992 2049 75 62 by
2111 2047 199 54 Victor
2353 2046 82 53 M.

437 2124 1975 146 Berthold … Boston and New York, Houghton Mifflin company, 1932.
544 2274 1247 50 x p., 2 l., 106 p. front., pl., maps, facsims. 25 ᶜᵐ.
511 2332 127 42 Title
670 2332 230 49 vignette.

513 2387 146 41 “This
686 2387 183 41 edition
900 2389 41 39 is
967 2387 188 42 limited
1184 2391 49 39 to
1260 2388 91 42 five
1379 2388 222 41 hundred
1630 2389 96 40 and
1754 2388 111 47 fifty
1892 2387 160 50 copies
2080 2387 52 41 of
2159 2387 159 42 which
2344 2387 92 43 five

440 2445 221 42 hundred
691 2456 83 31 are
802 2445 78 41 for
911 2445 145 41 sale.”

513 2501 128 43 “The
665 2502 109 41 first
800 2502 52 41 of
877 2503 82 40 the
986 2502 56 40 U.
1071 2501 44 41 S.
1145 2500 179 42 Pacific
1348 2501 120 40 mail
1494 2501 338 50 steamships.”

511 2556 1922 52 Appendix A : “Revised DeLancy passenger list of the California” :
439 2627 42 38 p.
519 2616 189 50 [75]-89.

512 2672 234 41 “Sources
776 2673 51 40 of
856 2670 347 41 information”
1223 2681 10 30 :
1263 2683 44 37 p.
1341 2670 160 51 [8]-10.

447 2727 52 52 ©
535 2731 110 39 Feb.
679 2729 68 43 24,
784 2729 139 46 1932;
961 2729 68 40 2c.
1065 2728 108 40 Feb.
1210 2728 82 47 27;
1330 2728 81 40 aff.
1449 2728 109 39 Feb.
1593 2728 83 46 26;
1713 2729 41 38 A
1787 2727 171 48 48672;
1998 2729 53 39 V.
2088 2730 62 39 M.
2188 2727 247 46 Berthold,

514 2788 116 39 New
657 2787 144 41 York.
871 2784 250 49 (32-6555)

441 2876 316 65 Blankner,
787 2874 373 56 Fredericka.

509 2953 103 52 All
648 2971 98 50 my
782 2952 197 69 youth,
1018 2971 31 33 a
1088 2951 147 53 book
1273 2951 64 53 of
1376 2969 209 50 poems,
1626 2951 73 69 by
1739 2951 344 53 Fredericka
2125 2948 308 55 Blankner.

438 3031 140 53 New
608 3030 180 67 York,
819 3030 356 67 Brentano’s,
1209 3033 150 50 1932.

512 3103 509 50 6 p. l., 3-86 p. 19½ᶜᵐ.
512 3161 162 41 “First
708 3160 226 42 edition.”

446 3214 51 52 ©
532 3218 108 40 Feb.
673 3217 56 40 26,
775 3216 140 47 1932;
949 3216 66 40 2c.
1049 3218 94 38 and
1176 3216 81 40 aff.
1291 3218 121 40 Mar.
1443 3218 53 45 3;
1530 3218 41 38 A
1602 3216 170 47 47940;
1810 3218 299 46 Brentano’s,
2144 3216 90 40 inc.
522 3274 250 47 (32-6678)

441 3360 330 67 Bosworth,
801 3362 265 53 Francke
1095 3361 397 67 Huntington,
1523 3363 172 55 1875-

507 3437 56 52 A
587 3437 170 68 study
784 3438 62 52 of
872 3438 399 53 architectural
1298 3437 234 68 schools,
1558 3437 73 68 by
1659 3438 63 51 F.
1750 3437 76 54 H.
1853 3435 318 67 Bosworth,
2198 3434 88 69 jr.,
2317 3435 111 53 and

438 3514 124 67 Roy
597 3512 201 56 Childs
830 3515 190 66 Jones,
1052 3514 94 52 for
1178 3515 96 53 the
1305 3513 357 55 Association
1694 3513 64 54 of
1790 3513 294 67 collegiate
2118 3512 214 54 schools
2365 3511 64 54 of

437 3588 1965 145 architecture … New York, Pub. for the Association of collegiate
672 3667 216 52 schools
920 3667 63 52 of
1014 3666 372 54 architecture
1417 3666 75 68 by
1526 3666 61 53 C.
1622 3666 310 53 Scribner’s
1962 3685 146 47 sons,
2142 3668 148 49 1932.

503 3735 66 48 xi,
604 3736 71 50 [1],
706 3736 84 42 193
822 3749 42 37 p.
925 3737 129 40 illus.
1082 3737 160 48 (map)
1310 3737 116 41 24ᶜᵐ.

435 3791 1973 104 “Deals almost exclusively with schools of collegiate rank … the recognized
667 3849 325 48 professional
1024 3848 217 49 training
1274 3848 221 49 agencies
1527 3849 50 40 in
1610 3849 81 40 the
1722 3848 235 49 licensing
1989 3849 241 49 practices
2260 3848 51 41 of
2343 3847 83 43 the

434 3903 178 44 United
641 3904 167 43 States
834 3907 96 40 and
959 3905 580 43 Canada.”—Foreword.
