2563 4368
1095 4020 101 50 911

217 492 1913 58 2 p. l., iii-xlvi, 531 p. 19 ᶜᵐ . (Half-title: Nelson’s English series:
146 558 192 48 general
369 555 272 41 editor—E.
673 552 301 49 Bernbaum)

216 615 169 39 Poems
410 613 96 39 and
531 621 181 38 essays.

218 670 67 40 “A
309 669 84 40 list
418 669 52 40 of
496 668 161 40 useful
685 667 176 41 books”
880 679 8 28 :
920 678 43 37 p.
988 666 216 41 526-531.

152 735 51 52 ©
232 740 126 39 June
386 740 38 45 8,
453 738 139 47 1932;
624 738 66 40 2c.
721 740 95 38 and
845 737 80 41 aff.
957 739 128 38 June
1111 737 81 45 10;
1223 737 41 38 A
1292 736 170 45 52421;
1495 737 210 38 Thomas
1735 736 177 39 Nelson
1945 735 38 39 &
2010 743 125 30 sons.

229 795 277 48 (32-15332)

147 912 308 67 Sherman,
482 914 206 64 Henry
713 911 199 67 Clapp,
943 912 167 55 1875-

216 1001 1857 70 Chemistry of food and nutrition, by Henry C. Sherman …
145 1084 98 51 4th
281 1082 102 67 ed.,
419 1082 291 53 rewritten
745 1083 113 51 and
894 1081 106 53 enl.
1075 1081 138 52 New
1250 1081 179 66 York,
1464 1081 121 52 The
1620 1078 335 54 Macmillan
145 1097 1966 130 company,
347 1163 148 50 1932.

215 1242 914 51 xiii, 614 p. illus., diagrs. 20½ ᶜᵐ .
217 1301 347 41 “References”
590 1303 51 39 at
669 1303 91 39 end
788 1302 53 39 of
867 1302 118 39 each
1011 1301 214 47 chapter.

153 1370 51 52 ©
233 1374 126 39 June
384 1375 40 46 7,
452 1372 139 49 1932;
620 1374 66 40 2c.
715 1375 94 38 and
837 1372 82 40 aff.
947 1373 125 40 June
1101 1374 51 46 8;
1182 1373 42 38 A
1252 1371 169 48 52340;
1453 1370 280 41 Macmillan
1763 1380 67 31 co.

231 1430 277 48 (32-15530)

147 1542 1989 73 South eastern reporter. v. 162. Permanent ed. … with key
216 1625 237 52 number
506 1622 379 55 annotations.
960 1624 296 69 February
1313 1626 80 66 18,
1447 1622 347 69 1932-April
1849 1626 81 65 14,
1984 1624 152 51 1932.

220 1701 80 55 St.
331 1703 165 67 Paul,
520 1706 160 53 West
706 1702 336 69 publishing
1066 1722 99 48 co.,
1195 1705 151 51 1932.

220 1781 466 49 xvi, 987 p. 26 ᶜᵐ .
154 1849 51 52 ©
234 1854 127 40 June
387 1854 69 46 13,
485 1853 113 41 1932;
656 1854 65 39 2c.
752 1854 125 39 June
907 1854 53 39 11;
1020 1852 82 42 aff.
1132 1854 114 47 July
1276 1852 53 40 12;
1390 1853 39 38 A
1458 1852 142 41 54012;
1661 1853 133 39 West
1824 1851 108 49 pub.
1964 1862 67 31 co.

147 1983 187 54 South
384 1990 239 48 western
667 1988 270 65 reporter.
1017 1984 217 55 Second
1281 1983 184 54 series.
1543 1984 169 54 Cases
1761 1983 214 69 argued
2024 1982 113 54 and

219 2062 350 53 determined
611 2062 61 52 in
712 2064 95 52 the
852 2064 274 68 Supreme
1166 2068 188 50 courts
1394 2062 64 53 of
1496 2063 313 64 Arkansas,
1848 2062 290 68 Missouri,

219 2141 327 67 Tennessee,
581 2142 112 51 and
727 2142 211 66 Texas;
978 2143 207 54 Courts
1219 2141 63 54 of
1317 2142 233 68 appeals
1586 2142 62 51 of
1682 2141 306 70 Kentucky
2025 2142 111 52 and

218 2217 299 67 Missouri;
561 2219 206 53 Courts
808 2220 64 52 of
912 2219 135 54 civil
1088 2220 112 51 and
1241 2219 262 54 criminal
1544 2222 233 66 appeals
1819 2221 112 51 and
217 2223 1898 126 Commission

484 2296 62 52 of
582 2297 232 67 appeals
847 2297 63 52 of
942 2299 201 66 Texas,
1175 2296 140 54 with
1348 2297 372 68 key-number
1757 2299 363 53 annotations.

220 2390 52 36 v.
309 2376 67 49 46
426 2373 127 69 (2d)
601 2375 201 53 March
841 2373 279 70 22-April
1161 2378 83 65 12,
1282 2379 150 50 1932.
1507 2379 345 52 Permanent
1891 2379 84 52 ed.
2053 2377 86 57 St.

217 2450 166 69 Paul,
408 2453 160 54 West
595 2451 336 70 publishing
955 2471 98 49 co.,
1084 2456 151 53 1932.

222 2531 503 48 xvii, 1204 p. 26 ᶜᵐ .
156 2597 51 52 ©
238 2602 124 39 June
391 2601 68 47 15,
489 2600 140 48 1932;
660 2602 67 40 2c.
758 2602 114 48 July
902 2602 81 48 11;
1016 2602 83 40 aff.
1129 2603 114 48 July
1274 2604 81 48 12;
1388 2604 41 39 A
1459 2604 169 48 54013;
1661 2607 133 39 West
1825 2606 107 48 pub.
1963 2616 67 30 co.

150 2716 277 68 Stewart,
458 2718 226 65 George
717 2718 196 67 Craig,
945 2721 110 67 bp.,
1087 2719 173 56 1879-

220 2797 1918 75 The face of Christ; a study in spiritual portraiture … by
148 2874 1991 75 the Right Reverend George Craig Stewart … Milwaukee,
147 2951 1220 72 Wis., Morehouse publishing co. [ ᶜ1 932]
221 3036 855 49 5 p. l., 78 p., 1 l. front. 18½ ᶜᵐ .
221 3094 251 47 Noon-day
510 3094 182 40 Lenten
734 3096 254 39 addresses
1025 3095 244 41 delivered
1307 3099 51 37 at
1397 3098 80 41 the
1516 3098 206 41 Garrick
1759 3100 191 40 theater
1987 3102 154 40 under

151 3149 83 41 the
270 3149 221 48 auspices
528 3150 52 39 of
617 3151 82 39 the
736 3151 192 41 Church
967 3152 107 40 club
1114 3153 52 40 of
1205 3153 207 48 Chicago.
1487 3155 63 48 cf.
1588 3155 273 42 Foreword.

159 3216 51 52 ©
240 3223 112 46 May
380 3221 69 47 23,
478 3221 112 41 1932;
648 3222 65 40 2c.
744 3225 95 38 and
869 3223 81 40 aff.
981 3225 113 47 May
1123 3226 55 39 31;
1237 3226 40 38 A
1307 3226 142 40 52245;
1510 3228 287 41 Morehouse
1825 3229 109 47 pub.
1966 3241 65 29 co.

235 3277 277 48 (32-15322)

154 3394 264 67 Stroock,
448 3396 240 66 Robert,
719 3402 325 52 1905-1930.

222 3471 220 54 Letters
492 3474 64 51 of
605 3473 213 54 Robert
871 3475 256 69 Stroock,
1175 3479 244 67 written,
1469 3486 59 47 at
1576 3480 227 54 various
1850 3483 181 66 times,
2080 3489 58 48 to

151 3549 274 55 members
469 3550 64 53 of
575 3551 88 53 his
707 3552 205 68 family
955 3555 113 51 and
1110 3560 57 47 to
1211 3573 149 35 some
1402 3557 64 53 of
1507 3558 88 53 his
1638 3558 235 55 friends.
152 3563 1961 131 [Portland,
339 3629 129 65 Me.]

510 3627 156 56 Priv.
704 3630 174 66 print.
921 3631 138 67 [The
1096 3632 369 55 Southworth
1500 3653 172 50 press]
1715 3641 147 49 1932.

225 3709 1104 55 viii, 173, [1] p., 1 l. front. (port.) 23 ᶜᵐ .
226 3766 93 41 “Of
341 3768 98 40 this
465 3769 123 40 book
610 3770 87 40 200
722 3770 158 48 copies
905 3772 123 41 have
1053 3773 118 40 been
1197 3774 235 48 printed.”

226 3822 936 53 “Copyright … by Sol M. Stroock.”
162 3888 51 53 ©
248 3895 112 46 May
392 3895 69 48 21,
494 3896 113 41 1932;
670 3898 66 40 2c.
772 3901 94 37 and
900 3899 80 40 aff.
1015 3902 115 46 May
1161 3902 55 39 31;
1278 3902 41 39 A
1354 3902 142 41 51706;
1563 3904 78 40 Sol
1677 3906 62 39 M.
1777 3905 213 48 Stroock,
2026 3906 116 39 New

228 3950 142 41 York.
440 3952 278 50 (32-15608)
