2563 4368
1004 4042 102 54 417

54 448 311 54 American
392 446 277 55 institute
696 446 64 53 of
783 448 407 54 accountants.
1264 444 196 54 Board
1486 444 64 65 of
1573 442 332 57 examiners.

119 523 406 53 Examination
554 523 284 68 questions
871 523 279 67 prepared
1179 522 74 67 by
1282 522 96 52 the
1406 520 194 53 Board
1631 519 64 53 of
1723 519 315 53 examiners

48 601 63 52 of
140 601 95 52 the
263 601 305 52 American
598 600 260 53 institute
888 600 64 52 of
981 605 365 46 accountants
1377 598 93 52 for
1498 598 96 53 the
1625 597 413 53 examinations

49 679 309 52 conducted
387 677 151 52 from
565 677 155 66 May,
749 676 149 66 1927,
926 683 56 46 to
1009 677 333 64 November,
1371 679 151 62 1931,
1548 674 289 53 inclusive.
1899 674 138 52 New

51 755 176 66 York,
264 755 68 51 N.
372 755 90 65 Y.,
497 754 141 52 Pub.
679 752 95 53 for
805 753 96 52 the
936 752 305 53 American
1278 751 260 53 institute
1574 750 64 53 of
1674 755 365 49 accountants

48 831 73 69 by
150 830 307 54 American
484 830 261 53 institute
773 829 335 69 publishing
1135 847 63 34 co.,
1263 829 106 52 inc.
1406 862 13 33 [
1445 831 135 49 ᶜ1932
1585 862 11 32 ]

118 905 84 40 281
232 916 42 36 p.
334 904 144 40 18½ᶜᵐ.

55 972 52 52 ©
133 976 110 41 Feb.
269 975 68 48 25,
363 974 112 42 1932;
530 974 65 41 2c.
625 974 110 40 Feb.
762 973 82 48 29;
872 972 80 42 aff.
982 973 111 40 Feb,
1117 972 58 41 27;
1227 973 44 39 A
1294 971 143 42 49113;
1495 972 156 39 Amer.
1679 970 225 42 institute
1931 970 110 50 pub,

121 1043 81 37 co.,
230 1032 89 40 inc.
391 1030 248 50 (32-8131)

53 1135 441 54 Architectural
517 1135 208 63 league
751 1135 64 52 of
841 1135 147 52 New
1015 1133 179 56 York.

123 1210 1913 70 Year book … and catalogue of the forty-seventh annual
53 1287 1920 69 exhibition … Galleries of the American fine arts society …
52 1368 286 68 February
382 1369 474 68 twenty-seventh
890 1375 60 47 to
987 1369 201 52 March
1225 1368 249 67 twelfth,
1508 1368 291 54 inclusive.
1879 1369 158 67 [New

55 1446 176 68 York,
258 1447 242 52 Printed
524 1448 76 67 by
626 1444 296 70 Kalkhoff,
950 1450 148 50 Lent
1124 1451 45 50 &
1197 1444 185 70 Graff,
1408 1447 126 66 inc.]
1571 1450 150 52 1932.

126 1520 130 50 [102],
285 1520 200 40 109-174
515 1532 41 36 p.
616 1521 164 42 front.,
810 1521 127 39 illus.
997 1520 115 41 32ᶜᵐ.

57 1586 50 52 ©
133 1590 108 42 Feb.
265 1590 69 47 27,
359 1590 111 40 1932;
523 1590 67 43 2c.
617 1591 121 39 Mar.
762 1592 25 39 3;
842 1590 81 41 aff.
950 1591 110 47 Apr.
1087 1590 55 39 22;
1198 1591 39 38 A
1263 1589 169 47 50970;
1460 1591 214 40 Wallace
1701 1591 58 40 K.
1786 1588 255 50 Harrison,

124 1650 244 44 secretary
401 1647 50 40 of
483 1648 81 39 the
597 1647 360 40 Architectural
990 1649 168 45 league
1193 1647 51 41 of
1278 1648 115 38 New
1427 1648 142 47 York,
1605 1648 117 38 New
1755 1648 142 39 York.

54 1765 346 66 Arrington,
428 1766 163 54 Ruth
623 1765 243 65 Evelyn.

120 1842 433 54 Interrelations
591 1842 59 52 in
688 1843 97 52 the
820 1843 271 52 behavior
1129 1842 63 53 of
1229 1861 191 49 young
1457 1843 275 57 children,
1768 1844 76 66 by
1883 1844 158 52 Ruth

55 1919 1839 69 E, Arrington, PH. D . New York city. Teachers college,
52 1920 1965 129 Columbia
294 1996 334 68 university,
662 2001 148 49 1932.

54 2069 1971 105 xviii p., 1 l., 156 p. illus., diagrs. 23½ᶜᵐ. (Half-title: Child development monographs. Monograph no. 8)
55 2182 1969 97 “Part I constituted … [the author’s doctorate dissertation.’’—Foreword.
125 2293 1917 49 “Records of activities … were made … at the nursery school of the
55 2351 139 41 Child
221 2351 332 47 development
581 2349 225 40 institute
834 2350 50 39 of
913 2350 239 39 Teachers
1179 2351 191 47 college,
1390 2350 250 41 Columbia
1670 2351 376 48 university.”—

57 2408 195 46 Introd.,
282 2417 43 38 p.
355 2407 25 39 3.

461 2461 71 48 CONTENTS.—pt.
564 2468 33 33 I.
629 2462 41 39 A
704 2461 253 48 technique
990 2461 79 40 for
1101 2461 229 48 studying
1363 2463 82 38 the
1477 2462 163 48 social,
1675 2463 239 47 material,
1948 2464 95 39 and

56 2520 93 40 self
181 2521 308 45 components
524 2517 51 41 of
609 2518 282 39 undirected
925 2517 350 47 activity.—pt.
1353 2547 11 10 II.
1401 2518 163 48 Group
1597 2529 163 29 norms
1794 2521 95 38 and
58 2519 1970 96 individual

248 2575 286 40 differences
561 2574 49 39 in
639 2575 80 39 the
748 2574 163 47 social,
939 2573 240 48 material,
1198 2576 95 38 and
1322 2574 93 40 self
1443 2575 244 40 activities
1716 2576 51 40 of
1795 2577 249 46 preschool

57 2632 215 40 children.

61 2699 51 51 ©
143 2703 109 40 Jan.
282 2702 69 48 23,
383 2701 111 41 1932;
555 2702 68 40 2c.
655 2702 121 39 Mar.
806 2701 55 40 17;
922 2700 81 41 aff.
1036 2702 121 38 Mar.
1190 2701 57 40 18;
1305 2702 41 38 A
1378 2700 142 42 50155;
1583 2703 241 41 Teachers
1855 2704 189 48 college,

128 2759 246 40 Columbia
409 2758 281 48 university.
762 2757 249 48 (32-8130)

59 2860 1981 72 Atlantic digest. March, 1932, cumulative pamphlet … St.
127 2940 164 68 Paul,
315 2942 161 53 West
501 2939 335 69 publishing
862 2958 77 37 co.
975 2942 192 64 [ᶜ1932]

128 3014 85 40 148
244 3026 41 36 p.
346 3014 142 39 25½ᶜᵐ.

66 3080 51 52 ©
151 3086 120 38 Mar.
304 3084 68 43 30,
407 3083 111 41 1932;
581 3084 65 39 2c.
681 3085 94 38 and
808 3083 82 40 aff.
924 3083 112 47 Apr.
1071 3083 81 45 21;
1189 3084 39 38 A
1262 3083 169 46 50859;
1469 3085 133 40 West
1636 3086 106 47 pub.
1779 3096 66 31 co.

63 3199 207 68 Ayres,
298 3202 275 56 Clarence
602 3199 225 67 Edwin,
859 3206 171 51 1891-

130 3278 247 69 Huxley,
411 3280 76 66 by
523 3279 270 54 Clarence
829 3279 199 52 Ayres.
1104 3280 136 51 New
1281 3280 176 65 York,
1494 3282 88 52 W.
1618 3283 88 52 W.
1746 3284 220 51 Norton
2001 3287 45 50 &

63 3373 292 51 company,
381 3355 105 55 inc.
524 3360 190 64 [ᶜ1932]

132 3428 755 49 vii p., 1 l., 11-254 p. 21 ½ᶜᵐ .
134 3486 159 40 “First
320 3485 225 41 edition.”

133 3541 344 49 Bibliography:
538 3553 43 37 p.
610 3541 215 41 243-245.

70 3609 50 51 ©
149 3615 118 39 Mar.
294 3613 40 48 2,
361 3613 113 40 1932;
530 3613 66 43 2c.
625 3614 120 40 Mar.
773 3613 54 39 23;
883 3612 82 40 aff.
996 3614 118 38 Mar.
1144 3612 26 40 8;
1227 3612 39 39 A
1292 3612 142 41 49271;
1493 3615 70 39 W.
1592 3615 69 39 W.
1692 3616 183 40 Norton
1903 3617 35 39 &
1966 3629 76 35 co.,

135 3669 88 40 inc.
293 3670 248 46 (32-8176)

70 3769 278 68 Barbour,
376 3771 191 64 Ralph
595 3772 223 65 Henry,
851 3772 170 55 1870-

135 3848 1903 67 Pirates of the shoals, by Ralph Henry Barbour … New
68 3925 175 67 York,
272 3928 213 51 Farrar
511 3928 50 50 &
589 3925 280 53 Rinehart
942 3929 149 63 [ᶜ1932]
