<alto xmlns="http://www.loc.gov/standards/alto/ns-v3#" xmlns:xlink="http://www.w3.org/1999/xlink" xmlns:xsi="http://www.w3.org/2001/XMLSchema-instance" xsi:schemaLocation="http://www.loc.gov/standards/alto/ns-v3# http://www.loc.gov/alto/v3/alto-3-0.xsd"><Description>
<MeasurementUnit>pixel</MeasurementUnit>
<sourceImageInformation>
<fileName>1932_v29_part001.pdf</fileName>
</sourceImageInformation>
<OCRProcessing ID="IdOcr">
<ocrProcessingStep>
<processingDateTime>2019-04-25</processingDateTime>
<processingSoftware>
<softwareCreator>ABBYY</softwareCreator>
<softwareName>ABBYY Recognition Server</softwareName>
<softwareVersion>4.0</softwareVersion>
</processingSoftware>
</ocrProcessingStep>
</OCRProcessing>
</Description>
<Styles>
<ParagraphStyle ID="StyleId-FFFFFFFF-FFFF-FFFF-FFFF-FFFFFFFFFFFF-" ALIGN="Left" LEFT="0." RIGHT="0." FIRSTLINE="0."/>
<ParagraphStyle ID="StyleId-547D96D3-B2DE-4E86-A4BD-9DDFC275973A-" ALIGN="Left" LEFT="0." RIGHT="0." FIRSTLINE="0." LINESPACE="7.699999809"/>
<ParagraphStyle ID="StyleId-BE433B82-DF6F-491A-9872-F562FF4150C8-" ALIGN="Block" LEFT="0." RIGHT="0." FIRSTLINE="-13." LINESPACE="7.900000095"/>
<ParagraphStyle ID="StyleId-CC286467-50C5-4655-B0CF-BA365CCE0736-" ALIGN="Block" LEFT="0." RIGHT="0." FIRSTLINE="-15." LINESPACE="8.479999542"/>
<ParagraphStyle ID="StyleId-9878414D-BEDB-487D-971A-CF5ADB5C4AD2-" ALIGN="Block" LEFT="0." RIGHT="0." FIRSTLINE="-14." LINESPACE="10.92000008"/>
<ParagraphStyle ID="StyleId-EBC70DE5-3635-4BD4-B07B-05DF6EFE0022-" ALIGN="Block" LEFT="0." RIGHT="0." FIRSTLINE="-13." LINESPACE="12.19999981"/>
<ParagraphStyle ID="StyleId-8A688F83-F017-4D5D-A00A-14637016ED45-" ALIGN="Left" LEFT="0." RIGHT="0." FIRSTLINE="0." LINESPACE="9.399999619"/>
<ParagraphStyle ID="StyleId-20F0BBAE-20C6-42F4-8113-00B5C02924DC-" ALIGN="Left" LEFT="0." RIGHT="0." FIRSTLINE="0." LINESPACE="11.10000038"/>
<ParagraphStyle ID="StyleId-7AA70148-8873-4ACB-90AE-BF9322E02302-" ALIGN="Left" LEFT="0." RIGHT="0." FIRSTLINE="-13." LINESPACE="11.09000015"/>
<ParagraphStyle ID="StyleId-072EF7BA-7207-4F8B-9A7C-F564E8B4CB16-" ALIGN="Left" LEFT="0." RIGHT="0." FIRSTLINE="-14." LINESPACE="12.19999981"/>
<ParagraphStyle ID="StyleId-44303D12-21D7-4DB0-9E9F-87FA1A861DD7-" ALIGN="Block" LEFT="0." RIGHT="0." FIRSTLINE="-14." LINESPACE="10.92000008"/>
<ParagraphStyle ID="StyleId-43CF0D44-8AC2-4CD0-865F-942C78705184-" ALIGN="Block" LEFT="0." RIGHT="0." FIRSTLINE="-13." LINESPACE="12.19999981"/>
<ParagraphStyle ID="StyleId-7A298A86-29F5-413A-AEC9-078A4CC464D7-" ALIGN="Block" LEFT="0." RIGHT="0." FIRSTLINE="13." LINESPACE="12.19999981"/>
<ParagraphStyle ID="StyleId-8E4E86F7-C1F9-4A1A-B605-6B1FC1C8E9F7-" ALIGN="Left" LEFT="0." RIGHT="0." FIRSTLINE="0." LINESPACE="11.60000038"/>
<ParagraphStyle ID="StyleId-AB39791B-5ED1-444F-BEF5-2CFED1F2709A-" ALIGN="Left" LEFT="0." RIGHT="0." FIRSTLINE="-13." LINESPACE="11.09000015"/>
<ParagraphStyle ID="StyleId-C1F2EEE7-CD00-4E11-9EAD-B222287AEDA4-" ALIGN="Center" LEFT="0." RIGHT="0." FIRSTLINE="0." LINESPACE="11.10000038"/>
</Styles>
<Layout>
<Page ID="Page1939" PHYSICAL_IMG_NR="1939" HEIGHT="4368" WIDTH="2563">
<TopMargin HEIGHT="532" WIDTH="2563" VPOS="0" HPOS="0">
</TopMargin>
<LeftMargin HEIGHT="3696" WIDTH="110" VPOS="532" HPOS="0">
</LeftMargin>
<RightMargin HEIGHT="3696" WIDTH="427" VPOS="532" HPOS="2136">
</RightMargin>
<BottomMargin HEIGHT="140" WIDTH="2563" VPOS="4228" HPOS="0">
</BottomMargin>
<PrintSpace HEIGHT="3696" WIDTH="2026" VPOS="532" HPOS="110">
<TextBlock ID="Page1939_Block1" HEIGHT="70" WIDTH="152" VPOS="4158" HPOS="1034" LANG="en-US" STYLEREFS="StyleId-28AF40F7-7B47-41F7-A01D-AC8863D6C20B-">
<TextLine HEIGHT="49" WIDTH="132" VPOS="4169" HPOS="1044">
<String CONTENT="1939" HEIGHT="49" WIDTH="132" VPOS="4169" HPOS="1044"/>
</TextLine>
</TextBlock>
<TextBlock ID="Page1939_Block2" HEIGHT="3630" WIDTH="2026" VPOS="532" HPOS="110" LANG="en-US" CS="1" STYLEREFS="StyleId-CCEC0298-E07B-40BD-AF93-F9AF26904BE6-">
<TextLine HEIGHT="65" WIDTH="638" VPOS="542" HPOS="134" STYLEREFS="StyleId-28AF40F7-7B47-41F7-A01D-AC8863D6C20B-">
<String CONTENT="Gaer," HEIGHT="63" WIDTH="170" VPOS="543" HPOS="134"/>
<SP HEIGHT="63" WIDTH="25" VPOS="543" HPOS="305"/>
<String CONTENT="Joseph," HEIGHT="64" WIDTH="238" VPOS="543" HPOS="331"/>
<SP HEIGHT="60" WIDTH="31" VPOS="547" HPOS="570"/>
<String CONTENT="1897-" HEIGHT="54" WIDTH="170" VPOS="542" HPOS="602"/>
</TextLine>
<TextLine HEIGHT="70" WIDTH="1924" VPOS="616" HPOS="201" STYLEREFS="StyleId-28AF40F7-7B47-41F7-A01D-AC8863D6C20B-">
<String CONTENT="The" HEIGHT="52" WIDTH="122" VPOS="619" HPOS="201"/>
<SP HEIGHT="35" WIDTH="53" VPOS="636" HPOS="324"/>
<String CONTENT="unconquered;" HEIGHT="69" WIDTH="423" VPOS="617" HPOS="378"/>
<SP HEIGHT="49" WIDTH="58" VPOS="636" HPOS="802"/>
<String CONTENT="adapted" HEIGHT="69" WIDTH="249" VPOS="617" HPOS="861"/>
<SP HEIGHT="54" WIDTH="54" VPOS="616" HPOS="1111"/>
<String CONTENT="folklore" HEIGHT="53" WIDTH="248" VPOS="616" HPOS="1166"/>
<SP HEIGHT="51" WIDTH="53" VPOS="617" HPOS="1415"/>
<String CONTENT="legends," HEIGHT="69" WIDTH="250" VPOS="616" HPOS="1469"/>
<SP HEIGHT="67" WIDTH="55" VPOS="617" HPOS="1720"/>
<String CONTENT="by" HEIGHT="68" WIDTH="76" VPOS="617" HPOS="1776"/>
<SP HEIGHT="69" WIDTH="55" VPOS="616" HPOS="1853"/>
<String CONTENT="Joseph" HEIGHT="68" WIDTH="216" VPOS="616" HPOS="1909"/>
</TextLine>
<TextLine HEIGHT="69" WIDTH="1992" VPOS="693" HPOS="132" STYLEREFS="StyleId-28AF40F7-7B47-41F7-A01D-AC8863D6C20B-">
<String CONTENT="Gaer;" HEIGHT="67" WIDTH="176" VPOS="695" HPOS="132"/>
<SP HEIGHT="67" WIDTH="41" VPOS="695" HPOS="309"/>
<String CONTENT="illustrated" HEIGHT="52" WIDTH="326" VPOS="695" HPOS="351"/>
<SP HEIGHT="52" WIDTH="36" VPOS="695" HPOS="678"/>
<String CONTENT="by" HEIGHT="67" WIDTH="76" VPOS="695" HPOS="715"/>
<SP HEIGHT="68" WIDTH="38" VPOS="694" HPOS="792"/>
<String CONTENT="Aaron" HEIGHT="52" WIDTH="198" VPOS="694" HPOS="831"/>
<SP HEIGHT="53" WIDTH="38" VPOS="694" HPOS="1030"/>
<String CONTENT="J." HEIGHT="53" WIDTH="56" VPOS="694" HPOS="1069"/>
<SP HEIGHT="54" WIDTH="39" VPOS="693" HPOS="1126"/>
<String CONTENT="Goodelman." HEIGHT="54" WIDTH="370" VPOS="693" HPOS="1166"/>
<SP HEIGHT="54" WIDTH="76" VPOS="693" HPOS="1537"/>
<String CONTENT="Cincinnati," HEIGHT="68" WIDTH="348" VPOS="693" HPOS="1614"/>
<SP HEIGHT="67" WIDTH="39" VPOS="694" HPOS="1963"/>
<String CONTENT="The" HEIGHT="52" WIDTH="121" VPOS="694" HPOS="2003"/>
</TextLine>
<TextLine HEIGHT="69" WIDTH="573" VPOS="771" HPOS="133" STYLEREFS="StyleId-28AF40F7-7B47-41F7-A01D-AC8863D6C20B-" CS="1">
<String CONTENT="Sinai" HEIGHT="56" WIDTH="161" VPOS="771" HPOS="133"/>
<SP HEIGHT="68" WIDTH="27" VPOS="772" HPOS="295"/>
<String CONTENT="press" HEIGHT="50" WIDTH="158" VPOS="790" HPOS="323"/>
<SP/>
<String CS="1" CONTENT="[&#7580;1932]" HEIGHT="66" WIDTH="83" VPOS="773" HPOS="623"/>
</TextLine>
<TextLine HEIGHT="50" WIDTH="888" VPOS="842" HPOS="204" CS="1">
<String CONTENT="xii," HEIGHT="46" WIDTH="84" VPOS="845" HPOS="204"/>
<SP HEIGHT="46" WIDTH="23" VPOS="845" HPOS="289"/>
<String CONTENT="359" HEIGHT="40" WIDTH="86" VPOS="845" HPOS="313"/>
<SP HEIGHT="47" WIDTH="24" VPOS="845" HPOS="400"/>
<String CONTENT="p." HEIGHT="38" WIDTH="45" VPOS="854" HPOS="425"/>
<SP HEIGHT="41" WIDTH="25" VPOS="844" HPOS="471"/>
<String CONTENT="incl." HEIGHT="41" WIDTH="109" VPOS="844" HPOS="497"/>
<SP HEIGHT="41" WIDTH="27" VPOS="844" HPOS="607"/>
<String CONTENT="illus.," HEIGHT="48" WIDTH="142" VPOS="844" HPOS="635"/>
<SP HEIGHT="38" WIDTH="27" VPOS="854" HPOS="778"/>
<String CONTENT="plates." HEIGHT="48" WIDTH="172" VPOS="844" HPOS="806"/>
<SP HEIGHT="42" WIDTH="56" VPOS="842" HPOS="979"/>
<String CS="1" CONTENT="21&#189;" HEIGHT="40" WIDTH="56" VPOS="842" HPOS="1036"/>
<String STYLE="superscript" CS="1" CONTENT="&#7580;&#7504;."/>
</TextLine>
<TextLine HEIGHT="50" WIDTH="1243" VPOS="898" HPOS="203">
<String CONTENT="Descriptive" HEIGHT="47" WIDTH="303" VPOS="901" HPOS="203"/>
<SP HEIGHT="39" WIDTH="23" VPOS="901" HPOS="507"/>
<String CONTENT="letterpress" HEIGHT="46" WIDTH="283" VPOS="901" HPOS="531"/>
<SP HEIGHT="30" WIDTH="26" VPOS="910" HPOS="815"/>
<String CONTENT="on" HEIGHT="28" WIDTH="60" VPOS="912" HPOS="842"/>
<SP HEIGHT="29" WIDTH="28" VPOS="911" HPOS="903"/>
<String CONTENT="recto" HEIGHT="39" WIDTH="129" VPOS="901" HPOS="932"/>
<SP HEIGHT="28" WIDTH="26" VPOS="912" HPOS="1062"/>
<String CONTENT="of" HEIGHT="41" WIDTH="52" VPOS="899" HPOS="1089"/>
<SP HEIGHT="41" WIDTH="22" VPOS="899" HPOS="1142"/>
<String CONTENT="the" HEIGHT="40" WIDTH="81" VPOS="900" HPOS="1165"/>
<SP HEIGHT="38" WIDTH="26" VPOS="909" HPOS="1247"/>
<String CONTENT="plates." HEIGHT="49" WIDTH="172" VPOS="898" HPOS="1274"/>
</TextLine>
<TextLine HEIGHT="52" WIDTH="1992" VPOS="968" HPOS="134" CS="1">
<String CONTENT="&#169;" HEIGHT="52" WIDTH="52" VPOS="968" HPOS="134"/>
<SP HEIGHT="52" WIDTH="33" VPOS="968" HPOS="187"/>
<String CONTENT="Sept." HEIGHT="47" WIDTH="127" VPOS="973" HPOS="221"/>
<SP HEIGHT="40" WIDTH="29" VPOS="973" HPOS="349"/>
<String CONTENT="16," HEIGHT="46" WIDTH="69" VPOS="972" HPOS="379"/>
<SP HEIGHT="45" WIDTH="30" VPOS="973" HPOS="449"/>
<String CS="1" CONTENT="1932;" HEIGHT="40" WIDTH="113" VPOS="972" HPOS="480"/>
<SP HEIGHT="46" WIDTH="31" VPOS="972" HPOS="622"/>
<String CONTENT="2c." HEIGHT="40" WIDTH="66" VPOS="972" HPOS="654"/>
<SP HEIGHT="40" WIDTH="35" VPOS="971" HPOS="721"/>
<String CONTENT="Sept." HEIGHT="48" WIDTH="128" VPOS="971" HPOS="757"/>
<SP HEIGHT="41" WIDTH="29" VPOS="971" HPOS="886"/>
<String CONTENT="26;" HEIGHT="47" WIDTH="82" VPOS="971" HPOS="916"/>
<SP HEIGHT="36" WIDTH="33" VPOS="982" HPOS="999"/>
<String CONTENT="aff." HEIGHT="40" WIDTH="83" VPOS="971" HPOS="1033"/>
<SP HEIGHT="39" WIDTH="29" VPOS="972" HPOS="1117"/>
<String CONTENT="Nov." HEIGHT="39" WIDTH="118" VPOS="972" HPOS="1147"/>
<SP HEIGHT="41" WIDTH="29" VPOS="970" HPOS="1266"/>
<String CONTENT="29;" HEIGHT="48" WIDTH="83" VPOS="970" HPOS="1296"/>
<SP HEIGHT="46" WIDTH="31" VPOS="972" HPOS="1380"/>
<!-- cceid 11232AF2-6D7D-1014-B4A5-D7A31D17AB40 --><String CONTENT="A" HEIGHT="39" WIDTH="44" VPOS="972" HPOS="1412"/>
<SP HEIGHT="40" WIDTH="27" VPOS="971" HPOS="1457"/>
<String CONTENT="58287;" HEIGHT="48" WIDTH="171" VPOS="971" HPOS="1485"/>
<SP HEIGHT="47" WIDTH="34" VPOS="972" HPOS="1657"/>
<String CONTENT="Union" HEIGHT="42" WIDTH="159" VPOS="969" HPOS="1692"/>
<SP HEIGHT="29" WIDTH="31" VPOS="982" HPOS="1852"/>
<String CONTENT="of" HEIGHT="40" WIDTH="51" VPOS="971" HPOS="1884"/>
<SP HEIGHT="39" WIDTH="29" VPOS="971" HPOS="1936"/>
<String LANG="fr" CONTENT="Amer." HEIGHT="40" WIDTH="160" VPOS="971" HPOS="1966"/>
</TextLine>
<TextLine HEIGHT="49" WIDTH="940" VPOS="1028" HPOS="201">
<String CONTENT="Hebrew" HEIGHT="39" WIDTH="206" VPOS="1030" HPOS="201"/>
<SP HEIGHT="29" WIDTH="31" VPOS="1040" HPOS="408"/>
<String CONTENT="congregations." HEIGHT="49" WIDTH="380" VPOS="1028" HPOS="440"/>
<SP HEIGHT="47" WIDTH="69" VPOS="1029" HPOS="821"/>
<String CONTENT="(33-1340)" HEIGHT="48" WIDTH="250" VPOS="1028" HPOS="891"/>
</TextLine>
<TextLine HEIGHT="66" WIDTH="930" VPOS="1130" HPOS="130" STYLEREFS="StyleId-28AF40F7-7B47-41F7-A01D-AC8863D6C20B-">
<String CONTENT="Gilmore," HEIGHT="66" WIDTH="273" VPOS="1130" HPOS="130"/>
<SP HEIGHT="64" WIDTH="29" VPOS="1132" HPOS="404"/>
<String CONTENT="Albert" HEIGHT="54" WIDTH="210" VPOS="1131" HPOS="434"/>
<SP HEIGHT="52" WIDTH="30" VPOS="1133" HPOS="645"/>
<String CONTENT="Field," HEIGHT="66" WIDTH="179" VPOS="1130" HPOS="676"/>
<SP HEIGHT="58" WIDTH="32" VPOS="1138" HPOS="856"/>
<String CONTENT="1868-" HEIGHT="50" WIDTH="171" VPOS="1136" HPOS="889"/>
</TextLine>
<TextLine HEIGHT="71" WIDTH="1919" VPOS="1205" HPOS="201" STYLEREFS="StyleId-28AF40F7-7B47-41F7-A01D-AC8863D6C20B-">
<String CONTENT="Yes," HEIGHT="70" WIDTH="130" VPOS="1206" HPOS="201"/>
<SP HEIGHT="68" WIDTH="38" VPOS="1208" HPOS="332"/>
<String CONTENT="&#8217;tis" HEIGHT="53" WIDTH="89" VPOS="1208" HPOS="371"/>
<SP HEIGHT="35" WIDTH="34" VPOS="1226" HPOS="461"/>
<String CONTENT="round;" HEIGHT="68" WIDTH="211" VPOS="1206" HPOS="496"/>
<SP HEIGHT="60" WIDTH="38" VPOS="1214" HPOS="708"/>
<String CONTENT="the" HEIGHT="54" WIDTH="95" VPOS="1208" HPOS="747"/>
<SP HEIGHT="56" WIDTH="36" VPOS="1206" HPOS="843"/>
<String CONTENT="log" HEIGHT="70" WIDTH="95" VPOS="1206" HPOS="880"/>
<SP HEIGHT="51" WIDTH="34" VPOS="1225" HPOS="976"/>
<String CONTENT="of" HEIGHT="53" WIDTH="63" VPOS="1207" HPOS="1011"/>
<SP HEIGHT="54" WIDTH="35" VPOS="1207" HPOS="1075"/>
<String CONTENT="a" HEIGHT="33" WIDTH="30" VPOS="1228" HPOS="1111"/>
<SP HEIGHT="54" WIDTH="38" VPOS="1207" HPOS="1142"/>
<String CONTENT="far" HEIGHT="54" WIDTH="93" VPOS="1207" HPOS="1181"/>
<SP HEIGHT="70" WIDTH="34" VPOS="1205" HPOS="1275"/>
<String CONTENT="journey," HEIGHT="71" WIDTH="257" VPOS="1205" HPOS="1310"/>
<SP HEIGHT="69" WIDTH="34" VPOS="1206" HPOS="1568"/>
<String CONTENT="by" HEIGHT="69" WIDTH="75" VPOS="1206" HPOS="1603"/>
<SP HEIGHT="69" WIDTH="36" VPOS="1206" HPOS="1679"/>
<String CONTENT="Albert" HEIGHT="54" WIDTH="204" VPOS="1206" HPOS="1716"/>
<SP HEIGHT="51" WIDTH="36" VPOS="1207" HPOS="1921"/>
<String CONTENT="Field" HEIGHT="54" WIDTH="162" VPOS="1205" HPOS="1958"/>
</TextLine>
<TextLine HEIGHT="70" WIDTH="1891" VPOS="1283" HPOS="130" STYLEREFS="StyleId-28AF40F7-7B47-41F7-A01D-AC8863D6C20B-" CS="1">
<String CONTENT="Gilmore" HEIGHT="56" WIDTH="252" VPOS="1283" HPOS="130"/>
<SP HEIGHT="35" WIDTH="35" VPOS="1303" HPOS="383"/>
<String CS="1" CONTENT="&#8230;"/>
<SP HEIGHT="53" WIDTH="69" VPOS="1285" HPOS="476"/>
<String CONTENT="Boston," HEIGHT="68" WIDTH="232" VPOS="1285" HPOS="546"/>
<SP HEIGHT="69" WIDTH="29" VPOS="1284" HPOS="779"/>
<String CONTENT="Mass.," HEIGHT="68" WIDTH="189" VPOS="1284" HPOS="809"/>
<SP HEIGHT="68" WIDTH="28" VPOS="1284" HPOS="999"/>
<String CONTENT="The" HEIGHT="52" WIDTH="121" VPOS="1284" HPOS="1028"/>
<SP HEIGHT="54" WIDTH="30" VPOS="1284" HPOS="1150"/>
<String CONTENT="Stratford" HEIGHT="54" WIDTH="299" VPOS="1284" HPOS="1181"/>
<SP HEIGHT="52" WIDTH="29" VPOS="1284" HPOS="1481"/>
<String CONTENT="company" HEIGHT="51" WIDTH="277" VPOS="1302" HPOS="1511"/>
<SP HEIGHT="51" WIDTH="38" VPOS="1302" HPOS="1789"/>
<String STYLE="subscript" CONTENT="[" HEIGHT="34" WIDTH="14" VPOS="1318" HPOS="1828"/>
<String STYLE="superscript" CS="1" CONTENT="&#7580;19"/>
<String CONTENT="32" HEIGHT="50" WIDTH="66" VPOS="1286" HPOS="1937"/>
<String STYLE="subscript" CONTENT="]" HEIGHT="35" WIDTH="13" VPOS="1316" HPOS="2008"/>
</TextLine>
<TextLine HEIGHT="51" WIDTH="954" VPOS="1355" HPOS="196" CS="1">
<String CONTENT="2" HEIGHT="40" WIDTH="27" VPOS="1355" HPOS="196"/>
<SP/>
<String LANG="fr" CONTENT="p." HEIGHT="37" WIDTH="45" VPOS="1367" HPOS="249"/>
<SP HEIGHT="40" WIDTH="24" VPOS="1356" HPOS="295"/>
<String CS="1" CONTENT="l.,"/>
<SP HEIGHT="37" WIDTH="25" VPOS="1366" HPOS="365"/>
<String CS="1" CONTENT="v," HEIGHT="17" WIDTH="9" VPOS="1386" HPOS="425"/>
<SP HEIGHT="47" WIDTH="25" VPOS="1356" HPOS="435"/>
<String CONTENT="393" HEIGHT="41" WIDTH="85" VPOS="1355" HPOS="461"/>
<SP HEIGHT="49" WIDTH="25" VPOS="1355" HPOS="547"/>
<String CONTENT="p." HEIGHT="37" WIDTH="44" VPOS="1367" HPOS="573"/>
<SP HEIGHT="40" WIDTH="54" VPOS="1357" HPOS="618"/>
<String CONTENT="front.," HEIGHT="49" WIDTH="165" VPOS="1357" HPOS="673"/>
<SP HEIGHT="39" WIDTH="27" VPOS="1367" HPOS="839"/>
<String CONTENT="plates." HEIGHT="46" WIDTH="171" VPOS="1359" HPOS="867"/>
<SP HEIGHT="40" WIDTH="53" VPOS="1356" HPOS="1039"/>
<String CS="1" CONTENT="22&#189;" HEIGHT="40" WIDTH="57" VPOS="1356" HPOS="1093"/>
<String STYLE="superscript" CS="1" CONTENT="&#7580;&#7504;."/>
</TextLine>
<TextLine HEIGHT="49" WIDTH="619" VPOS="1412" HPOS="198">
<String CONTENT="Maps" HEIGHT="47" WIDTH="141" VPOS="1413" HPOS="198"/>
<SP HEIGHT="30" WIDTH="25" VPOS="1423" HPOS="340"/>
<String CONTENT="on" HEIGHT="29" WIDTH="61" VPOS="1423" HPOS="366"/>
<SP HEIGHT="39" WIDTH="25" VPOS="1412" HPOS="428"/>
<String CONTENT="lining-papers." HEIGHT="49" WIDTH="363" VPOS="1412" HPOS="454"/>
</TextLine>
<TextLine HEIGHT="50" WIDTH="1921" VPOS="1468" HPOS="200">
<String CONTENT="&#8220;A" HEIGHT="39" WIDTH="69" VPOS="1469" HPOS="200"/>
<SP HEIGHT="39" WIDTH="22" VPOS="1469" HPOS="270"/>
<String CONTENT="record" HEIGHT="39" WIDTH="167" VPOS="1470" HPOS="293"/>
<SP HEIGHT="39" WIDTH="25" VPOS="1470" HPOS="461"/>
<String CONTENT="of" HEIGHT="40" WIDTH="52" VPOS="1469" HPOS="487"/>
<SP HEIGHT="39" WIDTH="23" VPOS="1469" HPOS="540"/>
<String CONTENT="impressions" HEIGHT="49" WIDTH="314" VPOS="1468" HPOS="564"/>
<SP HEIGHT="38" WIDTH="21" VPOS="1479" HPOS="879"/>
<String CONTENT="gathered" HEIGHT="47" WIDTH="234" VPOS="1470" HPOS="901"/>
<SP HEIGHT="39" WIDTH="23" VPOS="1470" HPOS="1136"/>
<String CONTENT="from" HEIGHT="39" WIDTH="128" VPOS="1470" HPOS="1160"/>
<SP HEIGHT="29" WIDTH="26" VPOS="1481" HPOS="1289"/>
<String CONTENT="a" HEIGHT="29" WIDTH="27" VPOS="1481" HPOS="1316"/>
<SP HEIGHT="29" WIDTH="26" VPOS="1481" HPOS="1344"/>
<String CONTENT="rather" HEIGHT="39" WIDTH="168" VPOS="1471" HPOS="1371"/>
<SP HEIGHT="37" WIDTH="22" VPOS="1472" HPOS="1540"/>
<String CONTENT="long" HEIGHT="46" WIDTH="113" VPOS="1472" HPOS="1563"/>
<SP HEIGHT="48" WIDTH="23" VPOS="1470" HPOS="1677"/>
<String CONTENT="journey" HEIGHT="48" WIDTH="204" VPOS="1470" HPOS="1701"/>
<SP HEIGHT="37" WIDTH="25" VPOS="1481" HPOS="1906"/>
<String CONTENT="around" HEIGHT="40" WIDTH="189" VPOS="1471" HPOS="1932"/>
</TextLine>
<TextLine HEIGHT="48" WIDTH="1453" VPOS="1525" HPOS="127" CS="1">
<String CONTENT="the" HEIGHT="39" WIDTH="83" VPOS="1527" HPOS="127"/>
<SP HEIGHT="29" WIDTH="29" VPOS="1536" HPOS="211"/>
<String CONTENT="world" HEIGHT="40" WIDTH="153" VPOS="1526" HPOS="241"/>
<SP HEIGHT="40" WIDTH="31" VPOS="1526" HPOS="395"/>
<String CS="1" CONTENT="&#8230;"/>
<SP HEIGHT="39" WIDTH="31" VPOS="1526" HPOS="474"/>
<String CONTENT="during" HEIGHT="48" WIDTH="178" VPOS="1525" HPOS="506"/>
<SP HEIGHT="46" WIDTH="26" VPOS="1527" HPOS="685"/>
<String CONTENT="the" HEIGHT="39" WIDTH="83" VPOS="1527" HPOS="712"/>
<SP HEIGHT="37" WIDTH="27" VPOS="1536" HPOS="796"/>
<String CONTENT="years" HEIGHT="38" WIDTH="142" VPOS="1535" HPOS="824"/>
<SP HEIGHT="40" WIDTH="29" VPOS="1526" HPOS="967"/>
<String CONTENT="1931-32.&#8221;&#8212;Foreword." HEIGHT="42" WIDTH="583" VPOS="1525" HPOS="997"/>
</TextLine>
<TextLine HEIGHT="98" WIDTH="1976" VPOS="1581" HPOS="127" CS="1">
<String CONTENT="&#8220;Several" HEIGHT="41" WIDTH="226" VPOS="1581" HPOS="199"/>
<SP HEIGHT="38" WIDTH="23" VPOS="1584" HPOS="426"/>
<String CONTENT="of" HEIGHT="40" WIDTH="52" VPOS="1582" HPOS="450"/>
<SP HEIGHT="39" WIDTH="23" VPOS="1582" HPOS="503"/>
<String CONTENT="the" HEIGHT="40" WIDTH="82" VPOS="1582" HPOS="527"/>
<SP HEIGHT="30" WIDTH="22" VPOS="1592" HPOS="610"/>
<String CONTENT="chapters" HEIGHT="46" WIDTH="225" VPOS="1583" HPOS="633"/>
<SP HEIGHT="38" WIDTH="24" VPOS="1583" HPOS="859"/>
<String CONTENT="have" HEIGHT="39" WIDTH="125" VPOS="1583" HPOS="884"/>
<SP HEIGHT="30" WIDTH="20" VPOS="1592" HPOS="1010"/>
<String CONTENT="appeared" HEIGHT="47" WIDTH="242" VPOS="1583" HPOS="1031"/>
<SP HEIGHT="41" WIDTH="24" VPOS="1581" HPOS="1274"/>
<String CONTENT="in" HEIGHT="40" WIDTH="50" VPOS="1581" HPOS="1299"/>
<SP HEIGHT="38" WIDTH="23" VPOS="1584" HPOS="1350"/>
<String CONTENT="the" HEIGHT="39" WIDTH="82" VPOS="1583" HPOS="1374"/>
<SP HEIGHT="40" WIDTH="25" VPOS="1583" HPOS="1457"/>
<String CONTENT="Christian" HEIGHT="41" WIDTH="251" VPOS="1582" HPOS="1483"/>
<SP HEIGHT="30" WIDTH="25" VPOS="1594" HPOS="1735"/>
<String CONTENT="science" HEIGHT="42" WIDTH="186" VPOS="1582" HPOS="1761"/>
<SP HEIGHT="29" WIDTH="24" VPOS="1594" HPOS="1948"/>
<String CONTENT="monitor.&#8221;&#8212;Foreword." HEIGHT="98" WIDTH="1976" VPOS="1581" HPOS="127"/>
</TextLine>
<TextLine HEIGHT="52" WIDTH="1992" VPOS="1701" HPOS="132" CS="1">
<String CONTENT="&#169;" HEIGHT="52" WIDTH="52" VPOS="1701" HPOS="132"/>
<SP HEIGHT="52" WIDTH="24" VPOS="1701" HPOS="185"/>
<String CONTENT="Dec." HEIGHT="39" WIDTH="112" VPOS="1707" HPOS="210"/>
<SP HEIGHT="40" WIDTH="23" VPOS="1706" HPOS="323"/>
<String CONTENT="15," HEIGHT="47" WIDTH="68" VPOS="1705" HPOS="347"/>
<SP HEIGHT="46" WIDTH="24" VPOS="1706" HPOS="416"/>
<String CS="1" CONTENT="1932;" HEIGHT="42" WIDTH="112" VPOS="1703" HPOS="441"/>
<SP HEIGHT="48" WIDTH="24" VPOS="1704" HPOS="582"/>
<String CONTENT="2c." HEIGHT="40" WIDTH="66" VPOS="1704" HPOS="607"/>
<SP HEIGHT="39" WIDTH="25" VPOS="1705" HPOS="674"/>
<String CONTENT="Dec." HEIGHT="38" WIDTH="109" VPOS="1705" HPOS="700"/>
<SP HEIGHT="37" WIDTH="27" VPOS="1705" HPOS="810"/>
<String CS="1" CONTENT="17;" HEIGHT="39" WIDTH="54" VPOS="1705" HPOS="838"/>
<SP HEIGHT="36" WIDTH="27" VPOS="1714" HPOS="920"/>
<String CONTENT="aff." HEIGHT="40" WIDTH="81" VPOS="1703" HPOS="948"/>
<SP HEIGHT="38" WIDTH="25" VPOS="1705" HPOS="1030"/>
<String CONTENT="Dec." HEIGHT="38" WIDTH="110" VPOS="1705" HPOS="1056"/>
<SP HEIGHT="39" WIDTH="25" VPOS="1703" HPOS="1167"/>
<String CS="1" CONTENT="29;" HEIGHT="40" WIDTH="59" VPOS="1703" HPOS="1193"/>
<SP HEIGHT="47" WIDTH="29" VPOS="1704" HPOS="1275"/>
<!-- cceid 1123310E-6D7D-1014-B4A5-D7A31D17AB40 --><String CONTENT="A" HEIGHT="39" WIDTH="41" VPOS="1704" HPOS="1305"/>
<SP HEIGHT="39" WIDTH="24" VPOS="1704" HPOS="1347"/>
<String CS="1" CONTENT="58599;" HEIGHT="41" WIDTH="146" VPOS="1703" HPOS="1372"/>
<SP HEIGHT="46" WIDTH="31" VPOS="1705" HPOS="1543"/>
<String CONTENT="Stratford" HEIGHT="41" WIDTH="249" VPOS="1704" HPOS="1575"/>
<SP HEIGHT="38" WIDTH="26" VPOS="1706" HPOS="1825"/>
<String CONTENT="co.," HEIGHT="36" WIDTH="81" VPOS="1714" HPOS="1852"/>
<SP HEIGHT="37" WIDTH="26" VPOS="1715" HPOS="1934"/>
<String CONTENT="pubrs." HEIGHT="48" WIDTH="163" VPOS="1704" HPOS="1961"/>
</TextLine>
<TextLine HEIGHT="49" WIDTH="250" VPOS="1760" HPOS="209">
<String CONTENT="(33-1292)" HEIGHT="49" WIDTH="250" VPOS="1760" HPOS="209"/>
</TextLine>
<TextLine HEIGHT="66" WIDTH="1009" VPOS="1863" HPOS="128" STYLEREFS="StyleId-28AF40F7-7B47-41F7-A01D-AC8863D6C20B-">
<String CONTENT="Gregg," HEIGHT="65" WIDTH="215" VPOS="1863" HPOS="128"/>
<SP HEIGHT="64" WIDTH="27" VPOS="1864" HPOS="344"/>
<String CONTENT="James" HEIGHT="54" WIDTH="202" VPOS="1864" HPOS="372"/>
<SP HEIGHT="54" WIDTH="26" VPOS="1864" HPOS="575"/>
<String CONTENT="Lawrence," HEIGHT="65" WIDTH="333" VPOS="1864" HPOS="602"/>
<SP HEIGHT="59" WIDTH="30" VPOS="1870" HPOS="936"/>
<String CONTENT="1899-" HEIGHT="50" WIDTH="170" VPOS="1869" HPOS="967"/>
</TextLine>
<TextLine HEIGHT="70" WIDTH="1927" VPOS="1938" HPOS="195" STYLEREFS="StyleId-28AF40F7-7B47-41F7-A01D-AC8863D6C20B-" CS="1">
<String CONTENT="The" HEIGHT="54" WIDTH="120" VPOS="1940" HPOS="195"/>
<SP HEIGHT="36" WIDTH="29" VPOS="1958" HPOS="316"/>
<String CONTENT="alloys" HEIGHT="68" WIDTH="181" VPOS="1940" HPOS="346"/>
<SP HEIGHT="35" WIDTH="27" VPOS="1959" HPOS="528"/>
<String CONTENT="of" HEIGHT="53" WIDTH="62" VPOS="1940" HPOS="556"/>
<SP HEIGHT="53" WIDTH="27" VPOS="1939" HPOS="619"/>
<String CONTENT="iron" HEIGHT="56" WIDTH="126" VPOS="1939" HPOS="647"/>
<SP HEIGHT="35" WIDTH="30" VPOS="1958" HPOS="774"/>
<String CONTENT="and" HEIGHT="53" WIDTH="112" VPOS="1940" HPOS="805"/>
<SP HEIGHT="54" WIDTH="25" VPOS="1940" HPOS="918"/>
<String CONTENT="molybdenum," HEIGHT="69" WIDTH="418" VPOS="1939" HPOS="944"/>
<SP HEIGHT="69" WIDTH="27" VPOS="1939" HPOS="1363"/>
<String CONTENT="by" HEIGHT="69" WIDTH="75" VPOS="1939" HPOS="1391"/>
<SP HEIGHT="69" WIDTH="29" VPOS="1939" HPOS="1467"/>
<String CONTENT="J." HEIGHT="54" WIDTH="55" VPOS="1939" HPOS="1497"/>
<SP HEIGHT="53" WIDTH="29" VPOS="1939" HPOS="1553"/>
<String CONTENT="L." HEIGHT="52" WIDTH="64" VPOS="1939" HPOS="1583"/>
<SP HEIGHT="55" WIDTH="32" VPOS="1938" HPOS="1648"/>
<String CONTENT="Gregg" HEIGHT="69" WIDTH="195" VPOS="1938" HPOS="1681"/>
<SP HEIGHT="51" WIDTH="33" VPOS="1956" HPOS="1877"/>
<String CS="1" CONTENT="&#8230;"/>
<SP HEIGHT="51" WIDTH="70" VPOS="1942" HPOS="1968"/>
<String CONTENT="1st" HEIGHT="50" WIDTH="83" VPOS="1942" HPOS="2039"/>
</TextLine>
<TextLine HEIGHT="147" WIDTH="1973" VPOS="2015" HPOS="124" STYLEREFS="StyleId-28AF40F7-7B47-41F7-A01D-AC8863D6C20B-" CS="1">
<String CONTENT="ed." HEIGHT="54" WIDTH="84" VPOS="2017" HPOS="125"/>
<SP HEIGHT="55" WIDTH="60" VPOS="2016" HPOS="210"/>
<String CONTENT="New" HEIGHT="54" WIDTH="137" VPOS="2016" HPOS="271"/>
<SP HEIGHT="52" WIDTH="27" VPOS="2017" HPOS="409"/>
<String CONTENT="York" HEIGHT="53" WIDTH="161" VPOS="2016" HPOS="437"/>
<SP HEIGHT="54" WIDTH="23" VPOS="2016" HPOS="599"/>
<String CONTENT="and" HEIGHT="53" WIDTH="113" VPOS="2017" HPOS="623"/>
<SP HEIGHT="52" WIDTH="23" VPOS="2017" HPOS="737"/>
<String CONTENT="London," HEIGHT="68" WIDTH="257" VPOS="2017" HPOS="761"/>
<SP HEIGHT="68" WIDTH="25" VPOS="2017" HPOS="1019"/>
<String CONTENT="Pub." HEIGHT="53" WIDTH="141" VPOS="2016" HPOS="1045"/>
<SP HEIGHT="53" WIDTH="29" VPOS="2016" HPOS="1187"/>
<String CONTENT="for" HEIGHT="53" WIDTH="91" VPOS="2016" HPOS="1217"/>
<SP HEIGHT="48" WIDTH="25" VPOS="2022" HPOS="1309"/>
<String CONTENT="the" HEIGHT="55" WIDTH="95" VPOS="2015" HPOS="1335"/>
<SP HEIGHT="54" WIDTH="28" VPOS="2016" HPOS="1431"/>
<String CONTENT="Engineering" HEIGHT="69" WIDTH="391" VPOS="2016" HPOS="1460"/>
<SP HEIGHT="69" WIDTH="26" VPOS="2016" HPOS="1852"/>
<String CONTENT="foundation" HEIGHT="132" WIDTH="1973" VPOS="2016" HPOS="124"/>
<SP HEIGHT="53" WIDTH="29" VPOS="2094" HPOS="246"/>
<String CONTENT="by" HEIGHT="68" WIDTH="76" VPOS="2094" HPOS="276"/>
<SP HEIGHT="68" WIDTH="29" VPOS="2094" HPOS="353"/>
<String CONTENT="McGraw-Hill" HEIGHT="55" WIDTH="426" VPOS="2093" HPOS="383"/>
<SP HEIGHT="52" WIDTH="31" VPOS="2094" HPOS="810"/>
<String CONTENT="book" HEIGHT="52" WIDTH="145" VPOS="2094" HPOS="842"/>
<SP HEIGHT="52" WIDTH="33" VPOS="2094" HPOS="988"/>
<String CONTENT="company," HEIGHT="50" WIDTH="294" VPOS="2112" HPOS="1022"/>
<SP HEIGHT="70" WIDTH="31" VPOS="2091" HPOS="1317"/>
<String CONTENT="inc.," HEIGHT="70" WIDTH="126" VPOS="2091" HPOS="1349"/>
<SP HEIGHT="64" WIDTH="34" VPOS="2097" HPOS="1476"/>
<String CONTENT="1932." HEIGHT="52" WIDTH="151" VPOS="2096" HPOS="1511"/>
</TextLine>
<TextLine HEIGHT="51" WIDTH="1924" VPOS="2165" HPOS="193" CS="1">
<String CONTENT="xii," HEIGHT="49" WIDTH="84" VPOS="2165" HPOS="193"/>
<SP HEIGHT="49" WIDTH="27" VPOS="2165" HPOS="278"/>
<String CONTENT="507" HEIGHT="41" WIDTH="85" VPOS="2165" HPOS="306"/>
<SP HEIGHT="48" WIDTH="24" VPOS="2166" HPOS="392"/>
<String CONTENT="p." HEIGHT="38" WIDTH="43" VPOS="2176" HPOS="417"/>
<SP HEIGHT="40" WIDTH="55" VPOS="2165" HPOS="461"/>
<String CONTENT="illus.," HEIGHT="49" WIDTH="143" VPOS="2165" HPOS="517"/>
<SP HEIGHT="47" WIDTH="27" VPOS="2167" HPOS="661"/>
<String CONTENT="diagrs." HEIGHT="47" WIDTH="179" VPOS="2166" HPOS="689"/>
<SP HEIGHT="40" WIDTH="54" VPOS="2166" HPOS="869"/>
<String CS="1" CONTENT="23&#189;cm." HEIGHT="40" WIDTH="55" VPOS="2166" HPOS="924"/>
<SP/>
<String CS="1" CONTENT="(Half-title:" HEIGHT="48" WIDTH="15" VPOS="2166" HPOS="1137"/>
<SP HEIGHT="40" WIDTH="26" VPOS="2167" HPOS="1438"/>
<String CONTENT="Alloys" HEIGHT="47" WIDTH="167" VPOS="2167" HPOS="1465"/>
<SP HEIGHT="29" WIDTH="28" VPOS="2178" HPOS="1633"/>
<String CONTENT="of" HEIGHT="39" WIDTH="52" VPOS="2168" HPOS="1662"/>
<SP HEIGHT="40" WIDTH="25" VPOS="2167" HPOS="1715"/>
<String CONTENT="iron" HEIGHT="40" WIDTH="107" VPOS="2167" HPOS="1741"/>
<SP HEIGHT="29" WIDTH="29" VPOS="2178" HPOS="1849"/>
<String CONTENT="research," HEIGHT="49" WIDTH="238" VPOS="2167" HPOS="1879"/>
</TextLine>
<TextLine HEIGHT="48" WIDTH="507" VPOS="2221" HPOS="125">
<String CONTENT="Monograph" HEIGHT="47" WIDTH="297" VPOS="2222" HPOS="125"/>
<SP HEIGHT="37" WIDTH="33" VPOS="2224" HPOS="423"/>
<String CONTENT="series)" HEIGHT="46" WIDTH="175" VPOS="2221" HPOS="457"/>
</TextLine>
<TextLine HEIGHT="49" WIDTH="1927" VPOS="2277" HPOS="191">
<String CONTENT="&#8220;This" HEIGHT="41" WIDTH="147" VPOS="2277" HPOS="191"/>
<SP HEIGHT="30" WIDTH="18" VPOS="2288" HPOS="339"/>
<String CONTENT="monograph" HEIGHT="47" WIDTH="296" VPOS="2278" HPOS="358"/>
<SP HEIGHT="38" WIDTH="20" VPOS="2278" HPOS="655"/>
<String CONTENT="has" HEIGHT="38" WIDTH="89" VPOS="2278" HPOS="676"/>
<SP HEIGHT="39" WIDTH="18" VPOS="2278" HPOS="766"/>
<String CONTENT="been" HEIGHT="39" WIDTH="119" VPOS="2278" HPOS="785"/>
<SP HEIGHT="37" WIDTH="18" VPOS="2288" HPOS="905"/>
<String CONTENT="prepared" HEIGHT="48" WIDTH="237" VPOS="2278" HPOS="924"/>
<SP HEIGHT="40" WIDTH="21" VPOS="2278" HPOS="1162"/>
<String CONTENT="at" HEIGHT="38" WIDTH="51" VPOS="2280" HPOS="1184"/>
<SP HEIGHT="39" WIDTH="20" VPOS="2279" HPOS="1236"/>
<String CONTENT="Battelle" HEIGHT="39" WIDTH="212" VPOS="2279" HPOS="1257"/>
<SP HEIGHT="29" WIDTH="20" VPOS="2289" HPOS="1470"/>
<String CONTENT="memorial" HEIGHT="40" WIDTH="252" VPOS="2278" HPOS="1491"/>
<SP HEIGHT="39" WIDTH="18" VPOS="2279" HPOS="1744"/>
<String CONTENT="institute" HEIGHT="40" WIDTH="229" VPOS="2279" HPOS="1763"/>
<SP HEIGHT="30" WIDTH="20" VPOS="2289" HPOS="1993"/>
<String CONTENT="as" HEIGHT="31" WIDTH="54" VPOS="2288" HPOS="2014"/>
<SP HEIGHT="31" WIDTH="21" VPOS="2288" HPOS="2069"/>
<String CONTENT="a" HEIGHT="29" WIDTH="27" VPOS="2290" HPOS="2091"/>
</TextLine>
<TextLine HEIGHT="50" WIDTH="1746" VPOS="2333" HPOS="124">
<String CONTENT="part" HEIGHT="47" WIDTH="110" VPOS="2336" HPOS="124"/>
<SP HEIGHT="39" WIDTH="27" VPOS="2336" HPOS="235"/>
<String CONTENT="of" HEIGHT="40" WIDTH="51" VPOS="2335" HPOS="263"/>
<SP HEIGHT="40" WIDTH="27" VPOS="2335" HPOS="315"/>
<String CONTENT="the" HEIGHT="39" WIDTH="84" VPOS="2336" HPOS="343"/>
<SP HEIGHT="39" WIDTH="25" VPOS="2335" HPOS="428"/>
<String CONTENT="Institute&#8217;s" HEIGHT="42" WIDTH="274" VPOS="2333" HPOS="454"/>
<SP HEIGHT="29" WIDTH="27" VPOS="2345" HPOS="729"/>
<String CONTENT="contribution" HEIGHT="41" WIDTH="329" VPOS="2333" HPOS="757"/>
<SP HEIGHT="38" WIDTH="26" VPOS="2336" HPOS="1087"/>
<String CONTENT="to" HEIGHT="38" WIDTH="49" VPOS="2336" HPOS="1114"/>
<SP HEIGHT="40" WIDTH="27" VPOS="2334" HPOS="1164"/>
<String CONTENT="Alloys" HEIGHT="48" WIDTH="167" VPOS="2334" HPOS="1192"/>
<SP HEIGHT="31" WIDTH="26" VPOS="2344" HPOS="1360"/>
<String CONTENT="of" HEIGHT="40" WIDTH="52" VPOS="2335" HPOS="1387"/>
<SP HEIGHT="40" WIDTH="24" VPOS="2334" HPOS="1440"/>
<String CONTENT="iron" HEIGHT="41" WIDTH="108" VPOS="2334" HPOS="1465"/>
<SP HEIGHT="28" WIDTH="25" VPOS="2346" HPOS="1574"/>
<String CONTENT="research.&#8221;" HEIGHT="40" WIDTH="270" VPOS="2335" HPOS="1600"/>
</TextLine>
<TextLine HEIGHT="49" WIDTH="329" VPOS="2390" HPOS="570" CS="1">
<String CS="1" CONTENT="Bibliography:"/>
<SP HEIGHT="38" WIDTH="33" VPOS="2401" HPOS="570"/>
<String CONTENT="p." HEIGHT="37" WIDTH="44" VPOS="2402" HPOS="604"/>
<SP HEIGHT="40" WIDTH="30" VPOS="2392" HPOS="649"/>
<String CONTENT="445-478." HEIGHT="43" WIDTH="219" VPOS="2390" HPOS="680"/>
</TextLine>
<TextLine HEIGHT="52" WIDTH="1994" VPOS="2453" HPOS="129" CS="1">
<String CONTENT="&#169;" HEIGHT="52" WIDTH="52" VPOS="2453" HPOS="129"/>
<SP HEIGHT="52" WIDTH="28" VPOS="2453" HPOS="182"/>
<String CONTENT="Dec." HEIGHT="38" WIDTH="111" VPOS="2459" HPOS="211"/>
<SP HEIGHT="41" WIDTH="29" VPOS="2455" HPOS="323"/>
<String CONTENT="9," HEIGHT="49" WIDTH="39" VPOS="2455" HPOS="353"/>
<SP HEIGHT="47" WIDTH="30" VPOS="2457" HPOS="393"/>
<String CS="1" CONTENT="1932;" HEIGHT="41" WIDTH="112" VPOS="2455" HPOS="424"/>
<SP HEIGHT="46" WIDTH="31" VPOS="2457" HPOS="565"/>
<String CONTENT="2c." HEIGHT="39" WIDTH="69" VPOS="2457" HPOS="597"/>
<SP HEIGHT="40" WIDTH="28" VPOS="2456" HPOS="667"/>
<String CONTENT="Dec." HEIGHT="40" WIDTH="113" VPOS="2456" HPOS="696"/>
<SP HEIGHT="40" WIDTH="28" VPOS="2456" HPOS="810"/>
<String CS="1" CONTENT="13;" HEIGHT="39" WIDTH="55" VPOS="2456" HPOS="839"/>
<SP HEIGHT="37" WIDTH="31" VPOS="2465" HPOS="922"/>
<String CONTENT="aff." HEIGHT="40" WIDTH="83" VPOS="2454" HPOS="954"/>
<SP HEIGHT="39" WIDTH="29" VPOS="2455" HPOS="1038"/>
<String CONTENT="Dec." HEIGHT="40" WIDTH="112" VPOS="2455" HPOS="1068"/>
<SP HEIGHT="40" WIDTH="29" VPOS="2455" HPOS="1181"/>
<String CS="1" CONTENT="17;" HEIGHT="40" WIDTH="55" VPOS="2455" HPOS="1211"/>
<SP HEIGHT="46" WIDTH="31" VPOS="2455" HPOS="1294"/>
<!-- cceid 11233BED-6D7D-1014-B4A5-D7A31D17AB40 --><String CONTENT="A" HEIGHT="39" WIDTH="42" VPOS="2455" HPOS="1326"/>
<SP HEIGHT="39" WIDTH="27" VPOS="2455" HPOS="1369"/>
<String CS="1" CONTENT="58465;" HEIGHT="40" WIDTH="143" VPOS="2455" HPOS="1397"/>
<SP HEIGHT="45" WIDTH="31" VPOS="2456" HPOS="1569"/>
<String CONTENT="United" HEIGHT="41" WIDTH="179" VPOS="2454" HPOS="1601"/>
<SP HEIGHT="38" WIDTH="31" VPOS="2457" HPOS="1781"/>
<String CONTENT="engineering" HEIGHT="48" WIDTH="310" VPOS="2454" HPOS="1813"/>
</TextLine>
<TextLine HEIGHT="49" WIDTH="982" VPOS="2511" HPOS="197">
<String CONTENT="trustees," HEIGHT="43" WIDTH="222" VPOS="2516" HPOS="197"/>
<SP HEIGHT="46" WIDTH="23" VPOS="2513" HPOS="420"/>
<String CONTENT="inc.," HEIGHT="47" WIDTH="105" VPOS="2513" HPOS="444"/>
<SP HEIGHT="47" WIDTH="23" VPOS="2513" HPOS="550"/>
<String CONTENT="New" HEIGHT="39" WIDTH="118" VPOS="2513" HPOS="574"/>
<SP HEIGHT="39" WIDTH="20" VPOS="2513" HPOS="693"/>
<String CONTENT="York." HEIGHT="39" WIDTH="143" VPOS="2512" HPOS="714"/>
<SP HEIGHT="47" WIDTH="70" VPOS="2511" HPOS="858"/>
<String CONTENT="(33-1296)" HEIGHT="48" WIDTH="250" VPOS="2511" HPOS="929"/>
</TextLine>
<TextLine HEIGHT="66" WIDTH="758" VPOS="2614" HPOS="125" STYLEREFS="StyleId-28AF40F7-7B47-41F7-A01D-AC8863D6C20B-">
<String CONTENT="Hegland," HEIGHT="65" WIDTH="286" VPOS="2614" HPOS="125"/>
<SP HEIGHT="62" WIDTH="25" VPOS="2617" HPOS="412"/>
<String CONTENT="Martin," HEIGHT="65" WIDTH="242" VPOS="2615" HPOS="438"/>
<SP HEIGHT="59" WIDTH="29" VPOS="2621" HPOS="681"/>
<String CONTENT="1880-" HEIGHT="49" WIDTH="172" VPOS="2620" HPOS="711"/>
</TextLine>
<TextLine HEIGHT="147" WIDTH="1971" VPOS="2690" HPOS="125" STYLEREFS="StyleId-28AF40F7-7B47-41F7-A01D-AC8863D6C20B-" CS="1">
<String CONTENT="Problems" HEIGHT="52" WIDTH="293" VPOS="2692" HPOS="197"/>
<SP HEIGHT="34" WIDTH="25" VPOS="2710" HPOS="491"/>
<String CONTENT="of" HEIGHT="53" WIDTH="64" VPOS="2691" HPOS="517"/>
<SP HEIGHT="68" WIDTH="22" VPOS="2691" HPOS="582"/>
<String CONTENT="young" HEIGHT="50" WIDTH="193" VPOS="2709" HPOS="605"/>
<SP HEIGHT="69" WIDTH="26" VPOS="2690" HPOS="799"/>
<String CONTENT="Christians," HEIGHT="67" WIDTH="339" VPOS="2690" HPOS="826"/>
<SP HEIGHT="66" WIDTH="24" VPOS="2691" HPOS="1166"/>
<String CONTENT="by" HEIGHT="67" WIDTH="76" VPOS="2691" HPOS="1191"/>
<SP HEIGHT="67" WIDTH="24" VPOS="2691" HPOS="1268"/>
<String CONTENT="Martin" HEIGHT="52" WIDTH="220" VPOS="2691" HPOS="1293"/>
<SP HEIGHT="51" WIDTH="24" VPOS="2691" HPOS="1514"/>
<String CONTENT="Hegland" HEIGHT="68" WIDTH="273" VPOS="2691" HPOS="1539"/>
<SP HEIGHT="52" WIDTH="31" VPOS="2691" HPOS="1813"/>
<String CS="1" CONTENT="&#8230;"/>
<SP HEIGHT="52" WIDTH="66" VPOS="2691" HPOS="1902"/>
<String CONTENT="Minneapolis," HEIGHT="146" WIDTH="1971" VPOS="2691" HPOS="125"/>
</TextLine>
<TextLine HEIGHT="69" WIDTH="1087" VPOS="2769" HPOS="428" STYLEREFS="StyleId-28AF40F7-7B47-41F7-A01D-AC8863D6C20B-">
<String CONTENT="Augsburg" HEIGHT="67" WIDTH="312" VPOS="2770" HPOS="428"/>
<SP HEIGHT="50" WIDTH="31" VPOS="2787" HPOS="741"/>
<String CONTENT="publishing" HEIGHT="69" WIDTH="334" VPOS="2769" HPOS="773"/>
<SP HEIGHT="69" WIDTH="30" VPOS="2769" HPOS="1108"/>
<String CONTENT="house," HEIGHT="68" WIDTH="189" VPOS="2769" HPOS="1139"/>
<SP HEIGHT="64" WIDTH="35" VPOS="2773" HPOS="1329"/>
<String CONTENT="1932." HEIGHT="49" WIDTH="150" VPOS="2772" HPOS="1365"/>
</TextLine>
<TextLine HEIGHT="49" WIDTH="464" VPOS="2843" HPOS="195" CS="1">
<String CONTENT="3" HEIGHT="39" WIDTH="26" VPOS="2845" HPOS="195"/>
<SP/>
<String LANG="fr" CONTENT="p." HEIGHT="37" WIDTH="44" VPOS="2855" HPOS="249"/>
<SP HEIGHT="39" WIDTH="25" VPOS="2844" HPOS="294"/>
<String CS="1" CONTENT="l.,"/>
<SP HEIGHT="45" WIDTH="26" VPOS="2845" HPOS="364"/>
<String CONTENT="185" HEIGHT="40" WIDTH="85" VPOS="2844" HPOS="391"/>
<SP HEIGHT="47" WIDTH="24" VPOS="2844" HPOS="477"/>
<String CONTENT="p." HEIGHT="37" WIDTH="44" VPOS="2854" HPOS="502"/>
<SP HEIGHT="40" WIDTH="53" VPOS="2843" HPOS="547"/>
<String CONTENT="20" HEIGHT="40" WIDTH="58" VPOS="2843" HPOS="601"/>
<String STYLE="superscript" CS="1" CONTENT="&#7580;&#7504;."/>
</TextLine>
<TextLine HEIGHT="49" WIDTH="1918" VPOS="2898" HPOS="198">
<String CONTENT="Previously" HEIGHT="48" WIDTH="282" VPOS="2899" HPOS="198"/>
<SP HEIGHT="37" WIDTH="23" VPOS="2910" HPOS="481"/>
<String CONTENT="published" HEIGHT="48" WIDTH="254" VPOS="2899" HPOS="505"/>
<SP HEIGHT="40" WIDTH="23" VPOS="2899" HPOS="760"/>
<String CONTENT="in" HEIGHT="39" WIDTH="49" VPOS="2899" HPOS="784"/>
<SP HEIGHT="37" WIDTH="25" VPOS="2902" HPOS="834"/>
<String CONTENT="the" HEIGHT="41" WIDTH="79" VPOS="2898" HPOS="860"/>
<SP HEIGHT="28" WIDTH="23" VPOS="2910" HPOS="940"/>
<String CONTENT="magazine" HEIGHT="49" WIDTH="252" VPOS="2898" HPOS="964"/>
<SP HEIGHT="42" WIDTH="20" VPOS="2898" HPOS="1217"/>
<String CONTENT="issue" HEIGHT="42" WIDTH="132" VPOS="2898" HPOS="1238"/>
<SP HEIGHT="29" WIDTH="22" VPOS="2911" HPOS="1371"/>
<String CONTENT="of" HEIGHT="40" WIDTH="52" VPOS="2899" HPOS="1394"/>
<SP HEIGHT="40" WIDTH="22" VPOS="2899" HPOS="1447"/>
<String CONTENT="the" HEIGHT="40" WIDTH="80" VPOS="2900" HPOS="1470"/>
<SP HEIGHT="41" WIDTH="24" VPOS="2899" HPOS="1551"/>
<String CONTENT="Lutheran" HEIGHT="40" WIDTH="250" VPOS="2899" HPOS="1576"/>
<SP HEIGHT="39" WIDTH="23" VPOS="2899" HPOS="1827"/>
<String CONTENT="herald," HEIGHT="48" WIDTH="184" VPOS="2899" HPOS="1851"/>
<SP HEIGHT="36" WIDTH="27" VPOS="2911" HPOS="2036"/>
<String CONTENT="as" HEIGHT="30" WIDTH="52" VPOS="2911" HPOS="2064"/>
</TextLine>
<TextLine HEIGHT="49" WIDTH="1991" VPOS="2955" HPOS="126">
<String CONTENT="a" HEIGHT="29" WIDTH="27" VPOS="2968" HPOS="126"/>
<SP HEIGHT="30" WIDTH="37" VPOS="2967" HPOS="154"/>
<String CONTENT="series" HEIGHT="40" WIDTH="149" VPOS="2956" HPOS="192"/>
<SP HEIGHT="29" WIDTH="36" VPOS="2967" HPOS="342"/>
<String CONTENT="of" HEIGHT="40" WIDTH="51" VPOS="2956" HPOS="379"/>
<SP HEIGHT="40" WIDTH="32" VPOS="2956" HPOS="431"/>
<String CONTENT="articles" HEIGHT="41" WIDTH="197" VPOS="2955" HPOS="464"/>
<SP HEIGHT="29" WIDTH="37" VPOS="2967" HPOS="662"/>
<String CONTENT="under" HEIGHT="38" WIDTH="151" VPOS="2957" HPOS="700"/>
<SP HEIGHT="38" WIDTH="36" VPOS="2958" HPOS="852"/>
<String CONTENT="the" HEIGHT="40" WIDTH="83" VPOS="2956" HPOS="889"/>
<SP HEIGHT="37" WIDTH="35" VPOS="2966" HPOS="973"/>
<String CONTENT="general" HEIGHT="47" WIDTH="194" VPOS="2956" HPOS="1009"/>
<SP HEIGHT="38" WIDTH="36" VPOS="2956" HPOS="1204"/>
<String CONTENT="head," HEIGHT="47" WIDTH="138" VPOS="2956" HPOS="1241"/>
<SP HEIGHT="47" WIDTH="39" VPOS="2956" HPOS="1380"/>
<String CONTENT="&#8220;What" HEIGHT="40" WIDTH="175" VPOS="2956" HPOS="1420"/>
<SP HEIGHT="45" WIDTH="36" VPOS="2959" HPOS="1596"/>
<String CONTENT="young" HEIGHT="39" WIDTH="161" VPOS="2965" HPOS="1633"/>
<SP HEIGHT="37" WIDTH="35" VPOS="2967" HPOS="1795"/>
<String CONTENT="people" HEIGHT="47" WIDTH="164" VPOS="2957" HPOS="1831"/>
<SP HEIGHT="29" WIDTH="37" VPOS="2966" HPOS="1996"/>
<String CONTENT="are" HEIGHT="30" WIDTH="83" VPOS="2965" HPOS="2034"/>
</TextLine>
<TextLine HEIGHT="50" WIDTH="391" VPOS="3011" HPOS="124">
<String CONTENT="asking" HEIGHT="48" WIDTH="173" VPOS="3013" HPOS="124"/>
<SP HEIGHT="37" WIDTH="25" VPOS="3024" HPOS="298"/>
<String CONTENT="about&#8221;." HEIGHT="42" WIDTH="191" VPOS="3011" HPOS="324"/>
</TextLine>
<TextLine HEIGHT="42" WIDTH="413" VPOS="3068" HPOS="196">
<String CONTENT="&#8220;First" HEIGHT="40" WIDTH="160" VPOS="3070" HPOS="196"/>
<SP HEIGHT="38" WIDTH="26" VPOS="3072" HPOS="357"/>
<String CONTENT="edition.&#8221;" HEIGHT="41" WIDTH="225" VPOS="3068" HPOS="384"/>
</TextLine>
<TextLine HEIGHT="52" WIDTH="1905" VPOS="3127" HPOS="128" CS="1">
<String CONTENT="&#169;" HEIGHT="52" WIDTH="52" VPOS="3127" HPOS="128"/>
<SP HEIGHT="52" WIDTH="28" VPOS="3127" HPOS="181"/>
<String CONTENT="Dec." HEIGHT="39" WIDTH="110" VPOS="3133" HPOS="210"/>
<SP HEIGHT="39" WIDTH="28" VPOS="3132" HPOS="321"/>
<String CONTENT="3," HEIGHT="44" WIDTH="40" VPOS="3132" HPOS="350"/>
<SP HEIGHT="44" WIDTH="28" VPOS="3132" HPOS="391"/>
<String CS="1" CONTENT="1932;" HEIGHT="41" WIDTH="112" VPOS="3130" HPOS="420"/>
<SP HEIGHT="47" WIDTH="27" VPOS="3130" HPOS="561"/>
<String CONTENT="2c." HEIGHT="41" WIDTH="65" VPOS="3130" HPOS="589"/>
<SP HEIGHT="28" WIDTH="29" VPOS="3142" HPOS="655"/>
<String CONTENT="and" HEIGHT="38" WIDTH="95" VPOS="3133" HPOS="685"/>
<SP HEIGHT="38" WIDTH="26" VPOS="3133" HPOS="781"/>
<String CONTENT="aff." HEIGHT="40" WIDTH="81" VPOS="3130" HPOS="808"/>
<SP HEIGHT="39" WIDTH="28" VPOS="3131" HPOS="890"/>
<String CONTENT="Dec." HEIGHT="39" WIDTH="111" VPOS="3131" HPOS="919"/>
<SP HEIGHT="40" WIDTH="27" VPOS="3130" HPOS="1031"/>
<String CS="1" CONTENT="27;" HEIGHT="40" WIDTH="55" VPOS="3130" HPOS="1059"/>
<SP HEIGHT="46" WIDTH="29" VPOS="3131" HPOS="1143"/>
<!-- cceid 11234334-6D7D-1014-B4A5-D7A31D17AB40 --><String CONTENT="A" HEIGHT="38" WIDTH="40" VPOS="3131" HPOS="1173"/>
<SP HEIGHT="39" WIDTH="27" VPOS="3131" HPOS="1214"/>
<String CS="1" CONTENT="58531;" HEIGHT="40" WIDTH="142" VPOS="3131" HPOS="1242"/>
<SP HEIGHT="46" WIDTH="30" VPOS="3132" HPOS="1412"/>
<String CONTENT="Augsburg" HEIGHT="48" WIDTH="259" VPOS="3131" HPOS="1443"/>
<SP HEIGHT="38" WIDTH="24" VPOS="3141" HPOS="1703"/>
<String CONTENT="pub." HEIGHT="47" WIDTH="110" VPOS="3132" HPOS="1728"/>
<SP HEIGHT="37" WIDTH="29" VPOS="3132" HPOS="1839"/>
<String CONTENT="house." HEIGHT="40" WIDTH="164" VPOS="3132" HPOS="1869"/>
</TextLine>
<TextLine HEIGHT="48" WIDTH="250" VPOS="3188" HPOS="205">
<String CONTENT="(33-1755)" HEIGHT="48" WIDTH="250" VPOS="3188" HPOS="205"/>
</TextLine>
<TextLine HEIGHT="67" WIDTH="903" VPOS="3289" HPOS="124" STYLEREFS="StyleId-28AF40F7-7B47-41F7-A01D-AC8863D6C20B-">
<String CONTENT="Hough," HEIGHT="65" WIDTH="234" VPOS="3291" HPOS="124"/>
<SP HEIGHT="65" WIDTH="27" VPOS="3291" HPOS="359"/>
<String CONTENT="Lynn" HEIGHT="63" WIDTH="171" VPOS="3291" HPOS="387"/>
<SP HEIGHT="51" WIDTH="27" VPOS="3291" HPOS="559"/>
<String CONTENT="Harold," HEIGHT="65" WIDTH="239" VPOS="3289" HPOS="587"/>
<SP HEIGHT="58" WIDTH="30" VPOS="3296" HPOS="827"/>
<String CONTENT="1877-" HEIGHT="54" WIDTH="169" VPOS="3291" HPOS="858"/>
</TextLine>
<TextLine HEIGHT="70" WIDTH="1921" VPOS="3366" HPOS="193" STYLEREFS="StyleId-28AF40F7-7B47-41F7-A01D-AC8863D6C20B-" CS="1">
<String CONTENT="The" HEIGHT="53" WIDTH="121" VPOS="3369" HPOS="193"/>
<SP HEIGHT="34" WIDTH="23" VPOS="3388" HPOS="315"/>
<String CONTENT="university" HEIGHT="67" WIDTH="319" VPOS="3367" HPOS="339"/>
<SP HEIGHT="49" WIDTH="25" VPOS="3385" HPOS="659"/>
<String CONTENT="of" HEIGHT="55" WIDTH="65" VPOS="3366" HPOS="685"/>
<SP HEIGHT="54" WIDTH="24" VPOS="3366" HPOS="751"/>
<String CONTENT="experience," HEIGHT="68" WIDTH="343" VPOS="3367" HPOS="776"/>
<SP HEIGHT="67" WIDTH="25" VPOS="3368" HPOS="1120"/>
<String CONTENT="by" HEIGHT="67" WIDTH="75" VPOS="3368" HPOS="1146"/>
<SP HEIGHT="67" WIDTH="26" VPOS="3368" HPOS="1222"/>
<String CONTENT="Lynn" HEIGHT="68" WIDTH="168" VPOS="3368" HPOS="1249"/>
<SP HEIGHT="52" WIDTH="26" VPOS="3368" HPOS="1418"/>
<String CONTENT="Harold" HEIGHT="53" WIDTH="227" VPOS="3368" HPOS="1445"/>
<SP HEIGHT="53" WIDTH="25" VPOS="3368" HPOS="1673"/>
<String CS="1" CONTENT="Hough;" HEIGHT="68" WIDTH="217" VPOS="3368" HPOS="1699"/>
<SP HEIGHT="49" WIDTH="29" VPOS="3387" HPOS="1944"/>
<String CONTENT="with" HEIGHT="53" WIDTH="140" VPOS="3369" HPOS="1974"/>
</TextLine>
<TextLine HEIGHT="145" WIDTH="1968" VPOS="3445" HPOS="121" STYLEREFS="StyleId-28AF40F7-7B47-41F7-A01D-AC8863D6C20B-" CS="1">
<String CONTENT="an" HEIGHT="34" WIDTH="71" VPOS="3465" HPOS="124"/>
<SP HEIGHT="52" WIDTH="34" VPOS="3447" HPOS="196"/>
<String CONTENT="introduction" HEIGHT="54" WIDTH="390" VPOS="3445" HPOS="231"/>
<SP HEIGHT="52" WIDTH="34" VPOS="3446" HPOS="622"/>
<String CONTENT="by" HEIGHT="66" WIDTH="76" VPOS="3446" HPOS="657"/>
<SP HEIGHT="67" WIDTH="35" VPOS="3445" HPOS="734"/>
<String CONTENT="Reinhold" HEIGHT="53" WIDTH="286" VPOS="3445" HPOS="770"/>
<SP HEIGHT="53" WIDTH="33" VPOS="3445" HPOS="1057"/>
<String CONTENT="Niebuhr." HEIGHT="53" WIDTH="273" VPOS="3445" HPOS="1091"/>
<SP HEIGHT="52" WIDTH="73" VPOS="3446" HPOS="1365"/>
<String CONTENT="New" HEIGHT="53" WIDTH="138" VPOS="3446" HPOS="1439"/>
<SP HEIGHT="52" WIDTH="37" VPOS="3446" HPOS="1578"/>
<String CONTENT="York" HEIGHT="53" WIDTH="164" VPOS="3445" HPOS="1616"/>
<SP HEIGHT="54" WIDTH="34" VPOS="3445" HPOS="1781"/>
<String CONTENT="and" HEIGHT="53" WIDTH="113" VPOS="3447" HPOS="1816"/>
<SP HEIGHT="54" WIDTH="34" VPOS="3446" HPOS="1930"/>
<String CONTENT="London," HEIGHT="144" WIDTH="1968" VPOS="3446" HPOS="121"/>
<SP HEIGHT="66" WIDTH="20" VPOS="3524" HPOS="254"/>
<String CONTENT="Harper" HEIGHT="66" WIDTH="236" VPOS="3524" HPOS="275"/>
<SP HEIGHT="50" WIDTH="20" VPOS="3525" HPOS="512"/>
<String CONTENT="&amp;" HEIGHT="50" WIDTH="46" VPOS="3525" HPOS="533"/>
<SP HEIGHT="53" WIDTH="20" VPOS="3522" HPOS="580"/>
<String CONTENT="brothers," HEIGHT="68" WIDTH="278" VPOS="3522" HPOS="601"/>
<SP HEIGHT="64" WIDTH="24" VPOS="3526" HPOS="880"/>
<String CONTENT="1932." HEIGHT="51" WIDTH="150" VPOS="3525" HPOS="905"/>
</TextLine>
<TextLine HEIGHT="49" WIDTH="373" VPOS="3595" HPOS="188" STYLEREFS="StyleId-28AF40F7-7B47-41F7-A01D-AC8863D6C20B-" CS="1">
<String CONTENT="ix," HEIGHT="46" WIDTH="65" VPOS="3597" HPOS="188"/>
<SP HEIGHT="46" WIDTH="29" VPOS="3597" HPOS="254"/>
<String CONTENT="122" HEIGHT="39" WIDTH="85" VPOS="3597" HPOS="284"/>
<SP HEIGHT="47" WIDTH="30" VPOS="3597" HPOS="370"/>
<String CONTENT="p." HEIGHT="38" WIDTH="43" VPOS="3606" HPOS="401"/>
<SP HEIGHT="41" WIDTH="57" VPOS="3595" HPOS="445"/>
<String CONTENT="20" HEIGHT="41" WIDTH="58" VPOS="3595" HPOS="503"/>
<String STYLE="superscript" CS="1" CONTENT="&#7580;&#7504;."/>
</TextLine>
<TextLine HEIGHT="42" WIDTH="415" VPOS="3651" HPOS="191">
<String CONTENT="&#8220;First" HEIGHT="40" WIDTH="161" VPOS="3653" HPOS="191"/>
<SP HEIGHT="38" WIDTH="27" VPOS="3655" HPOS="353"/>
<String CONTENT="edition.&#8221;" HEIGHT="41" WIDTH="225" VPOS="3651" HPOS="381"/>
</TextLine>
<TextLine HEIGHT="52" WIDTH="1986" VPOS="3711" HPOS="126" CS="1">
<String CONTENT="&#169;" HEIGHT="52" WIDTH="52" VPOS="3711" HPOS="126"/>
<SP HEIGHT="52" WIDTH="27" VPOS="3711" HPOS="179"/>
<String CONTENT="Dec." HEIGHT="39" WIDTH="108" VPOS="3716" HPOS="207"/>
<SP HEIGHT="37" WIDTH="31" VPOS="3717" HPOS="316"/>
<String CONTENT="19," HEIGHT="47" WIDTH="68" VPOS="3715" HPOS="348"/>
<SP HEIGHT="47" WIDTH="29" VPOS="3715" HPOS="417"/>
<String CS="1" CONTENT="1932;" HEIGHT="41" WIDTH="113" VPOS="3713" HPOS="447"/>
<SP HEIGHT="48" WIDTH="30" VPOS="3712" HPOS="588"/>
<String CONTENT="2c." HEIGHT="42" WIDTH="67" VPOS="3712" HPOS="619"/>
<SP HEIGHT="30" WIDTH="28" VPOS="3724" HPOS="687"/>
<String CONTENT="and" HEIGHT="38" WIDTH="94" VPOS="3715" HPOS="716"/>
<SP HEIGHT="38" WIDTH="28" VPOS="3715" HPOS="811"/>
<String CONTENT="aff." HEIGHT="41" WIDTH="83" VPOS="3713" HPOS="840"/>
<SP HEIGHT="39" WIDTH="27" VPOS="3715" HPOS="924"/>
<String CONTENT="Dec." HEIGHT="39" WIDTH="110" VPOS="3715" HPOS="952"/>
<SP HEIGHT="41" WIDTH="28" VPOS="3713" HPOS="1063"/>
<String CS="1" CONTENT="21;" HEIGHT="39" WIDTH="54" VPOS="3713" HPOS="1092"/>
<SP HEIGHT="47" WIDTH="29" VPOS="3713" HPOS="1176"/>
<!-- cceid 11234984-6D7D-1014-B4A5-D7A31D17AB40 --><String CONTENT="A" HEIGHT="39" WIDTH="41" VPOS="3713" HPOS="1206"/>
<SP HEIGHT="40" WIDTH="27" VPOS="3713" HPOS="1248"/>
<String CS="1" CONTENT="57551;" HEIGHT="40" WIDTH="142" VPOS="3714" HPOS="1276"/>
<SP HEIGHT="46" WIDTH="30" VPOS="3714" HPOS="1447"/>
<String LANG="fr" CONTENT="L." HEIGHT="39" WIDTH="49" VPOS="3714" HPOS="1478"/>
<SP HEIGHT="39" WIDTH="30" VPOS="3714" HPOS="1528"/>
<String CONTENT="H." HEIGHT="40" WIDTH="62" VPOS="3714" HPOS="1559"/>
<SP HEIGHT="40" WIDTH="29" VPOS="3714" HPOS="1622"/>
<String CONTENT="Hough," HEIGHT="49" WIDTH="190" VPOS="3712" HPOS="1652"/>
<SP HEIGHT="46" WIDTH="31" VPOS="3715" HPOS="1843"/>
<String CONTENT="Madison," HEIGHT="50" WIDTH="237" VPOS="3712" HPOS="1875"/>
</TextLine>
<TextLine HEIGHT="49" WIDTH="450" VPOS="3770" HPOS="191">
<String LANG="fr" CONTENT="N." HEIGHT="40" WIDTH="55" VPOS="3772" HPOS="191"/>
<SP HEIGHT="39" WIDTH="29" VPOS="3773" HPOS="247"/>
<String CONTENT="J." HEIGHT="39" WIDTH="43" VPOS="3773" HPOS="277"/>
<SP HEIGHT="47" WIDTH="69" VPOS="3772" HPOS="321"/>
<String CONTENT="(33-1428)" HEIGHT="49" WIDTH="250" VPOS="3770" HPOS="391"/>
</TextLine>
<TextLine HEIGHT="64" WIDTH="574" VPOS="3873" HPOS="120" STYLEREFS="StyleId-28AF40F7-7B47-41F7-A01D-AC8863D6C20B-">
<String CONTENT="Howells," HEIGHT="62" WIDTH="271" VPOS="3875" HPOS="120"/>
<SP HEIGHT="62" WIDTH="26" VPOS="3875" HPOS="392"/>
<String CONTENT="Rulon" HEIGHT="53" WIDTH="190" VPOS="3873" HPOS="419"/>
<SP HEIGHT="53" WIDTH="27" VPOS="3874" HPOS="610"/>
<String CONTENT="S." HEIGHT="54" WIDTH="56" VPOS="3874" HPOS="638"/>
</TextLine>
<TextLine HEIGHT="69" WIDTH="1916" VPOS="3950" HPOS="189" STYLEREFS="StyleId-28AF40F7-7B47-41F7-A01D-AC8863D6C20B-">
<String CONTENT="A" HEIGHT="51" WIDTH="56" VPOS="3953" HPOS="189"/>
<SP HEIGHT="51" WIDTH="38" VPOS="3953" HPOS="246"/>
<String CONTENT="compilation" HEIGHT="68" WIDTH="370" VPOS="3950" HPOS="285"/>
<SP HEIGHT="33" WIDTH="37" VPOS="3969" HPOS="656"/>
<String CONTENT="of" HEIGHT="52" WIDTH="62" VPOS="3950" HPOS="694"/>
<SP HEIGHT="53" WIDTH="41" VPOS="3950" HPOS="757"/>
<String CONTENT="Christian" HEIGHT="53" WIDTH="294" VPOS="3950" HPOS="799"/>
<SP HEIGHT="51" WIDTH="35" VPOS="3952" HPOS="1094"/>
<String CONTENT="beliefs," HEIGHT="68" WIDTH="219" VPOS="3951" HPOS="1130"/>
<SP HEIGHT="68" WIDTH="36" VPOS="3951" HPOS="1350"/>
<String CONTENT="by" HEIGHT="68" WIDTH="76" VPOS="3951" HPOS="1387"/>
<SP HEIGHT="67" WIDTH="38" VPOS="3952" HPOS="1464"/>
<String CONTENT="Rulon" HEIGHT="52" WIDTH="190" VPOS="3951" HPOS="1503"/>
<SP HEIGHT="54" WIDTH="41" VPOS="3951" HPOS="1694"/>
<String CONTENT="S." HEIGHT="54" WIDTH="56" VPOS="3951" HPOS="1736"/>
<SP HEIGHT="52" WIDTH="40" VPOS="3951" HPOS="1793"/>
<String CONTENT="Howells." HEIGHT="52" WIDTH="271" VPOS="3951" HPOS="1834"/>
</TextLine>
<TextLine HEIGHT="70" WIDTH="1783" VPOS="4027" HPOS="123" STYLEREFS="StyleId-28AF40F7-7B47-41F7-A01D-AC8863D6C20B-">
<String CONTENT="Salt" HEIGHT="54" WIDTH="129" VPOS="4027" HPOS="123"/>
<SP HEIGHT="51" WIDTH="22" VPOS="4030" HPOS="253"/>
<String CONTENT="Lake" HEIGHT="51" WIDTH="154" VPOS="4029" HPOS="276"/>
<SP HEIGHT="53" WIDTH="28" VPOS="4029" HPOS="431"/>
<String CONTENT="City," HEIGHT="68" WIDTH="150" VPOS="4028" HPOS="460"/>
<SP HEIGHT="65" WIDTH="28" VPOS="4029" HPOS="611"/>
<String CONTENT="Utah," HEIGHT="66" WIDTH="176" VPOS="4028" HPOS="640"/>
<SP HEIGHT="63" WIDTH="27" VPOS="4031" HPOS="817"/>
<String CONTENT="The" HEIGHT="52" WIDTH="121" VPOS="4029" HPOS="845"/>
<SP HEIGHT="51" WIDTH="25" VPOS="4031" HPOS="967"/>
<String CONTENT="Deseret" HEIGHT="51" WIDTH="234" VPOS="4031" HPOS="993"/>
<SP HEIGHT="51" WIDTH="26" VPOS="4030" HPOS="1228"/>
<String CONTENT="book" HEIGHT="52" WIDTH="147" VPOS="4029" HPOS="1255"/>
<SP HEIGHT="51" WIDTH="25" VPOS="4029" HPOS="1403"/>
<String CONTENT="company," HEIGHT="52" WIDTH="295" VPOS="4045" HPOS="1429"/>
<SP HEIGHT="63" WIDTH="30" VPOS="4033" HPOS="1725"/>
<String CONTENT="1932." HEIGHT="49" WIDTH="150" VPOS="4032" HPOS="1756"/>
</TextLine>
<TextLine HEIGHT="50" WIDTH="570" VPOS="4101" HPOS="190" CS="1">
<String CONTENT="164" HEIGHT="40" WIDTH="87" VPOS="4103" HPOS="190"/>
<SP HEIGHT="47" WIDTH="23" VPOS="4104" HPOS="278"/>
<String CONTENT="p." HEIGHT="38" WIDTH="44" VPOS="4113" HPOS="302"/>
<SP HEIGHT="39" WIDTH="54" VPOS="4103" HPOS="347"/>
<String CONTENT="fold." HEIGHT="40" WIDTH="120" VPOS="4103" HPOS="402"/>
<SP HEIGHT="38" WIDTH="26" VPOS="4105" HPOS="523"/>
<String CONTENT="tab." HEIGHT="40" WIDTH="98" VPOS="4102" HPOS="550"/>
<SP HEIGHT="39" WIDTH="53" VPOS="4103" HPOS="649"/>
<String CONTENT="20" HEIGHT="41" WIDTH="57" VPOS="4101" HPOS="703"/>
<String STYLE="superscript" CS="1" CONTENT="&#7580;&#7504;."/>
</TextLine>
</TextBlock>
</PrintSpace>
</Page>
</Layout>
</alto>