2563 4368
1134 3935 64 54 75

253 415 100 37 "The
384 413 132 39 work
546 412 41 40 is
620 411 254 48 primarily
907 410 226 39 intended
1167 412 49 37 to
1248 417 136 31 serve
1416 418 55 29 as
1503 419 25 28 a
1564 410 106 37 text
1698 406 81 40 for
1809 406 205 39 medical
154 408 1973 103 students

317 471 49 37 in
392 481 60 29 an
478 469 335 45 introductory
840 477 168 30 course
1033 467 48 38 in
1109 463 720 49 homoeopathy.”—Foreword.

224 526 373 48 Bibliography:
632 536 42 36 p.
708 523 214 42 187-192.

156 579 51 52 ©
236 584 108 38 Jan.
374 581 39 43 9.
442 581 113 41 1932;
613 582 65 39 2c.
709 583 96 38 and
835 580 81 42 aff.
946 581 109 38 Jan.
1085 580 82 46 11;
1198 580 39 37 A
1265 577 171 48 46914;
1470 577 232 40 Boericke
1732 577 36 39 &
1797 575 154 40 Tafel.

233 638 248 48 (32-2629)

151 729 292 62 McGuire,
471 729 164 54 Paul.

220 801 120 53 The
362 800 165 53 black
551 818 121 34 rose
694 799 247 67 murder,
965 798 35 52 by
1064 797 148 53 Paul
1233 796 293 54 McGuire.
1602 795 137 52 New
1764 793 180 68 York,
151 795 1968 151 Brentano’s,
376 880 150 50 1932.

220 958 617 50 3 p. l., 3-304 p. 19½ᶜᵐ.
158 1014 51 52 ©
239 1019 109 38 Jan.
377 1017 69 46 25,
476 1015 114 40 1932;
647 1016 66 39 2c.
744 1016 94 38 and
868 1014 82 41 aff.
981 1015 108 39 Jan.
1117 1013 83 47 28;
1232 1013 41 39 A
1299 1013 172 46 48165;
1504 1011 302 48 Brentano’s,
1837 1010 92 42 inc.

235 1073 249 49 (32-2659)

155 1164 280 63 McNeile,
466 1165 261 50 Herman
760 1162 179 63 Cyril.

226 1241 120 51 The
377 1240 188 52 brides
599 1241 61 50 of
693 1239 432 67 Mertonbridge
1156 1238 160 66 Hall,
1348 1238 75 57 by
1456 1239 223 67 Sapper
1715 1237 232 68 [pseud.]

234 1316 82 45 (In
348 1310 262 42 Pearson’s
644 1310 277 51 magazine,
954 1310 129 49 Dec.,
1121 1309 144 50 1931)

160 1366 51 52 ©
239 1372 64 39 1c.
331 1372 108 38 Jan.
466 1370 68 47 28,
562 1369 117 40 1932;
732 1371 41 37 A
798 1371 61 38 ad
886 1370 86 39 int.
1001 1369 142 39 16056;
1199 1370 143 47 pubd.
1372 1370 111 38 Dec.
1511 1369 39 47 1,
1580 1366 141 47 1931;
1752 1367 59 38 H.
1842 1367 48 41 C.
1921 1367 229 46 McNeile,

227 1427 225 48 Territet,
488 1426 331 41 Switzerland.

155 1513 225 68 Magee,
408 1518 263 51 Herman
699 1517 71 63 J.,
802 1520 170 48 1895-

223 1591 145 55 Unit
394 1597 143 48 costs
563 1590 64 53 of
651 1590 231 54 salaries
907 1590 59 52 in
992 1590 250 54 teachers
1269 1589 236 68 colleges
1531 1588 112 54 and
1670 1588 220 53 normal
1919 1588 234 69 schools,

155 1665 1998 73 by Herman J. Magee … New York city, Teachers college,
156 1744 296 57 Columbia
480 1743 334 71 university,
844 1748 149 51 1931.

225 1825 1753 49 vi p., 1 l., 75 p. 23½ᶜᵐ. (Teachers college, Columbia university.
157 1825 1979 98 Contributions
453 1884 50 38 to
538 1881 271 44 education,
844 1891 76 29 no.
953 1881 111 46 489)

227 1940 171 40 Issued
426 1940 103 38 also
558 1948 55 30 as
641 1937 152 41 thesis
833 1936 108 47 (ph.
971 1936 66 48 d.)
1076 1937 249 41 Columbia
1357 1937 285 47 university.

164 1995 1992 51 © Oct. 6, 1931; 2c. Dec. 28; aff. Jan. 16, 1932; A 46966: Teachers college,
233 2054 250 41 Columbia
520 2054 283 47 university.
876 2052 250 50 (32-2445)

158 2144 396 64 Manchester,
585 2143 277 55 Herbert.

229 2217 157 51 Four
419 2217 278 51 centuries
732 2216 65 51 of
829 2223 161 60 sport
1023 2216 61 51 in
1118 2216 283 66 America,
1438 2218 326 63 1490-1890,
1798 2216 76 67 by
1908 2216 250 51 Herbert

159 2294 385 66 Manchester;
589 2293 390 52 introduction
1019 2293 75 69 by
1135 2293 200 68 Harry
1373 2294 322 52 Worcester
1737 2291 217 69 Smith;

159 2293 1975 131 illustrated
403 2370 153 53 from
609 2370 249 69 original
910 2388 238 36 sources.
1237 2371 139 52 New
1431 2371 179 67 York,
1665 2371 121 52 The
1839 2371 320 69 Derrydale

162 2467 172 49 press,
371 2452 150 49 1931.

230 2530 1929 49 2 p. l., iii-xxiv p., 1 l., 245 p., 1 l. incl. illus., plates, facsims. front.
171 2587 475 49 (port.) pl. 31½ᶜᵐ.
234 2642 1510 50 “Eight hundred and fifty copies … have been printed.”
234 2700 133 41 “List
393 2700 51 40 of
471 2699 251 41 sources”:
751 2710 44 37 p.
838 2698 235 49 [233]-245.

169 2754 51 52 ©
253 2759 110 39 Dec.
396 2757 68 44 19,
496 2756 112 40 1931;
669 2757 67 40 2c.
770 2758 94 38 and
895 2755 82 41 aff.
1010 2756 110 41 Jan.
1152 2756 69 42 14,
1253 2755 141 48 1932;
1429 2757 41 38 A
1500 2756 172 48 46892;
1708 2758 270 47 Derrydale
2010 2767 150 40 press.

247 2814 249 49 (32-2523)

159 2904 300 64 Merriam,
494 2904 226 64 George
753 2905 237 61 Ernest,
1024 2906 170 52 1873-
1410 2923 177 48 comp.

234 2981 159 51 More
442 2980 257 66 precious
746 2979 138 53 than
935 2979 109 53 fine
1092 2978 164 68 gold;
1306 2980 384 69 Washington
1743 2982 420 66 commonplace

165 3056 1998 69 book, compiled by George Ernest Merriam … Collectors’
168 3136 82 51 ed.
325 3136 138 51 New
502 3135 178 53 York.
720 3135 258 53 London.
1018 3134 68 55 G.
1126 3136 66 52 P.
1233 3135 298 55 Putnam’s
1570 3153 146 37 sons.
1760 3139 150 51 1931.

235 3208 63 42 ix.
326 3207 86 40 428
440 3218 43 37 p.
543 3208 163 40 front.,
735 3210 149 44 ports.
944 3207 145 40 21½ᶜᵐ.

237 3264 161 40 “First
424 3263 332 48 impression.”

235 3320 232 40 Extracts
509 3321 125 39 from
680 3321 81 39 the
806 3320 222 44 writings
1074 3320 53 40 of
1169 3320 199 40 various
1413 3322 204 39 authors
1662 3322 288 48 concerning
169 3323 1975 98 Washington,

378 3378 92 38 and
503 3377 125 38 from
659 3376 362 44 Washington's
1052 3387 106 29 own
1189 3376 238 46 writings,
1457 3380 88 38 etc.

236 3432 373 47 Bibliography:
643 3444 42 36 p.
719 3432 205 40 419-428;
985 3432 397 47 bibliographical
1421 3433 275 41 foot-notes.

175 3486 1988 55 © Dec. 23. 1931; 2c. and aff. Feb. 15. 1932; A 47662; G. E. Merriam,
243 3548 194 41 Homer,
469 3548 55 40 N.
557 3549 52 37 Y.
681 3547 278 49 (31-28687)

172 3620 205 61 Miller,
405 3624 199 62 Harry
633 3624 243 53 Graves.

238 3694 1925 70 The auditorium social arts, by Harry Graves Miller … and
172 3769 1991 73 Newton W. Chaffee … Boston, New York [etc.] D. C. Heath
171 3846 652 71 and company [ ᶜ1 932]
