2563 4368
1129 4126 132 50 1869

258 575 633 49 2 v. illus. (music) 21½ ᶜᵐ.
189 624 1975 106 CONTENTS.—Die orchestermusik; bd. I . Sinfonie und suite (von Gabrieli bis
453 688 300 46 Schumann)
788 687 161 40 bearb.
974 687 98 39 und
1096 684 198 48 ergänzt
1317 695 93 28 von
1435 681 254 42 Friedrich
1712 681 178 41 Noack.
1945 683 40 40 7.
2011 681 173 41 aufl.—

190 737 1993 52 bd. II . Sinfonie und suite (von Berlioz bis zur gegenwar t) bearb. und
189 801 198 48 ergänzt
414 811 92 29 von
534 800 143 45 Hugo
704 797 262 40 Botstiber.
1027 797 39 40 7.
1095 795 112 42 aufl.

195 854 1990 58 © Oct. 10. 1932; 1c. each Oct. 31; A—Foreign 18388, 18389; Brietkopf &
263 920 189 39 Härtel.
522 917 219 49 (33-434)

191 1023 85 52 La
305 1023 201 62 Gorce,
534 1020 205 64 Agnès
763 1021 88 53 de.

321 1090 1862 74 … Francis Thompson et les poètes catholiques d’Angleterre.
189 1177 154 52 Avec
371 1177 140 52 trois
541 1175 291 67 portraits.
897 1174 185 58 Paris,
1111 1174 147 51 Plon
1401 1176 83 62 [ᶜ1932]

262 1246 1180 52 2 p. l., 261 p., 1 l. front., 2 port, on 1 l. 19 ᶜᵐ.
262 1304 417 49 “Bibliographie”;
741 1314 43 38 p.
814 1302 217 42 255-259.

197 1356 1821 55 © May 13, 1932; 1c. July 14; A— Foreign 17312; Librairie Plon.
274 1418 220 49 (33-592)

194 1519 278 65 Leacock,
499 1519 260 65 Stephen
787 1518 224 64 Butler,
1043 1523 168 50 1869-

262 1592 1925 73 Mark Twain, by Stephen Leacock … [London] P. Davies,
190 1676 238 66 limited,
462 1679 149 48 1932.

262 1748 683 49 167 p. front. (port.) 20 ᶜᵐ.
263 1804 345 49 Bibliography;
669 1814 42 38 p.
745 1804 99 41 161.

200 1858 1989 51 © 1c. Nov. 26. 1932; A ad int. 17135; pubd. Nov. 17; D. Appleton & co.,
265 1918 115 39 New
412 1918 143 39 York.
626 1917 219 47 (33-597)

195 2019 355 65 Leenhardt,
580 2019 280 65 Maurice,
890 2020 83 52 ed.
1003 2020 113 51 and
1146 2026 69 48 tr.

325 2094 1865 69 … Documents néo-calédoniens. Paris, Institut d’ethnologie,
195 2178 149 49 1932.

265 2245 1926 51 3 p. l., 514 p., 1 l. 27 ᶜᵐ. (Université de Paris. Travaux et mémoires
194 2307 57 39 de.
284 2305 238 40 l’Institut
550 2305 31 39 d'ethnologie
597 2305 288 47 ,
1007 2305 13 46 IX)

267 2360 154 41 Music
463 2359 432 49 (unaccompanied
925 2360 253 48 melodies);
1247 2371 43 37 p.
1327 2359 246 50 [509]-510.

201 2413 1991 51 © Feb. 20, 1932; 1c. Mar. 21; A— Foreign 16215; Institut d’ethnologie.
279 2473 219 48 (33-595)

198 2573 401 66 Macmichael,
628 2574 274 65 William,
933 2576 325 54 1784-1839.

267 2648 1924 71 The gold-headed cane, by William Macmichael, M. D.; edited
198 2724 1994 149 with explanatory and illustrative notes and an essay on William Macmichael, M. D., his life, his works, and his editors, by
198 2881 248 54 Herbert
469 2881 246 68 Spencer
736 2881 290 53 Robinson;
1080 2881 332 68 containing
1432 2882 94 54 the
1548 2881 247 68 original
1816 2879 378 56 illustrations

199 2958 64 52 of
296 2958 95 55 the
425 2961 133 49 1828
595 2958 215 54 edition
847 2959 111 52 and
992 2956 252 57 hitherto
1277 2957 381 70 unpublished
1693 2958 274 68 portraits
2002 2957 62 53 of
2098 2958 94 51 the

200 3034 369 54 Macmichael
616 3035 206 68 family
869 3036 111 51 and
1026 3056 28 32 a
1101 3036 402 67 reproduction
1549 3036 63 52 of
1656 3035 259 54 William
200 3035 1967 132 Macmichael’s

431 3111 407 69 handwriting.
904 3112 136 52 New
1075 3112 177 68 York,
1285 3112 221 53 Froben
1538 3130 173 51 press,
1742 3112 126 67 inc.,
1902 3115 150 49 1932.

268 3182 1924 52 2 p. l., iii-xxxi, 223 p. front., illus. (incl. coats of arms) ports., double
199 3238 1247 52 facsim. 23½ ᶜᵐ. [Historia medicinae, vol. VI ]
274 3296 142 46 Story
447 3295 51 40 of
527 3306 28 29 a
586 3306 118 29 cane
732 3297 320 47 successively
1081 3296 190 41 carried
1300 3299 60 45 by
1390 3298 109 41 Drs.
1530 3297 253 49 Radcliffe,
1817 3298 156 49 Mead,
2003 3298 188 48 Askew,

201 3351 217 41 Pitcairn
442 3354 95 38 and
560 3352 177 40 Baillie
759 3353 94 38 and
874 3353 256 47 presented
1153 3354 59 45 by
1235 3354 115 39 Mrs.
1374 3353 176 40 Baillie
1574 3357 48 37 to
1645 3355 81 38 the
1749 3355 190 46 College
1961 3353 52 40 of
201 3352 1975 96 physicians.

272 3464 172 42 “Sixth
474 3463 227 43 edition.”

272 3521 232 41 Contains
533 3521 340 47 reproduction
901 3522 51 39 of
979 3523 98 45 t.-p.
1108 3522 51 38 of
1185 3521 60 39 2d
1274 3521 195 47 edition,
1499 3522 212 48 London,
1740 3522 128 43 1828.

273 3578 128 39 “The
431 3577 208 40 editions
670 3578 51 39 of
751 3576 100 40 The
881 3577 318 47 gold-headed
1229 3577 146 40 cane”;
1436 3589 41 37 p.
1514 3576 96 51 [vii]

208 3633 51 51 ©
289 3638 115 38 Nov.
435 3636 69 48 19,
535 3637 112 39 1932;
705 3636 68 40 2c.
802 3637 95 41 and
927 3635 81 41 aff.
1038 3636 117 40 Nov.
1185 3634 57 41 28;
1300 3636 41 38 A
1369 3636 144 41 58125;
1573 3637 189 39 Froben
1792 3646 148 39 press,
1972 3637 90 40 inc.
2127 3632 67 54 [©

275 3703 140 35 essay
443 3695 94 36 and
565 3696 151 44 notes]
790 3692 278 47 (32-34389)

204 3791 242 65 Mosley,
474 3794 100 51 Sir
601 3791 251 66 Oswald,
918 3799 125 60 bart.,
1075 3797 169 49 1896-

206 3867 1965 146 The greater Britain, by Oswald Mosley … [London] British] u[nion of] f[ascists, 1932]
273 4015 934 49 viii p., 1 l., 11-160 p. 1 illus. 19 ᶜᵐ.
