2563 4368
1084 4053 65 50 39

179 513 1161 52 4 p. l. , 86 p. front. (facsim.) illus. 21½ᶜᵐ.
181 573 210 40 Initials.

117 637 1993 55 © Dec. 10, 1931; 2c. and aff. Dec. 16; A 45741; R. W. Drury and Samuel
187 700 156 40 Smith
376 700 177 47 Drury,
589 699 230 46 Concord,
850 699 56 40 N.
940 699 61 39 H.
1072 697 250 49 (32-1729)

111 792 198 64 Fealy,
335 794 138 51 Mrs.
502 791 189 53 Nellie
718 790 308 53 Elizabeth
1064 788 338 68 (Gillespie)

177 865 408 68 Biographical
610 866 192 52 sketch
829 867 65 53 of
920 865 237 55 Charles
1181 865 63 52 F.
1273 865 174 53 Jones
1472 863 111 52 and
1609 863 90 53 his
1724 864 218 66 people,
1968 862 140 53 with

107 962 31 33 a
175 942 154 53 brief
363 942 218 71 history
619 942 65 54 of
719 944 94 53 the
853 942 251 67 Spanish
1141 948 186 64 treaty
1367 940 195 54 claims
1600 940 356 52 commission
1996 940 111 54 and

109 1018 92 55 the
238 1019 177 55 Court
449 1020 63 51 of
547 1018 213 71 claims,
793 1019 74 70 by
901 1018 182 53 Nellie
1118 1018 66 54 E.
1223 1018 192 69 Fealy.
1488 1016 397 69 Washington,
1922 1017 66 52 D.
2029 1016 81 63 C.,

107 1096 213 55 Gibson
358 1096 164 67 bros.,
560 1099 148 51 1931.

179 1177 958 50 2 p. l. , 271 p. front. (port.) 20 ᶜᵐ .
118 1246 50 52 ©
202 1251 109 39 Dec.
344 1250 69 48 30,
446 1248 112 41 1931;
621 1249 65 40 2c.
721 1249 110 42 Jan.
863 1248 40 49 9,
936 1247 114 41 1932;
1112 1247 82 41 aff.
1228 1248 108 39 Jan.
1371 1249 53 39 13;
1488 1248 42 39 A
1560 1247 143 41 45961;
1768 1249 55 39 N.
1859 1249 51 38 E.
1946 1247 164 49 Fealy,

185 1307 334 47 Washington.
590 1305 250 48 (32-1746)

105 1409 244 53 Federal
399 1413 274 64 reporter.
749 1406 219 55 Second
1016 1407 185 53 series.
1280 1405 168 55 Cases
1499 1408 216 68 argued
1764 1408 113 53 and
177 1408 1908 131 determined

405 1487 61 51 in
502 1487 95 52 the
635 1484 220 55 Circuit
893 1489 189 49 courts
1119 1485 63 54 of
1219 1487 235 66 appeals
1490 1485 114 52 and
1640 1485 247 53 District
1921 1489 190 49 courts

178 1564 64 53 of
280 1565 97 52 the
414 1565 219 53 United
674 1564 207 66 States,
918 1563 220 54 United
1182 1562 188 56 States
1409 1568 162 48 court
1607 1563 65 53 of
1710 1568 246 48 customs
1995 1563 114 52 and

177 1647 201 63 patent
416 1643 251 67 appeals,
707 1641 179 54 Court
926 1642 63 53 of
1026 1640 198 55 claims
1261 1641 64 53 of
1360 1642 97 52 the
1492 1640 219 56 United
1751 1640 206 69 States,
1996 1642 115 52 and

182 1719 178 54 Court
403 1720 63 52 of
510 1722 234 66 appeals
788 1720 63 52 of
893 1721 97 51 the
1032 1719 247 53 District
1322 1720 64 53 of
1432 1720 319 68 Columbia,
1795 1720 140 53 with
184 1719 1903 132 key-number

455 1797 380 54 annotations,
911 1815 49 34 v.
999 1803 62 47 51
1110 1798 127 69 (2d)
1287 1797 635 70 September-October,
1959 1801 152 51 1931.

178 1875 85 55 St.
294 1878 166 66 Paul,
489 1877 161 54 West
680 1876 337 69 publishing
1047 1895 97 50 co.,
1179 1880 151 50 1931.

186 1948 1253 52 xxiv, 1165 p. incl. front. (map) diagrs. 26 ᶜᵐ .
120 2017 52 53 ©
202 2022 111 39 Dec.
342 2021 68 48 16,
440 2019 113 41 1931;
610 2021 68 39 2c.
708 2022 96 38 and
834 2019 82 42 aff.
946 2021 108 39 Jan.
1086 2021 68 47 14,

1185 2020 114 41 1932;
1358 2021 43 38 A
1427 2019 144 41 45995;
1631 2021 136 40 West
1795 2019 110 48 pub.
1936 2030 65 28 co.

116 2168 142 55 Five
291 2173 212 67 college
533 2174 196 65 plans:
765 2172 299 54 Columbia
1120 2172 93 68 [by]
1251 2172 165 53 Dean
1448 2171 251 54 Herbert
1734 2171 65 53 E.
1836 2171 251 53 Hawkes;

180 2247 272 52 Harvard
495 2247 91 69 [by]
648 2247 162 53 Dean
845 2248 71 53 A.
956 2246 235 55 Chester
1225 2247 305 66 Hanford;
1569 2246 386 55 Swarthmore
2018 2245 90 70 [by]

181 2323 297 54 President
505 2324 197 54 Frank
729 2324 335 69 Aydelotte;
1093 2323 249 55 Wabash
1391 2325 94 69 [by]
1519 2323 297 55 President
1843 2323 174 53 Louis
2043 2323 68 53 B.

183 2401 297 69 Hopkins;
526 2401 249 69 Chicago
825 2401 90 70 [by]
984 2402 162 54 Dean
1190 2401 303 70 Chauncey
1538 2400 56 56 S.
1640 2402 288 66 Boucher;
1974 2399 140 55 with

184 2478 1926 70 an introduction by John J. Coss … New York, Columbia
181 2556 315 71 university
529 2575 172 51 press,
736 2559 150 51 1931.

183 2636 664 49 3 p. l. , 115 p., 1 l. 21 ᶜᵐ .
186 2692 1928 51 “Lecture[s] … delivered … before the students of Columbia university
114 2750 178 48 during
317 2751 82 39 the
429 2760 213 30 summer
670 2748 187 41 session
884 2749 54 40 of
964 2748 266 49 1931.”—p.
1275 2751 40 48 [7]

123 2820 50 52 ©
200 2825 117 39 Nov.
344 2824 69 47 30,
440 2822 112 41 1931;
607 2823 67 40 2c.
699 2822 119 43 Nov.
844 2824 53 37 11;
954 2822 80 40 aff.
1064 2823 108 39 Jan.
1199 2822 40 47 2,
1267 2822 114 41 1932;
1438 2822 41 40 A
1504 2822 171 50 46696;
1708 2823 251 41 Columbia
1987 2822 131 42 univ.

191 2891 149 37 press.
410 2879 250 49 (32-1980)

118 2969 301 68 Flanders,
450 2971 182 55 Louis
659 2973 268 63 Warner,
958 2976 171 51 1864-

189 3048 229 56 Simeon
447 3050 123 66 Ide,
595 3067 256 51 yeoman,
881 3048 274 69 freeman,
1186 3049 230 68 pioneer
1446 3049 239 69 printer,
1715 3050 76 69 by
1821 3051 175 52 Louis
2025 3050 90 54 W.

119 3127 296 67 Flanders,
443 3144 66 34 m.
539 3145 47 33 d.;
649 3126 141 53 with
821 3145 31 34 a
880 3127 313 68 genealogy
1223 3125 65 54 of
1317 3127 96 52 the
1443 3127 105 53 Ide
1579 3126 226 70 family,
1835 3127 282 68 compiled

119 3204 72 69 by
236 3205 182 52 Edith
462 3205 281 52 Flanders
785 3203 258 54 Dunbar.
1128 3203 425 70 Bibliography
1597 3204 65 54 of
1707 3205 95 52 the
1846 3205 271 67 imprints

119 3281 64 52 of
217 3280 230 56 Simeon
481 3282 123 66 Ide,
635 3281 75 69 by
745 3282 67 52 R.
847 3281 91 55 W.
974 3279 70 57 G.
1137 3281 94 53 Vail.
1301 3281 277 69 Rutland,
1613 3282 116 68 Vt.,
1765 3282 123 53 The
1921 3283 196 53 Tuttle

118 3376 296 52 company,
448 3362 150 49 1931.

188 3438 1234 51 5 p. l. , [9]-347 p. front., plates. ports. 23½ ᶜᵐ .
189 3495 390 48 “Bibliography,
614 3496 234 47 compiled
877 3496 63 46 by
973 3497 55 39 R.
1064 3496 71 40 W.
1171 3495 52 41 G.
1259 3495 167 42 Vail”:
1464 3506 42 38 p.
1548 3495 248 51 [139]-172.

128 3562 50 52 ©
205 3566 110 40 Dec.
341 3567 69 46 21,
437 3565 113 42 1931;
605 3567 67 40 2c.
698 3568 96 38 and
820 3567 81 41 aff.
930 3568 108 40 Jan.
1066 3569 68 46 11,
1161 3566 114 42 1932;
1331 3567 41 40 A
1395 3567 149 42 45938;
1596 3569 147 40 Louis
1769 3570 71 39 W.
1869 3569 250 46 Flanders,

195 3623 173 47 Dover,
402 3623 56 39 N.
492 3624 60 39 H.
623 3622 249 49 (32-2141)

117 3724 290 66 Fletcher,
441 3725 150 64 Guy.

186 3799 171 54 Anna
385 3801 224 69 Farley.
692 3802 359 66 [Instalment
1079 3808 49 61 3]

203 3874 81 48 (In
314 3871 209 43 Woman
554 3872 96 43 and
680 3873 144 43 home
856 3873 276 51 magazine,
1164 3873 129 51 Dec.,
1329 3874 144 50 1931)

130 3925 1989 57 © 1c. Jan. 18, 1932; A ad int. 15995; pubd. Nov. 20, 1931; G. Fletcher,
197 3987 211 42 London.
