2563 4368
1437 4068 67 51 94

465 464 215 67 Smith,
711 468 218 54 Ernest
958 466 274 66 Thomas,
1266 466 170 55 1879-

536 547 57 52 A
636 564 122 34 new
806 547 288 65 approach
1140 550 59 47 to
1245 543 248 69 history;
1544 542 267 54 teacher’s
1859 541 247 66 manual,
2151 541 76 67 by
2274 541 67 52 E.
2391 542 64 50 T.

470 621 188 56 Smith;
719 628 59 47 to
807 640 345 51 accompany
1181 624 55 52 A
1265 639 122 35 new
1418 622 288 67 approach
1736 625 59 47 to
1823 619 155 66 early
2009 618 305 67 European
470 617 1965 151 history,

649 702 75 66 by
761 702 67 52 E.
864 704 64 49 T.
968 700 208 66 Smith,
1210 701 55 51 A
1300 718 122 33 new
1458 699 288 66 approach
1785 702 59 46 to
1880 696 235 51 modern
2152 696 305 65 European

468 777 238 69 history,
745 778 75 68 by
861 777 67 53 E.
969 780 64 51 T.
1076 777 207 67 Smith,
1322 777 55 52 A
1414 794 122 34 new
1577 775 290 67 approach
1905 778 58 47 to
2001 771 305 54 American
469 770 1965 153 history,

648 855 76 68 by
761 856 70 52 D.
871 856 62 54 C.
972 853 202 69 Bailey
1212 855 113 51 and
1362 855 65 52 E.
1467 856 63 50 T.
1574 848 204 60 Smith.
1855 850 270 67 Chicago,
2160 850 120 52 The
469 849 1960 151 University
708 934 64 53 of

800 930 251 70 Chicago
1078 950 157 49 press
1289 936 151 62 [1931]

539 1003 826 50 ix, 73 p. illus. (form) 22½ ᶜᵐ .
475 1059 51 52 ©
565 1064 111 40 Dec.
713 1062 70 48 29,
821 1061 141 48 1931;
1001 1062 67 41 2c.
1107 1063 95 38 and
1240 1061 81 40 aff.
1361 1061 109 40 Jan.
1510 1060 69 47 21,
1618 1058 140 46 1932;
1799 1058 41 39 A
1877 1056 171 47 48018;
2091 1055 281 49 University
2411 1057 51 40 of

543 1119 222 48 Chicago,
805 1120 221 47 Chicago.
1099 1117 249 49 (32-2863)

533 1215 1923 74 … South eastern reporter. v. 160. Permanent ed. … with
540 1300 372 66 key-number
964 1298 378 53 annotations.
1418 1297 244 55 October
1715 1296 412 52 15-December
2176 1299 82 63 10,
2309 1299 149 49 1931.

543 1376 83 55 St.
657 1378 165 66 Paul,
849 1378 159 53 West
1037 1376 335 69 publishing
1400 1395 98 48 co.,
1529 1379 150 48 1932.

542 1447 1658 51 xvi, 989 p. 26 ᶜᵐ . (National reporter system—State series)
476 1503 51 52 ©
556 1507 109 42 Jan.
691 1506 69 49 28,
789 1506 139 47 1932;
957 1506 67 42 2c.
1052 1506 109 40 Feb.
1191 1506 51 47 8;
1273 1505 80 41 aff.
1383 1505 110 42 Feb.
1521 1504 82 48 10;
1634 1506 40 38 A
1699 1505 172 47 48433;
1902 1506 136 40 West
2066 1506 107 46 pub.
2203 1516 67 29 co.

470 1621 183 68 Stelk,
681 1624 154 54 John
868 1622 261 67 Charles,
1162 1624 170 54 1875-
1543 1624 84 54 ed.

541 1696 226 55 Illinois
815 1699 107 51 law
967 1715 71 35 on
1086 1695 438 70 administering
1566 1702 202 48 estates
1814 1697 63 53 of
1921 1698 266 53 deceased
2231 1716 233 49 persons

473 1777 125 51 who
640 1773 108 55 left
789 1794 73 33 no
905 1776 111 52 last
1058 1774 119 53 will
1222 1776 113 51 and
1378 1779 315 48 testament.
1768 1776 185 53 When
1998 1774 463 54 administration

472 1859 99 47 not
628 1870 308 50 necessary.
1086 1851 154 70 Rights
1296 1851 64 53 of
1414 1850 272 55 creditors
1745 1851 51 53 if
1851 1871 73 34 no
1981 1850 480 55 administration.

474 1930 185 53 Based
688 1947 153 49 upon
870 1929 96 52 the
994 1928 226 54 Illinois
1251 1933 236 50 statutes
1520 1930 112 52 and
1661 1928 199 54 official
1893 1931 275 66 Supreme
2200 1931 112 52 and

471 1931 1966 146 Appellate
715 2015 186 48 courts
937 2016 237 61 reports.
1251 2011 316 67 Compiled,
1602 2008 189 56 edited
1827 2013 113 52 and
1976 2011 377 69 copyrighted
2387 2011 73 68 by

470 2087 1992 70 John Stelk … Chicago, Ill., Federation of property owners
477 2169 191 64 [ᶜ1931]

578 2268 9 16 x,
621 2237 84 39 241
740 2247 43 37 p.
846 2236 145 41 19½ᶜᵐ.

544 2293 159 39 Blank
727 2302 148 39 pages
897 2293 79 39 for
1004 2291 277 50 “Clippings
1307 2294 94 39 and
1427 2293 417 41 memorandums”
1884 2295 249 47 (238-241)

544 2349 226 40 Lettered
799 2359 60 29 on
887 2359 167 30 cover:
1088 2350 195 39 Estates
1314 2349 246 41 intestate.

480 2403 51 52 ©
563 2407 125 48 Sept.
718 2407 39 47 5,
786 2406 139 46 1931;
955 2405 65 41 2c.
1051 2406 109 40 Jan.
1189 2407 69 47 18,
1288 2406 139 47 1932;
1460 2405 80 41 aff.
1572 2407 108 41 Jan.
1711 2408 80 46 16;
1825 2409 39 38 A
1892 2409 171 46 47033;
2096 2410 44 39 J.
2174 2409 147 46 Stelk,

546 2411 1901 99 Berwyn,
703 2463 74 39 Ill.
849 2462 248 48 (32-2790)

544 2559 227 55 Illinois
798 2561 108 53 law
935 2580 73 34 on
1037 2561 94 53 the
1161 2561 1020 67 appointment—duties—liabilities
2213 2565 64 53 of
2307 2585 30 33 a
475 2584 1965 121 notary

649 2637 1812 68 public … based upon the Illinois statutes and official
477 2712 273 68 Supreme
792 2716 112 51 and
949 2715 308 67 Appellate
1299 2722 160 47 court
1499 2722 239 66 reports,
1778 2719 298 68 compiled,
2118 2720 189 54 edited
2350 2721 109 51 and

475 2790 1964 131 copyrighted by John Charles Stelk … Chicago, Ill., Federation
622 2868 63 55 of
710 2874 276 63 property
1013 2889 233 50 owners,
1275 2875 150 48 1931.

544 2944 679 49 2 p. l., 7-81, [4] p. 20 ᶜᵐ .
546 2999 159 40 Blank
738 3010 145 38 pages
918 3000 123 40 “For
1074 3001 236 48 clippings
1344 3004 94 38 and
1473 3005 417 40 memorandums”
1934 3006 66 47 ([4]
2055 3009 51 37 at
2141 3007 116 44 end)

482 3052 51 52 ©
564 3057 112 48 Apr.
708 3057 69 47 22,
809 3057 140 47 1931;
983 3058 66 41 2c.
1082 3059 107 39 Jan.
1223 3060 68 46 18,
1325 3059 139 49 1932;
1500 3061 80 39 aff.
1615 3063 109 40 Jan.
1757 3064 80 44 16;
1872 3064 40 38 A
1944 3065 170 44 47032;
2151 3066 42 39 J.
2230 3064 48 41 C,
2315 3065 133 39 Stelk,

549 3114 220 47 Berwyn,
800 3115 74 40 Ill.
945 3115 248 47 (32-2791)

476 3213 194 67 Suski,
696 3217 176 52 Peter
900 3217 205 66 Marie,
1136 3219 169 52 1875-

541 3287 120 52 The
717 3289 290 66 phonetics
1062 3290 63 51 of
1180 3291 282 67 Japanese
1517 3294 296 67 language,
1870 3295 134 52 with
2067 3297 280 53 reference
2405 3306 56 45 to

477 3365 1988 76 Japanese script, by P. M. Suski … Los Angeles, The Science
478 3442 1917 76 society; London, K. Paul, Trench, Trubner & co., ltd., ᶜ1 931.
544 3526 649 49 3 p. l., 122 p., 1 l. 18 ᶜᵐ .
547 3579 922 47 “Works consulted” : 1 leaf at end.
484 3634 51 52 ©
562 3639 108 41 Dec.
697 3638 68 47 30,
792 3637 113 41 1931;
959 3639 67 39 2c.
1052 3640 108 40 Jan.
1186 3641 40 46 6,
1254 3640 112 41 1932;
1423 3642 80 41 aff.
1532 3644 108 40 Jan.
1667 3645 26 38 4;
1750 3644 39 39 A
1815 3646 142 39 45822;
2056 3677 7 8 P.
2094 3649 60 38 M.
2187 3649 157 43 Suski,
2375 3650 90 38 Los

550 3695 215 46 Angeles.
837 3695 248 48 (32-2761)

478 3779 267 66 Taraval,
777 3781 393 68 Sigismundo,
1203 3785 321 55 1700-1763.

549 3856 120 52 The
699 3856 211 52 Indian
938 3857 264 70 uprising
1231 3859 60 51 in
1319 3859 200 53 Lower
1550 3860 341 71 California,
1923 3864 325 70 1734-1737,
2279 3885 59 34 as

479 3868 1959 117 described
735 3933 74 69 by
847 3934 215 52 Father
1102 3933 367 70 Sigismundo
1509 3938 275 68 Taraval;
1826 3941 332 69 translated,
2199 3943 138 53 with
2380 3945 81 51 in-
