2563 4368
1318 4046 100 53 736

382 459 359 69 [Holmgren,
776 459 284 65 Ephraim
1094 461 57 54 S.]
1210 463 171 50 1902-
1592 477 180 37 comp.

440 539 174 53 Rules
647 540 95 51 for
771 537 309 56 admission
1110 545 58 47 to
1196 539 95 53 the
1321 539 104 52 bar
1453 540 59 51 in
1542 538 96 53 the
1665 538 215 54 several
1911 542 172 49 states
2114 536 112 53 and
374 535 1968 139 territories

632 617 64 53 of
729 617 97 53 the
861 616 217 54 United
1116 616 189 55 States
1338 616 61 52 in
1435 616 156 53 force
1625 615 173 69 April
1837 619 47 63 1,
1923 617 151 64 1932,
2108 614 260 68 together

375 692 137 54 with
543 694 94 51 the
667 693 154 56 Code
854 693 63 53 of
946 694 177 52 ethics
1153 693 248 67 adopted
1432 694 75 66 by
1536 694 96 51 the
1663 691 303 54 American
1997 692 104 52 bar
372 686 1972 156 association,

544 770 306 53 annotated
880 774 58 49 to
969 788 149 35 cases
1148 770 61 53 in
1241 770 164 67 point
1435 769 111 54 and
1578 769 99 53 list
1705 770 63 53 of
1797 771 110 51 law
1935 769 235 54 schools.
2238 769 130 53 19th

373 846 86 53 ed.
535 846 84 56 St.
658 848 165 66 Paul,
861 848 203 66 Minn.,
1101 847 159 56 West
1298 845 335 71 publishing
1672 864 297 50 company,
2008 848 150 52 1932.

445 932 132 49 xxxi,
611 933 83 39 211
727 944 43 38 p.
831 932 146 42 20½ᶜᵐ.

448 1001 233 42 Previous
708 1002 210 43 editions
944 1003 236 49 compiled
1206 1003 60 48 by
1294 1003 53 41 E.
1376 1002 45 41 S.
1452 1003 278 50 Holmgren.

448 1057 257 43 “Includes
731 1059 226 42 valuable
984 1058 320 43 information
1333 1060 51 39 in
1413 1060 172 49 regard
1615 1062 49 38 to
1694 1061 82 40 the
1803 1060 127 41 local
1957 1063 191 47 reports
2175 1062 52 41 of
2253 1064 121 39 each

378 1117 141 48 state,
550 1118 95 39 and
679 1117 139 42 other
847 1116 92 41 law
969 1117 161 49 books,
1159 1115 260 49 especially
1450 1116 225 41 valuable
1705 1119 48 38 to
1784 1118 82 40 the
1896 1117 183 49 lawyer
2109 1118 206 50 opening
2342 1129 31 30 a

377 1184 97 30 new
510 1173 172 42 office.”

384 1240 51 53 ©
462 1245 113 48 Apr.
603 1245 69 47 21,
700 1244 112 42 1932;
868 1244 68 41 2c.
964 1245 114 47 May
1105 1244 53 40 14;
1216 1243 82 42 aff.
1327 1245 113 47 May
1466 1245 55 39 13;
1578 1245 41 38 A
1644 1244 145 41 49945;
1845 1246 135 40 West
2006 1246 109 49 pub.
2144 1255 65 32 co.

462 1300 278 50 (32-12943)

381 1405 393 64 Hutchinson,
803 1404 232 55 Arthur
1063 1403 529 58 Stuart-Menteth.

451 1482 114 69 Big
594 1483 268 54 business,
938 1483 162 68 chap.
1133 1482 184 56 15-17.

462 1567 82 48 (In
572 1563 135 43 Good
736 1563 383 54 housekeeping,
1149 1565 142 51 June,
1324 1565 144 51 1932)

386 1635 1972 113 © 1c. June 15, 1932; A ad int. 16535; pubd. May 31; A. S. M. Hutchinson,
584 1697 318 46 Eastbourne,
934 1698 234 47 England.

382 1796 235 56 Kansas
646 1796 204 72 digest,
882 1799 268 70 covering
1179 1818 151 36 cases
1361 1800 266 70 reported
1658 1802 61 52 in
1748 1803 226 54 Kansas
2005 1808 222 67 reports
2258 1805 113 53 and

449 1874 212 55 Pacific
713 1882 273 63 reporter,
1039 1878 140 53 with
1232 1885 228 47 current
1513 1881 343 54 cumulative
1909 1882 204 69 pocket
2163 1884 210 53 service

445 1951 245 70 keeping
722 1954 114 53 this
871 1954 186 68 digest
1092 1955 211 68 always
1334 1962 59 47 to
1429 1957 149 68 date,
1611 1958 280 68 compiled
1928 1960 111 53 and
2074 1960 189 55 edited
2296 1962 77 67 by

451 2028 1922 80 the publisher’s editorial staff … v. 1, 2. St. Paul, West
452 2108 670 72 publishing co. [ ᶜ19 32]
451 2193 275 42 2 v. 26 ᶜᵐ .
451 2263 223 42 Lettered
707 2276 60 29 on
796 2276 169 31 cover;
996 2267 113 41 1858
1139 2271 49 38 to
1216 2269 128 41 date.

450 2319 133 51 “Key
615 2323 202 41 number
848 2323 224 47 system.”

386 2387 52 51 ©
467 2392 113 48 Apr.
609 2391 69 48 25,
709 2391 112 43 1932;
880 2393 66 40 2c.
977 2395 118 39 each
1126 2396 113 47 May
1269 2396 55 39 14;
1383 2395 108 45 affs.
1523 2400 113 47 May
1666 2401 54 40 13;
1779 2402 41 38 A
1847 2402 158 49 49958,
2035 2402 147 42 49959;
2241 2406 134 41 West

454 2448 279 50 publishing
763 2461 66 30 co.
899 2451 280 50 (32-12940)

383 2553 203 64 Keats,
614 2553 172 64 John,
819 2559 321 54 1795-1821.

444 2626 222 70 Poems,
693 2630 78 68 by
799 2630 159 55 John
988 2633 208 67 Keats;
1230 2636 138 52 with
1400 2637 296 56 selections
1729 2639 152 55 from
1911 2642 91 54 his
2030 2644 195 54 letters
2257 2645 112 53 and

378 2703 1991 86 from criticism, edited by C. W. Thomas … New York, R.
377 2781 163 70 Long
568 2787 45 50 &
640 2785 70 52 R.
739 2786 69 53 R.
841 2785 207 69 Smith,
1078 2790 125 65 inc.,
1235 2794 150 50 1932.

484 2900 9 17 x,
522 2869 86 40 246
636 2881 44 37 p.
740 2870 147 43 20½ᶜᵐ.

386 2934 52 52 ©
465 2939 113 48 May
605 2941 67 47 13,
701 2940 114 42 1932;
870 2942 68 40 2c.
966 2945 93 38 and
1087 2942 83 43 aff.
1199 2946 112 48 May
1338 2948 55 38 14;
1450 2949 41 38 A
1517 2950 143 42 52003;
1717 2953 107 49 Ray
1851 2954 133 50 Long
2010 2957 36 39 &
2073 2956 215 44 Richard
2316 2961 42 39 R

456 2995 169 49 Smith,
654 2997 90 39 inc.
815 2998 278 48 (32-12813)

383 3099 234 65 Koffler,
644 3101 196 57 Dosio.

448 3173 272 57 Wilhelm
797 3219 20 12 II,
893 3180 113 52 Ein
1042 3182 119 55 film
1197 3202 110 35 von
1344 3187 177 54 Dosio
1558 3189 224 56 Koffler.
1859 3195 214 67 Berlin,
379 3192 1965 134 Lucifer-verlag

611 3259 190 64 [ ᶜ19 31 ]
451 3324 576 53 169, [1] p., 1 l. 21½ᶜᵐ.
384 3390 1784 73 © Nov. 9, 1931; 1c. Dec. 17; A—Foreign 14868; Lucifer-verlag.
463 3452 277 50 (32-13576)

380 3551 375 70 Koischwitz,
785 3558 160 68 Otto,
975 3567 169 50 1902-

508 3630 1540 82 … Deutsche fibel. New York, F. S. Crofts [ᶜ1932]
483 3704 659 52 x, 131 p. illus., pl. 21 ᶜᵐ .
448 3757 287 44 Illustrated
763 3764 97 46 t.-p.

449 3812 373 53 Bibliography;
853 3829 42 37 p.
944 3820 230 51 [103]-104.

382 3877 51 51 ©
470 3883 112 47 Apr.
621 3885 69 46 25,
726 3884 140 50 1932;
906 3889 67 43 2c.
1009 3892 113 48 Apr.
1160 3893 82 48 28;
1282 3896 82 41 aff.
1400 3899 116 48 Apr.
1551 3900 83 49 27;
1671 3904 43 38 A
1751 3904 169 50 51049;
1961 3907 52 43 O.
2052 3909 310 50 Koischwitz,

449 3938 132 49 Long
608 3942 168 41 Island
803 3944 122 49 City,
954 3947 54 39 N.
1039 3949 51 39 Y.
1161 3950 279 55 (32-13135)
