2563 4368
1108 4062 133 53 1459

164 440 207 64 Carey,
400 437 162 57 Alice
593 437 326 66 Elizabeth,
953 440 171 51 1909-
1337 453 180 52 comp.

235 515 243 70 Catalog;
551 515 155 56 units
754 517 65 52 of
864 513 175 69 work,
1088 514 300 69 activities,
1435 516 265 68 projects,
1747 519 120 63 etc.,
1916 519 58 48 to
2026 517 132 50 1932

170 589 1981 78 [Compiled by] Alice E. Carey … Paul R. Hanna … [and]
162 666 1971 140 J. L. Meriam … New York city, Pub. by Bureau of publications of
511 750 277 53 Teachers
821 749 229 69 college,
1087 747 299 58 Columbia
1421 745 333 70 university,
1792 746 93 54 for
1919 747 239 54 Lincoln

162 828 190 53 school
381 828 65 55 of
476 829 276 53 Teachers
784 828 228 68 college,
1045 831 150 52 1932.

235 895 1926 58 xii, 290 p. 23½ ᶜᵐ. (Half-title: Lincoln school of Teachers college,
167 952 1591 55 Columbia university … Lincoln school research studies)
237 1014 134 41 Each
403 1016 112 48 part
547 1014 233 49 preceded
812 1015 61 48 by
905 1014 102 42 leaf
1039 1014 120 41 with
1192 1013 236 41 half-title
1460 1015 84 39 not
1578 1013 226 41 included
1835 1013 51 40 in
1918 1013 82 40 the
166 1010 1978 106 pagination
378 1071 51 51 (3
462 1073 188 48 leaves)

513 1129 163 41 CONTENTS.—The
714 1128 337 50 bibliography
1093 1128 53 40 of
1184 1126 133 42 units
1356 1128 53 40 of
1447 1128 149 47 work,
1636 1127 260 49 activities,
1936 1128 225 49 projects,

166 1187 87 39 etc.;
319 1183 378 51 alphabetically
731 1187 239 47 arranged
1006 1185 85 41 list
1125 1186 53 40 of
1211 1185 134 41 titles
1381 1185 52 40 of
1467 1184 132 42 units
1634 1185 53 40 of
1720 1186 147 47 work,
1904 1184 259 49 activities,

168 1242 226 49 projects,
431 1244 104 47 etc.,
572 1244 147 40 taken
755 1244 129 40 from
919 1241 161 50 books,
1117 1252 196 31 courses
1348 1242 52 40 of
1434 1242 160 49 study,
1630 1243 288 48 pamphlets,
1956 1243 94 40 and
168 1251 1977 93 periodicals.—The

603 1300 439 42 sources.—Index.

171 1355 52 52 ©
252 1360 120 48 Aug.
401 1358 68 43 10.
499 1358 115 41 1932;
669 1359 66 40 2c.
768 1359 128 47 Sept.
925 1357 83 48 16;
1040 1357 81 41 aff.
1155 1357 126 48 Sept.
1314 1359 80 45 19;
1427 1359 40 37 A
1498 1355 170 50 55199;
1701 1358 241 41 Teachers
1973 1358 191 49 college.

240 1415 250 42 Columbia
524 1416 114 39 univ
659 1449 8 15 ,
702 1415 114 39 New
850 1415 143 40 York.
1064 1413 279 48 (32-25291)

170 1518 223 63 Carias,
426 1519 176 54 Léon.

238 1591 1789 74 Anatole France, par Léon Carias. Paris, Rieder [19 31]
238 1665 1779 55 96 p. 60 pl. (incl. ports., facsims.) on 30 1. 20×15½ ᶜᵐ. (Half-title:
167 1725 201 41 Maîtres
401 1726 83 40 des
515 1724 321 42 littératures.
897 1724 79 48 10)

169 1776 1829 65 © Oct. 13, 1931; 1c. Dec. 21; A—Foreign 14933; Éditions Rieder.
249 1845 280 49 (31-35094)

172 1949 227 63 Carter,
430 1948 231 54 Russell
692 1948 253 55 Gordon.

239 2024 165 55 Good
449 2025 147 68 luck,
639 2025 346 55 lieutenant!
1065 2028 48 51 By
1202 2027 222 53 Russell
1468 2026 236 57 Gordon
1752 2027 232 68 Carter;
2031 2027 139 55 with

170 2102 379 55 illustrations
587 2103 75 68 by
699 2103 227 54 Harold
966 2104 63 52 L.
1070 2105 286 52 Burrows.
1434 2106 232 66 Boston,
1706 2105 197 68 Little,
1943 2107 229 65 Brown,

168 2181 113 52 and
304 2197 298 51 company,
629 2184 151 50 1932.

239 2251 1213 53 6 p. l., [3]-244 p. incl. plates, col. front. 20½ ᶜᵐ.
177 2306 52 52 ©
267 2310 102 40 Oct.
405 2311 40 47 3,
482 2310 139 47 1932;
660 2310 68 41 2c.
764 2312 96 38 and
897 2309 81 42 aff.
1018 2311 102 40 Oct.
1157 2312 26 38 4;
1250 2312 40 38 A
1328 2311 147 39 55410;
1542 2313 52 39 R.
1636 2313 52 38 G.
1728 2311 185 49 Carter,
1951 2312 218 45 Newton,

244 2367 145 40 Mass.
460 2366 278 47 (32-25318)

178 2469 139 67 [The
348 2469 255 66 Cavalry
630 2471 255 67 journal]

245 2546 119 55 The
413 2550 69 50 R.
530 2548 68 55 O.
647 2549 66 52 T.
764 2550 60 54 C.
875 2550 247 52 manual.
1200 2548 268 71 Cavalry.
1543 2550 183 54 Basic.
1802 2552 104 52 3rd
1955 2552 83 52 ed.
2114 2554 56 53 A

174 2625 270 53 textbook
470 2626 95 52 for
593 2627 95 52 the
716 2627 243 53 Reserve
988 2623 207 58 officers
1225 2628 259 70 training
1512 2647 181 51 corps.
1764 2629 403 71 Washington,

176 2703 71 52 D.
279 2701 82 69 C.,
388 2704 121 52 The
539 2704 273 54 National
840 2704 211 56 service
1079 2707 337 69 publishing
1443 2727 282 49 company
1761 2711 173 64 [1932]

245 2776 97 47 xvi,
372 2776 86 43 790
483 2789 43 37 p.
585 2778 127 41 illus.
741 2780 14 46 (incl.
904 2779 161 49 maps)
1104 2780 179 48 diagrs.
1342 2782 56 39 24½ᶜᵐ.

249 2831 249 42 Produced
527 2833 60 48 by
616 2834 82 41 the
729 2833 210 50 Cavalry
969 2836 197 47 journal
1197 2837 50 39 in
1277 2838 310 50 cooperation
1620 2839 118 40 with
1769 2839 81 41 the
1881 2839 289 50 publishers.

177 2888 64 49 cf.
270 2889 274 42 Foreword.

181 2943 52 52 ©
270 2947 127 48 Sept.
431 2947 41 47 2,
506 2947 140 47 1932;
683 2947 67 42 2c.
787 2950 94 38 and
917 2948 77 41 aff.
1037 2951 125 46 Sept.
1201 2951 51 46 8;
1290 2952 41 38 A
1366 2951 170 47 55009;
1574 2953 130 39 Natl.
1741 2952 182 42 service
1959 2954 108 47 pub.
2105 2966 67 29 co.

256 3002 280 51 (32-25255)

178 3091 193 64 Clark,
401 3092 169 54 Edna
595 3093 211 56 Maria.

250 3166 150 56 Ohio
441 3175 89 47 art
570 3170 112 52 and
725 3171 212 68 artists,
977 3172 73 66 by
1092 3174 167 52 Edna
1299 3176 190 51 Maria
1531 3176 193 68 Clark,
1821 3219 12 10 M.
1914 3220 11 10 A.
176 3174 1969 142 Richmond,
395 3245 236 56 Garrett
661 3250 110 52 and
800 3250 210 55 Massie
1045 3254 191 65 [ᶜ1932]

251 3319 1525 59 xiii p., 1 l., 509 p. incl. front., illus., plates, ports. 28 ᶜᵐ.
250 3375 100 41 The
379 3376 328 43 illustrations
736 3390 83 31 are
848 3381 260 40 numbered
1138 3392 55 30 as
1222 3383 172 48 plates.

183 3427 52 52 ©
264 3432 127 48 Sept.
418 3434 68 47 17,
514 3433 111 41 1932;
680 3435 66 40 2c.
778 3436 127 48 Sept.
933 3435 55 42 20;
1044 3437 81 40 aff.
1156 3438 127 49 Sept.
1310 3439 53 39 21;
1423 3441 40 38 A
1488 3439 144 43 54948;
1691 3441 199 41 Garrett
1917 3447 37 40 &
1979 3442 194 47 Massie,

248 3487 90 41 inc.
409 3489 279 50 (32-25121)
1963 3497 118 42 9483

180 3571 193 68 Clark,
403 3577 201 55 Elmer
628 3579 299 67 Talmage,
959 3584 171 51 1886-
1340 3586 87 53 ed.

250 3652 122 54 The
404 3652 145 54 book
582 3654 63 52 of
680 3654 157 70 daily
872 3655 282 71 devotion,
1189 3659 187 54 edited
1410 3660 75 68 by
1520 3661 196 52 Elmer
1749 3663 64 50 T.
1851 3661 177 55 Clark
2061 3662 112 54 and

180 3726 88 53 W.
295 3726 66 55 G.
390 3727 198 68 Cram;
614 3729 140 54 with
780 3751 72 36 an
877 3732 385 55 introduction
1286 3736 75 69 by
1387 3736 217 70 Bishop
1632 3738 223 53 Arthur
1881 3738 57 57 J.
1962 3738 212 55 Moore.

181 3802 897 72 Nashville, Cokesbury press [ ᶜ1932]
248 3873 88 41 400
366 3885 43 39 p.
470 3877 115 41 21ᶜᵐ.

186 3929 53 52 ©
264 3933 128 50 Sept.
415 3936 42 46 8,
480 3935 114 42 1932;
647 3937 68 42 2c.
742 3939 127 48 Sept.
893 3940 54 41 23;
1004 3940 82 42 aff.
1115 3942 129 49 Sept.
1269 3943 54 40 22;
1379 3946 40 39 A
1446 3946 143 42 56065;
1646 3948 268 43 Whitmore
1942 3949 34 41 &
2005 3946 171 44 Smith.

253 3989 265 43 Nashville.
587 3992 280 51 (32-25302)
