2563 4368
1082 4033 99 53 575

117 540 52 52 ©
200 543 112 42 Dec.
340 542 39 47 5,
410 541 110 40 1931;
581 541 67 40 2c.
680 539 108 39 Feb.
819 539 38 46 8,
888 536 113 41 1932;
1062 534 82 44 aff.
1174 537 112 46 Apr.
1318 535 54 40 13;
1434 535 39 37 A
1502 531 144 41 49539;
1706 532 70 40 W.
1810 531 49 40 F.
1894 529 206 50 Quarrie

184 601 36 39 &
245 609 81 36 co.,
354 597 221 48 Chicago.
656 590 52 53 [©
735 595 236 40 revisions
998 594 95 39 and
1118 602 105 30 new
1250 595 192 44 matter]
1514 589 279 49 (32-10810)

111 715 285 64 Hopkins,
421 712 298 66 Timothy,
749 717 171 49 1859-

177 791 158 54 John
361 789 270 68 Hopkins
657 787 64 54 of
749 785 363 69 Cambridge,
1139 783 461 68 Massachusetts,
1628 784 151 65 1634,
1807 781 114 53 and
1949 799 152 35 some

110 867 64 54 of
215 868 88 54 his
346 866 389 68 descendants,
778 864 76 69 by
897 862 274 70 Timothy
1213 860 288 69 Hopkins.
1607 856 300 71 [Stanford
112 857 1964 157 University,
371 943 193 68 Calif.,
594 941 281 57 Stanford
905 939 316 70 university
1250 956 157 51 press]
1462 939 149 53 1932.

181 1012 855 54 xi, 936 p. front. (facsim.) 26 ᶜᵐ.
120 1086 51 52 ©
205 1090 113 48 Apr.
352 1091 41 45 4,
427 1087 112 41 1932;
604 1085 67 43 2c.
706 1087 113 47 Apr.
854 1084 58 41 19;
973 1085 82 40 aff.
1091 1085 114 47 Apr.
1240 1082 58 41 20;
1362 1083 37 38 A
1436 1081 141 42 50827;
1644 1081 52 43 T.
1733 1078 235 49 Hopkins,
2009 1079 96 40 San

189 1146 270 41 Francisco.
530 1142 280 51 (32-10542)

117 1250 242 53 Hudson
389 1248 122 55 coal
540 1263 304 49 company.

183 1324 122 54 The
350 1330 158 62 story
551 1322 66 54 of
660 1321 336 67 anthracite,
1045 1319 281 70 prepared
1375 1319 112 52 and
1535 1315 301 70 published
1884 1316 76 70 by
2009 1315 97 53 the

116 1401 241 55 Hudson
384 1402 122 53 coal
532 1417 293 52 company.
891 1399 138 53 New
1058 1396 180 69 York,
1268 1398 151 51 1932.

249 1469 916 53 xv, 425 p. front., illus., diagrs. 21½ ᶜᵐ.
123 1542 51 52 ©
207 1546 113 49 Apr.
352 1547 41 46 4,
426 1544 113 41 1932;
602 1543 66 42 2c.
704 1545 95 38 and
834 1543 80 40 aff.
949 1544 112 46 Apr.
1098 1541 81 47 16;
1216 1543 39 37 A
1288 1539 172 48 49558;
1496 1540 207 39 Hudson
1735 1538 103 40 coal
1874 1546 81 38 co.,
1992 1538 116 38 New

189 1603 142 40 York.
403 1600 278 49 (32-10547)

122 1706 260 65 Hughes,
413 1704 253 55 William
695 1703 238 65 Joseph.

192 1782 238 54 Federal
468 1779 263 72 practice,
769 1779 366 70 jurisdiction
1171 1783 46 50 &
1253 1777 328 70 procedure,
1617 1777 135 54 civil
1790 1776 112 52 and
122 1775 1959 154 criminal,
286 1861 139 53 with

453 1854 1655 75 forms, by William J. Hughes … assisted by George
123 1932 1985 75 C. Thorpe … v. 15. Forms, sections 14261 to 16960. St.
123 2014 1045 72 Paul, West publishing co. [ ᶜ19 32]
192 2088 451 51 lxiii, 1099 p. 23 ᶜᵐ.
197 2146 176 42 Pocket
400 2147 166 40 device
590 2151 53 36 at
670 2148 92 38 end
789 2147 54 39 of
871 2147 202 39 volume.

129 2214 51 51 ©
204 2219 111 47 Apr.
340 2217 67 48 19,
433 2218 112 38 1932;
598 2215 66 45 2c.
691 2218 110 46 May
827 2218 54 37 14;
935 2216 82 39 aff.
1042 2216 111 48 May
1177 2217 53 38 13;
1286 2216 38 37 A
1347 2213 143 43 49957;
1545 2216 71 38 W.
1642 2215 43 40 J.
1710 2213 212 47 Hughes,
195 2214 1902 108 Washington.

125 2379 349 53 Inter-state
544 2376 430 66 postgraduate
1041 2375 245 55 medical
1356 2375 356 54 association
1782 2375 64 53 of
1915 2373 196 54 North

196 2455 293 57 America.

258 2528 1855 73 … Proceedings … [1931] … John Blair Deaver memorial
133 2606 1955 156 volume. Milwaukee assembly. Milwaukee, Wisconsin, October 19-23 incl., 1931. Edited … by Edwin Henes, jr. …
135 2761 1973 79 [Milwaukee, Wis., The Schueppert printing company, ᶜ19 32]
208 2836 1851 58 lxxxv, 500 p. illus., plates (part col., part double) ports., diagrs. 28 ᶜᵐ.
136 2906 51 52 ©
213 2910 112 49 May
348 2910 40 47 2,
415 2909 111 41 1932;
579 2909 67 43 2c.
674 2911 112 47 May
811 2912 26 37 4;
894 2911 79 39 aff.
1001 2911 111 49 May
1141 2911 53 40 18;
1250 2913 38 37 A
1316 2910 141 42 51398;
1513 2912 171 40 Edwin
1712 2912 174 47 Henes,
1913 2909 74 49 jr.,
202 2911 1901 98 Milwaukee.

134 3068 171 67 Judd,
335 3070 302 55 Cornelius
667 3072 69 55 D.

132 3141 1967 139 The Texas constitution explained and analyzed, by Cornelius D. Judd … and
904 3222 1218 75 Claude V. Hall … with the complete
133 3305 119 49 text
276 3300 64 52 of
364 3301 93 53 the
484 3302 370 54 constitution
880 3302 63 52 of
968 3303 94 52 the
1087 3309 144 47 state
1256 3303 64 53 of
1344 3304 183 54 Texas
1553 3304 138 52 with
1718 3304 402 54 amendments.

134 3375 1265 76 Dallas, B. Upshaw and company [ ᶜ19 32]
205 3449 1084 54 3 p. l., 309 p. double front. (ports.) 22 ᶜᵐ.
208 3507 344 42 “References”
581 3512 50 38 at
657 3511 91 38 end
774 3510 52 38 of
851 3513 124 36 most
1002 3510 51 39 of
1081 3511 80 38 the
1187 3511 239 47 chapters.

145 3562 51 52 ©
225 3565 108 42 Feb.
359 3568 39 45 1,
425 3565 113 41 1932;
594 3566 66 41 2c.
687 3566 113 48 Apr.
827 3567 28 39 8;
909 3566 80 41 aff.
1017 3567 114 48 Apr.
1157 3569 26 39 7;
1240 3568 44 38 A
1306 3567 145 40 49446;
1507 3569 164 38 Banks
1700 3567 212 48 Upshaw
1940 3567 35 39 &
2002 3576 67 33 co.

221 3622 277 50 (32-10809)

142 3722 253 67 Katzoff,
423 3725 201 54 Simon
651 3726 196 65 Louis,
880 3731 170 50 1890-

208 3798 151 70 Why
395 3798 316 70 marriage?
796 3802 81 65 (A
913 3800 174 53 frank
1123 3801 308 54 discussion
1468 3802 64 53 of
1568 3801 267 53 domestic
141 3799 1961 145 psychology)

316 3872 1809 75 by S. L. Katzoff … San Francisco, Calif., The Institute
142 3949 862 73 of domestic relations [ ᶜ19 32]
