2563 4368
1389 3984 103 50 222

477 409 269 65 Sieburg,
781 412 324 57 Friedrich.

551 501 149 54 Who
728 520 96 35 are
848 503 153 53 these
1028 503 47 51 F
1081 504 170 52 rench
1267 502 18 54 ?
1364 506 90 67 By
1481 506 47 51 F
1534 506 247 53 riedrich
1812 505 259 73 Sieburg.
2145 509 55 53 A
2227 509 246 57 German

484 581 171 67 study
680 579 64 55 of
769 581 217 53 France
1013 582 58 52 in
1097 582 94 53 the
1218 583 232 53 modern
1478 585 198 67 world,
1702 586 315 54 translated
2043 586 74 69 by
2144 587 151 55 Alan
486 586 1967 129 Harris.
653 659 139 53 New
829 660 178 66 York,
1045 661 120 52 The
1202 661 332 54 Macmillan
1572 681 298 52 company,
1909 669 148 49 1932.

549 733 272 48 303 p. 21 ᶜᵐ.
554 804 197 40 London
777 804 183 40 edition
999 804 67 49 (J.
1096 805 154 48 Cape)
1287 807 92 39 has
1406 806 107 41 title;
1572 807 50 40 Is
1650 807 102 41 God
1781 817 28 30 a
1840 808 335 41 Frenchman?

555 861 1919 51 “The open letter to the author which follows this translation … was
482 916 252 47 published
762 929 54 29 as
843 928 60 29 an
933 919 274 39 addendum
1235 922 49 38 to
1312 919 80 41 the
1421 919 186 41 French
1635 920 183 41 edition
1845 921 52 40 of
1923 921 80 42 the
2031 922 123 42 book
2180 924 61 48 by
2268 923 66 42 its

480 923 1994 105 publisher, M. Bernard Grasset … Following this is also printed the author’s
481 1031 134 46 reply
645 1033 48 38 to
725 1031 61 42 M.
818 1030 243 42 Grasset.”
1065 1031 357 42 —Publisher’s
1454 1035 125 40 note.

484 1097 49 51 ©
565 1101 108 39 Feb.
703 1102 68 43 23,
801 1101 113 41 1932;
971 1101 64 41 2c.
1066 1105 95 38 and
1189 1102 81 41 aff.
1301 1103 109 41 Feb.
1440 1104 55 38 24;
1551 1104 42 39 A
1620 1104 143 40 48611;
1823 1105 280 42 Macmillan
2131 1117 67 31 co.

559 1157 250 51 (32-5141)

470 1274 300 68 Spengler,
801 1276 250 64 Oswald,
1085 1282 169 50 1880-

607 1365 1830 74 … Man and technics; a contribution to a philosophy of life;
475 1445 313 54 translated
838 1445 151 53 from
1035 1446 95 52 the
1177 1445 249 56 German
1474 1445 74 69 by
1596 1445 235 56 Charles
1880 1448 236 53 Francis
2162 1448 302 56 Atkinson.

473 1524 137 52 New
640 1523 178 68 York,
846 1523 70 53 A.
946 1524 70 52 A.
1046 1523 225 69 Knopf,
1302 1528 149 50 1932.

544 1598 653 50 5 p. l., 3-104 p., 1 l. 21 ᶜᵐ.
543 1670 161 40 “First
736 1668 226 44 edition.”

475 1736 50 53 ©
562 1742 108 40 Feb.
704 1740 68 43 19,
807 1740 139 46 1932;
982 1741 66 39 2c.
1082 1741 96 40 and
1212 1739 80 42 aff.
1328 1741 109 42 Feb.
1471 1740 82 47 23;
1588 1741 40 39 A
1661 1741 171 47 48598;
1869 1741 170 41 Alfred
2073 1742 53 41 A.
2161 1742 179 48 Knopf,
2374 1741 91 42 inc.

553 1797 249 48 (32-5140)

462 1918 274 63 Strange,
772 1916 171 56 Cecil.

539 2006 142 53 Free
719 2004 136 68 lady
918 2005 91 68 [by]
1059 2002 151 56 Cecil
1253 2003 259 69 Strange.
1589 2004 134 52 New
1769 2002 177 69 York,
1988 2002 212 69 Covici,
2240 2003 220 70 Friede,

470 2086 147 48 1932.

533 2152 269 51 276 p. 19½ ᶜᵐ.
473 2224 50 51 ©
556 2226 108 41 Feb.
695 2228 68 41 23,
794 2226 139 45 1932;
966 2225 66 40 2c.
1064 2227 93 38 and
1188 2224 81 41 aff.
1304 2225 108 42 Feb.
1443 2225 81 45 25;
1558 2225 37 39 A
1627 2225 170 45 47815;
1831 2225 176 47 Covici,
2041 2224 184 49 Friede,
2258 2225 89 41 inc.

549 2283 249 49 (32-5032)

465 2402 239 62 Strong,
734 2400 266 53 Leonard
1031 2399 208 53 Alfred
1271 2399 246 65 George,
1550 2403 168 51 1896-

532 2491 55 53 A
611 2493 166 52 letter
802 2498 57 45 to
883 2490 89 54 W.
1000 2492 65 51 B.
1093 2491 176 52 Yeats
1316 2490 93 69 [by]
1439 2490 64 52 L.
1529 2490 71 54 A.
1627 2489 69 55 G.
1726 2489 228 69 Strong.
2030 2489 257 67 London,
2314 2490 61 51 L.
2404 2493 48 49 &

462 2569 269 69 Virginia
759 2568 199 55 Woolf
986 2574 60 48 at
1071 2569 97 53 the
1193 2568 270 70 Hogarth
1493 2587 174 50 press,
1698 2571 151 51 1932.

533 2646 55 39 31
620 2655 42 37 p.
724 2643 54 41 18½ᶜᵐ.
938 2643 278 49 (Half-title;
1267 2642 223 49 Hogarth
1524 2644 183 40 letters,
1768 2654 74 31 no.
1876 2642 50 48 6)

468 2708 1987 59 © 1c. Feb. 17, 1932; A ad int. 16072; pubd. Jan. 2; Harcourt, Brace &
534 2781 79 36 co.,
646 2770 104 51 inc.,
781 2772 117 39 New
928 2771 143 39 York.
1143 2768 250 51 (32-6672)

459 2889 280 66 Trotskiǐ,
770 2891 138 63 Lev,
941 2890 170 54 1879-

459 2976 1966 138 … The history of the Russian revolution, v. 1. The overthrow of
812 3058 247 53 tzarism.
1136 3058 342 53 Translated
1531 3057 152 53 from
1735 3059 95 51 the
1883 3057 248 53 Russian
2182 3058 74 68 by
2307 3057 140 53 Max

459 3136 291 53 Eastman.
826 3137 137 51 New
995 3136 178 66 York,
1204 3136 197 55 Simon
1432 3137 112 52 and
1577 3136 285 68 Schuster,
1892 3139 147 48 1932.

529 3218 1581 55 xxii, 522 p. front., plates (1 double) ports., facsims. 24 ᶜᵐ.
463 3276 49 51 ©
546 3281 109 39 Feb.
685 3280 70 45 27,
787 3280 112 40 1932;
960 3280 66 39 2c.
1058 3280 95 40 and
1185 3280 81 40 aff.
1299 3281 120 38 Mar.
1452 3280 26 38 2;
1537 3280 42 39 A
1609 3280 143 40 49012;
1817 3279 160 41 Simon
2010 3280 37 39 &
2081 3279 242 47 Schuster,
2356 3279 89 41 inc.

451 3397 69 54 U.
552 3398 58 53 S.
682 3397 565 68 Surgeon-general's
1279 3398 165 65 office.

525 3488 217 54 United
781 3487 187 55 States
1004 3506 162 49 army
1201 3487 191 69 X-ray
1429 3488 248 66 manual,
1714 3485 331 55 authorized
2080 3486 76 69 by
2192 3486 96 53 the
453 3500 1966 139 surgeon-general

893 3566 63 52 of
998 3568 95 50 the
1135 3583 176 50 army.
1388 3567 71 51 2d
1501 3567 104 66 ed.,
1646 3565 289 53 rewritten
1981 3566 112 51 and
2137 3565 187 53 edited
2369 3563 73 69 by

455 3643 88 52 Lt.
588 3642 118 55 Col.
749 3644 75 52 H.
868 3644 62 54 C.
973 3644 311 68 Pillsbury,
1380 3687 9 9 M.
1471 3685 30 25 C.,
1589 3686 10 10 U.
1673 3685 10 10 S.
1766 3685 10 10 A.
1851 3643 135 66 <228
2029 3642 377 54 illustrations>

451 3720 137 52 New
620 3720 177 67 York,
826 3721 64 51 P.
922 3722 65 51 B.
1017 3721 246 66 Hoeber,
1291 3722 126 66 inc.,
1449 3724 149 49 1932.

523 3792 802 52 xvii, 482 p. illus., diagr. 19 ᶜᵐ.
458 3861 49 51 ©
541 3865 110 40 Feb.
683 3864 38 47 5,
754 3865 139 46 1932;
925 3866 65 40 2c.
1024 3865 108 40 Feb.
1166 3866 51 44 6;
1253 3865 81 42 aff.
1367 3866 108 39 Feb.
1508 3865 52 46 9;
1596 3866 39 38 A
1666 3865 170 46 48373;
1872 3864 118 39 Paul
2026 3865 52 38 B.
2112 3863 203 48 Hoeber,
2349 3863 89 42 inc.

534 3920 248 51 (32-5148)
