2563 4368
1385 4051 103 50 444

432 500 264 48 accounts
724 493 66 55 of
816 495 97 53 the
939 512 268 36 manners
1232 495 113 53 and
1375 499 247 49 customs
1647 494 66 54 of
1740 496 97 52 the
1866 494 334 69 wandering
2227 494 207 69 Arabs,

430 571 74 69 by
553 572 318 54 Archibald
921 571 273 69 Robbins,
1242 589 126 36 now
1418 572 325 54 illustrated
1791 572 77 70 by
1918 573 174 53 Earle
2137 572 294 56 Winslow.

432 649 354 68 Greenwich,
813 649 199 69 Conn.,
1040 649 194 56 Condé
1260 650 148 54 Nast
1430 669 175 49 press,
1631 652 149 52 1931.

498 723 614 49 313, [1] p. illus. 26 ᶜᵐ .
503 777 1879 51 “Three hundred and fifty-five numbered copies … have been printed …
432 834 1654 50 and … signed by Earle Winslow.” This copy not numbered.
503 892 315 41 “Foreword”
846 892 168 49 signed
1032 903 10 29 :
1077 892 125 40 Fred
1230 891 183 49 Erving
1438 892 209 48 Dayton.

440 944 52 53 ©
524 950 112 41 Dec.
666 948 68 48 23,
767 948 112 41 1931;
940 949 67 42 2c.
1041 949 109 40 Feb.
1183 950 69 46 17,
1283 947 113 42 1932;
1457 948 80 41 aff.
1572 949 122 40 Mar.
1727 949 54 39 17;
1842 947 40 40 A
1912 948 144 40 49250;
2119 946 161 42 Condé
2311 948 122 40 Nast

507 1006 338 48 publications,
890 1006 89 40 inc.
1045 1001 69 53 [©
1158 1006 245 40 foreword
1445 1006 61 48 by
1552 1006 49 39 F.
1649 1006 52 40 E.
1746 1004 208 50 Dayton,
2001 1003 328 42 illustrations
2374 1003 60 49 by

507 1065 51 40 E.
593 1064 52 42 B.
678 1062 232 42 Winslow]
998 1061 250 50 (32-8915)

436 1153 385 66 Rocheblave,
852 1153 254 66 Samuel,
1141 1158 170 50 1854-

502 1229 175 70 L’âge
710 1230 276 69 classique
1021 1230 71 54 de
1123 1229 133 54 l’art
1292 1227 270 71 français,
1599 1229 222 53 illustré
1858 1228 68 53 de
1963 1227 165 70 vingt
2165 1226 270 70 planches

432 1304 1997 150 hors-texte comportant trente-cinq figures. Paris, Firmin-Didot et c ⁱᵉ [1931]
500 1458 772 49 3 p. l., 204 p. plates. 20 ᶜᵐ .
440 1513 1886 53 © Jan. 26, 1932; 1c. Mar. 7; A— Foreign 15992; Firmin-Didot & cie.
515 1574 252 49 (32-8436)

436 1664 262 66 Rodney,
730 1665 228 65 George
987 1666 291 63 Brydges,
1311 1666 170 54 1872-

504 1741 121 52 The
652 1740 297 56 Coronado
974 1740 154 66 trail,
1153 1741 73 69 by
1254 1739 220 69 George
1503 1740 64 52 B.
1597 1739 251 68 Rodney.
1912 1737 135 53 New
2078 1736 177 66 York,
2282 1736 68 52 E.
2377 1736 55 54 J.

437 1818 561 69 Clode, inc. [ ᶜ1 932]
504 1889 329 49 256 p. 19 ᶜᵐ .
442 1945 52 53 ©
525 1951 122 39 Mar.
676 1949 69 48 26,
776 1949 113 41 1932;
950 1950 65 38 2c.
1049 1951 92 38 and
1175 1948 79 40 aff.
1290 1950 121 40 Mar.
1441 1949 55 39 31;
1559 1948 38 39 A
1627 1947 146 41 49328;
1834 1948 210 39 Edward
2077 1946 43 41 J.
2153 1945 159 47 Clode,
2345 1945 90 42 inc.

518 2007 250 49 (32-8311)

438 2082 169 66 Root,
635 2083 191 64 Ralph
858 2084 260 63 Eugene,
1150 2085 169 54 1879-

505 2157 1930 70 Dynamics of engine and shaft, by Ralph E. Root … New
440 2237 177 67 York,
652 2236 55 54 J.
743 2237 189 67 Wiley
967 2239 45 50 &
1047 2255 147 49 sons,
1230 2236 136 68 inc.;
1405 2236 256 67 London,
1699 2234 302 69 Chapman
2034 2237 46 50 &
2114 2234 161 67 Hall,

438 2234 1971 147 limited,
607 2317 151 50 1932.

506 2384 1134 52 viii, 184 p. illus., diagrs. 24 ᶜᵐ . $3.00
444 2440 52 52 ©
529 2446 120 38 Mar.
682 2446 68 46 11,
784 2443 140 48 1932;
959 2444 67 42 2c.
1060 2445 121 40 Mar.
1214 2443 81 47 16;
1331 2442 82 42 aff.
1447 2444 120 39 Mar.
1603 2443 80 47 15;
1720 2443 36 39 A
1789 2441 170 48 49131;
1997 2442 53 40 R.
2087 2443 52 42 E.
2174 2442 136 46 Root,
509 2442 1908 107 Annapolis.
783 2500 250 50 (32-8279)

439 2578 87 54 St.
556 2576 242 65 Dennis,
827 2576 290 54 Madelon.

505 2652 120 54 The
668 2652 303 68 perfumed
1015 2654 139 65 lure,
1197 2653 74 67 by
1314 2652 270 53 Madelon
1628 2652 84 55 St.
1757 2652 234 53 Dennis.
2069 2652 138 53 New
2254 2651 178 65 York,

433 2730 751 67 E. J. Clode, inc. [ ᶜ1 932]
506 2802 574 50 3 p. l., 250 p. 19½ ᶜᵐ .
445 2856 52 52 ©
529 2861 111 40 Feb.
669 2860 71 47 26,
771 2857 113 42 1932;
944 2859 65 40 2c.
1044 2861 94 38 and
1170 2858 81 42 aff.
1285 2859 120 39 Mar.
1438 2859 54 40 31;
1556 2859 39 38 A
1625 2858 144 41 49327;
1832 2859 209 40 Edward
2075 2859 44 41 J.
2153 2859 157 47 Clode,
2344 2859 90 40 inc.

520 2916 249 49 (32-8427)

441 2981 554 72 Saint-Évremond,
1053 2990 246 54 Charles
1357 2992 69 51 de
1483 2991 333 63 Marguetel
1874 2991 69 53 de
2002 2992 171 55 Saint
2230 2991 200 64 Denis,

511 3070 264 66 seigneur
803 3071 87 63 de,
924 3070 325 54 1613-1703.

443 3145 1968 132 … La comédie des académistes (text of the ms. of 1638) published
650 3224 1782 68 with an introduction by G. L. Van Roosbroeck … New
443 3302 388 67 York [ ᶜ1 931]
512 3375 1922 50 2 p. l., 3-72 p. 20½ ᶜᵐ . (Publications of the Institute of French
442 3433 198 47 studies,
676 3432 115 47 inc.)

508 3497 62 40 At
600 3497 124 40 head
754 3495 54 41 of
837 3496 107 41 title
962 3507 9 30 :
1008 3487 446 51 Saint-Évremond.

510 3552 118 40 This
655 3553 126 47 play,
811 3552 82 40 the
919 3551 198 41 earliest
1146 3552 176 41 known
1349 3552 303 49 manuscript
1679 3553 53 41 of
1758 3553 157 40 which
1945 3555 156 39 states
2129 3554 107 40 that
2266 3553 38 41 it
2334 3562 99 31 was

447 3609 86 39 “de
565 3608 283 40 l’invention
882 3609 59 39 de
974 3608 53 47 Q.
1063 3607 47 41 C.
1147 3609 56 40 D.
1238 3608 98 48 R.”,
1373 3609 42 40 is
1449 3610 205 46 thought
1688 3611 48 39 to
1772 3610 56 39 be
1862 3609 53 41 of
1947 3608 260 50 composite
446 3609 1971 102 authorship.

629 3665 46 39 It
699 3675 101 29 was
826 3664 140 40 twice
989 3664 188 40 revised
1203 3665 60 46 by
1292 3664 427 42 Saint-Évremond
1745 3666 96 40 and
1867 3665 337 48 incorporated
2231 3666 101 40 into
2358 3664 76 41 his

446 3720 158 39 works
632 3719 49 39 in
709 3719 113 40 1705;
881 3729 107 30 now
1017 3720 40 40 it
1083 3720 42 40 is
1153 3720 247 48 generally
1429 3720 280 41 considered
1738 3732 54 29 as
1822 3721 206 48 entirely
2056 3721 53 40 of
2135 3720 76 41 his
446 3719 1970 104 authorship.

631 3776 116 42 “Ms.
775 3776 34 42 f.
836 3777 34 38 f.
898 3775 171 41 20038”
1098 3775 53 41 of
1176 3777 81 39 the
1283 3776 339 48 Bibliothèque
1649 3777 248 40 nationale
1924 3777 42 40 is
1992 3778 121 40 used
2138 3788 57 30 as
2221 3778 82 40 the
2330 3777 104 40 text

444 3832 78 39 for
551 3832 98 40 this
678 3832 182 40 edition.
935 3833 60 47 cf.
1027 3832 184 41 Introd.

448 3883 52 52 ©
531 3888 111 41 Dec.
673 3889 68 46 31,
773 3887 112 42 1931;
944 3888 66 41 2c.
1044 3890 94 39 and
1170 3888 79 40 aff.
1283 3890 120 39 Mar.
1435 3889 69 48 23,
1536 3888 112 41 1932;
1708 3889 40 40 A
1780 3889 142 41 50321;
1985 3890 52 43 G.
2069 3890 49 40 L.
2152 3890 103 40 Van
548 3890 1865 100 Roosbroeck,
734 3945 117 40 New
881 3946 144 38 York.
1095 3945 249 49 (32-8461)
