2563 4368
1120 4055 98 49 129

160 433 352 66 Alexander,
539 436 188 64 grand
752 434 148 54 duke
928 436 65 60 of
1014 433 226 61 Russia,
1268 435 170 51 1866-

234 511 154 55 Once
428 529 30 33 a
497 511 185 67 grand
722 510 165 66 duke,
925 510 75 67 by
1038 508 346 68 Alexander,
1423 508 185 67 grand
1649 505 148 54 duke
1836 504 65 54 of
1939 505 222 54 Russia.

163 589 138 52 New
344 587 178 66 York,
567 587 431 67 Cosmopolitan
1038 586 147 53 book
1226 584 381 69 corporation,
1649 585 215 51 Farrar
1905 585 47 51 &
162 583 1976 148 Rinehart,

343 665 612 67 incorporated [ ᶜ1 932]
266 735 1150 51 x p., 2 l., 3-348 p. front., plates, ports. 23½ ᶜᵐ.
233 793 414 50 Autobiography.

171 861 51 52 ©
255 865 110 42 Feb.
395 865 58 39 15,
496 863 111 42 1932;
670 864 66 40 2c.
770 864 110 40 Feb.
913 864 54 39 17;
1030 862 81 40 aff.
1146 863 121 38 Mar.
1299 862 27 38 4;
1388 861 40 39 A
1459 861 144 40 47683;
1668 860 165 41 Grand
1867 860 126 40 duke
238 859 1909 103 Alexander

416 922 51 39 of
495 921 193 47 Russia,
718 921 117 38 New
864 920 143 42 York.
1080 918 279 48 (32-26043)

166 1024 315 53 American
522 1024 278 53 institute
839 1024 63 52 of
940 1022 230 65 mining
1205 1023 116 52 and
1359 1020 433 65 metallurgical
1829 1020 331 65 engineers.

239 1101 406 54 Transactions
700 1102 63 52 of
815 1101 97 53 the
964 1100 310 53 American
1326 1099 264 53 institute
1642 1098 65 53 of
1759 1098 229 69 mining
2040 1099 113 52 and

164 1180 421 69 metallurgical
628 1180 293 69 engineers
977 1178 457 69 (incorporated)
1527 1181 152 50 1931.
1754 1178 246 55 General
164 1178 1974 132 volume.

383 1259 141 53 This
556 1260 224 51 volume
812 1258 257 55 contains
1101 1276 206 50 papers
1343 1258 112 52 and
1488 1257 342 53 discussions
1863 1258 298 68 presented

168 1342 59 47 at
263 1335 277 70 meetings
577 1338 132 52 held
750 1343 58 47 at
849 1336 118 55 San
1003 1336 325 68 Francisco,
1367 1336 264 68 October,
1673 1339 163 63 1929;
1881 1338 74 51 El
1995 1338 167 67 Paso,

168 1414 262 69 October,
461 1419 161 62 1930;
655 1418 139 52 New
823 1415 180 68 York,
1031 1415 314 69 February,
1377 1419 134 48 1930
1541 1416 112 52 and
1685 1419 162 62 1931;
1880 1416 112 53 and
165 1419 1972 144 Boston,

310 1494 349 68 September,
686 1497 133 49 1931;
877 1491 226 71 officers,
1129 1494 365 69 committees,
1519 1497 322 66 necrology,
1868 1496 295 67 abstracts,

166 1572 155 55 titles
350 1573 64 54 of
440 1591 207 50 papers
675 1572 61 53 in
764 1576 134 48 1931
925 1574 270 67 volumes,
1221 1572 98 53 list
1346 1573 64 54 of
1437 1576 134 50 1931
1598 1574 282 54 technical
165 1575 1972 131 publications

340 1652 112 53 and
476 1651 387 54 consolidated
885 1651 190 53 index.
1150 1653 140 53 New
1313 1651 182 69 York,
1516 1654 70 53 N.
1611 1655 90 64 Y.,
1725 1655 121 52 The
1869 1654 294 69 Institute,

168 1734 151 49 1931.

238 1804 85 40 659
354 1815 40 37 p.
457 1804 127 40 illus.
614 1803 133 48 (incl.
779 1803 162 49 maps)
981 1803 171 48 tables,
1185 1804 179 49 diagrs.
1424 1805 55 41 23½ᶜᵐ.

172 1872 51 52 ©
259 1876 109 40 Jan.
401 1876 41 47 4,
477 1874 141 48 1932;
654 1874 67 41 2c.
757 1875 108 39 Feb.
902 1876 82 45 11;
1022 1875 82 41 aff.
1140 1875 110 41 Feb.
1285 1875 51 46 8;
1374 1876 41 38 A
1448 1875 171 47 47589;
1659 1876 144 40 Amer.
1853 1876 227 42 institute
2116 1879 52 40 of

239 1932 185 49 mining
451 1933 37 39 &
515 1932 357 48 metallurgical
902 1932 265 48 engineers,
1196 1932 106 47 inc.,
1331 1933 118 39 New
1478 1934 144 40 York.

165 2036 334 68 [Atkinson,
527 2035 174 67 John]
736 2035 171 56 1877-

237 2114 266 52 Humour
530 2131 208 51 among
763 2113 98 53 the
886 2113 243 67 doctors,
1154 2113 76 69 by
1256 2113 158 54 John
1439 2113 127 68 Aye
1614 2115 214 67 [pseud.]
1908 2116 259 67 London,

166 2193 121 51 The
318 2192 307 54 Universal
659 2210 157 49 press
854 2195 173 63 [1931]

240 2265 1467 50 157 p. 19 ᶜᵐ. (Lettered on cover: The ideal library)
173 2319 1995 53 © 1c. Dec. 12, 1931; A ad int. 15979; pubd. Oct. 15; Douglas Exton
243 2381 252 45 Swaffield,
538 2380 212 40 London.
821 2378 251 50 (32-4942)

235 2483 266 52 Humour
524 2482 65 53 of
610 2483 355 51 Parliament
989 2483 113 52 and
1127 2482 463 69 Parliamentary
1612 2484 284 67 elections,
1917 2482 73 70 by
2011 2483 154 54 John

168 2561 124 69 Aye
444 2562 93 52 [pseud.]
636 2561 259 66 London,
925 2561 121 52 The
1074 2560 308 54 Universal
1412 2580 156 49 press
1604 2565 172 64 [1931]

240 2635 1468 49 158 p. 19 ᶜᵐ. (Lettered on cover: The ideal library)
175 2689 1994 53 © 1c. Dec. 12, 1931; A ad int. 15980; pubd. Oct. 15; Douglas Exton
244 2751 251 47 Swaffield,
531 2751 210 39 London.
813 2748 251 50 (32-4936)

164 2853 237 66 Austin,
430 2853 189 55 Anne.

239 2929 123 55 One
392 2931 145 66 drop
567 2928 65 55 of
657 2928 188 69 blood,
874 2948 31 34 a
934 2933 253 65 mystery
1216 2928 185 68 novel,
1430 2928 77 70 by
1534 2929 167 53 Anne
1732 2929 229 55 Austin.
2029 2933 136 53 New

170 3007 178 69 York,
374 3007 122 53 The
523 3006 335 54 Macmillan
887 3023 298 52 company,
1213 3009 151 51 1932.

236 3079 474 49 5 p. l., 319 p. 19½ᶜᵐ.
177 3135 51 52 ©
261 3139 109 41 Feb.
399 3139 39 47 9,
469 3138 140 46 1932;
642 3138 66 40 2c.
741 3140 95 38 and
866 3138 81 41 aff.
980 3138 109 40 Feb.
1122 3137 81 47 10;
1238 3137 40 39 A
1307 3138 173 45 47553;
1514 3138 54 42 A.
1601 3139 190 49 Austin,
1825 3141 93 40 Los
1949 3142 218 47 Angeles.

254 3194 250 50 (32-3899)

172 3300 308 63 Bateman,
509 3301 207 62 Henry
742 3300 194 63 Maya.

243 3377 120 52 The
412 3377 173 52 house
637 3381 170 63 agent
857 3377 127 51 who
1037 3375 255 69 coughed
1343 3375 61 53 in
1455 3376 95 52 the
1601 3378 325 66 Jerrybuilt
1975 3380 187 52 house.

173 3454 269 53 Kensitas
473 3455 190 52 would
692 3455 144 52 have
868 3454 171 52 saved
1069 3454 121 52 him
1209 3454 10 52 !
1323 3455 90 68 [By
1445 3457 202 68 Henry
1677 3458 175 66 Mayo
1886 3461 281 50 Bateman

176 3535 109 51 and
313 3532 263 55 Leonard
603 3533 139 52 Max
769 3532 237 66 Masius]

277 3609 58 37 (In
363 3604 201 43 London
593 3602 146 52 Daily
769 3602 279 52 telegraph,
1079 3601 115 44 Feb.
1228 3604 39 48 1,
1301 3603 144 49 1932)

181 3660 1970 51 © 1c. Feb. 19, 1932; A ad int. 16077; pubd. Feb. 1; J. Wix & sons. ltd.
246 3720 209 40 London.

169 3821 277 66 Beeding,
478 3821 263 65 Francis,
770 3822 195 67 pseud.

241 3898 156 53 Take
418 3898 49 53 it
486 3897 259 67 crooked,
766 3897 77 69 by
865 3896 238 53 Francis
1129 3895 273 70 Beeding.
1463 3898 235 68 Boston,
1720 3898 196 72 Little,
1941 3902 229 63 Brown,

175 3976 111 52 and
318 3994 297 49 company,
647 3977 151 50 1932.
