2563 4368
1314 4138 101 51 980

417 589 163 41 “First
610 588 226 43 edition.”

354 646 51 52 ©
444 651 117 47 July
599 650 38 47 6,
678 647 140 49 1932;
859 648 68 41 2c.
966 649 97 43 and
1100 646 81 41 aff.
1222 646 117 47 July
1376 645 53 47 9;
1471 646 41 38 A
1550 644 170 48 52946;
1763 644 203 48 Daphne
2005 645 63 39 du
2110 641 231 52 Maurier,

422 707 316 46 Hampstead,
770 706 236 46 England.
1076 703 280 48 (32-17261)

351 794 321 66 Ferguson,
699 791 255 57 William
981 792 163 54 Blair
1170 793 256 62 Morton,
1453 795 171 52 1882-

418 872 122 54 The
578 871 258 53 Pilditch
875 870 216 67 puzzle,
1130 870 73 67 by
1241 870 91 53 W.
1373 869 67 53 B.
1479 868 81 54 M.
1599 869 312 68 Ferguson.
1985 867 138 53 New
2165 864 179 71 York,

348 948 686 69 Liveright, inc. [ ᶜ1 932]
419 1020 558 51 4 p. l., 11-288 p. 19½ᶜᵐ.
357 1076 51 52 ©
445 1081 127 39 June
606 1080 70 48 15,
713 1078 139 47 1932;
891 1079 67 39 2c.
996 1079 96 39 and
1129 1077 81 40 aff.
1248 1078 117 47 July
1401 1077 52 48 8;
1492 1077 43 40 A
1570 1076 169 48 53022;
1779 1078 71 40 W.
1889 1077 55 41 B.
1982 1077 62 39 M.
2084 1078 260 47 Ferguson,

425 1137 334 47 Portstewart,
789 1135 189 47 County
1008 1134 169 48 Derry,
1206 1134 247 40 Northern
1481 1134 209 40 Ireland.
1761 1133 280 50 (32-17143)

353 1223 222 68 Griffin,
605 1225 221 64 Joseph
855 1223 300 68 Aloysius,
1186 1229 171 51 1901-

485 1298 1863 69 … The contribution of Belgium to the Catholic church in
352 1374 1994 73 America (1523-1857) … by Rev. Joseph A. Griffin, M. A.
353 1456 396 68 Washington,
782 1456 69 52 D.
885 1454 82 68 C.,
998 1455 122 53 The
1151 1453 262 56 Catholic
1442 1452 316 69 university
1791 1453 62 52 of
1885 1453 279 66 America,
2197 1455 149 51 1932.

422 1526 97 49 xvi,
542 1527 89 41 235
651 1539 43 37 p.
719 1527 109 41 incl.
851 1528 185 47 geneal.
1059 1527 97 40 tab.
1207 1526 57 40 22½ᶜᵐ.
1418 1526 124 47 (The
1568 1526 221 42 Catholic
1814 1526 272 48 university
2111 1527 53 40 of
353 1527 1978 98 America.
498 1584 194 41 Studies

716 1582 1112 48 in American church history … vol. XIII)
423 1640 174 42 Thesis
635 1641 14 49 (PH.
823 1638 308 50 D.)—Catholic
1160 1638 272 49 university
1461 1639 53 42 of
1541 1638 237 50 America,
1807 1638 129 42 1932.

424 1698 128 43 Vita.

426 1754 378 48 “Bibliography
838 1752 51 41 of
922 1752 161 41 works
1115 1750 279 42 consulted”
1413 1762 10 30 :
1457 1761 43 38 p.
1535 1750 216 43 223-230.

362 1811 52 54 ©
442 1816 125 39 June
595 1815 39 47 8,
663 1813 113 41 1932;
832 1813 69 40 2c.
930 1813 95 39 and
1054 1811 82 41 aff.
1165 1812 126 39 June
1319 1811 54 40 13;
1432 1811 41 39 A
1501 1810 143 41 52564;
1704 1810 220 41 Catholic
1952 1810 129 42 univ.
2111 1810 51 41 of
431 1810 1906 102 America.
589 1869 279 51 (32-17132)

359 1960 331 65 Guarnieri,
722 1959 126 57 Lia.

428 2032 1921 73 Folle terrore. Hubbard o Giorgio? … Milano, Tipografia
360 2116 203 55 Cesare
591 2115 215 68 Moreo,
839 2118 149 51 1931.

433 2188 1015 48 116 p. 19 ᶜᵐ. [On cover: Due novelle]
432 2245 63 40 At
523 2245 123 39 head
674 2244 54 40 of
755 2244 107 40 title
880 2255 9 29 :
920 2244 89 39 Lia
1038 2243 272 41 Guarnieri.

366 2297 1988 108 © Aug. 15, 1931; 1c. Sept. 24; A—Foreign 13715; L. Guarnieri, Milano, Italy.
359 2448 249 63 Hersey,
636 2446 266 54 Rexford
929 2447 330 57 Brammer.

429 2521 289 56 Workers’
747 2522 275 55 emotions
1050 2523 60 52 in
1137 2523 143 68 shop
1310 2524 113 53 and
1451 2524 193 68 home;
1675 2542 32 35 a
1736 2524 173 70 study
1936 2524 65 54 of
2028 2524 326 54 individual

364 2599 245 54 workers
639 2598 154 54 from
823 2600 96 53 the
950 2600 426 70 psychological
1407 2602 113 54 and
1553 2601 417 70 physiological
2000 2602 354 69 standpoint,

362 2675 1969 149 by Rexford B. Hersey … Philadelphia, University of Pennsylvania press, 1932.
434 2828 135 48 xviii,
624 2827 84 39 441
761 2838 43 37 p.
864 2827 179 47 diagrs.
1105 2828 56 40 23½ᶜᵐ.
1322 2829 299 48 (Half-title:
1674 2829 271 41 Industrial
2002 2832 224 39 research
364 2831 1974 101 department.
692 2883 238 41 Wharton

970 2883 162 40 school
1174 2884 54 40 of
1265 2883 186 42 finance
1495 2886 94 40 and
1632 2895 274 31 commerce.
1979 2885 283 50 University
2304 2886 54 42 of

365 2939 371 48 Pennsylvania,
763 2939 354 48 Philadelphia.
1171 2939 244 43 Research
1443 2940 199 42 studies,
1834 2943 15 48 XVIII)

436 2996 374 48 Bibliography:
838 3006 44 37 p.
909 2995 217 42 432-436.

372 3051 51 51 ©
460 3055 126 39 June
622 3054 67 48 10,
727 3053 138 47 1932;
906 3053 66 40 2c.
1010 3054 126 39 June
1171 3054 82 47 25;
1293 3054 81 40 aff.
1414 3056 125 39 June
1576 3056 81 47 16;
1697 3057 41 38 A
1775 3056 169 48 52791;
1985 3056 283 49 University
2304 3057 55 41 of

439 3111 358 47 Pennsylvania
827 3120 148 38 press.
1047 3110 279 53 (32-17181)

366 3198 280 66 Hissong,
680 3199 198 65 Clyde.

436 3275 122 53 The
616 3274 238 69 activity
913 3283 333 62 movement,
1305 3279 73 67 by
1439 3280 181 68 Clyde
1677 3280 271 69 Hissong.
2024 3282 330 68 Baltimore,

366 3353 288 54 Warwick
680 3353 113 53 and
823 3353 178 66 York,
1028 3353 126 68 inc.,
1184 3359 149 50 1932.

438 3422 64 51 ix,
538 3425 83 39 122
655 3436 43 37 p.
758 3424 153 48 diagr.
971 3424 55 41 23½ᶜᵐ.
1185 3427 299 49 (Half-title:
1516 3429 323 41 Educational
1874 3431 291 47 psychology
368 3442 1969 87 monographs,
595 3492 76 31 no.
705 3481 82 48 30)

439 3537 349 49 Bibliography
816 3541 51 37 at
896 3539 91 39 end
1014 3538 54 40 of
1095 3540 119 39 each
1241 3541 214 47 chapter.

376 3590 51 52 ©
453 3594 110 42 Feb.
588 3594 40 49 9,
652 3594 113 41 1932;
818 3594 68 42 2c.
911 3596 120 38 Mar.
1056 3594 55 40 22;
1167 3596 82 41 aff.
1275 3596 125 42 June
1425 3599 52 47 8;
1505 3600 39 37 A
1570 3599 142 41 52358;
1767 3600 244 41 Warwick
2035 3602 36 40 &
2096 3602 143 47 York,
2266 3602 92 40 inc.

454 3651 278 47 (32-17171)

370 3728 209 67 Hurst,
669 3729 116 58 Vida.

370 3806 1988 145 No such girl, by Vida Hurst … New York, Grosset & Dunlap [ ᶜ1 932 ]
442 3954 61 48 vi,
531 3956 89 40 248
647 3967 43 37 p.
749 3958 56 39 19½ᶜᵐ.

378 4006 52 51 ©
464 4012 116 47 July
611 4013 39 46 6,
684 4012 140 49 1932;
859 4015 65 40 2c.
961 4017 94 39 and
1090 4016 80 41 aff.
1206 4018 114 47 July
1354 4020 52 46 8;
1443 4020 40 38 A
1515 4020 169 49 53008;
1723 4022 198 41 Grosset
1955 4023 36 40 &
2024 4023 206 48 Dunlap,
2265 4025 92 40 inc.
457 4068 277 50 (32-17141)
