2563 4368
983 4055 101 51 463

112 526 667 55 xiii p., 1 l., 253 p. 20 ½ ᶜᵐ.
51 598 51 53 ©
131 602 119 40 Mar.
276 600 70 42 22,
372 599 113 42 1932;
539 598 67 42 2c.
633 600 95 40 and
756 598 80 40 aff.
866 600 121 38 Mar.
1015 597 81 46 23;
1127 598 39 38 A
1193 596 170 42 50308;
1394 596 49 40 L.
1474 594 255 47 Stoddard,
1759 593 274 47 Brookline,

117 659 145 40 Mass.
332 657 250 48 (32-8553)

47 774 320 64 Summers,
396 772 341 65 Montague,
768 774 170 51 1880-
1149 770 85 53 ed.

117 851 119 52 The
273 850 400 69 supernatural
712 848 277 69 omnibus,
1025 849 169 67 being
1232 868 31 33 a
1298 845 295 59 collection
1630 844 62 54 of
1730 845 201 55 stories
1967 845 63 54 of

47 926 373 72 apparitions,
468 926 344 68 witchcraft,
859 927 370 67 werewolves,
1276 925 319 68 diabolism,
1642 939 391 53 necromancy,

47 1007 289 67 satanism,
369 1005 341 68 divination,
742 1023 241 51 sorcery,
1016 1011 186 64 goety,
1237 1006 112 52 and
1383 1004 235 67 voodoo,
1650 1003 207 69 edited,
1890 1002 141 56 with

47 1106 70 33 an
144 1084 408 68 introduction,
577 1085 75 67 by
676 1087 314 65 Montague
1019 1085 304 56 Summers.
1399 1084 234 56 Garden
1661 1083 153 69 City,
1840 1085 71 53 N.
1940 1085 93 66 Y.,

48 1162 353 69 Doubleday,
426 1166 198 51 Doran
649 1166 52 50 &
729 1181 296 50 company,
1051 1164 127 66 inc.,
1209 1165 150 51 1932.

113 1240 65 45 xl,
207 1237 86 40 690
319 1248 43 37 p.
421 1237 117 39 21ᶜᵐ.

119 1308 163 40 “First
311 1307 225 41 edition.”

52 1377 50 51 ©
138 1380 120 40 Mar.
293 1378 69 47 24,
396 1377 141 48 1932;
572 1377 67 44 2c.
674 1379 94 39 and
804 1377 80 41 aff.
920 1378 115 48 Apr.
1068 1377 83 47 20;
1186 1378 41 39 A
1261 1377 169 48 50986;
1469 1378 297 49 Doubleday,
1801 1379 166 41 Doran
2002 1380 36 40 &

119 1445 79 37 co.,
229 1435 89 40 inc.
388 1434 279 50 (32-26476)

49 1556 222 63 Swope,
300 1555 260 63 Eugene,
591 1571 178 49 comp.

115 1631 121 53 The
253 1631 300 53 Roosevelt
575 1629 130 55 bird
729 1636 306 62 sanctuary
1059 1630 329 70 anthology,
1407 1631 281 69 compiled
1712 1632 75 69 by
1806 1633 233 70 Eugene

50 1708 217 68 Swope,
293 1708 191 55 Mabel
509 1708 181 54 Maris
719 1708 204 69 Swope
948 1710 112 52 and
1086 1708 163 55 Alice
1275 1710 72 53 D.
1373 1709 252 68 Weekes,
1654 1711 284 55 foreword
1963 1711 75 68 by

49 1784 1991 74 Frank M. Chapman … New York, Sears publishing company
50 1868 173 65 [ᶜ1932]

145 1936 802 53 x p., 1 l., 298 p. front. 19½ᶜᵐ.
113 2009 182 41 Poems.

54 2076 50 51 ©
133 2079 97 49 Apr.
273 2080 67 44 11,
369 2079 139 46 1932;
538 2080 66 40 2c.
634 2080 112 47 Apr.
775 2080 80 45 14;
886 2079 82 41 aff.
997 2080 111 49 Apr.
1140 2082 80 44 13;
1252 2082 38 38 A
1320 2081 142 41 50735;
1525 2082 144 41 Sears
1693 2084 111 50 pub.
1863 2093 53 35 Co.,
1947 2082 88 41 inc.

129 2135 277 51 (32-26379)

43 2234 119 54 The
196 2236 217 55 United
449 2240 202 54 States
685 2239 60 52 in
779 2240 178 52 world
993 2237 225 69 affairs;
1256 2259 70 34 an
1362 2247 238 48 account
1632 2243 64 52 of
1728 2240 302 57 American

121 2313 225 71 foreign
381 2316 285 54 relations.
744 2320 147 49 1931.
968 2318 138 54 New
1140 2319 160 52 York
1332 2320 112 52 and
1477 2319 257 67 London,
1765 2320 143 53 Pub.
1943 2320 93 53 for

121 2392 94 53 the
240 2394 239 55 Council
503 2413 71 34 on
600 2393 229 71 foreign
852 2396 271 54 relations
1146 2397 77 68 by
1245 2400 234 66 Harper
1500 2403 53 48 &
1580 2399 277 67 brothers,
1882 2401 151 52 1932.

185 2466 1855 57 xv p., 1 l., 375 p. illus. (maps) 22½ᶜᵐ. [Publications of the Council
51 2534 56 28 on
145 2522 186 49 foreign
368 2524 246 50 relations]
678 2527 193 39 annual.

55 2578 219 42 Editors:
305 2579 126 48 1931,
460 2581 186 41 Walter
674 2582 269 47 Lippmann
973 2584 93 40 and
1096 2585 71 41 W.
1197 2584 50 40 O.
1281 2585 216 49 Scroggs.

118 2646 223 42 Includes
371 2647 350 51 bibliography.

57 2715 50 51 ©
139 2719 107 41 Feb.
277 2721 67 46 17,
375 2720 139 48 1832;
545 2720 68 42 2c.
644 2722 106 40 Feb.
784 2723 80 46 17;
898 2724 80 40 aff.
1012 2723 109 43 Feb.
1154 2725 79 46 19;
1268 2726 39 38 A
1337 2727 170 47 47726;
1544 2728 190 47 Harper
1766 2728 35 40 &
1831 2728 123 40 bros.

132 2774 277 49 (32-26065)

54 2875 125 53 Van
209 2877 269 67 Alstyne,
507 2879 289 67 Dorothy,
827 2888 171 50 1899-

115 2953 145 69 Play
298 2955 273 55 behavior
611 2959 112 53 and
765 2959 189 55 choice
995 2962 64 52 of
1101 2963 138 67 play
1280 2964 289 54 materials
1611 2965 64 53 of
1715 2965 318 68 pre-school

49 3028 269 71 children,
356 3033 76 67 by
469 3034 263 69 Dorothy
769 3037 130 53 Van
936 3039 260 67 Alstyne,
1323 3083 9 10 PH.
1412 3083 9 10 D.;
1493 3042 94 53 the
1626 3043 288 53 Behavior
45 3057 1965 107 research

266 3108 147 54 fund
442 3112 392 69 co-operating
861 3114 141 53 with
1029 3115 95 55 the
1152 3116 233 56 Garden
1415 3124 351 63 apartments
1795 3139 238 49 nursery

46 3182 214 55 schools
291 3187 112 52 and
435 3188 95 52 the
561 3188 310 56 Winnetka
904 3193 111 52 and
1049 3193 282 54 Franklin
1365 3196 194 68 public
1588 3198 189 53 school

47 3212 1962 104 nurseries.
204 3261 270 70 Chicago,
504 3266 112 67 Ill.,
644 3267 123 52 The
795 3268 336 69 University
1159 3270 64 54 of
1252 3272 254 69 Chicago
1536 3292 156 49 press
1726 3278 172 64 [1932]

119 3330 83 51 xii,
237 3334 83 40 104
349 3348 45 37 p.
452 3336 163 49 front.,
649 3339 178 49 diagrs.
888 3339 115 42 23ᶜᵐ.

119 3402 372 53 Bibliography:
525 3420 45 37 p.
604 3407 214 43 103-104.

57 3468 50 51 ©
140 3474 119 43 Mar.
290 3476 39 46 8,
361 3476 138 48 1932;
532 3477 67 43 2c.
631 3481 94 38 and
758 3480 80 41 aff.
873 3483 120 40 Mar.
1026 3483 80 46 16;
1139 3484 41 39 A
1212 3485 168 43 50125;
1419 3487 276 50 University
1730 3489 50 39 of
1813 3489 221 48 Chicago,

123 3528 220 52 Chicago.
413 3533 248 47 (32-8677)

54 3629 124 55 Van
210 3634 281 67 Vechten,
522 3638 152 65 Carl,
707 3644 169 51 1880-

120 3706 209 56 Sacred
359 3713 112 52 and
503 3712 243 69 profane
775 3718 313 69 memories,
1118 3720 74 67 by
1226 3721 135 55 Carl
1393 3724 129 54 Van
1554 3725 267 53 Vechten.
1897 3726 136 52 New

50 3782 173 69 York,
247 3786 71 53 A.
345 3788 69 53 A.
441 3789 223 71 Knopf,
692 3796 150 51 1932.

115 3857 1784 65 4 p. l., vii-viii p., 4 l., 230 p., 1 l., xvii-xx p., 1 l. pl., ports. 20ᶜᵐ.
118 3924 1912 68 “This, the first edition … consists of two thousand copies of which this
49 3987 39 31 is
108 3981 197 42 number
326 3985 126 42 866.”
