2563 4368
1133 4134 131 50 1863

190 592 95 53 the
322 591 215 54 edition
577 590 64 54 of
678 594 151 64 1865,
866 590 141 53 with
1047 589 388 53 introduction
1475 589 112 52 and
1627 593 158 49 notes
1821 588 77 69 by
1938 587 136 56 Carl
2113 588 65 53 L.

192 668 253 55 Cannon.
518 669 324 66 Princeton,
876 667 307 53 Princeton
1218 665 318 70 university
1572 682 175 52 press,
1786 668 149 50 1932.

193 737 1974 107 xxviii, 164 p. front. (port.) plates. 22 ᶜᵐ. (Narratives of the trans-Mississippi frontier)
263 852 131 41 With
424 852 242 41 facsimile
698 852 51 40 of
781 850 208 48 original
1022 852 96 45 t.-p.;
1183 850 272 41 addendum
1490 848 92 49 slip
1616 848 100 41 laid
1750 848 63 41 in.

264 908 75 41 “It
369 919 101 30 was
503 908 205 47 thought
739 907 105 40 best
876 909 48 38 to
958 908 82 39 cut
1071 907 81 40 the
1184 905 122 40 book
1339 905 50 39 in
1424 904 107 41 half
1562 906 95 39 and
1693 905 183 47 reprint
1911 906 82 39 the
2025 904 158 41 Texas

193 964 501 41 adventure.”—Pref.

198 1018 1985 52 © Dec. 15, 1932; 2c. and aff. Dec. 17; A 58466; Princeton univ. press.
285 1075 50 52 [©
363 1078 327 40 introduction
717 1079 94 38 and
838 1080 151 45 notes]
1062 1076 279 47 (32-35509)

194 1178 1679 69 I poeti lirici … I, II. Bologna, N. Zanichelli, 1932.
265 1256 25 37 2
369 1286 7 7 v.
449 1253 167 48 plates.
690 1254 115 38 21ᶜᵐ.
889 1253 162 48 (Half-title:
1231 1254 20 37 I
1298 1252 125 48 poeti
1471 1251 141 48 greci,
1659 1252 206 39 tradotti
1911 1252 57 39 da
2019 1251 167 40 Ettore

193 1310 308 53 Romagnoli)

264 1368 138 39 Head
432 1368 93 38 and
557 1366 89 39 tail
676 1366 170 47 pieces.

542 1430 93 32 CONTENTS.—I.
672 1422 199 40 Callino.
938 1420 146 41 Arctoi
1092 1422 112 39 loco.
1273 1421 243 40 Simonide
1553 1420 268 48 d’Amorgo.
1888 1420 298 39 Mimnermo.

200 1482 265 45 Ipponatte.
527 1478 201 40 Ananio.
789 1478 225 40 Foeilide.
1075 1478 283 41 Demodoco.
1419 1477 239 41 Cleobulo.
1720 1476 294 41 Cleobulina.
197 1477 1974 106 Esopo.—II.
413 1537 293 46 Terpandro.
765 1536 157 39 Alceo.
983 1534 144 41 Saffo.

232 1578 1955 62 v. I . © Feb 1, 1932; 1c. Feb. 13 , v. II, © Dec. 1; 1c. Dec. 21; A—Foreign
268 1649 154 47 16054,
457 1649 134 39 18961;
664 1649 122 39 Casa
819 1650 72 38 ed.
927 1648 54 39 N.
1018 1646 276 41 Zanichelli.
1368 1645 279 50 (32-20968)

197 1753 281 63 Requejo,
510 1752 309 53 Feliciano.

198 1827 1986 148 … Demetrio; drama en cinco actos. New York, Spanish-American printing co., 1932.
267 1981 242 48 95 p. 18 ᶜᵐ.
202 2034 50 52 ©
279 2039 113 47 Apr.
420 2039 37 41 1,
485 2037 111 41 1932;
652 2039 67 39 2c.
745 2038 111 46 Apr.
885 2039 24 38 1;
967 2037 81 40 aff.
1075 2037 111 48 Apr.
1216 2036 24 41 8;
1297 2037 38 38 A
1364 2037 141 40 50581;
1565 2038 50 39 F.
1644 2037 229 47 Requejo,
1901 2036 116 39 New
2046 2036 143 39 York.

197 2155 384 65 Richardson,
614 2156 271 54 Edward.

267 2233 118 51 Too
432 2233 167 52 much
645 2233 140 52 with
832 2252 82 48 us,
958 2233 75 66 by
1080 2233 253 52 Edward
1380 2232 373 53 Richardson.
1827 2233 258 66 London,
2131 2233 57 54 J.

198 2309 636 69 Long, limited ᶜ19 32]
267 2381 644 50 3 p. l., 11-288 p. 19½ᶜᵐ.
205 2436 1985 52 © 1c. Nov. 26. 1932; A ad int. 17146; pubd. Sept. 30; E. Richardson,
274 2498 130 39 West
442 2496 275 49 Bridgford,
752 2496 330 48 Nottingham,
1121 2497 234 44 England.
1426 2496 278 48 (32-35921)

200 2596 204 66 Riggs,
438 2598 196 53 Elmer
668 2599 252 63 Samuel,
957 2600 169 52 1869-

272 2677 120 53 The
418 2676 313 67 geological
760 2676 220 67 history
1011 2677 113 52 and
1154 2676 287 53 evolution
1472 2676 64 53 of
1563 2677 94 53 the
1686 2677 182 66 horse,
1895 2676 75 68 by
2001 2676 195 53 Elmer

205 2752 1989 70 S. Riggs … Chicago, Field museum of natural history, 1932.
270 2826 1922 49 cover-title, 54 p. illus., xix pl. on 10 l. 21½ᶜᵐ. (Field museum of
201 2884 196 39 natural
425 2883 201 48 history,
656 2882 224 49 Chicago.
940 2883 209 48 Geology
1178 2883 162 40 leaflet
1368 2883 80 47 13)

271 2939 348 49 Bibliography;
677 2949 42 38 p.
749 2939 68 40 54.

208 2991 50 51 ©
284 2996 116 40 Nov.
425 2997 67 44 17,
517 2995 112 41 1932;
682 2995 67 41 2c.
774 2997 93 39 and
893 2995 81 40 aff.
1000 2996 117 40 Nov.
1142 2995 54 41 23;
1252 2996 39 38 A
1316 2995 142 41 57215;
1515 2995 135 41 Field
1677 3006 216 29 museum
1921 2996 50 39 of
1997 2996 198 40 natural

275 3051 199 46 history.
546 3051 278 49 (32-35656)

203 3145 226 68 Schulz,
460 3146 254 54 William
745 3147 332 66 Frederick,
1111 3149 171 54 1872-

270 3224 240 53 Manual
547 3224 64 53 of
649 3225 379 68 experiments
1067 3226 59 52 in
1166 3226 228 68 general
1436 3225 244 69 physics,
1718 3226 75 68 by
1832 3225 260 55 William
2129 3226 66 52 F.

207 3301 1989 69 Schulz … New York, D. Van Nostrand company, inc., 1932.
273 3375 778 48 ix, 353 p. illus., diagrs. 22 ᶜᵐ.
211 3426 50 52 ©
294 3432 126 46 Sept.
449 3433 68 37 22.
549 3431 111 40 1932;
718 3432 65 40 2c.
818 3432 126 47 Sept.
974 3432 55 38 29;
1089 3431 80 41 aff.
1201 3432 109 39 Dec.
1342 3433 54 38 13;
1455 3433 39 38 A
1525 3433 142 39 58335;
1729 3433 53 37 D.
1816 3433 104 38 Van
1950 3433 242 39 Nostrand

276 3496 53 30 co.,
384 3486 89 41 inc.
543 3487 278 48 (32-35654)

205 3575 281 65 Stafford,
517 3576 192 52 Mabel
736 3577 207 65 Kurtz,
977 3579 168 54 1875-

276 3651 119 53 The
429 3651 255 55 Stafford
718 3652 219 69 lineage
968 3653 164 67 book,
1163 3653 226 69 tracing
1421 3654 95 53 the
1549 3653 145 54 male
1727 3654 116 53 line
1875 3654 63 53 of
1970 3654 227 53 descent

210 3726 149 54 from
401 3728 194 53 Jarvis
639 3728 255 55 Stafford
937 3734 58 48 to
1037 3731 95 52 the
1172 3732 232 51 seventh
1446 3730 348 68 generation,
1838 3729 141 54 with
2023 3730 172 54 allied

209 3803 263 54 families.
552 3805 90 68 By
681 3805 189 53 Mabel
914 3806 75 53 K.
1035 3805 272 56 Stafford.
1384 3807 242 68 Duluth,
1669 3807 184 53 Minn.
1904 3808 186 67 [Press
2131 3806 65 55 of

208 3880 283 55 Mattocks
517 3882 325 54 McDonald
870 3901 297 50 company]
1204 3885 149 52 1932.

283 3952 1327 51 [122] p. illus. (incl. ports., coat of arms) pl. 23½ᶜᵐ.
279 4009 1915 53 Blank pages for “future records of births, marriages, deaths … etc.”
219 4063 253 53 ([93-122])
