2563 4368
1321 4078 134 52 1286

387 458 312 56 Nebraska
745 459 111 53 and
901 458 187 53 North
1138 462 235 48 western
1418 456 204 69 digest,
1666 455 268 68 covering
1978 454 79 54 all
2099 472 152 35 cases
458 470 1898 136 reported
693 538 59 54 in

783 536 293 55 Nebraska
1108 541 239 63 reports,
1379 535 186 54 North
1599 540 238 48 western
1870 538 255 63 reporter
2159 540 108 47 and
2305 532 77 53 all

459 617 65 52 of
555 617 97 52 the
684 618 171 50 north
891 620 238 47 western
1164 618 173 50 states
1370 619 223 61 reports
1628 610 152 54 from
1813 613 96 52 the
1943 610 226 53 earliest
2203 611 178 66 times,

459 695 140 51 with
635 698 228 47 current
900 691 344 54 cumulative
1280 690 202 67 pocket
1518 687 211 55 service
1764 688 246 67 keeping
2048 687 113 53 this
2199 687 184 68 digest

460 771 212 67 always
718 775 58 48 to
824 770 146 52 date.
1047 766 300 69 Compiled
1394 769 112 51 and
1553 766 188 53 edited
1785 766 75 67 by
1905 767 96 52 the
2046 764 337 68 publisher’s

456 847 268 54 editorial
782 844 149 56 staff,
1007 866 51 32 v.
1120 850 45 48 1.
1205 844 546 68 Descriptive-word
1809 843 187 52 index.
2074 842 82 55 St.
2218 842 162 66 Paul,

456 925 854 69 West publishing co. [ ᶜ19 32]
459 1013 393 49 ix, 1870 p. 26 ᶜᵐ.
460 1069 227 42 Lettered
712 1079 61 30 on
799 1078 141 31 cover;
1000 1067 117 42 1860
1140 1070 50 39 to
1215 1068 129 41 date.

461 1127 133 48 “Key
621 1126 203 41 number
852 1123 225 51 system.”

396 1194 1642 53 © July 27, 1932; 2c. and aff. Oct. 3; A 55429; West pub. co.
472 1254 279 50 (32-16945)

389 1354 314 55 Nebraska
748 1357 111 52 and
907 1356 186 52 North
1139 1360 239 47 western
1423 1354 202 69 digest,
1671 1355 268 67 covering
1982 1355 77 51 all

2103 1371 152 36 cases
460 1370 1898 133 reported
692 1435 58 52 in
781 1434 294 53 Nebraska
1106 1439 238 63 reports,
1373 1433 187 53 North
1591 1437 238 48 western
1858 1437 274 64 reporter,
2163 1431 112 53 and
2305 1432 77 51 all

461 1510 1860 70 of the north western states reports from the earliest times …
464 1590 300 69 Compiled
821 1591 111 51 and
989 1590 189 53 edited
1233 1590 74 66 by
1362 1591 96 53 the
1512 1589 339 69 publisher’s
1909 1588 266 54 editorial
2232 1586 149 56 staff,

463 1668 1501 69 v. 2-4 … St. Paul, West publishing co. [ ᶜ19 32]
461 1744 211 39 3 v. 26 ᶜᵐ.
743 1809 106 29 CONTENTS.—v.
883 1797 41 41 2.
957 1798 586 48 Abandonment-Appeal
1576 1799 95 39 and
1705 1808 148 38 error,
1888 1797 205 40 168.—v.
2129 1796 42 41 3.
2204 1797 183 48 Appeal

395 1857 95 38 and
518 1865 147 36 error,
695 1853 84 41 169
808 1856 47 38 to
885 1854 207 40 835.—v.
1120 1853 41 41 4.
1190 1854 184 47 Appeal
1403 1855 96 39 and
1526 1865 149 36 error,
1706 1854 84 40 836
1820 1856 48 39 to
1898 1855 105 39 end.

397 1921 51 52 ©
479 1927 113 46 May
618 1925 69 47 20,
717 1924 112 40 1932;
887 1925 67 39 2c.
982 1925 116 39 each
1130 1925 126 38 June
1284 1924 48 38 11;
1398 1922 108 41 affs.
1536 1924 126 40 June
1691 1924 58 39 13;
1805 1924 41 38 A
1875 1922 321 41 52444-52446;
2255 1924 136 39 West

464 1982 108 47 pub.
601 1992 65 30 co.

391 2081 313 54 Nebraska
750 2083 112 52 and
908 2083 187 53 North
1141 2088 237 46 western
1423 2081 204 69 digest,
1672 2083 268 68 covering
1983 2083 77 51 all
2105 2101 150 34 cases
460 2100 1899 128 reported
693 2162 58 51 in

782 2161 290 52 Nebraska
1106 2166 238 62 reports,
1373 2161 186 52 North
1591 2165 235 48 western
1858 2167 273 61 reporter,
2163 2161 111 52 and
2305 2162 76 50 all

463 2237 1860 69 of the north western states reports from the earliest times …
466 2315 299 69 Compiled
822 2316 112 52 and
991 2316 189 52 edited
1235 2316 74 66 by
1363 2318 97 50 the
1513 2316 340 68 publisher’s
1909 2316 266 53 editorial
2231 2314 150 56 staff,

462 2392 1431 71 v. 5, 6. St. Paul, West publishing co. [ ᶜ19 32 ]
461 2468 216 41 2 v. 26 ᶜᵐ.
743 2535 104 29 CONTENTS.—v.
881 2523 42 40 5.
954 2522 711 49 Appearance-Bailment.—v.
1701 2523 41 41 6.
1777 2525 525 47 Bankruptcy-Bonds.

400 2590 51 52 ©
480 2595 127 39 June
634 2594 68 41 21.
731 2592 112 41 1932;
901 2594 67 38 2c.
997 2594 116 39 each
1143 2593 115 48 July
1288 2594 53 38 11;
1402 2593 107 40 affs.
1540 2595 114 45 July
1684 2595 54 39 12;
1798 2595 40 38 A
1866 2594 157 47 54024,
2053 2593 143 41 54025;
2254 2595 130 39 West

466 2651 108 46 pub.
600 2662 66 28 co.

392 2751 196 54 North
628 2751 236 54 Dakota
904 2752 112 52 and
1057 2753 186 52 North
1285 2758 239 48 western
1564 2752 204 70 digest,
1808 2754 269 68 covering
2115 2755 78 53 all
2232 2771 151 38 cases

464 2831 265 66 reported
766 2828 59 53 in
863 2831 185 52 North
1087 2830 228 54 Dakota
1354 2836 239 64 reports,
1629 2834 186 52 North
1854 2837 238 48 western
2130 2838 256 62 reporter

464 2908 113 53 and
607 2908 77 52 all
714 2909 64 52 of
806 2907 95 53 the
928 2909 170 51 north
1130 2914 236 47 western
1397 2915 172 49 states
1600 2915 220 62 reports
1854 2909 151 54 from
2034 2911 96 53 the
2159 2911 227 52 earliest

463 2984 182 69 times,
683 2985 139 53 with
861 2991 226 47 current
1124 2985 343 54 cumulative
1505 2987 202 67 pocket
1743 2988 211 52 service
1988 2987 245 69 keeping
2270 2987 115 54 this

464 3062 185 68 digest
692 3062 211 67 always
944 3068 59 46 to
1045 3064 146 51 date.
1268 3062 299 69 Compiled
1609 3066 112 52 and
1763 3064 188 54 edited
1993 3065 75 67 by
2108 3065 95 53 the
463 3065 1896 127 publisher’s

727 3139 266 53 editorial
1038 3136 149 56 staff,
1263 3159 48 32 v.
1363 3145 44 47 1.
1447 3141 543 68 Descriptive-word
2034 3143 186 52 index.
2300 3143 82 54 St.

465 3216 1044 70 Paul, West publishing co. [ ᶜ19 32 ]
465 3291 390 48 ix, 1870 p. 26 ᶜᵐ.
466 3346 226 41 Lettered
721 3357 61 30 on
811 3356 139 31 cover;
1010 3345 116 42 1867
1154 3348 49 39 to
1230 3346 128 41 date.

467 3402 134 49 “Key
626 3403 203 40 number
856 3401 224 50 system.”

403 3469 51 52 ©
484 3473 115 48 July
627 3473 69 47 27,
726 3473 113 40 1932;
895 3473 67 39 2c.
992 3474 94 39 and
1116 3473 82 39 aff.
1228 3473 101 40 Oct.
1359 3474 52 46 3;
1444 3474 40 38 A
1513 3472 142 42 55427;
1715 3475 134 40 West
1877 3477 110 46 pub.
2017 3486 67 30 co.

478 3528 278 49 (32-16946)

396 3627 195 56 North
631 3630 235 54 Dakota
908 3631 111 51 and
1060 3631 186 51 North
1288 3637 236 46 western
1566 3631 202 69 digest,
1809 3635 267 67 covering
2115 3636 77 50 all
2232 3653 149 34 cases

467 3709 265 64 reported
767 3709 59 50 in
862 3709 186 50 North
1082 3708 228 52 Dakota
1344 3714 239 62 reports,
1617 3709 185 52 North
1838 3715 239 48 western
2109 3716 271 63 reporter,

469 3784 110 51 and
612 3785 77 50 all
717 3784 63 53 of
808 3786 92 51 the
932 3787 170 50 north
1131 3791 237 47 western
1396 3791 173 48 states
1599 3793 222 62 reports
1850 3788 153 53 from
2031 3790 97 51 the
2156 3790 225 51 earliest

467 3859 1914 74 times … Compiled and edited by the publisher’s editorial
466 3935 1735 78 staff, v. 2-4 … St. Paul, West publishing co. [ ᶜ19 32 ]
467 4010 211 42 3 v. 26 ᶜᵐ.
