2563 4368
1050 4047 98 50 631

89 441 385 66 Richardson,
502 442 157 52 Leon
688 441 173 64 Burr,
894 440 169 55 1878-

158 512 1918 73 General chemistry, by Leon B. Richardson … Rev. ed. New
89 595 1109 67 York, H. Holt and company [ ᶜ1 932]
156 665 766 51 vi, 779 p. illus., diagrs. 22½ ᶜᵐ.
155 724 175 39 Tables
363 733 59 30 on
457 722 362 47 lining-papers.

159 777 301 49 “Readings”
491 779 53 39 at
571 779 91 39 end
692 777 52 40 of
771 778 118 39 each
919 778 201 46 chapter
1149 779 170 45 except
1349 776 81 41 the
1460 775 120 41 first.

96 850 50 51 ©
178 853 112 48 Apr.
319 853 68 45 15,
417 851 111 41 1932;
586 850 67 41 2c.
684 850 113 48 Apr.
826 850 54 39 22;
941 849 80 41 aff.
1054 849 113 48 Apr.
1197 849 54 39 21;
1312 849 40 38 A
1381 847 145 41 49640;
1586 849 166 47 Henry
1782 849 118 39 Holt
1932 848 36 41 &
1998 856 81 38 co.,

161 909 88 40 inc.
322 908 277 49 (32-11218)

159 1010 55 52 A
240 1010 323 67 laboratory
591 1011 228 50 manual
846 1008 63 52 of
935 1007 225 69 general
1189 1007 302 67 chemistry
1529 1007 243 67 (Larger
1798 1005 103 68 ed.,
1929 1007 142 66 rev.)

91 1082 1987 75 By Leon B. Richardson and Andrew J. Scarlett, jr. … New
96 1163 1130 70 York, H. Holt and company [ ᶜ1 932]
158 1234 834 50 viii p., 143 numb. 1. illus. 22 ᶜᵐ.
161 1293 201 40 Printed
391 1302 59 31 on
479 1302 88 30 one
596 1291 102 40 side
726 1290 51 41 of
804 1289 103 42 leaf
933 1291 125 46 only.

162 1349 237 41 “Written
429 1350 49 38 to
508 1357 291 38 accompany
829 1345 344 42 Richardson’s
1205 1346 207 41 General
1441 1345 501 48 chemistry.”—Pref.

99 1420 51 52 ©
180 1425 111 46 Apr.
323 1423 67 45 15,
421 1421 113 41 1932;
591 1422 66 39 2c.
687 1421 115 48 Apr.
830 1420 55 39 22:
945 1419 81 41 aff.
1058 1419 113 48 Apr.
1202 1419 53 39 21;
1315 1420 40 38 A
1385 1419 146 41 49639;
1590 1420 167 48 Henry
1788 1420 117 40 Holt
1937 1420 35 40 &
2003 1429 80 38 co.,

166 1481 89 39 inc.
326 1478 278 49 (32-11219)

95 1582 260 65 Richter,
384 1584 185 63 Hans,
601 1586 169 50 1889-

158 1661 121 54 Uns
317 1660 137 67 geht
490 1659 91 53 die
617 1677 173 35 sonne
825 1658 160 53 nicht
1021 1662 184 61 unter,
1242 1676 198 35 roman
1478 1676 111 35 von
1627 1657 162 54 Hans
1827 1658 253 53 Richter.

91 1734 1779 69 1. bis 10. tausend. Berlin, A. Scherl g. m. b. h. [ ᶜ1 931]
162 1809 378 52 202, [1] p. 18 ᶜᵐ.
101 1876 1985 54 © Nov. 10, 1931; 1c. Feb. 25, 1932; A —Foreign 15828; August Scherl,
167 1948 41 38 g.
235 1950 60 28 m.
354 1968 8 8 b.
390 1938 46 38 h.
505 1934 278 49 (32-11499)

98 2041 346 65 Robertson,
471 2042 267 61 Lawson,
769 2045 170 50 1883-

167 2120 239 51 Modern
436 2116 261 55 athletics;
753 2119 127 51 how
909 2124 58 46 to
995 2118 154 52 train
1178 2117 94 53 for
1297 2119 95 51 the
1421 2118 227 54 various
1676 2124 190 48 events
1894 2119 64 54 of
1987 2121 94 52 the

98 2196 1983 66 track and field programme, by Lawson Robertson … New
101 2275 176 66 York,
303 2274 257 65 London,
590 2274 61 54 C.
683 2272 312 55 Scribner’s
1021 2290 146 49 sons,
1195 2276 149 50 1932.

169 2343 1153 52 xii, 161 p. incl. front. (port.) plates. 19 ᶜᵐ.
106 2414 52 52 ©
187 2419 112 47 Apr.
331 2417 71 41 29,
431 2416 138 41 1932;
603 2416 68 41 2c.
701 2417 111 47 Apr.
847 2416 81 46 30;
965 2415 79 41 aff.
1080 2418 112 46 May
1224 2416 52 46 2;
1312 2417 39 38 A
1384 2416 168 48 51090;
1590 2418 200 40 Charles
1827 2417 262 42 Scribner’s

173 2485 123 32 sons.
366 2473 276 48 (32-26516)

102 2578 243 64 Rogers,
372 2578 201 53 James
602 2577 271 63 Edward,
902 2581 171 51 1884-

170 2653 119 52 The
313 2653 154 53 child
496 2654 111 51 and
634 2653 154 68 play,
816 2653 168 53 based
1014 2672 72 34 on
1113 2653 95 53 the
1236 2659 219 63 reports
1484 2654 64 54 of
1573 2654 95 53 the
1696 2653 192 56 White
1918 2656 171 53 house

103 2729 325 54 conference
461 2748 72 34 on
565 2731 154 52 child
753 2731 195 52 health
981 2731 113 52 and
1128 2731 337 68 protection,
1497 2731 75 69 by
1605 2732 192 54 James
1836 2734 254 53 Edward

102 2807 1742 71 Rogers … New York, London, The Century co. [ ᶜ1 932]
173 2879 1242 50 6 p. l. , 3-205 p. front., plates. 21 ᶜᵐ. $2.00
170 2936 204 48 Reports
402 2937 52 40 of
481 2938 81 39 the
591 2937 161 41 White
782 2938 149 39 house
962 2937 281 41 conference
1274 2937 157 41 which
1464 2939 124 39 have
1619 2938 202 49 bearing
1851 2951 60 28 on
103 2940 1968 92 children’s

251 2993 112 47 play:
419 3003 44 38 p.
493 2992 216 42 197-200.

112 3046 50 51 ©
188 3050 111 48 Apr.
326 3051 66 41 15,
421 3050 112 41 1932;
587 3051 67 40 2c.
682 3052 95 39 and
804 3051 81 39 aff.
912 3051 112 48 Apr.
1051 3051 56 40 19;
1161 3052 40 39 A
1228 3052 144 40 49596;
1429 3054 43 39 J.
1502 3055 50 38 E.
1582 3055 196 47 Rogers,
1806 3055 117 38 New
1950 3053 143 40 York.

189 3107 276 48 (32-11208)

106 3207 201 67 Sayce,
340 3210 318 54 Archibald
695 3211 222 65 Henry,
957 3217 170 49 1845-

236 3285 1857 75 … Ancient empires of the East, by Archibald Henry Sayce
168 3362 1925 72 … with Gibbon’s History, of Arabia and a sketch of the
107 3437 1961 131 history of Israel; revised and edited by Christopher Johnston …
109 3518 1958 143 [Memorial ed.] New York, P. F. Collier & son company [ ᶜ1 932]
177 3664 1915 56 li, 472 p. col. front., illus. (maps) plates, port. 23 ᶜᵐ. (The history
111 3718 1326 56 of nations, H. C. Lodge … editor-in-chief. vol. I)
178 3775 327 49 Frontispiece
532 3779 338 47 accompanied
895 3780 63 48 by
983 3783 155 45 guard
1167 3783 135 39 sheet
1330 3782 120 41 with
1478 3783 289 48 descriptive
1796 3784 295 47 letterpress.

179 3830 368 51 Bibliography;
577 3845 41 37 p.
651 3834 246 51 [459]-472.

120 3883 50 51 ©
195 3889 111 47 Apr.
331 3891 38 47 1,
394 3889 112 42 1932;
560 3891 66 41 2c.
654 3894 111 46 May
790 3894 26 39 3;
873 3893 79 39 aff.
979 3894 113 47 Apr.
1119 3894 55 41 30;
1229 3896 40 38 A
1294 3895 145 41 49817;
1494 3898 51 39 P.
1573 3898 48 38 F.
1652 3896 175 42 Collier
1852 3897 37 40 &
1916 3907 84 29 son
2027 3906 66 30 co.

188 3941 66 53 [©
285 3957 102 29 new
416 3947 224 42 material
671 3950 93 39 and
796 3949 248 50 revisions]
1117 3951 278 49 (32-12644)
