2563 4368
1314 4037 132 50 1588

435 492 1927 58 3 p. l., v-xxviii, 731, [62] p. col. front., illus., col. plates, maps. 22 ᶜᵐ .
439 555 283 43 “Hurlbut’s
753 554 139 41 Bible
920 555 184 40 lessons
1134 554 79 40 for
1241 553 115 48 boys
1387 552 95 41 and
1510 551 118 49 girls;
1686 549 250 51 questions
1963 550 96 40 and
2087 549 272 41 answers”:

370 615 85 51 [62]
488 625 44 38 p.
562 615 54 40 at
645 613 107 41 end.

373 681 51 52 ©
463 685 128 48 Sept.
625 683 71 49 26,
731 681 114 41 1932;
909 682 69 40 2c.
1012 682 95 38 and
1144 679 82 41 aff.
1263 680 102 40 Oct.
1401 679 57 40 10;
1520 679 41 39 A
1598 677 142 42 56412;
1807 678 201 41 Charles
2045 678 49 41 C.
2131 677 229 48 Hurlbut,

438 742 117 38 New
579 740 146 39 York.
796 736 279 49 (32-30009)

370 842 239 54 Illinois.
682 841 310 68 Appellate
1024 844 203 49 courts.

439 915 1923 72 Reports of cases determined … with a directory of the
370 997 287 69 judiciary
687 995 65 54 of
777 996 94 53 the
901 1001 145 49 state
1079 996 111 52 and
1221 995 277 53 abstracts
1528 994 63 53 of
1621 1013 149 35 cases
1801 993 333 68 designated
2163 994 75 69 by
2265 994 100 53 the

371 1072 1929 70 courts as not to be reported in full. vol. CCLXIV, A. D. 1932 …
370 1154 291 69 Reported
703 1154 74 68 by
823 1153 161 53 Basil
1027 1154 189 54 Jones.
1295 1150 269 70 Chicago,
1611 1150 322 71 Callaghan
1977 1156 46 50 &
2067 1170 296 51 company,

373 1235 150 52 1932.

438 1305 510 50 xxvii, 656 p. 23 ᶜᵐ .
376 1373 51 52 ©
461 1378 119 40 Nov.
610 1376 68 49 19,
713 1375 113 42 1932;
889 1377 68 40 2c.
988 1376 119 40 Nov.
1139 1375 55 40 23;
1258 1374 81 40 aff.
1374 1374 117 40 Nov.
1526 1375 56 40 25;
1645 1375 41 40 A
1718 1374 145 41 58066;
1927 1374 268 48 Callaghan
2230 1374 36 41 &
2298 1384 69 32 co.

372 1495 214 64 Keller,
617 1495 164 64 Paul,
816 1495 169 54 1873-

505 1570 1860 69 … Mihel, der rächer; das venezianische schloss, roman.
374 1651 255 67 Breslau,
661 1650 510 68 Bergstadtverlag
1207 1653 170 64 [1931]

443 1722 339 49 256 p. 19 ᶜᵐ .
446 1781 142 41 “1.-6.
618 1779 232 49 auflage.”

379 1849 1994 52 © Sept. 30, 1931; 1c. Dec. 17; A —Foreign 17855; Bergstadtverlag
448 1909 224 40 Wilhelm
705 1908 211 40 Gottlieb
949 1908 149 39 Korn.
1169 1906 279 49 (32-31023)

375 2011 188 65 Keun,
594 2011 290 65 Irmgard,
918 2016 169 49 1909-

507 2088 1862 68 … Das kunstseidene mädchen; roman. Berlin, Universitas
489 2172 84 63 [ ᶜ19 32]
446 2237 439 52 220, [1] p. 19 ᶜᵐ .
383 2307 1990 52 © May 30, 1932; 1c. Sept. 7; A —Foreign 17895; Universitas deutsche
450 2366 709 48 verlags-aktiengesellschaft.
1229 2366 278 48 (32-31026)

379 2468 371 65 Keyserling,
779 2469 305 53 Hermann
1110 2468 353 66 Alexander,
1490 2469 139 68 graf
1653 2486 132 48 von,
1816 2475 169 50 1880-

512 2545 1861 57 … South American meditations on hell and heaven in the
379 2626 123 52 soul
546 2622 65 55 of
653 2642 150 47 man,
849 2623 315 53 translated
1211 2623 151 53 from
1406 2625 96 53 the
1547 2623 267 68 German,
1859 2625 61 53 in
1963 2623 410 56 collaboration

383 2701 137 53 with
555 2702 93 52 the
683 2702 223 66 author,
937 2700 76 68 by
1046 2701 247 53 Theresa
1327 2701 205 54 Duerr.
1601 2702 139 53 New
1775 2702 162 53 York
1969 2702 113 53 and
2115 2701 257 70 London,

381 2780 231 66 Harper
638 2781 46 51 &
708 2778 276 67 brothers,
1013 2780 150 50 1932.

450 2850 615 51 4 p. l., 3-420 p. 22½ᶜᵐ.
451 2911 65 38 At
538 2908 125 40 head
687 2908 52 40 of
763 2907 108 41 title:
927 2907 158 41 Count
1108 2907 251 40 Hermann
1384 2906 302 49 Keyserling.

454 2965 162 41 “First
641 2961 227 44 edition.”

388 3032 51 51 ©
471 3036 102 40 Oct.
604 3034 39 48 6,
675 3033 141 48 1932;
847 3033 66 41 2c.
948 3033 101 40 Oct.
1081 3032 53 47 6;
1169 3032 82 41 aff.
1284 3033 101 40 Oct.
1418 3034 52 46 8;
1504 3034 43 38 A
1576 3034 171 48 55505;
1782 3034 156 41 Count
1970 3035 253 40 Hermann
456 3036 1902 103 Keyserling,

681 3091 301 46 Darmstadt,
1015 3089 255 48 Germany.
1341 3088 279 52 (32-30008)

389 3195 197 64 [Levy,
616 3194 322 67 Hermann]
975 3197 170 51 1881-

453 3271 110 52 Die
597 3289 154 50 oase;
788 3288 215 50 roman,
1036 3288 110 34 von
1180 3271 298 52 Hermann
1512 3271 139 53 Lint
1712 3272 186 66 [pseud.]
1998 3273 216 67 Berlin,
384 3273 1964 131 Ullstein

567 3353 191 64 [ ᶜ19 32]
456 3420 99 49 254,
591 3422 54 48 [2]
679 3431 44 37 p.
783 3420 145 40 16½ᶜᵐ.
1000 3418 298 49 (Half-title:
1329 3420 91 41 Die
1452 3421 167 47 gelben
1653 3421 421 41 Ullstein-bücher.
2137 3421 141 51 [145])

391 3475 1713 52 © Jan. 21, 1932; 1c. Sept. 2; A— Foreign 17889; Ullstein a. g.
467 3535 279 49 (32-31027)

389 3636 302 66 Litowich,
725 3638 289 55 Carolina.

456 3712 161 67 Ugly
645 3711 143 68 face,
814 3713 77 68 by
921 3712 270 55 Carolina
1221 3714 297 53 Litowich.
1584 3716 232 65 Boston,
1847 3713 121 54 The
1998 3712 376 68 Christopher

390 3788 754 68 publishing house [ ᶜ19 32]
458 3861 304 48 52 p. 21 ᶜᵐ .
394 3911 51 52 ©
475 3916 102 42 Oct.
606 3917 68 47 13,
703 3916 114 41 1932;
875 3918 67 40 2c.
973 3919 93 39 and
1097 3917 82 41 aff.
1210 3918 101 41 Oct.
1341 3918 56 40 24;
1455 3919 42 39 A
1526 3919 141 40 56655;
1728 3918 314 49 Christopher
2073 3918 107 49 pub.
2211 3918 162 41 house.

470 3972 277 48 (32-30024)
