2563 4368
1095 4043 100 54 547

154 463 256 64 Burdon,
437 461 276 54 Kenneth
742 459 371 65 Livingston.

216 533 1919 71 A textbook of bacteriology, by Kenneth L. Burdon … New
149 615 177 68 York,
355 616 121 53 The
504 614 334 54 Macmillan
869 632 297 49 company,
1199 616 151 49 1932.

220 684 1372 53 xiii, 542 p. incl. front., illus., ports., diagrs. 22½ ᶜᵐ .
221 756 345 42 “References”
593 759 52 38 at
669 757 92 41 end
788 756 52 42 of
865 767 128 30 some
1019 755 52 42 of
1097 757 81 39 the
1204 756 240 47 chapters.

157 824 52 52 ©
239 829 112 47 Apr.
379 829 69 45 12,
478 826 112 42 1932;
650 828 65 41 2c.
747 828 94 39 and
945 856 9 8 aff.
983 826 112 47 Apr.
1127 826 54 39 13;
1241 825 39 38 A
1310 824 142 40 50723;
1513 824 280 40 Macmillan
1824 835 66 29 co.

234 884 278 48 (32-10380)

153 1000 234 54 Bureau
414 1001 64 52 of
504 998 317 66 municipal
847 999 295 64 research,
1170 996 424 68 Philadelphia.

279 1073 1860 68 … Women’s misdemeanants division of the Municipal court
144 1153 65 53 of
233 1153 409 68 Philadelphia;
701 1173 32 34 a
757 1159 196 62 report
974 1154 76 66 by
1073 1153 96 53 the
1194 1154 229 51 Bureau
1449 1152 64 54 of
1537 1152 313 67 municipal
1878 1152 257 53 research

145 1231 64 52 of
236 1230 408 69 Philadelphia
671 1231 64 53 of
764 1250 32 34 a
822 1230 173 68 study
1022 1231 164 52 made
1211 1230 76 67 by
1313 1230 48 53 it
1388 1248 59 35 as
1476 1236 170 60 agent
1673 1229 65 53 of
1764 1230 96 52 the
1888 1230 248 52 Thomas

148 1307 237 55 Skelton
417 1307 284 54 Harrison
732 1307 361 53 foundation.
1161 1307 140 54 This
1333 1312 197 63 report
1560 1307 280 68 prepared
1873 1308 75 65 by
1978 1308 159 52 Ruth

143 1384 1969 144 Topping … Philadelphia, Thomas Skelton Harrison foundation,
312 1466 151 50 1932.

146 1533 1976 108 xxvii, 310 p. illus. (map) 23 ᶜᵐ . (Philadelphia Municipal court survey series)
155 1658 51 53 ©
238 1665 122 39 Mar.
392 1664 69 46 14,
492 1662 111 41 1932;
665 1662 67 41 2c.
766 1662 119 40 Mar.
919 1662 53 40 17;
1035 1660 81 41 aff.
1151 1662 120 40 Mar.
1305 1660 55 40 29;
1420 1661 41 39 A
1492 1660 144 42 49323;
1698 1662 211 41 Thomas
1944 1663 195 40 Skelton

223 1719 239 41 Harrison
492 1718 302 41 foundation.
865 1717 280 49 (32-10177)

150 1836 162 65 Cain,
345 1836 204 56 Noble.

220 1912 211 55 Choral
466 1913 180 54 music
679 1914 112 52 and
824 1911 74 55 its
934 1912 262 68 practice,
1231 1912 140 54 with
1406 1912 315 68 particular
1757 1913 285 54 reference
2077 1921 58 46 to

150 2008 32 34 a
213 1990 259 68 cappella
502 1991 196 67 music,
726 1991 75 67 by
832 1989 182 55 Noble
1044 1990 160 56 Cain.
1280 1992 136 50 New
1447 1992 180 64 York,
1659 1993 68 51 N.
1760 1993 88 64 Y.,
1879 1994 78 50 M.
148 1993 1961 129 Witmark

340 2072 430 64 & sons [ ᶜ19 32 ]
220 2139 1194 50 ix, 145 p. illus. (incl. music) diagrs. 21 ᶜᵐ .
222 2211 69 38 “A
322 2210 216 48 cappella
572 2210 135 40 choir
740 2209 285 40 literature”:
1089 2221 41 36 p.
1165 2210 202 39 119-139;
1429 2210 348 48 Bibliography:
1840 2222 41 37 p.
1920 2213 214 40 140-145.

156 2276 51 53 ©
234 2281 113 47 Apr.
372 2281 40 46 9,
440 2280 112 41 1932;
609 2282 65 39 2c.
702 2282 94 39 and
825 2280 82 42 aff.
935 2282 111 47 Apr.
1074 2280 26 40 9;
1158 2281 39 39 A
1224 2280 143 40 49466;
1426 2282 61 38 M.
1518 2282 241 40 Witmark
1787 2282 36 40 &
1851 2293 124 29 sons.

233 2337 278 48 (32-10312)

151 2440 180 64 Capy,
360 2441 292 56 Marcelle.

218 2515 134 52 Men
389 2533 130 50 pass
578 2516 91 68 [by]
712 2515 267 53 Marcelle
1017 2515 190 69 Capy;
1247 2515 311 54 translated
1597 2515 148 53 from
1787 2517 95 53 the
1920 2518 217 52 French

149 2590 73 70 by
248 2592 199 53 Victor
475 2590 368 55 Yakhontoff.
908 2592 137 54 New
1075 2592 177 68 York,
1281 2592 316 69 Liveright,
1624 2592 105 53 inc.
1876 2596 84 65 [ᶜ1932]

218 2662 334 50 273 p. 20 ᶜᵐ .
157 2731 52 53 ©
240 2737 112 47 Apr.
385 2738 40 46 8,
454 2735 140 48 1932;
628 2736 66 41 2c.
727 2737 112 48 Apr.
871 2737 82 46 13;
989 2737 82 43 aff.
1103 2737 114 48 Apr.
1248 2738 54 38 12;
1364 2737 40 39 A
1436 2737 169 47 50821;
1641 2737 263 49 Liveright,
1937 2739 89 39 inc.

233 2793 278 47 (32-10342)

153 2894 232 67 Cattell,
413 2897 203 54 James
641 2896 277 63 McKeen,
951 2902 170 50 1860-
1332 2897 84 53 ed.

219 2972 244 54 Leaders
495 2973 61 52 in
586 2973 316 67 education,
934 2993 32 34 a
997 2974 394 68 biographical
1424 2974 303 68 directory,
1759 2975 187 54 edited
1978 2977 75 66 by
2085 2978 54 53 J.

150 3050 1991 70 McKeen Cattell … 1st ed. New York, The Science press,
153 3131 148 51 1932.

221 3201 453 50 vi, 1037 p. 26 ᶜᵐ .
159 3267 52 52 ©
242 3273 114 47 Apr.
387 3274 40 46 5,
458 3272 112 41 1932;
632 3272 66 43 2c.
732 3273 113 48 Apr.
878 3274 27 39 5;
967 3273 80 40 aff.
1081 3274 111 47 Apr.
1228 3275 23 39 7;
1314 3274 40 38 A
1387 3273 145 41 49439;
1596 3275 193 40 Science
1823 3286 148 37 press.

236 3328 278 50 (32-10194)

157 3430 216 68 Cicero,
401 3434 237 53 Marcus
666 3433 242 57 Tullius.

284 3506 1858 73 … Selected letters of Cicero to Atticus, his family, and his
155 3581 1985 75 friends; translated into English by E. S. Shuckburgh, M. A.,
155 3658 138 54 with
336 3681 30 32 a
407 3662 151 52 brief
599 3661 384 54 introduction
1026 3663 73 68 by
1142 3664 169 52 Alma
1356 3664 192 52 Laird.
1628 3664 135 51 New
1808 3664 160 51 York
2010 3664 132 67 city,

154 3734 361 56 Translation
554 3736 332 70 publishing
923 3757 292 50 company,
1254 3739 105 53 inc.
1516 3743 83 64 [ᶜ1932]

222 3805 64 49 ix,
317 3807 88 41 348
433 3819 42 38 p.
536 3808 144 43 15½ᶜᵐ.
751 3810 125 47 (The
908 3811 237 40 students’
1177 3812 164 40 literal
1375 3813 344 47 translations)

163 3873 50 52 ©
239 3878 107 41 Feb.
371 3881 42 45 4,
438 3880 111 41 1932;
604 3882 66 39 2c.
697 3883 122 39 Mar.
845 3883 81 46 14;
955 3883 80 40 aff.
1063 3884 120 40 Mar.
1210 3883 81 48 29;
1321 3884 39 40 A
1385 3884 147 40 49306;
1585 3885 315 41 Translation
1925 3883 106 49 pub.
2060 3892 83 38 co.,

229 3934 88 46 inc.
380 3932 68 57 [©
478 3937 344 53 introduction]
894 3939 278 49 (32-10210)
