2563 4368
1359 4056 103 51 826

398 423 198 65 Black,
628 423 289 65 Dorothy.

468 500 159 55 Wild
658 500 216 68 cherry.
955 499 361 68 [Instalment
1349 502 83 63 11]

506 575 60 38 (In
592 570 159 43 Home
776 574 143 39 notes
949 570 275 52 magazine,
1253 570 121 52 Apr.
1404 571 72 49 30,
1508 569 143 50 1932)

408 627 1989 51 © 1c. June 22, 1932; A ad int. 16564; pubd. Apr. 25; Dorothy Black
476 687 268 46 MacLeish,
780 687 230 48 Pitcaple,
1046 686 395 47 Aberdeenshire,
1481 687 242 40 Scotland.

401 792 129 63 Boy
555 795 204 50 scouts
781 792 65 52 of
873 790 293 56 America.

469 866 330 55 Handbook
831 866 93 53 for
955 866 139 70 boys
1131 909 57 10 …
1261 866 140 53 New
1435 865 164 53 York
1631 865 135 70 city,
1797 865 123 53 The
1952 866 128 68 Boy
2112 870 185 49 scouts
2333 864 64 54 of

399 944 496 68 America [ ᶜ1 932]
469 1019 28 38 4
519 1028 45 38 p.
623 1050 8 15 l.,
661 1018 177 50 [7]-650
859 1028 43 38 p.
958 1017 141 48 illus.,
1126 1017 178 48 diagrs.
1359 1017 116 40 18ᶜᵐ.

471 1075 278 41 Half-title:
789 1075 208 41 Revised
1034 1074 256 40 handbook
1326 1074 80 39 for
1441 1073 131 45 boys.
1639 1071 75 42 1st
1754 1073 87 48 ed.,
1880 1072 247 41 sixteenth
2164 1071 232 50 printing,

401 1142 88 30 one
523 1132 220 40 hundred
778 1131 244 40 thousand
1055 1130 172 48 copies.

471 1187 182 41 Music;
683 1198 45 38 p.
755 1187 218 41 566-579.

476 1244 233 41 Contains
743 1244 304 48 advertising
1078 1246 194 38 matter.

411 1299 51 51 ©
489 1304 114 46 May
627 1303 69 45 23,
722 1302 140 46 1932;
890 1301 67 43 2c.
984 1303 113 47 May
1122 1302 82 47 27;
1233 1302 83 39 aff.
1344 1302 126 39 June
1496 1303 51 45 1;
1577 1302 41 38 A
1643 1301 170 47 52241;
1843 1302 102 47 Boy
1973 1303 161 38 scouts
2162 1301 51 40 of
479 1300 1905 100 America.
638 1359 279 49 (32-14672)

404 1464 305 64 Brigham,
741 1463 209 55 Albert
979 1463 206 65 Perry.

477 1540 314 54 Essentials
835 1541 63 52 of
943 1541 347 69 geography.
1366 1541 72 52 2d
1479 1540 112 69 bk.,
1631 1546 82 63 pt.
1758 1543 49 66 2,
1848 1540 76 68 by
1966 1540 206 54 Albert
2215 1542 183 68 Perry

406 1619 282 69 Brigham
737 1663 54 9 …
842 1620 112 52 and
1000 1619 236 55 Charles
1281 1622 64 51 T.
1388 1620 346 54 McFarlane
1783 1662 56 10 …
1917 1620 138 53 Rev.
2100 1619 86 53 ed.
2259 1620 141 53 New

406 1696 1782 71 York, Cincinnati [etc.] American book company [ ᶜ1 932 ]
548 1803 8 17 xv,
584 1771 202 41 218-422
814 1783 42 36 p.
913 1771 141 48 illus.,
1084 1782 136 37 maps
1249 1772 48 47 (1
1326 1771 196 48 double)
1561 1773 169 40 tables.
1786 1774 116 40 26ᶜᵐ.

413 1825 51 52 ©
501 1830 125 39 June
659 1830 70 46 17,
764 1827 140 47 1932;
942 1828 66 42 2c.
1044 1830 97 39 and
1176 1828 82 41 aff.
1295 1830 125 39 June
1457 1829 82 48 22;
1579 1830 40 39 A
1655 1829 169 48 52751;
1865 1830 145 40 Flora
2047 1831 69 39 W.
2154 1828 246 51 Brigham,

481 1886 267 46 Hamilton,
778 1886 55 42 N.
863 1886 69 46 Y.,
961 1887 96 39 and
1087 1885 200 41 Charles
1317 1887 51 40 T.
1399 1886 302 48 McFarlane,
1733 1888 117 38 New
1880 1887 143 40 York.

408 1992 265 63 Browne,
701 1988 194 56 Lewis
920 1989 190 58 Allen.

477 2066 255 69 Tonight
770 2085 63 34 or
871 2085 186 49 never,
1094 2066 292 53 novelized
1424 2067 75 68 by
1536 2066 183 55 Lewis
1757 2067 173 53 Allen
1969 2068 243 53 Browne
2250 2067 153 53 from

407 2145 192 53 David
645 2145 280 53 Belasco’s
969 2150 158 63 stage
1169 2162 211 35 success
1423 2144 75 68 by
1540 2144 116 52 Lili
1699 2145 294 68 Hatvany,
2038 2145 249 68 adapted
2327 2146 77 69 by

407 2223 269 52 Frederic
714 2224 112 50 and
866 2223 205 54 Fanny
1108 2222 242 52 Hatton.
1424 2222 139 52 New
1600 2222 179 67 York,
1817 2222 233 54 Grosset
2085 2225 47 50 &
2166 2223 235 67 Dunlap

413 2303 192 64 [ ᶜ1 931]
478 2371 956 51 2 p. l., 220 p. front., plates. 19ᶜᵐ .
417 2426 51 53 ©
499 2431 109 40 Dec.
639 2430 70 46 26,
739 2429 140 47 1931;
910 2430 65 39 2c.
1008 2430 95 39 and
1133 2429 81 40 aff.
1246 2428 113 41 Dec.
1388 2428 82 47 29;
1503 2429 41 39 A
1573 2428 170 48 45659;
1778 2430 199 40 Grosset
2008 2430 36 40 &
2074 2430 208 49 Dunlap,
2313 2430 91 42 inc.

495 2487 279 49 (32-14446)

412 2593 219 63 Bryan,
660 2590 291 65 Dorothy.

479 2667 248 53 Michael
763 2667 126 53 who
924 2666 207 54 missed
1166 2665 89 55 his
1290 2666 171 68 train,
1495 2666 76 69 by
1605 2667 264 68 Dorothy
1905 2667 113 53 and
2051 2666 353 71 Marguerite

411 2746 197 67 Bryan
658 2787 57 10 …
800 2744 231 55 Garden
1078 2743 151 69 City,
1275 2744 70 52 N.
1393 2743 89 69 Y.,
1527 2743 356 70 Doubleday,
1925 2746 199 52 Doran
2168 2749 47 50 &
410 2764 1970 127 company,
608 2822 126 68 inc.,
765 2825 150 50 1932.

498 2897 70 48 [32]
599 2906 42 37 p.
702 2896 129 40 illus.
859 2895 134 49 (part
1022 2893 112 48 col.)
1201 2894 239 41 21×24ᶜᵐ.

483 2951 203 41 “Junior
713 2951 190 42 books.”

484 3008 163 41 “First
676 3007 227 42 edition.”

483 3065 288 40 Illustrated
799 3064 347 48 lining-papers
1176 3063 50 40 in
1257 3063 169 41 colors.

421 3118 51 53 ©
499 3123 113 46 May
637 3120 68 42 19,
731 3119 140 49 1932;
899 3121 66 40 2c.
993 3122 96 39 and
1115 3121 81 40 aff.
1224 3121 112 47 May
1361 3120 82 47 25;
1471 3121 41 38 A
1539 3120 169 47 51632;
1737 3121 57 40 D.
1822 3123 60 38 M.
1912 3123 178 48 Bryan,
2119 3122 119 41 Glen
2267 3122 136 48 Cove,

487 3180 50 39 L.
566 3179 52 46 I.,
645 3178 56 40 N.
728 3178 53 39 Y.
851 3178 280 48 (32-14442)

415 3264 322 65 Chapman,
765 3263 312 65 Maristan,
1107 3267 193 68 pseud.

479 3341 121 51 The
633 3340 247 53 weather
915 3344 132 63 tree,
1081 3340 75 69 by
1189 3339 282 55 Maristan
1508 3340 313 69 Chapman.
1894 3341 137 53 New
2069 3340 177 70 York,
2281 3341 122 52 The

412 3416 221 70 Viking
666 3434 173 52 press,
879 3418 150 52 1932.

481 3497 29 39 4
535 3506 44 39 p.
643 3527 10 17 l.,
679 3495 146 42 3-298
852 3506 42 39 p.
950 3495 146 41 19½ᶜᵐ.

421 3549 52 55 ©
499 3557 109 39 Jan.
632 3557 41 46 4,
698 3555 140 47 1932;
864 3555 66 40 2c.
957 3556 95 39 and
1078 3555 81 40 aff.
1187 3556 109 42 Jan.
1322 3557 52 44 7;
1402 3556 40 39 A
1467 3556 170 47 46784;
1667 3558 62 40 M.
1758 3556 262 49 Chapman,
2047 3557 202 46 Tucson,
2276 3554 129 42 Ariz.

499 3612 278 48 (31-28595)

419 3702 401 53 Connecticut.
893 3704 144 50 Fort
1071 3703 286 52 Griswold
1389 3704 114 52 and
1535 3705 221 52 Groton
1783 3709 332 48 monument
487 3703 1890 130 commission.

487 3853 521 70 Sesquicentennial
1047 3854 65 54 of
1148 3856 96 53 the
1283 3855 180 55 battle
1502 3857 64 54 of
1604 3857 221 55 Groton
1865 3857 248 69 Heights
2154 3858 113 53 and
2307 3857 94 55 the

414 3930 251 70 burning
687 3930 64 55 of
772 3932 139 53 New
932 3932 257 68 London,
1214 3931 387 71 Connecticut,
1628 3933 330 70 September
1983 3938 31 50 6
2039 3936 113 53 and
2176 3935 49 67 7,
2252 3936 152 65 1931,
