2563 4368
1078 4040 102 50 207

140 501 93 53 the
263 506 147 47 most
439 500 319 67 important
789 516 213 52 groups
1035 497 65 54 of
1131 497 143 53 cacti
1305 497 227 68 known,
1567 496 139 54 with
1739 496 273 54 scientific
140 516 1970 130 accuracy,

392 578 113 54 and
536 576 295 69 depicting
860 576 94 53 the
987 575 195 53 charm
1213 574 65 55 of
1309 575 95 52 the
1437 575 186 53 desert
1654 575 155 68 land,
1841 574 75 54 its
1947 575 187 69 magic

139 656 142 67 spell
310 655 113 53 and
450 655 301 52 wondrous
778 654 139 67 lure,
945 653 60 52 in
1034 653 97 53 the
1155 658 164 63 great
1346 658 188 48 cactus
1562 669 130 37 area
1721 651 64 54 of
1812 652 96 53 the
1935 652 199 66 world,

140 733 92 51 the
255 732 306 52 American
584 732 186 51 desert
791 730 64 53 of
875 730 96 53 the
997 729 339 56 Southwest.
1398 731 91 67 By
1513 730 156 54 John
1694 729 194 54 James
139 729 1972 133 Thomber

140 806 1969 149 … and Frances Bonker. New York, The Macmillan company, 1932.
209 956 1706 51 xiv p., 1 l., 194 p. col. front., illus., plates (part col.) 22½ ᶜᵐ .
207 1015 140 48 Maps
376 1026 60 29 on
467 1014 359 48 lining-papers.

147 1069 51 52 ©
236 1075 119 38 Mar.
394 1075 23 37 1,
529 1073 54 40 1932;
649 1072 66 41 2c.
753 1076 93 38 and
885 1072 81 40 aff.
1005 1073 121 39 Mar.
1164 1072 25 38 2;
1255 1073 41 38 A
1331 1073 145 40 48737;
1544 1072 279 40 Macmillan
1861 1083 67 31 co.

223 1129 278 48 (32-26219)

141 1203 215 66 Trites,
385 1203 254 55 William
668 1204 188 64 Budd,
886 1205 171 54 1872-

142 1279 1969 146 Miramar, by W. B. Trites. London, [etc.] Cassell and company, ltd. [ 1931]
208 1428 724 51 3 p. l., 9-287, [1] p. 19 ½ᶜᵐ .
146 1486 1992 51 © 1c. Jan. 14, 1932; A ad int. 16090; pubd. Nov. 19, 1931; W. B. Trites,
213 1546 128 46 Nice,
373 1547 199 39 France.
642 1544 251 49 (32-6320)

133 1623 246 61 Tucker,
407 1622 254 53 William
690 1622 175 63 John,
897 1627 171 49 1888-

209 1698 1923 70 College Shakespeare, by William John Tucker … with
139 1778 367 67 frontispiece
566 1780 152 51 from
777 1780 94 52 the
931 1779 142 53 folio
1132 1778 214 54 edition
1407 1780 64 53 of
1532 1784 148 49 1664.
1757 1780 138 54 New
1956 1781 180 66 York,

135 1857 1158 66 Thomas Y. Crowell company [ ᶜ1 932]
209 1914 1008 61 xiv, 380 p. incl. front. (port.) 22 ½ᶜᵐ .
213 1983 1926 49 “This book … is primarily an attempt to fix the thoughts of the
139 2043 198 38 student
364 2052 59 29 on
453 2042 82 39 the
563 2041 280 40 characters
870 2040 53 40 of
952 2039 374 48 Shakespeare’s
1359 2041 167 40 heroes
1556 2042 95 38 and
1683 2041 236 46 heroines,
1951 2043 95 39 and
2076 2053 58 29 on

139 2098 81 40 the
247 2097 240 48 problems
513 2097 159 40 which
701 2098 114 45 they
844 2096 432 48 suggest.”—Pref.

211 2154 374 47 Bibliography:
621 2163 44 38 p.
703 2152 247 52 [365]-369.

146 2208 51 51 ©
226 2212 109 40 Feb.
364 2213 68 45 17,
460 2211 140 46 1932;
630 2212 67 40 2c.
726 2212 108 38 Feb.
864 2211 83 46 20;
978 2211 81 39 aff.
1090 2212 109 41 Feb.
1227 2211 55 39 19;
1341 2212 39 38 A
1408 2213 171 45 47743;
1611 2213 210 39 Thomas
1850 2214 53 37 Y.
1935 2214 204 39 Crowell

213 2278 66 30 co.
351 2268 249 48 (32-4891)

142 2343 119 52 The
288 2343 219 54 United
535 2345 203 53 States
766 2348 226 63 patents
1018 2344 293 68 quarterly;
1370 2349 222 63 reports
1620 2345 62 52 of
1710 2364 149 36 cases
1887 2345 249 69 relating

213 2421 1898 145 to patents, trade marks, and copyrights … v. 11 … Washington,
480 2499 120 52 The
650 2498 217 55 United
922 2499 186 55 States
1161 2501 157 52 daily
1368 2501 337 70 publishing
1753 2502 382 69 corporation,

214 2579 149 49 1932.

212 2650 695 48 xiv p., 1 l., 352 p. 23½ ᶜᵐ .
146 2703 51 51 ©
238 2707 108 40 Feb.
386 2707 55 40 23,
552 2707 83 46 1932;
675 2708 66 39 2c.
781 2709 96 39 and
915 2708 81 41 aff.
1037 2708 122 42 Mar.
1198 2710 52 46 1;
1292 2711 40 38 A
1369 2710 171 46 47906;
1584 2711 175 41 United
1803 2711 162 42 States
2005 2713 134 49 daily

214 2763 106 47 pub.
352 2774 126 37 corp.

146 2838 244 66 [Vahey,
417 2839 155 54 John
602 2840 227 64 George
856 2840 293 68 Haslette]
1184 2846 171 51 1881-

212 2914 1861 77 The trail of the ruby, by Walter Proudfoot [pseud.] …
142 2992 256 67 London,
422 2992 367 54 Hutchinson
815 2996 47 51 &
889 3012 98 50 co.,
1013 2995 104 53 ltd.
1171 2998 152 66 [1932]

209 3063 608 50 2 p. l., 9-288 p. 19 ½ᶜᵐ .
146 3117 1991 63 © 1c. Mar. 1, 1932; A ad int. 16095; pubd. Jan. 5; John Haslette Vahey,
213 3179 377 42 Bournemouth.
628 3182 236 46 England.
934 3182 249 48 (32-6527)

141 3240 293 65 Wadsley,
464 3242 183 56 Olive.

210 3319 32 50 I
269 3318 317 53 surrender.
668 3319 362 67 [Instalment
1056 3325 50 64 4]

220 3391 77 47 (In
330 3387 134 44 Good
495 3389 310 44 needlework
837 3392 274 51 magazine,
1145 3393 129 51 Feb.,
1310 3394 145 52 1932)

145 3442 1990 64 © 1c. Mar. 5, 1932; A ad int. 16119; pubd. Jan. 8; Olive Mary Wadsley.
213 3504 208 40 London.

140 3563 755 69 Weaver, George H., e d.
273 3642 1856 79 … General medicine, edited by George H. Weaver, M. D.,
140 3714 1983 85 Lawrason Brown, M. D., George R, Minot, M. D. … [and others]
141 3791 1345 82 Chicago. The Year book publishers [ ᶜ1 931 ]
184 3867 1930 102 814 p. illus., diagrs. 18½ ᶜᵐ . (The practical medicine series … Series 1931)
