2563 4368
1051 4054 100 51 965

165 515 373 48 Bibliography:
574 525 43 37 p.
657 512 246 52 [135]-159.

102 572 52 52 ©
180 577 125 39 June
329 576 69 46 17,
423 573 117 41 1932;
591 573 67 41 2c.
686 573 127 40 June
836 572 57 39 25;
948 570 82 41 aff.
1057 572 125 39 June
1209 569 55 40 24;
1321 571 42 37 A
1387 568 144 41 51907;
1589 568 201 41 Charles
1820 565 264 42 Scribner’s

170 642 124 30 sons.
365 630 278 48 (32-16740)

96 735 143 63 Dell,
273 733 176 53 Ethel
481 735 158 61 May.

164 810 234 51 Hidden
431 809 261 52 barriers.
772 807 363 68 [Instalment
1166 810 48 63 5]

179 884 83 47 (In
288 880 210 42 Woman
526 878 97 44 and
651 879 158 50 home,
840 877 131 52 July,
1003 878 143 49 1932)

103 929 1982 58 © 1c. July 20,1932; A ad int. 16677; pubd. June 20; Ethel Mary Savage,
172 996 232 47 Sleeper's
429 995 116 41 Hill.
572 994 316 47 Winchester,
915 995 235 46 England.

96 1097 367 66 Dominique,
492 1097 220 55 Pierre.

227 1160 1861 81 … Les poux du lion, roman. Paris, Éditions des portiques
101 1255 192 65 [ ᶜ 1931]
167 1324 771 51 2 p. l. , [7]-251 p., 1 l. 18 ½ᶜᵐ .
101 1377 1984 61 © Jan. 20, 1932; 1c. Apr. 4; A— Foreign 16342; Éditions des portiques.
182 1445 278 48 (32-17591)

98 1536 199 65 Dowd,
325 1535 255 55 William
607 1533 298 66 Aloysius,
934 1539 172 50 1884-

163 1613 121 52 The
319 1612 211 67 Gospel
564 1612 200 67 guide;
803 1631 31 33 a
869 1611 276 68 practical
1179 1611 392 52 introduction
1602 1616 60 47 to
1696 1610 95 52 the
1827 1608 256 67 Gospels,

95 1686 1988 71 by William A. Dowd … New York, Milwaukee [ etc.] The
94 1766 1075 68 Bruce publishing company [ ᶜ1 932]
167 1836 1921 52 xiv, 317 p. 22 ᶜᵐ. ( Half-title : Science and culture series, J. Husslein
145 1896 453 49 … general editor)
168 1951 374 50 Bibliography:
576 1963 44 38 p.
652 1950 218 42 309-310.

105 2006 52 52 ©
184 2010 126 40 June
335 2011 41 46 3,
403 2009 113 40 1932;
571 2009 66 40 2c.
666 2010 94 38 and
788 2008 82 41 aff.
898 2008 126 40 June
1049 2007 57 40 25;
1160 2009 43 38 A
1228 2007 145 41 51908;
1429 2009 158 39 Bruce
1612 2009 109 47 pub.
1750 2018 68 29 co.
183 2066 277 48 (32-17070)

101 2155 400 65 Drawbridge,
536 2154 256 64 Cyprian
825 2154 337 66 Leycester,
1196 2157 170 51 1868-
1578 2156 86 57 ed.

168 2233 120 53 The
313 2231 242 69 religion
580 2232 66 53 of
668 2231 299 68 scientists,
992 2232 170 68 being
1187 2239 189 46 recent
1400 2232 263 67 opinions
1689 2235 299 65 expressed
2012 2233 74 68 by

100 2319 111 45 two
250 2311 261 53 hundred
552 2310 220 53 fellows
811 2309 65 53 of
912 2310 96 52 the
1047 2310 186 68 Royal
1271 2309 212 69 society
1522 2330 72 35 on
1633 2311 95 52 the
1767 2309 218 69 subject
2023 2310 66 54 of

100 2388 241 68 religion
374 2390 112 51 and
519 2386 294 69 theology;
851 2385 189 55 edited
1071 2387 77 68 by
1183 2388 61 55 C.
1278 2388 65 54 L.
1377 2387 399 69 Drawbridge,
1863 2431 10 10 M.
1952 2431 28 25 A.,
2015 2406 74 36 on

99 2464 196 54 behalf
343 2466 63 52 of
452 2467 95 51 the
596 2464 294 56 Christian
937 2465 262 53 evidence
1248 2465 227 68 society.
1549 2466 139 53 New
1738 2465 179 69 York,
1967 2467 123 53 The

99 2544 332 53 Macmillan
463 2561 295 50 company,
792 2546 149 51 1932.

172 2617 87 40 160
288 2628 43 37 p.
390 2616 146 42 20½ᶜᵐ.

174 2673 206 40 “Names
407 2673 95 40 and
530 2672 320 47 descriptions
874 2671 56 41 of
954 2671 191 41 fellows
1173 2671 53 40 of
1252 2671 83 41 the
1363 2672 156 48 Royal
1545 2671 184 50 society
1754 2672 305 43 mentioned”
2076 2684 11 31 :

104 2742 41 37 p.
178 2730 216 41 150-158.

109 2785 51 51 ©
192 2789 125 39 June
347 2787 70 46 21,
448 2785 113 41 1932;
622 2785 65 41 2c.
721 2787 94 38 and
847 2785 81 39 aff.
962 2786 125 39 June
1117 2784 84 48 22;
1232 2786 45 38 A
1306 2785 170 47 52716;
1511 2786 280 40 Macmillan
1824 2798 68 29 co.
186 2843 278 49 (32-16948)

104 2933 221 64 Facing
362 2934 96 52 the
497 2932 197 53 future
732 2932 62 53 in
830 2932 213 53 Indian
1079 2932 262 54 missions;
1411 2939 133 62 part
1610 2976 12 12 I.
1659 2936 57 53 A
1752 2935 174 54 social
171 2938 1894 124 outlook
333 3029 72 33 on

437 3009 1655 70 Indian missions, by Lewis Meriam … part II. The
171 3086 1922 70 church and the Indian, by George W. Hinman … with an
172 3163 1921 73 introduction by Hugh Latimer Burleson … New York,
175 3241 238 55 Council
445 3241 67 53 of
543 3259 215 35 women
793 3240 95 54 for
920 3241 164 53 home
1115 3241 279 69 missions,
1429 3242 113 54 and
1575 3242 349 72 Missionary
172 3243 1898 129 education

385 3320 546 66 movement [ ᶜ1 932]
244 3422 10 18 xv,
284 3391 87 40 224
399 3401 44 38 p.
504 3390 118 43 20ᶜᵐ.

175 3447 139 48 Maps
343 3458 60 29 on
432 3447 360 49 lining-papers.

178 3503 248 48 “Reading
453 3502 140 42 list”:
623 3513 43 38 p.
699 3502 245 51 [217]-219.

114 3557 52 52 ©
198 3562 124 39 June
351 3562 39 40 3.
422 3560 113 41 1932;
594 3560 69 42 2c.
695 3562 95 39 and
821 3561 81 41 aff.
935 3561 126 40 June
1091 3561 83 47 30;
1206 3562 42 38 A
1280 3560 144 42 51947;
1485 3562 198 41 Council
1716 3562 53 41 of
1799 3573 183 30 women
2014 3562 81 42 for

181 3618 136 39 home
346 3617 227 40 missions
603 3619 94 38 and
728 3617 294 48 Missionary
1051 3617 257 41 education
1337 3621 282 38 movement.
191 3674 278 47 (32-16720)

109 3761 231 65 Fairlie,
372 3763 242 64 Gerard,
647 3766 170 51 1899-

239 3838 1854 70 … Shot in the dark … Garden City, N. Y., Pub. for the
111 3914 1979 70 Crime club. inc., by Doubleday. Doran & company, inc. [ ᶜ1 932]
177 3988 548 49 4 p. l., 309 p. 19½ᶜᵐ.
