2563 4368
1408 4055 102 50 394

444 469 284 62 Johnson,
758 467 280 54 Overton.

579 536 1858 73 … Route across the Rocky mountains, by Overton .Johnson
449 624 113 52 and
595 624 148 53 Wm.
780 622 75 52 H.
892 621 244 67 Winter,
1171 618 64 55 of
1269 619 95 53 the
1399 617 343 70 emigration
1776 617 64 54 of
1878 619 150 51 1843.
2102 615 337 70 Reprinted,

450 701 139 52 with
624 699 230 69 preface
891 700 112 50 and
1037 703 161 47 notes
1231 697 76 68 by
1343 697 136 55 Carl
1512 699 64 50 L.
1615 698 256 64 Cannon,
1905 695 155 54 from
2092 695 98 53 the
2222 693 218 54 edition

448 779 64 52 of
545 779 149 51 1846.
770 776 326 67 Princeton,
1126 775 309 55 Princeton
1464 773 318 70 university
1811 791 175 52 press,
2017 776 152 51 1932.

517 849 99 50 xix,
657 849 83 40 199
777 859 42 38 p.
881 850 170 47 plates,
1089 847 215 41 facsims.
1363 847 117 38 22ᶜᵐ.
1549 846 313 49 (Narratives
1898 846 51 41 of
1986 847 79 39 the
449 846 1978 110 trans-Mississippi
605 906 234 47 frontier)

519 977 134 40 With
680 975 242 41 facsimile
952 976 51 40 of
1032 975 208 49 original
1271 978 96 45 t.-p.

523 1034 130 41 “The
689 1035 138 38 route
867 1037 47 37 to
955 1032 286 48 California,
1281 1033 81 39 the
1400 1030 296 48 description
1737 1031 50 39 of
1826 1031 108 40 that
1972 1033 218 45 country,
2229 1030 95 41 and
2364 1031 80 40 the

454 1093 166 38 return
648 1091 128 40 from
809 1090 38 41 it
880 1093 48 37 to
961 1089 117 41 Fort
1109 1089 130 48 Hall,
1272 1099 82 29 are
1385 1088 127 40 from
1545 1088 81 40 the
1658 1090 136 38 notes
1827 1087 51 41 of
1908 1088 120 41 Wm.
2062 1088 60 43 H.
2155 1087 291 43 Winter.”—

451 1148 227 41 Authors’
708 1147 122 49 pref.

456 1211 52 56 ©
540 1221 111 46 Apr.
684 1221 40 45 4,
756 1218 139 46 1932;
930 1218 68 40 2c.
1029 1219 113 46 Apr.
1175 1218 50 44 8;
1261 1216 81 43 aff.
1375 1217 112 47 Apr.
1520 1216 53 46 6;
1608 1217 39 37 A
1681 1215 169 46 50606;
1887 1216 257 40 Princeton
2177 1213 268 49 university

523 1287 147 37 press.
735 1272 68 53 [©
834 1285 104 30 new
970 1277 179 37 matter
1180 1275 94 39 and
1306 1273 258 48 footnotes]
1637 1271 279 48 (32-26355)

451 1394 335 65 Kahmann,
818 1393 269 65 Chesley.

455 1469 1966 149 Felita, by Chesley Kahmann … Garden City, N. Y., Doubleday,
705 1552 200 51 Doran
934 1553 45 50 &
1006 1567 298 50 company,
1332 1548 127 69 inc.,
1492 1551 151 51 1932.

527 1620 1384 51 6 p. l., 291 p. incl. illus., plates, col. front. 20ᶜᵐ.
526 1692 202 41 “Junior
761 1692 190 41 books.”

525 1749 161 41 “First
716 1748 227 43 edition.”

459 1815 51 52 ©
544 1821 121 40 Mar.
697 1820 66 46 10,
797 1819 112 41 1932;
969 1820 66 41 2c.
1069 1822 94 39 and
1195 1820 79 40 aff.
1308 1822 112 47 Apr.
1454 1820 55 40 12;
1570 1823 39 37 A
1641 1819 143 42 50709;
1849 1822 58 38 M.
1944 1820 46 41 C.
2025 1820 276 48 Kahmann,
2335 1821 115 40 New

527 1878 142 39 York.
741 1877 280 48 (32-26356)

453 1992 240 68 Kohler,
721 1995 138 54 Eric
884 1995 197 66 Louis,
1113 2000 166 51 1892-

525 2069 1924 71 Principles of auditing, by Eric L. Kohler … and Paul W.
458 2147 1993 69 Pettengill … 3d ed. New York and London, McGraw-Hill
456 2225 144 52 book
637 2242 294 51 company,
969 2225 125 67 inc.,
1133 2227 149 50 1932.

528 2296 64 48 ix,
617 2296 88 41 298
726 2307 57 37 p.,
808 2297 26 39 7
881 2328 8 8 l.
944 2297 167 48 diagr.,
1136 2296 154 40 forms
1317 2296 136 48 (part
1476 2297 144 47 fold.)
1681 2297 116 43 21ᶜᵐ.
1900 2296 132 49 $5.00

527 2366 134 40 Each
687 2366 52 40 of
763 2367 82 39 the
870 2367 26 39 7
921 2376 178 38 groups
1124 2366 51 40 of
1200 2366 153 41 forms
1379 2367 232 48 preceded
1638 2368 60 47 by
1725 2367 100 40 leaf
1854 2367 117 40 with
1999 2368 235 40 half-title
2261 2369 94 39 and
455 2369 1977 94 indexes

627 2424 85 39 not
737 2423 224 40 included
989 2422 50 40 in
1067 2424 79 39 the
1178 2423 186 49 paging.

464 2492 51 52 ©
549 2497 121 41 Mar.
702 2497 37 46 1,
772 2494 140 47 1932;
945 2495 67 42 2c.
1044 2497 121 38 Mar.
1197 2494 55 47 9;
1285 2495 82 41 aff.
1399 2496 122 40 Mar.
1555 2496 81 46 14;
1670 2496 39 38 A
1742 2494 171 49 48997;
1950 2494 349 42 McGraw-Hill
2332 2495 121 41 book

532 2564 80 37 co.,
640 2553 89 40 inc.
800 2552 250 52 (32-7323)

459 2655 215 65 Korch,
707 2656 252 64 Morten,
995 2655 170 55 1876-

587 2730 1760 69 … Kærlille; roman. [ K ø benhavn] S. Hasselbalch, 1931.
526 2804 84 41 351
639 2816 44 38 p.
743 2804 116 42 20ᶜᵐ.

466 2871 1971 108 © Oct. 14, 1931; 1c. Jan. 25, 1932; A—Foreign 15476; M. Korch, Charlottenlund, Denmark. (32-7932)
463 3035 331 63 Landbeck,
824 3035 164 55 Paul.

530 3109 162 54 Malu
721 3111 154 52 malu;
937 3111 301 54 erlebnisse
1269 3130 98 35 aus
1398 3115 99 51 der
1527 3119 204 47 sturm-
1761 3113 118 53 und
1910 3114 418 67 drangperiode
2358 3115 96 52 des

462 3189 437 68 Kongostaates,
934 3207 109 35 von
1079 3190 203 52 konsul
1319 3191 147 52 Paul
1502 3190 318 53 Landbeck.
1897 3190 216 68 Berlin,
2146 3192 71 52 A.
2256 3191 197 55 Scherl

462 3267 352 68 g. m. b. h. [ ᶜ1930]
536 3337 1544 51 193, [1] p., 1 l. front., plates, ports., fold. map. 19 ½ᶜᵐ .
470 3407 1984 51 © Dec. 15, 1930; 1c. Apr. 8, 1931; A —Foreign 12293; August Scherl,
536 3477 40 37 g.
606 3478 58 29 m.
693 3467 40 39 b.
763 3467 43 40 h.
878 3466 248 48 (32-8171)

467 3568 1003 68 L ø kken, Thomas Olesen, 1877-
592 3646 1855 68 … Mosepigens s ø n; en roman om ungdom. [K ø benhavn]
461 3720 57 55 S.
550 3722 391 66 Hasselbalch,
974 3726 150 50 1931.

533 3792 363 50 359 p. 20 ½ᶜᵐ .
538 3864 170 47 Sequel
740 3867 48 37 to
823 3864 291 41 Stormosen.

473 3929 1983 55 © Nov. 25, 1931; 1c. Jan. 25, 1932; A—Foreign 15478; Steen Hasselbalch.
551 3990 249 44 (32-7933)
