2563 4368
1276 4059 133 49 1038

338 446 263 68 Piérard,
631 448 198 66 Louis,
861 452 171 51 1886-

470 518 1862 71 … Rimouski-Puebla; du Canada au Mexique. Paris, Valois,
341 606 148 49 1931.

407 672 927 52 255, [1] p. 19 ᶜᵐ . (Enquêtes. [3])
408 732 102 38 The
536 732 178 38 author
742 730 188 39 arrives
956 730 50 38 in
1037 729 198 40 Canada
1266 730 95 38 and
1389 737 111 38 goes
1529 730 176 37 almost
1733 729 205 46 directly
1967 730 49 39 to
2045 730 80 38 the
2154 728 178 40 United

341 788 177 41 States.

347 840 1969 109 © Mar. 14, 1931; 1c. July 16; A—Foreign 12461; Société française d’édition et de librairie, Paris. (32-19022)
339 994 224 64 Potter,
593 991 239 54 Pitman
861 990 336 65 Benjamin,
1230 994 171 51 1892-

410 1074 57 51 A
501 1071 232 52 manual
770 1069 188 69 digest
993 1070 63 52 of
1092 1085 258 37 common
1384 1066 412 54 international
1833 1068 127 68 law,
1997 1067 141 52 with
342 1066 1966 137 theoretical

583 1149 113 52 and
737 1147 297 54 historical
1077 1146 419 54 introductions
1540 1146 114 53 and
1699 1165 32 33 a
1773 1145 315 54 discussion
2130 1145 64 54 of
2235 1146 98 53 the

342 1224 1991 70 future of international law, by Pitman B. Potter … New
341 1306 163 52 York
532 1306 112 52 and
671 1305 258 68 London,
956 1303 232 70 Harper
1217 1308 45 50 &
1288 1304 278 68 brothers,
1596 1307 152 50 1932.

481 1376 1323 52 xx p., 1 l., 129 p., 130-184 l., 185-284 p. diagr. 21 ᶜᵐ.
415 1436 160 40 “First
605 1434 225 41 edition.”

348 1488 51 52 ©
428 1493 115 47 July
570 1492 39 48 6,
637 1490 113 42 1932;
807 1491 67 41 2c.
903 1491 115 48 July
1046 1491 26 39 6;
1130 1490 81 41 aff.
1240 1490 116 48 July
1384 1490 28 41 8;
1467 1492 41 38 A
1535 1490 142 41 53012;
1736 1492 193 46 Harper
1957 1491 37 40 &
2020 1492 124 40 bros.

424 1548 279 48 (32-18129)

340 1638 222 65 Power,
591 1639 138 52 Mrs.
759 1638 227 53 Bertha
1022 1634 291 68 (Knight)
1352 1633 327 71 1886-1927,
1708 1653 178 52 comp.

410 1716 260 55 William
728 1716 204 67 Henry
988 1715 247 68 Knight,
1295 1712 325 58 California
1677 1714 249 70 pioneer,
1982 1715 76 67 by
2116 1714 218 54 Bertha

341 1792 1589 71 Knight Power … [New York] Priv. print., 1932.
417 1866 1538 50 7 p. l., 252 p. front., illus., plates, ports., fold. map. 24 ᶜᵐ.
415 1925 184 47 Alfred,
635 1924 149 40 Stella
818 1925 94 38 and
943 1925 234 38 Emerson
1207 1923 186 48 Knight
1424 1924 329 40 collaborated
1784 1924 52 39 in
1865 1923 198 49 making
2092 1924 117 39 final

348 1934 1989 95 corrections and in placing the manuscript in the hands of a publisher, cf .
343 2038 83 40 6th
457 2038 183 48 prelim,
671 2038 115 39 leaf.

418 2094 371 48 “Biographical
821 2093 284 48 references,
1137 2092 217 40 William
1383 2093 168 47 Henry
1581 2092 214 48 Knight”;
1858 2104 42 37 p.
1931 2093 99 40 252.

349 2147 51 52 ©
436 2152 124 39 June
594 2151 69 47 24,
698 2148 140 49 1932;
874 2149 66 41 2c.
976 2150 126 40 June
1134 2149 83 47 27;
1254 2149 82 41 aff.
1372 2150 125 39 June
1531 2149 82 47 25;
1650 2150 41 38 A
1726 2149 169 48 53030;
1931 2150 171 40 Alfred
2136 2148 200 49 Knight,

417 2207 294 47 Bronxville,
742 2208 55 37 N.
827 2207 53 38 Y.
951 2205 279 48 (32-18117)

342 2291 1991 70 Propyläen-Weltgeschichte; hrsg. von Walter Goetz … Der
468 2373 288 68 werdegang
793 2373 101 52 der
930 2371 350 54 menschheit
1317 2371 61 53 in
1415 2371 367 69 gesellschaft
1817 2372 119 53 und
1973 2377 168 63 staat,
413 2376 1898 128 wirtschaft

633 2451 119 52 und
782 2450 382 69 geistesleben.
1242 2454 46 48 1.
1317 2450 92 52 bd.
1483 2451 119 53 Das
1632 2451 293 54 erwachen
1955 2450 101 54 der
411 2450 1900 132 menschheit.

622 2528 1028 70 Berlin, Propyläen-verlag [ ᶜ19 31]
416 2602 168 47 xxviii,
631 2602 86 40 626
759 2613 44 37 p.
876 2602 143 49 illus.,
1064 2604 160 46 plates
1250 2602 137 48 (part
1430 2603 84 39 col.
1562 2605 254 45 mounted;
1865 2605 111 46 part
2023 2602 143 50 fold.)
2219 2603 103 39 fold.

346 2659 230 46 facsims.,
614 2669 137 37 maps
780 2659 135 47 (part
951 2659 144 47 fold.)
1170 2659 59 40 27½ᶜᵐ.

351 2711 1986 53 © Mar. 12, 1931; 1c. Apr. 16; A—Foreign 12105; Propyläen-verlag,
418 2780 42 40 g.
486 2783 60 28 m.
573 2772 42 39 b.
642 2772 47 39 h.

345 2862 187 64 Raby,
563 2862 219 63 Joseph
813 2862 191 64 Mary,
1032 2863 183 52 sister.

483 2937 1858 70 … A critical study of the new education [by] Sister Joseph
350 3016 1992 64 Mary Raby … Washington, D. C., The Catholic education
348 3097 384 66 press [ ᶜ19 32]
419 3167 1920 51 xi, 123 p. 23 ᶜᵐ. (The Catholic university of America. Educational
351 3225 1091 50 research monographs … vol. VII, no. 1)
423 3282 145 40 “This
594 3283 145 49 study
766 3292 102 29 was
893 3284 256 45 presented
1176 3292 54 30 as
1257 3294 28 29 a
1313 3283 218 40 doctoral
1558 3283 316 40 dissertation
1902 3283 50 39 in
1981 3283 80 40 the
2092 3282 247 41 Graduate

351 3339 162 39 school
560 3338 53 40 of
657 3341 102 37 arts
807 3340 97 38 and
949 3337 210 41 sciences
1206 3339 54 39 of
1305 3340 81 40 the
1434 3339 219 41 Catholic
1701 3339 270 48 university
2019 3339 50 41 of
2116 3338 222 40 America

355 3394 381 50 [1932]”—Pref.,
766 3405 44 38 p.
839 3394 62 41 vi.

421 3451 347 48 Bibliography;
828 3462 44 37 p.
902 3450 214 41 113-123.

355 3503 51 52 ©
438 3508 125 39 June
593 3508 39 47 6,
663 3507 140 47 1932;
834 3507 66 40 2c.
933 3508 125 39 June
1087 3506 26 40 9;
1173 3507 82 41 aff.
1287 3508 125 40 June
1442 3508 81 47 16;
1557 3509 41 38 A
1627 3507 170 48 51794;
1832 3507 222 42 Catholic
2082 3507 257 41 education

423 3573 148 38 press.
642 3563 279 49 (32-18001)

350 3650 316 67 Robinson,
693 3651 254 55 William
977 3652 240 65 Wilcox,
1249 3659 170 50 1891-

421 3727 197 54 Beasts
654 3727 64 52 of
753 3728 94 53 the
881 3733 91 50 tar
1007 3726 133 69 pits,
1175 3728 140 54 tales
1351 3729 64 51 of
1452 3729 221 53 ancient
1710 3727 264 53 America
2008 3727 75 68 by
2120 3727 87 52 W.
2246 3726 88 53 W.

354 3802 304 69 Robinson,
698 3804 285 67 drawings
1022 3804 74 68 by
1136 3804 161 53 Irene
1337 3804 66 52 B.
1445 3803 303 55 Robinson.
1824 3804 136 53 New
2001 3804 178 67 York,
2219 3804 119 50 The

351 3879 330 54 Macmillan
716 3897 292 51 company,
1045 3882 147 51 1932.

421 3950 1005 49 iv, 46 p. incl. front., illus. 21 × 26 ᶜᵐ .
