2563 4368
0 0 0 0 1902
342 490 241 66 O’Neill,
615 492 241 62 Eugene
887 489 337 64 Gladstone,
1257 494 167 49 1888-

413 568 147 54 Nine
586 568 165 68 plays
775 570 76 66 by
875 568 233 67 Eugene
1135 565 244 69 O’Neill,
1407 566 237 53 selected
1672 566 74 68 by
1772 566 95 52 the
1895 568 232 65 author;
343 566 1967 134 introduction

603 648 71 66 by
709 647 216 66 Joseph
953 647 184 53 Wood
1168 644 242 54 Krutch.
1486 643 138 54 New
1654 642 179 68 York,
1862 642 317 69 Liveright,
2209 644 127 67 inc.,

344 729 149 50 1932.

413 794 414 51 xxii, 867 p. 22 ᶜᵐ.
690 852 161 40 CONTENTS.—The
879 851 233 48 Emperor
1139 851 355 40 Jones.—“The
1518 850 141 48 hairy
1686 849 272 48 ape.”—All
1987 849 141 42 God’s
2180 850 156 40 chillun

344 914 82 44 got
458 909 401 49 wings.—Desire
893 909 152 39 under
1080 910 81 38 the
1196 907 390 41 elms.—“Marco
1621 907 420 40 Millions.”—The
2075 910 138 45 great
2245 908 90 48 god

346 968 191 40 Brown.
552 989 58 6 —
628 966 216 40 Lazarus
894 965 222 48 laughed.
1133 987 58 6 —
1211 964 205 48 Strange
1466 964 255 41 interlude.
1738 986 58 6 —
1814 965 258 47 Mourning
2120 964 217 41 becomes

346 1026 193 39 Electra:
596 1022 358 49 Homecoming,
983 1023 99 40 The
1110 1022 196 47 hunted,
1333 1022 102 40 The
1460 1022 229 39 haunted.

349 1081 51 51 ©
431 1084 111 39 Dec.
573 1083 40 48 2,
644 1081 139 48 1932;
817 1082 66 39 2c.
916 1082 111 40 Dec.
1057 1081 54 40 27;
1172 1079 80 41 aff.
1286 1081 112 39 Dec.
1427 1079 82 48 21;
1544 1081 40 38 A
1616 1079 168 47 57612;
1820 1079 261 48 Liveright,
2115 1080 90 38 inc.
2285 1075 52 53 [©

416 1139 330 41 introduction
790 1139 60 47 by
896 1138 180 47 Joseph
1122 1137 150 40 Wood
1318 1137 204 46 Krutch,
1569 1138 137 39 short
1750 1137 243 40 foreword
2039 1138 60 46 by
2147 1138 191 46 Eugene

416 1195 197 50 O’Neill]
687 1194 219 49 (33-445)

345 1270 242 65 Packer,
615 1271 62 55 C.
706 1270 67 56 E.

419 1346 358 53 Automobile
812 1343 352 70 refinishing,
1199 1344 93 53 for
1328 1363 93 33 car
1457 1362 216 35 owners
1708 1344 111 53 and
1856 1344 140 68 shop
2032 1350 308 64 operators,

347 1420 1992 72 by C. E. Packer … Chicago, The Goodheart-Willcox company,
346 1500 125 67 inc.,
501 1503 149 50 1932.

413 1569 662 50 3 p. l., 152 p. illus. 16½ ᶜᵐ.
350 1628 51 52 ©
432 1633 111 39 Dec.
573 1631 69 49 20,
674 1630 112 41 1932;
846 1631 68 40 2c.
946 1632 95 38 and
1072 1630 82 41 aff.
1187 1630 110 40 Dec.
1328 1629 55 40 22;
1444 1630 42 39 A
1516 1630 142 41 58525;
1723 1629 502 42 Goodheart-Willcox
2257 1641 81 38 co.,

417 1688 89 41 inc.
578 1687 221 50 (33-629)

345 1764 188 55 Plato.

416 1839 1896 69 The Republic of Plato. New York, W. J. Black, inc. [ ᶜ1 932]
421 1911 1215 51 viii, 300 p. 16½ ᶜᵐ. [The companion classics]
350 1966 51 53 ©
428 1972 117 39 Nov.
575 1971 39 46 1,
642 1969 112 41 1932;
811 1971 67 39 2c.
905 1970 96 39 and
1028 1968 82 41 aff.
1139 1969 110 40 Dec.
1279 1969 53 40 13;
1391 1969 41 39 A
1458 1969 142 41 58322;
1657 1970 186 40 Walter
1873 1970 43 39 J.
1946 1968 165 47 Black,
2140 1970 91 41 inc.

425 2027 221 48 (33-464)

346 2101 221 65 Pound,
600 2101 251 66 Arthur,
885 2105 171 50 1884-

415 2175 304 54 Mountain
766 2176 266 68 morning
1081 2179 112 51 and
1242 2179 162 50 other
1452 2197 207 48 poems,
1706 2180 74 65 by
1828 2181 224 51 Arthur
2101 2181 232 65 Pound;

347 2254 323 53 illustrated
699 2256 76 66 by
804 2255 252 53 Edward
1087 2256 63 52 P.
1185 2255 217 68 Buyck,
1469 2299 9 8 R.
1552 2300 8 9 A.
1631 2298 8 9 B.
1714 2256 249 68 Albany,
1995 2258 119 51 The
2144 2258 194 67 Argus

346 2352 174 49 press,
550 2336 149 51 1932.

420 2404 663 51 [26] p. front., illus. 23½ ᶜᵐ.
420 2462 145 41 “This
595 2462 183 40 edition
810 2463 42 39 is
882 2461 188 40 limited
1101 2464 49 38 to
1183 2461 83 41 500
1299 2461 172 49 copies,
1503 2463 51 39 of
1586 2463 157 40 which
1776 2463 96 40 this
1904 2463 41 41 is
1978 2465 200 39 number
2209 2465 127 41 171.”

351 2520 176 47 Signed
556 2521 61 46 by
645 2520 82 39 the
757 2520 177 39 author
965 2520 95 39 and
1090 2519 290 40 illustrator.

420 2576 128 41 “The
577 2586 140 30 cover
747 2575 52 41 of
829 2576 99 40 this
958 2576 121 39 book
1110 2577 288 47 reproduces
1427 2579 111 44 part
1568 2577 52 39 of
1650 2587 28 30 a
1709 2588 110 37 map
1849 2578 51 39 of
1928 2577 188 49 Albany
2147 2581 189 47 county,

348 2635 117 39 New
493 2633 142 48 York,
665 2634 167 40 drawn
859 2633 60 48 by
946 2633 94 47 Jay
1068 2633 169 48 Gould,
1264 2633 51 41 of
1341 2633 245 49 Roxbury,
1614 2634 56 40 N.
1699 2635 66 47 Y.,
1792 2635 127 39 from
1946 2636 164 40 actual
2137 2647 200 38 surveys

349 2690 141 42 made
518 2692 61 47 by
608 2689 198 41 himself
835 2691 95 39 and
961 2690 36 40 I.
1031 2690 54 43 B.
1117 2691 177 47 Moore,
1324 2690 52 40 of
1404 2690 202 48 Albany.
1669 2691 227 41 Certified
1926 2693 61 47 by
2019 2693 56 40 R.
2105 2693 61 40 H.
350 2693 1971 103 Bingham,

502 2747 99 49 city
625 2756 246 39 surveyor,
896 2746 203 48 Albany,
1127 2747 58 41 N.
1211 2747 67 48 Y.,
1308 2747 277 47 September
1611 2748 39 48 6,
1678 2748 156 41 1853.”

352 2803 51 51 ©
432 2807 110 40 Dec.
569 2804 68 49 19,
665 2805 111 41 1932;
833 2806 67 39 2c.
928 2806 96 38 and
1052 2804 81 40 aff.
1160 2805 111 39 Dec.
1298 2804 54 39 22;
1409 2805 41 39 A
1477 2805 142 40 58520;
1678 2807 157 47 Argus
1864 2818 80 37 co.,
1972 2808 202 46 Albany.

429 2862 219 48 (33-446)

349 2925 327 66 Pourtalès,
707 2928 131 64 Guy
866 2930 87 63 de,
983 2935 177 47 comte
1167 2970 11 25 ,
1207 2932 169 48 1881-

418 3006 253 52 Bichard
707 3005 279 68 Wagner;
1025 3005 96 53 the
1157 3010 157 63 story
1350 3006 64 51 of
1449 3024 72 34 an
1558 3006 183 66 artist,
1778 3006 73 68 by
1888 3006 132 69 Guy
2055 3008 68 53 de
348 3009 1966 140 Pourtalès;

563 3082 1774 70 translated from the French by Lewis May … New
350 3159 176 67 York,
558 3160 256 66 London,
846 3159 232 67 Harper
1108 3162 45 50 &
1183 3160 276 65 brothers,
1492 3162 149 50 1932.

419 3231 1063 49 xii p., 1 l., 409 p. front., pl., ports. 24½ ᶜᵐ.
421 3287 161 40 “First
608 3286 225 41 edition.”

420 3343 347 48 Bibliography:
825 3354 41 37 p.
896 3343 203 41 387-388;
1157 3342 347 42 “References”:
1564 3356 42 37 p.
1634 3343 215 42 389-402.

354 3395 51 51 ©
435 3400 118 40 Nov.
584 3400 55 39 23,
685 3399 138 42 1932;
855 3400 68 40 2c.
953 3402 93 37 and
1078 3400 80 39 aff.
1191 3401 116 39 Nov.
1340 3401 81 46 26;
1456 3401 41 39 A
1526 3401 167 48 57229;
1727 3403 193 47 Harper
1951 3405 36 38 &
2018 3404 124 39 bros.

429 3456 219 47 (33-430)

352 3521 285 65 Redding,
667 3523 189 63 Tracy
886 3524 266 63 Warren,
1184 3529 169 49 1888-

421 3598 129 52 You
590 3599 112 52 and
738 3617 143 49 your
915 3600 166 67 boys;
1120 3619 149 35 some
1306 3603 356 65 suggestions
1700 3603 94 53 for
1830 3603 156 52 work
2022 3603 138 53 with
353 3621 1956 119 purposive

351 3677 1958 142 groups, by Tracy Warren Bedding … New York, Association press, 1932.
425 3822 627 51 xii, 136 p. diagrs. 19½ ᶜᵐ.
429 3879 122 40 “For
586 3879 196 40 further
817 3880 172 47 study”
1026 3883 52 38 at
1113 3882 91 40 end
1240 3882 51 40 of
1326 3892 128 31 some
1490 3882 52 40 of
1576 3884 81 40 the
1694 3884 238 48 chapters.

356 3931 51 51 ©
442 3936 110 39 Dec.
582 3937 68 46 14,
681 3936 140 47 1932;
855 3937 65 40 2c.
956 3937 111 41 Dec.
1099 3937 82 48 19;
1215 3938 82 40 aff.
1329 3939 110 40 Dec.
1471 3939 81 46 16;
1587 3939 41 39 A
1661 3939 168 47 57518;
1866 3940 203 41 General
2107 3941 146 40 board
2286 3943 52 40 of

425 3992 78 38 the
528 3993 170 46 Young
720 4003 148 28 men’s
896 3993 249 40 Christian
1173 3994 331 48 associations,
1532 3996 115 39 New
1673 3996 142 39 York.

434 4047 218 48 (33-462)
