2563 4368
1319 4073 135 52 1590

446 535 465 50 xxxiv, 723 p. 22 ½ᶜᵐ.
382 589 52 52 ©
467 594 116 39 Nov.
617 594 68 45 11,
720 591 140 47 1932;
894 592 68 40 2c.
995 593 95 38 and
1124 591 81 39 aff.
1240 591 118 39 Nov.
1391 591 57 37 19;
1508 591 40 38 A
1581 591 147 39 57155;
1788 590 251 47 Bancroft,
2045 590 226 42 Whitney
2305 601 67 31 co.

377 681 251 62 Palmer,
670 682 229 54 Stuart.

449 755 236 54 Murder
718 775 73 36 on
824 757 96 52 the
952 755 366 68 blackboard,
1350 756 75 68 by
1463 755 201 55 Stuart
1698 756 246 54 Palmer.
2018 757 137 53 New
2193 757 179 66 York,

379 836 352 66 Brentano’s,
762 838 152 50 1932.

448 904 953 52 6 p. l., 308 p. illus. (plan) 19 ½ᶜᵐ .
384 962 51 52 ©
466 966 101 41 Oct.
596 966 69 46 21,
694 964 113 42 1932;
864 965 66 40 2c.
962 966 96 39 and
1086 964 82 42 aff.
1199 964 102 41 Oct.
1331 964 55 40 25;
1445 965 40 39 A
1514 965 143 39 55657;
1720 964 43 39 S.
1795 966 206 47 Palmer,
2032 965 94 40 Los
2155 965 218 45 Angeles.

460 1022 280 48 (32-30127)

379 1111 155 66 Pool,
561 1113 308 62 Raymond
897 1111 174 65 John,
1103 1116 170 50 1882-

448 1188 157 55 First
629 1206 192 36 course
844 1188 59 55 in
926 1189 241 68 botany;
1194 1208 72 34 an
1291 1189 387 53 introduction
1702 1195 59 48 to
1784 1190 95 55 the
1901 1190 172 68 study
2095 1189 64 54 of
2183 1191 191 67 plants

379 1286 61 35 as
471 1267 216 54 related
720 1273 58 47 to
810 1268 96 53 the
938 1267 395 67 development
1366 1266 63 54 of
1463 1286 31 34 a
1525 1267 334 69 knowledge
1891 1267 64 54 of
1986 1270 96 51 the
2114 1268 260 54 universe

379 1345 61 55 in
469 1343 184 55 which
684 1364 84 35 we
795 1343 114 56 live
939 1347 114 52 and
1085 1364 60 34 as
1175 1364 31 34 a
1237 1345 174 68 phase
1441 1344 64 54 of
1534 1346 235 52 modern
1800 1344 228 55 science.
2103 1348 90 67 By
379 1347 1972 131 Raymond

415 1424 1935 146 J. Pool … and Arthur T. Evans … with editorial coöperation
716 1500 1653 72 of Otis W. Caldwell … Boston, New York [etc.]
379 1580 813 69 Ginn and company [ ᶜ19 32]
451 1652 1382 50 ix, 422 p. incl. front., illus. 2 col. pl. on 1 l. 20 ᶜᵐ .
386 1708 51 52 ©
465 1713 128 47 Sept.
617 1713 69 45 14,
712 1710 112 41 1932;
878 1711 67 40 2c.
970 1712 96 40 and
1090 1710 83 41 aff.
1199 1710 103 41 Oct.
1326 1711 55 39 17;
1434 1710 42 39 A
1500 1710 144 41 56543;
1698 1712 57 39 R.
1780 1712 44 39 J.
1850 1711 129 48 Pool,
2006 1711 213 48 Lincoln,
2246 1713 129 47 Neb.,

455 1769 94 39 and
577 1769 186 38 Arthur
791 1769 53 40 T.
873 1769 176 46 Evans,
1080 1766 201 48 Oxford,
1312 1766 135 41 Ohio.
1518 1766 278 49 (32-30117)

382 1855 217 55 Pueblo
621 1855 215 55 Indian
861 1855 269 69 painting;
1187 1857 67 50 50
1279 1855 433 69 reproductions
1737 1855 66 55 of
1827 1859 331 52 watercolor
452 1858 1898 144 paintings

609 1932 76 70 by
717 1932 213 53 Indian
964 1932 196 53 artists
1193 1931 64 53 of
1290 1933 96 52 the
1420 1932 138 53 New
1591 1931 264 54 Mexican
1892 1933 233 68 pueblos
2160 1934 64 54 of
2260 1933 117 56 San

452 2009 296 55 Ildefonso
800 2010 113 54 and
967 2008 118 70 Sia,
1137 2009 140 53 with
1328 2009 389 54 introduction
1771 2010 113 54 and
1936 2015 160 50 notes
2146 2011 76 71 by
2272 2013 105 55 Dr.

452 2086 1922 70 Hartley Burr Alexander … Nice (France) C. Szwedzicki
457 2168 193 64 [ ᶜ19 32]
455 2236 648 49 18 p. 50 col. pl. 50½ᶜᵐ.
455 2293 170 41 Issued
655 2293 51 41 in
732 2293 230 47 portfolio;
1021 2292 190 41 colored
1239 2292 134 48 plate
1399 2293 228 40 mounted
1658 2304 61 29 on
1749 2303 155 31 cover.

461 2349 113 41 “500
602 2349 158 48 copies
789 2350 52 38 of
869 2349 99 40 this
997 2348 202 47 volume,
1232 2348 65 40 all
1326 2358 61 30 on
1417 2348 83 41 the
1530 2358 134 31 same
1692 2358 162 38 paper,
1885 2350 124 41 have
2038 2350 119 41 been
2185 2351 195 48 printed

385 2406 78 41 for
495 2406 102 41 sale
630 2407 95 39 and
761 2406 137 40 these
930 2405 123 40 have
1086 2404 120 41 been
1239 2404 262 41 numbered
1536 2405 24 38 1
1597 2408 48 37 to
1682 2404 86 41 500
1801 2406 96 40 and
1932 2407 119 39 each
2084 2416 119 38 copy
2236 2406 144 42 bears

387 2463 80 40 the
494 2462 249 48 signature
770 2461 52 41 of
847 2462 83 40 the
954 2460 292 48 publisher.”

459 2518 338 40 Introduction
827 2518 96 40 and
952 2520 139 37 notes
1120 2517 51 40 in
1201 2515 204 49 English
1434 2517 96 40 and
1560 2517 189 41 French
1780 2517 50 40 in
1860 2517 206 48 parallel
2094 2518 230 42 columns.

456 2574 128 41 “The
633 2574 198 40 artists:
882 2573 168 40 Julian
1098 2573 253 47 Martinez,
1401 2573 337 40 Encarnacion
1788 2573 144 48 Peña,
1980 2574 116 41 Abel
2150 2574 228 50 Sanchez,

390 2631 246 40 Romando
690 2629 140 48 Vigil,
885 2629 148 41 Louis
1086 2629 200 47 Roybal,
1341 2629 215 41 Richard
1611 2629 254 47 Martinez,
1919 2630 204 41 Alfonso
2177 2631 199 47 Roybal,

387 2688 116 38 Awa
527 2687 186 47 Tsireh,
740 2686 179 47 Miguel
945 2685 252 47 Martinez,
1224 2685 169 41 Vélino
1418 2685 364 49 Herrera.”—p.
1813 2685 56 52 [4]

392 2740 51 53 ©
476 2745 110 39 Feb.
617 2745 68 47 17,
717 2743 114 41 1932;
890 2743 67 41 2c.
988 2744 114 47 Apr.
1132 2743 55 40 27;
1247 2743 308 48 A—Foreign
1588 2743 143 41 18394;
1793 2745 49 40 C.
1878 2744 306 41 Szwedzicki.

469 2800 278 49 (32-31191)

388 2885 222 54 Punch.
723 2932 10 9 v.
766 2890 116 64 183,
909 2907 90 34 no.
1027 2888 155 67 4760,
1211 2887 156 70 Sept.
1396 2891 84 64 28,
1511 2891 151 52 1932.

393 2958 1985 54 © 1c. Nov. 23, 1932; A ad int. 17128; pubd. Sept. 28; Herbert Heather,
459 3019 212 40 London.

390 3106 202 65 Raine,
620 3105 254 55 William
903 3106 307 64 MacLeod,
1243 3110 169 52 1871-

457 3183 199 54 Under
685 3183 275 52 northern
987 3188 165 61 stars,
1181 3183 75 67 by
1284 3183 261 54 William
1575 3184 287 53 MacLeod
1893 3183 200 54 Raine.
2161 3186 215 52 Boston

389 3261 111 52 and
531 3260 139 52 New
701 3259 179 66 York,
911 3259 317 67 Houghton
1260 3259 203 54 Mifflin
1495 3279 296 49 company,
1824 3264 151 50 1932.

459 3333 62 47 vi,
546 3332 88 41 296
655 3343 44 38 p.
757 3331 147 42 19½ᶜᵐ.

395 3386 52 51 ©
474 3389 99 40 Oct.
600 3388 67 43 19,
693 3387 113 41 1932;
859 3387 65 39 2c.
953 3387 100 41 Oct.
1078 3388 56 39 24;
1188 3388 81 40 aff.
1296 3388 102 41 Oct.
1421 3388 56 39 22;
1532 3391 40 37 A
1595 3389 143 40 56682;
1794 3391 69 39 W.
1893 3391 61 38 M.
1981 3390 166 48 Raine,
2175 3391 206 39 Denver.

473 3444 279 49 (32-30022)

393 3519 477 63 Ridder-Barzin,
897 3517 213 53 Louise
1138 3519 88 54 de.

523 3586 1856 80 … Le pessimisme de Thomas Hardy. Bruxelles, Éditions
393 3673 68 51 de
492 3674 55 50 la
581 3673 191 51 Revue
807 3673 67 51 de
947 3672 327 53 l’Université
1307 3674 67 52 de
1410 3675 313 66 Bruxelles,
1758 3678 150 50 1932.

465 3743 1914 52 192 p., 1 l. 25 ½ᶜᵐ . (Travaux de la Faculté de philosophie et lettres
395 3802 57 38 de
479 3799 312 42 l’Université
816 3801 58 39 de
902 3800 268 46 Bruxelles,
1199 3802 33 39 t.
1331 3800 14 47 III)

465 3855 419 49 “Bibliographie”:
942 3866 42 38 p.
1016 3854 248 52 [189]-192.

399 3908 1984 55 © Apr. 25, 1932; 1c. June 21; A— Foreign 17189; Éditions de la Revue
467 3972 57 37 de
585 3969 276 41 l’Université
889 3970 56 39 de
973 3969 269 40 Bruxelles.
1312 3967 277 50 (32-31021)
