2563 4368
1399 4042 63 50 38

412 450 202 67 Davis,
642 449 255 56 William
921 450 284 64 Watters,
1234 451 83 52 ed.

483 527 121 53 The
640 527 113 68 day
788 525 64 54 of
886 525 269 68 worship,
1189 524 188 53 edited
1411 525 76 68 by
1521 524 90 53 W.
1648 523 90 53 W.
1776 520 197 54 Davis.·
2046 520 138 52 New
2223 519 180 67 York,

413 603 983 68 The Macmillan company, 1932.
483 683 663 49 xii p., 1 l., 164 p. 19½ ᶜᵐ .
423 737 1731 52 © Jan. 12, 1932; 2c. and aff. Jan. 13; A 45956; Macmillan co.
500 797 249 50 (32-2135)

418 873 272 63 Dawson,
718 871 199 53 Elmer
945 871 71 56 A.

547 942 1856 75 … Larry’s speed ball; or, The Chester boys and the diamond
419 1019 1983 76 secret, by Elmer A. Dawson … illustrated by W. B. Grubb.
419 1099 1194 71 New York, Grosset & Dunlap [ ᶜ193 2 ]
485 1176 1915 54 iv, 246 p. front., plates. 19½ ᶜᵐ . (His Buck and Larry baseball stories)
428 1238 51 52 ©
511 1243 107 38 Jan.
649 1241 71 48 20,
750 1239 138 43 1932;
921 1239 67 41 2c.
1019 1240 99 39 and
1144 1238 81 41 aff.
1256 1238 109 40 Jan.
1395 1237 83 47 22;
1509 1238 41 38 A
1578 1237 171 46 47127;
1785 1237 196 38 Grosset
2012 1237 38 39 &
2079 1236 208 47 Dunlap,
2320 1236 89 38 inc.

506 1297 248 49 (32-2126)

418 1388 314 64 Desmond,
764 1387 193 55 Shaw.

487 1464 184 52 Those
700 1481 167 50 queer
897 1460 105 55 fish
1022 1464 27 51 !.

504 1539 82 46 (In
614 1534 201 42 London
843 1533 194 51 People,
1067 1533 123 42 Nov.
1223 1533 71 49 22,
1325 1531 142 50 1931)

432 1589 1981 53 © 1c. Jan. 16, 1932; A ad int. 15990; pubd. Nov. 21, 1931; S. Desmond,
498 1649 357 48 Twickenham,
893 1648 281 47 Middlesex,
1213 1649 233 46 England.

427 1729 210 65 Dixon,
665 1728 282 53 Franklin
974 1729 88 55 W.

556 1802 1861 71 … Following the sun shadow; or, Ted Scott and the great
426 1881 1989 70 eclipse, by Franklin W. Dixon … illustrated by J. Clemens
428 1957 1499 69 Gretta. New York, Grosset & Dunlap [ ᶜ193 2 ]
499 2042 61 48 vi,
590 2042 87 39 215
705 2052 43 37 p.
806 2041 150 40 front.
1015 2040 145 40 19½ᶜᵐ.
1229 2039 116 49 (His
1374 2041 98 39 Ted
1506 2040 132 40 Scott
1670 2041 148 47 flying
1847 2040 199 48 stories)

435 2095 50 52 ©
518 2101 107 37 Jan.
657 2098 68 42 20,
757 2097 112 40 1932;
927 2097 65 40 2c.
1025 2098 92 38 and
1150 2096 80 39 aff.
1261 2097 108 39 Jan.
1400 2097 54 38 22;
1514 2097 39 38 A
1583 2097 143 40 47135;
1789 2097 197 40 Grosset
2018 2098 36 40 &
2085 2098 208 48 Dunlap,
2325 2099 89 39 inc.

514 2154 247 49 (32-2018)

432 2231 1961 131 … While the clock ticked, by Franklin W. Dixon … illustrated
654 2310 73 68 by
762 2309 56 53 J.
858 2308 256 54 Clemens
1151 2308 219 54 Gretta.
1443 2310 138 52 New
1619 2309 179 68 York,
1835 2308 233 56 Grosset
2102 2312 47 51 &
2183 2309 234 69 Dunlap

578 2390 50 63 [ ᶜ193 2 ]
501 2467 1344 50 iv, 213 p. front. 19½ ᶜᵐ . (His The Hardy boys)
440 2522 1979 53 © Jan. 20, 1932; 2c. and aff. Jan. 22; A 47138; Grosset & Dunlap, inc.
517 2581 248 49 (32-2019)

434 2663 215 63 Dobbs,
682 2661 127 53 Ella
839 2661 281 56 Victoria.

504 2737 1854 70 First steps in art and handwork, by Ella Victoria Dobbs …
435 2813 1352 70 New’ York, The Macmillan company, 1932.
505 2895 1164 49 xiii, 242 p. incl. illus., plates, front. 20 ᶜᵐ .
509 2951 1907 51 “A text and reference book for teacher-training classes and … a
437 3007 1438 42 desk manual for … teachers in service.”—Foreword.
509 3062 346 42 “References”
873 3074 9 28 :
917 3073 42 37 p.
991 3062 214 41 235-239.

445 3118 1704 52 © Jan. 32, 1932; 2c. and aff. Jan. 13; A 45960; Macmillan co.
522 3176 247 49 (32-2028)

433 3267 235 62 Dooley,
701 3265 264 53 Bernard
1000 3266 63 55 F.
1095 3266 53 53 J.

509 3332 173 69 Tuffy
722 3332 229 68 Taylor,
988 3331 75 68 by
1103 3333 257 52 Bernard
1399 3333 64 51 F.
1501 3334 57 54 J.
1598 3335 234 68 Dooley.
1907 3333 357 66 Milwaukee,
2304 3333 120 52 The

445 3408 1071 68 Bruce publishing company [ ᶜ193 1 ]
511 3490 815 48 vi p., 1 l., 296 p. front. 19 ᶜᵐ .
447 3545 50 51 ©
529 3549 109 40 Dec.
669 3548 69 45 24,
769 3546 138 46 1931;
940 3546 65 39 2c.
1037 3548 93 37 and
1162 3546 80 39 aff.
1274 3547 107 39 Jan,
1412 3548 69 47 21,
1513 3548 138 48 1932;
1684 3550 40 38 A
1754 3551 170 44 47145;

1959 3551 154 38 Bruce
2146 3547 277 49 publishing

513 3614 65 30 co.
650 3602 247 49 (32-2025)

442 3682 215 62 Drury,
685 3683 194 61 Roger
904 3680 270 65 Wolcott,
1206 3688 168 47 1914-

512 3758 71 52 In
637 3757 225 67 pursuit
915 3756 64 52 of
1033 3758 276 65 pelicans;
1367 3761 276 64 unposted
1697 3761 193 52 letters
1944 3766 58 47 to
2059 3760 237 63 friends,
2349 3758 76 68 by

443 3836 188 65 Roger
667 3835 250 52 Wolcott
955 3834 195 67 Drury
1190 3835 111 51 and
1344 3834 226 54 Samuel
1612 3836 184 53 Smith
1836 3838 213 67 Drury.
2130 3836 296 67 [Concord,

444 3912 68 53 N.
539 3912 95 65 H.]
665 3911 156 52 Priv.
890 3910 132 53 print.
1055 3910 303 66 [Rumford
1385 3929 173 50 press]
1592 3916 148 49 1931.
