2563 4368
1103 4097 134 52 1697

179 474 242 65 Adams,
451 472 232 55 Arthur
711 474 202 63 Barto,
947 473 169 54 1887-

247 551 191 52 Trend
472 549 64 54 of
565 550 272 67 business,
871 550 336 65 1922-1932;
1244 565 190 36 causes
1470 546 64 55 of
1567 548 95 53 the
1698 548 327 68 depression
2059 549 111 53 and

177 629 282 53 economic
484 627 243 54 reforms
752 645 293 50 necessary
1069 631 56 48 to
1154 625 270 53 establish
1451 644 30 34 a
1509 625 253 54 business
1790 625 382 69 equilibrium,

180 702 1992 72 by Arthur B. Adams … New York and London, Harper &
176 783 276 66 brothers,
487 784 149 51 1932.

283 851 1889 52 x p., 1 l., 93 p. diagrs. 18½ ᶜᵐ . [Current economic problems, ed. by
180 912 50 41 P.
259 912 53 41 T.
339 911 193 40 Homan]

250 968 161 41 “First
441 967 227 42 edition.”

248 1023 185 42 “Select
458 1023 337 48 bibliography
819 1034 59 29 on
907 1022 220 41 business
1155 1021 183 48 cycles”
1357 1032 9 29 :
1395 1032 44 37 p.
1465 1020 69 44 93.

183 1092 51 53 ©
263 1098 117 39 Nov.
409 1096 39 47 2,
478 1095 113 41 1932;
648 1096 66 40 2c.
745 1096 118 40 Nov.
892 1096 24 40 3;
975 1094 83 41 aff.
1087 1095 117 39 Nov.
1233 1097 26 36 4;
1319 1096 40 37 A
1388 1093 143 42 56893;
1592 1096 192 47 Harper
1815 1096 37 40 &
1882 1096 123 39 bros.

259 1152 277 49 (32-32251)

177 1272 314 54 American
524 1272 212 64 college
771 1272 62 52 of
866 1272 359 63 proctology.

247 1348 1923 69 Transactions … 8th annual session, Chicago, September 17,
180 1427 1984 68 18, 19, 1931 … [Muncie, Ind., Scott printing company, ᶜ1 931]
248 1502 1240 48 451 p. incl. front. illus., ports., diagrs. 21ᶜᵐ.
181 1568 52 52 ©
267 1573 110 40 Dec.
411 1572 69 46 30,
515 1570 110 42 1931;
690 1573 66 39 2c.
792 1573 94 38 and
921 1572 82 40 aff.
1105 1582 41 27 Jan.
1184 1571 38 48 6,
1258 1571 139 46 1932;
1435 1573 40 37 A
1507 1571 144 40 45813;
1717 1572 144 38 Amer.
1909 1570 177 49 college
2122 1573 50 38 of

247 1629 291 47 proctology,
573 1628 343 47 Jacksonville,
951 1628 102 40 Fla.

177 1737 212 64 Ayers,
416 1738 155 53 John
600 1738 73 55 H.

245 1813 246 69 Missing
529 1832 155 46 men;
727 1814 94 53 the
862 1819 157 62 story
1058 1812 64 54 of
1161 1813 95 54 the
1296 1813 246 69 Missing
1582 1831 232 50 persons
1852 1814 214 53 bureau
2108 1813 64 54 of

175 1891 94 53 the
300 1891 137 53 New
462 1890 171 54 York
663 1890 191 54 Police
885 1892 378 67 department,
1294 1891 76 69 by
1403 1890 251 69 Captain
1687 1891 156 54 John
1875 1892 78 53 H.
1987 1892 183 69 Ayers

176 1970 111 53 and
314 1968 169 55 Carol
509 1969 162 66 Bird,
696 1968 284 54 foreword
1005 1969 75 68 by
1105 1968 210 53 Alfred
1344 1969 67 52 E.
1440 1967 206 56 Smith.
1706 1970 139 52 New
1871 1969 161 52 York
2058 1970 110 52 and

175 2046 257 55 London.
457 2046 69 55 G.
553 2048 64 52 P.
647 2046 295 54 Putnam’s
968 2064 146 50 sons,
1144 2048 148 51 1932.

246 2119 845 49 xi, 293 p. front. (port.) 21 ᶜᵐ .
180 2188 52 51 ©
268 2192 102 39 Oct.
403 2191 69 44 21,
507 2190 113 40 1932;
683 2192 66 38 2c.
786 2191 117 40 Nov.
939 2192 23 37 1;
1030 2192 79 37 aff.
1147 2192 117 38 Nov.
1301 2193 25 36 2;
1393 2193 39 37 A
1467 2191 143 39 56867;
1676 2193 43 38 J.
1756 2193 60 38 H.
1852 2192 166 46 Ayers,
2055 2193 115 38 New

245 2247 144 40 York.
460 2246 278 49 (32-32249)

175 2349 246 65 Bacher,
450 2351 221 53 Robert
701 2351 141 65 Fox,
873 2353 171 52 1905-
1256 2367 179 50 comp.

243 2428 230 54 Atomic
498 2446 208 50 energy
731 2434 190 62 states,
947 2447 59 34 as
1031 2428 231 54 derived
1289 2428 151 54 from
1467 2429 94 52 the
1587 2430 257 67 analyses
1870 2428 63 54 of
1957 2430 211 67 optical

175 2506 1968 131 spectra, compiled by Robert F. Bacher … and Samuel Goudsmit …
483 2590 84 48 1st
600 2584 82 52 ed.
758 2585 138 53 New
931 2584 161 53 York
1127 2585 112 52 and
1273 2585 257 66 London,
1563 2586 428 54 McGraw-Hill
2023 2586 147 54 book

175 2681 295 49 company,
499 2663 125 57 inc.,
655 2666 149 51 1932.

247 2734 102 50 xiii,
391 2736 84 40 562
515 2746 43 38 p.
598 2735 109 41 incl.
749 2735 168 41 tables.
978 2733 146 42 23½ᶜᵐ.
1193 2734 299 50 (Half-title:
1531 2734 357 42 International
1929 2737 149 41 series
2120 2739 48 39 in

177 2792 217 48 physics)

251 2851 127 40 Most
421 2849 52 41 of
514 2850 81 40 the
637 2847 371 42 classifications
1052 2848 51 41 of
1145 2851 190 45 spectra
1379 2848 340 49 accompanied
1763 2850 62 48 by
1868 2850 270 43 references;

178 2907 309 40 “Additional
518 2905 301 42 references”
838 2917 9 29 :
876 2917 42 38 p.
948 2905 217 42 553-555.

180 2975 52 52 ©
265 2979 100 41 Oct.
396 2979 69 48 26,
497 2978 113 41 1932;
670 2978 67 40 2c.
771 2978 100 40 Oct.
904 2977 57 40 29;
1022 2977 80 40 aff.
1137 2977 102 41 Oct.
1271 2977 54 40 27;
1388 2979 40 37 A
1459 2979 143 39 55748;
1665 2979 349 40 McGraw-Hill
2048 2981 123 38 book

247 3047 80 36 co.,
356 3035 91 41 inc.
518 3034 279 49 (32-32426)

176 3136 458 67 Baden-Powell,
701 3138 222 53 Robert
990 3137 371 64 Stephenson
1428 3137 213 63 Smyth
1708 3140 459 63 Baden-Powell,

285 3235 155 35 baron.

248 3294 237 53 Lessons
529 3294 153 53 from
723 3294 94 53 the
861 3293 219 68 varsity
1123 3293 63 53 of
1229 3293 122 67 life,
1393 3294 75 69 by
1511 3295 154 53 Lord
1708 3296 458 54 Baden-Powell.

183 3372 361 68 [Instalment
574 3376 46 63 1]

256 3448 84 47 (In
368 3443 261 43 Pearson’s
663 3443 274 52 magazine.
970 3443 122 48 Oct.,
1128 3443 142 50 1932)

180 3512 1988 53 © 1c. Nov. 26, 1932; A ad int. 17202; pubd. Oct. 1; Robert Stephensou
251 3573 182 47 Smyth,
466 3574 103 38 lord
602 3573 378 39 Baden-Powell.
1015 3573 215 47 Bentley,
1263 3573 308 48 Hampshire,
1606 3574 234 44 England.

183 3675 259 66 [Barber,
471 3677 305 61 Margaret
807 3673 259 54 Fairless]
1119 3679 324 50 1869-1901.

247 3750 119 53 The
397 3750 268 68 complete
694 3749 186 55 works
908 3750 62 51 of
998 3748 243 55 Michael
1275 3748 245 54 Fairless
1556 3751 210 68 [pseud.]

1822 3751 140 53 with
1992 3771 30 34 a
178 3751 1968 144 biographical
503 3833 127 48 note
659 3827 73 68 by
761 3827 78 52 M.
872 3826 66 51 E.
972 3825 261 54 Dowson.
1300 3825 136 52 New
1471 3826 178 68 York,
1677 3827 68 51 E.
1777 3828 64 52 P.
1875 3828 220 55 Dutton
2126 3831 45 50 &

178 3904 462 69 co.. inc. [ ᶜ1 932 ]
245 3974 784 49 356 p. front. (port.) 19½ᶜᵐ.
247 4031 163 41 “First
441 4030 225 42 edition.”
