2563 4368
1093 4037 103 50 209

137 430 1963 137 The aircraft year book … for 1932. v. 14. Compiled, written
344 515 112 52 and
501 514 188 52 edited
732 514 75 65 by
850 510 407 56 Aeronautical
1301 511 264 51 chamber
1607 510 62 52 of
1714 526 305 36 commerce
2062 508 64 53 of

206 592 282 65 America,
528 592 107 52 inc.
710 592 138 51 New
889 589 179 64 York,
1107 589 312 54 Published
1460 589 94 52 for
1593 589 94 52 the
1731 588 282 54 Chamber
2050 588 75 68 by

206 667 1286 69 D. Van Nostrand company, inc. [ ᶜ1 932 ]
209 738 1755 52 vii p., 1 l., 626 p. front., illus., fold. maps., tables, diagrs. 23 ᶜᵐ .
141 795 51 51 ©
220 799 107 38 Feb.
353 798 69 47 20,
449 798 112 41 1932;
616 799 65 39 2c.
710 800 119 38 Mar.
857 798 82 46 14;
968 798 81 40 aff.
1076 799 122 38 Mar.
1225 798 82 46 12;
1335 798 40 38 A
1400 796 171 47 49100;
1601 795 346 40 Aeronautical
209 797 1903 98 chamber

316 855 52 39 of
391 865 261 30 commerce
677 855 53 40 of
752 855 236 40 America,
1015 854 90 40 inc.

137 957 286 52 Alabama
455 958 112 51 and
603 958 285 55 Southern
919 961 257 63 reporter
1208 956 200 69 digest.
1488 959 132 48 1931
1653 955 345 54 cumulative

206 974 1897 207 annual pocket part for volume 30 … St. Paul, West publishing co. [ ᶜ1 932 ]
206 1187 301 48 48 p. 25 ᶜᵐ .
206 1244 291 40 Cover-title.

212 1300 117 38 This
358 1301 247 47 pamphlet
636 1299 42 39 is
710 1302 47 37 to
790 1300 56 39 be
875 1299 137 40 fitted
1045 1299 102 41 into
1180 1299 80 40 the
1293 1300 123 39 back
1444 1300 52 40 of
1528 1300 80 40 the
1642 1301 189 39 volume
1862 1300 51 41 of
1946 1301 83 40 the
2060 1301 72 39 set

139 1359 45 37 to
216 1357 157 40 which
402 1357 38 40 it
470 1357 209 47 belongs.

143 1410 50 51 ©
262 1424 74 29 Jan.
371 1414 68 46 27,
474 1413 139 46 1932;
648 1413 65 39 2c.
750 1413 109 42 Feb.
893 1413 51 46 8;
980 1412 79 40 aff.
1097 1413 110 40 Feb.
1241 1413 81 46 10;
1358 1413 39 38 A
1431 1413 170 43 48413;
1639 1414 132 40 West
1806 1414 107 47 pub.
1950 1423 67 31 co.

199 1570 1928 68 … L’Année aéronautique. 12 ᵉ année. 1930-1931 … Paris.
209 1651 228 66 Dunod,
468 1654 151 48 1931.

212 1723 1921 51 4 p. l., [5]-437 p., 1 l., [iii]-v p. illus., plates (part col.) fold. map,
139 1781 372 41 tables. 26 ½ᶜᵐ .
142 1838 195 40 Editors
355 1850 8 28 :
394 1836 274 48 1930-1931,
697 1837 49 38 L.
777 1836 301 40 Hirschauer
1107 1840 47 37 et
1184 1837 82 40 Ch.
1297 1836 210 42 Dollfus.

145 1892 1557 51 © Aug. 31, 1931; 1c. Dec. 28; A— Foreign 15060; Dunod.
135 1998 284 65 Babcock,
451 1997 314 54 Frederick
794 1996 312 56 Morrison.

143 2072 1968 135 … Real estate valuation; a statement of the appraisal problem
278 2154 112 52 and
418 2172 31 33 a
477 2153 312 53 discussion
816 2152 64 53 of
905 2153 97 52 the
1029 2152 310 69 principles
1367 2153 267 53 involved
1663 2154 59 51 in
1751 2154 96 52 the
144 2154 1967 130 development

321 2230 1813 68 of valuation methods, by Frederick M. Babcock … Ann
142 2310 209 66 Arbor,
376 2309 335 69 University
737 2308 65 53 of
825 2309 316 68 Michigan,
1170 2308 206 55 School
1401 2308 65 54 of
1491 2310 254 53 business
141 2310 1971 145 administration,

310 2390 228 50 Bureau
569 2388 64 52 of
661 2387 253 54 business
946 2388 275 65 research,
1254 2391 150 49 1932.

214 2460 1773 51 3 p. l., 80 p. diagrs. 22½ ᶜᵐ . ([Michigan. University. School of
145 2463 1976 97 business
287 2519 409 41 administration.
758 2520 196 39 Bureau
989 2518 51 40 of
1076 2518 221 41 business
1332 2519 241 49 research]
1636 2518 245 50 Michigan
1918 2519 221 42 business

143 2577 185 40 studies.
403 2579 90 37 vol.
579 2608 8 15 IV,
620 2587 73 29 no.
725 2577 51 46 1)

150 2630 50 52 ©
226 2634 109 41 Jan.
362 2634 67 43 16,
456 2632 112 40 1932;
623 2633 65 39 2c.
716 2633 108 39 Jan.
850 2631 55 40 29;
961 2631 81 40 aff.
1071 2632 109 40 Feb.
1209 2632 53 38 11;
1319 2632 41 39 A
1383 2633 145 40 48438;
1585 2632 283 49 University
1895 2634 51 41 of
217 2633 1901 105 Michigan,

355 2691 193 38 Bureau
580 2689 51 39 of
660 2689 220 39 business
912 2688 236 41 research.
1221 2688 250 49 (32-5146)

138 2795 312 62 Baccante,
479 2794 283 54 Leonora.

213 2866 1928 70 Women must love, by Leonora Baccante … New York, The
145 2945 313 69 Vanguard
488 2964 172 49 press,
690 2947 149 49 1932.

213 3016 619 50 3 p. l., 9-252 p. 19½ᶜᵐ.
152 3075 50 51 ©
239 3078 109 40 Feb.
383 3078 68 44 18,
486 3076 139 46 1932;
663 3077 66 39 2c.
764 3076 110 40 Feb.
909 3075 81 46 23;
1029 3074 79 40 aff.
1146 3075 111 41 Feb.
1291 3074 83 47 26;
1412 3075 40 39 A
1484 3076 171 46 48645;
1695 3078 260 47 Vanguard
1991 3087 150 38 press,

220 3135 88 40 inc.
380 3133 249 49 (32-5022)

142 3225 284 64 Barbour,
456 3223 190 64 Ralph
675 3224 223 62 Henry,
929 3222 171 54 1870-

216 3301 121 51 The
368 3300 104 53 cub
501 3299 241 67 battery,
774 3297 73 68 by
879 3296 191 68 Ralph
1103 3296 200 67 Henry
1336 3297 289 66 Barbour;
1659 3298 377 55 illustrations
2069 3302 71 67 by

150 3377 219 69 George
408 3377 232 52 Avison.
715 3374 135 53 New
891 3373 178 68 York,
1106 3372 256 68 London,
1401 3373 69 51 D.
1513 3373 292 69 Appleton
1845 3376 111 53 and
150 3396 1963 127 company,
349 3457 150 51 1932.

217 3519 1106 56 vi p., 1 l., 275, [1] p. front., illus. 19 ½ᶜᵐ .
156 3583 50 51 ©
239 3586 106 39 Feb.
375 3584 69 46 19,
472 3584 113 40 1932;
641 3582 66 40 2c.
737 3582 95 39 and
860 3581 80 38 aff.
972 3581 109 40 Feb.
1111 3581 54 39 23;
1224 3580 39 39 A
1291 3579 144 41 47757;
1495 3581 55 39 D.
1580 3581 237 50 Appleton
1847 3586 38 40 &
1912 3596 65 31 co.

234 3641 248 49 (32-5036)

152 3732 307 61 Bateman,
489 3729 205 61 Henry
723 3728 194 61 Mayo.

224 3806 121 52 The
385 3823 133 34 man
559 3805 126 51 who
725 3802 255 68 coughed
1023 3806 58 48 at
1119 3801 96 53 the
1254 3801 289 70 changing
1583 3804 64 53 of
1688 3806 96 53 the
1824 3811 202 66 guard,
2065 3812 76 69 by

154 3884 76 52 H.
263 3885 78 51 M.
378 3885 279 49 Bateman
717 3881 112 51 [and
862 3880 262 53 Leonard
1158 3880 140 51 Max
1331 3881 236 66 Masius]
1645 3883 270 57 Kensitas
1953 3892 189 52 would

154 3962 142 51 have
326 3960 171 53 saved
527 3959 150 52 him!
