2563 4368
1337 4019 64 53 14

382 435 284 71 [Sinclair,
694 439 137 51 Mrs.
860 436 226 53 Bertha
1123 437 267 64 (Muzzy)]
1452 437 169 53 1874-

442 510 308 69 Laughing
786 517 190 64 water,
1015 510 72 70 by
1125 512 65 53 B.
1230 512 79 52 M.
1351 512 200 52 Bower
1610 510 191 68 [pseud.]
1901 509 230 66 Boston,
2170 508 192 55 Little,

375 587 227 69 Brown,
632 588 111 52 and
772 604 291 52 company,
1095 590 150 52 1932.

444 668 586 52 4 p. l., 3-290, [1] p. 19½ ᶜᵐ.
386 737 50 51 ©
470 742 108 38 Jan.
610 741 38 47 2,
681 740 139 45 1932;
853 741 66 38 2c.
953 742 93 37 and
1079 739 80 39 aff.
1194 740 108 39 Jan.
1333 740 25 38 5;
1419 739 39 38 A
1489 739 170 45 46742;
1696 738 160 47 Little,
1892 739 190 46 Brown,
2118 740 94 38 and
453 748 1894 96 company.
664 795 277 49 (31-28594)

379 891 187 55 South
599 890 288 55 Carolina.
961 892 182 65 Laws,
1172 896 254 62 statutes,
1456 897 98 47 etc.

449 965 1915 67 Code of laws of South Carolina, 1932 … prepared, edited,
377 1044 324 66 annotated,
738 1043 112 52 and
890 1042 228 68 printed
1157 1043 180 52 under
1374 1042 95 52 the
1505 1041 375 68 supervision,
1918 1041 294 67 direction,
2252 1043 111 52 and

377 1120 302 54 assistance
721 1120 63 52 of
826 1120 95 52 the
963 1120 134 52 code
1139 1119 434 66 commissioner,
1617 1119 111 52 and
1771 1119 95 53 the
1912 1118 337 55 Committee
2292 1139 68 33 on

375 1195 1928 70 statutory laws of the General assembly of South Carolina …
382 1274 476 66 Charlottesville,
884 1275 124 66 Va.,
1034 1274 120 53 The
1178 1274 214 52 Michie
1416 1291 295 50 company,
1737 1274 267 67 printers,
2033 1278 149 49 1932.

447 1358 28 39 2
538 1389 8 8 v.
605 1359 55 39 26½ᶜᵐ.

386 1425 50 52 ©
462 1430 108 39 Jan.
594 1430 39 46 4,
659 1427 113 41 1932;
826 1428 66 41 2c.
917 1428 115 40 each
1058 1428 94 39 and
1176 1426 107 41 ails.
1308 1427 108 40 Jan.
1443 1428 25 39 5;
1522 1428 40 38 A
1585 1427 158 48 46706,
1769 1428 143 40 46707;
1970 1429 135 40 State
2133 1429 51 40 of
2213 1429 150 40 South

452 1484 239 50 Carolina,
721 1484 263 48 Columbia,
1014 1484 45 42 S.
1087 1484 48 41 C.
1206 1483 218 48 (32-750)

379 1575 320 67 Stacpoole,
731 1578 204 64 Henry
964 1579 69 51 de
1063 1578 170 66 Vere,
1266 1583 168 49 1865-

449 1655 1911 69 The lost caravan, by H. de Vere Stacpoole … New York.
380 1730 1218 72 Sears publishing company, inc. [ ᶜ19 32 ]
447 1813 62 49 vi,
537 1814 84 40 314
650 1825 42 36 p.
752 1813 55 40 19½ᶜᵐ.

386 1881 50 52 ©
467 1886 109 41 Jan.
605 1886 38 45 2,
674 1884 139 46 1932;
844 1884 66 40 2c.
941 1886 107 38 Jan.
1079 1886 81 46 11;
1193 1884 82 41 aff.
1304 1885 108 41 Jan.
1441 1885 52 46 6;
1525 1886 40 38 A
1594 1885 170 47 46847;
1801 1886 142 40 Sears
1973 1884 279 49 publishing
2282 1897 82 35 co.,

452 1942 89 40 inc.
612 1941 246 48 (32-1077)

383 2032 292 68 [Stewart,
706 2033 209 54 Alfred
948 2034 240 68 Walter]
1227 2040 168 48 1880-

443 2108 120 55 The
592 2108 338 67 sweepstake
957 2109 272 68 murders,
1258 2109 72 71 by
1358 2110 56 53 J.
1443 2110 54 53 J.
1530 2109 358 68 Connington
1943 2109 211 68 [pseud.]
374 2111 1963 140 Boston,
519 2184 193 67 Little,
741 2185 226 68 Brown,
997 2185 111 52 and
1138 2202 292 50 company,
1463 2189 147 49 1932.

444 2265 647 51 4 p. l., [3]-314 p. 19½ᶜᵐ.
386 2319 50 52 ©
469 2324 109 38 Jan.
609 2323 40 47 2,
680 2322 112 40 1932;
853 2321 67 42 2c.
953 2324 93 38 and
1079 2322 80 41 aff.
1192 2323 110 39 Jan.
1333 2322 25 39 5;
1418 2322 41 39 A
1490 2323 143 39 46761;
1695 2323 162 47 Little,
1891 2325 189 46 Brown,
2115 2325 98 39 and
453 2336 1892 91 company.
663 2378 218 48 (32-658)

379 2475 273 62 Strange,
683 2472 213 57 Oliver.

448 2550 121 52 The
597 2568 175 50 range
800 2549 246 67 robbers,
1073 2549 74 68 by
1178 2548 198 55 Oliver
1406 2547 260 70 Strange.
1735 2550 138 51 New
1906 2549 178 70 York,
2112 2551 64 51 L.
379 2551 1957 144 MacVeagh,
622 2626 137 52 Dial
785 2643 154 50 press
968 2625 126 67 inc.,
1124 2628 149 49 1931.

446 2705 473 49 4 p. l., 303 p. 19½ᶜᵐ.
387 2760 50 52 ©
466 2766 110 38 Dec.
604 2764 68 43 28.
701 2763 138 47 1931;
869 2764 66 39 2c.
964 2765 94 38 and
1086 2763 82 40 aff.
1198 2765 106 38 Jan.
1333 2764 39 47 2,
1401 2763 138 47 1932;
1571 2764 40 38 A
1638 2764 170 47 46672;
1842 2764 111 40 Dial
1984 2775 148 37 press,
2162 2766 91 40 inc.

464 2821 218 49 (32-785)

378 2915 251 64 Thayer,
658 2915 132 54 Lee.

378 2989 1957 141 The glass knife, by Lee Thayer … New York, Sears publishing company, inc. [ ᶜ19 32]
449 3149 100 48 viii,
578 3151 87 39 312
693 3160 43 37 p.
795 3148 59 40 19½ᶜᵐ.

388 3204 50 52 ©
468 3208 109 40 Jan.
605 3207 39 48 2,
674 3206 139 47 1932;
844 3206 65 39 2c.
942 3206 107 39 Jan.
1080 3207 80 45 11;
1193 3205 81 42 aff.
1304 3205 108 40 Jan.
1442 3204 51 47 6;
1527 3205 40 38 A
1595 3205 170 46 46848;
1801 3205 142 40 Sears
1972 3205 279 47 publishing
2280 3217 81 36 co.,

453 3264 89 40 inc.
613 3263 247 48 (32-1075)

373 3365 351 65 Thorndike,
754 3365 231 53 Arthur
1013 3365 249 54 Russell.

445 3446 119 52 The
597 3449 173 47 water
803 3444 188 60 witch,
1023 3444 74 62 by
1131 3443 223 52 Russell
1388 3442 345 52 Thorndike.
1814 3443 384 64 [Instalments
2238 3447 114 61 1-3]

462 3518 80 48 (In
572 3514 198 42 London
798 3512 145 51 Daily
974 3512 131 51 mail,
1135 3512 123 42 Nov.
1289 3512 102 49 5-7,
1423 3511 143 49 1931)

388 3568 1971 55 © 1c. Jan. 4, 1932; A ad int. 15933; pubd. Nov. 5, 6, 7, 1931; Russell
454 3630 288 47 Thorndike,
773 3629 210 40 London.

446 3734 118 53 The
599 3736 174 49 water
807 3732 187 55 witch,
1026 3732 75 64 by
1134 3731 221 52 Russell
1391 3729 343 53 Thorndike.
1816 3730 384 65 [Instalments
2235 3732 117 61 4-9]

463 3807 81 47 (In
570 3802 200 43 London
797 3799 145 52 Daily
971 3800 131 50 mail,
1131 3800 124 42 Nov.
1284 3800 134 44 9-14,
1448 3799 143 44 1931)

389 3855 1971 56 © 1c. each Jan. 8, 1932; A ad int. 15950; pubd. Nov. 9, 10, 11, 12, 13, 14,
455 3919 111 42 1931;
622 3918 191 41 Russell
837 3916 288 47 Thorndike,
1152 3916 209 39 London.
