2563 4368
1323 4063 135 56 1760

387 458 193 65 Wolff,
608 457 265 66 Ludwig,
903 458 170 55 1876-

518 534 1860 69 … Mensch auf der flucht, roman. [Berlin] Drei masken
389 615 579 68 Verlag a.-g. [ᶜ193 2]
457 699 444 51 363, [1] p. 19 ᶜᵐ .
460 757 229 40 “Printed
720 755 51 41 in
800 755 246 42 Austria.”

392 825 1988 52 © July 21, 1932; 1c. Oct. 4; A —Foreign 18208; Drei masken verlag, a.-g.
467 884 279 49 (32-31022)

390 1003 198 63 Wood,
615 1005 139 51 Mrs.
784 1002 129 53 Ella
939 1002 74 55 N.

463 1079 212 67 Chalk;
721 1098 80 49 or,
840 1079 105 54 We
987 1098 103 33 can
1129 1079 74 52 do
1243 1078 75 68 it;
1364 1079 276 68 practical
1679 1079 158 52 work
1877 1079 141 52 with
2059 1080 166 53 chalk
2268 1080 106 53 and

390 1156 1963 71 blackboard, by Ella N. Wood … Chicago, New York [etc.]
390 1236 1142 69 Fleming H. Revell company [ ᶜ193 2]
464 1323 541 50 157 p. illus. 19½ ᶜᵐ .
394 1390 52 52 ©
484 1394 100 41 Oct.
622 1395 39 46 1,
698 1393 140 48 1932;
875 1393 68 42 2c.
979 1396 97 38 and
1110 1393 82 41 aff.
1229 1394 117 40 Nov.
1381 1396 54 45 3;
1474 1394 41 39 A
1550 1394 170 47 55825;
1760 1394 220 48 Fleming
2015 1395 59 39 H.
2114 1395 165 40 Revell
2316 1406 68 31 co.

463 1447 69 55 [©
560 1451 258 49 foreword]
891 1450 278 48 (32-32874)

391 1554 197 65 Wood,
617 1554 318 55 Struthers
962 1553 51 53 &
1042 1570 101 48 co.,
1171 1555 140 52 New
1343 1554 178 53 York.

458 1629 370 69 Trusteeship
882 1628 63 55 of
995 1629 307 54 American
1352 1629 402 68 endowments,
1805 1630 141 53 with
1998 1631 385 68 comparative

391 1709 257 68 analyses
680 1705 64 55 of
777 1708 95 53 the
906 1707 341 54 investment
1280 1706 327 69 experience
1642 1706 65 54 of
1741 1708 232 70 leading
2007 1708 378 69 universities,

390 1787 75 67 by
493 1787 204 66 Wood,
727 1784 296 56 Struthers
1054 1785 46 51 &
1131 1802 298 52 company,
1461 1785 139 52 New
1631 1784 179 54 York.
1879 1786 139 52 New
2051 1785 181 68 York,
2263 1787 122 53 The

724 1865 508 66 Macmillan company, 1932.
460 1950 82 39 xiv
574 1961 58 40 p.,
663 1951 25 39 1
758 1980 7 15 l.,
797 1950 86 40 156
915 1960 42 37 p.
1021 1949 154 41 tables
1205 1949 135 49 (part
1372 1949 142 48 fold.)
1541 1949 178 47 diagrs.
1747 1949 136 49 (part
1915 1949 197 48 double)
2179 1948 118 44 24ᶜᵐ.

396 2018 52 53 ©
483 2023 118 40 Nov.
635 2023 39 47 1,
707 2021 141 47 1932;
884 2024 67 38 2c.
987 2024 94 38 and
1116 2021 82 41 aff.
1234 2022 117 40 Nov.
1385 2021 53 48 2;
1475 2022 42 39 A
1550 2022 169 47 56834;
1758 2023 162 46 Wood,
1960 2022 252 41 Struthers
2246 2022 36 40 &
2317 2033 65 29 co.

471 2078 279 48 (32-32141)

392 2182 210 63 Woolf,
634 2184 139 51 Mrs.
807 2181 272 64 Virginia
1120 2181 321 65 (Stephen)

468 2256 1915 69 The second Common reader, by Virginia Woolf … New
400 2333 178 68 York,
605 2334 308 68 Harcourt,
939 2336 180 52 Brace
1144 2335 112 53 and
1285 2352 279 51 company
1594 2337 193 65 [ᶜ1932]

470 2421 102 48 viii,
600 2420 86 42 295
714 2432 43 38 p.
816 2419 147 43 22½ᶜᵐ.

473 2477 197 42 London
695 2477 184 42 edition
916 2477 74 49 (L.
1018 2477 36 41 &
1081 2477 221 50 Virginia
1328 2476 185 49 Woolf)
1548 2478 90 40 has
1663 2477 136 42 title:
1828 2477 100 42 The
1955 2487 218 31 common
2200 2479 184 41 reader.

402 2534 183 43 Second
615 2535 164 42 series.

472 2591 162 42 “First
662 2590 260 51 printing.”

399 2658 52 53 ©
484 2662 102 41 Oct.
615 2662 70 47 27,
716 2661 113 41 1932;
889 2661 67 41 2c.
989 2663 95 38 and
1116 2660 80 41 aff.
1231 2660 101 42 Oct.
1364 2660 55 41 31;
1479 2660 42 40 A
1553 2660 141 41 56803;
1756 2661 260 47 Harcourt,
2049 2661 154 39 Brace
2235 2660 37 41 &
2303 2670 83 40 co.,

463 2718 89 41 inc.
624 2717 279 50 (32-31590)

394 2821 257 65 Wright,
681 2821 250 56 Chester
959 2822 66 54 G.

465 2898 139 53 New
633 2898 164 53 York
824 2899 280 52 eastward
1134 2904 58 47 to
1222 2901 111 50 Los
1358 2898 267 69 Angeles,
1652 2899 76 68 by
1758 2898 235 55 Chester
2022 2898 68 55 G.
2118 2897 262 71 Wright;

394 2976 326 54 illustrated
753 2975 152 55 from
933 2976 191 54 kodak
1154 2977 250 68 pictures
1433 2977 75 69 by
1538 2977 96 53 the
1665 2977 219 53 author.
1966 2976 418 70 [Washington,

396 3054 1143 70 Printed by W. F. Roberts co., ᶜ193 2]
470 3141 56 42 91
554 3153 45 38 p.
627 3142 109 40 incl.
764 3141 164 49 front.,
957 3142 127 41 illus.
1141 3141 146 42 23½ᶜᵐ.

401 3209 52 52 ©
482 3214 118 40 Nov.
629 3213 40 46 9,
698 3212 140 48 1932;
869 3213 66 40 2c.
965 3214 95 39 and
1090 3213 82 41 aff.
1201 3214 116 39 Nov.
1348 3213 81 47 11;
1461 3212 42 40 A
1532 3212 169 49 56956;
1736 3213 47 41 O.
1817 3213 52 40 G.
1899 3212 206 48 Wright,
467 3212 1905 98 Washington.
633 3269 280 50 (32-32866)

396 3370 316 65 Wyoming
753 3371 112 52 and
906 3369 213 56 Pacific
1159 3371 202 68 digest,
1402 3370 266 70 covering
1709 3372 78 52 all
1826 3389 151 36 cases
2017 3371 264 69 reported
2321 3371 61 54 in

466 3449 311 69 Wyoming
838 3454 239 63 reports,
1141 3449 325 68 1870-1931,
1527 3448 212 56 Pacific
1799 3455 273 63 reporter,
2133 3450 251 54 volumes

471 3530 186 64 1-300,
688 3527 112 53 and
831 3529 78 51 all
939 3528 63 53 of
1032 3528 96 52 the
1155 3526 213 57 Pacific
1395 3532 173 49 states
1597 3532 221 64 reports
1849 3528 153 53 from
2030 3529 97 52 the
2157 3527 227 54 earliest

467 3604 1916 70 times … Compiled and edited by the publisher’s editorial
467 3680 135 53 staff.
691 3702 49 32 v.
775 3686 187 48 26-28.
1040 3684 83 54 St.
1155 3685 165 65 Paul,
1347 3686 160 53 West
1536 3685 335 68 publishing
1899 3704 98 48 co.,
2030 3687 148 50 1932.

465 3768 276 43 3 v. 26 ᶜᵐ .
743 3835 104 30 CONTENTS.—v.
896 3824 71 42 26.
1015 3825 755 49 Mayhem-Miscegenation.—v.
1818 3824 73 43 27.
1939 3827 171 46 Money
400 3827 1966 93 lent-Motions.—
603 3891 42 30 v.

678 3879 74 42 28.
785 3880 264 49 Municipal
1082 3881 345 48 corporations.

404 3944 52 53 ©
479 3950 117 41 Nov.
619 3950 68 48 28,
712 3948 112 42 1932;
877 3950 66 41 2c.
968 3952 117 40 each
1108 3952 95 39 and
1226 3951 107 41 affs.
1359 3951 111 40 Dec.
1495 3952 56 39 15;
1603 3952 40 38 A
1667 3950 320 43 58354-58356;
2039 3952 133 40 West
2190 3952 94 45 pub
2318 3960 66 31 co.
