2563 4368
1291 4107 135 49 1904

424 560 225 42 Lettered
678 571 60 30 on
764 570 141 30 cover:
966 557 442 49 Fuso-spirochetal
1434 557 202 41 disease.

424 617 348 49 Bibliography:
829 626 43 38 p.
901 614 218 42 213-233.

353 672 52 52 ©
437 676 101 41 Oct.
571 675 70 47 26,
673 674 112 39 1932;
845 674 67 39 2c.
945 674 93 38 and
1072 672 81 39 aff.
1185 672 118 38 Nov.
1335 672 52 45 1;
1420 670 41 39 A
1492 670 169 46 55765;
1699 669 237 40 Williams
1969 670 34 38 &
2036 667 207 42 Wilkins
2277 679 66 29 co.

431 731 220 48 (33-471)

351 836 230 62 Storey,
610 832 194 54 Violet
831 832 230 63 Alleyn.

419 907 1922 70 Tea in an old house, by Violet Alleyn Storey … New York
355 990 188 67 [Print.
585 989 36 53 by
685 989 96 52 the
809 986 297 57 Stratford
1135 1003 173 52 press,
1335 986 125 67 inc.]
1495 989 150 51 1933.

419 1059 583 52 xii p., 1 l., 173 p. 19½ ᶜᵐ.
421 1120 170 39 Poems

356 1174 51 52 ©
449 1178 109 39 Dec.
600 1177 68 46 15,
707 1176 140 46 1932;
890 1176 67 39 2c.
997 1175 112 39 Dec.
1149 1175 82 45 23;
1275 1172 81 41 aff.
1397 1173 111 38 Dec.
1549 1171 82 48 22;
1675 1173 40 38 A
1755 1172 170 46 58527;
1969 1172 53 39 V.
2063 1172 52 38 A.
2162 1173 183 45 Storey,

424 1233 259 46 Brooklyn.
754 1231 220 48 (33-441)

353 1330 240 64 Strang,
621 1327 163 54 Ruth
813 1328 158 63 May,
1004 1332 171 49 1895-

422 1407 120 52 The
575 1404 117 54 rôle
725 1404 63 53 of
820 1405 95 52 the
947 1404 224 52 teacher
1203 1402 60 53 in
1296 1402 297 68 personnel
1626 1402 173 68 work,
1831 1401 75 68 by
1938 1400 158 54 Ruth
2133 1400 213 69 Strang

413 1478 1933 70 … New York city, Teachers college, Columbia university,
354 1564 149 51 1932.

490 1633 306 50 xv, 332 p. 20½ ᶜᵐ.
423 1690 347 49 Bibliography
795 1691 51 38 at
871 1690 91 39 end
989 1688 52 39 of
1063 1688 118 40 each
1206 1690 124 45 part.

357 1744 52 53 ©
443 1749 118 39 Nov.
595 1746 69 48 30,
700 1747 139 45 1932;
876 1746 67 39 2c.
979 1746 110 39 Dec.
1127 1745 53 38 12;
1245 1744 82 40 aff.
1364 1745 110 39 Dec.
1510 1744 81 47 16;
1629 1744 41 39 A
1705 1744 168 47 57475;
1912 1745 55 38 R.
2006 1745 190 47 Strang,
2232 1744 116 40 New

426 1805 143 39 York.
640 1802 220 49 (33-618)

353 1893 282 67 Sullivan,
664 1893 323 65 Sylvester.

423 1968 1917 66 Poise [by] Sylvester Sullivan. New York, A. Currie [ ᶜ1 932]
425 2041 626 52 5 p. l. , [1], 14-79 p. 16½ ᶜᵐ.
359 2097 51 53 ©
441 2102 116 39 Nov.
590 2101 38 46 6,
658 2101 113 39 1932;
831 2101 66 38 2c.
929 2100 94 39 and
1055 2098 82 40 aff.
1167 2099 117 39 Nov.
1317 2098 54 39 15;
1432 2098 42 39 A
1503 2097 143 41 58224;
1710 2097 44 41 S.
1789 2098 233 47 Sullivan,
2055 2099 117 38 New
2204 2098 143 42 York.

437 2158 221 48 (33-581)

355 2244 228 65 Theiss,
614 2244 193 54 Lewis
834 2245 226 63 Edwin,
1093 2246 170 53 1878-

427 2321 202 68 Wings
663 2322 63 51 of
760 2321 95 54 the
891 2320 169 55 Coast
1093 2321 213 67 guard;
1345 2319 145 54 aloft
1525 2318 139 56 with
1699 2320 94 52 the
1828 2318 181 72 flying
2043 2319 209 53 service
2287 2321 62 51 of

357 2398 180 55 Uncle
575 2397 179 55 Sam’s
789 2397 103 52 life
931 2414 204 51 savers,
1169 2397 75 68 by
1279 2394 182 56 Lewis
1498 2396 208 52 Edwin
1743 2396 225 67 Theiss;
2008 2396 139 53 with
2187 2414 161 36 cover

358 2473 1966 63 design by Harold Cue. Boston, W. A. Wilde company [ ᶜ1 932]
425 2545 482 50 314 p. front. 19½ ᶜᵐ.
362 2602 51 52 ©
451 2606 128 48 Sept.
614 2607 38 45 5,
687 2605 140 47 1932;
863 2605 66 40 2c.
966 2605 111 39 Dec.
1111 2603 82 49 29;
1231 2604 82 40 aff.
1349 2605 111 40 Dec.
1495 2604 81 47 28;
1614 2605 39 38 A
1689 2605 168 46 57631;
1894 2605 72 40 W.
2002 2605 52 38 A.
2091 2603 158 41 Wilde
2283 2614 67 30 co.

440 2662 220 48 (33-646)

356 2751 354 64 Thompson,
739 2750 191 54 David
959 2750 241 55 Wilson.

429 2827 183 67 Early
642 2826 380 68 publications
1056 2827 63 52 of
1150 2827 259 68 Carlisle,
1440 2827 440 67 Pennsylvania,
1917 2826 324 68 1785-1835,
2272 2827 74 67 by

362 2903 192 53 David
584 2904 222 53 Wilson
836 2904 345 67 Thompson.
1249 2904 259 67 Carlisle,
1537 2905 120 53 The
1692 2904 272 65 Sentinel,
1996 2907 149 50 1932.

432 2975 369 51 xi, 133 p. 23½ ᶜᵐ.
436 3032 142 41 “Two
606 3032 221 41 hundred
857 3033 95 39 and
983 3032 111 48 fifty
1125 3032 158 49 copies
1316 3034 50 40 of
1395 3034 100 39 this
1525 3034 121 41 book
1678 3044 125 31 were
1832 3033 236 49 printed.”

436 3088 128 41 “The
593 3088 252 48 following
874 3099 167 36 essays
1073 3089 49 39 in
1153 3089 126 40 local
1307 3090 189 47 history
1527 3090 95 40 and
1655 3090 335 49 bibliography
2022 3100 84 31 are
2137 3091 114 41 here
365 3101 1967 93 reprinted,

616 3145 50 39 in
710 3144 188 41 revised
942 3145 141 47 form,
1128 3145 126 40 from
1299 3147 82 39 the
1422 3146 216 41 columns
1682 3146 52 40 of
1775 3148 82 39 the
1900 3145 206 42 Carlisle
2147 3147 203 48 evening

365 3202 440 41 sentinel.”—Pref.

437 3258 345 42 “References”:
839 3270 43 37 p.
909 3268 44 29 x.

437 3314 377 49 “Bibliography
851 3314 50 40 of
939 3313 206 42 Carlisle
1181 3314 227 48 imprints
1445 3314 79 41 for
1562 3316 82 40 the
1680 3315 108 40 first
1824 3315 108 40 half
1967 3318 201 45 century
2207 3315 143 40 1786-

367 3371 140 41 1835”:
565 3383 44 38 p.
638 3370 186 41 78-128.

367 3424 51 52 ©
449 3429 112 39 Dec.
591 3429 69 46 15,
691 3427 140 48 1932;
863 3427 67 40 2c.
962 3427 111 39 Dec.
1104 3426 82 47 21;
1221 3426 81 40 aff.
1335 3427 110 39 Dec.
1477 3426 82 47 20;
1593 3427 41 38 A
1666 3427 169 45 58512;
1870 3428 56 39 D.
1959 3428 70 38 W.
2063 3427 285 47 Thompson.

436 3484 298 48 Cambridge,
765 3485 145 38 Mass.
981 3482 219 47 (33-473)

364 3570 269 67 Wallace,
664 3572 247 64 Archer,
945 3576 171 50 1884-

437 3647 356 54 Adventures
825 3648 59 52 in
921 3647 93 51 the
1050 3648 103 65 air,
1297 3646 218 54 Archer
1551 3646 276 66 Wallace;
1867 3646 375 55 illustrations
2277 3647 73 67 by

366 3722 252 52 Norman
658 3721 162 59 Deer.
897 3722 134 53 New
1077 3722 159 52 York
1276 3721 111 54 and
1429 3722 253 68 London,
1723 3722 229 69 Harper
1992 3725 44 49 &
2078 3723 271 53 brothers.

367 3801 149 50 1932.

434 3868 972 50 ix p., 1 l., 110 p. plates, ports. 19 ᶜᵐ.
435 3924 163 42 “First
626 3925 227 41 edition.”

371 3978 51 52 ©
451 3984 109 40 Dec.
589 3983 67 42 19,
685 3984 112 40 1932;
854 3985 67 40 2c.
949 3986 94 38 and
1072 3985 81 40 aff.
1183 3985 110 39 Dec.
1322 3985 54 39 21;
1434 3985 41 38 A
1503 3986 141 39 57552;
1703 3986 191 47 Harper
1922 3987 36 39 &
1985 3988 125 38 bros.

450 4038 220 49 (33-631)
