2563 4368
1284 4069 133 50 1848

423 524 428 48 “Approximately
888 526 83 39 the
1003 524 107 41 first
1144 523 108 41 half
1285 523 51 40 of
1371 524 82 39 the
1486 522 301 50 manuscript
1821 532 100 30 was
1957 523 234 47 prepared
2227 533 54 30 as
2316 533 22 29 a

351 581 317 42 dissertation
691 582 79 39 for
793 583 81 39 the
898 583 171 47 degree
1093 581 53 40 of
1167 582 181 40 Doctor
1370 581 52 39 of
1444 579 287 50 philosophy
1753 581 51 39 at
1829 580 120 40 Yale
1973 578 370 50 university.”—

352 639 130 42 Pref.

421 695 376 49 Bibliography:
833 708 43 36 p.
926 696 233 49 [467]-483.

357 750 51 52 ©
437 755 117 40 Nov.
582 753 69 47 29,
682 753 140 47 1932;
852 754 66 39 2c.
950 754 109 38 Dec.
1090 753 52 46 2;
1174 753 82 40 aff.
1285 753 112 40 Dec.
1427 753 22 37 1;
1510 752 40 38 A
1579 751 169 46 58233;
1781 752 118 39 Yale
1927 750 129 41 univ.
2087 761 150 38 press.

433 811 279 47 (32-34828)

353 899 329 67 Whitbeck,
712 902 131 64 Ray
870 900 268 65 Hughes,
1171 900 171 56 1871-

487 976 1858 70 … The geographic factor; its rôle in life and civilization, by
355 1054 1810 70 Ray H. Whitbeck and Olive J. Thomas … New York,
353 1055 1969 146 London, The Century co. [ ᶜ1 932]
497 1237 8 16 xv,
531 1205 86 40 422
642 1216 43 37 p.
746 1216 138 38 maps
912 1205 48 48 (1
989 1206 143 48 fold.)
1170 1205 153 49 diagr.
1384 1204 144 42 20½ᶜᵐ.
1601 1206 123 49 (The
1752 1205 214 48 Century
1994 1206 142 40 earth
2163 1207 185 41 science

357 1263 174 48 series)
656 1262 129 50 $2.25

429 1319 347 41 “References”
805 1321 51 38 at
882 1320 92 40 end
1002 1320 51 39 of
1078 1320 118 40 each
1221 1320 228 47 chapter;
1480 1318 235 42 “General
1741 1319 364 49 bibliography”:
2163 1332 44 37 p.
356 1319 1992 99 403-406.

358 1431 51 52 ©
438 1435 112 40 Dec.
575 1435 40 41 2,
644 1434 139 47 1932;
812 1434 66 39 2c.
907 1435 95 38 and
1031 1433 81 41 aff.
1142 1434 108 39 Dec.
1280 1433 51 46 8;
1362 1433 40 38 A
1430 1432 170 47 58282;
1632 1433 53 38 R.
1717 1434 59 38 H.
1806 1433 253 40 Whitbeck
2088 1435 94 38 and
2213 1434 136 40 Olive

426 1491 42 40 J.
496 1491 222 41 Thomas.
748 1490 236 47 Madison,
1012 1490 116 39 Wis.
1199 1488 279 49 (32-34796)

353 1579 443 66 Williamsburg
825 1580 225 64 garden
1079 1578 150 58 club.

421 1658 57 53 A
507 1656 437 70 Williamsburg
975 1675 164 50 scrap
1170 1656 163 69 book,
1366 1656 280 69 compiled
1678 1658 73 66 by
1783 1657 96 53 the
1911 1657 436 68 Williamsburg

352 1736 217 67 garden
615 1736 155 67 club;
822 1734 324 55 illustrated
1191 1736 75 67 by
1313 1734 146 56 Orin
1505 1735 257 53 Bullock.
1838 1734 339 69 Richmond,
2222 1736 126 67 Va.,

353 1813 122 52 The
499 1814 168 53 Press
693 1814 63 52 of
783 1814 96 53 the
904 1814 166 52 Dietz
1099 1813 263 69 printing
1387 1831 97 49 co.,
1513 1817 149 51 1932.

426 1886 55 41 97
509 1897 58 39 p.,
597 1887 23 39 1
673 1918 23 17 l.,
725 1886 109 41 incl.
864 1886 163 48 front.,
1057 1886 143 48 illus.,
1231 1888 171 47 plates.
1462 1885 116 43 26ᶜᵐ.

430 1943 129 41 “The
589 1942 169 42 town’s
787 1943 224 40 intimate
1038 1945 135 46 story
1202 1942 50 40 in
1281 1943 208 48 records,
1518 1943 210 47 legends,
1757 1943 78 39 old
1864 1942 236 48 clippings
2128 1944 94 38 and
355 1943 1975 104 forgotten
551 1999 537 49 letters.”—Colophon.

360 2054 51 52 ©
442 2059 110 40 Dec.
585 2059 39 47 5,
655 2058 139 42 1932;
827 2059 67 40 2c.
925 2060 95 38 and
1051 2058 82 40 aff.
1165 2058 111 41 Dec.
1309 2058 81 47 12;
1423 2058 40 39 A
1492 2057 170 48 57430;
1697 2057 139 40 Dietz
1868 2058 215 48 printing
2115 2069 66 30 co.

436 2114 279 49 (32-34826)

355 2202 387 67 Winkelman,
771 2204 217 53 Barnie
1018 2206 81 62 F.,
1133 2210 170 48 1894-

423 2280 1861 70 Ten years of Wall street, by Barnie F. Winkelman …
354 2357 425 70 Philadelphia,
820 2358 251 70 Chicago
1136 2366 120 62 [etc.]
1300 2361 122 52 The
1459 2360 158 54 John
1658 2361 62 55 C.
1762 2359 267 56 Winston
2069 2378 279 50 company

359 2441 192 64 [ᶜ1932]

425 2510 62 48 vi,
515 2510 85 41 381
627 2522 43 36 p.
698 2509 110 42 incl.
836 2511 164 48 front.,
1027 2510 143 48 illus.,
1199 2510 165 48 diagrs
1437 2510 116 41 22ᶜᵐ.

431 2566 319 48 “Operations
790 2567 52 41 of
881 2568 81 39 the
1001 2569 246 46 exchange
1284 2565 177 50 during
1497 2568 83 40 the
1618 2567 178 42 decade
1835 2567 258 48 preceding
2130 2567 217 42 1929.”—

356 2624 184 41 Introd.

361 2678 51 52 ©
440 2683 116 39 Nov.
583 2682 39 48 2,
650 2681 113 41 1932;
820 2682 66 40 2c.
914 2684 94 38 and
1035 2681 81 42 aff.
1144 2683 113 39 Dec.
1284 2682 26 40 6;
1366 2682 40 39 A
1434 2681 168 42 58274;
1634 2683 126 39 John
1789 2682 48 40 C.
1867 2684 221 38 Winston
2117 2694 65 28 co.

437 2738 279 49 (32-34814)

357 2812 280 66 Withers,
668 2812 272 64 William,
972 2818 169 50 1905-

426 2891 120 53 The
588 2889 327 56 retirement
956 2892 64 52 of
1060 2892 258 53 national
1360 2892 187 68 debts;
1592 2892 95 53 the
1728 2893 199 67 theory
1971 2893 113 52 and
2126 2893 219 67 history

355 2965 149 56 since
535 2969 96 51 the
663 2969 180 52 world
876 2988 135 49 war,
1043 2970 75 68 by
1150 2968 259 56 William
1439 2970 272 67 Withers,
1829 3013 11 9 PH.
1911 3012 9 10 D.
1996 2970 138 53 New
2168 2971 179 67 York,

357 3044 298 55 Columbia
697 3045 316 70 university
1053 3065 184 50 press;
1280 3047 258 69 London,
1577 3050 64 52 P.
1684 3048 56 56 S.
1782 3047 162 69 King
1982 3051 45 49 &
2066 3066 118 50 son,
2225 3049 121 67 ltd.,

358 3127 149 50 1932.

426 3196 86 40 344
552 3208 43 37 p.
654 3196 114 40 23ᶜᵐ.
841 3196 298 50 (Half-title:
1180 3197 195 41 Studies
1414 3197 50 39 in
1503 3197 201 48 history,
1745 3196 266 41 economics
2053 3198 95 39 and
2188 3199 158 47 public

358 3253 109 48 law,
508 3254 71 39 ed.
622 3252 61 48 by
724 3254 82 40 the
849 3253 205 49 Faculty
1095 3254 53 40 of
1188 3253 216 49 political
1448 3254 185 40 science
1675 3254 51 40 of
1770 3253 247 42 Columbia
2063 3255 283 48 university,

357 3319 74 31 no.
465 3310 111 48 374)

429 3367 171 40 Issued
625 3367 103 40 also
755 3378 53 29 as
836 3367 152 40 thesis
1023 3368 108 47 (ph.
1159 3367 65 48 d.)
1261 3366 248 42 Columbia
1539 3367 282 48 university.

427 3422 376 49 Bibliography:
835 3435 44 37 p.
910 3424 215 42 333-337.

363 3476 51 52 ©
448 3481 118 41 Nov.
600 3481 38 45 8,
673 3481 139 47 1932;
849 3482 65 39 2c.
951 3484 94 38 and
1080 3481 81 41 aff.
1197 3482 117 40 Nov.
1348 3482 55 39 26;
1467 3481 40 39 A
1541 3480 142 42 57238;
1750 3481 248 41 Columbia
2035 3481 129 43 univ.
2199 3491 149 39 press.

440 3537 278 48 (32-34611)

358 3612 284 65 Wolfson,
671 3612 323 55 Abraham.

430 3685 278 69 Spinoza;
760 3707 30 32 a
841 3687 106 53 life
994 3687 65 52 of
1107 3707 216 47 reason,
1372 3689 75 67 by
1495 3688 297 53 Abraham
1837 3687 284 56 Wolfson.
2207 3690 139 52 New

360 3762 931 70 York, Modern classics [ ᶜ1 932]
432 3834 88 40 viii
550 3845 56 38 p.,
638 3835 27 39 2
730 3869 9 16 l.,
766 3835 147 41 3-347
941 3846 45 37 p.
1018 3836 108 42 incl.
1224 3867 10 18 pl.,
1264 3836 215 41 facsims.
1538 3838 163 47 front.,
1733 3837 171 48 plates,
1937 3838 147 47 ports.
2144 3836 116 41 24ᶜᵐ.

430 3889 373 50 Bibliography:
836 3901 44 38 p.
911 3891 248 51 [329]-334.

364 3943 51 52 ©
448 3949 117 39 Nov.
600 3949 67 46 16,
702 3948 137 48 1932;
876 3950 66 39 2c.
977 3951 95 38 and
1106 3950 82 40 aff.
1220 3951 116 39 Nov.
1371 3949 82 48 21;
1490 3951 41 39 A
1564 3950 169 48 58040;
1770 3952 200 39 Modern
2004 3949 196 43 classics
431 3949 1897 104 publishers,
651 4004 89 42 inc.
811 4005 279 49 (32-34669)
