2563 4368
1445 4018 103 49 490

584 479 350 49 Bibliography:
997 489 43 38 p.
1075 479 218 41 239-244.

519 536 1711 52 © Apr. 5, 1932; 2c. and aff. Apr. 6; A 50548; Macmillan co.
595 595 250 49 (32-9309)

515 700 305 64 Naudeau,
851 699 276 65 Ludovic,
1159 699 171 54 1872-

645 775 1300 69 … La France se regarde; le problème de la
1971 776 255 55 natalité.
2306 778 202 68 [Paris]

512 855 510 67 Hachette [ ᶜ193 1 ]
586 926 697 51 3 p. l., 5-469, [1] p. 25 ᶜᵐ .
515 981 2000 52 © Nov. 25, 1931; 1c. Jan. 18, 1932; A— Foreign 15281; Librairie
585 1043 254 40 Hachette.
912 1042 250 49 (32-9128)

513 1144 169 66 Neill,
709 1145 255 55 William
993 1145 210 64 Lewis,
1234 1150 170 50 1866-

581 1221 121 54 The
737 1240 123 35 new
898 1222 217 53 outline
1153 1219 65 55 of
1254 1221 326 71 suggestive
1615 1222 334 70 geography
1988 1223 229 68 lessons,
2254 1223 260 70 together

512 1300 139 53 with
700 1301 276 67 complete
1026 1300 258 53 research
1333 1305 177 64 notes,
1561 1300 282 69 prepared
1893 1299 76 70 by
2017 1300 261 55 William
2329 1300 185 55 Lewis

510 1378 182 67 Neill;
727 1396 36 35 a
798 1378 233 53 manual
1067 1378 113 53 and
1216 1377 287 54 reference
1539 1377 95 54 for
1669 1378 95 53 the
1802 1378 226 54 teacher
2065 1379 113 53 and
2216 1379 165 68 pupil
2420 1377 94 55 for

510 1456 95 54 the
639 1456 391 69 presentation
1063 1457 114 53 and
1211 1456 354 69 application
1599 1455 66 54 of
1698 1455 208 71 logical
1943 1456 228 68 lessons,

2206 1456 76 70 by
2316 1475 32 35 a
509 1474 1978 114 construction
835 1533 65 55 of
945 1552 163 36 cause
1157 1534 113 54 and
1318 1533 180 55 effect.
1588 1533 447 70 [Philadelphia]
2086 1532 91 57 W.
2227 1535 65 53 L.
2342 1534 171 71 Neill,

532 1615 151 51 ᶜ1932.

576 1684 596 50 2 p. l. , 3-562 p. 24 ᶜᵐ .
577 1742 101 41 The
704 1744 97 46 t.-p.
830 1743 42 40 is
898 1743 228 47 repeated
1152 1742 166 41 before
1344 1744 67 46 pt.
1441 1741 70 42 11.

581 1799 133 40 Each
746 1801 111 45 part
887 1800 234 46 preceded
1154 1798 61 48 by
1245 1808 120 38 page
1399 1809 55 29 or
1487 1797 101 41 leaf
1617 1797 120 41 with
1770 1797 278 42 “contents”
2082 1801 84 38 not
2200 1798 225 41 included
2460 1798 48 40 in

509 1854 1423 49 the paging, except the page preceding pt. 1. (35 p.)
580 1912 263 41 Published
880 1911 114 41 1925
1029 1912 154 39 under
1217 1912 108 40 title:
1392 1911 102 40 The
1529 1913 258 46 suggested
1820 1911 185 41 outline
2040 1911 52 41 of
2126 1914 111 45 type
2273 1910 239 49 problems

509 1969 79 40 for
615 1970 276 46 geography
920 1968 240 47 teaching.

514 2023 51 52 ©
595 2028 121 39 Mar.
742 2027 69 47 24,
840 2027 139 45 1932;
1008 2025 67 42 2c.
1104 2027 121 39 Mar.
1252 2026 55 41 28;
1365 2025 82 44 aff.
1475 2026 122 39 Mar.
1625 2026 82 47 30;
1738 2026 40 39 A
1805 2025 170 48 50423;
2006 2028 71 39 W.
2106 2027 50 40 L.

2185 2026 138 49 Neill,
582 2025 1911 107 Philadelphia.
854 2079 69 54 [©
960 2084 294 46 rearranged
1292 2083 276 48 geography
1603 2083 184 40 lessons
1825 2083 118 41 with
1981 2086 223 38 research
2240 2087 153 46 notes]

590 2140 251 50 (32-9231)

509 2240 305 67 Newman,
842 2241 155 56 John
1026 2244 224 64 Henry,
1280 2243 276 67 cardinal,
1587 2245 325 50 1801-1890.

576 2320 271 52 Favorite
876 2320 275 52 Newman
1178 2338 268 48 sermons,
1475 2320 236 52 selected
1745 2320 151 53 from
1926 2321 95 51 the
2050 2320 184 53 works
2262 2320 64 53 of
2353 2322 153 52 John

506 2397 1978 146 Henry cardinal Newman by Daniel M. O’Connell … Milwaukee, The
814 2475 1102 69 Bruce publishing company [ ᶜ193 2]
575 2548 796 51 xiv p., 1 l., 413, [1] p. 20½ ᶜᵐ .
512 2601 51 53 ©
599 2608 119 38 Mar.
751 2606 69 48 21,
855 2606 112 40 1932;
1029 2606 68 41 2c.
1132 2607 93 38 and
1260 2605 82 41 aff.
1377 2606 121 40 Mar.
1532 2606 52 39 31;
1651 2606 38 38 A
1721 2605 145 41 49332;
1932 2605 171 41 Daniel
2141 2607 61 39 M.
2237 2606 268 48 O’Cbnnell,

580 2663 222 48 Chicago.
875 2662 249 49 (32-9012)

508 2766 213 64 Overn,
752 2766 209 54 Alfred
991 2765 222 66 Victor,
1246 2771 170 50 1893-

575 2842 225 53 Indices
833 2842 62 52 of
927 2842 208 68 supply
1170 2843 112 52 and
1315 2840 241 56 demand
1589 2842 62 53 of
1685 2843 251 53 teachers
1973 2842 55 52 in
2061 2842 337 67 Minnesota,
2433 2843 69 67 by

507 2916 1728 71 Alfred Victor Overn … Minneapolis, The University
2264 2918 63 53 of
505 2919 1973 131 Minnesota
732 3015 173 49 press,
942 3000 150 48 1932.

573 3079 111 36 xxv,
715 3068 85 40 253
830 3078 43 37 p.
932 3069 25 40 1
987 3068 144 48 illus.,
1162 3067 179 48 diagrs.
1400 3067 146 43 23½ᶜᵐ.

576 3124 439 48 “Bibliographical
1054 3124 146 40 index
1232 3124 51 40 of
1318 3123 226 49 previous
1577 3122 215 43 studies”:
1856 3136 43 37 p.
1933 3124 97 42 7-8.

512 3180 51 52 ©
604 3185 121 40 Mar.
763 3185 40 47 3,
844 3183 139 47 1932;
1025 3184 66 39 2c.
1133 3185 95 38 and
1269 3183 80 39 aff.
1392 3184 121 39 Mar.
1552 3182 83 48 21;
1678 3184 40 38 A
1758 3182 169 48 50213;
1972 3183 280 48 University
2294 3183 52 41 of
576 3183 1909 106 Minnesota,

791 3240 337 48 Minneapolis.
1199 3239 250 49 (32-9317)

507 3344 299 65 Petersen,
837 3344 129 55 Nis.

635 3417 1864 69 … Sandalmagernes gade; fortælling fra Rom paa Marcus
510 3494 1665 69 Aurelius’ tid. 2. oplag. K ø benhavn, V. Prior, 1932.
573 3566 85 41 509
691 3577 44 38 p.
797 3567 146 41 21½ᶜᵐ.

509 3622 51 52 ©
596 3627 110 39 Dec.
743 3626 67 47 10,
846 3625 112 41 1931;
1023 3627 65 42 1c.
1123 3627 110 39 Feb.
1268 3626 69 47 23,
1373 3625 140 48 1932;
1551 3625 309 49 A—Foreign
1895 3626 169 47 15940;
2102 3626 208 41 Vilhelm
2346 3625 152 41 Prior.

585 3683 250 46 (32-9020)

503 3784 275 64 Putnam,
808 3785 138 52 Mrs.
976 3784 157 54 Nina
1170 3784 281 65 (Wilcox)
1491 3790 170 50 1888-

572 3860 165 52 Paris
764 3860 141 68 love,
930 3860 73 68 by
1031 3860 151 54 Nina
1209 3860 222 53 Wilcox
1458 3859 262 53 Putnam.
1785 3859 137 54 New
1954 3858 178 67 York,
2160 3860 67 51 R.
2253 3859 165 66 Long
2443 3861 49 50 &

502 3937 65 52 R.
604 3936 68 55 R.
705 3937 207 67 Smith,
944 3935 126 69 inc.,
1106 3939 148 49 1932.
