2563 4368
1305 4062 134 51 1640

434 521 65 42 At
529 524 124 39 head
685 522 52 40 of
769 520 134 42 title:
939 519 353 41 Commandant
1324 517 222 49 Gusthal,
1579 517 182 41 Robert
1792 516 166 48 Migot.

364 582 1974 110 © Mar. 5, 1932; 1c. Apr. 8; A—Foreign 16403; Editions P. et G. Soubiron,
619 644 158 47 Alger,
811 643 206 48 Algérie.
1087 640 279 48 (32-31342)

364 747 261 63 Hadath,
655 745 230 64 Gunby.

434 824 240 67 Twenty
704 823 147 68 good
881 822 175 67 ships,
1131 823 160 66 chap.
1327 824 47 63 1,
1402 823 46 48 2.

446 898 83 47 (In
556 893 275 45 Children’s
859 906 308 38 newspaper,
1196 892 106 43 Oct.
1332 892 41 50 8,
1405 893 143 48 1932)

369 950 52 52 ©
509 985 7 8 1c.
549 954 112 41 Dec.
691 954 39 45 2,
761 952 114 41 1932;
936 953 40 38 A
1004 954 61 38 ad
1095 953 86 40 int.
1213 951 169 47 17170;
1417 952 140 47 pubd.
1592 951 102 40 Oct.
1726 951 52 47 6;
1815 950 53 41 G.
1900 949 216 48 Hadath,
2148 950 211 41 London.

367 1054 246 66 Haight,
643 1054 307 54 Elizabeth
979 1055 307 64 Hazelton,
1316 1056 170 53 1872-

432 1134 286 53 Romance
760 1134 60 51 in
860 1134 97 52 the
999 1132 173 53 Latin
1214 1132 214 68 elegiac
1470 1138 177 62 poets,
1687 1132 77 66 by
1806 1131 303 52 Elizabeth
363 1129 1969 134 Hazelton

491 1209 1771 69 Haight … New York, Longmans, Green and co., 1932.
435 1283 84 48 xii,
547 1283 84 40 243
661 1294 44 38 p.
764 1283 115 41 21ᶜᵐ.

438 1340 161 41 “First
628 1339 226 42 edition.”

441 1396 128 41 “The
600 1396 302 49 publication
934 1396 51 41 of
1017 1396 99 40 this
1151 1396 122 41 book
1306 1406 100 30 was
1441 1396 140 42 made
1615 1396 208 49 possible
1857 1396 61 48 by
1950 1397 81 40 the
2065 1396 132 47 Lucy
370 1395 1974 99 Maynard
539 1453 194 40 Salmon
776 1453 123 41 fund
942 1454 79 40 for
1066 1454 226 40 research
1333 1453 297 41 established
1675 1456 52 38 at
1773 1453 182 40 Vassar
1998 1452 193 50 college,
2234 1451 126 43 June

367 1511 262 50 1926.”—p.
670 1511 77 50 [vi]

439 1568 374 48 Bibliography:
844 1578 43 38 p.
918 1565 217 42 233-237.

373 1622 51 51 ©
458 1626 127 47 Sept.
615 1625 69 47 28,
715 1624 140 47 1932;
888 1624 66 41 2c.
987 1625 95 39 and
1113 1623 82 41 aff.
1228 1623 102 40 Oct.
1360 1625 53 45 4;
1447 1625 40 37 A
1519 1624 171 47 55373;
1722 1626 287 46 Longmans,
2042 1624 155 40 Green
2228 1624 36 39 &
2295 1634 66 29 co.

451 1681 278 48 (32-31179)

369 1778 352 64 Hammond,
753 1776 250 66 Arthur,
1035 1781 170 50 1882-

441 1853 273 53 Pictorial
745 1851 369 69 composition
1144 1852 59 52 in
1233 1853 418 68 photography,
1681 1852 74 68 by
1785 1852 222 53 Arthur
2036 1851 327 53 Hammond

433 1928 1928 69 … with 48 illustrations by the author. 2d ed., rev. and enl.
372 2007 230 68 Boston,
625 2007 189 66 Mass.,
838 2006 303 53 American
1166 2005 418 68 photographic
1608 2006 332 68 publishing
1964 2024 98 50 co.,
2087 2009 149 49 1932.

440 2077 1244 49 xiv p., 1 l., 212 p. incl. front. plates. 24½ᶜᵐ.
376 2134 51 51 ©
465 2138 101 40 Oct.
600 2137 68 42 27.
705 2136 140 47 1932;
883 2137 65 40 2c.
987 2137 100 40 Oct.
1124 2136 55 39 29;
1246 2137 81 39 aff.
1365 2137 101 40 Oct.
1503 2136 81 48 28;
1624 2138 40 38 A
1700 2136 142 42 56790;
1909 2136 256 42 American
443 2137 1905 103 photographic

670 2193 108 47 pub.
808 2205 65 27 co.
945 2193 277 47 (32-31133)

373 2285 179 63 Hare,
589 2284 242 56 Martin.

443 2361 248 53 Butler’s
715 2360 135 68 gift,
873 2360 75 68 by
970 2360 220 53 Martin
1216 2361 175 53 Hare.
1465 2362 258 67 London,
1746 2363 89 53 W.
1860 2363 380 67 Heinemann,
2263 2363 101 53 ltd.

375 2441 172 65 [1932]

442 2511 520 49 3 p. l., 316 p. 19ᶜᵐ.
379 2564 1986 53 © 1c. Oct. 18, 1932; A ad int. 16931; pubd. Aug. 22; Harper & bros.,
445 2625 117 39 New
589 2625 143 39 York.
803 2624 254 47 (32-31728)

376 2721 312 63 Hartman,
717 2720 311 56 Gertrude.

444 2795 180 53 These
653 2795 216 54 United
901 2795 188 55 States
1121 2798 112 52 and
1264 2798 127 52 how
1421 2798 135 69 they
1587 2815 153 36 came
1772 2803 58 47 to
1861 2798 84 69 be,
1974 2798 76 69 by
2081 2798 286 55 Gertrude

376 2871 317 68 Hartman;
721 2891 30 34 a
778 2874 184 66 sequel
987 2878 59 48 to
1072 2874 121 53 The
1220 2875 181 53 world
1426 2893 81 36 we
1534 2875 112 54 live
1673 2876 60 52 in
1760 2876 112 53 and
1899 2876 128 53 how
2054 2877 47 52 it
2126 2895 154 36 came
2307 2882 58 48 to

377 2949 92 67 be;
501 2950 140 52 with
669 2968 173 49 many
868 2950 379 55 illustrations
1277 2951 152 54 from
1459 2957 435 65 contemporary
1923 2971 238 36 sources.
2227 2954 139 53 New

378 3026 178 68 York,
583 3027 120 52 The
729 3026 334 53 Macmillan
1089 3046 297 51 company,
1415 3032 150 51 1932.

446 3098 1281 52 vi p., 1 l., 335 p., 1 l. illus. (incl. maps) 25ᶜᵐ.
382 3152 51 51 ©
464 3157 118 39 Nov.
612 3158 38 46 1,
681 3155 138 48 1932;
853 3157 65 40 2c.
952 3160 94 37 and
1078 3159 81 39 aff.
1190 3160 117 39 Nov.
1339 3160 52 47 2;
1425 3161 41 38 A
1497 3160 168 48 56838;
1702 3162 52 39 G.
1787 3163 257 45 Hartman,
2077 3162 116 39 New
2224 3161 143 40 York.

458 3212 278 48 (32-31193)

378 3301 299 64 Heyliger,
707 3302 273 61 William,
1012 3308 170 49 1884-

449 3378 152 67 Boys
630 3378 126 51 who
786 3377 224 54 became
1041 3379 307 69 president,
1378 3380 75 70 by
1482 3381 261 55 William
1774 3382 307 68 Heyliger;
378 3382 1961 124 illustrations

561 3454 75 68 by
669 3454 186 52 Leslie
885 3455 262 53 Thomas.
1218 3457 139 53 New
1392 3458 180 68 York,
1606 3460 66 52 T.
1708 3459 210 53 Nelson
1954 3462 46 50 &
2032 3478 147 50 sons,
2215 3463 151 50 1932.

450 3525 799 49 4 p. l., 3-234 p. illus. 22½ᶜᵐ.
452 3582 113 47 Map
596 3593 60 29 on
688 3582 332 48 lining-paper.

384 3635 51 51 ©
471 3640 100 40 Oct.
607 3641 68 46 28,
711 3640 139 46 1932;
887 3641 66 39 2c.
990 3641 116 40 Nov.
1142 3643 20 37 1;
1233 3643 81 39 aff.
1349 3644 116 39 Nov.
1502 3645 52 46 2;
1592 3647 42 38 A
1667 3645 169 48 56865;
1874 3647 209 39 Thomas
2119 3646 179 40 Nelson
2333 3646 37 40 &

451 3706 124 28 sons.
647 3696 277 48 (32-31194)

380 3784 322 64 Housman,
733 3785 318 64 Laurence,
1084 3791 169 49 1865-

450 3860 412 54 What-o’clock
905 3863 159 66 tales,
1109 3863 76 67 by
1229 3864 288 54 Laurence
1562 3867 326 67 Housman;
1936 3868 140 53 with
2122 3868 248 67 pictures

382 3936 73 68 by
484 3938 57 53 J.
570 3938 68 53 R.
670 3939 258 53 Monsell.
1004 3939 248 68 Oxford,
1281 3942 67 51 B.
1379 3943 311 53 Blackwell
1727 3948 170 60 [1932]
