2563 4368
0 0 0 0 750
409 424 257 62 Ranson,
695 424 138 52 Mrs.
863 422 208 64 Nancy
1097 421 240 65 Richey.

477 499 122 52 The
631 496 250 70 bucking
912 497 191 70 burro,
1134 499 73 68 by
1243 496 199 70 Nancy
1476 496 214 70 Richey
1726 497 258 65 Ranson;
2026 494 89 54 for
2150 494 255 55 children

412 575 149 54 from
587 594 101 34 one
712 581 57 46 to
795 593 101 36 one
921 575 289 66 hundred;
1238 573 295 53 decorated
1560 574 138 53 with
1727 573 376 54 illustrations
2127 573 73 69 by

409 573 1970 133 Frances
527 651 326 70 McKinley.
924 651 217 69 Dallas,
1172 652 155 66 Tex.,
1359 651 119 51 The
1514 650 430 69 Kaleidograph
1979 667 171 52 press,
2185 653 149 49 1932.

510 722 826 51 x p., 1 l., 70, [2] p. . illus. 20 ᶜᵐ .
479 781 288 40 Illustrated
803 779 360 49 lining-papers.

478 837 188 41 Verses.

417 893 51 52 ©
496 898 112 46 May
635 897 38 47 5,
701 895 138 47 1932;
868 895 67 44 2c.
962 896 94 39 and
1084 894 80 40 aff.
1193 895 112 47 May
1332 893 81 46 20;
1444 894 34 38 A
1510 893 169 47 51408;
1709 894 55 41 N.
1792 895 53 40 R,
1875 894 210 47 Ranson,
2115 894 183 41 Dallas.

495 953 279 48 (32-13192)

411 1056 213 65 Smith,
660 1057 251 53 Edward
949 1057 267 62 Everett,
1253 1060 170 50 1861-

479 1134 122 52 The
631 1133 345 69 philosophy
1009 1132 63 52 of
1106 1151 30 33 a
1170 1131 328 68 politician;
1535 1150 71 34 an
1639 1130 311 71 epistolary
1986 1130 321 71 biography
2342 1131 65 54 of

411 1211 251 54 Edward
694 1211 66 53 E.
791 1209 208 68 Smith,
1029 1210 188 53 edited
1244 1209 74 70 by
1347 1209 88 53 his
1463 1226 118 49 son,
1609 1208 197 54 Rollin
1836 1209 63 53 L.
1932 1208 206 56 Smith.
409 1210 1971 148 Drawings

587 1289 75 69 by
713 1288 193 53 David
958 1286 330 56 Granahan.
1377 1286 403 69 Minneapolis,
1835 1287 120 53 The
2008 1287 399 55 Vallombrosa

408 1385 174 50 press,
613 1368 150 52 1932.

481 1436 1381 51 2 p. l., 9-403 p. mounted front., illus., ports. 24 ᶜᵐ .
484 1496 128 40 “The
649 1495 110 40 first
794 1495 185 40 edition
1019 1495 52 40 of
1110 1494 98 40 this
1250 1494 121 40 book
1409 1494 208 40 consists
1657 1493 53 41 of
1749 1493 93 41 five
1881 1494 220 41 hundred
2142 1493 263 42 numbered

408 1552 202 48 copies.”
668 1552 118 40 This
814 1561 117 38 copy
957 1553 84 39 not
1068 1550 275 41 numbered.

418 1607 51 52 ©
497 1611 113 48 Apr.
639 1611 67 45 15,
736 1608 138 47 1932;
904 1612 65 37 2c.
999 1610 93 39 and
1122 1609 82 42 aff.
1234 1610 112 47 May
1373 1609 82 46 16;
1485 1609 41 38 A
1555 1608 168 45 51352;
1756 1609 160 41 Rollin
1944 1610 49 39 L.
2027 1608 168 49 Smith,

485 1608 1906 108 Minneapolis.
724 1667 76 47 (32
836 1667 167 48 13315)

412 1769 174 66 Snell,
615 1771 129 63 Roy
770 1770 244 63 Judson,
1047 1770 169 55 1878-

538 1846 1865 69 … Riddle of the storm, by Roy J. Snell. Chicago, The
405 1926 192 67 Reilly
627 1929 46 49 &
703 1926 110 52 Lee
843 1944 78 34 co.
958 1928 193 64 [ᶜ1932]

479 1996 1630 51 3 p. l., 11-300 p. 19½ᶜᵐ. (His Mystery stories for boys)
419 2051 51 52 ©
505 2057 76 38 May
650 2056 67 47 10,
752 2053 139 49 1932;
927 2058 67 38 2c.
1028 2056 111 47 May
1173 2055 48 38 21;
1291 2054 83 41 aff.
1409 2055 111 48 May
1556 2054 79 47 19;
1673 2056 37 38 A
1746 2055 169 48 51457;
1954 2056 156 47 Reilly
2145 2056 35 40 &
2214 2058 91 39 Lee
2339 2066 67 31 co.

496 2112 280 48 (32-13240)

412 2216 236 62 Society
674 2217 63 51 of
762 2216 174 51 naval
963 2216 326 53 architects
1314 2217 114 52 and
1457 2217 226 52 marine
1712 2217 329 63 engineers.

543 2292 1857 72 … Transactions … [v. 39, 1931] Edited by the secretary.
412 2369 135 55 New
576 2370 179 67 York,
782 2373 69 52 N.
881 2372 89 66 Y.,
998 2371 121 53 The
1147 2371 228 69 Society
1447 2374 152 64 [ᶜ1931]

484 2443 1495 51 415 p. illus., plates (part fold.) tables, diagrs. 28½ ᶜᵐ .
419 2496 51 52 ©
502 2500 111 48 May
643 2499 68 48 28,
744 2499 112 41 1932;
915 2502 65 39 2c.
1013 2502 93 39 and
1137 2501 81 42 aff.
1250 2502 126 39 June
1406 2503 17 37 1;
1491 2503 37 38 A
1561 2502 140 40 52411;
1764 2503 59 40 H.
1857 2495 198 48 Gerrish
2089 2502 170 49 Smith,
2291 2504 117 41 New

487 2557 142 39 York.

413 2658 318 67 Sollmann,
760 2659 211 55 Torald
1001 2662 322 64 Hermann,
1356 2664 170 54 1874-

480 2735 56 52 A
558 2738 231 50 manual
814 2736 65 53 of
903 2737 446 70 pharmacology
1374 2739 113 53 and
1515 2738 73 55 its
1614 2739 383 70 applications
2022 2745 59 48 to
411 2739 1970 127 therapeutics

411 2813 1969 145 and toxicology, by Torald Sollmann … 4th ed., thoroughly rev.
682 2891 408 68 Philadelphia
1124 2894 112 52 and
1267 2893 259 67 London,
1556 2894 91 54 W.
1682 2896 68 52 B.
1787 2893 287 56 Saunders
2109 2912 297 52 company,

414 2970 149 50 1932.

483 3040 1006 52 1 p. l., 9-1237 p. illus., diagrs. 25 ᶜᵐ .
485 3095 347 49 Bibliography
850 3107 9 30 :
894 3107 43 37 p.
972 3096 273 44 1111-1218.

421 3149 51 52 ©
503 3155 112 47 May
645 3154 37 48 6,
714 3153 111 42 1932;
883 3155 66 43 2c.
980 3156 113 47 May
1122 3156 58 40 10;
1236 3157 80 40 aff.
1348 3158 114 47 May
1491 3158 51 38 11;
1605 3159 40 38 A
1674 3158 146 41 51249;
1877 3161 71 39 W.
1979 3161 51 38 B.
2065 3161 244 40 Saunders
2339 3168 67 32 co.

498 3210 279 49 (32-13170)

415 3310 1962 132 Southern reporter. v. 139. Permanent ed. … with key number
610 3390 377 56 annotations.
1064 3393 294 70 February
1389 3398 62 49 18
1478 3400 58 48 to
1561 3397 200 52 March
1789 3399 83 63 31,
1900 3400 149 51 1932.
2126 3397 84 55 St.
2236 3397 165 68 Paul,

482 3468 159 54 West
669 3468 334 70 publishing
1030 3489 97 47 co.,
1159 3475 149 53 1932.

560 3572 8 14 xx,
600 3541 112 39 1002
742 3552 43 37 p.
845 3542 116 42 26ᶜᵐ.

422 3591 51 52 ©
504 3597 109 47 May
645 3598 67 43 25,
744 3598 111 40 1932;
914 3598 66 40 2c.
1011 3599 125 40 June
1165 3602 52 37 11;
1279 3601 80 41 aff.
1390 3603 126 39 June
1543 3604 54 40 13;
1657 3605 39 38 A
1726 3603 142 41 52508;
1928 3605 132 40 West
2090 3604 107 48 pub.
2229 3615 51 30 co.

415 3683 212 64 Spahr,
663 3687 224 54 Walter
925 3689 156 62 Earl,
1121 3693 168 50 1891-
1505 3693 84 54 ed.

487 3759 122 52 The
662 3762 281 51 economic
1000 3761 342 54 foundation
1395 3764 65 53 of
1512 3765 270 69 business,
1835 3766 74 71 by
1963 3768 175 53 Louis
2193 3768 207 65 Bader,

413 3834 1963 131 Jules I. Bogen, Kenneth Dameron … [and others] Department
597 3912 64 54 of
689 3916 325 67 economics,
1048 3914 205 56 School
1284 3917 65 54 of
1378 3934 321 53 commerce,
1729 3925 263 51 accounts
2024 3922 112 53 and
2167 3921 234 67 finance,
