2563 4368
1102 4044 98 50 131

138 438 206 62 Bruce,
397 435 249 53 Mildred
699 435 173 62 Mary
923 433 216 53 Easter
1197 429 236 67 (Petre)
1491 427 188 55 “Hon.
1732 427 139 52 Mrs.
1923 424 206 55 Victor

207 514 245 62 Bruce,”
488 518 170 50 1895-

209 583 1858 74 The Bluebird’s flight, by the Hon. Mrs. Victor Bruce …
140 662 1992 71 with a foreword by Colonel the master of Sempill … London,
140 746 300 72 Chapman
466 750 46 50 &
539 746 159 65 Hall,
727 744 122 67 ltd.,
880 746 150 50 1931.

210 811 1832 56 2 p. l ., vii-xii p., 1 l., 292 p. front., plates, ports., maps, facsim. 22½ ᶜᵐ.
144 886 50 51 ©
251 901 36 29 1c.
315 890 111 39 Dec.
451 889 70 47 23,
548 889 113 40 1931;
717 889 40 38 A
783 899 27 28 ad
871 888 85 40 int.
985 887 144 40 16017;
1183 887 143 48 pubd.
1354 887 119 39 Nov.
1500 887 25 39 3;
1584 887 62 39 M.
1676 886 60 39 M.
1766 885 171 46 Bruce,
1966 882 169 47 Esher,

214 946 192 48 Surrey,
435 946 235 47 England.

132 1078 322 67 Burnham,
483 1078 255 56 William
767 1081 223 64 Henry,
1020 1085 171 50 1855-

205 1157 122 52 The
370 1157 334 53 wholesome
746 1157 353 68 personality;
1174 1176 31 33 a
1248 1156 388 54 contribution
1676 1160 59 48 to
1777 1158 215 51 mental
136 1158 1976 145 hygiene,

351 1233 1787 70 by William H. Burnham … New York and London,
136 1311 71 53 D.
236 1311 295 68 Appleton
561 1313 113 51 and
702 1330 297 49 company,
1029 1314 151 50 1932.

275 1386 307 48 xv, 713 p. 21 ᶜᵐ.
209 1442 159 40 Trade
397 1442 197 40 edition.

210 1498 145 40 “This
395 1498 123 40 book
557 1498 42 40 is
639 1509 27 29 a
707 1497 337 41 continuation
1085 1497 51 40 of
1176 1498 82 39 the
1298 1497 189 48 subject
1527 1497 52 40 of
1620 1498 182 39 mental
1843 1497 204 49 hygiene
2088 1503 50 37 to

138 1554 158 41 which
322 1565 62 29 an
410 1555 337 47 introductory
774 1555 204 40 volume.
1004 1554 101 40 The
1131 1555 189 38 normal
1346 1554 146 47 mind,
1521 1553 255 49 published
1804 1554 50 40 in
1881 1553 127 49 1924,
2037 1566 102 30 was

139 1611 440 41 devoted.”—Pref.

210 1667 349 49 Bibliography
585 1670 51 37 at
662 1669 92 38 end
780 1667 52 40 of
856 1667 119 39 each
1001 1667 200 47 chapter
1228 1668 170 47 except
1423 1678 101 29 one.

146 1734 51 52 ©
222 1739 108 39 Jan.
356 1737 68 50 22,
450 1738 112 40 1932;
616 1737 66 39 2c.
708 1739 96 38 and
830 1737 81 40 aff.
938 1737 109 42 Jan.
1072 1736 82 47 25;
1182 1737 41 39 A
1247 1737 170 47 47190;
1446 1738 70 40 W.
1543 1738 60 39 H.
1631 1738 266 49 Burnham,
214 1739 1907 104 Worcester,
335 1796 146 39 Mass.
552 1794 250 49 (32-3889)

209 1912 121 53 The
373 1912 333 54 wholesome
749 1912 381 68 personality;
1177 1932 31 33 a
1253 1911 387 54 contribution
1682 1918 58 48 to
1782 1916 213 51 mental
138 1915 1978 143 hygiene,

138 1989 1978 147 by William H. Burnham … New York, London, D. Appleton
361 2069 645 66 and company [ ᶜ1 932]
211 2141 626 49 xxvi p., 1 l., 713 p. 19½ ᶜᵐ.
213 2198 322 39 Educational
566 2198 197 39 edition.

214 2254 146 40 “This
400 2254 123 40 book
562 2254 43 40 is
645 2264 27 29 a
715 2252 335 41 continuation
1092 2253 52 39 of
1182 2253 82 39 the
1304 2253 190 47 subject
1534 2253 51 39 of
1625 2254 182 39 mental
1847 2253 204 49 hygiene
2092 2256 49 40 to

142 2310 160 41 which
340 2321 62 29 an
442 2310 337 47 introductory
821 2310 202 46 volume,
1067 2309 100 40 The
1209 2310 188 39 normal
1437 2309 146 48 mind,
1625 2309 255 48 published
1920 2311 51 38 in
2013 2310 127 49 1924,

142 2378 101 29 was
271 2365 440 42 devoted.”—Pref.

213 2423 349 48 Bibliography
586 2425 51 37 at
663 2422 91 40 end
779 2422 52 40 of
855 2422 119 40 each
999 2422 201 47 chapter
1225 2423 170 47 except
1421 2433 102 29 one.

151 2490 51 52 ©
228 2495 109 39 Jan.
361 2493 69 49 22,
455 2493 114 41 1932;
622 2493 67 41 2c.
714 2493 95 39 and
835 2492 81 40 aff.
943 2493 108 39 Jan.
1078 2491 55 40 25;
1189 2492 39 39 A
1252 2491 171 48 47191;
1452 2493 70 39 W.
1550 2493 61 42 H.
1638 2493 266 48 Burnham,
217 2494 1910 104 Worcester,

341 2552 144 38 Mass.
557 2549 250 49 (32-3890)

139 2668 213 64 Burns,
380 2667 228 55 Walter
632 2667 205 66 Noble,
868 2668 171 54 1872-

215 2744 122 53 The
378 2743 190 54 Robin
626 2743 174 54 Hood
842 2743 65 54 of
967 2744 74 52 El
1083 2744 264 66 Dorado;
1411 2744 97 53 the
1567 2761 137 51 saga
1767 2742 65 54 of
1892 2744 248 69 Joaquin

144 2821 299 67 Murrieta,
467 2820 225 54 famous
715 2821 212 53 outlaw
948 2820 65 54 of
1037 2820 372 55 California’s
1434 2839 104 51 age
1560 2820 66 55 of
1646 2823 155 68 gold,
1825 2822 76 69 by
1922 2822 222 55 Walter

146 2898 1857 69 Noble Burns … New York, Coward-McCann, inc. [ ᶜ1 932]
216 2971 1044 52 5 p. l., 304 p. incl. front. (facsim.) 21½ᶜᵐ.
154 3039 50 52 ©
234 3045 108 39 Jan.
370 3044 69 48 22,
469 3044 113 41 1932;
640 3045 65 39 2c.
737 3045 108 39 Feb.
875 3045 27 38 4;
959 3044 81 41 aff.
1071 3045 111 40 Feb.
1211 3045 25 38 1;
1296 3044 41 39 A
1365 3044 145 40 48274;
1569 3044 456 48 Coward-McCann,
2056 3044 90 41 inc.

230 3101 250 48 (32-3723)

145 3218 218 66 Calfee,
392 3219 154 54 John
574 3220 272 65 Edward,
877 3221 170 55 1875-

218 3295 1866 69 What next? Talks to young people, by John E. Calfee …
151 3371 1995 69 introduction by E. Graham Wilson … New York, Chicago
175 3449 1284 70 [etc.] Fleming H. Revell company [ ᶜ1 932]
220 3520 86 40 148
337 3530 42 38 p.
440 3519 58 41 19½ᶜᵐ.

160 3588 51 52 ©
245 3594 107 39 Jan.
387 3594 69 46 30,
490 3593 139 47 1932;
665 3594 67 41 2c.
767 3596 95 39 and
897 3595 83 41 aff.
1015 3595 110 39 Feb.
1159 3596 25 39 3;
1249 3595 39 39 A
1322 3595 171 46 47363;
1532 3594 220 48 Fleming
1784 3595 61 41 H.
1881 3594 164 39 Revell
2081 3604 66 29 co.

237 3649 248 49 (32-3760)

151 3765 341 55 California.
568 3769 405 55 Constitution.

226 3840 390 56 Constitution
655 3843 65 54 of
760 3846 95 51 the
894 3850 144 48 state
1078 3846 65 54 of
1184 3844 342 68 California,
1567 3842 281 70 compiled
1884 3843 77 67 by
2001 3842 147 53 Paul

156 3916 216 55 Mason.
449 3918 324 56 California
801 3922 374 68 Legislature,
1207 3927 150 50 1931.
1431 3923 217 67 Joseph
1677 3922 71 54 A.
1779 3919 170 67 Beek,
1977 3936 171 38 secre-
