2563 4368
1315 4064 133 54 1070

402 448 271 65 Meynell,
702 448 302 56 Laurence
1032 450 89 56 W.

471 523 120 52 The
623 523 172 53 house
827 542 71 35 on
930 524 95 55 the
1058 523 137 70 cliff,
1226 525 74 68 by
1334 526 287 53 Laurence
1729 568 11 11 W.
1773 527 263 67 Meynell.
402 528 1966 139 Philadelphia,

590 600 54 54 J.
683 600 66 53 B.
783 599 338 70 Lippincott
1155 618 293 52 company,
1486 606 149 50 1932.

470 670 88 41 320
583 682 44 38 p.
685 671 145 42 19½ᶜᵐ.

408 740 51 51 ©
491 744 127 39 June
648 744 69 46 15,
749 743 113 41 1932;
923 743 67 41 2c.
1021 746 95 38 and
1149 744 80 40 aff.
1263 745 127 41 June
1421 745 54 40 23;
1537 747 41 38 A
1611 746 143 40 54205;
1818 748 47 38 L.
1901 748 71 40 W.
2007 749 221 46 Meynell,
2262 749 133 40 Penn

475 800 175 47 Fields,
684 801 441 48 Wolverhampton,
1161 802 235 47 England.
1466 802 279 49 (32-18611)

400 905 217 64 Moore,
647 904 240 57 Austin.

534 980 1858 70 … The house of lies … Garden City, N. Y., Pub. for the
402 1055 191 56 Crime
622 1055 144 68 club,
794 1057 125 67 inc.,
948 1057 74 67 by
1051 1057 353 70 Doubleday,
1432 1058 196 52 Doran
1655 1061 45 50 &
1730 1077 274 51 company
2052 1059 104 54 inc.
2238 1065 150 63 [ᶜ1932]

469 1127 524 49 5 p. l., 302 p. 20ᶜᵐ.
469 1185 162 42 “First
664 1184 226 42 edition.”

405 1256 51 52 ©
484 1261 115 46 July
623 1260 69 42 20.
720 1259 113 41 1932;
887 1259 68 42 2c.
981 1261 95 38 and
1103 1260 82 40 aff.
1212 1261 116 47 July
1353 1260 56 39 22;
1467 1262 39 37 A
1532 1260 142 41 54203;
1732 1262 295 48 Doubleday,
2057 1263 164 39 Doran
2249 1264 36 40 &
2311 1273 80 38 co.,

472 1317 89 40 inc.
633 1316 278 49 (32-18612)

397 1421 314 64 Nisenson,
743 1421 256 56 Samuel.

469 1497 179 56 Great
674 1503 278 48 moments
983 1498 60 52 in
1072 1498 223 67 history;
1357 1517 31 34 a
1419 1498 240 68 graphic
1690 1517 205 50 survey
1926 1499 65 54 of
2021 1504 98 49 150
2151 1502 241 53 decisive

398 1582 191 48 events
619 1576 62 53 in
710 1576 97 54 the
836 1576 226 53 world’s
1092 1576 239 67 history,
1360 1577 75 66 by
1466 1575 229 56 Samuel
1727 1576 278 54 Nisenson
2038 1579 111 52 and
2181 1578 210 55 Alfred

398 1654 234 54 Parker.
729 1655 139 52 [New
901 1654 179 66 York]
1116 1652 236 56 Grosset
1380 1656 45 50 &
1455 1654 235 68 Dunlap
1769 1657 151 65 [ᶜ1931]

465 1727 87 41 160
574 1737 44 38 p.
678 1727 129 40 illus.
865 1727 117 41 26ᶜᵐ.

403 1793 51 52 ©
488 1798 116 47 July
635 1798 38 46 6,
707 1796 114 42 1932;
883 1796 66 42 2c.
985 1798 95 39 and
1114 1796 80 40 aff.
1231 1797 115 48 July
1380 1797 26 40 8;
1468 1798 41 38 A
1542 1797 145 40 53010;
1750 1797 199 41 Grosset
1983 1798 37 41 &
2053 1799 209 46 Dunlap,
2297 1800 91 41 inc.

479 1853 280 50 (32-18719)

397 1956 1949 69 North eastern reporter, v. 180. Permanent ed. … with key
465 2035 237 52 number
728 2033 379 54 annotations.
1182 2033 173 69 April
1381 2035 219 53 6-June
1629 2038 45 64 1,
1703 2038 150 49 1932.
1931 2035 84 55 St.
2040 2037 165 66 Paul,
2227 2039 158 52 West

467 2113 336 69 publishing
832 2132 97 49 co.,
960 2116 149 51 1932.

467 2188 95 46 xvi,
591 2186 86 40 999
703 2198 44 36 p.
804 2186 114 39 26ᶜᵐ.

402 2254 51 52 ©
484 2259 116 38 July
629 2258 68 46 15,
728 2256 139 48 1932;
899 2256 67 41 2c.
997 2258 116 46 Aug.
1144 2257 52 46 5;
1230 2256 80 40 aff.
1341 2258 120 46 Aug.
1491 2256 53 47 2;
1577 2257 40 38 A
1647 2256 169 48 53512;
1850 2259 133 39 West
2013 2257 109 48 pub.
2153 2269 66 29 co.

396 2376 303 53 Northern
730 2374 239 66 Baptist
1003 2374 369 53 convention.
1445 2375 197 53 Board
1673 2375 64 66 of
1769 2375 317 56 education.

465 2453 123 53 The
613 2453 281 53 moccasin
922 2452 155 67 trail,
1105 2451 290 69 projected
1425 2454 112 51 and
1568 2452 187 54 edited
1784 2453 76 67 by
1889 2454 97 53 the
2011 2454 379 68 Department

395 2530 65 54 of
487 2531 341 66 missionary
856 2529 318 68 education,
1206 2531 193 52 Board
1431 2529 66 53 of
1528 2531 317 68 education,
1877 2530 65 54 of
1971 2532 98 52 the
2100 2532 289 52 Northern

391 2607 1973 146 Baptist convention … Philadelphia, Boston [etc.] The Judson press [ᶜ1932]
465 2757 1450 50 6 p. l., 3-190 p. front., plates, ports., fold. tab. 20 ᶜᵐ .
466 2816 68 39 “A
574 2814 261 49 composite
875 2814 187 48 picture
1103 2813 52 41 of
1194 2813 197 49 Baptist
1428 2814 135 39 work
1604 2824 175 37 among
1816 2814 158 39 North
2014 2814 257 40 American
394 2815 1972 102 Indians.”—Foreword,
957 2871 167 47 signed:
1195 2869 216 43 William
1454 2870 54 42 A.
1552 2869 118 49 Hill,
1713 2872 247 46 secretary
2001 2869 50 41 of
2093 2870 291 48 missionary

391 2927 273 42 education.

466 2985 68 39 “A
565 2983 127 41 brief
723 2983 202 47 reading
954 2982 85 40 list
1069 2993 62 29 on
1161 2982 82 41 the
1272 2981 258 41 American
1563 2980 203 41 Indian”:
1829 2992 138 30 verso
1998 2981 53 41 of
2083 2981 82 41 5th
2199 2981 184 49 prelim,

391 3040 113 41 leaf.

401 3107 51 52 ©
481 3111 126 39 June
631 3110 69 47 24,
729 3109 112 41 1932;
898 3109 65 39 2c.
992 3110 94 38 and
1114 3108 82 41 aff.
1226 3109 115 47 July
1367 3108 54 39 21;
1480 3109 41 37 A
1548 3108 141 40 54171;
1749 3109 186 39 Judson
1963 3117 148 39 press.

478 3167 277 49 (32-18705)

393 3269 212 55 Pacific
659 3274 270 63 reporter.
1008 3266 216 55 Second
1278 3268 185 52 series.
1539 3267 168 54 Cases
1764 3269 212 67 argued
2032 3269 112 51 and
463 3269 1892 131 determined

681 3348 59 51 in
766 3347 94 52 the
891 3346 272 67 Supreme
1191 3351 188 49 courts
1404 3345 64 53 of
1495 3345 340 57 California,
1861 3347 243 66 Kansas,
2132 3345 245 68 Oregon,

463 3424 400 68 Washington,
904 3424 299 56 Colorado,
1242 3425 294 67 Montana,
1575 3423 271 63 Arizona,
1885 3424 252 66 Nevada,
2176 3423 202 67 Idaho,

462 3502 328 69 Wyoming,
817 3503 176 65 Utah,
1021 3503 138 51 New
1187 3502 240 66 Mexico,
1457 3501 338 68 Oklahoma,
1824 3501 244 54 District
2097 3509 186 47 courts
2313 3501 64 52 of

465 3583 204 65 appeal
709 3582 111 50 and
860 3581 284 67 appellate
1183 3580 359 67 department
1578 3580 63 52 of
1675 3581 95 52 the
1810 3580 272 67 Superior
2117 3585 162 47 court
2312 3578 65 54 of

466 3658 322 52 California
818 3658 111 51 and
957 3657 261 53 criminal
1245 3663 161 47 court
1432 3659 62 50 of
1521 3659 232 66 appeals
1781 3658 63 51 of
1871 3658 338 66 Oklahoma,
2236 3658 140 52 with

462 3735 109 65 key
594 3736 236 51 number
857 3735 377 51 annotations,
1308 3754 50 33 v.
1387 3739 30 48 9
1454 3736 126 66 (2d)
1615 3735 173 68 April
1817 3740 63 48 15
1905 3742 58 46 to
1987 3737 138 67 May
2151 3738 46 64 6,
2225 3738 147 50 1932.

463 3812 344 52 Permanent
833 3813 83 51 ed.
995 3811 81 54 St.
1104 3813 165 65 Paul,
1293 3814 157 53 West
1480 3812 334 70 publishing
1840 3832 97 50 co.,
1967 3817 147 49 1932.

465 3886 95 46 xvi,
592 3886 113 40 1197
733 3897 42 37 p.
834 3885 116 41 26ᶜᵐ.

398 3944 52 51 ©
484 3948 115 47 July
630 3947 68 48 19,
733 3947 111 41 1932;
906 3947 65 41 2c.
1007 3948 117 47 Aug.
1160 3948 25 39 5;
1248 3946 80 40 aff.
1363 3948 119 47 Aug.
1514 3949 26 37 2;
1603 3949 42 38 A
1677 3949 142 40 53515;
1883 3949 133 39 West
2049 3947 108 48 pub.
2193 3958 67 29 co.
