2563 4368
1095 4076 133 50 1601

164 458 133 62 Lee,
328 457 334 55 Lawrence.

232 533 56 52 A
318 531 170 54 hawk
517 530 152 54 from
703 531 227 54 Cuckoo
962 535 217 63 tavern,
1210 529 76 69 by
1317 530 302 52 Lawrence
1651 529 127 53 Lee.
166 528 1967 135 Gaylordsville

350 609 196 67 [Conn.]
581 609 120 52 The
733 607 159 55 Slide
918 607 297 53 mountain
1245 625 175 50 press,
1450 609 150 51 1930.

233 678 1299 52 3 p. l., 8 p., 1 l. incl. col. front., col. illus. 24½ᶜᵐ.
234 739 142 38 “Two
406 739 221 37 hundred
657 737 95 39 and
784 738 184 43 twenty
997 736 172 47 copies,
1201 737 183 44 twenty
1416 735 53 40 of
1497 735 160 40 which
1688 745 84 30 are
1801 737 79 38 for
167 740 1973 102 presentation,

308 793 192 48 printed
527 793 61 46 by
617 793 165 39 James
809 793 96 39 and
933 792 149 40 Hilda
1109 791 163 44 Wells,
1301 793 49 38 in
1378 792 140 47 June,
1547 789 127 43 1930.
1732 791 337 42 Illustrations
2096 792 62 48 by

165 850 214 48 Douglas
408 849 170 41 Smith.
634 849 134 40 Each
794 858 118 38 copy
942 848 167 48 signed
1134 847 61 47 by
1223 847 82 41 the
1334 848 191 40 author.
1584 847 120 42 This
1730 847 42 41 is
1799 848 203 41 number
2029 848 128 41 163.”

231 908 43 37 A
305 916 136 38 poem
476 905 244 48 depicting
753 906 82 39 the
869 905 103 40 ride
1008 905 51 39 of
1094 903 209 49 Captain
1337 903 124 41 Jack
1494 903 183 50 Jouett,
1711 904 177 48 junior,
1927 904 54 41 of
167 904 1976 104 Charlottesville,

469 965 49 37 to
549 972 114 30 save
691 962 211 39 Thomas
932 961 242 41 Jefferson
1204 962 94 39 and
1330 962 83 39 the
1442 960 222 49 Virginia
1696 961 294 48 legislature.

171 1018 50 52 ©
293 1031 91 30 June
417 1021 69 46 30,
523 1020 138 47 1930;
699 1019 67 42 2c.
802 1021 95 38 and
1006 1051 7 7 aff.
1052 1019 101 41 Oct.
1222 1051 7 16 6,
1266 1018 140 49 1932;
1444 1020 41 39 A
1521 1020 170 48 55473;
1730 1021 49 38 L.
1818 1021 106 47 Lee,
238 1020 1907 106 University,

380 1078 83 39 Va.
536 1076 277 49 (32-30494)

166 1182 196 64 Lorin,
398 1180 236 56 Marcel.

294 1246 1867 78 … Frère d’amour, roman. [Paris] Éditions de la Nouvelle
164 1353 167 36 revue
363 1335 238 68 critique
639 1337 171 64 [1932]

235 1407 739 51 3 p. l., [9]-251 p., 2 l. 19 ᶜᵐ .
171 1463 1992 52 © Mar. 20, 1932; 1c. May 2; A— Foreign 16775; M. Lorin, Saint-Mandé
250 1522 188 50 (Seine)
479 1522 197 39 France.
747 1520 278 49 (32-31325)

166 1625 207 63 Lucas,
403 1624 254 53 Edward
741 1624 193 65 Verrall,
965 1629 171 50 1868-

230 1701 282 68 Reading,
555 1702 234 67 writing
831 1703 112 52 and
986 1702 441 69 remembering;
1471 1721 31 35 a
1543 1703 241 68 literary
1825 1703 216 67 record,
2083 1703 75 68 by

163 1779 1996 69 E. V. Lucas … New York and London, Harper & brothers,
162 1860 150 50 1932.

236 1928 1449 52 xvi p., 1 l., 341 p. front., illus., plates, ports. 25 ᶜᵐ .
235 1986 163 41 “First
426 1986 226 42 edition.”

172 2039 50 52 ©
252 2044 103 41 Oct.
381 2045 39 45 G,
449 2043 113 41 1932;
619 2044 65 39 2c.
717 2043 100 41 Oct.
847 2044 25 39 6;
930 2043 81 40 aff.
1042 2043 101 41 Oct.
1173 2045 25 40 8;
1256 2045 41 38 A
1326 2045 142 40 55508;
1527 2046 194 47 Harper
1749 2047 37 40 &
1813 2047 126 40 bros.

248 2100 278 49 (32-30225)

165 2204 304 63 Marshall,
502 2203 197 64 Emily
731 2204 67 54 G.

236 2279 54 51 A
329 2297 125 50 way
491 2284 58 47 to
588 2278 482 69 self-expression,
1107 2280 76 69 by
1223 2280 195 70 Emily
1458 2281 68 54 G.
1568 2282 282 53 Marshall
1892 2283 59 52 in
167 2284 1968 125 collaboration

466 2356 140 53 with
643 2357 228 53 Harold
909 2357 73 53 D.
1025 2356 198 69 Spear.
1297 2359 111 52 Los
1449 2359 266 68 Angeles,
1758 2358 195 71 Calif.,
1993 2361 168 53 Press

167 2432 1125 70 of the House of Ralston, inc [ ᶜ19 32 ]
235 2506 582 49 2 p. l., 7-159 p. 14 ᶜᵐ .
173 2560 50 52 ©
252 2566 119 38 Mar.
400 2565 68 47 14,
497 2564 112 42 1932;
664 2563 68 42 2c.
761 2566 120 39 Mar.
909 2565 56 41 23;
1022 2565 83 41 aff.
1131 2566 112 48 Apr.
1273 2567 24 38 1;
1355 2567 41 39 A
1423 2567 142 41 50461;
1625 2569 53 40 E.
1707 2568 53 41 G.
1789 2569 253 49 Marshall,
2071 2571 93 40 Los

239 2621 218 48 Angeles.
528 2620 279 50 (32-30286)

168 2708 190 66 Marx,
388 2709 218 66 Erwin,
638 2715 171 50 1893-

242 2784 771 69 Lichtbogen-stromrichter
1044 2789 99 52 für
1172 2790 128 52 sehr
1330 2790 146 54 hohe
1534 2810 345 49 spannungen
1910 2793 119 52 und
173 2793 1959 136 leistungen,

458 2863 1700 73 von dr.-ing. Erwin Marx … Mit 103 abbildungen im
162 2944 137 48 text.
363 2939 217 68 Berlin,
611 2942 56 53 J.
700 2941 297 68 Springer,
1029 2945 152 51 1932.

245 3011 63 48 vi,
335 3011 99 49 167,
465 3012 55 50 [1]
548 3023 44 38 p.
649 3012 141 49 illus.,
819 3013 180 49 diagrs.
1054 3014 145 42 24½ᶜᵐ.

248 3067 605 43 “Literaturverzeichnis”:
914 3080 43 38 p.
991 3071 246 50 [162]-167.

174 3122 1822 59 © July 21, 1932; 1c. Oct. 4; A —Foreign 18225; Julius Springer.
252 3182 278 49 (32-31292)

170 3272 328 64 Maryland.
575 3274 179 52 Court
787 3275 63 67 of
880 3278 249 65 appeals.

172 3350 1961 146 Reports of cases argued and adjudged … Herbert T. Tiffany,
366 3434 144 47 state
545 3434 271 63 reporter,
890 3448 48 34 v.
979 3434 114 49 161.
1166 3433 352 71 Containing
1553 3455 149 34 cases
1737 3437 63 52 of
1834 3437 173 69 April
2046 3438 113 52 and

172 3505 1785 77 October terms, 1931 … Baltimore, King brothers, 1932.
241 3580 510 49 xxvii, 784 p. 23 ᶜᵐ .
176 3630 50 52 ©
255 3637 127 40 June
407 3637 67 48 16,
503 3637 139 47 1932;
672 3639 66 39 2c.
767 3640 96 38 and
962 3671 8 8 aff.
999 3641 119 41 Nov.
1144 3642 55 40 23;
1257 3643 40 38 A
1325 3644 142 39 57201;
1526 3645 213 40 Herbert
1764 3646 52 38 T.
1846 3644 209 50 Tiffany,
2084 3647 78 39 for

244 3692 80 40 the
354 3696 127 36 state
510 3695 50 37 of
589 3695 273 47 Maryland,
892 3695 281 42 Baltimore.

170 3780 317 66 Masefield,
531 3783 172 53 John.

237 3855 53 52 A
325 3858 114 52 tale
472 3858 64 52 of
569 3859 173 67 Troy,
777 3860 75 67 by
884 3861 156 53 John
1074 3862 310 55 Masefield.
1454 3867 139 52 New
1631 3868 179 65 York,
1846 3868 122 53 The
2003 3868 63 52 Macmillan

397 3953 296 49 company,
725 3940 151 50 1932.

240 4004 530 52 6 p. l., 46 p. 22½ᶜᵐ.
