2563 4368
1386 4008 98 51 158

497 473 632 52 3 p. l., 121, [1] p. 21 ᶜᵐ .
497 532 182 42 Poems.

435 588 51 52 ©
518 591 107 39 Feb.
655 591 41 45 6,
725 589 139 46 1932;
895 589 66 42 2c.
993 589 94 39 and
1115 586 82 40 aff.
1229 586 108 40 Feb.
1369 585 53 45 8;
1453 584 39 39 A
1521 583 171 46 47510;
1729 583 42 40 S.
1805 584 49 38 L.
1888 583 287 41 Sanderson.
512 645 250 50 (32-4089)

430 752 235 63 Sarton,
699 749 246 64 George.

502 825 404 54 Introduction
943 831 59 46 to
1040 825 96 52 the
1174 822 224 67 history
1437 821 62 54 of
1537 820 229 53 science,
1842 838 50 36 v.
1932 822 49 50 2.
2020 821 176 52 From
2235 818 186 55 Rabbi

434 899 1988 72 Ben Ezra to Roger Bacon, by George Sarton … In two parts.
434 984 333 65 Baltimore,
805 981 315 53 Published
1161 979 94 53 for
1294 979 96 53 the
1432 977 279 70 Carnegie
1748 978 330 53 institution
2119 977 63 54 of
432 978 1967 152 Washington

663 1062 74 66 by
765 1060 96 53 the
885 1058 289 57 Williams
1202 1062 45 49 &
1272 1056 252 59 Wilkins
1552 1076 280 49 company
1866 1090 12 34 [
1908 1059 131 49 ᶜ1931
2045 1090 12 33 ]

499 1134 304 40 2 v . 25½ᶜᵐ.
437 1187 51 52 ©
511 1192 118 39 Nov.
653 1190 68 49 30,
746 1189 112 41 1931;
911 1188 68 41 2c.
1002 1188 120 40 each
1146 1188 95 38 and
1265 1186 82 40 aff.
1373 1186 109 41 Jan.
1507 1185 70 48 26,
1602 1185 114 42 1932;
1769 1187 42 39 A
1833 1187 143 40 48131;
2034 1186 233 49 Carnegie
504 1186 1905 102 institution

698 1247 52 40 of
783 1245 334 48 Washington,
1153 1243 334 48 Washington.

426 1351 317 65 Saunders,
772 1350 255 55 William
1057 1348 67 56 O.

504 1428 56 53 A
590 1432 234 63 concept
855 1425 64 54 of
950 1425 107 53 life
1087 1424 113 53 and
1231 1424 162 53 other
1426 1422 266 55 editorial
1725 1423 285 54 cocktails.
2080 1422 56 54 A
2168 1442 113 35 rev.
2317 1425 112 52 and

436 1508 105 52 enl.
573 1507 83 53 ed.
722 1506 91 68 By
840 1504 90 54 W.
964 1503 66 56 O.
1065 1503 287 55 Saunders
1383 1502 249 54 himself.
1707 1502 321 67 [Elizabeth
2060 1501 153 70 City,
2245 1503 69 52 N.
2349 1502 82 66 C.,

435 1586 186 52 Print,
651 1585 75 68 by
756 1585 96 52 the
883 1583 414 68 Independent,
1353 1585 151 64 ᶜ1932]

506 1660 56 41 72
590 1671 58 37 p.,
676 1659 24 39 1
750 1688 8 10 l.
788 1658 109 40 incl.
927 1660 123 46 port.
1109 1657 147 40 24½ᶜᵐ.

509 1715 255 41 “Author's
797 1714 183 41 edition
1014 1713 184 41 limited
1234 1716 48 38 to
1315 1715 95 39 two
1444 1713 221 40 hundred
1699 1713 261 40 numbered
1995 1712 158 49 copies
2187 1713 52 40 of
2274 1712 154 41 which

437 1773 99 41 this
563 1774 41 39 is
634 1782 72 30 no.
735 1770 100 43 48.”

440 1827 51 52 ©
525 1831 107 38 Jan.
664 1829 69 47 30,
765 1827 141 46 1932;
939 1828 67 39 2c.
1039 1827 95 40 and
1165 1826 82 41 aff.
1281 1826 110 42 Feb.
1424 1826 52 47 5;
1511 1827 41 39 A
1582 1826 171 47 47450;
1789 1826 69 41 W.
1894 1825 51 41 O.
1983 1826 257 47 Saunders,
506 1827 1902 100 Elizabeth

647 1886 123 47 City,
797 1885 55 38 N.
881 1884 34 40 C.
1001 1883 250 48 (32-4032)

436 1986 265 66 Scherer,
736 1986 419 54 Melanchthon
1191 1985 222 55 Gideon
1449 1985 359 66 Groseclose,
1844 1991 172 49 1861-

510 2062 1855 70 Christian liberty and church unity, by M. G. G. Scherer …
437 2142 347 67 New-York,
817 2142 251 67 Chicago
1106 2148 137 60 [etc.]
1278 2141 267 69 Fleming
1574 2144 76 51 H.
1683 2143 197 52 Revell
1912 2161 279 49 company
2227 2146 193 63 [ᶜ1932]

505 2216 85 39 204
623 2226 42 37 p.
726 2215 143 39 19½ᶜᵐ.

442 2267 51 52 ©
520 2272 108 39 Jan.
655 2271 69 47 30,
751 2270 115 41 1932;
919 2270 65 40 2c.
1011 2271 96 39 and
1133 2270 82 42 aff.
1243 2270 109 42 Feb.
1379 2272 25 39 3;
1461 2270 41 39 A
1528 2271 170 47 47358;
1728 2270 219 49 Fleming
2026 2301 8 9 H.
2062 2271 166 40 Revell
2255 2283 67 29 co.

519 2328 250 47 (32-4015)

429 2429 215 65 Sibley,
675 2429 197 54 Julian
901 2429 216 56 Scales.

505 2504 1921 71 The climax of revelation, by Julian Scales Sibley … New
438 2582 179 67 York,
652 2581 251 69 Chicago
944 2586 137 63 [etc.]
1123 2582 268 69 Fleming
1423 2582 78 53 H.
1537 2583 198 52 Revell
1772 2601 280 50 company
2091 2585 192 65 [ᶜ1932]

504 2654 85 40 175
619 2665 44 37 p.
723 2653 145 41 19½ᶜᵐ.

443 2708 51 52 ©
522 2713 109 40 Jan.
659 2711 68 48 30,
755 2711 113 41 1932;
925 2711 66 41 2c.
1022 2713 94 38 and
1144 2712 80 39 aff.
1255 2712 111 42 Feb.
1394 2714 25 39 3;
1479 2713 40 38 A
1545 2713 148 40 47360;
1749 2713 220 49 Fleming
1995 2714 59 39 H.
2086 2714 164 40 Revell
2281 2724 67 31 co.

520 2767 249 49 (32-4094)

432 2869 213 66 Smith,
676 2873 139 52 Mrs.
848 2871 260 53 Frances
1135 2871 215 54 Norris
1387 2873 229 65 (Rand)

508 2947 122 52 The
675 2946 241 55 Mission
964 2947 64 53 of
1080 2948 116 55 San
1242 2949 256 53 Antonio
1547 2953 68 51 de
1662 2950 200 54 Padua
1910 2949 398 69 <California>
2352 2950 77 67 by

438 3025 247 52 Frances
721 3025 168 52 Rand
926 3024 205 56 Smith.
1210 3024 281 56 Stanford
1525 3026 354 69 University,
1917 3027 193 68 Calif.,
2147 3027 281 56 Stanford

442 3100 312 69 university
779 3119 156 49 press;
991 3103 258 67 London,
1272 3105 75 51 H.
1367 3103 264 67 Milford,
1658 3103 230 56 Oxford
1912 3104 318 69 university
2256 3123 172 49 press,

441 3184 148 49 1932.

510 3249 1717 52 ix, 108 p. front., illus., maps (1 fold.) plans (1 fold.) 26 ½ᶜᵐ .
510 3306 331 47 Frontispiece
869 3308 340 47 accompanied
1235 3309 61 47 by
1322 3311 155 45 guard
1505 3310 136 40 sheet
1668 3309 120 41 with
1814 3308 290 48 descriptive
2132 3311 295 47 letterpress.

511 3361 1917 52 “My … studies … concern primarily the architecture and the notable
440 3418 1188 50 irrigation system of the … mission.”—Pref.
511 3475 348 49 Bibliography:
914 3487 43 38 p.
984 3476 216 42 101-102.

447 3530 51 52 ©
529 3535 107 39 Jan.
666 3535 69 40 23,
766 3534 139 45 1932;
937 3534 65 39 2c.
1033 3533 109 40 Feb.
1172 3534 53 46 2;
1258 3534 80 42 aff.
1371 3535 109 40 Feb.
1511 3535 52 46 5;
1596 3536 42 38 A
1664 3536 169 45 47473;
1867 3536 159 39 Board
2060 3535 53 39 of
2141 3537 208 39 trustees
2381 3537 50 39 of

516 3590 80 40 the
623 3589 181 41 Leland
836 3590 232 40 Stanford
1098 3589 164 48 junior
1293 3591 284 47 university,
1612 3592 231 40 Stanford
1877 3591 292 48 University,
2204 3591 143 41 Calif.

525 3645 248 49 (32-4103)

436 3733 341 65 Stensbeck,
808 3733 182 55 Oscar
1017 3735 79 54 M.

507 3805 229 70 Reiten;
772 3807 122 55 eine
923 3807 311 69 anleitung,
1264 3829 55 34 es
1351 3828 66 33 zu
1448 3813 193 51 lernen
1670 3810 119 52 und
1819 3810 168 54 selbst
2018 3810 91 53 ein
2139 3809 172 69 pferd
2340 3808 86 53 bis

440 3900 99 35 zur
623 3882 308 71 vollendung
976 3884 382 67 auszubilden,
1406 3904 108 34 von
1564 3886 178 53 Oscar
1787 3887 78 52 M.
1917 3886 317 54 Stensbeck.
2316 3884 113 54 Mit
