2563 4368
1396 4085 99 50 686

430 489 209 64 Grove,
669 486 244 55 Harriet
939 486 182 64 Pyne.

498 560 1854 69 The adventurous Allens afloat, by Harriet Pyne Grove …
429 640 1582 68 New York, Chicago, A. L. Burt company [ ᶜ193 2]
499 715 86 40 248
616 727 42 36 p.
718 713 150 41 front.
928 713 144 39 19½ᶜᵐ.
1136 714 117 46 [Her
1282 713 101 38 The
1415 713 330 37 adventurous
1772 711 169 40 Allens
1972 710 165 49 series]

436 769 51 51 ©
516 774 113 46 May
656 771 39 48 9,
723 770 113 41 1932;
893 770 65 41 2c.
986 774 95 38 and
1110 770 81 41 aff.
1221 770 113 47 May
1362 768 57 40 10;
1474 770 40 38 A
1540 767 145 42 49886;
1742 769 54 38 A.
1826 771 50 38 L.
1906 769 125 39 Burt
2057 776 69 34 co.

513 827 279 50 (32-12017)

501 931 122 53 The
673 931 383 52 adventurous
1108 930 200 52 Allens
1359 929 117 51 find
1527 933 269 63 mystery,
1844 929 75 67 by
1970 928 239 52 Harriet
2259 930 160 66 Pyne

431 1007 1921 67 Grove … New York, Chicago, A. L. Burt company [ᶜ193 2]
502 1081 85 40 255
619 1093 42 37 p.
722 1082 147 39 front.
931 1079 144 41 19½ᶜᵐ.
1140 1081 117 47 [Her
1288 1080 100 39 The
1418 1080 330 39 adventurous
1778 1078 166 40 Allens
1974 1078 165 50 series]

439 1137 51 51 ©
521 1142 111 46 May
663 1140 39 46 9,
732 1138 139 48 1932;
903 1138 66 41 2c.
1001 1140 94 38 and
1125 1137 79 40 aff.
1237 1139 113 47 May
1380 1137 81 47 10;
1492 1139 38 37 A
1561 1135 143 42 49887;
1764 1137 54 41 A.
1849 1137 51 42 L.
1931 1138 122 38 Burt
2085 1146 67 31 co.

515 1196 280 49 (32-12018)

503 1299 121 52 The
655 1299 383 51 adventurous
1071 1298 200 52 Allens
1304 1297 323 67 marooned,
1659 1296 76 68 by
1768 1296 240 54 Harriet
2040 1298 160 66 Pyne
2235 1295 190 56 Grove

495 1375 1657 68 … New York, Chicago, A. L. Burt company [ ᶜ193 2 ]
505 1449 83 39 251
620 1460 41 37 p.
721 1447 149 41 front.
931 1447 145 42 19½ᶜᵐ.
1140 1448 116 49 [Her
1287 1448 101 39 The
1421 1447 330 40 adventurous
1782 1446 166 41 Allens
1980 1446 165 50 series]

441 1503 51 51 ©
524 1508 111 46 May
665 1506 38 48 9,
732 1506 113 40 1932;
903 1506 67 42 2c.
1000 1507 94 39 and
1125 1505 82 41 aff.
1238 1506 112 50 May
1381 1505 54 40 10;
1494 1505 39 39 A
1562 1504 145 42 49885;
1766 1506 53 40 A.
1852 1505 49 41 L.
1933 1506 125 39 Burt
2087 1515 66 30 co.

519 1563 279 49 (32-12016)

438 1666 273 53 Harvard
744 1665 254 54 business
1029 1670 239 63 reports,
1300 1664 284 69 compiled
1614 1665 75 69 by
1722 1665 111 52 and
1868 1663 303 70 published
2202 1664 95 53 for
2330 1663 97 54 the

507 1742 295 55 Graduate
822 1745 192 53 school
1038 1744 62 52 of
1122 1744 254 52 business
1399 1742 483 69 administration,
1904 1744 221 69 George
2149 1745 65 52 F.
2239 1742 191 55 Baker

510 1821 1915 70 foundation, Harvard university. v. 11 … New York and
510 1901 256 66 London,
792 1900 429 55 McGraw-Hill
1247 1901 146 53 book
1418 1919 297 52 company,
1741 1900 126 68 inc.,
1896 1903 148 52 1932.

511 1975 64 47 ix,
603 1975 87 40 352
717 1985 44 37 p.
821 1975 127 39 illus.
1008 1974 146 44 23½ᶜᵐ.

445 2028 51 51 ©
528 2032 111 47 May
670 2032 69 46 25,
770 2030 138 48 1932;
941 2031 67 42 2c.
1040 2033 111 46 May
1183 2031 82 48 27;
1299 2031 80 41 aff.
1413 2032 127 40 June
1568 2031 53 48 2;
1654 2033 38 38 A
1724 2031 143 41 51585;
1931 2031 347 42 McGraw-Hill
2310 2033 122 39 book

512 2099 80 38 co.,
621 2089 89 39 inc.

441 2189 348 66 Heartman,
819 2191 244 54 Charles
1093 2190 334 67 Frederick,
1456 2194 172 50 1883-
1838 2210 180 50 comp.

506 2269 52 50 A
601 2286 194 35 census
837 2269 63 52 of
942 2267 123 54 first
1107 2268 245 54 editions
1394 2270 112 52 and
1549 2288 194 35 source
1784 2270 289 52 materials
2116 2271 73 67 by
2229 2270 201 67 Edgar

443 2344 1986 74 Allan Poe in American collections. l. A bibliographical
444 2424 295 54 check-list
770 2425 63 51 of
862 2423 123 54 first
1015 2425 245 55 editions
1289 2426 64 52 of
1384 2426 197 69 Edgar
1612 2427 177 53 Allan
1818 2431 132 51 Poe.
2026 2426 299 71 Compiled
2355 2428 75 69 by

446 2502 1986 73 Charles F. Heartman and Kenneth Rede … Metuchen, N. J.,
449 2584 147 51 1932.

516 2655 307 48 67 p. 21 ᶜᵐ .
514 2709 143 42 “Two
681 2712 220 39 hundred
926 2713 95 39 and
1046 2711 133 50 forty
1205 2713 158 48 copies
1388 2714 192 48 printed
1605 2714 79 41 for
1707 2716 82 39 the
1814 2716 158 40 editor
1997 2715 52 41 of
2072 2717 82 40 the
2178 2716 257 41 American

444 2766 120 40 book
593 2767 268 41 collector.”
918 2769 118 40 This
1064 2779 118 39 copy
1210 2773 84 37 not
1322 2771 275 41 numbered.

513 2823 251 42 Half-title:
828 2825 93 41 Poe
952 2836 185 31 census.
1163 2832 10 22 '

515 2882 74 38 An
629 2881 227 49 enlarged
895 2884 95 38 and
1031 2884 246 39 corrected
1314 2883 184 41 edition
1538 2883 52 41 of
1627 2886 80 39 the
1748 2885 83 40 list
1870 2886 156 40 which
2064 2886 42 41 is
2145 2887 141 49 being
447 2888 1970 89 published

626 2938 199 47 serially
853 2939 50 38 in
929 2940 82 39 the
1040 2939 256 40 American
1324 2940 121 40 book
1472 2941 226 40 collector.
1770 2941 62 48 cf.
1859 2943 91 41 vol.
1976 2952 32 38 I,
2035 2954 43 38 p.
2122 2945 42 48 [5]

453 2991 51 51 ©
544 2996 112 47 May
694 2995 39 47 2,
774 2995 138 47 1932;
955 2996 66 41 2c.
1062 2997 111 47 May
1212 2998 53 45 3;
1307 2996 80 40 aff.
1431 2999 111 46 May
1582 2997 26 40 9;
1677 3001 38 36 A
1757 2999 168 47 51194;
1969 3000 48 41 C.
2060 3000 49 42 F.
2151 3001 284 46 Heartman,

521 3052 268 48 Metuchen,
818 3053 53 39 N.
901 3052 43 40 J.
1015 3052 278 48 (32-12074)

450 3151 364 68 Henderson,
839 3155 202 54 James
1066 3156 158 66 Max,
1255 3161 171 50 1895-

576 3230 1703 72 … Questions and answers with problems and illustrative
447 3242 1966 117 matter
572 3327 72 33 on
683 3309 95 52 the
819 3310 108 51 law
968 3310 64 51 of
1073 3316 161 61 torts,
1273 3312 170 53 based
1483 3332 73 33 on
1597 3314 76 52 all
1714 3315 96 51 the
1849 3316 274 52 standard
2164 3321 119 48 text
2325 3317 110 52 and

447 3385 1990 76 case books, by James M. Henderson … Chicago, Callaghan
448 3463 112 52 and
588 3480 296 51 company,
913 3467 148 50 1932.

520 3535 98 48 viii,
650 3537 84 39 146
764 3548 41 36 p.
864 3537 144 40 20½ᶜᵐ.
1079 3537 333 49 (Callaghan’s
1442 3540 191 47 quizzer
1662 3541 176 48 series)

457 3588 51 51 ©
544 3594 112 46 May
688 3594 39 47 5,
762 3592 139 49 1932;
938 3593 66 41 2c.
1038 3596 95 38 and
1169 3595 80 41 aff.
1285 3597 111 47 May
1430 3596 26 39 9;
1520 3598 40 38 A
1594 3597 169 48 51196;
1800 3598 266 49 Callaghan
2101 3600 36 41 &
2171 3610 66 33 co.

533 3649 277 48 (32-12172)

454 3737 350 66 Hershfield,
832 3740 217 63 Harry.

584 3813 1853 77 … [Harry Hershfield] ’s Jewish jokes, a collection of Harry
454 3888 369 55 Hershfield’s
853 3891 221 53 classics
1102 3892 111 52 and
1241 3893 156 59 those
1424 3895 63 52 of
1514 3895 89 54 his
1632 3896 220 54 friends
1883 3898 110 52 and
2024 3898 410 54 collaborators.

455 3963 1259 78 New York, Simon and Schuster [ᶜ193 2]
