2563 4368
1093 4178 130 48 1795

160 633 1988 71 notes and appendices … New York, Print, by order of the
159 720 235 45 trustees
447 714 120 50 [The
596 713 283 66 Hispanic
907 714 211 65 society
1148 712 64 51 of
1241 712 283 65 America]
1562 714 150 48 1932.

224 786 26 39 2
278 796 42 31 v.
376 785 146 42 24½ᶜᵐ.

230 839 1900 48 “This edition consists of one hundred numbered copies.” Part I
155 897 683 49 no. 100, part II no. 99.
162 950 51 52 ©
241 956 117 38 Nov.
386 953 55 40 22,
542 954 54 40 1932;
654 954 65 40 2c.
751 955 94 38 and
948 985 8 7 aff.
1031 963 72 30 Nov.
1132 952 56 40 26;
1245 953 42 38 A
1316 953 145 40 57245;
1517 951 239 48 Hispanic
1784 963 92 29 soc.
1907 952 52 39 of
227 953 1903 98 America.

387 1012 277 42 (32-34251)

160 1113 160 65 Clay,
350 1114 218 63 Joseph
599 1112 311 54 Valentine
941 1112 262 66 Francis,
1234 1117 170 50 1883-

226 1189 1860 69 Diseases of the nose and throat, by Joseph V. F. Clay …
157 1268 423 67 Philadelphia,
608 1268 273 52 Boericke
906 1271 44 49 &
976 1268 186 57 Tafel,
1191 1270 151 50 1932.

228 1342 86 39 202
341 1352 43 37 p.
444 1342 128 40 illus.
632 1341 115 40 20ᶜᵐ.

163 1394 51 51 ©
247 1399 126 47 Sept.
400 1397 70 48 29,
499 1398 112 40 1932;
668 1398 67 40 2c.
810 1409 71 29 Nov.
910 1400 55 38 17;
1098 1430 8 8 aff.
1135 1399 117 38 Nov.
1283 1398 52 37 23;
1397 1399 38 37 A
1465 1396 142 41 57196;
1667 1397 233 40 Boericke
1931 1398 35 38 &
1995 1398 155 39 Tafel.

240 1454 276 48 (32-34224)

162 1559 498 53 Commonwealth
689 1559 167 52 fund.
931 1559 267 52 Division
1226 1558 63 68 of
1314 1559 159 51 rural
1499 1558 294 68 hospitals.

229 1636 270 52 Resident
530 1634 344 69 physician’s
903 1634 321 69 handbook,
1254 1637 281 66 prepared
1564 1634 74 68 by
1668 1635 95 52 the
1792 1633 264 54 Division
2088 1635 64 52 of

159 1714 156 51 rural
361 1709 295 70 hospitals,
703 1713 95 52 the
848 1712 483 54 Commonwealth
1380 1712 164 52 fund.
1619 1712 138 52 New
1806 1711 178 68 York,
2030 1713 120 53 The

161 1790 481 54 Commonwealth
674 1790 164 66 fund,
871 1792 149 50 1932.

297 1894 9 16 xv,
333 1863 85 40 195
445 1874 41 37 p.
547 1862 145 40 19½ᶜᵐ.

165 1916 51 51 ©
348 1952 8 7 Nov.
381 1920 27 36 9,
504 1920 82 45 1932;
613 1920 66 39 2c.
812 1951 7 6 Nov.
847 1920 82 46 16;
957 1919 81 40 aff.
1063 1920 119 39 Nov.
1207 1921 55 38 15;
1315 1921 40 38 A
1381 1921 142 39 55957;
1580 1921 409 39 Commonwealth
2014 1921 138 40 fund.

241 1976 277 48 (32-34222)

162 2075 369 67 Courtright,
559 2077 255 55 William
843 2077 228 67 Hiram,
1102 2078 172 54 1879-
1484 2080 83 52 ed.

232 2156 384 68 Courtright’s
664 2157 139 54 New
851 2157 223 53 Mexico
1123 2156 204 69 digest,
1376 2157 318 68 digesting:
1742 2158 138 52 New
1928 2157 223 53 Mexico

162 2240 240 61 reports,
427 2234 251 54 volumes
708 2238 29 48 1
767 2239 58 49 to
856 2238 94 63 35;
982 2236 113 52 and
1126 2235 139 52 New
1289 2234 227 54 Mexico
1546 2235 277 53 decisions
1852 2235 60 52 in
1942 2235 211 53 Pacific

161 2318 275 61 reporter,
461 2313 251 52 volumes
742 2316 28 48 1
798 2318 58 47 to
883 2315 119 65 300,
1030 2313 112 52 and
1171 2312 90 67 2d,
1288 2312 251 54 volumes
1568 2316 28 48 1
1623 2318 60 47 to
1711 2317 47 48 4.
1833 2313 154 67 2,762
2015 2313 139 53 New

161 2390 222 54 Mexico
429 2390 276 54 decisions
752 2390 349 68 thoroughly
1148 2390 273 68 digested.
1513 2390 338 69 Personally
1897 2390 255 70 digested

163 2467 1991 69 and edited by William H. Courtright … Denver, Col., The
161 2546 90 53 W.
279 2546 77 53 H.
388 2546 342 68 Courtright
755 2545 336 69 publishing
1116 2563 99 50 co.,
1243 2548 150 50 1932.

229 2619 714 50 2 p. l., [9]-2047 col. 27 ᶜᵐ .
167 2671 1986 52 © Aug. 6, 1932; 2c. and aff. Dec. 1; A 58170; W . H. Courtright. Denver.
245 2731 277 48 (32-33966)

167 2832 323 68 Crawford,
521 2834 167 54 Finla
717 2835 150 65 Goff,
899 2840 172 51 1894-

232 2911 121 53 The
383 2911 460 54 administration
872 2913 64 52 of
964 2913 95 53 the
1087 2913 252 68 gasoline
1366 2920 99 45 tax
1493 2913 60 52 in
1578 2913 96 53 the
1700 2911 218 55 United
1949 2912 206 68 States,

163 2986 1991 73 by F. G. Crawford … (3d ed.) … New York city, Municipal
163 3066 462 53 administration
655 3066 226 67 service,
914 3070 150 50 1932.

233 3138 1917 52 4 p. l., 66 p. 25½ᶜᵐ. ([Municipal administration service, New York]
165 3195 305 41 Publication
496 3205 76 32 no.
597 3195 81 48 30)

169 3249 51 51 ©
254 3253 117 39 Nov.
406 3254 37 44 7,
477 3251 113 41 1932;
651 3252 69 41 2c.
752 3255 96 38 and
883 3253 81 41 aff.
997 3254 118 39 Nov.
1149 3255 54 38 17;
1266 3254 41 38 A
1341 3253 143 41 55989;
1547 3254 266 48 Municipal
237 3254 1899 95 administration

368 3309 195 39 service.
634 3309 277 49 (32-33825)

166 3409 84 52 De
279 3410 228 64 Forest,
536 3411 179 53 Louis
742 3411 351 66 Effingham,
1125 3415 170 50 1891-
1506 3413 84 53 ed.

168 3485 1963 145 Louisbourg journals, 1745, edited by Louis Effingham de Forest … compiled
701 3564 91 52 for
828 3564 113 55 and
975 3564 301 68 published
1313 3565 74 69 by
1421 3566 96 52 the
1554 3565 225 68 Society
1816 3566 62 51 of
1915 3565 240 54 colonial

168 3657 147 35 wars
341 3638 60 53 in
429 3640 95 52 the
554 3645 140 48 state
726 3641 63 51 of
819 3641 137 53 New
988 3641 176 68 York,
1195 3642 248 67 through
1472 3640 73 54 its
1576 3642 333 54 Committee
1941 3661 69 33 on
166 3641 1966 128 historical
398 3715 339 53 documents.
804 3716 136 53 New
976 3716 177 68 York,
1188 3720 148 49 1932.

236 3783 1914 57 xvii p., 1 l., 253 p. front., plates, maps. 23½ᶜᵐ. [Society of colonial
167 3851 129 30 wars
321 3840 52 41 in
397 3841 83 41 the
505 3844 129 39 state
661 3844 51 39 of
738 3844 117 39 New
882 3844 145 41 York.
1082 3844 306 42 Publication
1413 3857 76 29 no.
1514 3846 72 49 44]

167 3897 1969 98 Bibliography: p. 231-238; “The Society of colonial wars … publications
325 3953 211 49 relating
564 3956 48 38 to
644 3955 327 47 Louisbourg”:
1033 3967 43 37 p.
1106 3955 98 41 229.

173 4007 52 54 ©
255 4013 119 41 Nov.
402 4014 40 47 4,
472 4012 115 42 1932;
645 4014 65 40 2c.
743 4016 95 38 and
869 4014 79 40 aff.
981 4016 110 38 Dec.
1124 4016 25 37 5;
1211 4018 35 35 A
1282 4017 144 39 57315;
1488 4016 190 48 Society
1709 4017 54 40 of
1792 4016 206 42 colonial
2029 4024 128 31 wars

239 4068 51 41 in
321 4071 82 40 the
435 4071 129 39 state
596 4071 51 40 of
679 4071 117 39 New
827 4072 144 45 York,
1005 4073 117 37 New
1199 4083 100 27 York.
1369 4071 278 49 (32-34115)
