2563 4368
1118 4130 132 51 1883

272 598 1903 53 xiii p., 2 l., 3-601, [1] p. illus. (incl. maps) diagrs. 17ᶜᵐ. (Half-title:
202 657 100 43 The
327 659 197 40 modern
550 657 185 47 library
760 658 53 39 of
835 658 83 40 the
944 655 193 41 world’s
1162 655 106 41 best
1294 655 173 49 books)

271 714 162 40 “First
461 713 202 40 Modern
692 713 184 46 library
904 712 184 41 edition
1119 711 157 40 1932.”

269 770 101 41 The
399 769 295 41 translation
724 768 52 41 of
805 769 82 40 the
919 768 198 40 Inferno
1146 767 43 40 is
1216 767 62 48 by
1309 767 43 41 J.
1383 767 55 40 A.
1470 765 207 50 Carlyle,
1708 766 54 41 of
1791 768 82 39 the
1903 766 290 49 Purgatorio

200 827 59 46 by
292 826 210 40 Thomas
536 824 135 49 Okey
701 827 95 38 and
829 824 53 41 of
911 826 82 39 the
1026 824 236 40 Paradiso
1296 823 61 47 by
1389 822 52 42 P.
1474 822 62 41 H.
1569 821 291 43 Wicksteed.
1922 824 102 40 The
2056 825 139 40 notes

212 882 183 50 (edited
428 883 80 39 for
543 882 100 40 this
676 881 185 41 edition
896 881 62 47 by
994 880 131 40 Julie
1160 878 301 50 Eidesheim)
1507 879 178 47 follow,
1722 878 50 41 in
1810 880 82 41 the
1929 880 147 48 main,
2112 880 84 41 the

199 938 236 42 excellent
466 941 139 38 notes
637 938 81 40 for
749 938 83 40 the
867 937 199 40 Inferno
1100 939 95 38 and
1227 937 83 41 the
1344 935 290 49 Purgatorio
1669 936 61 48 by
1763 935 84 43 Dr.
1883 935 62 41 H.
1981 935 212 49 Oelsner,

199 997 96 40 and
325 996 137 40 those
490 996 237 47 prepared
756 993 179 48 jointly
964 993 60 49 by
1054 993 85 42 Dr.
1169 992 201 42 Oelsner
1399 995 95 38 and
1525 992 161 49 Philip
1717 992 63 42 H.
1811 992 275 42 Wicksteed
2116 992 80 42 for

201 1053 80 40 the
312 1052 249 40 Paradiso,
624 1051 61 47 cf.
716 1049 297 42 Publisher’s
1042 1051 126 40 note.

204 1120 53 52 ©
292 1125 111 39 Dec.
439 1123 67 48 10,
540 1122 115 41 1932;
719 1122 67 41 2c.
820 1123 111 39 Dec.
968 1120 58 41 19;
1088 1121 82 41 aff.
1206 1122 112 40 Dec.
1353 1122 59 40 16;
1473 1122 42 38 A
1549 1120 144 42 58493;
1759 1121 201 40 Modern
1994 1121 200 48 library,

271 1181 90 41 inc.
428 1176 67 54 [©
529 1179 344 48 introduction,
908 1181 353 46 arrangement,
1295 1181 152 46 notes]
1520 1177 278 49 (32-35908)

200 1284 168 65 Dart,
400 1284 133 53 Ada
562 1285 228 54 Carter.

267 1358 260 71 Mystery
552 1360 64 54 of
643 1360 188 55 Silver
858 1359 201 69 spring
1087 1361 191 56 ranch,
1303 1360 76 67 by
1404 1360 128 53 Ada
1563 1361 202 54 Carter
1792 1359 165 53 Dart.
199 1360 1969 146 Caldwell,
370 1439 108 68 Id.,

506 1439 119 52 The
656 1438 224 55 Caxton
909 1437 266 69 printers,
1203 1438 123 67 ltd.,
1356 1441 151 50 1932.

268 1516 409 51 301 p., 1 l. 19½ ᶜᵐ.
268 1574 332 49 Head-pieces.

205 1643 51 52 ©
288 1648 111 39 Dec.
429 1648 68 46 15,
529 1646 113 40 1932;
702 1646 66 40 2c.
799 1647 96 39 and
925 1646 79 39 aff.
1038 1646 111 40 Dec.
1179 1645 59 40 20;
1295 1646 42 38 A
1366 1646 144 40 57543;
1572 1646 189 40 Caxton
1792 1646 226 48 printers,
2051 1646 85 39 ltd.

281 1703 277 48 (32-35783)

203 1805 313 65 [Dodgson,
547 1805 246 55 Charles
818 1804 329 67 Lutwidge]
1184 1809 325 51 1832-1898.

267 1884 121 52 The
429 1884 247 67 Rectory
715 1883 277 53 umbrella
1034 1884 113 52 and
1186 1881 399 70 Mischmasch,
1624 1884 76 68 by
1739 1884 185 54 Lewis
1967 1884 224 56 Carroll

219 1960 1967 70 [pseud.] with a foreword by Florence Milner … London [etc.]
198 2040 216 55 Cassell
439 2043 45 51 &
511 2057 296 51 company,
833 2040 103 54 ltd.
991 2043 152 64 [1932]

266 2116 795 52 xiii p., 1 l., 193 p. illus. 22 ᶜᵐ.
268 2175 103 42 The
403 2177 97 39 last
534 2178 95 38 two
665 2175 52 41 of
750 2175 83 41 the
866 2174 133 49 eight
1034 2175 302 48 manuscript
1370 2174 277 49 magazines
1681 2175 80 40 for
1796 2176 157 40 which
1990 2176 201 41 Charles

198 2231 252 49 Lutwidge
477 2233 241 46 Dodgson,
746 2241 54 30 as
827 2231 128 41 child
985 2231 95 41 and
1106 2229 166 50 youth,
1301 2241 101 31 was
1432 2231 296 48 responsible
1756 2242 83 29 are
1867 2243 107 29 now
2001 2233 78 40 for
2111 2235 79 38 the

197 2289 107 41 first
332 2289 115 41 time
476 2287 255 50 published
759 2289 51 39 in
837 2288 108 41 full.
1006 2288 61 49 cf.
1097 2288 274 42 Foreword.

201 2357 1990 53 © 1c. Dec. 16, 1932; A ad int. 17239; pubd. Oct. 20; Charles Hassard
269 2417 200 41 Wilfrid
500 2418 239 46 Dodgson,
773 2417 235 40 Breinton
1040 2417 177 47 House,
1251 2428 71 28 nr.
1355 2416 256 49 Hereford,
1647 2418 235 48 England.

278 2473 249 49 (33-1085)

197 2574 92 53 Du
319 2574 279 66 Maurier,
631 2576 226 63 George
888 2575 179 54 Louis
1097 2575 280 54 Palmella
1408 2576 250 65 Busson,
1694 2582 324 52 1834-1896.

266 2653 169 53 Peter
506 2651 286 68 Ibbetson,
862 2651 141 53 with
1073 2669 73 34 an
1215 2650 390 54 introduction
1674 2652 75 67 by
1817 2652 89 55 his
1976 2653 210 70 cousin,

194 2731 164 67 Lady
400 2730 28 30 *
471 2730 27 29 *
543 2730 27 29 *
616 2729 27 30 *
695 2729 272 68 (“Madge
1007 2728 312 69 Plunket”)
1370 2729 190 54 edited
1599 2733 113 52 and
1751 2730 325 56 illustrated
2113 2734 76 67 by

194 2805 1996 71 George Du Maurier; introduction by Deems Taylor … New
196 2886 178 68 York,
401 2885 122 53 The
549 2884 242 53 Modern
820 2883 218 69 library
1073 2885 171 66 [1932]

265 2956 1921 52 vii, vii-xv, 416 p. incl. front., illus. 17 ᶜᵐ. (Half-title: The modern
195 3018 184 46 library
407 3015 52 41 of
486 3015 83 40 the
596 3012 192 42 world’s
815 3014 106 40 best
947 3012 173 49 books)

265 3072 164 40 “First
455 3071 201 41 Modern
682 3068 186 49 library
893 3067 225 42 edition.”

201 3141 51 52 ©
279 3144 110 40 Dec.
415 3143 68 47 10,
511 3142 114 40 1932;
678 3141 69 41 2c.
772 3140 111 40 Dec.
910 3139 58 40 19;
1020 3139 82 41 aff.
1129 3140 109 39 Dec.
1267 3140 56 39 16;
1377 3142 40 37 A
1444 3141 143 41 58494;
1643 3144 199 39 Modern
1869 3144 201 48 library,
2095 3144 92 41 inc.

269 3197 68 53 [©
369 3198 345 48 introduction]
787 3196 278 49 (32-35808)

196 3304 242 64 Farrell,
466 3302 193 54 Maria
685 3302 230 54 Owens.

264 3379 170 53 Peter
483 3379 95 53 the
625 3385 179 62 great,
850 3378 76 68 by
973 3376 189 54 Maria
1214 3378 204 55 Owens
1468 3380 251 68 Farrell;
1772 3381 287 69 drawings
2109 3382 74 68 by

195 3457 245 54 Frances
473 3457 301 55 Strezeski.
849 3455 312 68 Brooklyn,
1193 3457 70 53 N.
1298 3458 89 65 Y.,
1419 3458 204 66 Marya
1657 3475 155 50 press
1959 3463 83 63 [ᶜ1932]

263 3528 994 51 4 p. l., 157, [1] p. front., plates. 13½ᶜᵐ.
200 3597 51 52 ©
281 3601 110 40 Dec.
421 3600 70 42 22.
518 3600 113 41 1932;
691 3600 67 40 2c.
788 3601 95 38 and
912 3598 82 41 aff.
1025 3599 112 39 Dec.
1167 3598 56 40 27;
1281 3600 42 38 A
1351 3600 143 41 58539;
1553 3602 172 47 Marya
1757 3612 150 37 press.

276 3657 278 48 (32-35930)

197 3757 69 53 52
301 3764 364 47 sermonettes
700 3759 94 52 for
828 3758 96 53 the
958 3757 209 54 church
1203 3776 162 50 year;
1405 3762 84 49 1st
1523 3759 184 54 series.
1783 3762 89 65 By
1907 3758 274 71 fifty-two

264 3836 321 68 clergymen
613 3837 63 51 of
703 3836 96 53 the
829 3836 309 67 Episcopal
1166 3836 209 54 church;
1437 3838 139 52 with
1605 3837 399 70 introductory
265 3838 1890 127 foreword
450 3914 75 68 by

262 3914 1893 137 the Most Rev. James De Wolf Perry … Milwaukee, Wis., Morehouse
956 3992 335 70 publishing
1320 4013 77 35 co.
1454 3997 150 63 [1932]

263 4064 571 50 xii, 158 p., 1 l. 19 ᶜᵐ .
