2563 4368
1034 4078 34 55 755

421 528 359 49 CONTENTS.—Capitalism
811 529 50 39 in
892 528 422 41 evolution.—The
1346 538 108 37 way
1485 527 218 40 forward
1735 526 79 40 for
1847 526 225 49 industry

86 585 50 41 in
166 586 81 40 the
279 585 178 41 United
494 585 337 41 States.—The
863 595 107 37 way
1001 584 214 40 forward
1249 584 80 40 for
1361 583 297 48 agriculture
1693 582 49 40 in
1777 583 81 40 the
1895 583 176 41 United

88 640 339 42 States.—The
454 652 107 35 way
588 641 216 40 forward
832 641 77 39 for
937 640 369 48 Europe.—The
1334 650 107 37 way
1468 639 216 40 forward
1712 639 78 40 for
1818 638 256 41 Russia.—

87 696 627 48 Conclusion.—Appendix.

97 750 51 52 ©
177 755 112 46 May
315 755 68 46 17,
410 753 140 47 1932;
579 754 65 40 2c.
674 755 93 38 and
796 752 82 42 aff.
907 754 111 47 May
1046 754 81 47 18;
1159 754 39 38 A
1226 752 168 47 51359;
1427 752 280 41 Macmillan
1736 763 67 30 co.

171 811 280 48 (32-13327)

111 900 231 67 [Brown,
369 900 139 54 Mrs.
536 897 209 55 Zenith
783 898 263 69 (Jones)]
1082 904 172 51 1898-

157 976 1916 68 By the watchman’s clock, by Leslie Ford [pseud.] … New
89 1054 1501 67 York, Farrar & Rinehart, incorporated [ ᶜ1 932]
156 1127 612 48 3 p. l., 3-280 p. 19½ ᶜᵐ .
94 1180 51 52 ©
182 1186 112 46 May
329 1183 68 49 19,
431 1183 141 48 1932;
608 1183 65 41 2c.
711 1185 113 46 May
858 1183 82 48 20;
977 1183 80 40 aff.
1094 1184 115 47 May
1241 1182 83 48 25;
1361 1184 41 38 A
1437 1182 170 43 52156;
1646 1182 183 39 Farrar
1865 1182 36 39 &
160 1182 1899 106 Rinehart,
311 1241 91 40 inc.
472 1240 278 49 (32-13787)

91 1315 340 55 California.
505 1316 183 66 Laws,
716 1321 256 61 statutes,
1002 1321 100 47 etc.

156 1390 245 55 General
436 1392 137 52 laws
610 1390 65 54 of
709 1393 96 51 the
840 1396 147 48 state
1021 1390 65 53 of
1124 1389 324 56 California
1488 1408 61 34 as
1585 1388 275 54 amended
1897 1407 79 49 up
2015 1394 59 48 to

86 1468 97 53 the
218 1469 107 53 end
365 1468 65 52 of
466 1469 96 52 the
600 1469 210 53 session
849 1468 65 53 of
954 1471 151 65 1931,
1145 1467 333 70 containing
1515 1468 96 52 the
1652 1466 245 55 General
1936 1467 138 53 laws

86 1546 60 52 in
178 1545 111 53 full
319 1547 112 52 and
462 1546 313 53 references
806 1552 59 47 to
898 1548 95 51 the
1025 1545 211 69 special
1268 1546 137 53 laws
1436 1546 76 68 by
1545 1545 144 67 title,
1723 1544 140 53 with
86 1549 1964 142 statutory

247 1624 221 68 history
501 1628 58 49 to
594 1624 131 52 date
758 1624 112 53 and
906 1622 420 70 chronological
1361 1623 172 52 index
1567 1621 64 54 of
1666 1627 116 48 acts
1818 1621 256 53 referred

88 1701 1983 69 to in the General laws … edited by James H. Deering.
87 1779 1962 146 v . 1. Acts 1 to 3303f. Abortion to Highways. San Francisco,
279 1858 581 69 Bancroft-Whitney
890 1877 295 51 company,
1217 1862 148 49 1932.

159 1931 779 49 2 p. l., iii-CXX, 1730 p. 23 ᶜᵐ .
94 1983 51 52 ©
180 1989 113 46 May
325 1989 68 46 13,
427 1987 139 43 1932;
601 1989 66 40 2c.
701 1990 95 39 and
828 1989 80 40 aff.
945 1990 112 47 May
1091 1988 55 41 23;
1209 1989 41 39 A
1283 1989 169 42 51443;
1489 1989 485 40 Bancroft-Whitney
2010 2001 66 29 co.

171 2042 278 50 (32-13539)

90 2116 325 58 California
454 2120 112 52 and
605 2117 211 58 Pacific
855 2120 203 69 digest,
1096 2121 268 69 covering
1402 2122 77 51 all
1519 2140 150 34 cases
1708 2120 264 70 reported
2012 2121 63 52 in

160 2195 323 55 California
542 2202 237 63 reports,
839 2202 326 64 1850-1931,
1222 2197 212 55 Pacific
1490 2204 274 63 reporter,
1822 2200 251 51 volumes

161 2277 185 65 1-300,
378 2275 111 52 and
521 2276 77 52 all
626 2275 64 52 of
719 2276 95 55 the
844 2274 211 57 Pacific
1084 2281 173 48 states
1285 2282 223 64 reports
1538 2277 155 53 from
1721 2277 97 52 the
1847 2277 227 53 earliest

157 2351 1917 73 times … Compiled and edited by the publisher’s editorial
157 2428 153 55 staff.
423 2473 10 9 v.
466 2433 182 50 11-13.
727 2431 82 55 St.
838 2433 165 68 Paul,
1028 2435 162 54 West
1216 2433 334 71 publishing
1576 2454 97 48 co.,
1701 2437 153 52 1932.

161 2504 276 40 3 v. 26 ᶜᵐ .
427 2570 116 30 CONTENTS.—v.
569 2559 71 41 11.
668 2560 235 41 Criminal
928 2564 108 46 law,
1063 2565 23 37 1
1115 2566 48 37 to
1188 2562 204 42 904.—v.
1421 2562 72 42 12.
1521 2563 234 41 Criminal
1781 2565 108 46 law,
1916 2563 85 41 905
2029 2567 49 38 to

91 2618 167 38 end.—
260 2627 44 29 v.
333 2616 72 41 13.
433 2617 459 49 Crops-Discovery.

97 2669 51 52 ©
176 2674 113 47 May
316 2673 69 47 24,
414 2673 112 40 1932;
584 2673 66 43 2c.
680 2674 117 41 each
825 2675 125 39 June
979 2676 53 38 11;
1092 2675 106 41 affs.
1229 2676 126 40 June
1384 2677 53 40 13;
1496 2677 41 40 A
1566 2676 322 42 52477-52479;
1944 2679 135 39 West

163 2731 107 46 pub.
298 2741 66 29 co.

93 2804 302 55 Casanova
425 2806 72 53 de
522 2805 285 66 Seingalt,
837 2806 275 55 Giacomo
1142 2807 313 67 Girolamo,
1488 2810 324 56 1725-1798.

157 2880 1920 72 The memoirs of Jacques Casanova de Seingalt … translated
90 2955 120 54 into
267 2956 245 69 English
567 2958 75 69 by
694 2959 224 53 Arthur
971 2959 259 71 Machen,
1283 2961 387 54 introduction
1725 2962 75 68 by
1855 2961 223 53 Arthur

92 3032 258 70 Symons,
390 3033 187 54 edited
618 3035 111 53 and
771 3035 218 55 revised
1029 3037 75 68 by
1145 3037 306 54 Frederick
1490 3038 69 52 A.
1605 3039 273 67 Blossom,
92 3038 1963 125 illustrated

313 3110 1763 74 by Rockwell Kent … New York, A. & C. Boni, inc.
96 3190 192 65 [ ᶜ1 932]
159 3257 723 51 2 v. fronts., plates. 22 ᶜᵐ .
159 3313 101 43 The
285 3316 171 39 twelve
476 3318 190 39 volume
689 3317 272 42 Aventuros
985 3320 183 41 edition
1202 3320 141 49 (New
1362 3322 144 48 York,
1531 3321 139 48 1925)
1703 3324 89 39 has
1815 3324 119 39 been
1959 3323 117 39 used

91 3379 56 32 as
183 3380 30 30 a
251 3371 131 41 basis
422 3372 80 40 for
540 3374 82 39 the
661 3376 195 45 present
895 3375 182 40 edition;
1145 3377 81 40 the
1266 3378 134 47 eight
1437 3379 189 39 volume
1667 3380 188 39 French
1895 3378 181 41 edition

99 3425 179 50 (Paris,
351 3428 187 48 Garnier)
574 3429 89 41 has
691 3430 102 41 also
822 3430 117 41 been
969 3433 247 47 employed.
1290 3435 61 47 cf.
1383 3434 211 41 Editor’s
1622 3436 126 40 note.

98 3481 51 52 ©
173 3486 112 48 Apr.
309 3487 68 46 16,
402 3486 112 41 1932;
565 3487 65 41 2c.
656 3489 116 40 each
797 3490 114 47 May
933 3489 27 40 9;
1012 3490 82 42 aff.
1118 3492 114 46 May
1255 3492 55 40 17;
1363 3492 41 39 A
1428 3492 146 41 51390;
1624 3492 169 40 Albert
1817 3493 37 39 &
1878 3492 200 40 Charles

166 3543 135 47 Boni,
331 3544 90 39 inc.
484 3540 68 53 [©
583 3546 225 39 editorial
839 3547 254 40 selections
1124 3549 94 38 and
1250 3547 209 41 revision
1491 3550 52 42 of
1571 3552 118 46 text]

175 3599 277 48 (32-13797)

95 3672 269 66 Collison,
391 3675 240 65 Wilson,
662 3682 170 49 1893-

162 3747 122 54 Red
355 3749 155 55 haired
556 3752 154 68 alibi,
752 3754 76 67 by
870 3755 222 53 Wilson
1137 3756 268 55 Collison.
1480 3757 138 52 New
1662 3756 179 66 York,
1885 3757 66 50 R.
1996 3755 78 51 M.

92 3822 273 58 McBride
388 3832 45 49 &
457 3847 294 50 company,
778 3835 149 49 1932.

162 3896 332 51 263 p. 20 ᶜᵐ .
101 3947 51 52 ©
184 3954 113 48 May
329 3958 67 45 17,
429 3955 113 42 1932;
603 3958 66 41 2c.
704 3960 114 46 May
847 3959 57 41 28;
966 3960 81 41 aff.
1082 3962 114 46 May
1226 3961 56 41 27;
1344 3962 41 39 A
1417 3962 143 40 51548;
1621 3961 71 40 W.
1728 3959 223 47 Collison,
1987 3960 91 39 Los

166 4009 218 50 Angeles.
454 4012 277 51 (32-13777)
