2563 4368
1291 4055 102 57 972

347 439 279 55 National
656 440 317 54 industrial
1003 439 348 55 conference
1379 439 202 57 board.

417 515 123 54 The
577 514 256 71 banking
874 515 275 54 situation
1191 515 60 53 in
1292 515 96 55 the
1430 515 218 56 United
1692 515 206 56 States.
1978 515 137 53 New
2161 514 181 70 York,

347 593 274 53 National
645 593 309 54 industrial
981 591 330 55 conference
1338 593 198 68 board,
1561 593 128 69 inc.,
1718 595 151 52 1932.

416 666 96 48 xiv,
539 666 87 41 157
654 676 45 38 p.
761 666 180 48 diagrs.
999 665 57 41 23½ᶜᵐ.

353 733 52 52 ©
439 739 127 39 June
597 738 68 46 24,
699 737 141 47 1932;
874 737 69 41 2c.
977 738 95 38 and
1106 737 82 38 aff.
1223 739 127 38 June
1382 737 82 46 30;
1502 738 41 39 A
1574 737 169 46 51949;
1780 737 230 40 National
2045 737 158 40 indus,
419 745 1907 90 conference

638 795 165 46 board,
832 794 91 40 inc.
994 793 280 49 (32-17184)

347 896 290 65 Nazarov,
666 896 181 54 Pavel
874 896 415 63 Stepanovīch.

413 972 237 55 Hunted
685 973 252 69 through
974 976 215 52 central
1222 974 160 68 Asia,
1417 973 76 69 by
1528 975 67 53 P.
1632 973 59 56 S.
1726 974 300 66 Nazároff;
2065 973 273 54 rendered

341 1050 122 54 into
494 1050 246 69 English
775 1050 154 54 from
958 1051 97 54 the
1085 1051 249 54 Russian
1367 1051 63 54 of
1463 1052 97 53 the
1593 1051 252 54 author’s
1877 1052 355 67 manuscript
2263 1051 77 68 by

343 1127 1995 70 Malcolm Burr … with frontispiece and map. Edinburgh
343 1206 112 52 and
489 1205 258 68 London,
781 1206 92 55 W.
908 1205 347 55 Blackwood
1290 1209 47 51 &
1369 1225 146 49 sons,
1550 1207 123 66 ltd.,
1708 1210 152 50 1932.

416 1277 976 52 xi, 331, [1] p. front. (port.) 20½ᶜᵐ.
416 1334 139 50 Maps
587 1346 60 30 on
678 1335 363 49 lining-papers.

353 1403 52 52 ©
443 1408 65 39 1c.
546 1407 127 40 June
709 1408 39 46 7,
787 1406 141 48 1932;
967 1407 42 39 A
1045 1408 63 39 ad
1143 1407 87 40 int.
1267 1406 172 48 16498;
1479 1408 143 47 pubd.
1659 1409 113 46 Apr.
1811 1409 82 46 12;
1934 1409 226 39 Malcolm
2199 1409 142 49 Burr,

420 1463 338 48 Maidenhead,
784 1464 235 47 England.
1091 1463 279 48 (32-17887)

346 1565 145 54 New
516 1566 163 54 York
716 1565 192 70 (City)
991 1567 172 67 Dept,
1193 1568 64 67 of
1283 1566 210 54 health.
1565 1563 151 57 Milk
1742 1568 374 56 commission.

417 1643 60 52 Is
509 1642 148 53 loose
688 1642 144 53 milk
865 1662 30 33 a
931 1642 193 54 health
1158 1643 248 54 hazard?
1480 1643 120 53 The
1634 1651 196 60 report
1863 1643 63 52 of
1959 1644 95 53 the
346 1643 1971 130 commission

512 1718 309 70 appointed
865 1720 73 68 by
983 1720 102 53 Dr.
1130 1719 229 69 Shirley
1402 1720 88 54 W.
1534 1720 241 68 Wynne,
1818 1720 416 54 commissioner
2277 1720 64 54 of

348 1797 190 53 health
579 1797 63 53 of
683 1798 95 51 the
817 1798 116 65 city
973 1797 63 53 of
1076 1796 136 53 New
1255 1797 178 68 York,
1474 1803 56 47 to
1571 1797 169 69 study
1782 1798 92 53 the
1915 1797 194 69 public
2146 1798 193 53 health

350 1879 214 63 aspects
606 1874 62 52 of
711 1875 95 53 the
847 1874 114 53 sale
1002 1874 62 52 of
1106 1877 147 51 loose
1295 1873 144 53 milk
1479 1874 60 54 in
1580 1874 136 53 New
1763 1875 161 53 York
1966 1875 115 68 city
2126 1875 112 53 and
2280 1881 58 47 to

347 1951 160 54 make
528 1950 555 56 recommendations.
1144 1951 212 53 Edited
1380 1952 74 68 by
1479 1951 253 53 Edward
1756 1952 63 52 F.
1845 1952 227 67 Brown,
2095 1952 246 55 director

371 2027 1972 70 [and] Professor Leland Spencer, research director … Milk
345 2105 369 68 commission,
735 2106 377 68 Department
1134 2105 63 53 of
1216 2105 211 68 health,
1448 2104 136 53 New
1609 2106 161 53 York
1792 2105 130 70 city.
2003 2106 135 53 [New
2164 2105 178 71 York,

346 2184 119 50 The
495 2182 290 67 Academy
813 2200 171 50 press,
1015 2185 152 64 1931]

484 2253 1032 48 xv, 254 p. incl. illus., diagrs., forms. 23 ᶜᵐ.
417 2311 113 40 “Dr.
562 2310 163 40 Simon
755 2309 221 47 Flexner,
1007 2309 234 41 scientific
1270 2309 399 48 chairman.”—p.
1735 2345 8 7 v.

417 2367 282 48 “Approved
730 2366 80 40 for
841 2365 299 49 publication
1171 2366 61 48 by
1266 2367 82 39 the
1382 2366 286 41 Committee
1701 2379 60 28 on
1795 2369 311 48 publication,
346 2370 1974 95 November
456 2424 70 49 20,

555 2423 128 41 1931.
739 2423 255 40 Professor
1025 2423 53 39 E.
1108 2423 54 40 V.
1193 2421 281 50 McCollum,
1504 2422 295 43 chairman.”

353 2494 52 52 ©
439 2499 108 39 Jan.
581 2498 40 50 1,
654 2496 140 47 1932;
829 2496 68 40 2c.
929 2497 96 38 and
1058 2494 82 41 aff.
1173 2496 114 47 Apr.
1321 2494 82 48 29;
1439 2496 41 38 A
1513 2495 170 47 51811;
1720 2495 122 40 Milk
1873 2495 319 48 commission,
2229 2496 110 48 City

421 2555 51 38 of
498 2555 118 39 New
642 2553 143 39 York.
857 2552 279 48 (32-17055)

345 2656 146 54 New
518 2655 162 54 York
747 2654 192 68 (State)
1021 2653 185 69 Laws,
1233 2659 256 63 statutes,
1518 2659 101 48 etc.

479 2730 1860 69 … Penal law and the Code of criminal procedure of the
345 2816 148 48 state
523 2808 64 55 of
619 2809 139 53 New
795 2807 179 69 York,
1008 2807 140 54 with
1183 2807 390 55 amendments
1606 2809 202 68 passed
1844 2808 75 69 by
1953 2808 97 54 the
347 2808 1965 133 Legislature
502 2893 58 48 to

591 2887 96 53 the
716 2886 107 53 end
857 2884 63 55 of
950 2884 95 54 the
1077 2885 229 68 regular
1337 2885 211 54 session
1578 2885 64 54 of
1676 2888 150 50 1932.
1896 2884 169 56 Cases
2098 2886 148 54 cited
2277 2891 60 49 to

348 2966 112 53 and
497 2964 300 68 including
833 2965 101 51 258
974 2962 69 53 N.
1085 2962 71 54 Y.
1197 2965 127 65 532;
1367 2965 105 50 234
1506 2962 157 69 App.
1704 2962 114 54 div.
1857 2966 132 65 460;
2035 2966 99 50 142
2172 2962 164 55 Misc.

347 3047 128 63 841;
502 3045 101 50 283
629 3042 72 54 U.
731 3040 58 56 S.
815 3042 128 65 868;
974 3044 65 48 55
1063 3040 67 53 F.
1169 3039 126 70 (2d)
1335 3042 162 66 1040;
1528 3039 285 70 Opinions
1841 3046 140 64 atty.
2008 3041 147 69 genl.
2186 3043 150 51 1930.

346 3116 1991 71 24th ed. By Ralph E. Rogers … Albany, N. Y., M. Bender
345 3199 46 50 &
416 3215 298 51 company,
741 3194 418 69 incorporated,
1187 3196 151 51 1932.

420 3265 914 52 1 p. l., v-lviii p., 1 l. , [1245] p. 23½ᶜᵐ.
414 3327 65 41 At
505 3328 126 39 head
656 3326 52 40 of
733 3325 108 40 title
859 3335 9 29 :
897 3322 231 42 Bender’s
1155 3322 198 42 edition.

419 3383 209 40 Various
655 3381 216 49 pagings.

355 3444 51 52 ©
432 3448 125 39 June
580 3447 69 48 25,
673 3445 113 40 1932;
841 3445 67 40 2c.
933 3445 128 39 June
1083 3444 81 45 28;
1194 3443 82 40 aff.
1302 3444 128 39 June
1451 3442 57 41 27;
1561 3444 42 38 A
1627 3442 169 48 51930;
1827 3443 235 40 Matthew
2088 3444 188 39 Bender
2302 3443 37 41 &

422 3514 81 37 co.,
527 3504 91 39 inc.
688 3500 278 49 (32-16832)

349 3606 228 63 Norris,
606 3607 137 52 Mrs.
773 3604 292 53 Kathleen
1103 3603 395 63 (Thompson)
1534 3607 172 50 1880-

418 3684 273 63 Younger
728 3682 181 62 sister,
946 3680 76 67 by
1059 3678 287 53 Kathleen
1382 3678 218 53 Norris.
1676 3678 232 54 Garden
1947 3676 151 68 City,
2136 3677 68 52 N.
2245 3677 91 68 Y.,

701 3755 949 67 Doubleday. Doran & company, inc., 1932.
418 3830 463 50 4 p. l., 305 p. 20 ᶜᵐ.
421 3888 161 40 “First
608 3886 225 41 edition.”

356 3941 52 52 ©
436 3945 126 39 June
587 3945 69 44 23,
684 3942 139 48 1932;
852 3943 66 40 2c.
947 3943 94 38 and
1069 3941 81 40 aff.
1180 3941 125 39 June
1331 3940 83 47 28;
1443 3941 41 38 A
1512 3939 168 48 52925;
1710 3940 242 40 Kathleen
1980 3938 183 48 Norris,
425 3939 1891 103 Saratoga.

577 4000 144 41 Calif.
791 3998 277 44 (32-16972)
