2563 4368
1080 4057 65 50 93

94 457 183 61 Scott,
307 452 290 56 Winifred
627 453 192 62 Mary.

167 531 153 52 Love
352 529 59 52 in
447 548 31 33 a
509 529 152 66 mist,
692 529 75 66 by
799 527 234 54 Pamela
1065 528 224 64 Wynne
1334 522 319 70 (Winifred
1688 523 168 65 Mary
1893 522 185 62 Scott)

160 604 1204 69 … London, P. Allan & co., ltd. [1932]
170 678 524 52 3 p. l., 314 p. 19 ᶜᵐ .
104 741 1990 57 © 1c. Jan. 16, 1932; A ad int. 15993; pubd. Jan. 14; Doubleday, Doran
171 808 37 39 &
238 818 81 37 co.,
352 806 105 46 inc.,
491 806 195 40 Garden
718 804 123 47 City,
874 804 57 40 N.
964 802 52 39 Y.
1089 800 249 49 (32-4217)

99 910 298 65 Shannon,
428 911 221 52 Robert
677 910 204 62 Terry.

173 986 123 51 The
320 985 126 52 love
470 989 150 62 trap,
650 983 71 68 by
748 983 215 51 Robert
990 980 182 69 Terry
1202 979 291 54 Shannon.
1568 977 139 54 New
1737 976 180 67 York,
1945 976 67 51 E.
2041 975 54 53 J.

105 1061 561 69 Clode, inc. [ ᶜ1 932]
171 1143 337 51 251 p. 19 ᶜᵐ .
107 1198 52 52 ©
191 1203 108 39 Jan.
334 1199 68 49 19,
434 1199 112 41 1932;
608 1198 66 42 2c.
708 1201 96 38 and
836 1198 81 41 aff.
951 1198 108 40 Jan.
1093 1197 55 41 30;
1209 1197 40 39 A
1281 1196 144 40 48205;
1489 1194 211 41 Edward
1735 1194 42 39 J.
1813 1193 158 47 Clode,
2007 1193 89 39 inc.

185 1257 249 50 (32-2875)

97 1361 210 64 Sharp,
337 1360 254 54 William
622 1360 243 63 Graves,
897 1362 325 51 1859-1922.

171 1437 121 53 The
321 1455 119 35 war
467 1436 266 53 memoirs
764 1435 64 53 of
855 1433 261 55 William
1149 1432 219 56 Graves
1402 1431 209 68 Sharp,
1643 1428 305 54 American
103 1447 1971 121 ambassador

401 1519 59 48 to
492 1514 237 67 France,
762 1514 328 65 1914-1919,
1121 1510 190 54 edited
1344 1509 141 53 with
1520 1528 31 33 a
1584 1507 398 70 biographical
101 1507 1971 139 introduction

477 1591 114 53 and
637 1596 160 47 notes
844 1590 76 68 by
967 1588 379 68 Warrington
1396 1586 268 68 Dawson,
1714 1586 111 52 and
1876 1585 140 52 with
2068 1603 30 33 a

103 1669 228 69 preface
357 1669 76 69 by
456 1668 257 54 Marshal
740 1667 200 54 Joffre.
1002 1665 260 67 London,
1289 1662 305 56 Constable
1621 1666 46 50 &
1690 1680 80 36 co.
1797 1662 122 68 ltd.,
1949 1665 149 49 1931.

171 1742 552 48 xxvii, 431 p. 22½ ᶜᵐ .
110 1794 1975 111 © 1c. Dec. 29, 1931; A ad int. 15935; pubd. Oct. 30; Warrington Dawson, Paris. (32-4081)
107 1960 211 64 Sheen,
347 1960 203 53 James
578 1961 269 62 Morgan,
880 1962 171 51 1886-

178 2038 138 52 New
349 2036 200 68 Jersey
581 2038 110 50 law
725 2036 196 51 forms.
997 2035 71 52 2d
1104 2034 85 52 ed.
1264 2034 121 51 The
1418 2051 321 37 commoner
1772 2031 182 52 forms
1988 2031 111 52 and

110 2113 329 70 precedents
468 2114 63 52 of
558 2113 300 69 pleadings
884 2114 61 52 in
971 2131 98 34 use
1095 2114 58 50 in
1180 2113 97 51 the
1300 2113 52 51 law
1438 2117 188 50 courts
1653 2111 63 53 of
1743 2111 95 52 the
1865 2115 145 48 state
2038 2109 62 53 of

109 2192 140 51 New
280 2190 218 69 Jersey,
531 2191 139 51 with
705 2190 380 55 annotations,
1118 2191 399 67 explanations
1551 2189 113 53 and
1697 2190 315 51 references
2043 2195 60 46 to

109 2266 1931 72 statutes and decisions. v. 2. By James Morgan Sheen …
111 2346 263 69 Newark,
399 2349 70 51 N.
496 2348 74 66 J.,
600 2348 187 66 Soney
813 2351 46 49 &
888 2347 147 69 Sage
1063 2366 98 48 co.,
1191 2351 149 48 1932.

179 2420 502 49 3 p. l., 1520 p. 24 ᶜᵐ.
182 2476 225 42 Lettered
436 2488 61 28 on
527 2487 165 29 cover:
725 2477 117 39 New
872 2476 170 49 Jersey
1071 2478 96 38 law
1197 2477 225 47 practice.
1481 2477 38 41 2.

115 2526 1935 57 © Feb. 13, 1932; 2c. Feb. 15; aff. Feb. 20; A 48581; Soney & Sage co.
109 2650 316 67 Siegfried,
450 2651 330 57 Thorwald.

179 2726 121 52 The
344 2723 292 70 Siegfried
681 2726 136 66 plan
863 2725 94 52 for
1000 2743 71 34 an
1114 2725 199 52 honest
1357 2724 286 69 exchange
1687 2724 64 53 of
1795 2726 193 51 values
2031 2725 76 67 by

111 2803 94 51 the
242 2802 148 54 issue
428 2802 64 53 of
531 2824 30 33 a
599 2803 182 52 sound
820 2819 232 52 money;
1095 2821 31 33 a
1166 2800 453 55 demonstration
1654 2803 131 51 that
1825 2801 281 70 Congress

111 2898 103 33 can
260 2897 128 35 cure
432 2880 482 68 unemployment,
960 2880 153 53 bank
1160 2879 257 70 failures,
1462 2880 254 54 business
1763 2879 345 68 depression,

112 2957 112 52 and
253 2957 227 69 enlarge
509 2958 94 51 the
633 2958 223 51 volume
886 2957 65 53 of
978 2975 203 50 money
1210 2958 112 52 and
1353 2957 199 67 credit,
1581 2958 75 69 by
1688 2957 316 69 exercising
2034 2957 75 53 its

112 3033 429 54 constitutional
569 3052 191 50 power
786 3040 60 47 to
874 3035 255 69 regulate
1159 3036 95 51 the
1283 3036 165 51 value
1479 3034 64 54 of
1571 3053 221 52 money,
1819 3035 77 69 by

117 3035 1967 129 Thorwald
300 3110 320 71 Siegfried;
657 3111 141 53 with
834 3131 31 33 a
901 3111 303 70 prefatory
1237 3117 131 48 note
1404 3114 75 67 by
1518 3111 236 55 Charles
1791 3114 71 51 A.
1902 3112 205 53 Beard.

114 3185 1518 75 Los Angeles, Calif., The Wigwam press [ ᶜ1 931]
181 3273 464 51 4 p. l., 129 p. 21 ½ᶜᵐ.
188 3336 72 41 On
283 3347 139 32 cover
439 3348 9 29 :
475 3339 100 39 The
601 3338 239 48 Siegfried
864 3338 116 49 plan
1003 3338 79 41 for
1106 3339 158 41 better
1290 3339 155 43 times.

183 3394 126 41 Text
335 3405 61 30 on
422 3395 302 47 end-papers.

122 3447 52 52 ©
204 3453 112 40 Dec.
346 3451 56 40 10,
502 3454 54 38 1931;
614 3453 67 39 2c.
711 3453 112 40 Dec.
854 3454 55 39 15;
969 3452 80 41 aff.
1082 3454 111 40 Jan.
1223 3456 69 46 11,
1323 3454 114 41 1932;
1497 3455 41 40 A
1566 3454 145 42 45943;
1772 3455 52 39 T.
1856 3454 243 48 Siegfried

189 3509 94 39 Los
314 3509 218 49 Angeles.
604 3509 249 49 (32-2901)

113 3609 289 66 Simpson,
431 3610 184 54 Helen
644 3613 85 53 De
757 3611 249 68 Guerry,
1037 3615 171 53 1897-

185 3683 373 71 Boomerang,
600 3688 73 66 by
715 3689 184 50 Helen
942 3688 283 68 Simpson.
1304 3689 257 65 London,
1606 3689 84 52 W.
1736 3689 375 66 Heinemann,

117 3760 95 52 ltd.
251 3764 171 67 [1932]

187 3833 571 52 4 p. l., 506 p. 20½ᶜᵐ.
125 3883 1988 64 © 1c. Feb. 5, 1932; A ad int. 16055; pubd. Jan. 25; Doubleday, Doran
194 3947 36 39 &
262 3958 81 38 co.,
378 3947 104 49 inc.,
519 3950 192 39 Garden
746 3951 123 47 City,
950 3982 10 9 N.
997 3951 52 39 Y.
1120 3952 250 47 (32-4446)
