2563 4368
1372 4092 104 51 762

436 469 1994 73 Missouri digest. 1932 semi-annual pamphlet … St. Paul,
503 550 162 54 West
689 548 337 71 publishing
1051 569 80 36 co.
1163 553 193 65 [ᶜ1932]

509 623 337 48 91 p. 25½ ᶜᵐ .
512 680 72 40 On
611 690 141 30 cover
770 692 8 28 :
810 681 296 47 Temporary
1135 680 323 40 semi-annual
1486 682 262 47 pamphlet.

443 733 1876 53 © May 3, 1932; 2c. June 11; aff. June 13; A 52505; West pub. co.
437 857 218 63 Moore,
687 856 337 56 Fenworth.

568 931 1864 70 … Prisoners on the pirate ship; or, Jerry Ford and the
434 1008 1999 71 yellow men, by Fenworth Moore … New York, Cupples &
434 1087 154 53 Leon
618 1105 282 50 company
937 1089 193 65 [ᶜ1932]

504 1158 1695 50 2 p. l., 212 p. front. 19½ ᶜᵐ . (His Jerry Ford wonder stories)
443 1213 1880 54 © May 17, 1932; 2c. and aff. May 26; A 52173; Cupples & Leon co.
519 1274 278 50 (32-13685)

437 1378 312 67 Morrison,
777 1378 151 55 Alex
955 1379 54 56 J.

504 1453 56 54 A
582 1473 124 34 new
730 1472 126 51 way
881 1460 59 48 to
966 1454 182 54 better
1173 1455 144 69 golf,
1343 1454 75 70 by
1445 1454 149 54 Alex
1620 1455 55 55 J.
1705 1453 288 55 Morrison;
2051 1454 141 53 with
2219 1473 32 35 a
438 1453 1967 132 foreword

626 1532 75 68 by
737 1532 124 53 Rex
896 1533 206 52 Beach.
1174 1532 139 54 New
1348 1530 181 70 York,
1567 1531 199 57 Simon
1802 1533 113 54 and
1952 1530 288 71 Schuster,
2277 1535 150 51 1932.

502 1604 1231 49 xvi, 186 p. illus., plates (part double) 21 ᶜᵐ .
441 1659 1988 52 © May 16, 1932; 2c. May 20; aff. May 19; A 51421; A. J. Morrison,
506 1721 118 39 New
649 1721 144 39 York.
863 1720 279 49 (32-13880)

435 1824 173 65 Mott,
639 1825 227 64 George
897 1825 142 64 Fox,
1066 1825 72 66 jr.

505 1900 153 55 “San
699 1900 581 69 Diego—politically
1320 1900 329 70 speaking”,
1689 1902 76 67 by
1807 1901 249 68 Captain
2098 1900 221 69 George
2361 1903 64 53 F.

434 1978 1169 69 Mott, jr. … San Diego, Calif., 1932.
504 2051 827 49 2 p. l., 9-250 p. diagrs. 24 ᶜᵐ .
504 2106 349 50 Bibliography
871 2119 10 30 :
911 2120 43 37 p.
988 2107 246 51 [139]-151.

439 2162 1989 52 © Mar. 21, 1932; 2c. Mar. 28; aff. Apr. 13; A 49570; G. F. Mott, jr.,
507 2223 177 39 Pacific
712 2224 175 46 Beach,
918 2223 144 40 Calif.
1132 2222 279 47 (32-13702)

434 2325 247 53 Nevada
730 2324 113 53 and
891 2322 214 56 Pacific
1154 2325 204 69 digest,
1405 2324 269 69 covering
1722 2324 78 53 all
1848 2343 150 35 cases
2047 2322 268 72 reported
2363 2322 63 54 in

503 2402 236 53 Nevada
771 2407 241 63 reports,
1046 2406 327 65 1865-1931,
1405 2400 211 58 Pacific
1649 2408 275 62 reporter,
1953 2403 251 52 volumes
2238 2404 187 65 1-300,

504 2482 112 51 and
652 2483 76 51 all
762 2481 63 53 of
856 2481 96 54 the
984 2479 214 57 Pacific
1227 2486 174 50 states
1431 2485 223 65 reports
1686 2479 154 55 from
1872 2482 95 53 the
2000 2480 228 54 earliest
2258 2479 165 55 times

567 2556 1855 72 … Compiled and edited by the publisher’s editorial staff.
543 2680 10 10 v.
585 2640 184 50 11-13.
848 2637 83 55 St.
961 2639 165 67 Paul,
1153 2640 160 55 West
1341 2637 337 71 publishing
1703 2655 98 52 co.,
1832 2641 149 50 1932.

503 2712 29 39 3
596 2743 10 9 v.
664 2711 113 40 26ᶜᵐ.

772 2778 117 31 CONTENTS.—v.
915 2766 70 42 11.
1014 2768 235 41 Criminal
1273 2769 110 47 law,
1410 2768 25 39 1
1462 2771 48 37 to
1535 2766 205 43 904.—v.
1770 2766 71 42 12.
1870 2767 235 41 Criminal
2129 2768 108 47 law,
2264 2767 88 41 905
2377 2772 50 37 to

435 2826 167 39 end.—
604 2835 46 30 v.
678 2823 71 42 13.
778 2825 463 47 Crops-Discovery.

439 2877 51 52 ©
520 2883 113 46 May
660 2882 70 47 24,
759 2880 117 41 1932;
930 2882 67 42 2c.
1024 2882 119 39 each
1172 2882 127 39 June
1325 2882 55 39 11;
1438 2880 108 43 affs.
1577 2882 125 39 June
1731 2881 54 40 13;
1844 2882 41 38 A
1914 2880 317 41 52501-52503;
2291 2882 135 40 West

506 2939 107 47 pub.
642 2949 67 30 co.

432 3041 144 53 New
603 3041 161 52 York
804 3041 217 68 (State)
1108 3041 179 54 Court
1315 3043 63 67 of
1403 3041 250 69 appeals.

503 3117 1917 70 Reports of cases decided … from and including decisions of
433 3197 307 53 December
774 3201 47 64 1,
856 3199 151 66 1931,
1039 3203 60 47 to
1131 3196 276 55 decisions
1440 3197 64 52 of
1534 3197 203 55 March
1771 3200 81 64 15,
1888 3199 151 64 1932,
2072 3195 141 54 with
2242 3200 179 64 notes,

432 3274 314 55 references
799 3275 113 53 and
963 3274 188 53 index.
1224 3274 175 54 Louis
1449 3277 58 54 J.
1557 3274 342 68 Rezzemini,
1948 3279 146 49 state
2145 3279 257 64 reporter.

433 3372 48 34 v.
511 3357 117 49 258.
703 3351 250 70 Albany,
978 3355 55 54 J.
1064 3357 68 52 B.
1159 3355 164 67 Lyon
1351 3371 296 51 company,
1677 3356 151 51 1931.

504 3427 121 49 xliii,
656 3427 85 39 753
770 3437 42 37 p.
871 3427 57 40 23½ᶜᵐ.

438 3479 51 52 ©
521 3484 125 40 June
675 3483 38 48 8,
743 3483 140 47 1932;
914 3483 67 41 2c.
1012 3484 126 39 June
1166 3484 83 46 11;
1281 3483 81 40 aff.
1393 3484 126 39 June
1548 3484 83 47 10;
1661 3484 40 39 A
1732 3483 169 47 52424;
1934 3483 211 39 Edward
2176 3483 42 39 J.
2251 3483 168 47 Flynn,

506 3543 245 44 secretary
787 3540 51 40 of
872 3540 81 40 the
989 3543 128 37 state
1151 3542 51 38 of
1237 3541 115 38 New
1386 3541 145 47 York,
1565 3540 51 39 in
1651 3542 132 38 trust
1814 3540 82 40 for
1928 3540 84 40 the
2043 3538 175 42 benefit
2254 3540 51 39 of
2340 3539 82 40 the

506 3598 166 47 people
702 3596 52 40 of
784 3598 82 39 the
895 3599 140 46 state,
1068 3598 203 47 Albany,
1303 3597 55 39 N.
1391 3597 55 41 Y.

433 3687 332 64 Newcomb,
799 3687 218 63 Simon,
1052 3692 322 49 1835-1909.

559 3760 1856 69 … Simon Newcomb’s Astronomy for everybody, revised by
425 3836 1965 147 Robert H. Baker … Garden City, N. Y., Garden City publishing
673 3934 294 50 company,
997 3917 108 52 inc.
1143 3919 191 65 [ᶜ1932]

501 3985 1905 52 xix, 334 p. incl. front., illus., diagrs. plates. 21½ ᶜᵐ . (A star book)
