2563 4368
1411 4006 101 50 448

464 396 195 65 Wells,
689 396 273 63 Carolyn.

528 473 121 53 The
677 474 238 65 roll-top
943 473 137 53 desk
1108 477 282 62 mystery;
1421 492 31 34 a
1480 473 266 66 Fleming
1776 473 175 55 Stone
1978 477 177 63 story,
2183 473 73 67 by

461 473 1975 144 Carolyn
592 551 196 52 Wells.
859 549 410 69 Philadelphia
1305 551 111 52 and
1453 551 259 66 London,
1746 551 57 52 J.
1840 552 68 50 B.

1944 550 338 68 Lippincott
458 569 1978 125 company,
662 631 150 50 1932.

529 686 373 63 302 p. 19½ ᶜᵐ .
470 766 51 53 ©
548 770 108 41 Feb.
682 770 67 48 10,
775 769 112 41 1932;
941 771 67 39 2c.
1033 770 95 40 and
1153 769 80 41 aff.
1260 771 122 42 Mar.
1406 770 56 41 28;
1516 769 40 40 A
1579 769 146 41 49338;
1779 769 209 49 Carolyn
2015 769 148 42 Wells
2189 770 275 48 Houghton,

535 828 117 39 New
683 828 143 39 York.
898 826 251 50 (32-8430)

464 917 279 66 Whitley,
771 919 174 63 Mary
972 918 324 63 Theodora,
1328 918 172 55 1878-

531 993 54 54 A
621 994 172 68 study
828 993 65 55 of
926 994 96 54 the
1057 993 151 54 little
1243 993 175 69 child,
1451 993 76 70 by
1562 993 171 70 Mary
1768 993 302 54 Theodora
2105 993 287 70 Whitley;
2432 1013 32 35 a

461 1072 270 53 textbook
761 1072 58 53 in
849 1072 95 53 the
976 1071 293 56 Standard
1299 1071 324 69 leadership
1655 1071 260 70 training
1945 1071 365 69 curriculum,
462 1079 1978 124 outlined

653 1150 113 53 and
803 1150 294 69 approved
1133 1149 75 70 by
1245 1150 94 53 the
1376 1148 424 55 International
1836 1148 221 55 council
2094 1149 65 55 of
2193 1149 272 71 religious

463 1228 315 54 education.
858 1227 428 69 Philadelphia,
1327 1226 243 55 Printed
1615 1226 94 55 for
1751 1226 96 55 the
1889 1227 353 70 Leadership
462 1227 1978 148 training

593 1305 337 70 publishing
962 1305 340 54 association
1334 1305 75 70 by
1441 1304 96 55 the
1569 1304 400 55 Westminster
2003 1323 175 52 press,
2213 1309 152 51 1932.

531 1377 1009 50 3 p. l., 5-264 p. illus. (music) 19 ᶜᵐ .
535 1436 127 41 “Ten
705 1446 143 37 years
888 1446 88 38 ago
1020 1435 80 42 the
1142 1445 130 31 same
1313 1435 179 41 author
1533 1436 233 48 prepared
1810 1434 81 42 the
1934 1436 107 40 text
2080 1434 81 41 for
2200 1436 100 41 this
2343 1435 121 43 unit.

463 1490 1984 107 Now … she has written an entirely new book to replace the former volume.”—p. 7.
534 1605 348 49 Bibliography
900 1615 8 30 :
944 1616 40 37 p.
1018 1604 216 41 221-222.

469 1674 51 51 ©
549 1679 122 40 Mar.
699 1678 37 45 1,
766 1677 140 46 1932;
936 1677 66 42 2c.
1032 1679 121 40 Mar.
1180 1679 52 44 3;
1263 1676 81 42 aff.
1376 1677 120 41 Mar.
1524 1677 54 46 2;
1609 1677 39 40 A
1675 1676 171 48 48800;
1879 1678 59 39 M.
1969 1677 52 41 T.
2051 1675 227 50 Whitley,

536 1674 1910 108 Philadelphia.
816 1734 252 49 (32-7654)

465 1822 201 57 Who’s
690 1825 127 53 who
843 1843 207 50 among
1075 1825 180 53 world
1280 1825 222 53 writers
1526 1844 72 35 on
1622 1826 111 52 law;
1787 1825 269 70 covering
2078 1825 98 55 the
2199 1823 263 71 writings

528 1922 69 32 on
639 1903 434 67 jurisprudence
1116 1904 113 52 and
1269 1905 109 52 law
1416 1903 247 68 subjects
1704 1923 58 33 as
1802 1903 170 68 given
2011 1904 76 67 by
2126 1903 187 67 living
2351 1904 110 52 law

536 1980 221 54 writers
786 1982 62 52 of
878 1983 76 51 all
983 1982 284 55 countries
1295 1981 63 53 of
1385 1981 95 53 the
1508 1981 196 53 world.
1781 1982 411 69 Introductory
2221 1982 240 54 volume.

544 2059 1918 70 1932/33 … Revised, enlarged and published every two
534 2158 178 44 years.
790 2141 110 52 Los
950 2139 266 68 Angeles,
1267 2138 196 69 Calif.,
1510 2139 225 55 Golden
1783 2139 296 67 syndicate
2125 2140 338 70 publishing

534 2221 508 65 company [ ᶜ1 932 ]
537 2291 403 48 iii, 39 p. 21 ᶜᵐ .
466 2348 198 41 Editor:
698 2348 216 47 1932/33,
944 2348 53 39 A.
1032 2349 269 40 Lawrence.

471 2402 51 52 ©
551 2406 108 39 Feb.
687 2407 25 38 3,
813 2406 54 39 1932;
924 2406 67 42 2c.
1018 2406 95 39 and
1141 2405 80 40 aff.
1251 2405 109 41 Feb.
1389 2405 55 40 12;
1501 2405 34 40 A
1567 2404 143 42 47597;
1770 2405 182 41 Golden
1980 2405 251 49 syndicate
2259 2405 107 49 pub.
2397 2416 67 32 co.

547 2462 250 48 (32-7618)

465 2534 346 69 Wilkinson,
842 2536 165 55 Ellen
1039 2536 213 66 Cicely,
1284 2543 172 51 1891-

534 2614 108 52 Die
669 2613 174 67 kluft,
869 2633 108 33 von
1004 2613 168 54 Ellen
1198 2612 322 54 Wilkinson;
1580 2613 343 69 berechtigte
1990 2612 349 69 übertragung
2365 2631 100 36 aus

464 2691 125 53 dem
613 2691 321 69 englischen
959 2710 106 33 von
1090 2689 140 55 Otto
1250 2689 277 54 Albrecht
1547 2710 110 33 van
1681 2690 234 53 Bebber.
1974 2689 218 69 Berlin,
463 2689 1978 148 Büchergilde
649 2768 345 68 Gutenberg,
1028 2771 149 51 1931.

532 2839 1136 50 1 p. l., 7-211, [2] p. front. (port.) 24 ᶜᵐ .
472 2897 1991 51 © Sept. 1, 1931; 1c. Nov. 30; A —Foreign 14492; Büchergilde Gutenberg.
547 2957 249 48 (32-8303)

467 3033 247 64 Winter,
742 3031 155 55 John
925 3031 202 56 Keith.

537 3107 1925 69 The rats of Norway [by] J. Keith Winter … Garden City,
467 3186 68 53 N.
571 3188 89 60 Y.,
694 3186 354 67 Doubleday,
1079 3188 199 51 Doran
1309 3191 45 49 &
1385 3204 298 49 company,
1714 3187 125 66 inc.,
1872 3188 149 51 1932.

535 3258 535 50 4 p. l., 310 p. 21 ᶜᵐ .
540 3315 161 41 “First
729 3314 228 42 edition.”

474 3370 50 51 ©
560 3374 121 39 Mar.
714 3373 57 39 24,
876 3372 54 40 1932;
994 3373 64 39 2c.
1095 3373 94 39 and
1223 3371 82 42 aff.
1340 3373 119 38 Mar.
1494 3372 81 45 28;
1614 3372 38 39 A
1687 3367 169 50 50390;
1895 3372 297 46 Doubleday,
2227 3372 164 39 Doran
2427 3371 36 41 &

540 3440 80 38 co.,
649 3430 91 39 inc.
812 3428 249 48 (32-8070)

468 3502 208 67 Wisse,
705 3503 311 55 Sébastien
1044 3504 176 64 Léon,
1252 3510 172 50 1860-

599 3581 1860 68 … A la gloire de l’artillerie française de 1870 à 1918. Paris,
467 3659 993 67 Charles-Lavauzelle & c ⁱᵉ [ ᶜ1 931 ]
539 3730 654 49 2 p. l., iv, 268 p. 22½ ᶜᵐ .
539 3787 62 40 At
630 3787 125 39 head
782 3787 53 39 of
859 3785 108 42 title
985 3798 9 28 :
1025 3785 205 42 Général
1262 3786 170 41 Wisse.

476 3840 1984 52 © Aug. 1, 1931; 1c. Nov. 9; A—Foreign 14189; S. L. Wisse, Arras
551 3899 74 48 (P.
658 3900 60 41 de
749 3900 74 49 C.)
866 3900 199 43 France.
1135 3899 249 50 (32-7518)
