2563 4368
1250 4059 135 51 1630

310 448 456 65 Pennsylvania.
839 449 167 53 Laws
1012 490 11 25 ,
1051 452 239 48 statutes
1295 489 11 25 ,
1337 451 100 49 etc.

379 525 284 56 Purdon’s
692 524 426 68 Pennsylvania
1150 529 256 61 statutes,
1440 523 325 52 annotated.
1840 524 345 51 Permanent
2217 522 83 53 ed.

314 601 1927 70 1932 cumulative annual pocket part for Constitution …
312 684 427 67 Philadelphia,
766 683 222 68 George
1015 687 64 50 T.
1111 681 154 54 Bisel
1294 700 108 46 co.;
1434 681 263 66 Newark,
1729 680 186 68 Soney
1943 684 47 50 &
2017 680 149 68 Sage
2193 699 107 46 co.;

315 764 81 55 St.
426 763 166 66 Paul,
620 764 158 53 West
807 762 336 68 publishing
1170 779 77 35 co.
1285 794 13 33 [
1326 762 134 49 ᶜ1932
1465 792 12 33 ]

383 839 54 39 13
469 849 42 37 p.
571 836 143 41 23½ᶜᵐ.

384 893 294 42 Cover-title.

386 950 119 39 This
528 949 248 48 pamphlet
798 948 43 40 is
865 951 48 37 to
937 949 56 38 be
1017 947 137 40 fitted
1179 947 102 39 into
1308 946 80 39 the
1412 945 170 48 pocket
1607 948 50 37 at
1684 946 80 39 the
1790 945 120 39 back
1937 945 52 40 of
2013 946 81 40 the
2120 947 188 38 volume

314 1008 50 38 of
391 1007 81 40 the
499 1009 73 38 set
598 1008 48 38 to
673 1005 159 40 which
858 1005 39 39 it
923 1002 210 49 belongs.

319 1073 51 52 ©
409 1077 102 41 Oct.
545 1075 70 49 24,
652 1075 140 48 1932;
829 1075 67 40 2c.
934 1076 97 38 and
1066 1073 80 40 aff.
1185 1073 117 40 Nov.
1339 1073 82 46 14;
1460 1073 41 38 A
1537 1071 169 48 55933;
1748 1072 183 48 George
1968 1073 50 40 T.
2058 1072 130 40 Bisel
2227 1083 81 37 co.,

390 1134 154 47 Soney
570 1133 36 40 &
634 1133 121 47 Sage
781 1144 65 28 co.
876 1132 35 39 &
937 1131 134 40 West
1096 1131 109 47 pub.
1234 1141 66 29 co.

383 1242 283 53 Purdon’s
698 1239 424 70 Pennsylvania
1154 1244 257 62 statutes,
1444 1239 324 52 annotated.
1844 1241 345 51 Permanent
2220 1238 85 54 ed.

316 1317 1991 150 1932 cumulative pocket part for General index … Philadelphia, George T. Bisel co.; Newark, Soney & Sage co.; St. Paul,
313 1478 159 55 West
499 1476 335 69 publishing
861 1494 77 35 co.
974 1510 13 33 [
1015 1479 134 50 ᶜ1932
1154 1510 12 33 ]

385 1552 56 41 97
474 1564 43 37 p.
578 1551 144 41 23½ᶜᵐ.

387 1608 295 42 Cover-title.

389 1665 118 40 This
530 1665 248 48 pamphlet
802 1663 42 41 is
868 1667 48 37 to
941 1663 57 39 be
1020 1662 138 41 fitted
1181 1661 102 41 into
1309 1662 81 40 the
1413 1662 172 48 pocket
1611 1665 50 37 at
1687 1663 82 39 the
1792 1661 123 41 back
1940 1662 52 40 of
2017 1661 80 41 the
2122 1664 191 38 volume

317 1722 51 40 of
393 1722 82 40 the
501 1725 72 37 set
600 1723 49 38 to
676 1720 157 41 which
861 1719 38 41 it
926 1717 209 50 belongs.

322 1788 51 52 ©
412 1792 100 40 Oct.
548 1791 70 48 24,
655 1789 140 48 1932;
834 1790 67 40 2c.
938 1790 91 39 and
1069 1788 82 42 aff.
1188 1789 116 40 Nov.
1342 1789 81 46 14;
1462 1788 41 39 A
1539 1787 170 48 55934;
1750 1789 183 48 George
1969 1789 51 40 T.
2060 1788 132 42 Bisel
2229 1800 81 37 co.,

393 1849 154 47 Soney
576 1848 36 39 &
643 1847 123 48 Sage
792 1856 67 31 co.
888 1846 37 40 &
953 1846 134 40 West
1114 1845 110 48 pub.
1255 1855 66 30 co.

385 1949 283 54 Purdon’s
700 1947 425 69 Pennsylvania
1155 1953 257 62 statutes,
1445 1948 325 53 annotated.
1845 1950 347 51 Permanent
2222 1947 83 54 ed.

319 2026 1965 148 1932 cumulative annual pocket part for Tables … Philadelphia,
520 2105 222 69 George
785 2107 64 50 T.
893 2104 156 53 Bisel
1093 2123 107 48 co.;
1248 2105 263 67 Newark,
1556 2104 186 69 Soney
1785 2108 45 51 &
1876 2105 146 69 Sage
2066 2123 107 48 co.;
2223 2105 83 55 St.

319 2183 1046 68 Paul, West publishing co. [ ᶜ1 932 ]
388 2256 55 41 25
472 2268 41 37 p.
571 2256 145 41 23½ᶜᵐ.

390 2313 294 41 Cover-title.

392 2369 118 41 This
533 2369 247 48 pamphlet
803 2368 43 40 is
869 2371 48 38 to
943 2369 55 39 be
1021 2368 138 41 fitted
1183 2369 102 40 into
1312 2369 81 40 the
1416 2369 170 47 pocket
1613 2373 50 37 at
1688 2371 82 38 the
1795 2370 121 39 back
1941 2370 51 39 of
2018 2370 81 39 the
2125 2370 189 40 volume

320 2427 50 39 of
398 2426 82 40 the
505 2429 74 37 set
605 2429 47 37 to
680 2425 157 40 which
864 2426 38 39 it
929 2425 207 47 belongs.

325 2491 51 52 ©
415 2496 99 40 Oct.
552 2495 69 46 24,
657 2494 140 47 1932;
835 2494 67 40 2c.
940 2496 98 38 and
1071 2495 82 40 aff.
1190 2495 117 40 Nov.
1344 2496 81 45 14;
1465 2496 40 37 A
1542 2494 170 48 55932;
1752 2495 184 46 George
1971 2496 52 40 T.
2062 2494 130 40 Bisel
2230 2505 81 37 co.,

395 2553 153 46 Soney
576 2552 35 39 &
639 2552 121 47 Sage
786 2562 67 28 co.
882 2552 95 39 and
1004 2552 134 39 West
1162 2551 109 48 pub.
1298 2562 67 29 co.

389 2652 282 54 Purdon’s
703 2653 426 68 Pennsylvania
1159 2658 255 64 statutes,
1449 2655 324 52 annotated.
1848 2656 344 52 Permanent
2223 2655 85 52 ed.

324 2731 1924 69 1932 cumulative annual pocket parts for Titles 1-77 …
322 2808 426 69 Philadelphia,
775 2810 221 68 George
1024 2811 64 51 T.
1119 2810 155 53 Bisel
1302 2829 107 49 co.;
1441 2812 264 66 Newark,
1736 2811 185 69 Soney
1948 2815 45 50 &
2023 2812 148 69 Sage
2199 2831 106 48 co.;

325 2887 1160 70 St. Paul, West publishing co. [ ᶜ1 932 ]
391 2963 55 39 37
508 2994 8 8 v.
572 2960 143 41 23½ᶜᵐ.

393 3017 294 41 Cover-title.

394 3074 156 39 These
575 3074 274 47 pamphlets
877 3083 82 30 are
989 3076 47 37 to
1065 3074 57 39 be
1149 3073 140 41 fitted
1316 3074 103 41 into
1449 3076 80 39 the
1558 3077 197 46 pockets
1785 3078 50 37 at
1865 3076 81 39 the
1975 3075 147 41 backs
2151 3077 53 39 of
2233 3077 80 39 the

324 3130 215 40 volumes
565 3130 52 40 of
643 3131 81 39 the
749 3132 72 37 set
849 3134 47 35 to
923 3129 158 41 which
1107 3130 113 48 they
1245 3131 184 48 belong.

329 3194 51 52 ©
407 3199 102 40 Oct.
533 3198 70 47 24,
629 3198 139 47 1932;
796 3198 66 40 2c.
889 3198 117 40 each
1032 3201 96 38 and
1154 3199 81 41 aff.
1260 3200 116 40 Nov.
1405 3201 82 46 14;
1516 3202 40 38 A
1583 3200 169 48 55939;
1784 3202 181 48 George
1991 3202 50 40 T.
2072 3201 130 40 Bisel
2230 3212 82 37 co.,

399 3255 153 46 Soney
580 3255 36 40 &
644 3254 123 48 Sage
793 3265 65 29 co.
887 3254 36 40 &
947 3255 133 39 West
1108 3256 108 47 pub.
1244 3267 66 29 co.

324 3356 307 66 Richards,
663 3357 244 65 George,
938 3362 323 52 1849-1930.

393 3434 283 53 Richards
718 3453 71 33 on
832 3435 95 51 the
969 3436 109 50 law
1121 3435 63 52 of
1227 3436 296 54 insurance
1565 3438 60 52 in
1667 3439 77 51 all
1786 3437 74 54 its
1902 3437 289 69 branches,
327 3456 1961 123 especially
603 3509 118 69 fire,
757 3511 122 66 life,
915 3511 270 67 accident,
1221 3514 112 51 and
1369 3513 234 69 marine,
1639 3515 140 52 with
1815 3534 72 34 an
1924 3517 288 66 appendix
2249 3514 64 53 of

324 3592 236 49 statutes
604 3588 271 66 affecting
916 3588 94 50 the
1054 3589 295 53 insurance
1390 3596 253 48 contract
1686 3593 112 52 and
1841 3611 31 34 a
1914 3592 293 54 collection
2249 3592 64 54 of

328 3664 1983 72 forms. 4th ed., by Rowland H. Long … New York, Baker,
327 3741 245 52 Voorhis
596 3743 45 50 &
667 3759 97 47 co.,
792 3743 147 49 1932.

395 3813 99 48 xxi,
522 3813 116 40 1346
663 3824 42 37 p.
763 3813 146 40 25½ᶜᵐ.

398 3869 131 40 First
558 3872 48 37 to
634 3869 132 40 third
794 3869 209 40 editions
1030 3870 123 39 have
1181 3869 133 42 title:
1345 3872 39 38 A
1414 3872 202 41 treatise
1644 3884 60 29 on
1731 3874 82 41 the
1840 3874 95 40 law
1960 3874 53 41 of
2040 3874 271 42 insurance.

333 3934 51 51 ©
421 3939 100 40 Oct.
556 3939 68 47 10,
660 3938 112 41 1932;
836 3939 66 40 2c.
937 3941 95 38 and
1067 3939 80 41 aff.
1185 3940 101 40 Oct.
1322 3942 81 45 11;
1441 3943 41 38 A
1515 3943 169 48 55542;
1724 3945 173 40 Baker.
1933 3945 207 40 Voorhis
2174 3950 36 40 &
2245 3956 65 30 co.

410 3994 279 51 (32-30874)
