2563 4368
1081 4032 97 48 195

136 431 173 63 Cobb,
341 430 325 55 Elisabeth.

211 509 236 51 Murder
491 508 59 51 in
596 525 141 36 your
782 506 180 65 home,
1006 507 74 68 by
1128 506 293 53 Elisabeth
1473 505 156 54 Cobb
1677 505 112 53 and
1836 506 291 68 Margaret

142 586 141 54 Case
318 587 274 67 Morgan;
636 584 284 54 foreword
958 585 76 68 by
1073 584 325 55 Grantland
1438 584 152 52 Rice.
1667 584 135 52 New
1844 583 179 54 York,
2062 585 67 51 R.

139 666 162 67 Long
328 667 45 49 &
401 665 67 51 R.
498 665 66 51 R.
599 664 206 67 Smith,
836 665 125 65 inc.,
993 666 147 50 1932.

245 738 893 48 x. 167 p. incl. front., illus. 23½ ᶜᵐ .
212 795 188 41 “Crime
430 793 576 42 dramas.”—Foreword.

143 848 51 52 ©
223 853 107 38 Feb.
359 853 68 45 11,
455 851 112 41 1932;
623 851 66 40 2c.
719 851 108 39 Feb.
856 851 57 39 15;
968 850 80 40 aff.
1079 850 108 40 Feb.
1218 851 80 44 13;
1330 851 38 37 A
1397 849 143 40 47642;
1599 849 251 40 Elisabeth
1881 849 126 40 Cobb
2037 850 95 39 and

210 911 248 43 Margaret
487 909 121 40 Case
637 909 215 47 Morgan,
884 908 116 39 New
1028 907 144 40 York.
1243 906 249 48 (32-4943)

140 1000 298 53 Colorado.
512 1001 277 65 Supreme
820 1004 175 49 court.

137 1074 1966 135 Cases argued and determined … Terms of April and September,
401 1157 148 49 1931.
625 1155 239 52 Newton
899 1156 60 54 C.
994 1154 268 67 Garbutt,
1294 1159 257 63 reporter.
1642 1173 51 33 v.
1728 1158 81 48 89.
1883 1155 245 66 Denver,

138 1232 633 59 Bradford-Robinson,
803 1236 151 49 1931.

275 1306 372 47 xv. 656 p. 23 ᶜᵐ .
141 1358 51 52 ©
235 1363 109 41 Feb.
385 1364 67 45 15,
492 1362 139 46 1932;
673 1362 66 40 2c.
781 1364 95 38 and
917 1362 79 40 aff.
1039 1364 111 39 Feb.
1191 1364 81 45 23;
1317 1364 37 38 A
1395 1364 170 45 47771;
1611 1363 137 41 State
1789 1363 51 39 of
1882 1363 235 41 Colorado,

211 1420 200 40 Denver.

129 1510 287 64 Deckard,
448 1510 187 64 Percy
665 1510 272 64 Edward,
971 1516 170 49 1882-

205 1585 324 69 Genealogy
571 1585 62 52 of
673 1585 95 54 the
812 1585 263 54 Deckard
1118 1583 222 71 family,
1382 1584 257 70 showing
1681 1585 116 53 also
1840 1585 157 53 those
135 1585 1972 133 descended

406 1663 149 52 from
590 1662 234 68 Decker,
860 1662 261 68 Deckert,
1154 1663 237 65 Decher,
1424 1663 262 66 Dechert,
1721 1661 276 69 Decherd,
2030 1669 99 47 etc.

195 1738 1933 70 … Compiled by Percy Edward Deckard … Richfield, Pa.
139 1821 193 65 [ ᶜ1 932 ]
202 1888 840 50 3 p. l., 11-893 p. port. 23½ ᶜᵐ .
140 1945 51 52 ©
220 1950 108 41 Feb.
352 1949 70 47 20,
448 1949 114 40 1932;
616 1948 67 42 2c.
710 1951 95 38 and
832 1948 81 40 aff.
941 1948 110 41 Feb.
1079 1949 54 40 23;
1191 1949 39 38 A
1255 1949 144 39 47772;
1457 1950 47 38 P.
1535 1951 51 38 E.
1616 1950 237 46 Deckard,
1883 1949 248 43 Richfield,

208 2007 80 39 Pa.
360 2005 249 49 (32-4922)

130 2096 83 52 De
241 2096 85 52 La
353 2097 182 62 Mare,
564 2093 224 56 Walter
814 2094 174 65 John,
1021 2097 171 53 1873-
1405 2113 175 50 comp.

205 2170 144 52 Tom
378 2169 284 52 Tiddler’s
693 2169 252 68 ground;
980 2188 31 33 a
1041 2169 148 53 book
1219 2168 63 54 of
1313 2175 203 62 poetry
1546 2169 95 53 for
1671 2170 96 52 the
1796 2169 193 68 junior
2019 2170 111 53 and

134 2246 216 53 middle
383 2246 235 67 schools,
652 2247 202 53 chosen
888 2247 75 68 by
996 2247 224 52 Walter
1253 2247 88 52 De
1374 2247 82 51 La
1494 2247 177 51 Mare.
1744 2247 238 53 London
2020 2248 107 52 and

134 2324 285 62 Glasgow,
449 2325 236 54 Collins’
716 2325 313 61 clear-type
1061 2343 155 43 press
1273 2328 96 48 [1931]

201 2409 622 50 287, [1] p. ill us. 19ᶜᵐ.
206 2464 128 40 “The
358 2464 226 49 pictorial
610 2464 306 41 decorations
939 2464 49 39 in
1015 2464 99 40 this
1139 2464 121 40 book
1288 2474 83 31 are
1395 2463 295 49 reproduced
1717 2464 129 40 from
1871 2465 81 40 the
132 2465 1982 96 woodcuts
267 2522 53 40 of
346 2522 210 40 Thomas
584 2520 240 42 Bewick.”

140 2575 51 51 ©
218 2580 64 39 1c.
310 2579 109 40 Jan.
444 2578 53 38 21,
596 2578 55 40 1932;
706 2578 41 38 A
773 2578 60 39 ad
859 2578 86 40 int.
972 2576 169 42 15999;
1170 2578 143 47 pubd.
1340 2578 116 38 Nov.
1484 2576 69 47 25,
1581 2576 112 41 1931;
1751 2577 187 40 Walter
1966 2578 69 39 De
2064 2578 66 40 La

208 2637 147 46 Mare,
389 2636 210 46 Taplow,
634 2633 483 49 Buckinghamshire,
1153 2635 233 47 England.
1459 2633 251 50 (32-4992)

134 2727 85 52 De
248 2725 372 64 Schweinitz,
648 2724 319 56 Dorothea.

201 2803 151 51 How
391 2801 246 53 workers
675 2800 118 54 find
832 2800 152 67 jobs;
1028 2820 31 33 a
1096 2801 172 67 study
1305 2800 66 54 of
1409 2800 135 53 four
1581 2801 287 53 thousand
1903 2801 226 69 hosiery

132 2877 1716 69 workers in Philadelphia, by Dorothea De Schweinitz …
133 2880 1973 144 Philadelphia,
446 2955 338 67 University
813 2956 63 52 of
904 2954 424 68 Pennsylvania
1359 2973 174 49 press,
1564 2958 148 50 1932.

204 3028 1820 50 xvi, 199 p. illus. (maps) diagrs. 23½ ᶜᵐ . (Half-title: Industrial
134 3041 1978 88 research
337 3087 320 47 department.
717 3086 238 39 Wharton
989 3085 162 39 school
1185 3084 52 41 of
1269 3085 186 40 finance
1491 3086 94 39 and
1619 3095 276 38 commerce,

134 3085 1980 107 University
262 3143 52 40 of
345 3141 373 48 Pennsylvania,
751 3140 355 48 Philadelphia.
1166 3141 245 40 Research
1443 3141 187 40 studies.
1797 3142 14 47 XVI)

203 3199 347 48 Bibliography
569 3209 8 28 :
609 3209 43 36 p.
681 3197 215 40 193-194.

140 3253 51 52 ©
219 3257 110 41 Feb.
356 3256 68 46 12,
452 3255 139 41 1932;
620 3255 67 39 2c.
716 3254 108 39 Feb.
852 3253 82 43 20;
965 3253 80 39 aff.
1075 3253 109 40 Feb.
1212 3254 55 38 25;
1325 3254 40 38 A
1391 3253 170 46 47819;
1593 3254 282 48 University
1904 3254 52 40 of
206 3255 1907 104 Pennsylvania
461 3322 148 37 press.
682 3310 278 47 (32-26211)

137 3403 314 62 Desmond,
478 3402 194 55 Shaw.

207 3479 121 52 The
357 3496 136 50 cape
521 3479 63 51 of
613 3480 111 51 lost
750 3479 168 53 souls.

215 3553 83 39 (In
325 3549 200 43 London
554 3549 194 51 People,
779 3548 110 43 Jan.
920 3550 41 48 3,
994 3549 143 48 1932)

140 3604 51 52 ©
220 3610 64 38 1c.
314 3608 110 41 Feb.
452 3609 68 46 26,
549 3608 140 47 1932;
719 3609 41 38 A
787 3610 62 39 ad
875 3608 85 41 int.
991 3609 170 45 16085;
1192 3609 140 48 pubd.
1364 3610 109 40 Jan.
1502 3610 53 46 2;
1590 3610 44 40 S.
1663 3609 257 47 Desmond,
207 3609 1907 97 Twickenham.

432 3666 281 45 Middlesex,
753 3667 235 45 England.

137 3751 241 66 Dickey,
405 3754 257 54 Herbert
689 3755 273 64 Spencer,
993 3757 171 53 1876-

201 3829 1926 71 My jungle book [by] Herbert Spencer Dickey … Boston,
131 3905 195 65 Little,
356 3908 230 63 Brown,
616 3909 111 51 and
759 3927 296 49 company,
1088 3913 150 50 1932.
