2563 4368
1363 3995 102 50 336

420 471 81 53 ed.
575 472 369 53 Decorations
975 472 73 68 by
1083 471 276 53 Ethelind
1394 471 299 69 Ridgway.
1765 471 134 54 New
1940 470 176 67 York,
2152 470 267 70 Chicago,

421 550 68 51 A.
521 550 63 51 L.
618 550 149 53 Burt
797 567 294 49 company,
1126 552 149 49 1932.

485 620 1104 50 xi, [1], 11-498 p. incl. front., illus. 21 ᶜᵐ .
428 677 51 51 ©
509 682 120 38 Mar.
659 681 39 45 3,
727 680 139 46 1932;
897 680 66 40 2c.
994 681 95 38 and
1118 679 82 40 aff.
1231 681 120 39 Mar.
1381 681 52 46 5;
1465 680 39 38 A
1532 679 171 46 47958;
1735 680 54 42 A.
1818 680 49 40 L.
1898 681 124 39 Burt
2052 692 66 29 co.

512 736 250 47 (32-6568)

423 822 285 67 Whipple,
738 824 220 65 Sidney
984 825 350 64 Beaumont,
1367 830 171 50 1888-

491 899 351 56 Scandalous
888 900 280 70 princess;
1216 904 95 51 the
1357 901 276 68 exquisite
1678 901 269 54 Thérésia
1995 902 304 67 Cabarrus,
2344 902 74 67 by

420 979 215 68 Sidney
678 982 66 52 B.
787 980 290 68 Whipple.
1171 981 138 52 New
1356 980 179 67 York,
1577 980 259 67 London,
1876 980 120 53 The
2039 980 254 67 Century
2337 998 77 34 co.

531 1062 83 63 [ᶜ1932]

489 1128 1272 52 xi, 321 p. front., plates, ports. 21 ᶜᵐ . $3.00
491 1189 287 39 Illustrated
805 1189 364 47 lining-papers.

490 1243 162 42 “First
683 1244 258 49 printing.”

493 1301 348 48 Bibliography:
902 1312 42 37 p.
974 1301 99 40 321.

426 1354 51 51 ©
506 1360 120 38 Mar.
655 1359 29 40 8,
778 1360 58 39 1932;
891 1359 67 40 2c.
987 1362 95 38 and
1110 1358 82 42 aff.
1222 1360 121 38 Mar.
1372 1358 55 40 10;
1484 1358 41 39 A
1551 1356 144 42 49039;
1755 1357 212 48 Century
1997 1368 67 29 co.

501 1414 251 49 (32-6773)

420 1504 197 54 White
670 1505 184 54 house
907 1507 349 53 conference
1307 1523 74 36 on
1435 1505 152 55 child
1640 1504 205 54 health
1897 1505 115 54 and
2065 1503 349 66 protection.

488 1582 1927 69 Sect. III: Education and training. Committee on vocational
488 1661 279 66 guidance
796 1663 116 53 and
941 1662 157 57 child
1126 1662 178 55 labor.

488 1736 336 55 Vocational
859 1737 308 69 guidance;
1208 1744 193 63 report
1438 1739 63 52 of
1538 1739 94 54 the
1671 1736 439 57 Subcommittee
2146 1755 67 33 on
419 1754 1971 114 vocational

635 1815 295 72 guidance,
971 1816 79 51 M.
1092 1816 181 53 Edith
1315 1815 313 69 Campbell,
1668 1814 310 68 chairman,
2016 1813 193 57 White
2249 1814 169 53 house

420 1891 329 56 conference
785 1911 70 34 on
925 1892 123 53 child
1087 1894 193 52 health
1320 1893 111 53 and
1472 1891 330 69 protection.
1879 1892 135 52 New
2057 1890 177 67 York,
419 1890 1975 141 London,

580 1969 749 68 The Century co. [ ᶜ19 32]
484 2039 138 48 xxiii,
653 2039 147 42 3-396
829 2052 42 37 p.
903 2041 107 40 incl.
1044 2042 19 39 1
1101 2042 143 48 illus.,
1275 2041 195 49 diagrs.,
1502 2043 166 41 forms,
1729 2043 164 47 front.,
1926 2043 171 48 plates.
2156 2043 145 40 23½ᶜᵐ.

415 2094 130 50 $3.00

489 2154 289 40 Illustrated
810 2153 364 49 lining-papers.

487 2210 1927 49 “Section III—Education and training, F. J. Kelly, PH. D., chairman.
415 2266 288 42 Committee
727 2277 60 29 on
813 2266 275 40 vocational
1114 2267 237 48 guidance
1377 2268 96 39 and
1499 2266 129 41 child
1653 2267 151 48 labor,
1829 2267 136 40 Anne
1995 2267 43 41 S.
2065 2266 167 48 Davis,
416 2265 1982 106 chairman.”—p.

708 2322 85 50 [iii]

487 2379 377 48 “Bibliography
894 2379 51 41 of
974 2378 338 48 occupational
1341 2378 303 49 pamphlets”:
1704 2390 43 37 p.
1775 2378 203 42 107-136;
2038 2379 348 48 Bibliography:
416 2448 43 36 p.
491 2436 217 41 293-301.

423 2493 51 51 ©
505 2498 121 38 Mar.
656 2497 38 47 5,
723 2494 140 48 1932;
895 2495 66 40 2c.
992 2496 96 39 and
1116 2493 81 41 aff.
1229 2495 120 38 Mar.
1380 2493 82 46 10;
1493 2493 43 40 A
1561 2492 171 48 49042;
1765 2493 166 41 White
1956 2494 149 40 house
2136 2493 280 42 conference

490 2549 1925 50 on child health and protection, Ray Lyman Wilbur, M. D., chairman,
490 2609 334 48 Washington.
896 2609 251 48 (32-6885)

418 2682 306 67 Williams,
756 2685 217 63 Harry,
1008 2684 171 54 1875-

483 2760 184 53 Texas
694 2761 165 52 trails;
917 2760 232 68 legends
1176 2760 63 54 of
1263 2761 97 53 the
1385 2765 163 62 great
1576 2760 341 66 Southwest,
1942 2759 75 66 by
2045 2759 198 67 Harry
412 2758 1976 146 Williams,

629 2837 216 53 “Texas
879 2837 225 54 Trails”;
1169 2856 109 49 pen
1312 2839 112 52 and
1457 2838 103 52 ink
1589 2838 254 52 sketches
1875 2837 76 67 by
1985 2836 164 54 Hans
2181 2837 231 52 Reuter.

417 2917 83 50 1st
526 2914 85 53 ed.
675 2914 119 56 San
818 2915 274 67 Antonio,
1118 2916 154 66 Tex.,
1298 2916 219 66 Naylor
1542 2915 266 67 printing
1834 2932 280 44 company
2144 2917 193 65 [ᶜ1932]

486 2987 101 47 viii,
634 2988 58 48 [5],
721 2987 87 40 269
835 2999 44 37 p.
938 2987 146 41 24½ᶜᵐ.

486 3044 301 49 Tail-pieces.

487 3100 288 41 Illustrated
806 3100 363 50 lining-papers.

487 3156 154 42 These
670 3157 189 47 stories,
890 3169 129 30 some
1048 3169 107 29 now
1185 3156 190 43 revised
1405 3158 96 39 and
1530 3157 202 48 altered,
1762 3157 242 49 appeared
2032 3157 51 39 in
2113 3157 82 42 the
2228 3157 186 42 “Texas

417 3214 172 40 trails”
628 3214 191 40 column
857 3214 51 40 of
945 3215 82 40 the
1067 3214 99 40 San
1203 3214 210 41 Antonio
1450 3214 123 49 light
1613 3215 214 40 between
1866 3215 81 40 the
1984 3224 143 38 years
2164 3213 114 41 1927
2316 3214 96 40 and

417 3271 126 41 1931.
601 3271 61 48 cf.
693 3272 273 40 Foreword.

426 3326 51 51 ©
514 3330 107 39 Feb.
654 3329 68 45 11,
757 3327 113 41 1932;
932 3328 67 39 2c.
1033 3327 109 43 Feb.
1177 3328 54 39 17;
1295 3327 81 40 aff.
1409 3328 81 45 15;
1525 3327 41 39 A
1598 3327 148 40 48580;
1806 3328 60 38 H.
1900 3327 255 47 Williams,
2192 3327 97 41 San
494 3327 1905 105 Antonio,

676 3386 113 39 Tex.
861 3384 249 47 (32-6550)

420 3457 305 67 Williams,
753 3459 169 54 Jesse
951 3458 257 66 Feiring,
1241 3465 171 49 1886-

418 3534 1967 133 The principles of physical education, by Jesse Feiring Williams … 2d
847 3615 103 66 ed.,
975 3632 112 35 rev.
1163 3613 407 68 Philadelphia
1597 3615 112 52 and
1737 3613 258 66 London,
2019 3614 88 53 W.
2135 3615 66 50 B.
418 3612 1970 130 Saunders

571 3709 297 48 company,
898 3695 150 49 1932.

591 3792 9 17 xxv,
628 3761 173 41 17-468
827 3773 43 37 p.
931 3762 169 48 tables,
1128 3762 179 47 diagrs.
1334 3761 49 49 (1
1414 3761 143 46 fold.)
1624 3761 147 42 20½ᶜᵐ.

495 3817 293 40 “Reference
814 3818 254 48 readings”
1096 3822 52 37 at
1176 3820 90 39 end
1295 3818 51 39 of
1371 3819 118 39 each
1516 3819 214 47 chapter.

424 3870 51 51 ©
507 3876 120 38 Mar.
659 3875 40 46 1,
731 3874 113 41 1932;
903 3876 68 41 2c.
1003 3877 122 39 Mar.
1156 3877 26 38 4;
1243 3875 81 40 aff.
1357 3877 120 41 Mar.
1512 3877 24 38 7;
1598 3876 41 38 A
1669 3873 143 42 48822;
1875 3875 70 38 W.
1978 3875 52 38 B.
2067 3872 245 42 Saunders
2345 3880 67 32 co.

503 3930 250 49 (32-6777)
