<alto xmlns="http://www.loc.gov/standards/alto/ns-v3#" xmlns:xlink="http://www.w3.org/1999/xlink" xmlns:xsi="http://www.w3.org/2001/XMLSchema-instance" xsi:schemaLocation="http://www.loc.gov/standards/alto/ns-v3# http://www.loc.gov/alto/v3/alto-3-0.xsd"><Description>
<MeasurementUnit>pixel</MeasurementUnit>
<sourceImageInformation>
<fileName>1932_v29_part001.pdf</fileName>
</sourceImageInformation>
<OCRProcessing ID="IdOcr">
<ocrProcessingStep>
<processingDateTime>2019-04-25</processingDateTime>
<processingSoftware>
<softwareCreator>ABBYY</softwareCreator>
<softwareName>ABBYY Recognition Server</softwareName>
<softwareVersion>4.0</softwareVersion>
</processingSoftware>
</ocrProcessingStep>
</OCRProcessing>
</Description>
<Styles>
<ParagraphStyle ID="StyleId-FFFFFFFF-FFFF-FFFF-FFFF-FFFFFFFFFFFF-" ALIGN="Left" LEFT="0." RIGHT="0." FIRSTLINE="0."/>
<ParagraphStyle ID="StyleId-547D96D3-B2DE-4E86-A4BD-9DDFC275973A-" ALIGN="Left" LEFT="0." RIGHT="0." FIRSTLINE="0." LINESPACE="7.699999809"/>
<ParagraphStyle ID="StyleId-BE433B82-DF6F-491A-9872-F562FF4150C8-" ALIGN="Block" LEFT="0." RIGHT="0." FIRSTLINE="-13." LINESPACE="7.900000095"/>
<ParagraphStyle ID="StyleId-CC286467-50C5-4655-B0CF-BA365CCE0736-" ALIGN="Block" LEFT="0." RIGHT="0." FIRSTLINE="-15." LINESPACE="8.479999542"/>
<ParagraphStyle ID="StyleId-9878414D-BEDB-487D-971A-CF5ADB5C4AD2-" ALIGN="Block" LEFT="0." RIGHT="0." FIRSTLINE="-14." LINESPACE="10.92000008"/>
<ParagraphStyle ID="StyleId-EBC70DE5-3635-4BD4-B07B-05DF6EFE0022-" ALIGN="Block" LEFT="0." RIGHT="0." FIRSTLINE="-13." LINESPACE="12.19999981"/>
<ParagraphStyle ID="StyleId-8A688F83-F017-4D5D-A00A-14637016ED45-" ALIGN="Left" LEFT="0." RIGHT="0." FIRSTLINE="0." LINESPACE="9.399999619"/>
<ParagraphStyle ID="StyleId-20F0BBAE-20C6-42F4-8113-00B5C02924DC-" ALIGN="Left" LEFT="0." RIGHT="0." FIRSTLINE="0." LINESPACE="11.10000038"/>
<ParagraphStyle ID="StyleId-7AA70148-8873-4ACB-90AE-BF9322E02302-" ALIGN="Left" LEFT="0." RIGHT="0." FIRSTLINE="-13." LINESPACE="11.09000015"/>
<ParagraphStyle ID="StyleId-072EF7BA-7207-4F8B-9A7C-F564E8B4CB16-" ALIGN="Left" LEFT="0." RIGHT="0." FIRSTLINE="-14." LINESPACE="12.19999981"/>
<ParagraphStyle ID="StyleId-44303D12-21D7-4DB0-9E9F-87FA1A861DD7-" ALIGN="Block" LEFT="0." RIGHT="0." FIRSTLINE="-14." LINESPACE="10.92000008"/>
<ParagraphStyle ID="StyleId-43CF0D44-8AC2-4CD0-865F-942C78705184-" ALIGN="Block" LEFT="0." RIGHT="0." FIRSTLINE="-13." LINESPACE="12.19999981"/>
<ParagraphStyle ID="StyleId-7A298A86-29F5-413A-AEC9-078A4CC464D7-" ALIGN="Block" LEFT="0." RIGHT="0." FIRSTLINE="13." LINESPACE="12.19999981"/>
<ParagraphStyle ID="StyleId-8E4E86F7-C1F9-4A1A-B605-6B1FC1C8E9F7-" ALIGN="Left" LEFT="0." RIGHT="0." FIRSTLINE="0." LINESPACE="11.60000038"/>
<ParagraphStyle ID="StyleId-AB39791B-5ED1-444F-BEF5-2CFED1F2709A-" ALIGN="Left" LEFT="0." RIGHT="0." FIRSTLINE="-13." LINESPACE="11.09000015"/>
<ParagraphStyle ID="StyleId-C1F2EEE7-CD00-4E11-9EAD-B222287AEDA4-" ALIGN="Center" LEFT="0." RIGHT="0." FIRSTLINE="0." LINESPACE="11.10000038"/>
</Styles>
<Layout>
<Page ID="Page1613" PHYSICAL_IMG_NR="1613" HEIGHT="4368" WIDTH="2563">
<TopMargin HEIGHT="424" WIDTH="2563" VPOS="0" HPOS="0">
</TopMargin>
<LeftMargin HEIGHT="3734" WIDTH="64" VPOS="424" HPOS="0">
</LeftMargin>
<RightMargin HEIGHT="3734" WIDTH="390" VPOS="424" HPOS="2173">
</RightMargin>
<BottomMargin HEIGHT="210" WIDTH="2563" VPOS="4158" HPOS="0">
</BottomMargin>
<PrintSpace HEIGHT="3734" WIDTH="2109" VPOS="424" HPOS="64">
<TextBlock ID="Page1613_Block1" HEIGHT="70" WIDTH="154" VPOS="4088" HPOS="1034" LANG="en-US" STYLEREFS="StyleId-A7B79814-9074-46B2-9741-D8B6A0DF253A-">
<TextLine HEIGHT="50" WIDTH="133" VPOS="4098" HPOS="1045">
<String CONTENT="1613" HEIGHT="50" WIDTH="133" VPOS="4098" HPOS="1045"/>
</TextLine>
</TextBlock>
<TextBlock ID="Page1613_Block2" HEIGHT="3668" WIDTH="2109" VPOS="424" HPOS="64" LANG="en-US" CS="1" STYLEREFS="StyleId-125052FE-7A35-47F7-9C59-D506A660851C-">
<TextLine HEIGHT="68" WIDTH="1123" VPOS="466" HPOS="133" STYLEREFS="StyleId-A7B79814-9074-46B2-9741-D8B6A0DF253A-">
<String CONTENT="Couzens," HEIGHT="66" WIDTH="279" VPOS="468" HPOS="133"/>
<SP HEIGHT="65" WIDTH="27" VPOS="469" HPOS="413"/>
<String CONTENT="Henry" HEIGHT="64" WIDTH="207" VPOS="469" HPOS="441"/>
<SP HEIGHT="64" WIDTH="24" VPOS="469" HPOS="649"/>
<String LANG="de" CONTENT="De" HEIGHT="54" WIDTH="85" VPOS="469" HPOS="674"/>
<SP HEIGHT="55" WIDTH="28" VPOS="468" HPOS="760"/>
<String CONTENT="Clifford," HEIGHT="66" WIDTH="263" VPOS="466" HPOS="789"/>
<SP HEIGHT="59" WIDTH="31" VPOS="473" HPOS="1053"/>
<String CONTENT="1872-" HEIGHT="54" WIDTH="171" VPOS="468" HPOS="1085"/>
</TextLine>
<TextLine HEIGHT="70" WIDTH="1928" VPOS="544" HPOS="201" STYLEREFS="StyleId-A7B79814-9074-46B2-9741-D8B6A0DF253A-">
<String CONTENT="Brethren" HEIGHT="52" WIDTH="284" VPOS="547" HPOS="201"/>
<SP HEIGHT="34" WIDTH="28" VPOS="565" HPOS="486"/>
<String CONTENT="of" HEIGHT="54" WIDTH="65" VPOS="545" HPOS="515"/>
<SP HEIGHT="55" WIDTH="25" VPOS="545" HPOS="581"/>
<String CONTENT="the" HEIGHT="54" WIDTH="94" VPOS="546" HPOS="607"/>
<SP HEIGHT="53" WIDTH="31" VPOS="546" HPOS="702"/>
<String CONTENT="beach," HEIGHT="67" WIDTH="190" VPOS="545" HPOS="734"/>
<SP HEIGHT="67" WIDTH="25" VPOS="545" HPOS="925"/>
<String CONTENT="by" HEIGHT="68" WIDTH="75" VPOS="545" HPOS="951"/>
<SP HEIGHT="68" WIDTH="29" VPOS="545" HPOS="1027"/>
<String LANG="la" CONTENT="H." HEIGHT="53" WIDTH="78" VPOS="545" HPOS="1057"/>
<SP HEIGHT="52" WIDTH="29" VPOS="546" HPOS="1136"/>
<String CONTENT="D." HEIGHT="52" WIDTH="71" VPOS="546" HPOS="1166"/>
<SP HEIGHT="55" WIDTH="32" VPOS="544" HPOS="1238"/>
<String CONTENT="Couzens;" HEIGHT="68" WIDTH="281" VPOS="544" HPOS="1271"/>
<SP HEIGHT="49" WIDTH="32" VPOS="563" HPOS="1553"/>
<String CONTENT="with" HEIGHT="53" WIDTH="141" VPOS="545" HPOS="1586"/>
<SP HEIGHT="53" WIDTH="31" VPOS="544" HPOS="1728"/>
<String CONTENT="frontispiece" HEIGHT="70" WIDTH="369" VPOS="544" HPOS="1760"/>
</TextLine>
<TextLine HEIGHT="77" WIDTH="1996" VPOS="615" HPOS="132" STYLEREFS="StyleId-A7B79814-9074-46B2-9741-D8B6A0DF253A-">
<String CONTENT="from" HEIGHT="54" WIDTH="153" VPOS="622" HPOS="132"/>
<SP HEIGHT="36" WIDTH="29" VPOS="641" HPOS="286"/>
<String CONTENT="a" HEIGHT="35" WIDTH="31" VPOS="642" HPOS="316"/>
<SP HEIGHT="50" WIDTH="30" VPOS="641" HPOS="348"/>
<String CONTENT="painting" HEIGHT="69" WIDTH="268" VPOS="623" HPOS="379"/>
<SP HEIGHT="68" WIDTH="28" VPOS="624" HPOS="648"/>
<String CONTENT="by" HEIGHT="68" WIDTH="76" VPOS="624" HPOS="677"/>
<SP HEIGHT="70" WIDTH="28" VPOS="622" HPOS="754"/>
<String CONTENT="Anton" HEIGHT="54" WIDTH="199" VPOS="622" HPOS="783"/>
<SP HEIGHT="63" WIDTH="31" VPOS="615" HPOS="983"/>
<String CONTENT="Otto" HEIGHT="63" WIDTH="139" VPOS="615" HPOS="1015"/>
<SP HEIGHT="52" WIDTH="32" VPOS="623" HPOS="1155"/>
<String CONTENT="Fischer." HEIGHT="53" WIDTH="251" VPOS="622" HPOS="1188"/>
<SP HEIGHT="52" WIDTH="72" VPOS="623" HPOS="1440"/>
<String CONTENT="Boston," HEIGHT="68" WIDTH="237" VPOS="623" HPOS="1513"/>
<SP HEIGHT="68" WIDTH="25" VPOS="623" HPOS="1751"/>
<String CONTENT="L." HEIGHT="53" WIDTH="66" VPOS="623" HPOS="1777"/>
<SP HEIGHT="56" WIDTH="32" VPOS="623" HPOS="1844"/>
<String CONTENT="C." HEIGHT="56" WIDTH="63" VPOS="623" HPOS="1877"/>
<SP HEIGHT="53" WIDTH="30" VPOS="624" HPOS="1941"/>
<String CONTENT="Page" HEIGHT="67" WIDTH="156" VPOS="624" HPOS="1972"/>
</TextLine>
<TextLine HEIGHT="64" WIDTH="597" VPOS="704" HPOS="126" STYLEREFS="StyleId-A7B79814-9074-46B2-9741-D8B6A0DF253A-" CS="1">
<String CONTENT="&amp;" HEIGHT="49" WIDTH="46" VPOS="704" HPOS="126"/>
<SP HEIGHT="50" WIDTH="34" VPOS="704" HPOS="173"/>
<String CONTENT="company" HEIGHT="49" WIDTH="280" VPOS="719" HPOS="208"/>
<SP HEIGHT="49" WIDTH="41" VPOS="719" HPOS="489"/>
<String CS="1" CONTENT="["/>
<String STYLE="superscript" CS="1" CONTENT="&#7580;1"/>
<String CONTENT="932]" HEIGHT="64" WIDTH="119" VPOS="704" HPOS="604"/>
</TextLine>
<TextLine HEIGHT="52" WIDTH="873" VPOS="771" HPOS="196" CS="1">
<String CONTENT="vii" HEIGHT="40" WIDTH="70" VPOS="774" HPOS="196"/>
<SP HEIGHT="47" WIDTH="23" VPOS="774" HPOS="267"/>
<String CONTENT="p.," HEIGHT="38" WIDTH="57" VPOS="783" HPOS="291"/>
<SP HEIGHT="46" WIDTH="27" VPOS="775" HPOS="349"/>
<String CONTENT="1" HEIGHT="39" WIDTH="25" VPOS="775" HPOS="377"/>
<SP/>
<String CS="1" CONTENT="l.,"/>
<SP HEIGHT="48" WIDTH="23" VPOS="774" HPOS="474"/>
<String CONTENT="287" HEIGHT="40" WIDTH="87" VPOS="774" HPOS="498"/>
<SP HEIGHT="48" WIDTH="24" VPOS="775" HPOS="586"/>
<String CONTENT="p." HEIGHT="38" WIDTH="43" VPOS="785" HPOS="611"/>
<SP HEIGHT="40" WIDTH="57" VPOS="774" HPOS="655"/>
<String CONTENT="front." HEIGHT="40" WIDTH="149" VPOS="774" HPOS="713"/>
<SP HEIGHT="39" WIDTH="59" VPOS="774" HPOS="863"/>
<String CS="1" CONTENT="19&#189;&#7580;&#7504;." HEIGHT="43" WIDTH="146" VPOS="771" HPOS="923"/>
</TextLine>
<TextLine HEIGHT="52" WIDTH="1991" VPOS="841" HPOS="135">
<String CONTENT="&#169;" HEIGHT="52" WIDTH="51" VPOS="841" HPOS="135"/>
<SP HEIGHT="52" WIDTH="30" VPOS="841" HPOS="187"/>
<String CONTENT="Sept." HEIGHT="47" WIDTH="126" VPOS="846" HPOS="218"/>
<SP HEIGHT="38" WIDTH="25" VPOS="845" HPOS="345"/>
<String CONTENT="24," HEIGHT="45" WIDTH="70" VPOS="845" HPOS="371"/>
<SP HEIGHT="44" WIDTH="28" VPOS="846" HPOS="442"/>
<String CONTENT="1932;" HEIGHT="45" WIDTH="140" VPOS="845" HPOS="471"/>
<SP HEIGHT="45" WIDTH="27" VPOS="845" HPOS="612"/>
<String CONTENT="2c." HEIGHT="40" WIDTH="68" VPOS="845" HPOS="640"/>
<SP HEIGHT="41" WIDTH="27" VPOS="844" HPOS="709"/>
<String CONTENT="Sept." HEIGHT="47" WIDTH="128" VPOS="844" HPOS="737"/>
<SP HEIGHT="41" WIDTH="27" VPOS="843" HPOS="866"/>
<String CONTENT="28;" HEIGHT="47" WIDTH="82" VPOS="843" HPOS="894"/>
<SP HEIGHT="36" WIDTH="30" VPOS="854" HPOS="977"/>
<String CONTENT="aff." HEIGHT="41" WIDTH="82" VPOS="843" HPOS="1008"/>
<SP HEIGHT="40" WIDTH="30" VPOS="844" HPOS="1091"/>
<String CONTENT="Sept." HEIGHT="48" WIDTH="128" VPOS="844" HPOS="1122"/>
<SP HEIGHT="41" WIDTH="26" VPOS="843" HPOS="1251"/>
<String CONTENT="27;" HEIGHT="48" WIDTH="82" VPOS="843" HPOS="1278"/>
<SP HEIGHT="46" WIDTH="28" VPOS="845" HPOS="1361"/>
<!-- cceid 105C94EC-6D7D-1014-B4A5-D7A31D17AB40 --><String CONTENT="A" HEIGHT="37" WIDTH="40" VPOS="845" HPOS="1390"/>
<SP HEIGHT="39" WIDTH="27" VPOS="845" HPOS="1431"/>
<String CONTENT="55282;" HEIGHT="48" WIDTH="170" VPOS="843" HPOS="1459"/>
<SP HEIGHT="47" WIDTH="31" VPOS="844" HPOS="1630"/>
<String CONTENT="L." HEIGHT="40" WIDTH="49" VPOS="844" HPOS="1662"/>
<SP HEIGHT="41" WIDTH="30" VPOS="844" HPOS="1712"/>
<String CONTENT="C." HEIGHT="41" WIDTH="46" VPOS="844" HPOS="1743"/>
<SP HEIGHT="38" WIDTH="30" VPOS="845" HPOS="1790"/>
<String CONTENT="Page" HEIGHT="46" WIDTH="129" VPOS="845" HPOS="1821"/>
<SP HEIGHT="40" WIDTH="27" VPOS="845" HPOS="1951"/>
<String CONTENT="&amp;" HEIGHT="40" WIDTH="36" VPOS="845" HPOS="1979"/>
<SP HEIGHT="40" WIDTH="26" VPOS="845" HPOS="2016"/>
<String CONTENT="co.," HEIGHT="34" WIDTH="83" VPOS="855" HPOS="2043"/>
</TextLine>
<TextLine HEIGHT="49" WIDTH="439" VPOS="901" HPOS="200">
<String CONTENT="inc." HEIGHT="39" WIDTH="90" VPOS="902" HPOS="200"/>
<SP HEIGHT="47" WIDTH="68" VPOS="903" HPOS="291"/>
<String CONTENT="(32-30637)" HEIGHT="49" WIDTH="279" VPOS="901" HPOS="360"/>
</TextLine>
<TextLine HEIGHT="65" WIDTH="747" VPOS="1003" HPOS="130" STYLEREFS="StyleId-94B64D17-6E0B-405B-A35C-F25C6E83D2CC-">
<String CONTENT="Cox," HEIGHT="60" WIDTH="138" VPOS="1006" HPOS="130"/>
<SP HEIGHT="60" WIDTH="28" VPOS="1006" HPOS="269"/>
<String CONTENT="William" HEIGHT="55" WIDTH="254" VPOS="1004" HPOS="298"/>
<SP HEIGHT="52" WIDTH="28" VPOS="1005" HPOS="553"/>
<String CONTENT="Drought." HEIGHT="65" WIDTH="295" VPOS="1003" HPOS="582"/>
</TextLine>
<TextLine HEIGHT="72" WIDTH="1923" VPOS="1078" HPOS="198" STYLEREFS="StyleId-A7B79814-9074-46B2-9741-D8B6A0DF253A-">
<String CONTENT="The" HEIGHT="53" WIDTH="121" VPOS="1080" HPOS="198"/>
<SP HEIGHT="34" WIDTH="23" VPOS="1099" HPOS="320"/>
<String CONTENT="etching" HEIGHT="71" WIDTH="229" VPOS="1078" HPOS="344"/>
<SP HEIGHT="67" WIDTH="24" VPOS="1082" HPOS="574"/>
<String CONTENT="hobby" HEIGHT="69" WIDTH="189" VPOS="1080" HPOS="599"/>
<SP HEIGHT="49" WIDTH="30" VPOS="1100" HPOS="789"/>
<String CONTENT="[by]" HEIGHT="67" WIDTH="109" VPOS="1081" HPOS="820"/>
<SP HEIGHT="65" WIDTH="32" VPOS="1083" HPOS="930"/>
<String CONTENT="William" HEIGHT="54" WIDTH="259" VPOS="1081" HPOS="963"/>
<SP HEIGHT="51" WIDTH="25" VPOS="1083" HPOS="1223"/>
<String CONTENT="D." HEIGHT="52" WIDTH="71" VPOS="1083" HPOS="1249"/>
<SP HEIGHT="54" WIDTH="30" VPOS="1082" HPOS="1321"/>
<String CONTENT="Cox." HEIGHT="54" WIDTH="136" VPOS="1082" HPOS="1352"/>
<SP HEIGHT="52" WIDTH="74" VPOS="1083" HPOS="1489"/>
<String CONTENT="New" HEIGHT="52" WIDTH="139" VPOS="1083" HPOS="1564"/>
<SP HEIGHT="51" WIDTH="26" VPOS="1084" HPOS="1704"/>
<String CONTENT="York," HEIGHT="66" WIDTH="179" VPOS="1084" HPOS="1731"/>
<SP HEIGHT="66" WIDTH="26" VPOS="1084" HPOS="1911"/>
<String LANG="la" CONTENT="W." HEIGHT="54" WIDTH="89" VPOS="1084" HPOS="1938"/>
<SP HEIGHT="51" WIDTH="27" VPOS="1085" HPOS="2028"/>
<String CONTENT="F." HEIGHT="53" WIDTH="65" VPOS="1085" HPOS="2056"/>
</TextLine>
<TextLine HEIGHT="68" WIDTH="426" VPOS="1160" HPOS="128" STYLEREFS="StyleId-A7B79814-9074-46B2-9741-D8B6A0DF253A-">
<String CONTENT="Payson," HEIGHT="68" WIDTH="244" VPOS="1160" HPOS="128"/>
<SP HEIGHT="60" WIDTH="30" VPOS="1166" HPOS="373"/>
<String CONTENT="1932." HEIGHT="52" WIDTH="150" VPOS="1162" HPOS="404"/>
</TextLine>
<TextLine HEIGHT="48" WIDTH="1314" VPOS="1232" HPOS="197" CS="1">
<String CONTENT="xiii," HEIGHT="48" WIDTH="103" VPOS="1232" HPOS="197"/>
<SP HEIGHT="46" WIDTH="30" VPOS="1234" HPOS="301"/>
<String CONTENT="140" HEIGHT="40" WIDTH="87" VPOS="1232" HPOS="332"/>
<SP HEIGHT="47" WIDTH="25" VPOS="1232" HPOS="420"/>
<String CONTENT="p." HEIGHT="37" WIDTH="43" VPOS="1242" HPOS="446"/>
<SP HEIGHT="41" WIDTH="57" VPOS="1232" HPOS="490"/>
<String CONTENT="front.," HEIGHT="48" WIDTH="163" VPOS="1232" HPOS="548"/>
<SP HEIGHT="36" WIDTH="28" VPOS="1244" HPOS="712"/>
<String CONTENT="plates," HEIGHT="46" WIDTH="170" VPOS="1234" HPOS="741"/>
<SP HEIGHT="37" WIDTH="29" VPOS="1242" HPOS="912"/>
<String CONTENT="ports.," HEIGHT="45" WIDTH="161" VPOS="1234" HPOS="942"/>
<SP HEIGHT="44" WIDTH="32" VPOS="1234" HPOS="1104"/>
<String CONTENT="tables." HEIGHT="40" WIDTH="169" VPOS="1232" HPOS="1137"/>
<SP HEIGHT="40" WIDTH="57" VPOS="1232" HPOS="1307"/>
<String CS="1" CONTENT="24&#189;&#7580;&#7504;." HEIGHT="41" WIDTH="146" VPOS="1232" HPOS="1365"/>
</TextLine>
<TextLine HEIGHT="52" WIDTH="1993" VPOS="1293" HPOS="133" CS="1">
<String CONTENT="&#169;" HEIGHT="52" WIDTH="51" VPOS="1293" HPOS="133"/>
<SP HEIGHT="52" WIDTH="33" VPOS="1293" HPOS="185"/>
<String CONTENT="Oct." HEIGHT="41" WIDTH="102" VPOS="1297" HPOS="219"/>
<SP HEIGHT="41" WIDTH="31" VPOS="1297" HPOS="322"/>
<String CONTENT="3," HEIGHT="47" WIDTH="41" VPOS="1297" HPOS="354"/>
<SP HEIGHT="46" WIDTH="31" VPOS="1298" HPOS="396"/>
<String CS="1" CONTENT="1932;" HEIGHT="42" WIDTH="113" VPOS="1295" HPOS="428"/>
<SP HEIGHT="41" WIDTH="34" VPOS="1296" HPOS="569"/>
<String CONTENT="2c." HEIGHT="41" WIDTH="66" VPOS="1296" HPOS="604"/>
<SP HEIGHT="40" WIDTH="35" VPOS="1297" HPOS="671"/>
<String CONTENT="Oct." HEIGHT="39" WIDTH="101" VPOS="1297" HPOS="707"/>
<SP/>
<String CS="1" CONTENT="18;"/>
<SP/>
<String CS="1" CONTENT="aff."/>
<SP HEIGHT="40" WIDTH="35" VPOS="1296" HPOS="1043"/>
<String CONTENT="Oct." HEIGHT="40" WIDTH="102" VPOS="1296" HPOS="1079"/>
<SP HEIGHT="38" WIDTH="33" VPOS="1298" HPOS="1182"/>
<String CONTENT="17;" HEIGHT="45" WIDTH="82" VPOS="1297" HPOS="1216"/>
<SP HEIGHT="44" WIDTH="35" VPOS="1298" HPOS="1299"/>
<!-- cceid 105CBE6E-6D7D-1014-B4A5-D7A31D17AB40 --><String CONTENT="A" HEIGHT="37" WIDTH="42" VPOS="1298" HPOS="1335"/>
<SP HEIGHT="38" WIDTH="31" VPOS="1298" HPOS="1378"/>
<String CONTENT="56542:" HEIGHT="41" WIDTH="170" VPOS="1296" HPOS="1410"/>
<SP HEIGHT="39" WIDTH="35" VPOS="1298" HPOS="1581"/>
<String CONTENT="William" HEIGHT="41" WIDTH="217" VPOS="1296" HPOS="1617"/>
<SP HEIGHT="38" WIDTH="34" VPOS="1298" HPOS="1835"/>
<String CONTENT="Farquhar" HEIGHT="48" WIDTH="256" VPOS="1297" HPOS="1870"/>
</TextLine>
<TextLine HEIGHT="48" WIDTH="554" VPOS="1353" HPOS="200">
<String CONTENT="Payson." HEIGHT="47" WIDTH="204" VPOS="1354" HPOS="200"/>
<SP HEIGHT="47" WIDTH="69" VPOS="1354" HPOS="405"/>
<String CONTENT="(32-30656)" HEIGHT="48" WIDTH="279" VPOS="1353" HPOS="475"/>
</TextLine>
<TextLine HEIGHT="65" WIDTH="1363" VPOS="1456" HPOS="128" STYLEREFS="StyleId-A7B79814-9074-46B2-9741-D8B6A0DF253A-">
<String CONTENT="Crump," HEIGHT="64" WIDTH="236" VPOS="1457" HPOS="128"/>
<SP HEIGHT="64" WIDTH="25" VPOS="1457" HPOS="365"/>
<String CONTENT="Mrs." HEIGHT="52" WIDTH="139" VPOS="1457" HPOS="391"/>
<SP HEIGHT="51" WIDTH="26" VPOS="1458" HPOS="531"/>
<String CONTENT="Bonnie" HEIGHT="53" WIDTH="223" VPOS="1456" HPOS="558"/>
<SP HEIGHT="53" WIDTH="26" VPOS="1456" HPOS="782"/>
<String CONTENT="Lela" HEIGHT="53" WIDTH="139" VPOS="1456" HPOS="809"/>
<SP HEIGHT="63" WIDTH="33" VPOS="1458" HPOS="949"/>
<String CONTENT="(Massey)" HEIGHT="64" WIDTH="299" VPOS="1457" HPOS="983"/>
<SP HEIGHT="64" WIDTH="37" VPOS="1457" HPOS="1283"/>
<String CONTENT="1890-" HEIGHT="49" WIDTH="170" VPOS="1462" HPOS="1321"/>
</TextLine>
<TextLine HEIGHT="71" WIDTH="1928" VPOS="1532" HPOS="197" STYLEREFS="StyleId-A7B79814-9074-46B2-9741-D8B6A0DF253A-">
<String CONTENT="The" HEIGHT="53" WIDTH="123" VPOS="1534" HPOS="197"/>
<SP HEIGHT="35" WIDTH="37" VPOS="1552" HPOS="321"/>
<String CONTENT="educability" HEIGHT="68" WIDTH="347" VPOS="1533" HPOS="359"/>
<SP HEIGHT="50" WIDTH="37" VPOS="1551" HPOS="707"/>
<String CONTENT="of" HEIGHT="53" WIDTH="64" VPOS="1533" HPOS="745"/>
<SP HEIGHT="52" WIDTH="38" VPOS="1533" HPOS="810"/>
<String CONTENT="Indian" HEIGHT="53" WIDTH="212" VPOS="1533" HPOS="849"/>
<SP HEIGHT="33" WIDTH="39" VPOS="1552" HPOS="1062"/>
<String CONTENT="children" HEIGHT="54" WIDTH="257" VPOS="1532" HPOS="1102"/>
<SP HEIGHT="52" WIDTH="38" VPOS="1534" HPOS="1360"/>
<String CONTENT="in" HEIGHT="52" WIDTH="62" VPOS="1534" HPOS="1399"/>
<SP HEIGHT="34" WIDTH="37" VPOS="1552" HPOS="1462"/>
<String CONTENT="reservation" HEIGHT="56" WIDTH="349" VPOS="1532" HPOS="1500"/>
<SP HEIGHT="36" WIDTH="38" VPOS="1553" HPOS="1850"/>
<String CONTENT="schools," HEIGHT="69" WIDTH="236" VPOS="1534" HPOS="1889"/>
</TextLine>
<TextLine HEIGHT="71" WIDTH="1996" VPOS="1609" HPOS="127" STYLEREFS="StyleId-A7B79814-9074-46B2-9741-D8B6A0DF253A-" CS="1">
<String CONTENT="by" HEIGHT="69" WIDTH="75" VPOS="1611" HPOS="127"/>
<SP HEIGHT="67" WIDTH="34" VPOS="1613" HPOS="203"/>
<String CONTENT="Bonnie" HEIGHT="52" WIDTH="222" VPOS="1612" HPOS="238"/>
<SP HEIGHT="53" WIDTH="33" VPOS="1611" HPOS="461"/>
<String CONTENT="Lela" HEIGHT="52" WIDTH="137" VPOS="1611" HPOS="495"/>
<SP HEIGHT="54" WIDTH="36" VPOS="1610" HPOS="633"/>
<String CONTENT="Crump" HEIGHT="68" WIDTH="217" VPOS="1610" HPOS="670"/>
<SP HEIGHT="49" WIDTH="41" VPOS="1629" HPOS="888"/>
<String CS="1" CONTENT="&#8230;"/>
<SP HEIGHT="52" WIDTH="75" VPOS="1611" HPOS="987"/>
<String CONTENT="Durant," HEIGHT="68" WIDTH="246" VPOS="1611" HPOS="1063"/>
<SP HEIGHT="70" WIDTH="36" VPOS="1609" HPOS="1310"/>
<String CONTENT="Okl.," HEIGHT="70" WIDTH="149" VPOS="1609" HPOS="1347"/>
<SP HEIGHT="68" WIDTH="38" VPOS="1611" HPOS="1497"/>
<String CONTENT="Southeastern" HEIGHT="55" WIDTH="407" VPOS="1611" HPOS="1536"/>
<SP HEIGHT="34" WIDTH="35" VPOS="1631" HPOS="1944"/>
<String CONTENT="state" HEIGHT="48" WIDTH="143" VPOS="1618" HPOS="1980"/>
</TextLine>
<TextLine HEIGHT="67" WIDTH="687" VPOS="1689" HPOS="126" STYLEREFS="StyleId-A7B79814-9074-46B2-9741-D8B6A0DF253A-">
<String CONTENT="teachers" HEIGHT="53" WIDTH="250" VPOS="1690" HPOS="126"/>
<SP HEIGHT="34" WIDTH="28" VPOS="1708" HPOS="377"/>
<String CONTENT="college," HEIGHT="67" WIDTH="229" VPOS="1689" HPOS="406"/>
<SP HEIGHT="63" WIDTH="28" VPOS="1692" HPOS="636"/>
<String CONTENT="1932." HEIGHT="50" WIDTH="148" VPOS="1691" HPOS="665"/>
</TextLine>
<TextLine HEIGHT="105" WIDTH="1980" VPOS="1761" HPOS="125" CS="1">
<String CONTENT="3" HEIGHT="40" WIDTH="27" VPOS="1764" HPOS="195"/>
<SP/>
<String CONTENT="p." HEIGHT="38" WIDTH="42" VPOS="1774" HPOS="257"/>
<SP/>
<String CS="1" CONTENT="l.,"/>
<SP HEIGHT="47" WIDTH="35" VPOS="1763" HPOS="383"/>
<String CONTENT="58" HEIGHT="40" WIDTH="56" VPOS="1762" HPOS="419"/>
<SP HEIGHT="48" WIDTH="32" VPOS="1762" HPOS="476"/>
<String CONTENT="p." HEIGHT="37" WIDTH="44" VPOS="1773" HPOS="509"/>
<SP HEIGHT="41" WIDTH="62" VPOS="1762" HPOS="554"/>
<String CS="1" CONTENT="22&#189;&#7580;&#7504;." HEIGHT="40" WIDTH="146" VPOS="1761" HPOS="617"/>
<SP HEIGHT="47" WIDTH="72" VPOS="1761" HPOS="764"/>
<String CONTENT="(Southeastern" HEIGHT="47" WIDTH="380" VPOS="1761" HPOS="837"/>
<SP HEIGHT="29" WIDTH="33" VPOS="1773" HPOS="1218"/>
<String CONTENT="state" HEIGHT="40" WIDTH="129" VPOS="1763" HPOS="1252"/>
<SP HEIGHT="36" WIDTH="35" VPOS="1767" HPOS="1382"/>
<String CONTENT="teachers" HEIGHT="39" WIDTH="222" VPOS="1764" HPOS="1418"/>
<SP HEIGHT="29" WIDTH="34" VPOS="1775" HPOS="1641"/>
<String CONTENT="college." HEIGHT="46" WIDTH="193" VPOS="1764" HPOS="1676"/>
<SP HEIGHT="41" WIDTH="66" VPOS="1763" HPOS="1870"/>
<String CONTENT="Contributions" HEIGHT="98" WIDTH="1980" VPOS="1763" HPOS="125"/>
<SP HEIGHT="39" WIDTH="24" VPOS="1821" HPOS="320"/>
<String CONTENT="to" HEIGHT="38" WIDTH="49" VPOS="1821" HPOS="345"/>
<SP HEIGHT="29" WIDTH="24" VPOS="1830" HPOS="395"/>
<String CONTENT="education," HEIGHT="48" WIDTH="272" VPOS="1818" HPOS="420"/>
<SP HEIGHT="37" WIDTH="23" VPOS="1829" HPOS="693"/>
<String CONTENT="no." HEIGHT="31" WIDTH="75" VPOS="1829" HPOS="717"/>
<SP HEIGHT="42" WIDTH="23" VPOS="1818" HPOS="793"/>
<String CONTENT="3)" HEIGHT="47" WIDTH="52" VPOS="1818" HPOS="817"/>
</TextLine>
<TextLine HEIGHT="51" WIDTH="1403" VPOS="1873" HPOS="197" CS="1">
<String CONTENT="Issued" HEIGHT="40" WIDTH="171" VPOS="1877" HPOS="197"/>
<SP HEIGHT="39" WIDTH="27" VPOS="1877" HPOS="369"/>
<String CONTENT="also" HEIGHT="39" WIDTH="103" VPOS="1877" HPOS="397"/>
<SP HEIGHT="31" WIDTH="26" VPOS="1885" HPOS="501"/>
<String CONTENT="as" HEIGHT="30" WIDTH="54" VPOS="1885" HPOS="528"/>
<SP HEIGHT="38" WIDTH="28" VPOS="1877" HPOS="583"/>
<String CONTENT="thesis" HEIGHT="41" WIDTH="153" VPOS="1874" HPOS="612"/>
<SP HEIGHT="49" WIDTH="25" VPOS="1873" HPOS="766"/>
<String CS="1" CONTENT="(PH." HEIGHT="49" WIDTH="14" VPOS="1873" HPOS="792"/>
<SP/>
<String CS="1" CONTENT="D.)" HEIGHT="48" WIDTH="14" VPOS="1874" HPOS="981"/>
<SP HEIGHT="48" WIDTH="37" VPOS="1874" HPOS="996"/>
<String CONTENT="Columbia" HEIGHT="41" WIDTH="251" VPOS="1874" HPOS="1034"/>
<SP HEIGHT="30" WIDTH="28" VPOS="1885" HPOS="1286"/>
<String CONTENT="university." HEIGHT="50" WIDTH="285" VPOS="1874" HPOS="1315"/>
</TextLine>
<TextLine HEIGHT="50" WIDTH="1926" VPOS="1930" HPOS="197" CS="1">
<String CONTENT="&#8220;The" HEIGHT="39" WIDTH="129" VPOS="1934" HPOS="197"/>
<SP HEIGHT="36" WIDTH="25" VPOS="1944" HPOS="327"/>
<String CONTENT="present" HEIGHT="45" WIDTH="195" VPOS="1935" HPOS="353"/>
<SP HEIGHT="37" WIDTH="26" VPOS="1935" HPOS="549"/>
<String CONTENT="study" HEIGHT="47" WIDTH="145" VPOS="1932" HPOS="576"/>
<SP HEIGHT="48" WIDTH="25" VPOS="1931" HPOS="722"/>
<String CONTENT="is" HEIGHT="40" WIDTH="42" VPOS="1931" HPOS="748"/>
<SP HEIGHT="28" WIDTH="29" VPOS="1943" HPOS="791"/>
<String CS="1" CONTENT="&#8230;"/>
<SP HEIGHT="29" WIDTH="28" VPOS="1942" HPOS="869"/>
<String CONTENT="confined" HEIGHT="41" WIDTH="216" VPOS="1930" HPOS="898"/>
<SP HEIGHT="39" WIDTH="27" VPOS="1932" HPOS="1115"/>
<String CONTENT="strictly" HEIGHT="48" WIDTH="193" VPOS="1931" HPOS="1143"/>
<SP HEIGHT="45" WIDTH="27" VPOS="1934" HPOS="1337"/>
<String CONTENT="to" HEIGHT="38" WIDTH="49" VPOS="1934" HPOS="1365"/>
<SP HEIGHT="40" WIDTH="24" VPOS="1931" HPOS="1415"/>
<String CONTENT="full" HEIGHT="41" WIDTH="95" VPOS="1931" HPOS="1440"/>
<SP HEIGHT="39" WIDTH="26" VPOS="1933" HPOS="1536"/>
<String CONTENT="blood" HEIGHT="40" WIDTH="140" VPOS="1933" HPOS="1563"/>
<SP HEIGHT="40" WIDTH="27" VPOS="1933" HPOS="1704"/>
<String CONTENT="Indians" HEIGHT="41" WIDTH="202" VPOS="1933" HPOS="1732"/>
<SP HEIGHT="30" WIDTH="26" VPOS="1944" HPOS="1935"/>
<String CONTENT="of" HEIGHT="39" WIDTH="52" VPOS="1935" HPOS="1962"/>
<SP HEIGHT="41" WIDTH="25" VPOS="1935" HPOS="2015"/>
<String CONTENT="the" HEIGHT="41" WIDTH="82" VPOS="1935" HPOS="2041"/>
</TextLine>
<TextLine HEIGHT="49" WIDTH="1131" VPOS="1986" HPOS="126">
<String CONTENT="Five" HEIGHT="40" WIDTH="117" VPOS="1990" HPOS="126"/>
<SP HEIGHT="29" WIDTH="23" VPOS="2001" HPOS="244"/>
<String CONTENT="civilized" HEIGHT="41" WIDTH="221" VPOS="1989" HPOS="268"/>
<SP HEIGHT="38" WIDTH="24" VPOS="1990" HPOS="490"/>
<String CONTENT="tribes" HEIGHT="40" WIDTH="150" VPOS="1988" HPOS="515"/>
<SP HEIGHT="29" WIDTH="25" VPOS="1999" HPOS="666"/>
<String CONTENT="of" HEIGHT="39" WIDTH="52" VPOS="1988" HPOS="692"/>
<SP HEIGHT="41" WIDTH="25" VPOS="1987" HPOS="745"/>
<String CONTENT="Oklahoma.&#8221;&#8212;p." HEIGHT="49" WIDTH="420" VPOS="1986" HPOS="771"/>
<SP HEIGHT="40" WIDTH="24" VPOS="1988" HPOS="1192"/>
<String CONTENT="7." HEIGHT="40" WIDTH="40" VPOS="1988" HPOS="1217"/>
</TextLine>
<TextLine HEIGHT="49" WIDTH="632" VPOS="2045" HPOS="194">
<String CONTENT="Bibliography:" HEIGHT="49" WIDTH="376" VPOS="2045" HPOS="194"/>
<SP HEIGHT="37" WIDTH="26" VPOS="2055" HPOS="571"/>
<String CONTENT="p." HEIGHT="37" WIDTH="44" VPOS="2055" HPOS="598"/>
<SP HEIGHT="40" WIDTH="24" VPOS="2045" HPOS="643"/>
<String CONTENT="53-54." HEIGHT="39" WIDTH="158" VPOS="2045" HPOS="668"/>
</TextLine>
<TextLine HEIGHT="52" WIDTH="1993" VPOS="2100" HPOS="129">
<String CONTENT="&#169;" HEIGHT="52" WIDTH="51" VPOS="2100" HPOS="129"/>
<SP HEIGHT="52" WIDTH="42" VPOS="2100" HPOS="181"/>
<String CONTENT="Sept." HEIGHT="47" WIDTH="128" VPOS="2104" HPOS="224"/>
<SP HEIGHT="37" WIDTH="39" VPOS="2104" HPOS="353"/>
<String CONTENT="1," HEIGHT="45" WIDTH="38" VPOS="2104" HPOS="393"/>
<SP HEIGHT="45" WIDTH="40" VPOS="2104" HPOS="432"/>
<String CONTENT="1932;" HEIGHT="48" WIDTH="140" VPOS="2101" HPOS="473"/>
<SP HEIGHT="47" WIDTH="40" VPOS="2102" HPOS="614"/>
<String CONTENT="2c." HEIGHT="40" WIDTH="68" VPOS="2102" HPOS="655"/>
<SP HEIGHT="38" WIDTH="38" VPOS="2103" HPOS="724"/>
<String CONTENT="Aug." HEIGHT="46" WIDTH="118" VPOS="2103" HPOS="763"/>
<SP HEIGHT="39" WIDTH="41" VPOS="2103" HPOS="882"/>
<String CONTENT="31;" HEIGHT="44" WIDTH="83" VPOS="2103" HPOS="924"/>
<SP HEIGHT="35" WIDTH="42" VPOS="2112" HPOS="1008"/>
<String CONTENT="aff." HEIGHT="39" WIDTH="81" VPOS="2101" HPOS="1051"/>
<SP HEIGHT="40" WIDTH="44" VPOS="2101" HPOS="1133"/>
<String CONTENT="Sept." HEIGHT="48" WIDTH="127" VPOS="2101" HPOS="1178"/>
<SP HEIGHT="37" WIDTH="41" VPOS="2104" HPOS="1306"/>
<String CONTENT="19;" HEIGHT="42" WIDTH="81" VPOS="2101" HPOS="1348"/>
<SP HEIGHT="39" WIDTH="43" VPOS="2104" HPOS="1430"/>
<!-- cceid 105CE41F-6D7D-1014-B4A5-D7A31D17AB40 --><String CONTENT="A" HEIGHT="37" WIDTH="40" VPOS="2104" HPOS="1474"/>
<SP HEIGHT="38" WIDTH="39" VPOS="2104" HPOS="1515"/>
<String CONTENT="55177;" HEIGHT="47" WIDTH="170" VPOS="2104" HPOS="1555"/>
<SP HEIGHT="47" WIDTH="46" VPOS="2104" HPOS="1726"/>
<String CONTENT="Southeastern" HEIGHT="41" WIDTH="349" VPOS="2104" HPOS="1773"/>
</TextLine>
<TextLine HEIGHT="50" WIDTH="1315" VPOS="2158" HPOS="196">
<String CONTENT="state" HEIGHT="38" WIDTH="128" VPOS="2162" HPOS="196"/>
<SP HEIGHT="38" WIDTH="25" VPOS="2162" HPOS="325"/>
<String CONTENT="teachers" HEIGHT="40" WIDTH="219" VPOS="2159" HPOS="351"/>
<SP HEIGHT="28" WIDTH="27" VPOS="2170" HPOS="571"/>
<String CONTENT="college," HEIGHT="47" WIDTH="190" VPOS="2158" HPOS="599"/>
<SP HEIGHT="47" WIDTH="29" VPOS="2158" HPOS="790"/>
<String CONTENT="Durant," HEIGHT="48" WIDTH="207" VPOS="2158" HPOS="820"/>
<SP HEIGHT="48" WIDTH="30" VPOS="2158" HPOS="1028"/>
<String CONTENT="Okl." HEIGHT="40" WIDTH="104" VPOS="2158" HPOS="1059"/>
<SP HEIGHT="47" WIDTH="68" VPOS="2159" HPOS="1164"/>
<String CONTENT="(32-30775)" HEIGHT="50" WIDTH="278" VPOS="2158" HPOS="1233"/>
</TextLine>
<TextLine HEIGHT="66" WIDTH="908" VPOS="2259" HPOS="124" STYLEREFS="StyleId-94B64D17-6E0B-405B-A35C-F25C6E83D2CC-">
<String CONTENT="Currie," HEIGHT="66" WIDTH="225" VPOS="2259" HPOS="124"/>
<SP HEIGHT="64" WIDTH="26" VPOS="2261" HPOS="350"/>
<String CONTENT="Barton" HEIGHT="53" WIDTH="226" VPOS="2261" HPOS="377"/>
<SP HEIGHT="54" WIDTH="26" VPOS="2260" HPOS="604"/>
<String CONTENT="Wood," HEIGHT="65" WIDTH="200" VPOS="2260" HPOS="631"/>
<SP HEIGHT="60" WIDTH="29" VPOS="2265" HPOS="832"/>
<String CONTENT="1878-" HEIGHT="53" WIDTH="170" VPOS="2262" HPOS="862"/>
</TextLine>
<TextLine HEIGHT="148" WIDTH="1976" VPOS="2337" HPOS="124" STYLEREFS="StyleId-A7B79814-9074-46B2-9741-D8B6A0DF253A-" CS="1">
<String CONTENT="Booth" HEIGHT="53" WIDTH="188" VPOS="2338" HPOS="193"/>
<SP HEIGHT="53" WIDTH="28" VPOS="2338" HPOS="382"/>
<String CONTENT="Tarkington," HEIGHT="69" WIDTH="380" VPOS="2337" HPOS="411"/>
<SP HEIGHT="48" WIDTH="25" VPOS="2356" HPOS="792"/>
<String CONTENT="a" HEIGHT="34" WIDTH="31" VPOS="2356" HPOS="818"/>
<SP HEIGHT="54" WIDTH="29" VPOS="2337" HPOS="850"/>
<String CONTENT="bibliography," HEIGHT="69" WIDTH="426" VPOS="2337" HPOS="880"/>
<SP HEIGHT="68" WIDTH="23" VPOS="2338" HPOS="1307"/>
<String CONTENT="by" HEIGHT="68" WIDTH="75" VPOS="2338" HPOS="1331"/>
<SP HEIGHT="66" WIDTH="26" VPOS="2340" HPOS="1407"/>
<String CONTENT="Barton" HEIGHT="52" WIDTH="221" VPOS="2340" HPOS="1434"/>
<SP HEIGHT="55" WIDTH="29" VPOS="2339" HPOS="1656"/>
<String CONTENT="Currie." HEIGHT="55" WIDTH="218" VPOS="2339" HPOS="1686"/>
<SP HEIGHT="56" WIDTH="74" VPOS="2339" HPOS="1905"/>
<String CONTENT="Garden" HEIGHT="130" WIDTH="1976" VPOS="2339" HPOS="124"/>
<SP HEIGHT="56" WIDTH="27" VPOS="2414" HPOS="235"/>
<String CONTENT="City," HEIGHT="69" WIDTH="153" VPOS="2414" HPOS="263"/>
<SP HEIGHT="67" WIDTH="27" VPOS="2416" HPOS="417"/>
<String CONTENT="N." HEIGHT="52" WIDTH="69" VPOS="2416" HPOS="445"/>
<SP HEIGHT="52" WIDTH="29" VPOS="2416" HPOS="515"/>
<String CONTENT="Y.," HEIGHT="68" WIDTH="92" VPOS="2416" HPOS="545"/>
<SP HEIGHT="68" WIDTH="26" VPOS="2416" HPOS="638"/>
<String CONTENT="Doubleday," HEIGHT="69" WIDTH="358" VPOS="2415" HPOS="665"/>
<SP HEIGHT="68" WIDTH="25" VPOS="2416" HPOS="1024"/>
<String CONTENT="Doran" HEIGHT="53" WIDTH="199" VPOS="2416" HPOS="1050"/>
<SP HEIGHT="50" WIDTH="28" VPOS="2419" HPOS="1250"/>
<String CONTENT="&amp;" HEIGHT="50" WIDTH="46" VPOS="2419" HPOS="1279"/>
<SP HEIGHT="50" WIDTH="26" VPOS="2419" HPOS="1326"/>
<String CONTENT="company," HEIGHT="51" WIDTH="298" VPOS="2434" HPOS="1353"/>
<SP HEIGHT="68" WIDTH="28" VPOS="2417" HPOS="1652"/>
<String CONTENT="inc.," HEIGHT="64" WIDTH="127" VPOS="2417" HPOS="1681"/>
<SP HEIGHT="60" WIDTH="30" VPOS="2421" HPOS="1809"/>
<String CONTENT="1932." HEIGHT="49" WIDTH="150" VPOS="2421" HPOS="1840"/>
</TextLine>
<TextLine HEIGHT="50" WIDTH="1634" VPOS="2488" HPOS="191" STYLEREFS="StyleId-A7B79814-9074-46B2-9741-D8B6A0DF253A-" CS="1">
<String CONTENT="vii," HEIGHT="47" WIDTH="82" VPOS="2489" HPOS="191"/>
<SP HEIGHT="46" WIDTH="24" VPOS="2490" HPOS="274"/>
<String CONTENT="154" HEIGHT="39" WIDTH="86" VPOS="2490" HPOS="299"/>
<SP HEIGHT="46" WIDTH="22" VPOS="2491" HPOS="386"/>
<String CONTENT="p." HEIGHT="38" WIDTH="44" VPOS="2499" HPOS="409"/>
<SP HEIGHT="40" WIDTH="24" VPOS="2489" HPOS="454"/>
<String CONTENT="incl." HEIGHT="40" WIDTH="109" VPOS="2489" HPOS="479"/>
<SP HEIGHT="37" WIDTH="25" VPOS="2500" HPOS="589"/>
<String CS="1" CONTENT="plates." HEIGHT="46" WIDTH="157" VPOS="2491" HPOS="615"/>
<SP HEIGHT="39" WIDTH="57" VPOS="2489" HPOS="787"/>
<String CS="1" CONTENT="front." HEIGHT="40" WIDTH="136" VPOS="2489" HPOS="845"/>
<SP HEIGHT="49" WIDTH="26" VPOS="2488" HPOS="997"/>
<String CONTENT="(port.)" HEIGHT="49" WIDTH="172" VPOS="2488" HPOS="1024"/>
<SP HEIGHT="49" WIDTH="33" VPOS="2489" HPOS="1197"/>
<String CONTENT="plates," HEIGHT="47" WIDTH="172" VPOS="2491" HPOS="1231"/>
<SP HEIGHT="48" WIDTH="24" VPOS="2490" HPOS="1404"/>
<String CONTENT="facsim." HEIGHT="42" WIDTH="189" VPOS="2489" HPOS="1429"/>
<SP HEIGHT="41" WIDTH="59" VPOS="2490" HPOS="1619"/>
<String CS="1" CONTENT="21&#189;&#7580;&#7504;." HEIGHT="40" WIDTH="146" VPOS="2490" HPOS="1679"/>
</TextLine>
<TextLine HEIGHT="42" WIDTH="416" VPOS="2545" HPOS="192">
<String CONTENT="&#8220;First" HEIGHT="42" WIDTH="163" VPOS="2545" HPOS="192"/>
<SP HEIGHT="39" WIDTH="25" VPOS="2548" HPOS="356"/>
<String CONTENT="edition.&#8221;" HEIGHT="42" WIDTH="226" VPOS="2545" HPOS="382"/>
</TextLine>
<TextLine HEIGHT="52" WIDTH="1992" VPOS="2599" HPOS="127" CS="1">
<String CONTENT="&#169;" HEIGHT="52" WIDTH="51" VPOS="2599" HPOS="127"/>
<SP HEIGHT="52" WIDTH="31" VPOS="2599" HPOS="179"/>
<String CONTENT="Oct." HEIGHT="40" WIDTH="101" VPOS="2603" HPOS="211"/>
<SP HEIGHT="39" WIDTH="27" VPOS="2604" HPOS="313"/>
<String CONTENT="5." HEIGHT="39" WIDTH="38" VPOS="2604" HPOS="341"/>
<SP HEIGHT="38" WIDTH="30" VPOS="2605" HPOS="380"/>
<String CS="1" CONTENT="1932;" HEIGHT="41" WIDTH="113" VPOS="2602" HPOS="411"/>
<SP HEIGHT="42" WIDTH="29" VPOS="2602" HPOS="553"/>
<String CONTENT="2c." HEIGHT="40" WIDTH="67" VPOS="2602" HPOS="583"/>
<SP HEIGHT="29" WIDTH="29" VPOS="2613" HPOS="651"/>
<String CONTENT="and" HEIGHT="38" WIDTH="94" VPOS="2605" HPOS="681"/>
<SP HEIGHT="38" WIDTH="31" VPOS="2605" HPOS="776"/>
<String CONTENT="aff." HEIGHT="41" WIDTH="81" VPOS="2601" HPOS="808"/>
<SP HEIGHT="40" WIDTH="30" VPOS="2602" HPOS="890"/>
<String CONTENT="Oct." HEIGHT="40" WIDTH="102" VPOS="2602" HPOS="921"/>
<SP HEIGHT="38" WIDTH="30" VPOS="2604" HPOS="1024"/>
<String CONTENT="10;" HEIGHT="46" WIDTH="81" VPOS="2602" HPOS="1055"/>
<SP HEIGHT="45" WIDTH="31" VPOS="2603" HPOS="1137"/>
<!-- cceid 105D0A2B-6D7D-1014-B4A5-D7A31D17AB40 --><String CONTENT="A" HEIGHT="38" WIDTH="41" VPOS="2603" HPOS="1169"/>
<SP HEIGHT="38" WIDTH="29" VPOS="2603" HPOS="1211"/>
<String CONTENT="56670;" HEIGHT="48" WIDTH="170" VPOS="2602" HPOS="1241"/>
<SP HEIGHT="47" WIDTH="33" VPOS="2603" HPOS="1412"/>
<String CONTENT="B." HEIGHT="39" WIDTH="54" VPOS="2603" HPOS="1446"/>
<SP HEIGHT="40" WIDTH="32" VPOS="2603" HPOS="1501"/>
<String CONTENT="Currie," HEIGHT="48" WIDTH="183" VPOS="2603" HPOS="1534"/>
<SP HEIGHT="47" WIDTH="31" VPOS="2604" HPOS="1718"/>
<String CONTENT="Bela-Cynwyd," HEIGHT="50" WIDTH="369" VPOS="2601" HPOS="1750"/>
</TextLine>
<TextLine HEIGHT="48" WIDTH="433" VPOS="2659" HPOS="194" CS="1">
<String CONTENT="Pa." HEIGHT="39" WIDTH="84" VPOS="2661" HPOS="194"/>
<SP HEIGHT="47" WIDTH="68" VPOS="2660" HPOS="279"/>
<String CS="1" CONTENT="(32-30628)" HEIGHT="48" WIDTH="279" VPOS="2659" HPOS="348"/>
</TextLine>
<TextLine HEIGHT="68" WIDTH="933" VPOS="2758" HPOS="126" STYLEREFS="StyleId-94B64D17-6E0B-405B-A35C-F25C6E83D2CC-">
<String CONTENT="Dhonau," HEIGHT="67" WIDTH="266" VPOS="2758" HPOS="126"/>
<SP HEIGHT="62" WIDTH="30" VPOS="2763" HPOS="393"/>
<String CONTENT="Charles" HEIGHT="56" WIDTH="247" VPOS="2760" HPOS="424"/>
<SP HEIGHT="54" WIDTH="23" VPOS="2761" HPOS="672"/>
<String CONTENT="Otto," HEIGHT="65" WIDTH="161" VPOS="2761" HPOS="696"/>
<SP HEIGHT="59" WIDTH="30" VPOS="2767" HPOS="858"/>
<String CONTENT="1886-" HEIGHT="50" WIDTH="170" VPOS="2766" HPOS="889"/>
</TextLine>
<TextLine HEIGHT="69" WIDTH="1922" VPOS="2836" HPOS="192" STYLEREFS="StyleId-A7B79814-9074-46B2-9741-D8B6A0DF253A-" CS="1">
<String CONTENT="Manual" HEIGHT="52" WIDTH="236" VPOS="2837" HPOS="192"/>
<SP HEIGHT="51" WIDTH="27" VPOS="2837" HPOS="429"/>
<String CONTENT="of" HEIGHT="51" WIDTH="64" VPOS="2837" HPOS="457"/>
<SP HEIGHT="51" WIDTH="27" VPOS="2837" HPOS="522"/>
<String CONTENT="restorative" HEIGHT="52" WIDTH="333" VPOS="2839" HPOS="550"/>
<SP HEIGHT="34" WIDTH="30" VPOS="2857" HPOS="884"/>
<String CONTENT="art," HEIGHT="61" WIDTH="106" VPOS="2844" HPOS="915"/>
<SP HEIGHT="68" WIDTH="29" VPOS="2837" HPOS="1022"/>
<String CONTENT="by" HEIGHT="68" WIDTH="74" VPOS="2837" HPOS="1052"/>
<SP HEIGHT="69" WIDTH="32" VPOS="2836" HPOS="1127"/>
<String CONTENT="Charles" HEIGHT="55" WIDTH="233" VPOS="2836" HPOS="1160"/>
<SP HEIGHT="55" WIDTH="30" VPOS="2836" HPOS="1394"/>
<String CONTENT="O." HEIGHT="55" WIDTH="67" VPOS="2836" HPOS="1425"/>
<SP HEIGHT="53" WIDTH="32" VPOS="2838" HPOS="1493"/>
<String CONTENT="Dhonau" HEIGHT="52" WIDTH="244" VPOS="2838" HPOS="1526"/>
<SP HEIGHT="35" WIDTH="36" VPOS="2856" HPOS="1771"/>
<String CS="1" CONTENT="&#8230;"/>
<SP HEIGHT="33" WIDTH="37" VPOS="2857" HPOS="1865"/>
<String CONTENT="and" HEIGHT="52" WIDTH="112" VPOS="2838" HPOS="1903"/>
<SP HEIGHT="54" WIDTH="31" VPOS="2837" HPOS="2016"/>
<String CONTENT="G." HEIGHT="54" WIDTH="66" VPOS="2837" HPOS="2048"/>
</TextLine>
<TextLine HEIGHT="70" WIDTH="1990" VPOS="2913" HPOS="122" STYLEREFS="StyleId-A7B79814-9074-46B2-9741-D8B6A0DF253A-" CS="1">
<String CONTENT="Joseph" HEIGHT="68" WIDTH="215" VPOS="2914" HPOS="122"/>
<SP HEIGHT="51" WIDTH="23" VPOS="2914" HPOS="338"/>
<String LANG="de" CONTENT="Prager" HEIGHT="67" WIDTH="216" VPOS="2914" HPOS="362"/>
<SP HEIGHT="34" WIDTH="27" VPOS="2933" HPOS="579"/>
<String CS="1" CONTENT="&#8230;"/>
<SP HEIGHT="33" WIDTH="66" VPOS="2948" HPOS="663"/>
<String CONTENT="[Cincinnati," HEIGHT="69" WIDTH="363" VPOS="2913" HPOS="730"/>
<SP HEIGHT="67" WIDTH="21" VPOS="2915" HPOS="1094"/>
<String CONTENT="The" HEIGHT="53" WIDTH="122" VPOS="2915" HPOS="1116"/>
<SP HEIGHT="51" WIDTH="20" VPOS="2915" HPOS="1239"/>
<String CONTENT="Embalming" HEIGHT="68" WIDTH="369" VPOS="2915" HPOS="1260"/>
<SP HEIGHT="68" WIDTH="19" VPOS="2915" HPOS="1630"/>
<String CONTENT="book" HEIGHT="53" WIDTH="144" VPOS="2914" HPOS="1650"/>
<SP HEIGHT="53" WIDTH="21" VPOS="2914" HPOS="1795"/>
<String CONTENT="company]" HEIGHT="50" WIDTH="295" VPOS="2932" HPOS="1817"/>
</TextLine>
<TextLine HEIGHT="49" WIDTH="149" VPOS="2994" HPOS="125" STYLEREFS="StyleId-A7B79814-9074-46B2-9741-D8B6A0DF253A-">
<String CONTENT="1932." HEIGHT="49" WIDTH="149" VPOS="2994" HPOS="125"/>
</TextLine>
<TextLine HEIGHT="97" WIDTH="1992" VPOS="3061" HPOS="122" CS="1">
<String CONTENT="170" HEIGHT="41" WIDTH="87" VPOS="3061" HPOS="191"/>
<SP HEIGHT="49" WIDTH="27" VPOS="3061" HPOS="279"/>
<String CONTENT="p." HEIGHT="38" WIDTH="44" VPOS="3072" HPOS="307"/>
<SP HEIGHT="41" WIDTH="29" VPOS="3061" HPOS="352"/>
<String CONTENT="incl." HEIGHT="41" WIDTH="111" VPOS="3061" HPOS="382"/>
<SP HEIGHT="41" WIDTH="27" VPOS="3061" HPOS="494"/>
<String CONTENT="illus.," HEIGHT="48" WIDTH="142" VPOS="3061" HPOS="522"/>
<SP HEIGHT="38" WIDTH="29" VPOS="3072" HPOS="665"/>
<String CONTENT="ports." HEIGHT="46" WIDTH="149" VPOS="3064" HPOS="695"/>
<SP HEIGHT="39" WIDTH="57" VPOS="3064" HPOS="845"/>
<String CS="1" CONTENT="19&#189;&#7580;&#7504;." HEIGHT="43" WIDTH="145" VPOS="3061" HPOS="903"/>
<SP HEIGHT="48" WIDTH="68" VPOS="3063" HPOS="1049"/>
<String CONTENT="(Lettered" HEIGHT="48" WIDTH="253" VPOS="3063" HPOS="1118"/>
<SP HEIGHT="40" WIDTH="27" VPOS="3066" HPOS="1372"/>
<String CONTENT="on" HEIGHT="29" WIDTH="61" VPOS="3077" HPOS="1400"/>
<SP HEIGHT="30" WIDTH="27" VPOS="3076" HPOS="1462"/>
<String CONTENT="cover:" HEIGHT="31" WIDTH="161" VPOS="3075" HPOS="1490"/>
<SP HEIGHT="39" WIDTH="29" VPOS="3066" HPOS="1652"/>
<String CONTENT="Dhonau" HEIGHT="40" WIDTH="208" VPOS="3065" HPOS="1682"/>
<SP HEIGHT="39" WIDTH="29" VPOS="3065" HPOS="1891"/>
<String CONTENT="Nunna-maker" HEIGHT="93" WIDTH="1992" VPOS="3065" HPOS="122"/>
</TextLine>
<TextLine HEIGHT="47" WIDTH="416" VPOS="3118" HPOS="315" CS="1">
<String CONTENT="series," HEIGHT="41" WIDTH="164" VPOS="3118" HPOS="315"/>
<SP HEIGHT="31" WIDTH="55" VPOS="3128" HPOS="480"/>
<String CONTENT="vol." HEIGHT="41" WIDTH="90" VPOS="3119" HPOS="536"/>
<SP HEIGHT="31" WIDTH="28" VPOS="3129" HPOS="627"/>
<String CS="1" CONTENT="VI)" HEIGHT="47" WIDTH="14" VPOS="3118" HPOS="717"/>
</TextLine>
<TextLine HEIGHT="47" WIDTH="1920" VPOS="3175" HPOS="193">
<String CONTENT="&#8220;This" HEIGHT="39" WIDTH="145" VPOS="3176" HPOS="193"/>
<SP HEIGHT="38" WIDTH="26" VPOS="3177" HPOS="339"/>
<String CONTENT="text" HEIGHT="38" WIDTH="105" VPOS="3177" HPOS="366"/>
<SP HEIGHT="38" WIDTH="25" VPOS="3177" HPOS="472"/>
<String CONTENT="was" HEIGHT="29" WIDTH="101" VPOS="3185" HPOS="498"/>
<SP HEIGHT="29" WIDTH="26" VPOS="3186" HPOS="600"/>
<String CONTENT="compiled" HEIGHT="47" WIDTH="235" VPOS="3175" HPOS="627"/>
<SP HEIGHT="40" WIDTH="23" VPOS="3175" HPOS="863"/>
<String CONTENT="from" HEIGHT="40" WIDTH="128" VPOS="3175" HPOS="887"/>
<SP HEIGHT="38" WIDTH="28" VPOS="3178" HPOS="1016"/>
<String CONTENT="the" HEIGHT="39" WIDTH="81" VPOS="3177" HPOS="1045"/>
<SP HEIGHT="30" WIDTH="25" VPOS="3186" HPOS="1127"/>
<String CONTENT="notes" HEIGHT="39" WIDTH="138" VPOS="3178" HPOS="1153"/>
<SP HEIGHT="28" WIDTH="25" VPOS="3189" HPOS="1292"/>
<String CONTENT="of" HEIGHT="40" WIDTH="53" VPOS="3177" HPOS="1318"/>
<SP HEIGHT="40" WIDTH="23" VPOS="3177" HPOS="1372"/>
<String CONTENT="the" HEIGHT="39" WIDTH="81" VPOS="3178" HPOS="1396"/>
<SP HEIGHT="38" WIDTH="24" VPOS="3179" HPOS="1478"/>
<String CONTENT="late" HEIGHT="38" WIDTH="99" VPOS="3179" HPOS="1503"/>
<SP HEIGHT="38" WIDTH="25" VPOS="3178" HPOS="1603"/>
<String CONTENT="Professor" HEIGHT="39" WIDTH="255" VPOS="3177" HPOS="1629"/>
<SP HEIGHT="38" WIDTH="26" VPOS="3178" HPOS="1885"/>
<String CONTENT="Ivan" HEIGHT="39" WIDTH="123" VPOS="3178" HPOS="1912"/>
<SP HEIGHT="40" WIDTH="25" VPOS="3176" HPOS="2036"/>
<String CONTENT="P." HEIGHT="41" WIDTH="51" VPOS="3176" HPOS="2062"/>
</TextLine>
<TextLine HEIGHT="50" WIDTH="1992" VPOS="3231" HPOS="122">
<String CONTENT="Bowsher," HEIGHT="45" WIDTH="244" VPOS="3232" HPOS="122"/>
<SP HEIGHT="34" WIDTH="28" VPOS="3243" HPOS="367"/>
<String CONTENT="supplemented" HEIGHT="47" WIDTH="363" VPOS="3232" HPOS="396"/>
<SP HEIGHT="39" WIDTH="26" VPOS="3232" HPOS="760"/>
<String CONTENT="and" HEIGHT="39" WIDTH="95" VPOS="3232" HPOS="787"/>
<SP HEIGHT="39" WIDTH="26" VPOS="3232" HPOS="883"/>
<String CONTENT="brought" HEIGHT="48" WIDTH="208" VPOS="3231" HPOS="910"/>
<SP HEIGHT="39" WIDTH="27" VPOS="3233" HPOS="1119"/>
<String CONTENT="up-to-date" HEIGHT="47" WIDTH="268" VPOS="3233" HPOS="1147"/>
<SP HEIGHT="38" WIDTH="23" VPOS="3235" HPOS="1416"/>
<String CONTENT="by" HEIGHT="46" WIDTH="61" VPOS="3235" HPOS="1440"/>
<SP HEIGHT="48" WIDTH="28" VPOS="3233" HPOS="1502"/>
<String CONTENT="Chas." HEIGHT="42" WIDTH="140" VPOS="3232" HPOS="1531"/>
<SP HEIGHT="41" WIDTH="29" VPOS="3233" HPOS="1672"/>
<String CONTENT="O." HEIGHT="41" WIDTH="52" VPOS="3233" HPOS="1702"/>
<SP HEIGHT="40" WIDTH="27" VPOS="3234" HPOS="1755"/>
<String CONTENT="Dhonau" HEIGHT="39" WIDTH="208" VPOS="3234" HPOS="1783"/>
<SP HEIGHT="31" WIDTH="26" VPOS="3242" HPOS="1992"/>
<String CONTENT="and" HEIGHT="39" WIDTH="95" VPOS="3235" HPOS="2019"/>
</TextLine>
<TextLine HEIGHT="50" WIDTH="526" VPOS="3286" HPOS="122">
<String LANG="en-US" CONTENT="G." HEIGHT="41" WIDTH="55" VPOS="3288" HPOS="122"/>
<SP HEIGHT="40" WIDTH="32" VPOS="3288" HPOS="178"/>
<String LANG="en-US" CONTENT="Joseph" HEIGHT="48" WIDTH="181" VPOS="3288" HPOS="211"/>
<SP HEIGHT="40" WIDTH="28" VPOS="3288" HPOS="393"/>
<String LANG="de" CONTENT="Prager.&#8221;" HEIGHT="49" WIDTH="226" VPOS="3286" HPOS="422"/>
</TextLine>
<TextLine HEIGHT="52" WIDTH="1988" VPOS="3344" HPOS="126">
<String CONTENT="&#169;" HEIGHT="52" WIDTH="53" VPOS="3344" HPOS="126"/>
<SP HEIGHT="52" WIDTH="32" VPOS="3344" HPOS="180"/>
<String CONTENT="July" HEIGHT="46" WIDTH="115" VPOS="3349" HPOS="213"/>
<SP HEIGHT="48" WIDTH="31" VPOS="3347" HPOS="329"/>
<String CONTENT="25," HEIGHT="48" WIDTH="70" VPOS="3347" HPOS="361"/>
<SP HEIGHT="46" WIDTH="33" VPOS="3349" HPOS="432"/>
<String CONTENT="1932;" HEIGHT="46" WIDTH="141" VPOS="3347" HPOS="466"/>
<SP HEIGHT="45" WIDTH="33" VPOS="3348" HPOS="608"/>
<String CONTENT="2c." HEIGHT="38" WIDTH="65" VPOS="3348" HPOS="642"/>
<SP HEIGHT="37" WIDTH="36" VPOS="3348" HPOS="708"/>
<String CONTENT="Aug." HEIGHT="46" WIDTH="118" VPOS="3348" HPOS="745"/>
<SP HEIGHT="38" WIDTH="34" VPOS="3348" HPOS="864"/>
<String CONTENT="4;" HEIGHT="45" WIDTH="52" VPOS="3348" HPOS="899"/>
<SP HEIGHT="36" WIDTH="36" VPOS="3357" HPOS="952"/>
<String CONTENT="aff." HEIGHT="41" WIDTH="81" VPOS="3345" HPOS="989"/>
<SP HEIGHT="40" WIDTH="36" VPOS="3347" HPOS="1071"/>
<String CONTENT="Oct." HEIGHT="40" WIDTH="102" VPOS="3347" HPOS="1108"/>
<SP HEIGHT="38" WIDTH="35" VPOS="3349" HPOS="1211"/>
<String CONTENT="7;" HEIGHT="44" WIDTH="52" VPOS="3349" HPOS="1247"/>
<SP HEIGHT="44" WIDTH="36" VPOS="3349" HPOS="1300"/>
<!-- cceid 105D304A-6D7D-1014-B4A5-D7A31D17AB40 --><String CONTENT="A" HEIGHT="37" WIDTH="41" VPOS="3349" HPOS="1337"/>
<SP HEIGHT="38" WIDTH="33" VPOS="3349" HPOS="1379"/>
<String CONTENT="55557;" HEIGHT="46" WIDTH="170" VPOS="3348" HPOS="1413"/>
<SP HEIGHT="47" WIDTH="39" VPOS="3347" HPOS="1584"/>
<String CONTENT="Chas." HEIGHT="40" WIDTH="140" VPOS="3347" HPOS="1624"/>
<SP HEIGHT="40" WIDTH="38" VPOS="3347" HPOS="1765"/>
<String CONTENT="O." HEIGHT="40" WIDTH="50" VPOS="3347" HPOS="1804"/>
<SP HEIGHT="39" WIDTH="37" VPOS="3348" HPOS="1855"/>
<String CONTENT="Dhonau," HEIGHT="40" WIDTH="221" VPOS="3348" HPOS="1893"/>
</TextLine>
<TextLine HEIGHT="50" WIDTH="1500" VPOS="3401" HPOS="194" CS="1">
<String CONTENT="doing" HEIGHT="47" WIDTH="144" VPOS="3404" HPOS="194"/>
<SP HEIGHT="46" WIDTH="24" VPOS="3405" HPOS="339"/>
<String CONTENT="business" HEIGHT="39" WIDTH="221" VPOS="3404" HPOS="364"/>
<SP HEIGHT="28" WIDTH="28" VPOS="3415" HPOS="586"/>
<String CONTENT="as" HEIGHT="28" WIDTH="53" VPOS="3415" HPOS="615"/>
<SP HEIGHT="37" WIDTH="28" VPOS="3406" HPOS="669"/>
<String CONTENT="the" HEIGHT="39" WIDTH="80" VPOS="3404" HPOS="698"/>
<SP HEIGHT="39" WIDTH="28" VPOS="3404" HPOS="779"/>
<String CONTENT="Embalming" HEIGHT="47" WIDTH="305" VPOS="3401" HPOS="808"/>
<SP HEIGHT="44" WIDTH="26" VPOS="3404" HPOS="1114"/>
<String CONTENT="book" HEIGHT="38" WIDTH="121" VPOS="3404" HPOS="1141"/>
<SP HEIGHT="40" WIDTH="27" VPOS="3404" HPOS="1263"/>
<String CONTENT="co.." HEIGHT="29" WIDTH="81" VPOS="3415" HPOS="1291"/>
<SP HEIGHT="40" WIDTH="32" VPOS="3404" HPOS="1373"/>
<String CONTENT="Cincinnati." HEIGHT="41" WIDTH="288" VPOS="3403" HPOS="1406"/>
</TextLine>
<TextLine HEIGHT="48" WIDTH="277" VPOS="3459" HPOS="203">
<String CONTENT="(32-30769)" HEIGHT="48" WIDTH="277" VPOS="3459" HPOS="203"/>
</TextLine>
<TextLine HEIGHT="68" WIDTH="986" VPOS="3561" HPOS="121" STYLEREFS="StyleId-94B64D17-6E0B-405B-A35C-F25C6E83D2CC-">
<String CONTENT="Dodd," HEIGHT="68" WIDTH="184" VPOS="3561" HPOS="121"/>
<SP HEIGHT="65" WIDTH="27" VPOS="3564" HPOS="306"/>
<String CONTENT="Walter" HEIGHT="54" WIDTH="224" VPOS="3563" HPOS="334"/>
<SP HEIGHT="52" WIDTH="28" VPOS="3564" HPOS="559"/>
<String CONTENT="Fairleigh," HEIGHT="66" WIDTH="319" VPOS="3561" HPOS="588"/>
<SP HEIGHT="60" WIDTH="29" VPOS="3567" HPOS="908"/>
<String CONTENT="1880-" HEIGHT="51" WIDTH="169" VPOS="3567" HPOS="938"/>
</TextLine>
<TextLine HEIGHT="69" WIDTH="1919" VPOS="3637" HPOS="193" STYLEREFS="StyleId-A7B79814-9074-46B2-9741-D8B6A0DF253A-">
<String CONTENT="Cases" HEIGHT="55" WIDTH="167" VPOS="3639" HPOS="193"/>
<SP HEIGHT="33" WIDTH="39" VPOS="3660" HPOS="361"/>
<String CONTENT="and" HEIGHT="53" WIDTH="111" VPOS="3640" HPOS="401"/>
<SP HEIGHT="52" WIDTH="41" VPOS="3640" HPOS="513"/>
<String CONTENT="other" HEIGHT="55" WIDTH="159" VPOS="3639" HPOS="555"/>
<SP HEIGHT="33" WIDTH="40" VPOS="3658" HPOS="715"/>
<String CONTENT="authorities" HEIGHT="55" WIDTH="333" VPOS="3637" HPOS="756"/>
<SP HEIGHT="34" WIDTH="39" VPOS="3658" HPOS="1090"/>
<String CONTENT="on" HEIGHT="34" WIDTH="70" VPOS="3658" HPOS="1130"/>
<SP HEIGHT="33" WIDTH="41" VPOS="3658" HPOS="1201"/>
<String CONTENT="constitutional" HEIGHT="53" WIDTH="423" VPOS="3639" HPOS="1243"/>
<SP HEIGHT="51" WIDTH="42" VPOS="3639" HPOS="1667"/>
<String CONTENT="law," HEIGHT="67" WIDTH="127" VPOS="3639" HPOS="1710"/>
<SP HEIGHT="48" WIDTH="38" VPOS="3658" HPOS="1838"/>
<String CONTENT="selected" HEIGHT="55" WIDTH="235" VPOS="3637" HPOS="1877"/>
</TextLine>
<TextLine HEIGHT="71" WIDTH="1988" VPOS="3712" HPOS="124" STYLEREFS="StyleId-A7B79814-9074-46B2-9741-D8B6A0DF253A-">
<String CONTENT="from" HEIGHT="52" WIDTH="148" VPOS="3715" HPOS="124"/>
<SP HEIGHT="52" WIDTH="27" VPOS="3715" HPOS="273"/>
<String CONTENT="decisions" HEIGHT="53" WIDTH="272" VPOS="3715" HPOS="301"/>
<SP HEIGHT="34" WIDTH="28" VPOS="3733" HPOS="574"/>
<String CONTENT="of" HEIGHT="52" WIDTH="63" VPOS="3715" HPOS="603"/>
<SP HEIGHT="52" WIDTH="28" VPOS="3715" HPOS="667"/>
<String CONTENT="state" HEIGHT="50" WIDTH="143" VPOS="3719" HPOS="696"/>
<SP HEIGHT="34" WIDTH="28" VPOS="3733" HPOS="840"/>
<String CONTENT="and" HEIGHT="53" WIDTH="112" VPOS="3714" HPOS="869"/>
<SP HEIGHT="52" WIDTH="30" VPOS="3714" HPOS="982"/>
<String CONTENT="federal" HEIGHT="53" WIDTH="216" VPOS="3714" HPOS="1013"/>
<SP HEIGHT="52" WIDTH="29" VPOS="3715" HPOS="1230"/>
<String CONTENT="courts," HEIGHT="64" WIDTH="204" VPOS="3719" HPOS="1260"/>
<SP HEIGHT="68" WIDTH="25" VPOS="3715" HPOS="1465"/>
<String CONTENT="by" HEIGHT="68" WIDTH="74" VPOS="3715" HPOS="1491"/>
<SP HEIGHT="69" WIDTH="27" VPOS="3714" HPOS="1566"/>
<String CONTENT="Walter" HEIGHT="53" WIDTH="220" VPOS="3714" HPOS="1594"/>
<SP HEIGHT="51" WIDTH="28" VPOS="3714" HPOS="1815"/>
<String CONTENT="F." HEIGHT="53" WIDTH="64" VPOS="3714" HPOS="1844"/>
<SP HEIGHT="54" WIDTH="32" VPOS="3713" HPOS="1909"/>
<String CONTENT="Dodd" HEIGHT="53" WIDTH="170" VPOS="3712" HPOS="1942"/>
</TextLine>
<TextLine HEIGHT="70" WIDTH="1193" VPOS="3789" HPOS="184" STYLEREFS="StyleId-A7B79814-9074-46B2-9741-D8B6A0DF253A-" CS="1">
<String CS="1" CONTENT="&#8230;"/>
<SP HEIGHT="54" WIDTH="68" VPOS="3791" HPOS="184"/>
<String CONTENT="St." HEIGHT="54" WIDTH="82" VPOS="3791" HPOS="253"/>
<SP HEIGHT="53" WIDTH="26" VPOS="3791" HPOS="336"/>
<String CONTENT="Paul," HEIGHT="67" WIDTH="165" VPOS="3791" HPOS="363"/>
<SP HEIGHT="66" WIDTH="25" VPOS="3792" HPOS="529"/>
<String CONTENT="West" HEIGHT="53" WIDTH="159" VPOS="3792" HPOS="555"/>
<SP HEIGHT="62" WIDTH="24" VPOS="3797" HPOS="715"/>
<String CONTENT="publishing" HEIGHT="70" WIDTH="331" VPOS="3789" HPOS="740"/>
<SP HEIGHT="50" WIDTH="25" VPOS="3809" HPOS="1072"/>
<String CONTENT="co.," HEIGHT="47" WIDTH="97" VPOS="3810" HPOS="1098"/>
<SP HEIGHT="62" WIDTH="29" VPOS="3795" HPOS="1196"/>
<String CONTENT="1932." HEIGHT="51" WIDTH="151" VPOS="3795" HPOS="1226"/>
</TextLine>
<TextLine HEIGHT="104" WIDTH="1975" VPOS="3861" HPOS="119" CS="1">
<String CONTENT="xxxii," HEIGHT="48" WIDTH="153" VPOS="3861" HPOS="189"/>
<SP HEIGHT="47" WIDTH="31" VPOS="3862" HPOS="343"/>
<String CONTENT="1509" HEIGHT="40" WIDTH="115" VPOS="3862" HPOS="375"/>
<SP HEIGHT="48" WIDTH="29" VPOS="3862" HPOS="491"/>
<String CONTENT="p." HEIGHT="37" WIDTH="43" VPOS="3873" HPOS="521"/>
<SP HEIGHT="42" WIDTH="59" VPOS="3863" HPOS="565"/>
<String CS="1" CONTENT="26&#7580;&#7504;." HEIGHT="42" WIDTH="116" VPOS="3862" HPOS="625"/>
<SP HEIGHT="48" WIDTH="68" VPOS="3862" HPOS="742"/>
<String CONTENT="(American" HEIGHT="49" WIDTH="281" VPOS="3861" HPOS="811"/>
<SP HEIGHT="29" WIDTH="30" VPOS="3874" HPOS="1093"/>
<String CONTENT="casebook" HEIGHT="39" WIDTH="234" VPOS="3864" HPOS="1124"/>
<SP HEIGHT="39" WIDTH="31" VPOS="3864" HPOS="1359"/>
<String CONTENT="series;" HEIGHT="46" WIDTH="176" VPOS="3864" HPOS="1391"/>
<SP HEIGHT="46" WIDTH="33" VPOS="3864" HPOS="1568"/>
<String LANG="la" CONTENT="W." HEIGHT="42" WIDTH="72" VPOS="3864" HPOS="1602"/>
<SP HEIGHT="42" WIDTH="32" VPOS="3864" HPOS="1675"/>
<String CONTENT="R." HEIGHT="39" WIDTH="56" VPOS="3864" HPOS="1708"/>
<SP HEIGHT="39" WIDTH="31" VPOS="3864" HPOS="1765"/>
<String CONTENT="Vance," HEIGHT="47" WIDTH="175" VPOS="3864" HPOS="1797"/>
<SP HEIGHT="38" WIDTH="30" VPOS="3873" HPOS="1973"/>
<String CONTENT="general" HEIGHT="87" WIDTH="1975" VPOS="3871" HPOS="119"/>
<SP HEIGHT="40" WIDTH="29" VPOS="3918" HPOS="224"/>
<String CONTENT="editor)" HEIGHT="48" WIDTH="182" VPOS="3917" HPOS="254"/>
</TextLine>
<TextLine HEIGHT="52" WIDTH="1735" VPOS="3973" HPOS="126" CS="1">
<String CONTENT="&#169;" HEIGHT="52" WIDTH="51" VPOS="3973" HPOS="126"/>
<SP HEIGHT="52" WIDTH="31" VPOS="3973" HPOS="178"/>
<String CONTENT="Sept." HEIGHT="47" WIDTH="128" VPOS="3978" HPOS="210"/>
<SP HEIGHT="38" WIDTH="27" VPOS="3980" HPOS="339"/>
<String CONTENT="14," HEIGHT="41" WIDTH="69" VPOS="3979" HPOS="367"/>
<SP HEIGHT="41" WIDTH="28" VPOS="3979" HPOS="437"/>
<String CONTENT="1932;" HEIGHT="47" WIDTH="140" VPOS="3977" HPOS="466"/>
<SP HEIGHT="46" WIDTH="29" VPOS="3978" HPOS="607"/>
<String CONTENT="2c." HEIGHT="39" WIDTH="67" VPOS="3978" HPOS="637"/>
<SP HEIGHT="28" WIDTH="28" VPOS="3988" HPOS="705"/>
<String CONTENT="and" HEIGHT="38" WIDTH="95" VPOS="3979" HPOS="734"/>
<SP HEIGHT="39" WIDTH="28" VPOS="3979" HPOS="830"/>
<String CONTENT="aff." HEIGHT="41" WIDTH="79" VPOS="3977" HPOS="859"/>
<SP HEIGHT="40" WIDTH="32" VPOS="3977" HPOS="939"/>
<String CONTENT="Oct." HEIGHT="40" WIDTH="102" VPOS="3977" HPOS="972"/>
<SP HEIGHT="38" WIDTH="28" VPOS="3979" HPOS="1075"/>
<String CONTENT="10;" HEIGHT="46" WIDTH="82" VPOS="3978" HPOS="1104"/>
<SP HEIGHT="45" WIDTH="31" VPOS="3979" HPOS="1187"/>
<!-- cceid 105D5773-6D7D-1014-B4A5-D7A31D17AB40 --><String CONTENT="A" HEIGHT="37" WIDTH="39" VPOS="3979" HPOS="1219"/>
<SP HEIGHT="38" WIDTH="28" VPOS="3979" HPOS="1259"/>
<String CONTENT="56402;" HEIGHT="48" WIDTH="170" VPOS="3977" HPOS="1288"/>
<SP HEIGHT="46" WIDTH="31" VPOS="3979" HPOS="1459"/>
<String CONTENT="West" HEIGHT="39" WIDTH="133" VPOS="3979" HPOS="1491"/>
<SP HEIGHT="44" WIDTH="28" VPOS="3981" HPOS="1625"/>
<String CONTENT="pub." HEIGHT="48" WIDTH="110" VPOS="3977" HPOS="1654"/>
<SP HEIGHT="30" WIDTH="29" VPOS="3988" HPOS="1765"/>
<String CONTENT="co." HEIGHT="29" WIDTH="66" VPOS="3988" HPOS="1795"/>
</TextLine>
<TextLine HEIGHT="48" WIDTH="278" VPOS="4034" HPOS="202">
<String CONTENT="(32-30754)" HEIGHT="48" WIDTH="278" VPOS="4034" HPOS="202"/>
</TextLine>
</TextBlock>
</PrintSpace>
</Page>
</Layout>
</alto>