2563 4368
1116 4061 133 51 1599

163 443 210 64 Hicky,
403 441 208 54 Daniel
639 440 371 55 Whitehead.

232 518 215 69 Bright
486 517 228 68 harbor,
755 517 74 69 by
869 515 209 54 Daniel
1117 513 345 56 Whitehead
1503 513 211 70 Hicky.
1794 514 138 53 New
1977 513 180 69 York,

162 595 934 68 H. Holt and company [ ᶜ19 32]
237 666 674 50 ix p., 2 l., 3-83 p. 22½ᶜᵐ.
236 720 1922 49 “Two hundred and seventy copies … have been specially printed and
165 780 173 47 bound,
369 779 248 47 including
646 789 28 29 a
708 778 228 48 specially
968 779 73 39 set
1071 786 119 39 copy
1221 777 52 40 of
1304 777 81 41 the
1417 775 108 42 title
1558 786 136 38 poem
1727 776 160 40 which
1919 777 90 40 has
2041 776 118 41 been

166 836 334 47 autographed
536 835 60 46 by
630 835 82 40 the
748 835 190 40 author.
1002 832 64 41 Of
1099 833 100 41 this
1233 832 188 42 limited
1456 832 184 42 edition
1676 834 95 39 two
1807 834 221 40 hundred
2064 833 98 41 and

166 891 111 47 fifty
300 902 83 31 are
407 892 79 40 for
511 892 114 40 sale.
678 890 118 41 This
821 900 117 38 copy
964 890 43 40 is
1030 889 204 42 number
1257 888 129 42 273.”

237 948 183 41 Poems.

170 1017 51 52 ©
252 1021 100 41 Oct.
381 1020 39 48 5,
448 1019 113 41 1932;
619 1020 67 39 2c.
715 1020 101 40 Oct.
847 1019 26 40 8;
929 1018 82 41 aff.
1041 1019 101 40 Oct.
1172 1019 55 39 14;
1284 1019 41 38 A
1351 1018 144 41 56567;
1554 1019 57 40 D.
1639 1019 73 41 W.
1741 1019 175 49 Hicky,
1943 1018 219 41 Atlanta.

249 1076 279 49 (32-30498)

169 1180 304 64 Hinshaw,
505 1178 210 56 David.

241 1256 162 68 Stop,
432 1255 131 54 look
592 1256 113 52 and
735 1255 168 53 listen;
965 1255 252 52 railroad
1247 1255 453 67 transportation
1731 1257 59 51 in
1820 1256 97 52 the
1945 1253 218 56 United

171 1334 206 67 States,
419 1334 74 67 by
536 1333 192 53 David
773 1333 281 52 Hinshaw
1100 1333 60 51 in
1204 1332 409 53 collaboration
1656 1331 140 54 with
1839 1334 89 54 W.
1973 1334 190 67 Espey

170 1412 194 68 Albig.
439 1411 231 54 Garden
714 1410 151 67 City,
906 1410 69 52 N.
1019 1410 90 66 Y.,
1150 1408 355 69 Doubleday,
1544 1410 199 53 Doran
1781 1414 47 50 &
1868 1427 296 52 company,

170 1490 126 66 inc.,
326 1492 149 50 1932.

241 1562 476 48 xxii, 293 p. 24 ᶜᵐ .
243 1619 284 40 Forewords
555 1618 60 47 by
643 1618 213 39 Thomas
885 1616 50 41 F.
966 1616 261 40 Woodlock
1254 1618 97 39 and
1379 1617 72 41 W.
1480 1617 57 40 N.
1568 1616 153 41 Doak.

244 1675 161 40 “First
430 1672 226 43 edition.”

176 1742 51 52 ©
262 1747 128 47 Sept.
421 1746 69 48 21,
522 1743 115 42 1932;
696 1744 67 40 2c.
796 1745 96 39 and
925 1743 81 41 aff.
1043 1744 127 48 Sept.
1203 1742 57 41 29;
1321 1745 42 38 A
1394 1744 143 40 56188;
1601 1745 296 48 Doubleday,
1933 1746 167 40 Doran
2133 1746 36 40 &

244 1813 82 37 co.,
355 1802 90 40 inc.
515 1799 280 51 (32-30397)

170 1903 237 68 Hirsch,
438 1904 233 67 Moritz,
704 1906 171 54 1879-

243 1980 108 54 Die
384 1980 441 54 kältemaschine;
891 1979 375 70 grundlagen,
1302 1980 378 69 ausführung,
1713 1980 232 68 betrieb,
175 1986 1970 141 untersuchung

466 2058 117 53 und
621 2058 358 68 berechnung
1015 2076 110 35 von
1161 2057 417 69 kälteanlagen,
1616 2077 110 34 von
1765 2056 284 71 dipl.-ing.
2088 2059 79 52 M.

174 2133 1997 70 Hirsch … 2., verb, und verm. aufl., mit 390 textabbildungen.
175 2212 216 68 Berlin,
423 2213 55 53 J.
515 2211 297 68 Springer,
847 2214 149 50 1932.

243 2281 1009 51 xvi, 657, [1] p. illus., diagrs. 23 ½ᶜᵐ .
246 2337 468 50 “Berichtigungen”:
777 2338 94 49 slip
900 2339 232 40 attached
1163 2342 48 37 to
1244 2349 43 38 p.
1367 2359 11 30 [1]

181 2410 1824 52 © June 29, 1932; 1c. Oct. 4; A— Foreign 18243; Julius Springer.
260 2470 278 49 (32-31137)

179 2572 266 66 Holland,
475 2574 227 63 Rupert
732 2573 275 64 Sargent,
1038 2574 172 55 1878-

249 2649 1926 71 Rescue [ by] Rupert Sargent Holland; illustrated by Henry
181 2727 62 55 C.
273 2729 131 52 Pitz;
465 2728 140 53 with
636 2728 355 54 decorations
1019 2728 75 68 by
1124 2728 252 53 Edward
1411 2728 270 56 Shenton.
1749 2727 427 71 Philadelphia,

178 2807 229 52 Macrae
443 2805 189 55 Smith
666 2823 297 51 company,
1000 2809 150 50 1932.

251 2880 80 47 vii,
366 2878 176 52 [9]-335
569 2890 44 36 p.
670 2880 87 40 col.
784 2880 164 47 front.,
976 2879 130 42 illus.
1162 2878 146 44 22½ᶜᵐ.

250 2936 288 40 Illustrated
572 2934 362 51 lining-papers.

253 2990 348 49 Bibliography
629 2991 225 40 included
883 2991 49 40 in
963 2991 79 42 the
1071 2991 209 49 preface.

187 3045 51 52 ©
265 3049 102 40 Oct.
391 3049 40 49 3,
457 3047 112 40 1932;
623 3047 67 41 2c.
717 3047 100 40 Oct.
845 3048 53 38 11;
954 3047 82 41 aff.
1063 3048 100 41 Oct.
1191 3048 54 39 12;
1300 3049 42 39 A
1366 3049 144 40 56437;
1565 3050 56 40 R.
1650 3050 44 40 S.
1722 3050 229 49 Holland,
1978 3051 198 48 Wayne,

254 3105 82 40 Pa.
407 3102 278 50 (32-30265)

184 3207 164 62 How,
375 3206 198 66 Louis,
607 3207 170 54 1873-

249 3283 122 53 The
400 3283 162 53 other
591 3282 130 54 Don
752 3283 173 68 Juan,
956 3285 74 66 by
1058 3285 174 53 Louis
1262 3287 178 66 How;
1471 3286 381 54 illustrations
1883 3287 75 67 by
1991 3288 181 54 Steele

181 3359 239 69 Savage.
483 3360 139 53 New
651 3360 179 68 York,
856 3362 122 52 The
1006 3362 231 53 Harbor
1264 3381 173 48 press,
1466 3367 150 50 1932.

254 3432 993 50 4 p. l., 139, [1] p., 1 l. plates. 27½ᶜᵐ.
255 3489 158 43 Poem.

191 3542 51 52 ©
274 3547 100 40 Oct.
406 3547 67 46 15,
505 3545 114 41 1932;
678 3546 67 39 2c.
778 3546 94 39 and
903 3545 80 40 aff.
1017 3547 101 40 Oct.
1148 3546 57 41 20;
1264 3548 42 38 A
1336 3548 142 40 55616;
1540 3550 195 39 Harbor
1765 3561 150 38 press,
1949 3551 89 39 inc.

269 3602 280 49 (32-30234)

189 3703 264 66 Hughes,
484 3705 257 53 Thomas
770 3705 340 65 Houghton,
1144 3711 170 50 1884-

261 3780 293 68 Complete
615 3780 259 69 physical
934 3784 348 68 geography,
1342 3785 94 52 the
1497 3787 161 51 earth
1720 3786 112 52 and
1892 3805 149 48 man,
2099 3787 75 68 by

190 3858 1985 73 Thomas H. Hughes … New York, Philadelphia, Hinds,
191 3936 1014 71 Hayden & Eldredge, inc. [ ᶜ19 32]
