2563 4368
1167 4078 134 51 1207

575 538 1648 57 CONTENTS. — Zur geschichte deutsch-nordischer beziehungen : Die
230 599 371 51 glasmalereien
631 601 51 39 in
710 602 88 39 der
825 600 167 42 kirche
1021 612 59 29 zu
1110 601 332 40 Breitenfelde
1473 601 97 39 und
1602 600 77 41 die
1711 596 511 46 deutsch-nordischen

231 657 326 48 beziehungen
588 657 66 39 im
685 657 69 41 13.
787 656 341 49 Jahrhundert,
1160 667 94 30 von
1284 657 54 41 A.
1370 655 236 43 Haseloff.
1666 654 61 44 H.
1761 656 49 41 C.
1842 656 253 40 Andersen
2127 658 95 39 und

231 714 156 39 Klaus
419 713 167 46 Groth,
614 724 94 28 von
735 715 54 38 V.
818 714 163 39 Pauls.
1039 713 91 39 Die
1161 711 163 42 sieben
1350 713 179 40 weisen
1558 710 199 42 meister
1783 714 99 38 und
1912 713 87 39 der
231 709 1974 104 teufelsbaumeister

555 765 1669 54 in der norwegischen königssaga? ( Þó rarin Nefj ó lfsson) von
233 826 70 40 W.
333 826 61 40 H.
425 824 392 49 Vogt.—Soziale
844 825 255 48 probleme,
1161 823 288 43 öffentliche
1478 825 98 40 und
1606 826 125 40 freie
1808 823 415 49 wohlfahrtspflege,

232 893 93 29 von
357 883 52 40 E.
443 882 200 40 Kracht.
704 882 124 39 Volk
859 882 97 39 und
989 882 167 47 boden,
1190 881 78 41 ein
1298 881 191 49 beitrag
1520 892 85 29 zur
1637 882 461 47 bauernbewegung,
2131 891 93 31 von

232 938 44 41 J.
314 937 425 41 Tonnesen.—Zur
806 937 271 42 volkskunde
1114 936 536 50 Schleswig-Holsteins:
1716 938 103 40 Das
1855 936 371 50 schleswigsche

241 993 334 50 (cimbrische)
616 994 311 40 bauernhaus
962 994 97 40 und
1091 994 132 40 seine
1254 995 277 48 bedeutung
1559 993 86 42 für
1676 994 78 41 die
1817 994 283 48 volkskunde,
2132 1002 92 34 von

232 1051 53 40 O.
314 1049 262 42 Lehmann.
632 1050 99 40 Der
758 1050 231 42 deutsche
1015 1049 429 50 Nordschleswigs,
1471 1062 94 29 von
1592 1051 52 40 O.
1675 1051 181 41 Scheel.
1913 1050 93 41 Die
233 1048 1974 111 anthropologischen

586 1107 307 47 erhebungen
938 1106 50 40 in
1038 1106 521 49 Schleswig-Holstein,
1606 1117 93 30 von
1748 1107 51 41 O.
1847 1106 182 41 Aichel.
230 1104 1978 103 Seltsames
426 1163 66 39 im
528 1163 396 48 plattdeutschen

1005 1164 260 47 wortschatz,
1301 1174 94 30 von
1432 1163 51 42 O.
1522 1162 395 48 Mensing.—Zur
1952 1162 274 51 geschichte

234 1218 561 49 Schleswig-Holsteins:
829 1219 92 40 Die
950 1219 276 48 bedeutung
1256 1221 86 39 der
1370 1220 211 40 ältesten
1610 1219 402 49 siedlungsfunde
233 1216 1976 112 Schleswig-Holsteins

636 1275 85 40 für
759 1276 77 40 die
921 1274 344 50 weltgeschichte
1305 1277 85 39 der
1454 1275 211 50 steinzeit,
1703 1287 94 31 von
1836 1277 53 40 G.
1931 1276 295 43 Schwantes.

233 1333 104 39 Von
372 1333 85 40 der
492 1332 405 48 schleswigschen
930 1332 435 49 amtsverwaltung
1401 1343 86 29 zur
1519 1331 341 51 preussischen
234 1330 1975 111 kreisverwaltung
377 1390 50 39 in

236 1386 1972 104 Tondern, von L. Andresen. Der § 191 II 6 des Allgemeinen landrechts für die
671 1445 339 49 preussischen
1075 1447 168 39 staaten
1281 1456 92 29 von
1412 1446 113 40 1794
1563 1446 73 41 als
1677 1447 430 47 rechtsgrundlage
2143 1445 85 43 für

232 1502 80 40 die
345 1501 271 48 bestellung
646 1512 93 29 von
773 1500 513 43 staatskommissaren
1318 1502 53 39 in
1404 1500 522 51 Schleswig-Holstein,
1959 1514 96 29 von
2087 1503 51 42 F.
2173 1504 53 40 A.

236 1557 278 42 Schifferer.
584 1558 208 40 General
833 1559 60 39 de
934 1558 136 41 Meza
1112 1559 99 38 und
1252 1558 80 40 die
1372 1558 247 49 “geheime
1656 1559 305 48 geschichte”
2003 1561 83 39 des
232 1557 1978 108 entscheidungstages

695 1626 78 28 am
806 1614 307 41 Dannewerk
1154 1614 65 48 (5.
1250 1614 202 40 februar
1483 1614 140 48 1864)
1662 1626 93 30 von
1787 1615 51 42 C.
1871 1616 244 39 Petersen.

241 1680 1791 112 © Oct. 1, 1931; 1c. Oct. 26; A—Foreign 14984; Ferdinand Hirt. (32-21327)
233 1844 194 65 Shaw,
457 1845 226 63 George
711 1845 286 56 Bernard.

238 1920 1964 136 … The collected works of Bernard Shaw … [Ayot St. Lawrence ed.
237 1999 1966 135 Major critical essays, XXX . Essays in Fabian socialism. New
713 2078 179 68 York,
921 2082 147 53 Wm.
1099 2082 77 51 H.
1206 2080 155 56 Wise
1390 2085 46 50 &
1463 2100 297 51 company,
1790 2084 152 65 1932]

308 2150 65 48 ix,
399 2150 100 48 339,
529 2152 57 48 [1]
613 2162 45 38 p.
712 2156 123 44 port.
890 2152 56 41 23½ᶜᵐ.

309 2205 265 41 Half-title.
632 2208 132 39 Each
792 2209 193 40 volume
1008 2209 91 39 has
1128 2209 182 47 special
1336 2212 98 47 t.-p.

243 2271 53 51 ©
329 2275 126 41 June
484 2275 69 46 21,
587 2275 112 42 1932;
761 2276 68 42 2c.
861 2277 127 41 June
1018 2278 59 41 30;
1137 2278 83 41 aff.
1255 2279 127 48 Sept.
1417 2280 58 39 10;
1534 2279 41 41 A
1609 2280 144 41 55063;
1816 2282 221 39 Bernard
2073 2281 158 50 Shaw,
311 2332 210 41 London.

237 2434 271 66 Skinner,
537 2436 175 64 Mary
740 2434 327 69 Elizabeth,
1098 2443 166 51 1886-

311 2509 319 57 Children’s
658 2511 159 53 work
844 2511 60 53 in
935 2512 95 53 the
1061 2513 227 69 church,
1318 2514 94 53 for
1442 2515 95 52 the
1567 2515 211 53 church
1806 2515 241 54 without

240 2533 1968 112 separate
399 2588 403 67 departments,
842 2589 75 68 by
955 2588 171 70 Mary
1164 2590 68 52 E.
1274 2591 274 69 Skinner;
1593 2591 60 55 C.
1695 2593 69 51 A.
1809 2593 228 69 Bowen,
2113 2636 9 10 D.
2202 2637 30 27 D.,

238 2663 1804 77 general editor. Nashville, Tenn., Cokesbury press [ ᶜ1 932]
307 2734 569 50 186 p. incl. illus. 19 ᶜᵐ.
308 2792 311 42 “Additional
644 2793 226 41 material
895 2794 80 39 for
999 2799 201 45 parents
1226 2798 96 40 and
1346 2798 251 42 teachers”
1617 2812 8 29 :
1653 2811 44 38 p.
1721 2801 217 43 185-186.

246 2860 52 53 ©
336 2866 115 49 July
486 2868 39 46 1,
563 2866 141 47 1932;
743 2866 67 41 2c.
847 2868 95 39 and
980 2868 82 41 aff.
1100 2869 115 48 July
1251 2869 83 49 25;
1373 2872 41 38 A
1449 2871 171 50 53265;
1660 2874 178 40 Lamar
1876 2875 37 40 &
1948 2875 284 49 Whitmore,

312 2921 265 42 Nashville.
647 2923 280 50 (32-21102)

239 3024 246 66 Snyder,
515 3026 207 65 Henry
749 3025 288 68 Rossiter,
1068 3032 172 50 1888-

311 3099 237 57 Camera
573 3103 306 68 journalist
906 3104 183 69 ideas;
1120 3107 185 53 where
1330 3114 59 46 to
1413 3110 120 54 find
1559 3111 170 66 them,
1755 3112 127 52 how
1909 3117 58 47 to
1994 3112 237 69 develop

239 3179 1992 80 them, how to sell them, by H. Rossiter Snyder … New York,
239 3256 1209 74 Rossiter Snyder publishing co., ᶜ1 932.
311 3330 247 48 36 p. 23 ᶜᵐ.
247 3388 54 53 ©
332 3394 114 49 May
476 3397 39 44 1,
545 3394 143 48 1932;
720 3395 68 41 2c.
818 3398 95 39 and
946 3396 84 42 aff.
1059 3398 119 48 Aug.
1209 3400 52 46 1;
1296 3400 41 39 A
1368 3401 170 48 53420;
1572 3402 63 42 H.
1666 3404 57 38 R.
1758 3404 199 48 Snyder,
1992 3403 240 50 Guilford,

315 3449 147 42 Conn.
532 3451 278 48 (32-21212)

309 3549 1923 82 Profitable photography for trade journals … by H. Rossiter
241 3626 1966 152 Snyder … Guilford, Conn., Rossiter Snyder publishing company [ ᶜ1 932 ]
311 3778 57 39 40
395 3789 44 37 p.
497 3779 56 39 22½ᶜᵐ.

315 3834 188 42 “Firms
540 3836 280 51 publishing
855 3841 152 40 house
1042 3839 234 49 organs”:
1309 3853 43 37 p.
1389 3843 174 48 32-34;
1604 3845 186 41 “Trade
1827 3846 197 48 journal
2062 3847 167 43 lists”:

243 3900 42 38 p.
311 3889 146 44 35-37;
512 3893 336 51 bibliography
865 3907 10 29 :
908 3907 43 38 p.
980 3897 158 41 38-39.

249 3944 53 53 ©
332 3949 114 50 May
473 3953 39 43 1,
542 3950 142 49 1932;
714 3952 67 42 2c.
812 3956 94 38 and
937 3954 82 41 aff.
1049 3956 119 47 Aug.
1198 3958 52 44 1;
1282 3956 42 40 A
1352 3957 170 48 53421;
1556 3959 221 42 Rossiter
1808 3961 185 48 Snyder
2023 3962 111 47 pub.
2165 3973 67 32 co.
324 4004 278 51 (32-21213)
