2563 4368
1233 4085 135 51 1392

308 467 413 67 Wickenburg,
753 466 164 66 Erik,
947 468 137 67 graf
1112 483 132 49 von,
1277 472 171 49 1903-

311 540 1991 135 … Farben zu einer kinderlandschaff. Berlin, B. Cassirer, 1932.
377 692 317 50 199, [1] p. 19 ½ ᶜᵐ.
377 750 41 39 A
448 750 153 40 novel.

313 806 1823 109 © Apr. 13, 1932; 1c. Jun e 28; A— Foreign 17379; Bruno Cassirer. (32-24567)
307 958 174 64 Wolf,
509 958 79 54 M.
614 956 276 55 Herbert.

380 1034 235 69 Sowing
653 1033 173 68 wind,
867 1033 75 69 by
983 1033 80 53 M.
1104 1032 250 53 Herbert
1397 1031 178 56 Wolf.
1650 1033 138 53 New
1832 1032 180 69 York,
2053 1032 160 70 Gage
2266 1038 35 49 &

308 1113 224 66 Moran,
566 1115 147 53 1932.

378 1186 103 48 viii,
508 1186 87 39 414
621 1197 44 38 p.
726 1186 56 40 19½ᶜᵐ.

382 1242 145 41 “This
560 1242 189 41 volume
781 1242 259 49 completes
1072 1243 81 40 the
1188 1241 180 48 loosely
1400 1242 254 41 conceived
1689 1242 178 49 trilogy
1903 1242 157 41 which
2094 1252 101 31 was
309 1244 1975 103 begun
436 1300 122 40 with

592 1299 147 40 Hank
775 1299 159 40 Miller
969 1299 96 40 and
1100 1308 101 31 was
1236 1297 226 42 followed
1498 1299 60 47 by
1593 1298 424 42 Flint.”—Introd.

313 1355 52 52 ©
395 1358 128 48 Sept.
550 1356 68 48 19,
647 1356 113 41 1932;
818 1356 66 39 2c.
913 1356 96 40 and
1037 1355 82 41 aff.
1150 1355 127 48 Sept.
1306 1354 54 41 22;
1418 1357 41 38 A
1487 1354 144 42 55208;
1689 1357 63 40 Μ.
1781 1358 61 38 H.
1871 1356 146 49 Wolf,
2046 1356 258 41 Cleveland

381 1414 220 48 Heights,
631 1412 135 42 Ohio.
836 1412 280 49 (32-24138)

307 1503 385 66 Woodhouse,
720 1504 139 54 Mrs.
888 1501 190 58 Chase
1116 1501 251 67 (Going)
1407 1506 169 50 1890-
1788 1505 84 54 ed.

307 1580 1970 149 … After college—what? A study of 6665 land-grant college women,
747 1659 150 53 their
938 1658 382 69 occupations,
1362 1658 284 69 earnings,
1688 1658 268 69 families,
1998 1662 113 51 and
2153 1677 150 37 some

307 1740 460 67 undergraduate
803 1738 111 52 and
952 1737 319 52 vocational
1307 1735 300 70 problems,
1641 1736 189 54 edited
1864 1739 75 66 by
1975 1736 182 56 Chase
307 1736 1970 148 Going

446 1814 1856 68 Woodhouse … Greensboro, N. C., The North Carolina
307 1895 211 68 college
546 1894 93 53 for
665 1911 234 49 women,
928 1895 150 50 1932.

378 1964 1874 53 vi, 200 p. 23 ᶜᵐ. (Institute of women’s professional relations …
309 2025 215 41 Bulletin
551 2034 74 31 no.
651 2023 53 48 4)

380 2078 1921 49 “This study … is based upon data gathered by the United States
309 2140 143 41 Office
485 2138 51 40 of
568 2136 258 41 education
859 2135 50 40 in
942 2136 81 40 the
1056 2145 177 37 survey
1267 2135 50 40 of
1349 2135 282 48 land-grant
1662 2134 307 43 institutions
2001 2136 50 40 in
2084 2135 218 43 1928.”—

309 2196 271 40 Foreword.

379 2246 1923 51 Part II by Florence E. Boehmer issued also separately as the author’s
309 2307 153 42 thesis
488 2307 108 47 (PH.
635 2305 65 48 D.)
748 2303 250 43 Columbia
1036 2303 272 48 university
1344 2304 153 39 under
1534 2304 134 40 title:
1706 2303 286 42 Vocational
2029 2303 273 51 continuity

307 2365 52 41 of
386 2365 180 46 college
592 2372 197 30 women.

654 2418 131 46 CONTENTS.—pt.
842 2446 10 10 I.
887 2415 337 49 Occupations,
1257 2415 242 48 earnings,
1532 2415 215 42 families
1779 2418 96 39 and
1908 2416 393 48 undergraduate

308 2477 252 49 problems,
580 2476 61 47 by
672 2475 159 40 Chase
861 2474 51 40 G.
932 2473 306 40 Woodhouse
1266 2474 96 38 and
1394 2472 133 40 Ruth
1557 2473 54 38 Y.
1632 2472 280 41 Schiffman.
1928 2497 61 5 —
2005 2474 68 46 pt.
2134 2504 11 10 II.
308 2475 1976 106 Staying
423 2544 60 29 on

518 2532 81 40 the
631 2532 109 48 job;
776 2541 27 29 a
837 2530 148 47 study
1017 2528 51 41 of
1103 2528 272 40 vocational
1409 2528 273 49 continuity
1715 2529 51 41 of
1798 2530 178 48 college
2008 2540 198 40 women,
2240 2531 61 48 by

309 2590 229 39 Florence
571 2590 53 38 E.
658 2588 250 39 Boehmer.
971 2585 278 40 Literature
1282 2584 126 41 cited
1451 2586 67 47 (p.
1555 2584 258 50 [183]-184)

312 2643 52 52 ©
398 2647 115 46 May
545 2646 70 47 31,
649 2643 140 48 1932;
825 2643 66 41 2c.
926 2644 95 38 and
1055 2641 83 41 aff.
1173 2642 116 48 July
1323 2641 82 48 16;
1441 2642 41 39 A
1516 2640 170 49 53328;
1724 2643 234 41 Institute
1992 2643 52 41 of
2077 2644 224 41 women’s

378 2701 324 49 professional
735 2700 248 47 relations,
1017 2698 313 49 Greensboro,
1362 2698 56 41 N.
1454 2698 48 41 C.
1573 2698 278 50 (32-23730)

308 2790 418 64 Würdemann,
757 2791 200 61 Harry
987 2787 367 59 Vanderbilt,
1388 2793 171 50 1865-

380 2867 251 68 Injuries
666 2866 64 53 of
763 2867 96 52 the
893 2884 125 50 eye;
1057 2866 289 68 diagnosis
1383 2867 112 51 and
1530 2871 323 62 treatment,
1890 2865 246 55 forensic
311 2883 1965 116 procedures
580 2947 112 51 and

311 2941 1966 136 visual economics, by Harry Vanderbilt Würdemann … 2d ed. With
1113 3026 103 49 236
1250 3023 378 53 illustrations
1665 3024 112 52 and
1815 3027 64 48 10
1914 3023 153 53 color
2103 3024 197 67 plates.

314 3101 83 55 St.
423 3101 193 62 Louis,
641 3102 121 52 The
791 3101 61 54 C.
880 3100 69 54 V.
978 3100 205 67 Mosby
1209 3119 297 49 company,
1536 3104 150 50 1932.

453 3173 984 51 xx, 900 p. illus., x col. pl., diagrs. 29 ᶜᵐ.
383 3232 223 40 Includes
640 3230 360 41 “References”.

314 3284 52 52 ©
393 3288 120 48 Aug.
539 3288 55 40 25,
636 3287 112 41 1932;
805 3287 67 41 2c.
903 3287 127 47 Sept.
1058 3288 24 38 1;
1142 3286 82 41 aff.
1255 3287 127 47 Sept.
1411 3286 25 40 6;
1493 3287 42 39 A
1563 3286 142 41 53985;
1765 3287 49 40 C.
1844 3286 53 41 V.
1926 3287 169 48 Mosby
2123 3298 67 31 co.
390 3344 279 47 (32-23548)

308 3414 315 66 Wyoming
665 3419 112 51 and
818 3414 211 57 Pacific
1069 3417 202 69 digest,
1313 3416 267 69 covering
1619 3418 77 51 all
1737 3435 148 35 cases
1927 3419 265 66 reported
2233 3418 61 51 in

376 3494 312 69 Wyoming
745 3499 239 64 reports,
1045 3494 335 67 1870-1931;
1443 3493 211 57 Pacific
1711 3501 274 62 reporter,
2043 3497 251 52 volumes

383 3574 186 64 1-300,
601 3573 111 51 and
743 3574 77 50 all
850 3573 63 52 of
943 3574 95 51 the
1068 3571 210 57 Pacific
1307 3578 172 48 states
1508 3578 221 63 reports
1761 3573 153 53 from
1945 3574 95 51 the
2069 3573 226 53 earliest

378 3647 1916 71 times … Compiled and edited by the publisher’s editorial
378 3723 151 54 staff.
644 3768 10 10 v.
685 3729 185 49 20-22.
949 3726 81 55 St.
1063 3728 164 56 Paul,
1255 3730 162 52 West
1442 3728 335 68 publishing
1806 3746 97 48 co.,
1934 3731 148 51 1932.

377 3799 209 40 3 v. 26 ᶜᵐ.
656 3865 103 29 CONTENTS.—v.
789 3853 73 42 20.
891 3854 687 49 Hospitals-Injunction.—v.
1610 3855 70 41 21.
312 3855 1969 99 Innkeepers-Intoxicating

420 3908 302 49 liquors.—v.
751 3908 73 43 22.
852 3910 136 41 Joint
1015 3912 601 48 adventures-Judgment.

314 3960 52 52 ©
399 3965 126 48 Sept.
554 3964 71 50 23,
653 3965 112 42 1932;
823 3965 66 40 2c.
919 3966 118 40 each
1066 3969 94 38 and
1190 3966 108 41 affs.
1329 3967 102 41 Oct.
1461 3967 55 40 10;
1575 3967 42 40 A
1646 3966 318 43 56337-56339;
2023 3968 134 39 West
2188 3967 107 48 pub.
380 4030 66 32 co.
