2563 4368
1293 4088 134 50 1494

367 470 242 65 Ramey,
641 470 230 53 Russell
904 473 258 62 Cannon,
1196 472 169 52 1876-

437 546 1840 69 Scriptural divorces, by R. C. Ramey. [Clayton, Ga., ᶜ1 932]
437 620 245 50 81 p. 18 ᶜᵐ.
438 677 128 42 Title
591 678 128 41 from
746 689 155 29 cover.

439 735 284 40 Loose-leaf.

443 790 128 41 “The
610 790 107 40 first
756 790 83 40 100
879 790 159 48 copies
1078 789 67 41 off
1183 789 82 41 the
1303 799 136 38 press
1479 798 85 31 are
1604 790 50 39 to
1694 788 55 41 be
1789 789 261 40 numbered
2089 790 96 39 and
368 793 1976 103 autographed,

625 843 1186 50 and this is no. 71.” Signed: R . C. Ramey.
373 914 1987 53 © Aug. 20, 1932; 2c. and aff. Sept 19; A 54875; R. C. Rainey, Clayton.
440 976 82 39 Ga.
594 974 278 48 (32-25580)

367 1079 187 64 Rank,
585 1079 159 62 Otto,
779 1083 171 49 1884-

438 1156 113 52 Art
585 1155 113 52 and
731 1154 194 67 artist;
964 1154 243 53 creative
1241 1171 140 50 urge
1415 1154 114 52 and
1564 1154 352 68 personality
1951 1155 412 67 development,

370 1234 73 67 by
469 1232 138 55 Otto
632 1232 185 66 Rank,
842 1232 139 52 with
1009 1251 28 33 a
1066 1230 227 69 preface
1318 1230 76 69 by
1417 1231 248 69 Ludwig
1689 1231 300 54 Lewisohn;
2046 1231 313 55 translated

372 1310 151 53 from
557 1310 94 53 the
686 1309 250 55 German
971 1310 75 68 by
1084 1308 234 55 Charles
1356 1309 237 53 Francis
1630 1309 305 53 Atkinson.
2008 1310 138 54 New
2184 1307 180 70 York,

370 1390 67 50 A.
465 1389 71 52 A.
564 1387 225 68 Knopf,
819 1390 149 50 1932.

440 1461 1185 48 xlix, 431, xii p., 1 l. illus., plates. 22½ᶜᵐ.
442 1519 160 40 “First
631 1516 226 42 edition."

373 1584 50 51 ©
455 1589 101 39 Oct.
588 1590 37 43 1,
657 1587 111 40 1932;
828 1589 66 37 2c.
926 1589 93 37 and
1053 1587 79 39 aff.
1166 1589 101 38 Oct.
1299 1589 24 36 4;
1386 1588 38 38 A
1454 1588 142 40 55387;
1658 1589 170 38 Alfred
1861 1590 53 38 A.
1948 1588 177 49 Knopf,
2158 1589 91 40 inc.

449 1644 277 44 (32-25675)

368 1750 139 62 Rea,
539 1751 139 51 Mrs.
711 1748 213 55 Lorna.

438 1825 1923 68 First night, by Lorna Rea. … New York and London,
367 1903 231 67 Harper
622 1905 54 50 &
704 1902 275 67 brothers,
1011 1904 149 49 1932.

439 1974 512 50 5 p. l., 3-358 p. 21½ᶜᵐ.
440 2032 162 40 “First
627 2030 225 43 edition.”

374 2099 52 51 ©
455 2103 102 40 Oct.
585 2104 25 38 6,
654 2102 111 40 1932;
824 2103 64 38 2c.
919 2103 99 38 Oct.
1050 2103 24 36 5;
1134 2102 81 39 aff.
1246 2103 100 39 Oct.
1377 2104 25 38 8;
1461 2104 38 37 A
1529 2103 144 39 55506;
1732 2104 48 38 L.
1814 2105 113 40 Rea.
1959 2104 210 41 London.

451 2160 278 46 (32-25843)

370 2260 163 66 Reid,
563 2261 175 54 Hilda
765 2264 275 62 Stewart,
1074 2268 169 49 1898-

439 2339 138 52 Two
605 2338 235 53 soldiers
874 2339 111 52 and
1019 2358 31 34 a
1081 2339 154 67 lady,
1266 2340 74 66 by
1371 2340 77 52 H.
1484 2339 57 55 S.
1574 2341 163 51 Reid.
1805 2341 140 52 New
1978 2342 179 64 York,
2189 2343 68 51 E.
2290 2343 67 51 P.

368 2416 777 67 Dutton & co., inc. [ ᶜ1 932]
441 2487 85 41 288
558 2499 43 38 p.
661 2488 58 40 19½ᶜᵐ.

443 2545 161 40 “First
631 2545 227 41 edition.”

375 2611 52 51 ©
453 2617 117 45 Aug.
597 2616 55 39 16,
693 2616 112 40 1932;
859 2618 67 38 2c.
954 2617 116 46 Aug.
1100 2618 52 38 17;
1210 2617 81 39 aff.
1318 2618 118 45 Aug.
1465 2618 55 39 18;
1575 2620 39 37 A
1642 2619 142 39 54452;
1844 2621 51 38 E.
1924 2621 48 37 P.
2003 2621 185 39 Dutton
2215 2621 37 40 &
2277 2631 82 38 co.,

441 2673 89 39 inc.
601 2673 277 47 (32-25589)

371 2773 242 65 Revere,
644 2773 232 55 Clinton
903 2776 82 62 T.,
1018 2777 170 53 1874-

440 2849 1919 74 Hands as bands, by C. T. Revere … New York, R. Long &
371 2926 66 53 R.
469 2926 68 56 R.
568 2926 205 68 Smith,
801 2925 126 67 inc.,
958 2930 147 49 1932.

438 2997 486 48 3 p. l. , 330 p. 20½ ᶜᵐ.
376 3066 52 51 ©
460 3071 126 47 Sept.
615 3072 68 45 30,
713 3070 139 43 1932;
884 3072 66 39 2c.
982 3073 94 38 and
1105 3073 80 39 aff.
1218 3074 100 39 Oct.
1350 3076 16 36 1;
1433 3076 40 37 A
1503 3076 143 39 56186;
1708 3077 46 39 C.
1787 3077 49 38 T.
1872 3078 194 40 Revere.
2098 3077 260 48 Westfield,

489 3159 7 7 N.
526 3128 28 38 J.
639 3127 278 47 (32-25723)

371 3231 192 64 Rowe,
592 3231 172 52 Allan
792 3231 246 65 Winter,
1069 3234 169 53 1879-

443 3308 120 52 The
598 3307 347 53 differential
981 3308 288 68 diagnosis
1304 3310 64 53 of
1402 3313 300 53 endocrine
1738 3313 302 68 disorders,
2076 3315 34 52 by
2185 3314 176 52 Allan

373 3385 1962 144 Winter Rowe … Baltimore, The Williams & Wilkins company, 1932.
480 3566 8 15 x,
515 3533 98 49 220,
645 3536 53 48 [4]
728 3545 42 37 p.
799 3535 108 41 incl.
937 3536 167 46 tables,
1134 3537 152 47 diagr.
1341 3538 56 40 23½ᶜᵐ.

444 3590 346 48 Bibliography:
848 3601 41 37 p.
920 3591 216 42 200-210.

377 3648 52 51 ©
462 3652 124 47 Sept.
618 3652 67 46 19,
717 3652 111 39 1932;
888 3653 66 39 2c.
985 3654 94 38 and
1110 3653 81 40 aff.
1224 3654 100 40 Oct.
1356 3656 16 37 1;
1442 3657 37 37 A
1509 3658 142 39 55336;
1713 3659 239 41 Williams
1985 3660 35 39 &
2052 3659 206 41 Wilkins
2290 3671 65 29 co.

453 3708 277 45 (32-25685)

371 3809 211 64 Royce,
616 3812 139 51 Mrs.
791 3811 188 53 Sarah
1022 3811 293 64 (Bayliss)

441 3884 55 51 A
519 3884 240 52 frontier
780 3884 135 68 lady;
968 3885 379 56 recollections
1372 3888 63 53 of
1457 3890 95 53 the
1573 3890 136 68 gold
1732 3892 134 52 rush
1890 3893 111 53 and
2026 3893 155 67 early
374 3892 1956 134 California,

605 3960 73 68 by
705 3960 183 55 Sarah
916 3961 186 68 Royce;
1158 3963 139 53 with
1326 3985 30 33 a
1387 3964 282 55 foreword
1694 3968 73 68 by
1795 3968 320 54 Katharine
2139 3969 186 67 Royce;
