2563 4383
1365 4068 136 54 1674

425 491 1986 141 by Frank J. Buttera. New York, Illustrated editions co. [ ᶜ1 932]
500 651 85 42 250
611 661 44 39 p.
684 651 110 40 incl.
822 650 172 49 plates,
1049 649 150 41 front.
1254 647 57 39 24½ᶜᵐ.

425 705 52 52 ©
509 710 126 39 June
664 708 39 50 9,
733 707 141 47 1932;
906 706 66 41 2c.
1005 707 116 46 July
1151 705 52 48 5;
1238 704 79 40 aff.
1352 705 114 47 July
1497 703 83 48 21;
1613 703 43 39 A
1686 703 169 47 56844;
1891 702 287 40 Illustrated
2207 700 211 42 editions

492 776 80 38 co.,
601 765 92 40 inc.
763 762 281 51 (32-31587)

423 839 241 64 Lowrie,
692 838 243 66 Walter,
966 843 171 49 1868-

495 918 123 55 Our
656 935 237 35 concern
928 915 142 54 with
1109 916 95 53 the
1240 915 270 68 theology
1549 913 63 55 of
1650 913 190 65 crisis;
1880 913 97 53 the
2016 911 399 54 fundamental

426 1000 217 64 aspects
681 994 63 54 of
781 995 97 52 the
918 992 321 55 dialectical
1277 993 270 66 theology
1588 991 310 55 associated
1939 990 140 54 with
2117 990 97 53 the
2253 1007 164 35 name

425 1073 64 52 of
524 1073 147 53 Karl
709 1072 204 67 Barth,
950 1069 451 70 appreciatively
1438 1070 297 67 presented
1776 1087 59 35 as
1875 1086 102 34 our
2015 1067 246 68 possible
424 1068 1969 150 theology

623 1149 141 53 with
795 1149 97 53 the
921 1165 177 51 query
1129 1148 251 53 whether
1410 1148 48 52 it
1488 1147 68 54 be
1583 1152 101 49 not
1713 1165 102 35 our
1849 1147 135 66 only
2014 1144 244 70 positive
425 1163 1967 133 possibility;

708 1227 97 52 the
838 1224 160 56 crisis
1030 1225 64 53 of
1124 1224 212 68 society
1368 1225 111 52 and
1512 1224 64 53 of
1607 1224 97 53 the
1736 1224 211 53 church
1978 1223 347 54 understood
2358 1240 60 36 as

425 1300 1893 70 the crisis of the individual before God, by Walter Lowrie …
424 1384 233 66 Boston,
685 1381 237 54 Meador
950 1379 336 70 publishing
1315 1396 297 51 company,
1642 1383 152 49 1932.

499 1454 86 39 214
613 1464 45 38 p.
717 1453 56 40 20½ᶜᵐ.
934 1452 124 49 (The
1091 1452 184 41 Bohlen
1305 1452 210 41 lectures
1546 1450 82 44 for
1657 1450 138 50 1932)

499 1512 376 48 Bibliography:
906 1521 45 39 p.
981 1509 158 41 19-22.

430 1567 52 51 ©
511 1571 102 40 Oct.
641 1571 68 47 11,
739 1568 114 41 1932;
909 1567 69 42 2c.
1008 1567 102 41 Oct.
1138 1566 59 40 10;
1251 1565 82 40 aff.
1364 1566 102 40 Oct.
1497 1567 54 38 17;
1608 1565 42 39 A
1676 1565 145 41 56485;
1879 1567 212 40 Edward
2120 1567 59 39 K.
2210 1567 212 49 Meador,

497 1628 196 40 Boston.
764 1623 279 52 (32-31747)

425 1702 271 65 Mackail,
727 1701 182 54 Denis
940 1701 246 64 George.

495 1780 312 54 Peninsula
841 1779 189 67 place:
1062 1776 171 69 being
1266 1776 96 54 the
1396 1775 339 56 adventures
1769 1776 66 54 of
1869 1778 109 53 Ian
2015 1779 112 52 and
2163 1777 263 71 Felicity,

428 1851 1998 76 by Denis Mackail … Garden City, N. Y., Doubleday, Doran
425 1939 45 51 &
496 1953 297 51 company,
819 1935 127 67 inc.,
972 1936 153 52 1932.

497 2008 467 50 5 p. l., 345 p. 21 ᶜᵐ.
500 2067 160 40 “First
688 2064 227 42 edition.”

498 2124 198 40 London
727 2121 183 41 edition
938 2121 222 48 (Hodder
1193 2121 97 39 and
1325 2118 295 50 Stoughton)
1646 2119 90 40 has
1769 2119 135 41 title:
1940 2120 90 40 Ian
2062 2121 96 39 and
2192 2119 231 50 Felicity;

428 2191 65 37 or,
523 2179 262 41 Peninsula
812 2179 151 48 place.

434 2235 52 51 ©
515 2238 101 40 Oct.
644 2235 69 49 19,
742 2235 114 40 1932;
911 2233 68 42 2c.
1007 2235 95 39 and
1131 2233 81 40 aff.
1243 2233 102 40 Oct.
1373 2232 56 39 20;
1485 2233 41 39 A
1555 2231 140 43 56671;
1756 2233 296 48 Doubleday,
2083 2233 167 40 Doran
2279 2234 36 40 &
2343 2243 81 38 co.,
499 2294 90 40 inc.
661 2291 279 50 (32-31730)

431 2367 223 66 Marek,
685 2367 192 65 Leroy
903 2365 218 57 Frank.

499 2446 122 52 The
652 2444 269 68 catalytic
955 2442 292 55 oxidation
1283 2442 65 54 of
1379 2441 234 69 organic
1644 2443 348 67 compounds
2024 2443 62 52 in
2117 2443 95 53 the
2248 2459 178 51 vapor

434 2517 1991 75 phase, by L. F. Marek … and Dorothy A. Hahn … New
434 2601 177 66 York,
647 2600 123 52 The
806 2596 290 57 Chemical
1131 2597 225 68 catalog
1392 2614 297 52 company,
1725 2596 127 68 inc.,
1891 2600 149 50 1932.

499 2673 88 41 486
634 2683 43 38 p.
737 2672 142 47 illus.,
930 2669 178 50 diagrs.
1167 2670 147 40 23½ᶜᵐ.
1384 2667 281 50 (American
1713 2669 233 41 chemical
1993 2668 196 48 society.
431 2669 1977 111 Monograph
616 2728 164 43 series,
843 2739 88 39 [no.
964 2726 98 52 61])

502 2784 414 50 Bibliographical
949 2784 278 41 foot-notes.

437 2841 52 51 ©
516 2844 101 40 Oct.
642 2843 70 46 26,
738 2842 114 41 1932;
906 2840 67 41 2c.
1001 2841 96 40 and
1123 2839 82 41 aff.
1233 2840 102 40 Oct.
1360 2839 57 40 27;
1471 2841 42 38 A
1538 2839 144 42 55704;
1739 2840 244 40 Chemical
2009 2841 193 47 catalog
2226 2850 82 39 co.,
2336 2841 90 40 inc.

517 2898 280 50 (32-31890)

434 2974 342 64 Maugham,
806 2972 254 56 William
1092 2973 318 63 Somerset,
1445 2972 170 55 1874-

503 3052 122 52 The
668 3068 225 35 narrow
939 3067 214 50 corner,
1197 3050 75 66 by
1316 3049 91 54 W.
1456 3046 282 57 Somerset
1783 3047 331 69 Maugham.
2196 3048 231 55 Garden

435 3128 153 69 City,
620 3128 69 54 N.
725 3128 90 67 Y.,
847 3125 355 70 Doubleday,
1233 3126 199 53 Doran
1464 3128 45 51 &
1541 3144 296 52 company,
1870 3126 126 68 inc.,
2032 3127 151 51 1932.

504 3200 462 49 4 p. l., 314 p. 20½ᶜᵐ.
507 3258 162 41 “First
699 3255 226 43 edition.”

441 3312 51 51 ©
520 3316 117 39 Nov.
664 3315 39 40 7,
732 3312 113 42 1932;
901 3312 68 42 2c.
998 3313 94 39 and
1121 3312 81 41 aff.
1231 3314 118 39 Nov.
1377 3313 55 39 10;
1490 3313 40 39 A
1559 3311 141 43 55881;
1759 3313 296 48 Doubleday,
2087 3312 165 41 Doran
2280 3313 36 38 &
2344 3321 82 39 co.,

508 3370 88 39 inc.
668 3369 280 48 (32-31610)

437 3441 284 60 Mausert,
754 3438 161 53 Otto.

505 3515 189 54 Herbs
743 3514 92 53 for
883 3514 222 66 health;
1157 3532 31 34 a
1238 3513 214 54 concise
1500 3514 228 54 treatise
1776 3533 72 33 on
1896 3512 302 54 medicinal
2244 3511 184 68 herbs,

437 3593 148 54 their
621 3591 317 54 usefulness
976 3592 111 52 and
1127 3596 214 47 correct
1378 3590 381 54 combination
1796 3590 59 53 in
1892 3592 97 52 the
2024 3593 305 50 treatment
2364 3588 65 55 of

438 3668 256 54 diseases.
768 3669 56 51 A
862 3667 170 69 guide
1071 3674 57 46 to
1165 3668 193 52 health
1398 3669 75 66 by
1510 3668 229 53 natural
1776 3685 207 35 means.
2055 3666 165 55 With
2257 3684 172 50 many

440 3746 162 53 black
649 3747 111 52 and
807 3746 223 53 colored
1077 3745 392 52 illustrations.
1557 3743 114 56 San
1718 3744 320 67 Francisco,
2086 3742 194 71 Calif.,
2324 3743 105 54 Dr.

440 3822 628 68 Otto Mausert [ ᶜ1 932]
511 3894 1359 50 1 p. l., 200 p. front. (port.) illus., col. plates. 20½ᶜᵐ.
446 3949 51 51 ©
529 3953 102 40 Oct.
661 3954 69 46 18,
760 3952 112 42 1932;
932 3952 68 43 2c.
1032 3952 101 41 Oct.
1164 3952 55 40 27;
1281 3951 79 39 aff.
1395 3952 101 40 Oct.
1527 3952 55 39 24;
1642 3952 41 39 A
1714 3951 142 42 56782;
1918 3952 51 40 O.
2001 3952 231 40 Mausert.
522 4009 280 48 (32-31882)
