2563 4368
1114 4046 134 52 1341

174 441 213 56 Pacific
440 446 270 63 reporter.
790 438 217 55 Second
1061 437 185 52 series.
1322 434 168 54 Cases
1547 433 213 68 argued
1816 431 113 53 and
245 431 1896 142 determined

464 520 59 52 in
549 520 97 52 the
672 518 275 67 Supreme
972 519 188 51 courts
1187 513 63 53 of
1280 511 341 67 California,
1646 511 244 65 Kansas,
1918 509 247 68 Oregon,

245 598 400 67 Washington,
687 595 299 65 Colorado,
1026 594 295 64 Montana,
1360 589 271 68 Arizona,
1671 589 253 67 Nevada,
1963 588 203 67 Idaho,

245 675 326 69 Wyoming,
598 673 177 68 Utah,
803 674 139 52 New
967 670 241 68 Mexico,
1235 670 349 65 Oklahoma;
1614 667 246 55 District
1886 671 189 51 courts
2103 666 63 53 of

249 754 205 67 appeal
491 752 112 52 and
641 751 288 68 appellate
963 749 361 68 department
1359 747 63 53 of
1459 748 97 52 the
1593 745 275 69 Superior
1905 749 162 48 court
2103 744 64 53 of

251 829 322 56 California
624 829 113 52 and
785 826 282 55 Criminal
1114 831 161 48 court
1324 826 62 52 of
1435 826 233 68 appeals
1716 824 64 53 of
1828 823 340 68 Oklahoma,

247 908 139 53 with
419 907 371 68 key-number
827 904 361 54 annotations.
1279 923 52 33 v.
1369 907 64 49 10
1479 902 128 70 (2d)
1649 902 139 68 May
1825 906 62 49 13
1922 907 59 48 to
2016 902 153 55 June

249 991 48 64 3,
349 989 148 49 1932.
573 987 345 51 Permanent
968 984 84 53 ed.
1131 982 81 56 St.
1264 984 166 65 Paul,
1477 984 160 52 West
1688 980 334 70 publishing
2072 1000 97 50 co.,

252 1069 150 49 1932.

251 1135 1318 53 xviii, 1195 p. 26 ᶜᵐ . (National reporter system)
185 1192 52 52 ©
263 1196 119 48 Aug.
410 1195 70 48 31,
508 1193 111 41 1932;
677 1193 67 40 2c.
771 1194 96 39 and
895 1192 80 40 aff.
1004 1192 102 40 Oct.
1134 1192 26 40 3;
1217 1192 42 39 A
1285 1191 143 41 55433;
1484 1191 135 41 West
1646 1191 110 48 pub.
1784 1200 68 31 co.

180 1285 260 64 Parrott,
469 1283 258 54 Thomas
756 1283 181 64 Marc,
971 1284 172 50 1866-
1353 1279 84 54 ed.

254 1364 213 66 Poetry
494 1361 65 54 of
585 1362 97 52 the
708 1360 326 67 transition,
1063 1361 325 65 1850-1914,
1418 1359 189 52 edited
1633 1358 76 68 by
1737 1358 248 52 Thomas
2015 1357 161 53 Marc

185 1434 1990 72 Parrott and Willard Thorp … New York, Oxford university
183 1538 175 50 press,
387 1522 149 50 1932.

253 1591 638 51 1 p. l., v-xli, 622 p. 21ᶜᵐ.
256 1649 347 48 Bibliography
621 1659 9 29 :
662 1660 44 37 p.
736 1647 217 42 599-604.

189 1702 52 52 ©
271 1707 120 47 Aug.
422 1707 69 47 18,
523 1705 112 41 1932;
696 1705 68 41 2c.
798 1705 127 48 Sept.
958 1704 26 39 6;
1045 1703 80 40 aff.
1162 1704 127 47 Sept.
1321 1704 25 39 3;
1410 1703 40 39 A
1481 1703 142 40 54671;
1687 1701 187 41 Oxford
1905 1699 273 49 university

255 1772 149 39 press,
432 1763 117 39 New
575 1762 144 47 York,
747 1762 92 39 inc.
909 1759 279 49 (32-23253)

183 1851 221 66 Pound,
436 1852 249 66 Arthur,
720 1856 172 50 1884-

253 1929 123 53 The
436 1928 187 53 Penns
685 1926 63 54 of
810 1926 420 68 Pennsylvania
1293 1926 112 53 and
1467 1924 289 69 England,
1818 1923 73 69 by
1955 1922 223 53 Arthur

186 2002 1728 70 Pound … New York, The Macmillan company, 1932.
324 2108 10 17 xx,
359 2077 86 40 349
472 2088 43 37 p.
570 2076 164 49 front.,
763 2078 172 47 plates,
962 2079 163 46 ports.,
1155 2086 151 39 maps,
1334 2076 184 49 geneal.
1545 2077 156 40 tables
1740 2077 50 47 (1
1817 2074 143 49 fold.)
1986 2074 191 43 facsim.

184 2132 147 42 24½ ᶜᵐ .
256 2189 69 39 “A
352 2189 181 48 partial
558 2189 85 40 list
672 2190 51 39 of
750 2191 81 38 the
859 2189 256 48 published
1140 2190 161 39 works
1330 2189 51 40 of
1408 2190 216 39 William
1653 2188 160 40 Penn”
1833 2200 9 29 :
1874 2201 43 36 p.
1944 2186 205 43 319-320;

186 2245 374 48 Bibliography:
590 2256 44 37 p.
664 2245 215 41 337-339.

191 2302 52 52 ©
275 2306 128 48 Sept.
432 2306 40 47 6,
501 2305 113 41 1932;
671 2304 67 42 2c.
769 2306 95 39 and
892 2304 82 41 aff.
1008 2304 127 48 Sept.
1165 2306 26 38 7;
1251 2305 40 38 A
1319 2304 144 40 54659;
1523 2304 281 40 Macmillan
1834 2315 66 29 co.

268 2362 278 49 (32-23126)

186 2440 185 67 Price,
398 2443 154 53 John
583 2441 277 67 Milburn,
893 2445 171 49 1884-
1274 2441 85 56 ed.

257 2518 401 55 Introduction
699 2525 59 47 to
801 2519 270 69 religious
1114 2519 326 69 education;
1485 2520 229 68 general
1757 2521 199 66 editor,
1998 2520 55 54 J.
2096 2521 80 53 M.

187 2595 1965 132 Price … associate editors, L. L. Carpenter … and J. H. Chapman
413 2675 1464 69 … New York, The Macmillan company, 1932.
258 2747 450 49 xi, 489 p. 22½ ᶜᵐ .
261 2803 70 41 “A
358 2803 209 41 selected
595 2804 338 49 bibliography
957 2805 79 40 for
1065 2805 127 40 class
1221 2804 113 41 use”
1366 2808 51 38 at
1447 2806 82 39 the
1558 2806 92 39 end
1682 2804 51 41 of
1762 2806 119 39 each
1909 2806 213 48 chapter.

193 2857 52 53 ©
274 2862 119 48 Aug.
422 2862 68 47 16,
519 2861 113 41 1932;
689 2861 66 40 2c.
786 2864 94 38 and
910 2862 81 42 aff.
1021 2863 119 48 Aug.
1169 2864 55 40 17;
1282 2864 41 38 A
1351 2862 146 41 53669;
1554 2863 281 40 Macmillan
1864 2873 66 31 co.

271 2918 279 49 (32-23466)

191 2994 206 64 Ribon,
428 2995 221 53 Robert
680 2995 88 55 de.

322 3071 1861 71 … Les aventures de Julien Cazalis; l’assassinat du président.
190 3148 184 68 Paris,
402 3137 268 66 Éditions
700 3151 76 52 du
804 3151 270 53 centième
1100 3151 177 68 étage,
1309 3155 149 50 1932.

258 3221 1284 51 2 p. l., 7-249 p., 2 l. illus. (plan) diagrs. 19 ᶜᵐ .
262 3277 65 41 At
355 3278 124 40 head
510 3279 52 40 of
591 3279 136 40 title:
759 3280 182 40 Robert
969 3281 57 39 de
1057 3280 156 40 Ribon
1242 3283 48 38 et
1320 3280 163 41 André
1516 3281 221 47 Cayatte.

196 3329 1987 57 © May 25, 1932; 1c. Aug. 10; A—Foreign 17631; André Cayatte et
264 3390 179 41 Robert
473 3392 57 40 de
560 3392 169 47 Ribon,
761 3392 155 40 Paris.
986 3392 278 48 (32-23707)

190 3464 355 67 Rightmire,
575 3465 226 66 George
828 3466 411 67 Washington,
1271 3473 171 50 1868-

261 3543 123 52 The
409 3543 109 52 law
547 3542 64 53 of
638 3543 270 68 England
937 3550 58 47 at
1022 3545 94 52 the
1145 3545 255 53 Norman
1428 3548 282 65 conquest,
1738 3543 75 69 by
1842 3544 222 69 George
2090 3546 89 54 W.

191 3619 1965 143 Rightmire … Columbus, O., The F. J. Heer printing company [ᶜ1932]
261 3768 363 48 188 p. 23½ ᶜᵐ .
265 3824 127 40 “The
424 3826 120 39 laws
577 3825 51 40 of
660 3826 216 40 William
910 3828 81 39 the
1027 3827 289 49 Conqueror,
1351 3828 121 40 with
1505 3827 145 41 Latin
1682 3829 97 39 and
1813 3826 202 48 English
2049 3828 130 42 texts

191 3881 97 39 and
332 3880 175 41 index”
525 3892 9 29 :
582 3892 42 37 p.
688 3882 175 49 [59]-95.
925 3883 227 41 “Certain
1197 3884 271 48 fragments
1512 3885 128 39 from
1687 3883 362 42 Liebermann’s
192 3885 1969 92 Gesetze
347 3938 85 39 der

457 3937 387 49 Angelsachsen”
862 3950 9 29 :
901 3950 43 38 p.
971 3939 216 42 155-180.
