2563 4368
1372 4047 100 53 548

413 460 298 66 Claassen,
738 462 176 51 Peter
941 459 243 64 Walter,
1216 464 171 51 1886-

475 540 337 66 Plecoptera
838 536 247 69 nymphs
1114 537 64 54 of
1207 536 267 54 America
1516 536 198 68 (north
1744 535 63 54 of
1836 534 251 68 Mexico)
2127 534 76 68 by
2231 535 170 53 Peter

405 611 1995 71 W. Claassen … Springfield, Ill., Baltimore, Md., Pub. for the
407 692 247 52 Thomas
683 692 117 66 Say
826 691 346 53 foundation
1198 692 76 66 by
1302 691 64 55 C.
1394 691 64 55 C.
1486 691 267 64 Thomas,
1782 694 150 49 1931.

479 761 1926 52 3 p. l., 199 p., 1 l. incl. illus., 35 pl. col. front. 23½ ᶜᵐ . (Lettered on
412 830 162 31 cover:
610 820 211 41 Thomas
861 819 95 49 Say
994 819 306 41 foundation.
1370 819 361 50 [Publications]
1772 819 92 41 vol.
1974 819 14 47 III)

482 876 305 49 Descriptive
816 876 283 49 letterpress
1127 888 59 29 on
1214 886 165 31 versos
1405 875 168 50 facing
1598 876 82 41 the
1707 876 170 49 plates.

484 934 245 42 “Selected
764 932 328 43 references”:
1128 946 43 37 p.
1207 932 248 51 [117]-120.

421 989 51 52 ©
504 994 118 38 Nov.
653 991 70 49 26,
754 990 112 41 1931;
929 991 66 40 2c.
1029 992 121 39 Mar.
1183 990 69 47 25,
1284 989 114 42 1932;
1458 989 83 41 aff.
1574 991 121 39 Mar.
1728 990 56 39 24;
1846 990 40 39 A
1917 989 142 40 49293;
2123 988 202 43 Charles
2357 989 49 41 C.

488 1049 223 48 Thomas,
744 1048 302 48 Springfield,
1077 1048 74 39 III.
1222 1046 280 49 (32-10183)

416 1151 194 65 Clark,
642 1151 204 65 Glenn,
878 1155 171 51 1882-

486 1228 121 53 The
652 1229 201 52 Lord’s
899 1245 224 50 prayer,
1167 1228 112 53 and
1324 1227 162 53 other
1530 1227 150 54 talks
1725 1245 72 35 on
1842 1245 223 50 prayer,
2110 1226 153 54 from
2305 1228 98 52 the

418 1304 1985 70 Camp farthest out, by Glenn Clark … St. Paul, Minn.,
416 1382 1417 69 Macalester park publishing company [ ᶜ19 32 ]
489 1454 932 51 1 p. l., 63 p. illus. (port.) 16½ ᶜᵐ .
492 1513 168 41 “Fifth
692 1511 285 43 thousand.”

489 1569 314 49 Advertising
833 1570 205 39 matter:
1069 1580 43 37 p.
1143 1568 158 42 58-63.

426 1624 51 52 ©
509 1629 120 39 Mar.
657 1628 68 47 12,
756 1627 139 46 1932;
926 1627 67 40 2c.
1024 1628 120 39 Mar.
1174 1627 82 45 30;
1289 1625 81 42 aff.
1399 1625 111 49 Apr.
1542 1626 52 47 8;
1627 1626 39 39 A
1696 1626 169 47 50610;
1899 1627 53 41 G.
1983 1626 160 48 Clark,
2177 1625 65 43 St.
2275 1626 135 40 Paul.

503 1684 279 49 (32-10316)

426 1786 306 67 [Clemens,
763 1787 234 55 Samuel
1028 1785 354 65 Langhorne]
1438 1791 323 51 1835-1910.

487 1861 171 54 Mark
701 1863 219 68 Twain,
963 1863 93 53 the
1097 1863 166 53 letter
1305 1862 191 54 writer
1563 1861 188 54 [edited
1795 1862 91 69 by]
1935 1860 161 70 Cyril
2140 1860 270 56 Clemens.

422 1941 229 65 Boston,
691 1940 236 54 Meador
970 1938 333 70 publishing
1345 1957 293 51 company,
1685 1942 148 49 1932.

490 2011 83 41 181
609 2023 43 37 p.
686 2010 110 43 incl.
829 2010 165 49 front.,
1027 2010 216 42 facsims.
1307 2011 146 41 22½ᶜᵐ.

492 2067 1920 50 “Letters … with … a few comments … arranged in chronological
420 2123 1994 52 order … 1868 … [to] 1910 … None of the material here presented has
420 2192 113 31 ever
561 2182 117 41 been
709 2182 118 40 used
858 2181 49 40 in
941 2193 25 28 a
1000 2179 414 42 book.”—Introd.

430 2237 51 52 ©
511 2242 121 41 Mar.
658 2241 69 46 30,
755 2239 112 41 1932;
922 2239 69 41 2c.
1019 2239 112 48 Apr.
1160 2240 25 39 7;
1243 2237 82 42 aff.
1352 2238 113 49 Apr.
1493 2239 55 40 13;
1606 2238 39 40 A
1675 2239 142 40 50717;
1877 2239 209 42 Edward
2115 2240 57 38 K.
2203 2239 211 46 Meador,

498 2299 195 38 Boston.
763 2296 279 48 (32-10327)

427 2387 229 62 Corpus
692 2385 173 70 juris;
905 2384 172 70 being
1114 2403 32 34 a
1184 2385 275 68 complete
1498 2384 111 53 and
1648 2384 327 70 systematic
2009 2389 303 50 statement
2349 2384 63 53 of

497 2465 95 54 the
621 2464 181 53 whole
828 2463 151 69 body
1008 2463 63 55 of
1098 2464 97 53 the
1220 2464 110 52 law
1360 2481 60 34 as
1448 2462 295 54 embodied
1772 2463 59 52 in
1861 2463 112 53 and
2003 2463 307 69 developed
2337 2463 76 70 by

498 2541 1913 69 all reported decisions. Edited by William Mack … and
497 2619 1916 72 Donald J. Kiser … v. 57. [Seduction to Shipper] New
499 2698 179 68 York,
708 2699 121 52 The
860 2697 305 55 American
1196 2700 110 51 law
1337 2699 147 53 book
1514 2716 79 36 co.;
1657 2701 257 67 London,
1945 2701 394 54 Butterworth
2368 2705 46 50 &

497 2796 96 48 co.,
630 2779 148 51 1932.

498 2850 544 48 xxxii, 1157 p. 26 ᶜᵐ .
434 2903 51 52 ©
516 2909 113 45 May
655 2908 41 45 4,
726 2906 112 41 1932;
895 2907 64 40 2c.
992 2908 112 47 May
1134 2907 82 46 14;
1247 2906 82 42 aff.
1359 2908 114 48 May
1501 2908 82 47 13;
1615 2908 39 40 A
1683 2907 172 49 49955;
1887 2909 143 41 Amer.
2075 2911 95 38 law
2199 2909 122 41 book
2350 2921 66 30 co.

430 2994 195 66 Cross,
657 2996 146 64 Roy,
838 3000 171 50 1884-

498 3071 55 53 A
576 3070 304 55 handbook
906 3072 64 53 of
994 3073 331 68 petroleum,
1352 3076 226 66 asphalt
1603 3079 112 52 and
1740 3079 228 53 natural
1994 3098 101 50 gas;
2154 3079 256 69 physical

429 3151 112 52 and
583 3147 270 54 chemical
894 3151 335 67 properties,
1271 3152 428 70 specifications,
1740 3156 257 53 methods
2039 3159 65 52 of
2147 3157 264 68 analysis,

429 3225 310 54 economics
768 3228 111 52 and
907 3227 289 68 statistics,
1225 3228 244 70 refining
1497 3248 296 52 processes,
1824 3238 240 62 patents,
2094 3234 178 53 tables
2300 3235 111 53 and

429 3303 1985 145 bibliography. By Roy Cross … (1931 revision) Kansas City,
611 3380 1369 75 Mo., Kansas City testing laboratory [ ᶜ19 31]
431 3453 1965 97 864 p. illus., diagrs. 20½ ᶜᵐ . ([Kansas City testing laboratory] Bulletin
577 3520 75 33 no.
682 3509 81 48 25)

501 3565 346 49 Bibliography:
912 3578 43 37 p.
989 3566 216 42 790-799.

437 3619 51 52 ©
522 3624 101 40 Oct.
657 3625 39 45 1,
729 3623 139 46 1931;
902 3624 68 40 2c.
1003 3624 96 40 and
1131 3624 82 41 aff.
1247 3625 109 41 Feb.
1389 3625 69 49 29,
1491 3626 140 48 1932;
1667 3628 39 40 A
1740 3630 170 46 50440;
1947 3631 53 40 R.
2034 3630 156 43 Cross.
2225 3632 191 39 Kansas

506 3679 122 47 City,
659 3681 92 38 Mo.
821 3680 278 47 (32-10165)

431 3763 86 54 De
545 3764 198 68 Kruif,
771 3768 144 53 Paul
942 3769 222 65 Henry,
1196 3775 170 53 1890-

557 3842 1857 76 … Microbe hunters. Text ed. Edited by Harry G. Grover
488 3918 1923 79 … New York, Chicago, Harcourt, Brace and company, 1932.
