2563 4368
1045 4056 99 50 951

102 444 191 55 White
345 443 182 52 house
578 440 345 54 conference
975 455 72 38 on
1101 437 155 56 child
1306 436 205 56 health
1562 437 117 55 and
1732 433 347 68 protection.

165 513 1894 141 Sect. I : Medical service. Committee on prenatal and maternal care.
167 674 283 56 Obstetric
475 671 298 55 education;
829 677 194 62 report
1046 672 64 53 of
1133 673 97 52 the
1256 669 441 59 Subcommittee
1718 688 74 35 on
1816 669 267 56 obstetric

98 750 261 68 teaching
395 752 111 52 and
542 747 316 68 education,
892 749 151 52 Fred
1079 749 222 66 Lyman
1335 747 202 68 Adair,
1626 789 10 10 M.
1709 789 30 25 D.,
1772 746 311 69 chairman,

96 828 192 54 White
319 828 173 51 house
521 826 329 53 conference
882 845 73 34 on
985 823 154 55 child
1170 825 196 53 health
1399 826 110 52 and
1543 824 333 68 protection.
1944 825 139 53 New

97 903 1222 70 York, London, The Century co. [ ᶜ1 932]
165 977 135 49 xviii,
328 977 85 41 302
441 989 42 37 p.
544 979 24 38 1
598 976 143 47 illus.,
770 975 178 47 diagrs.
1011 975 55 39 23½ᶜᵐ.
1272 973 129 50 $3.00

166 1034 287 41 Illustrated
481 1032 361 49 lining-papers.

169 1090 222 41 “Section
448 1089 267 40 I—Medical
753 1087 197 49 service,
991 1088 192 41 Samuel
1223 1085 128 42 McC.
1390 1086 199 48 Hamill,
1677 1119 9 8 M.
1755 1118 23 16 D.,
1818 1086 265 42 chairman.

98 1146 285 41 Committee
420 1158 58 29 on
518 1147 223 47 prenatal
778 1146 95 39 and
909 1145 241 38 maternal
1186 1154 123 36 care,
1348 1144 126 39 Fred
1510 1143 185 48 Lyman
1732 1143 165 48 Adair,
1983 1176 7 8 M.
2060 1175 23 17 D.,

97 1202 400 49 chairman.”—p.
537 1202 85 51 [iii]

167 1261 223 40 Includes
423 1258 389 49 bibliographies.

443 1339 59 5 CONTENTS.—
505 1316 70 49 pt.
602 1323 36 33 I.
668 1314 242 42 Obstetric
940 1313 255 41 education
1225 1314 54 40 of
1305 1313 426 50 physicians.—pt.
1758 1321 55 33 II.
1844 1314 241 41 Obstetric

98 1372 256 41 education
392 1373 53 40 of
479 1383 171 29 nurses
688 1373 96 39 and
822 1370 203 49 nursing
1063 1371 429 48 attendants.—pt.
1593 1400 11 11 III.
1637 1370 242 43 Obstetric
99 1372 1967 98 education
238 1431 52 39 of
326 1428 396 49 midwives.—pt.

759 1435 72 33 IV.
862 1427 241 42 Obstetric
1141 1427 258 41 education
1435 1427 51 40 of
1523 1429 82 39 the
1642 1428 123 47 laity
1803 1429 96 39 and
1936 1428 145 41 social

99 1487 228 42 workers.

106 1554 1982 52 © Mar. 25, 1932; 2c. and aff. Mar. 29; A 49311; White house conference
173 1612 1914 48 on child health & protection, Ray Lyman Wilbur, M. D., chairman,
173 1671 330 47 Washington.
581 1665 52 52 [©
662 1672 92 45 pts.
783 1668 99 50 2-4]
955 1668 279 48 (32-16330)

99 1773 203 65 Wiley,
333 1773 172 65 John,
537 1773 52 53 &
616 1788 158 49 sons,
805 1772 111 55 inc.

171 1849 121 53 The
333 1850 369 67 manuscript,
744 1868 31 34 a
818 1849 171 68 guide
1033 1848 94 53 for
1169 1849 75 53 its
1287 1849 388 68 preparation,
1717 1848 299 70 including
2058 1868 31 34 a

102 1928 212 53 section
354 1946 73 34 on
465 1926 472 70 manufacturing
977 1928 97 52 the
1113 1928 161 52 book.
1350 1928 71 52 2d
1464 1928 85 53 ed.
1629 1929 137 52 New
1811 1928 179 56 York,
2033 1928 38 54 J.
102 2005 190 70 Wiley
324 2007 45 50 &
402 2025 146 48 sons,
581 2007 136 66 inc.;

755 2005 258 68 London,
1050 2005 299 69 Chapman
1385 2008 45 50 &
1466 2007 158 66 Hall,
1661 2007 242 67 limited,
1940 2009 150 51 1932.

171 2078 1095 50 xii, 87 p. illus., plates. 23½ ᶜᵐ. $0.25
174 2136 322 48 “Practically
519 2137 67 39 all
611 2138 80 39 the
715 2137 226 40 material
965 2136 255 41 contained
1244 2137 49 39 in
1319 2136 98 42 this
1441 2138 194 40 booklet
1659 2147 99 31 was
1785 2136 305 43 contributed

102 2193 61 47 by
191 2195 88 37 Mr.
312 2193 193 40 Samuel
533 2195 53 41 E.
614 2194 408 40 Norris.”—Pref.

447 2249 161 41 CONTENTS.—The
637 2250 342 39 manufacture
1009 2249 54 41 of
1089 2261 26 29 a
1147 2249 136 42 book.
1341 2249 347 50 Bibliography
1730 2248 68 50 (p.
102 2249 1973 97 6)—Preparation

345 2307 52 39 of
446 2306 80 40 the
576 2306 314 49 manuscript.
906 2329 59 5 —
981 2307 101 41 The
1134 2307 216 40 author’s
1400 2311 111 44 part
1560 2306 51 40 in
1661 2307 356 40 manufacture.
2035 2330 57 6 —

103 2363 242 48 Abridged
380 2365 219 45 glossary
633 2364 51 39 of
719 2366 150 38 terms
903 2365 117 39 used
1056 2364 50 39 in
1142 2364 82 41 the
1258 2364 342 41 manufacture
1636 2364 53 40 of
1722 2364 163 41 books.

107 2429 1982 53 © Mar. 28, 1932; 2c. June 10; aff. June 17; A 51810; John Wiley & sons,
174 2490 88 40 inc.
334 2490 278 47 (32-16542)

101 2592 288 66 Wyckoff,
421 2595 119 62 Cap
543 2593 147 55 well.

169 2668 1856 71 The North point cabin mystery, by Capwell Wyckoff …
99 2744 1553 73 New York, Chicago, A. L. Burt company [ ᶜ1 932 ]
169 2817 86 40 256
283 2828 44 38 p.
387 2818 148 41 front.
627 2819 27 39 19½ᶜᵐ.
807 2818 229 50 [Mystery
1068 2820 95 39 and
1194 2821 267 40 adventure
1495 2820 149 40 series
1675 2821 79 39 for
1783 2821 133 50 boys]

106 2884 52 52 ©
184 2889 113 47 May
322 2889 68 46 10,
415 2889 114 40 1932;
582 2889 68 40 2c.
676 2891 96 38 and
797 2889 82 41 aff.
906 2890 114 46 May
1043 2890 54 39 11;
1154 2890 40 38 A
1221 2890 143 39 51244;
1419 2891 54 41 A.
1500 2891 49 39 L.
1578 2892 125 39 Burt
1729 2903 68 29 co.
184 2944 277 48 (32-12203)

102 3046 206 66 Wylie,
335 3049 137 53 Mrs.
500 3047 204 55 Elinor
738 3049 220 64 (Hoyt)
996 3050 322 55 1887-1928.

178 3123 284 55 Collected
489 3144 192 49 poems
706 3125 64 53 of
795 3126 204 52 Elinor
1021 3126 206 68 Wylie.
1302 3127 137 53 New
1467 3128 180 66 York,
1672 3127 69 53 A.
1770 3127 71 53 A.
1869 3126 223 69 Knopf,
105 3206 148 49 1932.

174 3276 1453 53 xviii p., 2 l., 3-311, [1] p. 2 port., double facsim. 23 ᶜᵐ.
177 3332 161 41 “First
366 3332 223 42 edition.”

175 3389 256 40 Foreword
461 3389 166 47 signed
645 3401 10 28 :
688 3389 215 42 William
934 3390 124 40 Rose
1088 3391 166 41 Benét.

108 3440 52 52 ©
193 3446 114 46 May
336 3445 68 47 20,
437 3445 112 41 1932;
608 3446 66 41 2c.
708 3448 115 46 May
852 3447 56 39 24;
969 3447 81 41 aff.
1083 3449 114 46 May
1226 3447 54 39 21;
1343 3448 43 39 A
1416 3448 143 40 52105;
1621 3449 169 40 Alfred
1823 3449 54 39 A.
1911 3449 179 49 Knopf,

174 3501 90 41 inc.
335 3501 277 51 (32-26577)

104 3602 315 67 Wyoming
458 3606 111 52 and
610 3603 211 57 Pacific
862 3604 202 71 digest,
1105 3606 266 70 covering
1414 3609 75 51 all
1531 3627 149 36 cases
1721 3609 266 69 reported
2027 3608 62 53 in

171 3680 310 70 Wyoming
543 3689 238 61 reports,
845 3684 324 56 1870-1931.
1231 3683 211 56 Pacific
1503 3692 273 61 reporter,
1836 3689 251 51 volumes

178 3759 184 57 1-300,
394 3760 111 52 and
536 3762 75 50 all
642 3761 64 53 of
735 3762 95 52 the
859 3759 211 57 Pacific
1099 3766 172 50 states
1301 3768 222 64 reports
1552 3764 154 55 from
1736 3766 96 52 the
1862 3764 226 54 earliest

174 3834 1913 141 times … Compiled and edited by the publisher’s editorial staff. v. 14-16. St. Paul,
1041 3921 160 52 West
1225 3920 335 68 publishing
1587 3940 97 48 co.,
1712 3925 149 52 1932.

175 3987 216 40 3 v. 26 ᶜᵐ.
