2563 4368
1103 4065 133 50 1463

169 445 365 65 Henderson,
563 446 203 54 James
793 446 158 63 Max,
983 449 171 50 1895-

299 518 1865 70 … Questions and answers with problems and illustrative
168 606 207 48 matter
406 620 72 34 on
510 599 226 54 conflict
768 599 63 54 of
862 601 155 65 laws,
1047 599 171 53 based
1251 617 72 36 on
1355 598 78 53 all
1465 598 95 53 the
1592 598 276 53 standard
1899 603 121 47 text
2052 593 112 57 and

168 674 1997 72 case books, by James M. Henderson … Chicago, Callaghan
168 757 113 53 and
310 774 296 49 company,
636 759 149 50 1932.

238 825 1265 53 vi, 59 p. 20½ ᶜᵐ . (Callaghan’s quizzer series)
172 897 52 52 ©
259 901 127 48 Sept.
420 901 68 47 14,
529 899 134 47 1932;
698 900 66 40 2c.
799 903 94 37 and
928 898 83 41 aff.
1048 899 126 47 Sept.
1210 899 54 39 17;
1328 898 39 39 A
1401 897 143 41 55123;
1610 897 270 48 Callaghan
1914 897 36 40 &
1983 907 68 30 co.

248 957 279 48 (32-25277)

168 1060 241 67 Herbst,
443 1060 193 57 Alma.

238 1137 121 54 The
397 1155 175 50 negro
612 1137 59 53 in
711 1137 95 53 the
845 1135 397 70 slaughtering
1282 1138 112 52 and
1434 1135 428 69 meat-packing
1900 1135 266 69 industry

170 1214 57 52 in
257 1215 270 69 Chicago,
552 1217 76 66 by
654 1216 173 53 Alma
855 1215 229 54 Herbst.
1162 1217 216 50 Boston
1408 1215 112 53 and
1549 1215 138 53 New
1717 1214 181 68 York,
169 1215 1972 132 Houghton

293 1294 203 53 Mifflin
526 1312 297 49 company,
852 1297 149 50 1932.

239 1364 1930 51 xxiii, 182 p. diagrs. (1 fold.) 20½ ᶜᵐ . (Half-title: Hart, Schaffner
170 1423 37 42 &
238 1424 143 40 Marx
413 1423 131 50 prize
573 1433 168 39 essays.
893 1424 15 48 LII)

175 1492 50 52 ©
255 1496 126 48 Sept.
408 1497 69 46 14,
502 1494 141 48 1932;
670 1495 69 40 2c.
767 1495 128 48 Sept.
921 1495 83 47 23;
1033 1494 81 41 aff.
1146 1494 125 48 Sept.
1300 1495 49 38 21;
1412 1495 40 38 A
1479 1494 170 47 56051;
1679 1496 142 41 Hart,
1854 1493 253 41 Schaffner
2132 1494 37 40 &

242 1554 155 46 Marx,
433 1552 223 48 Chicago.
727 1551 278 48 (32-25147)

169 1656 358 66 Hoermann,
554 1657 140 52 Alto
722 1655 333 65 Sebastian,
1088 1656 325 54 1829-1867.

239 1731 126 54 The
403 1733 286 68 daughter
729 1732 65 54 of
836 1733 266 68 Tehuan;
1149 1751 81 50 or,
1272 1734 184 53 Texas
1498 1732 65 54 of
1605 1733 96 54 the
1744 1739 132 62 past
1918 1737 255 64 century,

169 1809 2003 70 by P. Alto S. Hoermann … translated from the German by
170 1888 164 55 Alois
380 1890 215 52 Braun.
690 1888 117 57 San
852 1888 276 69 Antonio,
1173 1889 155 68 Tex.,
1376 1887 294 57 Standard
1718 1888 264 70 printing
167 1907 1983 128 company,
366 1969 152 53 1932.

236 2039 780 51 292 p. front., plates. 20 ½ᶜᵐ .
174 2107 52 52 ©
257 2111 126 48 Sept.
412 2113 39 46 7,
478 2110 114 42 1932;
649 2111 67 41 2c.
744 2113 96 38 and
868 2111 81 40 aff.
982 2111 125 48 Sept.
1137 2110 56 39 29;
1252 2112 40 38 A
1319 2110 143 41 55325;
1521 2111 55 40 A.
1606 2112 182 47 Braun,
1820 2111 96 40 San
1945 2111 224 48 Antonio,

240 2168 112 39 Tex.
424 2167 280 49 (32-25328)

170 2269 191 66 Holm,
399 2270 215 66 Korfiz,
653 2271 173 56 1872-

238 2347 163 53 ich—
401 2347 520 69 kleingeschrieben;
981 2349 212 53 heitere
1222 2349 301 53 erlebnisse
1551 2349 151 52 eines
1767 2350 263 65 verlegers,
2056 2367 110 35 von

169 2423 196 54 Korfiz
402 2426 192 53 Holm.
665 2426 306 67 München,
1004 2425 71 55 A.
1110 2426 254 67 Langen,
1399 2429 150 50 1932.

240 2496 444 52 227, [1] p. 18 ᶜᵐ .
175 2564 1826 54 © Mar. 21, 1932; 1c. June 28; A —Foreign 17243; Albert Langen.
252 2625 278 49 (32-28939)

172 2729 251 65 Hooper,
455 2730 160 64 Bett,
649 2734 171 50 1906-

244 2806 237 68 Virgins
516 2806 59 54 in
611 2807 359 68 cellophane;
1011 2807 153 53 from
1198 2808 196 53 maker
1429 2813 59 49 to
1522 2825 294 37 consumer
1851 2809 321 53 untouched

172 2885 74 67 by
276 2884 214 53 human
517 2884 174 68 hand,
720 2884 76 69 by
828 2886 138 52 Bett
995 2885 264 68 Hooper;
1295 2885 325 54 illustrated
1651 2887 76 67 by
1757 2885 195 56 James
172 2887 1975 143 Montgomery

432 2961 203 69 Flagg.
711 2963 138 53 New
877 2962 180 68 York,
1083 2963 68 53 B.
1179 2963 166 68 Long
1368 2966 45 50 &
1440 2964 69 52 B.
1536 2964 68 52 B.
1634 2962 208 69 Smith,
1866 2964 127 68 inc.,
2021 2967 151 50 1932.

240 3035 1108 50 5 p. l., 9-116 p. incl. front., plates. 28 ᶜᵐ .
178 3101 52 52 ©
258 3107 101 39 Oct.
387 3106 38 46 1,
453 3105 139 46 1932;
621 3106 67 40 2c.
716 3106 101 41 Oct.
846 3108 17 37 1;
927 3106 83 40 aff.
1038 3106 102 41 Oct.
1168 3107 52 47 3;
1251 3108 40 38 A
1318 3107 170 47 55385;
1519 3108 54 39 E.
1601 3108 52 38 E.
1682 3107 207 48 Hooper,
245 3106 1910 97 Washington.
412 3162 278 48 (32-25330)

175 3267 253 62 Hyland,
512 3264 202 55 Richard
744 3266 217 56 Frank.

243 3343 123 53 The
401 3342 169 68 diary
604 3341 65 54 of
704 3362 31 34 a
771 3343 118 53 line
921 3344 270 67 smasher,
1227 3345 340 53 adventures
1604 3344 65 53 of
1706 3361 30 34 a
1774 3344 212 67 college
176 3343 1972 129 football
332 3422 200 66 player

598 3420 1576 70 [by] Dick Hyland … Chicago, A. C. McClurg
171 3499 46 51 &
244 3516 98 48 co.,
370 3500 149 51 1932.

240 3571 558 49 4 p. l., 211 p. 19½ ᶜᵐ .
181 3624 51 51 ©
267 3628 102 41 Oct.
402 3630 38 46 1,
474 3627 112 41 1932;
649 3629 65 39 2c.
750 3628 101 40 Oct.
887 3629 17 37 1;
976 3627 81 42 aff.
1092 3629 100 40 Oct.
1227 3630 25 38 3;
1316 3630 40 38 A
1389 3629 144 40 56170;
1596 3630 52 38 A.
1686 3629 48 41 C.
1770 3628 229 46 McClurg
2032 3633 37 41 &
2102 3639 66 31 co.

256 3685 278 47 (32-25314)

205 3783 925 66 Īl’f, Īl’i͡a Arnol’dov ī ch, 1897-
247 3862 121 53 The
393 3862 149 56 little
567 3864 206 68 golden
801 3863 136 68 calf,
961 3883 31 34 a
1020 3863 195 54 satiric
1239 3865 166 53 novel
1430 3866 75 66 by
1530 3864 130 67 Ilya
1688 3863 88 53 Ilf
1801 3863 112 53 and
1941 3864 232 67 Eugene

177 3939 239 68 Petrov;
459 3941 331 54 authorized
829 3941 342 54 translation
1211 3941 153 54 from
1403 3941 97 55 the
1593 3941 191 55 Russian
1821 3941 77 68 by
1938 3939 236 55 Charles
