2563 4368
1387 4068 99 50 104

524 535 193 40 Studies
742 535 51 40 of
817 536 82 40 the
921 535 228 48 meaning
1171 537 95 38 and
1289 545 217 38 message
1531 535 51 40 of
1606 535 278 48 twenty-six
1912 536 185 46 hymns.

459 604 50 51 ©
539 609 110 38 Jan.
736 639 9 16 18,
775 607 112 41 1932;
945 608 66 39 2c.
1042 609 96 39 and
1166 607 82 41 aff.
1277 609 110 39 Jan.
1415 607 56 39 21;
1529 608 41 38 A
1597 607 144 39 47160;
1803 606 44 40 S.
1876 607 54 38 A.
1961 607 205 47 Hunter,
2196 607 248 49 Berkeley,

526 664 142 41 Calif.
739 665 249 48 (32-3112)

456 764 368 67 [Hutchison,
856 766 260 55 Graham
1145 767 180 54 Seton]
1379 770 170 50 1890-

522 840 233 54 Colonel
795 839 231 55 Grant’s
1065 846 346 62 to-morrow,
1449 839 74 69 by
1562 838 255 55 Graham
1859 836 173 55 Seton
2081 837 362 69 (Lieut.-Col.

450 917 69 55 G.
554 917 57 55 S.
642 917 383 67 Hutchinson,
1091 960 10 10 D.
1165 960 11 11 S.
1245 959 29 25 O.,
1361 960 10 10 M.
1441 916 39 69 C.)
1566 916 137 52 New
1734 915 180 69 York,
1945 916 214 52 Farrar
2189 918 52 50 &

451 916 1970 147 Rinehart, incorporated [ ᶜ1 932]
522 1076 613 50 6 p. l., 3-306 p. 19½ ᶜᵐ .
458 1144 50 52 ©
535 1150 108 39 Jan.
669 1150 41 40 4,
734 1148 141 42 1932;
901 1148 67 40 2c.
995 1150 108 38 Jan.
1129 1149 25 38 5;
1210 1148 82 40 aff.
1319 1149 109 38 Jan.
1455 1147 81 46 16;
1563 1147 41 38 A
1628 1146 144 40 48167;
1830 1146 214 39 Graham
2073 1146 142 40 Seton

526 1146 1902 106 Hutchison,
653 1206 298 47 Hillingdon,
981 1206 281 43 Middlesex,
1292 1205 235 46 England.
1598 1203 250 48 (32-2660)

449 1306 316 66 Jernegan,
798 1310 238 52 Marcus
1066 1307 241 65 Wilson,
1342 1308 171 54 1872-

584 1380 1667 71 … Laboring and dependent classes in colonial America,
454 1381 1992 146 1607-1783;
655 1461 211 52 studies
903 1461 63 52 of
1002 1461 93 52 the
1130 1460 296 67 economic,
1463 1459 374 66 educational,
1875 1459 111 53 and
2023 1458 170 53 social

452 1457 1969 134 significance
646 1538 63 52 of
740 1539 196 65 slaves,
966 1544 270 60 servants,
1267 1536 370 68 apprentices,
1672 1536 112 52 and
1815 1554 139 49 poor
1986 1535 124 52 folk
2146 1536 109 67 [by]

451 1536 1971 222 Marcus Wilson Jernegan … Chicago, Ill., The University of Chicago press [ᶜ 1931]
519 1760 1544 49 xiii, 256 p. 23½ ᶜᵐ . (Social service monographs, no. 17)
522 1817 441 48 “Bibliographical
995 1816 139 41 note”
1154 1827 9 29 :
1199 1828 43 37 p.
1274 1817 217 42 211-212.
1553 1818 176 39 “Notes”
1777 1829 9 28 :
1820 1829 42 36 p.
1898 1817 216 42 213-248.

459 1887 50 51 ©
539 1892 110 39 Dec.
677 1891 68 46 29,
774 1890 139 46 1931;
943 1890 66 39 2c.
1038 1891 94 38 and
1161 1889 80 40 aff.
1271 1891 109 39 Jan.
1408 1891 68 41 21,
1507 1889 139 42 1932;
1678 1890 39 38 A
1745 1890 171 46 48000;
1950 1889 280 48 University
2259 1890 50 39 of

524 1889 1903 105 Chicago,
694 1947 208 47 Chicago
987 1946 248 48 (32-3389)

451 2049 281 65 Johnson,
761 2050 222 52 Martin
1014 2049 216 66 Elmer,
1261 2055 169 49 1884-

528 2117 330 69 Congorilla;
917 2118 338 52 adventures
1282 2118 139 52 with
1449 2118 258 68 pygmies
1736 2119 111 51 and
1875 2118 234 68 gorillas
2137 2118 58 52 in
2222 2116 226 68 Africa,

452 2204 70 67 by
548 2205 221 51 Martin
794 2205 286 66 Johnson;
1111 2205 139 51 with
1276 2210 65 47 41
1369 2202 394 55 illustrations.
1831 2206 138 52 New
1998 2206 179 63 York,
2195 2207 246 63 Brewer,

450 2282 240 53 Warren
721 2284 50 49 &
801 2284 267 63 Putnam,
1099 2286 149 49 1931.

524 2353 1180 48 xi, 281 p. front., plates, ports., map. 24 ᶜᵐ .
523 2411 285 39 Illustrated
838 2409 360 49 lining-papers.

458 2478 50 51 ©
542 2483 108 38 Jan.
683 2482 69 46 22,
785 2480 139 44 1932;
958 2481 66 40 2c.
1057 2482 108 39 Jan.
1197 2481 83 47 26;
1314 2481 80 40 aff.
1429 2483 110 38 Jan.
1570 2481 82 47 27;
1688 2482 40 38 A
1759 2482 172 46 47244;
1968 2483 61 39 M.
2064 2481 230 46 Johnson,
2326 2481 117 39 New

525 2539 142 37 York.
738 2538 250 48 (32-3157)

450 2638 256 67 Lapolla,
738 2639 299 55 Garibaldi
1066 2643 212 62 Marto,
1310 2647 169 49 1888-

514 2719 1924 70 Miss Rollins in love, by Garibaldi M. Lapolla … New York,
445 2796 857 67 The Vanguard press [ ᶜ1 932]
518 2878 617 49 5 p. l., 3-372 p. 19½ᶜᵐ.
456 2932 50 51 ©
539 2937 107 39 Jan.
674 2936 68 45 28,
774 2935 139 42 1932;
944 2936 65 39 2c.
1044 2936 106 41 Feb.
1179 2937 54 39 4;
1266 2936 79 39 aff.
1378 2937 109 39 Feb.
1518 2938 53 46 2;
1603 2938 42 39 A
1672 2938 171 47 48282;
1876 2939 263 45 Vanguard
2168 2948 150 37 press,
2349 2939 92 39 inc.

534 2992 248 47 (32-3186)

449 3096 264 63 Leming,
742 3096 153 53 John
924 3096 230 63 Young.

518 3171 378 67 Experiences
930 3171 63 52 of
1028 3172 94 52 the
1158 3171 201 53 circuit
1391 3172 154 53 rider
1586 3174 91 67 [by]
1735 3175 155 52 John
1926 3175 209 66 Young
2168 3175 268 65 Leming;

452 3248 280 54 foreword
767 3248 74 66 by
877 3248 99 51 Dr.
1014 3247 206 53 Daniel
1255 3248 68 50 A.
1362 3249 222 68 Poling.
1660 3250 136 52 New
1835 3251 161 52 York
2032 3251 131 67 city,
2199 3250 236 53 Printed

451 3324 1661 70 for the author by the Methodist book concern [ ᶜ1 932]
517 3393 86 40 150
635 3404 42 37 p.
737 3394 143 40 17½ᶜᵐ.

518 3451 130 38 “The
673 3452 134 44 story
835 3450 53 40 of
914 3451 81 39 the
1023 3451 216 40 author’s
1267 3451 467 44 life.”—Foreword.

455 3506 50 51 ©
539 3511 107 38 Jan.
680 3511 37 42 7,
751 3508 138 42 1932;
923 3509 65 39 2c.
1023 3511 94 37 and
1148 3509 81 41 aff.
1261 3510 109 38 Jan.
1402 3510 54 39 21;
1518 3512 40 38 A
1589 3513 171 46 47158;
1798 3513 147 40 Sallie
1978 3515 53 40 E.
2065 3512 370 47 MacKendrick,

522 3567 116 38 New
664 3567 142 38 York.
877 3565 247 49 (32-3108)

449 3670 258 61 Lewton,
738 3669 127 55 Val.

517 3744 87 51 No
640 3744 105 51 bed
781 3743 62 52 of
878 3744 100 51 her
1014 3761 141 48 own,
1190 3745 73 65 by
1301 3744 108 52 Val
1448 3745 248 52 Lewton.
1770 3747 135 52 New
1946 3748 160 51 York
2146 3747 131 67 city,
2314 3747 118 51 The

451 3820 309 66 Vanguard
792 3838 171 47 press,
996 3823 145 47 1932.

516 3888 611 48 5 p. l., 3-306 p. 19½ ᶜᵐ .
454 3944 50 51 ©
534 3949 107 38 Jan.
671 3947 69 42 29,
770 3946 138 47 1932;
940 3947 67 41 2c.
1037 3947 109 40 Feb.
1175 3949 55 45 4;
1261 3947 80 40 aff.
1374 3948 109 39 Feb.
1514 3949 52 46 2;
1601 3950 40 38 A
1668 3949 170 49 48283;
1870 3952 261 42 Vanguard
2162 3963 147 37 press,
2342 3952 90 39 inc.

530 4003 248 49 (32-3289)
