2563 4368
1319 4026 100 51 608

442 490 766 50 5 p. l., 157, [1] p., 1 l. 19 ½ᶜᵐ .
443 547 361 41 “Publications
831 547 80 40 for
937 547 83 40 the
1045 545 329 42 clubwoman”
1393 556 11 30 :
1436 555 43 39 p.
1507 545 216 41 150-153.

381 600 51 52 ©
460 605 114 47 Apr.
603 605 69 48 15,
700 603 139 48 1932;
869 604 66 40 2c.
965 605 95 38 and
1088 603 82 41 aff.
1199 604 113 46 Apr.
1342 603 80 46 18;
1452 603 42 38 A
1521 601 170 48 50769;
1724 602 56 43 D.
1809 602 238 48 Appleton
2076 601 36 41 &
2140 611 68 31 co.
457 661 279 50 (32-11044)

378 762 337 64 Ledbetter,
746 763 140 52 Mrs.
917 761 253 54 Eleanor
1209 760 350 66 (Edwards)
1596 778 180 51 comp.

444 838 201 54 Polish
694 837 297 54 literature
1043 837 60 52 in
1155 836 247 70 English
1452 836 373 68 translation;
1880 856 32 36 a
1965 835 408 71 bibliography

377 916 141 53 with
558 935 31 33 a
631 915 98 54 list
767 914 66 54 of
870 914 176 55 books
1087 915 173 53 about
1302 914 225 54 Poland
1570 914 114 54 and
1724 913 97 55 the
1863 913 185 69 Poles,
2089 913 282 70 compiled

378 994 139 53 with
559 999 159 48 notes
762 994 113 52 and
918 998 281 48 comment
1241 992 76 69 by
1364 992 249 53 Eleanor
1658 992 67 54 E.
1770 991 334 69 Ledbetter;
2153 991 141 55 with
2340 1010 32 36 a

378 1069 1997 71 foreword by Dr. Tadeusz Mitana … New York, Pub. under
377 1149 96 53 the
517 1148 254 69 auspices
815 1147 65 55 of
923 1148 97 53 the
1063 1147 202 54 Polish
1307 1146 259 55 national
1611 1146 240 55 alliance
1895 1147 76 71 by
2016 1147 98 54 the
2157 1147 80 55 H.
2280 1147 93 56 W.

375 1226 222 56 Wilson
627 1244 298 51 company,
955 1227 150 53 1932.

444 1299 58 41 45
533 1310 45 38 p.
637 1298 117 44 19ᶜᵐ.

384 1353 51 52 ©
469 1359 113 46 Apr.
615 1358 38 48 8,
687 1356 114 41 1932;
864 1357 68 40 2c.
963 1358 111 47 Apr.
1109 1356 55 39 22;
1227 1356 82 41 aff.
1342 1357 114 47 Apr.
1489 1356 53 40 21;
1608 1358 40 38 A
1680 1355 144 42 49642;
1888 1357 60 42 H.
1982 1357 73 41 W.
2090 1356 184 42 Wilson
2308 1367 69 30 co.
460 1414 280 49 (32-10973)

380 1515 287 66 Leonard,
696 1516 302 55 Jonathan
1025 1517 250 65 Norton,
1309 1521 170 51 1903-
1691 1534 180 52 comp.

448 1591 123 54 Ask
598 1609 88 36 me
715 1593 170 68 again
904 1593 11 53 !
985 1592 121 52 The
1135 1590 159 56 third
1324 1591 256 68 question
1610 1590 163 71 book,
1801 1591 279 69 compiled
2109 1591 75 68 by
2216 1590 55 55 J.
2304 1589 70 54 N.

379 1670 279 67 Leonard,
689 1670 141 53 with
864 1689 31 33 a
928 1668 227 70 preface
1187 1669 75 69 by
1293 1668 197 53 Frank
1522 1668 280 55 Sullivan.
1871 1668 138 54 New
2044 1667 179 68 York,
2254 1668 121 53 The

378 1746 219 70 Viking
628 1765 175 51 press,
836 1749 151 50 1932.

446 1817 340 51 191 p. 21 ᶜᵐ .
386 1874 51 52 ©
468 1879 114 47 Apr.
612 1878 68 48 15,
713 1877 139 47 1932;
886 1876 66 42 2c.
983 1878 112 47 Apr.
1129 1878 80 46 18;
1244 1877 81 42 aff.
1357 1878 115 47 Apr.
1503 1877 81 47 16;
1618 1878 40 38 A
1689 1875 172 50 49585;
1896 1878 177 48 Viking
2104 1887 148 39 press,
2286 1877 89 39 inc.

461 1934 279 48 (32-11102)

381 2039 80 51 Le
488 2038 172 64 Sage,
687 2037 174 54 Alain
890 2037 178 65 René,
1100 2039 326 55 1668-1747.

447 2114 348 67 Asmodeus;
831 2131 83 50 or,
948 2113 122 54 The
1105 2113 152 54 devil
1292 2132 72 35 on
1399 2119 113 48 two
1549 2113 193 70 sticks,
1777 2113 76 70 by
1889 2113 178 54 Alain
2103 2114 157 53 René
2294 2114 81 54 Le

380 2190 176 70 Sage;
589 2191 142 52 with
757 2191 382 53 illustrations
1166 2192 76 68 by
1271 2191 158 54 John
1457 2191 155 53 Alan
1641 2191 287 53 Maxwell.
2018 2191 140 54 [New
2189 2191 181 68 York]

378 2268 1025 70 The Bibliophilist society [ᶜ19 32]
449 2340 1153 51 xxiv, 323, [1] p. incl. front. plates. 23 ½ᶜᵐ .
448 2397 202 41 Preface
678 2397 168 48 signed
871 2397 62 47 by
960 2397 180 49 Joseph
1167 2397 225 49 Thomas,
1421 2398 283 42 translator.

450 2453 197 42 “Notice
679 2454 53 41 of
763 2454 64 41 Le
862 2453 151 48 Sage”
1056 2454 66 48 (p.
1154 2453 266 48 xiii-xxiv)
1462 2454 196 47 signed:
1695 2454 137 41 Jules
1867 2453 162 43 Janin.

386 2507 51 52 ©
473 2512 113 48 Apr.
621 2511 70 48 23,
727 2511 112 41 1932;
904 2512 66 40 2c.
1007 2513 95 39 and
1139 2512 81 41 aff.
1258 2511 113 49 Apr.
1405 2512 56 41 27;
1527 2514 40 38 A
1603 2512 143 40 51042;
1812 2511 331 49 Bibliophilist
2180 2511 194 49 society.

456 2564 70 53 [©
552 2569 342 49 illustrations]
967 2568 278 49 (32-11198)

381 2669 183 64 Lloyd
595 2670 245 65 George,
867 2669 209 67 David,
1107 2676 170 50 1863-

450 2749 123 53 The
612 2749 160 51 truth
814 2748 172 52 about
1026 2749 356 66 reparations
1422 2751 112 52 and
1575 2749 323 66 war-debts,
1936 2749 75 68 by
2049 2748 96 53 the
2184 2748 182 68 Right

380 2824 153 54 Hon.
568 2825 193 54 David
795 2826 185 67 Lloyd
1014 2826 237 68 George.
1326 2825 232 56 Garden
1596 2827 152 68 City,
1784 2828 69 53 N.
1889 2828 91 64 Y.,
2014 2826 354 68 Doubleday,

379 2903 198 52 Doran
606 2908 46 49 &
680 2921 297 49 company,
1005 2903 126 68 inc.,
1162 2908 148 50 1932.

449 2961 547 62 4 p. l., 150 p. 20ᶜᵐ.
450 3031 163 41 “First
648 3031 228 41 edition.”

386 3084 51 52 ©
473 3090 114 46 Apr.
621 3090 67 45 14,
725 3088 139 47 1932;
900 3088 67 41 2c.
1003 3090 96 39 and
1133 3088 80 40 aff.
1250 3090 112 47 Apr.
1399 3089 81 47 19;
1519 3090 40 38 A
1592 3088 172 49 49599;
1802 3089 297 49 Doubleday,
2137 3089 163 41 Doran
2337 3089 36 41 &

452 3156 82 32 co.,
563 3145 90 40 inc.
724 3144 278 48 (32-10855)

381 3245 301 66 Machard,
711 3248 230 64 Alfred,
974 3249 169 54 1887-

510 3322 1785 70 … L’amant blanc, roman … Paris, E. Flammarion [ ᶜ1 932]
447 3392 504 49 283 p., 1 l. 18 ½ᶜᵐ .
386 3447 1981 55 © Feb. 25, 1932; 1c. Mar. 17; A—Foreign 16064; Ernest Flammarion.
461 3508 279 49 (32-11087)

380 3597 241 65 Malten,
651 3598 184 55 Hans.

446 3671 140 51 Diät
616 3673 115 51 und
764 3673 352 52 lebensweise
1151 3674 97 52 für
1276 3675 379 67 herzkranke;
1687 3675 369 53 neuzeitliche
2086 3694 152 49 wege
2266 3693 100 34 zur

377 3746 335 55 wirksamen
750 3749 366 69 behandlung
1152 3751 360 53 chronischer
1547 3752 320 53 herzleiden
1915 3752 450 67 (herzneurosen,

376 3823 660 70 herzmuskeischwäche,
1066 3827 376 53 krankheiten
1474 3829 100 52 der
1602 3828 579 67 herzkranzarterien,

378 3829 1960 142 herzerweiterung,
832 3903 440 68 klappenfehler
1335 3905 362 68 usw.)—Ein
1761 3906 356 68 praktischer
2167 3904 198 54 führer
