2563 4368
1320 4093 134 50 1940

452 545 227 40 Lettered
708 554 62 30 on
797 553 144 30 cover;
997 544 72 39 Do
1100 553 107 29 men
1237 542 183 41 believe
1450 542 134 41 what
1615 542 125 41 their
1772 542 180 41 church
1983 541 283 49 prescribes.

825 598 264 50 Bibliography: p. 12-14.
385 653 51 51 ©
469 657 113 47 May
612 656 70 48 21,
714 655 113 41 1932;
888 656 65 41 2c.
986 657 112 40 Dec.
1129 657 25 39 7;
1217 654 82 42 aff.
1331 655 113 41 Dec.
1477 655 28 40 5;
1563 656 41 38 A
1636 655 146 41 57346;
1841 655 160 40 Heber
2034 656 45 41 J.
2113 655 155 41 Grant
2300 655 77 41 for

453 713 82 38 the
567 712 183 39 church
781 713 52 38 of
865 712 147 39 Jesus
1045 711 165 41 Christ
1243 712 52 39 of
1327 713 264 46 latter-day
1625 711 172 49 saints,
1834 711 106 40 Salt
1974 711 133 41 Lake
2140 712 123 46 City.

462 767 281 49 (32-16414)

384 875 323 67 [Howland,
737 877 153 53 Alan
923 877 276 67 Herbert]
1239 879 171 51 1899-
1622 878 86 53 ed.

449 953 165 55 Good
640 954 321 68 afternoon,
989 955 275 68 children,
1292 955 190 53 edited
1508 955 76 69 by
1612 955 310 56 Columbus
1976 957 209 66 [pseud.]
379 955 1974 130 wireless

511 1033 201 54 stories
737 1034 113 53 and
878 1033 164 68 plays
1069 1033 154 54 from
1248 1034 96 52 the
1368 1032 304 55 children’s
1698 1035 146 52 hour;
1899 1034 380 54 illustrations
2303 1034 76 68 by

380 1111 233 53 Morton
649 1111 146 56 Sale.
870 1112 257 67 London,
1163 1112 241 54 Hodder
1436 1114 53 50 &
1527 1112 327 68 Stoughton
1913 1115 152 65 [1932]

452 1183 1191 51 267, [1] p. col. front., illus., col. plates. 24½ ᶜᵐ.
453 1242 289 40 Illustrated
774 1244 98 46 t.-p.

454 1297 162 42 “First
647 1296 227 43 edition.”

387 1351 1995 54 © 1c. Nov. 28, 1932; A ad int. 17150; pubd. Sept. 29; Alan Howland,
455 1413 211 45 London,
695 1414 96 39 and
819 1413 43 40 J.
889 1414 194 39 Morton
1112 1413 123 48 Sale,
1265 1412 235 48 Croydon,
1533 1413 194 49 Surrey,
1756 1414 236 47 England.

465 1468 250 49 (33-2855)

383 1576 223 66 Kelley,
636 1576 248 55 Francis
911 1577 283 67 Clement,
1258 1596 75 50 bp.,
1363 1577 171 54 1870-

453 1654 1929 69 The forgotten God, by Francis Clement Kelley … New
386 1732 177 67 York,
592 1732 342 55 Milwaukee
986 1739 120 60 [etc.]
1142 1734 120 51 The
1293 1734 184 52 Bruce
1507 1732 335 69 publishing
1870 1750 280 51 company
2293 1735 85 64 [ᶜ1932]

455 1805 1805 50 xvii p., 1 l., 145 p. 22 ᶜᵐ. (Half-title: Science and culture series)
389 1860 51 51 ©
470 1864 111 39 Dec.
610 1864 68 47 17,
708 1862 113 41 1932;
878 1863 66 40 2c.
975 1864 96 39 and
1099 1862 82 41 aff.
1210 1865 112 38 Dec.
1351 1863 56 40 28;
1465 1864 41 38 A
1535 1863 142 41 57623;
1737 1864 52 42 F.
1818 1864 49 41 C.
1897 1864 183 47 Kelley,
2113 1863 268 41 Oklahoma

461 1919 122 48 City,
614 1920 105 40 Okl.
789 1919 250 49 (33-1606)

385 2026 190 67 Klein,
604 2029 208 63 Henry
839 2028 211 65 Adam,
1083 2033 171 50 1869-

462 2104 266 56 Sermons
754 2104 94 53 for
872 2105 95 55 the
992 2105 192 66 home;
1213 2125 31 33 a
1271 2106 169 52 series
1466 2105 64 53 of
1554 2124 250 35 sermons
1830 2125 74 34 on
1929 2107 166 52 select
2122 2105 264 69 subjects,

388 2183 1996 69 by H. A. Klein … St. Louis, Mo., Concordia publishing house,
388 2264 149 51 1932.

457 2335 544 49 iv p., 1 l., 216 p. 23½ ᶜᵐ.
392 2388 51 51 ©
479 2393 110 39 Dec.
624 2392 40 47 2,
700 2392 112 40 1932;
875 2392 69 40 2c.
977 2393 96 39 and
1106 2391 82 41 aff.
1223 2393 111 39 Dec.
1370 2393 59 39 10;
1490 2393 41 39 A
1564 2393 143 41 58307;
1773 2392 268 42 Concordia
2077 2392 108 49 pub.
2220 2394 162 38 house.

470 2448 249 49 (33-1757)

387 2558 216 64 Kraus,
631 2559 277 63 Herbert,
939 2563 171 50 1884-

457 2634 124 53 The
612 2633 163 55 crisis
810 2633 65 55 of
910 2633 252 56 German
1199 2635 360 69 democracy;
1597 2656 33 35 a
1668 2636 172 69 study
1877 2634 65 55 of
1977 2636 95 53 the
2110 2636 174 68 spirit
2319 2634 65 55 of

389 2711 1931 71 the constitution of Weimar, by Dr. Jur. Herbert Kraus …
389 2789 1995 71 edited with an introduction by William Starr Myers … and
389 2866 140 54 with
569 2885 75 34 an
684 2867 246 68 English
970 2867 344 53 translation
1355 2866 65 55 of
1461 2868 96 53 the
1598 2867 251 56 German
1893 2868 372 54 constitution
2308 2867 76 71 by

388 2944 1998 71 Marguerite Wolff … Princeton, Princeton university press,
391 3024 151 51 1932.

462 3093 437 49 xviii, 223 p. 23 ᶜᵐ.
464 3150 1872 49 “The following chapters had their origin in lectures … delivered …
394 3206 1990 50 at Princeton university … These discussions may be regarded as a
393 3262 1991 51 sequel and supplement to my book, Germany in transition … published
393 3316 50 40 in
472 3317 362 48 1924.”—Pref.,
865 3329 44 38 p.
943 3319 81 51 [vii]

398 3371 51 51 ©
483 3376 107 39 Dec.
624 3376 69 47 20,
727 3376 112 40 1932;
901 3377 66 40 2c.
1001 3378 96 39 and
1129 3377 82 41 aff.
1244 3379 112 39 Dec.
1387 3377 55 41 30;
1503 3378 41 38 A
1575 3377 170 47 57641;
1781 3378 258 40 Princeton
2072 3375 130 43 univ.
2235 3386 150 38 press.

475 3430 249 52 (33-1329)

395 3533 233 65 Lamsa,
661 3535 226 64 George
919 3535 409 66 Mamishisho,
1363 3541 172 50 1893-

463 3610 104 68 My
587 3611 278 67 neighbor
888 3613 185 68 Jesus,
1095 3613 61 53 in
1178 3614 99 54 the
1297 3614 152 67 light
1472 3613 65 54 of
1559 3613 113 54 His
1695 3633 126 36 own
1845 3616 299 67 language,
2168 3615 218 68 people,

395 3688 114 51 and
550 3688 154 66 time,
743 3689 76 65 by
862 3689 223 68 George
1127 3690 79 52 M.
1251 3691 235 66 Lamsa;
1532 3691 141 52 with
1717 3711 31 33 a
1793 3690 300 69 prefatory
2135 3697 133 47 note
2307 3690 77 69 by

395 3763 203 67 Henry
634 3763 277 68 Wysham
947 3767 228 53 Lanier.
1248 3767 138 54 New
1425 3768 163 52 York
1626 3769 113 52 and
1775 3768 258 68 London,
2071 3769 235 68 Harper
2341 3769 46 51 &

393 3841 278 66 brothers,
699 3844 151 51 1932.

463 3912 435 49 xviii, 148 p. 19½ ᶜᵐ.
401 3966 51 51 ©
484 3970 111 39 Dec.
627 3969 67 47 19,
726 3969 116 41 1932;
899 3971 66 40 2c.
998 3973 97 39 and
1123 3972 82 40 aff.
1236 3974 112 39 Dec.
1378 3973 56 39 21;
1495 3974 41 38 A
1567 3974 142 40 57553;
1771 3974 193 48 Harper
1993 3974 39 40 &
2063 3974 123 39 bros.

477 4025 249 50 (33-1429)
