2563 4368
1316 4065 133 49 1836

462 519 1590 51 vi p., 2 l., 492 p. incl. front. plates. 22 ᶜᵐ . [A star book]
397 575 1988 51 © June 13. 1932; 2c. and aff. Dec. 5 ; A 57333; Garden City pub. co.,
463 634 90 42 inc.
617 631 67 53 [©
720 633 343 50 illustrations]
1136 633 278 48 (32-34907)

394 722 265 56 Catholic
691 724 240 52 church.
1004 722 248 67 Liturgy
1284 723 114 51 and
1429 722 193 52 ritual.
1694 722 218 53 Missal.

464 799 121 52 The
609 818 122 34 new
756 800 193 52 missal
977 799 94 54 for
1096 818 167 49 every
1289 799 142 67 day;
1461 818 31 33 a
1518 801 274 65 complete
1816 799 192 52 missal
2035 799 60 52 in
2121 798 265 67 English,

397 876 138 54 with
564 875 409 69 introduction,
1001 882 177 62 notes,
1207 877 113 53 and
1351 897 31 33 a
1411 877 147 53 book
1586 877 63 53 of
1679 895 225 49 prayer,
1933 876 75 67 by
2036 877 140 52 Rev.
2207 877 66 52 F.
2305 876 79 52 X.

397 953 1987 68 Lasance … Revised in conformity with the Vatican typical
396 1031 1963 145 edition of the Missale romanum … To which are added supplements
708 1109 331 67 containing
1073 1109 95 53 the
1201 1127 210 49 proper
1445 1127 206 35 masses
1687 1109 94 53 for
1814 1110 95 52 the
1943 1109 216 54 United
2197 1109 187 55 States

399 1187 111 52 and
543 1186 227 53 various
805 1204 208 35 masses
1044 1187 95 52 for
1170 1187 209 66 special
1416 1186 282 53 devotion.
1767 1187 140 52 New
1943 1186 179 65 York,
397 1186 1964 130 Cincinnati

551 1269 137 62 [etc.]
721 1264 280 67 Benziger
1027 1264 277 64 brothers,
1333 1266 151 50 1932.

473 1335 143 51 [1358]
646 1348 44 37 p.
720 1336 111 41 incl.
859 1336 164 48 front.,
1053 1335 128 42 illus.
1241 1336 116 41 15ᶜᵐ.

470 1394 208 42 Various
707 1393 218 49 pagings.

473 1448 347 50 “Inexpensive
850 1450 161 40 works
1040 1450 158 39 which
1229 1449 196 39 contain
1457 1449 205 48 popular
1691 1449 341 49 explanations
2065 1450 52 41 of
2147 1452 81 40 the
2259 1461 129 30 mass

400 1506 97 40 and
524 1507 65 40 its
617 1505 347 43 ceremonies”:
994 1517 43 37 p.
1065 1506 144 39 15-17
1236 1505 52 40 of
1315 1505 184 41 Introd.

400 1561 50 51 ©
482 1565 117 38 Nov.
629 1566 41 40 4,
701 1563 112 40 1932;
874 1563 66 40 2c.
972 1564 116 37 Nov.
1121 1562 54 39 28;
1236 1562 81 40 aff.
1349 1563 116 38 Nov.
1496 1561 55 39 25;
1613 1563 39 38 A
1685 1563 168 47 58107;
1888 1563 232 43 Benziger
2153 1565 122 38 bros.

477 1621 279 48 (32-35035)

398 1707 283 68 Chaucer,
709 1710 296 64 Geoffrey,
1032 1710 54 52 d.
1116 1712 149 49 1400.

465 1788 228 52 Troilus
737 1787 111 51 and
896 1784 286 70 Criseyde,
1225 1785 72 69 by
1345 1783 263 71 Geoffrey
1656 1784 269 56 Chaucer.
2029 1785 134 53 [New
2212 1786 176 69 York,

397 1864 260 53 Random
682 1864 189 67 house,
900 1865 151 66 1932]

465 1934 884 50 xviii p., 1 l., 309 p. illus. 24ᶜᵐ.
467 1992 69 40 “A
565 1993 106 40 love
703 2003 137 37 poem
871 1991 49 40 in
952 1992 89 39 five
1076 1992 148 39 books
1255 1990 249 49 englished
1535 2001 137 30 anew
1704 1993 59 46 by
1797 1993 180 47 George
2012 1993 161 49 Philip
2205 1994 182 48 Krapp,

396 2049 118 40 with
549 2050 135 39 wood
720 2046 291 50 engravings
1047 2049 59 46 by
1142 2048 111 41 Eric
1292 2046 140 41 Gill.”

400 2105 51 53 ©
477 2110 118 40 Nov.
621 2109 69 47 25,
717 2108 112 39 1932;
884 2108 66 40 2c.
977 2108 116 39 Nov.
1119 2107 81 47 30;
1230 2107 81 40 aff.
1338 2108 116 39 Nov.
1483 2106 81 48 29;
1594 2107 41 39 A
1661 2108 169 46 57354;
1862 2108 218 40 Random
2107 2109 163 42 house,
2298 2108 90 41 inc.

478 2166 277 47 (32-35043)

398 2253 332 65 Chauncey,
760 2254 214 53 Marlin
1003 2255 148 62 Ray,
1183 2259 167 49 1891-

465 2331 121 54 The
613 2330 359 55 educational
1000 2331 112 52 and
1139 2327 394 71 occupational
1561 2330 354 68 preferences
1941 2331 65 53 of
2032 2329 210 70 college
395 2348 1969 115 seniors;
569 2408 149 54 their
745 2407 361 69 significance
1134 2407 93 53 for
1254 2407 210 68 college
1491 2405 399 70 achievement,
1917 2408 74 68 by
2019 2406 216 56 Marlin
2261 2408 128 69 Ray

398 2483 1988 71 Chauncey … New York city, Teachers college, Columbia
395 2563 334 68 university,
758 2564 150 51 1932.

395 2634 1974 104 3 p. l., 72 p. 23½ᶜᵐ. (Teachers college, Columbia university. Contributions to education, no. 533)
466 2750 170 40 Issued
668 2750 102 38 also
803 2759 54 29 as
889 2747 152 40 thesis
1070 2747 107 48 (PH.
1239 2748 35 47 D.)
1317 2747 249 41 Columbia
1599 2746 284 49 university.

394 2803 1974 106 “The report presents the … preferences of the seniors at the University of Pennsylvania.”—p. 18.
466 2917 374 48 Bibliography:
872 2928 45 37 p.
945 2916 156 40 71-72.

400 2971 50 51 ©
485 2976 116 39 Nov.
636 2976 38 45 1,
708 2973 140 47 1932;
884 2974 65 38 2c.
985 2973 115 38 Nov.
1137 2971 54 40 19;
1256 2973 80 39 aff.
1371 2973 115 38 Nov.
1523 2972 80 46 25;
1640 2971 40 39 A
1714 2972 142 40 58069;
1921 2974 237 39 Teachers
2194 2973 189 47 college,

468 3031 246 40 Columbia
745 3029 128 41 univ.
945 3029 277 47 (32-35054)

397 3117 317 65 Churchill,
746 3117 270 54 Winston
1047 3117 267 54 Leonard
1345 3118 271 63 Spencer,
1650 3117 171 55 1874-

467 3194 176 52 Amid
686 3195 154 52 these
880 3199 235 61 storms;
1157 3194 276 67 thoughts
1477 3196 112 51 and
1632 3195 355 66 adventures,
2029 3196 74 65 by
2147 3196 95 52 the
2283 3197 95 51 Rt.

398 3270 1982 68 Hon. Winston S. Churchill … New York, C. Scribner’s sons,
396 3351 150 51 1932.

470 3417 101 51 319,
608 3421 54 49 [1]
697 3431 43 37 p.
803 3421 135 39 front.
981 3419 170 49 (port.)
1196 3420 126 40 illus.
1353 3420 131 46 (incl.
1519 3421 159 47 maps)
1747 3419 144 42 21½ᶜᵐ.

399 3473 50 51 ©
480 3479 116 38 Nov.
625 3478 69 45 25,
724 3476 139 47 1932;
894 3477 66 39 2c.
992 3477 110 40 Dec.
1133 3477 80 46 15;
1246 3475 80 40 aff.
1358 3477 109 39 Dec.
1497 3478 54 38 13;
1611 3478 41 38 A
1682 3477 142 39 58346;
1886 3478 199 39 Charles
2120 3477 261 41 Scribner's

465 3544 123 29 sons.
661 3533 277 47 (32-35038)

396 3621 195 65 Craig,
620 3622 70 54 A.
721 3623 157 52 Elsie
908 3622 267 54 Rundall.

464 3697 119 52 The
612 3700 193 63 palace
833 3697 62 51 of
922 3696 266 68 intrigue,
1215 3697 71 65 by
1315 3697 71 52 A.
1414 3697 66 50 E.
1509 3697 66 50 R.
1606 3696 188 67 Craig.
1859 3697 135 51 New
2026 3696 177 67 York,
395 3696 1959 141 Minton,

540 3773 180 51 Balch
750 3774 45 50 &
826 3790 293 50 company,
1152 3775 149 50 1932.

462 3842 81 48 vii,
575 3842 86 41 288
691 3853 43 38 p.
792 3842 115 41 19ᶜᵐ.

398 3898 50 51 ©
483 3903 112 46 May
625 3901 69 43 20,
727 3903 139 45 1932;
900 3903 66 40 2c.
1000 3905 94 39 and
1127 3903 81 39 aff.
1242 3904 112 46 May
1386 3903 81 46 31;
1502 3903 41 38 A
1574 3903 167 46 52232;
1777 3903 53 40 A.
1865 3905 51 38 E.
1950 3904 54 39 R.
2040 3902 157 46 Craig,
464 3903 1896 97 Tynemouth,

675 3959 456 47 Northumberland,
1162 3960 234 47 England.
1467 3958 278 48 (32-34935)
