2563 4368
1036 4093 133 50 1643

180 530 130 41 Vita.

180 588 40 39 A
250 589 112 46 part
390 586 51 41 of
471 586 68 39 “A
566 584 251 42 narrative
847 586 95 40 and
972 584 188 41 critical
1192 583 188 48 history
1410 585 52 41 of
1491 585 82 41 the
1602 584 358 48 Pennsylvania
113 586 1975 98 Germans”
305 643 254 49 published

589 643 61 47 by
679 644 82 38 the
788 641 591 47 Pennsylvania-German
1409 641 195 47 society,
1662 643 62 48 cf.
1754 641 129 41 Pref.

181 700 348 46 Bibliography;
594 709 44 37 p.
676 698 249 49 [272]-284.

116 768 1991 53 © Oct. 1, 1832; 2c. Oct. 5; aff. Oct. 7; A 56261; Dorrance & co., inc.
193 829 278 49 (32-31125)

111 931 263 65 Merwin,
401 932 308 63 Raymond
739 929 225 65 Edwin,
996 934 324 51 1881-1928.

112 1006 1969 132 … The ruins of Holmul, Guatemala, by Raymond E. Merwin and
409 1084 220 69 George
667 1084 62 54 C.
767 1084 289 67 Vaillant;
1095 1083 141 53 with
1272 1084 317 69 thirty-one
1626 1083 381 54 illustrations
2045 1084 59 52 in

112 1165 95 51 the
241 1169 137 61 text,
413 1162 300 69 thirty-six
749 1162 183 68 plates
971 1162 112 52 and
1121 1161 385 69 frontispiece.
1583 1160 364 71 Cambridge,
1984 1161 123 54 The

111 1242 277 66 Museum,
422 1243 150 50 1932.

181 1310 1924 52 xiv, 106 p., 2 l. col. front., illus. (incl. plans) 36 pl. on 18 l., diagrs.
111 1367 1996 51 36 ᶜᵐ. (Memoirs of the Peabody museum of American archaeology and
111 1426 270 48 ethnology,
410 1426 229 39 Harvard
668 1425 284 46 university,
1014 1425 88 40 vol.
1197 1455 9 16 III,
1236 1435 75 30 no.
1339 1424 51 49 2)

181 1483 347 47 Bibliography;
583 1493 43 37 p.
672 1480 205 51 [97]-103.

117 1551 51 52 ©
199 1555 87 40 Oct
329 1555 69 40 25.
428 1554 139 45 1932;
597 1553 67 40 2c.
695 1553 102 40 Oct.
825 1552 83 46 29;
941 1553 81 39 aff.
1053 1552 102 41 Oct.
1184 1554 56 39 27;
1298 1553 41 39 A
1368 1552 170 47 55749;
1571 1553 255 40 President
1855 1553 36 40 &
1919 1553 189 40 fellows

183 1612 51 39 of
314 1612 179 38 Harvard
523 1612 191 44 college,
747 1609 299 48 Cambridge,
1079 1610 146 39 Mass.
1297 1608 279 49 (32-31192)

112 1709 207 69 Miller,
350 1712 263 63 Raphael
642 1712 309 65 Harwood,
985 1711 172 54 1874-
1368 1712 85 53 ed.

184 1790 235 54 Charles
471 1791 56 54 S.
578 1790 300 67 Medbury,
925 1791 273 68 preacher
1249 1792 112 52 and
1410 1796 209 47 master
1669 1790 292 54 workman
2012 1790 93 54 for

113 1867 195 54 Christ;
366 1888 32 33 a
423 1870 147 52 book
596 1868 64 54 of
685 1867 213 54 tribute
925 1871 112 52 and
1065 1868 515 68 commemoration,
1607 1868 189 55 edited
1826 1870 112 53 and
1965 1868 141 55 with

112 1945 386 54 introduction
526 1946 76 55 by
629 1947 261 67 Raphael
917 1948 76 53 H.
1024 1946 210 53 Miller.
1312 1946 83 56 St.
1425 1946 190 68 Louis,
1643 1948 136 67 Mo.,
1811 1947 295 55 Christian

110 2025 178 53 board
316 2024 64 53 of
407 2025 353 67 publication
904 2028 83 64 [ᶜ1932]

215 2096 1103 50 x p., 1 l., 180 p. front., plates, ports. 20 ᶜᵐ.
116 2162 1993 55 © Oct. 12, 1932; 2c. and aff. Oct. 17; A 56501; Christian board of
183 2225 310 47 publication.
565 2225 279 49 (32-31012)

111 2327 214 65 Morro,
352 2327 254 55 William
636 2327 262 65 Charles,
929 2330 171 53 1871-

184 2403 420 70 Stewardship;
645 2425 31 33 a
711 2406 173 67 study
916 2405 64 54 of
1014 2407 97 53 the
1143 2405 293 69 teachings
1472 2408 65 52 of
1570 2407 94 52 the
1701 2406 165 54 Bible
1903 2426 72 34 on
2008 2408 95 52 the

112 2481 216 69 subject
358 2483 64 51 of
451 2502 32 32 a
514 2483 177 51 man’s
722 2481 316 70 obligation
1067 2490 58 46 to
1157 2485 124 54 God
1316 2485 61 51 in
1405 2483 291 70 financing
1726 2486 95 52 the
1853 2486 158 52 work
2042 2485 63 53 of

112 2560 1993 71 the kingdom [by] William Charles Morro … St. Louis, Mo.,
112 2639 801 67 The Bethany press [ ᶜ19 32]
185 2711 368 48 vi, 185 p. 19 ᶜᵐ.
116 2769 1719 56 © Oct. 12, 1932; 2c. and aff. Oct. 17; A 56503; Bethany press.
193 2830 279 48 (32-31014)

110 2934 144 53 New
284 2934 180 55 York.
537 2936 273 53 Museum
840 2936 65 53 of
935 2938 242 52 modern
1204 2940 118 52 art.

176 3010 307 54 American
532 3012 269 68 painting
850 3016 51 50 &
950 3015 307 66 sculpture,
1308 3018 326 50 1862-1932.
1723 3015 244 55 October
2018 3020 83 49 31.

119 3089 1980 68 1932-1933, January 31, the Museum of modern art … New
118 3164 811 70 York. [New York, ᶜ19 32]
188 3237 770 48 46 p., 2 l. 78 pl. on 39 l. 25½ ᶜᵐ.
192 3293 142 41 “Two
366 3294 243 41 thousand
640 3295 159 48 copies
834 3296 51 41 of
917 3297 100 39 this
1052 3298 192 49 catalog
1278 3309 126 30 were
1436 3299 194 48 printed
1663 3299 80 41 for
1777 3301 82 41 the
1893 3303 210 40 trustees

120 3350 51 39 of
198 3352 82 39 the
305 3351 220 41 Museum
554 3352 51 40 of
631 3353 200 40 modern
857 3352 122 41 art.”

189 3406 320 50 “Eighteenth
540 3407 111 41 loan
685 3408 648 44 exhibition.”—Foreword.

193 3462 284 42 “American
500 3466 93 45 art,
619 3463 289 41 1862-1932”
943 3466 65 47 (p.
1034 3465 139 49 9-22)
1208 3466 166 50 signed;
1430 3468 182 50 Holger
1635 3468 175 42 Cahill.

115 3516 51 52 ©
198 3521 100 40 Oct.
327 3521 70 47 29,
427 3520 113 41 1932;
601 3521 67 40 2c.
699 3523 94 38 and
825 3521 81 39 aff.
937 3523 117 40 Nov.
1085 3522 26 39 2;
1171 3524 41 38 A
1243 3524 142 41 56845;
1447 3526 221 40 Museum
1700 3527 52 40 of
1782 3527 198 40 modern
2011 3529 93 39 art.

193 3577 277 47 (32-31283)

112 3676 265 66 O’Brien,
408 3680 252 52 Edward
688 3680 219 63 Joseph
937 3680 387 66 Harrington,
1356 3689 170 50 1890-

184 3752 116 55 Son
331 3753 63 53 of
424 3756 95 51 the
550 3756 293 68 morning;
880 3776 30 33 a
945 3759 247 65 portrait
1224 3759 64 53 of
1318 3760 301 54 Friedrich
1651 3761 295 54 Nietzsche
2002 3764 92 67 [by]

112 3830 250 54 Edward
398 3834 54 53 J.
490 3833 264 53 O’Brien.
829 3836 138 51 New
1003 3836 178 67 York,
1217 3840 245 56 Brewer,
1496 3840 243 53 Warren
1772 3843 45 50 &
1850 3842 250 52 Putnam

117 3913 190 63 [ ᶜ19 32 ]
181 3980 1135 54 viii, 294 p. front., pl., ports., facsim. 22½ ᶜᵐ.
