2563 4368
1077 4052 100 49 331

122 461 340 67 McCallum,
491 463 201 53 James
720 460 161 66 Dow,
911 462 172 50 1892-
1293 457 85 54 ed.

188 541 120 53 The
339 540 192 53 letters
565 537 64 53 of
661 538 240 53 Eleazar
932 533 350 57 Wheelock’s
1313 534 258 66 Indians,
1604 532 189 53 edited
1828 530 153 54 from
2011 531 96 53 the

118 608 1968 139 originals by James Dow McCallum … Hanover, N. H., Dartmouth
351 694 209 64 college
599 691 395 66 publications,
1032 692 150 50 1932.

122 757 1971 106 327 p. front., facsims. 24½ ᶜᵐ . (Dartmouth college manuscript series.
290 832 75 30 no.
390 820 53 48 1)

193 890 86 40 “In
320 890 98 40 this
458 889 188 40 volume
687 888 82 41 the
811 886 177 40 Indian
1027 886 217 40 scholars
1283 886 108 38 who
1431 885 230 39 attended
1703 881 175 43 Moor’s
1919 881 193 49 charity

121 947 162 41 school
319 945 176 48 during
530 946 80 38 the
647 943 207 41 lifetime
890 943 51 39 of
977 943 203 39 Eleazar
1216 940 258 41 Wheelock
1509 941 123 38 have
1667 940 118 39 been
1822 939 203 41 allowed
2062 941 48 38 to

121 1003 149 48 speak
298 1002 79 39 for
409 998 578 44 themselves.”—Introd.

192 1058 375 48 “Bibliography
597 1057 51 39 of
676 1055 159 41 works
862 1054 126 41 cited
1016 1054 50 39 in
1094 1052 99 41 this
1221 1051 216 42 volume”:
1496 1063 43 37 p.
1566 1051 217 41 314-316.

127 1119 1985 57 © Mar. 4, 1932; 2c. Mar. 14; aff. Mar. 11; A 48975; Dartmouth college,
198 1184 241 46 Hanover,
462 1184 56 42 N.
544 1184 59 39 H.
674 1179 248 52 (32-6653)

127 1316 220 65 Magill,
375 1314 247 55 Roswell
652 1315 229 64 Foster,
907 1313 84 52 ed.

197 1387 1851 73 Cases on business organization, edited by Roswell Magill …
130 1466 1982 73 assisted by Warner H. Mendel … v. 3. [New York, Printed
127 1544 1438 74 by Columbia university, School of law, ᶜ19 32]
223 1620 708 50 2 p. l., 1417-1734 p. 27 ᶜᵐ .
132 1688 50 52 ©
215 1692 120 39 Mar.
365 1691 69 47 30,
466 1689 113 40 1932;
638 1689 67 41 2c.
734 1689 96 40 and
934 1720 8 8 aff.
976 1690 121 40 Mar.
1128 1689 54 40 31;
1245 1689 40 40 A
1314 1688 144 40 49362;
1519 1689 55 39 R.
1608 1688 183 49 Magill,
1824 1688 116 42 New
1972 1688 145 40 York.

127 1807 323 67 Mansfield,
480 1807 233 53 Arthur
741 1807 220 65 James,
994 1812 170 49 1885-

126 1879 1969 149 Composition and presswork, by Arthur J. Mansfield … Melrose,
292 1958 933 70 Mass., A. J. Mansfield [ ᶜ19 32 ]
196 2029 1479 53 1 p. l., vii-xi p., 1 l., 223 p. front., illus., diagrs. 23½ᶜᵐ.
197 2102 225 41 Lettered
450 2113 61 29 on
539 2113 139 29 cover:
738 2102 95 39 For
862 2103 82 39 the
973 2103 197 40 student
1199 2103 52 40 of
1281 2102 230 50 printing.

198 2159 295 47 “Suggested
524 2158 183 41 outline
741 2169 168 29 course
941 2158 52 40 of
1023 2160 145 46 study
1202 2159 50 39 in
1285 2159 216 48 printing
1530 2160 80 39 for
1643 2171 84 30 use
1759 2161 51 39 in
1844 2161 274 41 vocational

126 2214 214 42 schools”:
400 2225 42 37 p.
474 2214 247 49 [198]-211.

196 2271 375 48 Bibliography:
603 2281 43 38 p.
681 2268 248 52 [222]-223.

135 2342 50 52 ©
212 2344 110 41 Jan.
348 2345 68 47 23,
444 2343 111 41 1932;
610 2344 67 42 2c.
704 2343 110 40 Feb.
841 2341 81 49 29;
952 2342 79 40 aff.
1061 2344 122 38 Mar.
1210 2342 25 39 2;
1292 2343 40 38 A
1357 2343 172 47 48762;
1558 2344 54 41 A.
1640 2345 44 40 J.
1712 2344 268 50 Mansfield,
202 2346 1901 102 Melrose,

346 2402 146 39 Mass.
562 2399 249 50 (32-6557)

132 2518 241 66 Marvel,
401 2516 224 66 Josiah,
655 2521 171 52 1866-

202 2597 292 53 Delaware
519 2598 386 67 corporations
931 2598 110 53 and
1068 2596 421 70 receiverships,
1515 2594 330 70 containing
1868 2595 96 52 the
132 2611 1962 117 general

285 2674 356 67 corporation
677 2673 108 55 law
824 2675 63 52 of
922 2676 95 53 the
1054 2679 144 49 state
1233 2673 62 54 of
1330 2674 313 65 Delaware,
1679 2672 309 53 Franchise
2022 2677 97 46 tax

132 2751 125 68 law,
296 2756 234 49 statutes
568 2752 111 52 and
716 2753 148 54 rules
900 2750 64 54 of
1001 2757 159 46 court
1199 2750 317 69 governing
1550 2747 420 70 receiverships,
2009 2748 111 53 and

134 2827 176 54 forms
344 2828 90 52 for
468 2826 336 71 organizing
835 2829 399 67 corporations.
1304 2826 329 54 Annotated
1665 2825 141 54 with
1839 2825 76 54 all
133 2826 1962 132 pertinent

295 2904 271 54 decisions
596 2904 57 51 in
685 2904 77 53 all
791 2904 304 52 American
1124 2902 407 71 jurisdictions,
1561 2904 76 67 by
1669 2901 199 56 Josiah
1900 2902 221 54 Marvel

195 2977 1927 73 … 5th ed., by Christopher L. Ward, jr. … Wilmington, Del.,
134 3057 377 69 Corporation
542 3056 208 57 service
779 3076 293 50 company,
1104 3060 149 51 1932.

201 3128 512 49 xxxii, 428 p. 23 ᶜᵐ .
202 3199 311 48 Advertising
540 3202 180 38 matter:
777 3211 41 37 p.
864 3197 235 51 [415]-428.

203 3256 129 47 Kept
356 3266 65 37 up
445 3258 48 37 to
519 3257 111 38 date
656 3257 58 46 by
741 3255 295 41 cumulative
1062 3256 301 47 supplement
1390 3259 49 37 to
1465 3256 55 40 be
1547 3256 214 41 inserted
1786 3257 53 40 in
1865 3256 170 49 pocket
2061 3265 59 30 on

134 3311 156 42 inside
319 3312 52 40 of
402 3312 121 40 back
553 3322 152 30 cover.

140 3382 50 52 ©
220 3385 108 42 Feb.
356 3384 67 48 19,
450 3385 112 39 1932;
618 3385 68 41 2c.
712 3385 94 40 and
834 3384 81 40 aff.
944 3386 120 38 Mar.
1093 3385 25 38 5;
1175 3384 40 39 A
1240 3383 144 43 47965;
1443 3384 315 48 Corporation
1789 3384 183 41 service
1999 3393 66 28 co.

217 3441 248 48 (32-6788)

138 3558 300 66 Mauclair,
471 3558 257 64 Camille,
760 3559 171 55 1872-

267 3631 1853 70 … Le charme de Versailles; illustrations en couleurs de
138 3708 234 56 Charles
399 3710 194 53 Jouas.
657 3710 185 68 Paris,
868 3702 309 61 L’Édition
1209 3709 166 69 d’art,
1402 3711 78 52 H.
1509 3711 209 52 Piazza
1754 3712 171 65 [1931]

206 3778 1250 55 2 p. l., 124, [3] p. col. illus., col. plates. 21 ᶜᵐ .
207 3849 1912 53 “Il a été tiré mille exemplaires numérotés … Exemplaire n.° XXXIII.”
142 3921 1978 62 © Nov. 10, 1931; 1c. Dec. 28; A— Foreign 15005; Édition d’art H.
212 3986 188 41 Piazza.
469 3988 249 49 (32-7148)
