2563 4368
1077 4079 133 54 1227

144 468 451 65 Prentice-Hall,
624 468 128 64 inc.,
777 468 139 51 New
946 466 176 54 York.

210 545 266 53 Revenue
500 551 90 47 act
615 545 62 53 of
705 547 133 49 1932
864 544 112 52 and
1004 548 175 48 estate
1204 548 116 60 tax,
1349 540 337 56 admissions
1714 540 111 53 and
1854 539 136 52 dues
2015 544 117 59 tax,

144 623 111 52 and
303 627 186 63 stamp
539 628 98 47 tax
687 619 320 69 provisions
1055 619 63 54 of
1165 620 96 53 the
1309 621 264 51 Revenue
1623 623 90 47 act
1760 618 62 52 of
1871 620 153 60 1926,
2073 634 59 34 as

145 699 290 66 amended,
484 699 137 51 with
670 699 377 66 explanatory
1096 697 202 66 digest.
1382 696 170 66 June,
1601 698 151 62 1932,
1801 694 85 52 ed.
1993 693 140 52 [New

144 774 1018 69 York] Prentice-Hall, inc., ᶜ19 32.
215 844 557 54 2 p. l., 120 p. 23½ᶜᵐ.
218 903 72 41 On
316 915 140 30 cover:
513 904 204 41 Federal
746 906 85 37 tax
859 903 108 46 law,
997 902 120 40 with
1143 902 321 49 explanatory
1493 901 171 49 digest.
1722 902 224 39 Revenue
1977 902 79 39 act
2085 901 51 41 of

145 961 129 42 1932.

151 1028 51 52 ©
234 1033 125 40 June
389 1032 40 47 9,
461 1031 111 39 1932;
632 1031 66 40 2c.
730 1032 95 38 and
857 1030 79 40 aff.
970 1030 115 47 July
1116 1028 54 40 12;
1232 1030 39 38 A
1303 1028 143 41 53121;
1508 1028 373 47 Prentice-Hall,
1915 1027 90 40 inc.
2068 1022 68 54 [©

219 1089 209 39 revision
457 1089 36 39 &
520 1098 103 29 new
652 1089 192 46 matter]
918 1084 277 49 (32-21390)

146 1190 421 64 Presbyterian
609 1190 221 54 church
872 1189 57 52 in
969 1189 103 52 the
1113 1189 71 55 U.
1226 1189 57 54 S.
1324 1188 72 53 A.
1469 1188 348 68 Presbytery
1850 1188 69 67 of
217 1187 1892 149 Pittsburgh.

494 1267 336 54 Committee
857 1286 72 35 on
957 1268 92 52 the
1078 1266 319 56 centennial
1424 1266 64 68 of
1514 1267 92 52 the
1632 1265 289 70 founding
1949 1266 63 68 of
2041 1266 93 53 the

217 1349 219 52 Western
506 1348 231 67 foreign
768 1346 340 68 missionary
1142 1345 227 69 society.

215 1425 122 53 The
373 1426 316 51 centennial
729 1425 62 52 of
830 1424 95 52 the
963 1424 260 54 Western
1264 1423 228 68 foreign
1531 1422 340 67 missionary
1907 1422 228 67 society,

147 1504 325 64 1831-1931,
512 1502 189 52 edited
739 1502 74 66 by
852 1502 137 51 Rev.
1030 1501 193 54 James
1262 1501 71 52 A.
1372 1500 192 64 Kelso,
1604 1500 292 52 chairman
1936 1500 63 53 of
2039 1500 96 53 the

145 1578 332 54 committee.
549 1581 138 50 Two
720 1577 294 53 historical
1048 1595 206 50 papers
1289 1578 281 67 prepared
1602 1577 76 67 by
1710 1577 97 54 the
1842 1576 292 54 chairman

147 1657 109 51 and
295 1660 282 63 secretary
611 1656 63 52 of
712 1655 95 53 the
847 1655 337 55 Committee
1223 1655 63 53 of
1324 1655 342 68 Pittsburgh
1705 1655 334 67 presbytery
2075 1656 60 51 in

145 1732 377 69 anticipation
561 1734 62 52 of
661 1734 97 52 the
797 1732 317 53 centennial
1153 1732 341 53 celebration
1535 1738 59 47 at
1631 1732 97 53 the
1767 1732 244 55 General
144 1752 1966 126 assembly.

453 1810 135 53 And
629 1810 96 53 the
767 1809 289 53 addresses
1095 1810 60 51 in
1197 1810 329 52 connection
1570 1809 138 53 with
1750 1809 96 54 the
1888 1811 248 67 meeting

146 1887 62 52 of
242 1888 96 52 the
373 1887 242 55 General
654 1886 278 67 assembly
966 1887 61 52 in
1065 1887 359 67 Pittsburgh,
1461 1888 120 66 Pa.,
1614 1887 153 54 June
1802 1892 49 60 3,
1888 1891 152 63 1931,
2075 1888 61 52 in

146 1965 335 52 observance
516 1965 63 53 of
613 1964 95 53 the
742 1964 317 53 centennial
1096 1965 62 52 of
1193 1965 96 52 the
1324 1964 289 67 founding
1648 1965 62 53 of
1745 1965 96 54 the
1875 1967 260 54 Western

146 2042 227 67 foreign
409 2041 339 68 missionary
782 2041 227 67 society.
1082 2041 313 54 Published
1432 2042 182 53 under
1649 2043 96 52 the
1783 2044 255 66 auspices
2073 2044 62 53 of

145 2119 96 53 the
274 2119 338 55 Committee
644 2119 61 53 of
741 2118 341 68 Pittsburgh
1118 2119 334 67 presbytery
1486 2138 71 34 on
1590 2120 97 53 the
1722 2121 317 53 centennial
2073 2122 63 53 of

145 2196 96 51 the
297 2196 289 66 founding
639 2196 63 52 of
757 2196 97 52 the
910 2196 260 52 Western
1229 2197 227 67 foreign
1512 2197 340 68 missionary
1908 2199 227 67 society.

149 2273 584 67 [Pittsburgh, ᶜ19 31]
219 2342 1458 51 234 p. incl. front., illus. (ports.) fold. facsim. 23½ᶜᵐ.
222 2399 1917 56 “Bibliography … of Sadhu Sundar Singh”: p. 111-112; “Bibliography
150 2457 53 41 of
227 2459 81 41 the
336 2460 222 39 Western
584 2458 190 49 foreign
802 2458 292 47 missionary
1122 2458 210 48 society”:
1389 2470 44 38 p.
1460 2458 217 42 227-234.

156 2517 50 53 ©
240 2523 108 39 Dec.
381 2522 69 46 16,
482 2521 139 46 1931;
655 2520 66 41 2c.
755 2521 109 40 Jan.
897 2523 68 44 11,
999 2520 140 48 1932;
1175 2520 82 42 aff.
1289 2522 110 41 Jan.
1433 2523 80 46 13;
1550 2523 40 39 A
1620 2523 171 48 47120;
1827 2525 230 40 Trustees
2091 2525 51 39 of

222 2579 80 38 the
338 2579 220 39 Western
595 2577 287 48 theological
919 2576 256 48 seminary,
1213 2577 299 49 Pittsburgh.
1584 2579 278 49 (32-21822)

148 2680 207 64 Reilly,
386 2680 220 64 Joseph
634 2680 174 54 John.

218 2756 153 52 Dear
402 2755 196 52 Prue’s
628 2755 259 53 husband
919 2756 112 52 and
1062 2756 162 52 other
1254 2758 218 68 people,
1504 2758 75 68 by
1611 2756 216 71 Joseph
1859 2759 55 54 J.
1948 2759 190 71 Reilly

211 2832 1404 71 … New York, The Macmillan company, 1932.
217 2905 551 50 5 p. l., 319 p. 19½ᶜᵐ.
221 2961 196 47 Essays.

157 3015 51 52 ©
241 3021 119 47 Aug.
393 3019 68 47 16,
494 3018 140 48 1932;
667 3018 67 41 2c.
768 3020 95 39 and
896 3019 79 40 aff.
1011 3021 117 47 Aug.
1163 3021 82 47 17;
1280 3021 40 39 A
1353 3021 170 49 53668;
1560 3023 49 39 Macmillan
1875 3035 65 29 co.

234 3075 277 49 (32-21454)

150 3177 270 66 Ripman,
448 3179 242 64 Walter,
721 3183 172 51 1869-

220 3254 55 52 A
300 3254 204 68 pocket
527 3254 322 69 dictionary
876 3255 63 52 of
966 3255 245 68 English
1239 3256 243 69 rhymes,
1509 3258 280 68 compiled
1818 3259 74 69 by
1919 3259 222 54 Walter

151 3330 1716 72 Ripman. New York, E. P. Dutton & co., inc. [ ᶜ19 32]
221 3403 545 49 4 p. l., 187 p. 18½ᶜᵐ.
228 3459 161 42 “First
420 3460 225 40 edition.”

159 3513 51 52 ©
239 3518 114 47 July
378 3517 68 48 26,
473 3517 140 45 1932;
642 3518 67 41 2c.
736 3518 116 48 July
878 3517 55 40 29;
990 3518 82 40 aff.
1100 3519 114 47 July
1241 3520 82 46 28;
1352 3521 42 39 A
1420 3521 168 47 53334;
1620 3523 51 39 E.
1701 3523 50 39 P.
1780 3522 187 41 Dutton
1995 3523 36 40 &
2059 3532 80 39 co.,

226 3573 87 39 inc.
386 3573 278 48 (32-21456)

153 3674 252 65 Rockey,
433 3677 274 62 Howard,
739 3681 169 49 1886-

227 3750 1915 73 This thing called freedom, by Howard Rockey … New
158 3828 1185 71 York, The Macaulay company [ ᶜ19 32]
226 3902 85 40 317
340 3912 44 38 p.
441 3901 145 42 19½ᶜᵐ.

160 3953 51 52 ©
246 3958 119 47 Aug.
398 3958 69 46 22,
502 3957 139 49 1932;
678 3960 67 40 2c.
779 3962 95 39 and
909 3961 79 39 aff.
1026 3962 118 47 Aug.
1178 3962 81 47 24;
1298 3963 39 38 A
1372 3963 168 48 53784;
1579 3963 258 49 Macaulay
1871 3975 66 30 co.

238 4013 277 51 (32-21424)
