2563 4368
1122 4112 134 53 1727

251 566 1895 131 digest always to date … Compiled and edited by the publisher’s
496 644 265 53 editorial
787 640 150 56 staff,
1013 663 51 34 v.
1092 644 184 52 15-17.
1355 642 83 55 St.
1465 644 164 66 Paul,
1653 645 161 54 West
1837 642 335 69 publishing

252 739 77 37 co.
367 725 193 64 [ᶜ1932]

247 796 274 41 3 v . 26ᶜᵐ.
591 863 42 29 CONTENTS.—v.
662 851 71 41 15.
759 852 362 40 Evidence.—v.
1148 850 72 42 16.
1246 851 305 49 Exceptions,
1578 851 87 40 bill
1690 850 384 41 of-Fences.—v.
2105 849 71 42 17.

180 909 444 48 Ferries-Gaming.

184 977 42 29 v.
262 967 69 40 15.
371 962 52 52 ©
460 966 118 39 Nov.
615 965 55 40 10;
736 977 42 29 v.
816 966 68 46 16,
923 967 69 46 17,
1031 961 54 52 ©
1121 965 118 39 Nov.
1277 966 53 37 11;
1399 964 67 40 2c.
1504 965 118 39 each
1660 965 95 38 and
1794 962 107 41 affs.
1941 963 111 41 Dec.
2091 964 81 45 15;

253 1025 41 37 A
321 1022 321 41 58405-58407;
697 1024 134 39 West
858 1023 109 47 pub.
996 1032 65 30 co.

182 1097 229 65 Strode,
438 1099 265 63 Hudson,
733 1102 172 50 1893-

252 1176 121 52 The
403 1181 159 63 story
593 1176 63 53 of
687 1175 307 68 Bermuda,
1023 1176 76 68 by
1128 1176 245 52 Hudson
1405 1175 205 55 Strode;
1673 1173 396 70 photographs
2102 1173 74 68 by

182 1254 220 54 Walter
448 1254 377 67 Rutherford,
872 1254 286 53 foreword
1202 1255 75 68 by
1321 1253 435 54 Vice-Admiral
1805 1252 95 55 Sir
1943 1253 231 53 Vernon

184 1333 1673 69 Haggard … New York, H. Smith & R. Haas, 1932.
321 1405 1330 50 xx p., 1 l., 23-374 p. incl. plates, col. front. 23½ᶜᵐ.
256 1465 113 48 Map
397 1475 61 30 on
484 1463 362 50 lining-papers.

257 1519 303 50 Descriptive
586 1522 283 47 letterpress
898 1532 60 29 on
986 1531 165 29 versos
1177 1520 166 48 facing
1371 1521 82 39 the
1480 1522 171 46 plates.

256 1578 374 49 Bibliography:
663 1590 43 37 p.
735 1578 217 41 373-374.

190 1634 51 51 ©
271 1638 117 39 Nov.
419 1638 69 45 17,
519 1636 112 41 1932;
690 1636 65 40 2c.
788 1638 95 38 and
915 1636 82 41 aff.
1028 1636 116 40 Nov.
1178 1636 55 40 18;
1292 1637 41 37 A
1365 1635 145 40 57149;
1569 1636 60 39 H.
1665 1635 184 47 Strode,
1883 1634 296 47 University.

254 1695 105 39 Ala.
430 1693 279 48 (32-32888)

184 1769 234 64 Swann,
450 1770 210 63 Nancy
690 1770 133 63 Lee,
858 1774 169 50 1881-

187 1844 1966 146 … Pan Chao: foremost woman scholar of China, first century
388 1966 9 9 A.
463 1966 8 9 D.;
531 1923 386 68 background,
945 1929 275 61 ancestry,
1246 1923 124 67 life,
1400 1924 111 52 and
1538 1924 262 65 writings
1825 1922 64 54 of
1912 1923 97 53 the
2033 1929 145 47 most

189 1999 1929 68 celebrated Chinese woman of letters, by Nancy Lee Swann …
188 2077 1441 68 New York, London, The Century co. [ ᶜ1932]
262 2150 97 47 xix,
391 2151 85 40 179
502 2162 44 37 p.
575 2151 109 40 incl.
713 2161 151 38 maps,
895 2150 183 50 geneal.
1105 2151 97 40 tab.
1258 2151 165 47 front.,
1453 2163 63 37 pl.
1572 2149 147 42 22½ᶜᵐ.
1835 2150 129 49 $6.00

261 2207 64 39 At
350 2208 126 40 head
502 2208 51 39 of
578 2207 108 41 title:
743 2207 102 41 The
872 2208 258 39 American
1156 2208 256 39 historical
1439 2208 310 39 association.

261 2263 251 42 Half-title
542 2264 50 39 in
624 2261 218 44 Chinese.

263 2320 170 41 Issued
461 2320 104 41 also
592 2329 55 31 as
674 2320 152 41 thesis
864 2319 107 47 (PH.
1029 2321 33 45 D.)
1101 2319 251 41 Columbia
1380 2320 286 47 university.

263 2376 224 42 Includes
519 2387 64 29 an
615 2377 203 48 English
849 2376 296 40 translation
1177 2377 52 40 of
1258 2378 83 40 the
1372 2379 172 39 extant
1575 2377 224 49 writings
1832 2377 51 41 of
1914 2377 102 41 Pan
2052 2377 132 41 Chao

204 2433 66 51 (p.
295 2433 232 51 74-[117])
562 2434 97 39 and
685 2434 82 40 the
793 2432 204 42 Chinese
1024 2436 106 38 text
1156 2432 52 41 of
1233 2435 82 40 the
1340 2432 114 42 four
1481 2444 162 38 poems
1680 2435 67 47 (p.
1774 2434 236 50 100-[105];
2069 2434 115 40 113-

266 2492 68 49 [117])

264 2546 348 50 Bibliography
643 2549 53 37 at
725 2547 92 40 end
848 2546 51 40 of
928 2547 226 47 chapters
1206 2568 29 5 I-V;
1327 2546 133 41 “List
1490 2547 51 41 of
1573 2547 321 41 translations
1927 2548 97 40 and
2056 2548 128 42 their

193 2603 204 43 Chinese
429 2603 223 42 sources”:
713 2615 44 37 p.
791 2601 215 43 156-162.

194 2658 52 52 ©
277 2664 119 46 Aug.
428 2663 39 45 8,
500 2661 114 41 1932;
674 2661 67 40 2c.
773 2661 96 39 and
901 2659 83 41 aff.
1016 2660 119 45 Aug.
1169 2661 53 37 11;
1285 2661 39 37 A
1358 2659 145 41 54379;
1562 2662 159 38 Amer.
1754 2660 253 41 historical
2039 2671 129 30 assn.,

260 2719 333 48 Washington.
664 2716 279 50 (32-32789)

189 2793 354 66 Thompson,
575 2794 134 55 Carl
735 2794 184 64 Dean,
952 2796 171 53 1870-

262 2870 367 55 Confessions
657 2871 62 53 of
745 2872 96 52 the
868 2890 190 48 power
1084 2877 151 46 trust;
1291 2890 30 34 a
1349 2889 290 49 summary
1667 2870 62 54 of
1754 2872 96 52 the
1875 2871 307 66 testimony

192 2947 170 69 given
387 2948 61 52 in
472 2948 95 52 the
593 2947 269 68 hearings
889 2947 64 54 of
978 2948 95 53 the
1103 2948 241 53 Federal
1372 2949 162 52 trade
1563 2949 357 52 commission
1948 2967 72 35 on
192 2949 1964 143 utility

312 3024 391 69 corporations
736 3032 281 60 pursuant
1049 3032 59 46 to
1140 3026 334 52 Resolution
1510 3045 91 34 no.
1636 3029 64 49 83
1736 3026 63 53 of
1833 3027 96 52 the
1965 3026 216 54 United

195 3100 188 55 States
437 3101 205 55 Senate
699 3103 291 67 approved
1044 3103 296 67 February
1396 3108 82 62 15,
1534 3107 151 49 1928.
1775 3105 91 65 By
1919 3104 136 55 Carl
2110 3105 72 51 D.

194 3178 1820 69 Thompson … New York, E. P. Dutton & co., inc., 1932.
335 3252 374 49 xx, 670 p. 21 ᶜᵐ .
267 3309 162 41 “First
457 3309 226 41 edition.”

198 3363 52 52 ©
281 3368 102 40 Oct.
411 3367 68 45 25,
509 3366 113 40 1932;
679 3366 67 40 2c.
778 3366 102 40 Oct.
909 3365 55 40 27;
1023 3365 82 42 aff.
1136 3367 100 39 Oct.
1266 3366 59 41 28;
1380 3368 40 38 A
1451 3367 141 40 56761;
1653 3369 52 38 E.
1737 3369 52 39 P.
1820 3368 188 41 Dutton
2037 3374 37 40 &
2102 3380 82 37 co.,

265 3423 88 40 inc.
420 3422 277 48 (32-32539)

191 3498 181 63 Tuell,
403 3499 169 53 Anne
603 3497 276 65 Kimball,
913 3500 168 53 1876-

263 3574 1921 70 A Victorian at bay, by Anne Kimball Tuell … Boston,
194 3653 275 53 Marshall
505 3654 173 53 Jones
710 3673 296 48 company.
1038 3655 125 66 inc.,
1198 3660 148 49 1932.

265 3724 651 50 iv p., 2 l., [3]-226 p. 19½ᶜᵐ.
199 3778 52 52 ©
280 3783 102 41 Oct.
409 3782 69 48 22,
506 3783 114 40 1932;
676 3784 67 40 2c.
772 3784 101 40 Oct.
902 3784 55 40 27;
1015 3784 80 39 aff.
1126 3784 104 41 Oct.
1255 3783 58 40 29;
1368 3786 40 37 A
1437 3783 142 41 56957;
1638 3784 54 40 A.
1721 3785 59 38 K.
1810 3785 151 42 Tuell,
266 3785 1900 102 Wellesley,
384 3841 146 38 Mass.
600 3839 278 49 (32-32790)

197 3912 214 67 Vallès,
440 3914 164 54 Jules
631 3915 179 54 Louis
838 3916 239 65 Joseph,
1110 3921 323 51 1832-1885.

330 3991 1540 69 … Le tableau de Paris. [Paris] Gallimard [1932]
