2563 4368
1127 4034 64 50 61

212 499 1850 57 Prandtl’s “Applications of modern hydrodynamics to aeronautics“ is
141 567 82 41 the
251 565 292 41 foundation
573 564 80 40 for
684 563 97 41 this
815 562 136 41 book.
1011 562 62 48 cf.
1104 560 130 40 Pref.

213 621 377 42 “References”:
625 631 43 37 p.
701 618 216 41 215-217.

151 692 53 51 ©
232 697 108 38 Jan.
371 696 68 41 14.
470 693 111 40 1932;
640 692 66 41 2c.
738 693 96 38 Jan
878 690 81 47 19;
992 690 80 41 aff.
1106 690 109 39 Jan.
1319 699 8 33 18;
1361 689 39 38 A
1431 687 170 47 47059;
1637 685 350 42 McGraw-Hill
2019 685 121 40 book

218 762 80 29 co..
332 751 89 38 inc.
492 748 250 49 (32-2214)

144 850 186 66 Riley,
357 856 139 51 Mrs.
523 851 163 54 Alice
715 848 266 66 Cushing
1017 848 398 66 (Donaldson)
1452 850 170 53 1867-

217 933 324 67 Skimming
585 931 183 68 Spain
810 932 59 51 in
911 929 106 53 five
1062 929 180 52 weeks
1283 928 76 68 by
1399 933 203 60 motor,
1641 926 74 68 by
1758 925 161 53 Alice
1964 925 61 54 C.
2069 926 71 51 D.

144 1011 185 69 Riley.
415 1011 111 52 Los
578 1009 265 68 Angeles,
898 1007 289 68 Saturday
1239 1006 168 68 night
1459 1005 335 68 publishing
1847 1022 297 49 company,

147 1092 152 50 1931.

251 1203 8 16 x,
293 1171 84 40 223
412 1181 42 37 p.
515 1170 149 39 front.
692 1167 173 49 (port.)
907 1168 128 40 illus.
1095 1167 146 40 20½ᶜᵐ.

217 1228 140 50 Maps
389 1238 61 29 on
482 1225 363 48 lining-papers.

155 1294 49 52 ©
232 1300 115 38 Nov.
377 1299 38 42 5,
443 1297 110 40 1931;
612 1297 67 39 2c.
708 1297 110 41 Dec.
845 1295 83 47 22;
958 1295 81 38 aff.
1069 1295 107 39 Jan.
1207 1296 67 44 11,
1303 1293 112 40 1932;
1474 1295 39 37 A
1540 1293 144 40 46858;
1742 1294 52 39 A.
1825 1293 49 40 C.
1905 1293 54 37 D.
1991 1292 153 46 Riley.

221 1356 266 46 Pasadena,
518 1354 142 40 Calif.
731 1352 250 48 (32-2243)

147 1457 287 66 Schmidt,
463 1460 174 62 Mary
663 1457 255 64 Helling.

216 1540 250 67 Rhymes
498 1538 64 53 of
594 1539 176 68 today
803 1538 112 52 and
946 1537 318 69 yesterday,
1296 1537 74 70 by
1403 1538 169 66 Mary
1606 1535 241 69 Helling
1883 1535 260 55 Schmidt

211 1615 1685 72 … Boston, The Christopher publishing house [ᶜ1932]
219 1697 599 51 3 p. l., [9]—82 p. 20ᶜᵐ.
157 1765 1946 52 © Jan. 2, 1932; 2c. Jan. 14; aff. Jan. 15; A 46909; Christopher pub.
223 1827 163 40 house.
457 1825 249 49 (32-2264)

149 1927 242 67 Seltzer,
422 1929 246 55 Charles
695 1929 207 63 Alden,
935 1931 170 53 1875-

221 2010 223 53 Double
494 2028 149 35 cross
694 2010 193 67 ranch,
938 2010 75 68 by
1064 2008 236 55 Charles
1351 2009 187 52 Alden
1597 2007 231 55 Seltzer.
1918 2007 227 54 Garden

154 2087 152 69 City,
339 2088 71 52 N.
445 2088 90 67 Y.,
567 2087 357 69 Doubleday,
957 2088 199 51 Doran
1189 2089 45 49 &
1266 2103 297 51 company,
1598 2086 126 67 inc.,
1763 2087 147 50 1932.

223 2167 562 49 4 p. l., 310 p. 19½ᶜᵐ.
222 2224 164 41 “First
414 2224 228 41 edition.”

162 2291 50 51 ©
238 2296 107 39 Jan.
370 2295 69 46 21,
466 2295 139 47 1932;
633 2296 66 39 2c.
727 2297 94 38 and
847 2295 69 39 aff
922 2328 5 8 .
954 2296 109 39 Jan.
1090 2295 81 46 25;
1200 2296 41 38 A
1263 2296 171 45 47193;
1465 2295 47 40 C.
1541 2296 51 37 A.
1623 2295 194 46 Seltzer,
1846 2295 156 39 North
228 2295 1907 104 Olmsted,
385 2352 134 40 Ohio.
591 2352 249 46 (32-2234)

153 2438 425 68 Shakespeare,
608 2440 273 66 William,
916 2446 325 51 1564-1616.

223 2523 192 52 Venus
449 2522 112 52 and
594 2521 240 68 Adonis,
865 2522 75 68 by
971 2521 261 55 William
1269 2521 415 68 Shakespeare;
1721 2522 324 53 illustrated
2079 2523 72 68 by

154 2600 288 52 Rockwell
475 2599 173 52 Kent.
715 2599 324 69 Rochester,
1072 2599 122 53 The
1226 2599 274 69 Printing
1532 2600 173 52 house
1738 2599 64 52 of
1835 2601 114 51 Leo
1982 2601 171 66 Hart,

157 2680 151 49 1931.

226 2758 69 49 80,
327 2759 55 49 [2]
412 2770 43 37 p.
514 2758 128 41 illus.
702 2758 117 41 28ᶜᵐ.

227 2815 202 40 Printed
455 2826 60 29 on
541 2826 89 29 one
654 2815 104 40 side
784 2815 52 39 of
860 2815 102 40 leaf
987 2826 59 29 on
1073 2815 217 48 opposite
1315 2826 160 38 pages.

230 2871 1925 50 “The edition is limited to twelve hundred and fifty signed copies, of
157 2927 159 41 which
358 2928 81 40 the
481 2927 107 40 first
631 2927 311 48 seventy-five
983 2938 84 29 are
1109 2927 193 48 printed
1345 2939 61 29 on
1448 2928 201 48 English
1692 2928 275 40 handmade
2007 2940 148 37 paper

158 2981 1922 51 and eleven hundred and seventy-five on Hand & arrows. This copy is
158 3040 201 40 number
385 3039 295 49 copyright.”

167 3095 1989 51 © Nov. 3, 1931; 2c. and aff. Dec. 28; A 46984; Leo Hart, Rochester,
233 3155 55 40 N.
325 3156 51 37 Y.
442 3149 67 53 [©
547 3153 342 48 illustrations]
963 3152 249 49 (32-2259)

159 3238 308 68 Sherman,
498 3242 221 53 Harold
748 3243 271 62 Morrow,
1054 3248 169 49 1898-

229 3323 222 53 Double
496 3323 167 68 play!
749 3323 135 53 And
931 3324 161 52 other
1137 3323 251 53 baseball
1434 3324 199 53 stories
1680 3323 76 70 by
1801 3324 225 53 Harold
2077 3325 78 51 M.

164 3399 1601 71 Sherman … New York, Grosset & Dunlap [ᶜ1932]
229 3480 869 48 3 p. l., 244 p. front., pl. 19½ᶜᵐ.
169 3535 1989 53 © Jan. 20, 1932; 2c. and aff. Jan. 22; A 47136; Η. M. Sherman, New
236 3596 142 39 York.
450 3596 249 48 (32-2240)

164 3680 223 67 Shultz,
418 3687 198 62 Hazel,
649 3690 170 48 1891-

233 3763 1922 73 Making homes, by Hazel Shultz … New York, London,
163 3840 70 52 D.
263 3840 290 69 Appleton
585 3842 111 53 and
727 3860 293 51 company,
1052 3846 150 51 1932.

235 3919 1391 53 xii p., 1 l., 519 p. illus. (incl. plans) diagrs. 19½ᶜᵐ.
