2563 4368
989 4065 101 54 477

99 527 289 41 “Published
414 526 49 40 in
490 527 221 47 England
739 527 151 40 under
917 527 81 39 the
1024 525 108 41 title
1160 526 149 39 ‘Anno
1338 524 251 41 Domini'."

100 582 227 41 “Printed
354 583 50 39 in
432 584 81 38 the
542 582 175 41 United
750 582 162 41 States
941 582 52 40 of
1020 580 264 42 America."

34 637 50 52 ©
126 642 118 38 Mar.
286 640 67 42 16,
393 638 139 42 1932;
574 639 67 41 2c.
681 640 96 39 and
815 638 81 40 aff.
939 639 121 41 Mar.
1100 638 82 43 22;
1224 639 40 38 A
1303 638 171 46 49252;
1518 639 69 38 IV.
1630 637 54 41 A.
1726 634 292 50 Dunkerley.

102 696 264 47 Worthing,
400 697 232 46 England.
704 691 224 51 (32-8694
941 696 12 45 )

29 796 176 66 Page,
235 797 187 53 Elwin
451 798 333 63 Lawrence,
815 799 170 53 1876-

100 873 220 69 George
351 874 381 68 Washington
766 874 59 53 in
859 876 137 51 New
1030 874 369 67 Hampshire,
1433 874 73 67 by
1542 873 191 54 Elwin
1765 875 63 52 L.
1863 875 155 66 Page

92 951 1927 68 … Boston and New York, Pub. for the George Washington
32 1027 376 56 bicentennial
432 1029 357 55 commission
814 1030 63 53 of
901 1032 136 51 New
1063 1029 351 68 Hampshire
1437 1029 75 68 by
1537 1030 319 67 Houghton
30 1028 1966 132 Mifflin
156 1125 296 50 company,
482 1111 150 50 1932.

103 1191 76 38 XV,
205 1180 56 41 95
288 1191 43 37 p.
393 1179 163 49 front.,
585 1180 171 48 plates,
784 1181 162 47 ports.,
974 1180 172 40 double
1174 1181 127 46 plan.
1361 1180 115 39 21ᶜᵐ.

103 1238 73 39 An
214 1239 203 38 account
455 1237 52 40 of
545 1239 81 38 the
663 1237 91 40 five
793 1237 119 48 days
949 1236 322 47 Washington
1307 1238 139 45 spent
1486 1235 48 40 in
1571 1236 117 39 New
1727 1236 296 47 Hampshire

35 1294 174 48 during
243 1294 75 40 his
354 1295 117 39 New
508 1294 220 47 England
766 1296 111 37 tour
912 1294 51 39 of
999 1292 126 41 1789.
1186 1293 101 40 The
1321 1303 139 37 essay
1497 1291 42 41 is
1576 1292 147 40 based
1759 1304 60 28 on
34 1294 1970 103 Washington’s
273 1350 153 48 diary,
460 1351 157 39 which
649 1352 82 39 the
762 1350 177 40 author
973 1351 89 39 has
1095 1350 251 48 expanded
1380 1350 60 47 by
1476 1359 165 30 means
1673 1349 52 39 of
35 1351 1969 104 contemporary
172 1419 131 29 news
331 1409 241 45 accounts,
602 1410 88 38 etc.
750 1408 60 47 cf.
840 1407 130 40 Pref.

104 1464 373 49 Bibliography:
509 1476 43 37 p.
599 1463 175 51 [93]-95.

39 1519 50 52 ©
118 1524 120 38 Mar.
266 1523 69 47 30,
364 1523 139 45 1932;
533 1522 67 40 2c.
629 1523 112 47 Apr.
771 1522 52 45 2;
855 1521 82 41 aff.
966 1522 112 47 Apr.
1108 1521 50 46 1;
1191 1521 39 39 A
1259 1521 169 45 50474;
1462 1522 50 38 E.
1544 1521 49 41 L.
1624 1522 141 47 Page,
1795 1521 229 40 Concord,

104 1580 54 38 N.
188 1581 57 38 H.
317 1578 249 48 (32-8899)

36 1680 248 67 Palissy,
314 1682 284 63 Bernard,
630 1684 361 53 1510?-1590.

101 1758 51 52 A
179 1759 306 54 delectable
509 1760 235 66 garden,
768 1761 74 65 by
871 1760 259 53 Bernard
1158 1759 253 67 Palissy;
1441 1760 316 53 translated
1784 1760 138 52 with
1952 1778 66 35 an

32 1834 387 55 introduction
459 1837 75 68 by
575 1838 184 51 Helen
800 1838 381 67 Morgenthau
1225 1839 139 51 Fox.
1468 1837 306 67 [Peekskill,
1814 1838 69 52 N.
1928 1839 70 51 Y.]

33 1913 121 53 The
182 1914 203 54 Watch
417 1914 106 53 hill
554 1933 174 49 press,
760 1918 150 50 1931.

105 1985 1219 51 xxvii, 51, [1] p., 1 l. incl. front. (port.) 24ᶜᵐ.
106 2042 126 42 Title
262 2043 50 39 in
340 2044 84 40 red
454 2044 95 39 and
580 2044 153 40 black.

109 2097 1919 53 “One hundred and twenty five copies were printed by hand … The
39 2154 106 43 title
181 2166 101 30 was
317 2157 169 39 drawn
524 2158 59 46 by
621 2158 267 39 Francesco
927 2157 181 41 Bianco
1147 2158 96 39 and
1282 2159 81 39 the
1401 2158 214 49 vignette
1652 2158 42 40 is
1732 2160 59 46 by
1831 2160 196 41 Pamela

40 2212 221 42 Bianco.’’

108 2269 39 38 A
175 2269 228 40 selection
428 2269 127 41 from
583 2270 83 40 the
693 2269 217 41 author’s
941 2271 205 47 Recepte
1174 2270 237 41 veritable
1450 2270 160 48 (1563)

111 2325 127 42 “The
278 2327 105 39 text
423 2327 117 39 used
580 2326 51 39 in
670 2327 83 40 the
793 2326 295 40 translation
1131 2338 100 29 was
1271 2328 149 40 taken
1458 2327 128 40 from
1629 2329 80 40 the
1752 2328 184 41 French
1979 2329 51 41 of

41 2381 88 41 Les
163 2393 186 30 oeuvres
384 2384 57 40 de
474 2382 177 42 maitre
687 2383 220 40 Bernard
943 2383 206 48 Palissy,
1185 2384 220 40 nouvelle
1441 2384 182 41 edition
1660 2396 145 30 revue
1841 2396 84 30 sur
1961 2386 69 39 les

41 2439 155 41 textes
226 2439 258 49 originaux
512 2451 90 37 par
632 2440 53 40 B.
717 2440 171 46 Fillon,
918 2449 117 31 avec
1063 2451 93 30 une
1185 2440 159 41 notice
1373 2441 283 48 historique,
1691 2442 339 49 bibliographi-

41 2504 90 38 que
162 2498 48 38 et
242 2495 420 49 iconographique,
696 2505 89 39 par
819 2496 144 41 Louis
999 2496 195 46 Audiat,
1230 2497 155 43 Paris,
1421 2497 405 42 1888.”—Introd.

47 2550 50 52 ©
126 2556 120 38 Mar.
274 2556 39 46 1,
341 2553 139 47 1932;
508 2553 68 41 2c.
605 2555 95 38 and
728 2553 81 41 aff.
840 2555 121 40 Mar.
990 2553 81 47 15;
1102 2554 41 38 A
1169 2553 170 46 49118;
1372 2554 182 48 Crosby
1583 2554 161 49 Gaige,
1775 2554 255 45 Peekskil!,

112 2612 53 37 N.
195 2612 52 39 Y.
318 2611 249 47 (32-9051)

45 2711 326 67 Panstingl,
402 2712 288 65 Günther,
722 2718 169 50 1883-

172 2789 1856 71 … Die lodernde strasse; roman einer europäischen möglichkeit
43 2863 1295 71 . Essen, Fredebeul & Koenen [ ᶜ1 931]
113 2939 577 48 3 p. l. , 9-272 p. 19ᶜᵐ.
52 2991 50 52 ©
126 2997 113 40 Nov.
264 2999 39 45 1,
327 2997 139 46 1931;
494 2999 64 39 1c.
585 2999 109 40 Jan.
721 3000 37 43 7,
785 2998 111 40 1932;
951 2998 310 47 A—Foreign
1288 2999 167 45 15158;
1485 2998 264 41 Fredebeul
1769 2999 36 39 &
1823 3000 208 42 Koenen,

117 3055 174 47 verlag.
364 3054 251 47 (32-8932)

49 3142 181 55 Paris.
306 3145 408 64 Bibliothèque
754 3145 314 54 nationale.
1142 3148 410 65 Département
1588 3148 96 51 des
1720 3146 307 69 imprimés.

180 3222 1850 69 … Catalogue general des livres imprimes de la Bibliothèque
50 3297 298 55 nationale.
423 3300 263 53 Auteurs,
763 3307 38 50 t.
845 3318 271 36 ciii-cvii.
1158 3302 671 68 Macque-Martimprey.
53 3305 1954 132 Paris,
176 3377 359 68 Imprimerie
565 3379 306 67 nationale,
905 3383 325 51 1930-1931.

120 3449 270 41 5 v. 25 ᶜᵐ .
55 3507 31 37 t.
117 3514 99 35 CIII,
249 3503 55 51 ©
333 3508 117 45 Aug.
481 3509 67 40 15.
580 3509 139 46 1930;
755 3512 29 37 t.
818 3520 87 36 CRV,
941 3506 51 51 ©
1027 3511 100 39 Oct.
1162 3511 80 46 15;
1279 3513 31 38 t.
1343 3522 66 36 CV,
1447 3506 50 52 ©
1533 3511 110 40 Dec.
1675 3509 80 44 15;
1792 3510 31 39 t.
1857 3519 87 34 CVI,
1981 3505 51 51 ©

122 3563 108 40 Jan.
259 3564 66 41 15,
355 3564 138 42 1931;
526 3568 32 37 t.
587 3576 109 31 evil.
728 3563 54 51 ©
809 3569 121 38 Mar.
960 3568 81 45 15;
1073 3568 64 39 1c.
1168 3568 116 40 each
1314 3568 113 47 Apr.
1456 3567 69 41 25,
1556 3565 138 41 1932;
1727 3565 306 47 A—Foreign

124 3619 339 42 16537-16541:
495 3622 336 48 Bibliothèque
860 3624 247 39 nationale
1137 3625 58 39 de
1226 3625 197 45 France,
1455 3623 152 39 Paris.

53 3707 362 68 Przybylski,
447 3712 295 64 Seweryn.

184 3779 1848 78 … Goniec królewski. po wie ść historyezna; nagrodzona na
55 3856 301 59 konkursie
385 3864 317 54 literackim
733 3888 71 32 m.
833 3870 328 66 Warszawy
1191 3868 133 69 jako
1355 3868 290 68 najlepsza
1675 3865 232 65 książka
1937 3865 95 52 dla

57 3936 322 72 mlodzieży.
454 3942 570 71 Lwów-Warszawa,
1051 3946 496 66 Książnica-atlas,
1575 3948 148 50 1931.
