2563 4368
1118 4090 131 50 1293

191 469 299 66 Michigan
528 471 202 70 digest,
765 470 266 70 covering
1067 473 76 50 all
1181 489 149 35 cases
1364 470 265 69 reported
1665 470 61 52 in
1760 468 298 71 Michigan

260 487 1914 131 reports and North western reporter … Compiled and edited
259 629 73 69 by
371 630 93 51 the
503 627 339 69 publisher’s
881 626 264 54 editorial
1185 623 148 56 staff,
1409 646 50 32 v.
1500 629 47 49 2.
258 626 1892 147 Abandonment-Assignments

260 704 1890 147 for benefit of creditors. St. Paul, West publishing co. [ ᶜ19 32 ]
261 856 365 48 xi. 767 p. 26 ᶜᵐ.
195 909 51 52 ©
277 914 126 39 June
430 912 68 43 22.
529 911 113 40 1932;
699 912 67 40 2c.
796 913 114 47 July
940 912 52 39 11;
1054 911 80 41 aff.
1167 913 116 46 July
1312 911 54 40 12;
1426 912 40 40 A
1495 911 143 42 54073;
1696 911 138 42 West
1861 911 110 49 pub.
2001 922 68 31 co.

190 1038 1986 149 Michigan digest, covering all cases reported in Michigan reports and North western reporter … Compiled and edited
259 1198 72 67 by
359 1198 95 51 the
478 1197 338 68 publisher’s
843 1198 266 54 editorial
1136 1194 150 57 staff,
1361 1215 52 35 v.
1441 1201 47 49 3.
1527 1197 343 59 Assistance,
1895 1197 156 55 Writ
260 1197 1919 130 of-Carriers.

611 1274 82 54 St.
723 1276 165 67 Paul,
913 1276 161 53 West
1100 1275 336 70 publishing
1463 1293 78 37 co.
1686 1278 84 63 [ᶜ1932]

261 1349 335 48 v, 743 p. 26 ᶜᵐ.
197 1402 51 51 ©
273 1407 118 46 Aug.
416 1406 70 41 30.
511 1405 113 40 1932;
678 1405 67 40 2c.
772 1407 95 37 and
893 1405 81 40 aff.
1002 1405 100 40 Oct
1129 1406 25 38 3;
1210 1405 40 38 A
1276 1405 169 47 55437;
1474 1406 136 40 West
1634 1406 110 47 pub.
1771 1416 67 30 co.

190 1506 173 66 Mills,
391 1507 230 52 Borden
650 1506 202 66 Hicks,
883 1509 167 53 1879-

258 1582 178 54 Mills’
468 1583 217 54 United
720 1581 187 56 States
942 1583 465 53 commissioners’
1439 1582 249 69 manual,
1723 1583 141 53 with
1900 1583 180 55 forms
2116 1583 66 55 of

190 1660 264 68 practice,
490 1659 312 54 references
837 1667 57 46 to
930 1661 96 51 the
1058 1660 370 53 instructions
1460 1660 75 70 by
1572 1662 96 51 the
1701 1661 381 68 Department
2116 1660 65 56 of

189 1738 203 67 justice
431 1738 112 53 and
584 1738 96 53 the
720 1738 217 53 United
981 1736 188 56 States
1213 1738 154 54 Code
1407 1739 325 53 annotated.
1810 1740 72 52 3d
1925 1740 83 52 ed.
2089 1741 90 68 By

190 1813 1966 147 Borden H. Mills … Cincinnati, The W. H. Anderson company [ ᶜ19 32]
259 1965 384 48 xii, 346 p. 23½ ᶜᵐ.
197 2020 51 51 ©
273 2025 118 43 Aug.
416 2023 67 47 26,
511 2023 112 40 1932;
677 2022 67 41 2c.
769 2023 119 42 Aug.
914 2023 56 40 27;
1024 2023 82 40 aff.
1132 2024 119 42 Aug.
1277 2022 54 40 29;
1387 2025 41 38 A
1453 2024 142 40 53852;
1650 2025 70 39 W.
1749 2026 62 40 H.
1836 2025 250 40 Anderson
2114 2035 66 31 co.

275 2079 277 48 (32-22718)

191 2184 342 62 Monceaux,
563 2184 163 62 Paul,
760 2187 170 48 1859-

322 2259 1857 70 … Saint Jérôme; sa jeunesse; l’étudiant, l’ermite, par Paul
190 2337 1227 68 Monceaux … Paris, B. Grasset [1932]
262 2409 1919 50 2 p. l., [vii]-xxiii, 240 p., 1 l. 19 ᶜᵐ. (Collection la “Vie chrétienne”.
196 2467 82 50 [7])

195 2524 1987 58 © Apr. 15, 1932; 1c. July 23; A— Foreign 17501; Éditions Bernard
267 2590 213 40 Grasset.
551 2589 278 48 (32-22667)

193 2679 431 63 Montgomery,
653 2678 368 53 Rutherford
1052 2678 244 64 George,
1326 2684 170 49 1896-

261 2756 281 66 Troopers
605 2754 172 68 three,
837 2755 74 67 by
972 2755 67 52 R.
1102 2754 68 55 G.
1232 2755 429 69 Montgomery;
1724 2755 324 55 illustrated
2105 2758 77 68 by

192 2830 1990 71 Zhenya Gay … Garden City, N. Y., Doubleday, Doran &
191 2927 295 50 company,
513 2910 90 52 inc.,
668 2911 149 51 1932.

295 2982 1312 50 x p., 1 l., 233 p. incl. illus., plates, col. front. 21 ᶜᵐ.
263 3040 289 40 Illustrated
578 3038 363 49 lining-papers.

265 3095 203 41 “Junior
493 3094 191 42 books.”

266 3152 161 41 “First
454 3151 225 41 edition.”

200 3205 51 51 ©
277 3211 119 46 Aug.
421 3210 68 40 17,
515 3207 112 42 1932;
681 3209 65 39 2c.
773 3208 94 39 and
894 3207 81 40 aff.
1001 3208 119 47 Aug.
1146 3206 57 40 19;
1256 3208 40 38 A
1322 3207 145 41 53700;
1520 3209 56 40 R.
1604 3209 54 41 G.
1684 3210 345 47 Montgomery,

267 3209 1898 103 Gunnison,
447 3265 97 40 Col.
614 3264 278 48 (32-22710)

194 3352 197 65 Morfi,
421 3353 154 53 Juan
604 3352 280 64 Agustin,
911 3353 54 54 d.
999 3352 148 54 1783.

265 3430 277 66 Excerpts
572 3429 148 51 from
750 3428 95 56 the
873 3428 304 54 Memorias
1208 3428 91 52 for
1328 3430 94 52 the
1450 3429 218 68 history
1701 3428 64 52 of
1794 3428 95 53 the
1917 3428 267 68 province

196 3507 62 51 of
291 3507 200 66 Texas,
526 3505 169 69 being
731 3525 30 33 a
795 3505 340 54 translation
1171 3506 63 52 of
1267 3507 158 51 those
1460 3512 156 62 parts
1652 3505 63 53 of
1749 3506 96 53 the
1879 3505 302 54 Memorias

195 3584 183 51 which
406 3583 374 68 particularly
808 3601 233 35 concern
1068 3584 95 53 the
1188 3582 226 54 various
1442 3583 236 54 Indians
1705 3583 64 52 of
1792 3583 97 53 the
1917 3585 266 66 province

195 3660 64 51 of
286 3661 182 51 Texas;
526 3660 147 52 their
701 3660 172 52 tribal
904 3659 290 67 divisions,
1225 3660 460 67 characteristics,
1716 3667 259 60 customs,
194 3660 1962 144 traditions,
398 3736 409 68 superstitions,
848 3736 112 52 and
999 3734 76 56 all
1114 3736 109 55 else
1261 3737 64 51 of
1363 3736 230 53 interest
1633 3736 337 69 concerning
2008 3738 170 53 them.

194 3812 160 52 With
384 3834 31 33 a
443 3814 218 68 prolog,
691 3812 303 70 appendix,
1023 3813 111 52 and
1161 3818 172 53 notes.
1397 3814 90 67 By
1516 3814 304 52 Frederick
1850 3814 60 54 C.
1943 3814 234 55 Chabot.

200 3889 282 69 Covering
522 3891 95 53 the
659 3889 196 68 period
899 3890 148 52 from
1090 3889 222 55 earliest
1355 3890 163 54 times
1559 3897 58 46 to
1657 3891 95 54 the
1795 3895 145 50 close
1982 3892 63 52 of
2083 3892 96 53 the

195 3966 1983 69 Memorias by Padre Fray Juan Agustin de Morfi … Trans-
