2563 4368
1056 4046 99 50 165

169 506 588 50 1 p. l., 5-141 p. 17 ᶜᵐ .
109 575 51 52 ©
188 580 110 39 Feb.
323 579 40 47 3,
390 577 113 41 1932;
559 578 67 40 2c.
652 578 110 39 Feb.
791 577 25 39 6;
872 576 80 40 aff.
982 576 108 39 Feb.
1119 576 25 40 8;
1200 576 40 38 A
1264 575 143 40 47513;
1465 575 71 39 W.
1565 574 53 39 B.
1649 572 246 41 Saunders
1921 581 67 31 co.

186 635 248 48 (32-3978)

97 737 130 62 Gill,
255 737 328 53 Elizabeth.

234 806 1863 67 … What dread hand? A Benvenuto Brown detective story
165 884 1752 72 … Garden City, N. Y., Pub. for the Crime club, inc., by
100 883 1974 151 Doubleday,
350 966 193 52 Doran
575 969 50 49 &
657 981 294 51 company,
980 963 105 54 inc.
1165 966 152 64 [ᶜ1932]

171 1034 673 51 viii p., 1 l., 307 p. 20ᶜᵐ.
171 1106 164 42 “First
365 1105 227 42 edition.”

109 1176 52 52 ©
198 1181 108 40 Feb.
343 1181 69 47 11,
447 1179 140 45 1932;
624 1179 68 42 2c.
728 1180 94 38 and
858 1177 80 40 aff.
976 1178 110 40 Feb.
1122 1178 81 41 18;
1242 1177 37 39 A
1315 1176 171 48 48524;
1527 1176 297 48 Doubleday,
1861 1176 167 39 Doran
2064 1181 36 41 &

175 1249 81 37 co.,
291 1237 89 40 inc.
451 1235 250 51 (32-4342)

106 1340 301 61 Gonzalez,
435 1338 258 54 Thomas
718 1339 90 64 A.,
838 1356 179 49 comp.

170 1416 122 52 The
331 1415 492 67 Caloosahatchee,
862 1415 425 52 miscellaneous
1326 1414 261 67 writings
1626 1413 341 67 concerning
2005 1413 96 54 the

101 1493 221 68 history
347 1493 64 52 of
435 1494 95 51 the
557 1492 476 54 Caloosahatchee
1059 1492 151 53 river
1236 1493 112 51 and
1373 1491 96 53 the
1493 1490 116 69 city
1634 1490 65 53 of
1722 1491 143 53 Fort
1890 1491 211 67 Myers,

103 1571 254 68 Florida,
386 1571 280 67 compiled
694 1570 74 68 by
797 1570 247 52 Thomas
1071 1569 71 52 A.
1173 1568 300 55 Gonzalez.
1544 1568 240 68 [Estero,
1812 1568 144 68 Fla.,
102 1569 1973 132 Koreshan
331 1649 167 67 unity
524 1666 174 50 press]
734 1651 149 49 1932.

172 1721 645 49 3 p. l., 134 p., 1 l. 20ᶜᵐ.
112 1789 51 52 ©
196 1794 110 38 Feb.
336 1793 41 45 2,
409 1791 139 47 1932;
581 1791 66 40 2c.
679 1791 110 40 Feb.
822 1792 18 37 1;
908 1790 82 42 aff.
1023 1791 109 40 Feb.
1165 1791 52 47 8;
1250 1792 42 37 A
1320 1790 171 47 47540;
1526 1791 50 40 T.
1611 1790 65 44 A.,
1699 1790 251 47 Gonzalez,
1984 1790 117 40 Fort

178 1850 173 47 Myers,
379 1850 101 38 Fla.
552 1846 248 51 (32-4492)

102 1952 251 65 Gordon,
383 1952 217 53 Leland
631 1952 219 63 James,
883 1952 170 55 1897-

173 2029 306 52 American
523 2029 270 52 relations
837 2029 139 51 with
1021 2027 249 69 Turkey,
1316 2031 336 64 1830-1930;
1701 2047 72 33 an
1817 2027 282 53 economic

105 2105 1997 71 interpretation, by Leland James Gordon … Philadelphia,
107 2186 335 68 University
479 2185 64 52 of
579 2186 425 67 Pennsylvania
1042 2204 183 49 press;
1267 2186 259 66 London,
1563 2186 77 51 H.
1679 2184 268 67 Milford,

107 2185 1970 131 Oxford
271 2264 317 55 university
619 2282 175 50 press,
828 2267 150 50 1932.

243 2370 8 16 xv,
281 2337 85 41 402
397 2349 43 37 p.
499 2337 144 41 23½ᶜᵐ.

179 2409 137 47 Maps
347 2418 60 30 on
437 2408 361 49 lining-papers.

179 2465 262 40 Published
470 2467 103 38 also
601 2476 53 29 as
685 2465 151 40 thesis
876 2466 106 48 (PH.
1044 2466 32 46 D.)
1116 2464 282 48 University
1427 2465 51 40 of
1507 2464 373 50 Pennsylvania.

180 2522 245 40 “Selected
457 2521 364 49 bibliography”:
885 2534 42 37 p.
958 2520 217 43 376-396.

114 2588 51 52 ©
193 2593 109 39 Jan.
329 2593 68 41 15,
425 2592 116 40 1932;
593 2592 68 41 2c.
688 2593 109 40 Jan.
824 2592 83 47 30;
937 2592 81 42 aff.
1046 2593 110 39 Feb.
1183 2593 82 47 11;
1295 2593 40 38 A
1362 2593 171 47 48444;
1565 2593 282 48 University
1874 2593 52 40 of
180 2593 1907 103 Pennsylvania
435 2660 150 37 press.
655 2649 248 49 (32-4426)

103 2752 257 53 Gorham
389 2753 490 64 manufacturing
907 2769 305 48 company.

179 2827 221 69 George
451 2828 401 69 Washington,
905 2830 148 53 Jean
1104 2829 252 53 Antoine
1407 2830 272 66 Houdon,
1729 2829 284 68 sculptor;
2069 2849 31 33 a

105 2906 152 52 brief
291 2906 221 67 history
547 2906 64 53 of
645 2907 96 52 the
774 2912 147 47 most
958 2906 224 53 famous
1218 2907 290 67 sculpture
1543 2909 223 51 created
1802 2907 66 52 of
108 2908 1970 128 America’s

266 2983 288 52 immortal
583 2983 233 68 patriot,
844 2984 186 52 issued
1058 2990 58 46 to
1144 2989 430 48 commemorate
1602 2985 96 52 the
1723 2984 381 54 bicentennial

106 3061 64 51 of
200 3061 88 53 his
318 3061 173 67 birth,
526 3061 324 53 1732-1932.
918 3062 369 67 Providence,
1318 3062 67 52 R.
1419 3062 67 67 I.,
1517 3062 121 53 The
1669 3061 257 55 Gorham
108 3080 1972 126 company
298 3142 171 63 [1931]

176 3211 1235 49 28 p., 1 l. incl. front. (facsim.) plates. 29½ᶜᵐ.
179 3269 164 39 Plates
369 3269 123 39 have
517 3270 153 46 guard
698 3269 161 39 sheets
887 3268 119 40 with
1033 3268 290 48 descriptive
1349 3270 298 47 letterpress.

117 3333 51 52 ©
195 3339 117 47 Aug.
341 3338 69 46 25,
438 3336 139 48 1931;
607 3338 66 39 2c.
701 3339 94 38 and
824 3338 81 41 aff.
934 3338 108 40 Jan.
1071 3337 69 48 12,
1168 3337 139 48 1932;
1337 3339 41 38 A
1403 3339 170 47 46860;
1606 3339 213 40 Gorham
1847 3349 66 31 co.

192 3395 250 48 (32-4495)

106 3497 202 63 Gould,
336 3497 226 54 Adrian
594 3499 251 63 Gordon,
877 3502 170 50 1892-

180 3574 1861 68 Exercise and its physiology, by Adrian Gordon Gould …
111 3651 1994 68 and Joseph A. Dye … New York, A. S. Barnes and company,
112 3727 414 67 incorporated,
559 3731 148 49 1932.

180 3800 1343 48 xi p., 1 l., 434 p. illus. (part col.) diagrs. 23½ ᶜᵐ .
184 3856 375 48 “Bibliography
588 3857 94 39 and
714 3857 300 40 references”
1046 3860 51 37 at
1127 3858 90 39 end
1247 3856 52 41 of
1326 3858 118 39 each
1474 3858 214 47 chapter.

123 3921 49 52 ©
203 3926 108 40 Jan.
342 3927 68 46 14,
441 3925 138 47 1932;
611 3928 66 40 2c.
709 3928 109 39 Jan.
849 3928 80 45 18;
962 3927 80 40 aff.
1074 3928 112 39 Feb.
1216 3927 51 47 5;
1301 3928 39 38 A
1369 3927 171 48 47441;
1575 3928 52 38 A.
1661 3928 44 40 S.
1738 3928 186 39 Barnes
1956 3926 36 40 &
2022 3935 100 30 co.,

189 3981 89 42 inc.
349 3982 248 49 (32-4314)
