2563 4368
1160 4054 67 50 25

263 526 538 50 2 p. l., 365 p. 26ᶜᵐ.
267 585 220 39 Kinders
518 583 107 40 title;
686 583 177 39 Jacobs
896 582 36 40 &
965 581 194 46 Chaney
1193 580 116 39 New
1344 578 246 48 Michigan
1624 577 169 48 digest.
1854 574 113 42 1931
192 575 1979 107 supplement.

198 707 51 50 ©
278 712 111 38 Dec.
415 708 69 42 29,
511 708 113 39 1931;
680 709 67 40 2c.
775 709 97 37 and
897 707 82 42 aff.
1007 708 109 38 Jan.
1143 707 39 46 2,
1211 706 141 45 1932;
1383 705 41 38 A
1448 704 171 47 46667;
1652 704 269 46 Callaghan
1949 703 36 39 &
2012 712 66 30 co.

193 817 313 65 Jefferson,
537 815 245 55 Charles
812 815 273 63 Edward,
1118 819 170 50 1860-

262 888 1862 71 Other nature sermons, by Charles Edward Jefferson …
197 973 134 51 New
364 971 178 66 York,
575 970 250 68 Chicago
864 975 116 62 [etc.]
1037 968 266 68 Fleming
1333 970 75 51 H.
1443 967 198 53 Revell
1673 985 279 50 company
1992 1000 12 33 [
2032 970 130 48 ᶜ1931
2170 999 13 34 ]

264 1052 276 49 176 p. 19½ ᶜᵐ.
200 1119 50 52 ©
288 1124 116 39 Nov.
440 1125 40 47 7,
516 1122 139 48 1931;
694 1123 65 39 2c.
797 1123 111 40 Dec.
945 1122 82 47 24;
1065 1120 81 41 aff.
1185 1121 109 40 Jan.
1331 1121 40 47 8,
1407 1119 141 42 1932;
1587 1120 41 39 A
1662 1119 172 47 45887;
1874 1118 221 48 Fleming
2130 1118 61 40 H.

273 1181 162 39 Revell
465 1191 66 29 co.
603 1179 249 48 (32-1557)

194 1270 1258 66 Jerusalem, Frau Else (Kot á nyi) 1877-
201 1346 1963 148 The Red house, by Else Jerusalem; translated by R. I. Marchant [p seud.] New
897 1427 179 67 York,
1111 1427 120 52 The
1265 1426 306 68 Macaulay
1606 1442 280 52 company
2036 1426 67 49 [ᶜ1932]

270 1509 659 49 viii p., 2 l., 9-316 p. 20 ᶜᵐ.
202 1576 50 52 ©
282 1582 106 38 Jan.
418 1581 39 46 2,
486 1581 112 37 1932;
654 1581 66 39 2c.
750 1581 108 39 Jan.
886 1581 52 46 6;
969 1580 81 40 aff.
1079 1581 109 40 Jan.
1217 1580 51 46 5;
1298 1580 41 38 A
1364 1578 172 47 46752;
1569 1578 258 46 Macaulay
1855 1588 67 29 co.

279 1637 249 47 (32-1643)

197 1730 196 65 Jones,
425 1730 253 53 Edward
708 1730 254 65 Safford,
995 1736 169 48 1888-
1376 1732 83 52 ed.

265 1805 1864 71 Improvement of study habits, edited by Edward S. Jones …
199 1882 1637 72 [Buffalo, N. Y., Kenworthy printing co., inc., ᶜ19 31]
265 1964 543 48 2 p. l., 3-118 p. 23 ᶜᵐ.
267 2021 347 48 Bibliography
647 2022 52 39 at
731 2022 91 39 end
855 2021 52 40 of
939 2022 119 39 each
1091 2023 215 45 chapter.

204 2088 50 52 ©
290 2093 118 47 Aug.
443 2094 67 46 15,
546 2093 139 47 1931;
722 2093 67 42 2c.
824 2094 96 39 and
954 2093 81 41 aff.
1070 2094 111 40 Dec.
1215 2093 58 40 28;
1335 2093 40 39 A
1407 2093 172 47 45878;
1619 2094 49 38 E.
1708 2093 43 39 S.
1788 2093 161 47 Jones,
1986 2092 209 48 Buffalo,

271 2149 54 40 N.
356 2151 53 38 Y.
480 2149 249 49 (32-1534)

198 2241 323 65 Kaufman,
552 2242 273 53 Edmund
856 2242 245 64 George.

266 2318 120 51 The
422 2317 391 69 development
850 2318 64 53 of
948 2319 94 52 the
1077 2318 338 71 missionary
1452 2318 113 54 and
1603 2316 470 70 philanthrophic

197 2318 1972 128 interest
403 2413 206 49 among
644 2395 94 52 the
774 2395 358 55 Mennonites
1169 2396 63 52 of
1269 2396 185 51 North
1491 2395 283 69 America,
1812 2396 73 69 by
1922 2395 271 53 Edmund

198 2471 1998 72 George Kaufman … with introduction by Archibald Gillies
198 2549 1856 72 Baker … Berne, Ind., The Mennonite book concern, 1931.
268 2629 934 49 xix, 416 p. incl. maps, diagrs. 21 ᶜᵐ.
270 2685 348 49 Bibliography;
685 2696 44 38 p.
764 2685 216 42 393-403.

206 2741 51 51 ©
281 2746 116 38 Nov.
426 2745 67 42 15,
519 2744 112 40 1931;
687 2745 66 39 2c.
778 2745 111 38 Dec.
915 2745 55 38 21;
1026 2744 80 41 aff.
1135 2747 109 39 Jan.
1270 2745 39 51 6,
1335 2745 112 41 1932;
1503 2747 41 39 A
1569 2747 143 39 45812;
1771 2749 51 39 E.
1851 2747 53 41 G.
1932 2747 266 49 Kaufman,

273 2802 216 47 Newton,
526 2802 123 39 Kan.
721 2801 250 50 (32-1316)

201 2894 383 63 Kretzmann,
616 2894 163 56 Karl.

266 2967 121 55 The
419 2967 259 54 Atlantic
713 2969 224 53 district
970 2970 63 51 of
1064 2971 95 54 the
1192 2971 371 68 Evangelical
1595 2972 292 52 Lutheran
1920 2973 177 67 synod
2134 2973 63 55 of

199 3044 284 64 Missouri,
518 3044 166 68 Ohio,
719 3046 112 52 and
865 3046 162 54 other
1059 3053 189 62 states,
1281 3048 108 53 and
1428 3051 72 51 its
1535 3048 373 68 antecedents,
1940 3049 73 70 by
2049 3050 147 53 Karl

205 3119 1992 73 Kretzmann … Published by resolution of the district in the
198 3215 134 49 year
374 3198 62 51 of
479 3198 72 52 its
591 3198 375 69 twenty-fifth
1011 3201 385 67 anniversary,
1481 3247 9 9 A.
1572 3246 9 9 D.
1628 3206 149 48 1931.
1863 3203 172 69 [Erie,
2077 3204 118 54 Pa.,

202 3273 1139 70 Press of the Erie printing co., ᶜ19 32]
270 3352 1375 55 viii, 160 p. illus. (incl. ports., map, facsims.) 24 ᶜᵐ.
209 3408 51 51 ©
297 3414 106 38 Jan.
438 3414 39 46 2,
511 3413 140 42 1932;
687 3415 65 38 2c.
789 3416 94 37 and
919 3414 80 39 aff.
1069 3426 76 30 Jan.
1177 3417 54 44 4;
1268 3417 41 37 A
1341 3416 170 47 45760;
1550 3418 58 41 K.
1644 3419 314 48 Kretzmann,
1995 3419 203 49 Orange,

276 3468 54 43 N.
367 3470 43 39 J.
482 3470 249 48 (32-1472)

204 3559 371 67 Leffingwell,
603 3562 256 55 William
885 3565 223 64 Henry,
1140 3567 168 53 1876-

202 3638 1971 129 A textbook of office management, by William Henry Leffingwell … 1st
621 3716 84 51 ed.
779 3716 139 52 New
952 3717 164 52 York
1150 3719 111 52 and
1296 3720 259 67 London,
1587 3720 429 55 McGraw-Hill
2050 3721 148 54 book

201 3806 295 52 company,
523 3791 126 68 inc.,
679 3795 150 50 1932.

272 3882 44 33 x,
346 3872 87 40 409
462 3883 40 37 p.
564 3874 141 45 illus.,
737 3874 177 48 diagrs.
975 3876 54 39 23½ᶜᵐ.
1237 3876 129 49 $3.00

209 3923 51 51 ©
297 3929 107 39 Jan.
438 3929 40 42 4,
515 3930 139 46 1932;
691 3931 67 39 2c.
795 3933 94 38 and
926 3931 82 41 aff.
1045 3933 109 41 Jan.
1191 3934 25 40 8;
1281 3935 40 38 A
1356 3934 171 49 45899;
1568 3937 349 40 McGraw-Hill
1954 3937 124 39 book
2113 3947 82 40 co.,

277 3984 87 39 inc.
436 3986 248 48 (32-1363)
