2563 4368
1314 4086 132 51 1498

446 534 209 43 Various
684 535 218 50 pagiugs.

446 591 118 42 This
599 591 190 42 volume
822 592 43 41 is
901 594 82 40 the
1019 595 286 47 permanent
1340 593 167 40 record
1544 592 52 40 of
1631 593 83 40 the
1749 592 286 40 broadcasts
2071 591 52 41 of
2158 593 82 41 the
377 593 1973 96 National

561 648 230 49 advisory
820 649 188 41 council
1039 660 61 31 on
1131 649 138 41 radio
1299 650 50 39 in
1380 649 258 41 education
1667 648 128 41 from
1825 647 205 42 October
2061 649 69 47 17,
2161 648 127 48 1931,
2320 652 50 39 to

377 704 114 49 May
519 706 70 47 21,
619 705 127 41 1932.
806 707 62 46 cf.
899 706 129 41 Pref.

434 760 100 42 The
561 762 145 47 study
733 762 200 40 manual
959 761 207 42 consists
1194 761 52 41 of
1274 760 261 43 Listener’s
1562 760 264 42 notebooks
1852 762 52 41 to
1929 770 296 41 accompany
2251 763 119 41 each

378 817 183 43 lecture
589 819 96 40 and
715 818 217 41 includes
962 817 176 41 “What
1166 820 49 38 to
1246 817 145 41 read”
1424 818 96 40 and
1552 817 147 41 blank
1730 828 170 38 spaces
1927 817 78 42 for
2039 817 219 43 “Notes”.

382 872 51 52 ©
468 877 126 39 June
632 877 68 46 17,
736 875 140 47 1932;
915 875 65 40 2c.
1021 875 128 48 Sept.
1184 875 82 46 13;
1306 874 81 40 aff.
1427 874 126 47 Sept.
1592 874 82 46 12;
1713 875 40 38 A
1793 875 141 40 54781;
2003 874 281 48 University
2320 876 52 38 of

451 933 221 47 Chicago,
705 931 219 49 Chicago.
997 931 279 48 (32-27007)

378 1035 237 65 Birney,
652 1035 300 66 Hoffman,
990 1040 170 50 1891-

448 1110 219 69 Kudlu,
697 1111 95 55 the
826 1110 235 53 Eskimo
1092 1111 127 68 boy,
1249 1111 73 68 by
1355 1108 274 54 Hoffman
1665 1108 241 69 Birney;
1943 1108 322 55 illustrated
2300 1110 72 67 by

379 1188 145 54 Jean
548 1188 357 52 Macdonald.
969 1187 421 69 Philadelphia,
1414 1188 121 51 The
1558 1187 159 52 Penn
1742 1186 334 69 publishing
2098 1204 275 52 company

458 1268 101 50 [ ᶜ1 932]
450 1336 1154 49 vii p., 1 l., 11-247 p. col. front., illus. 19ᶜᵐ.
385 1391 51 52 ©
467 1397 99 40 Oct.
596 1396 41 47 3,
668 1395 115 42 1932;
839 1395 66 41 2c.
936 1398 95 38 and
1062 1396 81 41 aff.
1177 1396 102 40 Oct.
1309 1395 54 41 12;
1424 1397 40 38 A
1494 1395 143 41 56424;
1697 1396 131 40 Penn
1859 1396 109 48 pub.
1999 1407 67 29 co.

461 1452 278 49 (32-28972)

382 1558 214 64 Brody,
629 1558 340 55 Catharine.

449 1631 1924 71 Nobody starves, a novel by Catharine Brody … London,
380 1709 140 54 New
553 1710 162 53 York
753 1716 138 62 [etc.]
930 1711 343 68 Longmans,
1308 1711 185 55 Green
1527 1711 113 54 and
1677 1731 97 44 co.,
1812 1714 150 50 1932.

453 1782 350 51 v, 281 p. 19½ ᶜᵐ.
457 1838 161 42 “First
646 1839 198 48 edition,
874 1839 217 48 October,
1121 1838 113 42 1932;
1294 1839 261 49 reprinted,
1584 1838 220 47 October,
1834 1837 157 43 1932.”

388 1892 51 52 ©
470 1897 102 40 Oct.
601 1897 38 47 5,
667 1896 114 41 1932;
839 1896 63 40 2c.
935 1898 95 39 and
1060 1896 80 40 aff.
1171 1896 101 40 Oct.
1305 1897 55 39 15;
1419 1897 40 38 A
1488 1896 141 40 55581;
1689 1897 51 40 C.
1771 1897 176 47 Brody,
1978 1897 116 39 New
2123 1896 143 41 York.

466 1953 277 50 (32-27059)

385 2059 245 63 Brooke,
662 2058 220 64 Gladys
911 2057 209 54 Milton
1149 2057 251 65 Palmer,
1431 2058 229 67 dayang
1687 2058 176 52 muda
1891 2058 64 68 of
1983 2057 292 54 Sarawak.

461 2136 121 66 [It’s
609 2137 97 51 the
732 2136 179 65 truth]
991 2136 90 68 By
1107 2136 102 52 her
1235 2135 270 68 highness
1531 2136 96 52 the
1654 2136 230 68 dayang
1909 2135 173 53 muda
2111 2134 63 53 of
386 2134 1963 131 Sarawak.

609 2214 360 66 [Instalment
998 2217 49 61 3]
1125 2213 255 66 Kulelik,
1407 2231 96 49 my
1530 2211 125 55 first
1681 2215 141 51 love.

466 2287 82 48 (In
573 2283 201 43 London
802 2283 180 52 People,
1025 2284 137 52 Sept.
1192 2285 70 49 11,
1292 2284 143 48 1932)

391 2340 51 51 ©
502 2355 36 28 1c.
569 2344 116 39 Nov.
717 2344 39 43 3,
788 2343 112 40 1932;
960 2344 40 38 A
1031 2346 61 37 ad
1122 2344 87 40 int.
1239 2342 143 42 17029;
1442 2344 142 47 pubd.
1618 2343 126 48 Sept.
1777 2344 55 38 11;
1892 2341 255 40 American
2181 2341 197 49 weekly,

458 2400 103 46 inc.,
590 2400 116 40 New
740 2401 138 39 York.

385 2489 245 65 Brooks,
661 2490 244 55 Charles
933 2491 279 64 Stephen,
1245 2491 169 54 1878-

457 2566 245 68 English
730 2566 219 69 spring,
979 2566 74 69 by
1085 2565 236 56 Charles
1354 2565 57 56 S.
1444 2566 249 66 Brooks;
1726 2566 140 52 with
1897 2565 250 69 pictures
2178 2565 201 53 drawn

388 2645 58 51 in
479 2662 111 50 pen
623 2645 112 52 and
769 2644 101 52 ink
902 2643 74 70 by
1009 2645 169 68 Mary
1215 2642 277 70 Seymour
1527 2643 238 54 Brooks.
1835 2644 138 52 New
2010 2642 181 68 York,
388 2642 1964 142 Harcourt,

594 2722 863 69 Brace and company [ ᶜ1 932]
458 2792 544 50 xi, 356 p. illus. 23 ᶜᵐ.
457 2850 139 48 Maps
622 2862 59 28 on
710 2849 348 49 lining-papers;
1114 2850 109 41 title
1251 2850 226 48 vignette.

456 2906 43 38 A
533 2907 251 40 narrative
821 2906 52 41 of
908 2917 28 29 a
971 2906 206 48 journey
1211 2906 126 41 from
1374 2906 295 41 Dorchester
1707 2908 49 40 to
1795 2906 130 42 Bath
1961 2906 62 47 by
2061 2915 107 39 way
2207 2905 53 41 of
2294 2906 83 40 the

387 2965 122 38 west
537 2965 149 38 coast.

460 3018 162 42 “First
649 3018 227 41 edition.”

394 3072 51 52 ©
475 3077 126 47 Sept.
629 3077 68 47 15,
725 3076 112 41 1932;
893 3076 66 40 2c.
988 3079 94 37 and
1110 3077 81 40 aff.
1222 3077 125 48 Sept.
1377 3079 54 38 21;
1489 3078 41 39 A
1558 3077 142 41 54935;
1759 3079 261 46 Harcourt,
2050 3079 154 38 Brace
2233 3077 35 40 &
2297 3085 81 38 co.,

459 3134 90 40 inc.
620 3132 277 50 (32-27060)

395 3223 303 68 [Business
728 3223 264 63 training
1022 3225 388 66 corporation]

460 3300 159 68 Keep
668 3301 217 51 control
934 3301 62 51 of
1043 3300 95 52 the
1186 3300 308 54 interview.
1577 3303 141 64 [No.]
1772 3305 45 48 3.
1899 3300 309 69 [Prepared
2256 3298 95 52 for]

391 3379 155 53 Ford
577 3383 184 47 motor
793 3396 277 50 company
1101 3379 61 51 of
1195 3379 251 67 Canada,
1476 3379 239 69 limited,
1748 3381 142 52 East
1918 3379 290 66 Windsor,
2239 3377 135 55 Ont.

397 3457 274 66 [London,
704 3455 152 67 Ont.,
889 3455 251 69 Canada,
1169 3457 241 52 London
1437 3457 265 70 printing
1732 3462 45 50 &
1806 3455 441 71 lithographing
2277 3474 99 48 co.,

391 3535 121 65 ltd.,
545 3537 151 63 1932]

461 3607 943 48 4 p. illus. 30½ ᶜᵐ. fold. to 15 × 20½ᶜᵐ.
396 3660 51 51 ©
507 3677 36 28 1c.
577 3664 101 41 Oct.
710 3664 68 45 12,
810 3662 140 47 1932;
984 3663 40 39 A
1055 3664 61 39 ad
1147 3664 86 40 int.
1266 3664 169 47 16978;
1469 3666 141 46 pubd.
1644 3667 119 46 Aug.
1796 3666 82 45 22;
1914 3666 326 44 Trade-ways,
2273 3663 104 47 inc.,

462 3721 115 38 New
608 3719 141 40 York.

461 3809 255 68 Meeting
747 3807 171 69 guide
952 3809 110 51 and
1096 3826 359 51 programme
1487 3809 95 52 for
1611 3811 249 69 meeting
1888 3829 90 34 no.
2012 3814 46 49 8.
2133 3809 115 52 For
2278 3807 97 54 the

393 3887 278 67 guidance
702 3887 62 52 of
798 3886 225 53 district
1056 3887 139 51 sales
1229 3906 297 50 managers
1560 3888 59 52 in
1655 3889 345 68 conducting
2032 3889 143 52 sales
391 3891 1959 141 meetings

556 3964 140 53 with
735 3966 216 52 dealers
991 3964 110 52 and
1141 3964 165 52 retail
1345 3966 286 52 salesmen.
1713 3966 309 68 [Prepared
2062 3964 112 66 for]
2217 3964 155 52 Ford
