2563 4368
1035 4117 134 54 1749

110 499 243 67 Gilbert,
383 502 100 53 Sir
508 501 255 55 William
793 501 338 65 Schwenck,
1164 506 325 51 1836-1911.

177 578 136 54 Lost
352 578 124 54 Bab
516 577 236 68 ballads,
792 577 75 69 by
907 577 87 53 W.
1038 576 56 55 S.
1138 576 251 67 Gilbert;
1432 577 284 67 collected,
1757 578 188 52 edited
1988 578 112 55 and

112 655 318 54 illustrated
467 653 75 70 by
579 654 271 69 Townley
887 654 206 54 Searle.
1170 654 238 52 London
1447 656 45 49 &
1530 654 136 52 New
1708 654 177 69 York,
1926 654 65 54 G.
2035 655 63 52 P.

114 731 804 68 Putnam’s sons, ltd. [193 2]
176 802 905 48 x p., 1 l., 127 p., 1 l. illus. 19 ᶜᵐ .
178 858 93 42 “Of
293 859 100 40 this
416 859 108 40 first
547 858 182 41 edition
755 871 27 28 a
808 858 189 40 limited
1021 859 202 40 number
1248 859 52 40 of
1323 860 159 46 copies
1506 870 84 30 are
1617 860 164 40 issued
1805 860 121 41 with
105 860 1994 95 hand-coloured

360 914 370 41 illustrations.”

177 972 288 40 Illustrated
496 973 98 46 t.-p.

109 1028 1988 52 © 1c. Nov. 8, 1932; A ad int. 17082; pubd. Sept. 12; Townley Searle,
177 1089 211 40 London.
458 1086 280 50 (32-33525)

109 1189 299 66 Hammer,
438 1190 286 65 Armand,
755 1190 170 55 1897-

176 1267 121 54 The
330 1275 159 61 quest
521 1267 64 54 of
615 1269 97 52 the
744 1264 307 57 Romanoff
1082 1273 271 62 treasure,
1384 1267 76 69 by
1493 1268 262 52 Armand
1788 1270 306 64 Hammer;

108 1345 284 53 foreword
442 1346 76 68 by
566 1347 223 53 Walter
836 1348 285 64 Duranty.
1196 1346 139 53 New
1385 1346 180 67 York,
1613 1348 91 53 W.
1754 1348 64 51 F.
1869 1350 228 66 Payson

112 1428 193 63 [ ᶜ193 2 ]
177 1497 1444 49 X p., 1 l., 241 p. front., plates, ports., facsims. 21 ᶜᵐ .
110 1550 52 52 ©
195 1555 101 41 Oct.
326 1555 70 48 24,
427 1554 114 41 1932;
600 1555 67 41 2c.
697 1556 117 40 Nov.
847 1555 55 40 16;
962 1554 82 41 aff.
1075 1555 119 41 Nov.
1225 1556 56 40 17;
1341 1557 40 38 A
1413 1554 143 41 55990:
1616 1555 53 40 A.
1703 1557 246 46 Hammer,
1981 1557 118 39 New

175 1611 143 41 York.
389 1611 279 48 (32-33389)

111 1704 369 66 [Hatheway,
511 1708 185 54 Grace
726 1705 323 70 Hamilton]
1084 1707 172 53 1887-

176 1783 190 54 Break
413 1801 146 50 your
607 1786 147 52 lease
772 1784 10 53 !
861 1785 237 69 Luxury
1149 1785 212 53 abroad
1410 1804 73 33 on
1532 1804 31 34 a
1611 1785 129 54 slim
1788 1804 187 50 purse,
2022 1785 73 68 by

107 1861 1844 70 Helen H. Gay [pseud.] … New York, Brentano’s [ᶜ193 2]
182 1923 751 62 6 p. l. , 243 p. plates. 21 ᶜᵐ .
110 1989 52 52 ©
197 1994 117 40 Nov.
349 1995 42 46 4,
426 1993 113 41 1932;
604 1993 68 39 2c.
707 1994 118 41 Nov.
862 1994 54 39 11;
984 1993 80 41 aff.
1102 1994 118 40 Nov.
1257 1993 55 40 12;
1378 1995 42 38 A
1457 1993 141 41 55911;
1666 1991 302 51 Brentano’s,
2006 1994 92 41 inc.

186 2049 278 49 (32-32867)

106 2138 382 65 Hawthorne,
518 2139 340 65 Nathaniel,
893 2145 325 50 1804-1864.

175 2216 122 54 The
344 2214 303 53 American
693 2215 303 52 notebooks
1040 2216 75 67 by
1160 2215 307 54 Nathaniel
1515 2215 369 67 Hawthorne,
1932 2216 169 52 based

107 2311 152 49 upon
286 2293 95 54 the
407 2291 245 69 original
677 2291 380 71 manuscripts
1083 2291 60 53 in
1169 2292 96 53 the
1292 2291 276 69 Pierpont
1594 2291 245 68 Morgan
1865 2292 234 70 library,

108 2368 1992 71 and edited by Randall Stewart … New Haven, Yale university
108 2465 181 49 press;
321 2447 255 67 London,
606 2447 74 51 H.
710 2445 264 69 Milford,
1006 2445 226 54 Oxford
1261 2445 315 69 university
1604 2464 172 51 press,
1809 2450 148 48 1932.

175 2517 809 49 xcvi, 350 p. 2 facsim. 25 ᶜᵐ .
177 2574 303 48 Descriptive
513 2576 283 46 letterpress
828 2586 60 28 on
922 2578 130 36 recto
1085 2575 51 40 of
1169 2586 87 29 one
1292 2575 52 39 of
1375 2576 81 39 the
1486 2574 281 42 facsimiles.

178 2630 300 49 “Originally
518 2632 237 47 prepared
794 2641 55 29 as
888 2642 30 30 a
959 2631 218 40 doctoral
1217 2630 317 42 dissertation
1574 2635 53 38 at
1666 2633 119 39 Yale
1827 2632 271 48 university

111 2687 380 51 [1930]”—Pref.,
518 2699 44 37 p.
590 2686 64 41 ix.

179 2745 224 40 Includes
425 2744 81 40 the
528 2753 229 39 passages
779 2743 202 40 omitted
1003 2744 50 39 in
1078 2744 81 40 the
1182 2743 184 41 edition
1388 2743 161 41 edited
1573 2745 61 46 by
1657 2746 115 39 Mrs.
1797 2745 301 41 Hawthorne

107 2803 96 38 and
237 2800 255 50 published
527 2802 153 38 under
715 2799 108 41 title:
888 2800 238 47 Passages
1159 2800 129 39 from
1324 2801 82 39 the
1441 2800 257 40 American
1731 2801 281 41 note-books
2047 2801 53 41 of

108 2857 260 41 Nathaniel
403 2857 316 40 Hawthorne.

179 2913 291 41 “Published
496 2925 60 28 on
582 2915 81 38 the
690 2911 291 42 foundation
1007 2910 296 42 established
1332 2913 49 39 in
1409 2923 213 38 memory
1649 2913 51 41 of
1727 2913 161 50 Philip
109 2912 1973 100 Hamilton

218 2970 250 41 McMillan
494 2970 53 39 of
569 2970 82 39 the
675 2970 127 39 class
828 2968 53 41 of
904 2967 128 49 1894,
1058 2968 119 40 Yale
1203 2968 328 48 college.”—p.
1562 2969 84 50 [iii]

112 3027 52 52 ©
192 3032 117 39 Nov.
337 3029 69 48 29,
434 3029 114 41 1932;
605 3029 68 40 2c.
701 3029 111 40 Dec.
840 3027 26 39 2;
926 3027 80 40 aff.
1036 3027 112 41 Dec.
1177 3028 25 38 1;
1261 3027 43 39 A
1330 3026 112 42 57328;
1530 3028 119 39 Yale
1679 3028 129 40 univ.
1838 3038 147 39 press.

187 3086 278 49 (32-28143)

108 3179 159 63 Holt,
298 3179 223 61 Henry.

240 3251 1857 69 … Murderer’s luck … Garden City, N. Y., Pub. for the
113 3330 1959 62 Crime club, inc., by Doubleday, Doran & company, inc. [ ᶜ193 2]
178 3403 935 51 3 p. 1, v-viii p., 1 l., 291 p. 19½ᶜᵐ.
180 3463 161 40 “First
372 3460 226 42 edition.”

114 3514 50 52 ©
198 3518 102 41 Oct.
331 3517 68 47 19,
430 3516 113 41 1932;
604 3515 67 42 2c.
703 3518 96 38 and
829 3515 81 41 aff.
944 3517 110 39 Dec.
1088 3516 55 38 12;
1204 3516 42 39 A
1276 3515 145 41 57416;
1481 3516 60 40 H.
1575 3515 132 48 Holt,
1741 3514 177 47 Hythe,
1953 3516 142 45 Kent,

179 3575 233 48 England.
484 3572 278 49 (32-28145)

109 3666 311 52 Homerus.

181 3739 120 53 The
327 3739 257 68 Odyssey
608 3739 62 52 of
693 3740 236 65 Homer,
951 3739 184 67 newly
1159 3738 315 52 translated
1499 3737 121 52 into
1645 3737 245 68 English
1915 3755 181 49 prose.

112 3818 138 51 New
278 3817 178 53 York.
487 3816 228 56 Oxford
744 3816 317 69 university
1089 3834 174 50 press,
1295 3819 150 49 1932.

181 3890 519 50 5 p. l. , 327 p. 24 ᶜᵐ .
183 3946 328 41 Translator’s
539 3947 111 40 note
679 3945 192 49 signed:
902 3947 52 39 T.
984 3946 54 39 E.
1069 3944 145 41 Shaw
1255 3945 32 40 [i.
1316 3954 37 30 e.
1383 3945 52 40 T.
1465 3945 54 40 E.
1548 3944 275 48 Lawrence]

115 3999 52 52 ©
200 4004 117 39 Nov.
350 4002 70 46 14,
453 4001 139 47 1932;
628 4002 66 40 2c.
729 4004 95 38 and
859 4002 80 40 aff.
974 4002 117 40 Nov.
1126 4001 82 48 25;
1245 4002 42 38 A
1319 4001 169 47 58095;
1526 4001 54 39 B.
1616 4001 195 47 Rogers,
1849 4000 246 48 Danbury,

182 4059 144 41 Conn.
398 4057 278 49 (32-28146)
