2563 4368
993 4057 101 50 411

53 459 213 63 Lench,
297 458 246 57 Charles
568 458 230 54 Harris.

120 534 120 52 The
289 533 324 69 promotion
662 532 65 54 of
776 531 354 55 commercial
1182 530 309 70 buildings,
1541 530 74 69 by
1668 529 237 55 Charles
1957 531 78 54 H.

51 603 1923 77 Lench … with an introduction by Benjamin F. Betts …
51 689 137 54 New
226 687 178 66 York,
439 686 424 55 Architectural
901 684 310 56 economics
1248 701 176 53 press,
1462 687 150 52 1932.

118 758 84 43 253
229 770 43 37 p.
331 759 146 40 23½ᶜᵐ.

123 815 157 40 Based
308 826 59 29 on
395 826 28 29 a
452 814 152 42 series
629 815 52 40 of
710 815 208 40 lectures
945 813 203 41 entitled
1177 813 127 42 “The
1334 812 277 42 architect’s
1643 811 206 43 relation
1879 815 48 38 to
1955 814 83 41 the

51 871 270 49 promoting
352 873 98 38 and
482 870 243 48 financing
758 870 52 41 of
844 871 184 41 income
1060 868 268 50 producing
1361 869 288 49 buildings”,
1684 869 143 49 given
1860 869 62 47 by
1956 870 82 41 the

51 927 177 41 author
261 929 50 39 at
346 926 250 42 Columbia
630 925 285 51 university,
950 926 127 47 Dept.
1126 926 52 40 of
1210 924 338 49 architecture,
1586 926 48 39 in
1671 927 82 40 the
1789 926 166 48 spring
1987 925 52 41 of

50 982 126 43 1931.
235 985 62 48 cf.
327 983 129 42 Pref.

58 1049 50 52 ©
140 1053 107 41 Feb.
278 1054 67 48 18,
375 1053 111 41 1932;
545 1053 67 44 2c.
643 1054 109 40 Feb.
782 1053 54 40 23;
896 1052 80 41 aff.
1008 1055 122 40 Mar.
1160 1054 58 39 16;
1273 1054 41 38 A
1343 1053 141 41 50172;
1547 1053 200 42 Charles
1777 1055 58 38 H.
1869 1053 171 48 Lench,

124 1108 98 43 sole
251 1121 160 29 owner
439 1111 50 39 of
521 1109 356 41 Architectural
908 1108 265 42 economics
1204 1119 148 40 press,
1385 1111 116 40 New
1532 1109 130 43 York

135 1166 249 50 (32-7883)

53 1268 201 66 Levin,
284 1268 343 66 Schmarya,
661 1271 169 54 1867-

121 1345 120 54 The
270 1363 186 51 arena,
485 1347 75 69 by
591 1348 282 67 Shmarya
903 1345 207 70 Levin;
1145 1347 313 55 translated
1489 1348 75 68 by
1594 1345 255 57 Maurice
56 1344 1959 136 Samuel

231 1423 138 53 New
403 1424 178 68 York,
616 1425 307 68 Harcourt,
960 1428 179 50 Brace
1172 1428 112 53 and
1318 1443 279 50 company
1637 1459 13 34 [
1678 1429 134 49 ᶜ1932
1816 1461 13 32 ]

155 1528 10 15 v,
196 1497 85 40 305
313 1508 41 37 p.
414 1498 144 39 22½ᶜᵐ.

125 1552 162 42 “First
319 1552 225 43 edition.”

125 1609 101 43 The
250 1609 133 41 third
405 1610 192 41 volume
619 1611 53 39 of
694 1611 82 40 the
802 1610 219 41 author’s
1044 1610 386 50 autobiography;
1485 1611 83 40 the
1592 1611 109 41 first
1726 1611 190 40 volume
1944 1621 99 32 was

58 1665 264 50 published,
349 1666 126 49 1929,
502 1667 151 40 under
679 1667 106 40 title:
842 1666 267 42 Childhood
1136 1668 50 38 in
1212 1666 126 43 exile;
1394 1667 80 40 the
1501 1667 173 42 second
1700 1668 204 48 volume,

57 1663 1969 104 published
241 1722 127 48 1930,
400 1724 149 40 under
579 1724 106 40 title:
745 1723 160 40 Youth
935 1724 49 39 in
1014 1723 167 41 revolt.

60 1787 52 52 ©
141 1792 119 40 Mar.
290 1792 67 46 10,
387 1791 140 44 1932;
557 1793 67 40 2c.
653 1794 95 38 and
778 1792 80 41 aff.
889 1793 122 41 Mar.
1041 1793 80 46 18;
1153 1794 40 37 A
1220 1790 169 50 50191;
1422 1794 259 48 Harcourt,
1713 1795 153 40 Brace
1896 1795 36 40 &
1962 1806 82 37 co.,

125 1848 90 41 inc.
286 1849 249 47 (32-7777)

56 1953 221 64 Lunge,
307 1953 209 64 Georg.

186 2028 1854 74 … Chemisch-technische Untersuchungsmethoden; unter mit-
59 2105 263 69 wirkung
362 2125 110 33 von
511 2110 54 52 J.
609 2108 216 67 D’Ans,
865 2109 70 52 D.
979 2109 302 53 Anhäuser
1343 2128 54 35 [u.
1442 2129 66 48 a.]
1553 2111 154 69 hrsg.
1747 2129 111 36 von
1898 2113 141 70 ing.-

58 2182 1984 80 chem. dr. phil. Ernst Berl … 2. bd. 1. t. 8., vollständig
59 2259 1848 79 umgearb. u. vermehrte aufl. … Berlin, J. Springer, 1932.
147 2332 1367 57 lx, 878 p. illus., fold, plates, tables, diagrs. 24 ᶜᵐ .
129 2391 60 40 At
221 2391 123 40 head
377 2391 53 40 of
460 2391 107 42 title:
629 2394 309 49 Berl-Lunge.

63 2454 50 52 ©
145 2459 108 42 Jan.
284 2463 38 44 1,
355 2459 139 50 1932;
526 2463 65 39 1c.
625 2463 120 40 Mar.
778 2463 80 47 15;
892 2463 308 48 A—Foreign
1233 2464 168 48 16137;
1437 2467 162 40 Julius
1634 2466 241 50 Springer.

58 2577 226 66 McFee,
313 2582 139 51 Mrs.
482 2581 135 52 Inez
647 2581 187 53 Nellie
872 2582 321 66 (Canfield)

57 2651 1962 138 Sons of liberty, by Inez N. McFee … Philadelphia, Macrae
182 2731 187 54 Smith
401 2750 293 52 company,
726 2737 152 50 1932.

125 2801 1157 55 xii p., 1 l., 13-283 p. front., plates. 20ᶜᵐ.
65 2869 49 51 ©
146 2873 109 42 Feb.
282 2874 69 48 29,
382 2875 111 40 1932;
551 2876 67 41 2c.
649 2878 120 41 Mar.
800 2879 54 38 14;
913 2879 82 40 aff.
1026 2880 119 40 Mar.
1177 2879 55 40 24;
1291 2882 42 38 A
1360 2881 143 42 49270;
1564 2884 194 41 Macrae
1791 2884 157 41 Smith
1977 2895 67 31 co.

140 2929 247 50 (32-7808)

66 3033 294 68 [McNeile,
383 3036 267 53 Herman
680 3037 178 68 Cyril]

129 3109 119 55 The
275 3111 212 53 broken
514 3113 213 68 record,
753 3114 74 69 by
858 3115 222 68 Sapper
1133 3118 212 68 [pseud.]

141 3183 78 48 (In
250 3181 259 43 Pearson’s
542 3184 273 51 magazine,
846 3186 187 51 March,
1068 3187 142 51 1932)

66 3234 1959 115 © 1c. Apr. 27, 1932; A ad int. 16335; pubd. Mar. 1; H. C. McNeile, Territet, Switzerland.
61 3394 266 69 Madden,
357 3399 275 67 Richard,
664 3407 170 50 1901-

127 3471 119 54 The
274 3474 189 53 school
493 3480 182 50 status
705 3477 65 53 of
798 3478 96 54 the
925 3481 142 52 hard
1101 3482 65 53 of
1197 3483 239 70 hearing
1467 3484 183 68 child;
1687 3505 71 33 an
1793 3486 248 70 analysis

58 3547 64 52 of
158 3547 93 55 the
290 3549 374 73 intelligence,
704 3555 94 54 the
838 3555 400 73 achievement,
1281 3561 112 54 and
1433 3561 216 55 certain
1690 3563 349 71 personality

58 3624 164 54 traits
249 3626 64 53 of
338 3628 94 53 the
458 3629 145 54 hard
630 3630 65 53 of
717 3632 240 71 hearing
984 3635 189 54 school
1201 3636 171 70 child,
1401 3638 76 70 by
1505 3639 253 54 Richard
1787 3641 251 54 Madden

119 3701 1921 84 … Published with the approval of Professor Rudolf Pintner,
58 3793 249 51 sponsor.
390 3780 137 54 New
575 3783 161 53 York
781 3785 135 71 city,
963 3787 278 56 Teachers
1288 3793 227 67 college,
1567 3791 297 57 Columbia
58 3788 1956 139 university,
316 3860 149 51 1931.

162 3955 7 17 v,
217 3927 56 40 64
318 3938 42 37 p.
419 3929 145 43 23½ᶜᵐ.
638 3932 263 48 (Teachers
949 3935 190 49 college,
1190 3937 250 43 Columbia
1490 3941 282 48 university.
60 3938 1960 88 Contributions
276 3985 49 38 to
349 3985 271 50 education,
648 3998 73 31 no.
750 3989 110 46 499)
