2563 4368
1156 4096 132 50 1583

204 480 188 53 South
440 483 240 49 western
724 480 273 63 reporter.
1072 472 221 55 Second
1337 469 185 54 series.
1600 468 169 55 Cases
1818 466 215 68 argued
2081 464 111 53 and

276 556 349 54 determined
665 553 62 54 in
766 554 95 53 the
905 552 274 68 Supreme
1220 553 188 49 courts
1450 547 63 53 of
1553 547 312 61 Arkansas,
1905 543 289 67 Missouri,

276 637 326 51 Tennessee,
638 634 112 53 and
785 633 211 64 Texas;
1036 628 206 56 Courts
1276 628 63 53 of
1375 627 234 69 appeals
1644 624 63 54 of
1741 623 305 71 Kentucky
2082 622 113 53 and

276 712 269 53 Missouri;
610 711 204 55 Courts
843 710 63 52 of
936 709 133 53 civil
1100 707 113 53 and
1242 706 262 52 criminal
1536 704 234 68 appeals
1799 702 110 53 and
277 701 1894 144 commission

448 790 62 52 of
559 791 231 67 appeals
836 789 63 53 of
945 787 200 55 Texas,
1192 784 141 52 with
1377 782 109 69 key
1531 783 238 53 number
1816 779 362 55 annotations.

320 858 1874 78 v . 50 (2d) July 5-July 19, 1932. Permanent ed. St.
279 949 165 66 Paul,
468 949 159 53 West
656 945 335 69 publishing
1015 961 98 50 co.,
1139 945 150 51 1932.

281 1016 1287 54 xvi, 1202 p. 26 ᶜᵐ . (National reporter system)
216 1088 51 54 ©
295 1092 102 41 Oct.
422 1091 71 48 20,
520 1090 112 41 1932;
688 1090 67 40 2c.
784 1091 93 38 and
978 1120 7 6 aff.
1014 1087 117 42 Nov.
1159 1088 54 38 14;
1269 1086 41 39 A
1337 1085 141 42 57072;
1535 1086 135 39 West
1697 1084 109 48 pub.
1835 1092 67 33 co.

212 1196 184 65 Steig,
430 1194 274 56 William.

282 1273 139 52 Man
462 1271 168 53 about
669 1276 170 61 town,
878 1270 34 52 by
988 1267 262 57 William
1290 1266 175 69 Steig.
1541 1266 138 52 New
1718 1264 180 69 York,
1934 1264 67 52 R.
2041 1264 165 66 Long

212 1353 46 51 &
284 1351 67 53 R.
380 1351 67 52 R.
476 1348 209 68 Smith,
710 1348 126 66 inc.,
864 1350 150 49 1932.

285 1419 764 54 3 p. l., [98] p. of illus. 28 ᶜᵐ .
219 1490 51 54 ©
299 1495 100 40 Oct.
427 1495 66 47 14,
521 1492 112 41 1932;
688 1491 67 41 2c.
783 1491 98 40 Oct.
910 1491 55 39 18;
1094 1523 8 8 aff.
1130 1490 102 40 Oct.
1260 1490 54 39 19;
1370 1490 41 39 A
1438 1489 142 41 56577;
1639 1490 104 46 Ray
1772 1488 133 47 Long
1931 1487 36 40 &
1992 1486 215 40 Richard

288 1552 53 38 R.
370 1550 168 48 Smith,
563 1550 90 39 inc.
724 1547 278 49 (32-29895)

217 1657 192 63 Stern,
443 1655 202 63 Lloyd.

285 1730 180 56 Star’s
493 1729 159 67 road,
681 1749 32 34 a
740 1730 184 66 novel,
952 1729 75 67 by
1054 1728 188 68 Lloyd
1272 1728 186 54 Stern.
1524 1727 131 51 New
1695 1725 180 66 York,
1904 1726 121 52 The
212 1726 1971 151 Vanguard

427 1827 174 49 press,
633 1810 152 51 1932.

287 1878 616 53 5 p. l., 3-291 p. 19½ᶜᵐ.
291 1936 225 41 Lettered
541 1947 60 31 on
625 1945 142 33 cover:
819 1936 39 38 A
883 1936 139 41 novel
1049 1934 51 43 of
1122 1933 50 42 C.
1201 1935 51 40 O.
1280 1935 55 39 D.
1361 1934 210 43 athletes
1598 1934 97 40 and
1720 1934 172 40 co-eds.

224 2004 51 54 ©
303 2009 126 48 Sept.
455 2008 69 48 15,
550 2006 112 42 1932;
717 2007 66 41 2c.
810 2007 100 41 Oct.
938 2007 54 40 13;
1121 2039 7 7 aff.
1156 2006 101 40 Oct.
1283 2006 55 39 10;
1392 2006 39 38 A
1457 2005 143 40 56529;
1655 2004 263 49 Vanguard
1944 2013 150 39 press,
2122 2004 90 39 inc.

298 2065 278 48 (32-29900)

221 2166 237 67 Strong,
488 2168 250 53 Paschal
767 2166 260 64 Neilson,
1060 2171 170 50 1901-

290 2244 226 52 Behind
565 2243 95 54 the
706 2249 163 62 great
918 2242 276 69 Smokies,
1239 2243 76 66 by
1364 2243 243 53 Paschal
1655 2242 70 52 N.
1778 2240 243 69 Strong;
2071 2240 140 53 with

218 2320 380 56 illustrations
634 2320 74 69 by
743 2321 226 51 Heman
1007 2320 143 69 Fay,
1186 2320 71 67 jr.
1331 2320 234 68 Boston,
1599 2319 196 66 Little,
1833 2320 229 65 Brown,
2099 2318 113 53 and

219 2416 296 51 company,
548 2400 151 52 1932.

293 2467 1409 55 5 p. l., 3-246, [1] p. incl. illus., plates, front. 19½ᶜᵐ.
226 2537 52 54 ©
307 2542 101 40 Oct.
434 2542 41 45 3,
503 2541 139 47 1932;
671 2540 68 41 2c.
766 2542 95 38 and
888 2540 81 41 aff.
998 2539 102 42 Oct.
1129 2541 25 39 7;
1210 2539 42 40 A
1279 2539 170 48 56524;
1479 2540 52 41 P.
1559 2541 53 38 N.
1646 2540 190 47 Strong,
1865 2540 350 49 Morgantown,

293 2599 72 39 W.
394 2598 87 39 Va.
550 2595 280 49 (32-29903)

225 2698 282 64 Supreme
537 2704 174 49 court,
735 2705 273 62 reporter,
1072 2715 48 35 v.
1147 2702 79 49 52.
1293 2701 345 52 Permanent
1658 2700 84 52 ed.
1811 2699 167 55 Cases
2001 2699 214 69 argued

298 2778 113 52 and
435 2776 351 55 determined
807 2779 62 51 in
891 2778 95 52 the
1007 2779 217 54 United
1252 2778 189 54 States
1468 2780 274 67 Supreme
1766 2783 178 64 court,
1970 2777 245 56 October

296 2861 162 62 term,
485 2859 151 63 1931,
662 2856 140 53 with
828 2856 108 67 key
962 2857 238 53 number
1227 2857 377 54 annotations.
1682 2857 336 68 November,
295 2859 1923 143 1931-June,

489 2937 151 50 1932.
717 2934 82 54 St.
829 2936 164 67 Paul,
1017 2936 159 54 West
1204 2935 335 69 publishing
1565 2953 97 49 co.,
1691 2939 149 52 1932.

430 3006 369 50 xxxv, 723 p. 26 ᶜᵐ .
232 3064 51 54 ©
311 3070 101 40 Oct.
435 3069 69 48 24,
530 3069 113 41 1932;
696 3070 67 40 2c.
789 3072 94 39 and
909 3071 82 41 aff.
1017 3071 115 41 Nov.
1159 3072 55 38 14;
1269 3072 41 39 A
1335 3071 143 41 57069;
1533 3073 134 39 West
1693 3072 108 48 pub.
1828 3081 66 32 co.

225 3172 215 66 Thorp,
469 3172 272 56 Prescott
770 3174 245 56 Holden.

297 3249 151 52 How
475 3255 59 46 to
563 3247 161 57 build
753 3269 30 33 a
814 3256 187 62 stamp
1031 3251 313 69 collection,
1371 3253 77 67 by
1476 3252 258 56 Prescott
1762 3250 231 55 Holden
2023 3252 196 68 Thorp

290 3323 1459 76 … New York, The John Day company [ ᶜ19 32 ]
297 3397 1141 54 xii p., 1 l., 113, [1] p. front., illus. 19½ᶜᵐ.
235 3450 52 54 ©
317 3456 101 40 Oct.
451 3455 39 48 6,
522 3456 140 48 1932;
695 3455 69 42 2c.
795 3459 95 38 and
923 3457 81 40 aff.
1038 3456 103 43 Oct.
1174 3459 51 45 7;
1260 3458 41 39 A
1333 3458 169 49 56304;
1539 3459 50 40 P.
1622 3460 60 38 H.
1717 3459 174 49 Thorp.
1926 3458 117 40 New
2075 3457 144 41 York.

310 3512 277 48 (32-29996)

231 3612 128 55 Van
387 3614 213 64 Doren,
628 3614 190 63 Mark,
848 3620 171 50 1894-

297 3684 1918 76 Dick and Tom in town, by Mark Van Doren … illustrated
229 3763 74 70 by
344 3763 220 70 George
604 3764 298 57 Richards.
981 3767 139 55 New
1164 3769 178 68 York,
1384 3770 121 54 The
1546 3770 65 52 Macmillan
1921 3790 296 49 company,

229 3845 149 51 1932.

301 3910 1306 57 5 p. l., 80 p. incl. illus., plates. col. front. 21 ᶜᵐ .
235 3965 52 53 ©
316 3970 102 41 Oct.
444 3970 68 47 18,
540 3971 112 41 1932;
709 3971 65 40 2c.
805 3975 93 38 and
927 3973 81 41 aff.
1038 3973 99 43 Oct.
1168 3975 54 39 19;
1279 3976 41 39 A
1347 3976 142 41 56554;
1548 3978 48 38 Macmillan
1856 3988 66 30 co.

311 4025 278 51 (32-29907)
