2563 4368
1253 4012 132 49 1116

320 409 352 66 Hutchison,
700 409 219 53 Ernest
947 405 297 66 Kinyoun.

453 482 1855 69 … Science with a smile; or, Mental engineering series. A.
321 565 158 55 Gods
508 565 111 52 and
646 563 289 68 religions,
962 581 113 49 sex,
1101 561 286 69 marriage
1414 562 113 51 and
1556 561 243 68 divorce,
1829 561 314 54 education.
2219 563 89 67 By

322 643 210 54 Ernest
580 643 277 66 Kinyoun
905 640 344 53 Hutchison.
1343 639 269 69 Chicago,
1661 640 114 68 Ill.,
1828 639 118 56 San
1995 640 322 68 Francisco,

323 720 194 67 Calif.,
548 720 144 52 Pub.
725 721 76 64 by
832 719 97 52 the
961 719 221 51 author.
1257 716 363 54 Distributed
1651 717 78 68 by
1759 718 97 52 the
1891 717 249 54 Cascade
2170 717 148 53 book

321 815 236 36 concern
605 794 150 71 [pref.
783 798 153 65 1932]

396 881 1024 51 xiii, 357 p. front. (port.) plates. 20½ ᶜᵐ.
394 955 183 42 Second
601 953 196 42 edition.

393 1010 276 48 Published,
697 1009 128 49 1929,
855 1010 152 40 under
1035 1009 109 41 title:
1200 1010 184 39 Mental
1412 1008 226 48 engineer
1665 1008 163 41 series.

331 1077 51 53 ©
406 1082 114 48 Apr.
542 1081 71 48 21,
636 1080 113 41 1932;
804 1080 67 41 2c.
897 1081 113 47 May
1035 1079 27 39 2;
1116 1079 80 40 aff.
1223 1080 116 47 July
1363 1079 83 47 26;
1473 1080 41 38 A
1539 1077 142 42 53293;
1738 1080 51 39 E.
1817 1079 58 39 K.
1902 1078 289 49 Hutchison,
2220 1078 96 42 San

398 1138 274 41 Francisco.
741 1136 279 49 (32-19385)

324 1255 252 68 Kinney,
606 1254 248 57 Charles
878 1255 220 65 Noyes.

393 1333 231 52 Review
672 1332 63 53 of
783 1331 262 54 essential
1095 1331 269 53 chemical
1413 1334 266 51 elements
1727 1333 127 51 that
1904 1331 330 54 constitutes
2284 1350 31 34 a

325 1409 1990 68 balanced food, by Charles Noyes Kinney … 2d ed. Des
324 1486 1985 69 Moines, Ia., Success composition & printing company [ ᶜ1 930]
395 1573 97 49 xvi,
531 1571 203 53 [13]-315
766 1584 45 38 p.
870 1571 56 42 23½ᶜᵐ.

400 1643 226 42 Lettered
654 1654 60 30 on
742 1653 142 31 cover:
941 1642 247 41 Chemical
1213 1644 317 48 composition
1559 1644 52 41 of
1637 1644 129 41 food.

335 1713 51 51 ©
416 1716 109 40 Jan.
555 1716 39 46 5,
625 1714 115 41 1930;
795 1715 67 40 2c.
894 1715 109 40 Jan.
1033 1714 70 48 22,
1133 1714 113 41 1932;
1305 1714 81 40 aff.
1418 1715 109 40 Jan.
1557 1714 56 41 28;
1672 1715 41 39 A
1743 1714 146 41 51069;
1947 1715 47 40 C.
2027 1715 56 40 N.
2114 1712 204 50 Kinney,

402 1773 97 40 Des
529 1772 197 40 Moines.
799 1771 278 48 (32-19247)

327 1888 259 66 Lincoln,
611 1889 220 64 Joseph
861 1888 243 66 Crosby,
1135 1889 170 56 1870-

396 1965 168 55 Head
595 1965 135 70 tide,
762 1968 75 67 by
871 1967 216 67 Joseph
1122 1967 61 55 C.
1216 1965 256 54 Lincoln.
1548 1967 137 53 New
1721 1967 162 54 York
1916 1969 111 52 and
2062 1970 255 52 London.

327 2046 70 53 D.
425 2045 297 67 Appleton
750 2046 112 52 and
890 2063 296 50 company,
1216 2048 151 52 1932.

397 2130 574 51 3 p. l. , 387, [1] p. 20 ᶜᵐ.
336 2199 51 50 ©
417 2204 115 45 July
558 2202 70 45 29,
658 2201 112 41 1932;
828 2202 66 39 2c.
925 2204 94 37 and
1050 2201 81 40 aff.
1162 2202 118 47 Aug.
1311 2203 24 37 1;
1394 2203 41 37 A
1463 2203 143 39 53384;
1666 2204 57 39 D.
1753 2204 239 46 Appleton
2022 2205 36 38 &
2087 2216 66 28 co.

411 2258 280 50 (32-19271)

329 2374 176 66 Lohr,
533 2376 200 52 Lenox
761 2374 187 66 Riley,
979 2380 171 51 1891-

397 2451 1922 71 Magazine publishing, by Lenox R. Lohr … Baltimore, The
328 2528 288 54 Williams
644 2528 44 51 &
714 2527 252 56 Wilkins
994 2547 297 51 company,
1323 2532 151 51 1932.

400 2614 1001 49 xiv, 328 p. illus., plates, diagrs. 21 ᶜᵐ.
401 2671 373 48 Bibliography:
805 2681 43 38 p.
876 2670 216 43 303-304.

337 2739 51 51 ©
418 2743 115 47 July
558 2743 70 47 21,
657 2742 140 48 1932;
827 2744 67 40 2c.
924 2745 94 39 and
1046 2744 80 40 aff.
1157 2745 115 47 July
1299 2744 83 48 25;
1412 2745 42 38 A
1481 2744 169 49 53242;
1682 2746 241 40 Williams
1953 2746 37 40 &
2016 2745 208 41 Wilkins
2253 2757 66 30 co.

413 2799 278 49 (32-19137)

331 2914 347 66 McKinney,
706 2915 253 55 William
987 2918 191 64 Mark,
1206 2919 83 51 ed.

400 2991 139 54 New
566 2992 323 55 California
913 2995 199 67 digest.
1191 2994 298 69 Compiled
1511 2996 181 52 under
1714 2998 97 51 the
1833 2996 265 53 editorial
332 3016 1959 105 supervision

552 3071 63 51 of
648 3070 260 55 William
943 3074 78 53 M.
1058 3073 346 68 McKinney,
1439 3074 313 69 managing
1786 3076 201 66 editor,
2024 3078 54 53 J.
2117 3076 198 55 Oliver

332 3146 220 52 Tucker.
644 3164 51 38 v.
731 3152 78 48 16.
849 3148 341 54 Mechanics’
1222 3151 159 68 liens,
1415 3154 26 65 §
1479 3156 96 48 141
1609 3158 61 47 to
1699 3153 320 69 Municipal
332 3173 1959 117 corporations,

557 3225 26 65 §
640 3229 117 48 211.
835 3225 117 55 San
1007 3229 321 67 Francisco,
1384 3231 582 70 Bancroft-Whitney
2020 3251 295 51 company,

335 3304 151 51 1932.

435 3388 311 49 v, 729 p. 26 ᶜᵐ.
339 3453 51 51 ©
417 3459 117 47 Aug.
563 3459 69 47 22,
660 3459 139 47 1932;
829 3459 67 43 2c.
924 3463 94 38 and
1046 3462 80 39 aff.
1155 3463 119 48 Aug.
1303 3462 81 50 27;
1414 3464 41 39 A
1483 3465 169 47 54576;
1683 3467 483 49 Bancroft-Whitney
2195 3478 66 30 co.

330 3574 124 53 The
480 3576 267 65 Military
773 3595 274 47 surgeon.

401 3650 265 69 Military
710 3655 241 52 medical
996 3659 247 50 manual.
1320 3664 84 46 1st
1449 3660 81 51 ed.
1605 3662 56 51 A
1705 3667 121 46 text
1872 3663 111 50 and
2027 3664 285 51 reference

333 3725 146 54 book
519 3729 62 51 of
623 3747 160 49 army
822 3732 240 52 medical
1103 3733 257 70 training
1412 3736 167 66 (with
1622 3739 285 66 questions
1948 3740 94 51 for
334 3741 1954 132 self-examination)

759 3809 297 53 Produced
1097 3811 94 51 for
1231 3813 96 50 the
1365 3814 264 69 Military
1667 3835 242 50 surgeon
1948 3818 74 66 by
2061 3820 96 51 the
333 3821 1952 112 National

538 3885 1747 78 service publishing company. Washington, D. C. [ ᶜ1 931]
