2563 4368
1102 4141 133 49 1931

154 522 329 68 [Morrison,
511 522 206 62 Peggy]

219 600 54 50 A
317 616 132 34 man
491 597 204 52 named
738 597 157 53 Luke
963 597 74 61 [by]
1104 595 202 53 March
1350 595 137 55 Cost
1595 595 154 52 [pseud.]
1858 594 276 64 [London]

148 676 217 55 Collins
403 678 171 64 [1932]

223 746 389 50 290 p., 1 l. 21½ᶜᵐ.
225 799 1915 51 “First impression, September, 1932 … third impression, September,
153 859 156 42 1932.”

153 912 1990 53 © 1c. Nov. 17, 1932; A ad int. 17195; pubd. Sept. 19; Margaret Mackie
222 973 254 47 Morrison,
503 973 210 39 London.
785 970 250 49 (33-2073)

152 1074 219 64 Myers,
399 1073 336 54 Alexander
761 1073 155 54 John
943 1073 273 67 William,
1247 1074 170 54 1877-

221 1150 1927 70 Teaching religion creatively, by A. J. Wm. Myers … New
155 1231 161 53 York
371 1236 119 61 [etc.]
529 1231 265 66 Fleming
824 1230 78 52 H.
934 1229 198 53 Revell
1163 1247 279 49 company
1588 1231 83 65 [ᶜ1932]

220 1304 85 40 239
337 1315 42 36 p.
440 1304 128 39 illus.
597 1302 200 49 (music)
866 1302 58 41 19½ᶜᵐ.

223 1361 226 39 Includes
476 1358 389 49 bibliographies.

159 1412 1989 51 © Dec. 17, 1932; 2c. and aff. Dec. 20; A 58478; Fleming H. Revell co.
236 1471 219 49 (33-821)

155 1574 279 53 National
464 1574 315 53 industrial
808 1574 346 54 conference
1183 1574 201 55 board.

225 1651 121 52 The
385 1649 360 69 availability
783 1649 63 53 of
885 1649 152 54 bank
1076 1649 196 53 credit.
1349 1650 138 53 New
1529 1650 180 69 York,
1749 1650 274 53 National
155 1651 1971 130 industrial

426 1726 329 54 conference
783 1727 197 66 board,
1009 1727 126 67 inc.,
1165 1729 151 51 1932.

221 1800 1015 49 xiv, 146 p. illus. (map.) diagrs. 23 ᶜᵐ.
229 1855 311 48 Supplement
575 1857 95 38 and
707 1855 315 48 complement
1058 1855 53 40 of
1145 1856 82 40 the
1261 1854 204 41 Board’s
1501 1855 130 42 “The
1664 1855 216 48 banking
1913 1855 238 42 situation

156 1912 49 38 in
235 1912 81 40 the
346 1912 179 40 United
559 1911 192 40 States”
782 1911 252 48 published
1068 1911 50 40 in
1146 1911 129 48 May,
1307 1910 127 42 1932.
1496 1912 63 47 cf.
1591 1911 130 41 Pref.

161 1966 1851 52 © Dec. 12. 1932; 2c. and aff. Dec. 28; A 57624; Natl. industrial
228 1979 1908 88 conference
449 2027 163 45 board,
641 2026 90 39 inc.
803 2024 220 49 (33-924)

157 2128 150 65 Neil,
337 2129 233 53 Arthur
600 2129 243 53 Fowler.

230 2204 1861 68 Forty years of man-hunting, by Arthur Fowler Neil …
159 2281 254 67 London,
441 2280 280 68 Jarrolds,
746 2280 240 69 limited,
1015 2283 149 50 1932.

230 2351 1379 49 5 p. l., 15-288 p. front., plates, ports., facsims. 24 ᶜᵐ.
165 2406 1992 55 © 1c. Dec. 17, 1932; A ad int. 17263; pubd. Oct. 21; A. F. Neil, London.
243 2467 249 47 (33-2044)

162 2566 260 67 Nichols,
451 2569 304 65 Beverley,
787 2575 171 49 1899-

294 2645 1863 73 … For adults only; illustrations by Joyce Dennys. London,
162 2721 56 53 J.
247 2720 155 69 Cape
435 2724 172 64 [1932]

232 2793 712 48 2 p. l., 7-222 p. illus. 20 ᶜᵐ.
238 2849 284 40 Illustrated
555 2851 98 46 t.-p.

171 2907 1988 59 © 1c. Dec. 22, 1932; A ad int. 17294; pubd. Oct. 24; Doubleday, Doran
299 2969 1055 52 & co., inc., Garden City, N. Y. (33-2441)
167 3068 337 67 Nicholson,
533 3071 238 64 Sydney
799 3073 191 65 Hugo,
1024 3075 170 54 1875-

239 3144 205 63 Quires
473 3146 111 52 and
614 3146 186 68 places
830 3149 184 53 where
1043 3149 135 70 they
1207 3152 144 67 sing,
1379 3151 75 69 by
1484 3151 231 70 Sydney
1745 3154 78 54 H.
1854 3152 306 57 Nicholson

231 3222 1203 73 … London, G. Bell and sons, ltd., 1932.
237 3292 97 48 xiv,
370 3293 85 40 280
490 3304 43 37 p.
597 3294 163 49 front.,
797 3296 128 40 illus.
954 3297 133 47 (incl.
1122 3300 178 48 music)
1346 3300 216 42 facsims.
1591 3301 133 49 (incl.
1761 3304 180 48 music)
2012 3305 59 40 20½ᶜᵐ.

178 3349 15 47 (Half-title:
502 3351 146 39 Bell’s
674 3351 204 41 musical
903 3353 349 50 publications)

241 3407 224 39 Includes
496 3417 28 29 a
553 3406 241 41 facsimile
827 3410 338 46 reproduction
1197 3412 51 39 of
1278 3413 217 47 portions
1525 3415 52 39 of
1608 3416 128 40 “The
1767 3417 163 40 Booke
1960 3418 52 40 of
170 3429 1973 72 common

309 3462 165 48 praier
501 3464 158 39 noted.
690 3463 156 42 1550.”
904 3466 101 40 The
1034 3469 97 45 t.-p.
1162 3469 95 39 and
1288 3471 232 47 colophon
1549 3482 85 29 are
1663 3474 297 46 reproduced
1989 3486 60 28 on
2079 3476 82 39 the

171 3520 132 46 plate
323 3519 168 47 facing
511 3530 43 37 p.
577 3519 85 40 260;
714 3521 82 39 the
818 3520 195 49 preface
1037 3535 58 28 on
1119 3534 43 37 p.
1187 3524 85 40 149;
1324 3526 82 40 the
1429 3528 222 39 notation
1676 3529 52 40 of
1749 3530 83 40 the
1856 3531 305 41 communion

171 3574 183 41 service
378 3586 59 28 on
462 3586 43 37 p.
529 3575 217 41 261-273.

617 3632 321 48 Bibliography: p. 255-259.
178 3696 1986 57 © 1c. Dec. 30, 1932; A ad int. 17306; pubd. Nov. 3; S. H. Nicholson,
247 3755 320 48 Chislehurst,
594 3755 143 46 Kent,
766 3756 234 46 England.
1073 3756 249 50 (33-2050)

175 3858 182 55 Omar
384 3859 336 64 Khayyām.

245 3934 121 54 The
403 3934 291 67 Rubáiyát
727 3934 63 52 of
826 3933 174 55 Omar
1036 3937 323 70 Khayyám,
1395 3939 369 55 translations
1800 3941 74 68 by
1911 3941 254 55 Edward

178 4010 343 54 FitzGerald
552 4012 112 52 and
692 4010 68 53 E.
790 4012 78 56 H.
895 4012 311 56 Whinfield
1236 4015 114 53 and
1377 4016 96 54 the
1500 4035 164 50 prose
1691 4017 222 55 version
1944 4019 63 52 of
2034 4019 130 54 Jus-
