2563 4368
1318 4040 133 56 1658

356 421 253 65 Elmore,
641 422 238 53 Ernest.

425 498 120 52 The
571 497 221 53 baboon
820 498 113 52 and
961 498 95 51 the
1082 496 192 67 fiddle,
1303 514 31 34 a
1362 495 165 52 novel
1554 494 74 68 by
1656 496 209 51 Ernest
1891 495 245 53 Elmore.
356 494 1968 149 London,
513 576 187 53 Hurst
728 579 45 50 &
804 575 281 67 Blackett,
1115 575 102 54 ltd.
1255 577 171 64 [1932]

425 647 274 51 288 p. 19 ᶜᵐ.
361 715 1975 106 © 1c. Nov. 12, 1932; A ad int. 17066; pubd. Sept. 16; E. Elmore, Keswick, Cumberland, England. (32-33291)
361 880 228 63 Foster,
620 879 226 63 George
877 879 61 54 C.

430 952 1920 71 Walls whisper, by Geo. C. Foster … London, Chapman
364 1035 113 53 and
504 1035 161 64 Hall,
693 1034 104 54 ltd.
832 1036 173 65 [1932]

430 1103 484 50 3 p. l., 353 p. 19½ᶜᵐ.
368 1174 1991 52 © 1c. Nov. 10, 1932; A ad int. 17046; pubd. Sept. 13; G. C. Foster.
436 1235 210 39 London.
719 1233 279 49 (32-32918)

366 1337 207 66 Grant,
604 1337 208 54 Elliott
841 1337 328 65 Mansfield,
1197 1337 84 53 ed.

439 1414 224 53 French
688 1420 202 62 poetry
913 1414 63 54 of
1000 1415 95 53 the
1118 1415 329 53 nineteenth
1473 1419 252 63 century,
1748 1414 241 53 selected
2014 1413 113 54 and
2151 1412 209 66 edited,

373 1490 1924 70 with introductions and critical notes, by Elliott M. Grant …
371 1568 139 54 New
540 1569 180 67 York,
748 1570 119 53 The
897 1568 335 55 Macmillan
1262 1588 296 49 company,
1588 1573 151 50 1932.

512 1642 1852 49 xv, [1], 493 p. front. (port.) 20½ ᶜᵐ. (Lettered on cover; Progressive
376 1700 187 41 French
597 1700 174 47 series)

375 1752 52 53 ©
458 1758 118 39 Nov.
608 1758 39 46 1,
678 1756 112 41 1932;
851 1757 67 39 2c.
951 1758 95 38 and
1078 1756 80 40 aff.
1190 1757 119 39 Nov.
1340 1757 25 38 2;
1426 1757 41 38 A
1499 1757 143 40 56832;
1701 1756 284 42 Macmillan
2017 1767 67 29 co.

453 1812 279 49 (32-31580)

372 1914 289 66 Harding,
692 1915 182 53 Louis
903 1914 190 56 Allen.

441 1990 273 69 Heating,
749 1990 338 54 ventilation
1121 1991 112 53 and
1266 1990 85 53 air
1385 1988 417 70 conditioning;
1840 2010 31 33 a
1906 1990 282 54 reference

375 1988 1986 224 book for engineers, architects and contractors, by Louis Allen Harding … and
745 2142 1621 70 Arthur Cutts Willard … 2d ed., 2d printing, rev.
377 2220 135 53 New
551 2221 178 66 York,
762 2222 54 52 J.
852 2220 188 68 Wiley
1075 2223 45 49 &
1156 2238 144 51 sons,
1336 2220 103 54 inc.;
1509 2221 256 67 London,
1800 2221 297 67 Chapman
2131 2222 45 50 &
2210 2220 160 69 Hall,

376 2295 238 68 limited,
644 2300 149 49 1932.

482 2367 1888 51 x, 963 p. incl. illus., tables, plans, diagrs. (part fold.) 23½ ᶜᵐ. $10.00
448 2424 1919 50 Previously published as vol. I of “Mechanical equipment of buildings”
379 2482 153 39 under
566 2482 107 40 title
708 2482 244 47 “Heating
985 2483 95 39 and
1115 2481 332 41 ventilation”.

385 2537 52 52 ©
468 2542 101 40 Oct.
599 2541 68 45 22,
699 2542 112 39 1932;
870 2542 67 40 2c.
968 2542 95 38 and
1093 2541 81 40 aff.
1207 2542 101 39 Oct.
1338 2540 56 41 27;
1453 2541 41 38 A
1524 2541 142 40 55703;
1727 2542 50 37 L.
1808 2541 54 39 A.
1894 2540 236 48 Harding,
2163 2539 209 42 Buffalo.

453 2598 55 39 N.
538 2599 67 46 Y.,
635 2599 95 38 and
759 2598 188 39 Arthur
975 2598 141 40 Cutts
1145 2597 220 47 Willard,
1398 2598 211 46 Urbana,
1641 2598 74 38 Ill.
1787 2597 278 48 (32-31547)

382 2697 364 68 Henderson,
779 2700 340 66 Archibald,
1153 2701 168 55 1877-

457 2777 261 52 Bernard
746 2777 189 66 Shaw,
962 2777 250 68 playboy
1238 2779 112 52 and
1378 2778 263 67 prophet,
1666 2778 76 66 by
1768 2777 318 53 Archibald
387 2776 1960 130 Henderson.

569 2854 371 54 Authorized.
1003 2855 139 52 New
1169 2855 178 66 York,
1376 2855 258 67 London,
1661 2855 71 52 D.
1762 2854 295 67 Appleton
2085 2854 112 53 and
388 2871 1961 128 company,
591 2935 150 50 1932.

465 3002 1694 51 xxxii, 871, [1] p. front., illus., plates, ports., facsims. 23½ ᶜᵐ.
391 3056 52 52 ©
475 3061 102 39 Oct.
604 3062 69 46 31,
705 3060 139 47 1932;
876 3060 66 41 2c.
975 3062 94 38 and
1100 3060 80 39 aff.
1211 3061 117 39 Nov.
1359 3061 52 46 2;
1445 3061 40 38 A
1515 3060 169 47 56831;
1718 3061 57 40 D.
1806 3060 236 48 Appleton
2075 3064 36 41 &
2141 3069 65 29 co.

470 3116 277 48 (32-31584)

387 3217 1986 69 Housing America, by the editors of “Fortune” … New York,
460 3296 1192 68 Harcourt, Brace and company [ ᶜ19 32]
464 3368 1451 50 5 p. l., 3-159 p. front., illus. (incl. plans) plates. 22 ᶜᵐ.
396 3422 52 52 ©
481 3427 101 39 Oct.
613 3425 69 47 27,
714 3424 112 41 1932;
887 3425 66 40 2c.
985 3426 94 38 and
1112 3425 82 40 aff.
1227 3426 101 40 Oct.
1359 3427 55 39 31;
1475 3427 40 38 A
1548 3425 142 41 56802;
1752 3427 259 45 Harcourt,
2045 3427 152 38 Brace
2226 3426 38 40 &
2297 3436 51 30 co.,

463 3483 89 39 inc.
624 3480 276 48 (32-28088)

391 3583 266 66 Hughes,
684 3585 130 64 Ray
841 3584 251 65 Osgood,
1125 3585 168 55 1879-

463 3657 1917 71 Fundamentals of economics, by R. O. Hughes … Boston,
394 3735 1319 69 New York [etc.] Allyn and Bacon [ ᶜ19 32]
461 3805 1196 50 xvi p., 1 l., 507 p. front., illus., diagrs. 19½ ᶜᵐ.
464 3862 293 41 “Reference
785 3862 176 41 books”;
1021 3874 43 37 p.
1092 3861 218 42 495-498.

399 3918 52 52 ©
490 3922 101 41 Oct.
627 3922 69 49 25,
733 3923 139 46 1932;
911 3923 67 41 2c.
1017 3923 94 43 and
1150 3921 80 41 aff.
1269 3921 101 40 Oct.
1408 3922 82 45 31;
1531 3922 40 38 A
1609 3920 169 48 56792;
1818 3921 143 49 Allyn
2000 3921 35 39 &
2073 3922 177 38 Bacon.
2327 3915 54 52 [©

464 3978 210 44 Changes]
762 3979 278 43 (32-31447)
