2563 4368
1385 4069 102 53 768

544 521 1001 52 x p., 1 l., 231 p. illus. 24ᶜᵐ. $2.75
510 594 374 49 Bibliography:
919 604 43 38 p.
995 593 60 41 vi.

450 663 52 52 ©
536 669 113 46 May
681 668 68 43 12,
784 666 140 47 1932;
959 666 66 40 2c.
1060 667 95 39 and
1188 665 81 41 aff.
1305 667 113 46 May
1450 666 82 45 14;
1568 665 40 38 A
1642 664 170 47 52001;
1848 666 182 39 Homer
2063 665 47 40 C.
2147 664 289 47 Washburn,

518 725 224 39 Boulder.
774 724 112 45 Col.,
917 725 94 37 and
1043 723 113 40 Carl
1186 723 44 39 J.
1259 723 231 45 Klemme,
1522 722 272 46 Lafayette,
1827 723 104 38 Ind.

527 780 280 49 (32-13426)

442 881 394 65 Washington
871 883 111 52 and
1014 880 212 57 Pacific
1257 881 203 69 digest,
1491 881 267 68 covering
1788 881 77 53 all
1896 899 151 37 cases
2075 880 266 69 reported
2371 880 64 52 in

510 961 385 69 Washington
942 967 239 63 reports,
1232 963 327 66 1854-1931,
1604 957 212 58 Pacific
1862 964 274 64 reporter,
2181 961 254 52 volumes

516 1043 186 60 1-300,
735 1041 111 52 and
878 1041 78 51 all
984 1040 63 52 of
1075 1040 95 52 the
1201 1037 211 57 Pacific
1442 1044 171 49 states
1644 1044 222 63 reports
1897 1038 152 54 from
2080 1039 96 53 the
2206 1039 228 53 earliest

512 1117 1921 69 times … Compiled and edited by the publisher’s editorial
514 1195 134 56 staff.
738 1217 51 33 v.
821 1200 184 49 11-13.
1085 1196 82 55 St.
1196 1198 166 66 Paul,
1386 1198 161 55 West
1572 1196 335 70 publishing
1934 1216 96 49 co.,
2059 1200 149 50 1932.

514 1272 276 41 3 v 26 ᶜᵐ .
783 1352 115 29 CONTENTS.—v.
926 1339 71 41 11.
1025 1340 235 41 Criminal
1286 1342 108 46 law,
1422 1341 24 38 1
1474 1343 49 38 to
1547 1340 205 40 904.—v.
1782 1339 71 42 12.
1882 1340 234 41 Criminal
2141 1341 108 48 law,
2277 1341 89 40 905
2390 1344 48 38 to

445 1401 167 40 end.—
614 1410 46 29 v.
689 1398 70 41 13.
788 1398 462 48 Crops-Discovery.

451 1466 51 52 ©
533 1472 112 46 May
673 1471 69 46 24,
771 1468 113 41 1932;
942 1469 68 40 2c.
1038 1470 118 38 each
1184 1469 125 39 June
1338 1469 54 38 11;
1451 1467 107 42 affs.
1589 1469 126 39 June
1744 1468 54 40 13;
1858 1470 40 38 A
1926 1468 319 41 52492-52494;
2304 1470 133 40 West

518 1528 109 48 pub.
660 1538 68 29 co.

444 1631 199 63 Webb,
672 1633 139 52 Mrs.
840 1630 170 54 Anne
1039 1629 265 56 Kidwell.

512 1720 368 53 Prohibition
917 1720 112 53 and
1067 1738 162 49 man;
1273 1738 31 34 a
1343 1720 200 53 drama
1583 1718 64 54 of
1685 1720 195 53 saloon
1920 1721 158 68 days,
2120 1720 113 54 and
2275 1738 32 36 a
435 1738 1976 114 romance

652 1798 64 53 of
737 1797 356 69 prohibition
1115 1799 141 67 days
1277 1797 312 54 combined.
1649 1797 56 53 A
1727 1796 279 71 gripping
2028 1801 158 66 story
2207 1797 231 70 dealing

442 1876 141 54 with
619 1876 95 53 the
751 1876 365 53 underworld
1154 1876 112 52 and
1302 1875 95 53 the
1438 1875 184 54 forces
1660 1875 65 52 of
1762 1875 373 70 prohibition,
2173 1876 125 53 who
2341 1894 94 36 are

442 1952 1931 70 combatting this lawlessness. By Anne Kidwell Webb …
447 2030 1684 69 [Des Moines, Wallace-Homestead co., printers, ᶜ1 932]
508 2105 97 47 xvi,
633 2104 144 41 9-291
803 2114 42 38 p.
902 2114 76 39 pl.,
1007 2105 122 47 port.
1185 2103 116 41 20ᶜᵐ.

451 2173 51 52 ©
530 2179 114 45 May
671 2177 68 47 10,
768 2176 112 41 1932;
936 2176 67 41 2c.
1033 2178 114 46 May
1172 2176 54 39 21;
1285 2176 81 41 aff.
1397 2178 113 46 May
1537 2176 54 41 23;
1650 2178 40 38 A
1719 2177 146 41 51448;
1919 2178 54 40 A.
2002 2178 59 42 K.
2091 2177 161 42 Webb.
517 2178 1899 103 Bonaparte,

726 2244 41 28 Ia.
838 2232 279 49 (32-13680)

449 2337 453 65 Westermarck,
931 2337 238 53 Edvard
1197 2336 355 66 Alexander,
1583 2341 171 51 1862-

513 2424 1922 71 Ethical relativity, by Edward Westermarck … New York,
440 2501 1189 71 Harcourt, Brace and company [ ᶜ1 932]
511 2575 1921 51 xviii, 301 p. 22 ᶜᵐ . (Half-title: International library of psychology,
440 2632 288 47 philosophy
755 2634 95 38 and
879 2632 234 41 scientific
1140 2632 219 49 method)

511 2689 40 38 A
586 2689 197 40 further
817 2689 333 47 development
1184 2689 52 39 of
1269 2689 81 40 the
1388 2688 218 41 author’s
1639 2689 102 41 The
1777 2688 157 48 origin
1969 2690 96 40 and
2102 2688 332 50 development

441 2745 51 38 of
518 2745 81 40 the
626 2745 154 40 moral
806 2745 136 40 ideas.
1013 2746 61 47 cf.
1100 2744 130 42 Pref.

451 2812 51 52 ©
534 2818 112 46 May
676 2816 67 50 12,
774 2816 113 40 1932;
946 2817 65 40 2c.
1043 2819 94 38 and
1167 2815 80 43 aff.
1280 2819 113 46 May
1422 2817 81 48 16;
1536 2819 40 38 A
1606 2818 170 48 51326;
1810 2819 259 47 Harcourt,
2101 2819 153 39 Brace
2285 2819 38 39 &
2351 2827 81 38 co.,

518 2873 91 41 inc.
680 2873 279 48 (32-13439)

443 2976 288 65 Wheeler,
759 2977 178 54 Janet
966 2978 70 55 D.

513 3065 174 53 Billie
719 3067 253 68 Bradley
1003 3068 257 69 winning
1289 3069 96 53 the
1414 3070 240 68 trophy;
1691 3088 79 50 or,
1806 3070 240 69 Scoring
2078 3070 226 69 against
2333 3070 100 68 big

444 3144 1989 72 odds, by Janet D. Wheeler … New York, Cupples & Leon
442 3226 504 63 company [ ᶜ1 932 ]
514 3294 1580 53 2 p. l., 206 p. front. 19½ ᶜᵐ . [Her Billie Bradley series]
451 3361 51 51 ©
531 3366 113 47 May
672 3366 69 47 17,
770 3366 113 40 1932;
940 3365 68 41 2c.
1036 3369 94 38 and
1161 3367 81 41 aff.
1271 3369 113 46 May
1412 3368 58 40 26;
1525 3369 41 38 A
1595 3368 142 41 52178;
1798 3369 205 48 Cupples
2034 3370 36 39 &
2098 3369 128 40 Leon
2255 3379 67 32 co.

527 3421 279 50 (32-13782)

444 3525 279 66 Whitley,
753 3527 254 54 William
1037 3527 276 56 Thomas.

513 3614 1918 74 Gilbert Stuart, by William T. Whitley … Cambridge,
441 3689 190 68 Mass.,
657 3692 273 52 Harvard
958 3694 316 67 university
1301 3712 173 50 press,
1503 3699 150 50 1932.

512 3763 1160 51 xiv p., 2 l., [3]-240 p. front., ports. 25½ ᶜᵐ .
514 3833 374 50 Bibliography:
921 3846 43 37 p.
1011 3835 233 51 [225]-228.

452 3899 51 52 ©
530 3905 113 47 May
669 3906 67 47 14,
762 3905 114 41 1932;
930 3907 68 40 2c.
1024 3909 113 46 May
1162 3908 58 41 18;
1274 3909 82 41 aff.
1384 3910 112 47 May
1522 3909 55 40 19;
1633 3911 40 38 A
1700 3909 145 42 52068;
1899 3910 253 41 President
2178 3917 37 40 &
2241 3911 189 40 fellows

519 3961 51 40 of
598 3961 228 42 Harvard
856 3965 190 48 college,
1079 3963 297 50 Cambridge,
1409 3967 145 40 Mass.
1626 3966 277 50 (32-13585)
