2563 4368
1102 4041 98 55 175

140 436 320 66 Spratling,
490 434 273 56 William.

275 502 1861 72 … Little Mexico. New York, J. Cape & H. Smith [1932]
215 577 1729 58 5 p. l., [3]-198 p. incl. illus., pl., ports, front. (ports.) 22½ᶜᵐ.
216 657 63 40 At
314 657 123 39 head
474 654 52 41 of
562 653 106 41 title:
734 654 71 46 By
841 651 215 41 William
1093 650 263 48 Spratling,
1392 649 119 39 with
1546 648 236 49 portraits
1819 649 96 39 and
147 648 1976 105 decorations
300 714 61 45 by

388 713 80 37 the
495 711 190 44 author,
711 709 244 39 foreword
981 710 61 44 by
1068 707 151 47 Diego
1246 707 194 38 Rivera.

155 779 50 52 ©
248 782 107 40 Feb.
395 783 39 44 8,
475 781 138 44 1932;
655 780 64 39 2c.
760 780 94 38 and
894 778 81 39 aff.
1017 777 108 40 Feb.
1166 776 53 46 9;
1262 777 38 39 A
1338 776 170 46 48371;
1554 776 68 39 W.
1667 774 262 49 Spratling,
1968 775 176 46 Taxco,

218 839 252 45 Guerrero,
497 836 200 40 Mexico.
762 834 250 49 (32-4493)

141 937 195 66 Stiles,
363 939 187 63 Percy
580 937 379 64 Goldthwait,
992 938 170 53 1875-

215 1016 235 52 Human
493 1014 358 69 physiology,
894 1033 28 33 a
966 1013 295 53 text-book
1304 1012 94 53 for
1437 1010 140 69 high
1620 1009 219 55 schools
1881 1010 115 54 and
147 1010 1974 152 colleges,
346 1092 73 69 by

148 1088 1974 151 Percy Goldthwait Stiles … 6th ed., rev. Philadelphia and London,
756 1170 88 54 W.
882 1170 67 51 B.
988 1168 288 55 Saunders
1309 1184 297 50 company,
1643 1168 152 51 1932.

216 1241 1026 52 2 p. l., 3-448 p. illus., diagrs. 20½ᶜᵐ.
220 1314 343 48 “Suggestions
589 1313 79 40 for
695 1312 254 40 collateral
979 1310 229 49 reading”:
1266 1321 43 37 p.
1336 1310 218 40 435-439.

156 1381 50 52 ©
240 1385 109 41 Feb.
382 1384 28 40 6,
451 1383 113 41 1932;
625 1381 66 42 2c.
725 1383 110 39 Feb.
866 1381 29 40 9;
953 1381 82 41 aff.
1068 1382 111 41 Feb.
1211 1382 55 38 11;
1328 1381 41 38 A
1399 1380 148 41 48406;
1606 1381 71 40 W.
1711 1382 54 39 B.
1801 1380 247 41 Saunders
2079 1389 68 31 co.

234 1439 250 50 (32-4312)

145 1546 260 62 Surtees,
436 1544 221 53 Robert
685 1542 214 64 Smith,
933 1547 324 51 1805-1864.

216 1623 122 54 The
374 1622 193 67 jaunts
603 1625 112 51 and
751 1621 235 67 jollities
1023 1623 63 53 of
1122 1623 126 52 that
1286 1623 301 52 renowned
1624 1619 265 68 sporting
1925 1619 223 67 citizen,

145 1700 111 53 Mr.
306 1701 158 54 John
511 1700 272 54 Jorrocks
833 1701 63 52 of
949 1699 82 55 St.
1083 1700 252 66 Botolph
1387 1700 127 53 lane
1563 1701 113 52 and
1726 1705 164 60 great
1939 1699 207 55 Coram

147 1784 187 60 street,
368 1778 76 66 by
481 1779 66 52 R.
590 1778 56 55 S.
689 1778 254 66 Surtees;
985 1778 139 53 with
1163 1777 381 55 illustrations
1581 1779 62 52 in
1678 1778 358 54 water-color
2071 1778 74 66 by

147 1856 236 55 Gordon
430 1856 144 54 Ross
623 1858 112 52 and
785 1875 71 34 an
903 1855 390 54 introduction
1340 1857 75 65 by
1461 1856 72 52 A.
1585 1856 253 54 Edward
1888 1856 256 53 Newton.

147 1935 138 51 New
315 1934 179 63 York,
523 1934 122 53 The
672 1934 250 54 Limited
951 1934 244 54 editions
1223 1933 146 65 club,
1400 1938 147 50 1932.

222 2002 1527 53 xvii, [1], 218, [1] p., 1 l. col. front., col. plates. 26 ½ᶜᵐ .
220 2074 127 41 Title
376 2073 49 40 in
454 2074 82 40 red
565 2074 96 40 and
688 2072 153 43 black.

223 2128 1926 50 “Of this edition … fifteen hundred copies have been printed by D. B.
158 2186 198 48 Updike,
385 2186 81 40 the
496 2186 334 48 Merrymount
858 2197 150 36 press,
1038 2186 198 47 Boston,
1264 2186 78 40 for
1372 2188 81 39 the
1485 2186 233 40 members
1749 2186 52 40 of
1829 2187 82 40 the
1941 2186 206 41 Limited

154 2241 1884 49 editions club, this being … copyright copy signed by Gordon Ross.”
223 2299 128 40 “The
390 2299 251 47 following
678 2309 176 37 papers
895 2309 125 31 were
1062 2298 256 48 published
1357 2299 51 40 in
1449 2301 81 39 the
1571 2300 118 40 New
1731 2299 220 48 sporting
154 2309 1977 91 magazine,

307 2355 215 40 between
559 2355 81 40 the
677 2355 192 40 months
907 2355 52 40 of
996 2354 128 48 July,
1165 2354 126 48 1831,
1331 2357 95 39 and
1469 2354 290 49 September,
1800 2354 351 43 1834.”—Pref.

154 2413 48 38 to
228 2412 81 40 the
336 2411 78 40 1st
437 2412 72 39 ed.

225 2466 230 49 Running
480 2467 108 41 title:
646 2467 242 41 Jorrocks’
916 2467 170 48 jaunts
1115 2469 96 40 and
1237 2467 219 49 jollities.

162 2533 50 52 ©
246 2538 109 39 Jan.
387 2538 70 47 20,
489 2537 114 41 1932;
663 2539 66 39 2c.
764 2540 95 38 and
892 2539 81 40 aff.
1008 2539 109 41 Feb.
1152 2541 81 45 17;
1269 2540 42 38 A
1339 2540 170 46 47688;
1547 2540 208 40 Limited
1789 2540 213 40 editions
2031 2538 123 47 club,

228 2593 89 41 inc.
381 2591 70 53 [©
484 2595 327 40 illustrations
845 2597 94 39 and
972 2596 345 49 introduction]
1391 2597 249 47 (32-4892)

150 2695 194 66 Swift,
372 2697 274 55 Fletcher
673 2700 250 64 Harper,
955 2702 171 53 1876-

223 2773 178 54 What
434 2775 48 52 is
517 2774 115 54 this
669 2774 396 71 Opportunity
1100 2777 224 53 school?
1399 2778 55 51 A
1491 2778 170 67 study
1696 2775 65 54 of
1795 2777 97 53 the
1926 2777 228 53 Denver

155 2853 437 66 tax-supported
617 2853 328 53 institution
969 2854 64 52 of
1056 2855 128 53 that
1207 2873 180 50 name,
1411 2856 281 67 prepared
1718 2854 93 54 for
1833 2855 98 53 the

155 2854 1975 127 American
310 2929 338 53 association
678 2930 93 53 for
800 2932 163 52 adult
990 2932 300 52 education
1318 2933 76 67 by
1423 2932 264 53 Fletcher
1714 2933 234 68 Harper
1978 2931 179 57 Swift

155 3007 1974 128 … and John W. Studebaker … New York, American association
341 3083 93 53 for
463 3085 162 53 adult
652 3086 300 53 education
1028 3089 151 65 [ᶜ1932]

226 3156 57 41 87
313 3167 44 38 p.
417 3158 172 47 plates.
646 3158 117 41 23ᶜᵐ.

227 3225 376 50 Bibliography:
633 3239 42 37 p.
704 3228 70 40 85.

164 3292 50 52 ©
251 3297 108 39 Jan.
394 3296 69 49 22,
497 3296 141 48 1932;
674 3297 68 43 2c.
777 3300 95 38 and
905 3298 83 42 aff.
1025 3299 109 40 Feb.
1170 3299 52 47 2;
1261 3300 39 39 A
1335 3300 142 41 48241;
1544 3301 158 41 Amer.
1739 3313 128 30 assn.
1904 3301 79 41 for
2015 3302 140 40 adult

231 3354 271 40 education.
573 3354 249 50 (32-4248)

151 3451 230 65 Taylor,
411 3455 245 64 Rupert,
687 3462 170 50 1883-

223 3527 1928 77 The date of Love’s labour’s lost, by Rupert Taylor … New
156 3601 176 71 York,
364 3605 298 58 Columbia
691 3610 317 68 university
1038 3629 173 50 press,
1245 3615 151 52 1932.

227 3679 784 51 viii p., 1 l., 134 p., 1 l. 21 ᶜᵐ .
229 3732 145 42 “This
410 3739 295 46 monograph
740 3743 220 44 presents
998 3742 81 40 the
1115 3742 117 40 data
1268 3742 80 41 for
1383 3743 252 49 assigning
1669 3745 81 39 the
1786 3744 211 49 original
158 3755 1977 83 composition
392 3793 51 39 of

467 3793 164 41 Love’s
656 3795 211 41 labour’s
891 3797 93 40 lost
1008 3800 50 38 to
1083 3809 128 30 some
1236 3799 116 41 time
1375 3801 148 40 about
1548 3802 81 40 the
1654 3801 181 41 middle
1860 3801 51 41 of
1935 3801 218 41 1596.”—

158 3847 128 42 Pref.

166 3914 50 52 ©
248 3919 110 41 Feb.
387 3920 38 45 1,
456 3920 138 48 1932;
625 3922 68 41 2c.
724 3923 108 40 Feb.
864 3924 51 46 2;
949 3924 82 43 aff.
1063 3925 110 41 Feb.
1200 3927 53 45 3;
1285 3927 43 38 A
1354 3927 172 47 47380;
1559 3928 251 40 Columbia
1840 3928 130 40 univ.
2002 3938 148 38 press.

242 3975 250 45 (32-4355)
