2563 4368
1299 4092 137 51 1014

364 538 1991 111 CONTENTS. — v. 17. Exchange of property-Fixtures.— v. 18. Food-Guaranty.— v. 19. Guardian
1163 599 95 39 and
1292 597 435 41 ward-Homicide.

367 656 51 51 ©
438 659 116 47 July
570 657 224 49 23,1932;
814 657 67 39 2c.
900 656 118 39 each
1038 656 119 46 Aug.
1177 655 46 48 5;
1247 654 106 40 affs.
1374 654 119 47 Aug.
1513 653 46 50 2;
1582 654 39 39 A
1639 653 340 49 53461-53463;
2001 653 134 40 West
2153 653 106 47 pub.
2282 661 67 31 co.

363 733 212 66 Oliver,
601 733 156 56 John
785 731 332 64 Rathbone,
1147 731 170 54 1872-

430 809 121 53 The
589 808 149 69 good
778 806 300 68 shepherd,
1120 825 31 33 a
1190 806 166 52 novel
1397 802 65 55 of
1502 805 196 68 Tyrol,
1739 805 76 68 by
1856 803 156 55 John
2053 802 301 55 Rathbone

361 880 1895 71 Oliver … New York, Frederick A. Stokes company, 1932.
431 956 370 50 xi, 324 p. 19½ ᶜᵐ.
368 1011 1987 54 © July 11, 1932; 2c. and aff. July 13; A 54104; Frederick A. Stokes co.
438 1070 68 53 [©
535 1084 105 29 new
666 1072 195 48 preface
887 1073 96 38 and
1011 1070 251 49 revisions]
1332 1069 278 50 (32-17672)

362 1148 233 64 Oregon
648 1146 113 52 and
811 1143 213 57 Pacific
1074 1144 205 69 digest,
1330 1142 267 70 covering
1649 1143 77 52 all
1776 1162 150 35 cases
1975 1142 266 70 reported

2293 1142 60 53 in
431 1224 230 69 Oregon
692 1229 240 64 reports,
968 1225 326 66 1853-1931,
1327 1219 212 57 Pacific
1571 1226 276 64 reporter,
1879 1223 253 51 volumes
2166 1224 187 65 1-300,

433 1304 111 52 and
580 1304 76 51 all
689 1303 64 53 of
784 1302 96 53 the
913 1300 212 56 Pacific
1157 1306 173 48 states
1360 1305 223 64 reports
1615 1300 153 53 from
1800 1301 97 52 the
1928 1299 228 54 earliest
2188 1300 165 53 times

494 1376 1858 73 … Compiled and edited by the publisher’s editorial staff,
431 1478 51 37 v.
516 1458 185 53 17-19.
778 1457 84 56 St.
890 1460 166 67 Paul,
1083 1458 161 55 West
1271 1457 335 70 publishing
1634 1476 98 51 co.,
1762 1460 150 51 1932.

430 1533 214 41 3 v . 26 ᶜᵐ.
367 1586 1993 107 CONTENTS. — v. 17. Exchange of property-Fixtures. — v. 18. Food-Guaranty.— v. 19.
882 1645 251 40 Guardian
1167 1645 95 39 and
1295 1644 435 43 ward-Homicide.

368 1700 51 51 ©
440 1704 114 46 July
572 1700 224 50 23,1932;
818 1701 65 40 2c.
904 1702 118 39 each
1041 1702 118 46 Aug.
1180 1701 46 48 5;
1248 1700 106 41 affs.
1375 1702 120 46 Aug.
1513 1701 47 49 2;
1582 1700 41 40 A
1642 1700 340 49 53467-53469;
2005 1701 134 40 West
2159 1702 106 46 pub.
2285 1711 67 30 co.

363 1775 169 66 Orth,
561 1776 266 56 Clement
854 1777 326 64 Raymond,
1208 1775 213 67 father,
1450 1778 171 51 1899-

498 1850 1861 72 … The approbation of religious institutes … by Clement
366 1929 1992 71 Raymond Orth … Washington, D. C., Catholic university of
364 2008 284 69 America,
680 2010 151 51 1931.

437 2078 1921 53 3 p. l., [5]-170 p., 1 l. 22½ᶜᵐ. (The Catholic university of America.
368 2137 196 42 Studies
588 2138 50 39 in
667 2148 153 29 canon
848 2139 108 38 law.
1016 2147 75 30 no.
1121 2136 80 49 71)

433 2195 171 39 Thesis
643 2195 63 47 (J.
765 2225 9 9 C.
834 2191 328 50 D.)—Catholic
1191 2192 271 46 university
1489 2192 53 39 of
1569 2193 236 47 America,
1836 2192 128 41 1931.

433 2250 128 40 Vita.

437 2305 349 49 Bibliography;
842 2315 45 38 p.
931 2303 235 51 [159]-161.

372 2361 51 51 ©
449 2365 126 39 June
599 2364 68 48 11,
693 2364 113 39 1931;
860 2363 66 40 2c.
954 2364 109 38 Jan.
1090 2362 69 49 23,
1186 2361 113 41 1932;
1356 2362 82 42 aff.
1465 2363 114 47 May
1605 2363 53 40 13;
1715 2364 40 37 A
1782 2362 142 41 51705;
1982 2363 220 40 Catholic
2229 2362 128 41 univ.

439 2421 51 38 of
515 2421 235 39 America.
821 2420 280 48 (32-17774)

363 2494 229 66 Powell,
627 2496 155 53 John
814 2495 366 64 Henderson,
1210 2495 75 66 jr.

437 2572 1858 68 The Ten commandments, by John Henderson Powell, jr. …
367 2651 138 53 New
533 2648 178 68 York,
736 2651 121 51 The
880 2649 335 52 Macmillan
1241 2667 296 51 company,
1565 2654 148 50 1932.

506 2753 8 16 xv,
546 2722 85 39 154
662 2731 43 37 p.
765 2720 54 41 19½ᶜᵐ.

442 2778 128 39 “The
604 2778 252 47 following
890 2788 216 29 sermons
1141 2788 126 29 were
1302 2778 239 48 preached
1577 2789 60 29 on
1672 2779 83 39 the
1789 2778 108 40 first
1931 2779 164 38 eleven
2136 2778 222 48 Sundays

371 2835 51 39 of
455 2835 82 40 the
568 2844 106 30 new
706 2844 117 37 year
855 2835 50 38 in
938 2836 82 38 the
1053 2834 261 40 Reformed
1347 2835 181 39 church
1563 2835 52 39 of
1647 2834 295 48 Bronxville,
1976 2835 116 39 New
2125 2835 235 41 York.”—

370 2891 128 41 Pref.

375 2945 51 51 ©
455 2949 126 39 June
606 2948 68 47 28,
703 2947 113 41 1932;
873 2947 66 40 2c.
969 2949 95 38 and
1091 2947 82 42 aff.
1202 2949 125 38 June
1354 2948 56 39 29;
1467 2950 40 37 A
1536 2948 142 41 52844;
1737 2949 281 40 Macmillan
2046 2960 66 29 co.

451 3005 279 48 (32-17777)

368 3075 249 62 Reason,
651 3073 197 63 Joyce.

441 3149 159 53 Bran
627 3150 96 51 the
750 3148 432 68 bronze-smith;
1214 3169 31 33 a
1273 3150 115 53 tale
1413 3153 64 51 of
1504 3151 95 53 the
1624 3152 207 52 bronze
1858 3169 102 49 age
1989 3151 59 51 in
2077 3152 95 51 the
372 3152 1961 127 British
489 3226 146 67 isles,
663 3226 75 68 by
766 3228 56 53 J.
853 3227 248 67 Reason;
1134 3226 324 54 illustrated
1485 3228 75 67 by
1589 3229 95 51 the
1715 3228 219 52 author.
2010 3228 137 53 New
2179 3228 177 60 York,

373 3304 65 53 E.
467 3306 65 51 P.
559 3305 223 52 Dutton
807 3307 46 50 &
879 3321 96 48 co.,
1004 3303 106 55 inc.
1252 3308 83 64 [ᶜ1932]

444 3376 64 48 xi,
540 3376 85 40 285
654 3386 43 36 p.
727 3376 109 41 incl.
865 3375 163 48 front.,
1059 3376 128 41 illus.
1247 3377 171 47 plates.
1477 3376 145 43 19½ᶜᵐ.

443 3434 139 46 Maps
611 3443 60 30 on
701 3432 361 48 lining-papers.

444 3489 161 41 “First
634 3488 227 41 edition.”

379 3543 51 51 ©
458 3547 115 46 July
598 3546 69 47 12,
694 3545 112 41 1932;
862 3546 67 40 2c.
957 3546 115 46 July
1098 3545 55 40 15;
1210 3545 81 41 aff.
1319 3547 115 47 July
1461 3547 56 38 14;
1572 3547 41 39 A
1640 3546 141 41 53091;
1840 3549 52 37 E.
1921 3548 51 39 P.
2001 3548 185 39 Dutton
2214 3548 36 39 &
2277 3556 80 38 co.,

444 3603 90 39 inc.
605 3601 277 49 (32-17788)

373 3663 282 64 Roenigk,
691 3664 220 63 Joseph
945 3664 72 54 A.

507 3737 1853 71 … General servicing, by J. A. Roenigk. 1st ed. New York
377 3815 110 52 and
511 3815 258 65 London,
791 3814 429 55 McGraw-Hill
1243 3813 147 55 book
1414 3834 296 50 company,
1735 3816 126 67 inc.,
1887 3818 150 52 1932.

374 3886 1967 95 viii, 91 p. illus. 28 ᶜᵐ. (Instruction manuals for automobile mechanics.
511 3942 339 41 Maintenance
881 3943 172 47 series)
1178 3941 128 50 $1.25

449 3996 71 42 On
549 4008 139 31 cover;
747 3998 348 41 McGraw-Hill
1124 3999 275 41 vocational
1427 4000 146 42 texts.
