<alto xmlns="http://www.loc.gov/standards/alto/ns-v3#" xmlns:xlink="http://www.w3.org/1999/xlink" xmlns:xsi="http://www.w3.org/2001/XMLSchema-instance" xsi:schemaLocation="http://www.loc.gov/standards/alto/ns-v3# http://www.loc.gov/alto/v3/alto-3-0.xsd"><Description>
<MeasurementUnit>pixel</MeasurementUnit>
<sourceImageInformation>
<fileName>1932_v29_part001.pdf</fileName>
</sourceImageInformation>
<OCRProcessing ID="IdOcr">
<ocrProcessingStep>
<processingDateTime>2019-04-25</processingDateTime>
<processingSoftware>
<softwareCreator>ABBYY</softwareCreator>
<softwareName>ABBYY Recognition Server</softwareName>
<softwareVersion>4.0</softwareVersion>
</processingSoftware>
</ocrProcessingStep>
</OCRProcessing>
</Description>
<Styles>
<ParagraphStyle ID="StyleId-FFFFFFFF-FFFF-FFFF-FFFF-FFFFFFFFFFFF-" ALIGN="Left" LEFT="0." RIGHT="0." FIRSTLINE="0."/>
<ParagraphStyle ID="StyleId-547D96D3-B2DE-4E86-A4BD-9DDFC275973A-" ALIGN="Left" LEFT="0." RIGHT="0." FIRSTLINE="0." LINESPACE="7.699999809"/>
<ParagraphStyle ID="StyleId-BE433B82-DF6F-491A-9872-F562FF4150C8-" ALIGN="Block" LEFT="0." RIGHT="0." FIRSTLINE="-13." LINESPACE="7.900000095"/>
<ParagraphStyle ID="StyleId-CC286467-50C5-4655-B0CF-BA365CCE0736-" ALIGN="Block" LEFT="0." RIGHT="0." FIRSTLINE="-15." LINESPACE="8.479999542"/>
<ParagraphStyle ID="StyleId-9878414D-BEDB-487D-971A-CF5ADB5C4AD2-" ALIGN="Block" LEFT="0." RIGHT="0." FIRSTLINE="-14." LINESPACE="10.92000008"/>
<ParagraphStyle ID="StyleId-EBC70DE5-3635-4BD4-B07B-05DF6EFE0022-" ALIGN="Block" LEFT="0." RIGHT="0." FIRSTLINE="-13." LINESPACE="12.19999981"/>
<ParagraphStyle ID="StyleId-8A688F83-F017-4D5D-A00A-14637016ED45-" ALIGN="Left" LEFT="0." RIGHT="0." FIRSTLINE="0." LINESPACE="9.399999619"/>
<ParagraphStyle ID="StyleId-20F0BBAE-20C6-42F4-8113-00B5C02924DC-" ALIGN="Left" LEFT="0." RIGHT="0." FIRSTLINE="0." LINESPACE="11.10000038"/>
<ParagraphStyle ID="StyleId-7AA70148-8873-4ACB-90AE-BF9322E02302-" ALIGN="Left" LEFT="0." RIGHT="0." FIRSTLINE="-13." LINESPACE="11.09000015"/>
<ParagraphStyle ID="StyleId-072EF7BA-7207-4F8B-9A7C-F564E8B4CB16-" ALIGN="Left" LEFT="0." RIGHT="0." FIRSTLINE="-14." LINESPACE="12.19999981"/>
<ParagraphStyle ID="StyleId-44303D12-21D7-4DB0-9E9F-87FA1A861DD7-" ALIGN="Block" LEFT="0." RIGHT="0." FIRSTLINE="-14." LINESPACE="10.92000008"/>
<ParagraphStyle ID="StyleId-43CF0D44-8AC2-4CD0-865F-942C78705184-" ALIGN="Block" LEFT="0." RIGHT="0." FIRSTLINE="-13." LINESPACE="12.19999981"/>
<ParagraphStyle ID="StyleId-7A298A86-29F5-413A-AEC9-078A4CC464D7-" ALIGN="Block" LEFT="0." RIGHT="0." FIRSTLINE="13." LINESPACE="12.19999981"/>
<ParagraphStyle ID="StyleId-8E4E86F7-C1F9-4A1A-B605-6B1FC1C8E9F7-" ALIGN="Left" LEFT="0." RIGHT="0." FIRSTLINE="0." LINESPACE="11.60000038"/>
<ParagraphStyle ID="StyleId-AB39791B-5ED1-444F-BEF5-2CFED1F2709A-" ALIGN="Left" LEFT="0." RIGHT="0." FIRSTLINE="-13." LINESPACE="11.09000015"/>
<ParagraphStyle ID="StyleId-C1F2EEE7-CD00-4E11-9EAD-B222287AEDA4-" ALIGN="Center" LEFT="0." RIGHT="0." FIRSTLINE="0." LINESPACE="11.10000038"/>
</Styles>
<Layout>
<Page ID="Page1938" PHYSICAL_IMG_NR="1938" HEIGHT="4368" WIDTH="2563">
<TopMargin HEIGHT="474" WIDTH="2563" VPOS="0" HPOS="0">
</TopMargin>
<LeftMargin HEIGHT="3690" WIDTH="408" VPOS="474" HPOS="0">
</LeftMargin>
<RightMargin HEIGHT="3690" WIDTH="131" VPOS="474" HPOS="2432">
</RightMargin>
<BottomMargin HEIGHT="204" WIDTH="2563" VPOS="4164" HPOS="0">
</BottomMargin>
<PrintSpace HEIGHT="3690" WIDTH="2024" VPOS="474" HPOS="408">
<TextBlock ID="Page1938_Block1" HEIGHT="70" WIDTH="156" VPOS="4094" HPOS="1332" LANG="en-US" STYLEREFS="StyleId-28AF40F7-7B47-41F7-A01D-AC8863D6C20B-">
<TextLine HEIGHT="50" WIDTH="136" VPOS="4104" HPOS="1343">
<String CONTENT="1938" HEIGHT="50" WIDTH="136" VPOS="4104" HPOS="1343"/>
</TextLine>
</TextBlock>
<TextBlock ID="Page1938_Block2" HEIGHT="3618" WIDTH="2024" VPOS="474" HPOS="408" LANG="en-US" CS="1" STYLEREFS="StyleId-CCEC0298-E07B-40BD-AF93-F9AF26904BE6-">
<TextLine HEIGHT="48" WIDTH="266" VPOS="562" HPOS="491" STYLEREFS="StyleId-F6DDCD00-ED2E-44D8-ACBD-B7C92EDBC811-" LANG="de" CS="1">
<String CONTENT="106" HEIGHT="40" WIDTH="86" VPOS="562" HPOS="491"/>
<SP HEIGHT="47" WIDTH="24" VPOS="563" HPOS="578"/>
<String CONTENT="p." HEIGHT="37" WIDTH="43" VPOS="573" HPOS="603"/>
<SP HEIGHT="38" WIDTH="54" VPOS="562" HPOS="647"/>
<String CONTENT="17" HEIGHT="40" WIDTH="55" VPOS="562" HPOS="702"/>
<String STYLE="superscript" CS="1" CONTENT="&#7580;&#7504;."/>
</TextLine>
<TextLine HEIGHT="52" WIDTH="1992" VPOS="614" HPOS="425" LANG="de">
<String CONTENT="&#169;" HEIGHT="52" WIDTH="52" VPOS="614" HPOS="425"/>
<SP HEIGHT="52" WIDTH="29" VPOS="614" HPOS="478"/>
<String LANG="en-US" CONTENT="Dec." HEIGHT="40" WIDTH="112" VPOS="619" HPOS="508"/>
<SP HEIGHT="40" WIDTH="29" VPOS="619" HPOS="621"/>
<String CONTENT="17," HEIGHT="45" WIDTH="68" VPOS="619" HPOS="651"/>
<SP HEIGHT="46" WIDTH="31" VPOS="618" HPOS="720"/>
<String CONTENT="1932;" HEIGHT="48" WIDTH="140" VPOS="616" HPOS="752"/>
<SP HEIGHT="48" WIDTH="32" VPOS="616" HPOS="893"/>
<String CONTENT="2c." HEIGHT="41" WIDTH="66" VPOS="616" HPOS="926"/>
<SP HEIGHT="30" WIDTH="32" VPOS="626" HPOS="993"/>
<String CONTENT="and" HEIGHT="38" WIDTH="96" VPOS="618" HPOS="1026"/>
<SP HEIGHT="38" WIDTH="30" VPOS="618" HPOS="1123"/>
<String CONTENT="aff." HEIGHT="42" WIDTH="81" VPOS="615" HPOS="1154"/>
<SP HEIGHT="41" WIDTH="31" VPOS="616" HPOS="1236"/>
<String LANG="en-US" CONTENT="Dec." HEIGHT="40" WIDTH="112" VPOS="616" HPOS="1268"/>
<SP HEIGHT="41" WIDTH="30" VPOS="615" HPOS="1381"/>
<String CONTENT="20;" HEIGHT="48" WIDTH="82" VPOS="615" HPOS="1412"/>
<SP HEIGHT="47" WIDTH="32" VPOS="616" HPOS="1495"/>
<!-- cceid 112304A5-6D7D-1014-B4A5-D7A31D17AB40 --><String LANG="en-US" CONTENT="A" HEIGHT="38" WIDTH="41" VPOS="616" HPOS="1528"/>
<SP HEIGHT="39" WIDTH="30" VPOS="616" HPOS="1570"/>
<String CONTENT="58476;" HEIGHT="48" WIDTH="170" VPOS="615" HPOS="1601"/>
<SP HEIGHT="48" WIDTH="34" VPOS="615" HPOS="1772"/>
<String CONTENT="Fleming" HEIGHT="50" WIDTH="220" VPOS="614" HPOS="1807"/>
<SP HEIGHT="48" WIDTH="29" VPOS="616" HPOS="2028"/>
<String CONTENT="H." HEIGHT="39" WIDTH="62" VPOS="616" HPOS="2058"/>
<SP HEIGHT="39" WIDTH="29" VPOS="616" HPOS="2121"/>
<String CONTENT="Revell" HEIGHT="41" WIDTH="167" VPOS="614" HPOS="2151"/>
<SP HEIGHT="42" WIDTH="30" VPOS="614" HPOS="2319"/>
<String CONTENT="co." HEIGHT="29" WIDTH="67" VPOS="627" HPOS="2350"/>
</TextLine>
<TextLine HEIGHT="50" WIDTH="250" VPOS="673" HPOS="503" LANG="de">
<String CONTENT="(33-1754)" HEIGHT="50" WIDTH="250" VPOS="673" HPOS="503"/>
</TextLine>
<TextLine HEIGHT="67" WIDTH="1044" VPOS="787" HPOS="423" STYLEREFS="StyleId-28AF40F7-7B47-41F7-A01D-AC8863D6C20B-" LANG="de">
<String CONTENT="Curoe," HEIGHT="67" WIDTH="205" VPOS="787" HPOS="423"/>
<SP HEIGHT="63" WIDTH="29" VPOS="791" HPOS="629"/>
<String CONTENT="Philip" HEIGHT="64" WIDTH="192" VPOS="789" HPOS="659"/>
<SP HEIGHT="62" WIDTH="29" VPOS="791" HPOS="852"/>
<String CONTENT="Raphael" HEIGHT="65" WIDTH="263" VPOS="788" HPOS="882"/>
<SP HEIGHT="53" WIDTH="28" VPOS="789" HPOS="1146"/>
<String CONTENT="V.," HEIGHT="64" WIDTH="88" VPOS="789" HPOS="1175"/>
<SP HEIGHT="59" WIDTH="32" VPOS="794" HPOS="1264"/>
<String CONTENT="1892-" HEIGHT="50" WIDTH="170" VPOS="793" HPOS="1297"/>
</TextLine>
<TextLine HEIGHT="136" WIDTH="1971" VPOS="864" HPOS="421" STYLEREFS="StyleId-28AF40F7-7B47-41F7-A01D-AC8863D6C20B-" CS="1">
<String LANG="de" CONTENT="Recent" HEIGHT="52" WIDTH="212" VPOS="868" HPOS="490"/>
<SP HEIGHT="46" WIDTH="28" VPOS="874" HPOS="703"/>
<String LANG="en-US" CONTENT="trends" HEIGHT="52" WIDTH="195" VPOS="869" HPOS="732"/>
<SP HEIGHT="54" WIDTH="26" VPOS="867" HPOS="928"/>
<String LANG="de" CONTENT="in" HEIGHT="53" WIDTH="61" VPOS="867" HPOS="955"/>
<SP HEIGHT="34" WIDTH="29" VPOS="886" HPOS="1017"/>
<String LANG="en-US" CONTENT="education," HEIGHT="68" WIDTH="317" VPOS="866" HPOS="1047"/>
<SP HEIGHT="67" WIDTH="27" VPOS="867" HPOS="1365"/>
<String LANG="en-US" CONTENT="by" HEIGHT="68" WIDTH="77" VPOS="867" HPOS="1393"/>
<SP HEIGHT="66" WIDTH="26" VPOS="869" HPOS="1471"/>
<String LANG="de" CONTENT="Philip" HEIGHT="70" WIDTH="200" VPOS="864" HPOS="1498"/>
<SP HEIGHT="65" WIDTH="28" VPOS="869" HPOS="1699"/>
<String LANG="fr" CONTENT="R." HEIGHT="53" WIDTH="68" VPOS="869" HPOS="1728"/>
<SP HEIGHT="54" WIDTH="30" VPOS="868" HPOS="1797"/>
<String LANG="de" CONTENT="V." HEIGHT="54" WIDTH="70" VPOS="868" HPOS="1828"/>
<SP HEIGHT="54" WIDTH="31" VPOS="868" HPOS="1899"/>
<String LANG="de" CONTENT="Curoe" HEIGHT="54" WIDTH="183" VPOS="868" HPOS="1931"/>
<SP HEIGHT="37" WIDTH="33" VPOS="884" HPOS="2115"/>
<String LANG="de" CS="1" CONTENT="&#8230;"/>
<SP HEIGHT="54" WIDTH="32" VPOS="867" HPOS="2207"/>
<String LANG="en-US" CONTENT="introduction" HEIGHT="133" WIDTH="1971" VPOS="867" HPOS="421"/>
</TextLine>
<TextLine HEIGHT="69" WIDTH="1729" VPOS="944" HPOS="688" STYLEREFS="StyleId-28AF40F7-7B47-41F7-A01D-AC8863D6C20B-" CS="1">
<String LANG="en-US" CONTENT="by" HEIGHT="67" WIDTH="75" VPOS="946" HPOS="688"/>
<SP HEIGHT="69" WIDTH="35" VPOS="944" HPOS="764"/>
<String LANG="de" CONTENT="Stephen" HEIGHT="69" WIDTH="252" VPOS="944" HPOS="800"/>
<SP HEIGHT="52" WIDTH="32" VPOS="947" HPOS="1053"/>
<String LANG="de" CONTENT="P." HEIGHT="52" WIDTH="65" VPOS="947" HPOS="1086"/>
<SP HEIGHT="53" WIDTH="35" VPOS="946" HPOS="1152"/>
<String LANG="en-US" CONTENT="Duggan" HEIGHT="67" WIDTH="251" VPOS="946" HPOS="1188"/>
<SP HEIGHT="34" WIDTH="37" VPOS="964" HPOS="1440"/>
<String LANG="de" CS="1" CONTENT="&#8230;"/>
<SP HEIGHT="53" WIDTH="76" VPOS="946" HPOS="1536"/>
<String LANG="de" CONTENT="New" HEIGHT="53" WIDTH="139" VPOS="946" HPOS="1613"/>
<SP HEIGHT="53" WIDTH="36" VPOS="945" HPOS="1753"/>
<String LANG="de" CONTENT="York," HEIGHT="66" WIDTH="180" VPOS="944" HPOS="1790"/>
<SP HEIGHT="64" WIDTH="32" VPOS="946" HPOS="1971"/>
<String LANG="fr" CONTENT="N." HEIGHT="53" WIDTH="71" VPOS="946" HPOS="2004"/>
<SP HEIGHT="54" WIDTH="35" VPOS="945" HPOS="2076"/>
<String LANG="de" CONTENT="Y.," HEIGHT="67" WIDTH="91" VPOS="945" HPOS="2112"/>
<SP HEIGHT="67" WIDTH="32" VPOS="945" HPOS="2204"/>
<String LANG="en-US" CONTENT="Globe" HEIGHT="55" WIDTH="180" VPOS="944" HPOS="2237"/>
</TextLine>
<TextLine HEIGHT="68" WIDTH="685" VPOS="1023" HPOS="419" STYLEREFS="StyleId-28AF40F7-7B47-41F7-A01D-AC8863D6C20B-" CS="1">
<String LANG="en-US" CONTENT="book" HEIGHT="54" WIDTH="147" VPOS="1023" HPOS="419"/>
<SP HEIGHT="54" WIDTH="27" VPOS="1024" HPOS="567"/>
<String LANG="en-US" CONTENT="company" HEIGHT="49" WIDTH="281" VPOS="1042" HPOS="595"/>
<SP HEIGHT="49" WIDTH="34" VPOS="1042" HPOS="877"/>
<String LANG="de" CONTENT="[" HEIGHT="34" WIDTH="13" VPOS="1057" HPOS="912"/>
<String STYLE="superscript" LANG="de" CS="1" CONTENT="&#7580;19"/>
<String LANG="de" CONTENT="32]" HEIGHT="63" WIDTH="83" VPOS="1028" HPOS="1021"/>
</TextLine>
<TextLine HEIGHT="50" WIDTH="285" VPOS="1095" HPOS="529" LANG="de" CS="1">
<String CS="1" CONTENT="x," HEIGHT="17" WIDTH="9" VPOS="1127" HPOS="529"/>
<SP HEIGHT="47" WIDTH="28" VPOS="1097" HPOS="539"/>
<String CONTENT="90" HEIGHT="40" WIDTH="56" VPOS="1097" HPOS="568"/>
<SP HEIGHT="48" WIDTH="26" VPOS="1097" HPOS="625"/>
<String LANG="fr" CONTENT="p." HEIGHT="38" WIDTH="44" VPOS="1107" HPOS="652"/>
<SP HEIGHT="40" WIDTH="58" VPOS="1097" HPOS="697"/>
<String CS="1" CONTENT="19&#189;" HEIGHT="41" WIDTH="58" VPOS="1095" HPOS="756"/>
<String STYLE="superscript" CS="1" CONTENT="&#7580;&#7504;."/>
</TextLine>
<TextLine HEIGHT="51" WIDTH="1866" VPOS="1150" HPOS="494">
<String CONTENT="&#8220;Designed" HEIGHT="49" WIDTH="271" VPOS="1152" HPOS="494"/>
<SP HEIGHT="39" WIDTH="26" VPOS="1154" HPOS="766"/>
<String CONTENT="to" HEIGHT="36" WIDTH="47" VPOS="1157" HPOS="793"/>
<SP HEIGHT="31" WIDTH="29" VPOS="1162" HPOS="841"/>
<String CONTENT="supplement" HEIGHT="47" WIDTH="303" VPOS="1153" HPOS="871"/>
<SP HEIGHT="39" WIDTH="27" VPOS="1154" HPOS="1175"/>
<String CONTENT="the" HEIGHT="40" WIDTH="81" VPOS="1153" HPOS="1203"/>
<SP HEIGHT="29" WIDTH="26" VPOS="1163" HPOS="1285"/>
<String CONTENT="author&#8217;s" HEIGHT="41" WIDTH="218" VPOS="1151" HPOS="1312"/>
<SP HEIGHT="39" WIDTH="26" VPOS="1151" HPOS="1531"/>
<String CONTENT="History" HEIGHT="48" WIDTH="203" VPOS="1151" HPOS="1558"/>
<SP HEIGHT="37" WIDTH="26" VPOS="1162" HPOS="1762"/>
<String CONTENT="of" HEIGHT="40" WIDTH="53" VPOS="1152" HPOS="1789"/>
<SP HEIGHT="39" WIDTH="24" VPOS="1152" HPOS="1843"/>
<String CONTENT="education.&#8221;&#8212;Pref." HEIGHT="42" WIDTH="492" VPOS="1150" HPOS="1868"/>
</TextLine>
<TextLine HEIGHT="42" WIDTH="625" VPOS="1209" HPOS="493">
<String CONTENT="Includes" HEIGHT="41" WIDTH="224" VPOS="1210" HPOS="493"/>
<SP HEIGHT="40" WIDTH="36" VPOS="1211" HPOS="718"/>
<String CONTENT="&#8220;References&#8221;." HEIGHT="42" WIDTH="363" VPOS="1209" HPOS="755"/>
</TextLine>
<TextLine HEIGHT="53" WIDTH="1910" VPOS="1263" HPOS="427">
<String CONTENT="&#169;" HEIGHT="53" WIDTH="55" VPOS="1263" HPOS="427"/>
<SP HEIGHT="53" WIDTH="26" VPOS="1263" HPOS="483"/>
<String CONTENT="Dec." HEIGHT="41" WIDTH="112" VPOS="1268" HPOS="510"/>
<SP HEIGHT="40" WIDTH="28" VPOS="1269" HPOS="623"/>
<String CONTENT="16," HEIGHT="48" WIDTH="68" VPOS="1268" HPOS="652"/>
<SP HEIGHT="47" WIDTH="30" VPOS="1269" HPOS="721"/>
<String CONTENT="1932;" HEIGHT="48" WIDTH="141" VPOS="1267" HPOS="752"/>
<SP HEIGHT="48" WIDTH="30" VPOS="1267" HPOS="894"/>
<String CONTENT="2c." HEIGHT="41" WIDTH="67" VPOS="1267" HPOS="925"/>
<SP HEIGHT="31" WIDTH="30" VPOS="1277" HPOS="993"/>
<String CONTENT="and" HEIGHT="38" WIDTH="96" VPOS="1269" HPOS="1024"/>
<SP HEIGHT="38" WIDTH="28" VPOS="1269" HPOS="1121"/>
<String CONTENT="aff." HEIGHT="41" WIDTH="83" VPOS="1266" HPOS="1150"/>
<SP HEIGHT="39" WIDTH="29" VPOS="1267" HPOS="1234"/>
<String CONTENT="Dec." HEIGHT="40" WIDTH="111" VPOS="1267" HPOS="1264"/>
<SP HEIGHT="40" WIDTH="30" VPOS="1266" HPOS="1376"/>
<String CONTENT="28;" HEIGHT="47" WIDTH="83" VPOS="1266" HPOS="1407"/>
<SP HEIGHT="45" WIDTH="31" VPOS="1268" HPOS="1491"/>
<!-- cceid 11230A8A-6D7D-1014-B4A5-D7A31D17AB40 --><String CONTENT="A" HEIGHT="38" WIDTH="41" VPOS="1268" HPOS="1523"/>
<SP HEIGHT="39" WIDTH="29" VPOS="1267" HPOS="1565"/>
<String CONTENT="57600;" HEIGHT="49" WIDTH="169" VPOS="1265" HPOS="1595"/>
<SP HEIGHT="47" WIDTH="34" VPOS="1267" HPOS="1765"/>
<String CONTENT="Globe" HEIGHT="41" WIDTH="147" VPOS="1266" HPOS="1800"/>
<SP HEIGHT="40" WIDTH="28" VPOS="1266" HPOS="1948"/>
<String CONTENT="book" HEIGHT="41" WIDTH="125" VPOS="1266" HPOS="1977"/>
<SP HEIGHT="40" WIDTH="28" VPOS="1267" HPOS="2103"/>
<String CONTENT="co.," HEIGHT="38" WIDTH="82" VPOS="1276" HPOS="2132"/>
<SP HEIGHT="46" WIDTH="30" VPOS="1268" HPOS="2215"/>
<String CONTENT="inc." HEIGHT="40" WIDTH="91" VPOS="1268" HPOS="2246"/>
</TextLine>
<TextLine HEIGHT="48" WIDTH="250" VPOS="1325" HPOS="505">
<String CONTENT="(33-1441)" HEIGHT="48" WIDTH="250" VPOS="1325" HPOS="505"/>
</TextLine>
<TextLine HEIGHT="66" WIDTH="1007" VPOS="1441" HPOS="422" STYLEREFS="StyleId-051B9F4F-D522-4A47-AA36-14249A21B2B5-">
<String CONTENT="Dallas," HEIGHT="65" WIDTH="219" VPOS="1441" HPOS="422"/>
<SP HEIGHT="62" WIDTH="26" VPOS="1444" HPOS="642"/>
<String CONTENT="Mrs." HEIGHT="51" WIDTH="140" VPOS="1444" HPOS="669"/>
<SP HEIGHT="52" WIDTH="28" VPOS="1443" HPOS="810"/>
<String CONTENT="Harriet" HEIGHT="54" WIDTH="245" VPOS="1441" HPOS="839"/>
<SP HEIGHT="64" WIDTH="35" VPOS="1443" HPOS="1085"/>
<String CONTENT="(Hughes)" HEIGHT="65" WIDTH="308" VPOS="1442" HPOS="1121"/>
</TextLine>
<TextLine HEIGHT="70" WIDTH="1864" VPOS="1518" HPOS="496" STYLEREFS="StyleId-28AF40F7-7B47-41F7-A01D-AC8863D6C20B-" CS="1">
<String CONTENT="The" HEIGHT="51" WIDTH="122" VPOS="1520" HPOS="496"/>
<SP HEIGHT="46" WIDTH="23" VPOS="1525" HPOS="619"/>
<String CONTENT="teaching" HEIGHT="69" WIDTH="266" VPOS="1519" HPOS="643"/>
<SP HEIGHT="50" WIDTH="24" VPOS="1538" HPOS="910"/>
<String CONTENT="of" HEIGHT="53" WIDTH="65" VPOS="1518" HPOS="935"/>
<SP HEIGHT="53" WIDTH="23" VPOS="1518" HPOS="1001"/>
<String CONTENT="Platonius," HEIGHT="65" WIDTH="320" VPOS="1520" HPOS="1025"/>
<SP HEIGHT="47" WIDTH="25" VPOS="1538" HPOS="1346"/>
<String CONTENT="received" HEIGHT="52" WIDTH="253" VPOS="1519" HPOS="1372"/>
<SP HEIGHT="52" WIDTH="24" VPOS="1519" HPOS="1626"/>
<String CONTENT="by" HEIGHT="68" WIDTH="77" VPOS="1519" HPOS="1651"/>
<SP HEIGHT="69" WIDTH="24" VPOS="1518" HPOS="1729"/>
<String CONTENT="Harriet" HEIGHT="54" WIDTH="242" VPOS="1518" HPOS="1754"/>
<SP HEIGHT="54" WIDTH="23" VPOS="1518" HPOS="1997"/>
<String CONTENT="H." HEIGHT="53" WIDTH="78" VPOS="1518" HPOS="2021"/>
<SP HEIGHT="52" WIDTH="26" VPOS="1519" HPOS="2100"/>
<String CONTENT="Dallas" HEIGHT="53" WIDTH="201" VPOS="1518" HPOS="2127"/>
<SP HEIGHT="33" WIDTH="31" VPOS="1538" HPOS="2329"/>
<String CS="1" CONTENT="&#8230;"/>
</TextLine>
<TextLine HEIGHT="70" WIDTH="1996" VPOS="1596" HPOS="426" STYLEREFS="StyleId-28AF40F7-7B47-41F7-A01D-AC8863D6C20B-">
<String CONTENT="introduction" HEIGHT="53" WIDTH="390" VPOS="1597" HPOS="426"/>
<SP HEIGHT="52" WIDTH="39" VPOS="1598" HPOS="817"/>
<String CONTENT="by" HEIGHT="67" WIDTH="75" VPOS="1598" HPOS="857"/>
<SP HEIGHT="67" WIDTH="40" VPOS="1598" HPOS="933"/>
<String CONTENT="Frederick" HEIGHT="52" WIDTH="310" VPOS="1598" HPOS="974"/>
<SP HEIGHT="51" WIDTH="41" VPOS="1598" HPOS="1285"/>
<String CONTENT="Bligh" HEIGHT="68" WIDTH="178" VPOS="1598" HPOS="1327"/>
<SP HEIGHT="51" WIDTH="42" VPOS="1598" HPOS="1506"/>
<String CONTENT="Bond." HEIGHT="51" WIDTH="184" VPOS="1598" HPOS="1549"/>
<SP HEIGHT="53" WIDTH="77" VPOS="1597" HPOS="1734"/>
<String CONTENT="New" HEIGHT="53" WIDTH="139" VPOS="1597" HPOS="1812"/>
<SP HEIGHT="52" WIDTH="42" VPOS="1597" HPOS="1952"/>
<String CONTENT="York," HEIGHT="68" WIDTH="180" VPOS="1596" HPOS="1995"/>
<SP HEIGHT="68" WIDTH="41" VPOS="1596" HPOS="2176"/>
<String CONTENT="Macoy" HEIGHT="68" WIDTH="204" VPOS="1596" HPOS="2218"/>
</TextLine>
<TextLine HEIGHT="69" WIDTH="843" VPOS="1676" HPOS="424" STYLEREFS="StyleId-28AF40F7-7B47-41F7-A01D-AC8863D6C20B-">
<String CONTENT="publishing" HEIGHT="69" WIDTH="336" VPOS="1676" HPOS="424"/>
<SP HEIGHT="50" WIDTH="25" VPOS="1695" HPOS="761"/>
<String CONTENT="company," HEIGHT="51" WIDTH="298" VPOS="1694" HPOS="787"/>
<SP HEIGHT="62" WIDTH="30" VPOS="1681" HPOS="1086"/>
<String CONTENT="1932." HEIGHT="50" WIDTH="150" VPOS="1679" HPOS="1117"/>
</TextLine>
<TextLine HEIGHT="50" WIDTH="616" VPOS="1748" HPOS="492" CS="1">
<String CONTENT="3" HEIGHT="40" WIDTH="25" VPOS="1751" HPOS="492"/>
<SP HEIGHT="47" WIDTH="27" VPOS="1751" HPOS="518"/>
<String LANG="fr" CONTENT="p." HEIGHT="37" WIDTH="43" VPOS="1761" HPOS="546"/>
<SP HEIGHT="40" WIDTH="26" VPOS="1750" HPOS="590"/>
<String CS="1" CONTENT="l.,"/>
<SP HEIGHT="49" WIDTH="26" VPOS="1748" HPOS="661"/>
<String CONTENT="96" HEIGHT="41" WIDTH="57" VPOS="1748" HPOS="688"/>
<SP HEIGHT="48" WIDTH="23" VPOS="1749" HPOS="746"/>
<String CONTENT="p." HEIGHT="37" WIDTH="43" VPOS="1760" HPOS="770"/>
<SP HEIGHT="40" WIDTH="54" VPOS="1750" HPOS="814"/>
<String CONTENT="illus." HEIGHT="40" WIDTH="129" VPOS="1750" HPOS="869"/>
<SP HEIGHT="39" WIDTH="53" VPOS="1751" HPOS="999"/>
<String CONTENT="23" HEIGHT="40" WIDTH="55" VPOS="1751" HPOS="1053"/>
<String STYLE="superscript" CS="1" CONTENT="&#7580;&#7504;."/>
</TextLine>
<TextLine HEIGHT="50" WIDTH="1926" VPOS="1804" HPOS="496">
<String CONTENT="Twenty-five" HEIGHT="48" WIDTH="314" VPOS="1806" HPOS="496"/>
<SP HEIGHT="38" WIDTH="24" VPOS="1808" HPOS="811"/>
<String CONTENT="lessons" HEIGHT="38" WIDTH="185" VPOS="1808" HPOS="836"/>
<SP HEIGHT="29" WIDTH="26" VPOS="1817" HPOS="1022"/>
<String CONTENT="received" HEIGHT="41" WIDTH="218" VPOS="1807" HPOS="1049"/>
<SP HEIGHT="38" WIDTH="27" VPOS="1809" HPOS="1268"/>
<String CONTENT="over" HEIGHT="31" WIDTH="112" VPOS="1816" HPOS="1296"/>
<SP HEIGHT="38" WIDTH="26" VPOS="1809" HPOS="1409"/>
<String CONTENT="the" HEIGHT="40" WIDTH="81" VPOS="1807" HPOS="1436"/>
<SP HEIGHT="31" WIDTH="27" VPOS="1816" HPOS="1518"/>
<String CONTENT="ouija" HEIGHT="48" WIDTH="136" VPOS="1806" HPOS="1546"/>
<SP HEIGHT="40" WIDTH="24" VPOS="1807" HPOS="1683"/>
<String CONTENT="board" HEIGHT="40" WIDTH="152" VPOS="1807" HPOS="1708"/>
<SP HEIGHT="40" WIDTH="24" VPOS="1807" HPOS="1861"/>
<String CONTENT="between" HEIGHT="39" WIDTH="216" VPOS="1807" HPOS="1886"/>
<SP HEIGHT="39" WIDTH="27" VPOS="1806" HPOS="2103"/>
<String CONTENT="March" HEIGHT="39" WIDTH="171" VPOS="1806" HPOS="2131"/>
<SP HEIGHT="41" WIDTH="24" VPOS="1804" HPOS="2303"/>
<String CONTENT="2nd" HEIGHT="43" WIDTH="94" VPOS="1804" HPOS="2328"/>
</TextLine>
<TextLine HEIGHT="47" WIDTH="663" VPOS="1863" HPOS="422">
<String CONTENT="and" HEIGHT="38" WIDTH="97" VPOS="1864" HPOS="422"/>
<SP HEIGHT="39" WIDTH="26" VPOS="1863" HPOS="520"/>
<String CONTENT="December" HEIGHT="40" WIDTH="261" VPOS="1863" HPOS="547"/>
<SP HEIGHT="37" WIDTH="27" VPOS="1864" HPOS="809"/>
<String CONTENT="1st," HEIGHT="46" WIDTH="88" VPOS="1864" HPOS="837"/>
<SP HEIGHT="45" WIDTH="30" VPOS="1865" HPOS="926"/>
<String CONTENT="1931." HEIGHT="41" WIDTH="128" VPOS="1863" HPOS="957"/>
</TextLine>
<TextLine HEIGHT="52" WIDTH="1993" VPOS="1915" HPOS="429" CS="1">
<String CONTENT="&#169;" HEIGHT="52" WIDTH="52" VPOS="1915" HPOS="429"/>
<SP HEIGHT="52" WIDTH="27" VPOS="1915" HPOS="482"/>
<String CONTENT="Dec." HEIGHT="40" WIDTH="111" VPOS="1920" HPOS="510"/>
<SP HEIGHT="40" WIDTH="27" VPOS="1920" HPOS="622"/>
<String CONTENT="21," HEIGHT="47" WIDTH="68" VPOS="1920" HPOS="650"/>
<SP HEIGHT="46" WIDTH="29" VPOS="1921" HPOS="719"/>
<String CS="1" CONTENT="1932;" HEIGHT="41" WIDTH="113" VPOS="1919" HPOS="749"/>
<SP HEIGHT="47" WIDTH="29" VPOS="1919" HPOS="890"/>
<String CONTENT="2c." HEIGHT="41" WIDTH="65" VPOS="1919" HPOS="920"/>
<SP HEIGHT="38" WIDTH="29" VPOS="1920" HPOS="986"/>
<String CONTENT="Dec." HEIGHT="40" WIDTH="110" VPOS="1920" HPOS="1016"/>
<SP HEIGHT="39" WIDTH="28" VPOS="1920" HPOS="1127"/>
<String CS="1" CONTENT="27;" HEIGHT="40" WIDTH="55" VPOS="1920" HPOS="1156"/>
<SP HEIGHT="36" WIDTH="30" VPOS="1930" HPOS="1239"/>
<String CONTENT="aff." HEIGHT="40" WIDTH="82" VPOS="1919" HPOS="1270"/>
<SP HEIGHT="38" WIDTH="28" VPOS="1920" HPOS="1353"/>
<String CONTENT="Dec." HEIGHT="39" WIDTH="110" VPOS="1920" HPOS="1382"/>
<SP HEIGHT="40" WIDTH="28" VPOS="1919" HPOS="1493"/>
<String CS="1" CONTENT="23;" HEIGHT="41" WIDTH="55" VPOS="1919" HPOS="1522"/>
<SP HEIGHT="48" WIDTH="30" VPOS="1919" HPOS="1605"/>
<!-- cceid 11230F00-6D7D-1014-B4A5-D7A31D17AB40 --><String CONTENT="A" HEIGHT="40" WIDTH="42" VPOS="1919" HPOS="1636"/>
<SP HEIGHT="40" WIDTH="27" VPOS="1919" HPOS="1679"/>
<String CS="1" CONTENT="57611;" HEIGHT="41" WIDTH="142" VPOS="1918" HPOS="1707"/>
<SP HEIGHT="47" WIDTH="30" VPOS="1919" HPOS="1877"/>
<String LANG="fr" CONTENT="H." HEIGHT="39" WIDTH="61" VPOS="1919" HPOS="1908"/>
<SP HEIGHT="39" WIDTH="27" VPOS="1919" HPOS="1970"/>
<String CONTENT="H." HEIGHT="40" WIDTH="62" VPOS="1919" HPOS="1998"/>
<SP HEIGHT="40" WIDTH="28" VPOS="1919" HPOS="2061"/>
<String CONTENT="Dallas," HEIGHT="47" WIDTH="185" VPOS="1918" HPOS="2090"/>
<SP HEIGHT="46" WIDTH="28" VPOS="1919" HPOS="2276"/>
<String CONTENT="New" HEIGHT="40" WIDTH="117" VPOS="1919" HPOS="2305"/>
</TextLine>
<TextLine HEIGHT="50" WIDTH="465" VPOS="1976" HPOS="495">
<String CONTENT="York." HEIGHT="39" WIDTH="143" VPOS="1977" HPOS="495"/>
<SP HEIGHT="48" WIDTH="70" VPOS="1976" HPOS="639"/>
<String CONTENT="(33-1752)" HEIGHT="50" WIDTH="250" VPOS="1976" HPOS="710"/>
</TextLine>
<TextLine HEIGHT="65" WIDTH="978" VPOS="2093" HPOS="423" STYLEREFS="StyleId-051B9F4F-D522-4A47-AA36-14249A21B2B5-">
<String LANG="de" CONTENT="De" HEIGHT="53" WIDTH="84" VPOS="2093" HPOS="423"/>
<SP HEIGHT="53" WIDTH="29" VPOS="2094" HPOS="508"/>
<String CONTENT="Casseres," HEIGHT="64" WIDTH="298" VPOS="2094" HPOS="538"/>
<SP HEIGHT="64" WIDTH="28" VPOS="2094" HPOS="837"/>
<String CONTENT="Benjamin," HEIGHT="65" WIDTH="335" VPOS="2093" HPOS="866"/>
<SP HEIGHT="59" WIDTH="28" VPOS="2099" HPOS="1202"/>
<String CONTENT="1873-" HEIGHT="54" WIDTH="170" VPOS="2095" HPOS="1231"/>
</TextLine>
<TextLine HEIGHT="146" WIDTH="1974" VPOS="2167" HPOS="423" STYLEREFS="StyleId-DF204946-AAAD-42E0-96E9-0DD877C89D24-" CS="1">
<String CONTENT="Spinoza," HEIGHT="69" WIDTH="268" VPOS="2167" HPOS="496"/>
<SP HEIGHT="65" WIDTH="44" VPOS="2171" HPOS="765"/>
<String CONTENT="liberator" HEIGHT="52" WIDTH="273" VPOS="2170" HPOS="810"/>
<SP HEIGHT="36" WIDTH="43" VPOS="2187" HPOS="1084"/>
<String CONTENT="of" HEIGHT="54" WIDTH="65" VPOS="2169" HPOS="1128"/>
<SP HEIGHT="55" WIDTH="42" VPOS="2169" HPOS="1194"/>
<String CONTENT="God" HEIGHT="55" WIDTH="130" VPOS="2169" HPOS="1237"/>
<SP HEIGHT="53" WIDTH="45" VPOS="2170" HPOS="1368"/>
<String CONTENT="and" HEIGHT="53" WIDTH="114" VPOS="2170" HPOS="1414"/>
<SP HEIGHT="53" WIDTH="44" VPOS="2170" HPOS="1529"/>
<String CONTENT="man," HEIGHT="51" WIDTH="151" VPOS="2187" HPOS="1574"/>
<SP HEIGHT="66" WIDTH="48" VPOS="2172" HPOS="1726"/>
<String CONTENT="1632-1932," HEIGHT="66" WIDTH="327" VPOS="2171" HPOS="1775"/>
<SP HEIGHT="69" WIDTH="44" VPOS="2168" HPOS="2103"/>
<String CONTENT="by" HEIGHT="69" WIDTH="77" VPOS="2168" HPOS="2148"/>
<SP HEIGHT="67" WIDTH="44" VPOS="2170" HPOS="2226"/>
<String CONTENT="Benjamin" HEIGHT="143" WIDTH="1974" VPOS="2170" HPOS="423"/>
</TextLine>
<TextLine HEIGHT="71" WIDTH="1770" VPOS="2243" HPOS="644" STYLEREFS="StyleId-DF204946-AAAD-42E0-96E9-0DD877C89D24-" CS="1">
<String LANG="de" CONTENT="De" HEIGHT="52" WIDTH="87" VPOS="2246" HPOS="644"/>
<SP HEIGHT="54" WIDTH="38" VPOS="2245" HPOS="732"/>
<String CONTENT="Casseres" HEIGHT="54" WIDTH="261" VPOS="2245" HPOS="771"/>
<SP HEIGHT="35" WIDTH="41" VPOS="2265" HPOS="1033"/>
<String CS="1" CONTENT="&#8230;"/>
<SP HEIGHT="53" WIDTH="76" VPOS="2246" HPOS="1133"/>
<String CONTENT="New" HEIGHT="54" WIDTH="139" VPOS="2246" HPOS="1210"/>
<SP HEIGHT="53" WIDTH="37" VPOS="2246" HPOS="1350"/>
<String CONTENT="York," HEIGHT="69" WIDTH="181" VPOS="2245" HPOS="1388"/>
<SP HEIGHT="68" WIDTH="37" VPOS="2246" HPOS="1570"/>
<String CONTENT="E." HEIGHT="53" WIDTH="68" VPOS="2246" HPOS="1608"/>
<SP HEIGHT="54" WIDTH="36" VPOS="2246" HPOS="1677"/>
<String CONTENT="W." HEIGHT="54" WIDTH="93" VPOS="2246" HPOS="1714"/>
<SP HEIGHT="57" WIDTH="41" VPOS="2243" HPOS="1808"/>
<String CONTENT="Sweetland" HEIGHT="57" WIDTH="325" VPOS="2243" HPOS="1850"/>
<SP/>
<String CS="1" CONTENT="[&#7580;1932]" HEIGHT="66" WIDTH="85" VPOS="2248" HPOS="2329"/>
</TextLine>
<TextLine HEIGHT="51" WIDTH="936" VPOS="2317" HPOS="494" STYLEREFS="StyleId-DF204946-AAAD-42E0-96E9-0DD877C89D24-" CS="1">
<String CONTENT="xiv," HEIGHT="47" WIDTH="95" VPOS="2318" HPOS="494"/>
<SP HEIGHT="46" WIDTH="36" VPOS="2319" HPOS="590"/>
<String CONTENT="145," HEIGHT="47" WIDTH="97" VPOS="2317" HPOS="627"/>
<SP HEIGHT="31" WIDTH="36" VPOS="2337" HPOS="725"/>
<String CONTENT="[1]" HEIGHT="49" WIDTH="55" VPOS="2319" HPOS="762"/>
<SP HEIGHT="39" WIDTH="35" VPOS="2329" HPOS="818"/>
<String CONTENT="p." HEIGHT="37" WIDTH="43" VPOS="2329" HPOS="854"/>
<SP HEIGHT="40" WIDTH="58" VPOS="2318" HPOS="898"/>
<String CS="1" CONTENT="front."/>
<SP HEIGHT="48" WIDTH="28" VPOS="2319" HPOS="1106"/>
<String CONTENT="(port.)" HEIGHT="49" WIDTH="171" VPOS="2318" HPOS="1135"/>
<SP HEIGHT="46" WIDTH="66" VPOS="2318" HPOS="1307"/>
<String CONTENT="21" HEIGHT="39" WIDTH="56" VPOS="2318" HPOS="1374"/>
<String STYLE="superscript" CS="1" CONTENT="&#7580;&#7504;."/>
</TextLine>
<TextLine HEIGHT="53" WIDTH="1993" VPOS="2371" HPOS="429">
<String CONTENT="&#169;" HEIGHT="52" WIDTH="52" VPOS="2371" HPOS="429"/>
<SP HEIGHT="52" WIDTH="31" VPOS="2371" HPOS="482"/>
<String CONTENT="Nov." HEIGHT="40" WIDTH="115" VPOS="2376" HPOS="514"/>
<SP HEIGHT="38" WIDTH="33" VPOS="2377" HPOS="630"/>
<String CONTENT="10," HEIGHT="48" WIDTH="69" VPOS="2376" HPOS="664"/>
<SP HEIGHT="48" WIDTH="31" VPOS="2376" HPOS="734"/>
<String CONTENT="1932;" HEIGHT="48" WIDTH="141" VPOS="2375" HPOS="766"/>
<SP HEIGHT="48" WIDTH="33" VPOS="2375" HPOS="908"/>
<String CONTENT="2c." HEIGHT="42" WIDTH="67" VPOS="2375" HPOS="942"/>
<SP HEIGHT="30" WIDTH="33" VPOS="2387" HPOS="1010"/>
<String CONTENT="and" HEIGHT="38" WIDTH="95" VPOS="2379" HPOS="1044"/>
<SP HEIGHT="38" WIDTH="31" VPOS="2379" HPOS="1140"/>
<String CONTENT="aff." HEIGHT="40" WIDTH="83" VPOS="2377" HPOS="1172"/>
<SP HEIGHT="40" WIDTH="32" VPOS="2377" HPOS="1256"/>
<String CONTENT="Dec." HEIGHT="41" WIDTH="112" VPOS="2377" HPOS="1289"/>
<SP HEIGHT="41" WIDTH="31" VPOS="2377" HPOS="1402"/>
<String CONTENT="30;" HEIGHT="47" WIDTH="83" VPOS="2377" HPOS="1434"/>
<SP HEIGHT="47" WIDTH="33" VPOS="2377" HPOS="1518"/>
<!-- cceid 11231545-6D7D-1014-B4A5-D7A31D17AB40 --><String CONTENT="A" HEIGHT="39" WIDTH="42" VPOS="2377" HPOS="1552"/>
<SP HEIGHT="40" WIDTH="31" VPOS="2377" HPOS="1595"/>
<String CONTENT="57639;" HEIGHT="47" WIDTH="169" VPOS="2377" HPOS="1627"/>
<SP HEIGHT="46" WIDTH="36" VPOS="2378" HPOS="1797"/>
<String LANG="fr" CONTENT="B." HEIGHT="39" WIDTH="52" VPOS="2378" HPOS="1834"/>
<SP HEIGHT="40" WIDTH="35" VPOS="2377" HPOS="1887"/>
<String LANG="de" CONTENT="De" HEIGHT="39" WIDTH="71" VPOS="2377" HPOS="1923"/>
<SP HEIGHT="41" WIDTH="33" VPOS="2376" HPOS="1995"/>
<String CONTENT="Casseres," HEIGHT="45" WIDTH="241" VPOS="2376" HPOS="2029"/>
<SP HEIGHT="44" WIDTH="33" VPOS="2377" HPOS="2271"/>
<String CONTENT="New" HEIGHT="39" WIDTH="117" VPOS="2377" HPOS="2305"/>
</TextLine>
<TextLine HEIGHT="49" WIDTH="465" VPOS="2433" HPOS="496">
<String CONTENT="York." HEIGHT="39" WIDTH="145" VPOS="2433" HPOS="496"/>
<SP HEIGHT="47" WIDTH="68" VPOS="2433" HPOS="642"/>
<String CONTENT="(33-1338)" HEIGHT="49" WIDTH="250" VPOS="2433" HPOS="711"/>
</TextLine>
<TextLine HEIGHT="67" WIDTH="831" VPOS="2533" HPOS="422" STYLEREFS="StyleId-051B9F4F-D522-4A47-AA36-14249A21B2B5-">
<String CONTENT="Donahue," HEIGHT="66" WIDTH="304" VPOS="2533" HPOS="422"/>
<SP HEIGHT="63" WIDTH="30" VPOS="2536" HPOS="727"/>
<String CONTENT="George" HEIGHT="64" WIDTH="226" VPOS="2536" HPOS="758"/>
<SP HEIGHT="54" WIDTH="28" VPOS="2536" HPOS="985"/>
<String CONTENT="Joseph." HEIGHT="64" WIDTH="239" VPOS="2536" HPOS="1014"/>
</TextLine>
<TextLine HEIGHT="70" WIDTH="1925" VPOS="2611" HPOS="494" STYLEREFS="StyleId-28AF40F7-7B47-41F7-A01D-AC8863D6C20B-" CS="1">
<String CONTENT="The" HEIGHT="52" WIDTH="120" VPOS="2611" HPOS="494"/>
<SP HEIGHT="34" WIDTH="37" VPOS="2630" HPOS="615"/>
<String CONTENT="secular" HEIGHT="51" WIDTH="216" VPOS="2613" HPOS="653"/>
<SP HEIGHT="49" WIDTH="35" VPOS="2631" HPOS="870"/>
<String CS="1" CONTENT="priesthood;" HEIGHT="68" WIDTH="328" VPOS="2612" HPOS="906"/>
<SP HEIGHT="48" WIDTH="41" VPOS="2632" HPOS="1265"/>
<String CONTENT="a" HEIGHT="34" WIDTH="31" VPOS="2632" HPOS="1307"/>
<SP HEIGHT="53" WIDTH="36" VPOS="2613" HPOS="1339"/>
<String CONTENT="book" HEIGHT="53" WIDTH="147" VPOS="2613" HPOS="1376"/>
<SP HEIGHT="52" WIDTH="34" VPOS="2614" HPOS="1524"/>
<String CONTENT="of" HEIGHT="53" WIDTH="64" VPOS="2613" HPOS="1559"/>
<SP HEIGHT="52" WIDTH="35" VPOS="2613" HPOS="1624"/>
<String CONTENT="letters," HEIGHT="67" WIDTH="212" VPOS="2614" HPOS="1660"/>
<SP HEIGHT="68" WIDTH="34" VPOS="2613" HPOS="1873"/>
<String CONTENT="by" HEIGHT="68" WIDTH="76" VPOS="2613" HPOS="1908"/>
<SP HEIGHT="68" WIDTH="36" VPOS="2613" HPOS="1985"/>
<String CONTENT="Rev." HEIGHT="52" WIDTH="137" VPOS="2613" HPOS="2022"/>
<SP HEIGHT="55" WIDTH="38" VPOS="2611" HPOS="2160"/>
<String CONTENT="George" HEIGHT="69" WIDTH="220" VPOS="2611" HPOS="2199"/>
</TextLine>
<TextLine HEIGHT="70" WIDTH="1997" VPOS="2688" HPOS="422" STYLEREFS="StyleId-28AF40F7-7B47-41F7-A01D-AC8863D6C20B-">
<String CONTENT="Joseph" HEIGHT="67" WIDTH="218" VPOS="2688" HPOS="422"/>
<SP HEIGHT="52" WIDTH="51" VPOS="2689" HPOS="641"/>
<String CONTENT="Donahue." HEIGHT="53" WIDTH="295" VPOS="2689" HPOS="693"/>
<SP HEIGHT="51" WIDTH="89" VPOS="2691" HPOS="989"/>
<String CONTENT="Boston," HEIGHT="66" WIDTH="234" VPOS="2691" HPOS="1079"/>
<SP HEIGHT="66" WIDTH="50" VPOS="2691" HPOS="1314"/>
<String CONTENT="Mass.," HEIGHT="67" WIDTH="192" VPOS="2691" HPOS="1365"/>
<SP HEIGHT="67" WIDTH="51" VPOS="2691" HPOS="1558"/>
<String CONTENT="The" HEIGHT="51" WIDTH="120" VPOS="2691" HPOS="1610"/>
<SP HEIGHT="55" WIDTH="55" VPOS="2690" HPOS="1731"/>
<String CONTENT="Stratford" HEIGHT="56" WIDTH="298" VPOS="2689" HPOS="1787"/>
<SP HEIGHT="53" WIDTH="53" VPOS="2690" HPOS="2086"/>
<String CONTENT="company" HEIGHT="50" WIDTH="279" VPOS="2708" HPOS="2140"/>
</TextLine>
<TextLine HEIGHT="64" WIDTH="193" VPOS="2768" HPOS="429" STYLEREFS="StyleId-28AF40F7-7B47-41F7-A01D-AC8863D6C20B-" CS="1">
<String CS="1" CONTENT="[&#7580;1932]" HEIGHT="64" WIDTH="193" VPOS="2768" HPOS="429"/>
</TextLine>
<TextLine HEIGHT="49" WIDTH="573" VPOS="2839" HPOS="495" CS="1">
<String CONTENT="5" HEIGHT="39" WIDTH="28" VPOS="2839" HPOS="495"/>
<SP HEIGHT="47" WIDTH="23" VPOS="2839" HPOS="524"/>
<String CS="1" CONTENT="p." HEIGHT="37" WIDTH="32" VPOS="2849" HPOS="548"/>
<SP HEIGHT="46" WIDTH="37" VPOS="2840" HPOS="581"/>
<String CS="1" CONTENT="l.,"/>
<SP HEIGHT="40" WIDTH="54" VPOS="2840" HPOS="636"/>
<String CS="1" CONTENT="3-223" HEIGHT="41" WIDTH="143" VPOS="2839" HPOS="691"/>
<SP HEIGHT="48" WIDTH="26" VPOS="2840" HPOS="835"/>
<String CONTENT="p" HEIGHT="37" WIDTH="31" VPOS="2851" HPOS="862"/>
<SP HEIGHT="48" WIDTH="70" VPOS="2840" HPOS="894"/>
<String CONTENT="19" HEIGHT="40" WIDTH="58" VPOS="2840" HPOS="965"/>
<String STYLE="superscript" CONTENT="&#7580;&#7504;." HEIGHT="22" WIDTH="44" VPOS="2841" HPOS="1024"/>
</TextLine>
<TextLine HEIGHT="55" WIDTH="1989" VPOS="2890" HPOS="429">
<String CONTENT="&#169;" HEIGHT="52" WIDTH="52" VPOS="2890" HPOS="429"/>
<SP HEIGHT="52" WIDTH="27" VPOS="2890" HPOS="482"/>
<String CONTENT="Dec." HEIGHT="41" WIDTH="111" VPOS="2895" HPOS="510"/>
<SP HEIGHT="39" WIDTH="28" VPOS="2897" HPOS="622"/>
<String CONTENT="7," HEIGHT="46" WIDTH="38" VPOS="2897" HPOS="651"/>
<SP HEIGHT="46" WIDTH="30" VPOS="2897" HPOS="690"/>
<String CONTENT="1932;" HEIGHT="48" WIDTH="139" VPOS="2895" HPOS="721"/>
<SP HEIGHT="47" WIDTH="30" VPOS="2896" HPOS="861"/>
<String CONTENT="2c." HEIGHT="41" WIDTH="67" VPOS="2896" HPOS="892"/>
<SP HEIGHT="40" WIDTH="28" VPOS="2897" HPOS="960"/>
<String CONTENT="Dec." HEIGHT="41" WIDTH="112" VPOS="2897" HPOS="989"/>
<SP HEIGHT="42" WIDTH="28" VPOS="2896" HPOS="1102"/>
<String CONTENT="9;" HEIGHT="48" WIDTH="53" VPOS="2896" HPOS="1131"/>
<SP HEIGHT="37" WIDTH="30" VPOS="2907" HPOS="1185"/>
<String CONTENT="aff." HEIGHT="41" WIDTH="83" VPOS="2896" HPOS="1216"/>
<SP HEIGHT="39" WIDTH="28" VPOS="2897" HPOS="1300"/>
<String CONTENT="Dec." HEIGHT="41" WIDTH="111" VPOS="2897" HPOS="1329"/>
<SP HEIGHT="40" WIDTH="29" VPOS="2898" HPOS="1441"/>
<String CONTENT="13;" HEIGHT="47" WIDTH="82" VPOS="2898" HPOS="1471"/>
<SP HEIGHT="46" WIDTH="30" VPOS="2899" HPOS="1554"/>
<!-- cceid 11231A2B-6D7D-1014-B4A5-D7A31D17AB40 --><String CONTENT="A" HEIGHT="38" WIDTH="41" VPOS="2899" HPOS="1585"/>
<SP HEIGHT="40" WIDTH="29" VPOS="2898" HPOS="1627"/>
<String CONTENT="58330;" HEIGHT="48" WIDTH="169" VPOS="2897" HPOS="1657"/>
<SP HEIGHT="47" WIDTH="34" VPOS="2898" HPOS="1827"/>
<String CONTENT="Stratford" HEIGHT="41" WIDTH="251" VPOS="2897" HPOS="1862"/>
<SP HEIGHT="38" WIDTH="29" VPOS="2899" HPOS="2114"/>
<String CONTENT="co.," HEIGHT="37" WIDTH="82" VPOS="2907" HPOS="2144"/>
<SP HEIGHT="37" WIDTH="28" VPOS="2908" HPOS="2227"/>
<String CONTENT="pubrs." HEIGHT="49" WIDTH="162" VPOS="2896" HPOS="2256"/>
</TextLine>
<TextLine HEIGHT="49" WIDTH="249" VPOS="2951" HPOS="506">
<String CONTENT="(33-1605)" HEIGHT="49" WIDTH="249" VPOS="2951" HPOS="506"/>
</TextLine>
<TextLine HEIGHT="68" WIDTH="823" VPOS="3060" HPOS="426" STYLEREFS="StyleId-051B9F4F-D522-4A47-AA36-14249A21B2B5-">
<String CONTENT="Dryden," HEIGHT="68" WIDTH="259" VPOS="3060" HPOS="426"/>
<SP HEIGHT="65" WIDTH="29" VPOS="3063" HPOS="686"/>
<String CONTENT="John," HEIGHT="65" WIDTH="174" VPOS="3063" HPOS="716"/>
<SP HEIGHT="59" WIDTH="33" VPOS="3069" HPOS="891"/>
<String CONTENT="1631-1700." HEIGHT="55" WIDTH="324" VPOS="3065" HPOS="925"/>
</TextLine>
<TextLine HEIGHT="72" WIDTH="1922" VPOS="3137" HPOS="492" STYLEREFS="StyleId-28AF40F7-7B47-41F7-A01D-AC8863D6C20B-">
<String CONTENT="The" HEIGHT="52" WIDTH="121" VPOS="3137" HPOS="492"/>
<SP HEIGHT="33" WIDTH="26" VPOS="3156" HPOS="614"/>
<String CONTENT="songs" HEIGHT="50" WIDTH="168" VPOS="3156" HPOS="641"/>
<SP HEIGHT="36" WIDTH="27" VPOS="3157" HPOS="810"/>
<String CONTENT="of" HEIGHT="52" WIDTH="64" VPOS="3139" HPOS="838"/>
<SP HEIGHT="54" WIDTH="27" VPOS="3139" HPOS="903"/>
<String CONTENT="John" HEIGHT="53" WIDTH="155" VPOS="3140" HPOS="931"/>
<SP HEIGHT="51" WIDTH="28" VPOS="3140" HPOS="1087"/>
<String CONTENT="Dryden," HEIGHT="69" WIDTH="252" VPOS="3140" HPOS="1116"/>
<SP HEIGHT="50" WIDTH="27" VPOS="3159" HPOS="1369"/>
<String CONTENT="edited" HEIGHT="55" WIDTH="188" VPOS="3140" HPOS="1397"/>
<SP HEIGHT="53" WIDTH="31" VPOS="3140" HPOS="1586"/>
<String CONTENT="by" HEIGHT="69" WIDTH="73" VPOS="3140" HPOS="1618"/>
<SP HEIGHT="69" WIDTH="30" VPOS="3140" HPOS="1692"/>
<String CONTENT="Cyrus" HEIGHT="68" WIDTH="183" VPOS="3140" HPOS="1723"/>
<SP HEIGHT="54" WIDTH="28" VPOS="3139" HPOS="1907"/>
<String CONTENT="Lawrence" HEIGHT="53" WIDTH="301" VPOS="3139" HPOS="1936"/>
<SP HEIGHT="55" WIDTH="30" VPOS="3137" HPOS="2238"/>
<String CONTENT="Day." HEIGHT="70" WIDTH="145" VPOS="3137" HPOS="2269"/>
</TextLine>
<TextLine HEIGHT="74" WIDTH="1618" VPOS="3212" HPOS="425" STYLEREFS="StyleId-28AF40F7-7B47-41F7-A01D-AC8863D6C20B-">
<String CONTENT="Cambridge," HEIGHT="70" WIDTH="360" VPOS="3212" HPOS="425"/>
<SP HEIGHT="67" WIDTH="28" VPOS="3215" HPOS="786"/>
<String CONTENT="Mass.," HEIGHT="68" WIDTH="189" VPOS="3215" HPOS="815"/>
<SP HEIGHT="66" WIDTH="28" VPOS="3217" HPOS="1005"/>
<String CONTENT="Harvard" HEIGHT="53" WIDTH="273" VPOS="3217" HPOS="1034"/>
<SP HEIGHT="51" WIDTH="29" VPOS="3218" HPOS="1308"/>
<String CONTENT="university" HEIGHT="69" WIDTH="315" VPOS="3217" HPOS="1338"/>
<SP HEIGHT="50" WIDTH="31" VPOS="3236" HPOS="1654"/>
<String CONTENT="press," HEIGHT="50" WIDTH="173" VPOS="3235" HPOS="1686"/>
<SP HEIGHT="65" WIDTH="32" VPOS="3220" HPOS="1860"/>
<String CONTENT="1932." HEIGHT="50" WIDTH="150" VPOS="3219" HPOS="1893"/>
</TextLine>
<TextLine HEIGHT="53" WIDTH="1029" VPOS="3283" HPOS="491" CS="1">
<String CONTENT="xvi," HEIGHT="48" WIDTH="96" VPOS="3283" HPOS="491"/>
<SP HEIGHT="46" WIDTH="31" VPOS="3285" HPOS="588"/>
<String CONTENT="199" HEIGHT="41" WIDTH="85" VPOS="3284" HPOS="620"/>
<SP HEIGHT="48" WIDTH="28" VPOS="3285" HPOS="706"/>
<String CONTENT="p." HEIGHT="36" WIDTH="43" VPOS="3297" HPOS="735"/>
<SP HEIGHT="40" WIDTH="30" VPOS="3286" HPOS="779"/>
<String CONTENT="incl." HEIGHT="41" WIDTH="109" VPOS="3286" HPOS="810"/>
<SP HEIGHT="40" WIDTH="30" VPOS="3287" HPOS="920"/>
<String CONTENT="facsims." HEIGHT="42" WIDTH="215" VPOS="3287" HPOS="951"/>
<SP HEIGHT="48" WIDTH="27" VPOS="3287" HPOS="1167"/>
<String CONTENT="(music)" HEIGHT="49" WIDTH="202" VPOS="3287" HPOS="1195"/>
<SP HEIGHT="47" WIDTH="65" VPOS="3289" HPOS="1398"/>
<String CS="1" CONTENT="24&#189;&#7580;&#7504;." HEIGHT="40" WIDTH="56" VPOS="3289" HPOS="1464"/>
</TextLine>
<TextLine HEIGHT="57" WIDTH="1990" VPOS="3338" HPOS="430">
<String CONTENT="&#169;" HEIGHT="52" WIDTH="52" VPOS="3338" HPOS="430"/>
<SP HEIGHT="52" WIDTH="37" VPOS="3338" HPOS="483"/>
<String CONTENT="Dec." HEIGHT="40" WIDTH="108" VPOS="3344" HPOS="521"/>
<SP HEIGHT="38" WIDTH="39" VPOS="3346" HPOS="630"/>
<String CONTENT="19," HEIGHT="47" WIDTH="69" VPOS="3345" HPOS="670"/>
<SP HEIGHT="46" WIDTH="38" VPOS="3346" HPOS="740"/>
<String CONTENT="1932;" HEIGHT="47" WIDTH="138" VPOS="3345" HPOS="779"/>
<SP HEIGHT="45" WIDTH="40" VPOS="3347" HPOS="918"/>
<String CONTENT="2c." HEIGHT="40" WIDTH="68" VPOS="3347" HPOS="959"/>
<SP HEIGHT="40" WIDTH="37" VPOS="3347" HPOS="1028"/>
<String CONTENT="Dec." HEIGHT="41" WIDTH="112" VPOS="3347" HPOS="1066"/>
<SP HEIGHT="39" WIDTH="37" VPOS="3349" HPOS="1179"/>
<String CONTENT="23;" HEIGHT="46" WIDTH="82" VPOS="3349" HPOS="1217"/>
<SP HEIGHT="36" WIDTH="40" VPOS="3359" HPOS="1300"/>
<String CONTENT="aff." HEIGHT="40" WIDTH="80" VPOS="3348" HPOS="1341"/>
<SP HEIGHT="38" WIDTH="41" VPOS="3349" HPOS="1422"/>
<String CONTENT="Dec." HEIGHT="40" WIDTH="112" VPOS="3349" HPOS="1464"/>
<SP HEIGHT="41" WIDTH="36" VPOS="3348" HPOS="1577"/>
<String CONTENT="27;" HEIGHT="47" WIDTH="83" VPOS="3348" HPOS="1614"/>
<SP HEIGHT="46" WIDTH="39" VPOS="3349" HPOS="1698"/>
<!-- cceid 11231F33-6D7D-1014-B4A5-D7A31D17AB40 --><String CONTENT="A" HEIGHT="38" WIDTH="41" VPOS="3349" HPOS="1738"/>
<SP HEIGHT="39" WIDTH="38" VPOS="3349" HPOS="1780"/>
<String CONTENT="58537;" HEIGHT="45" WIDTH="169" VPOS="3349" HPOS="1819"/>
<SP HEIGHT="46" WIDTH="41" VPOS="3348" HPOS="1989"/>
<String CONTENT="President" HEIGHT="41" WIDTH="257" VPOS="3346" HPOS="2031"/>
<SP HEIGHT="39" WIDTH="35" VPOS="3348" HPOS="2289"/>
<String CONTENT="and" HEIGHT="38" WIDTH="95" VPOS="3349" HPOS="2325"/>
</TextLine>
<TextLine HEIGHT="54" WIDTH="1589" VPOS="3399" HPOS="495">
<String CONTENT="fellows" HEIGHT="42" WIDTH="188" VPOS="3399" HPOS="495"/>
<SP HEIGHT="28" WIDTH="30" VPOS="3413" HPOS="684"/>
<String CONTENT="of" HEIGHT="39" WIDTH="51" VPOS="3402" HPOS="715"/>
<SP HEIGHT="39" WIDTH="27" VPOS="3402" HPOS="767"/>
<String CONTENT="Harvard" HEIGHT="40" WIDTH="230" VPOS="3403" HPOS="795"/>
<SP HEIGHT="37" WIDTH="30" VPOS="3406" HPOS="1026"/>
<String CONTENT="college," HEIGHT="47" WIDTH="189" VPOS="3405" HPOS="1057"/>
<SP HEIGHT="47" WIDTH="33" VPOS="3404" HPOS="1247"/>
<String CONTENT="Cambridge," HEIGHT="49" WIDTH="299" VPOS="3404" HPOS="1281"/>
<SP HEIGHT="47" WIDTH="32" VPOS="3406" HPOS="1581"/>
<String CONTENT="Mass." HEIGHT="39" WIDTH="147" VPOS="3406" HPOS="1614"/>
<SP HEIGHT="48" WIDTH="71" VPOS="3404" HPOS="1762"/>
<String CONTENT="(33-1771)" HEIGHT="49" WIDTH="250" VPOS="3404" HPOS="1834"/>
</TextLine>
<TextLine HEIGHT="74" WIDTH="1104" VPOS="3504" HPOS="425" STYLEREFS="StyleId-051B9F4F-D522-4A47-AA36-14249A21B2B5-">
<String CONTENT="Dunn," HEIGHT="67" WIDTH="193" VPOS="3504" HPOS="425"/>
<SP HEIGHT="62" WIDTH="28" VPOS="3509" HPOS="619"/>
<String CONTENT="Frederick" HEIGHT="56" WIDTH="315" VPOS="3508" HPOS="648"/>
<SP HEIGHT="54" WIDTH="27" VPOS="3511" HPOS="964"/>
<String CONTENT="Sherwood," HEIGHT="67" WIDTH="335" VPOS="3511" HPOS="992"/>
<SP HEIGHT="59" WIDTH="29" VPOS="3519" HPOS="1328"/>
<String CONTENT="1893-" HEIGHT="49" WIDTH="171" VPOS="3519" HPOS="1358"/>
</TextLine>
<TextLine HEIGHT="73" WIDTH="1856" VPOS="3584" HPOS="557" STYLEREFS="StyleId-28AF40F7-7B47-41F7-A01D-AC8863D6C20B-" CS="1">
<String CS="1" CONTENT="&#8230;"/>
<SP HEIGHT="51" WIDTH="28" VPOS="3585" HPOS="557"/>
<String CONTENT="The" HEIGHT="53" WIDTH="120" VPOS="3584" HPOS="586"/>
<SP HEIGHT="49" WIDTH="23" VPOS="3603" HPOS="707"/>
<String CONTENT="protection" HEIGHT="64" WIDTH="317" VPOS="3588" HPOS="731"/>
<SP HEIGHT="34" WIDTH="26" VPOS="3608" HPOS="1049"/>
<String CONTENT="of" HEIGHT="53" WIDTH="64" VPOS="3589" HPOS="1076"/>
<SP HEIGHT="52" WIDTH="21" VPOS="3589" HPOS="1141"/>
<String CS="1" CONTENT="nationals;" HEIGHT="53" WIDTH="286" VPOS="3590" HPOS="1163"/>
<SP HEIGHT="47" WIDTH="28" VPOS="3609" HPOS="1478"/>
<String CONTENT="a" HEIGHT="33" WIDTH="30" VPOS="3610" HPOS="1507"/>
<SP HEIGHT="34" WIDTH="24" VPOS="3609" HPOS="1538"/>
<String CONTENT="study" HEIGHT="65" WIDTH="174" VPOS="3592" HPOS="1563"/>
<SP HEIGHT="67" WIDTH="21" VPOS="3590" HPOS="1738"/>
<String CONTENT="in" HEIGHT="52" WIDTH="63" VPOS="3590" HPOS="1760"/>
<SP HEIGHT="47" WIDTH="23" VPOS="3595" HPOS="1824"/>
<String CONTENT="the" HEIGHT="53" WIDTH="95" VPOS="3589" HPOS="1848"/>
<SP HEIGHT="35" WIDTH="26" VPOS="3607" HPOS="1944"/>
<String CONTENT="application" HEIGHT="69" WIDTH="352" VPOS="3587" HPOS="1971"/>
<SP HEIGHT="35" WIDTH="25" VPOS="3605" HPOS="2324"/>
<String CONTENT="of" HEIGHT="53" WIDTH="63" VPOS="3587" HPOS="2350"/>
</TextLine>
<TextLine HEIGHT="151" WIDTH="1965" VPOS="3657" HPOS="422" STYLEREFS="StyleId-28AF40F7-7B47-41F7-A01D-AC8863D6C20B-" CS="1">
<String CONTENT="international" HEIGHT="56" WIDTH="408" VPOS="3657" HPOS="425"/>
<SP HEIGHT="49" WIDTH="35" VPOS="3664" HPOS="834"/>
<String CONTENT="law" HEIGHT="52" WIDTH="111" VPOS="3664" HPOS="870"/>
<SP HEIGHT="47" WIDTH="42" VPOS="3684" HPOS="982"/>
<String CS="1" CONTENT="[by]" HEIGHT="66" WIDTH="93" VPOS="3665" HPOS="1042"/>
<SP HEIGHT="63" WIDTH="41" VPOS="3667" HPOS="1136"/>
<String CONTENT="Frederick" HEIGHT="51" WIDTH="310" VPOS="3667" HPOS="1178"/>
<SP HEIGHT="54" WIDTH="37" VPOS="3667" HPOS="1489"/>
<String CONTENT="Sherwood" HEIGHT="54" WIDTH="309" VPOS="3667" HPOS="1527"/>
<SP HEIGHT="51" WIDTH="39" VPOS="3666" HPOS="1837"/>
<String CONTENT="Dunn" HEIGHT="51" WIDTH="175" VPOS="3666" HPOS="1877"/>
<SP HEIGHT="33" WIDTH="42" VPOS="3684" HPOS="2053"/>
<String CS="1" CONTENT="&#8230;"/>
<SP HEIGHT="50" WIDTH="76" VPOS="3666" HPOS="2154"/>
<String CONTENT="Baltimore," HEIGHT="136" WIDTH="1965" VPOS="3664" HPOS="422"/>
<SP HEIGHT="64" WIDTH="23" VPOS="3736" HPOS="594"/>
<String CONTENT="The" HEIGHT="54" WIDTH="120" VPOS="3735" HPOS="618"/>
<SP HEIGHT="53" WIDTH="25" VPOS="3738" HPOS="739"/>
<String CONTENT="Johns" HEIGHT="54" WIDTH="186" VPOS="3738" HPOS="765"/>
<SP HEIGHT="53" WIDTH="25" VPOS="3739" HPOS="952"/>
<String CONTENT="Hopkins" HEIGHT="68" WIDTH="269" VPOS="3739" HPOS="978"/>
<SP HEIGHT="48" WIDTH="27" VPOS="3760" HPOS="1248"/>
<String CONTENT="press," HEIGHT="47" WIDTH="173" VPOS="3761" HPOS="1276"/>
<SP HEIGHT="62" WIDTH="27" VPOS="3746" HPOS="1450"/>
<String CONTENT="1932." HEIGHT="50" WIDTH="152" VPOS="3746" HPOS="1478"/>
</TextLine>
<TextLine HEIGHT="50" WIDTH="510" VPOS="3809" HPOS="528" CS="1">
<String CS="1" CONTENT="x"/>
<SP HEIGHT="39" WIDTH="25" VPOS="3815" HPOS="528"/>
<String LANG="fr" CONTENT="p.," HEIGHT="37" WIDTH="58" VPOS="3817" HPOS="554"/>
<SP HEIGHT="44" WIDTH="29" VPOS="3809" HPOS="613"/>
<String CONTENT="1" HEIGHT="38" WIDTH="25" VPOS="3809" HPOS="643"/>
<SP HEIGHT="39" WIDTH="26" VPOS="3809" HPOS="669"/>
<String CS="1" CONTENT="l.," HEIGHT="17" WIDTH="10" VPOS="3839" HPOS="730"/>
<SP HEIGHT="47" WIDTH="25" VPOS="3809" HPOS="741"/>
<String CONTENT="228" HEIGHT="41" WIDTH="86" VPOS="3809" HPOS="767"/>
<SP HEIGHT="49" WIDTH="26" VPOS="3810" HPOS="854"/>
<String CONTENT="p." HEIGHT="37" WIDTH="43" VPOS="3822" HPOS="881"/>
<SP HEIGHT="40" WIDTH="58" VPOS="3811" HPOS="925"/>
<String CS="1" CONTENT="23&#189;&#7580;&#7504;." HEIGHT="40" WIDTH="54" VPOS="3811" HPOS="984"/>
</TextLine>
<TextLine HEIGHT="112" WIDTH="1974" VPOS="3861" HPOS="424" CS="1">
<String CONTENT="At" HEIGHT="41" WIDTH="63" VPOS="3861" HPOS="496"/>
<SP HEIGHT="38" WIDTH="27" VPOS="3864" HPOS="560"/>
<String CONTENT="head" HEIGHT="39" WIDTH="124" VPOS="3864" HPOS="588"/>
<SP HEIGHT="39" WIDTH="31" VPOS="3865" HPOS="713"/>
<String CONTENT="of" HEIGHT="40" WIDTH="51" VPOS="3864" HPOS="745"/>
<SP HEIGHT="42" WIDTH="26" VPOS="3864" HPOS="797"/>
<String CS="1" CONTENT="title;" HEIGHT="41" WIDTH="107" VPOS="3866" HPOS="824"/>
<SP HEIGHT="39" WIDTH="31" VPOS="3868" HPOS="961"/>
<String CONTENT="The" HEIGHT="41" WIDTH="100" VPOS="3868" HPOS="993"/>
<SP HEIGHT="39" WIDTH="29" VPOS="3870" HPOS="1094"/>
<String CONTENT="Walter" HEIGHT="41" WIDTH="186" VPOS="3869" HPOS="1124"/>
<SP HEIGHT="40" WIDTH="28" VPOS="3869" HPOS="1311"/>
<String CONTENT="Hines" HEIGHT="42" WIDTH="155" VPOS="3869" HPOS="1340"/>
<SP HEIGHT="39" WIDTH="28" VPOS="3872" HPOS="1496"/>
<String CONTENT="Page" HEIGHT="48" WIDTH="130" VPOS="3872" HPOS="1525"/>
<SP HEIGHT="31" WIDTH="30" VPOS="3881" HPOS="1656"/>
<String CONTENT="school" HEIGHT="41" WIDTH="163" VPOS="3870" HPOS="1687"/>
<SP HEIGHT="40" WIDTH="29" VPOS="3870" HPOS="1851"/>
<String CONTENT="of" HEIGHT="41" WIDTH="51" VPOS="3869" HPOS="1881"/>
<SP HEIGHT="39" WIDTH="30" VPOS="3869" HPOS="1933"/>
<String CONTENT="international" HEIGHT="41" WIDTH="348" VPOS="3869" HPOS="1964"/>
<SP HEIGHT="39" WIDTH="34" VPOS="3869" HPOS="2313"/>
<String CONTENT="relations," HEIGHT="85" WIDTH="1974" VPOS="3881" HPOS="424"/>
<SP HEIGHT="45" WIDTH="29" VPOS="3921" HPOS="617"/>
<String CONTENT="the" HEIGHT="41" WIDTH="81" VPOS="3920" HPOS="647"/>
<SP HEIGHT="41" WIDTH="29" VPOS="3920" HPOS="729"/>
<String CONTENT="Johns" HEIGHT="43" WIDTH="153" VPOS="3920" HPOS="759"/>
<SP HEIGHT="40" WIDTH="29" VPOS="3923" HPOS="913"/>
<String CONTENT="Hopkins" HEIGHT="50" WIDTH="221" VPOS="3923" HPOS="943"/>
<SP HEIGHT="29" WIDTH="28" VPOS="3936" HPOS="1165"/>
<String CONTENT="university." HEIGHT="47" WIDTH="286" VPOS="3926" HPOS="1194"/>
</TextLine>
<TextLine HEIGHT="61" WIDTH="1988" VPOS="3970" HPOS="425">
<String CONTENT="&#169;" HEIGHT="52" WIDTH="52" VPOS="3970" HPOS="425"/>
<SP HEIGHT="52" WIDTH="32" VPOS="3970" HPOS="478"/>
<String CONTENT="Dec." HEIGHT="40" WIDTH="111" VPOS="3976" HPOS="511"/>
<SP HEIGHT="38" WIDTH="30" VPOS="3978" HPOS="623"/>
<String CONTENT="13," HEIGHT="46" WIDTH="68" VPOS="3977" HPOS="654"/>
<SP HEIGHT="44" WIDTH="33" VPOS="3979" HPOS="723"/>
<String CONTENT="1932;" HEIGHT="49" WIDTH="139" VPOS="3976" HPOS="757"/>
<SP HEIGHT="46" WIDTH="33" VPOS="3979" HPOS="897"/>
<String CONTENT="2c." HEIGHT="41" WIDTH="66" VPOS="3979" HPOS="931"/>
<SP HEIGHT="29" WIDTH="33" VPOS="3991" HPOS="998"/>
<String CONTENT="and" HEIGHT="38" WIDTH="96" VPOS="3983" HPOS="1032"/>
<SP HEIGHT="38" WIDTH="30" VPOS="3983" HPOS="1129"/>
<String CONTENT="aff." HEIGHT="39" WIDTH="82" VPOS="3981" HPOS="1160"/>
<SP HEIGHT="37" WIDTH="33" VPOS="3983" HPOS="1243"/>
<String CONTENT="Dec." HEIGHT="39" WIDTH="109" VPOS="3983" HPOS="1277"/>
<SP HEIGHT="38" WIDTH="33" VPOS="3984" HPOS="1387"/>
<String CONTENT="22;" HEIGHT="47" WIDTH="85" VPOS="3984" HPOS="1421"/>
<SP HEIGHT="47" WIDTH="34" VPOS="3984" HPOS="1507"/>
<!-- cceid 112325A0-6D7D-1014-B4A5-D7A31D17AB40 --><String CONTENT="A" HEIGHT="41" WIDTH="40" VPOS="3984" HPOS="1542"/>
<SP HEIGHT="42" WIDTH="32" VPOS="3983" HPOS="1583"/>
<String CONTENT="58519;" HEIGHT="48" WIDTH="170" VPOS="3981" HPOS="1616"/>
<SP HEIGHT="46" WIDTH="36" VPOS="3983" HPOS="1787"/>
<String CONTENT="Johns" HEIGHT="40" WIDTH="153" VPOS="3982" HPOS="1824"/>
<SP HEIGHT="39" WIDTH="32" VPOS="3983" HPOS="1978"/>
<String CONTENT="Hopkins" HEIGHT="48" WIDTH="221" VPOS="3981" HPOS="2011"/>
<SP HEIGHT="37" WIDTH="34" VPOS="3992" HPOS="2233"/>
<String CONTENT="press." HEIGHT="39" WIDTH="145" VPOS="3990" HPOS="2268"/>
</TextLine>
<TextLine HEIGHT="50" WIDTH="248" VPOS="4031" HPOS="505">
<String CONTENT="(33-1233)" HEIGHT="50" WIDTH="248" VPOS="4031" HPOS="505"/>
</TextLine>
</TextBlock>
</PrintSpace>
</Page>
</Layout>
</alto>