2563 4368
1299 4077 135 57 1726

368 453 189 63 Ryan,
589 450 346 65 Genevieve,
966 457 170 51 1901-

436 529 94 53 An
560 529 351 68 experiment
938 530 59 52 in
1025 528 509 54 class-instruction
1562 548 193 34 versus
1782 528 580 69 independent-study

368 604 1993 72 at college level, by Genevieve Ryan … Baltimore, Md.
373 685 260 66 [Printed
659 685 76 66 by
760 685 57 55 J.
845 684 271 67 Ruzicka]
1151 687 149 50 1932.

438 756 712 50 4 p. l., 42 p. diagr. 24ᶜᵐ.
439 813 173 41 Thesis
639 814 93 48 (ED.
768 812 292 49 D.)—Johns
1093 812 223 49 Hopkins
1349 812 285 49 university,
1668 811 129 42 1932.

440 870 376 48 Bibliography:
846 881 44 37 p.
934 869 176 50 [39]-42.

374 924 52 52 ©
450 927 102 41 Oct.
576 928 67 47 13,
667 926 114 42 1932;
832 927 68 41 2c.
925 927 102 40 Oct.
1051 927 54 40 17;
1159 926 81 39 aff.
1266 925 102 41 Oct.
1391 926 55 40 31;
1500 926 41 38 A
1565 926 142 40 56861;
1763 926 53 41 G.
1841 927 152 48 Ryan,
2020 924 342 49 Emmitsburg,

441 985 97 39 Md.
608 983 280 49 (32-32743)

368 1087 217 64 Sandy,
615 1086 265 66 Isabelle,
914 1092 171 49 1886-

502 1162 1858 69 … L’homme qui fabriquait de l’or. Paris, Éditions de la
368 1242 546 68 Madeleine [ ᶜ 1932 ]
440 1314 752 51 3 p. l., [9]-285 p., 1 l. 20 ᶜᵐ .
441 1372 251 41 Half-title:
755 1371 244 41 L’homme
1029 1371 84 49 qui
1144 1370 272 50 fabriquait
1448 1372 58 40 de
1539 1372 91 40 l’or
1670 1373 84 47 (ou
1787 1372 258 41 L’histoire
2078 1373 58 39 de
2168 1372 195 41 Nicolas

372 1429 185 41 Flamel
584 1432 49 39 et
661 1430 58 40 de
747 1430 139 40 dame
916 1428 245 49 Pernelle)

371 1485 1986 60 © July 15, 1932; 1c Sept. 26; A— Foreign 18126; Éditions de la
442 1552 281 40 Madeleine.
796 1551 279 47 (32-32798)

369 1658 251 66 Shelley,
650 1660 220 64 James,
906 1664 171 50 1884-

442 1734 233 70 Speech,
708 1742 218 62 poetry,
960 1737 112 53 and
1103 1737 226 67 drama;
1365 1756 31 33 a
1428 1755 122 35 new
1583 1736 289 68 approach
1904 1743 57 45 to
1994 1736 237 68 literary
372 1754 1966 127 appreciation

724 1814 94 53 for
854 1814 236 68 schools,
1126 1814 256 68 colleges,
1419 1816 112 52 and
1569 1815 197 52 drama
1805 1827 212 55 groups
2066 1813 297 69 (designed

371 1899 57 47 to
466 1892 66 53 be
570 1894 137 52 used
746 1910 59 36 as
846 1911 70 34 an
956 1891 376 69 explanatory
1371 1898 120 47 text
1531 1897 57 48 to
1631 1910 344 50 accompany
2016 1892 94 53 the
2149 1892 212 67 spoken

371 1970 1966 147 records) by James Shelley … with a foreword by J. J. Findlay …
634 2049 139 53 New
805 2048 177 67 York,
1015 2048 251 68 Chicago
1303 2054 137 62 [etc.]
1478 2049 121 52 The
1630 2049 196 67 Gregg
1856 2047 332 69 publishing
371 2067 1968 129 company
561 2130 192 65 [ᶜ1932]

509 2230 9 17 xv,
548 2199 85 40 173
662 2211 44 36 p.
765 2199 154 46 diagr.
978 2198 147 41 20½ᶜᵐ.

377 2253 52 52 ©
458 2257 103 41 Oct.
587 2256 58 40 26,
685 2255 112 41 1932;
855 2256 68 40 2c.
952 2258 94 38 and
1075 2255 83 41 aff.
1186 2255 101 41 Oct.
1317 2256 54 40 31;
1431 2255 40 39 A
1499 2255 142 41 56811;
1702 2255 158 48 Gregg
1887 2256 107 47 pub.
2024 2264 68 31 co.
451 2312 280 50 (32-32791)

372 2416 324 65 Shepherd,
723 2417 124 54 Lou
875 2417 72 54 A.

441 2495 56 52 A
527 2495 135 66 plan
695 2493 93 52 for
816 2493 266 69 teaching
1109 2495 283 67 language
1421 2493 112 53 and
1562 2492 295 53 literature
1887 2492 58 53 in
1975 2492 96 53 the
2098 2491 126 55 first
2253 2492 112 52 and

371 2568 1812 71 second grades [by] Lou A. Shepherd … Des Moines, Ia.,
372 2568 1969 134 Wallace
517 2648 334 69 publishing
876 2666 280 50 company
1187 2682 13 34 [
1227 2651 134 49 ᶜ1932
1366 2681 12 34 ]

443 2721 100 49 viii,
572 2722 85 40 120
685 2733 44 37 p.
787 2721 117 41 20ᶜᵐ.

443 2779 115 39 Two
596 2779 167 39 charts
797 2778 81 40 for
915 2779 75 39 1st
1027 2779 95 39 and
1158 2778 61 39 2d
1258 2777 173 47 grades
1468 2777 50 39 in
1556 2777 196 46 pockets
1788 2777 171 47 pasted
1996 2787 62 30 on
2094 2773 137 45 front
2268 2779 95 39 and

373 2835 122 41 back
520 2845 179 31 covers.

444 2890 234 43 Contains
704 2889 391 49 bibliographies.

379 2944 52 52 ©
457 2948 103 41 Oct.
585 2947 68 47 20,
682 2946 112 41 1932;
850 2947 67 40 2c.
946 2946 102 40 Oct.
1074 2946 54 40 31;
1186 2946 83 40 aff.
1297 2945 104 41 Oct.
1426 2945 59 40 29;
1539 2946 40 39 A
1607 2946 141 40 55751;
1807 2947 216 41 Wallace
2050 2945 108 50 pub.
2187 2957 66 30 co.

456 3003 278 50 (32-32856)

374 3105 214 65 Smith,
617 3104 254 55 William
900 3105 273 64 Orlando,
1206 3110 323 50 1859-1932.

446 3181 171 68 Fifty
648 3200 162 49 years
842 3181 63 52 of
937 3181 271 68 rhyming
1241 3183 111 52 and
1386 3202 69 33 an
1490 3183 475 67 autobiography,
1995 3183 75 66 by
2100 3182 261 56 William

379 3257 68 55 O.
475 3258 188 56 Smith;
720 3259 189 53 edited
932 3259 76 67 by
1032 3260 65 51 P.
1121 3259 64 52 L.
1214 3258 205 55 Smith.
1479 3260 479 66 Punxsutawney,
1982 3261 231 64 Penna.,
2239 3260 121 52 The

378 3334 187 70 Spirit
597 3335 335 68 publishing
965 3353 295 49 company,
1297 3339 150 50 1932.

449 3406 1067 51 4 p. l., 204, [3] p. front. (port.) 23½ᶜᵐ.
453 3463 128 41 “The
615 3473 163 32 verses
812 3463 267 49 appearing
1109 3464 51 39 in
1193 3463 100 41 this
1328 3465 121 40 book
1482 3476 84 30 are
1600 3466 147 41 taken
1779 3465 129 41 from
1942 3466 82 40 the
2058 3465 104 41 files
2197 3465 52 41 of
2281 3467 82 40 the

383 3518 153 50 Spirit
562 3531 113 31 over
701 3531 28 29 a
755 3521 168 48 period
950 3520 51 40 of
1027 3519 147 41 about
1199 3520 112 48 fifty
1339 3521 306 47 years.”—3d
1672 3522 185 48 prelim,
1887 3522 113 40 leaf.

381 3573 52 52 ©
460 3579 119 40 Nov.
606 3578 40 46 6,
674 3577 113 41 1932;
844 3577 66 40 2c.
940 3578 94 38 and
1064 3576 82 41 aff.
1173 3577 116 38 Nov.
1320 3578 25 39 8;
1403 3577 42 39 A
1472 3577 146 41 55866;
1676 3577 154 48 Spirit
1857 3579 108 47 pub.
1994 3588 66 30 co.

455 3633 279 49 (32-32786)

377 3727 188 54 South
594 3727 232 54 Dakota
855 3727 111 53 and
995 3727 185 53 North
1207 3733 236 46 western
1471 3728 203 68 digest,
1701 3730 266 68 covering
1995 3731 76 51 all
2098 3748 148 35 cases

447 3746 1886 126 reported
696 3805 58 52 in
803 3805 181 55 South
1030 3805 228 51 Dakota
1305 3812 237 61 reports,
1589 3807 186 52 North
1822 3812 238 47 western
2105 3812 254 63 reporter

449 3883 113 52 and
590 3883 76 52 all
695 3883 63 53 of
782 3883 95 53 the
903 3883 187 52 North
1117 3889 237 47 western
1379 3888 172 49 states
1579 3890 221 63 reports
1830 3884 152 53 from
2010 3885 96 51 the
2132 3884 223 52 earliest

448 3959 182 68 times,
666 3959 139 54 with
842 3966 228 48 current
1106 3960 343 54 cumulative
1484 3962 200 67 pocket
1721 3962 208 53 service
1963 3963 245 68 keeping
2243 3961 114 53 this
