2563 4368
1296 4050 136 54 1680

424 510 798 53 viii p., 1 l. , 266 p. ports. 23 ᶜᵐ.
356 567 52 54 ©
435 573 102 40 Oct.
563 571 69 46 12,
659 570 112 41 1932;
827 569 66 40 2c.
919 569 95 40 and
1040 567 80 40 aff.
1147 568 118 38 Nov.
1293 568 25 37 7;
1374 566 39 38 A
1440 563 143 41 56937;
1641 560 427 43 Swiss-American
2093 559 249 43 historical

425 638 108 38 soc.,
560 627 128 40 Villa
716 626 143 40 Park.
888 625 75 40 Ill.
1033 623 279 48 (32-31737)

354 704 206 66 Sykes,
591 702 211 64 Mabel,
836 705 170 50 1868-

423 767 1925 79 Plane geometry, by Mabel Sykes … Clarence E. Comstock
447 847 1903 71 … and Charles M. Austin … New York, Chicago [etc.] Rand,
354 932 892 71 McNally & company [ ᶜ1 932]
462 1000 1022 57 x, 460 p. incl. front., illus., diagrs. 19½ ᶜᵐ.
428 1065 136 41 Scale
590 1064 49 39 in
664 1063 172 49 pocket
860 1061 228 40 mounted
1114 1070 60 30 on
1199 1057 135 42 front
1358 1055 338 51 lining-paper.

363 1119 51 52 ©
442 1122 128 48 Sept.
597 1121 55 39 26,
693 1119 113 41 1932;
862 1119 65 39 2c.
955 1118 117 41 Nov.
1100 1118 25 39 5;
1183 1115 81 42 aff.
1291 1116 118 39 Nov.
1436 1116 26 37 4;
1518 1115 42 38 A
1586 1113 143 42 56908;
1786 1114 154 46 Rand,
1971 1112 222 48 McNally
2221 1113 35 39 &
2284 1123 66 30 co.

436 1178 278 48 (32-31893)

354 1252 382 67 Tewksbury,
766 1249 224 55 Donald
1023 1249 244 64 George,
1301 1252 170 50 1894-

427 1331 120 51 The
584 1328 286 68 founding
904 1327 63 53 of
1003 1327 305 53 American
1343 1324 237 69 colleges
1615 1325 112 52 and
1762 1324 356 54 universities
2155 1323 195 55 before

357 1408 95 53 the
485 1406 134 55 civil
653 1426 135 47 war,
822 1407 140 53 with
996 1403 315 69 particular
1346 1402 284 54 reference
1664 1410 56 45 to
1754 1403 95 52 the
1882 1401 269 68 religious
358 1401 1965 140 influences

359 1480 1968 154 bearing upon the college movement, by Donald G. Tewksbury …
687 1561 314 54 Published
1046 1561 141 52 with
1233 1560 94 52 the
1376 1559 281 69 approval
1702 1557 64 54 of
1811 1558 303 54 Professor
2159 1559 67 53 E.
2272 1560 76 52 H.

360 1642 251 68 Reisner,
639 1659 252 49 sponsor.
968 1641 136 52 New
1133 1640 164 52 York
1325 1638 134 68 city,
1486 1638 277 53 Teachers
1794 1637 227 68 college,
2053 1636 294 55 Columbia

362 1720 329 68 university,
722 1722 150 52 1932.

363 1772 1973 119 x p., 1 l ., 254 p. incl. front., maps. 23½ᶜᵐ. (Teachers college. Columbia
572 1849 285 46 university.
916 1846 365 42 Contributions
1311 1848 48 38 to
1388 1845 272 49 education,
1688 1856 74 30 no.
1792 1845 110 48 543)

434 1907 169 39 Issued
631 1906 103 39 also
762 1916 54 29 as
847 1903 150 42 thesis
1036 1904 14 47 (PH.
1224 1903 13 46 D.)
1276 1901 249 42 Columbia
1558 1900 284 50 university.

431 1962 348 48 Bibliography
797 1973 8 27 :
839 1972 43 37 p.
912 1959 215 43 223-254.

365 2014 52 54 ©
454 2020 115 46 July
604 2018 55 40 25,
710 2017 113 41 1932;
886 2017 66 40 2c.
990 2015 102 41 Oct.
1129 2016 55 38 24;
1250 2015 81 40 aff.
1372 2014 101 40 Oct.
1511 2016 22 36 1;
1601 2015 41 38 A
1678 2014 143 40 55664;
1888 2014 239 40 Teachers
2164 2014 191 49 college,

434 2074 249 41 Columbia
711 2073 128 40 univ.
910 2072 279 48 (32-31766)

361 2151 209 51 Texas.
643 2149 277 67 Supreme
951 2154 177 50 court.

434 2225 120 53 The
594 2226 183 51 Texas
819 2229 248 63 reports:
1114 2242 148 35 cases
1306 2223 291 69 adjudged
1637 2224 59 51 in
1736 2224 96 51 the
1876 2225 273 66 Supreme
2191 2228 159 48 court

365 2303 152 52 from
550 2303 280 66 January,
866 2304 150 66 1931,
1051 2310 57 44 to
1140 2304 168 65 June,
1345 2305 148 49 1931.
1570 2301 289 70 Reported
1894 2302 73 68 by
2000 2302 72 53 A.
2107 2303 67 53 E.
362 2302 1966 138 Wilkinson,

606 2378 1746 71 L. K. Smoot. V. 120 … [Austin, Tex.] State of Texas,
368 2462 149 51 1932.

432 2532 100 49 xix,
560 2533 57 40 708
670 2544 44 36 p.
769 2533 55 40 23½ᶜᵐ.

369 2580 1987 59 © Dec. 2, 1932; 2c. Dec. 8; aff. Dec. 6; A 57394; L. K. Smoot, Austin.
366 2663 217 56 United
612 2664 203 54 States
842 2662 277 56 institute
1146 2665 96 52 for
1268 2664 207 54 textile
1503 2664 296 64 research,
1827 2665 110 53 inc.

434 2740 221 52 Textile
703 2739 284 67 research;
1037 2758 31 34 a
1118 2758 203 50 survey
1371 2739 66 53 of
1484 2757 279 53 progress,
1812 2737 278 70 compiled
2138 2736 75 71 by
2260 2738 97 53 the

367 2814 215 57 United
622 2816 188 55 States
846 2815 258 54 institute
1145 2817 91 51 for
1274 2815 195 57 textile
1506 2817 271 69 research,
1814 2816 106 53 inc.
1998 2813 358 71 Cambridge,

367 2892 359 70 Technology
750 2911 172 50 press,
944 2892 437 55 Massachusetts
1403 2892 260 57 institute
1685 2893 64 53 of
1770 2893 353 69 technology,
2150 2895 149 49 1932.

435 2961 808 53 xxi, 264 p. illus., plates. 24 ᶜᵐ.
438 3020 181 40 “Index
641 3020 53 40 of
716 3020 242 41 abstracts
982 3021 95 41 and
1099 3019 349 51 bibliography,
1472 3021 184 42 Official
1679 3022 204 41 bulletin
1906 3023 51 40 of
1981 3022 55 41 U.
2061 3021 45 41 S.
2131 3020 226 43 institute

366 3072 1990 57 for textile research, inc., vol. I , nos. 1-10, 1931, compiled by C. H. Clark,
367 3132 274 49 secretary”
660 3143 10 29 :
697 3143 42 37 p.
767 3133 201 39 255-264;
1024 3132 347 41 “References”
1400 3137 51 37 at
1476 3135 90 39 end
1593 3135 51 39 of
1668 3136 124 38 most
1819 3134 51 39 of
1896 3135 81 40 the
2004 3133 239 49 chapters.

373 3188 52 53 ©
457 3192 100 41 Oct.
589 3193 54 39 21,
688 3192 113 41 1932;
861 3192 66 39 2c.
958 3192 96 41 and
1086 3192 81 41 aff.
1200 3192 99 40 Oct.
1334 3193 81 45 24;
1450 3194 40 38 A
1522 3192 170 48 56648;
1726 3193 178 40 United
1940 3193 161 40 States
2133 3190 226 42 institute

439 3248 79 40 for
545 3248 167 41 textile
737 3249 240 41 research,
1002 3248 104 47 inc.,
1134 3249 194 39 Boston.
1400 3248 279 50 (32-31549)

425 3339 155 48 Verne,
614 3323 181 65 Jules,
831 3327 323 53 1828-1905.

440 3400 238 66 Twenty
719 3398 281 55 thousand
1046 3401 224 67 leagues
1314 3401 178 53 under
1534 3400 95 55 the
1671 3419 109 48 sea,
1819 3399 75 69 by
1937 3397 160 56 Jules
2138 3399 216 68 Verne;

372 3476 137 53 with
549 3494 72 35 an
659 3475 388 54 introduction
1083 3477 76 67 by
1196 3478 166 52 Felix
1399 3476 345 71 Riesenberg
1782 3477 113 54 and
1932 3495 31 35 a
2001 3477 256 67 glossary
2295 3475 64 53 of

372 3553 256 68 deep-sea
674 3551 132 67 life;
854 3552 247 68 original
1145 3554 377 55 illustrations
1565 3554 75 70 by
1684 3555 197 52 Anton
1925 3554 138 54 Otto
2108 3552 249 55 Fischer.

371 3629 423 69 Philadelphia,
837 3628 250 69 Chicago
1152 3633 118 64 [etc.]
1315 3631 122 52 The
1475 3631 156 54 John
1673 3631 62 55 C.
1775 3631 265 54 Winston
2080 3646 279 53 company

378 3709 191 64 [ ᶜ1 932]
599 3775 1318 55 1 p. l., v-x, 385 p. col. front., illus., col. plates. 22ᶜᵐ.
444 3834 286 40 Illustrated
760 3832 346 49 lining-papers

378 3883 52 55 ©
460 3889 102 42 Oct.
590 3890 69 46 28,
689 3889 113 41 1932;
858 3890 68 39 2c.
956 3889 117 41 Nov.
1102 3890 26 38 2;
1187 3889 81 41 aff.
1298 3891 118 40 Nov.
1445 3891 29 39 9;
1531 3892 40 39 A
1600 3891 142 41 55894;
1802 3892 127 40 John
1960 3892 49 40 C.
2040 3889 221 42 Winston
2291 3901 68 30 co.

449 3940 68 54 [©
545 3945 341 47 illustrations,
912 3945 329 41 introduction
1270 3947 94 38 and
1392 3946 235 52 glossary]
1698 3947 278 49 (32-31609)
