2563 4368
1332 4113 136 52 1954

373 496 218 64 Brady,
619 496 155 53 John
804 495 217 64 Edson,
1050 495 83 53 ed.

448 574 120 51 The
609 572 220 53 federal
866 573 165 51 home
1070 574 132 50 loan
1239 572 153 52 bank
1431 577 115 61 act;
1590 591 73 33 an
1700 576 89 49 act
1825 576 59 48 to
1922 575 184 49 create
2143 571 221 54 federal

376 651 163 52 home
573 652 133 51 loan
739 651 197 66 banks,
969 656 57 48 to
1060 651 239 68 provide
1331 650 95 53 for
1460 651 95 52 the
1587 650 357 69 supervision
1978 650 241 68 thereof,
2254 650 113 52 and

377 729 94 52 for
496 728 162 53 other
683 746 291 50 purposes,
1000 729 189 52 edited
1213 729 77 67 by
1311 730 157 53 John
1494 728 197 53 Edson
1716 729 214 67 Brady.
2007 727 363 69 Cambridge,

375 805 190 67 Mass.,
595 805 120 53 The
742 806 272 69 Banking
1042 808 109 51 law
1179 806 247 69 journal,
1458 809 149 49 1932.

445 880 307 48 63 p. 23 ᶜᵐ .
380 932 52 52 ©
459 937 117 40 Nov.
603 935 68 43 10,
698 935 113 41 1932;
867 935 68 42 2c.
962 938 95 38 and
1085 936 81 42 aff.
1194 937 111 39 Dec.
1333 935 54 40 12;
1444 936 42 39 A
1512 936 146 41 57446;
1712 937 44 40 J.
1784 938 54 39 E.
1866 936 179 47 Brady,
2073 934 301 51 Cambridge,

449 994 146 40 Mass.

379 1083 182 65 Buck,
590 1086 139 53 Mrs.
761 1084 171 53 Pearl
972 1084 515 66 (Sydenstricker)

381 1159 1967 148 Sons, by Pearl S. Buck. New York, The John Day company [ ᶜ193 2]
449 1313 717 49 4 p. l. , 3-467, [1] p. 21½ ᶜᵐ .
453 1368 1925 49 “This first edition … consists of three hundred and seventy-one
382 1426 161 48 copies
583 1426 167 47 signed
794 1427 60 47 by
897 1427 81 40 the
1021 1427 191 46 author,
1257 1426 52 40 of
1350 1426 157 41 which
1551 1427 111 48 fifty
1705 1427 158 48 copies
1906 1436 83 31 are
2034 1429 223 38 reserved
2300 1427 79 40 for

382 1483 346 47 presentation.
788 1484 86 40 No.
906 1483 59 40 68
982 1482 23 17 ”

386 1535 52 52 ©
473 1540 127 47 Sept.
631 1539 69 47 24,
734 1539 140 47 1932;
907 1539 68 42 2c.
1008 1540 101 41 Oct.
1142 1540 52 48 5;
1229 1538 80 43 aff.
1345 1540 102 40 Oct.
1479 1541 53 46 4;
1567 1541 40 39 A
1639 1540 171 48 56237;
1844 1540 51 41 P.
1931 1540 44 41 S.
2009 1540 148 47 Buck,
2193 1541 185 47 Ithaca,

453 1595 55 41 N.
533 1597 54 40 Y.

385 1699 204 66 Cabot,
619 1701 139 53 Mrs.
790 1701 130 53 Ella
956 1700 289 66 (Lyman)
1287 1705 172 50 1866-

458 1774 1923 71 Our part in the world, by Ella Lyman Cabot … Rev. ed.
387 1853 232 68 Boston,
644 1853 188 67 Mass.,
856 1854 122 54 The
1003 1854 224 53 Beacon
1250 1872 172 49 press,
1448 1853 126 68 inc.,
1603 1856 150 54 1932.

455 1923 1927 52 4 p. l. , vii-xiv, 187 p. 21 ᶜᵐ . (Half-title: The new Beacon course of
385 1980 182 49 graded
595 1980 211 48 lessons)

392 2037 1990 52 © Oct. 17, 1932; 2c. Oct. 18; aff. Dec. 29; A 58607: Beacon press, inc.
470 2097 250 49 (33-2055)

390 2200 275 64 Dickens,
697 2201 263 55 Charles.

523 2276 1858 70 … The works of Charles Dickens. Prospectus. New York,
391 2354 1128 70 P. F. Collier & son company [ ᶜ193 2 ]
466 2427 946 51 [64] p. front. (port.) plates. 21 ᶜᵐ .
395 2481 53 52 ©
478 2486 102 41 Oct.
609 2485 68 43 26.
708 2484 112 42 1932;
879 2486 67 39 2c.
975 2486 116 39 Nov.
1122 2485 54 40 10;
1234 2484 82 41 aff.
1347 2484 102 42 Oct.
1478 2483 57 41 29;
1593 2485 40 39 A
1662 2483 142 42 56962;
1865 2485 51 41 P.
1947 2485 50 38 F.
2029 2484 176 41 Collier
2235 2486 36 40 &
2301 2495 85 31 son

463 2551 70 34 co.

393 2644 245 65 Dreyer,
669 2646 158 65 Max,
859 2652 170 49 1862-

463 2721 251 68 Tapfere
755 2721 186 55 kleine
980 2721 234 69 Renate,
1254 2740 197 36 roman
1493 2740 109 34 von
1642 2721 140 53 Max
1824 2721 231 67 Dreyer.
2133 2719 255 69 Leipzig,

396 2798 64 57 L.
492 2796 400 69 Staackmann,
923 2801 150 52 1932.

463 2867 89 41 240
580 2878 43 39 p.
684 2867 146 42 19½ᶜᵐ.

399 2924 1988 52 © Aug. 18, 1932; 1c. Dec. 7; A—Foreign 18920; L. Staackmann verlag,
467 2993 42 38 g.
536 2996 59 29 m.
622 2985 41 39 b.
690 2984 45 41 h.
806 2984 250 49 (33-2552)

400 3086 217 65 Elwell,
650 3088 251 63 Fayette
931 3088 277 56 Herbert.

469 3163 411 69 Bookkeeping
930 3165 94 51 for
1076 3165 190 68 today.
1342 3165 127 68 Key
1520 3170 58 47 to
1627 3165 345 68 elementary
2024 3183 191 34 course
2273 3163 109 69 [by]

400 3241 1679 69 Fayette H. Elwell … Boston, New York [etc.] Ginn
400 3242 1964 144 and company [ ᶜ193 2]
469 3393 581 48 3 p. l. , 3-212 p. 24 ᶜᵐ .
405 3444 52 52 ©
488 3448 102 41 Oct.
620 3448 39 43 6,
688 3447 118 42 1932;
861 3450 68 41 2c.
959 3451 94 39 and
1084 3449 81 42 aff.
1197 3451 101 40 Oct.
1330 3451 55 40 17;
1444 3450 40 39 A
1515 3450 143 40 56544;
1719 3450 126 41 Ginn
1876 3450 36 40 &
1942 3459 67 31 co.

403 3550 268 65 Eubank,
701 3550 149 55 Lulu
881 3552 346 58 Katherine.

474 3628 279 67 Excerpts
781 3628 153 54 from
960 3631 97 52 the
1082 3630 244 69 History
1354 3630 63 53 of
1444 3631 95 52 the
1565 3631 273 51 northern
1865 3629 140 53 neck
2031 3629 63 51 of
2120 3627 269 69 Virginia

466 3706 1926 68 … By Lulu Katherine Eubank … Several chapters from the
404 3782 239 67 history,
667 3784 340 67 concerning
1031 3787 169 65 Mary
1226 3786 131 53 Ball
1380 3786 401 67 Washington,
1807 3785 113 52 and
1946 3784 221 68 George

404 3783 1981 143 Washington … [Baltimore, Md., Fleet-McGinley, inc. (press) 1932]
476 3932 754 49 52, [2] p., 1 l. front. 19½ᶜᵐ.
409 3982 52 54 ©
487 3987 102 42 Oct.
614 3988 69 47 10,
708 3988 113 41 1932;
875 3989 67 41 2c.
968 3992 94 39 and
1088 3991 80 40 aff.
1198 3991 102 41 Oct.
1328 3992 56 39 15;
1438 3992 42 39 A
1504 3992 143 40 55714;
1704 3992 49 40 L.
1781 3992 58 39 K.
1867 3990 217 47 Eubank,
2113 3988 280 41 Richmond.
