2563 4368
1103 4057 133 53 1375

150 441 347 51 Tennessee.
572 437 275 66 Supreme
880 437 173 49 court.

221 503 1917 79 Reports of cases argued and determined … western division,
152 592 173 70 April
348 598 162 48 term.
536 595 132 52 1931;
724 594 220 48 eastern
968 586 265 68 division,
1261 585 331 69 September
1614 590 162 61 term,
1803 586 134 49 1931;
154 582 1959 142 middle

274 670 264 67 division,
567 667 307 56 December
903 671 190 62 terms,
1125 666 325 50 1930-1931.
1523 664 64 51 L.
1619 665 70 52 D.
1725 661 207 69 Smith,
152 668 1963 149 attorney-general

157 742 1981 153 and reporter, v. 163. Columbia, Mo., E. W. Stephens publishing co. [ ᶜ1 932]
222 899 134 44 xxxi,
387 900 84 39 814
502 909 42 37 p.
603 896 55 40 22½ᶜᵐ.

160 953 52 51 ©
241 957 112 47 Apr.
383 955 40 43 9,
453 953 112 42 1932;
622 953 66 40 2c.
719 954 113 46 Apr.
862 952 82 46 11;
976 950 82 40 aff.
1091 950 101 40 Oct.
1223 950 81 46 15;
1338 951 39 37 A
1407 949 170 47 56514;
1612 948 197 41 Central
1840 950 153 38 states
2023 948 125 39 book
226 1023 66 30 co.

155 1088 209 52 Texas.
438 1087 165 51 Laxos
607 1127 12 24 ,
645 1089 257 60 statutes,
929 1089 101 47 etc.

225 1162 277 56 Vernon’s
543 1161 307 53 annotated
890 1160 244 52 Revised
1173 1159 135 55 civil
1347 1158 113 52 and
1500 1157 262 53 criminal
1800 1164 240 47 statutes
2080 1156 64 54 of

158 1244 95 51 the
286 1247 143 47 state
467 1241 62 51 of
565 1240 197 52 Texas.
840 1241 134 50 1932
1010 1236 344 54 cumulative
1393 1237 211 52 annual
1639 1235 205 70 pocket
1879 1243 136 62 part
2049 1236 97 52 for

157 1314 1990 152 general index and tables … Kansas Ci tv. Vernon law book— company [ ᶜ1 932 ]
224 1471 239 50 54 p. 25 ᶜᵐ.
231 1528 292 41 Cover-title.

230 1584 118 41 This
371 1583 247 49 pamphlet
640 1583 41 39 is
706 1585 49 37 to
778 1582 57 39 be
858 1581 140 41 fitted
1020 1581 102 40 into
1148 1581 82 40 the
1252 1580 174 48 pocket
1448 1583 52 38 at
1525 1580 81 41 the
1631 1579 124 41 back
1780 1580 52 39 of
1855 1580 82 40 the
1961 1579 191 41 volume

158 1641 51 38 of
235 1641 81 39 the
342 1647 72 33 set
441 1645 48 35 to
516 1639 158 39 which
700 1639 39 38 if
765 1638 209 47 belongs.

164 1691 1989 54 © July 29, 1932; 1c. and aff. Oct. 3; 1c. Oct. 4; A 55420; Vernon law
231 1753 122 40 book
378 1763 66 29 co.

158 1829 245 63 Turner,
433 1828 253 52 Edward
714 1827 328 63 Raymond.

230 1905 119 52 The
399 1904 223 53 cabinet
670 1902 220 54 council
938 1903 64 53 of
1052 1903 271 69 England
1371 1901 60 54 in
1478 1903 96 52 the
1623 1903 362 53 seventeenth
2037 1902 112 53 and

161 1983 327 69 eighteenth
519 1981 294 69 centuries,
847 1981 325 67 1622-1784,
1202 1981 75 69 by
1309 1981 254 53 Edward
1593 1982 304 66 Raymond
1927 1982 224 52 Turner

225 2059 1926 70 … Edited by Gaudence Megaro … with an introduction by
164 2138 1984 69 E. R. Adair … v. 2. Baltimore, The Johns Hopkins press;
163 2218 257 65 London,
447 2217 346 67 Humphrey
821 2216 267 55 Milford,
1119 2216 230 55 Oxford
1377 2217 319 55 university
1724 2234 175 50 press,
1933 2219 149 50 1932.

229 2290 401 49 xix. 480 p. 24 ᶜᵐ.
169 2342 52 53 ©
250 2348 102 40 Oct.
380 2347 69 47 12,
476 2345 113 41 1932;
646 2345 67 41 2c.
742 2347 96 38 and
866 2345 82 40 aff.
978 2345 100 41 Oct.
1109 2346 55 39 17;
1222 2346 41 38 A
1289 2346 144 40 56517;
1492 2346 153 40 Johns
1675 2344 221 50 Hopkins
1925 2355 151 39 press.

166 2420 278 66 Waddell,
473 2419 245 56 Charles
745 2419 235 65 Wilkin,
1012 2421 171 52 1875-
1394 2421 83 52 ed.

234 2495 193 69 Major
450 2496 154 55 units
631 2498 61 52 in
716 2499 95 52 the
837 2497 173 54 social
1034 2496 214 55 studies
1274 2498 95 53 for
1393 2498 96 53 the
1515 2497 394 54 intermediate
1937 2499 219 67 grades,

168 2575 187 54 edited
391 2575 75 68 by
507 2576 235 55 Charles
780 2577 89 53 W.
908 2575 284 68 Waddell,
1234 2574 247 55 Corinne
1518 2578 72 53 A.
1632 2576 171 56 Seeds
1848 2577 150 67 [and]
167 2577 1965 129 Natalie

333 2652 1749 70 White … New York, The John Day company [1932]
237 2725 1043 49 4 p. l., 390 p., 1 l. illus., plates. 21ᶜᵐ.
244 2782 145 41 “This
418 2783 190 40 volume
639 2783 52 40 of
719 2781 296 42 curriculum
1045 2782 186 40 studies
1262 2786 274 45 represents
1569 2783 82 41 the
1680 2783 135 40 work
1846 2783 52 40 of
1930 2784 82 39 the
2042 2783 116 41 staff

171 2839 53 41 of
258 2840 82 39 the
372 2839 339 41 intermediate
743 2840 174 47 grades
950 2839 52 40 of
1035 2840 82 40 the
1149 2840 297 48 elementary
1480 2841 162 40 school
1676 2840 52 41 of
1762 2841 82 39 the
1879 2841 278 48 University

171 2896 52 40 of
253 2895 270 42 California
554 2898 51 38 at
635 2896 93 41 Los
758 2895 462 50 Angeles.”—Verso
1251 2897 51 39 of
1333 2897 75 40 1st
1439 2897 185 49 prelim,
1653 2897 116 42 leaf.

242 2952 224 41 Includes
492 2952 389 49 bibliographies.

178 3007 51 51 ©
262 3011 119 47 Aug.
416 3011 68 44 18,
520 3010 112 40 1932;
696 3011 67 40 2c.
801 3011 128 48 Sept.
964 3013 52 45 3;
1056 3010 81 41 aff.
1171 3013 120 47 Aug.
1325 3012 83 46 31;
1447 3014 40 37 A
1521 3011 172 49 54629;
1732 3013 47 41 C.
1817 3012 73 42 W.
1925 3011 237 49 Waddell,

247 3066 206 40 Corinne
479 3068 51 37 A.
565 3067 157 40 Seeds,
752 3068 96 39 and
876 3067 196 40 Natalie
1100 3067 175 48 White,
1306 3069 92 39 Los
1428 3069 219 47 Angeles.
254 3121 277 47 (32-23909)

172 3193 220 66 Walsh,
425 3196 273 66 Thomas,
735 3196 323 69 1875-1928,
1091 3200 83 52 ed.

245 3272 1923 72 The Catholic anthology, by Thomas Walsh … Rev. ed.,
176 3350 140 53 with
355 3350 320 53 additional
710 3370 191 49 poems
940 3354 236 53 selected
1212 3355 76 67 by
1329 3354 223 69 George
1588 3354 70 53 N.
1701 3354 253 56 Shuster.
2029 3355 136 52 New

178 3427 178 67 York,
382 3428 121 53 The
529 3428 335 54 Macmillan
890 3449 298 50 company,
1216 3435 150 49 1932.

244 3501 698 48 xi p., 2 l., 3-584 p. 20 ½ᶜᵐ .
181 3552 52 52 ©
264 3557 125 48 Sept.
417 3559 68 45 13,
513 3556 113 42 1932;
681 3558 68 39 2c.
775 3560 96 38 and
898 3558 82 41 aff.
1010 3560 127 48 Sept.
1164 3561 56 39 14;
1276 3561 42 39 A
1344 3561 142 40 54803;
1545 3561 281 40 Macmillan
1853 3571 68 31 co.
258 3613 279 49 (32-23868)

178 3687 196 64 Ward,
417 3688 318 64 Josephine
778 3690 173 62 Mary
1003 3691 417 64 (Hope-Scott)
1471 3694 172 53 “Mrs.
1686 3694 89 54 W.
1819 3694 63 54 P.
1925 3692 237 63 Ward,”
252 3768 171 51 1864-

249 3842 195 52 Tudor
473 3849 207 49 sunset,
708 3843 76 67 by
808 3844 140 52 Mrs.
977 3843 246 55 Wilfrid
1250 3845 197 54 Ward.
1522 3848 138 51 New
1691 3848 179 67 York,
1899 3849 268 64 Toronto,

181 3918 340 68 Longmans,
552 3920 186 54 Green
765 3921 110 53 and
905 3940 97 48 co.,
1033 3924 149 51 1932.

247 3992 581 51 xvi p., 1 l. , 353 p. 19½ᶜᵐ.
