2563 4368
1176 4089 133 51 1221

306 538 216 48 “Special
550 537 244 40 reference
820 534 335 48 bibliography:
1216 542 43 38 p.
1288 532 174 50 [48]-50;
1518 531 309 41 “Additional
1854 530 245 41 reference
234 531 1971 112 bibliography”:

578 604 43 38 p.
653 593 85 50 [52]

240 649 51 52 ©
318 652 115 48 July
460 653 38 47 1,
526 651 113 40 1932;
693 649 67 41 2c.
787 650 126 39 June
939 648 56 41 30;
1052 648 82 41 aff.
1162 649 114 46 July
1303 648 55 40 23;
1413 648 40 39 A
1481 647 142 40 54243;
1682 645 281 49 University
1992 645 51 41 of
2070 645 154 40 North

308 708 224 41 Carolina
568 718 147 36 press.
787 704 278 48 (32-21488)

235 810 274 64 Farjeon,
545 808 269 55 Eleanor.

308 878 1922 73 The fair of St. James, by Eleanor Farjeon … New York,
237 964 307 53 Frederick
572 962 71 53 A.
679 961 201 56 Stokes
911 979 297 51 company,
1243 964 149 49 1932.

306 1035 1016 53 ix, [1], 310 p. incl. front., illus. 21 ᶜᵐ .
241 1091 51 53 ©
327 1096 119 47 Aug.
480 1094 68 48 22,
584 1093 112 41 1932;
760 1094 66 40 2c.
862 1094 95 39 and
993 1092 82 42 aff.
1110 1093 120 47 Aug.
1263 1092 56 39 25;
1382 1092 40 39 A
1458 1092 143 40 54537;
1667 1093 50 38 E.
1756 1091 224 48 Farjeon,
2016 1091 212 40 London.

318 1151 279 48 (32-21667)

237 1249 318 68 Ferrières,
587 1249 247 58 Charles
860 1240 145 76 Élie,
1031 1250 252 69 marquis
1310 1250 89 66 de,
1431 1250 325 56 1741-1804.

367 1325 1862 70 … Correspondance inédite (1789, 1790, 1791) publiée et
236 1402 1623 71 annotée par Henri Carré … Paris, A. Colin, 1932.
305 1475 1714 51 xvi, 468 p. 23 ᶜᵐ . (Les classiques de la révolution française)
307 1536 65 39 At
395 1536 123 40 head
544 1534 53 40 of
621 1534 106 41 title:
780 1533 221 48 Marquis
1025 1534 57 40 de
1110 1533 261 40 Ferrières.

244 1589 1986 52 © Apr. 20, 1932; 1c. June 21; A—Foreign 17148; Max Leclerc & cie.,
312 1649 151 40 Paris.
535 1648 280 48 (32-21447)

241 1751 234 65 Fidelis,
509 1752 181 52 sister.

369 1826 1862 69 … A study of the vocabulary of some religion texts for the
238 1903 1993 72 elementary school [by] Sister M. Fidelis … Washington,
238 1981 1363 70 D. C., The Catholic education press [ ᶜ19 32 ]
310 2054 1920 51 iv, 42 p. 23 ᶜᵐ . (The Catholic university of America. Educational
240 2111 1100 49 research monographs … vol. VII , no. 3)
312 2167 1917 51 “The texts selected for critical analysis are … ‘The spiritual way’
241 2223 1992 100 series by Mother Bolton, and a series … by Father W. R. Kelly.”—Introd.
314 2335 1918 48 “This study was … accepted by the Graduate school of arts and
241 2394 211 42 sciences
482 2394 52 39 of
563 2394 80 39 the
676 2392 221 41 Catholic
925 2390 272 49 university
1227 2392 49 39 in
1307 2391 180 49 partial
1517 2392 282 41 fulfillment
1829 2394 53 40 of
1911 2396 81 39 the
243 2395 1971 96 requirements

426 2451 80 38 for
534 2450 81 39 the
645 2449 171 47 degree
845 2450 182 38 master
1056 2448 52 40 of
1134 2451 106 37 arts
1271 2447 280 50 [1932]”—p.
1581 2449 67 48 iii,
1678 2450 251 40 foot-note.

316 2507 187 39 “Books
537 2506 49 39 in
622 2506 81 39 the
738 2508 93 37 two
867 2504 151 40 series
1052 2504 234 48 analyzed
1319 2505 50 39 in
1404 2504 99 42 this
1536 2505 173 48 study”:
1775 2518 42 37 p.
1850 2506 41 41 1.

314 2562 346 48 Bibliography:
718 2572 42 37 p.
787 2560 71 42 42.

248 2616 51 52 ©
329 2620 114 47 July
470 2619 69 47 21,
569 2618 112 40 1932;
738 2618 66 40 2c.
834 2617 114 48 July
976 2617 82 47 25;
1090 2616 83 42 aff.
1202 2617 115 47 July
1344 2618 83 46 23;
1457 2619 39 38 A
1527 2619 142 39 54245;
1729 2619 220 42 Catholic
1976 2620 259 42 education

315 2686 149 38 press.
534 2674 277 49 (32-22112)

245 2764 243 69 Finney,
517 2767 200 63 Harry
744 2765 222 65 Anson,
997 2770 168 50 1886-

317 2842 400 54 Introduction
753 2848 58 46 to
847 2841 309 68 principles
1191 2841 65 54 of
1290 2844 357 68 accounting,
1681 2845 75 68 by
1792 2845 77 52 H.
1905 2846 72 51 A.
2015 2846 217 69 Finney

308 2920 1244 69 … New York, Prentice-Hall, inc., 1932.
385 3029 8 15 xv,
422 2994 86 42 649
537 3006 42 38 p.
640 2994 144 41 23½ᶜᵐ.

252 3049 51 52 ©
335 3053 115 47 July
480 3051 69 48 29,
581 3051 138 44 1932;
752 3051 67 41 2c.
851 3052 119 47 Aug.
1001 3052 81 47 10;
1115 3051 81 41 aff.
1227 3052 118 47 Aug.
1378 3052 52 48 9;
1465 3055 39 38 A
1537 3054 170 48 54371;
1741 3055 371 47 Prentice-Hall,
2146 3057 91 39 inc.

329 3108 277 48 (32-21576)

250 3197 246 67 [Fisher,
529 3198 180 64 Hugh
741 3197 275 69 Thomas]

319 3272 387 55 Communism
758 3274 59 52 in
871 3274 180 53 soviet
1103 3275 224 69 Russia,
1377 3277 74 53 its
1505 3277 293 70 challenge
1852 3285 58 47 to
1966 3280 272 69 thinking

246 3350 1765 66 Americans. [Topeka, Kan., Capper printing co., ᶜ19 32]
320 3423 281 47 cover-title,
628 3424 57 38 22
711 3434 44 38 p.
814 3423 145 42 22½ᶜᵐ.

319 3478 201 42 Preface
549 3479 166 48 signed:
773 3480 145 48 Hugh
947 3481 52 41 T.
1030 3480 184 44 Fisher.

256 3531 51 52 ©
341 3538 111 46 Apr.
486 3537 68 46 30,
589 3537 140 47 1932;
764 3539 65 39 2c.
867 3540 92 38 and
995 3538 83 42 aff.
1112 3539 113 48 May
1257 3540 52 47 6;
1346 3541 40 39 A
1420 3541 170 46 51168;
1627 3543 59 40 Η.
1722 3543 51 41 T.
1810 3542 185 49 Fisher,
2031 3543 208 49 Topeka,

323 3593 123 39 Kan.
517 3593 278 47 (32-21444)

252 3681 195 63 Flack,
477 3682 302 64 Marjorie.

320 3756 202 67 Angus
556 3758 125 62 lost,
715 3759 121 52 told
872 3760 111 52 and
1020 3759 259 68 pictured
1315 3759 75 71 by
1423 3762 279 68 Marjorie
1739 3762 193 54 Flack.
2006 3763 231 56 Garden

253 3831 152 68 City,
436 3833 68 52 N.
539 3833 90 67 Y.,
658 3834 356 70 Doubleday,
1044 3837 197 52 Doran
1274 3840 51 50 &
1357 3856 297 52 company,
1687 3840 126 67 inc.,
1848 3843 149 50 1932.

325 3904 1009 52 [32] p. illus. (part col.) 17½ × 25½ᶜᵐ.
324 3960 284 43 Illustrated
640 3964 95 46 t.-p.
770 3965 95 40 and
894 3963 361 50 lining-papers.

325 4016 204 41 “Junior
556 4016 192 44 books.”
