2563 4368
1253 4061 135 50 1138

376 514 604 51 4 p. l., 3-289 p. 19½ᶜᵐ.
317 569 51 52 ©
392 573 117 47 Aug.
534 572 40 47 4,
599 570 139 49 1932;
764 571 67 41 2c.
856 572 94 39 and
974 569 82 41 aff.
1078 569 118 48 Aug.
1221 568 52 48 5;
1300 569 42 39 A
1364 568 168 48 53532;
1559 567 242 42 Winifred
1825 567 201 47 Ashton,
2051 564 249 49 Hunthay,

384 639 120 30 near
524 628 294 48 Axminster,
843 627 179 47 Devon,
1048 626 235 48 England,
1306 627 95 39 and
1424 626 154 40 Helen
1604 623 222 50 Simpson
1848 624 218 46 Browne,
2091 622 211 40 London.

394 684 278 51 (32-19829)

312 787 374 55 Association
713 788 65 53 of
804 786 248 66 railway
1078 785 171 57 claim
1277 788 233 63 agents.

313 857 1966 139 Digest and guide to card index. Copyright … by Association
497 942 63 53 of
587 942 239 67 railway
851 942 169 52 claim
1047 946 212 64 agents.
1348 939 82 55 [St.
1457 940 165 67 Paul]
1657 942 150 50 1932.

383 1015 85 42 321
502 1027 44 38 p.
605 1016 146 40 21½ᶜᵐ.

386 1072 204 41 “Edited
617 1072 62 48 by
705 1072 58 40 D.
790 1072 60 40 H.
877 1070 259 42 Kimball.”

387 1129 69 40 “A
483 1129 232 47 complete
742 1129 96 39 and
866 1128 150 47 ready
1042 1126 246 41 reference
1316 1128 49 39 to
1393 1127 81 40 the
1500 1124 224 50 personal
1751 1124 167 47 injury
1943 1124 109 47 law,
2080 1134 54 29 as
315 1122 1974 113 interpreted
513 1185 63 48 by
607 1186 81 39 the
719 1186 164 39 courts
914 1183 53 41 of
997 1183 186 48 appeal,
1215 1182 79 41 for
1325 1181 82 42 the
1437 1184 114 47 past
1579 1181 189 41 sixteen
1799 1190 155 39 years,
1986 1178 321 51 particularly

315 1252 56 31 as
398 1241 231 49 affecting
654 1242 81 40 the
762 1238 621 43 railroads.”—Foreword.

324 1295 51 52 ©
403 1300 114 47 Apr.
547 1299 69 46 14,
647 1296 139 49 1932;
818 1296 68 43 2c.
917 1298 95 39 and
1042 1296 82 42 aff.
1154 1297 114 47 Apr.
1297 1295 82 48 21;
1414 1296 41 39 A
1482 1294 172 49 49636;
1687 1294 306 41 Association
2023 1294 54 40 of
2106 1291 204 50 railway

391 1356 142 40 claim
564 1357 183 46 agents,
781 1354 67 41 St.
879 1354 135 39 Paul.
1086 1352 279 49 (32-19704)

318 1455 171 57 B.-M.
518 1458 138 53 co.’s
680 1457 344 54 cumulative
1051 1462 227 49 current
1304 1456 133 55 code
1467 1454 380 69 annotations,
1871 1454 247 69 keeping
2142 1471 78 50 up
2247 1457 59 47 to

390 1536 132 52 date
554 1535 197 54 Kerr’s
787 1535 324 68 cyclopedic
1147 1534 325 55 California
1508 1534 181 67 codes,
1722 1532 320 69 Henning’s
2080 1533 226 67 general

388 1614 156 68 laws,
571 1613 159 53 third
758 1613 235 69 edition,
1023 1614 112 51 and
1164 1615 117 51 also
1311 1632 150 35 cases
1490 1612 154 53 from
1673 1612 185 52 Idaho
1889 1612 112 52 and
2029 1611 278 52 Montana

453 1690 1855 70 … bringing decisions down to 83 Cal. dec. 584, 69 Cal. app.
392 1770 116 53 dec.
551 1772 117 65 886,
708 1773 32 48 2
783 1771 120 54 Cal.
945 1788 164 51 supp.
1151 1773 85 64 25,
1279 1776 62 49 11
1384 1772 131 51 Pac.
1570 1770 127 69 (2d)
1752 1773 134 49 1024
1938 1769 371 69 (California,

391 1846 202 69 Idaho,
639 1848 111 52 and
795 1848 277 53 Montana
1115 1848 177 69 cases)
1405 1865 52 35 [v.
1505 1852 82 63 11,
1630 1868 87 33 no.
1765 1852 49 63 2,
1858 1848 247 68 August,
2151 1851 151 62 1932]

391 1926 292 67 Prepared
722 1925 113 53 and
873 1927 308 52 annotated
1217 1927 77 68 by
1332 1929 238 50 Everett
1602 1928 78 52 H.
1717 1929 178 51 Roan.
1974 1927 116 55 San
391 1928 1892 143 Francisco,
584 2003 405 54 Bender-Moss
1019 2022 297 51 company,
1349 2008 149 49 1932.

395 2077 646 49 iii p., 1 l., 260 p. 25ᶜᵐ.
329 2130 51 52 ©
408 2135 127 48 Sept.
559 2135 40 48 1,
624 2133 112 41 1932;
789 2133 65 41 2c.
882 2136 94 39 and
1002 2134 81 41 aff.
1111 2134 127 47 Sept.
1264 2134 52 47 6;
1342 2134 41 39 A
1408 2134 143 41 53944;
1606 2136 341 40 Bender-Moss
1972 2145 66 31 co.

322 2237 283 65 Baldwin,
633 2238 138 52 Mrs.
801 2237 148 55 Sara
976 2236 73 58 A.
1084 2236 265 67 (Mullin)
1386 2238 85 53 ed.

396 2313 387 68 Nebraskana,
830 2313 395 69 biographical
1273 2314 253 54 sketches
1574 2315 64 52 of
1685 2314 293 54 Nebraska
2026 2333 126 35 men
2201 2316 112 52 and

328 2409 216 35 women
579 2391 63 53 of
677 2392 383 53 achievement
1095 2393 125 52 who
1255 2393 146 53 have
1432 2393 140 53 been
1606 2394 265 52 awarded
1906 2393 107 53 life
329 2392 1962 146 membership
483 2470 62 53 in
564 2471 97 52 the
684 2470 368 53 Nebraskana
1076 2471 228 68 society,
1329 2471 188 54 edited
1541 2472 76 68 by
1642 2470 143 56 Sara
1811 2472 212 52 Mullin
2048 2471 269 53 Baldwin

330 2550 112 52 and
486 2549 214 53 Robert
741 2548 232 54 Morton
1017 2549 284 53 Baldwin.
1381 2549 255 69 Hebron,
1679 2550 159 68 Neb.,
1881 2551 123 52 The
2048 2550 266 52 Baldwin

326 2644 298 51 company,
659 2630 150 49 1932.

400 2701 125 49 1374,
569 2700 55 50 [2]
664 2711 44 38 p.
767 2701 128 41 illus.
924 2702 196 48 (ports.)
1188 2701 145 43 28½ᶜᵐ.

334 2754 51 52 ©
416 2758 115 47 July
561 2757 39 49 9,
629 2757 140 48 1932;
801 2758 66 40 2c.
899 2760 95 38 and
1024 2758 81 41 aff.
1134 2759 118 48 Aug.
1283 2760 54 47 4;
1369 2759 41 39 A
1441 2760 168 47 54313;
1642 2759 183 40 Robert
1854 2760 191 39 Morton
2077 2759 237 50 Baldwin,

401 2814 209 47 Hebron,
641 2814 115 41 Neb.
826 2814 278 51 (32-20116)

328 2914 301 68 Bechdolt,
658 2915 315 57 Frederick
1000 2917 253 67 Ritchie,
1284 2920 171 54 1874-

398 2992 188 54 Horse
614 2992 150 53 thief
794 2993 154 68 trail,
980 2993 77 70 by
1086 2994 308 54 Frederick
1426 2996 68 52 R.
1529 2995 295 53 Bechdolt.
1893 2994 232 56 Garden
2161 2993 151 71 City,

329 3069 69 54 N.
436 3070 91 67 Y.,
558 3070 356 68 Doubleday,
947 3070 199 54 Doran
1180 3072 45 50 &
1259 3089 296 53 company,
1589 3072 127 68 inc.,
1753 3075 151 50 1932.

400 3141 27 41 5
449 3152 44 38 p.
554 3174 9 17 l.,
589 3141 86 42 304
700 3152 41 38 p.
805 3142 127 41 illus.
992 3143 117 42 20ᶜᵐ.

337 3195 51 52 ©
418 3201 119 46 Aug.
568 3201 40 47 3,
638 3199 141 47 1932;
811 3200 68 39 2c.
911 3202 94 38 and
1036 3201 82 41 aff.
1149 3202 119 48 Aug.
1300 3202 51 47 8;
1385 3203 41 39 A
1457 3203 169 47 53554;
1661 3203 51 41 F.
1744 3204 55 40 R.
1832 3203 246 48 Bechdolt,
2111 3201 204 49 Carmel,

407 3256 142 40 Calif.
619 3256 278 48 (32-20049)

336 3357 267 68 [Benner,
631 3359 219 67 Joseph
879 3360 220 70 Sieber]
1135 3365 171 54 1872-

404 3435 120 53 The
554 3455 127 50 way
708 3442 58 48 to
796 3438 94 52 the
919 3438 294 70 kingdom,
1241 3441 171 69 being
1441 3440 231 54 definite
1702 3440 112 53 and
1845 3439 203 67 simple
332 3438 1959 128 instructions

532 3512 92 54 for
672 3513 395 73 self-training
1112 3519 112 52 and
1274 3519 317 68 discipline,
1639 3518 269 68 enabling
1953 3517 95 52 the
2099 3518 218 51 earnest

335 3589 237 69 disciple
601 3598 57 47 to
688 3592 118 54 find
836 3594 93 52 the
959 3594 275 70 kingdom
1264 3597 64 53 of
1358 3596 128 56 God
1517 3598 112 52 and
1659 3597 90 53 his
1778 3596 435 69 righteousness,
2242 3591 76 69 by

335 3668 1983 73 the writer of The impersonal life [etc.] … Akron, O., Sun
332 3744 856 68 publishing company [ᶜ1 932
439 3850 9 17 x,
477 3820 101 47 345,
611 3821 55 49 [1]
699 3832 41 38 p.
800 3822 56 41 19ᶜᵐ.

406 3874 69 41 “A
500 3875 149 42 series
677 3878 52 40 of
755 3878 249 49 teachings
1033 3880 110 42 that
1168 3891 125 31 were
1321 3881 261 49 originally
1609 3882 164 41 issued
1801 3879 231 47 monthly,
2062 3876 259 50 beginning

334 3929 274 52 December,
639 3932 126 51 1928,
795 3937 52 38 to
873 3937 187 40 several
1089 3937 220 41 hundred
1341 3939 223 44 students
1596 3938 53 43 of
1678 3937 99 41 The
1808 3934 295 51 impersonal
2130 3932 192 43 life.”:—

331 3985 185 46 Introd.
