<alto xmlns="http://www.loc.gov/standards/alto/ns-v3#" xmlns:xlink="http://www.w3.org/1999/xlink" xmlns:xsi="http://www.w3.org/2001/XMLSchema-instance" xsi:schemaLocation="http://www.loc.gov/standards/alto/ns-v3# http://www.loc.gov/alto/v3/alto-3-0.xsd"><Description>
<MeasurementUnit>pixel</MeasurementUnit>
<sourceImageInformation>
<fileName>1932_v29_part001.pdf</fileName>
</sourceImageInformation>
<OCRProcessing ID="IdOcr">
<ocrProcessingStep>
<processingDateTime>2019-04-25</processingDateTime>
<processingSoftware>
<softwareCreator>ABBYY</softwareCreator>
<softwareName>ABBYY Recognition Server</softwareName>
<softwareVersion>4.0</softwareVersion>
</processingSoftware>
</ocrProcessingStep>
</OCRProcessing>
</Description>
<Styles>
<ParagraphStyle ID="StyleId-FFFFFFFF-FFFF-FFFF-FFFF-FFFFFFFFFFFF-" ALIGN="Left" LEFT="0." RIGHT="0." FIRSTLINE="0."/>
<ParagraphStyle ID="StyleId-547D96D3-B2DE-4E86-A4BD-9DDFC275973A-" ALIGN="Left" LEFT="0." RIGHT="0." FIRSTLINE="0." LINESPACE="7.699999809"/>
<ParagraphStyle ID="StyleId-BE433B82-DF6F-491A-9872-F562FF4150C8-" ALIGN="Block" LEFT="0." RIGHT="0." FIRSTLINE="-13." LINESPACE="7.900000095"/>
<ParagraphStyle ID="StyleId-CC286467-50C5-4655-B0CF-BA365CCE0736-" ALIGN="Block" LEFT="0." RIGHT="0." FIRSTLINE="-15." LINESPACE="8.479999542"/>
<ParagraphStyle ID="StyleId-9878414D-BEDB-487D-971A-CF5ADB5C4AD2-" ALIGN="Block" LEFT="0." RIGHT="0." FIRSTLINE="-14." LINESPACE="10.92000008"/>
<ParagraphStyle ID="StyleId-EBC70DE5-3635-4BD4-B07B-05DF6EFE0022-" ALIGN="Block" LEFT="0." RIGHT="0." FIRSTLINE="-13." LINESPACE="12.19999981"/>
<ParagraphStyle ID="StyleId-8A688F83-F017-4D5D-A00A-14637016ED45-" ALIGN="Left" LEFT="0." RIGHT="0." FIRSTLINE="0." LINESPACE="9.399999619"/>
<ParagraphStyle ID="StyleId-20F0BBAE-20C6-42F4-8113-00B5C02924DC-" ALIGN="Left" LEFT="0." RIGHT="0." FIRSTLINE="0." LINESPACE="11.10000038"/>
<ParagraphStyle ID="StyleId-7AA70148-8873-4ACB-90AE-BF9322E02302-" ALIGN="Left" LEFT="0." RIGHT="0." FIRSTLINE="-13." LINESPACE="11.09000015"/>
<ParagraphStyle ID="StyleId-072EF7BA-7207-4F8B-9A7C-F564E8B4CB16-" ALIGN="Left" LEFT="0." RIGHT="0." FIRSTLINE="-14." LINESPACE="12.19999981"/>
<ParagraphStyle ID="StyleId-44303D12-21D7-4DB0-9E9F-87FA1A861DD7-" ALIGN="Block" LEFT="0." RIGHT="0." FIRSTLINE="-14." LINESPACE="10.92000008"/>
<ParagraphStyle ID="StyleId-43CF0D44-8AC2-4CD0-865F-942C78705184-" ALIGN="Block" LEFT="0." RIGHT="0." FIRSTLINE="-13." LINESPACE="12.19999981"/>
<ParagraphStyle ID="StyleId-7A298A86-29F5-413A-AEC9-078A4CC464D7-" ALIGN="Block" LEFT="0." RIGHT="0." FIRSTLINE="13." LINESPACE="12.19999981"/>
<ParagraphStyle ID="StyleId-8E4E86F7-C1F9-4A1A-B605-6B1FC1C8E9F7-" ALIGN="Left" LEFT="0." RIGHT="0." FIRSTLINE="0." LINESPACE="11.60000038"/>
<ParagraphStyle ID="StyleId-AB39791B-5ED1-444F-BEF5-2CFED1F2709A-" ALIGN="Left" LEFT="0." RIGHT="0." FIRSTLINE="-13." LINESPACE="11.09000015"/>
<ParagraphStyle ID="StyleId-C1F2EEE7-CD00-4E11-9EAD-B222287AEDA4-" ALIGN="Center" LEFT="0." RIGHT="0." FIRSTLINE="0." LINESPACE="11.10000038"/>
</Styles>
<Layout>
<Page ID="Page1943" PHYSICAL_IMG_NR="1943" HEIGHT="4368" WIDTH="2563">
<TopMargin HEIGHT="532" WIDTH="2563" VPOS="0" HPOS="0">
</TopMargin>
<LeftMargin HEIGHT="3680" WIDTH="124" VPOS="532" HPOS="0">
</LeftMargin>
<RightMargin HEIGHT="3680" WIDTH="415" VPOS="532" HPOS="2148">
</RightMargin>
<BottomMargin HEIGHT="156" WIDTH="2563" VPOS="4212" HPOS="0">
</BottomMargin>
<PrintSpace HEIGHT="3680" WIDTH="2024" VPOS="532" HPOS="124">
<TextBlock ID="Page1943_Block1" HEIGHT="70" WIDTH="154" VPOS="4142" HPOS="1058" LANG="en-US" STYLEREFS="StyleId-D4C4C29A-BB36-4736-9644-4B3B4BD066D5-">
<TextLine HEIGHT="49" WIDTH="132" VPOS="4152" HPOS="1069">
<String CONTENT="1943" HEIGHT="49" WIDTH="132" VPOS="4152" HPOS="1069"/>
</TextLine>
</TextBlock>
<TextBlock ID="Page1943_Block2" HEIGHT="3578" WIDTH="2024" VPOS="532" HPOS="124" LANG="en-US" CS="1" STYLEREFS="StyleId-FAAD36E1-C36F-4984-B664-77125FEDA04C-">
<TextLine HEIGHT="68" WIDTH="768" VPOS="543" HPOS="135" STYLEREFS="StyleId-D4C4C29A-BB36-4736-9644-4B3B4BD066D5-">
<String CONTENT="Richardson," HEIGHT="64" WIDTH="386" VPOS="547" HPOS="135"/>
<SP HEIGHT="64" WIDTH="29" VPOS="547" HPOS="522"/>
<String CONTENT="Ray" HEIGHT="62" WIDTH="129" VPOS="547" HPOS="552"/>
<SP HEIGHT="65" WIDTH="27" VPOS="544" HPOS="682"/>
<String CONTENT="Alma." HEIGHT="54" WIDTH="193" VPOS="543" HPOS="710"/>
</TextLine>
<TextLine HEIGHT="74" WIDTH="1921" VPOS="623" HPOS="207" STYLEREFS="StyleId-D4C4C29A-BB36-4736-9644-4B3B4BD066D5-">
<String CONTENT="Healthy" HEIGHT="67" WIDTH="258" VPOS="630" HPOS="207"/>
<SP HEIGHT="50" WIDTH="29" VPOS="647" HPOS="466"/>
<String CONTENT="eyes" HEIGHT="50" WIDTH="126" VPOS="646" HPOS="496"/>
<SP HEIGHT="33" WIDTH="31" VPOS="647" HPOS="623"/>
<String CONTENT="without" HEIGHT="52" WIDTH="243" VPOS="628" HPOS="655"/>
<SP HEIGHT="61" WIDTH="30" VPOS="634" HPOS="899"/>
<String CONTENT="glasses" HEIGHT="67" WIDTH="210" VPOS="628" HPOS="930"/>
<SP HEIGHT="33" WIDTH="34" VPOS="645" HPOS="1141"/>
<String CONTENT="and" HEIGHT="53" WIDTH="112" VPOS="625" HPOS="1176"/>
<SP HEIGHT="52" WIDTH="29" VPOS="625" HPOS="1289"/>
<String CONTENT="health" HEIGHT="52" WIDTH="196" VPOS="625" HPOS="1319"/>
<SP HEIGHT="51" WIDTH="32" VPOS="625" HPOS="1516"/>
<String CONTENT="without" HEIGHT="52" WIDTH="245" VPOS="624" HPOS="1549"/>
<SP HEIGHT="52" WIDTH="29" VPOS="624" HPOS="1795"/>
<String CONTENT="drugs," HEIGHT="67" WIDTH="194" VPOS="624" HPOS="1825"/>
<SP HEIGHT="67" WIDTH="32" VPOS="623" HPOS="2020"/>
<String CONTENT="by" HEIGHT="68" WIDTH="75" VPOS="623" HPOS="2053"/>
</TextLine>
<TextLine HEIGHT="68" WIDTH="1991" VPOS="701" HPOS="137" STYLEREFS="StyleId-D4C4C29A-BB36-4736-9644-4B3B4BD066D5-" CS="1">
<String CONTENT="Dr." HEIGHT="52" WIDTH="104" VPOS="707" HPOS="137"/>
<SP HEIGHT="51" WIDTH="21" VPOS="708" HPOS="242"/>
<String CONTENT="R." HEIGHT="51" WIDTH="69" VPOS="708" HPOS="264"/>
<SP HEIGHT="51" WIDTH="24" VPOS="707" HPOS="334"/>
<String CONTENT="A." HEIGHT="51" WIDTH="72" VPOS="707" HPOS="359"/>
<SP HEIGHT="50" WIDTH="23" VPOS="708" HPOS="432"/>
<String CONTENT="Richardson" HEIGHT="52" WIDTH="360" VPOS="706" HPOS="456"/>
<SP HEIGHT="32" WIDTH="29" VPOS="724" HPOS="817"/>
<String CS="1" CONTENT="&#8230;"/>
<SP HEIGHT="51" WIDTH="62" VPOS="705" HPOS="904"/>
<String CONTENT="Kansas" HEIGHT="50" WIDTH="226" VPOS="705" HPOS="967"/>
<SP HEIGHT="54" WIDTH="25" VPOS="703" HPOS="1194"/>
<String CONTENT="City," HEIGHT="66" WIDTH="152" VPOS="703" HPOS="1220"/>
<SP HEIGHT="67" WIDTH="24" VPOS="702" HPOS="1373"/>
<String CONTENT="Mo.," HEIGHT="66" WIDTH="134" VPOS="702" HPOS="1398"/>
<SP HEIGHT="65" WIDTH="25" VPOS="703" HPOS="1533"/>
<String CONTENT="The" HEIGHT="51" WIDTH="121" VPOS="702" HPOS="1559"/>
<SP HEIGHT="51" WIDTH="25" VPOS="702" HPOS="1681"/>
<String CONTENT="Eyesight" HEIGHT="66" WIDTH="282" VPOS="702" HPOS="1707"/>
<SP HEIGHT="46" WIDTH="25" VPOS="707" HPOS="1990"/>
<String CONTENT="and" HEIGHT="52" WIDTH="112" VPOS="701" HPOS="2016"/>
</TextLine>
<TextLine HEIGHT="67" WIDTH="796" VPOS="782" HPOS="136" STYLEREFS="StyleId-D4C4C29A-BB36-4736-9644-4B3B4BD066D5-" CS="1">
<String CONTENT="health" HEIGHT="52" WIDTH="194" VPOS="784" HPOS="136"/>
<SP HEIGHT="51" WIDTH="33" VPOS="784" HPOS="331"/>
<String CONTENT="association" HEIGHT="53" WIDTH="337" VPOS="782" HPOS="365"/>
<SP HEIGHT="48" WIDTH="35" VPOS="801" HPOS="703"/>
<String CONTENT="[" HEIGHT="35" WIDTH="13" VPOS="814" HPOS="739"/>
<String STYLE="superscript" CS="1" CONTENT="&#7580;19"/>
<String CONTENT="32]" HEIGHT="63" WIDTH="85" VPOS="785" HPOS="847"/>
</TextLine>
<TextLine HEIGHT="52" WIDTH="458" VPOS="853" HPOS="208" CS="1">
<String CONTENT="239" HEIGHT="41" WIDTH="87" VPOS="855" HPOS="208"/>
<SP HEIGHT="49" WIDTH="25" VPOS="856" HPOS="296"/>
<String CONTENT="p." HEIGHT="38" WIDTH="43" VPOS="867" HPOS="322"/>
<SP HEIGHT="39" WIDTH="56" VPOS="856" HPOS="366"/>
<String CONTENT="illus." HEIGHT="40" WIDTH="128" VPOS="855" HPOS="423"/>
<SP HEIGHT="42" WIDTH="56" VPOS="853" HPOS="552"/>
<String CS="1" CONTENT="20&#189;" HEIGHT="41" WIDTH="57" VPOS="853" HPOS="609"/>
<String STYLE="superscript" CS="1" CONTENT="&#7580;&#7504;."/>
</TextLine>
<TextLine HEIGHT="51" WIDTH="1920" VPOS="908" HPOS="213" CS="1">
<String CONTENT="Large" HEIGHT="48" WIDTH="155" VPOS="911" HPOS="213"/>
<SP HEIGHT="41" WIDTH="26" VPOS="911" HPOS="369"/>
<String CONTENT="folded" HEIGHT="40" WIDTH="167" VPOS="911" HPOS="396"/>
<SP HEIGHT="38" WIDTH="28" VPOS="912" HPOS="564"/>
<String CONTENT="chart" HEIGHT="40" WIDTH="141" VPOS="910" HPOS="593"/>
<SP HEIGHT="38" WIDTH="27" VPOS="912" HPOS="735"/>
<String CONTENT="mounted" HEIGHT="40" WIDTH="230" VPOS="910" HPOS="763"/>
<SP HEIGHT="40" WIDTH="29" VPOS="910" HPOS="994"/>
<String CONTENT="on" HEIGHT="29" WIDTH="60" VPOS="921" HPOS="1024"/>
<SP HEIGHT="29" WIDTH="29" VPOS="921" HPOS="1085"/>
<String CONTENT="end" HEIGHT="39" WIDTH="92" VPOS="911" HPOS="1115"/>
<SP HEIGHT="40" WIDTH="29" VPOS="909" HPOS="1208"/>
<String CS="1" CONTENT="lining-paper;" HEIGHT="48" WIDTH="322" VPOS="909" HPOS="1238"/>
<SP HEIGHT="37" WIDTH="31" VPOS="919" HPOS="1589"/>
<String CONTENT="small" HEIGHT="40" WIDTH="143" VPOS="909" HPOS="1621"/>
<SP HEIGHT="39" WIDTH="27" VPOS="908" HPOS="1765"/>
<String CONTENT="folded" HEIGHT="41" WIDTH="166" VPOS="908" HPOS="1793"/>
<SP HEIGHT="39" WIDTH="30" VPOS="910" HPOS="1960"/>
<String CONTENT="chart" HEIGHT="40" WIDTH="142" VPOS="910" HPOS="1991"/>
</TextLine>
<TextLine HEIGHT="41" WIDTH="194" VPOS="970" HPOS="140">
<String CONTENT="laid" HEIGHT="41" WIDTH="102" VPOS="970" HPOS="140"/>
<SP HEIGHT="40" WIDTH="25" VPOS="970" HPOS="243"/>
<String CONTENT="in." HEIGHT="40" WIDTH="65" VPOS="970" HPOS="269"/>
</TextLine>
<TextLine HEIGHT="52" WIDTH="1743" VPOS="1021" HPOS="215" CS="1">
<String CONTENT="&#8220;First" HEIGHT="40" WIDTH="161" VPOS="1025" HPOS="215"/>
<SP HEIGHT="45" WIDTH="34" VPOS="1028" HPOS="377"/>
<String CONTENT="printing," HEIGHT="50" WIDTH="232" VPOS="1023" HPOS="412"/>
<SP HEIGHT="47" WIDTH="37" VPOS="1023" HPOS="645"/>
<String CONTENT="May," HEIGHT="47" WIDTH="128" VPOS="1023" HPOS="683"/>
<SP HEIGHT="47" WIDTH="34" VPOS="1023" HPOS="812"/>
<String CONTENT="1925" HEIGHT="41" WIDTH="113" VPOS="1022" HPOS="847"/>
<SP HEIGHT="40" WIDTH="39" VPOS="1023" HPOS="961"/>
<String CS="1" CONTENT="&#8230;"/>
<SP HEIGHT="40" WIDTH="66" VPOS="1022" HPOS="1048"/>
<String CONTENT="Fifth" HEIGHT="41" WIDTH="141" VPOS="1021" HPOS="1115"/>
<SP HEIGHT="48" WIDTH="32" VPOS="1023" HPOS="1257"/>
<String CONTENT="printing," HEIGHT="50" WIDTH="232" VPOS="1021" HPOS="1290"/>
<SP HEIGHT="47" WIDTH="36" VPOS="1021" HPOS="1523"/>
<String CONTENT="August," HEIGHT="49" WIDTH="203" VPOS="1021" HPOS="1560"/>
<SP HEIGHT="46" WIDTH="37" VPOS="1023" HPOS="1764"/>
<String CONTENT="1932.&#8221;" HEIGHT="42" WIDTH="156" VPOS="1021" HPOS="1802"/>
</TextLine>
<TextLine HEIGHT="50" WIDTH="1919" VPOS="1078" HPOS="214">
<String CONTENT="&#8220;This" HEIGHT="39" WIDTH="146" VPOS="1082" HPOS="214"/>
<SP HEIGHT="39" WIDTH="20" VPOS="1082" HPOS="361"/>
<String CONTENT="book" HEIGHT="40" WIDTH="122" VPOS="1082" HPOS="382"/>
<SP HEIGHT="38" WIDTH="19" VPOS="1082" HPOS="505"/>
<String CONTENT="has" HEIGHT="39" WIDTH="90" VPOS="1082" HPOS="525"/>
<SP HEIGHT="39" WIDTH="19" VPOS="1082" HPOS="616"/>
<String CONTENT="been" HEIGHT="39" WIDTH="118" VPOS="1082" HPOS="636"/>
<SP HEIGHT="27" WIDTH="21" VPOS="1092" HPOS="755"/>
<String CONTENT="re-written," HEIGHT="47" WIDTH="284" VPOS="1079" HPOS="777"/>
<SP HEIGHT="36" WIDTH="20" VPOS="1090" HPOS="1062"/>
<String CONTENT="enlarged," HEIGHT="49" WIDTH="243" VPOS="1078" HPOS="1083"/>
<SP HEIGHT="35" WIDTH="21" VPOS="1090" HPOS="1327"/>
<String CONTENT="revised" HEIGHT="40" WIDTH="191" VPOS="1079" HPOS="1349"/>
<SP HEIGHT="39" WIDTH="22" VPOS="1079" HPOS="1541"/>
<String CONTENT="and" HEIGHT="38" WIDTH="96" VPOS="1080" HPOS="1564"/>
<SP HEIGHT="39" WIDTH="19" VPOS="1080" HPOS="1661"/>
<String CONTENT="the" HEIGHT="39" WIDTH="83" VPOS="1080" HPOS="1681"/>
<SP HEIGHT="37" WIDTH="19" VPOS="1082" HPOS="1765"/>
<String CONTENT="title" HEIGHT="41" WIDTH="110" VPOS="1079" HPOS="1785"/>
<SP HEIGHT="30" WIDTH="20" VPOS="1090" HPOS="1896"/>
<String CONTENT="changed" HEIGHT="49" WIDTH="216" VPOS="1079" HPOS="1917"/>
</TextLine>
<TextLine HEIGHT="51" WIDTH="1229" VPOS="1135" HPOS="141">
<String CONTENT="from" HEIGHT="40" WIDTH="128" VPOS="1139" HPOS="141"/>
<SP HEIGHT="40" WIDTH="28" VPOS="1139" HPOS="270"/>
<String CONTENT="&#8216;Strong," HEIGHT="49" WIDTH="204" VPOS="1137" HPOS="299"/>
<SP HEIGHT="47" WIDTH="25" VPOS="1138" HPOS="504"/>
<String CONTENT="healthy" HEIGHT="47" WIDTH="200" VPOS="1137" HPOS="530"/>
<SP HEIGHT="36" WIDTH="24" VPOS="1148" HPOS="731"/>
<String CONTENT="eyes" HEIGHT="37" WIDTH="110" VPOS="1147" HPOS="756"/>
<SP HEIGHT="30" WIDTH="25" VPOS="1147" HPOS="867"/>
<String CONTENT="without" HEIGHT="40" WIDTH="208" VPOS="1136" HPOS="893"/>
<SP HEIGHT="46" WIDTH="25" VPOS="1138" HPOS="1102"/>
<String CONTENT="glasses&#8217;.&#8221;" HEIGHT="49" WIDTH="242" VPOS="1135" HPOS="1128"/>
</TextLine>
<TextLine HEIGHT="55" WIDTH="1992" VPOS="1205" HPOS="142" CS="1">
<String CONTENT="&#169;" HEIGHT="52" WIDTH="52" VPOS="1208" HPOS="142"/>
<SP HEIGHT="52" WIDTH="26" VPOS="1208" HPOS="195"/>
<String CONTENT="Aug." HEIGHT="47" WIDTH="119" VPOS="1212" HPOS="222"/>
<SP HEIGHT="39" WIDTH="28" VPOS="1212" HPOS="342"/>
<String CONTENT="30." HEIGHT="40" WIDTH="69" VPOS="1211" HPOS="371"/>
<SP HEIGHT="40" WIDTH="28" VPOS="1211" HPOS="441"/>
<String CS="1" CONTENT="1932;" HEIGHT="41" WIDTH="113" VPOS="1208" HPOS="470"/>
<SP HEIGHT="48" WIDTH="30" VPOS="1208" HPOS="611"/>
<String CONTENT="2c." HEIGHT="41" WIDTH="67" VPOS="1208" HPOS="642"/>
<SP HEIGHT="41" WIDTH="31" VPOS="1208" HPOS="710"/>
<String CONTENT="Sept." HEIGHT="47" WIDTH="127" VPOS="1208" HPOS="742"/>
<SP HEIGHT="39" WIDTH="26" VPOS="1208" HPOS="870"/>
<String CS="1" CONTENT="15;" HEIGHT="38" WIDTH="55" VPOS="1208" HPOS="897"/>
<SP HEIGHT="37" WIDTH="31" VPOS="1216" HPOS="979"/>
<String CS="1" CONTENT="aff."/>
<SP HEIGHT="40" WIDTH="30" VPOS="1206" HPOS="1093"/>
<String CONTENT="Oct." HEIGHT="40" WIDTH="102" VPOS="1206" HPOS="1124"/>
<SP HEIGHT="40" WIDTH="27" VPOS="1205" HPOS="1227"/>
<String CS="1" CONTENT="20;" HEIGHT="40" WIDTH="59" VPOS="1205" HPOS="1255"/>
<SP HEIGHT="46" WIDTH="30" VPOS="1207" HPOS="1339"/>
<!-- cceid 1123ADCE-6D7D-1014-B4A5-D7A31D17AB40 --><String CONTENT="A" HEIGHT="38" WIDTH="40" VPOS="1207" HPOS="1370"/>
<SP HEIGHT="39" WIDTH="28" VPOS="1206" HPOS="1411"/>
<String CS="1" CONTENT="55717;" HEIGHT="41" WIDTH="143" VPOS="1206" HPOS="1440"/>
<SP HEIGHT="45" WIDTH="32" VPOS="1207" HPOS="1610"/>
<String CONTENT="R." HEIGHT="39" WIDTH="56" VPOS="1207" HPOS="1643"/>
<SP HEIGHT="39" WIDTH="28" VPOS="1207" HPOS="1700"/>
<String CONTENT="A." HEIGHT="40" WIDTH="55" VPOS="1207" HPOS="1729"/>
<SP HEIGHT="39" WIDTH="29" VPOS="1208" HPOS="1785"/>
<String CONTENT="Richardson," HEIGHT="50" WIDTH="319" VPOS="1205" HPOS="1815"/>
</TextLine>
<TextLine HEIGHT="51" WIDTH="786" VPOS="1263" HPOS="209">
<String CONTENT="Kansas" HEIGHT="38" WIDTH="196" VPOS="1269" HPOS="209"/>
<SP HEIGHT="40" WIDTH="26" VPOS="1267" HPOS="406"/>
<String CONTENT="City," HEIGHT="48" WIDTH="123" VPOS="1266" HPOS="433"/>
<SP HEIGHT="47" WIDTH="25" VPOS="1267" HPOS="557"/>
<String CONTENT="Mo." HEIGHT="38" WIDTH="90" VPOS="1267" HPOS="583"/>
<SP HEIGHT="46" WIDTH="71" VPOS="1265" HPOS="674"/>
<String CONTENT="(33-1223)" HEIGHT="48" WIDTH="249" VPOS="1263" HPOS="746"/>
</TextLine>
<TextLine HEIGHT="68" WIDTH="752" VPOS="1367" HPOS="139" STYLEREFS="StyleId-D4C4C29A-BB36-4736-9644-4B3B4BD066D5-">
<String CONTENT="Roberts," HEIGHT="65" WIDTH="273" VPOS="1370" HPOS="139"/>
<SP HEIGHT="63" WIDTH="30" VPOS="1372" HPOS="413"/>
<String CONTENT="Morley," HEIGHT="66" WIDTH="243" VPOS="1367" HPOS="444"/>
<SP HEIGHT="58" WIDTH="32" VPOS="1375" HPOS="688"/>
<String CONTENT="1857-" HEIGHT="52" WIDTH="170" VPOS="1370" HPOS="721"/>
</TextLine>
<TextLine HEIGHT="71" WIDTH="1928" VPOS="1449" HPOS="208" STYLEREFS="StyleId-D4C4C29A-BB36-4736-9644-4B3B4BD066D5-">
<String CONTENT="A" HEIGHT="52" WIDTH="57" VPOS="1454" HPOS="208"/>
<SP HEIGHT="53" WIDTH="36" VPOS="1453" HPOS="266"/>
<String CONTENT="humble" HEIGHT="53" WIDTH="228" VPOS="1452" HPOS="303"/>
<SP HEIGHT="53" WIDTH="40" VPOS="1451" HPOS="532"/>
<String CONTENT="fisherman;" HEIGHT="66" WIDTH="334" VPOS="1451" HPOS="573"/>
<SP HEIGHT="68" WIDTH="43" VPOS="1449" HPOS="908"/>
<String CONTENT="being" HEIGHT="69" WIDTH="173" VPOS="1449" HPOS="952"/>
<SP HEIGHT="50" WIDTH="39" VPOS="1468" HPOS="1126"/>
<String CONTENT="simple," HEIGHT="68" WIDTH="220" VPOS="1449" HPOS="1166"/>
<SP HEIGHT="48" WIDTH="42" VPOS="1469" HPOS="1387"/>
<String CONTENT="autobiographic" HEIGHT="69" WIDTH="474" VPOS="1449" HPOS="1430"/>
<SP HEIGHT="35" WIDTH="41" VPOS="1468" HPOS="1905"/>
<String CONTENT="essays" HEIGHT="51" WIDTH="189" VPOS="1469" HPOS="1947"/>
</TextLine>
<TextLine HEIGHT="71" WIDTH="1994" VPOS="1526" HPOS="139" STYLEREFS="StyleId-D4C4C29A-BB36-4736-9644-4B3B4BD066D5-">
<String CONTENT="on" HEIGHT="36" WIDTH="74" VPOS="1549" HPOS="139"/>
<SP HEIGHT="47" WIDTH="22" VPOS="1537" HPOS="214"/>
<String CONTENT="the" HEIGHT="53" WIDTH="94" VPOS="1531" HPOS="237"/>
<SP HEIGHT="36" WIDTH="25" VPOS="1548" HPOS="332"/>
<String CONTENT="art," HEIGHT="62" WIDTH="107" VPOS="1535" HPOS="358"/>
<SP HEIGHT="50" WIDTH="25" VPOS="1547" HPOS="466"/>
<String CONTENT="craft" HEIGHT="55" WIDTH="152" VPOS="1527" HPOS="492"/>
<SP HEIGHT="48" WIDTH="25" VPOS="1533" HPOS="645"/>
<String CONTENT="and" HEIGHT="53" WIDTH="113" VPOS="1528" HPOS="671"/>
<SP HEIGHT="68" WIDTH="21" VPOS="1528" HPOS="785"/>
<String CONTENT="philosophy" HEIGHT="70" WIDTH="348" VPOS="1526" HPOS="807"/>
<SP HEIGHT="51" WIDTH="22" VPOS="1545" HPOS="1156"/>
<String CONTENT="of" HEIGHT="54" WIDTH="66" VPOS="1526" HPOS="1179"/>
<SP HEIGHT="52" WIDTH="21" VPOS="1526" HPOS="1246"/>
<String CONTENT="fishing," HEIGHT="70" WIDTH="230" VPOS="1526" HPOS="1268"/>
<SP HEIGHT="68" WIDTH="20" VPOS="1527" HPOS="1499"/>
<String CONTENT="by" HEIGHT="69" WIDTH="78" VPOS="1527" HPOS="1520"/>
<SP HEIGHT="69" WIDTH="23" VPOS="1527" HPOS="1599"/>
<String CONTENT="Morley" HEIGHT="69" WIDTH="225" VPOS="1527" HPOS="1623"/>
<SP HEIGHT="68" WIDTH="24" VPOS="1528" HPOS="1849"/>
<String CONTENT="Roberts." HEIGHT="55" WIDTH="259" VPOS="1528" HPOS="1874"/>
</TextLine>
<TextLine HEIGHT="71" WIDTH="1113" VPOS="1605" HPOS="139" STYLEREFS="StyleId-D4C4C29A-BB36-4736-9644-4B3B4BD066D5-" CS="1">
<String CONTENT="London," HEIGHT="67" WIDTH="258" VPOS="1609" HPOS="139"/>
<SP HEIGHT="70" WIDTH="25" VPOS="1606" HPOS="398"/>
<String CONTENT="Grayson" HEIGHT="69" WIDTH="262" VPOS="1606" HPOS="424"/>
<SP HEIGHT="53" WIDTH="25" VPOS="1605" HPOS="687"/>
<String CONTENT="&amp;" HEIGHT="51" WIDTH="45" VPOS="1605" HPOS="713"/>
<SP HEIGHT="54" WIDTH="24" VPOS="1605" HPOS="759"/>
<String CONTENT="Grayson" HEIGHT="68" WIDTH="265" VPOS="1605" HPOS="784"/>
<SP/>
<String CS="1" CONTENT="[1932]" HEIGHT="65" WIDTH="84" VPOS="1606" HPOS="1168"/>
</TextLine>
<TextLine HEIGHT="53" WIDTH="795" VPOS="1677" HPOS="210" CS="1">
<String CONTENT="259," HEIGHT="48" WIDTH="99" VPOS="1680" HPOS="210"/>
<SP HEIGHT="29" WIDTH="30" VPOS="1700" HPOS="310"/>
<String CONTENT="[1]" HEIGHT="48" WIDTH="56" VPOS="1682" HPOS="341"/>
<SP HEIGHT="40" WIDTH="26" VPOS="1690" HPOS="398"/>
<String CONTENT="p." HEIGHT="37" WIDTH="44" VPOS="1690" HPOS="425"/>
<SP HEIGHT="39" WIDTH="57" VPOS="1680" HPOS="470"/>
<String CONTENT="front.," HEIGHT="45" WIDTH="163" VPOS="1680" HPOS="528"/>
<SP HEIGHT="37" WIDTH="24" VPOS="1688" HPOS="692"/>
<String CONTENT="plates." HEIGHT="47" WIDTH="172" VPOS="1678" HPOS="717"/>
<SP HEIGHT="40" WIDTH="58" VPOS="1677" HPOS="890"/>
<String CS="1" CONTENT="22&#7580;&#7504;." HEIGHT="39" WIDTH="56" VPOS="1677" HPOS="949"/>
</TextLine>
<TextLine HEIGHT="50" WIDTH="714" VPOS="1733" HPOS="209" CS="1">
<String CONTENT="&#8220;First" HEIGHT="40" WIDTH="163" VPOS="1737" HPOS="209"/>
<SP HEIGHT="44" WIDTH="23" VPOS="1739" HPOS="373"/>
<String CONTENT="published" HEIGHT="48" WIDTH="257" VPOS="1735" HPOS="397"/>
<SP HEIGHT="39" WIDTH="30" VPOS="1736" HPOS="655"/>
<String CS="1" CONTENT="&#8230;"/>
<SP HEIGHT="39" WIDTH="30" VPOS="1735" HPOS="734"/>
<String CONTENT="1932.&#8221;" HEIGHT="42" WIDTH="158" VPOS="1733" HPOS="765"/>
</TextLine>
<TextLine HEIGHT="52" WIDTH="1993" VPOS="1804" HPOS="144" CS="1">
<String CONTENT="&#169;" HEIGHT="52" WIDTH="52" VPOS="1804" HPOS="144"/>
<SP/>
<String CS="1" CONTENT="1c."/>
<SP/>
<String CONTENT="Dec." HEIGHT="39" WIDTH="110" VPOS="1808" HPOS="316"/>
<SP HEIGHT="40" WIDTH="25" VPOS="1806" HPOS="427"/>
<String CONTENT="28," HEIGHT="48" WIDTH="70" VPOS="1806" HPOS="453"/>
<SP HEIGHT="47" WIDTH="24" VPOS="1807" HPOS="524"/>
<String CS="1" CONTENT="1932;" HEIGHT="41" WIDTH="114" VPOS="1805" HPOS="549"/>
<SP HEIGHT="48" WIDTH="26" VPOS="1805" HPOS="691"/>
<!-- cceid 1123B25B-6D7D-1014-B4A5-D7A31D17AB40 --><String CONTENT="A" HEIGHT="39" WIDTH="42" VPOS="1805" HPOS="718"/>
<SP HEIGHT="40" WIDTH="24" VPOS="1805" HPOS="761"/>
<String CONTENT="ad" HEIGHT="38" WIDTH="61" VPOS="1807" HPOS="786"/>
<SP HEIGHT="41" WIDTH="24" VPOS="1804" HPOS="848"/>
<String CONTENT="int." HEIGHT="41" WIDTH="87" VPOS="1804" HPOS="873"/>
<SP HEIGHT="38" WIDTH="26" VPOS="1806" HPOS="961"/>
<String CS="1" CONTENT="17302;" HEIGHT="40" WIDTH="143" VPOS="1805" HPOS="988"/>
<SP HEIGHT="37" WIDTH="27" VPOS="1815" HPOS="1159"/>
<String CONTENT="pubd." HEIGHT="46" WIDTH="143" VPOS="1806" HPOS="1187"/>
<SP HEIGHT="39" WIDTH="24" VPOS="1806" HPOS="1331"/>
<String CONTENT="Nov." HEIGHT="40" WIDTH="119" VPOS="1806" HPOS="1356"/>
<SP HEIGHT="39" WIDTH="25" VPOS="1807" HPOS="1476"/>
<String CS="1" CONTENT="1;" HEIGHT="37" WIDTH="26" VPOS="1807" HPOS="1502"/>
<SP HEIGHT="45" WIDTH="29" VPOS="1807" HPOS="1555"/>
<String CONTENT="M." HEIGHT="39" WIDTH="62" VPOS="1807" HPOS="1585"/>
<SP HEIGHT="39" WIDTH="27" VPOS="1807" HPOS="1648"/>
<String CONTENT="Roberts," HEIGHT="47" WIDTH="221" VPOS="1807" HPOS="1676"/>
<SP HEIGHT="47" WIDTH="26" VPOS="1807" HPOS="1898"/>
<String CONTENT="London." HEIGHT="40" WIDTH="212" VPOS="1807" HPOS="1925"/>
</TextLine>
<TextLine HEIGHT="48" WIDTH="251" VPOS="1863" HPOS="220">
<String CONTENT="(33-2514)" HEIGHT="48" WIDTH="251" VPOS="1863" HPOS="220"/>
</TextLine>
<TextLine HEIGHT="66" WIDTH="917" VPOS="1964" HPOS="140" STYLEREFS="StyleId-D4C4C29A-BB36-4736-9644-4B3B4BD066D5-">
<String CONTENT="Schwertner," HEIGHT="65" WIDTH="393" VPOS="1965" HPOS="140"/>
<SP HEIGHT="64" WIDTH="26" VPOS="1966" HPOS="534"/>
<String CONTENT="Thomas" HEIGHT="52" WIDTH="261" VPOS="1966" HPOS="561"/>
<SP HEIGHT="52" WIDTH="23" VPOS="1965" HPOS="823"/>
<String CONTENT="Maria." HEIGHT="55" WIDTH="210" VPOS="1964" HPOS="847"/>
</TextLine>
<TextLine HEIGHT="68" WIDTH="1922" VPOS="2049" HPOS="213" STYLEREFS="StyleId-D4C4C29A-BB36-4736-9644-4B3B4BD066D5-" CS="1">
<String CONTENT="St." HEIGHT="55" WIDTH="83" VPOS="2049" HPOS="213"/>
<SP HEIGHT="52" WIDTH="37" VPOS="2052" HPOS="297"/>
<String CONTENT="Albert" HEIGHT="54" WIDTH="203" VPOS="2049" HPOS="335"/>
<SP HEIGHT="47" WIDTH="35" VPOS="2054" HPOS="539"/>
<String CONTENT="the" HEIGHT="52" WIDTH="94" VPOS="2050" HPOS="575"/>
<SP HEIGHT="54" WIDTH="37" VPOS="2050" HPOS="670"/>
<String CONTENT="Great," HEIGHT="67" WIDTH="194" VPOS="2050" HPOS="708"/>
<SP HEIGHT="67" WIDTH="35" VPOS="2050" HPOS="903"/>
<String CONTENT="by" HEIGHT="67" WIDTH="76" VPOS="2050" HPOS="939"/>
<SP HEIGHT="65" WIDTH="35" VPOS="2052" HPOS="1016"/>
<String CONTENT="Thomas" HEIGHT="53" WIDTH="248" VPOS="2050" HPOS="1052"/>
<SP HEIGHT="51" WIDTH="36" VPOS="2052" HPOS="1301"/>
<String CONTENT="M." HEIGHT="52" WIDTH="79" VPOS="2052" HPOS="1338"/>
<SP HEIGHT="56" WIDTH="42" VPOS="2050" HPOS="1418"/>
<String CONTENT="Schwertner" HEIGHT="56" WIDTH="358" VPOS="2050" HPOS="1461"/>
<SP HEIGHT="36" WIDTH="41" VPOS="2068" HPOS="1820"/>
<String CS="1" CONTENT="&#8230;"/>
<SP HEIGHT="53" WIDTH="77" VPOS="2052" HPOS="1920"/>
<String CONTENT="New" HEIGHT="53" WIDTH="137" VPOS="2052" HPOS="1998"/>
</TextLine>
<TextLine HEIGHT="71" WIDTH="1990" VPOS="2126" HPOS="141" STYLEREFS="StyleId-D4C4C29A-BB36-4736-9644-4B3B4BD066D5-" CS="1">
<String CONTENT="York," HEIGHT="68" WIDTH="179" VPOS="2127" HPOS="141"/>
<SP HEIGHT="67" WIDTH="26" VPOS="2128" HPOS="321"/>
<String CONTENT="Milwaukee" HEIGHT="53" WIDTH="339" VPOS="2126" HPOS="348"/>
<SP HEIGHT="50" WIDTH="35" VPOS="2145" HPOS="688"/>
<String CS="1" CONTENT="[etc.]" HEIGHT="62" WIDTH="119" VPOS="2133" HPOS="742"/>
<SP HEIGHT="65" WIDTH="33" VPOS="2130" HPOS="862"/>
<String CONTENT="The" HEIGHT="52" WIDTH="120" VPOS="2128" HPOS="896"/>
<SP HEIGHT="50" WIDTH="29" VPOS="2130" HPOS="1017"/>
<String CONTENT="Bruce" HEIGHT="50" WIDTH="183" VPOS="2130" HPOS="1047"/>
<SP HEIGHT="49" WIDTH="27" VPOS="2146" HPOS="1231"/>
<String CONTENT="publishing" HEIGHT="69" WIDTH="335" VPOS="2127" HPOS="1259"/>
<SP HEIGHT="50" WIDTH="28" VPOS="2146" HPOS="1595"/>
<String CONTENT="company" HEIGHT="50" WIDTH="279" VPOS="2146" HPOS="1624"/>
<SP/>
<String CS="1" CONTENT="[&#7580;1932" HEIGHT="48" WIDTH="66" VPOS="2133" HPOS="2047"/>
<String STYLE="subscript" CONTENT="]" HEIGHT="33" WIDTH="13" VPOS="2164" HPOS="2118"/>
</TextLine>
<TextLine HEIGHT="49" WIDTH="1824" VPOS="2199" HPOS="313" STYLEREFS="StyleId-D4C4C29A-BB36-4736-9644-4B3B4BD066D5-" CS="1">
<String STYLE="subscript" CS="1" CONTENT="xxx"/>
<SP HEIGHT="37" WIDTH="33" VPOS="2210" HPOS="313"/>
<String LANG="fr" CONTENT="p.," HEIGHT="37" WIDTH="58" VPOS="2210" HPOS="347"/>
<SP HEIGHT="46" WIDTH="33" VPOS="2201" HPOS="406"/>
<String CONTENT="1" HEIGHT="37" WIDTH="26" VPOS="2201" HPOS="440"/>
<SP HEIGHT="37" WIDTH="31" VPOS="2201" HPOS="467"/>
<String CS="1" CONTENT="l.,"/>
<SP HEIGHT="46" WIDTH="33" VPOS="2200" HPOS="545"/>
<String CONTENT="375" HEIGHT="39" WIDTH="87" VPOS="2200" HPOS="579"/>
<SP HEIGHT="47" WIDTH="31" VPOS="2200" HPOS="667"/>
<String CONTENT="p." HEIGHT="36" WIDTH="42" VPOS="2211" HPOS="699"/>
<SP HEIGHT="40" WIDTH="58" VPOS="2199" HPOS="742"/>
<String CONTENT="front.," HEIGHT="48" WIDTH="164" VPOS="2199" HPOS="801"/>
<SP HEIGHT="36" WIDTH="35" VPOS="2211" HPOS="966"/>
<String CONTENT="plates," HEIGHT="47" WIDTH="171" VPOS="2200" HPOS="1002"/>
<SP HEIGHT="37" WIDTH="34" VPOS="2211" HPOS="1174"/>
<String CONTENT="ports." HEIGHT="46" WIDTH="149" VPOS="2202" HPOS="1209"/>
<SP HEIGHT="39" WIDTH="59" VPOS="2200" HPOS="1359"/>
<String CONTENT="22" HEIGHT="38" WIDTH="55" VPOS="2200" HPOS="1419"/>
<String STYLE="superscript" CS="1" CONTENT="&#7580;&#7504;."/>
<SP/>
<String CS="1" CONTENT="(Half-title:" HEIGHT="47" WIDTH="14" VPOS="2200" HPOS="1605"/>
<SP HEIGHT="39" WIDTH="36" VPOS="2202" HPOS="1906"/>
<String CONTENT="Science" HEIGHT="39" WIDTH="194" VPOS="2202" HPOS="1943"/>
</TextLine>
<TextLine HEIGHT="48" WIDTH="530" VPOS="2255" HPOS="142">
<String CONTENT="and" HEIGHT="38" WIDTH="96" VPOS="2258" HPOS="142"/>
<SP HEIGHT="38" WIDTH="34" VPOS="2258" HPOS="239"/>
<String CONTENT="culture" HEIGHT="39" WIDTH="189" VPOS="2257" HPOS="274"/>
<SP HEIGHT="29" WIDTH="33" VPOS="2267" HPOS="464"/>
<String CONTENT="series)" HEIGHT="48" WIDTH="174" VPOS="2255" HPOS="498"/>
</TextLine>
<TextLine HEIGHT="49" WIDTH="1890" VPOS="2312" HPOS="215" CS="1">
<String CONTENT="&#8220;Decretal" HEIGHT="40" WIDTH="255" VPOS="2313" HPOS="215"/>
<SP HEIGHT="39" WIDTH="34" VPOS="2313" HPOS="471"/>
<String CONTENT="letter" HEIGHT="40" WIDTH="143" VPOS="2313" HPOS="506"/>
<SP HEIGHT="28" WIDTH="36" VPOS="2325" HPOS="650"/>
<String CONTENT="of" HEIGHT="40" WIDTH="51" VPOS="2313" HPOS="687"/>
<SP HEIGHT="40" WIDTH="37" VPOS="2313" HPOS="739"/>
<String CS="1" CONTENT="&#8230;"/>
<SP HEIGHT="39" WIDTH="38" VPOS="2313" HPOS="827"/>
<String CONTENT="Pius" HEIGHT="40" WIDTH="117" VPOS="2313" HPOS="866"/>
<SP HEIGHT="29" WIDTH="34" VPOS="2324" HPOS="984"/>
<String CS="1" CONTENT="XI"/>
<SP HEIGHT="31" WIDTH="36" VPOS="2322" HPOS="1075"/>
<String CS="1" CONTENT="&#8230;"/>
<SP HEIGHT="29" WIDTH="40" VPOS="2324" HPOS="1159"/>
<String CONTENT="regarding" HEIGHT="49" WIDTH="260" VPOS="2312" HPOS="1200"/>
<SP HEIGHT="47" WIDTH="36" VPOS="2314" HPOS="1461"/>
<String CONTENT="St." HEIGHT="40" WIDTH="68" VPOS="2314" HPOS="1498"/>
<SP HEIGHT="40" WIDTH="35" VPOS="2314" HPOS="1567"/>
<String CONTENT="Albert" HEIGHT="40" WIDTH="169" VPOS="2314" HPOS="1603"/>
<SP HEIGHT="39" WIDTH="35" VPOS="2315" HPOS="1773"/>
<String CONTENT="the" HEIGHT="39" WIDTH="82" VPOS="2315" HPOS="1809"/>
<SP HEIGHT="40" WIDTH="34" VPOS="2315" HPOS="1892"/>
<String CS="1" CONTENT="Great&#8221;;" HEIGHT="41" WIDTH="178" VPOS="2315" HPOS="1927"/>
</TextLine>
<TextLine HEIGHT="48" WIDTH="297" VPOS="2371" HPOS="141">
<String CONTENT="p." HEIGHT="37" WIDTH="43" VPOS="2382" HPOS="141"/>
<SP HEIGHT="42" WIDTH="34" VPOS="2371" HPOS="185"/>
<String CONTENT="339-354." HEIGHT="41" WIDTH="218" VPOS="2371" HPOS="220"/>
</TextLine>
<TextLine HEIGHT="49" WIDTH="656" VPOS="2426" HPOS="214" CS="1">
<String CS="1" CONTENT="&#8220;Sources&#8221;;" HEIGHT="43" WIDTH="261" VPOS="2426" HPOS="214"/>
<SP HEIGHT="38" WIDTH="25" VPOS="2437" HPOS="505"/>
<String CONTENT="p." HEIGHT="38" WIDTH="42" VPOS="2437" HPOS="531"/>
<SP HEIGHT="29" WIDTH="26" VPOS="2438" HPOS="574"/>
<String CONTENT="xxi-xxvii." HEIGHT="41" WIDTH="269" VPOS="2426" HPOS="601"/>
</TextLine>
<TextLine HEIGHT="53" WIDTH="1723" VPOS="2494" HPOS="146" CS="1">
<String CONTENT="&#169;" HEIGHT="52" WIDTH="52" VPOS="2494" HPOS="146"/>
<SP HEIGHT="52" WIDTH="24" VPOS="2494" HPOS="199"/>
<String CONTENT="Nov." HEIGHT="39" WIDTH="117" VPOS="2499" HPOS="224"/>
<SP HEIGHT="37" WIDTH="27" VPOS="2499" HPOS="342"/>
<String CONTENT="19," HEIGHT="47" WIDTH="69" VPOS="2498" HPOS="370"/>
<SP HEIGHT="46" WIDTH="25" VPOS="2499" HPOS="440"/>
<String CS="1" CONTENT="1932;" HEIGHT="41" WIDTH="115" VPOS="2497" HPOS="466"/>
<SP HEIGHT="48" WIDTH="25" VPOS="2497" HPOS="607"/>
<String CONTENT="2c." HEIGHT="41" WIDTH="68" VPOS="2497" HPOS="633"/>
<SP HEIGHT="29" WIDTH="25" VPOS="2509" HPOS="702"/>
<String CONTENT="and" HEIGHT="39" WIDTH="96" VPOS="2499" HPOS="728"/>
<SP HEIGHT="39" WIDTH="24" VPOS="2499" HPOS="825"/>
<String CONTENT="aff." HEIGHT="41" WIDTH="82" VPOS="2497" HPOS="850"/>
<SP HEIGHT="40" WIDTH="26" VPOS="2498" HPOS="933"/>
<String CONTENT="Dec." HEIGHT="40" WIDTH="112" VPOS="2498" HPOS="960"/>
<SP HEIGHT="39" WIDTH="26" VPOS="2499" HPOS="1073"/>
<String CS="1" CONTENT="15;" HEIGHT="39" WIDTH="54" VPOS="2498" HPOS="1100"/>
<SP HEIGHT="46" WIDTH="27" VPOS="2499" HPOS="1183"/>
<!-- cceid 1123BA08-6D7D-1014-B4A5-D7A31D17AB40 --><String CONTENT="A" HEIGHT="38" WIDTH="42" VPOS="2499" HPOS="1211"/>
<SP HEIGHT="39" WIDTH="25" VPOS="2499" HPOS="1254"/>
<String CS="1" CONTENT="58446;" HEIGHT="39" WIDTH="145" VPOS="2499" HPOS="1280"/>
<SP HEIGHT="45" WIDTH="28" VPOS="2500" HPOS="1451"/>
<String CONTENT="Bruce" HEIGHT="39" WIDTH="157" VPOS="2500" HPOS="1480"/>
<SP HEIGHT="37" WIDTH="24" VPOS="2510" HPOS="1638"/>
<String CONTENT="pub." HEIGHT="46" WIDTH="110" VPOS="2501" HPOS="1663"/>
<SP HEIGHT="29" WIDTH="27" VPOS="2512" HPOS="1774"/>
<String CONTENT="co." HEIGHT="29" WIDTH="67" VPOS="2512" HPOS="1802"/>
</TextLine>
<TextLine HEIGHT="50" WIDTH="250" VPOS="2554" HPOS="223">
<String CONTENT="(33-1499)" HEIGHT="50" WIDTH="250" VPOS="2554" HPOS="223"/>
</TextLine>
<TextLine HEIGHT="65" WIDTH="424" VPOS="2656" HPOS="145" STYLEREFS="StyleId-D4C4C29A-BB36-4736-9644-4B3B4BD066D5-">
<String CONTENT="Scott," HEIGHT="65" WIDTH="184" VPOS="2656" HPOS="145"/>
<SP HEIGHT="64" WIDTH="29" VPOS="2657" HPOS="330"/>
<String CONTENT="David." HEIGHT="55" WIDTH="209" VPOS="2657" HPOS="360"/>
</TextLine>
<TextLine HEIGHT="74" WIDTH="1927" VPOS="2731" HPOS="212" STYLEREFS="StyleId-D4C4C29A-BB36-4736-9644-4B3B4BD066D5-">
<String CONTENT="The" HEIGHT="51" WIDTH="121" VPOS="2732" HPOS="212"/>
<SP HEIGHT="52" WIDTH="22" VPOS="2731" HPOS="334"/>
<String CONTENT="Egypt&#8217;s" HEIGHT="68" WIDTH="244" VPOS="2731" HPOS="357"/>
<SP HEIGHT="50" WIDTH="22" VPOS="2750" HPOS="602"/>
<String CONTENT="gold," HEIGHT="67" WIDTH="154" VPOS="2733" HPOS="625"/>
<SP HEIGHT="69" WIDTH="21" VPOS="2731" HPOS="780"/>
<String CONTENT="by" HEIGHT="69" WIDTH="76" VPOS="2731" HPOS="802"/>
<SP HEIGHT="67" WIDTH="22" VPOS="2733" HPOS="879"/>
<String CONTENT="David" HEIGHT="53" WIDTH="194" VPOS="2732" HPOS="902"/>
<SP HEIGHT="56" WIDTH="23" VPOS="2731" HPOS="1097"/>
<String CONTENT="Scott." HEIGHT="56" WIDTH="177" VPOS="2731" HPOS="1121"/>
<SP HEIGHT="51" WIDTH="59" VPOS="2734" HPOS="1299"/>
<String CONTENT="London," HEIGHT="67" WIDTH="258" VPOS="2734" HPOS="1359"/>
<SP HEIGHT="66" WIDTH="24" VPOS="2735" HPOS="1618"/>
<String CONTENT="Faber" HEIGHT="53" WIDTH="186" VPOS="2735" HPOS="1643"/>
<SP HEIGHT="50" WIDTH="25" VPOS="2738" HPOS="1830"/>
<String CONTENT="&amp;" HEIGHT="50" WIDTH="51" VPOS="2738" HPOS="1856"/>
<SP HEIGHT="51" WIDTH="26" VPOS="2737" HPOS="1908"/>
<String CONTENT="Faber," HEIGHT="69" WIDTH="204" VPOS="2736" HPOS="1935"/>
</TextLine>
<TextLine HEIGHT="67" WIDTH="428" VPOS="2808" HPOS="142" STYLEREFS="StyleId-D4C4C29A-BB36-4736-9644-4B3B4BD066D5-" CS="1">
<String CONTENT="limited" HEIGHT="53" WIDTH="224" VPOS="2808" HPOS="142"/>
<SP/>
<String CS="1" CONTENT="[1932]" HEIGHT="64" WIDTH="83" VPOS="2811" HPOS="487"/>
</TextLine>
<TextLine HEIGHT="48" WIDTH="876" VPOS="2880" HPOS="212" CS="1">
<String CONTENT="310" HEIGHT="40" WIDTH="86" VPOS="2880" HPOS="212"/>
<SP HEIGHT="47" WIDTH="26" VPOS="2881" HPOS="299"/>
<String CONTENT="p." HEIGHT="37" WIDTH="44" VPOS="2891" HPOS="326"/>
<SP HEIGHT="39" WIDTH="60" VPOS="2881" HPOS="371"/>
<String CONTENT="front.," HEIGHT="46" WIDTH="163" VPOS="2881" HPOS="432"/>
<SP HEIGHT="38" WIDTH="27" VPOS="2890" HPOS="596"/>
<String CONTENT="plates," HEIGHT="47" WIDTH="171" VPOS="2881" HPOS="624"/>
<SP HEIGHT="37" WIDTH="27" VPOS="2891" HPOS="796"/>
<String CONTENT="ports." HEIGHT="43" WIDTH="149" VPOS="2885" HPOS="824"/>
<SP HEIGHT="41" WIDTH="57" VPOS="2881" HPOS="974"/>
<String CS="1" CONTENT="22&#189;" HEIGHT="39" WIDTH="56" VPOS="2881" HPOS="1032"/>
<String STYLE="superscript" CS="1" CONTENT="&#7580;&#7504;."/>
</TextLine>
<TextLine HEIGHT="52" WIDTH="1924" VPOS="2936" HPOS="213">
<String CONTENT="This" HEIGHT="40" WIDTH="118" VPOS="2936" HPOS="213"/>
<SP HEIGHT="40" WIDTH="27" VPOS="2936" HPOS="332"/>
<String CONTENT="book," HEIGHT="48" WIDTH="135" VPOS="2936" HPOS="360"/>
<SP HEIGHT="45" WIDTH="28" VPOS="2939" HPOS="496"/>
<String CONTENT="the" HEIGHT="39" WIDTH="83" VPOS="2938" HPOS="525"/>
<SP HEIGHT="29" WIDTH="26" VPOS="2948" HPOS="609"/>
<String CONTENT="sequel" HEIGHT="47" WIDTH="163" VPOS="2938" HPOS="636"/>
<SP HEIGHT="39" WIDTH="28" VPOS="2938" HPOS="800"/>
<String CONTENT="to" HEIGHT="38" WIDTH="48" VPOS="2940" HPOS="829"/>
<SP HEIGHT="37" WIDTH="29" VPOS="2941" HPOS="878"/>
<String CONTENT="the" HEIGHT="39" WIDTH="82" VPOS="2939" HPOS="908"/>
<SP HEIGHT="29" WIDTH="28" VPOS="2949" HPOS="991"/>
<String CONTENT="author&#8217;s" HEIGHT="40" WIDTH="218" VPOS="2938" HPOS="1020"/>
<SP HEIGHT="41" WIDTH="32" VPOS="2937" HPOS="1239"/>
<String CONTENT="Seventy" HEIGHT="50" WIDTH="207" VPOS="2937" HPOS="1272"/>
<SP HEIGHT="48" WIDTH="26" VPOS="2939" HPOS="1480"/>
<String CONTENT="fathoms" HEIGHT="41" WIDTH="217" VPOS="2939" HPOS="1507"/>
<SP HEIGHT="39" WIDTH="29" VPOS="2942" HPOS="1725"/>
<String CONTENT="deep" HEIGHT="46" WIDTH="118" VPOS="2942" HPOS="1755"/>
<SP HEIGHT="37" WIDTH="29" VPOS="2951" HPOS="1874"/>
<String CONTENT="with" HEIGHT="40" WIDTH="120" VPOS="2942" HPOS="1904"/>
<SP HEIGHT="40" WIDTH="29" VPOS="2943" HPOS="2025"/>
<String CONTENT="the" HEIGHT="40" WIDTH="82" VPOS="2944" HPOS="2055"/>
</TextLine>
<TextLine HEIGHT="54" WIDTH="1993" VPOS="2992" HPOS="144">
<String CONTENT="divers" HEIGHT="40" WIDTH="163" VPOS="2992" HPOS="144"/>
<SP HEIGHT="29" WIDTH="29" VPOS="3003" HPOS="308"/>
<String CONTENT="of" HEIGHT="40" WIDTH="52" VPOS="2992" HPOS="338"/>
<SP HEIGHT="40" WIDTH="27" VPOS="2992" HPOS="391"/>
<String CONTENT="the" HEIGHT="39" WIDTH="83" VPOS="2993" HPOS="419"/>
<SP HEIGHT="30" WIDTH="29" VPOS="3002" HPOS="503"/>
<String CONTENT="salvage" HEIGHT="47" WIDTH="195" VPOS="2993" HPOS="533"/>
<SP HEIGHT="30" WIDTH="31" VPOS="3004" HPOS="729"/>
<String CONTENT="ship" HEIGHT="47" WIDTH="106" VPOS="2994" HPOS="761"/>
<SP HEIGHT="45" WIDTH="30" VPOS="2996" HPOS="868"/>
<String CONTENT="Artiglio," HEIGHT="48" WIDTH="222" VPOS="2994" HPOS="899"/>
<SP HEIGHT="48" WIDTH="32" VPOS="2994" HPOS="1122"/>
<String CONTENT="is" HEIGHT="41" WIDTH="42" VPOS="2994" HPOS="1155"/>
<SP HEIGHT="37" WIDTH="29" VPOS="2998" HPOS="1198"/>
<String CONTENT="the" HEIGHT="39" WIDTH="83" VPOS="2996" HPOS="1228"/>
<SP HEIGHT="29" WIDTH="30" VPOS="3006" HPOS="1312"/>
<String CONTENT="story" HEIGHT="47" WIDTH="135" VPOS="2997" HPOS="1343"/>
<SP HEIGHT="38" WIDTH="28" VPOS="3006" HPOS="1479"/>
<String CONTENT="of" HEIGHT="40" WIDTH="53" VPOS="2996" HPOS="1508"/>
<SP HEIGHT="41" WIDTH="30" VPOS="2996" HPOS="1562"/>
<String CONTENT="the" HEIGHT="39" WIDTH="83" VPOS="2998" HPOS="1593"/>
<SP HEIGHT="29" WIDTH="30" VPOS="3008" HPOS="1677"/>
<String CONTENT="second" HEIGHT="39" WIDTH="174" VPOS="2999" HPOS="1708"/>
<SP HEIGHT="39" WIDTH="32" VPOS="2999" HPOS="1883"/>
<String CONTENT="Artiglio." HEIGHT="48" WIDTH="221" VPOS="2998" HPOS="1916"/>
</TextLine>
<TextLine HEIGHT="47" WIDTH="478" VPOS="3048" HPOS="147">
<String CONTENT="cf." HEIGHT="47" WIDTH="61" VPOS="3048" HPOS="147"/>
<SP HEIGHT="41" WIDTH="29" VPOS="3048" HPOS="209"/>
<String CONTENT="Author&#8217;s" HEIGHT="40" WIDTH="230" VPOS="3048" HPOS="239"/>
<SP HEIGHT="29" WIDTH="29" VPOS="3059" HPOS="470"/>
<String CONTENT="note." HEIGHT="37" WIDTH="125" VPOS="3052" HPOS="500"/>
</TextLine>
<TextLine HEIGHT="59" WIDTH="1879" VPOS="3114" HPOS="150" CS="1">
<String CONTENT="&#169;" HEIGHT="52" WIDTH="52" VPOS="3114" HPOS="150"/>
<SP/>
<String CS="1" CONTENT="1c."/>
<SP/>
<String CONTENT="Dec." HEIGHT="39" WIDTH="110" VPOS="3119" HPOS="325"/>
<SP HEIGHT="39" WIDTH="27" VPOS="3118" HPOS="436"/>
<String CONTENT="23," HEIGHT="48" WIDTH="69" VPOS="3118" HPOS="464"/>
<SP HEIGHT="46" WIDTH="26" VPOS="3120" HPOS="534"/>
<String CS="1" CONTENT="1932;" HEIGHT="41" WIDTH="116" VPOS="3119" HPOS="561"/>
<SP HEIGHT="46" WIDTH="27" VPOS="3121" HPOS="703"/>
<!-- cceid 1123BE9B-6D7D-1014-B4A5-D7A31D17AB40 --><String CONTENT="A" HEIGHT="38" WIDTH="42" VPOS="3121" HPOS="731"/>
<SP HEIGHT="39" WIDTH="25" VPOS="3121" HPOS="774"/>
<String CONTENT="ad" HEIGHT="39" WIDTH="63" VPOS="3121" HPOS="800"/>
<SP HEIGHT="39" WIDTH="24" VPOS="3121" HPOS="864"/>
<String CONTENT="int." HEIGHT="40" WIDTH="86" VPOS="3121" HPOS="889"/>
<SP HEIGHT="37" WIDTH="27" VPOS="3123" HPOS="976"/>
<String CS="1" CONTENT="17291;" HEIGHT="40" WIDTH="143" VPOS="3121" HPOS="1004"/>
<SP HEIGHT="37" WIDTH="29" VPOS="3133" HPOS="1175"/>
<String CONTENT="pubd." HEIGHT="46" WIDTH="144" VPOS="3124" HPOS="1205"/>
<SP HEIGHT="40" WIDTH="26" VPOS="3124" HPOS="1350"/>
<String CS="1" CONTENT="Nov." HEIGHT="31" WIDTH="73" VPOS="3133" HPOS="1423"/>
<SP HEIGHT="39" WIDTH="26" VPOS="3125" HPOS="1497"/>
<String CS="1" CONTENT="3;" HEIGHT="39" WIDTH="25" VPOS="3125" HPOS="1524"/>
<SP HEIGHT="46" WIDTH="30" VPOS="3125" HPOS="1578"/>
<String CONTENT="D." HEIGHT="40" WIDTH="56" VPOS="3125" HPOS="1609"/>
<SP HEIGHT="40" WIDTH="30" VPOS="3125" HPOS="1666"/>
<String CONTENT="Scott," HEIGHT="48" WIDTH="147" VPOS="3125" HPOS="1697"/>
<SP HEIGHT="47" WIDTH="28" VPOS="3126" HPOS="1845"/>
<String CONTENT="Paris." HEIGHT="41" WIDTH="155" VPOS="3125" HPOS="1874"/>
</TextLine>
<TextLine HEIGHT="48" WIDTH="249" VPOS="3175" HPOS="225">
<String CONTENT="(33-2646)" HEIGHT="48" WIDTH="249" VPOS="3175" HPOS="225"/>
</TextLine>
<TextLine HEIGHT="65" WIDTH="659" VPOS="3277" HPOS="146" STYLEREFS="StyleId-D4C4C29A-BB36-4736-9644-4B3B4BD066D5-">
<String CONTENT="Seidman," HEIGHT="65" WIDTH="295" VPOS="3277" HPOS="146"/>
<SP HEIGHT="64" WIDTH="24" VPOS="3278" HPOS="442"/>
<String CONTENT="Joel" HEIGHT="54" WIDTH="126" VPOS="3278" HPOS="467"/>
<SP HEIGHT="52" WIDTH="27" VPOS="3279" HPOS="594"/>
<String CONTENT="Isaac." HEIGHT="55" WIDTH="183" VPOS="3280" HPOS="622"/>
</TextLine>
<TextLine HEIGHT="73" WIDTH="1662" VPOS="3355" HPOS="280" STYLEREFS="StyleId-D4C4C29A-BB36-4736-9644-4B3B4BD066D5-" CS="1">
<String CS="1" CONTENT="&#8230;"/>
<SP HEIGHT="51" WIDTH="49" VPOS="3355" HPOS="280"/>
<String CONTENT="The" HEIGHT="52" WIDTH="120" VPOS="3355" HPOS="330"/>
<SP HEIGHT="48" WIDTH="44" VPOS="3373" HPOS="451"/>
<String CONTENT="yellow" HEIGHT="65" WIDTH="204" VPOS="3356" HPOS="496"/>
<SP HEIGHT="52" WIDTH="42" VPOS="3357" HPOS="701"/>
<String CONTENT="dog" HEIGHT="68" WIDTH="112" VPOS="3357" HPOS="744"/>
<SP HEIGHT="48" WIDTH="44" VPOS="3377" HPOS="857"/>
<String CONTENT="contract," HEIGHT="62" WIDTH="270" VPOS="3364" HPOS="902"/>
<SP HEIGHT="66" WIDTH="44" VPOS="3360" HPOS="1173"/>
<String CONTENT="by" HEIGHT="66" WIDTH="74" VPOS="3360" HPOS="1218"/>
<SP HEIGHT="65" WIDTH="43" VPOS="3361" HPOS="1293"/>
<String CONTENT="Joel" HEIGHT="53" WIDTH="129" VPOS="3361" HPOS="1337"/>
<SP HEIGHT="51" WIDTH="44" VPOS="3362" HPOS="1467"/>
<String CS="1" CONTENT="I."/>
<SP HEIGHT="55" WIDTH="44" VPOS="3361" HPOS="1564"/>
<String CONTENT="Seidman," HEIGHT="67" WIDTH="289" VPOS="3361" HPOS="1609"/>
<SP HEIGHT="47" WIDTH="43" VPOS="3381" HPOS="1899"/>
<String CS="1" CONTENT="PH."/>
<SP/>
<String CS="1" CONTENT="D."/>
</TextLine>
<TextLine HEIGHT="71" WIDTH="1373" VPOS="3431" HPOS="145" STYLEREFS="StyleId-D4C4C29A-BB36-4736-9644-4B3B4BD066D5-">
<String CONTENT="Baltimore," HEIGHT="66" WIDTH="334" VPOS="3431" HPOS="145"/>
<SP HEIGHT="64" WIDTH="24" VPOS="3433" HPOS="480"/>
<String CONTENT="The" HEIGHT="53" WIDTH="119" VPOS="3432" HPOS="505"/>
<SP HEIGHT="52" WIDTH="27" VPOS="3434" HPOS="625"/>
<String CONTENT="Johns" HEIGHT="53" WIDTH="184" VPOS="3434" HPOS="653"/>
<SP HEIGHT="52" WIDTH="29" VPOS="3435" HPOS="838"/>
<String CONTENT="Hopkins" HEIGHT="67" WIDTH="267" VPOS="3435" HPOS="868"/>
<SP HEIGHT="48" WIDTH="26" VPOS="3454" HPOS="1136"/>
<String CONTENT="press," HEIGHT="47" WIDTH="175" VPOS="3455" HPOS="1163"/>
<SP HEIGHT="59" WIDTH="27" VPOS="3442" HPOS="1339"/>
<String CONTENT="1932." HEIGHT="49" WIDTH="151" VPOS="3441" HPOS="1367"/>
</TextLine>
<TextLine HEIGHT="56" WIDTH="1916" VPOS="3502" HPOS="219" CS="1">
<String CONTENT="96" HEIGHT="41" WIDTH="57" VPOS="3502" HPOS="219"/>
<SP HEIGHT="48" WIDTH="36" VPOS="3504" HPOS="277"/>
<String CONTENT="p." HEIGHT="38" WIDTH="44" VPOS="3514" HPOS="314"/>
<SP HEIGHT="42" WIDTH="58" VPOS="3502" HPOS="359"/>
<String CS="1" CONTENT="24&#189;&#7580;&#7504;." HEIGHT="40" WIDTH="55" VPOS="3502" HPOS="418"/>
<SP HEIGHT="48" WIDTH="76" VPOS="3503" HPOS="564"/>
<String CONTENT="(Johns" HEIGHT="48" WIDTH="177" VPOS="3503" HPOS="641"/>
<SP HEIGHT="40" WIDTH="37" VPOS="3506" HPOS="819"/>
<String CONTENT="Hopkins" HEIGHT="49" WIDTH="222" VPOS="3506" HPOS="857"/>
<SP HEIGHT="30" WIDTH="37" VPOS="3519" HPOS="1080"/>
<String CONTENT="university" HEIGHT="49" WIDTH="272" VPOS="3509" HPOS="1118"/>
<SP HEIGHT="37" WIDTH="38" VPOS="3521" HPOS="1391"/>
<String CONTENT="studies" HEIGHT="40" WIDTH="186" VPOS="3511" HPOS="1430"/>
<SP HEIGHT="40" WIDTH="40" VPOS="3511" HPOS="1617"/>
<String CONTENT="in" HEIGHT="39" WIDTH="50" VPOS="3511" HPOS="1658"/>
<SP HEIGHT="38" WIDTH="37" VPOS="3512" HPOS="1709"/>
<String CONTENT="historical" HEIGHT="41" WIDTH="254" VPOS="3512" HPOS="1747"/>
<SP HEIGHT="41" WIDTH="39" VPOS="3514" HPOS="2002"/>
<String CONTENT="and" HEIGHT="39" WIDTH="93" VPOS="3516" HPOS="2042"/>
</TextLine>
<TextLine HEIGHT="52" WIDTH="899" VPOS="3559" HPOS="149" CS="1">
<String CONTENT="political" HEIGHT="48" WIDTH="219" VPOS="3559" HPOS="149"/>
<SP HEIGHT="40" WIDTH="23" VPOS="3560" HPOS="369"/>
<String CONTENT="science" HEIGHT="41" WIDTH="186" VPOS="3560" HPOS="393"/>
<SP HEIGHT="29" WIDTH="28" VPOS="3572" HPOS="580"/>
<String CS="1" CONTENT="&#8230;"/>
<SP HEIGHT="28" WIDTH="54" VPOS="3573" HPOS="656"/>
<String CONTENT="ser." HEIGHT="29" WIDTH="91" VPOS="3573" HPOS="711"/>
<SP HEIGHT="29" WIDTH="23" VPOS="3573" HPOS="803"/>
<String CS="1" CONTENT="L," HEIGHT="14" WIDTH="8" VPOS="3594" HPOS="859"/>
<SP HEIGHT="33" WIDTH="27" VPOS="3575" HPOS="868"/>
<String CONTENT="no." HEIGHT="29" WIDTH="75" VPOS="3575" HPOS="896"/>
<SP HEIGHT="40" WIDTH="23" VPOS="3564" HPOS="972"/>
<String CONTENT="4)" HEIGHT="47" WIDTH="52" VPOS="3564" HPOS="996"/>
</TextLine>
<TextLine HEIGHT="61" WIDTH="1989" VPOS="3627" HPOS="149" CS="1">
<String CONTENT="&#169;" HEIGHT="52" WIDTH="52" VPOS="3627" HPOS="149"/>
<SP HEIGHT="52" WIDTH="31" VPOS="3627" HPOS="202"/>
<String CONTENT="Dec." HEIGHT="39" WIDTH="111" VPOS="3632" HPOS="234"/>
<SP HEIGHT="37" WIDTH="31" VPOS="3633" HPOS="346"/>
<String CONTENT="13," HEIGHT="45" WIDTH="69" VPOS="3633" HPOS="378"/>
<SP HEIGHT="45" WIDTH="31" VPOS="3633" HPOS="448"/>
<String CS="1" CONTENT="1932;" HEIGHT="41" WIDTH="112" VPOS="3631" HPOS="480"/>
<SP HEIGHT="46" WIDTH="32" VPOS="3632" HPOS="621"/>
<String CONTENT="2c." HEIGHT="40" WIDTH="66" VPOS="3632" HPOS="654"/>
<SP HEIGHT="29" WIDTH="34" VPOS="3643" HPOS="721"/>
<String CONTENT="and" HEIGHT="38" WIDTH="96" VPOS="3635" HPOS="756"/>
<SP HEIGHT="38" WIDTH="31" VPOS="3635" HPOS="853"/>
<String CONTENT="aff." HEIGHT="40" WIDTH="82" VPOS="3634" HPOS="885"/>
<SP HEIGHT="39" WIDTH="32" VPOS="3635" HPOS="968"/>
<String CONTENT="Dec." HEIGHT="41" WIDTH="111" VPOS="3635" HPOS="1001"/>
<SP HEIGHT="40" WIDTH="31" VPOS="3636" HPOS="1113"/>
<String CS="1" CONTENT="21;" HEIGHT="39" WIDTH="56" VPOS="3636" HPOS="1145"/>
<SP HEIGHT="46" WIDTH="34" VPOS="3637" HPOS="1229"/>
<!-- cceid 1123C2AE-6D7D-1014-B4A5-D7A31D17AB40 --><String CONTENT="A" HEIGHT="39" WIDTH="41" VPOS="3637" HPOS="1264"/>
<SP HEIGHT="40" WIDTH="31" VPOS="3637" HPOS="1306"/>
<String CS="1" CONTENT="57563;" HEIGHT="40" WIDTH="143" VPOS="3638" HPOS="1338"/>
<SP HEIGHT="46" WIDTH="35" VPOS="3639" HPOS="1509"/>
<String CONTENT="Johns" HEIGHT="40" WIDTH="154" VPOS="3639" HPOS="1545"/>
<SP HEIGHT="39" WIDTH="32" VPOS="3640" HPOS="1700"/>
<String CONTENT="Hopkins" HEIGHT="47" WIDTH="222" VPOS="3640" HPOS="1733"/>
<SP HEIGHT="37" WIDTH="32" VPOS="3651" HPOS="1956"/>
<String CONTENT="press." HEIGHT="37" WIDTH="149" VPOS="3651" HPOS="1989"/>
</TextLine>
<TextLine HEIGHT="47" WIDTH="249" VPOS="3688" HPOS="225">
<String CONTENT="(33-1234)" HEIGHT="47" WIDTH="249" VPOS="3688" HPOS="225"/>
</TextLine>
<TextLine HEIGHT="65" WIDTH="1135" VPOS="3786" HPOS="142" STYLEREFS="StyleId-D4C4C29A-BB36-4736-9644-4B3B4BD066D5-">
<String CONTENT="Servetus," HEIGHT="65" WIDTH="302" VPOS="3786" HPOS="142"/>
<SP HEIGHT="60" WIDTH="27" VPOS="3791" HPOS="445"/>
<String CONTENT="Michael," HEIGHT="63" WIDTH="268" VPOS="3788" HPOS="473"/>
<SP HEIGHT="56" WIDTH="28" VPOS="3795" HPOS="742"/>
<String CONTENT="1509" HEIGHT="49" WIDTH="132" VPOS="3795" HPOS="771"/>
<SP HEIGHT="50" WIDTH="27" VPOS="3796" HPOS="904"/>
<String CONTENT="or" HEIGHT="34" WIDTH="64" VPOS="3812" HPOS="932"/>
<SP HEIGHT="47" WIDTH="25" VPOS="3798" HPOS="997"/>
<String CONTENT="11-1553." HEIGHT="50" WIDTH="254" VPOS="3798" HPOS="1023"/>
</TextLine>
<TextLine HEIGHT="78" WIDTH="1859" VPOS="3865" HPOS="274" STYLEREFS="StyleId-D4C4C29A-BB36-4736-9644-4B3B4BD066D5-" CS="1">
<String CS="1" CONTENT="&#8230;"/>
<SP HEIGHT="51" WIDTH="46" VPOS="3866" HPOS="274"/>
<String CONTENT="The" HEIGHT="52" WIDTH="120" VPOS="3865" HPOS="321"/>
<SP HEIGHT="46" WIDTH="37" VPOS="3871" HPOS="442"/>
<String CONTENT="two" HEIGHT="47" WIDTH="113" VPOS="3871" HPOS="480"/>
<SP HEIGHT="47" WIDTH="39" VPOS="3872" HPOS="594"/>
<String CONTENT="treatises" HEIGHT="53" WIDTH="258" VPOS="3868" HPOS="634"/>
<SP HEIGHT="34" WIDTH="39" VPOS="3888" HPOS="893"/>
<String CONTENT="of" HEIGHT="54" WIDTH="64" VPOS="3868" HPOS="933"/>
<SP HEIGHT="56" WIDTH="42" VPOS="3868" HPOS="998"/>
<String CONTENT="Servetus" HEIGHT="57" WIDTH="266" VPOS="3868" HPOS="1041"/>
<SP HEIGHT="33" WIDTH="40" VPOS="3892" HPOS="1308"/>
<String CONTENT="on" HEIGHT="34" WIDTH="72" VPOS="3891" HPOS="1349"/>
<SP HEIGHT="47" WIDTH="39" VPOS="3879" HPOS="1422"/>
<String CONTENT="the" HEIGHT="53" WIDTH="94" VPOS="3874" HPOS="1462"/>
<SP HEIGHT="53" WIDTH="41" VPOS="3874" HPOS="1557"/>
<String CS="1" CONTENT="Trinity;" HEIGHT="70" WIDTH="234" VPOS="3873" HPOS="1599"/>
<SP HEIGHT="56" WIDTH="41" VPOS="3874" HPOS="1862"/>
<String CONTENT="On" HEIGHT="56" WIDTH="93" VPOS="3874" HPOS="1904"/>
<SP HEIGHT="47" WIDTH="39" VPOS="3881" HPOS="1998"/>
<String CONTENT="the" HEIGHT="53" WIDTH="95" VPOS="3876" HPOS="2038"/>
</TextLine>
<TextLine HEIGHT="79" WIDTH="1990" VPOS="3942" HPOS="143" STYLEREFS="StyleId-D4C4C29A-BB36-4736-9644-4B3B4BD066D5-" CS="1">
<String CONTENT="errors" HEIGHT="35" WIDTH="184" VPOS="3960" HPOS="143"/>
<SP HEIGHT="35" WIDTH="23" VPOS="3960" HPOS="328"/>
<String CONTENT="of" HEIGHT="53" WIDTH="64" VPOS="3942" HPOS="352"/>
<SP HEIGHT="53" WIDTH="23" VPOS="3942" HPOS="417"/>
<String CONTENT="the" HEIGHT="52" WIDTH="97" VPOS="3943" HPOS="441"/>
<SP HEIGHT="51" WIDTH="21" VPOS="3944" HPOS="539"/>
<String CONTENT="Trinity;" HEIGHT="69" WIDTH="259" VPOS="3944" HPOS="561"/>
<SP HEIGHT="47" WIDTH="27" VPOS="3964" HPOS="821"/>
<String CONTENT="seven" HEIGHT="35" WIDTH="165" VPOS="3964" HPOS="849"/>
<SP HEIGHT="53" WIDTH="22" VPOS="3947" HPOS="1015"/>
<String CONTENT="books," HEIGHT="54" WIDTH="190" VPOS="3947" HPOS="1038"/>
<SP HEIGHT="34" WIDTH="60" VPOS="3967" HPOS="1229"/>
<String CS="1" CONTENT="A." HEIGHT="9" WIDTH="10" VPOS="3994" HPOS="1332"/>
<SP HEIGHT="34" WIDTH="20" VPOS="3969" HPOS="1343"/>
<String CS="1" CONTENT="D." HEIGHT="9" WIDTH="10" VPOS="3994" HPOS="1402"/>
<SP HEIGHT="34" WIDTH="23" VPOS="3969" HPOS="1413"/>
<String CS="1" CONTENT="MDXXXI;" HEIGHT="48" WIDTH="12" VPOS="3970" HPOS="1683"/>
<SP HEIGHT="66" WIDTH="28" VPOS="3952" HPOS="1696"/>
<String CONTENT="Dialogues" HEIGHT="69" WIDTH="311" VPOS="3952" HPOS="1725"/>
<SP HEIGHT="34" WIDTH="24" VPOS="3973" HPOS="2037"/>
<String CONTENT="on" HEIGHT="34" WIDTH="71" VPOS="3972" HPOS="2062"/>
</TextLine>
<TextLine HEIGHT="81" WIDTH="1992" VPOS="4018" HPOS="141" STYLEREFS="StyleId-D4C4C29A-BB36-4736-9644-4B3B4BD066D5-" CS="1">
<String CONTENT="the" HEIGHT="53" WIDTH="93" VPOS="4018" HPOS="141"/>
<SP HEIGHT="51" WIDTH="24" VPOS="4020" HPOS="235"/>
<String CS="1" CONTENT="Trinity;" HEIGHT="68" WIDTH="233" VPOS="4020" HPOS="260"/>
<SP HEIGHT="62" WIDTH="28" VPOS="4025" HPOS="521"/>
<String CONTENT="two" HEIGHT="49" WIDTH="112" VPOS="4025" HPOS="550"/>
<SP HEIGHT="52" WIDTH="23" VPOS="4022" HPOS="663"/>
<String CS="1" CONTENT="books;" HEIGHT="54" WIDTH="174" VPOS="4022" HPOS="687"/>
<SP HEIGHT="66" WIDTH="29" VPOS="4023" HPOS="890"/>
<String CONTENT="On" HEIGHT="55" WIDTH="93" VPOS="4023" HPOS="920"/>
<SP HEIGHT="47" WIDTH="24" VPOS="4030" HPOS="1014"/>
<String CONTENT="the" HEIGHT="53" WIDTH="94" VPOS="4025" HPOS="1039"/>
<SP HEIGHT="34" WIDTH="24" VPOS="4044" HPOS="1134"/>
<String CONTENT="righteousness" HEIGHT="68" WIDTH="419" VPOS="4026" HPOS="1159"/>
<SP HEIGHT="35" WIDTH="27" VPOS="4047" HPOS="1579"/>
<String CONTENT="of" HEIGHT="54" WIDTH="64" VPOS="4028" HPOS="1607"/>
<SP HEIGHT="55" WIDTH="28" VPOS="4028" HPOS="1672"/>
<String CONTENT="Christ&#8217;s" HEIGHT="55" WIDTH="241" VPOS="4028" HPOS="1701"/>
<SP HEIGHT="53" WIDTH="24" VPOS="4030" HPOS="1943"/>
<String CONTENT="king-" HEIGHT="69" WIDTH="165" VPOS="4030" HPOS="1968"/>
</TextLine>
</TextBlock>
</PrintSpace>
</Page>
</Layout>
</alto>