2563 4368
1117 4022 100 50 145

156 421 349 63 Aeschylus.

292 490 1864 70 … Prometheus bound, translated into English rhyming
159 568 1995 72 verse, with introduction and notes, by Gilbert Murray … New
160 648 1208 70 York, Oxford university press [ ᶜ1 931]
227 721 501 48 2 p. l. , 7-80 p. 19 ᶜᵐ.
166 791 51 52 ©
248 796 110 38 Dec.
388 796 70 44 31,
490 793 111 41 1931;
661 793 67 40 2c.
760 794 95 38 and
887 791 80 40 aff.
1002 792 109 39 Feb.
1143 793 39 46 3,
1216 791 112 41 1932;
1391 791 38 39 A
1461 791 142 40 47393;
1667 791 188 40 Oxford
1890 790 267 49 university

234 863 147 37 press,
414 852 116 39 New
563 851 142 46 York,
737 849 89 43 inc.
898 848 251 49 (32-4087)

155 952 300 66 Albright,
484 952 254 55 William
768 952 273 65 Foxwell,
1072 958 171 49 1891-

291 1027 1865 70 … The archaeology of Palestine and the Bible, by William
160 1103 1995 72 Foxwell Albright … New York, Chicago [etc.] Fleming H.
160 1184 197 54 Revell
391 1201 280 51 company
707 1184 193 67 [ᶜ1932]

229 1256 84 42 233
346 1267 43 38 p.
452 1258 147 39 front.
664 1256 55 40 19½ᶜᵐ.
883 1256 123 49 (The
1041 1254 241 42 Richards
1319 1255 208 41 lectures
1560 1255 243 41 delivered
1839 1258 54 39 at
1926 1256 82 41 the
161 1256 1981 105 University

373 1313 53 41 of
453 1313 235 48 Virginia.
752 1311 171 52 [1931])

231 1370 232 40 “Notes”:
496 1380 44 38 p.
574 1368 216 42 178-226.

167 1438 51 52 ©
253 1442 109 40 Jan.
395 1441 70 48 30,
499 1440 113 41 1932;
675 1441 68 40 2c.
778 1443 96 38 and
906 1439 81 41 aff.
1023 1440 111 40 Feb.
1169 1441 52 45 3;
1258 1440 40 38 A
1331 1439 172 48 47359;
1541 1440 221 49 Fleming
1795 1441 59 41 H.
1891 1441 165 40 Revell
2093 1452 66 30 co.

245 1498 250 49 (32-3909)

157 1602 121 55 The
317 1599 315 55 American
676 1602 267 53 educator
985 1601 428 67 encyclopedia;
1460 1621 30 33 a
1533 1603 348 67 thoroughly
1922 1604 232 53 modern

236 1678 158 53 work
422 1678 269 69 designed
721 1684 58 47 to
809 1683 145 47 meet
982 1678 96 52 the
1106 1678 169 52 needs
1303 1677 66 52 of
1398 1696 168 50 every
1596 1696 121 51 age,
1747 1679 312 53 Ellsworth
2090 1681 71 51 D.

236 1755 1928 73 Foster, LL. B., editor in chief … James Laughlin Hughes,
235 1834 1927 73 editor for Canada … Extension ed. … Chicago, The
236 1915 216 54 United
483 1915 314 67 educators,
828 1915 126 68 inc.,
988 1918 147 50 1932.

236 1990 56 40 10
315 2001 42 29 v.
418 1989 143 48 illus.,
587 1989 158 49 plates
774 1989 136 49 (part
936 1990 101 46 col.,
1064 1992 113 45 part
1204 1990 197 48 double)
1437 1992 164 46 ports.,
1630 2002 136 37 maps
1794 1991 135 49 (part
1957 1993 198 48 double)

169 2046 488 48 tables, diagrs. 24½ ᶜᵐ.
235 2104 161 46 Paged
429 2102 354 48 continuously.

170 2156 51 52 ©
246 2161 108 39 Jan.
380 2160 69 48 23,
474 2160 113 41 1932;
642 2160 66 41 2c.
733 2159 118 41 each
878 2160 109 41 Feb.
1015 2160 28 39 8;
1095 2159 81 40 aff.
1205 2159 108 40 Feb.
1340 2160 26 39 6;
1421 2160 40 39 A
1486 2160 144 41 48333;
1687 2162 178 41 United
1891 2164 272 49 educators,

237 2217 90 39 inc.
398 2216 250 48 (32-4041)

165 2319 315 55 American
514 2318 503 55 electrochemical
1051 2317 244 66 society.

236 2394 1925 71 Transactions of the Electrochemical society … v. 60. 60th
167 2477 229 67 general
431 2474 267 69 meeting,
737 2474 126 54 Salt
897 2475 156 52 Lake
1090 2474 153 69 City,
1277 2475 177 69 Utah,
1493 2475 333 70 September
1860 2483 50 64 2,
1945 2485 50 63 3,
2028 2484 49 64 4,
2115 2486 47 64 5,

170 2557 149 51 1931.
394 2554 140 52 New
561 2553 164 54 York
751 2552 134 67 city,
912 2553 122 53 The
1063 2553 505 57 Electrochemical
1597 2555 229 70 society,
1852 2557 127 71 inc.,
2009 2564 151 51 1932.

238 2629 84 47 xii,
349 2628 99 47 401,
481 2628 39 48 [5]
566 2638 41 37 p.
669 2627 164 46 front.,
861 2627 143 47 illus.,
1034 2629 163 45 ports.,
1229 2627 169 48 tables,
1429 2628 179 50 diagrs.
1667 2629 54 42 23½ᶜᵐ.

172 2682 51 52 ©
253 2687 109 40 Jan.
389 2686 68 46 23,
488 2684 139 46 1932;
657 2684 66 40 2c.
754 2685 94 38 and
877 2682 81 42 aff.
988 2684 111 40 Jan.
1126 2682 83 49 25;
1239 2684 40 39 A
1307 2684 172 48 47224;
1510 2687 429 43 Electrochemical
1969 2692 195 50 society,

239 2743 90 40 inc.

168 2843 333 70 [Atkinson,
529 2844 174 67 John]
738 2844 172 55 1877-

239 2923 266 52 Humour
536 2938 208 51 among
773 2921 95 52 the
899 2920 210 69 clergy,
1139 2919 75 70 by
1246 2922 158 53 John
1434 2921 126 70 Aye
1597 2925 210 66 [pseud.]
1906 2927 260 70 London,

167 3002 122 52 The
319 3000 307 55 Universal
657 3017 158 50 press
851 3002 174 63 [1931]

242 3072 1470 53 157 p. 19 ᶜᵐ. (Lettered on cover: The ideal library)
175 3128 1991 56 © 1c. Dec. 12, 1931; A ad int. 15983; pubd. Oct. 15; Douglas Exton
245 3189 250 46 Swaffield,
534 3189 211 39 London.
816 3185 252 50 (32-4940)

241 3291 266 53 Humour
531 3307 209 50 among
761 3289 95 52 the
879 3288 258 68 lawyers,
1161 3287 74 71 by
1260 3289 158 53 John
1442 3288 126 70 Aye
1599 3295 197 64 [pseud.]
1910 3296 257 69 London,

170 3371 122 52 The
320 3368 306 56 Universal
656 3386 157 50 press
849 3370 172 64 [1931]

243 3440 1456 52 158 p. 19 ᶜᵐ. (Lettered on cover: The ideal library)
178 3495 1991 58 © 1c. Dec. 12, 1931; A ad int. 15982; pubd. Oct. 15; Douglas Exton
248 3557 250 47 Swaffield,
533 3555 209 40 London.
815 3552 249 50 (32-4937)

243 3658 265 51 Humour
542 3657 60 51 in
635 3656 95 52 the
765 3672 179 49 army,
977 3654 74 67 by
1086 3654 157 54 John
1277 3654 124 68 Aye
1461 3658 214 66 [pseud.]
1755 3661 258 71 London,
2048 3666 121 53 The

172 3735 305 55 Universal
513 3751 157 50 press
711 3736 172 63 [1931]

246 3804 1465 53 158 p. 19 ᶜᵐ. (Lettered on cover: The ideal library)
181 3859 1989 61 © 1c. Dec. 12, 1931; A ad int. 15984; pubd. Oct. 15; Douglas Exton
250 3922 251 44 Swaffield,
538 3921 211 39 London.
820 3917 250 48 (32-4938)
