2563 4368
1431 4010 98 49 196

533 484 1145 51 xii, 297, [1] p. front., plates, port. 22½ ᶜᵐ .
532 540 203 41 Travels
759 542 49 39 in
835 541 274 41 “countries
1132 543 215 39 watered
1370 542 61 47 by
1456 543 83 39 the
1562 542 211 40 Amazon
1800 543 96 39 and
1919 543 82 40 the
2025 542 249 42 Orinoco”.

471 595 51 52 ©
552 601 120 38 Mar.
699 600 41 44 4,
769 598 113 41 1932;
937 599 66 39 2c.
1032 601 95 38 and
1155 599 81 40 aff.
1267 600 120 39 Mar.
1416 599 52 45 5;
1499 599 41 38 A
1566 599 147 41 47978;
1769 600 58 39 H.
1861 600 43 39 S.
1936 600 197 48 Dickey,
2162 600 300 48 Tippecanoe

539 657 123 47 City,
700 656 134 42 Ohio.
905 656 279 48 (32-26203)

469 745 120 53 Dos
616 745 234 63 Passos,
878 744 175 66 John,
1083 750 170 50 1896-

599 820 1786 68 … 1919. New York, Harcourt, Brace and company [ ᶜ1 932 ]
537 891 499 48 viii, 473 p. 19½ ᶜᵐ .
539 948 163 41 “First
730 947 226 41 edition.”

474 1004 51 52 ©
551 1009 120 39 Mar.
697 1008 69 46 10,
791 1006 113 41 1932;
957 1007 68 41 2c.
1051 1009 96 38 and
1172 1007 82 40 aff.
1280 1008 121 38 Mar.
1428 1006 59 40 18;
1538 1007 42 39 A
1604 1006 145 40 50188;
1803 1007 41 40 J.
1873 1008 99 39 Dos
1998 1008 190 47 Passos,
543 1006 1904 106 Provincetown,

717 1066 145 39 Mass.
934 1064 278 48 (32-26235)

464 1154 280 63 Eckardt,
774 1155 168 53 Hans
970 1171 131 47 von,
1135 1159 170 50 1890-

467 1232 1972 133 Russia [by] Hans von Eckardt … Revised and supplemented
718 1312 75 64 by
820 1312 94 52 the
941 1312 205 53 author
1176 1312 93 52 for
1296 1312 95 53 the
1420 1311 246 66 English
1693 1310 242 65 edition;
1967 1312 314 54 translated
2311 1312 151 52 from

467 1388 93 55 the
589 1389 249 54 German
865 1391 75 63 by
969 1388 306 56 Catherine
1301 1388 203 54 Alison
1532 1387 269 68 Phillips.
1874 1389 164 54 With
2069 1394 63 48 13
2160 1407 161 49 maps
2351 1391 110 52 and

471 1467 98 53 127
619 1465 378 55 illustrations
1045 1470 112 51 and
1207 1467 306 66 diagrams.
1588 1468 137 51 New
1775 1466 180 66 York,
2002 1467 70 53 A.
2121 1467 72 53 A.
2239 1467 225 68 Knopf,

470 1549 151 51 1932.

542 1613 1531 52 xxix, 711, vi, [2] p. plates, ports., maps, diagrs. 24½ ᶜᵐ .
542 1671 163 40 “First
732 1670 227 41 edition.”

481 1726 51 51 ©
567 1729 110 40 Feb.
713 1729 38 47 5,
786 1728 115 41 1932;
962 1728 67 41 2c.
1064 1728 110 40 Feb.
1210 1728 82 48 10;
1330 1728 81 41 aff.
1448 1728 109 41 Feb.
1592 1729 82 46 16;
1712 1730 41 39 A
1785 1730 172 46 47747;
1995 1730 170 39 Alfred
2200 1729 54 39 A.
2291 1729 178 48 Knopf,

547 1786 90 40 inc.
709 1784 249 50 (32-4884)

479 1860 217 65 Evans,
725 1859 254 56 William
1006 1859 332 67 Augustus,
1369 1866 170 50 1865-

541 1935 140 55 Mrs.
715 1937 297 53 Abraham
1042 1938 259 67 Lincoln,
1335 1958 31 33 a
1398 1938 173 65 study
1604 1938 64 54 of
1700 1938 101 53 her
1835 1938 351 59 personality
2220 1938 112 53 and
2367 1938 102 53 her

472 2011 1996 72 influence on Lincoln, by W. A. Evans, M. S., M. D. New York,
472 2092 70 53 A.
575 2093 72 52 A.
679 2092 225 67 Knopf,
941 2095 150 50 1932.

548 2163 1907 52 viii p., 3 l., 3-364, xiii, [1] p. front., plates, ports., facsim., fold.
476 2221 525 48 geneal. tab. 22½ ᶜᵐ .
550 2277 162 41 “First
743 2277 228 42 edition.”

549 2333 349 50 Bibliography
915 2344 9 30 :
961 2345 45 38 p.
1056 2332 235 42 [353]-364.

485 2388 52 51 ©
566 2393 119 39 Mar.
713 2393 40 45 4,
781 2391 113 39 1932;
951 2392 66 41 2c.
1047 2393 95 38 and
1170 2391 80 39 aff.
1281 2393 120 38 Mar.
1431 2391 52 45 9;
1515 2392 39 38 A
1583 2391 168 46 49031;
1784 2392 169 40 Alfred
1983 2392 54 41 A.
2065 2392 179 48 Knopf,
2273 2392 91 42 inc.

564 2448 278 48 (32-26239)

477 2523 259 64 Felcher,
768 2525 152 52 Fred
948 2525 68 53 R.

550 2599 1862 69 The art of porcelain in dentistry, by Fred R. Felcher …
480 2677 140 52 with
652 2678 102 52 277
787 2676 393 53 illustrations.
1251 2677 82 54 St.
1368 2678 191 65 Louis,
1592 2678 121 52 The
1745 2679 62 55 C.
1841 2679 71 52 V.
1943 2677 204 68 Mosby
2179 2696 296 50 company,

484 2757 149 50 1932.

551 2827 554 48 360 p. illus. 25½ ᶜᵐ .
489 2880 51 52 ©
570 2884 110 40 Feb.
707 2886 27 37 4,
835 2884 56 40 1932;
947 2884 66 40 2c.
1043 2885 95 38 and
1167 2883 81 40 aff.
1279 2883 109 40 Feb.
1419 2884 54 38 12;
1530 2884 40 39 A
1597 2884 144 40 47615;
1801 2885 48 40 C.
1880 2885 53 40 V.
1964 2884 168 48 Mosby
2161 2895 67 30 co.

568 2941 248 47 (32-4846)

479 3014 266 65 Findlay,
773 3017 203 52 James
1001 3016 250 65 Arthur,
1281 3021 170 50 1883-

555 3090 93 55 On
672 3091 95 54 the
792 3092 139 67 edge
957 3090 64 53 of
1045 3092 95 51 the
1165 3091 210 53 etheric;
1430 3092 170 67 being
1626 3110 71 35 an
1725 3089 402 69 investigation
2156 3089 64 53 of
2245 3089 230 68 psychic

485 3168 365 68 phenomena,
869 3169 169 53 based
1059 3187 71 33 on
1155 3188 31 33 a
1209 3168 166 52 series
1395 3168 64 53 of
1479 3168 230 68 sittings
1730 3167 140 53 with
1891 3168 109 51 Mr.
2023 3167 155 54 John
2200 3166 61 55 C.
2285 3166 190 68 Sloan,

487 3245 95 53 the
624 3244 264 69 Glasgow
930 3251 193 48 trance
1165 3243 113 55 and
1321 3242 178 54 direct
1539 3243 154 54 voice
1732 3244 265 68 medium,
2039 3244 74 66 by
2155 3243 54 54 J.
2252 3243 224 53 Arthur

486 3320 276 69 Findlay;
795 3321 141 53 with
965 3321 95 55 the
1089 3320 227 69 preface
1345 3327 58 46 to
1434 3321 94 51 An
1556 3319 401 69 investigation
1989 3320 64 53 of
2081 3318 229 70 psychic

487 3319 1991 147 phenomena, by the late Sir William Barrett … London, Pub. for
488 3474 93 55 the
609 3475 203 54 author
837 3474 75 68 by
939 3475 179 52 Rider
1144 3475 45 51 &
1217 3492 76 34 co.
1329 3476 173 65 [1931]

556 3544 337 49 177 p. 22 ᶜᵐ .
493 3601 1983 51 © 1c. Jan. 16, 1932; A ad int. 15989; pubd. Nov. 20, 1931; J. A. Findlay,
563 3661 241 40 Stansted.
842 3662 164 41 Essex,
1043 3661 233 45 England.
1348 3659 250 49 (32-5365)

492 3734 120 52 The
655 3734 246 65 floating
942 3732 262 67 admiral,
1244 3734 74 65 by
1359 3733 216 53 certain
1616 3734 274 53 members
1932 3734 64 53 of
2037 3734 97 54 the
2175 3732 300 56 Detection

560 3812 155 52 club:
769 3812 67 54 G.
891 3812 73 51 K.
1022 3811 351 65 Chesterton,
1428 3811 198 54 Canon
1679 3812 201 53 Victor
1933 3813 64 52 L.
2051 3811 424 66 Whitechurch,

560 3889 69 54 G.
668 3890 72 53 D.
780 3891 77 51 H.
901 3890 109 52 and
1052 3889 79 52 M.
1175 3888 135 55 Cole
1375 3889 112 52 [and
1526 3889 206 66 others]
1811 3890 229 54 Garden
2083 3889 151 66 City,
2274 3890 69 52 N.
2384 3889 90 65 Y.,
