2563 4368
1342 4091 132 49 1962

456 564 430 50 xi, 177 p. 23 ᶜᵐ .
457 634 251 40 Half-title:
774 633 154 47 Study
960 633 52 41 of
1044 635 81 39 the
1158 632 206 49 judicial
1399 636 181 43 system
1615 632 51 41 of
1698 632 273 48 Maryland.
2033 633 100 40 The
2170 631 216 43 Judicial

386 690 188 41 council
606 690 52 40 of
690 690 271 47 Maryland.
1025 691 99 40 The
1158 689 233 41 Institute
1426 690 52 40 of
1510 689 95 41 law
1638 690 53 40 of
1722 690 82 40 the
1840 689 153 41 Johns
2026 689 221 48 Hopkins
387 689 1980 105 university.

459 803 172 40 Issued
656 801 103 41 also
785 812 54 29 as
867 802 153 40 thesis
1059 802 106 48 (PH.
1224 802 33 48 D.)
1295 800 153 41 Johns
1474 800 222 49 Hopkins
1725 798 285 50 university.

393 870 51 52 ©
476 874 129 47 Sept.
632 873 70 46 28,
731 873 141 48 1932;
902 873 67 40 2c.
998 875 95 38 and
1122 873 81 41 aff.
1234 873 102 41 Oct.
1365 874 53 47 3;
1449 874 41 38 A
1518 873 170 47 56215;
1721 873 153 41 Johns
1903 872 222 49 Hopkins
2155 882 150 38 press.

471 930 249 49 (33-2660)

391 1031 1931 70 The Catholic church in contemporary Europe, 1919-1931 …
459 1109 190 54 edited
684 1111 76 67 by
795 1113 170 51 Peter
1000 1110 283 69 Guilday;
1323 1111 141 53 with
1501 1130 74 34 an
1609 1110 391 54 introduction
2035 1112 76 67 by
2150 1111 238 55 Carlton

459 1188 1762 69 J. H. Hayes … New York, P. J. Kenedy & sons, 1932.
461 1273 1926 51 xiv, 354 p. 20 ᶜᵐ . (American Catholic historical association. Papers,
391 1331 187 48 vol. II )
398 1400 51 53 ©
484 1405 111 40 Dec.
627 1404 69 46 23,
729 1403 113 41 1932;
905 1404 68 41 2c.
1006 1405 96 39 and
1135 1403 83 42 aff.
1252 1404 110 40 Dec.
1396 1403 56 40 29;
1515 1404 41 39 A
1589 1403 147 41 58598;
1796 1405 51 40 P.
1882 1405 44 40 J.
1960 1404 200 48 Kenedy
2194 1404 37 40 &
2264 1414 126 32 sons.

475 1460 251 49 (33-2427)

396 1565 265 55 Catholic
692 1564 336 66 university
1057 1566 64 52 of
1151 1566 293 55 America.

467 1655 306 53 Francisco
813 1656 70 52 de
920 1654 258 65 Vitoria;
1223 1655 290 53 addresses
1553 1654 62 53 in
1655 1654 499 54 commemoration
2193 1655 63 53 of
2295 1656 97 52 the

395 1730 200 54 fourth
621 1737 303 63 centenary
946 1733 63 53 of
1030 1732 90 53 his
1140 1735 258 64 lectures,
1418 1732 121 53 “De
1558 1732 200 53 Indis”
1783 1732 113 53 and
1918 1731 120 54 “De
2058 1732 123 53 iure
2203 1733 188 66 belli”,

399 1812 329 65 1532-1932,
770 1809 286 54 delivered
1100 1816 58 47 at
1198 1811 97 52 the
1338 1810 264 55 Catholic
1642 1810 319 66 university
2003 1809 64 53 of
2108 1810 284 68 America,

396 1886 140 69 May
566 1891 47 64 1,
644 1889 152 50 1932.
860 1886 401 68 Washington,
1293 1890 151 50 1932.

469 1958 757 51 44 p. illus. (facsim.) 23 ᶜᵐ .
473 2014 259 42 Foreword
757 2015 168 49 signed:
980 2016 60 41 H.
1065 2017 72 40 W.
1167 2016 43 49 [i.
1237 2026 37 30 e.
1299 2015 212 41 Herbert
1535 2015 208 50 Wright]

753 2086 161 40 CONTENTS.—The
960 2084 272 49 university
1279 2085 295 41 celebration
1622 2086 51 41 of
1718 2087 82 40 the
1844 2086 170 41 fourth
2061 2088 337 47 centenary.—

404 2142 190 41 Vitoria
631 2143 96 39 and
763 2142 75 41 his
874 2142 157 48 times,
1067 2142 61 48 by
1164 2142 48 41 C.
1251 2142 60 40 H.
1346 2141 522 42 McKenna.—Vitoria
1903 2144 97 39 and
2035 2145 82 40 the
2154 2148 142 45 state,
2336 2146 58 47 by

400 2198 212 40 Herbert
633 2198 460 48 Wright.—Vitoria
1113 2199 97 39 and
1232 2198 355 40 international
1605 2199 109 47 law,
1736 2200 61 46 by
1819 2199 43 40 J.
1887 2199 52 40 B.
1966 2200 429 42 Scott.—Selected

403 2256 159 40 works
592 2267 60 30 on
679 2255 191 41 Vitoria
909 2255 65 49 (p.
1000 2255 81 47 44)

406 2321 51 53 ©
491 2327 112 40 Dec.
637 2325 69 49 24,
741 2324 112 42 1932;
917 2325 66 40 2c.
1019 2325 112 39 Dec.
1163 2324 56 40 27;
1282 2323 82 42 aff.
1399 2324 111 41 Dec.
1545 2325 55 40 28;
1663 2326 41 38 A
1739 2325 142 40 57602;
1945 2326 211 41 Herbert
2190 2325 207 50 Wright,

472 2383 334 48 Washington.
877 2381 250 49 (33-3062)

403 2487 248 64 Conrad,
684 2486 324 55 Friedrich.

470 2577 965 68 Rundfunk-entstörungstechnik,
1464 2596 111 33 von
1605 2580 64 51 F.
1703 2577 225 55 Conrad;
1991 2579 105 52 mit
2126 2583 66 49 54
403 2579 1970 145 abbildungen.

722 2656 376 67 Ausgegeben
1135 2655 80 53 im
1257 2655 239 68 auftrag
1535 2657 96 51 des
1669 2656 325 52 Deutschen
403 2655 1969 132 funktechnischen
602 2734 312 52 verbandes
944 2753 42 35 e.

1019 2753 50 35 v.
1138 2732 216 68 Berlin,
1384 2733 361 68 Weidmann,
1778 2737 147 50 1932.

475 2811 593 51 55, [1] p. illus. 21 ᶜᵐ .
410 2881 1991 107 © Aug. 19, 1932; 1c. Nov. 11; A —Foreign 18573; Weidmannsche buch-handlung.
810 2940 250 48 (33-2741)

409 3042 180 67 Corti,
620 3044 168 61 Egon
818 3044 236 64 Caesar,
1085 3049 159 47 conte
1251 3089 11 20 ,
1292 3045 170 50 1886-

408 3129 1969 133 … Der zauberer von Homburg und Monte Carlo. Mit sechzehn
575 3208 1273 70 bildtafeln. Leipzig, Insel-verlag [ ᶜ193 2 ]
477 3280 99 49 345,
610 3281 56 49 [3]
699 3291 44 37 p.
802 3280 170 48 plates,
1005 3284 149 45 ports.
1213 3281 146 41 21½ᶜᵐ.

415 3349 1683 52 © Oct. 13, 1932; 1c. Dec. 7; A —Foreign 18877; Insel-verlag.
492 3408 250 50 (33-2943)

413 3510 193 67 Coyle,
636 3511 191 55 David
857 3511 319 66 Cushman,
1207 3514 171 54 1887-

483 3603 122 51 The
648 3602 390 68 irrepressible
1083 3602 252 68 conflict;
1384 3603 253 52 business
1681 3621 79 34 vs.
1808 3601 234 67 finance,
2088 3602 76 65 by
2208 3599 193 53 David

414 3677 1987 68 Cushman Coyle … Rev. and reprinted from the Corporate
414 3754 1712 69 practice review. New York city, D. C. Coyle [ ᶜ193 2]
485 3826 334 50 45 p. 21½ ᶜᵐ .
489 3894 213 43 “Second
731 3897 227 41 edition.”

420 3963 51 52 ©
503 3967 100 41 Oct.
634 3967 67 47 15,
732 3968 112 41 1932;
903 3968 67 42 2c.
998 3968 117 40 Nov.
1145 3967 54 41 23;
1259 3967 79 41 aff.
1371 3969 118 40 Nov.
1518 3968 56 39 22;
1633 3968 41 39 A
1704 3967 145 41 58604;
1907 3968 56 38 D.
1997 3968 49 40 C.
2079 3966 157 49 Coyle.

497 4023 250 49 (33-3058)
