<alto xmlns="http://www.loc.gov/standards/alto/ns-v3#" xmlns:xlink="http://www.w3.org/1999/xlink" xmlns:xsi="http://www.w3.org/2001/XMLSchema-instance" xsi:schemaLocation="http://www.loc.gov/standards/alto/ns-v3# http://www.loc.gov/alto/v3/alto-3-0.xsd"><Description>
<MeasurementUnit>pixel</MeasurementUnit>
<sourceImageInformation>
<fileName>1932_v29_part001.pdf</fileName>
</sourceImageInformation>
<OCRProcessing ID="IdOcr">
<ocrProcessingStep>
<processingDateTime>2019-04-25</processingDateTime>
<processingSoftware>
<softwareCreator>ABBYY</softwareCreator>
<softwareName>ABBYY Recognition Server</softwareName>
<softwareVersion>4.0</softwareVersion>
</processingSoftware>
</ocrProcessingStep>
</OCRProcessing>
</Description>
<Styles>
<ParagraphStyle ID="StyleId-FFFFFFFF-FFFF-FFFF-FFFF-FFFFFFFFFFFF-" ALIGN="Left" LEFT="0." RIGHT="0." FIRSTLINE="0."/>
<ParagraphStyle ID="StyleId-547D96D3-B2DE-4E86-A4BD-9DDFC275973A-" ALIGN="Left" LEFT="0." RIGHT="0." FIRSTLINE="0." LINESPACE="7.699999809"/>
<ParagraphStyle ID="StyleId-BE433B82-DF6F-491A-9872-F562FF4150C8-" ALIGN="Block" LEFT="0." RIGHT="0." FIRSTLINE="-13." LINESPACE="7.900000095"/>
<ParagraphStyle ID="StyleId-CC286467-50C5-4655-B0CF-BA365CCE0736-" ALIGN="Block" LEFT="0." RIGHT="0." FIRSTLINE="-15." LINESPACE="8.479999542"/>
<ParagraphStyle ID="StyleId-9878414D-BEDB-487D-971A-CF5ADB5C4AD2-" ALIGN="Block" LEFT="0." RIGHT="0." FIRSTLINE="-14." LINESPACE="10.92000008"/>
<ParagraphStyle ID="StyleId-EBC70DE5-3635-4BD4-B07B-05DF6EFE0022-" ALIGN="Block" LEFT="0." RIGHT="0." FIRSTLINE="-13." LINESPACE="12.19999981"/>
<ParagraphStyle ID="StyleId-8A688F83-F017-4D5D-A00A-14637016ED45-" ALIGN="Left" LEFT="0." RIGHT="0." FIRSTLINE="0." LINESPACE="9.399999619"/>
<ParagraphStyle ID="StyleId-20F0BBAE-20C6-42F4-8113-00B5C02924DC-" ALIGN="Left" LEFT="0." RIGHT="0." FIRSTLINE="0." LINESPACE="11.10000038"/>
<ParagraphStyle ID="StyleId-7AA70148-8873-4ACB-90AE-BF9322E02302-" ALIGN="Left" LEFT="0." RIGHT="0." FIRSTLINE="-13." LINESPACE="11.09000015"/>
<ParagraphStyle ID="StyleId-072EF7BA-7207-4F8B-9A7C-F564E8B4CB16-" ALIGN="Left" LEFT="0." RIGHT="0." FIRSTLINE="-14." LINESPACE="12.19999981"/>
<ParagraphStyle ID="StyleId-44303D12-21D7-4DB0-9E9F-87FA1A861DD7-" ALIGN="Block" LEFT="0." RIGHT="0." FIRSTLINE="-14." LINESPACE="10.92000008"/>
<ParagraphStyle ID="StyleId-43CF0D44-8AC2-4CD0-865F-942C78705184-" ALIGN="Block" LEFT="0." RIGHT="0." FIRSTLINE="-13." LINESPACE="12.19999981"/>
<ParagraphStyle ID="StyleId-7A298A86-29F5-413A-AEC9-078A4CC464D7-" ALIGN="Block" LEFT="0." RIGHT="0." FIRSTLINE="13." LINESPACE="12.19999981"/>
<ParagraphStyle ID="StyleId-8E4E86F7-C1F9-4A1A-B605-6B1FC1C8E9F7-" ALIGN="Left" LEFT="0." RIGHT="0." FIRSTLINE="0." LINESPACE="11.60000038"/>
<ParagraphStyle ID="StyleId-AB39791B-5ED1-444F-BEF5-2CFED1F2709A-" ALIGN="Left" LEFT="0." RIGHT="0." FIRSTLINE="-13." LINESPACE="11.09000015"/>
<ParagraphStyle ID="StyleId-C1F2EEE7-CD00-4E11-9EAD-B222287AEDA4-" ALIGN="Center" LEFT="0." RIGHT="0." FIRSTLINE="0." LINESPACE="11.10000038"/>
</Styles>
<Layout>
<Page ID="Page206" PHYSICAL_IMG_NR="206" HEIGHT="4368" WIDTH="2563">
<TopMargin HEIGHT="400" WIDTH="2563" VPOS="0" HPOS="0">
</TopMargin>
<LeftMargin HEIGHT="3682" WIDTH="466" VPOS="400" HPOS="0">
</LeftMargin>
<RightMargin HEIGHT="3682" WIDTH="75" VPOS="400" HPOS="2488">
</RightMargin>
<BottomMargin HEIGHT="286" WIDTH="2563" VPOS="4082" HPOS="0">
</BottomMargin>
<PrintSpace HEIGHT="3682" WIDTH="2022" VPOS="400" HPOS="466">
<TextBlock ID="Page206_Block1" HEIGHT="70" WIDTH="120" VPOS="4012" HPOS="1418" LANG="en-US" CS="1" STYLEREFS="StyleId-95F0A61F-2359-49CE-B36C-04702769633B-">
<TextLine HEIGHT="47" WIDTH="64" VPOS="4023" HPOS="1428" CS="1">
<String CS="1" CONTENT="206" HEIGHT="47" WIDTH="64" VPOS="4023" HPOS="1428"/>
</TextLine>
</TextBlock>
<TextBlock ID="Page206_Block2" HEIGHT="3578" WIDTH="2022" VPOS="400" HPOS="466" LANG="en-US" CS="1" STYLEREFS="StyleId-15566DE4-9672-4F7B-8D71-CC091E736C47-">
<TextLine HEIGHT="63" WIDTH="1183" VPOS="410" HPOS="479" STYLEREFS="StyleId-D0D51D9B-B6AE-4710-B7AD-618BE2280305-">
<String LANG="la" CONTENT="South" HEIGHT="54" WIDTH="188" VPOS="413" HPOS="479"/>
<SP HEIGHT="55" WIDTH="32" VPOS="413" HPOS="668"/>
<String LANG="de" CONTENT="Carolina." HEIGHT="58" WIDTH="289" VPOS="410" HPOS="701"/>
<SP HEIGHT="51" WIDTH="73" VPOS="411" HPOS="991"/>
<String LANG="en-US" CONTENT="Laws," HEIGHT="53" WIDTH="182" VPOS="411" HPOS="1065"/>
<SP HEIGHT="36" WIDTH="28" VPOS="428" HPOS="1248"/>
<String LANG="en-US" CONTENT="statutes," HEIGHT="59" WIDTH="257" VPOS="414" HPOS="1277"/>
<SP HEIGHT="48" WIDTH="27" VPOS="425" HPOS="1535"/>
<String LANG="en-US" CONTENT="etc." HEIGHT="48" WIDTH="99" VPOS="414" HPOS="1563"/>
</TextLine>
<TextLine HEIGHT="68" WIDTH="1917" VPOS="485" HPOS="553" STYLEREFS="StyleId-0ECCD308-01D1-438B-8165-435C8FE8B1CD-" CS="1">
<String CONTENT="Code" HEIGHT="55" WIDTH="153" VPOS="489" HPOS="553"/>
<SP HEIGHT="36" WIDTH="27" VPOS="508" HPOS="707"/>
<String CONTENT="of" HEIGHT="53" WIDTH="62" VPOS="489" HPOS="735"/>
<SP HEIGHT="52" WIDTH="28" VPOS="489" HPOS="798"/>
<String CONTENT="laws" HEIGHT="50" WIDTH="136" VPOS="491" HPOS="827"/>
<SP HEIGHT="32" WIDTH="29" VPOS="509" HPOS="964"/>
<String CONTENT="of" HEIGHT="52" WIDTH="62" VPOS="489" HPOS="994"/>
<SP HEIGHT="54" WIDTH="29" VPOS="489" HPOS="1057"/>
<String CONTENT="South" HEIGHT="55" WIDTH="182" VPOS="488" HPOS="1087"/>
<SP HEIGHT="53" WIDTH="32" VPOS="488" HPOS="1270"/>
<String CONTENT="Carolina." HEIGHT="55" WIDTH="287" VPOS="486" HPOS="1303"/>
<SP HEIGHT="51" WIDTH="30" VPOS="489" HPOS="1591"/>
<String CONTENT="1932" HEIGHT="49" WIDTH="132" VPOS="488" HPOS="1622"/>
<SP HEIGHT="49" WIDTH="32" VPOS="488" HPOS="1755"/>
<String CS="1" CONTENT="&#8230;"/>
<SP HEIGHT="50" WIDTH="77" VPOS="487" HPOS="1844"/>
<String CONTENT="Prepared," HEIGHT="68" WIDTH="310" VPOS="485" HPOS="1922"/>
<SP HEIGHT="47" WIDTH="28" VPOS="504" HPOS="2233"/>
<String CONTENT="edited," HEIGHT="66" WIDTH="208" VPOS="485" HPOS="2262"/>
</TextLine>
<TextLine HEIGHT="71" WIDTH="1986" VPOS="563" HPOS="482" STYLEREFS="StyleId-0ECCD308-01D1-438B-8165-435C8FE8B1CD-">
<String CONTENT="annotated," HEIGHT="55" WIDTH="325" VPOS="568" HPOS="482"/>
<SP HEIGHT="37" WIDTH="39" VPOS="586" HPOS="808"/>
<String CONTENT="and" HEIGHT="52" WIDTH="110" VPOS="568" HPOS="848"/>
<SP HEIGHT="66" WIDTH="37" VPOS="568" HPOS="959"/>
<String CONTENT="printed" HEIGHT="69" WIDTH="230" VPOS="565" HPOS="997"/>
<SP HEIGHT="53" WIDTH="36" VPOS="565" HPOS="1228"/>
<String CONTENT="under" HEIGHT="52" WIDTH="183" VPOS="565" HPOS="1265"/>
<SP HEIGHT="47" WIDTH="31" VPOS="570" HPOS="1449"/>
<String CONTENT="the" HEIGHT="54" WIDTH="94" VPOS="565" HPOS="1481"/>
<SP HEIGHT="35" WIDTH="35" VPOS="584" HPOS="1576"/>
<String CONTENT="supervision," HEIGHT="68" WIDTH="374" VPOS="563" HPOS="1612"/>
<SP HEIGHT="64" WIDTH="34" VPOS="564" HPOS="1987"/>
<String CONTENT="direction," HEIGHT="58" WIDTH="295" VPOS="564" HPOS="2022"/>
<SP HEIGHT="38" WIDTH="38" VPOS="584" HPOS="2318"/>
<String CONTENT="and" HEIGHT="52" WIDTH="111" VPOS="565" HPOS="2357"/>
</TextLine>
<TextLine HEIGHT="66" WIDTH="1985" VPOS="643" HPOS="484" STYLEREFS="StyleId-0ECCD308-01D1-438B-8165-435C8FE8B1CD-">
<String CONTENT="assistance" HEIGHT="53" WIDTH="301" VPOS="645" HPOS="484"/>
<SP HEIGHT="33" WIDTH="41" VPOS="665" HPOS="786"/>
<String CONTENT="of" HEIGHT="51" WIDTH="62" VPOS="646" HPOS="828"/>
<SP HEIGHT="52" WIDTH="40" VPOS="646" HPOS="891"/>
<String CONTENT="the" HEIGHT="53" WIDTH="92" VPOS="645" HPOS="932"/>
<SP HEIGHT="53" WIDTH="45" VPOS="646" HPOS="1025"/>
<String CONTENT="Code" HEIGHT="55" WIDTH="154" VPOS="644" HPOS="1071"/>
<SP HEIGHT="33" WIDTH="39" VPOS="663" HPOS="1226"/>
<String CONTENT="commissioner," HEIGHT="66" WIDTH="438" VPOS="643" HPOS="1266"/>
<SP HEIGHT="47" WIDTH="41" VPOS="662" HPOS="1705"/>
<String CONTENT="and" HEIGHT="51" WIDTH="112" VPOS="644" HPOS="1747"/>
<SP HEIGHT="51" WIDTH="41" VPOS="644" HPOS="1860"/>
<String CONTENT="the" HEIGHT="52" WIDTH="95" VPOS="644" HPOS="1902"/>
<SP HEIGHT="35" WIDTH="39" VPOS="662" HPOS="1998"/>
<String CONTENT="committee" HEIGHT="53" WIDTH="319" VPOS="644" HPOS="2038"/>
<SP HEIGHT="33" WIDTH="39" VPOS="663" HPOS="2358"/>
<String CONTENT="on" HEIGHT="34" WIDTH="71" VPOS="662" HPOS="2398"/>
</TextLine>
<TextLine HEIGHT="69" WIDTH="1987" VPOS="721" HPOS="481" STYLEREFS="StyleId-0ECCD308-01D1-438B-8165-435C8FE8B1CD-" CS="1">
<String CONTENT="statutory" HEIGHT="60" WIDTH="287" VPOS="730" HPOS="481"/>
<SP HEIGHT="65" WIDTH="44" VPOS="725" HPOS="769"/>
<String CONTENT="laws" HEIGHT="50" WIDTH="136" VPOS="725" HPOS="814"/>
<SP HEIGHT="32" WIDTH="44" VPOS="742" HPOS="951"/>
<String CONTENT="of" HEIGHT="51" WIDTH="63" VPOS="723" HPOS="996"/>
<SP HEIGHT="51" WIDTH="43" VPOS="723" HPOS="1060"/>
<String CONTENT="the" HEIGHT="52" WIDTH="96" VPOS="722" HPOS="1104"/>
<SP HEIGHT="49" WIDTH="40" VPOS="741" HPOS="1201"/>
<String CONTENT="general" HEIGHT="66" WIDTH="229" VPOS="724" HPOS="1242"/>
<SP HEIGHT="49" WIDTH="46" VPOS="724" HPOS="1472"/>
<String CONTENT="assembly" HEIGHT="66" WIDTH="277" VPOS="722" HPOS="1519"/>
<SP HEIGHT="47" WIDTH="43" VPOS="741" HPOS="1797"/>
<String CONTENT="of" HEIGHT="54" WIDTH="64" VPOS="721" HPOS="1841"/>
<SP HEIGHT="55" WIDTH="46" VPOS="721" HPOS="1906"/>
<String CONTENT="South" HEIGHT="54" WIDTH="182" VPOS="722" HPOS="1953"/>
<SP HEIGHT="53" WIDTH="46" VPOS="723" HPOS="2136"/>
<String CONTENT="Carolina." HEIGHT="55" WIDTH="285" VPOS="721" HPOS="2183"/>
</TextLine>
<TextLine HEIGHT="69" WIDTH="1952" VPOS="799" HPOS="520" STYLEREFS="StyleId-0ECCD308-01D1-438B-8165-435C8FE8B1CD-" CS="1">
<String CS="1" CONTENT="v." HEIGHT="10" WIDTH="9" VPOS="842" HPOS="520"/>
<SP HEIGHT="47" WIDTH="60" VPOS="806" HPOS="530"/>
<String CONTENT="3." HEIGHT="47" WIDTH="47" VPOS="806" HPOS="591"/>
<SP HEIGHT="54" WIDTH="41" VPOS="800" HPOS="639"/>
<String CONTENT="Civil" HEIGHT="54" WIDTH="151" VPOS="800" HPOS="681"/>
<SP HEIGHT="49" WIDTH="58" VPOS="804" HPOS="833"/>
<String CONTENT="code," HEIGHT="59" WIDTH="152" VPOS="801" HPOS="892"/>
<SP HEIGHT="64" WIDTH="58" VPOS="803" HPOS="1045"/>
<String CONTENT="&#167;&#167;" HEIGHT="68" WIDTH="62" VPOS="799" HPOS="1104"/>
<SP HEIGHT="66" WIDTH="59" VPOS="799" HPOS="1167"/>
<String CONTENT="5807-9108." HEIGHT="53" WIDTH="324" VPOS="799" HPOS="1227"/>
<SP HEIGHT="54" WIDTH="76" VPOS="799" HPOS="1552"/>
<String CONTENT="Charlottesville," HEIGHT="65" WIDTH="479" VPOS="799" HPOS="1629"/>
<SP HEIGHT="63" WIDTH="56" VPOS="801" HPOS="2109"/>
<String LANG="fr" CONTENT="Va.," HEIGHT="67" WIDTH="125" VPOS="801" HPOS="2166"/>
<SP HEIGHT="66" WIDTH="56" VPOS="802" HPOS="2292"/>
<String CONTENT="The" HEIGHT="52" WIDTH="123" VPOS="802" HPOS="2349"/>
</TextLine>
<TextLine HEIGHT="66" WIDTH="717" VPOS="881" HPOS="481" STYLEREFS="StyleId-0ECCD308-01D1-438B-8165-435C8FE8B1CD-">
<String CONTENT="Michie" HEIGHT="52" WIDTH="212" VPOS="881" HPOS="481"/>
<SP HEIGHT="35" WIDTH="25" VPOS="898" HPOS="694"/>
<String CONTENT="company," HEIGHT="49" WIDTH="297" VPOS="898" HPOS="720"/>
<SP HEIGHT="64" WIDTH="30" VPOS="882" HPOS="1018"/>
<String CONTENT="1932." HEIGHT="50" WIDTH="149" VPOS="881" HPOS="1049"/>
</TextLine>
<TextLine HEIGHT="50" WIDTH="490" VPOS="953" HPOS="551" CS="1">
<String LANG="en-US" CONTENT="vi," HEIGHT="48" WIDTH="62" VPOS="955" HPOS="551"/>
<SP HEIGHT="47" WIDTH="33" VPOS="956" HPOS="614"/>
<String LANG="en-US" CONTENT="1211" HEIGHT="40" WIDTH="111" VPOS="953" HPOS="648"/>
<SP HEIGHT="46" WIDTH="32" VPOS="956" HPOS="760"/>
<String LANG="fr" CONTENT="p." HEIGHT="39" WIDTH="43" VPOS="963" HPOS="793"/>
<SP HEIGHT="39" WIDTH="58" VPOS="953" HPOS="837"/>
<String LANG="fr" CONTENT="26" HEIGHT="39" WIDTH="58" VPOS="953" HPOS="896"/>
<String LANG="en-US" CS="1" CONTENT="&#189;"/>
<String STYLE="superscript" LANG="fr" CS="1" CONTENT="&#7580;&#7504;"/>
<String LANG="fr" CONTENT="." HEIGHT="8" WIDTH="9" VPOS="983" HPOS="1032"/>
</TextLine>
<TextLine HEIGHT="52" WIDTH="1989" VPOS="1008" HPOS="486" CS="1">
<String CONTENT="&#169;" HEIGHT="52" WIDTH="51" VPOS="1008" HPOS="486"/>
<SP HEIGHT="52" WIDTH="25" VPOS="1008" HPOS="538"/>
<String CONTENT="Jan." HEIGHT="39" WIDTH="109" VPOS="1013" HPOS="564"/>
<SP HEIGHT="40" WIDTH="25" VPOS="1011" HPOS="674"/>
<String CONTENT="27," HEIGHT="47" WIDTH="68" VPOS="1011" HPOS="700"/>
<SP HEIGHT="46" WIDTH="26" VPOS="1012" HPOS="769"/>
<String CONTENT="1932;" HEIGHT="47" WIDTH="139" VPOS="1009" HPOS="796"/>
<SP HEIGHT="46" WIDTH="28" VPOS="1010" HPOS="936"/>
<String CONTENT="2c." HEIGHT="39" WIDTH="64" VPOS="1010" HPOS="965"/>
<SP HEIGHT="29" WIDTH="27" VPOS="1020" HPOS="1030"/>
<String CONTENT="and" HEIGHT="40" WIDTH="96" VPOS="1009" HPOS="1058"/>
<SP HEIGHT="39" WIDTH="24" VPOS="1009" HPOS="1155"/>
<String CONTENT="aff." HEIGHT="41" WIDTH="82" VPOS="1008" HPOS="1180"/>
<SP HEIGHT="40" WIDTH="26" VPOS="1009" HPOS="1263"/>
<String CONTENT="Jan." HEIGHT="39" WIDTH="109" VPOS="1009" HPOS="1290"/>
<SP HEIGHT="40" WIDTH="26" VPOS="1008" HPOS="1400"/>
<String CONTENT="28;" HEIGHT="47" WIDTH="82" VPOS="1008" HPOS="1427"/>
<SP HEIGHT="46" WIDTH="28" VPOS="1009" HPOS="1510"/>
<!-- cceid 017F73D4-6D7D-1014-B4A5-D7A31D17AB40 --><String CONTENT="A" HEIGHT="38" WIDTH="39" VPOS="1009" HPOS="1539"/>
<SP HEIGHT="38" WIDTH="25" VPOS="1009" HPOS="1579"/>
<String CS="1" CONTENT="48163;" HEIGHT="40" WIDTH="142" VPOS="1009" HPOS="1605"/>
<SP HEIGHT="46" WIDTH="31" VPOS="1010" HPOS="1777"/>
<String CONTENT="State" HEIGHT="40" WIDTH="137" VPOS="1010" HPOS="1809"/>
<SP HEIGHT="30" WIDTH="24" VPOS="1019" HPOS="1947"/>
<String CONTENT="of" HEIGHT="39" WIDTH="51" VPOS="1010" HPOS="1972"/>
<SP HEIGHT="40" WIDTH="27" VPOS="1010" HPOS="2024"/>
<String CONTENT="South" HEIGHT="41" WIDTH="153" VPOS="1009" HPOS="2052"/>
<SP HEIGHT="41" WIDTH="27" VPOS="1009" HPOS="2206"/>
<String CONTENT="Carolina," HEIGHT="47" WIDTH="241" VPOS="1009" HPOS="2234"/>
</TextLine>
<TextLine HEIGHT="48" WIDTH="423" VPOS="1066" HPOS="555">
<String CONTENT="Columbia," HEIGHT="47" WIDTH="263" VPOS="1067" HPOS="555"/>
<SP HEIGHT="47" WIDTH="33" VPOS="1067" HPOS="819"/>
<String LANG="fr" CONTENT="S." HEIGHT="40" WIDTH="43" VPOS="1067" HPOS="853"/>
<SP HEIGHT="41" WIDTH="32" VPOS="1066" HPOS="897"/>
<String CONTENT="C." HEIGHT="41" WIDTH="48" VPOS="1066" HPOS="930"/>
</TextLine>
<TextLine HEIGHT="66" WIDTH="787" VPOS="1157" HPOS="481" STYLEREFS="StyleId-D0D51D9B-B6AE-4710-B7AD-618BE2280305-">
<String CONTENT="Stone," HEIGHT="61" WIDTH="198" VPOS="1162" HPOS="481"/>
<SP HEIGHT="63" WIDTH="28" VPOS="1160" HPOS="680"/>
<String CONTENT="Julius" HEIGHT="54" WIDTH="197" VPOS="1159" HPOS="709"/>
<SP HEIGHT="54" WIDTH="26" VPOS="1158" HPOS="907"/>
<String CONTENT="Frederick." HEIGHT="55" WIDTH="334" VPOS="1157" HPOS="934"/>
</TextLine>
<TextLine HEIGHT="69" WIDTH="1923" VPOS="1234" HPOS="547" STYLEREFS="StyleId-0ECCD308-01D1-438B-8165-435C8FE8B1CD-" CS="1">
<String CONTENT="Canyon" HEIGHT="67" WIDTH="238" VPOS="1236" HPOS="547"/>
<SP HEIGHT="34" WIDTH="22" VPOS="1254" HPOS="786"/>
<String CS="1" CONTENT="country;" HEIGHT="62" WIDTH="241" VPOS="1241" HPOS="809"/>
<SP HEIGHT="62" WIDTH="23" VPOS="1241" HPOS="1080"/>
<String CONTENT="the" HEIGHT="53" WIDTH="96" VPOS="1235" HPOS="1104"/>
<SP HEIGHT="34" WIDTH="22" VPOS="1254" HPOS="1201"/>
<String CONTENT="romance" HEIGHT="34" WIDTH="261" VPOS="1253" HPOS="1224"/>
<SP HEIGHT="34" WIDTH="23" VPOS="1253" HPOS="1486"/>
<String CONTENT="of" HEIGHT="53" WIDTH="64" VPOS="1234" HPOS="1510"/>
<SP HEIGHT="53" WIDTH="22" VPOS="1234" HPOS="1575"/>
<String CONTENT="a" HEIGHT="33" WIDTH="33" VPOS="1254" HPOS="1598"/>
<SP HEIGHT="52" WIDTH="23" VPOS="1235" HPOS="1632"/>
<String CONTENT="drop" HEIGHT="62" WIDTH="144" VPOS="1235" HPOS="1656"/>
<SP HEIGHT="44" WIDTH="24" VPOS="1253" HPOS="1801"/>
<String CONTENT="of" HEIGHT="53" WIDTH="64" VPOS="1234" HPOS="1826"/>
<SP HEIGHT="52" WIDTH="22" VPOS="1234" HPOS="1891"/>
<String CONTENT="water" HEIGHT="47" WIDTH="176" VPOS="1240" HPOS="1914"/>
<SP HEIGHT="34" WIDTH="21" VPOS="1254" HPOS="2091"/>
<String CONTENT="and" HEIGHT="52" WIDTH="111" VPOS="1236" HPOS="2113"/>
<SP HEIGHT="52" WIDTH="25" VPOS="1236" HPOS="2225"/>
<String CONTENT="a" HEIGHT="34" WIDTH="31" VPOS="1254" HPOS="2251"/>
<SP HEIGHT="48" WIDTH="22" VPOS="1254" HPOS="2283"/>
<String CONTENT="grain" HEIGHT="66" WIDTH="164" VPOS="1236" HPOS="2306"/>
</TextLine>
<TextLine HEIGHT="69" WIDTH="1994" VPOS="1311" HPOS="477" STYLEREFS="StyleId-0ECCD308-01D1-438B-8165-435C8FE8B1CD-">
<String CONTENT="of" HEIGHT="53" WIDTH="63" VPOS="1314" HPOS="477"/>
<SP HEIGHT="53" WIDTH="39" VPOS="1314" HPOS="541"/>
<String CONTENT="sand," HEIGHT="68" WIDTH="161" VPOS="1312" HPOS="581"/>
<SP HEIGHT="66" WIDTH="40" VPOS="1314" HPOS="743"/>
<String CONTENT="by" HEIGHT="66" WIDTH="76" VPOS="1314" HPOS="784"/>
<SP HEIGHT="66" WIDTH="41" VPOS="1314" HPOS="861"/>
<String CONTENT="Julius" HEIGHT="54" WIDTH="194" VPOS="1313" HPOS="903"/>
<SP HEIGHT="53" WIDTH="42" VPOS="1313" HPOS="1098"/>
<String CONTENT="F." HEIGHT="52" WIDTH="65" VPOS="1313" HPOS="1141"/>
<SP HEIGHT="56" WIDTH="45" VPOS="1311" HPOS="1207"/>
<String CONTENT="Stone;" HEIGHT="65" WIDTH="203" VPOS="1311" HPOS="1253"/>
<SP HEIGHT="64" WIDTH="44" VPOS="1312" HPOS="1457"/>
<String CONTENT="foreword" HEIGHT="53" WIDTH="286" VPOS="1312" HPOS="1502"/>
<SP HEIGHT="53" WIDTH="42" VPOS="1312" HPOS="1789"/>
<String CONTENT="by" HEIGHT="64" WIDTH="76" VPOS="1313" HPOS="1832"/>
<SP HEIGHT="65" WIDTH="41" VPOS="1312" HPOS="1909"/>
<String CONTENT="Henry" HEIGHT="66" WIDTH="203" VPOS="1312" HPOS="1951"/>
<SP HEIGHT="65" WIDTH="41" VPOS="1313" HPOS="2155"/>
<String CONTENT="Fairfield" HEIGHT="53" WIDTH="274" VPOS="1313" HPOS="2197"/>
</TextLine>
<TextLine HEIGHT="66" WIDTH="1817" VPOS="1389" HPOS="478" STYLEREFS="StyleId-0ECCD308-01D1-438B-8165-435C8FE8B1CD-" CS="1">
<String CONTENT="Osborn" HEIGHT="56" WIDTH="223" VPOS="1389" HPOS="478"/>
<SP HEIGHT="33" WIDTH="33" VPOS="1410" HPOS="702"/>
<String CS="1" CONTENT="&#8230;"/>
<SP HEIGHT="32" WIDTH="36" VPOS="1411" HPOS="792"/>
<String CONTENT="with" HEIGHT="54" WIDTH="139" VPOS="1390" HPOS="829"/>
<SP HEIGHT="52" WIDTH="28" VPOS="1391" HPOS="969"/>
<String CONTENT="more" HEIGHT="34" WIDTH="153" VPOS="1409" HPOS="998"/>
<SP HEIGHT="47" WIDTH="27" VPOS="1396" HPOS="1152"/>
<String CONTENT="than" HEIGHT="53" WIDTH="142" VPOS="1390" HPOS="1180"/>
<SP HEIGHT="47" WIDTH="27" VPOS="1395" HPOS="1323"/>
<String CONTENT="300" HEIGHT="50" WIDTH="102" VPOS="1393" HPOS="1351"/>
<SP HEIGHT="53" WIDTH="26" VPOS="1390" HPOS="1454"/>
<String CONTENT="illustrations." HEIGHT="53" WIDTH="396" VPOS="1390" HPOS="1481"/>
<SP HEIGHT="51" WIDTH="66" VPOS="1390" HPOS="1878"/>
<String CONTENT="New" HEIGHT="53" WIDTH="138" VPOS="1390" HPOS="1945"/>
<SP HEIGHT="52" WIDTH="31" VPOS="1391" HPOS="2084"/>
<String CONTENT="York," HEIGHT="64" WIDTH="179" VPOS="1391" HPOS="2116"/>
</TextLine>
<TextLine HEIGHT="144" WIDTH="1970" VPOS="1392" HPOS="477" STYLEREFS="StyleId-0ECCD308-01D1-438B-8165-435C8FE8B1CD-" CS="1">
<String CONTENT="London," HEIGHT="144" WIDTH="1970" VPOS="1392" HPOS="477"/>
<SP HEIGHT="68" WIDTH="27" VPOS="1468" HPOS="608"/>
<String LANG="fr" CONTENT="G." HEIGHT="56" WIDTH="70" VPOS="1468" HPOS="636"/>
<SP HEIGHT="53" WIDTH="27" VPOS="1469" HPOS="707"/>
<String CONTENT="P." HEIGHT="52" WIDTH="65" VPOS="1469" HPOS="735"/>
<SP HEIGHT="52" WIDTH="29" VPOS="1469" HPOS="801"/>
<String CONTENT="Putnam&#8217;s" HEIGHT="55" WIDTH="295" VPOS="1466" HPOS="831"/>
<SP HEIGHT="35" WIDTH="27" VPOS="1486" HPOS="1127"/>
<String CONTENT="sons," HEIGHT="47" WIDTH="146" VPOS="1485" HPOS="1155"/>
<SP HEIGHT="62" WIDTH="29" VPOS="1470" HPOS="1302"/>
<String CONTENT="1932." HEIGHT="50" WIDTH="151" VPOS="1470" HPOS="1332"/>
</TextLine>
<TextLine HEIGHT="51" WIDTH="1645" VPOS="1539" HPOS="551" CS="1">
<String CONTENT="xvi," HEIGHT="47" WIDTH="95" VPOS="1541" HPOS="551"/>
<SP HEIGHT="47" WIDTH="28" VPOS="1541" HPOS="647"/>
<String CONTENT="442" HEIGHT="40" WIDTH="86" VPOS="1540" HPOS="676"/>
<SP HEIGHT="50" WIDTH="27" VPOS="1540" HPOS="763"/>
<String CONTENT="p." HEIGHT="38" WIDTH="43" VPOS="1552" HPOS="791"/>
<SP HEIGHT="40" WIDTH="29" VPOS="1541" HPOS="835"/>
<String CONTENT="incl." HEIGHT="39" WIDTH="109" VPOS="1541" HPOS="865"/>
<SP HEIGHT="39" WIDTH="27" VPOS="1541" HPOS="975"/>
<String CONTENT="illus.," HEIGHT="46" WIDTH="144" VPOS="1540" HPOS="1003"/>
<SP HEIGHT="46" WIDTH="28" VPOS="1540" HPOS="1148"/>
<String CONTENT="150" HEIGHT="40" WIDTH="84" VPOS="1540" HPOS="1177"/>
<SP HEIGHT="49" WIDTH="27" VPOS="1540" HPOS="1262"/>
<String CS="1" CONTENT="pl." HEIGHT="38" WIDTH="62" VPOS="1551" HPOS="1290"/>
<SP HEIGHT="29" WIDTH="28" VPOS="1551" HPOS="1353"/>
<String CONTENT="on" HEIGHT="29" WIDTH="61" VPOS="1551" HPOS="1382"/>
<SP HEIGHT="38" WIDTH="28" VPOS="1541" HPOS="1444"/>
<String CONTENT="75" HEIGHT="39" WIDTH="54" VPOS="1541" HPOS="1473"/>
<SP HEIGHT="40" WIDTH="29" VPOS="1540" HPOS="1528"/>
<String CS="1" CONTENT="l." HEIGHT="8" WIDTH="9" VPOS="1571" HPOS="1577"/>
<SP HEIGHT="39" WIDTH="56" VPOS="1540" HPOS="1587"/>
<String CS="1" CONTENT="front." HEIGHT="40" WIDTH="136" VPOS="1540" HPOS="1644"/>
<SP HEIGHT="46" WIDTH="28" VPOS="1541" HPOS="1795"/>
<String CONTENT="(map)" HEIGHT="47" WIDTH="158" VPOS="1541" HPOS="1824"/>
<SP HEIGHT="48" WIDTH="67" VPOS="1539" HPOS="1983"/>
<String CS="1" CONTENT="24&#189;" HEIGHT="39" WIDTH="55" VPOS="1539" HPOS="2051"/>
<String STYLE="superscript" CS="1" CONTENT="&#7580;&#7504;"/>
<String CONTENT="." HEIGHT="9" WIDTH="10" VPOS="1572" HPOS="2186"/>
</TextLine>
<TextLine HEIGHT="51" WIDTH="925" VPOS="1596" HPOS="549" CS="1">
<String CONTENT="&#8220;Errata&#8221;" HEIGHT="40" WIDTH="238" VPOS="1598" HPOS="549"/>
<SP HEIGHT="40" WIDTH="29" VPOS="1598" HPOS="788"/>
<String CONTENT="slip" HEIGHT="50" WIDTH="93" VPOS="1597" HPOS="818"/>
<SP HEIGHT="50" WIDTH="26" VPOS="1597" HPOS="912"/>
<String CONTENT="inserted" HEIGHT="40" WIDTH="214" VPOS="1597" HPOS="939"/>
<SP HEIGHT="39" WIDTH="28" VPOS="1597" HPOS="1154"/>
<String CONTENT="after" HEIGHT="40" WIDTH="131" VPOS="1597" HPOS="1183"/>
<SP HEIGHT="37" WIDTH="27" VPOS="1608" HPOS="1315"/>
<String CONTENT="p." HEIGHT="37" WIDTH="43" VPOS="1608" HPOS="1343"/>
<SP HEIGHT="30" WIDTH="31" VPOS="1616" HPOS="1387"/>
<String CS="1" CONTENT="[2]" HEIGHT="49" WIDTH="42" VPOS="1596" HPOS="1432"/>
</TextLine>
<TextLine HEIGHT="43" WIDTH="421" VPOS="1654" HPOS="551">
<String CONTENT="&#8220;First" HEIGHT="41" WIDTH="162" VPOS="1656" HPOS="551"/>
<SP HEIGHT="38" WIDTH="30" VPOS="1659" HPOS="714"/>
<String CONTENT="edition.&#8221;" HEIGHT="43" WIDTH="227" VPOS="1654" HPOS="745"/>
</TextLine>
<TextLine HEIGHT="108" WIDTH="1976" VPOS="1710" HPOS="482" CS="1">
<String CS="1" CONTENT="CONTENTS.&#8212;pt." HEIGHT="48" WIDTH="141" VPOS="1712" HPOS="816"/>
<SP HEIGHT="33" WIDTH="26" VPOS="1717" HPOS="958"/>
<String CONTENT="I." HEIGHT="33" WIDTH="32" VPOS="1717" HPOS="985"/>
<SP HEIGHT="39" WIDTH="28" VPOS="1711" HPOS="1018"/>
<String CONTENT="A" HEIGHT="37" WIDTH="37" VPOS="1711" HPOS="1047"/>
<SP HEIGHT="41" WIDTH="25" VPOS="1710" HPOS="1085"/>
<String CONTENT="borrowed" HEIGHT="41" WIDTH="249" VPOS="1710" HPOS="1111"/>
<SP HEIGHT="40" WIDTH="27" VPOS="1710" HPOS="1361"/>
<String CONTENT="chapter" HEIGHT="49" WIDTH="201" VPOS="1710" HPOS="1389"/>
<SP HEIGHT="30" WIDTH="26" VPOS="1721" HPOS="1591"/>
<String CONTENT="on" HEIGHT="30" WIDTH="59" VPOS="1721" HPOS="1618"/>
<SP HEIGHT="29" WIDTH="27" VPOS="1721" HPOS="1678"/>
<String CONTENT="erosion" HEIGHT="41" WIDTH="190" VPOS="1710" HPOS="1706"/>
<SP HEIGHT="39" WIDTH="30" VPOS="1721" HPOS="1897"/>
<String CS="1" CONTENT="[from" HEIGHT="41" WIDTH="125" VPOS="1710" HPOS="1941"/>
<SP HEIGHT="40" WIDTH="31" VPOS="1711" HPOS="2067"/>
<String CONTENT="&#8220;Tertiary" HEIGHT="49" WIDTH="254" VPOS="1711" HPOS="2099"/>
<SP HEIGHT="46" WIDTH="27" VPOS="1714" HPOS="2354"/>
<String CONTENT="history" HEIGHT="104" WIDTH="1976" VPOS="1714" HPOS="482"/>
</TextLine>
<TextLine HEIGHT="50" WIDTH="1848" VPOS="1765" HPOS="626" CS="1">
<String CONTENT="of" HEIGHT="41" WIDTH="52" VPOS="1770" HPOS="626"/>
<SP HEIGHT="40" WIDTH="34" VPOS="1770" HPOS="679"/>
<String CONTENT="the" HEIGHT="40" WIDTH="83" VPOS="1770" HPOS="714"/>
<SP HEIGHT="42" WIDTH="36" VPOS="1768" HPOS="798"/>
<String CONTENT="Grand" HEIGHT="40" WIDTH="166" VPOS="1768" HPOS="835"/>
<SP HEIGHT="39" WIDTH="34" VPOS="1768" HPOS="1002"/>
<String CONTENT="canon" HEIGHT="30" WIDTH="153" VPOS="1777" HPOS="1037"/>
<SP HEIGHT="40" WIDTH="35" VPOS="1767" HPOS="1191"/>
<String CONTENT="district&#8221;," HEIGHT="49" WIDTH="240" VPOS="1765" HPOS="1227"/>
<SP HEIGHT="47" WIDTH="36" VPOS="1767" HPOS="1468"/>
<String CONTENT="by" HEIGHT="47" WIDTH="60" VPOS="1767" HPOS="1505"/>
<SP HEIGHT="49" WIDTH="37" VPOS="1765" HPOS="1566"/>
<String CONTENT="Captain" HEIGHT="50" WIDTH="209" VPOS="1765" HPOS="1604"/>
<SP HEIGHT="41" WIDTH="36" VPOS="1766" HPOS="1814"/>
<String CONTENT="Clarence" HEIGHT="43" WIDTH="233" VPOS="1766" HPOS="1851"/>
<SP HEIGHT="41" WIDTH="38" VPOS="1768" HPOS="2085"/>
<String CONTENT="E." HEIGHT="41" WIDTH="50" VPOS="1768" HPOS="2124"/>
<SP HEIGHT="39" WIDTH="37" VPOS="1770" HPOS="2175"/>
<String CS="1" CONTENT="Dutton]&#8212;" HEIGHT="40" WIDTH="261" VPOS="1770" HPOS="2213"/>
</TextLine>
<TextLine HEIGHT="52" WIDTH="1991" VPOS="1823" HPOS="483">
<String CONTENT="pt." HEIGHT="48" WIDTH="66" VPOS="1827" HPOS="483"/>
<SP HEIGHT="33" WIDTH="35" VPOS="1834" HPOS="550"/>
<String CONTENT="II." HEIGHT="33" WIDTH="52" VPOS="1834" HPOS="586"/>
<SP HEIGHT="41" WIDTH="34" VPOS="1826" HPOS="639"/>
<String CONTENT="Journal" HEIGHT="41" WIDTH="207" VPOS="1826" HPOS="674"/>
<SP HEIGHT="39" WIDTH="33" VPOS="1827" HPOS="882"/>
<String CONTENT="of" HEIGHT="41" WIDTH="51" VPOS="1825" HPOS="916"/>
<SP HEIGHT="40" WIDTH="33" VPOS="1825" HPOS="968"/>
<String CONTENT="the" HEIGHT="39" WIDTH="82" VPOS="1826" HPOS="1002"/>
<SP HEIGHT="39" WIDTH="33" VPOS="1826" HPOS="1085"/>
<String CONTENT="trip" HEIGHT="50" WIDTH="99" VPOS="1823" HPOS="1119"/>
<SP HEIGHT="48" WIDTH="35" VPOS="1825" HPOS="1219"/>
<String CONTENT="through" HEIGHT="46" WIDTH="210" VPOS="1825" HPOS="1255"/>
<SP HEIGHT="38" WIDTH="34" VPOS="1825" HPOS="1466"/>
<String CONTENT="the" HEIGHT="40" WIDTH="81" VPOS="1825" HPOS="1501"/>
<SP HEIGHT="31" WIDTH="33" VPOS="1834" HPOS="1583"/>
<String CONTENT="canyons" HEIGHT="38" WIDTH="213" VPOS="1833" HPOS="1617"/>
<SP HEIGHT="30" WIDTH="34" VPOS="1835" HPOS="1831"/>
<String CONTENT="of" HEIGHT="41" WIDTH="51" VPOS="1824" HPOS="1866"/>
<SP HEIGHT="41" WIDTH="33" VPOS="1824" HPOS="1918"/>
<String CONTENT="the" HEIGHT="39" WIDTH="83" VPOS="1826" HPOS="1952"/>
<SP HEIGHT="40" WIDTH="33" VPOS="1825" HPOS="2036"/>
<String CONTENT="Green" HEIGHT="41" WIDTH="156" VPOS="1825" HPOS="2070"/>
<SP HEIGHT="30" WIDTH="34" VPOS="1836" HPOS="2227"/>
<String CONTENT="and" HEIGHT="39" WIDTH="94" VPOS="1827" HPOS="2262"/>
<SP HEIGHT="40" WIDTH="36" VPOS="1827" HPOS="2357"/>
<String CONTENT="the" HEIGHT="40" WIDTH="80" VPOS="1828" HPOS="2394"/>
</TextLine>
<TextLine HEIGHT="111" WIDTH="1978" VPOS="1879" HPOS="479" CS="1">
<String LANG="en-US" CONTENT="Colorado." HEIGHT="43" WIDTH="251" VPOS="1882" HPOS="480"/>
<SP HEIGHT="30" WIDTH="73" VPOS="1903" HPOS="732"/>
<String LANG="de" CONTENT="[September-November," HEIGHT="54" WIDTH="607" VPOS="1879" HPOS="806"/>
<SP HEIGHT="46" WIDTH="43" VPOS="1881" HPOS="1414"/>
<String LANG="en-US" CONTENT="1909]&#8212;pt." HEIGHT="50" WIDTH="263" VPOS="1879" HPOS="1458"/>
<SP/>
<String LANG="en-US" CS="1" CONTENT="III." HEIGHT="9" WIDTH="11" VPOS="1910" HPOS="1828"/>
<SP HEIGHT="38" WIDTH="41" VPOS="1881" HPOS="1840"/>
<String LANG="en-US" CONTENT="Photographs" HEIGHT="49" WIDTH="337" VPOS="1881" HPOS="1882"/>
<SP HEIGHT="30" WIDTH="40" VPOS="1893" HPOS="2220"/>
<String LANG="en-US" CONTENT="and" HEIGHT="38" WIDTH="95" VPOS="1884" HPOS="2261"/>
<SP HEIGHT="39" WIDTH="41" VPOS="1884" HPOS="2357"/>
<String LANG="en-US" CONTENT="explanatory" HEIGHT="98" WIDTH="1978" VPOS="1892" HPOS="479"/>
<SP HEIGHT="45" WIDTH="32" VPOS="1943" HPOS="738"/>
<String LANG="en-US" CONTENT="text." HEIGHT="39" WIDTH="117" VPOS="1942" HPOS="771"/>
</TextLine>
<TextLine HEIGHT="56" WIDTH="1770" VPOS="1993" HPOS="487" CS="1">
<String CONTENT="&#169;" HEIGHT="52" WIDTH="51" VPOS="1997" HPOS="487"/>
<SP HEIGHT="52" WIDTH="33" VPOS="1997" HPOS="539"/>
<String CONTENT="Feb." HEIGHT="40" WIDTH="107" VPOS="2000" HPOS="573"/>
<SP HEIGHT="41" WIDTH="27" VPOS="1999" HPOS="681"/>
<String CONTENT="26," HEIGHT="45" WIDTH="70" VPOS="1999" HPOS="709"/>
<SP HEIGHT="45" WIDTH="28" VPOS="1999" HPOS="780"/>
<String CS="1" CONTENT="1932;" HEIGHT="41" WIDTH="111" VPOS="1996" HPOS="809"/>
<SP HEIGHT="41" WIDTH="31" VPOS="1996" HPOS="948"/>
<String CONTENT="2c." HEIGHT="39" WIDTH="65" VPOS="1996" HPOS="980"/>
<SP HEIGHT="38" WIDTH="32" VPOS="1996" HPOS="1046"/>
<String CONTENT="Mar." HEIGHT="39" WIDTH="120" VPOS="1996" HPOS="1079"/>
<SP HEIGHT="41" WIDTH="29" VPOS="1994" HPOS="1200"/>
<String CONTENT="5;" HEIGHT="46" WIDTH="52" VPOS="1994" HPOS="1230"/>
<SP HEIGHT="35" WIDTH="32" VPOS="2005" HPOS="1283"/>
<String CONTENT="aff." HEIGHT="40" WIDTH="80" VPOS="1993" HPOS="1316"/>
<SP HEIGHT="38" WIDTH="32" VPOS="1995" HPOS="1397"/>
<String CONTENT="Mar." HEIGHT="40" WIDTH="120" VPOS="1995" HPOS="1430"/>
<SP HEIGHT="40" WIDTH="30" VPOS="1995" HPOS="1551"/>
<String CONTENT="7;" HEIGHT="44" WIDTH="51" VPOS="1995" HPOS="1582"/>
<SP HEIGHT="45" WIDTH="32" VPOS="1994" HPOS="1634"/>
<!-- cceid 01803C92-6D7D-1014-B4A5-D7A31D17AB40 --><String CONTENT="A" HEIGHT="39" WIDTH="39" VPOS="1994" HPOS="1667"/>
<SP HEIGHT="39" WIDTH="27" VPOS="1994" HPOS="1707"/>
<String CS="1" CONTENT="48837;" HEIGHT="40" WIDTH="143" VPOS="1994" HPOS="1735"/>
<SP HEIGHT="39" WIDTH="34" VPOS="1996" HPOS="1905"/>
<String CONTENT="J." HEIGHT="39" WIDTH="42" VPOS="1996" HPOS="1940"/>
<SP HEIGHT="38" WIDTH="34" VPOS="1996" HPOS="1983"/>
<String CONTENT="F." HEIGHT="38" WIDTH="47" VPOS="1996" HPOS="2018"/>
<SP HEIGHT="39" WIDTH="33" VPOS="1996" HPOS="2066"/>
<String CONTENT="Stone," HEIGHT="48" WIDTH="157" VPOS="1996" HPOS="2100"/>
</TextLine>
<TextLine HEIGHT="106" WIDTH="1903" VPOS="1996" HPOS="555" CS="1">
<String CONTENT="Columbus," HEIGHT="106" WIDTH="1903" VPOS="1996" HPOS="555"/>
<SP HEIGHT="47" WIDTH="26" VPOS="2055" HPOS="657"/>
<String CONTENT="O." HEIGHT="39" WIDTH="50" VPOS="2055" HPOS="684"/>
<SP HEIGHT="46" WIDTH="71" VPOS="2055" HPOS="735"/>
<String CONTENT="(32-26204)" HEIGHT="49" WIDTH="278" VPOS="2052" HPOS="807"/>
</TextLine>
<TextLine HEIGHT="67" WIDTH="1254" VPOS="2141" HPOS="482" STYLEREFS="StyleId-D0D51D9B-B6AE-4710-B7AD-618BE2280305-">
<String CONTENT="Stubbs," HEIGHT="65" WIDTH="239" VPOS="2143" HPOS="482"/>
<SP HEIGHT="64" WIDTH="31" VPOS="2144" HPOS="722"/>
<String CONTENT="Ansel" HEIGHT="52" WIDTH="182" VPOS="2144" HPOS="754"/>
<SP HEIGHT="52" WIDTH="27" VPOS="2143" HPOS="937"/>
<String CONTENT="Hartley," HEIGHT="65" WIDTH="269" VPOS="2141" HPOS="965"/>
<SP HEIGHT="62" WIDTH="34" VPOS="2144" HPOS="1235"/>
<String CONTENT="1884-" HEIGHT="50" WIDTH="171" VPOS="2144" HPOS="1270"/>
<SP HEIGHT="35" WIDTH="210" VPOS="2158" HPOS="1442"/>
<String CONTENT="ed." HEIGHT="53" WIDTH="83" VPOS="2141" HPOS="1653"/>
</TextLine>
<TextLine HEIGHT="70" WIDTH="1922" VPOS="2216" HPOS="550" STYLEREFS="StyleId-0ECCD308-01D1-438B-8165-435C8FE8B1CD-">
<String CONTENT="Financial" HEIGHT="53" WIDTH="301" VPOS="2219" HPOS="550"/>
<SP HEIGHT="50" WIDTH="31" VPOS="2220" HPOS="852"/>
<String CONTENT="and" HEIGHT="52" WIDTH="112" VPOS="2219" HPOS="884"/>
<SP HEIGHT="52" WIDTH="29" VPOS="2219" HPOS="997"/>
<String CONTENT="social" HEIGHT="52" WIDTH="173" VPOS="2218" HPOS="1027"/>
<SP HEIGHT="52" WIDTH="28" VPOS="2218" HPOS="1201"/>
<String CONTENT="success" HEIGHT="36" WIDTH="215" VPOS="2234" HPOS="1230"/>
<SP HEIGHT="53" WIDTH="30" VPOS="2217" HPOS="1446"/>
<String CONTENT="in" HEIGHT="52" WIDTH="59" VPOS="2217" HPOS="1477"/>
<SP HEIGHT="34" WIDTH="32" VPOS="2235" HPOS="1537"/>
<String CONTENT="welfare" HEIGHT="54" WIDTH="234" VPOS="2216" HPOS="1570"/>
<SP HEIGHT="50" WIDTH="28" VPOS="2235" HPOS="1805"/>
<String CONTENT="plans," HEIGHT="67" WIDTH="184" VPOS="2218" HPOS="1834"/>
<SP HEIGHT="48" WIDTH="28" VPOS="2237" HPOS="2019"/>
<String CONTENT="compiled" HEIGHT="68" WIDTH="281" VPOS="2218" HPOS="2048"/>
<SP HEIGHT="52" WIDTH="31" VPOS="2219" HPOS="2330"/>
<String CONTENT="and" HEIGHT="52" WIDTH="110" VPOS="2220" HPOS="2362"/>
</TextLine>
<TextLine HEIGHT="72" WIDTH="1765" VPOS="2293" HPOS="481" STYLEREFS="StyleId-0ECCD308-01D1-438B-8165-435C8FE8B1CD-" CS="1">
<String CONTENT="edited" HEIGHT="54" WIDTH="188" VPOS="2297" HPOS="481"/>
<SP HEIGHT="53" WIDTH="40" VPOS="2296" HPOS="670"/>
<String CONTENT="by" HEIGHT="69" WIDTH="75" VPOS="2296" HPOS="711"/>
<SP HEIGHT="70" WIDTH="38" VPOS="2295" HPOS="787"/>
<String CONTENT="Ansel" HEIGHT="54" WIDTH="178" VPOS="2295" HPOS="826"/>
<SP HEIGHT="53" WIDTH="39" VPOS="2294" HPOS="1005"/>
<String CONTENT="Hartley" HEIGHT="69" WIDTH="249" VPOS="2294" HPOS="1045"/>
<SP HEIGHT="70" WIDTH="43" VPOS="2293" HPOS="1295"/>
<String CONTENT="Stubbs." HEIGHT="56" WIDTH="227" VPOS="2293" HPOS="1339"/>
<SP HEIGHT="52" WIDTH="77" VPOS="2294" HPOS="1567"/>
<String CONTENT="Kansas" HEIGHT="54" WIDTH="226" VPOS="2294" HPOS="1645"/>
<SP HEIGHT="56" WIDTH="44" VPOS="2293" HPOS="1872"/>
<String CONTENT="City," HEIGHT="70" WIDTH="154" VPOS="2293" HPOS="1917"/>
<SP HEIGHT="68" WIDTH="39" VPOS="2295" HPOS="2072"/>
<String CONTENT="Mo.," HEIGHT="65" WIDTH="134" VPOS="2295" HPOS="2112"/>
</TextLine>
<TextLine HEIGHT="147" WIDTH="1972" VPOS="2296" HPOS="479" STYLEREFS="StyleId-0ECCD308-01D1-438B-8165-435C8FE8B1CD-" CS="1">
<String CONTENT="Intercollegiate" HEIGHT="147" WIDTH="1972" VPOS="2296" HPOS="479"/>
<SP HEIGHT="51" WIDTH="26" VPOS="2391" HPOS="776"/>
<String CONTENT="press" HEIGHT="51" WIDTH="157" VPOS="2391" HPOS="803"/>
<SP HEIGHT="47" WIDTH="33" VPOS="2393" HPOS="961"/>
<String CS="1" CONTENT="["/>
<String STYLE="superscript" CS="1" CONTENT="&#7580;1"/>
<String CONTENT="932]" HEIGHT="66" WIDTH="120" VPOS="2374" HPOS="1068"/>
</TextLine>
<TextLine HEIGHT="51" WIDTH="851" VPOS="2443" HPOS="549" CS="1">
<String CONTENT="267" HEIGHT="41" WIDTH="85" VPOS="2447" HPOS="549"/>
<SP HEIGHT="46" WIDTH="26" VPOS="2448" HPOS="635"/>
<String LANG="fr" CONTENT="p.," HEIGHT="37" WIDTH="57" VPOS="2457" HPOS="662"/>
<SP HEIGHT="45" WIDTH="24" VPOS="2449" HPOS="720"/>
<String CONTENT="1" HEIGHT="37" WIDTH="23" VPOS="2449" HPOS="745"/>
<SP HEIGHT="39" WIDTH="28" VPOS="2447" HPOS="769"/>
<String CS="1" CONTENT="l." HEIGHT="8" WIDTH="9" VPOS="2478" HPOS="818"/>
<SP HEIGHT="40" WIDTH="26" VPOS="2446" HPOS="828"/>
<String CONTENT="incl." HEIGHT="40" WIDTH="108" VPOS="2446" HPOS="855"/>
<SP HEIGHT="40" WIDTH="28" VPOS="2446" HPOS="964"/>
<String CONTENT="illus.," HEIGHT="47" WIDTH="143" VPOS="2445" HPOS="993"/>
<SP HEIGHT="38" WIDTH="25" VPOS="2455" HPOS="1137"/>
<String CS="1" CONTENT="pl." HEIGHT="38" WIDTH="63" VPOS="2455" HPOS="1163"/>
<SP HEIGHT="40" WIDTH="57" VPOS="2444" HPOS="1227"/>
<String CONTENT="20" HEIGHT="41" WIDTH="57" VPOS="2443" HPOS="1285"/>
<String STYLE="superscript" CS="1" CONTENT="&#7580;&#7504;"/>
<String CONTENT="." HEIGHT="7" WIDTH="7" VPOS="2477" HPOS="1393"/>
</TextLine>
<TextLine HEIGHT="51" WIDTH="691" VPOS="2500" HPOS="550">
<String CONTENT="Bibliography:" HEIGHT="48" WIDTH="374" VPOS="2503" HPOS="550"/>
<SP HEIGHT="38" WIDTH="26" VPOS="2512" HPOS="925"/>
<String CONTENT="p." HEIGHT="38" WIDTH="44" VPOS="2512" HPOS="952"/>
<SP HEIGHT="42" WIDTH="27" VPOS="2501" HPOS="997"/>
<String CONTENT="257-258." HEIGHT="43" WIDTH="216" VPOS="2500" HPOS="1025"/>
</TextLine>
<TextLine HEIGHT="52" WIDTH="1987" VPOS="2557" HPOS="488" CS="1">
<String CONTENT="&#169;" HEIGHT="52" WIDTH="51" VPOS="2557" HPOS="488"/>
<SP HEIGHT="52" WIDTH="30" VPOS="2557" HPOS="540"/>
<String CONTENT="Feb." HEIGHT="39" WIDTH="110" VPOS="2562" HPOS="571"/>
<SP HEIGHT="38" WIDTH="29" VPOS="2563" HPOS="682"/>
<String CONTENT="1," HEIGHT="44" WIDTH="39" VPOS="2563" HPOS="712"/>
<SP HEIGHT="45" WIDTH="29" VPOS="2562" HPOS="752"/>
<String CONTENT="1932;" HEIGHT="47" WIDTH="139" VPOS="2560" HPOS="782"/>
<SP HEIGHT="46" WIDTH="28" VPOS="2561" HPOS="922"/>
<String CONTENT="2c." HEIGHT="40" WIDTH="67" VPOS="2561" HPOS="951"/>
<SP HEIGHT="38" WIDTH="30" VPOS="2562" HPOS="1019"/>
<String CONTENT="Feb." HEIGHT="39" WIDTH="108" VPOS="2561" HPOS="1050"/>
<SP HEIGHT="37" WIDTH="29" VPOS="2561" HPOS="1159"/>
<String CONTENT="4;" HEIGHT="45" WIDTH="53" VPOS="2561" HPOS="1189"/>
<SP HEIGHT="36" WIDTH="31" VPOS="2570" HPOS="1243"/>
<String CONTENT="aff." HEIGHT="41" WIDTH="81" VPOS="2559" HPOS="1275"/>
<SP HEIGHT="41" WIDTH="31" VPOS="2559" HPOS="1357"/>
<String CONTENT="Feb." HEIGHT="41" WIDTH="109" VPOS="2558" HPOS="1389"/>
<SP HEIGHT="39" WIDTH="29" VPOS="2560" HPOS="1499"/>
<String CONTENT="3;" HEIGHT="45" WIDTH="52" VPOS="2560" HPOS="1529"/>
<SP HEIGHT="45" WIDTH="33" VPOS="2560" HPOS="1582"/>
<!-- cceid 0180F67D-6D7D-1014-B4A5-D7A31D17AB40 --><String CONTENT="A" HEIGHT="38" WIDTH="35" VPOS="2560" HPOS="1616"/>
<SP HEIGHT="38" WIDTH="31" VPOS="2560" HPOS="1652"/>
<String CONTENT="48665;" HEIGHT="46" WIDTH="171" VPOS="2559" HPOS="1684"/>
<SP HEIGHT="44" WIDTH="33" VPOS="2561" HPOS="1856"/>
<String CS="1" CONTENT="Inter-collegiate" HEIGHT="48" WIDTH="405" VPOS="2559" HPOS="1890"/>
<SP HEIGHT="36" WIDTH="31" VPOS="2572" HPOS="2296"/>
<String CONTENT="press." HEIGHT="38" WIDTH="147" VPOS="2570" HPOS="2328"/>
</TextLine>
<TextLine HEIGHT="48" WIDTH="280" VPOS="2618" HPOS="565">
<String CONTENT="(32-26218)" HEIGHT="48" WIDTH="280" VPOS="2618" HPOS="565"/>
</TextLine>
<TextLine HEIGHT="67" WIDTH="849" VPOS="2705" HPOS="477" STYLEREFS="StyleId-D0D51D9B-B6AE-4710-B7AD-618BE2280305-">
<String CONTENT="Sullivan," HEIGHT="67" WIDTH="280" VPOS="2705" HPOS="477"/>
<SP HEIGHT="65" WIDTH="29" VPOS="2707" HPOS="758"/>
<String CONTENT="Lawrence," HEIGHT="63" WIDTH="333" VPOS="2707" HPOS="788"/>
<SP HEIGHT="59" WIDTH="32" VPOS="2711" HPOS="1122"/>
<String CONTENT="1898-" HEIGHT="51" WIDTH="171" VPOS="2710" HPOS="1155"/>
</TextLine>
<TextLine HEIGHT="70" WIDTH="1920" VPOS="2779" HPOS="552" STYLEREFS="StyleId-0ECCD308-01D1-438B-8165-435C8FE8B1CD-">
<String CONTENT="All" HEIGHT="52" WIDTH="99" VPOS="2781" HPOS="552"/>
<SP HEIGHT="54" WIDTH="28" VPOS="2781" HPOS="652"/>
<String CONTENT="about" HEIGHT="54" WIDTH="171" VPOS="2781" HPOS="681"/>
<SP HEIGHT="54" WIDTH="27" VPOS="2781" HPOS="853"/>
<String CONTENT="Washington," HEIGHT="67" WIDTH="398" VPOS="2781" HPOS="881"/>
<SP HEIGHT="66" WIDTH="28" VPOS="2781" HPOS="1280"/>
<String CONTENT="including" HEIGHT="69" WIDTH="299" VPOS="2779" HPOS="1309"/>
<SP HEIGHT="67" WIDTH="29" VPOS="2781" HPOS="1609"/>
<String CONTENT="dining" HEIGHT="69" WIDTH="202" VPOS="2780" HPOS="1639"/>
<SP HEIGHT="70" WIDTH="29" VPOS="2779" HPOS="1842"/>
<String CONTENT="in" HEIGHT="53" WIDTH="57" VPOS="2779" HPOS="1872"/>
<SP HEIGHT="53" WIDTH="32" VPOS="2780" HPOS="1930"/>
<String CONTENT="Washington;" HEIGHT="70" WIDTH="406" VPOS="2779" HPOS="1963"/>
<SP HEIGHT="49" WIDTH="32" VPOS="2799" HPOS="2370"/>
<String CONTENT="an" HEIGHT="32" WIDTH="69" VPOS="2801" HPOS="2403"/>
</TextLine>
<TextLine HEIGHT="70" WIDTH="1987" VPOS="2856" HPOS="485" STYLEREFS="StyleId-0ECCD308-01D1-438B-8165-435C8FE8B1CD-">
<String CONTENT="intimate" HEIGHT="55" WIDTH="257" VPOS="2856" HPOS="485"/>
<SP HEIGHT="50" WIDTH="45" VPOS="2876" HPOS="743"/>
<String CONTENT="guide," HEIGHT="69" WIDTH="188" VPOS="2857" HPOS="789"/>
<SP HEIGHT="66" WIDTH="41" VPOS="2859" HPOS="978"/>
<String CONTENT="by" HEIGHT="67" WIDTH="75" VPOS="2859" HPOS="1020"/>
<SP HEIGHT="69" WIDTH="45" VPOS="2857" HPOS="1096"/>
<String CONTENT="Lawrence" HEIGHT="53" WIDTH="301" VPOS="2857" HPOS="1142"/>
<SP HEIGHT="55" WIDTH="45" VPOS="2856" HPOS="1444"/>
<String CONTENT="Sullivan;" HEIGHT="68" WIDTH="290" VPOS="2856" HPOS="1490"/>
<SP HEIGHT="67" WIDTH="47" VPOS="2857" HPOS="1781"/>
<String CONTENT="decorations" HEIGHT="56" WIDTH="350" VPOS="2857" HPOS="1829"/>
<SP HEIGHT="56" WIDTH="43" VPOS="2857" HPOS="2180"/>
<String CONTENT="by" HEIGHT="68" WIDTH="73" VPOS="2857" HPOS="2224"/>
<SP HEIGHT="67" WIDTH="43" VPOS="2858" HPOS="2298"/>
<String CONTENT="Jay." HEIGHT="68" WIDTH="130" VPOS="2858" HPOS="2342"/>
</TextLine>
<TextLine HEIGHT="70" WIDTH="1986" VPOS="2933" HPOS="484" STYLEREFS="StyleId-0ECCD308-01D1-438B-8165-435C8FE8B1CD-" CS="1">
<String CONTENT="Bi-centennial" HEIGHT="56" WIDTH="417" VPOS="2934" HPOS="484"/>
<SP HEIGHT="53" WIDTH="30" VPOS="2934" HPOS="902"/>
<String CONTENT="ed." HEIGHT="53" WIDTH="82" VPOS="2934" HPOS="933"/>
<SP HEIGHT="52" WIDTH="67" VPOS="2934" HPOS="1016"/>
<String CONTENT="New" HEIGHT="53" WIDTH="136" VPOS="2934" HPOS="1084"/>
<SP HEIGHT="53" WIDTH="32" VPOS="2934" HPOS="1221"/>
<String CONTENT="York," HEIGHT="68" WIDTH="177" VPOS="2933" HPOS="1254"/>
<SP HEIGHT="67" WIDTH="29" VPOS="2934" HPOS="1432"/>
<String CONTENT="The" HEIGHT="52" WIDTH="122" VPOS="2934" HPOS="1462"/>
<SP HEIGHT="54" WIDTH="28" VPOS="2933" HPOS="1585"/>
<String CONTENT="John" HEIGHT="54" WIDTH="154" VPOS="2933" HPOS="1614"/>
<SP HEIGHT="51" WIDTH="32" VPOS="2934" HPOS="1769"/>
<String CONTENT="Day" HEIGHT="68" WIDTH="130" VPOS="2934" HPOS="1802"/>
<SP HEIGHT="49" WIDTH="28" VPOS="2953" HPOS="1933"/>
<String CONTENT="company" HEIGHT="50" WIDTH="276" VPOS="2952" HPOS="1962"/>
<SP HEIGHT="49" WIDTH="38" VPOS="2954" HPOS="2239"/>
<String STYLE="subscript" CONTENT="[" HEIGHT="34" WIDTH="12" VPOS="2969" HPOS="2278"/>
<String STYLE="superscript" CS="1" CONTENT="&#7580;1"/>
<String CONTENT="932" HEIGHT="49" WIDTH="101" VPOS="2938" HPOS="2351"/>
<String STYLE="subscript" CONTENT="]" HEIGHT="34" WIDTH="14" VPOS="2968" HPOS="2456"/>
</TextLine>
<TextLine HEIGHT="49" WIDTH="611" VPOS="3006" HPOS="552" STYLEREFS="StyleId-0ECCD308-01D1-438B-8165-435C8FE8B1CD-" CS="1">
<String LANG="en-US" CONTENT="9" HEIGHT="40" WIDTH="28" VPOS="3006" HPOS="552"/>
<SP HEIGHT="49" WIDTH="27" VPOS="3006" HPOS="581"/>
<String LANG="fr" CONTENT="p." HEIGHT="38" WIDTH="43" VPOS="3017" HPOS="609"/>
<SP/>
<String LANG="fr" CS="1" CONTENT="l.,"/>
<SP/>
<String LANG="en-US" CONTENT="3-238" HEIGHT="41" WIDTH="145" VPOS="3006" HPOS="765"/>
<SP HEIGHT="48" WIDTH="31" VPOS="3006" HPOS="911"/>
<String LANG="en-US" CONTENT="p." HEIGHT="37" WIDTH="41" VPOS="3017" HPOS="943"/>
<SP HEIGHT="40" WIDTH="62" VPOS="3006" HPOS="985"/>
<String LANG="en-US" CONTENT="20" HEIGHT="39" WIDTH="56" VPOS="3006" HPOS="1048"/>
<String STYLE="superscript" LANG="en-US" CS="1" CONTENT="&#7580;&#7504;"/>
<String LANG="en-US" CONTENT="." HEIGHT="9" WIDTH="8" VPOS="3037" HPOS="1155"/>
</TextLine>
<TextLine HEIGHT="51" WIDTH="978" VPOS="3060" HPOS="553">
<String CONTENT="Maps" HEIGHT="47" WIDTH="140" VPOS="3064" HPOS="553"/>
<SP HEIGHT="31" WIDTH="26" VPOS="3073" HPOS="694"/>
<String CONTENT="on" HEIGHT="31" WIDTH="59" VPOS="3073" HPOS="721"/>
<SP HEIGHT="39" WIDTH="26" VPOS="3063" HPOS="781"/>
<String CONTENT="lining-papers;" HEIGHT="50" WIDTH="375" VPOS="3060" HPOS="808"/>
<SP HEIGHT="47" WIDTH="31" VPOS="3061" HPOS="1184"/>
<String CONTENT="head-pieces." HEIGHT="48" WIDTH="315" VPOS="3061" HPOS="1216"/>
</TextLine>
<TextLine HEIGHT="52" WIDTH="1986" VPOS="3119" HPOS="491">
<String CONTENT="&#169;" HEIGHT="52" WIDTH="50" VPOS="3119" HPOS="491"/>
<SP HEIGHT="52" WIDTH="30" VPOS="3119" HPOS="542"/>
<String CONTENT="Feb." HEIGHT="41" WIDTH="109" VPOS="3124" HPOS="573"/>
<SP HEIGHT="42" WIDTH="29" VPOS="3123" HPOS="683"/>
<String CONTENT="11," HEIGHT="41" WIDTH="65" VPOS="3123" HPOS="713"/>
<SP HEIGHT="41" WIDTH="29" VPOS="3123" HPOS="779"/>
<String CONTENT="1932;" HEIGHT="43" WIDTH="138" VPOS="3121" HPOS="809"/>
<SP HEIGHT="42" WIDTH="31" VPOS="3122" HPOS="948"/>
<String CONTENT="2c." HEIGHT="38" WIDTH="65" VPOS="3122" HPOS="980"/>
<SP HEIGHT="37" WIDTH="30" VPOS="3121" HPOS="1046"/>
<String CONTENT="Feb." HEIGHT="39" WIDTH="108" VPOS="3121" HPOS="1077"/>
<SP HEIGHT="39" WIDTH="30" VPOS="3121" HPOS="1186"/>
<String CONTENT="20;" HEIGHT="45" WIDTH="81" VPOS="3121" HPOS="1217"/>
<SP HEIGHT="35" WIDTH="31" VPOS="3131" HPOS="1299"/>
<String CONTENT="aff." HEIGHT="41" WIDTH="81" VPOS="3120" HPOS="1331"/>
<SP HEIGHT="40" WIDTH="29" VPOS="3121" HPOS="1413"/>
<String CONTENT="Feb." HEIGHT="39" WIDTH="109" VPOS="3121" HPOS="1443"/>
<SP HEIGHT="38" WIDTH="29" VPOS="3122" HPOS="1553"/>
<String CONTENT="18;" HEIGHT="45" WIDTH="81" VPOS="3121" HPOS="1583"/>
<SP HEIGHT="46" WIDTH="30" VPOS="3120" HPOS="1665"/>
<!-- cceid 0181C158-6D7D-1014-B4A5-D7A31D17AB40 --><String CONTENT="A" HEIGHT="39" WIDTH="38" VPOS="3120" HPOS="1696"/>
<SP HEIGHT="39" WIDTH="28" VPOS="3120" HPOS="1735"/>
<String CONTENT="48561;" HEIGHT="47" WIDTH="170" VPOS="3120" HPOS="1764"/>
<SP HEIGHT="46" WIDTH="31" VPOS="3121" HPOS="1935"/>
<String CONTENT="L." HEIGHT="40" WIDTH="50" VPOS="3121" HPOS="1967"/>
<SP HEIGHT="40" WIDTH="31" VPOS="3121" HPOS="2018"/>
<String CONTENT="Sullivan." HEIGHT="41" WIDTH="233" VPOS="3121" HPOS="2050"/>
<SP HEIGHT="41" WIDTH="31" VPOS="3122" HPOS="2284"/>
<String CONTENT="Chew" HEIGHT="41" WIDTH="161" VPOS="3122" HPOS="2316"/>
</TextLine>
<TextLine HEIGHT="48" WIDTH="615" VPOS="3177" HPOS="558">
<String CONTENT="Chase." HEIGHT="42" WIDTH="168" VPOS="3179" HPOS="558"/>
<SP HEIGHT="41" WIDTH="32" VPOS="3180" HPOS="727"/>
<String CONTENT="Md." HEIGHT="38" WIDTH="92" VPOS="3179" HPOS="760"/>
<SP HEIGHT="46" WIDTH="70" VPOS="3179" HPOS="853"/>
<String CONTENT="(32-4928)" HEIGHT="48" WIDTH="249" VPOS="3177" HPOS="924"/>
</TextLine>
<TextLine HEIGHT="66" WIDTH="1617" VPOS="3252" HPOS="478" STYLEREFS="StyleId-D0D51D9B-B6AE-4710-B7AD-618BE2280305-">
<String CONTENT="Tennyson," HEIGHT="61" WIDTH="331" VPOS="3255" HPOS="478"/>
<SP HEIGHT="62" WIDTH="26" VPOS="3253" HPOS="810"/>
<String CONTENT="Alfred" HEIGHT="54" WIDTH="211" VPOS="3252" HPOS="837"/>
<SP HEIGHT="52" WIDTH="26" VPOS="3253" HPOS="1049"/>
<String CONTENT="Tennyson," HEIGHT="63" WIDTH="332" VPOS="3253" HPOS="1076"/>
<SP HEIGHT="56" WIDTH="27" VPOS="3259" HPOS="1409"/>
<String CONTENT="1st" HEIGHT="48" WIDTH="86" VPOS="3259" HPOS="1437"/>
<SP HEIGHT="50" WIDTH="28" VPOS="3256" HPOS="1524"/>
<String CONTENT="baron," HEIGHT="62" WIDTH="192" VPOS="3256" HPOS="1553"/>
<SP HEIGHT="60" WIDTH="27" VPOS="3258" HPOS="1746"/>
<String CONTENT="1809-1892." HEIGHT="51" WIDTH="321" VPOS="3257" HPOS="1774"/>
</TextLine>
<TextLine HEIGHT="69" WIDTH="1921" VPOS="3330" HPOS="551" STYLEREFS="StyleId-0ECCD308-01D1-438B-8165-435C8FE8B1CD-">
<String CONTENT="Unpublished" HEIGHT="68" WIDTH="399" VPOS="3331" HPOS="551"/>
<SP HEIGHT="51" WIDTH="41" VPOS="3334" HPOS="951"/>
<String CONTENT="early" HEIGHT="66" WIDTH="155" VPOS="3330" HPOS="993"/>
<SP HEIGHT="49" WIDTH="37" VPOS="3348" HPOS="1149"/>
<String CONTENT="poems," HEIGHT="49" WIDTH="208" VPOS="3348" HPOS="1187"/>
<SP HEIGHT="65" WIDTH="38" VPOS="3330" HPOS="1396"/>
<String CONTENT="by" HEIGHT="67" WIDTH="74" VPOS="3330" HPOS="1435"/>
<SP HEIGHT="66" WIDTH="37" VPOS="3331" HPOS="1510"/>
<String CONTENT="Alfred" HEIGHT="55" WIDTH="210" VPOS="3330" HPOS="1548"/>
<SP HEIGHT="52" WIDTH="39" VPOS="3333" HPOS="1759"/>
<String CONTENT="Tennyson;" HEIGHT="64" WIDTH="330" VPOS="3333" HPOS="1799"/>
<SP HEIGHT="45" WIDTH="40" VPOS="3351" HPOS="2130"/>
<String CONTENT="edited" HEIGHT="54" WIDTH="185" VPOS="3332" HPOS="2171"/>
<SP HEIGHT="53" WIDTH="38" VPOS="3333" HPOS="2357"/>
<String CONTENT="by" HEIGHT="65" WIDTH="76" VPOS="3333" HPOS="2396"/>
</TextLine>
<TextLine HEIGHT="67" WIDTH="1989" VPOS="3408" HPOS="480" STYLEREFS="StyleId-0ECCD308-01D1-438B-8165-435C8FE8B1CD-" CS="1">
<String CONTENT="Charles" HEIGHT="54" WIDTH="235" VPOS="3410" HPOS="480"/>
<SP HEIGHT="53" WIDTH="33" VPOS="3411" HPOS="716"/>
<String CONTENT="Tennyson," HEIGHT="64" WIDTH="320" VPOS="3411" HPOS="750"/>
<SP HEIGHT="63" WIDTH="30" VPOS="3410" HPOS="1071"/>
<String CONTENT="his" HEIGHT="52" WIDTH="87" VPOS="3408" HPOS="1102"/>
<SP HEIGHT="47" WIDTH="32" VPOS="3426" HPOS="1190"/>
<String CONTENT="grandson." HEIGHT="65" WIDTH="304" VPOS="3408" HPOS="1223"/>
<SP HEIGHT="51" WIDTH="73" VPOS="3409" HPOS="1528"/>
<String CONTENT="New" HEIGHT="51" WIDTH="137" VPOS="3409" HPOS="1602"/>
<SP HEIGHT="51" WIDTH="34" VPOS="3410" HPOS="1740"/>
<String CONTENT="York," HEIGHT="60" WIDTH="178" VPOS="3410" HPOS="1775"/>
<SP HEIGHT="59" WIDTH="32" VPOS="3411" HPOS="1954"/>
<String CONTENT="The" HEIGHT="52" WIDTH="120" VPOS="3411" HPOS="1987"/>
<SP HEIGHT="52" WIDTH="31" VPOS="3411" HPOS="2108"/>
<String CS="1" CONTENT="Macmillan" HEIGHT="51" WIDTH="329" VPOS="3411" HPOS="2140"/>
</TextLine>
<TextLine HEIGHT="61" WIDTH="477" VPOS="3491" HPOS="479" STYLEREFS="StyleId-0ECCD308-01D1-438B-8165-435C8FE8B1CD-">
<String CONTENT="company," HEIGHT="48" WIDTH="295" VPOS="3504" HPOS="479"/>
<SP HEIGHT="59" WIDTH="32" VPOS="3492" HPOS="775"/>
<String CONTENT="1932." HEIGHT="49" WIDTH="148" VPOS="3491" HPOS="808"/>
</TextLine>
<TextLine HEIGHT="51" WIDTH="716" VPOS="3555" HPOS="553" CS="1">
<String CONTENT="xiv" HEIGHT="39" WIDTH="83" VPOS="3556" HPOS="553"/>
<SP HEIGHT="37" WIDTH="23" VPOS="3567" HPOS="637"/>
<String LANG="fr" CONTENT="p.," HEIGHT="37" WIDTH="57" VPOS="3567" HPOS="661"/>
<SP HEIGHT="43" WIDTH="26" VPOS="3559" HPOS="719"/>
<String CONTENT="1" HEIGHT="37" WIDTH="23" VPOS="3559" HPOS="746"/>
<SP/>
<String CS="1" CONTENT="l.,"/>
<SP/>
<String CONTENT="83," HEIGHT="45" WIDTH="70" VPOS="3557" HPOS="868"/>
<SP HEIGHT="50" WIDTH="28" VPOS="3556" HPOS="939"/>
<String CS="1" CONTENT="[1]" HEIGHT="29" WIDTH="9" VPOS="3576" HPOS="1013"/>
<SP HEIGHT="40" WIDTH="27" VPOS="3565" HPOS="1023"/>
<String CONTENT="p." HEIGHT="38" WIDTH="43" VPOS="3565" HPOS="1051"/>
<SP HEIGHT="40" WIDTH="58" VPOS="3555" HPOS="1095"/>
<String CONTENT="25" HEIGHT="40" WIDTH="55" VPOS="3555" HPOS="1154"/>
<String STYLE="superscript" CS="1" CONTENT="&#7580;&#7504;"/>
<String CONTENT="." HEIGHT="9" WIDTH="8" VPOS="3586" HPOS="1261"/>
</TextLine>
<TextLine HEIGHT="52" WIDTH="1869" VPOS="3609" HPOS="492" CS="1">
<String CONTENT="&#169;" HEIGHT="52" WIDTH="51" VPOS="3609" HPOS="492"/>
<SP HEIGHT="52" WIDTH="31" VPOS="3609" HPOS="544"/>
<String CONTENT="Feb." HEIGHT="40" WIDTH="108" VPOS="3615" HPOS="576"/>
<SP HEIGHT="39" WIDTH="28" VPOS="3616" HPOS="685"/>
<String CS="1" CONTENT="16," HEIGHT="38" WIDTH="54" VPOS="3615" HPOS="714"/>
<SP/>
<String CS="1" CONTENT="1932;" HEIGHT="45" WIDTH="82" VPOS="3614" HPOS="871"/>
<SP HEIGHT="44" WIDTH="31" VPOS="3615" HPOS="954"/>
<String CONTENT="2c." HEIGHT="39" WIDTH="66" VPOS="3615" HPOS="986"/>
<SP HEIGHT="38" WIDTH="32" VPOS="3614" HPOS="1053"/>
<String CONTENT="Feb." HEIGHT="39" WIDTH="107" VPOS="3614" HPOS="1086"/>
<SP HEIGHT="38" WIDTH="31" VPOS="3614" HPOS="1194"/>
<String CONTENT="17;" HEIGHT="45" WIDTH="80" VPOS="3614" HPOS="1226"/>
<SP HEIGHT="35" WIDTH="32" VPOS="3624" HPOS="1307"/>
<String CONTENT="aff." HEIGHT="39" WIDTH="80" VPOS="3613" HPOS="1340"/>
<SP HEIGHT="38" WIDTH="32" VPOS="3614" HPOS="1421"/>
<String CONTENT="Feb." HEIGHT="42" WIDTH="109" VPOS="3613" HPOS="1454"/>
<SP HEIGHT="40" WIDTH="31" VPOS="3615" HPOS="1564"/>
<String CONTENT="18;" HEIGHT="43" WIDTH="80" VPOS="3614" HPOS="1596"/>
<SP HEIGHT="41" WIDTH="33" VPOS="3616" HPOS="1677"/>
<!-- cceid 01828777-6D7D-1014-B4A5-D7A31D17AB40 --><String CONTENT="A" HEIGHT="37" WIDTH="37" VPOS="3616" HPOS="1711"/>
<SP HEIGHT="38" WIDTH="31" VPOS="3616" HPOS="1749"/>
<String CONTENT="48553;" HEIGHT="44" WIDTH="169" VPOS="3616" HPOS="1781"/>
<SP HEIGHT="44" WIDTH="35" VPOS="3616" HPOS="1951"/>
<String CS="1" CONTENT="Macmillan" HEIGHT="40" WIDTH="275" VPOS="3614" HPOS="1987"/>
<SP HEIGHT="27" WIDTH="33" VPOS="3626" HPOS="2263"/>
<String CONTENT="co." HEIGHT="28" WIDTH="64" VPOS="3625" HPOS="2297"/>
</TextLine>
<TextLine HEIGHT="47" WIDTH="249" VPOS="3670" HPOS="569">
<String CONTENT="(32-4888)" HEIGHT="47" WIDTH="249" VPOS="3670" HPOS="569"/>
</TextLine>
<TextLine HEIGHT="66" WIDTH="956" VPOS="3742" HPOS="486" STYLEREFS="StyleId-D0D51D9B-B6AE-4710-B7AD-618BE2280305-">
<String CONTENT="Thornber," HEIGHT="65" WIDTH="322" VPOS="3742" HPOS="486"/>
<SP HEIGHT="63" WIDTH="26" VPOS="3744" HPOS="809"/>
<String CONTENT="John" HEIGHT="54" WIDTH="156" VPOS="3743" HPOS="836"/>
<SP HEIGHT="52" WIDTH="26" VPOS="3745" HPOS="993"/>
<String CONTENT="James," HEIGHT="63" WIDTH="219" VPOS="3745" HPOS="1020"/>
<SP HEIGHT="59" WIDTH="32" VPOS="3749" HPOS="1240"/>
<String CONTENT="1872-" HEIGHT="53" WIDTH="169" VPOS="3745" HPOS="1273"/>
</TextLine>
<TextLine HEIGHT="72" WIDTH="1920" VPOS="3817" HPOS="554" STYLEREFS="StyleId-0ECCD308-01D1-438B-8165-435C8FE8B1CD-" CS="1">
<String CONTENT="The" HEIGHT="54" WIDTH="122" VPOS="3817" HPOS="554"/>
<SP HEIGHT="53" WIDTH="41" VPOS="3818" HPOS="677"/>
<String CONTENT="fantastic" HEIGHT="55" WIDTH="272" VPOS="3818" HPOS="719"/>
<SP HEIGHT="35" WIDTH="43" VPOS="3838" HPOS="992"/>
<String CONTENT="clan." HEIGHT="53" WIDTH="141" VPOS="3820" HPOS="1036"/>
<SP HEIGHT="51" WIDTH="81" VPOS="3821" HPOS="1178"/>
<String CONTENT="The" HEIGHT="52" WIDTH="120" VPOS="3820" HPOS="1260"/>
<SP HEIGHT="35" WIDTH="42" VPOS="3837" HPOS="1381"/>
<String CONTENT="cactus" HEIGHT="49" WIDTH="188" VPOS="3824" HPOS="1424"/>
<SP HEIGHT="53" WIDTH="45" VPOS="3820" HPOS="1613"/>
<String CS="1" CONTENT="family," HEIGHT="69" WIDTH="206" VPOS="3820" HPOS="1659"/>
<SP HEIGHT="56" WIDTH="84" VPOS="3820" HPOS="1880"/>
<String CONTENT="Studies" HEIGHT="55" WIDTH="228" VPOS="3820" HPOS="1965"/>
<SP HEIGHT="34" WIDTH="44" VPOS="3840" HPOS="2194"/>
<String CONTENT="of" HEIGHT="55" WIDTH="64" VPOS="3819" HPOS="2239"/>
<SP HEIGHT="55" WIDTH="41" VPOS="3819" HPOS="2304"/>
<String CONTENT="that" HEIGHT="54" WIDTH="128" VPOS="3821" HPOS="2346"/>
</TextLine>
<TextLine HEIGHT="75" WIDTH="1989" VPOS="3894" HPOS="485" STYLEREFS="StyleId-0ECCD308-01D1-438B-8165-435C8FE8B1CD-">
<String CONTENT="unique" HEIGHT="69" WIDTH="206" VPOS="3894" HPOS="485"/>
<SP HEIGHT="36" WIDTH="21" VPOS="3913" HPOS="692"/>
<String CONTENT="and" HEIGHT="52" WIDTH="113" VPOS="3896" HPOS="714"/>
<SP HEIGHT="53" WIDTH="25" VPOS="3895" HPOS="828"/>
<String CONTENT="fascinating" HEIGHT="71" WIDTH="352" VPOS="3895" HPOS="854"/>
<SP HEIGHT="50" WIDTH="22" VPOS="3916" HPOS="1207"/>
<String CONTENT="growth," HEIGHT="69" WIDTH="243" VPOS="3897" HPOS="1230"/>
<SP HEIGHT="62" WIDTH="23" VPOS="3903" HPOS="1474"/>
<String CONTENT="the" HEIGHT="54" WIDTH="96" VPOS="3897" HPOS="1498"/>
<SP HEIGHT="35" WIDTH="24" VPOS="3916" HPOS="1595"/>
<String CONTENT="cactus" HEIGHT="48" WIDTH="188" VPOS="3903" HPOS="1620"/>
<SP HEIGHT="49" WIDTH="24" VPOS="3917" HPOS="1809"/>
<String CONTENT="plant," HEIGHT="68" WIDTH="180" VPOS="3898" HPOS="1834"/>
<SP HEIGHT="61" WIDTH="25" VPOS="3905" HPOS="2015"/>
<String CONTENT="treating" HEIGHT="70" WIDTH="251" VPOS="3899" HPOS="2041"/>
<SP HEIGHT="52" WIDTH="17" VPOS="3917" HPOS="2293"/>
<String CONTENT="of" HEIGHT="55" WIDTH="65" VPOS="3897" HPOS="2311"/>
<SP HEIGHT="55" WIDTH="18" VPOS="3897" HPOS="2377"/>
<String CONTENT="all" HEIGHT="54" WIDTH="78" VPOS="3898" HPOS="2396"/>
</TextLine>
</TextBlock>
</PrintSpace>
</Page>
</Layout>
</alto>