2563 4368
1085 4047 131 49 1531

132 434 184 63 Bush,
358 432 408 65 Christopher.

202 510 121 53 The
359 528 121 35 case
516 508 64 55 of
616 508 95 54 the
747 505 374 55 unfortunate
1159 504 227 68 village,
1421 504 76 67 by
1534 501 378 67 Christopher
1949 500 176 54 Bush.

130 585 239 54 London
423 591 121 62 [etc.]
583 585 213 56 Cassell
831 583 111 54 and
975 600 297 49 company,
1302 581 104 53 ltd.
1445 583 172 64 [1932]

201 672 87 42 327
318 683 44 39 p.
423 672 127 41 illus.
580 672 161 49 (plan)
808 670 57 41 20
868 672 43 22 ᶜᵐ
916 702 9 8 .

140 737 1989 55 © 1c. Sept. 16, 1932; A ad int. 16850; pubd. July 21; C. Bush, Beekley,
210 801 192 42 Sussex.
430 799 235 47 England.
736 796 279 50 (32-29505)

141 917 303 68 [Business
476 916 265 64 training
773 914 389 67 corporation]

211 994 183 69 Speed
418 1013 76 49 up
519 994 134 53 each
677 995 114 51 sale
812 999 59 47 to
895 1012 30 33 a
947 991 168 70 quick
1137 993 159 52 close.
1379 992 141 65 [No.]
1550 994 45 47 5.
1677 990 311 67 [Prepared
2012 989 111 66 for]

138 1073 157 53 Ford
327 1077 184 49 motor
543 1089 278 51 company
856 1071 64 54 of
955 1071 252 68 Canada,
1239 1070 242 65 limited,
1515 1070 142 51 East
1689 1067 290 70 Windsor,
137 1067 1969 139 Ontario.

384 1150 273 68 [London,
684 1150 153 58 Ont.,
864 1150 253 65 Canada,
1143 1149 241 52 London
1410 1148 264 68 printing
1700 1152 44 49 &
139 1147 1967 151 lithographing
267 1251 98 46 co.,
394 1230 122 67 ltd.,
547 1232 151 64 1932]

211 1315 1341 51 4 p. illus. (part col.) 44½ᶜᵐ. fold. to 15×20½ᶜᵐ.
145 1384 1989 53 © 1c. Oct. 12, 1932; A ad int. 16981; pubd. Sept. 8; Trade-ways, inc.,
211 1446 115 39 New
357 1446 141 39 York.

143 1565 309 63 Carmody,
481 1562 243 55 Francis
753 1562 239 54 Xavier.

211 1643 55 51 A
311 1640 230 54 treatise
587 1659 71 34 on
704 1640 274 69 pleading
1025 1640 112 52 and
1182 1639 249 69 practice
1474 1639 61 52 in
1582 1639 139 53 New
1768 1638 178 67 York,
1994 1637 136 53 with

143 1717 1988 70 forms. 2d ed. … by Francis X. Carmody … in collaboration
143 1794 1991 71 with B. G. Bonomi … and the editorial staff of the Lawyers
143 1875 1932 70 co-operative publishing company. v. 7. Permanent ed. …
144 1953 137 54 New
330 1954 179 68 York,
557 1954 177 54 Clark
781 1955 328 53 Boardman
1156 1975 97 39 co.,
1300 1955 133 66 ltd.;
1483 1955 308 54 Rochester
1838 1955 110 52 and
1998 1956 136 51 New

146 2033 178 58 York,
349 2033 120 54 The
494 2035 266 66 Lawyers
787 2034 381 68 co-operative
1194 2034 336 68 publishing
1556 2052 297 47 company,
1881 2037 150 49 1932.

246 2146 8 16 v,
287 2114 113 40 1106
433 2124 42 38 p.
535 2113 145 41 24½ᶜᵐ.

150 2181 51 51 ©
225 2186 117 39 Nov.
367 2186 39 45 7,
431 2184 141 47 1932;
597 2184 67 41 2c.
688 2185 119 40 Nov.
832 2184 80 46 10;
940 2184 81 41 aff.
1047 2185 116 40 Nov.
1191 2185 53 39 11;
1301 2185 40 39 A
1365 2184 169 46 57099;
1563 2185 228 47 Lawyers
1818 2184 322 46 co-operative

219 2240 106 48 pub.
357 2251 66 29 co.
487 2236 70 54 [©
586 2239 245 42 additions
861 2242 94 38 and
985 2239 252 49 revisions]

147 2357 229 67 Clarke,
403 2357 175 56 Selah
603 2357 242 65 Merrill,
875 2363 324 50 1851-1931.

217 2434 303 53 Frivolous
560 2434 387 53 recollections
987 2433 64 54 of
1090 2434 95 54 the
1224 2434 230 54 humble
1495 2434 119 54 side
1655 2434 64 54 of
1760 2436 96 53 old
1899 2436 140 69 days
2081 2436 60 53 in

147 2510 1995 71 New York newspaperdom, by Selah Merrill Clarke … New
149 2589 178 69 York,
357 2592 151 51 1932.

219 2660 1105 53 1 p. l., 5-30, [1] p. illus. (ports.) 23½ᶜᵐ.
220 2719 337 41 Introduction
582 2718 62 49 by
671 2718 188 42 Harold
886 2718 64 41 M.
978 2718 267 42 Anderson.

220 2775 294 47 “Reprinted
540 2775 126 41 from
693 2776 82 41 the
803 2775 257 41 American
1087 2774 179 49 press.”

156 2841 51 53 ©
235 2847 113 47 May
373 2847 68 48 15,
468 2846 140 47 1932;
635 2847 68 41 2c.
730 2847 115 48 July
872 2847 82 48 16;
983 2847 82 41 aff.
1093 2848 101 40 Oct.
1222 2848 52 46 8;
1305 2848 39 39 A
1371 2849 170 47 55517;
1572 2850 188 40 Harold
1789 2850 62 41 M.
1880 2850 263 40 Anderson.

222 2903 117 39 New
365 2903 144 41 York.
579 2902 279 50 (32-29230)

152 3019 273 65 Cocteau,
454 3021 166 65 Jean,
652 3026 172 50 1891-

223 3094 244 69 Opium;
494 3096 94 53 the
617 3096 169 69 diary
812 3097 64 54 of
902 3117 71 34 an
1003 3098 213 69 addict,
1243 3098 74 70 by
1345 3100 146 53 Jean
1524 3098 275 69 Cocteau;
1829 3100 316 54 translated

152 3173 75 68 by
253 3173 209 53 Ernest
488 3173 165 70 Boyd;
711 3175 141 53 with
879 3174 67 55 27
971 3174 380 56 illustrations
1377 3176 76 70 by
1479 3178 96 53 the
1602 3177 221 54 author.
1888 3178 259 67 London,

153 3250 139 53 New
329 3249 163 54 York
550 3256 120 63 [etc.]
710 3252 345 69 Longmans,
1093 3252 187 56 Green
1318 3255 112 53 and
1470 3271 98 52 co.,
1608 3257 149 51 1932.

222 3322 1068 53 2 p. l., 188 p. incl. front., plates. 19½ᶜᵐ.
225 3379 162 41 “First
418 3379 227 41 edition.”

160 3446 51 52 ©
245 3451 125 48 Sept.
401 3450 70 43 21,
503 3451 137 41 1932;
673 3451 66 40 2c.
772 3454 94 39 and
898 3452 80 41 aff.
1013 3453 99 40 Oct.
1145 3453 26 39 4;
1232 3455 40 38 A
1302 3454 169 48 55369;
1507 3456 284 48 Longmans.
1828 3456 155 41 Green
2014 3458 36 39 &
2080 3467 68 31 co.

237 3506 278 48 (32-29229)

158 3623 150 65 Cole,
340 3624 226 65 George
595 3626 261 64 Douglas
885 3628 274 64 Howard,
1190 3634 171 50 1889-

158 3702 1964 141 … The intelligent man’s guide through world chaos. London,
316 3780 70 53 V.
416 3779 274 55 Gollancz
719 3781 121 65 ltd.,
872 3785 148 52 1932.

229 3852 85 40 680
343 3864 42 37 p.
445 3853 127 40 illus.
603 3854 158 50 (map)
801 3855 180 49 diagrs.
1042 3856 115 41 19ᶜᵐ.

163 3916 1986 62 © 1c. Sept. 17, 1932; A ad int. 16861; pubd. Sept. 12; G. D. H. Cole,
229 3976 212 43 London.
