2563 4368
1341 4091 133 55 1780

393 476 285 65 Latimer,
707 477 249 62 Murray
980 473 202 56 Webb.

462 552 190 54 Trade
677 551 177 53 union
879 549 238 69 pension
1142 554 255 64 systems,
1425 548 113 53 and
1567 547 163 54 other
1757 545 486 71 superannuation
2273 546 113 54 and

395 634 337 66 permanent
765 628 115 53 and
915 628 145 53 total
1098 625 297 70 disability
1432 625 234 54 benefits
1705 624 60 54 in
1805 626 96 52 the
1938 623 219 56 United
2199 622 189 57 States

395 709 114 52 and
547 707 254 67 Canada,
834 706 77 68 by
947 706 243 67 Murray
1223 703 182 55 Webb
1442 703 271 52 Latimer.
1787 702 139 54 New
1964 701 181 70 York,
395 702 1968 136 Industrial

561 784 272 54 relations
863 783 337 64 counselors,
1232 781 418 68 incorporated,
1686 781 149 52 1932.

465 858 98 49 xvi,
591 857 87 41 205
705 868 43 37 p.
779 856 109 41 incl.
918 856 169 41 tables.
1146 853 147 42 23½ᶜᵐ.

467 913 234 41 “Sources
730 913 54 40 of
814 910 346 42 information”:
1221 922 43 37 p.
1313 909 233 52 [191]-197.

402 967 52 54 ©
486 973 118 40 Nov.
636 973 40 47 1,
708 971 115 41 1932;
883 971 65 39 2c.
983 971 116 39 Nov.
1133 970 26 40 3;
1221 969 80 40 aff.
1335 969 118 41 Nov.
1485 971 27 37 4;
1574 969 40 38 A
1647 968 146 41 56888;
1853 966 271 42 Industrial
2160 966 232 41 relations

469 1030 292 47 counselors,
789 1027 90 41 inc.
949 1026 280 49 (32-33557)

399 1134 334 64 Lawrence,
762 1132 173 55 Clara
962 1129 232 57 Louise.

469 1210 121 53 The
620 1228 93 36 sea
740 1208 171 54 witch
942 1208 113 53 and
1085 1208 162 53 other
1275 1206 218 69 stories,
1524 1206 112 53 and
1666 1224 195 50 poems
1890 1206 93 53 for
2012 1204 275 70 children,
2315 1206 75 69 by

402 1284 1988 70 Clara Louise Lawrence … [Los Gatos, Calif., Print, by Los
400 1365 759 69 Gatos print shop, ᶜ19 32]
470 1435 717 51 5-63 p. col. front. 28 ½ᶜᵐ .
470 1492 333 51 Head-pieces.

407 1551 51 49 ©
491 1554 118 40 Nov.
643 1554 69 47 18,
746 1551 139 48 1932;
921 1552 68 41 2c.
1023 1553 94 39 and
1150 1550 81 42 aff.
1267 1552 118 40 Nov.
1418 1550 82 48 28;
1536 1551 39 39 A
1610 1550 171 48 58106;
1819 1551 48 41 C.
1902 1550 51 42 L.
1988 1551 271 46 Lawrence,
2300 1551 96 41 San

474 1611 127 49 Jose,
630 1609 144 43 Calif.
843 1607 280 50 (32-33420)

403 1715 202 65 Levin,
639 1713 327 55 Elizabeth.

473 1792 121 52 The
625 1790 163 69 reign
817 1790 64 53 of
910 1790 97 53 the
1036 1789 388 69 Nightriders,
1453 1790 75 66 by
1559 1788 301 54 Elizabeth
1889 1789 195 53 Levin.
2161 1791 233 66 Boston,

403 1866 1321 70 The Christopher publishing house [ ᶜ19 32]
472 1939 335 49 187 p. 21 ᶜᵐ .
408 1996 52 53 ©
489 2001 118 40 Nov.
637 2001 68 46 17,
736 1998 114 41 1932;
908 1999 68 41 2c.
1007 2000 94 39 and
1133 1997 81 42 aff.
1245 1998 110 40 Dec.
1387 1998 25 39 1;
1473 1998 41 39 A
1542 1997 144 41 58184;
1747 1996 319 49 Christopher
2094 1998 108 47 pub.
2234 1998 162 40 house.

486 2055 280 50 (32-33419)

405 2157 304 66 Lowndes,
736 2159 139 52 Mrs.
904 2157 187 54 Marie
1119 2157 281 55 Adelaide
1437 2156 253 67 (Belloc)
1727 2162 172 51 1868-

476 2235 121 54 The
621 2252 197 34 reason
842 2233 147 68 why,
1013 2233 74 68 by
1113 2232 137 53 Mrs.
1277 2232 193 53 Belloc
1492 2232 291 54 Lowndes.
1845 2231 255 68 London,
2126 2231 68 54 E.
2220 2231 178 68 Benn,

407 2310 221 54 limited
690 2313 152 65 [1932]

477 2380 1700 50 158 p., 1 l. 16½ᶜᵐ. (Half-title: New ninepenny novels, no. 24)
412 2437 1991 53 © 1c. Nov. 25, 1932; A ad int. 17130; pubd. Sept. 28; Marie Belloc
479 2498 246 48 Lowndes,
757 2498 210 40 London.
1039 2496 279 49 (32-34930)

409 2599 229 67 Lowry,
668 2602 258 54 Stewart
955 2599 328 68 McKinley,
1317 2606 171 50 1896-

478 2677 166 53 Time
674 2677 114 53 and
823 2676 217 53 motion
1075 2677 171 68 study
1281 2677 114 53 and
1430 2676 281 54 formulas
1748 2677 94 53 for
1879 2694 158 52 wage
2074 2677 327 67 incentives,

410 2753 1990 71 by Stewart M. Lowry … Harold B. Maynard … and G. J.
410 2831 1990 131 Stegemerten … 2d ed. New York and London, McGraw-Hill
562 2909 147 54 book
734 2927 296 52 company,
1056 2909 127 69 inc.,
1212 2912 149 52 1932.

485 2982 135 48 xviii,
651 2983 85 40 471
767 2993 43 37 p.
843 2982 108 42 incl.
985 2983 141 46 illus.,
1158 2982 193 49 diagrs.,
1383 2983 167 40 forms.
1611 2982 147 42 23½ᶜᵐ.
1831 2983 297 49 (Half-title:
413 2982 1991 95 McGraw-Hill

552 3038 262 41 industrial
852 3041 336 45 management
1224 3039 162 40 series.
1453 3039 58 41 D.
1552 3038 43 41 S.
1634 3038 229 50 Kimball,
1901 3039 277 48 consulting
2212 3038 181 49 editor)

417 3090 52 53 ©
502 3096 117 40 Nov.
650 3097 41 47 3,
723 3096 114 40 1932;
898 3096 67 41 2c.
997 3097 117 40 Nov.
1146 3097 54 48 4;
1236 3095 80 42 aff.
1350 3097 117 41 Nov.
1502 3097 81 47 16;
1619 3097 41 39 A
1692 3096 169 49 57090;
1899 3097 350 41 McGraw-Hill
2281 3097 123 40 book

484 3163 81 38 co.,
593 3153 90 41 inc.
753 3152 279 49 (32-33546)

414 3253 269 66 Mackay,
715 3254 262 65 Charles,
1011 3259 322 53 1814-1889.

484 3329 457 68 Extraordinary
967 3330 244 68 popular
1237 3331 283 54 delusions
1544 3332 112 53 and
1680 3333 93 52 the
1800 3332 257 54 madness
2084 3332 64 52 of
2172 3332 230 68 crowds,

414 3406 1966 132 by Charles Mackay, LL.D.; a verbatim reprint, with reproductions
602 3483 62 52 of
700 3482 244 69 original
982 3483 393 70 illustrations,
1410 3486 64 52 of
1507 3486 94 52 the
1640 3485 214 55 edition
1891 3486 63 53 of
1991 3488 162 64 1852;
2192 3483 140 57 with
2372 3504 32 34 a

417 3559 281 53 foreword
729 3560 73 68 by
832 3560 259 52 Bernard
1121 3560 77 53 M.
1232 3561 243 54 Baruch.
1544 3562 232 70 Boston,
1806 3564 63 51 L.
1903 3562 60 55 C.
1997 3562 154 69 Page
2182 3563 46 51 &
416 3579 1963 125 company,

617 3639 150 53 1932.

485 3706 1433 52 xxiv p., 1 l., 724 p. incl. front. plates, ports. 24½ᶜᵐ.
488 3761 134 41 With
645 3762 366 47 reproductions
1033 3763 52 40 of
1109 3763 274 49 title-pages
1405 3765 53 40 of
1478 3765 112 42 1841
1615 3767 95 39 and
1734 3766 114 41 1852
1872 3766 221 43 editions.

487 3817 132 41 First
654 3818 197 49 edition,
885 3819 253 48 published
1174 3819 113 41 1841
1321 3822 153 39 under
1508 3821 108 41 title:
1681 3821 226 42 Memoirs
1941 3823 52 41 of
2028 3823 373 47 extraordinary

416 3875 204 46 popular
651 3874 258 41 delusions.

489 3930 256 41 “Material
781 3931 224 41 included
1040 3930 50 40 in
1124 3931 81 40 the
1240 3930 206 49 original
1479 3932 184 41 edition
1696 3933 53 40 of
1781 3933 113 41 1841
1929 3934 53 40 of
2013 3934 388 47 Extraordinary

416 3986 1830 52 popular delusions and the madness of crowds by Charles Mackay, LL. D.,
