2563 4368
1147 4111 133 50 1895

201 498 259 64 Rodney,
491 498 226 63 George
748 497 288 64 Brydges,
1069 496 171 54 1872-

271 574 121 54 The
435 572 241 54 crimson
717 572 198 67 brand,
957 570 74 70 by
1073 569 230 55 Colonel
1348 567 218 69 George
1608 568 67 53 B.
1723 566 251 68 Rodney.
2054 565 136 55 New

205 651 176 68 York,
414 650 67 54 G.
514 650 77 57 H.
621 649 178 67 Watt,
832 651 149 50 1932.

272 733 530 49 3 p. l. , 9-256 p. 19½ᶜᵐ.
207 805 51 51 ©
284 810 121 38 Mar.
428 809 69 41 25,
523 808 139 47 1932;
688 809 65 38 2c.
782 808 110 40 Dec.
916 807 55 40 30;
1025 807 81 39 aff.
1131 807 111 40 Dec.
1268 805 82 47 29;
1378 806 41 38 A
1444 804 143 41 58616;
1643 804 53 40 G.
1722 805 215 38 Howard
1964 804 148 39 Watt.

283 865 219 48 (33-142)

203 974 179 64 Rohr,
413 974 244 54 Charles
686 974 219 54 James.

335 1042 1861 76 … The governor of Maryland, a constitutional study, by
205 1121 1991 72 Charles James Rohr … Baltimore, The Johns Hopkins
205 1224 173 49 press,
408 1209 150 50 1932.

277 1294 85 40 175
398 1304 43 37 p.
505 1292 56 39 24½ᶜᵐ.
726 1292 177 48 (Johns
940 1291 221 49 Hopkins
1198 1290 270 47 university
1504 1289 185 41 studies
1725 1289 51 39 in
1811 1286 253 41 historical
2102 1289 94 39 and

207 1348 903 50 political science … ser. L, no. 3)
278 1405 347 48 Bibliography:
682 1415 43 38 p.
753 1404 215 40 165-172.

213 1472 51 52 ©
295 1478 126 46 Sept.
448 1476 69 47 27,
546 1475 140 47 1932;
715 1476 67 39 2c.
813 1475 99 40 Oct.
941 1476 53 45 4;
1025 1474 82 41 aff.
1137 1474 100 40 Oct.
1266 1476 52 45 3;
1348 1475 42 37 A
1416 1473 169 47 56218;
1617 1471 155 42 Johns
1799 1470 225 48 Hopkins
2048 1478 148 42 press.

290 1533 161 49 (33-6)

209 1633 299 66 Spalding,
538 1636 231 53 Arthur
800 1633 350 66 Whitefield,
1181 1636 165 53 1877-

278 1710 1859 71 The days of youth, a study of the period of adolescence …
209 1788 1991 71 by Arthur Whitefield Spalding … and Belle Wood-Comstock
270 1865 1930 71 … Mountain View, Calif., Portland, Or. [etc.] Pacific press
209 1946 928 68 publishing association [ ᶜ1 932]
280 2033 89 40 320
396 2041 41 38 p.
469 2032 110 40 incl.
608 2032 163 48 front.,
805 2032 127 40 illus.
992 2031 56 40 20½ᶜᵐ.
1208 2030 123 48 (The
1364 2030 249 41 Christian
1645 2031 138 39 home
1814 2029 164 49 series,
2013 2041 41 30 v.
2087 2029 50 49 5)

284 2090 347 47 Bibliography:
690 2100 44 38 p.
762 2088 216 42 313-320.

217 2158 51 52 ©
294 2163 110 39 Dec.
459 2193 10 16 1,
495 2161 112 41 1932;
661 2161 66 41 2c.
754 2163 96 38 and
875 2161 82 40 aff.
982 2162 111 39 Dec.
1119 2162 25 38 7;
1200 2161 41 38 A
1266 2161 143 40 57348;
1466 2161 177 39 Pacific
1669 2170 135 38 press
1830 2160 110 47 pub.
1968 2169 128 31 assn.

296 2218 219 49 (33-294)

212 2318 301 68 Springer,
542 2318 258 56 Thomas
828 2321 208 64 Grant,
1068 2321 169 54 1873-

283 2396 121 53 The
437 2396 303 69 sagebrush
773 2395 298 69 buckaroo,
1104 2396 73 68 by
1207 2395 248 55 Thomas
1488 2394 185 54 Grant
1707 2393 293 69 Springer.
2070 2394 132 54 New

218 2473 176 69 York,
427 2473 66 54 G.
525 2474 76 52 H.
633 2472 178 69 Watt,
845 2476 150 54 1932.

284 2557 569 48 ix p., 1 l., 275 p. 19½ᶜᵐ.
222 2627 52 52 ©
302 2633 110 46 Apr.
436 2633 70 46 28,
531 2630 140 48 1932;
698 2632 67 39 2c.
792 2632 108 39 Dec.
926 2631 82 46 30;
1037 2631 80 40 aff.
1144 2631 110 40 Dec.
1282 2632 82 45 29;
1391 2632 42 37 A
1458 2631 169 47 58610;
1657 2631 51 40 G.
1737 2632 215 38 Howard
1979 2631 150 39 Watt.

299 2688 219 48 (33-137)

218 2789 164 64 Tate,
411 2789 251 54 Edward
691 2791 320 63 Mowbray,
1042 2795 170 49 1902-

288 2866 227 54 Church
540 2867 189 53 school
754 2869 279 51 curricula
1060 2868 112 52 and
1198 2867 298 54 education
1523 2868 93 52 for
1641 2870 329 51 Protestant
1997 2868 209 53 church

219 2944 191 68 unity;
457 2962 73 36 an
574 2945 246 67 analysis
863 2945 63 53 of
969 2945 268 68 religious
1280 2945 300 53 education
1621 2944 290 54 materials
1954 2946 135 52 used
2130 2945 76 68 by

218 3022 86 54 six
349 3021 452 57 denominations
844 3023 60 52 in
947 3023 256 68 training
1246 3023 256 53 children
1547 3022 92 53 for
1682 3023 209 55 church
219 3023 1963 145 membership,

395 3099 61 51 in
485 3102 95 51 the
611 3101 150 67 light
792 3101 62 52 of
885 3100 484 53 denominational
1399 3106 505 62 pronouncements
1937 3099 271 71 favoring

220 3177 1925 69 the movement for church unity, by Edward Mowbray Tate …
219 3256 139 52 New
387 3256 162 53 York
578 3256 132 68 city,
740 3260 148 50 1932.

291 3342 56 40 94
380 3354 42 37 p.
482 3340 55 39 22½ᶜᵐ.

291 3399 171 39 Issued
490 3398 101 39 also
618 3408 53 29 as
698 3398 151 40 thesis
885 3398 108 48 (PH.
1051 3397 34 49 D.)
1123 3398 250 41 Columbia
1401 3398 283 47 university.

294 3455 133 41 “List
454 3455 51 41 of
530 3454 281 41 textbooks”:
867 3466 43 37 p.
936 3456 143 38 11-14;
1135 3454 347 50 Bibliography:
1536 3465 45 40 p.
1607 3454 161 44 92-94.

227 3523 51 52 ©
304 3528 116 38 Nov.
446 3528 39 40 3,
511 3527 113 39 1932;
677 3527 68 39 2c.
770 3528 116 38 Nov.
914 3529 24 37 7;
993 3527 80 40 aff.
1099 3528 118 39 Nov.
1244 3528 24 38 5;
1325 3528 40 38 A
1391 3527 144 40 55869;
1591 3529 51 39 E.
1671 3530 63 38 M.
1761 3529 134 48 Tate,
1923 3530 116 38 New
2066 3530 144 40 York.

305 3583 218 47 (33-301)

223 3687 353 62 Thompson,
605 3686 177 53 Doris
806 3688 188 54 Irene.

293 3761 183 53 Heart
501 3760 63 52 of
589 3760 163 68 Jade,
779 3761 72 69 by
878 3760 171 53 Doris
1075 3761 162 54 Irene
1263 3762 341 67 Thompson.
1667 3761 137 54 New
1832 3761 177 67 York,
2037 3761 66 54 G.
2132 3763 74 52 H.

225 3837 174 67 Watt,
431 3840 148 50 1932.

293 3914 85 41 256
408 3926 42 37 p.
511 3914 57 41 19½ᶜᵐ.

230 3984 51 52 ©
306 3990 121 39 Mar.
452 3989 69 46 25,
546 3989 112 40 1932;
712 3990 67 40 2c.
805 3990 110 39 Dec.
940 3990 57 40 30;
1050 3991 79 38 aff.
1156 3992 111 38 Dec.
1291 3990 55 40 29;
1400 3992 42 38 A
1465 3992 142 39 58617;
1664 3991 51 40 G.
1744 3993 214 38 Howard
1985 3993 149 39 Watt.

308 4044 218 49 (33-150)
