2563 4368
1397 4030 101 50 304

452 490 1975 145 college, by Gerald Alan Yoakam … New York, The Macmillan company, 1932.
523 640 759 50 xii p., 1 l. , 398 p. illus. 19½ᶜᵐ.
524 699 225 40 Includes
779 698 392 47 bibliographies.

460 752 50 51 ©
542 754 108 40 Feb.
679 755 39 47 2,
747 754 112 40 1932;
916 755 67 40 2c.
1011 755 96 38 and
1136 753 81 41 aff.
1249 754 109 42 Feb.
1385 755 25 39 3;
1470 754 40 39 A
1537 754 143 40 47373;
1741 753 280 40 Macmillan
2051 765 67 29 co.
538 811 250 48 (32-4259)

456 914 230 64 Young,
715 914 310 65 Norwood,
1056 919 171 50 1860-

523 990 222 68 George
787 991 401 68 Washington,
1231 992 122 52 soul
1397 990 64 53 of
1501 990 96 53 the
1640 989 319 54 revolution
2025 988 93 69 [by]
2167 990 281 54 Norwood

455 1066 225 70 Young.
756 1068 138 53 New
925 1068 178 67 York,
1131 1069 67 52 R.
1228 1069 78 51 M.
1336 1068 277 53 McBride
1640 1070 45 50 &
1712 1085 299 50 company,
2040 1070 151 51 1932.

522 1140 1927 50 xii p., 1 l. , 15-404 p. front., illus. (incl. map) plates, ports., facsims.
451 1198 59 40 22½ᶜᵐ.

525 1254 177 41 “Notes
731 1255 96 39 and
856 1252 303 42 references”
1177 1264 9 29 :
1217 1264 42 37 p.
1293 1252 248 50 [379]-395.

461 1309 50 51 ©
542 1312 108 40 Feb.
679 1312 67 46 10,
776 1311 112 40 1932;
946 1311 66 40 2c.
1042 1312 94 38 and
1165 1310 81 39 aff.
1276 1311 120 39 Mar.
1427 1309 54 40 10;
1538 1310 40 38 A
1604 1309 145 41 49058;
1807 1310 55 39 N.
1891 1310 181 48 Young,
2103 1310 160 40 Rome.
536 1367 280 49 (32-26262)

455 1471 210 64 Youtz,
691 1469 193 66 Philip
912 1470 239 64 Newell,
1183 1475 170 50 1895-

581 1546 1836 68 … American life in architecture, by Philip N. Youtz, A. I. A.;
448 1626 307 67 sponsored
784 1626 76 66 by
888 1626 96 53 the
1014 1624 339 57 Committee
1382 1644 71 34 on
1481 1625 302 53 education
1812 1624 64 54 of
1904 1624 96 53 the
2029 1623 306 54 American
448 1624 1975 131 institute

673 1703 63 53 of
763 1703 392 53 architecture.
1217 1702 272 68 Chicago,
1514 1702 307 53 American
1847 1702 221 68 library
2094 1701 356 66 association,
449 1783 151 50 1932.

520 1851 1367 51 47 p. 18 ᶜᵐ. (“Reading with a purpose.” no. 55)
521 1909 129 42 Title
683 1910 228 49 vignette.

525 1964 189 43 “Books
752 1966 363 41 recommended
1153 1967 49 39 in
1239 1967 99 40 this
1376 1966 198 42 course”
1592 1977 9 29 :
1642 1978 42 37 p.
1721 1967 56 39 41;
1845 1966 246 41 “Selected
2130 1966 83 41 list
2251 1966 52 42 of
454 1979 1977 84 nontechnical
718 2024 148 40 books

893 2035 59 29 on
980 2023 328 41 architecture
1334 2023 79 40 for
1438 2023 196 41 further
1663 2023 230 49 reading”
1910 2033 10 31 :
1951 2035 42 37 p.
2021 2023 158 41 46-47.

460 2078 1992 107 © Feb. 23, 1932; 2c. Feb. 29; aff. Feb. 27; A 48676; Amer. library assn. (32-5717)
447 2239 234 66 Zanzig,
712 2240 317 65 Augustus
1055 2240 299 55 Delafield.

522 2317 185 52 Music
737 2318 61 52 in
831 2316 305 54 American
1168 2316 124 68 life,
1328 2321 225 63 present
1586 2320 50 50 &
1673 2316 211 67 future,
1919 2316 277 68 prepared
2232 2316 91 53 for
2357 2317 93 52 the

453 2393 270 53 National
755 2393 309 54 recreation
1095 2393 336 54 association
1461 2394 75 66 by
1568 2393 296 69 Augustus
1895 2393 277 54 Delafield
2208 2393 240 68 Zanzig;

454 2471 140 53 with
639 2491 31 33 a
717 2471 282 52 foreword
1042 2471 74 67 by
1161 2470 207 54 Daniel
1412 2470 257 68 Gregory
1714 2471 218 52 Mason.
2013 2471 255 67 London,
2314 2470 134 53 New

455 2546 1368 70 York [etc.] Oxford university press [ ᶜ1 932]
522 2617 851 50 viii p., 1 l. , 560 p. plates. 22 ᶜᵐ.
523 2675 232 41 “Printed
783 2675 51 40 in
867 2675 81 41 the
981 2675 180 41 United
1195 2674 163 41 States
1390 2674 53 42 of
1474 2674 266 42 America.”

522 2731 377 48 Bibliography:
928 2741 44 38 p.
1003 2730 249 50 [547]-552.

460 2789 50 51 ©
540 2793 108 39 Jan.
677 2792 68 47 21,
774 2791 139 46 1932;
943 2790 66 40 2c.
1039 2791 95 39 and
1163 2790 80 39 aff.
1275 2790 107 39 Feb.
1412 2791 53 46 3;
1496 2791 40 38 A
1561 2790 171 47 47395;
1763 2791 232 40 National
2026 2792 267 40 recreation
526 2803 1907 92 association,

755 2849 116 38 New
905 2848 142 38 York.
1120 2847 250 48 (32-4346)

455 2951 172 65 Zarfl,
658 2952 159 54 Max.

523 3026 109 54 Die
674 3027 425 67 neugeborenen
1139 3028 117 52 und
1298 3027 122 53 ihre
1461 3027 395 69 krankheiten,
1898 3048 110 34 von
2049 3029 400 68 privatdozent

454 3105 1994 69 dr. Max Zarfl … mit 2 textabbildungen. Wien und Berlin,
452 3184 55 54 J.
537 3183 296 68 Springer,
863 3187 147 49 1931.

453 3252 1993 109 3 p. l., 114 p. illus. 20½ᶜᵐ. (On cover: Bücher der ärztlichen praxis, 31)
460 3367 1988 106 © Nov. 7, 1931; 1c. Jan. 19, 1932; A—Foreign 15459; Julius Springer. (32-6409)
455 3515 153 65 Zola,
636 3506 208 75 Émile,
877 3520 308 50 1840-1902.

522 3593 120 51 The
675 3592 212 52 human
921 3591 172 66 beast,
1126 3593 75 66 by
1236 3592 185 52 Emile
1456 3592 162 66 Zola;
1654 3591 315 54 translated
2003 3593 75 66 by
2111 3593 172 52 Louis
453 3591 1968 129 Colman.

675 3669 262 65 Newark,
966 3668 201 53 Julian
1198 3687 172 47 press,
1402 3672 150 48 1932.

523 3740 86 41 384
639 3752 43 37 p.
741 3742 164 48 front.,
936 3742 170 47 plates.
1166 3741 56 39 22½ᶜᵐ.

525 3796 1920 48 “This illustrated edition … is limited to 1000 copies of which this
453 3852 41 41 is
520 3853 202 40 number
746 3853 128 43 931.”

461 3907 50 51 ©
543 3911 110 40 Feb.
683 3911 67 45 13,
780 3910 138 48 1932;
950 3911 67 39 2c.
1048 3911 120 39 Mar.
1199 3911 51 45 1;
1284 3909 82 40 aff.
1397 3911 121 38 Mar.
1546 3909 53 47 2;
1632 3910 40 38 A
1701 3909 170 47 48745;
1905 3909 168 40 Julian
2104 3920 147 37 press.
536 3965 250 49 (32-5895)
