2563 4368
1403 4015 64 48 56

519 497 1241 54 viii p., 1 l., 11-154 p. incl. illus., forms. 21 ᶜᵐ .
457 553 1872 57 © Jan. 6, 1932; 2c. and aff. Jan. 14; A 46905; D . J. Kaib. Erie, Pa.
534 617 248 47 (32-2207)

450 718 247 63 Kaplan,
726 718 305 53 Abraham
1063 718 189 52 David
1282 717 304 52 Hannath.

580 792 1860 76 … Henry Charles Carey, a study in American economic
450 870 1798 76 thought, by A. D. H. Kaplan … Baltimore, The Johns
450 870 1964 137 Hopkins
605 970 173 49 press,
809 954 151 49 1931.

521 1030 1918 54 96 p. 24½ ᶜᵐ . (Johns Hopkins university studies in historical and
452 1088 990 51 political science … ser. XLIX, no. 4)
523 1146 373 48 Bibliography:
927 1156 43 37 p.
998 1144 157 43 91-93.

458 1199 50 51 ©
535 1203 109 40 Dec.
667 1203 69 47 29,
761 1203 111 39 1931;
925 1202 66 41 2c.
1017 1203 93 38 and
1135 1201 81 42 aff.
1241 1202 108 38 Jan.
1375 1202 39 46 8,
1438 1200 112 40 1932;
1605 1202 39 37 A
1667 1199 144 40 45915;
1866 1201 153 39 Johns
2045 1200 221 49 Hopkins
2292 1211 148 37 press.

537 1259 248 48 (32-2339)

454 1358 211 68 Keller,
694 1359 314 56 Frederick
1037 1361 259 64 Eugene,
1327 1366 169 50 1892-

522 1443 155 51 Four
728 1441 119 53 leaf
897 1443 187 51 clover
1133 1442 170 63 series
1360 1441 109 68 [by]
1528 1440 308 54 Frederick
1888 1441 66 51 E.
2008 1442 213 66 Keller,
2329 1485 10 10 M.
2430 1485 9 10 D.

458 1517 1542 72 [Philadelphia, Williams brothers printers, ᶜ193 1]
523 1601 69 48 83,
624 1602 54 49 [1]
707 1611 45 38 p.
810 1602 122 47 port.
990 1600 148 42 20½ᶜᵐ.

524 1657 129 41 Title
676 1657 130 41 from
833 1667 154 32 cover.

522 1714 185 40 Poems.

458 1767 50 52 ©
540 1771 109 39 Dec.
678 1770 69 48 22,
777 1770 111 39 1931;
947 1768 66 44 2c.
1044 1770 109 38 Dec.
1183 1768 56 39 24;
1299 1768 79 40 aff.
1409 1770 107 38 Jan.
1550 1768 67 49 12,
1649 1768 111 41 1932;

1821 1770 39 38 A
1890 1769 144 41 46857;
2095 1769 51 41 F.
2178 1770 51 40 E.
2262 1771 179 48 Keller,

527 1826 350 48 Philadelphia.
948 1825 248 50 (32-2260)

449 1929 217 64 Knopf,
697 1929 164 64 Olga,
895 1933 169 51 1888-

523 2005 119 51 The
675 2009 89 48 art
794 2004 62 52 of
885 2002 168 71 being
1083 2024 31 33 a
1146 2023 235 48 woman,
1410 2005 73 66 by
1517 2004 147 69 Olga
1695 2006 231 67 Knopf;
1963 2004 187 55 edited
2182 2006 73 67 by
2289 2007 149 51 Alan

456 2083 215 52 Porter.
735 2080 232 65 Boston,
993 2082 193 63 Little,
1212 2081 227 61 Brown,
1467 2081 109 52 and
1607 2099 292 50 company,
1932 2087 146 47 1932.

521 2151 68 40 vii
618 2162 59 37 p.,
706 2151 29 39 2
799 2182 8 16 l.,
836 2149 146 43 3-307
1010 2162 44 37 p.
1112 2151 154 47 diagr.
1326 2152 145 39 22½ᶜᵐ.

459 2207 1871 54 © Feb. 2, 1932; 2c. and aff. Feb. 6; A 48357; O. Knopf. New York.
534 2265 278 48 (32-26097)

451 2368 387 65 Kreymborg,
867 2369 228 62 Alfred,
1126 2373 169 50 1883-

527 2445 119 51 The
691 2445 148 51 little
885 2444 197 66 world,
1132 2448 133 48 1914
1311 2446 111 51 and
1469 2445 168 68 after,
1684 2447 72 68 by
1803 2447 210 53 Alfred
2062 2446 376 71 Kreymborg.

458 2522 1286 70 New York, Coward-McCann, inc. [ ᶜ193 2]
525 2596 448 47 xii, 162 p. 21 ᶜᵐ .
527 2654 181 38 Poems.

461 2704 50 53 ©
555 2710 108 39 Jan.
704 2708 69 41 22.
815 2707 113 41 1932;
998 2708 67 42 2c.
1108 2710 110 39 Feb.
1258 2712 28 36 4;
1357 2710 81 40 aff.
1483 2711 109 42 Feb.
1635 2713 51 41 1;
1732 2714 40 37 A
1811 2714 144 39 48273;
2027 2715 54 39 A.
2125 2713 315 48 Kreymborg,

525 2765 257 47 Brooklyn.
853 2764 278 48 (32-26094)

455 2865 263 66 Lacroix,
748 2869 161 62 Paul,
943 2873 321 51 1806-1884.

521 2947 239 69 History
795 2947 62 52 of
889 2946 367 69 prostitution
1289 2968 203 50 among
1525 2951 75 52 all
1634 2953 93 51 the
1761 2954 224 66 peoples
2017 2954 62 52 of
2113 2954 93 53 the
2239 2954 196 68 world,

456 3024 148 52 from
641 3024 93 53 the
772 3030 143 47 most
953 3030 207 47 remote
1199 3025 282 71 antiquity
1519 3035 58 47 to
1616 3029 93 52 the
1749 3038 222 57 present
2010 3031 128 69 day,
2177 3031 73 68 by
2288 3032 145 51 Paul

455 3100 1976 72 Lacroix (Pierre Dufour) … translated from the French, with
455 3176 1979 78 an introduction, by Samuel Putnam … New York, Covici,
454 3254 427 68 Friede [ᶜ193 1 ]
522 3333 27 39 2
578 3344 42 29 v.
679 3332 143 41 23½ᶜᵐ.

521 3389 162 47 Paged
712 3388 352 48 continuously.

524 3444 233 40 “Revised
790 3443 223 42 edition.”

858 3500 1574 54 CONTENTS.— v. 1. Antiquity: Greece and Rome. The Christian era,—
453 3571 44 29 v.
527 3558 42 41 2.
600 3558 100 38 The
731 3556 248 42 Christian
1010 3566 82 30 era

461 3613 1972 60 © Dec. 28, 1931; 2c. each Jan. 8, 1932; aff. Jan. 15; A 47003; Covici,
527 3672 182 45 Friede,
740 3672 89 38 inc.
909 3666 50 51 [©
991 3682 104 28 new
1125 3675 191 44 matter]
1388 3671 248 51 (32-2212)

450 3771 217 53 Liddell
696 3773 172 62 Hart,
896 3772 158 53 Basil
1083 3774 220 62 Henry,
1336 3780 168 48 1895-

523 3844 1849 73 Foch. the man of Orléans, by Captain B. H. Liddell Hart …
454 3924 231 65 Boston,
709 3922 193 67 Little,
928 3923 229 67 Brown,
1183 3925 111 51 and
1322 3941 295 55 company,
1645 3931 150 49 1932.
