2563 4368
1086 4142 132 52 1799

157 528 362 67 Henderson,
549 529 202 53 James
779 528 157 65 Max,
968 532 171 50 1895-

287 605 1858 69 … Questions and answers with problems and illustrative
157 691 207 48 matter
399 703 73 35 on
507 684 97 54 the
636 686 111 51 law
782 683 66 54 of
882 701 231 50 agency,
1149 684 172 53 based
1357 701 74 36 on
1468 684 77 53 all
1581 684 95 54 the
1713 684 276 54 standard
2026 689 121 48 text

156 758 1966 149 and case books, by James M. Henderson … Chicago, Callaghan
396 840 113 53 and
536 856 297 51 company,
863 840 151 53 1932.

224 912 80 49 vii,
333 912 84 41 103
446 924 43 37 p.
548 911 144 41 20½ᶜᵐ.
764 910 334 50 (Callaghan’s
1129 911 193 48 quizzer
1349 910 175 48 series)

162 979 51 51 ©
245 984 126 38 June
400 982 54 39 22,
558 982 55 40 1932;
673 982 65 40 2c.
772 982 126 39 June
928 981 81 47 24;
1119 1014 7 7 aff.
1158 982 126 39 June
1316 980 81 48 25;
1432 981 41 38 A
1505 979 169 49 51902;
1710 980 270 47 Callaghan
2012 982 35 39 &
2080 992 67 30 co.

238 1039 278 49 (32-33965)

156 1140 135 66 Hill,
320 1142 137 54 Mrs.
492 1142 183 53 Grace
714 1139 412 68 (Livingston)
1166 1145 170 51 1865-

225 1220 376 66 Beggerman,
631 1218 34 52 by
736 1218 181 54 Grace
949 1213 341 73 Livingston
1321 1217 145 53 Hill.
1534 1216 424 69 Philadelphia,
1990 1217 55 54 J.
2078 1219 69 52 B.

154 1296 871 67 Lippincott company [ ᶜ19 32]
210 1369 302 49 20 p. 16 ᶜᵐ .
160 1435 52 52 ©
248 1440 101 40 Oct.
385 1440 68 48 20,
489 1438 140 48 1932;
664 1438 66 41 2c.
768 1441 94 38 and
898 1439 82 41 aff.
1017 1440 111 39 Dec.
1164 1439 52 47 9;
1254 1441 40 37 A
1330 1439 169 48 57380;
1539 1441 43 40 J.
1620 1441 53 40 B.
1711 1439 278 48 Lippincott
2023 1449 67 30 co.

236 1495 278 50 (32-34226)

225 1598 121 53 The
375 1598 171 68 patch
576 1598 65 53 of
669 1597 145 69 blue,
842 1599 75 67 by
947 1597 180 55 Grace
1156 1598 342 68 Livingston
1527 1597 146 53 Hill.
1739 1597 408 69 Philadelphia

155 1674 1405 69 & London, J. B. Lippincott company [ ᶜ19 32]
225 1749 88 40 302
342 1760 42 37 p.
444 1748 146 41 19½ᶜᵐ.

161 1816 52 52 ©
249 1820 100 40 Oct.
385 1818 68 48 19,
489 1819 113 40 1932;
666 1819 64 40 2c.
769 1821 95 38 and
900 1820 81 40 aff.
1017 1820 112 40 Dec.
1164 1818 27 40 9;
1255 1820 41 38 A
1332 1820 141 40 57381;
1541 1821 43 40 J.
1621 1822 54 38 B.
1712 1819 277 49 Lippincott
2025 1832 66 29 co.

237 1876 277 49 (32-34233)

158 1977 297 66 Hodgson,
488 1980 204 53 James
723 1979 296 66 Goodwin,
1054 1982 170 51 1892-
1436 1998 180 50 comp.

288 2055 1860 72 … Cancellation of international war debts, compiled by
156 2135 193 53 James
395 2133 280 55 Goodwin
721 2134 295 67 Hodgson.
1092 2135 139 51 New
1278 2133 178 69 York,
1502 2135 120 53 The
1668 2136 77 53 H.
1791 2135 89 54 W.
1926 2135 224 56 Wilson

155 2227 296 51 company,
484 2214 151 48 1932.

225 2282 1858 51 226 p. tables (1 fold.) 20 ᶜᵐ . (The reference shelf, vol. VIII , no. 4)
225 2340 374 48 Bibliography:
630 2350 43 38 p.
706 2338 188 51 [21]-52.

163 2407 1984 51 © Nov. 22, 1932; 2c. Nov. 29; aff. Nov. 26; A 57262; H. W. Wilson co.
240 2466 277 50 (32-33829)

158 2568 284 65 Hopkins,
472 2571 209 51 Albert
710 2569 166 65 Allis,
909 2572 170 49 1869-
1291 2571 84 54 ed.

227 2648 122 53 The
403 2645 288 57 Scientific
744 2647 306 54 American
1103 2648 327 69 cyclopedia
1486 2648 65 54 of
1605 2649 296 70 formulas,
1956 2650 195 70 partly

158 2726 169 53 based
363 2743 154 50 upon
555 2725 96 53 the
685 2725 440 68 twenty-eighth
1163 2726 219 53 edition
1415 2725 66 55 of
1519 2726 288 56 Scientific
1843 2726 307 55 American

159 2804 326 67 cyclopedia
519 2802 65 54 of
614 2803 259 69 receipts,
904 2808 159 49 notes
1095 2804 113 53 and
1241 2803 236 69 queries,
1510 2804 190 55 edited
1732 2804 78 70 by
1841 2805 207 55 Albert
2077 2805 71 55 A.

158 2880 1970 133 Hopkins … 15,000 formulas. New York, Scientific American
312 2960 336 68 publishing
673 2978 98 49 co.,
797 2960 184 53 Munn
1007 2961 46 51 &
1077 2977 99 50 co.,
1201 2959 127 69 inc.,
1358 2961 150 51 1932.

226 3031 879 50 vii, 1077 p. illus., diagrs. 21 ᶜᵐ .
229 3089 330 41 “Authorities
588 3088 278 42 consulted”:
925 3100 44 37 p.
996 3087 161 41 vi-vii.

165 3156 51 51 ©
244 3160 119 39 Nov.
390 3160 67 41 15,
487 3158 113 40 1932;
657 3158 66 40 2c.
753 3161 94 37 and
877 3158 81 40 aff.
988 3159 111 39 Dec.
1129 3160 23 37 1;
1210 3159 41 37 A
1281 3157 141 41 58197;
1484 3158 242 40 Scientific
1754 3160 158 40 Amer.
1943 3159 108 48 pub.
2082 3171 65 29 co.

242 3215 278 49 (32-33961)

159 3319 227 64 Horler,
418 3321 254 62 Sydney.

229 3396 186 52 Death
445 3397 58 51 in
532 3396 94 52 the
654 3396 159 52 dark.
894 3396 361 66 [Instalment
1284 3400 46 61 1]

240 3471 82 46 (In
349 3467 143 43 Ideas
522 3467 95 43 and
646 3471 132 39 town
807 3467 121 50 talk,
958 3466 123 44 Nov.
1111 3468 42 49 5,
1185 3467 144 49 1932)

166 3522 1966 108 © 1c. Dec. 27, 1932; A ad int. 17288; pubd. Oct. 29; S. Horler Bournemouth,
442 3583 306 47 Hampshire,
778 3583 235 46 England.

162 3686 251 62 Hutson,
443 3687 246 52 Francis
713 3686 246 53 Marion.

233 3760 54 50 A
329 3759 150 53 brief
524 3758 291 54 historical
859 3760 192 54 sketch
1097 3761 61 52 of
1203 3759 485 54 McPhersonville
1736 3759 112 53 and
1892 3761 100 51 her
2037 3766 112 47 two

164 3835 1719 70 churches, by F. M. Hutson. [Charleston, S. C.] ᶜ19 32.
230 3906 844 50 1 p. l., 27 p., 1 l. plates. 21 ᶜᵐ .
233 3962 261 42 “Sources”:
557 3964 24 37 1
615 3963 103 40 leaf
748 3966 52 37 at
832 3964 105 40 end.

168 4019 51 51 ©
247 4024 116 38 Nov.
392 4022 54 40 23,
548 4021 54 41 1932;
659 4022 67 41 2c.
753 4026 94 37 and
877 4022 79 40 aff.
987 4023 117 40 Nov.
1132 4022 55 39 25;
1245 4024 41 37 A
1314 4023 168 46 58088;
1515 4023 51 40 F.
1597 4025 62 38 M.
1689 4024 207 40 Hutson.
235 4023 1898 102 McPhersonville,

484 4079 44 40 S.
561 4078 47 40 C.
679 4078 278 49 (32-34116)
