2563 4368
1092 4111 133 48 1829

149 563 1990 74 of the Rev. Karl Eder … by the Rev. Frank Gerein … St.
148 651 191 67 Louis,
369 650 115 53 Mo.
518 650 114 52 and
662 648 257 67 London,
951 648 67 51 B.
1049 645 227 53 Herder
1308 644 148 54 book
1487 661 99 51 co.,
1621 645 150 52 1932.

218 738 63 46 iv,
307 736 86 40 343
419 745 43 38 p.
522 735 56 40 19½ᶜᵐ.

155 805 51 51 ©
235 809 117 40 Nov.
441 840 7 10 18,
478 806 112 41 1932;
648 809 53 36 2c
744 807 94 38 and
868 805 81 40 aff.
979 805 117 39 Nov.
1125 802 81 48 21;
1238 803 40 38 A
1306 802 169 47 58051;
1509 803 52 38 B.
1592 802 190 39 Herder
1811 801 122 39 book
1963 811 67 29 co.

232 864 277 48 (32-34669)

154 981 269 65 Georgia.
499 983 179 51 Court
708 982 61 64 of
797 980 249 67 appeals.

223 1054 1915 72 Reports of cases decided … at the October term, 1931, March
153 1144 161 53 term,
344 1141 150 53 1932,
521 1137 110 51 and
663 1135 245 55 October
935 1142 161 59 term,
1127 1137 149 49 1932.
1357 1151 45 35 v.
1431 1138 81 48 45.
1591 1133 235 56 Stevens
1854 1133 112 52 and
152 1134 1962 141 Graham,

333 1221 297 62 reporters.
706 1215 259 55 Atlanta,
995 1214 119 53 The
1145 1212 285 53 Harrison
1460 1231 296 50 company,
1788 1214 149 50 1932.

221 1302 410 49 xlix. 954 p. 23 ᶜᵐ.
158 1373 50 49 ©
234 1377 109 37 Dec.
368 1375 54 38 27,
460 1372 112 40 1932;
625 1373 65 39 2c.
716 1374 94 37 and
835 1371 80 40 aff.
941 1372 110 38 Dec.
1075 1370 56 39 30;
1184 1371 40 38 A
1247 1370 143 40 57654;
1446 1370 136 40 State
1607 1370 50 39 of
1683 1369 219 47 Georgia,
1927 1369 216 42 Atlanta.

155 1492 605 62 Hanbury-Sparrow,
793 1489 232 53 Arthur
1054 1489 171 64 Alan,
1260 1493 170 50 1892-

223 1570 121 53 The
378 1567 359 55 land-locked
773 1566 143 67 lake,
949 1566 73 66 by
1058 1564 238 54 Lt.-Col.
1333 1565 69 51 A.
1440 1564 69 51 A.
1547 1561 597 70 Hanbury-Sparrow.

155 1647 253 65 London,
436 1647 69 50 A.
535 1644 219 52 Barker
778 1644 100 51 ltd.
913 1646 172 65 [1932]

223 1730 277 48 317 p. 19½ ᶜᵐ.
160 1801 1987 52 © 1c. Nov. 22, 1932; A ad int. 37329; pubd. Sept. 26; Arthur Barker,
227 1864 97 44 ltd.,
355 1862 210 38 London.
637 1859 277 48 (32-35765)

155 1980 364 61 Henderson,
548 1979 205 53 James
778 1979 157 62 Max,
970 1982 170 49 1895-

286 2054 1861 67 … Questions and answers with problems and illustrative
156 2140 206 47 matter
395 2153 71 34 on
502 2135 95 51 the
631 2134 109 52 law
775 2135 64 53 of
873 2132 409 68 corporations,
1315 2132 170 54 based
1523 2150 72 37 on
1632 2132 76 53 all
1742 2133 96 52 the
1872 2134 270 53 standard

156 2211 1992 67 text and case books, by James M. Henderson … Chicago,
157 2290 320 68 Callaghan
506 2291 112 52 and
646 2307 296 50 company,
974 2292 150 51 1932.

227 2376 62 49 vi,
319 2377 84 40 123
431 2387 44 37 p.
535 2374 56 40 20½ᶜᵐ.
753 2374 333 48 (Callaghan’s
1114 2373 194 49 quizzer
1337 2373 174 48 series)

164 2446 50 51 ©
247 2450 110 39 Dec.
390 2450 39 44 7,
462 2447 139 47 1932;
635 2448 66 39 2c.
735 2449 94 37 and
862 2446 82 40 aff.
977 2447 110 39 Dec.
1120 2445 81 47 10;
1236 2446 40 38 A
1308 2446 169 46 58303;
1514 2446 269 47 Callaghan
1816 2446 36 41 &
1885 2457 66 30 co.
241 2504 277 49 (32-34621)

161 2623 283 64 Hispanic
474 2623 226 63 society
731 2623 63 52 of
827 2622 293 55 America.

235 2699 312 69 Catalogue
571 2700 63 51 of
657 2701 288 66 scidpture
982 2700 309 68 (sixteenth
1315 2705 58 47 to
1399 2701 326 67 eighteenth
1748 2701 306 68 centuries)
2089 2701 57 53 in

161 2779 97 52 the
297 2779 294 52 collection
632 2778 62 52 of
734 2779 94 52 the
866 2778 285 67 Hispanic
1190 2777 210 69 society
1443 2779 61 51 of
1543 2779 284 68 America,
1867 2779 274 69 compiled

162 2856 1986 72 by Beatrice I. Gilman … with 168 illustrations. New York,
163 2935 239 52 Printed
428 2936 74 66 by
527 2935 166 53 order
720 2936 62 51 of
809 2936 94 51 the
930 2938 280 63 Trustees,
1241 2938 149 50 1930.

234 3008 1921 50 li, 360 p. front., illus., plates, 2 plans on 1 l. 19 ᶜᵐ. (Half-title:
164 3065 236 48 Hispanic
427 3068 135 37 notes
592 3065 36 40 &
656 3065 320 47 monographs;
1035 3075 179 37 essays,
1247 3065 197 48 studies,
1476 3068 94 37 and
1601 3065 128 40 brief
1757 3065 307 49 biographies
165 3068 1970 94 issued
314 3122 58 46 by

405 3122 81 39 the
518 3121 235 48 Hispanic
787 3121 180 48 society
1001 3121 53 40 of
1083 3121 236 41 America.
1386 3122 281 49 [Catalogue
1699 3122 189 48 series])

236 3178 329 47 Frontispiece
592 3177 339 48 accompanied
958 3178 60 47 by
1046 3180 154 44 guard
1230 3179 133 40 sheet
1393 3178 119 40 with
1540 3178 292 48 descriptive
1858 3181 296 47 letterpress.

237 3234 343 39 “References’
601 3246 7 27 :
643 3246 42 36 p.
717 3234 188 47 xliii-li,
938 3246 42 36 p.
1012 3234 215 48 203-210,
1261 3237 94 37 and
1388 3239 49 36 at
1470 3237 91 39 end
1593 3236 52 40 of
1674 3239 112 44 part
1819 3238 51 38 of
1902 3237 82 39 the
164 3237 1974 95 chapters.

170 3357 50 51 ©
259 3362 117 40 Nov.
415 3362 39 40 9,
495 3360 113 40 1932;
676 3361 66 40 2c.
784 3362 111 39 Dec.
934 3360 26 40 9;
1030 3361 81 41 aff.
1152 3362 112 40 Dec.
1305 3363 25 39 8;
1400 3363 39 38 A
1479 3362 143 41 58299;
1692 3361 236 49 Hispanic
1970 3373 91 30 soc.
2104 3364 50 39 of

236 3418 234 48 America,
503 3419 116 39 New
650 3418 141 38 York.
864 3418 278 49 (30-22034)

165 3535 80 52 Le
275 3534 184 66 Wine,
490 3536 195 55 Irwin.

234 3611 120 52 The
381 3613 109 51 law
517 3612 64 52 of
605 3614 265 54 landlord
899 3616 112 52 and
1040 3621 195 48 tenant
1264 3616 60 55 in
1352 3618 138 52 New
1517 3617 200 67 Jersey
1746 3616 140 54 with
1915 3622 237 48 statutes

165 3690 112 52 and
315 3691 308 64 procedure
660 3692 347 67 thoroughly
1044 3694 335 66 annotated;
1421 3694 117 52 also
1576 3712 30 33 a
1647 3694 274 66 complete
166 3694 1962 123 collection

316 3765 1838 74 of forms, by Irwin Le Wine … Newark, N. J., Soney &
168 3842 147 69 Sage
345 3861 97 49 co.,
477 3849 148 50 1932.

238 3915 166 49 xxxix,
431 3916 86 41 862
543 3927 43 38 p.
645 3917 55 40 23½ᶜᵐ.

173 3983 51 52 ©
255 3988 110 40 Dec.
395 3988 39 46 2,
464 3986 112 41 1932;
635 3988 65 39 2c.
732 3989 110 39 Dec.
874 3989 24 37 5;
959 3989 81 40 aff.
1070 3990 110 40 Dec.
1211 3991 25 38 3;
1297 3992 39 37 A
1367 3992 141 39 58237;
1571 3992 122 40 Soney
1755 3993 36 38 &
1826 3992 121 47 Sage
1975 4001 68 32 co.

250 4043 277 49 (32-34622)
