2563 4368
1285 4009 134 48 1112

330 400 310 64 Sherrard,
669 400 140 52 Mrs.
838 399 192 54 Drew.

455 475 231 53 Roadside
721 475 217 54 flowers
974 474 63 54 of
1072 475 97 52 the
1204 472 213 54 Pacific
1451 471 344 66 Northwest,
1939 471 171 51 Drew
330 469 1964 151 Sherrard;

535 554 139 52 with
711 553 135 53 four
880 552 231 67 packets
1149 550 64 54 of
1249 550 137 53 wild
1423 549 189 53 flower
1648 548 146 53 seed.
1864 547 298 65 Portland,
2201 546 118 67 Or.,

329 631 412 67 Metropolitan
780 647 175 50 press,
996 631 152 50 1932.

401 702 57 40 32
489 715 44 37 p.
590 703 164 46 front.,
786 702 170 47 plates.
1016 699 56 41 20½ᶜᵐ.

404 758 128 43 Title
561 758 105 41 also
693 769 59 30 on
781 757 337 48 lining-paper.

406 813 274 42 Concerned
712 813 177 48 wholly
919 813 119 40 with
1069 812 83 41 the
1182 813 154 39 states
1367 811 51 41 of
1449 810 189 50 Oregon
1667 812 97 39 and
1793 810 333 49 Washington.

407 871 189 42 “Books
627 872 79 40 for
741 871 83 41 the
859 870 198 41 student
1092 869 52 41 of
1177 868 368 41 Northwestern
1580 867 214 42 flowers”:
1860 879 43 37 p.
1937 867 70 41 31.

340 924 1849 55 © July 11, 1932; 2c. and aff. July 25; A 53269; Metropolitan press.
418 986 278 48 (32-19153)

336 1077 240 63 Siedler,
605 1077 190 54 Jobst.

407 1149 1918 70 Jahrbuch der baukunst, hr sg. von prof. dr.-ing. ed. Jobst
339 1207 1557 91 Siedler … 1928/29. Berlin, Ô. Stollberg [1928]
408 1304 622 50 4 p. l., 198 p. illus. 31 ½ ᶜᵐ.
344 1357 1987 54 © July 1, 1928; 1c. Nov. 1, 1930; A —Foreign 10170; Otto Stollberg
444 1420 145 47 verlag,
621 1430 42 37 g.
695 1430 58 27 m.
787 1418 41 41 b.
860 1418 43 39 h.

339 1510 188 55 Silver
556 1513 96 51 art
682 1509 242 65 service,
958 1509 267 67 Chicago.

409 1586 311 68 Ex-libris;
769 1605 31 34 a
845 1586 259 68 showing
1149 1586 63 53 of
1256 1586 338 68 interesting
1639 1585 349 68 bookplates,
2031 1583 298 67 including

340 1664 188 53 choice
553 1664 112 53 bits
694 1664 64 53 of
784 1664 347 68 philosophy
1158 1665 76 67 by
1260 1664 264 52 brilliant
1550 1682 177 49 sages,
1754 1668 238 48 mottoes
2022 1661 136 53 used
2188 1661 139 52 with

338 1738 1991 71 bookplates and selected literary gems … Chicago, Ill., Silver
339 1824 89 48 art
459 1819 228 66 service,
722 1822 150 49 1932.

414 1890 69 49 95,
515 1891 54 50 [1]
598 1903 43 37 p.
698 1890 127 40 illus.
855 1891 49 47 (1
930 1892 229 40 mounted;
1217 1890 110 41 incl.
1354 1891 173 48 ports.)
1592 1890 57 40 23½ᶜᵐ.

692 1947 132 48 CONTENTS.—pt.
861 1945 42 42 1.
937 1946 175 42 Choice
1147 1948 97 39 bits
1278 1947 51 41 of
1363 1947 300 49 philosophy.
1730 1947 293 48 Bookplates
2059 1947 51 41 of
2146 1948 81 40 the
345 1946 1969 106 famous.—pt.

669 2003 41 40 2.
751 2003 215 42 Selected
1005 2005 205 39 mottoes
1249 2004 97 40 and
1386 2004 280 48 quotations
1705 2004 134 40 often
1880 2004 119 40 used
2037 2004 119 40 with
346 2004 1969 107 bookplates.—pt.

691 2059 42 41 3.
772 2060 294 48 Bookplates
1105 2061 61 47 by
1207 2060 49 40 L.
1297 2061 43 39 J.
1383 2060 169 47 Silver,
1591 2060 119 40 with
1747 2061 132 48 prize
1917 2070 179 37 essays.
2165 2061 166 40 Added

344 2117 247 41 features:
623 2117 181 41 Golden
831 2117 244 48 thoughts,
1102 2118 60 46 by
1191 2117 244 41 Grenville
1460 2117 205 47 Kleiser,
1692 2118 96 39 and
1816 2118 173 40 Words
2016 2117 51 41 of
2094 2118 82 40 the
2203 2117 129 45 wise,

345 2175 61 48 by
442 2176 83 40 the
559 2175 207 40 famous.

353 2227 1966 109 © June 1, 1932; 2c. and aff. June 23; A 53193; Louis J. Silverman, Chicago. (32-19145)
347 2378 186 65 Sipes,
568 2378 144 54 Glen
745 2377 54 56 J.

419 2454 259 56 Orificial
707 2456 246 65 therapy
981 2455 114 52 and
1124 2454 290 53 advanced
1443 2455 192 52 ocular
1664 2455 261 68 therapy,
1953 2454 75 68 by
2058 2456 102 51 Dr.
2192 2453 144 55 Glen

347 2531 1991 68 J. Sipes … With three hundred and twenty illustrations, the
347 2609 274 68 majority
660 2608 65 54 of
763 2608 185 54 which
990 2609 284 54 illustrate
1314 2609 98 53 the
1449 2609 218 53 scheme
1708 2608 65 54 of
1810 2609 313 69 technique.
2224 2608 115 55 [San

350 2685 1495 69 Francisco, Printed by the Dolores press, ᶜ1 932]
416 2758 737 49 4 p. l., 11-302 p. illus. 23 ᶜᵐ.
356 2811 1964 109 © June 22, 1932; 2c. and aff. July 11; A 53057; G. J. Sipes, San Francisco. (32-19183)
353 2961 274 65 Thomas,
661 2961 247 56 Charles
935 2962 72 56 A.

422 3037 1915 69 Business dictation, by Charles A. Thomas … New York,
351 3114 450 67 Prentice-Hall,
832 3115 126 66 inc.,
992 3118 151 51 1932.

427 3188 64 47 ix,
520 3187 85 40 353
635 3198 43 38 p.
739 3187 57 41 19½ᶜᵐ.

361 3239 51 52 ©
444 3244 112 48 Apr.
588 3244 39 47 8,
659 3243 139 47 1932;
833 3244 63 40 2c.
931 3245 115 47 July
1077 3244 82 48 28;
1195 3245 82 40 aff.
1307 3245 111 48 Apr.
1452 3246 81 47 15;
1568 3247 42 39 A
1641 3247 169 47 53325;
1845 3246 372 47 Prentice-Hall,
2251 3247 90 39 inc.

438 3300 277 48 (32-19147)

357 3374 71 55 U.
457 3375 58 54 S.
592 3374 211 54 Census
833 3376 164 66 office.
1071 3375 100 54 7th
1198 3393 212 50 census,
1439 3380 149 54 1850.

428 3450 212 55 Census
669 3457 223 48 returns
919 3451 65 52 of
1009 3452 261 53 Barbour
1297 3454 113 52 and
1436 3455 213 67 Taylor
1675 3453 250 54 counties
1962 3454 210 68 (West)
357 3455 1961 140 Virginia

358 3528 1961 130 for 1850 … copied from the original federal census records
516 3606 60 52 in
601 3605 96 53 the
725 3605 213 54 Census
961 3606 229 67 bureau,
1216 3606 401 69 Washington,
1641 3609 73 52 D.
1743 3607 91 67 C.;
1863 3608 227 53 secured
2117 3609 113 52 and
360 3627 1959 121 arranged

606 3682 1736 70 by W. Guy Tetrick … [Clarksburg, W. Va., Printed
359 3757 1114 70 by Clarksburg publishing co., ᶜ1 932]
429 3829 84 41 391
546 3841 42 38 p.
648 3831 56 41 23½ᶜᵐ.

367 3881 51 52 ©
444 3887 113 47 May
581 3887 67 46 11,
675 3886 115 42 1932;
840 3887 66 41 2c.
932 3887 115 48 July
1073 3887 25 40 6;
1153 3887 81 41 aff.
1260 3888 116 47 July
1401 3889 25 39 5;
1480 3889 40 39 A
1546 3889 140 40 53101;
1743 3891 70 40 W.
1841 3891 54 41 G.
1920 3890 207 48 Tetrick,
435 3890 1892 101 Clarksburg,

599 3944 72 40 W.
699 3944 85 40 Va.
854 3943 278 49 (32-19171)
