2563 4368
1116 4021 97 49 135

175 408 321 62 Ferguson,
526 405 254 54 William
811 405 183 64 Scott,
1026 404 171 55 1875-

247 480 1865 70 The treasurers of Athena, by William Scott Ferguson …
178 559 361 69 Cambridge,
569 561 191 66 Mass.,
789 560 276 52 Harvard
1094 557 318 69 university
1442 575 174 50 press,
1653 561 150 51 1932.

247 630 1036 52 ix p., 3 l., [3]-198 p. front., illus. 24½ ᶜᵐ.
182 701 53 52 ©
265 706 108 39 Jan.
403 705 70 48 27,
503 703 139 47 1932;
675 704 66 38 2c.
774 703 110 39 Jan.
913 701 82 47 29;
1029 701 81 40 aff.
1143 702 108 39 Jan.
1283 701 82 45 30;
1399 700 40 39 A
1469 699 171 47 47326;
1675 701 255 39 President
1963 701 95 39 and
249 699 1908 103 fellows

398 760 53 40 of
481 761 231 38 Harvard
746 760 192 46 college,
974 757 300 48 Cambridge,
1311 758 147 39 Mass.
1528 756 251 49 (32-3703)

181 864 310 67 [Fletcher,
521 863 261 67 Evadne]

246 940 185 69 Diary
464 940 62 54 of
559 960 31 33 a
620 939 329 54 red-haired
981 938 132 70 girl.
1211 943 80 64 [pt.
1329 941 47 63 1]
1455 938 121 52 The
1607 937 401 54 indiscretions
2040 936 65 55 of
2138 955 33 36 a

176 1020 135 66 gold
341 1019 218 68 digger.

258 1093 81 46 (In
369 1089 202 43 London
600 1088 195 52 People,
825 1088 111 44 Jan.
969 1088 72 50 10,
1074 1087 144 51 1932)

180 1157 1995 52 © 1c. Mar. 9, 1932; A ad int. 16123; pubd. Jan. 10; E. Fletcher, Stock-
247 1218 179 48 bridge.
460 1218 308 47 Hampshire,
802 1218 237 47 England.

170 1322 283 64 Gatchell,
481 1322 211 54 Worth
719 1322 64 55 T.

241 1399 273 55 Vaccines
552 1399 112 51 and
704 1397 292 68 ferments,
1031 1398 75 66 by
1140 1397 208 54 Worth
1385 1398 66 52 T.
1488 1396 281 68 Gatchell,
1863 1439 10 10 M.
1948 1439 11 10 D.
173 1398 1975 145 Boston,

318 1474 1304 69 The Christopher publishing house [ ᶜ1 932]
240 1549 244 49 29 p. 21 ᶜᵐ.
179 1616 51 53 ©
267 1621 109 41 Jan.
411 1620 70 47 26,
517 1618 140 48 1932;
694 1618 67 41 2c.
799 1619 110 40 Jan.
944 1618 82 48 30;
1065 1617 83 42 aff.
1184 1618 109 40 Jan.
1330 1617 82 48 29;
1451 1618 40 39 A
1527 1618 171 47 47304;
1737 1619 70 40 W.
1845 1619 53 40 T.
1936 1617 236 49 Gatchell,

245 1678 222 47 Newark,
496 1677 54 39 N.
582 1678 52 38 Y.
706 1674 250 51 (32-3893)

168 1779 252 66 Goodell,
451 1778 247 57 Charles
721 1780 230 64 LeRoy,
984 1784 171 50 1854-

242 1853 1929 70 Soul reveries, by Charles Goodell … New York, Chicago
176 1932 1313 70 [etc.] Fleming H.. Revell company [ ᶜ1 931]
238 2002 690 50 180 p. front. (port.) 19½ᶜᵐ.
241 2074 1929 49 “Sermons delivered … over the air by the courtesy of the National
168 2131 344 48 broadcasting
538 2141 234 38 company
799 2132 95 39 and
923 2131 273 40 associated
1223 2131 591 42 stations.”—Foreword.

176 2202 51 51 ©
261 2206 111 41 Jan.
405 2206 69 46 30,
508 2204 113 41 1932;
684 2206 67 38 2c.
785 2206 96 39 and
915 2204 82 41 aff.
1034 2204 110 40 Feb.
1178 2206 25 38 3;
1267 2205 42 38 A
1340 2204 145 40 47366;
1551 2205 220 47 Fleming
1805 2206 60 42 H.
1901 2206 167 38 Revell
2103 2215 67 30 co.

254 2262 251 49 (32-3757)

166 2364 285 67 Granger,
481 2364 275 65 Amédée,
789 2365 171 54 1879-

237 2441 56 53 A
319 2441 374 67 radiological
721 2442 173 67 study
921 2440 64 53 of
1013 2441 95 52 the
1135 2442 330 66 para-nasal
1493 2441 214 53 sinuses
1737 2442 114 52 and
1879 2440 293 68 mastoids,

168 2517 1978 146 by Amédée Granger … illustrated with 113 engravings. Philadelphia,
482 2596 114 53 Lea
625 2598 45 50 &
698 2595 262 68 Febiger,
991 2598 151 51 1932.

240 2669 864 50 iv p., 1 l., [17]-186 p. illus. 24½ᶜᵐ.
240 2740 224 39 Includes
498 2739 362 40 “References”.

176 2806 51 52 ©
256 2811 111 39 Jan.
394 2812 40 45 4,
464 2810 112 40 1932;
635 2810 67 41 2c.
732 2811 111 40 Jan.
872 2811 25 38 5;
956 2809 81 41 aff.
1068 2810 109 40 Jan.
1209 2811 24 39 7;
1293 2811 40 38 A
1360 2810 145 40 48065;
1566 2811 95 40 Lea
1693 2811 35 40 &
1759 2810 216 48 Febiger.

252 2866 250 50 (32-3891)

167 2969 275 66 Greaves,
473 2970 220 63 Joseph
722 2971 235 63 Eames,
988 2976 171 49 1880-

238 3045 1931 70 Elementary bacteriology, by Joseph E. Greaves … and
168 3123 1977 146 Ethelyn O. Greaves … Reset, 2d ed. Philadelphia and London,
322 3202 89 54 W.
439 3203 67 51 B.
536 3200 285 56 Saunders
848 3220 296 49 company,
1174 3205 150 49 1932.

238 3275 1278 48 1 p. l ., 5-535 p. illus., col. plates, diagrs. 20 ᶜᵐ.
177 3340 51 52 ©
260 3346 109 40 Jan.
399 3344 70 49 29,
501 3346 139 47 1932;
675 3346 66 40 2c.
775 3346 111 41 Feb.
917 3346 51 47 6;
1004 3346 81 40 aff.
1120 3346 109 39 Feb.
1263 3347 53 47 8;
1349 3347 41 39 A
1419 3347 172 48 47515;
1627 3348 70 40 W.
1732 3348 55 42 B.
1822 3346 246 41 Saunders
2101 3358 66 29 co.

253 3401 249 49 (32-3880)

166 3503 222 66 Gulick,
420 3505 228 54 Luther
675 3507 241 64 Halsey,
948 3511 171 50 1892-

239 3580 239 53 Modern
512 3587 366 62 government
911 3582 60 52 in
1005 3604 31 33 a
1069 3582 240 53 colonial
1345 3584 113 66 city;
1525 3604 31 33 a
1590 3602 202 48 survey
1826 3584 62 51 of
1922 3584 93 51 the
2052 3583 113 68 city

169 3665 368 58 government
562 3659 112 52 and
700 3658 241 53 finances
969 3660 63 50 of
1058 3659 452 68 Williamsburg,
1538 3661 285 66 Virginia,
1851 3661 73 66 by
1952 3661 216 50 Luther

172 3732 1993 72 Gulick … with an historical introduction by John G. Pollard
231 3810 1357 70 … New York, J. Cape and H. Smith [ ᶜ1 932]
238 3880 1591 53 ix, 258 p. incl. diagrs., forms, fold. front., fold. maps. 22½ ᶜᵐ.
240 3952 137 47 Maps
409 3960 62 31 on
501 3951 362 50 lining-papers.
