2563 4368
1271 4059 135 52 1496

344 527 188 53 trated
569 526 75 66 by
681 525 208 53 Edwin
928 524 195 53 Tunis.
1199 523 137 52 New
1376 521 161 52 York
1575 520 110 53 and
1722 518 258 67 London,
2017 518 232 68 Harper
2285 522 52 50 &

344 604 276 66 brothers,
652 606 150 50 1932.

416 669 1580 57 3 p. l. , v-x p., 1 l., 288 p. col. front., 1 illus., plates. 23½ᶜᵐ.
352 744 50 51 ©
439 748 126 47 Sept.
657 778 8 12 14,
726 746 84 40 1932;
871 747 67 39 2c.
974 745 126 48 Sept.
1133 745 55 39 14;
1250 743 81 40 aff.
1367 743 128 48 Sept.
1528 742 24 39 16;
1644 742 40 38 A
1717 742 168 46 54837;
1922 742 191 47 Harper
2147 742 36 39 &
2217 742 123 37 bros.

422 800 67 54 [©
519 804 217 40 author’s
765 802 314 48 explanation
1107 802 94 38 and
1231 799 327 40 illustrations]
1646 798 279 48 (32-25850)

346 907 251 66 Thayer,
625 905 257 65 Tiffany,
913 910 171 50 1902-

416 984 365 53 Three-sheet
835 1000 109 49 [by]
999 981 233 68 Tiffany
1282 980 254 67 Thayer;
1589 979 325 53 illustrated
1961 979 75 66 by
2086 978 253 54 Edward

348 1062 221 55 Staloff.
645 1062 138 52 New
811 1059 178 58 York,
1015 1058 319 68 Liveright,
1361 1057 125 68 inc.,
1517 1058 149 52 1932.

415 1132 691 51 316 p. front., plates. 21 ᶜᵐ.
352 1190 50 51 ©
430 1193 127 47 Sept.
581 1192 68 46 22,
675 1190 112 41 1932;
840 1190 67 41 2c.
933 1189 102 40 Oct.
1059 1189 55 40 10;
1168 1188 82 40 aff.
1276 1188 101 41 Oct.
1402 1188 27 39 6;
1482 1188 41 39 A
1547 1187 143 40 56289;
1745 1188 50 38 T.
1823 1188 204 47 Thayer,
2054 1188 115 39 New
2197 1188 141 39 York.

429 1249 277 48 (32-25844)

348 1353 127 53 Van
504 1351 186 66 Dyke,
717 1351 224 64 Henry,
974 1352 170 50 1852-
1356 1349 85 56 ed.

419 1430 55 53 A
498 1428 236 54 creelful
757 1427 64 53 of
843 1427 210 68 fishing
1075 1426 217 67 stories,
1318 1445 30 34 a
1372 1426 243 68 pastime
1638 1425 163 68 book,
1826 1426 188 53 edited
2038 1426 75 68 by
2139 1427 201 68 Henry

349 1508 129 53 Van
507 1506 193 68 Dyke;
736 1504 475 54 embellishments
1243 1504 76 68 by
1349 1503 216 54 Robert
1597 1504 147 51 Ball.
1812 1504 138 52 New
1985 1503 179 67 York,
349 1504 1968 147 London,

506 1583 62 55 C.
600 1583 311 55 Scribner’s
938 1600 146 49 sons,
1116 1584 150 51 1932.

417 1654 823 52 xvii, 419, [1] p., 1 l. illus. 20 ᶜᵐ.
352 1710 50 51 ©
431 1715 127 47 Sept.
583 1714 68 46 23,
679 1712 139 47 1932;
846 1712 67 40 2c.
942 1712 126 47 Sept.
1095 1711 54 41 27;
1206 1711 81 40 aff.
1315 1712 128 47 Sept.
1469 1711 81 47 28;
1580 1713 40 37 A
1645 1712 170 47 55315;
1846 1712 200 40 Charles
2077 1710 263 42 Scribner’s

419 1780 124 30 sons.
613 1769 278 46 (32-25680)

346 1875 264 62 Warner,
641 1872 201 64 Sylvia
870 1872 346 57 Townsend.

478 1946 1755 70 … The Salutation. New York, The Viking press, 1932.
415 2021 446 50 3 p. l. , 303 p. 21½ ᶜᵐ.
416 2080 114 39 Two
570 2080 265 38 novelettes
862 2077 127 48 (The
1030 2076 290 49 Salutation,
1360 2077 168 39 Elinor
1566 2076 204 48 Barley)
1815 2077 96 40 and
1950 2075 213 43 thirteen
2200 2077 139 43 short

346 2135 188 40 stories.

352 2188 50 50 ©
435 2191 101 40 Oct.
566 2192 38 45 7,
634 2190 112 39 1932;
806 2190 66 40 2c.
904 2190 101 39 Oct.
1033 2189 57 39 10;
1148 2189 79 39 aff.
1261 2190 100 38 Oct.
1392 2190 26 39 8;
1476 2190 40 38 A
1546 2190 143 38 55515;
1749 2191 177 46 Viking
1956 2201 149 37 press,
2137 2191 91 40 inc.

429 2246 277 49 (32-25845)

349 2347 192 66 Wells,
571 2348 256 54 Herbert
859 2348 245 64 George,
1135 2353 171 50 1866-

415 2426 178 54 What
628 2425 203 54 should
866 2426 67 53 be
972 2427 372 52 done—now:
1381 2444 31 35 a
1449 2428 430 52 memorandum
1915 2445 75 36 on
2025 2428 95 53 the
2160 2428 179 53 world

346 2502 1970 146 situation, by H. G. Wells. New York, The John Day company [ ᶜ1 932]
415 2653 1915 50 2 p. l. , 7-29 p. 19½ ᶜᵐ. (On cover: The John Day pamphlets. no. 14)
353 2705 50 51 ©
444 2710 128 47 Sept.
608 2709 69 48 22,
714 2709 140 47 1932;
893 2710 67 40 2c.
999 2711 127 47 Sept.
1162 2710 82 48 29;
1284 2710 82 41 aff.
1406 2711 127 48 Sept.
1571 2711 81 46 30;
1693 2712 40 39 A
1771 2712 170 46 55381;
1982 2712 60 41 H.
2083 2712 51 40 G.
2174 2711 163 44 Wells,

421 2766 209 40 London.
700 2766 277 48 (32-25867)

348 2868 350 66 Widdemer,
730 2870 325 63 Margaret,
1086 2870 83 57 ed.

417 2945 120 51 The
560 2944 122 55 best
709 2944 300 53 American
1035 2945 122 52 love
1184 2945 196 56 stories
1408 2945 62 54 of
1495 2947 94 52 the
1616 2966 149 48 year,
1795 2946 235 53 selected
2057 2947 112 53 and
2195 2946 140 56 with

349 3040 71 33 an
443 3021 385 54 introduction
850 3022 73 67 by
949 3021 293 69 Margaret
1265 3021 343 58 Widdemer.
1669 3023 137 56 New
1834 3024 176 68 York,
2036 3024 121 54 The
2181 3024 155 55 John

350 3098 641 68 Day companjr [ ᶜ1 932]
416 3168 389 49 xiv, 532 p. 19½ ᶜᵐ.
354 3225 50 51 ©
429 3229 116 47 July
567 3230 68 47 14,
660 3227 111 41 1932;
824 3228 67 40 2c.
915 3230 93 38 and
1032 3229 80 39 aff.
1139 3229 126 48 Sept.
1288 3231 54 39 15;
1395 3232 41 38 A
1459 3233 141 39 54863;
1655 3234 61 39 M.
1741 3233 288 48 Widdemer,
2055 3235 115 39 New
2195 3234 142 41 York.

430 3284 278 49 (32-26897)

348 3385 314 66 Wyoming
702 3387 112 53 and
855 3385 212 54 Pacific
1106 3388 202 69 digest,
1350 3390 265 70 covering
1658 3393 77 51 all
1776 3411 150 37 cases
1966 3394 265 69 reported
2272 3393 63 51 in

415 3465 311 68 Wyoming
788 3469 237 63 reports,
1090 3466 324 70 1870-1931,
1476 3466 212 59 Pacific
1748 3475 272 64 reporter,
2082 3472 251 52 volumes

422 3543 185 66 1-300,
636 3543 112 52 and
780 3543 78 51 all
886 3543 63 53 of
978 3542 95 54 the
1104 3542 211 57 Pacific
1344 3551 172 49 states
1547 3554 222 62 reports
1799 3549 153 53 from
1981 3550 96 52 the
2108 3549 225 53 earliest

417 3618 1915 77 times … Compiled and edited by the publisher’s editorial
419 3694 147 53 staff.
681 3737 9 10 v.
723 3699 187 50 23-25.
988 3698 80 54 St.
1099 3702 165 65 Paul,
1291 3703 161 52 West
1479 3703 334 65 publishing
1843 3723 97 45 co.,
1972 3709 148 48 1932.

419 3769 214 39 3 v. 26 ᶜᵐ.
698 3837 102 29 CONTENTS.—v.
829 3826 73 41 23.
927 3827 213 40 Judicial
1167 3830 535 42 sales-Lewdness.—v.
1731 3831 70 42 24.
1829 3834 133 40 Libel
1991 3836 93 37 and
2113 3835 226 39 slander-

352 3879 244 42 Maritime
627 3881 242 41 liens.—v.
900 3881 71 41 25.
1004 3883 462 48 Marriage-Master
1496 3890 93 38 and
1624 3890 210 39 servant.

356 3933 50 51 ©
438 3936 101 41 Oct.
567 3937 68 51 27,
666 3937 112 41 1932;
839 3938 65 41 2c.
936 3940 115 39 each
1084 3940 95 38 and
1209 3939 107 42 affs.
1348 3942 117 41 Nov.
1497 3944 53 37 14;
1613 3944 38 38 A
1683 3944 318 42 57006-57008;
2062 3947 134 39 West
2226 3945 110 48 pub.

422 4002 67 31 co.
