2563 4368
1297 4096 131 54 1782

370 481 142 52 New
542 480 161 53 York
775 477 161 69 (City)
1023 476 286 55 Charters.

440 561 131 49 1931
607 556 306 54 annotated
946 557 357 67 supplement
1336 561 57 46 to
1426 556 168 52 Ash’s
1626 554 308 53 annotated
1965 560 224 62 greater
2219 554 138 53 New

372 635 160 54 York
573 637 242 53 charter,
860 636 95 51 5th
998 635 103 54 ed.,
1143 635 261 68 together
1447 632 139 53 with
1632 632 348 69 appendixes
2023 632 62 54 of
371 633 1959 134 amendments

585 714 110 51 and
735 712 289 52 additions
1060 720 58 46 to
1153 714 94 50 the
1283 710 320 68 provisions
1637 711 63 52 of
1736 712 94 51 the
1868 711 135 68 City
2036 712 163 51 home
2237 711 121 51 rule

370 791 107 53 law
522 792 92 67 (L.
651 794 150 53 1924,
836 791 85 52 ch.
955 789 128 67 363)
1129 790 110 52 and
1276 790 94 51 the
1407 791 136 51 New
1578 789 161 54 York
1773 789 115 65 city
1925 788 429 56 Consolidation

371 878 86 45 act
484 869 62 53 of
573 872 131 49 1882
729 869 120 52 still
874 869 58 52 in
956 868 183 54 force:
1170 869 74 51 all
1269 870 140 50 local
1439 869 137 50 laws
1601 868 199 68 passed
1826 868 71 67 by
1925 868 94 52 the
2046 867 310 69 municipal

371 948 277 67 assembly
680 946 64 53 of
774 949 94 50 the
901 946 113 66 city
1049 946 62 52 of
1141 948 137 51 New
1313 946 160 54 York
1506 946 213 67 during
1749 947 93 52 the
1874 964 136 48 year
2043 950 149 48 1931.
2270 949 87 66 By

370 1024 1988 69 Peter J. Baxter … New York, Baker, Voorhis and company,
372 1108 150 51 1932.

437 1176 689 49 cover-title, ii. 94 p. 25 ᶜᵐ .
374 1232 1989 52 © Dec. 20, 1932; 2c. and aff. Dec. 21; A 57559; R ose Ash, executrix of
442 1293 80 40 the
548 1295 157 37 estate
729 1290 53 41 of
807 1291 140 39 Mark
973 1291 113 40 Ash.
1114 1290 117 39 New
1258 1289 143 41 York.

369 1393 148 54 Ohio
551 1392 263 55 criminal
846 1391 292 69 statistics,
1172 1395 163 65 1931;
1373 1411 71 34 an
1478 1392 352 69 experiment
1861 1393 60 53 in
1954 1394 257 53 methods
2247 1393 111 53 and

438 1470 324 69 techniques
797 1468 64 54 of
892 1474 144 49 state
1073 1469 315 69 reporting,
1423 1469 75 69 by
1532 1487 73 35 an
1641 1469 310 54 associated
1987 1488 183 51 group
2210 1470 151 53 from

439 1549 93 53 the
570 1548 275 53 Institute
884 1546 66 54 of
988 1547 109 52 law
1138 1547 113 53 and
1290 1547 95 53 the
1428 1545 150 57 Ohio
1619 1547 289 54 institute:
1948 1546 211 54 Alfred
439 1549 1899 145 Bettman,

630 1626 64 53 L.
742 1624 62 56 C.
847 1624 300 69 Marshall,
1189 1625 91 54 W.
1326 1624 64 55 C.
1434 1624 261 55 Jamison
1746 1626 149 67 [and]
1946 1626 69 53 R.
2062 1626 67 52 E.
2176 1626 184 53 Miles.

439 1704 333 65 Baltimore,
797 1704 122 52 The
946 1702 184 55 Johns
1157 1702 271 69 Hopkins
1453 1721 174 50 press,
1658 1706 149 50 1932.

439 1775 1188 50 xiv, 189 p. incl. illus. (map) dingrs. 23½ᶜᵐ.
439 1833 277 41 Half-title:
746 1831 154 50 Study
926 1832 52 41 of
1000 1832 206 48 judicial
1234 1831 398 42 administration
1660 1832 49 40 in
1739 1831 136 43 Ohio.

375 1887 1985 53 © Oct. 18, 1932; 2c. and aff. Nov. 7; A 56920; Johns Hopkins press.
451 1947 279 50 (32-33552)

370 2051 175 63 Page,
572 2048 254 55 William
855 2050 276 63 Herbert,
1159 2049 86 55 ed.

440 2127 201 68 Page’s
686 2127 150 55 Ohio
877 2125 343 54 cumulative
1264 2127 134 54 code
1441 2127 227 54 service,
1711 2128 331 69 containing
2084 2129 94 52 the
2221 2129 137 51 laws

373 2205 199 66 passed
611 2213 55 43 at
703 2205 94 51 the
835 2206 157 50 three
1028 2204 205 67 special
1275 2206 238 50 sessions
1549 2205 63 51 of
1649 2207 94 50 the
1782 2205 244 54 General
2064 2206 294 68 assembly,

370 2282 131 52 held
530 2282 202 53 March
762 2284 65 50 29
855 2287 58 47 to
944 2281 171 69 April
1147 2286 46 53 1,
1222 2284 138 67 May
1394 2286 78 52 16,
1504 2283 110 51 and
1646 2283 330 67 September
2005 2285 66 51 27
2100 2289 59 48 to
371 2283 1962 130 October
498 2364 29 49 3,

644 2363 83 56 1932,
757 2360 140 52 with
926 2366 158 47 notes
1116 2360 62 53 of
1209 2360 276 53 decisions
1514 2361 64 53 of
1608 2363 93 51 the
1733 2367 188 48 courts
1954 2363 108 52 and
2095 2363 263 67 opinions

371 2438 62 52 of
462 2444 261 62 attorney
749 2438 246 67 general,
1022 2438 182 53 which
1235 2445 258 46 construe
1520 2441 95 50 the
1641 2446 239 47 statutes
1907 2440 62 52 of
1998 2440 166 55 Ohio.
371 2442 1962 128 Annotations

710 2516 1648 70 by Carl Louis Meier … George C. Trautwein,
371 2594 1985 68 managing editor. No. 8: 1932 … Cincinnati, The W. H.
371 2672 833 68 Anderson company [ ᶜ19 32]
440 2744 331 51 125 p. 26 ᶜᵐ .
376 2798 52 52 ©
458 2802 101 40 Oct.
588 2801 55 39 12,
744 2800 54 42 1932;
856 2801 68 41 2c.
954 2803 93 39 and
1077 2801 80 41 aff.
1188 2803 110 41 Dec.
1329 2803 54 40 13;
1442 2804 39 39 A
1511 2805 141 39 58341;
1712 2806 71 40 W.
1813 2806 61 40 H.
1903 2805 251 41 Anderson
2184 2818 65 28 co.

371 2917 390 65 Pesquidoux,
789 2920 219 63 Joseph
1039 2920 250 64 Dubose,
1321 2928 177 47 comte
1527 2922 87 62 de,
1648 2927 169 49 1869-

502 2993 1833 74 … Le livre de raison. Troisième série. Paris, Plon [ ᶜ19 32]
440 3067 609 51 3 p. l., iv, 256 p. 19ᶜᵐ.
441 3125 64 39 At
531 3125 123 39 head
681 3124 54 40 of
761 3124 106 40 title:
924 3124 179 46 Joseph
1131 3126 57 38 de
1215 3124 321 48 Pesquidoux.

376 3176 1866 53 © June 24, 1932; 1c. Sept. 30; A—Foreign 18171; Librairie Plon.
453 3236 278 49 (32-34492)

371 3339 205 64 Peyre,
606 3339 203 65 Henri,
842 3344 170 50 1901-

441 3415 436 68 Bibliographie
912 3416 238 69 critique
1185 3419 67 51 de
1289 3419 365 54 l’hellénisme
1690 3440 67 33 en
1794 3424 218 51 France
2048 3423 68 52 de
2156 3426 130 49 1843
2324 3423 28 50 à

374 3493 1977 76 1870, by Henri Peyre … New Haven, Yale university press;
372 3569 256 67 London,
654 3572 78 52 H.
757 3571 265 57 Milford,
1052 3573 228 55 Oxford
1307 3576 317 69 university
1651 3594 173 50 press,
1854 3580 150 50 1932.

441 3640 1617 57 2 p. l., 230 p. 24ᶜᵐ. ( Half-title : Yale Romanic studies, VI )
443 3697 227 40 “Printed
705 3698 49 39 in
790 3698 228 40 France.”

442 3753 249 47 Arranged
727 3752 419 50 chronologically.

444 3808 236 41 “Errata”:
742 3811 23 37 1
798 3809 100 40 leaf
928 3811 227 40 mounted
1186 3822 60 30 on
1278 3824 43 37 p.
1352 3813 40 40 1.

443 3865 161 40 “Liste
640 3866 83 39 des
759 3863 291 50 principales
1087 3877 169 30 revues
1291 3868 298 41 consultées”:
1655 3881 43 37 p.
1735 3870 143 41 75-77;
1945 3870 245 42 “Éditions
372 3873 1966 95 françaises

554 3920 248 41 d’auteurs
829 3932 136 37 grecs
992 3923 57 39 de
1078 3922 113 42 1843
1219 3924 29 39 à
1279 3923 142 42 1870”:
1479 3936 42 37 p.
1551 3925 156 42 79-82.

379 3975 52 52 ©
463 3979 101 42 Oct.
596 3981 51 38 11,
698 3980 112 40 1932;
870 3980 66 40 2c.
969 3981 117 40 Nov.
1119 3982 23 37 18;
1235 3981 81 40 aff.
1349 3982 118 41 Nov.
1499 3984 81 45 16;
1616 3985 39 37 A
1688 3984 168 47 57182;
1894 3986 116 39 Yale
2044 3985 127 41 univ.
2207 3993 148 39 press.

455 4035 278 52 (32-33412)
