2563 4368
995 4086 101 54 773

127 558 857 50 xxxiv p., 1 l., 340 p. illus. 20½ᶜᵐ.
127 615 162 41 “First
320 615 226 42 edition.”

126 670 232 42 Contains
389 672 168 40 music.

63 739 51 50 ©
153 743 113 46 May
303 742 38 47 5,
379 742 112 39 1932;
558 742 68 41 2c.
663 743 95 38 and
797 742 81 40 aff.
917 742 113 46 May
1068 742 57 38 16;
1190 742 41 38 A
1268 742 141 39 51321;
1479 742 48 40 C.
1566 742 43 41 J.
1648 743 243 46 Drapeau,
1929 742 117 39 New

129 798 206 48 Britain,
371 798 143 41 Conn.
586 797 278 49 (32-14193)

59 901 159 64 Duff,
244 901 100 55 Sir
370 902 219 53 Hector
617 899 405 67 Livingstone,
1054 901 171 55 1872-

124 978 247 54 African
403 979 164 52 small
598 979 163 67 chop,
792 979 76 66 by
903 979 94 55 Sir
1031 980 215 51 Hector
1281 979 156 53 Duff.
1518 981 251 65 London,
1803 980 240 52 Hodder

55 1058 112 51 and
196 1056 340 67 Stoughton,
561 1056 240 67 limited,
827 1059 149 51 1932.

124 1127 826 51 222, [1] p. mounted front. 23 ᶜᵐ.
61 1195 1983 53 © 1c. Apr. 22, 1932; A ad int. 16311; pubd. Feb. 25; Hector Duff, Bath,
128 1257 234 47 England.
432 1257 278 48 (32-14134)

54 1360 265 65 Duffield,
358 1361 188 56 Anne.

122 1436 241 69 Mirage.
443 1437 387 68 [Instalments
859 1437 154 68 7-10]

219 1507 1339 53 (In Woman’s weekly, Apr. 23, 30, May 7, 14, 1932)
61 1578 1981 53 © 1c. each June 18, 1932; A ad int. 16547; pubd. Apr. 19, 26, May 3, 10;
128 1640 218 47 Dorothy
379 1640 132 39 Duer
542 1640 220 47 Duffield,
794 1639 290 49 Aldbourne,
1118 1640 158 46 Wilts,
1309 1641 236 46 England.

56 1743 304 65 Edwards,
388 1744 135 56 Leo.

53 1817 1966 133 Tuffy Bean and the lost fortune, by Leo Edwards … illustrated
261 1895 1627 70 by Bert Saig. New York, Grosset & Dunlap [ ᶜ19 32]
122 1966 1669 52 vii, [1], 224 p. front., illus. 19½ᶜᵐ. (His Tuffy Bean series)
60 2038 51 51 ©
142 2043 112 46 May
282 2041 68 47 26,
381 2040 140 49 1932;
551 2041 66 41 2c.
648 2044 95 38 and
773 2041 82 41 aff.
885 2043 113 46 May
1027 2041 82 48 28;
1141 2042 43 39 A
1213 2040 169 49 52209;
1417 2042 199 40 Grosset
1646 2041 36 40 &
1712 2041 210 47 Dunlap,
1952 2040 92 41 inc,

122 2098 294 49 (32-13937)

54 2202 244 52 Federal
345 2207 272 62 reporter.
694 2202 219 54 Second
959 2202 183 53 series.
1220 2202 168 53 Cases
1436 2204 214 66 argued
1698 2202 113 52 and
122 2201 1893 131 determined

341 2279 61 52 in
428 2280 97 52 the
553 2279 220 55 Circuit
798 2286 188 47 courts
1012 2280 64 52 of
1105 2280 231 68 appeals
1366 2281 111 51 and
1505 2279 228 53 district
1759 2283 188 52 courts
1975 2278 65 54 of

123 2358 95 52 the
246 2358 217 53 United
496 2357 205 68 States,
729 2359 217 54 United
979 2357 188 56 States
1198 2360 180 54 Court
1407 2359 63 52 of
1497 2363 243 48 customs
1771 2358 113 53 and
124 2361 1892 127 patent

245 2437 250 67 appeals,
521 2438 179 54 Court
725 2437 63 51 of
813 2435 197 57 claims
1033 2437 63 53 of
1120 2436 96 53 the
1241 2436 218 55 United
1486 2437 207 67 States,
1719 2437 112 53 and
1860 2439 180 54 Court

123 2515 64 51 of
228 2515 233 67 appeals
499 2514 63 53 of
599 2514 96 53 the
731 2514 245 54 District
1016 2515 62 53 of
1120 2514 317 69 Columbia,
1476 2514 142 54 with
1655 2515 109 69 key
1801 2516 238 53 number

124 2592 376 53 annotations,
575 2611 52 33 v.
661 2595 67 49 54
771 2592 126 68 (2d)
941 2592 553 70 February-March,
1529 2597 151 51 1932.
1756 2594 83 56 St.
1874 2596 166 68 Paul,

120 2671 160 53 West
306 2671 336 68 publishing
669 2689 97 50 co.,
796 2674 149 49 1932.

126 2743 978 50 xxvi, 1166 p. incl. front. (map) 26 ᶜᵐ.
60 2813 51 51 ©
142 2818 112 45 May
281 2816 67 46 13,
378 2814 112 41 1932;
548 2814 66 41 2c.
645 2816 124 39 June
799 2816 54 37 11;
913 2814 81 40 aff.
1025 2815 124 39 June
1178 2816 55 39 13;
1292 2815 41 39 A
1362 2815 143 41 52515;
1564 2817 133 40 West
1726 2816 108 48 pub.
1865 2827 65 29 co.

54 2936 237 64 Forbes,
321 2934 211 55 Rosita
558 2935 165 55 Torr.

124 3010 123 55 One
270 3012 293 52 murderer
585 3014 49 52 is
660 3012 119 67 just
804 3011 115 54 like
946 3012 250 53 another.

220 3081 1124 53 (In London Sunday graphic, Apr. 24, 1932)
61 3153 1963 107 © 1c. June 18, 1932; A ad int. 16554; pubd. Apr. 24; Joan Rosita MacGrath, London.
59 3319 282 63 Gardner,
372 3318 157 53 Elsie
556 3316 143 57 Bell.

128 3394 209 67 Maxie,
372 3412 71 34 an
477 3394 269 52 adorable
777 3393 141 69 girl;
953 3413 80 47 or,
1066 3393 125 53 Her
1224 3395 337 51 adventures
1596 3394 62 52 in
1690 3393 98 54 the
1820 3392 222 53 British

59 3470 1985 69 West Indies, by Elsie Bell Gardner … New York, Cupples &
56 3550 691 68 Leon company [ ᶜ19 32 ]
128 3623 1328 51 2 p. l., 207 p. front. 19½ ᶜᵐ. [Her Maxie series]
63 3691 51 50 ©
144 3696 112 44 May
284 3696 68 43 17,
381 3693 112 39 1932;
549 3694 67 39 2c.
646 3695 94 37 and
770 3694 80 39 aff.
881 3695 112 45 May
1022 3694 58 38 26;
1136 3694 41 38 A
1205 3693 141 39 52191;
1408 3693 205 47 Cupples
1644 3693 35 38 &
1708 3693 128 36 Leon
1863 3702 67 28 co.

140 3748 277 50 (32-14022)

130 3852 193 52 Maxie
355 3853 60 51 in
444 3853 345 66 Venezuela;
825 3871 80 48 or,
937 3852 124 53 The
1092 3853 121 52 clue
1244 3858 58 46 to
1336 3852 97 52 the
1464 3852 269 52 diamond
1766 3849 168 66 mine,
1966 3848 74 67 by

62 3928 1979 69 Elsie Bell Gardner … New York, Cupples & Leon company
64 4012 192 63 [ ᶜ19 32]
