2563 4368
1117 4077 102 56 971

226 545 840 54 3 p. l., 11-59 p. pl., ports. 19½ᶜᵐ.
165 620 51 51 ©
249 624 112 46 May
393 623 68 46 18,
494 620 114 40 1932;
667 619 65 40 2c.
768 620 113 45 May
912 618 54 39 25;
1031 618 80 40 aff.
1145 618 126 39 June
1302 615 26 39 2;
1392 616 40 38 A
1465 614 143 40 51600;
1674 613 178 41 Sisters
1886 611 51 40 of
1969 612 177 46 Mercy,

232 680 276 45 Rochester,
580 708 7 7 N.
616 678 52 38 Y.
740 673 278 50 (32-16949)

299 779 107 65 Mayity,
434 781 139 52 Mrs.
602 779 211 63 Nancy
848 776 212 66 (Barr)
1099 780 170 51 1890-

287 847 1862 73 … The man who didn’t mind hanging … Garden City,
158 937 68 52 N.
263 936 88 66 Y.,
385 934 141 52 Pub.
565 933 92 52 for
688 933 96 52 the
820 931 187 54 Crime
1041 929 146 69 club,
1221 930 125 67 inc.,
1377 929 76 68 by
1485 927 356 67 Doubleday,
1874 926 198 52 Doran
2104 926 47 51 &

157 1012 661 68 company, inc. [ ᶜ1 932]
228 1081 841 51 4 p. l., vii-ix p., 1 l. , 300 p. 19½ ᶜᵐ.
231 1142 161 40 “First
425 1139 224 42 edition.”

168 1196 51 51 ©
246 1200 126 39 June
397 1199 68 47 16,
493 1196 113 41 1932;
661 1198 67 39 2c.
757 1197 93 38 and
878 1195 80 40 aff.
988 1196 125 39 June
1140 1194 56 39 24;
1251 1194 41 39 A
1318 1192 143 41 52924;
1518 1194 54 39 N.
1602 1194 52 38 B.
1800 1190 86 50 Mayity,
1914 1190 236 48 Oakland,

237 1256 142 40 Calif.
450 1253 277 49 (32-16968)

163 1361 304 61 Montagu,
500 1356 185 54 Helen
718 1357 185 54 Scott.

256 1435 102 67 [My
399 1434 316 53 Bohemian
756 1432 363 53 confessions.
1193 1431 344 52 Instalment
1577 1433 50 64 4]
1705 1430 83 53 At
1829 1448 31 35 a
166 1429 1960 137 millionaire’s
357 1517 188 63 party.

249 1587 81 47 (In
357 1583 316 42 Manchester
702 1581 204 51 Empire
933 1594 147 36 news,
1110 1580 129 42 June
1267 1581 40 49 5,
1340 1581 143 48 1932)

171 1639 1983 52 © 1c. July 19, 1932; A ad int. 16672; pubd. June 5; Amer. weekly, inc.,
239 1701 116 37 New
378 1699 142 39 York.

166 1803 215 63 Moore,
410 1801 178 64 Clyde
615 1802 86 64 B.,
733 1805 170 51 1886-

295 1876 1860 69 … The teaching of geography, by Clyde B. Moore … and
165 1952 1993 69 Lillian A. Wilcox … New York, Boston [etc.] American book
163 2034 502 67 company [ ᶜ1 932 ]
302 2139 9 16 xv,
349 2107 87 39 256
473 2117 42 37 p.
576 2106 128 40 illus.
732 2105 133 48 (incl.
905 2105 161 48 maps)
1141 2104 56 41 19½ᶜᵐ.
1362 2104 280 49 (American
1681 2106 257 39 education
1977 2105 177 49 series;

168 2165 53 40 G.
247 2164 56 40 D.
333 2164 212 46 Strayer,
573 2164 195 45 general
794 2161 182 48 editor)

237 2220 224 39 Includes
492 2218 391 47 bibliographies.

514 2274 130 46 CONTENTS.—pt.
686 2280 32 32 I.
759 2274 100 38 The
900 2275 188 45 nature,
1130 2274 148 47 place,
1320 2272 95 40 and
1456 2272 223 40 function
1720 2273 51 40 of
1810 2273 350 49 geography.—

168 2332 68 47 pt.
264 2338 53 33 II.
346 2332 222 39 Methods
595 2331 94 38 and
719 2327 435 50 procedures.—pt.
1182 2334 74 34 III.
1283 2329 268 49 Materials,
1581 2331 135 47 tests,
1744 2331 96 39 and
1867 2328 291 48 equipment.

175 2386 51 51 ©
255 2390 126 39 June
409 2389 70 46 17,
505 2388 113 40 1932;
675 2387 67 40 2c.
771 2388 95 38 and
894 2386 81 40 aff.
1006 2387 125 38 June
1159 2386 55 38 22;
1273 2386 41 39 A
1343 2385 141 42 52742;
1544 2386 258 42 American
1830 2388 123 39 book
1981 2397 65 29 co.
254 2445 278 48 (32-16866)

169 2551 176 62 Motz,
375 2548 253 54 William
658 2547 309 55 Harrison.

239 2624 318 67 Principles
584 2623 63 52 of
673 2623 402 67 refrigeration;
1135 2644 27 33 a
1196 2624 452 67 comprehensive
1676 2623 226 52 treatise
1932 2642 69 33 on
171 2624 1967 130 fundamental

482 2699 309 69 principles
818 2700 63 52 of
908 2700 295 68 operation
1230 2701 63 51 of
1319 2700 81 54 ice
1427 2701 235 67 making
1691 2702 112 51 and
173 2700 1966 145 refrigerating
304 2777 342 68 machinery,

678 2777 314 68 properties
1025 2777 113 54 and
1173 2777 191 53 values
1395 2778 63 51 of
1490 2777 284 69 principal
1810 2778 184 53 media
2027 2778 135 52 used

175 2855 56 51 in
257 2855 232 51 modern
515 2854 408 68 refrigerating
952 2860 310 62 apparatus;
1319 2855 385 53 transmission
1738 2855 63 52 of
1826 2855 148 65 heat,
167 2854 1971 130 functions

336 2931 110 53 and
471 2932 189 52 values
682 2932 62 52 of
765 2931 316 68 insulating
1098 2932 288 51 materials;
1438 2932 379 53 construction
1838 2932 112 52 and
173 2949 1967 111 operation
315 3008 62 52 of

397 3008 227 54 various
647 3013 159 63 parts
828 3009 62 51 of
912 3008 408 68 refrigerating
1345 3015 310 61 apparatus
1678 3012 111 51 and
1814 3008 350 69 application

175 3084 63 52 of
270 3084 403 69 refrigeration
704 3090 57 47 to
794 3085 73 53 its
901 3085 195 53 varied
1128 3103 140 50 uses,
1301 3085 74 68 by
1407 3085 256 53 William
1697 3087 74 51 H.
1807 3086 173 68 Motz,
2069 3128 10 10 M.
2151 3128 10 11 E.

175 3161 1653 70 3d ed. Chicago, Ill., Nickerson & Collins co. [ ᶜ1 932 ]
172 3232 1981 97 xi, 1019 p. incl. illus., tables, forms. fold. pl., diagrs. (part fold.) 23½ᶜᵐ.
244 3346 145 39 “This
416 3346 122 39 book
563 3346 42 40 is
631 3347 117 39 used
772 3347 61 46 by
859 3347 81 39 the
966 3346 231 40 National
1224 3346 293 41 association
1546 3348 51 40 of
1621 3348 235 48 practical
173 3349 1972 100 refrigerating
282 3402 250 47 engineers

560 3402 79 40 for
670 3402 127 40 their
825 3403 231 39 National
1087 3404 183 38 lecture
1301 3403 403 42 course.”—Pref.

181 3458 51 51 ©
259 3463 125 38 June
409 3462 70 47 28,
505 3461 112 40 1932;
673 3461 67 40 2c.
768 3464 96 38 and
890 3461 81 40 aff.
999 3462 126 38 June
1149 3461 83 47 30;
1261 3462 40 37 A
1328 3461 142 40 51963;
1527 3462 266 41 Nickerson
1822 3464 37 39 &
1885 3463 183 40 Collins
2095 3473 67 30 co.

258 3518 278 48 (32-17050)

174 3619 213 66 Nadig,
416 3621 205 63 Henry
648 3620 203 57 Davis.

240 3695 234 53 Martha
506 3695 401 69 Washington,
942 3715 31 33 a
1010 3713 220 36 woman
1269 3697 94 52 for
1396 3698 96 52 the
1527 3715 160 51 ages;
1726 3716 32 34 a
1794 3715 265 51 sequence
2097 3697 64 53 of

172 3771 108 52 five
309 3776 244 63 sonnets,
581 3772 76 68 by
687 3772 203 69 Henry
922 3773 181 54 Davis
1135 3772 209 70 Nadig.
1415 3774 190 69 Errol,
1636 3774 70 54 N.
1739 3775 99 67 H.,
1873 3778 150 50 1932.

252 3844 514 50 [11] p. 1 illus. 21 ᶜᵐ.
247 3899 71 40 On
362 3899 222 41 “Martha
626 3901 319 46 Washington
986 3902 180 47 profile,
1208 3900 213 42 Dixville
1463 3905 158 46 notch,
1664 3903 118 40 New
1824 3902 336 49 Hampshire”.

182 3953 51 50 ©
261 3958 126 38 June
413 3958 69 46 14,
509 3956 139 48 1932;
677 3958 65 40 2c.
771 3961 96 38 and
894 3959 81 40 aff.
1004 3960 126 39 June
1157 3960 83 47 16;
1271 3961 42 38 A
1339 3960 169 49 51769;
1539 3962 61 39 H.
1629 3962 58 40 D.
1715 3962 170 47 Nadig,
1916 3960 244 48 Norwalk,

251 4013 145 40 Conn.
466 4013 277 50 (32-16718)
