2563 4368
1085 4080 132 53 1729

163 458 250 65 Anders,
442 458 155 54 John
628 458 196 54 Olson.

232 534 120 53 The
377 533 189 70 origin
591 535 113 52 and
727 534 222 69 history
974 535 64 52 of
1066 533 257 56 Swedish
1349 533 269 70 religious
1643 533 424 70 organizations
2093 535 60 52 in

161 611 1992 71 Minnesota, 1853-1885, by John Olson Anders … Rock Island,
162 692 112 65 Ill.,
301 692 340 67 Augustana
669 692 146 52 book
844 711 254 48 concern,
1130 695 148 48 1932.

230 762 99 50 101,
362 764 55 50 [1]
448 774 44 38 p.
551 763 128 41 illus.
708 763 185 50 (maps)
960 763 116 42 23ᶜᵐ.

232 820 102 41 “An
361 819 313 43 abbreviated
701 820 192 41 version
922 821 52 39 of
999 831 28 30 a
1056 820 317 41 dissertation
1399 822 256 47 presented
1683 822 52 39 at
1763 821 81 40 the
1872 821 282 50 University

160 878 54 41 of
239 878 274 41 Minnesota
544 897 98 30 [PH.
702 910 22 17 D.,
754 876 352 51 1930]”—Pref.

165 933 51 52 ©
247 937 101 41 Oct.
378 938 39 45 7,
447 936 113 41 1932;
618 936 68 41 2c.
716 936 101 40 Oct.
848 937 55 39 17;
963 935 81 40 aff.
1077 936 101 40 Oct.
1209 937 54 37 14;
1324 936 39 38 A
1393 936 142 40 56535;
1596 937 43 40 J.
1672 936 52 41 O.
1755 937 201 46 Anders,
231 938 1905 102 Lindsborg,
389 994 124 40 Kan.
584 992 279 48 (32-32893)

163 1082 219 67 Bailey,
412 1083 336 54 Alexander
776 1084 214 65 Rufus,
1024 1089 170 50 1880-

230 1161 247 68 Bailey’s
524 1161 331 69 handbook;
906 1162 287 53 universal
1240 1163 286 68 questions
1573 1165 112 51 and
1732 1181 261 49 answers,
159 1169 1969 139 stationary,

442 1241 216 52 marine
700 1242 111 51 and
852 1241 191 52 Diesel
1085 1240 291 69 engineers
1415 1243 113 51 and
1568 1242 248 67 firemen,
1857 1241 73 68 by
1971 1242 70 52 A.
2083 1243 67 53 R.

159 1317 1968 148 Bailey … illustrated by Franklin A . Manual. 6th ed. Chicago,
348 1398 120 51 The
502 1396 602 55 Goodheart-Willcox
1139 1415 296 50 company,
1467 1397 125 67 inc.,
1628 1401 150 51 1932.

232 1468 1727 51 2 p. l., iii-vii, 103, 103-A, 104-263, [5] p. plates, plans. 16½ᶜᵐ.
163 1525 52 52 ©
245 1529 117 40 Nov.
392 1528 68 47 10,
491 1527 113 41 1932;
663 1528 67 39 2c.
760 1529 95 38 and
885 1526 81 41 aff.
998 1528 115 39 Nov.
1146 1528 55 39 14;
1261 1528 40 38 A
1331 1528 143 40 57077;
1536 1528 503 40 Goodheart-Willcox
2071 1539 81 39 co.,

228 1585 89 38 inc.
389 1584 278 49 (32-33047)

159 1671 222 67 Bailey,
413 1673 314 55 Frederick
757 1673 327 64 Randolph,
1118 1674 324 54 1871-1923.

229 1750 246 68 Bailey’s
513 1748 293 56 text-book
843 1749 64 53 of
943 1750 301 68 histology.
1321 1748 241 55 Revised
1603 1749 112 52 and
1754 1748 287 55 rewritten
2081 1750 72 67 by

160 1825 1967 135 Adolph Elwyn … and Oliver S. Strong … with the collaboration
159 1903 1996 147 of Philip E. Smith … [and others] 8th ed. Baltimore, W. Wood and company, 1932.
227 2054 97 48 xvi,
351 2055 87 40 746
464 2065 42 37 p.
563 2053 129 47 illus.
723 2054 135 48 (part
887 2053 112 48 col.)
1036 2055 86 39 col.
1151 2065 77 37 pl.,
1258 2054 178 48 diagrs.
1497 2054 115 41 24ᶜᵐ.

163 2111 51 51 ©
238 2115 119 48 Aug.
381 2115 68 42 13,
473 2113 112 42 1932;
639 2114 67 41 2c.
734 2114 126 47 Sept.
885 2113 54 39 22;
995 2113 80 41 aff.
1101 2114 117 40 Nov.
1244 2114 54 38 14;
1353 2114 41 38 A
1417 2113 169 48 58046;
1616 2114 241 40 Williams
1884 2120 36 39 &
1944 2113 208 42 Wilkins

227 2181 80 37 co.,
340 2171 281 40 Baltimore.
691 2170 279 48 (32-33027)

158 2251 211 66 Barry,
400 2253 262 65 Charles,
690 2253 197 67 pseud.

229 2330 120 53 The
380 2349 197 50 wrong
606 2331 247 52 murder,
929 2331 162 67 chap.
1127 2333 76 49 18.

236 2406 83 47 (In
347 2401 259 50 Universe,
636 2401 106 43 Oct.
774 2402 72 50 21,
879 2401 142 49 1932)

162 2457 1988 56 © 1c. Dec. 17, 1932; A ad int. 17261; pubd. Oct. 21; Charles Bryson,
226 2518 208 40 London.

159 2596 241 67 Becker,
429 2599 139 51 Mrs.
599 2600 141 63 May
775 2597 421 67 (Lamberton)
1234 2598 170 53 1873-
1617 2598 85 56 ed.

229 2675 224 55 Golden
480 2677 141 53 tales
649 2677 63 53 of
738 2677 96 53 the
861 2675 214 69 prairie
1103 2681 191 62 states,
1321 2676 240 53 selected
1589 2676 141 53 with
1760 2695 73 34 an
158 2675 1969 132 introduction

311 2756 74 67 by
419 2754 138 67 May
592 2756 343 52 Lamberton
973 2755 243 67 Becker;
1254 2755 354 53 decorations
1643 2757 74 67 by
1752 2756 134 53 Lois
1921 2755 226 54 Lenski.

160 2833 138 53 New
324 2833 179 68 York,
529 2833 190 67 Dodd,
747 2834 171 52 Mead
944 2835 52 51 &
1023 2852 297 50 company,
1348 2836 150 50 1932.

227 2904 104 49 xiii,
362 2904 86 40 355
477 2915 45 38 p.
579 2904 146 41 20½ᶜᵐ.

228 2960 318 50 Head-pieces;
606 2961 281 41 illustrated
915 2960 361 49 lining-papers.

228 3017 233 42 Contains
495 3017 129 41 brief
655 3016 333 49 biographical
1021 3018 222 40 sketches
1278 3018 51 40 of
1363 3018 81 39 the
1479 3018 215 40 authors.

162 3075 52 52 ©
250 3080 118 40 Nov.
404 3079 69 47 18,
510 3077 140 43 1932;
688 3078 67 40 2c.
794 3079 94 39 and
926 3077 81 41 aff.
1044 3078 118 38 Nov.
1199 3077 82 47 23;
1319 3078 40 38 A
1397 3077 170 48 57211;
1608 3079 62 39 M.
1708 3078 49 40 L.
1797 3077 197 47 Becker,
2032 3079 118 38 New

227 3136 144 39 York.
442 3134 278 49 (32-32913)

159 3209 267 66 Bentley,
455 3210 232 54 Arthur
717 3209 228 65 Fisher,
978 3210 169 54 1870-

229 3286 321 69 Linguistic
589 3286 249 68 analysis
874 3285 63 53 of
971 3282 408 70 mathematics,
1417 3284 74 68 by
1528 3285 225 52 Arthur
1789 3286 66 51 F.
1894 3285 257 69 Bentley.

161 3364 421 68 Bloomington,
612 3362 148 69 Ind.,
786 3363 121 53 The
935 3361 294 68 Principia
1261 3379 172 50 press,
1462 3361 126 68 inc.,
1620 3365 150 51 1932.

227 3435 85 49 xii,
343 3435 85 41 315
457 3445 43 38 p.
557 3435 165 47 front.,
752 3434 181 47 diagrs.
990 3433 146 40 22½ᶜᵐ.

228 3492 333 48 Frontispiece
589 3489 341 49 accompanied
956 3491 61 46 by
1043 3490 155 47 guard
1225 3491 136 39 sheet
1387 3490 120 41 with
1535 3491 290 48 descriptive
1852 3493 297 46 letterpress.

163 3550 51 51 ©
241 3554 117 39 Nov.
385 3553 67 41 15,
480 3550 139 48 1932;
647 3549 67 41 2c.
742 3551 95 39 and
864 3549 82 40 aff.
973 3549 117 40 Nov.
1118 3548 81 48 18;
1229 3549 40 39 A
1297 3547 169 48 57124;
1498 3549 245 49 Principia
1772 3561 150 37 press,
1951 3550 88 40 inc.

238 3609 277 48 (32-33026)

161 3686 266 63 Bentley,
456 3684 207 53 Heald.

229 3762 314 52 Phantoms
592 3757 65 55 of
707 3757 169 68 fame,
926 3776 30 33 a
1006 3757 165 53 novel
1219 3756 76 68 by
1342 3756 191 55 Heald
1582 3758 258 68 Bentley.
1916 3761 233 65 Boston,

158 3840 237 53 Meador
426 3837 334 70 publishing
790 3853 295 50 company,
1121 3837 150 51 1932.

230 3912 86 42 294
348 3923 43 38 p.
450 3911 117 41 21ᶜᵐ.

161 3968 53 53 ©
240 3972 117 39 Nov.
386 3971 39 46 8,
452 3968 112 41 1932;
621 3968 66 40 2c.
714 3967 117 40 Nov.
860 3965 59 40 16;
973 3964 82 41 aff.
1081 3964 117 39 Nov.
1227 3962 54 40 25;
1340 3964 41 39 A
1406 3963 145 41 58065;
1609 3965 211 41 Edward
1848 3967 57 40 K.
1936 3968 212 48 Meador,

227 4029 197 40 Boston.
495 4022 277 48 (32-33049)
