2563 4368
1389 4029 101 48 442

442 421 1993 74 Ohio jurisprudence … a complete statement of the law and
512 505 249 69 practice
792 504 63 52 of
885 505 97 52 the
1012 509 145 48 state
1189 504 62 52 of
1282 502 169 69 Ohio,
1484 502 141 54 with
1657 503 198 53 forms.
1930 500 210 56 Editor
2171 500 61 54 in
2264 500 173 70 chief,

511 584 192 55 Willis
726 586 70 51 A.
822 583 232 53 Estrich;
1109 582 325 69 consulting
1458 581 203 69 editor,
1683 582 263 56 William
1969 583 80 51 M.
2073 581 332 70 McKinney;

511 661 314 70 managing
871 659 204 70 editor,
1124 660 222 70 George
1395 661 56 55 S.
1501 659 226 55 Gulick.
1801 679 50 35 v.
1901 663 85 50 21.
2025 658 305 55 Homicide
2376 663 60 50 to

513 740 378 69 Injunctions.
968 739 326 67 Rochester,
1335 741 70 52 N.
1449 741 91 65 Y.,
1582 740 122 52 The
1745 741 267 66 Lawyers
2053 737 384 70 co-operative

511 818 337 69 publishing
877 836 298 50 company,
1206 820 151 51 1932.

514 893 63 48 ix,
608 893 114 39 1432
754 903 39 37 p.
855 892 136 40 front.
1034 891 171 49 (port.)
1274 891 146 39 24½ᶜᵐ.

448 946 51 52 ©
532 951 112 46 Apr.
677 949 70 47 25,
779 948 141 48 1932;
955 949 66 40 2c.
1055 950 113 47 Apr.
1200 948 83 47 26;
1318 947 80 40 aff.
1434 949 112 47 Apr.
1581 948 54 41 2T;
1698 949 38 38 A
1769 948 170 46 49762;
1979 948 228 49 Lawyers
514 958 1911 89 co-operative

674 1006 108 49 pub.
812 1017 67 30 co.

444 1093 328 57 Oklahoma
812 1096 111 52 and
963 1092 213 59 Pacific
1213 1094 206 69 digest,
1456 1094 269 69 covering
1764 1095 77 52 all
1881 1113 152 35 cases
2070 1094 266 68 reported
2377 1092 60 54 in

508 1173 324 54 Oklahoma
869 1178 239 63 reports,
1147 1175 339 64 1890-1931;
1527 1172 213 53 Pacific
1775 1178 273 61 reporter,
2085 1173 252 52 volumes

507 1177 1933 142 1-300,
665 1252 111 53 and
816 1252 78 53 all
933 1251 63 54 of
1033 1250 97 54 the
1167 1248 214 55 Pacific
1417 1256 174 47 states
1627 1256 223 60 reports
1889 1249 155 54 from
2079 1250 96 54 the
2212 1250 226 53 earliest

513 1329 182 68 times,
724 1328 282 69 compiled
1038 1328 112 52 and
1179 1326 190 55 edited
1398 1329 75 68 by
1502 1328 96 54 the
1625 1327 340 69 publisher’s
1991 1327 268 55 editorial
2286 1324 136 58 staff.

514 1428 50 34 v.
596 1411 115 52 1-4.
790 1405 84 56 St.
903 1408 166 67 Paul,
1094 1408 160 55 West
1282 1405 338 70 publishing
1647 1425 99 49 co.,
1778 1409 150 52 1932.

510 1481 274 42 4 v. 26 ᶜᵐ .
449 1551 38 30 v.
514 1541 39 45 1,
582 1534 56 53 ©
662 1538 112 41 Feb.
800 1538 69 47 29,
897 1537 141 46 1932;
1066 1549 42 29 v.
1134 1539 41 46 2,
1206 1532 52 53 ©
1287 1537 110 39 Feb.
1424 1537 83 46 26;
1537 1547 43 29 v.
1607 1538 40 46 3,
1674 1539 42 46 4,
1746 1532 52 53 ©
1828 1538 111 42 Feb.
1965 1537 83 48 29;
2078 1537 67 42 2c.
2171 1538 120 40 each
2320 1540 120 38 Mar.

514 1597 56 38 14;
625 1595 108 42 affs.
762 1597 121 39 Mar.
912 1595 56 39 16;
1023 1594 320 41 A50064-50067;
1401 1595 135 40 West
1561 1594 111 49 pub.
1700 1605 68 31 co.

523 1652 251 49 (32-8040)

445 1739 232 68 Oregon
709 1742 112 53 and
851 1738 213 59 Pacific
1093 1741 205 68 digest,
1327 1741 268 68 covering
1624 1742 78 52 all
1731 1759 152 37 cases
1910 1742 267 69 reported
2208 1742 62 53 in

509 1742 1905 146 Oregon
673 1826 240 61 reports,
967 1821 340 64 1853-1931;
1359 1819 214 53 Pacific
1623 1826 274 61 reporter,
1949 1820 252 53 volumes
2254 1822 186 64 1-300,

508 1898 113 53 and
654 1898 78 52 all
764 1897 63 53 of
857 1897 96 53 the
983 1895 215 54 Pacific
1227 1902 173 47 states
1431 1903 223 61 reports
1686 1897 155 53 from
1870 1898 97 52 the
1998 1897 228 54 earliest
2257 1897 182 66 times,

513 1975 283 69 compiled
858 1975 111 52 and
1030 1974 190 53 edited
1278 1975 75 66 by
1410 1975 97 53 the
1564 1974 340 69 publisher’s
1961 1974 268 55 editorial
2286 1973 136 56 staff.

517 2071 47 35 v.
594 2057 117 49 1-4.
789 2053 81 55 St.
902 2054 167 67 Paul,
1095 2055 161 54 West
1283 2052 335 70 publishing
1645 2071 99 51 co.,
1776 2056 151 51 1932.

512 2127 275 42 4 v. 26 ᶜᵐ .
446 2195 41 30 v.
517 2187 40 45 1,
585 2180 52 52 ©
667 2185 96 39 Feb
790 2182 70 49 29,
888 2182 113 42 1932;
1059 2195 41 30 v.
1128 2185 40 45 2,
1198 2178 52 52 ©
1280 2184 111 41 Feb.
1419 2183 83 47 26;
1533 2195 41 30 v.
1602 2184 40 48 3,
1670 2186 42 45 4,
1743 2179 56 52 ©
1824 2185 108 39 Feb.
1963 2183 55 40 29;
2075 2184 66 40 2c.
2172 2185 118 40 each
2321 2187 120 38 Mar.

517 2242 55 38 14;
629 2240 108 43 affs.
767 2242 121 38 Mar.
917 2239 56 40 16;
1027 2240 41 39 A
1096 2239 320 41 50060-50063;
1473 2240 134 40 West
1637 2241 107 47 pub.
1773 2251 67 30 co.

527 2297 251 49 (32-8041)

444 2383 213 58 Pacific
691 2385 204 69 digest,
927 2386 269 68 covering
1229 2386 77 52 all
1339 2404 150 36 cases
1524 2386 265 68 reported
1824 2386 62 53 in
1918 2384 212 57 Pacific
2163 2392 276 65 reporter,

510 2464 251 53 volumes
791 2466 187 64 1-300,
1008 2464 111 52 and
1150 2465 76 52 all
1255 2463 64 54 of
1346 2463 96 53 the
1470 2464 213 53 Pacific
1709 2470 173 47 states
1910 2471 222 60 reports
2161 2465 155 52 from
2341 2466 97 52 the

510 2541 227 53 earliest
773 2541 183 67 times,
994 2539 282 69 compiled
1316 2541 111 53 and
1467 2540 190 54 edited
1697 2541 74 68 by
1811 2542 95 52 the
1945 2541 339 67 publisher’s
515 2543 1898 129 editorial

717 2615 136 57 staff.
943 2637 51 36 v.
1029 2623 113 49 1-4.
1222 2617 83 55 St.
1337 2619 166 67 Paul,
1531 2621 161 54 West
1722 2619 336 71 publishing
2087 2637 97 53 co.,
2217 2623 151 51 1932.

515 2692 273 42 4 v. 26 ᶜᵐ .
451 2746 51 52 ©
533 2749 110 41 Feb.
671 2749 70 48 29,
767 2748 144 47 1932;
941 2750 67 40 2c.
1038 2749 117 39 each
1187 2750 119 38 Mar.
1338 2750 82 45 14;
1453 2748 107 41 affs.
1593 2750 121 40 Mar.
1745 2749 80 46 16;
1858 2750 38 38 A
1928 2748 346 50 50052-50055;
2309 2752 131 41 West

517 2807 106 47 pub.
660 2818 66 29 co.
798 2805 250 49 (32-8042)

447 2897 282 62 Padover,
758 2896 140 55 Saul
925 2896 73 55 K.

513 2971 105 53 Let
639 2971 96 53 the
758 2970 110 69 day
892 2970 188 68 perish
1126 2973 90 66 [by]
1244 2969 140 55 Saul
1407 2971 73 52 K.
1506 2970 275 55 Padover.
1842 2970 136 54 New
2005 2970 178 68 York,
2204 2971 54 54 J.
2286 2970 154 70 Cape

443 3050 45 49 &
520 3049 67 51 R.
620 3047 208 54 Ballou
864 3050 171 66 [1932]

513 3118 662 51 5 p. l., [3]-226 p. 19½ ᶜᵐ .
452 3173 52 53 ©
534 3180 121 41 Mar.
684 3179 69 47 21,
784 3177 139 44 1932;
955 3178 67 42 2c.
1054 3180 121 39 Mar.
1203 3178 83 48 22;
1317 3178 81 42 aff.
1431 3180 120 39 Mar.
1583 3179 81 48 28;
1698 3180 38 38 A
1766 3179 170 48 50431;
1969 3180 249 40 Jonathan
2248 3180 129 49 Cape
2405 3183 36 40 &

520 3236 180 39 Robert
733 3236 188 47 Ballou,
954 3236 90 39 inc.
1115 3234 250 49 (32-8309)

446 3324 163 66 Paul,
638 3325 201 64 Harry
867 3325 245 65 Gilbert,
1144 3328 171 53 1874-

516 3400 1923 70 Units in English, by Harry G. Paul … Chicago, New York,
445 3477 901 69 Lyons and Carnahan [ ᶜ1 932 ]
515 3548 1245 51 xxiv, 724 p. illus., plates (part col.) 20½ ᶜᵐ .
454 3603 51 51 ©
534 3610 121 37 Mar.
682 3608 39 48 8,
748 3608 140 47 1932;
917 3609 66 42 2c.
1013 3610 120 39 Mar.
1161 3609 82 47 24;
1274 3608 80 41 aff.
1386 3610 120 40 Mar.
1534 3607 82 48 25;
1646 3610 41 38 A
1712 3608 170 48 50338;
1914 3609 157 49 Lyons
2100 3609 36 40 &
2165 3608 271 41 Carnahan.

531 3663 249 51 (32-8298)

449 3749 302 66 Peterson,
781 3754 324 63 Margaret,
1139 3759 170 49 1883-

513 3827 1918 71 Every cloud, by Margaret Peterson … New York, Sears
444 3903 333 70 publishing
811 3925 295 49 company,
1138 3909 107 51 inc.
1306 3910 151 64 [1932]
