2563 4368
1069 4051 100 51 953

125 435 240 64 Adams,
398 432 133 56 Carl
558 433 88 56 W.

194 510 160 52 Your
376 508 152 52 teeth
552 509 112 52 and
690 507 149 53 their
863 525 125 36 care;
1044 526 30 34 a
1099 507 201 68 simple
1325 506 367 70 explanation
1719 505 64 55 of
1808 506 300 70 dentistry,

124 586 191 54 dental
342 586 353 67 procedures,
720 586 112 52 and
857 585 94 53 the
977 582 243 56 relation
1245 583 64 54 of
1333 584 94 53 the
1454 583 212 55 dentist
1692 590 58 47 to
1776 584 95 54 the
1897 584 211 69 public,

124 660 1984 72 by Carl W. Adams … St. Louis, The C. V. Mosby company,
123 742 149 51 1932.

191 810 627 50 141 p. illus., pl. 20ᶜᵐ.
130 880 1979 52 © June 13, 1932; 2c. June 18; aff. June 16; A 52684; C. V. Mosby co.
206 941 277 47 (32-16655)

121 1042 347 66 Applegate,
499 1044 198 53 Frank
729 1044 148 64 Guy,
909 1048 324 51 1882-1932.

255 1120 1859 68 … Native tales of New Mexico; introduction by Mary
122 1198 239 67 Austin;
402 1199 140 52 with
579 1199 378 53 illustrations
995 1200 60 51 in
1093 1200 152 52 color
1281 1199 75 67 by
1394 1199 94 53 the
1528 1199 221 52 author.
123 1197 1965 145 Philadelphia

290 1276 1489 68 and London, J. B. Lippincott company [ ᶜ1 932]
192 1362 996 50 263 p. col. front., col. plates. 21 ᶜᵐ .
191 1421 65 40 At
285 1421 124 39 head
438 1419 53 42 of
520 1421 135 40 title:
688 1420 166 40 Frank
884 1420 54 40 G.
968 1420 279 48 Applegate.

131 1487 51 52 ©
211 1493 113 45 Apr.
352 1490 57 40 20,
451 1489 112 41 1932;
620 1490 66 40 2c.
718 1492 95 38 and
843 1489 80 40 aff.
954 1491 127 39 June
1109 1491 53 38 11;
1222 1491 41 37 A
1292 1489 142 40 52672;
1495 1490 44 40 J.
1570 1490 53 39 B.
1654 1489 277 48 Lippincott
1961 1498 67 29 co.
208 1548 277 48 (32-26635)

123 1652 243 63 Barker,
396 1651 243 64 George,
669 1649 170 56 1877-

192 1728 253 68 Agony’s
476 1727 258 69 anguish,
761 1729 76 66 by
868 1728 67 54 G.
966 1728 237 52 Barker.
1276 1728 374 66 Manchester,
1680 1728 69 52 A.
1785 1729 142 54 Eva.
1959 1732 148 49 1931.

192 1799 248 50 96 p. 18½ ᶜᵐ.
196 1857 110 48 “My
342 1859 107 38 true
485 1856 307 47 experiences
827 1856 50 40 in
912 1857 80 39 the
1029 1858 137 46 great
1201 1866 102 29 war
1338 1856 119 40 with
1492 1856 83 40 the
1610 1856 115 40 23rd
1762 1857 345 46 Manchesters,

126 1913 118 41 with
273 1914 146 47 slight
448 1912 344 48 imaginations
822 1915 97 38 and
948 1912 323 40 ruminations
1302 1912 50 41 of
1382 1913 80 40 the
1492 1912 423 41 mind.”—Introd.

129 1980 1965 109 © 1c. Dec. 9, 1931; A ad int. 15814; pubd. Oct. 23; G. Barker, Manchester, England. (32-17284)
122 2144 168 65 Barr,
320 2144 191 54 David
538 2142 313 67 Preswick,
886 2148 170 51 1889-

191 2220 309 68 Necessary
540 2221 175 67 drugs
756 2222 113 51 and
908 2220 94 52 the
1043 2219 332 69 knowledge
1419 2219 263 54 essential
1723 2225 59 49 to
1825 2221 149 52 their
2015 2239 95 35 use

128 2295 1648 70 [by] David Preswick Barr … St. Louis, Mo., 1932.
193 2375 379 48 vii, 117 p. 23 ᶜᵐ.
194 2432 129 40 “The
352 2432 394 47 dermatological
776 2431 347 48 prescriptions
1155 2431 123 41 have
1311 2430 118 42 been
1462 2434 237 45 prepared
1732 2434 97 38 and
1862 2433 247 40 discussed

121 2487 63 48 by
206 2487 86 42 Dr.
316 2487 182 41 Martin
526 2487 454 48 Engman.”—Pref.

131 2555 51 52 ©
212 2561 114 46 May
352 2559 71 47 25,
449 2558 115 41 1932;
619 2560 66 39 2c.
716 2561 96 38 and
839 2559 82 41 aff.
951 2560 127 40 June
1103 2561 54 37 11;
1216 2561 41 37 A
1285 2559 143 41 52703;
1487 2561 57 38 D.
1573 2561 140 47 Barr,
1745 2561 66 40 St.
1843 2561 159 41 Louis.

208 2616 279 48 (32-16654)

124 2718 289 62 Barranx,
444 2719 198 65 Serge,
676 2720 170 55 1867-

123 2786 1964 140 … Yacha le vagabond. (Édition definitive) Poitiers, Société
308 2873 1484 69 française d’imprimerie et de librairie [ ᶜ1 931]
193 2946 334 49 300 p. 19 ᶜᵐ .
132 3013 1981 55 © July 15, 1931; 1c. Oct. 12; A— Foreign 14000; Société française
199 3073 341 48 d’imprimerie
569 3078 47 35 et
640 3075 57 38 de
721 3074 233 40 librairie.
1024 3073 278 48 (32-16958)

125 3175 237 66 Bodley,
391 3176 225 54 Ronald
643 3175 203 55 Victor
876 3179 355 65 Courtenay,
1260 3183 172 50 1892-

185 3250 1925 147 The lilac troll, by R. V. C. Bodley. London. A. Rivers, ltd. [1 932]
193 3399 338 49 288 p. 19 ᶜᵐ .
134 3469 1978 57 © 1c. June 22, 1932; A ad int. 16562; pubd. Apr. 25; R. V. C. Bodley,
200 3531 264 47 Laghouat,
494 3531 209 45 Algeria.
773 3531 278 48 (32-17267)

126 3633 231 65 Bowen,
387 3633 302 66 Marjorie,
718 3634 196 67 pseud.

194 3709 1918 73 Dark Rosaleen, by Marjorie Bowen … London [etc.] W.
127 3785 217 55 Collins
370 3805 128 35 sons
526 3788 46 51 &
598 3804 97 50 co.,
722 3787 104 52 ltd.
913 3790 118 64 [1932]

194 3859 337 49 317 p. 19 ᶜᵐ .
133 3925 51 52 ©
239 3941 28 29 1c.
297 3930 129 42 June
452 3931 54 40 18,
545 3929 140 47 1932;
713 3931 42 38 A
779 3932 63 39 ad
866 3930 86 40 int.
978 3931 171 45 16546;
1178 3932 142 48 pubd.
1347 3933 111 47 Apr.
1487 3934 81 46 18;
1600 3935 243 43 Gabrielle
1869 3938 246 47 Margaret

200 3987 145 47 Long,
374 3987 209 40 London.
654 3986 278 48 (32-17156)
