2563 4368
1099 4024 132 49 1121

162 423 312 55 American
503 424 283 63 academy
811 423 64 53 of
900 426 130 50 arts
1056 422 115 54 and
1198 421 231 57 letters.

233 500 508 56 Commemorative
785 500 241 53 tributes
1066 504 89 48 to:
1196 500 132 53 Van
1371 500 99 52 der
1515 497 249 57 Stucken
1808 498 112 53 and
161 496 1966 150 Chadwick,

366 579 77 66 by
489 577 202 67 Henry
738 577 259 69 Hadley;
1046 576 358 68 Woodberry
1450 576 113 53 and
1613 575 154 67 Cole,
1813 576 77 67 by
1937 575 211 53 Robert

161 656 362 55 Underwood
551 655 289 67 Johnson;
870 655 230 67 Hadley
1127 655 112 52 and
1268 653 335 68 Alderman,
1631 654 76 67 by
1737 653 157 54 John
1921 653 228 53 Huston

161 734 231 65 Finley;
425 733 322 66 Matthews,
776 732 76 67 by
881 733 269 51 Nicholas
1181 732 240 66 Murray
1454 732 232 65 Butler;
1722 730 324 67 Channing,
2077 731 75 65 by

160 810 70 51 A.
279 809 302 54 Lawrence
625 809 232 53 Lowell.
940 809 289 68 Prepared
1280 807 93 54 for
1422 808 113 53 and
1583 807 303 69 published
1931 807 77 68 by
2054 807 96 54 the

161 885 1862 69 American academy of arts and letters … New York, 1932.
229 970 1728 51 3 p. l., 9-106 p. incl. ports. 17 ᶜᵐ. (Academy publication no. 77)
168 1040 1983 51 © Apr. 1, 1932; 2c. and aff. June 17; A 52638; Amer. academy of arts
234 1102 96 37 and
357 1101 179 39 letters.
603 1099 277 47 (32-18819)

163 1203 326 65 Anderson,
519 1204 138 54 Mrs.
688 1203 277 54 Florence
993 1205 174 62 Mary
1201 1202 318 66 (Bennett)
1559 1207 169 50 1883-

231 1280 277 68 Through
554 1281 96 53 the
696 1281 370 66 hawse-hole;
1115 1281 95 53 the
1256 1287 126 46 true
1429 1286 159 60 story
1635 1280 63 53 of
1746 1299 29 34 a
1824 1280 324 52 Nantucket

161 1356 253 69 whaling
442 1359 230 66 captain
706 1357 158 68 [Seth
893 1358 305 66 Pinkham,
1225 1358 77 66 by]
1352 1359 272 52 Florence
1651 1359 249 51 Bennett
160 1357 1966 130 Anderson.

347 1435 139 53 New
520 1435 179 66 York,
733 1436 120 53 The
888 1436 333 52 Macmillan
1256 1453 297 49 company,
1589 1438 152 49 1932.

235 1519 1325 51 ix, 276 p., 1 l. front., plates, ports., facsims. 22½ ᶜᵐ.
170 1588 1711 52 © July 26, 1932; 2c. and aff. July 27; A 53314; Macmillan co.
246 1648 276 48 (32-19470)

163 1752 265 54 Atlantic
459 1753 230 53 mutual
721 1753 311 53 insurance
1065 1767 307 50 company.

294 1827 1857 69 … Ninety years of marine insurance, 1842-1932. [New
164 1904 1966 71 York, Printed by the Triggs color printing corporation, ᶜ1 932]
233 1993 1512 49 3 p. l. , 11-111 p. incl. illus., plates, ports. front. 23½ ᶜᵐ.
237 2050 235 40 “Errata”
501 2050 93 48 slip
621 2052 229 38 mounted
877 2060 60 29 on
964 2061 43 37 p.
1036 2050 99 40 111.

171 2118 1984 51 © July 1, 1932; 2c. July 25; aff. July 23; A 54227; Atlantic mutual
238 2178 257 40 insurance
525 2188 66 30 co.
661 2177 278 48 (32-19371)

165 2277 321 68 Ayrinhac,
514 2281 206 63 Henry
746 2279 246 66 Amans,
1025 2280 324 55 1867-1930.

232 2354 291 70 Marriage
549 2356 327 68 legislation
899 2358 61 51 in
986 2357 95 53 the
1108 2375 123 35 new
1260 2357 154 55 Code
1442 2357 64 53 of
1533 2376 179 35 canon
1738 2359 129 67 law,
1895 2359 74 67 by
1999 2360 155 67 Very

161 2432 1992 71 Rev. H. A. Ayrinhac … revised and enlarged by Rev. P. J.
161 2507 1967 147 Lydon … New, rev. ed. New York, Cincinnati [etc.] Benziger
345 2589 275 65 brothers,
652 2591 152 51 1932.

237 2672 99 48 xix,
364 2672 87 41 390
477 2685 45 37 p.
580 2674 152 49 diagr.
789 2674 56 40 20½ᶜᵐ.

239 2729 347 49 Bibliography:
649 2742 44 37 p.
728 2731 166 40 xi-xii.

174 2798 1820 54 © July 5, 1932; 2c. July 11; aff. Aug. 11; A 52965; Benziger bros.
250 2857 278 50 (32-17800)

169 2959 241 67 Barber,
440 2961 218 55 Lucius
685 2962 203 64 Israel,
919 2967 324 52 1806-1889.

237 3038 55 51 A
325 3039 196 52 record
554 3040 112 52 and
700 3039 407 67 documentary
1136 3040 221 68 history
1392 3040 63 53 of
1491 3040 316 69 Simsbury,
1839 3043 75 66 by
1946 3043 209 53 Lucius

169 3114 48 53 I.
257 3117 234 64 Barber,
587 3159 10 9 M.
675 3158 10 10 D.
763 3119 325 49 1643-1888.
1163 3116 317 70 Simsbury,
1520 3118 198 68 Conn.,
1758 3120 121 53 The
1917 3120 237 68 Abigail

168 3191 214 68 Phelps
417 3194 252 66 chapter,
701 3194 327 67 Daughters
1063 3193 63 54 of
1160 3195 96 52 the
1289 3195 307 53 American
1629 3197 337 65 revolution,
2004 3201 150 50 1931.

243 3277 1586 51 6 p. l. , 429 p. front. (mounted port.) fold. facsim. 24½ᶜᵐ.
241 3335 330 49 Head-pieces.

245 3390 93 41 “Of
368 3390 99 41 this
498 3392 122 40 book
649 3393 136 40 there
816 3393 124 40 have
971 3393 118 40 been
1119 3392 195 48 printed
1345 3394 95 40 two
1473 3395 222 41 hundred
1727 3396 159 49 copies
1919 3397 51 40 of
2001 3399 158 40 which

173 3448 99 41 this
299 3448 42 41 is
369 3449 201 40 number
600 3446 126 42 199.”

179 3516 1982 56 © July 30, 1931; 2c. July 27, 1932; aff. July 26; A 54251; Abigail
246 3576 177 47 Phelps
451 3575 225 48 Chapter,
707 3576 54 38 D.
791 3576 53 38 A.
876 3576 55 39 R.
1001 3575 278 48 (32-19469)

174 3679 209 63 Barry,
415 3680 261 62 Charles,
703 3679 195 66 pseud.

244 3755 120 52 The
394 3773 196 50 wrong
618 3754 231 52 murder.
939 3756 162 67 chap.
1131 3760 47 51 3.

277 3836 61 38 (In
364 3831 258 50 Universe,
650 3830 116 52 July
794 3832 42 50 8,
865 3831 143 49 1932)

182 3902 1978 61 © 1c. Sept. 3, 1932; A ad int. 16814; pubd. July 8; Charles Bryson,
248 3963 210 38 London.
