2563 4368
1093 4039 103 56 267

171 562 7 8 v.
203 530 40 41 3,
267 530 40 40 4.
335 523 53 52 ©
414 528 108 38 Feb.
549 526 68 45 12,
644 523 112 40 1932;
810 535 43 29 v.
879 522 97 45 5-9,
1007 516 51 52 ©
1085 520 109 40 Feb.
1221 521 54 38 17;
1330 531 42 29 v.
1399 518 156 48 10-12,
1586 513 55 52 ©
1666 516 108 39 Feb.
1803 516 54 39 25;
1913 514 66 40 2c.
2008 516 117 39 each

210 587 118 37 Mar.
363 585 80 39 14;
479 582 105 40 affs.
621 582 119 40 Mar.
775 580 81 45 16;
892 580 39 37 A
965 575 344 48 50100-50109;
1349 577 153 45 Soney
1537 575 36 39 &
1609 574 120 47 Sage
1763 583 65 29 co.
1864 573 96 38 and
1993 573 134 39 West

207 642 105 47 pub.
347 651 63 30 co.

137 742 143 52 New
308 742 160 51 York
510 739 217 67 (State)
815 737 177 52 Court
1023 738 62 66 of
1114 736 249 67 appeals.

209 809 1916 76 Reports of cases decided … from decisions of June 16, 1931,
139 901 57 47 to
235 895 275 52 decisions
549 895 62 51 of
649 893 307 54 December
996 896 44 62 1,
1080 895 150 63 1931,
1268 890 140 53 with
1446 895 176 61 notes,
1659 888 313 53 references
2012 887 113 52 and

137 974 186 51 index.
400 971 173 52 Louis
609 974 54 51 J.
704 969 341 68 Rezzemini,
1082 975 144 48 state
1264 973 274 63 reporter,
1612 987 51 33 v.
1701 964 117 55 257.
1894 967 230 69 Albany

144 1050 87 67 [N.
266 1053 85 63 Y.]
386 1052 56 54 J.
473 1054 65 51 13.
570 1051 161 64 Lyon
761 1067 296 49 company,
1090 1050 149 49 1931.

209 1121 599 49 xxxviii, 735 p. 23½ ᶜᵐ .
144 1188 51 52 ©
237 1195 119 40 Mar.
396 1193 67 41 18.
504 1192 138 46 1932;
683 1192 66 38 2c.
790 1192 93 38 and
925 1190 81 40 aff.
1049 1192 119 40 Mar.
1208 1189 81 47 22;
1333 1190 38 38 A
1411 1188 170 48 50276;
1624 1189 211 39 Edward
1875 1188 42 39 J.
1962 1188 168 48 Flynn,

212 1252 243 44 secretary
493 1249 50 38 of
580 1249 80 38 the
698 1251 127 37 state
862 1248 51 38 of
950 1248 112 39 New
1103 1247 127 39 York
1269 1247 46 39 in
1357 1249 125 37 trust
1520 1246 77 40 for
1635 1247 79 38 the
1751 1245 175 40 benefit
1962 1245 52 39 of
2050 1245 81 40 the

212 1307 165 46 people
402 1305 51 39 of
482 1306 79 38 the
588 1308 139 44 state,
758 1305 114 38 New
903 1304 140 40 York.

140 1409 247 65 Osborn,
418 1409 316 64 Campbell.

209 1483 96 55 Oil
332 1485 309 52 economics:
698 1485 94 51 the
819 1483 352 68 application
1199 1483 64 54 of
1290 1482 283 54 economic
1601 1481 149 54 facts
1778 1482 114 53 and

142 1482 1963 147 principles
299 1567 56 47 to
396 1562 93 52 the
531 1561 281 68 problems
854 1561 63 52 of
956 1566 397 62 management
1395 1561 114 53 and
1550 1560 344 54 investment
1935 1560 60 53 in
2035 1559 96 54 the

142 1640 311 67 petroleum
483 1638 282 68 industry,
793 1637 72 70 by
898 1636 298 69 Campbell
1226 1637 243 55 Osborn.
1537 1642 87 49 1st
1651 1638 85 53 ed.
1801 1637 139 54 New
1970 1636 163 54 York

140 1718 112 51 and
285 1716 257 64 London,
575 1715 429 55 McGraw-Hill
1037 1715 147 53 book
1217 1732 299 52 company,
1548 1715 126 68 inc.,
1709 1717 151 51 1932.

211 1785 1415 52 x, 402 p. incl. illus., tables, diagrs. 23½ ᶜᵐ . $4.00
213 1844 244 41 “Selected
490 1846 82 39 list
601 1846 51 38 of
680 1844 353 48 publications”;
1093 1854 42 37 p.
1165 1843 216 41 387-396.

148 1913 51 51 ©
231 1918 106 37 Feb.
370 1918 67 46 18,
469 1916 112 40 1932;
638 1917 66 38 2c.
736 1917 107 39 Feb.
874 1917 55 38 24;
990 1916 80 41 aff.
1103 1916 109 41 Feb.
1244 1917 54 39 23;
1359 1916 39 39 A
1428 1916 144 41 47807;
1634 1915 350 40 McGraw-Hill
2015 1915 123 40 book

214 1985 65 29 co.,
330 1974 89 39 inc.
491 1972 248 49 (32-6093)

145 2075 175 65 Page,
349 2074 254 55 William
629 2077 193 64 Tyler,
854 2081 171 50 1868-

211 2151 120 53 The
366 2156 157 64 story
560 2152 64 52 of
657 2152 98 53 the
788 2151 245 54 nation’s
1072 2151 250 70 Capitol,
1357 2153 76 69 by
1469 2151 260 56 William
1768 2152 176 69 Tyler
1979 2153 157 68 Page

205 2227 1932 71 … in collaboration with Frank B. Lord. Alexandria, Va.,
142 2304 1894 71 Washington-Mt. Vernon memorial book corporation [ᶜ193 2]
210 2377 978 50 4 p. l. , 104 p. front., plates. 21½ ᶜᵐ .
151 2445 51 52 ©
233 2450 109 39 Feb.
371 2449 69 49 29,
471 2449 139 47 1932;
642 2450 65 40 2c.
740 2452 94 38 and
865 2450 80 40 aff.
978 2452 121 40 Mar.
1131 2453 52 44 1;
1216 2457 41 32 A
1285 2449 170 50 47928;
1489 2451 427 48 Washington-Mt.
1948 2451 192 40 Vernon

218 2507 247 39 memorial
498 2507 121 40 book
653 2507 318 48 corporation.
1043 2506 250 51 (32-6088)

147 2609 250 63 Palmer,
430 2610 187 56 Irene.

216 2685 161 52 Tests
404 2687 112 51 and
542 2694 465 61 measurements;
1038 2706 31 34 a
1098 2687 305 54 workbook
1430 2688 58 52 in
1516 2689 196 52 health
1739 2689 113 52 and
1879 2688 259 68 physical

147 2762 1991 72 education, by Irene Palmer … New York, A. S. Barnes and
147 2857 293 51 company,
472 2840 415 70 incorporated,
919 2846 151 51 1932.

222 2912 1026 50 xii, 143 p. incl. diagrs., forms. 23½ ᶜᵐ .
222 2969 372 49 Bibliography:
628 2981 43 37 p.
701 2971 214 41 127-132.

154 3022 51 52 ©
240 3027 107 43 Feb.
379 3028 39 46 5,
449 3027 140 47 1932,
623 3028 67 42 2c.
722 3028 110 40 Feb.
864 3028 52 47 9;
949 3029 82 41 aff.
1066 3029 107 40 Feb.
1208 3029 81 47 18;
1324 3029 39 39 A
1396 3029 170 46 48537;
1602 3030 52 39 A.
1692 3029 42 41 S.
1770 3030 186 40 Barnes
1990 3029 36 40 &
2059 3040 81 35 co.,

222 3083 88 41 inc.
381 3084 248 47 (32-6078)

144 3186 222 62 Pascal,
396 3186 143 52 Paul
568 3185 204 55 Victor
801 3189 203 63 Henri,
1035 3192 171 49 1880-
1416 3190 84 52 ed.

214 3262 197 52 Traité
444 3264 66 52 de
543 3265 202 53 chimie
779 3266 288 67 minérale,
1099 3266 195 67 publié
1325 3285 128 34 sous
1486 3268 57 51 la
1576 3266 278 53 direction
1887 3267 67 52 de
1990 3268 147 51 Paul

155 3339 1983 74 Pascal … secrétaire général, Paul Baud … t. 1. Paris,
153 3417 595 69 Masson et c ⁱᵉ , 1931.
223 3492 1157 50 4 p. l., 860 p. illus., tables, diagrs. 26 ᶜᵐ .
222 3544 233 44 Contains
484 3548 389 49 bibliographies.

157 3600 1878 57 © Oct. 31, 1931; 1c. Jan. 18, 1932; A— Foreign 15348; Masson & cie.
235 3660 249 49 (32-5480)

148 3763 300 64 Petersen,
478 3765 113 53 Carl
640 3765 66 54 O.

284 3840 1851 74 … Med Byrd og Balchen mot Sydpolen; nordmennene i
154 3915 174 54 Little
359 3915 279 56 America.
714 3916 154 71 Oslo,
900 3919 342 71 Gyldendal,
1274 3928 149 50 1931.
