2563 4368
1320 4065 133 52 1666

372 435 319 66 Bercovici,
728 436 258 65 Konrad,
1027 441 170 51 1882-

442 513 120 53 The
596 513 309 53 incredible
939 513 272 67 Balkans,
1245 513 76 68 by
1355 513 242 53 Konrad
1631 512 312 54 Bercovici.
2013 513 137 53 New
2188 515 181 68 York,

373 589 69 56 G.
470 591 66 53 P.
565 591 297 53 Putnam’s
890 609 147 50 sons,
1068 593 150 51 1932.

442 663 514 49 5 p. l., 3-265 p. 23 ᶜᵐ.
378 730 52 51 ©
460 735 101 40 Oct.
592 735 69 47 28,
692 734 112 40 1932;
863 735 67 40 2c.
960 736 118 38 Nov.
1109 737 24 37 1;
1195 734 82 40 aff.
1307 735 119 40 Nov.
1455 734 26 38 2;
1541 735 41 38 A
1612 735 145 40 56869;
1815 736 59 39 K.
1905 735 263 48 Bercovici,
443 735 1910 104 Ridgefield,

604 791 146 41 Conn.
821 790 280 49 (32-31568)

374 892 252 64 Berdan,
657 893 154 54 John
842 893 227 64 Milton,
1101 893 84 54 ed.

446 970 284 53 Fourteen
766 971 199 54 stories
1004 970 152 53 from
1189 988 104 35 one
1332 971 141 67 plot,
1507 971 170 53 based
1714 990 72 34 on
1825 970 143 54 “Mr.
2008 971 367 68 Fothergill’s

377 1047 186 68 plot”;
615 1049 97 52 the
759 1049 263 53 authors:
1075 1047 193 56 Storm
1318 1049 286 67 Jameson,
1655 1049 248 54 Rebecca
1953 1049 178 68 West,
2181 1048 194 56 Sheila

377 1125 1937 69 Kaye-Smith c and others] … the editor, John Milton Berdan …
377 1203 139 55 New
542 1204 180 67 York,
748 1203 230 56 Oxford
1007 1205 317 67 university
1349 1223 175 50 press,
1552 1208 149 50 1932.

447 1277 96 49 xvi,
572 1277 85 40 287
685 1289 42 37 p.
789 1278 58 40 20½ᶜᵐ.

383 1330 1992 53 © Oct. 20, 1932; 2c. and aff. Nov. 8; A 55864; Oxford univ. press, New
451 1391 143 47 York,
623 1391 89 40 inc.
795 1387 51 52 [©
874 1392 196 47 preface
1098 1393 95 38 and
1221 1393 137 38 notes
1385 1391 165 41 before
1578 1392 118 41 each
1726 1393 149 48 story]
461 1447 278 48 (32-31721)

379 1548 244 65 Berlioz,
655 1551 237 64 Hector,
927 1555 324 52 1803-1869.

450 1628 271 54 Memoirs
758 1627 65 54 of
859 1629 217 53 Hector
1114 1630 226 52 Berlioz
1379 1628 152 54 from
1572 1632 131 50 1803
1743 1634 58 48 to
1842 1631 151 65 1865,
2031 1627 349 69 comprising

381 1706 88 54 his
511 1707 211 53 travels
765 1707 57 52 in
864 1706 308 68 Germany,
1215 1707 174 68 Italy,
1429 1706 225 69 Russia,
1697 1707 113 54 and
1853 1707 299 68 England;
382 1711 1974 127 translated
563 1784 76 68 by

669 1784 213 54 Rachel
916 1784 192 69 (Scott
1136 1784 251 68 Russell)
1419 1785 237 53 Holmes
1690 1785 112 53 and
1835 1785 248 53 Eleanor
2113 1785 264 65 Holmes;

382 1863 327 66 annotated,
753 1864 113 52 and
910 1863 97 53 the
1050 1863 343 53 translation
1438 1862 238 68 revised,
1718 1862 75 68 by
1839 1863 210 52 Ernest
2091 1863 289 52 Newman.

382 1939 137 54 New
547 1940 178 68 York,
750 1940 73 53 A.
850 1940 70 53 A.
949 1940 225 70 Knopf,
1201 1943 150 51 1932.

452 2013 1651 51 xxiii p., 2 l., [3]-533, xiii, [1] p. illus. (music) pl., ports. 24½ᶜᵐ.
455 2069 163 42 “First
644 2069 227 42 edition.”

389 2122 52 52 ©
468 2126 102 41 Oct.
595 2127 69 46 15,
690 2127 114 40 1932;
856 2128 67 39 2c.
952 2127 100 40 Oct.
1079 2128 54 39 19;
1191 2126 79 40 aff.
1300 2126 101 41 Oct.
1428 2127 55 40 18;
1538 2127 41 39 A
1605 2126 143 41 55692;
1803 2126 171 40 Alfred
2000 2126 54 40 A.
2082 2124 178 47 Knopf,
2288 2123 90 42 inc.

467 2182 278 48 (32-31719)

386 2283 375 67 Brewbaker,
793 2285 246 55 Charles
1063 2287 267 64 Warren,
1361 2291 171 49 1869-

457 2361 366 67 Evangelism
873 2361 111 53 and
1034 2361 93 53 the
1178 2367 224 62 present
1448 2360 388 69 world-order,
1883 2360 74 68 by
2009 2358 233 56 Charles
2290 2359 87 52 W.

390 2436 1990 70 Brewbaker … New York [etc.] Fleming H. Revell company
469 2517 118 66 [ ᶜ1 932]
457 2584 87 42 180
572 2596 44 38 p.
673 2585 57 41 19½ᶜᵐ.

459 2642 348 48 Bibliography
825 2653 8 29 :
867 2654 43 37 p.
941 2643 216 41 176-180.

394 2698 51 52 ©
480 2702 102 40 Oct.
615 2701 56 40 22,
719 2701 139 49 1932;
895 2702 66 41 2c.
996 2703 95 39 and
1126 2702 79 39 aff.
1241 2703 118 40 Nov.
1394 2703 52 47 3;
1482 2703 42 38 A
1557 2702 169 48 55830;
1764 2702 220 47 Fleming
2016 2702 59 40 H.
2113 2701 165 40 Revell
2314 2712 67 30 co.

471 2758 279 50 (32-31857)

391 2861 271 64 Buehler,
694 2863 151 52 Ezra
874 2861 323 57 Christian.

523 2937 1856 70 … State and local tax revision; analytical survey, by E. C.
394 3014 1890 69 Buehler … New York, The H. W. Wilson company, 1932.
463 3087 1917 50 131, [19] p. incl. tables, diagrs. 20 ᶜᵐ. (The reference shelf, vol. VIII,
393 3154 75 31 no.
496 3144 53 48 3)

466 3200 173 42 “Altho
667 3202 98 40 this
792 3203 134 39 work
951 3203 41 40 is
1021 3204 351 46 supplemental
1400 3205 49 39 to
1478 3204 81 40 the
1586 3202 257 49 preceding
1869 3204 188 39 volume
2085 3204 50 38 in
2162 3202 81 40 the
396 3202 1969 96 Reference

601 3258 128 40 shelf
767 3258 103 49 [vol.
1005 3291 8 16 VIII,
1050 3270 75 31 no.
1162 3259 40 47 2,
1240 3259 167 41 “State
1443 3261 95 39 and
1571 3260 124 40 local
1732 3261 86 38 tax
1854 3258 253 48 revision”,
2145 3260 59 46 by
2241 3260 51 39 E.
2331 3258 49 42 C.

397 3313 1736 51 Buehler] … it stands separate and distinct by itself.”—Introd.
467 3371 242 41 “Indexed
739 3371 361 49 bibliography”
1121 3384 9 29 :
1160 3384 42 37 p.
1234 3372 157 51 [7]-60.

399 3425 51 52 ©
483 3429 100 41 Oct.
614 3430 68 46 27,
714 3429 113 40 1932;
886 3430 66 40 2c.
985 3432 94 38 and
1111 3431 81 39 aff.
1224 3431 116 40 Nov.
1372 3431 27 39 4;
1460 3432 40 38 A
1531 3431 143 40 56886;
1735 3431 60 39 H.
1828 3432 71 39 W.
1931 3430 184 41 Wilson
2147 3441 67 30 co.

476 3485 277 48 (32-31912)

396 3588 278 65 Burglon,
705 3589 181 56 Nora.

467 3663 276 55 Children
772 3665 64 51 of
864 3665 95 53 the
988 3666 122 62 soil,
1140 3685 31 33 a
1200 3671 156 62 story
1386 3665 65 54 of
1482 3664 401 68 Scandinavia,
1910 3664 77 69 by
2014 3666 155 52 Nora
396 3665 1964 142 Burglon;

549 3739 1817 70 illustrated by E. Parin d’Aulaire … Garden City, N. Y.
397 3816 353 68 Doubleday,
778 3817 196 54 Doran
1001 3821 45 50 &
1071 3837 296 49 company,
1395 3820 124 66 inc.,
1549 3822 149 51 1932.

468 3890 28 40 5
519 3901 42 37 p.
624 3922 8 16 l.,
658 3891 85 40 272
770 3902 41 37 p.
873 3893 85 39 col.
986 3892 162 46 front.,
1176 3891 126 41 illus.
1363 3891 145 41 20½ᶜᵐ.

469 3947 287 40 Illustrated
782 3946 362 50 lining-papers.

469 4001 203 42 “Junior
696 4001 191 43 books.”
