2563 4368
1234 4084 100 54 708

278 547 196 40 Editor;
505 546 91 40 vol.
649 576 8 16 I,
687 545 167 47 Henry
885 544 204 40 Gilman.

281 600 51 52 ©
359 605 111 46 Apr.
497 603 69 46 19,
592 601 139 48 1932;
759 603 66 41 2c.
850 602 94 39 and
970 600 79 40 aff.
1077 601 113 47 Apr.
1217 599 80 42 22;
1327 599 33 39 A
1391 598 170 47 50847;
1590 598 165 46 Henry
1784 597 207 46 Gilman,
2018 596 155 49 Ames,
2230 605 42 32 Ia.

359 660 278 47 (32-11772)

276 763 215 64 Peffer,
521 761 342 62 Nathaniel,
899 766 170 50 1890-

348 839 381 53 Educational
768 839 379 67 experiments
1186 839 55 50 in
1282 836 282 68 industry,
1601 837 72 67 by
1716 836 307 53 Nathaniel
2066 835 201 53 Peffer.

277 918 136 54 New
447 918 180 66 York,
659 919 121 51 The
814 916 334 54 Macmillan
1180 932 296 50 company,
1512 918 149 50 1932.

346 986 1723 53 4 p. l. , 207 p. 19½ ᶜᵐ . (Half-title: Studies in adult education)
348 1042 1695 53 “Copyright … by American association for adult education,”
283 1102 51 52 ©
375 1107 110 47 May
521 1107 38 45 3,
597 1106 112 39 1932;
775 1104 68 41 2c.
881 1106 94 37 and
1012 1103 81 42 aff.
1132 1104 111 46 May
1279 1104 25 37 4;
1373 1103 38 38 A
1449 1101 144 40 51129;
1659 1103 159 40 Amer.
1856 1111 111 29 assn.
2021 1101 77 40 for
2137 1101 138 40 adult

351 1163 270 42 education.
650 1163 115 39 New
793 1160 144 41 York.
1009 1160 279 48 (32-12511)

278 1267 274 65 Penrose,
581 1268 198 62 Joyce.

347 1343 235 54 Heaven
612 1342 91 52 for
733 1349 128 60 two,
887 1341 75 68 by
990 1341 174 68 Joyce
1195 1340 257 53 Penrose.
1519 1339 136 53 New
1691 1338 177 69 York,
1897 1338 121 53 The

277 1337 1973 152 Macaulay company [ ᶜ193 2 ]
346 1492 87 40 254
466 1503 43 37 p.
574 1490 143 42 19½ᶜᵐ.

286 1548 51 52 ©
372 1553 111 46 May
517 1552 67 46 13,
616 1550 139 42 1932;
791 1550 65 40 2c.
893 1551 109 46 May
1037 1550 80 46 18;
1153 1548 81 41 aff.
1270 1550 110 46 May
1412 1549 81 44 17;
1528 1548 36 39 A
1600 1547 169 46 52033;
1806 1548 221 39 Macaulay
2096 1558 53 29 co.

363 1609 279 48 (32-12759)

278 1713 200 64 Pentz,
509 1711 254 55 William
796 1710 296 64 Clarence,
1126 1715 170 50 1858-

345 1786 1928 71 The city of DuBois, by William C. Pentz … DuBois, Press
274 1868 64 51 of
369 1867 159 67 Gray
560 1867 263 67 printing
853 1885 97 47 co.,
985 1869 149 50 1932.

347 1937 1705 51 4 p. l. , 11-195 p. incl. front., illus. (map) plates, ports. 28 ᶜᵐ .
351 1997 145 40 “This
520 1998 122 39 book
667 1997 41 39 is
732 1996 242 48 privately
998 1996 193 48 printed
1216 1996 96 39 and
1335 1996 187 39 limited
1550 1999 49 36 to
1622 2006 63 28 an
1710 1994 186 41 edition
1920 1994 51 41 of
1992 1993 86 41 300
2103 1995 172 48 copies,

278 2055 51 39 of
366 2055 158 39 which
560 2054 99 40 this
696 2054 39 40 is
772 2064 72 29 no.
881 2052 128 41 296.”

289 2108 50 51 ©
370 2113 111 46 May
540 2143 8 15 6,
577 2110 139 47 1932;
748 2111 66 39 2c.
844 2111 94 39 and
969 2109 80 40 aff.
1082 2111 111 46 May
1222 2108 26 40 9;
1307 2110 40 38 A
1376 2108 170 44 51215;
1579 2110 69 39 W.
1723 2142 6 7 C.
1761 2110 160 47 Pentz,
1955 2107 209 49 DuBois,
2195 2110 82 39 Pa.

365 2168 278 48 (32-12394)

283 2258 190 61 Pétin,
503 2257 204 54 Victor
735 2256 242 65 Eugène
1004 2256 217 54 Lucien
1250 2256 255 55 Gabriel.

278 2333 1971 146 … Le drame roumain, 1916-1918; préface du général Weygand;
491 2430 132 35 avec
651 2410 31 54 7
710 2410 239 69 croquis.
1012 2411 185 68 Paris,
1225 2412 204 66 Payot,
1460 2414 150 50 1932.

350 2483 1926 51 3 p. l., [9]-154 p., 1 l. illus. (maps) 23 ᶜᵐ . (Collection de mémoires,
283 2541 167 40 études
480 2545 49 37 et
556 2542 283 40 documents
866 2551 121 39 pour
1017 2542 155 39 servir
1201 2541 27 39 à
1259 2541 237 40 l’histoire
1527 2542 57 39 de
1614 2542 46 39 la
1690 2552 171 38 guerre
1891 2541 242 41 mondiale
2147 2553 9 31 )

354 2599 60 40 At
443 2600 122 39 head
595 2598 51 41 of
675 2598 107 40 title:
844 2597 207 41 Général
1080 2598 153 40 Pétin.

291 2652 1534 51 © Feb. 22, 1932; 1c. Apr. 25; A— Foreign 16581; Payot.
369 2713 279 48 (32-13254)

287 2802 394 66 Pringsheim,
711 2803 184 64 Hans,
928 2802 171 55 1876-

419 2878 1535 69 … The chemistry of the monosaccharides and of
288 2880 1992 146 the polysaccharides, by Hans Pringsheim … New York, London,
289 3035 427 55 McGraw-Hill
745 3035 144 52 book
918 3052 297 52 company,
1244 3036 126 67 inc.,
1402 3040 149 49 1932.

360 3110 1921 50 7 p. l. , 413 p., 1 l. front. (port.) illus., diagrs. 23½ ᶜᵐ . (The George
292 3167 168 40 Fisher
487 3167 160 39 Baker
670 3167 327 39 non-resident
1022 3167 293 47 lectureship
1341 3167 48 39 in
1415 3167 261 49 chemistry
1703 3171 51 38 at
1780 3168 189 44 Cornell
1997 3166 283 49 university,

289 3244 54 29 [v.
376 3224 68 50 6])

362 3280 1731 49 Parts I and II each preceded by leaf not included in the paging.
363 3337 222 40 Lettered
615 3347 59 28 on
702 3345 138 31 cover;
899 3336 274 48 Chemistry
1202 3337 51 40 of
1282 3337 80 40 the
1390 3337 321 41 saccharides.

365 3394 127 38 “The
518 3392 293 41 translation
841 3392 50 40 of
920 3393 79 39 the
1029 3392 208 41 German
1265 3393 101 41 into
1395 3393 201 49 English
1626 3405 99 30 was
1755 3396 137 39 made
1921 3395 60 47 by
2010 3394 82 41 Dr.
294 3395 1968 94 Cleveland
437 3450 143 43 Abbe,
613 3449 283 48 jr.”—Pref.

364 3506 409 48 Bibliographical
810 3505 272 41 foot-notes.

298 3558 50 51 ©
383 3563 111 47 Apr.
529 3564 27 37 4,
605 3561 138 46 1932;
781 3563 67 39 2c.
885 3563 94 38 and
1016 3561 81 43 aff.
1133 3563 111 47 Apr.
1282 3564 79 46 11;
1403 3563 37 39 A
1475 3562 170 48 49617;
1686 3564 189 40 Cornell
1913 3564 142 47 univ.,
2095 3563 185 48 Ithaca,

365 3619 53 40 N.
449 3620 52 39 Y.
573 3619 278 49 (32-12423)

293 3705 264 66 Raiguel,
586 3709 226 62 George
840 3707 190 62 Earle,
1062 3713 169 49 1880-

361 3783 140 53 This
531 3784 46 52 is
607 3784 221 67 Russia,
859 3785 71 68 by
964 3784 220 69 George
1214 3786 170 52 Earle
1415 3786 219 68 Raiguel
1689 3789 112 51 and
1830 3787 258 55 William
293 3788 1960 124 Kistler

401 3861 173 66 Huff;
608 3860 134 54 with
777 3861 376 53 illustrations
1184 3862 152 54 from
1366 3864 419 67 photographs;
1821 3862 352 55 decorations
2201 3865 74 66 by

293 3936 224 55 Harold
552 3940 64 51 E.
653 3938 236 68 Snyder.
966 3939 423 68 Philadelphia,
1423 3941 120 53 The
1575 3944 160 50 Penn
1768 3940 332 69 publishing

294 3960 1958 122 company [ ᶜ193 2]
