2563 4368
1051 4024 98 51 651

95 418 376 67 Brightman,
502 420 199 64 Edgar
730 419 290 65 Sheffield,
1053 423 170 51 1884-

163 491 1919 73 Is God a person? By Edgar Sheffield Brightman … New
96 574 177 66 York,
299 573 358 54 Association
686 591 174 50 press,
890 575 148 50 1932.

164 646 80 41 vii.
283 645 54 41 87
373 656 44 37 p.
477 645 144 41 19½ᶜᵐ.
702 645 52 40 [Y.
795 645 61 41 M.
896 644 50 42 C.
984 644 53 41 A.
1078 643 248 42 Graduate
1366 643 174 40 school.
1611 641 195 42 Studies
1843 640 50 40 in
1933 640 146 41 social

92 703 96 39 and
218 702 228 47 religious
471 701 325 50 engineering]

102 769 51 52 ©
184 774 112 46 Apr.
329 773 68 41 21,
429 771 114 42 1932;
603 772 67 40 2c.
701 773 113 46 Apr.
846 772 58 39 25;
962 770 81 41 aff.
1075 771 113 47 Apr.
1218 770 56 40 27;
1335 771 40 38 A
1408 769 141 41 51032;
1613 770 205 39 General
1850 768 152 39 board
2034 767 51 40 of

169 829 79 40 the
277 830 168 46 Young
471 828 148 40 men’s
650 827 248 42 Christian
929 826 332 48 associations,
1292 828 116 37 New
1438 826 144 40 York.
179 885 277 47 (32-11673)

96 986 288 66 Brosnan,
413 987 303 55 Cornelius
744 988 219 63 James,
996 992 170 49 1882-

161 1064 180 54 Jason
386 1066 127 64 Lee,
558 1065 245 66 prophet
848 1065 62 52 of
956 1064 96 53 the
1096 1082 124 34 new
1267 1063 246 67 Oregon,
1560 1063 74 65 by
1679 1060 298 56 Cornelius
2023 1060 55 53 J.

94 1140 1849 67 Brosnan … New York, The Macmillan company, 1932.
196 1212 1024 50 x p., 1 l., 348 p. front. (port.) 20½ᶜᵐ.
167 1270 345 50 Bibliography:
573 1282 44 37 p.
651 1269 217 41 331-334.

103 1339 51 52 ©
182 1344 114 47 Apr.
321 1342 70 48 26,
420 1342 112 41 1932;
589 1343 67 40 2c.
683 1343 95 39 and
807 1342 80 40 aff.
917 1342 113 47 Apr.
1057 1341 55 40 27;
1169 1341 41 38 A
1238 1340 145 40 51018;
1439 1339 280 41 Macmillan
1747 1350 69 29 co.

180 1400 277 47 (32-11552)

99 1503 393 63 Brunsmann,
527 1502 320 55 Johannes.

168 1581 56 52 A
271 1579 303 52 handbook
623 1579 63 52 of
736 1578 400 53 fundamental
1185 1578 284 68 theology,
1517 1577 75 67 by
1642 1577 96 52 the
1787 1575 297 54 Reverend

101 1656 155 53 John
293 1658 382 66 Brunsmann,
744 1701 10 10 S.
829 1700 10 11 V.
914 1698 10 10 D.
999 1656 272 69 Adapted
1307 1657 124 52 into
1468 1656 246 69 English
1750 1655 74 67 by
1861 1655 225 53 Arthur

102 1735 221 52 Preuss.
398 1754 49 34 v.
491 1738 49 49 4.
580 1736 120 53 The
743 1734 265 70 teaching
1050 1732 147 56 office
1241 1735 63 53 of
1348 1735 94 53 the
100 1733 1962 149 church—Infallibility—Inspiration—Faith.
955 1813 82 55 St.
1098 1813 192 68 Louis,
1349 1815 113 51 Mo.
1525 1814 113 52 and
1697 1814 258 67 London,
2015 1816 68 50 B.

102 1892 224 52 Herder
358 1892 147 53 book
536 1911 97 48 co.,
668 1895 149 50 1932.

171 1966 60 47 vi,
262 1966 87 40 336
377 1976 43 37 p.
480 1965 145 43 19½ᶜᵐ.

107 2031 51 52 ©
185 2037 114 46 May
322 2034 69 49 20,
420 2034 112 41 1932;
589 2035 67 41 2c.
685 2037 114 47 May
824 2034 57 41 24;
938 2035 81 42 aff.
1049 2037 113 46 May
1187 2035 57 41 23;
1300 2035 42 39 A
1369 2035 143 41 51479;
1569 2037 55 38 B.
1653 2036 188 39 Herder
1870 2035 124 40 book
2021 2045 68 31 co.

102 2152 179 66 Bury,
309 2153 153 54 John
491 2153 261 65 Bagnell,
783 2155 323 55 1861-1927.

169 2227 119 54 The
315 2227 126 54 idea
469 2227 64 54 of
557 2246 263 51 progress;
879 2247 71 34 an
978 2228 231 70 inquiry
1236 2230 121 53 into
1386 2231 75 52 its
1489 2228 189 70 origin
1707 2230 112 52 and
1846 2230 243 68 growth,

101 2304 1987 71 by J. B. Bury … introduction by Charles A. Beard. New
104 2381 174 69 York,
306 2383 120 53 The
454 2383 334 53 Macmillan
814 2401 296 51 company,
1142 2386 150 51 1932.

172 2455 63 49 xl,
261 2456 86 41 357
374 2466 44 38 p.
477 2455 145 42 22½ᶜᵐ.

110 2522 51 52 ©
189 2527 112 48 Apr.
328 2528 68 47 26,
424 2527 115 41 1932;
594 2528 66 40 2c.
689 2529 96 39 and
813 2527 80 41 aff.
923 2528 113 48 Apr.
1065 2529 56 39 27;
1178 2529 41 38 A
1247 2528 143 40 51024;
1448 2529 281 40 Macmillan
1758 2539 65 30 co.
1887 2525 69 52 [©
1986 2539 106 29 new

177 2587 191 46 matter]
439 2585 277 48 (32-11686)

107 2686 1979 70 Caballero, Fern á n, pseud, of Cecilia Böhl de Faber, 1796-1877.
176 2762 1914 71 Cuentos de encantamiento, por Fern á n Caballero; edited by
105 2838 1963 144 Paul Patrick Rogers … New York, London, Harper & brothers, 1932.
238 2987 608 49 xv p., 1 l., 165 p. 19½ᶜᵐ.
176 3056 161 42 “First
368 3057 226 42 edition.”

115 3124 51 52 ©
196 3130 114 48 Apr.
338 3131 69 47 23,
437 3131 112 41 1932;
609 3132 66 41 2c.
708 3134 93 38 and
833 3132 81 40 aff.
945 3133 113 47 Apr.
1090 3132 56 41 28;
1206 3134 41 38 A
1277 3133 143 41 49747;
1481 3136 191 47 Harper
1705 3136 36 40 &
1772 3137 126 39 bros.

191 3186 276 50 (32-11661)

112 3288 286 66 Caldwell,
427 3290 180 65 Floyd
637 3291 300 66 Franklin,
967 3299 171 50 1891-

178 3366 55 52 A
266 3367 355 66 comparison
654 3369 64 53 of
753 3369 161 54 blind
951 3373 112 51 and
1099 3371 191 69 seeing
1323 3372 256 55 children
1613 3374 59 51 in
1708 3374 214 54 certain

110 3374 1981 143 educational abilities, by Floyd Franklin Caldwell … New York,
110 3517 302 55 American
448 3521 342 55 foundation
824 3525 92 51 for
952 3527 94 53 the
1080 3526 180 66 blind,
1293 3527 126 65 inc.,
1456 3532 150 50 1932.

180 3592 56 40 28
265 3602 44 37 p.
369 3591 116 42 25ᶜᵐ.

115 3661 1956 104 “The original and complete manuscript of this thesis … was submitted in partial
581 3720 280 42 fulfillment
888 3723 50 40 of
963 3725 79 39 the
1070 3724 350 48 requirements
1444 3726 78 39 for
1546 3727 82 38 the
1652 3727 170 45 degree
1849 3725 50 39 of
1927 3726 167 39 doctor

114 3771 51 39 of
188 3772 254 42 education
469 3778 50 37 at
546 3777 82 39 the
654 3778 280 49 University
961 3780 51 39 of
1038 3780 421 49 California.”—p.
1490 3782 55 49 [2]

182 3828 344 51 Bibliography:
584 3844 44 37 p.
656 3834 159 41 27-28.

121 3898 51 52 ©
201 3904 112 48 Apr.
343 3908 68 45 18,
442 3908 111 41 1932;
613 3910 67 43 2c.
711 3912 112 47 Apr.
855 3912 82 46 21;
971 3913 81 41 aff.
1083 3914 115 48 Apr.
1227 3914 55 41 23;
1343 3915 40 39 A
1414 3914 170 45 49666;
1618 3915 158 44 Amer.
1808 3912 290 44 foundation

185 3960 79 40 for
287 3962 80 42 the
391 3963 146 50 blind,
563 3966 90 41 inc.
723 3968 277 48 (32-11600)
