2563 4368
1427 4019 102 51 232

547 511 922 51 X p., 1 l., 340 p. illus., diagrs. 20 ᶜᵐ.
545 583 160 40 Blank
732 592 148 39 pages
908 583 342 48 interspersed.

548 639 147 41 “This
737 640 189 40 volume
968 640 43 40 is
1053 639 229 41 intended
1327 650 55 30 as
1425 651 28 29 a
1498 640 285 48 companion
1827 640 124 40 book
1994 643 48 39 to
2089 640 382 42 ‘Mathematical

477 696 536 42 wrinkles’.”—Introd.

484 763 50 52 ©
567 767 110 40 Feb.
707 767 68 48 12,
806 767 142 47 1932;
979 768 67 39 2c.
1078 768 109 39 Feb.
1219 768 82 46 15;
1334 766 83 43 aff.
1448 767 111 43 Feb.
1589 768 83 47 25;
1705 768 41 39 A
1774 768 172 47 47821;
1932 768 46 41 S.
2059 769 39 39 I.
2129 768 161 48 Jones,
550 768 1906 98 Nashville.
748 824 250 49 (32-5588)

474 926 281 66 Karsner,
785 927 209 66 David,
1027 933 171 50 1889-

551 1002 189 56 Silver
773 1003 231 67 Dollar;
1042 1003 96 56 the
1174 1010 155 63 story
1364 1003 64 54 of
1462 1003 97 54 the
1595 1003 234 70 Tabors,
1863 1003 75 69 by
1973 1001 194 56 David
2201 1003 270 53 Karsner.

480 1079 1059 70 New York, Covici, Friede [ ᶜ19 32 ]
547 1150 1518 52 viii p., 2 l., 354 p. front., plates (incl. music) ports. 21½ ᶜᵐ.
549 1219 541 50 “Acknowledgments”;
1151 1231 44 39 p.
1224 1219 220 46 349-350.

485 1291 50 52 ©
567 1295 109 40 Feb.
705 1295 69 48 23,
805 1295 113 40 1932;
975 1294 67 41 2c.
1075 1296 94 38 and
1200 1294 81 41 aff.
1314 1294 111 42 Feb.
1454 1295 56 39 25;
1570 1295 41 38 A
1640 1294 144 41 47813;
1846 1294 177 49 Covici,
2054 1294 186 50 Friede,
2272 1296 91 40 inc.

561 1352 250 49 (32-5360)

474 1457 209 66 Kenly,
710 1458 138 52 Mrs.
876 1455 153 55 Julie
1066 1455 305 67 (Closson)

550 1531 278 56 Children
862 1531 65 55 of
962 1551 32 35 a
1029 1537 138 64 star,
1201 1532 76 69 by
1311 1531 158 56 Julie
1505 1530 239 56 Closson
1778 1531 221 70 Kenly;
2038 1531 326 55 illustrated
2397 1532 77 70 by

477 1610 205 70 Henry
712 1609 64 56 C.
805 1610 210 69 Kenly.
1081 1609 139 55 New
1250 1609 182 70 York,
1460 1609 261 69 London,
1750 1609 74 55 D.
1853 1609 298 70 Appleton
2182 1611 114 53 and
479 1628 1971 129 company,
681 1690 151 51 1932.

586 1758 870 54 x, [2], 241, [1] p. front., illus. 21 ᶜᵐ.
551 1832 287 40 Illustrated
866 1832 361 48 lining-papers.

549 1888 374 48 Bibliography;
957 1899 44 37 p.
1034 1887 236 51 241-[242]

487 1957 51 51 ©
568 1961 110 41 Feb.
706 1959 69 48 19,
804 1959 113 40 1932;
974 1961 66 40 2c.
1071 1961 93 38 and
1194 1959 80 40 aff.
1306 1960 109 39 Feb.
1445 1961 54 39 23;
1557 1960 41 39 A
1625 1959 144 41 47758;
1828 1960 57 41 D.
1915 1960 238 48 Appleton
2180 1964 37 41 &
2244 1968 69 34 co.

564 2017 250 49 (32-5587)

478 2121 188 65 Knox,
694 2121 175 56 John.

551 2197 125 54 “He
704 2200 185 51 whom
917 2220 32 33 a
976 2202 194 51 dream
1196 2201 140 51 hath
1364 2198 323 67 possessed”;
1747 2218 151 35 some
1925 2204 217 61 aspects
2171 2201 64 51 of
2260 2199 97 52 the
2386 2204 91 46 art

482 2273 1993 70 of religious living, by John Knox … New York, R. Long &
482 2354 67 55 R.
579 2351 67 54 R.
675 2350 208 70 Smith,
908 2354 126 67 inc.,
1064 2358 149 50 1932.

553 2425 654 50 viii p., 2 l., 3-121 p. 19½ᶜᵐ.
557 2497 128 40 “The
721 2497 108 40 title
863 2497 110 47 and,
1011 2497 49 38 in
1096 2497 123 47 part,
1257 2498 83 38 the
1376 2498 245 38 structure
1658 2496 51 39 of
1745 2496 99 40 this
1879 2497 141 39 small
2056 2496 189 39 volume
2279 2505 82 30 are
486 2497 1971 97 derived

651 2553 127 40 from
809 2554 90 39 ‘He
925 2554 159 40 whom
1112 2564 28 29 a
1170 2554 166 39 dream
1368 2554 121 39 hath
1518 2552 264 50 possessed’
1815 2553 60 47 by
1909 2552 232 41 Shaemas
2172 2551 304 43 O’Sheel.”—

485 2621 42 38 p.
553 2610 82 42 vii.

490 2678 50 52 ©
566 2683 110 40 Feb.
699 2684 69 47 11,
794 2682 112 41 1932;
959 2682 66 41 2c.
1052 2683 110 38 Feb.
1187 2682 59 39 15;
1297 2681 81 40 aff.
1404 2682 111 41 Feb.
1540 2682 55 39 13;
1649 2681 40 39 A
1713 2681 148 41 47640;
1912 2682 106 46 Ray
2044 2684 134 45 Long
2201 2681 38 40 &
2262 2680 215 40 Richard

557 2740 55 40 R.
642 2740 170 48 Smith,
839 2739 90 41 inc.
1000 2738 249 49 (32-5569)

486 2843 270 65 Koelsch,
786 2842 199 56 Adolf.

619 2919 1854 68 … Das gesicht des tieres; 65 bilder, eingeleitet und erläutert
488 3015 110 34 von
658 2997 185 53 Adolf
905 2998 263 52 Koelsch.
1243 2997 500 69 Zürich-Leipzig,
1806 2997 159 55 Orell
2026 2998 189 53 Füssli
2277 2999 197 69 verlag

513 3078 151 63 [1931]

557 3147 1277 53 16 p., 64 p. of illus. 19 ½ ᶜᵐ. (Schaubücher 30)
491 3214 1968 108 © July 23, 1931; 1c. Jan. 7, 1932; A—Foreign 15121; Orell Füssli verlag.
481 3375 323 67 Konwiser,
834 3378 201 64 Harry
1059 3379 229 64 Myron,
1321 3380 170 54 1879-

557 3451 260 58 Colonial
855 3458 113 52 and
1006 3455 425 69 revolutionary
1467 3463 183 61 posts;
1693 3479 31 33 a
1762 3456 221 69 history
2019 3459 64 52 of
2120 3458 96 54 the
487 3457 1961 130 American
637 3536 185 64 postal
871 3537 263 62 systems;
1186 3534 242 54 colonial
1477 3538 112 51 and
1636 3535 425 68 revolutionary
2107 3536 245 66 periods,
2398 3537 76 67 by

487 3607 1984 71 Harry M. Konwiser … Richmond, Va., Press of the Dietz
487 3688 261 65 printing
776 3706 98 45 co.,
904 3692 148 48 1931.

561 3757 1370 51 ix p., 1 l., 81 p. illus. (incl. ports., facsims.) 25½ᶜᵐ.
557 3827 347 49 Bibliography;
962 3839 44 38 p.
1035 3829 71 42 73.

494 3896 51 51 ©
579 3899 110 41 Dec.
722 3900 68 47 22,
824 3898 112 42 1931;
999 3900 67 41 2c.
1100 3902 94 38 and
1228 3900 83 42 aff.
1344 3901 109 39 Jan.
1487 3902 40 46 7,
1563 3899 111 41 1932;
1738 3901 40 39 A
1809 3900 143 41 46762;
2017 3902 59 38 H.
2111 3903 61 39 M.
2209 3901 265 48 Konwiser,

559 3956 118 40 New
706 3957 143 39 York.
920 3956 248 50 (32-5584)
