2563 4368
1145 4062 135 55 1327

194 459 275 65 Walpole,
499 459 199 64 Hugh,
732 461 170 52 1884-

262 537 120 52 The
417 535 254 67 fortress,
703 553 31 34 a
767 534 165 53 novel
961 533 77 66 by
1070 532 180 67 Hugh
1281 530 279 68 Walpole.
1634 528 259 67 London,
195 528 1965 140 Macmillan

322 615 113 52 and
466 631 97 48 co.,
592 612 239 66 limited,
864 612 150 51 1932.

301 696 906 53 x, 811, [1] p. fold. geneal. tab. 21 ᶜᵐ.
267 756 115 48 Map
405 767 61 29 on
489 754 361 49 lining-papers.

200 819 1988 56 © 1c. Sept. 8, 1932; A ad int. 16835; pubd. Aug. 25; Doubleday, Doran &
269 892 81 35 co.,
380 882 105 47 inc.,
518 881 192 41 Garden
741 879 123 48 City,
894 879 57 40 N.
980 879 53 39 Y.
1104 877 279 49 (32-24294)

199 985 198 65 Waye,
433 983 172 56 Cecil.

265 1061 123 55 The
414 1061 109 53 end
550 1059 64 54 of
640 1060 94 53 the
764 1059 179 67 chase,
970 1058 75 68 by
1074 1057 154 55 Cecil
1253 1058 197 67 Waye.
1524 1055 258 69 London,
1808 1055 241 54 Hodder
2076 1057 113 53 and

199 1138 340 68 Stoughton,
570 1139 150 51 1932.

267 1224 279 49 319 p. 19 ᶜᵐ.
202 1290 1988 54 © 1c. Sept. 10, 1932; A ad int. 16840; pubd. July 14; C. J. C. Street,
270 1352 157 40 North
457 1351 270 48 Brewham,
759 1362 71 29 nr.
863 1350 142 48 Bath,
1041 1349 255 47 Somerset,
1330 1349 234 48 England.
1636 1346 278 51 (32-24293)

201 1455 217 64 Welch,
449 1453 247 56 Francis
720 1452 239 66 Xavier,
990 1454 84 53 ed.

273 1530 168 55 Cases
470 1548 71 35 on
571 1530 194 69 public
795 1530 199 69 utility
1024 1528 340 70 regulation,
1399 1529 137 52 with
1566 1528 418 69 supplemental
2017 1534 176 63 notes,

202 1606 1968 134 edited and annotated by Francis X. Welch … board of collaborators:
591 1683 1542 72 Henry W. Ballantine … Robert A. Maurer …
226 1761 1907 70 [and others] Editorial advisor: Richard Joyce Smith …
202 1838 1740 72 Washington, D. C., Public utilities reports, inc. [ ᶜ1 932]
338 1913 310 50 xv, 800 p. 26 ᶜᵐ.
274 1967 1921 51 “Pocket flap … for cumulative supplements” on inside of back cover.
210 2038 51 52 ©
291 2043 119 48 Aug.
440 2042 70 48 29,
539 2041 113 41 1932;
712 2042 69 40 2c.
813 2042 128 47 Sept.
972 2042 27 39 6;
1056 2041 82 40 aff.
1172 2040 126 49 Sept.
1330 2041 26 40 3;
1416 2041 40 38 A
1487 2040 143 41 53947;
1691 2041 169 40 Public
1892 2038 209 43 utilities
275 2048 1907 98 reports,

453 2098 91 42 inc.
615 2098 278 49 (32-22822)

207 2199 387 65 Wentworth,
622 2200 280 56 Patricia.

339 2272 1860 71 … Red shadow. Philadelphia, J. B. Lippincott company,
209 2354 151 50 1932.

276 2421 88 43 319
390 2434 43 37 p.
491 2422 58 41 19½ᶜᵐ.

213 2491 53 53 ©
292 2496 119 49 Aug.
440 2496 40 49 2,
509 2496 113 41 1932;
680 2496 68 42 2c.
778 2498 94 39 and
901 2496 83 42 aff.
1015 2497 128 49 Sept.
1172 2498 55 38 14;
1284 2497 42 39 A
1354 2496 143 42 54797;
1557 2498 44 40 J.
1631 2499 54 39 B.
1716 2497 280 49 Lippincott
2024 2507 67 31 co.

289 2552 277 49 (32-23135)

210 2654 196 56 White
459 2656 182 54 house
694 2658 346 54 conference
1094 2675 73 36 on
1219 2658 154 54 child
1425 2657 205 54 health
1681 2659 115 53 and
1849 2657 347 65 protection.

279 2735 1920 69 Sect. III: Education and training. Committee on the family
280 2812 115 52 and
422 2819 204 60 parent
656 2814 316 56 education.

211 2888 1968 131 Education for home and family life … report of the Subcommittee
579 2985 71 35 on
702 2970 367 66 preparental
1120 2970 317 68 education,
1487 2970 171 53 Anna
1710 2971 67 52 E.
1829 2969 375 66 Richardson,

212 3043 311 67 chairman,
562 3044 193 54 White
795 3046 171 54 house
1008 3046 328 54 conference
1377 3067 71 34 on
1490 3048 156 53 child
1685 3047 193 55 health
1921 3048 113 53 and
215 3065 1964 109 protection.

511 3121 1426 72 New York, London, The Century co. [ ᶜ1 932]
282 3200 214 41 2 v. 23 ᶜᵐ.
286 3255 311 42 Illustration
624 3268 60 29 on
710 3268 43 37 p.
774 3257 56 50 [2]
858 3258 52 40 of
934 3270 140 30 cover
1101 3260 52 41 of
1178 3262 66 47 pt.
1281 3283 83 25 I-II,
1385 3262 95 39 and
1506 3261 221 48 diagram
1755 3272 60 29 on
1841 3272 42 37 p.
1905 3260 55 50 [3]
1987 3261 54 40 of
2066 3269 140 32 cover

214 3315 54 41 of
293 3316 66 47 pt.
434 3345 8 9 II.

288 3369 223 43 “Section
545 3370 393 41 m—Education
973 3373 96 39 and
1104 3372 228 48 training,
1371 3373 50 41 F.
1458 3373 44 41 J.
1537 3373 157 47 Kelly,
1805 3404 9 9 PH.
1880 3403 23 16 D.,
1940 3371 264 44 chairman.

218 3426 285 43 Committee
534 3438 61 29 on
627 3427 81 39 the
739 3425 175 49 family
945 3429 95 39 and
1071 3431 174 46 parent
1275 3428 271 49 education,
1580 3429 175 40 Louise
1789 3429 213 49 Stanley,
2109 3459 9 10 PH.
2182 3461 22 18 D.,

217 3481 294 43 chairman.”

288 3539 1917 51 Part I has the name of the Committee on the school child, Thomas D.
218 3594 1401 52 Wood, M . D ., chairman, erroneously printed on p. [i]
289 3652 375 48 Bibliography:
701 3653 66 47 pt.
823 3682 9 17 I,
868 3662 42 37 p.
946 3651 228 49 122-124;
1213 3656 64 45 pt.
1356 3685 9 16 II,
1400 3664 42 37 p.
1477 3652 216 41 127-128.

566 3707 133 48 CONTENTS.—pt.
737 3712 33 34 I.
812 3709 58 38 In
908 3708 297 47 elementary
1242 3709 96 39 and
1377 3709 265 48 secondary
1682 3709 336 47 schools.—pt.
2099 3738 12 11 II.
2150 3711 58 39 In

219 3763 218 49 colleges.

225 3835 66 47 pt.
352 3864 9 17 1,
395 3829 54 54 ©
477 3833 119 50 Aug.
629 3835 69 47 18,
730 3833 112 42 1932;
902 3833 68 42 2c.
1001 3835 96 40 and
1128 3834 81 40 aff.
1241 3835 120 50 Aug.
1391 3836 56 41 23;
1508 3838 66 47 pt.
1606 3836 42 48 2,
1682 3833 52 52 ©
1767 3837 127 41 June
1926 3836 29 42 8;
2014 3836 68 41 2c.
2114 3837 97 40 and

295 3889 80 40 aff.
405 3890 126 40 June
556 3890 81 47 16;
666 3891 42 40 A
735 3891 156 46 51775,
919 3889 170 48 54489;
1119 3891 162 40 White
1308 3892 151 40 house
1485 3893 283 42 conference
1795 3904 61 30 on
1885 3893 126 41 child
2043 3890 169 47 health

295 3946 95 40 and
417 3946 281 48 protection,
728 3946 107 47 Ray
862 3946 184 47 Lyman
1074 3946 202 47 Wilbur,
1351 3977 8 9 M.
1421 3979 22 16 D.,
1473 3948 265 49 chairman,
1768 3948 334 48 Washington.

303 4000 278 50 (32-22699)
