2563 4368
1363 4105 134 51 1596

430 486 238 63 Crouse,
700 487 230 65 Russel,
963 490 171 49 1893-
1346 503 180 35 comp.

499 565 124 52 The
657 564 308 53 American
1001 563 295 69 keepsake,
1335 562 282 68 compiled
1653 563 77 66 by
1764 563 203 52 Russel
2006 561 242 67 Crouse;
2289 562 139 53 with

431 642 379 54 illustrations
859 643 75 67 by
981 642 256 53 Edward
1284 641 72 52 A.
1405 640 241 55 Wilson.
1730 640 233 55 Garden
2012 640 154 67 City,
2215 640 71 53 N.
2337 641 92 67 Y.,

429 719 356 68 Doubleday,
815 719 198 52 Doran
1042 723 46 49 &
1115 736 297 49 company,
1439 718 127 65 inc.,
1598 721 152 49 1932.

496 792 66 47 xi,
588 791 87 42 269
702 803 44 37 p.
803 792 128 41 illus.
990 791 146 41 21½ᶜᵐ.

502 849 289 41 Illustrated
821 848 363 50 lining-papers.

490 905 41 38 A
564 904 253 42 collection
853 904 51 41 of
939 905 143 40 items
1119 903 385 49 representative
1540 903 50 42 of
1626 904 138 41 three
1799 904 175 49 phases
2010 904 51 42 of
2098 906 83 40 the
438 905 1975 98 development

605 961 52 41 of
693 961 259 40 American
990 961 185 47 letters,
1214 960 192 49 namely
1445 961 82 41 the
1565 960 232 48 “literary
1837 960 97 50 gift
1970 960 166 49 book”,
2177 963 83 41 the
434 962 1981 98 “fireside

565 1017 316 49 companion”
908 1017 96 40 and
1032 1017 81 41 the
1144 1016 227 41 “manual
1400 1016 52 41 of
1478 1016 280 49 etiquette”,
1816 1016 62 49 cf.
1908 1016 273 44 Foreword.

505 1075 162 42 “First
695 1074 227 43 edition.”

508 1132 151 50 Songs
688 1132 120 41 with
832 1131 154 42 music:
1042 1142 45 37 p.
1114 1129 158 42 66-69.

439 1187 50 51 ©
525 1191 100 40 Oct.
658 1190 57 39 19,
819 1188 56 41 1932;
937 1189 65 39 2c.
1039 1190 96 39 and
1167 1187 82 40 aff.
1284 1187 103 41 Oct.
1420 1187 82 48 20;
1537 1188 42 39 A
1612 1187 171 48 56668;
1820 1189 55 40 R.
1912 1189 194 48 Crouse,
2140 1190 116 41 New
2290 1190 144 40 York.

517 1246 280 50 (32-30233)

436 1335 258 66 Delater,
727 1335 236 54 Gabriel
990 1334 294 65 Auguste,
1316 1339 169 50 1883-

437 1410 1973 134 … Les maladies des veines et leur traitement; avec la collaboration
667 1490 68 53 de
777 1507 129 34 mm.
950 1488 68 52 R.
1062 1488 210 68 Hügel,
1315 1488 55 53 J.
1417 1486 293 71 Saidman,
1752 1488 55 54 J.
1851 1487 584 72 Durand-Boisléard,

437 1565 1637 70 M. Chailly et L. Sauvé … Paris, Masson & c ⁱᵉ , 1932.
504 1637 870 49 2 p. l., 371 p. illus., pl. 24 ½ᶜᵐ .
505 1696 63 40 At
607 1695 126 41 head
773 1695 53 41 of
865 1695 108 40 title:
1043 1694 53 41 G.
1135 1695 215 39 Delater.

507 1751 314 49 “Répertoire
851 1749 446 49 bibliographique”:
1358 1760 43 38 p.
1437 1749 247 51 [351]-364.

440 1808 1828 53 © June 11, 1932; 1c. Sept. 26; A— Foreign 18116; Masson & cie.
519 1867 278 51 (32-31140)

437 1956 254 65 Dobson,
721 1957 154 53 John
906 1955 292 65 Frederic,
1232 1956 169 54 1875-

505 2034 248 53 Ancient
788 2032 300 54 education
1122 2032 114 53 and
1270 2032 73 52 its
1379 2032 269 69 meaning
1681 2038 58 47 to
1774 2050 83 51 us,
1892 2032 76 69 by
2003 2034 57 53 J.
2099 2034 66 52 F.
2201 2034 228 54 Dobson

500 2108 1432 70 … New York, Longmans, Green and co., 1932.
540 2181 1890 50 v, 205 p. 18 ½ᶜᵐ . ( Half-title : Our debt to Greece and Rome; editors:
438 2236 1126 52 G. D. Hadzsits … D. M. Robinson. [45])
508 2297 163 40 “First
700 2295 227 42 edition.”

510 2352 187 41 “Select
728 2351 338 48 bibliography
1100 2351 53 39 of
1187 2351 79 41 the
1301 2350 131 41 chief
1466 2350 294 42 authorities
1794 2351 279 42 consulted”:
2138 2363 43 38 p.
2215 2352 219 42 204-205.

442 2407 50 51 ©
527 2411 102 40 Oct.
661 2411 39 47 5,
734 2409 140 47 1932;
908 2410 67 41 2c.
1010 2411 94 39 and
1137 2409 82 41 aff.
1254 2409 100 41 Oct.
1389 2409 81 47 15;
1506 2410 41 38 A
1581 2410 169 46 55577;
1787 2410 286 48 Longmans,
2110 2411 155 40 Green
2299 2412 36 40 &
2367 2421 67 31 co.

519 2466 279 50 (32-30280)

439 2558 230 64 Driver,
701 2557 133 55 Carl
862 2557 254 56 Samuel.

508 2635 156 54 John
716 2633 214 69 Sevier,
979 2635 232 68 pioneer
1261 2633 66 54 of
1375 2635 97 53 the
1521 2634 96 54 old
1672 2633 340 69 Southwest,
2059 2634 78 69 by
2189 2635 137 55 Carl
2376 2635 58 57 S.

438 2710 1996 70 Driver … Chapel Hill, The University of North Carolina
438 2808 171 49 press,
646 2792 152 51 1932.

505 2862 1094 50 viii p., 2 l., 240 p. front. (port.) 23 ½ᶜᵐ .
507 2918 348 49 Bibliography;
913 2930 41 37 p.
990 2918 247 51 [219]-225.

442 2971 52 52 ©
523 2976 100 40 Oct.
652 2977 68 45 14,
750 2974 112 42 1932;
919 2975 67 41 2c.
1017 2975 101 41 Oct.
1147 2974 82 49 20;
1260 2976 82 40 aff.
1373 2977 101 39 Oct.
1503 2977 54 38 21;
1615 2977 41 39 A
1685 2978 142 40 56607;
1887 2977 281 48 University
2198 2977 53 39 of
2277 2977 157 40 North

511 3032 226 40 Carolina
772 3042 148 37 press.
991 3032 278 48 (32-30370)

440 3123 226 63 Eitner,
698 3123 203 56 Ernst.

508 3198 389 54 Kosmetische
925 3197 365 68 Operationen;
1348 3198 90 53 ein
1466 3200 202 52 kurzer
1694 3198 275 55 leitfaden
2002 3198 97 53 für
2128 3198 107 52 den
441 3196 1967 145 praktiker,

637 3274 1794 69 von dr. Ernst Eitner … Mit 129 abbildungen. Wien,
438 3352 55 53 J.
527 3351 294 68 Springer.
854 3354 148 49 1932.

541 3422 668 50 v, 131, [1] p. illus. 24 ᶜᵐ .
509 3478 234 42 Contains
775 3477 392 49 bibliographies.

442 3534 1820 53 © June 28, 1932; 1c. Oct. 4; A— Foreign 18237; Julius Springer.
520 3593 278 48 (32-31139)

439 3672 386 64 Engelhardt,
855 3673 319 54 Nickolaus
1204 3675 197 65 Louis,
1433 3682 170 48 1882-

436 3747 1966 148 Standards for junior high school buildings, by N. L. Engelhardt … prepared
1088 3826 94 53 for
1224 3846 97 35 use
1362 3828 60 53 in
1466 3829 331 53 connection
1840 3827 141 54 with
2023 3829 98 52 the
438 3827 1986 144 Strayer-Engelhardt

826 3922 153 35 score
1009 3904 135 53 card
1175 3903 94 54 for
1298 3905 193 68 junior
1521 3905 142 70 high
1693 3906 190 53 school
1913 3904 308 70 buildings.
2287 3904 138 54 New

437 3980 163 52 York
640 3981 133 68 city,
815 3981 277 54 Teachers
1136 3982 228 68 college,
1407 3979 299 56 Columbia
1749 3982 334 69 university,
2128 3984 150 51 1932.
