2563 4368
1306 4051 103 55 790

536 510 1816 50 xxv, 247 p. illus., pl. 21 ᶜᵐ. (The Century Catholic college texts;
362 566 128 42 John
516 568 54 41 A.
597 568 147 48 Lapp,
771 568 197 49 general
993 568 181 49 editor)
1316 566 132 50 $2.00

372 635 51 52 ©
455 640 114 46 May
597 638 69 47 16,
697 637 113 42 1932;
869 638 68 41 2c.
968 640 98 38 and
1094 637 81 41 aff.
1207 639 113 47 May
1350 638 55 39 21;
1464 638 43 39 A
1535 637 143 41 52072;
1739 639 215 47 Century
1983 649 66 29 co.

450 696 279 49 (32-14187)

364 799 183 55 Omar
574 798 337 66 Khayyām.

432 875 1926 69 The algebra of Omar Khayyam, by Daoud S. Kasir … New
363 954 163 53 York
569 953 134 69 city,
747 955 277 52 Teachers
1068 954 228 68 college,
1343 952 299 56 Columbia
1685 953 335 68 university,
2067 956 150 51 1931.

362 1026 1978 106 iv p., 1 l., 126 p. diagrs. 23½ᶜᵐ. (Teachers college, Columbia university. Contributions to education, no. 385)
434 1156 171 39 Issued
633 1157 102 38 also
764 1165 53 30 as
846 1154 152 41 thesis
1025 1154 15 48 (PH.
1214 1155 14 47 D.)
1266 1154 250 41 Columbia
1544 1154 284 48 university.

435 1210 1922 49 “A … manuscript … in the library of Professor David Eugene Smith
413 1267 1946 49 … has been used as the Arabic text in the preparation of the present
363 1324 443 49 translation.”—p.
838 1324 40 41 9.

432 1380 351 49 Bibliography;
840 1392 43 37 p.
914 1380 215 40 125-126.

709 1436 669 48 CONTENTS.—Introduction.—Al-jabr
1420 1436 109 40 w’al
1573 1436 294 48 muqâbalah
1909 1437 53 40 of

2005 1436 147 41 Omar
361 1437 1979 106 Khayyam.
548 1493 399 42 Demonstration
978 1492 287 49 concerning
1297 1494 82 39 the
1409 1492 290 56 completion
1729 1494 96 39 and
1856 1492 252 41 reduction
2138 1493 53 40 of
361 1494 1977 100 problems.

369 1619 51 52 ©
453 1624 111 39 Feb.
594 1623 69 47 12,
694 1622 113 41 1932;
866 1622 68 41 2c.
966 1623 120 38 Mar.
1120 1622 55 38 14;
1236 1620 81 41 aff.
1351 1622 122 41 Mar.
1504 1620 57 41 18;
1619 1621 41 38 A
1690 1620 147 41 49616;
1894 1621 240 40 Teachers
2165 1621 192 48 college,

437 1681 250 40 Columbia
721 1679 284 47 university.
1076 1677 279 50 (32-14215)

363 1785 205 65 Rendl,
597 1785 212 64 Georg,
838 1788 172 50 1903-

497 1857 1862 71 … Vor den fenstern, roman. Stuttgart, Berlin, Deutsche
364 1936 690 70 verlags-anstalt [ ᶜ19 32 ]
429 2007 392 52 325, [1] p. 20 ᶜᵐ.
370 2079 1986 52 © Mar. 16, 1932; 1c. May 5; A—Foreign 16693; Deutsche verlags-
437 2142 199 38 anstalt.
707 2137 278 51 (32-13809)

364 2241 233 66 Rorem,
629 2242 278 56 Clarence
934 2241 217 62 Rufus,
1182 2245 170 51 1894-

360 2317 1967 133 … The costs of medicines; the manufacture and distribution
526 2396 64 54 of
635 2396 176 68 drugs
856 2397 113 52 and
1012 2395 304 54 medicines
1359 2395 61 53 in
1463 2396 95 52 the
1603 2395 218 54 United
1866 2396 188 55 States
2099 2397 112 52 and
2254 2396 96 53 the

359 2472 1929 70 services of pharmacy in medical care, by C. Rufus Rorem …
361 2549 1989 70 and Robert P. Fischelis … Chicago, Ill., The University of
358 2627 252 68 Chicago
645 2647 156 49 press
841 2631 172 65 [1932]

432 2703 66 45 xi,
537 2700 87 41 250
661 2711 44 38 p.
764 2697 55 41 23½ᶜᵐ.
981 2699 356 48 (Publications
1378 2700 51 41 of
1466 2702 83 40 the
1590 2699 286 43 Committee
1914 2711 61 30 on
2014 2702 81 40 the
2134 2704 127 39 costs
2302 2703 52 41 of

362 2771 204 40 medical
596 2780 111 32 care;
766 2782 75 29 no.
874 2771 78 48 14)

433 2824 349 52 Bibliography
808 2829 53 39 at
888 2828 92 40 end
1008 2827 51 41 of
1084 2829 118 39 each
1230 2828 202 48 chapter
1458 2829 171 47 except
1655 2830 109 38 two.

371 2895 51 52 ©
453 2900 113 47 Apr.
595 2898 70 49 29,
695 2898 112 41 1932;
866 2899 66 39 2c.
965 2900 95 38 and
1090 2898 82 41 aff.
1203 2899 113 47 May
1346 2898 56 39 21;
1461 2898 42 39 A
1533 2894 145 44 52080;
1736 2899 279 48 University
2047 2900 52 40 of
2131 2898 221 50 Chicago,

439 2956 221 48 Chicago.
730 2955 278 49 (32-14203)

365 3060 170 64 Ross,
560 3059 324 66 Hermann,
914 3063 172 51 1862-

495 3134 1856 72 … Praktikum der gallenkunde (cecidologie) entstehung,
363 3211 401 69 entwicklung,
784 3212 112 52 bau
921 3212 99 52 der
1044 3213 180 52 durch
1246 3211 140 54 tiere
1408 3213 119 52 und
1551 3212 261 68 pflanzen
1833 3210 520 71 hervorgerufenen

362 3288 1988 71 gallbildungen, sowie ö kologie der gallenerreger, von professor
364 3366 1985 70 dr. Hermann Ross … mit 181 abbildungen. Berlin, J.
366 3444 296 69 Springer,
692 3445 149 51 1932.

469 3514 1616 52 x, 312 p. illus. 24½ᶜᵐ. (Biologische Studienbücher … XII)
436 3593 354 48 “Angeführtes
848 3590 285 41 schrifttum”;
1191 3601 45 38 p.
1272 3591 245 51 [294]-300.

373 3660 1791 51 © Jan. 25, 1932; 1c. Apr. 13; A— Foreign 16419; Julius Springer.
450 3719 279 49 (32-13886)

367 3821 362 65 Sabouraud,
757 3820 288 54 Raimond
1074 3822 252 63 Jacques
1354 3822 241 65 Adrien,
1626 3827 172 50 1864-

497 3896 1850 69 … Diagnostic et traitement des affections du cuir chevelu.
364 3974 816 68 Paris, Masson et c ⁱᵉ , 1932.
