2563 4368
1384 4047 100 50 542

439 507 1988 60 © 1c. Mar. 29, 1932; A ad int. 16211; pubd. Jan. 29; F arrar & Rinehart,
507 567 49 39 inc.,
641 568 116 38 New
786 567 141 39 York.
999 566 279 48 (32-10446)

434 666 378 69 Shoemaker,
848 671 205 63 Henry
1088 669 306 66 Wharton,
1432 672 170 51 1880-
1814 685 179 36 comp.

507 745 165 55 Some
705 746 199 53 stories
937 746 63 52 of
1032 747 94 53 old
1161 746 256 53 deserted
1448 747 200 52 houses
1681 745 59 55 in
1775 746 93 53 the
1900 746 214 52 central
435 746 1961 131 Pennsylvania

644 824 342 67 mountains,
1025 824 281 67 compiled
1347 823 150 54 from
1537 824 144 52 local
1718 842 219 35 sources
1976 823 75 68 by
2089 824 202 67 Henry
2329 824 89 54 W.

437 900 1914 69 Shoemaker … Altoona, Pa., Times tribune company, 1931.
435 972 1968 100 2 p. l., 81 p. incl. pl. front., pl. 20½ ᶜᵐ . (Publications of Pennsylvania
542 1030 773 48 folk-lore society, no. XIII …)
441 1098 51 51 ©
525 1103 110 40 Dec.
666 1101 39 49 2,
736 1102 139 47 1931;
908 1102 66 40 2c.
1007 1104 95 38 and
1133 1102 82 40 aff.
1247 1103 110 39 Dec.
1388 1102 52 47 5;
1474 1102 41 39 A
1544 1101 171 47 45336;
1750 1102 160 40 Times
1943 1101 191 40 tribune
2167 1111 67 30 co.

518 1159 278 48 (32-10048)

436 1261 213 66 Smith,
682 1266 136 50 Mrs.
849 1263 243 53 Harriet
1132 1263 329 66 (Lummis)

503 1337 221 69 Happy
774 1339 139 68 days
967 1338 93 53 for
1110 1338 265 69 shut-ins,
1426 1340 281 67 prepared
1755 1338 75 70 by
1882 1337 241 54 Harriet
2171 1338 257 54 Lummis

434 1415 1968 146 Smith … A book of comfort and cheer—a plan of daily occupation
666 1494 112 52 and
811 1495 214 52 record.
1093 1495 116 51 For
1240 1494 160 53 those
1429 1494 126 53 who
1589 1512 94 35 are
1715 1493 119 54 sick
1866 1495 112 52 and
2011 1494 134 53 shut
2174 1493 60 54 in
2270 1493 92 54 for
2395 1513 32 34 a

434 1572 160 53 short
631 1591 63 33 or
732 1593 31 33 a
802 1572 136 68 long
975 1571 199 68 period
1214 1570 64 55 of
1317 1570 151 54 time.
1544 1570 195 71 Elgin,
1778 1571 113 70 Ill.,
1930 1571 193 54 David
2165 1571 63 55 C.
2271 1571 157 55 Cook

434 1648 879 70 publishing company [ ᶜ19 31 ]
502 1721 621 48 4 p. l., 11-197 p. 19 ᶜᵐ .
505 1777 235 49 Contains
774 1789 27 29 a
839 1778 183 41 section
1057 1778 79 40 for
1167 1779 119 39 each
1319 1780 95 46 day
1446 1777 53 41 of
1531 1778 82 41 the
1649 1788 129 39 year,
1814 1777 164 49 giving
2012 1778 252 48 quotation
2302 1778 126 41 from

437 1836 79 39 the
546 1834 152 47 Bible,
727 1834 226 41 followed
983 1835 61 47 by
1072 1834 156 41 either
1258 1846 27 29 a
1317 1833 229 42 selection
1576 1834 126 40 from
1733 1834 256 41 literature
2019 1844 55 30 or
2103 1846 26 28 a
2162 1836 138 39 short
437 1844 1975 87 personal

603 1892 116 45 talk,
753 1893 95 38 and
881 1902 27 29 a
939 1890 148 40 blank
1118 1901 140 38 space
1290 1891 79 40 for
1400 1890 111 48 “My
1540 1890 133 48 daily
1704 1889 210 43 record”.

443 1959 50 51 ©
518 1963 119 47 Aug.
659 1963 69 46 31,
753 1961 111 41 1931;
918 1962 67 42 2c.
1010 1963 122 39 Mar.
1157 1963 67 46 17,
1250 1961 112 42 1932;
1417 1962 80 40 aff.
1522 1964 121 38 Mar.
1671 1962 54 40 16;
1780 1963 39 39 A
1844 1962 142 41 49161;
2042 1962 158 41 David
2227 1962 48 41 C.
2302 1962 128 41 Cook

509 2019 279 48 publishing
813 2029 66 30 co.
950 2018 279 48 (32-10092)

437 2122 392 65 Stilgebauer,
860 2123 270 64 Edward,
1162 2128 169 50 1868-

505 2200 119 51 Das
653 2199 519 68 himmelsguckerli;
1232 2199 90 53 ein
1352 2200 499 53 schweizerroman
1879 2219 112 33 von
2017 2201 139 67 berg
2184 2202 117 51 und
2330 2202 98 63 tal,

436 2296 110 34 von
591 2278 252 52 Edward
887 2277 373 68 Stilgebauer.
1337 2277 383 53 Rheinfelden
1772 2277 254 68 (Baden)
2077 2281 64 50 P.
435 2279 1969 142 Krauseneck,

626 2360 148 49 1931.

507 2429 85 39 322
624 2439 42 37 p.
756 2427 115 40 19½ᶜᵐ.

444 2496 1969 100 © Nov. 15, 1931; 1c. Jan. 19, 1932; A—Foreign 15450; Peter Krauseneck.
714 2555 250 48 (32-9782)

440 2659 217 65 Stratz,
687 2659 237 57 Rudolf,
955 2663 170 50 1864-

508 2735 296 53 Karussell
847 2735 227 68 Berlin;
1120 2755 197 34 roman
1359 2754 111 35 von
1511 2736 272 68 Rudolph
1828 2737 207 55 Stratz.
2129 2743 45 48 1.
2217 2737 86 54 bis
2348 2742 79 49 10.

440 2813 1433 69 tausend. Berlin, A. Scherl g. m. b. h. [ ᶜ19 31 ]
511 2885 440 50 306, [1] p. 19 ᶜᵐ .
445 2953 1984 54 © Oct. 19, 1931; 1c. Mar. 15, 1932; A—Foreign 16124; August Scherl,
513 3023 40 38 g.
580 3024 58 28 m.
666 3014 42 39 b.
734 3014 43 37 h.
850 3013 248 48 (32-9781)

440 3114 230 66 Taylor,
701 3116 207 65 Henry
934 3117 248 65 Osborn,
1215 3123 171 50 1856-

510 3192 1856 72 Fact, the romance of mind, by Henry Osborn Taylor …
439 3269 137 52 New
607 3269 178 65 York,
814 3269 121 53 The
963 3270 333 53 Macmillan
1327 3289 297 52 company,
1656 3275 149 50 1932.

509 3341 63 47 ix,
631 3341 56 41 166
713 3352 43 37 p.
816 3341 147 41 20½ᶜᵐ.

448 3409 51 51 ©
531 3413 121 39 Mar.
683 3414 38 44 8,
753 3413 139 47 1932;
925 3413 67 41 2c.
1023 3417 94 38 and
1149 3414 81 40 aff.
1261 3416 122 39 Mar.
1414 3415 53 47 9;
1501 3416 40 39 A
1571 3416 169 47 48856;
1776 3417 279 40 Macmillan
2087 3429 67 29 co.

524 3468 279 48 (32-10093)

443 3568 158 56 Thar
639 3572 97 53 she
772 3573 202 64 blows;
1017 3592 72 33 an
1126 3574 157 65 early
1322 3575 137 52 New
1499 3575 260 53 Bedford
1797 3576 254 71 whaling
2087 3595 161 50 yarn,
2287 3577 138 53 with

511 3667 72 34 an
609 3649 397 68 introductory
1030 3654 132 50 note
1187 3653 113 52 and
1327 3652 287 67 drawings
1641 3654 75 66 by
1745 3655 148 54 Paul
1919 3655 301 54 Johnston.
2294 3656 136 53 New

512 3724 178 69 York,
718 3726 263 54 Random
1006 3728 190 67 house,
1225 3731 148 50 1931.

515 3797 827 50 [22] p. front., col. illus. 21 ᶜᵐ .
510 3854 286 41 Illustrated
828 3858 96 46 t.-p.
957 3855 52 41 in
1039 3857 169 41 colors.

448 3918 51 51 ©
530 3923 125 47 Sept.
685 3923 68 48 10,
781 3924 139 47 1931;
949 3925 66 40 2c.
1043 3925 111 48 Apr.
1184 3926 38 48 6,
1251 3926 138 47 1932;
1495 3959 7 9 aff.
1532 3928 109 40 Feb.
1669 3928 52 46 9;
1753 3928 40 39 A
1821 3929 168 47 50566;
2021 3930 219 39 Random
2268 3929 159 46 house,

515 3978 89 42 inc.
676 3979 277 50 (32-10098)
