2563 4368
1295 4053 101 51 620

408 507 763 53 vi p., 1 l. , 246 p., 1 l. 19½ᶜᵐ.
344 578 1992 54 © 1c. Mar. 23, 1932; A ad int. 16174; pubd. Feb. 5; Charles Scribner’s
412 650 125 37 sons,
567 640 115 39 New
711 639 146 40 York.
926 637 250 49 (32-9558)

342 742 239 65 Creasy,
612 742 98 54 Sir
741 742 253 53 Edward
1027 741 324 64 Shepherd,
1387 741 324 54 1812-1878.

470 815 1866 73 … Turkey, by Sir Edward S. Creasy, revised and edited by
337 894 2002 71 Archibald Cary Coolidge … and W. Harold Claflin … The
340 972 1998 69 Balkan states … [Memorial ed.] New York, P. F. Collier &
337 1053 639 67 son company [ ᶜ1 932]
413 1125 103 47 xiii,
564 1125 84 40 614
693 1136 43 37 p.
813 1125 162 48 front.,
1026 1124 129 41 illus.
1184 1124 183 48 (maps)
1423 1124 174 48 plates.
1671 1122 118 43 23ᶜᵐ.
1875 1123 123 50 (The
2048 1123 189 50 history
2286 1124 52 41 of

339 1180 1349 50 nations, H. C. Lodge … editor-in-chief, vol. XIV)
414 1238 330 47 Frontispiece
772 1238 342 48 accompanied
1140 1237 60 48 by
1228 1239 155 47 guard
1411 1238 136 40 sheet
1572 1237 120 41 with
1721 1236 291 49 descriptive
2041 1238 295 48 letterpress.

411 1295 347 48 Bibliography
777 1306 8 29 :
813 1305 43 38 p.
889 1293 249 52 [609]-614.

349 1362 51 53 ©
426 1367 113 48 Apr.
564 1367 39 47 1,
630 1366 112 41 1932;
797 1367 68 42 2c.
891 1367 112 47 May
1029 1367 53 47 3;
1109 1366 81 40 aff.
1217 1366 112 48 Apr.
1357 1365 84 47 30;
1469 1366 40 39 A
1534 1365 172 48 49817;
1735 1367 49 39 P.
1814 1366 53 41 F.
1893 1365 177 42 Collier
2098 1370 36 41 &
2160 1377 85 29 son
2273 1377 68 30 co.

419 1419 70 54 [©
519 1434 105 30 new
652 1423 228 41 material
911 1425 95 38 and
1038 1422 250 49 revisions]
1361 1422 281 51 (32-12649)

345 1525 195 67 Cross,
568 1528 143 52 Tom
737 1527 197 66 Peete,
962 1525 172 55 1879-
1345 1526 85 54 ed.

411 1602 305 55 American
753 1602 249 68 writers;
1042 1603 298 69 pathways
1376 1609 58 47 to
1473 1602 247 69 English
1758 1601 113 55 and
1906 1601 306 56 American
342 1602 1976 148 literature,

614 1678 1724 71 by Tom Peete Cross … Reed Smith … and Elmer C.
344 1756 1993 71 Stauffer … Boston, New York [etc.] Ginn and company [ ᶜ1 932]
413 1828 1927 52 vii, 174 p. illus. 24ᶜᵐ. [With their English writers … Boston, New
342 1884 460 53 York [etc., ᶜ1 932]
351 1943 51 51 ©
426 1947 113 47 Apr.
564 1947 67 46 13,
658 1945 113 41 1932;
825 1947 66 40 2c.
916 1946 113 48 Apr.
1053 1946 84 41 25;
1163 1945 83 41 aff.
1271 1946 113 48 Apr.
1408 1945 83 47 26;
1516 1946 40 39 A
1581 1945 144 41 49675;
1779 1946 54 42 T.
1857 1947 50 39 P.
1934 1946 158 43 Cross,
2119 1945 223 49 Chicago,

420 2004 127 39 Reed
589 2003 170 48 Smith,
799 2002 264 47 Columbia,
1106 2003 44 40 S.
1190 2002 63 48 C.,
1293 2004 93 39 and
1428 2002 162 40 Elmer
1628 2002 48 41 C.
1719 2003 227 48 Stauffer,
1988 2002 223 48 Chicago.
2274 1999 68 53 [©

418 2059 287 49 adaptation
734 2062 95 39 and
857 2059 326 41 combination
1213 2060 51 40 of
1294 2062 93 38 two
1417 2060 161 49 books]
1651 2059 279 49 (32-12111)

415 2159 244 70 English
692 2162 249 64 writers;
975 2161 299 68 pathways
1303 2167 59 48 to
1396 2158 243 70 English
1674 2160 112 56 and
1819 2160 302 54 American
346 2159 1971 147 literature,
526 2237 75 69 by

641 2235 1700 57 Tom Peete Cross … Reed Smith … and Elmer C.
349 2313 1994 72 Stauffer … Boston, New York [etc.] Ginn and company
351 2395 193 66 [ ᶜ1 932]
452 2461 1087 51 x, 164 p. incl. front. (port.) illus. 24ᶜᵐ.
416 2519 1925 51 With this is bound their American writers … Boston, New York
363 2576 282 50 [etc., ᶜ1 932]
418 2633 146 41 “This
591 2634 189 40 volume
807 2632 42 42 is
877 2643 61 30 an
967 2631 319 50 abridgment,
1311 2633 80 40 for
1419 2644 84 29 use
1531 2632 48 40 in
1609 2632 275 50 Philippine
1911 2634 202 49 schools,
2142 2635 51 41 of
346 2635 1979 103 English,
471 2690 193 41 writers
694 2690 96 40 and

818 2689 256 40 American
1103 2688 193 41 writers
1324 2689 50 40 in
1403 2689 159 48 Cross,
1595 2689 171 48 Smith,
1798 2691 95 40 and
1925 2690 255 43 Stauffer’s
2209 2692 133 41 Good

348 2747 202 48 reading
579 2746 80 41 for
690 2745 117 49 high
838 2744 425 42 schools.”—Pref.

355 2804 53 52 ©
439 2808 113 47 Apr.
583 2807 70 46 13,
685 2806 113 40 1932;
859 2806 66 40 2c.
952 2805 117 47 Apr.
1103 2804 56 40 25;
1220 2803 82 42 aff.
1334 2804 114 48 Apr.
1481 2804 58 40 26;
1597 2804 40 39 A
1668 2803 145 42 49675;
1875 2805 51 40 T.
1961 2805 50 40 P.
2045 2805 157 47 Cross,
423 2803 1903 108 Chicago,
589 2863 127 40 Reed

755 2861 169 48 Smith,
962 2861 263 47 Columbia,
1264 2860 44 42 S.
1344 2861 65 47 C.,
1443 2862 94 38 and
1573 2861 161 40 Elmer
1771 2861 47 41 C.
1857 2861 227 49 Stauffer,
2121 2858 223 51 Chicago.

427 2917 69 55 [©
521 2919 287 49 adaptation
833 2920 94 38 and
953 2917 325 41 combination
1303 2917 52 41 of
1379 2920 94 38 two
1499 2917 162 49 books]
1734 2917 279 50 (32-12112)

351 3023 264 64 Deberle,
654 3021 211 53 Alfred
902 3020 238 65 Joseph,
1181 3021 324 55 1835-1877.

481 3096 1861 67 … South America; translated and edited from the work of
348 3168 1969 158 Alfred Joseph D̀ eberlè by Philip Patterson Wells … [Memorial ed.]
671 3257 1562 71 New York. P. F. Collier & son company [ ᶜ1 932]
419 3332 99 45 xxi,
558 3332 98 43 246,
696 3331 270 46 246a-246t,
1010 3330 247 51 [247]-254,
1297 3330 272 49 254a-254j,
1616 3330 246 51 [255]-260,
1904 3331 281 48 260a-260v,
348 3332 1994 97 261-362

476 3399 43 37 p.
589 3388 163 48 front.,
796 3388 126 40 illus.
954 3388 183 47 (maps)
1189 3388 171 47 plates.
1434 3388 117 40 23ᶜᵐ.
1634 3388 124 48 (The
1803 3388 188 47 history
2036 3389 52 40 of
2131 3388 206 48 nations,

350 3443 1105 49 H. C. Lodge … editor-in-chief, vol. XXI)
420 3500 330 48 Frontispiece
778 3500 341 47 accompanied
1144 3500 61 48 by
1234 3501 154 47 guard
1415 3501 135 40 sheet
1577 3500 120 41 with
1726 3499 289 49 descriptive
2043 3501 295 48 letterpress.

420 3556 372 49 Bibliography:
823 3567 43 37 p.
899 3555 247 51 [355]-362.

358 3611 52 51 ©
436 3615 113 47 Apr.
574 3616 40 47 1,
640 3614 114 41 1932;
807 3615 66 40 2c.
901 3616 113 45 May
1039 3615 26 40 3;
1121 3614 82 40 aff.
1229 3615 111 47 Apr.
1367 3614 58 41 30;
1477 3615 38 39 A
1541 3614 145 42 49817;
1742 3616 49 40 P.
1819 3615 52 41 F.
1898 3614 177 42 Collier
2100 3615 36 40 &
2163 3626 84 29 son
2275 3625 65 30 co.

429 3667 69 53 [©
527 3682 106 28 new
661 3671 226 39 material
918 3673 95 37 and
1045 3671 249 48 revisions]
1367 3671 278 47 (32-12650)

354 3770 283 66 Deeping,
665 3771 310 65 Warwick,
1007 3773 171 55 1877-

422 3846 115 55 Old
565 3847 144 53 wine
736 3849 111 52 and
873 3867 140 49 new,
1037 3848 75 69 by
1137 3849 288 55 Warwick
1449 3849 279 69 Deeping.
1801 3850 139 53 New
1967 3849 178 67 York,
2171 3849 69 53 A.
2268 3848 69 54 A.

351 3923 223 69 Knopf,
606 3928 150 50 1932.

423 3997 693 52 3 p. l., 3-387, [1] p. 20ᶜᵐ.
