2563 4368
1063 4032 101 49 255

106 455 353 62 Thompson,
490 451 209 65 Ralph.

170 531 202 52 Verses
431 527 94 53 for
582 526 197 53 varied
837 526 213 64 moods,
1106 524 75 67 by
1239 522 195 67 Ralph
1491 521 347 66 Thompson.
1939 518 154 68 [New

99 606 285 67 Rochelle,
412 605 70 53 N.
515 605 90 66 Y.]
642 604 157 52 Priv.
830 603 133 67 pub.
999 601 140 68 [The
1168 598 462 54 Knickerbocker
1662 615 173 48 press]
1874 599 150 49 1932.

173 680 55 40 63
259 692 42 37 p.
363 679 114 40 18ᶜᵐ.

112 740 1988 58 © Feb. 18, 1932; 2c. and aff. Feb. 26; A 48642; R. Thompson, New
179 807 141 38 York.
393 802 249 50 (32-5602)

107 910 230 63 Truett,
369 908 225 63 George
624 905 413 65 Washington,
1070 905 171 54 1867-

176 975 1926 74 “Follow thou Me”, by George W. Truett … New York,
107 1064 65 51 R.
202 1063 164 67 Long
392 1064 46 49 &
463 1062 68 51 R.
561 1062 67 50 R.
660 1060 208 65 Smith,
896 1059 124 66 inc.,
1052 1061 150 50 1932.

178 1133 551 52 5 p. l. , 241 p. 19½ᶜᵐ.
114 1203 52 51 ©
192 1206 110 40 Feb.
326 1206 68 45 26,
422 1204 112 41 1932;
590 1205 66 39 2c.
684 1205 122 40 Mar.
833 1204 24 38 1;
914 1202 80 40 aff.
1023 1202 109 39 Feb.
1161 1199 55 40 29;
1272 1201 41 38 A
1337 1199 146 41 47888;
1540 1198 197 47 Sunday
1764 1197 162 40 school
1952 1196 152 41 board

182 1264 50 39 of
263 1263 80 40 the
378 1263 239 39 Southern
651 1260 224 47 Bapstist
903 1258 300 47 convention,
1237 1256 265 41 Nashville.
1573 1254 250 50 (32-5887)

109 1367 69 53 U.
211 1367 56 53 S.
343 1366 183 66 Laws,
557 1370 257 60 statutes,
847 1369 99 46 etc.

239 1442 159 53 United
452 1441 187 55 States
693 1441 167 54 Code.
939 1440 277 67 Compact
1267 1440 84 51 ed.
1427 1439 263 65 January
1742 1440 152 64 1932,
112 1454 1966 133 pamphlet

305 1521 376 67 supplement,
716 1519 349 68 comprising
1099 1518 97 52 the
1228 1519 138 51 laws
1400 1516 65 54 of
1498 1535 31 33 a
1564 1518 229 66 general
1829 1516 112 52 and
111 1533 1967 122 permanent

368 1602 202 48 nature
599 1598 233 52 enacted
862 1598 154 52 from
1044 1597 308 53 December
1378 1596 51 66 7,
1458 1599 152 63 1931,
1638 1601 59 46 to
1727 1597 264 64 January
2018 1597 85 64 23,

116 1674 1988 70 1932 … [St. Paul] West publishing company; [Northport,
113 1754 1545 67 L. I., N. Y.] Edward Thompson company, ᶜ193 2.
181 1829 58 40 68
271 1839 41 37 p.
373 1828 114 40 23ᶜᵐ.

119 1894 50 52 ©
200 1900 120 38 Mar.
348 1899 42 46 1,
420 1897 139 47 1932;
591 1898 65 40 2c.
689 1899 120 38 Mar.
841 1899 81 45 14;
955 1898 80 41 aff.
1069 1899 121 39 Mar.
1221 1898 81 45 16;
1336 1898 40 38 A
1407 1897 168 46 50112;
1610 1897 135 40 West
1773 1897 109 47 pub.
1913 1907 67 28 co.
2013 1897 96 40 and

185 1956 210 38 Edward
426 1955 273 47 Thompson
733 1965 65 29 co.

121 2058 280 65 [Weekes,
430 2058 205 64 Agnes
661 2058 251 66 Russell]

241 2132 1865 69 … The story of Leland Gay. New York, Dodd, Mead &
109 2230 295 48 company,
440 2215 151 49 1932.

180 2269 533 63 3 p. l. , 303 p. 21ᶜᵐ.
184 2338 227 42 Author’s
439 2339 179 49 pseud.,
648 2340 227 47 Anthony
902 2340 172 46 Pryde,
1104 2340 52 39 at
1183 2340 124 40 head
1337 2339 52 41 of
1415 2339 121 41 title.

121 2408 52 51 ©
205 2412 109 38 Feb.
345 2412 69 41 26,
448 2411 111 40 1932;
618 2411 66 43 2c.
717 2413 95 38 and
845 2410 81 41 aff.
959 2412 121 38 Mar.
1112 2411 26 37 4;
1200 2410 40 38 A
1270 2410 144 40 48775;
1478 2410 151 47 Dodd,
1664 2411 141 38 Mead
1838 2409 36 40 &
1905 2421 81 35 co.,
2020 2407 88 42 inc.

199 2468 249 48 (32-5748)

116 2572 164 52 West
310 2570 287 65 Virginia.
676 2573 275 65 Supreme
982 2576 160 47 court
1172 2571 64 67 of
1264 2571 249 67 appeals.

188 2646 1775 69 Report of cases determined … from March 4, 1930, to
120 2649 1965 128 December
371 2730 47 62 9,
456 2728 150 64 1930,
640 2728 75 66 by
749 2727 257 52 Howard
1041 2731 66 49 B.
1143 2729 128 65 Lee,
1306 2731 263 64 attorney
1605 2729 228 66 general
1871 2727 112 52 and
2018 2744 90 34 ex-

119 2801 174 55 officio
350 2809 256 63 reporter.
697 2822 51 35 v.
810 2809 113 48 109.
1001 2805 356 67 Charleston,
1411 2806 280 52 Mathews
1745 2805 267 70 printing
2065 2809 46 50 &

119 2881 468 67 litho. c o., 1931.
189 2954 909 51 xlviii, 841 p. fold. diagrs. 23ᶜᵐ.
125 3021 1985 55 © June 23, 1931; 1c. Aug. 26; 1c. Sept. 9; aff. Jan. 23, 1932; A 47265;
195 3082 135 40 State
358 3083 51 39 of
436 3084 133 39 West
597 3083 234 47 Virginia,
862 3083 301 48 Charleston,
1193 3085 71 40 W.
1293 3086 85 39 Va.

121 3184 196 56 White
370 3186 183 53 house
607 3187 347 54 conference
1006 3204 72 36 on
1132 3188 154 53 child
1339 3188 204 53 health
1593 3188 115 53 and
1761 3188 347 65 protection.

191 3263 132 53 Sect.
412 3283 18 33 I:
466 3265 249 53 Medical
751 3266 226 52 service.
1055 3266 337 53 Committee
1431 3285 75 35 on
1542 3268 264 66 prenatal

1842 3267 117 53 and
192 3285 1895 109 maternal
405 3361 139 37 care.

122 3417 1964 130 … Obstetric education … Pt. 1 of report of the Subcommittee on
433 3497 265 55 obstetric
722 3500 266 67 teaching
1011 3501 109 52 and
1145 3501 318 55 education,
1486 3504 151 51 Fred
1661 3506 223 65 Lyman
1908 3503 203 67 Adair,

125 3574 1983 77 m. D., chairman … New York, London, The Century co.
129 3653 191 62 [ ᶜ193 2]
244 3752 8 9 iv.
288 3723 81 38 Ill
405 3734 42 36 p.
507 3724 116 44 23ᶜᵐ.

192 3777 286 42 Illustrated
512 3780 361 50 lining-papers.

129 3843 52 51 ©
210 3848 109 39 Feb.
348 3849 68 46 11,
445 3849 112 41 1932;
613 3852 67 41 2c.
709 3855 95 38 and
833 3854 81 42 aff.
944 3855 108 40 Feb.
1084 3856 58 39 16;
1197 3857 41 39 A
1263 3857 144 41 48484;
1465 3859 162 40 White
1656 3860 148 39 house
1834 3858 282 41 conference

197 3914 59 28 on
286 3904 128 40 child
445 3906 166 40 health
644 3911 93 37 and
768 3910 283 48 protection,
1084 3913 106 47 Ray
1221 3914 185 48 Lyman
1438 3916 203 48 Wilbur,
1674 3926 55 29 m.
1762 3927 52 37 d.,
1849 3916 265 47 chairman,

195 3960 332 49 Washington.
599 3964 249 47 (32-6637)
