2563 4368
982 4065 100 51 515

55 461 215 64 Bülow,
297 463 307 52 Bernhard
633 458 279 56 Heinrich
941 459 221 54 Martin
1190 458 161 63 Karl,
1380 458 154 66 fürst
1558 474 131 38 von.

123 538 268 55 Memoirs
435 539 62 52 of
544 539 204 53 Prince
792 557 111 33 von
947 537 220 55 Bülow.
1317 578 9 10 III.
1367 536 120 52 The
1533 535 178 52 world
1760 553 118 33 war
1923 534 111 52 and

52 619 332 66 Germany’s
413 618 263 67 collapse,
710 619 321 49 1909-1919.
1106 615 336 52 Translated
1479 614 152 52 from
1661 614 96 52 the
1786 615 248 54 German

53 698 71 64 by
149 692 266 70 Geoffrey
439 695 250 66 Dunlop.
767 693 350 53 Illustrated.
1194 695 232 64 Boston,
1451 693 193 55 Little,
1670 696 228 55 Brown,
1924 692 110 51 and

51 789 296 52 company,
378 775 147 53 1932.

152 842 1191 55 x p., 2 l., [3]-435 p. front., plates, ports. 24 ᶜᵐ.
57 912 51 52 ©
141 918 111 44 May
282 916 39 45 6,
355 914 137 46 1932;
525 915 66 40 2c.
623 915 95 41 and
750 914 81 41 aff.
865 916 113 45 May
1010 915 51 43 7;
1097 914 39 39 A
1167 913 171 45 49878;
1373 913 161 46 Little,
1569 915 189 44 Brown,
1792 914 94 38 and
123 916 1900 109 company.

51 1074 324 65 Charteris,
409 1073 208 56 Leslie.

178 1143 1858 79 … Angels of doom … Garden City, N. Y., Pub. for the
49 1222 1981 76 Crime club, inc., by Doubleday, Doran & company, inc. [ ᶜ1 932]
115 1297 598 52 viii p., 1 l. , 310 p. 19½ᶜᵐ.
116 1356 163 41 “First
306 1355 227 42 edition.”

55 1425 50 52 ©
140 1429 111 47 Apr.
287 1428 38 47 8,
361 1427 140 48 1932;
537 1427 66 41 2c.
639 1428 97 40 and
769 1427 82 41 aff.
885 1427 113 48 Apr.
1034 1427 53 42 13;
1153 1428 41 39 A
1227 1426 171 43 49516;
1435 1428 51 41 L.
1524 1426 264 49 Charteris,
1826 1428 209 40 London.

129 1484 248 49 (32-9667)

53 1587 210 68 [Clark,
292 1590 138 54 Mrs.
461 1590 190 52 Mabel
683 1591 305 62 Margaret
1029 1587 278 69 (Cowie)]

116 1665 81 51 To
222 1664 122 53 love
370 1664 110 53 and
506 1672 58 46 to
590 1665 237 66 cherish,
851 1665 75 68 by
952 1664 196 68 Lesley
1175 1663 190 54 Storm
1423 1664 185 70 [pseud.]
1699 1664 130 53 New
1866 1663 170 65 York,

49 1739 1243 72 Farrar & Rinehart, incorporated [ ᶜ1 932]
115 1811 519 50 4 p. l., 3-314 p. 19½ ᶜᵐ.
54 1883 50 52 ©
130 1888 112 47 Apr.
268 1887 69 47 14,
364 1886 138 47 1932;
531 1886 67 42 2c.
624 1888 94 41 and
746 1886 80 41 aff.
853 1887 113 48 Apr.
995 1887 80 44 15;
1106 1888 40 39 A
1171 1886 144 41 49555;
1373 1888 60 38 M.
1465 1888 60 40 M.
1556 1888 49 41 C.
1634 1887 162 48 Clark,
1825 1888 209 40 London.

129 1942 247 50 (32-9935)

50 2048 262 64 Clayton,
341 2048 168 55 Joan.

115 2122 121 55 One
270 2122 160 69 girl’s
463 2124 239 66 morals;
741 2125 93 51 the
872 2141 259 36 romance
1170 2123 63 53 of
1269 2143 30 33 a
1339 2123 416 55 dime-a-dance
1789 2124 132 70 girl,
1956 2124 74 70 by

47 2198 1663 72 Joan Clayton. New York, Grosset & Dunlap [ ᶜ1 932]
112 2271 546 49 2 p. l., 244 p. 19½ᶜᵐ.
55 2338 50 52 ©
134 2344 110 47 Apr.
274 2343 68 47 12,
372 2344 111 40 1932;
543 2345 66 40 2c.
640 2344 95 41 and
765 2343 82 41 aff.
877 2344 112 48 Apr.
1022 2344 52 38 14;
1135 2344 39 39 A
1205 2344 113 40 49531;
1409 2344 198 42 Grosset
1638 2345 35 40 &
1703 2345 208 49 Dunlap,
1944 2345 89 41 inc.

129 2399 247 49 (32-9887)

50 2502 172 64 Cobb,
251 2503 330 65 Stanwood,
613 2507 169 51 1881-

118 2578 1850 76 Discovering the genius within you, by Stanwood Cobb …
51 2657 1364 72 New York, The John Day company [ ᶜ1 932 ]
118 2731 661 52 6 p. l., [3]-286, [2] p. 19½ᶜᵐ.
56 2796 50 52 ©
143 2802 118 40 Mar.
296 2802 68 48 10,
402 2802 110 41 1932;
579 2803 65 39 2c.
684 2805 119 38 Mar.
840 2804 82 46 23;
960 2803 81 41 aff.
1080 2806 111 47 May
1227 2805 52 46 2;
1319 2806 39 38 A
1394 2804 170 49 49470;
1608 2807 44 40 S.
1691 2806 142 48 Cobb,
1871 2805 161 50 Chevy
121 2858 165 49 Chase,
314 2860 94 40 Md.

50 2960 297 55 Columbia
377 2962 350 67 university.

120 3035 308 71 Catalogue
461 3040 63 52 of
560 3060 69 34 an
664 3040 313 55 exhibition
1015 3048 58 47 at
1107 3044 299 56 Columbia
1439 3044 316 69 university
1790 3051 57 48 to
51 3058 1952 114 commemorate

399 3117 95 53 the
543 3137 103 35 one
695 3121 329 52 hundredth
1077 3122 370 69 anniversary
1498 3123 64 53 of
1612 3125 96 53 the
1756 3124 156 55 birth
1962 3125 64 53 of

52 3188 176 56 Lewis
259 3191 222 56 Carroll
523 3196 264 66 (Charles
818 3198 301 70 Lutwidge
1151 3201 301 68 Dodgson)
1497 3205 323 52 1832-1898.
1889 3206 138 52 New

53 3265 172 70 York,
254 3271 296 56 Columbia
580 3274 316 71 university
923 3295 173 51 press,
1128 3282 149 49 1932.

115 3337 1128 60 5 p. l., 3-153 p., 1 l. front., ports. 20½ᶜᵐ.
118 3394 91 41 “Of
233 3395 96 43 this
357 3400 250 47 catalogue
635 3400 168 42 fifteen
831 3405 220 40 hundred
1080 3406 157 47 copies
1266 3409 121 39 have
1415 3408 116 41 been
1560 3409 205 48 printed,
1793 3411 50 39 of
1870 3408 156 44 which

49 3447 269 51 ninety-five
347 3455 258 41 numbered
634 3456 159 50 copies
822 3460 123 42 have
973 3461 117 42 been
1119 3463 158 40 bound
1307 3463 50 41 in
1386 3463 172 43 cloth.”

50 3506 1959 112 Half-title: Catalogue of an exhibition … Avery library, Columbia university, April, 1932.
57 3615 1970 69 © Mar. 31, 1932; 2c. Apr. 2; aff. Apr. 6; A 50577 ; Columbia univ. press.
131 3676 244 50 (32-9534)

52 3773 215 69 Colvin,
295 3781 149 55 Fred
473 3783 273 67 Herbert,
779 3789 170 55 1867-

108 3852 297 56 American
425 3860 344 54 machinists’
790 3863 300 53 handbook
1113 3867 110 51 and
1246 3867 317 70 dictionary
1585 3869 63 52 of
1669 3870 139 67 shop
1829 3874 171 51 terms;

52 3943 29 34 a
123 3929 276 56 reference
440 3934 145 53 book
626 3937 63 52 of
732 3940 255 53 machine
1030 3940 140 70 shop
1217 3944 111 52 and
1373 3944 261 70 drawing
1677 3965 157 36 room
1879 3945 151 69 data,
