<alto xmlns="http://www.loc.gov/standards/alto/ns-v3#" xmlns:xlink="http://www.w3.org/1999/xlink" xmlns:xsi="http://www.w3.org/2001/XMLSchema-instance" xsi:schemaLocation="http://www.loc.gov/standards/alto/ns-v3# http://www.loc.gov/alto/v3/alto-3-0.xsd"><Description>
<MeasurementUnit>pixel</MeasurementUnit>
<sourceImageInformation>
<fileName>1932_v29_part001.pdf</fileName>
</sourceImageInformation>
<OCRProcessing ID="IdOcr">
<ocrProcessingStep>
<processingDateTime>2019-04-25</processingDateTime>
<processingSoftware>
<softwareCreator>ABBYY</softwareCreator>
<softwareName>ABBYY Recognition Server</softwareName>
<softwareVersion>4.0</softwareVersion>
</processingSoftware>
</ocrProcessingStep>
</OCRProcessing>
</Description>
<Styles>
<ParagraphStyle ID="StyleId-FFFFFFFF-FFFF-FFFF-FFFF-FFFFFFFFFFFF-" ALIGN="Left" LEFT="0." RIGHT="0." FIRSTLINE="0."/>
<ParagraphStyle ID="StyleId-547D96D3-B2DE-4E86-A4BD-9DDFC275973A-" ALIGN="Left" LEFT="0." RIGHT="0." FIRSTLINE="0." LINESPACE="7.699999809"/>
<ParagraphStyle ID="StyleId-BE433B82-DF6F-491A-9872-F562FF4150C8-" ALIGN="Block" LEFT="0." RIGHT="0." FIRSTLINE="-13." LINESPACE="7.900000095"/>
<ParagraphStyle ID="StyleId-CC286467-50C5-4655-B0CF-BA365CCE0736-" ALIGN="Block" LEFT="0." RIGHT="0." FIRSTLINE="-15." LINESPACE="8.479999542"/>
<ParagraphStyle ID="StyleId-9878414D-BEDB-487D-971A-CF5ADB5C4AD2-" ALIGN="Block" LEFT="0." RIGHT="0." FIRSTLINE="-14." LINESPACE="10.92000008"/>
<ParagraphStyle ID="StyleId-EBC70DE5-3635-4BD4-B07B-05DF6EFE0022-" ALIGN="Block" LEFT="0." RIGHT="0." FIRSTLINE="-13." LINESPACE="12.19999981"/>
<ParagraphStyle ID="StyleId-8A688F83-F017-4D5D-A00A-14637016ED45-" ALIGN="Left" LEFT="0." RIGHT="0." FIRSTLINE="0." LINESPACE="9.399999619"/>
<ParagraphStyle ID="StyleId-20F0BBAE-20C6-42F4-8113-00B5C02924DC-" ALIGN="Left" LEFT="0." RIGHT="0." FIRSTLINE="0." LINESPACE="11.10000038"/>
<ParagraphStyle ID="StyleId-7AA70148-8873-4ACB-90AE-BF9322E02302-" ALIGN="Left" LEFT="0." RIGHT="0." FIRSTLINE="-13." LINESPACE="11.09000015"/>
<ParagraphStyle ID="StyleId-072EF7BA-7207-4F8B-9A7C-F564E8B4CB16-" ALIGN="Left" LEFT="0." RIGHT="0." FIRSTLINE="-14." LINESPACE="12.19999981"/>
<ParagraphStyle ID="StyleId-44303D12-21D7-4DB0-9E9F-87FA1A861DD7-" ALIGN="Block" LEFT="0." RIGHT="0." FIRSTLINE="-14." LINESPACE="10.92000008"/>
<ParagraphStyle ID="StyleId-43CF0D44-8AC2-4CD0-865F-942C78705184-" ALIGN="Block" LEFT="0." RIGHT="0." FIRSTLINE="-13." LINESPACE="12.19999981"/>
<ParagraphStyle ID="StyleId-7A298A86-29F5-413A-AEC9-078A4CC464D7-" ALIGN="Block" LEFT="0." RIGHT="0." FIRSTLINE="13." LINESPACE="12.19999981"/>
<ParagraphStyle ID="StyleId-8E4E86F7-C1F9-4A1A-B605-6B1FC1C8E9F7-" ALIGN="Left" LEFT="0." RIGHT="0." FIRSTLINE="0." LINESPACE="11.60000038"/>
<ParagraphStyle ID="StyleId-AB39791B-5ED1-444F-BEF5-2CFED1F2709A-" ALIGN="Left" LEFT="0." RIGHT="0." FIRSTLINE="-13." LINESPACE="11.09000015"/>
<ParagraphStyle ID="StyleId-C1F2EEE7-CD00-4E11-9EAD-B222287AEDA4-" ALIGN="Center" LEFT="0." RIGHT="0." FIRSTLINE="0." LINESPACE="11.10000038"/>
</Styles>
<Layout>
<Page ID="Page483" PHYSICAL_IMG_NR="483" HEIGHT="4368" WIDTH="2563">
<TopMargin HEIGHT="450" WIDTH="2563" VPOS="0" HPOS="0">
</TopMargin>
<LeftMargin HEIGHT="3562" WIDTH="18" VPOS="450" HPOS="0">
</LeftMargin>
<RightMargin HEIGHT="3562" WIDTH="527" VPOS="450" HPOS="2036">
</RightMargin>
<BottomMargin HEIGHT="356" WIDTH="2563" VPOS="4012" HPOS="0">
<TextBlock ID="Page483_Block1" HEIGHT="70" WIDTH="120" VPOS="4046" HPOS="968" LANG="en-US" STYLEREFS="StyleId-33D4B053-12C2-4743-B194-1B56886C7DE8-">
<TextLine HEIGHT="50" WIDTH="100" VPOS="4056" HPOS="979">
<String CONTENT="483" HEIGHT="50" WIDTH="100" VPOS="4056" HPOS="979"/>
</TextLine>
</TextBlock>
</BottomMargin>
<PrintSpace HEIGHT="3562" WIDTH="2018" VPOS="450" HPOS="18">
<TextBlock ID="Page483_Block2" HEIGHT="3562" WIDTH="2018" VPOS="450" HPOS="18" LANG="en-US" CS="1" STYLEREFS="StyleId-324EA028-C5D6-4E39-A08B-C54597DE2DD6-">
<TextLine HEIGHT="48" WIDTH="1912" VPOS="530" HPOS="106">
<String CONTENT="&#8220;The" HEIGHT="40" WIDTH="128" VPOS="536" HPOS="106"/>
<SP HEIGHT="40" WIDTH="21" VPOS="536" HPOS="235"/>
<String CONTENT="four" HEIGHT="40" WIDTH="113" VPOS="536" HPOS="257"/>
<SP HEIGHT="38" WIDTH="20" VPOS="536" HPOS="371"/>
<String CONTENT="horsemen&#8217;s" HEIGHT="41" WIDTH="293" VPOS="534" HPOS="392"/>
<SP HEIGHT="29" WIDTH="24" VPOS="546" HPOS="686"/>
<String CONTENT="one" HEIGHT="29" WIDTH="87" VPOS="546" HPOS="711"/>
<SP HEIGHT="29" WIDTH="24" VPOS="546" HPOS="799"/>
<String CONTENT="over" HEIGHT="29" WIDTH="111" VPOS="545" HPOS="824"/>
<SP HEIGHT="28" WIDTH="23" VPOS="545" HPOS="936"/>
<String CONTENT="one" HEIGHT="29" WIDTH="88" VPOS="544" HPOS="960"/>
<SP HEIGHT="29" WIDTH="21" VPOS="544" HPOS="1049"/>
<String CONTENT="method" HEIGHT="39" WIDTH="193" VPOS="534" HPOS="1071"/>
<SP HEIGHT="39" WIDTH="26" VPOS="534" HPOS="1265"/>
<String CONTENT="of" HEIGHT="39" WIDTH="50" VPOS="533" HPOS="1292"/>
<SP HEIGHT="40" WIDTH="24" VPOS="533" HPOS="1343"/>
<String CONTENT="contract" HEIGHT="41" WIDTH="216" VPOS="532" HPOS="1368"/>
<SP HEIGHT="39" WIDTH="25" VPOS="532" HPOS="1585"/>
<String CONTENT="bidding," HEIGHT="48" WIDTH="211" VPOS="530" HPOS="1611"/>
<SP HEIGHT="36" WIDTH="27" VPOS="542" HPOS="1823"/>
<String CONTENT="pocket" HEIGHT="46" WIDTH="167" VPOS="532" HPOS="1851"/>
</TextLine>
<TextLine HEIGHT="49" WIDTH="787" VPOS="591" HPOS="36">
<String CONTENT="summary&#8221;" HEIGHT="47" WIDTH="272" VPOS="593" HPOS="36"/>
<SP HEIGHT="47" WIDTH="39" VPOS="593" HPOS="309"/>
<String CONTENT="(16" HEIGHT="48" WIDTH="79" VPOS="592" HPOS="349"/>
<SP HEIGHT="47" WIDTH="26" VPOS="593" HPOS="429"/>
<String CONTENT="p.)" HEIGHT="49" WIDTH="68" VPOS="591" HPOS="456"/>
<SP HEIGHT="48" WIDTH="35" VPOS="591" HPOS="525"/>
<String CONTENT="in" HEIGHT="39" WIDTH="49" VPOS="592" HPOS="561"/>
<SP HEIGHT="37" WIDTH="27" VPOS="603" HPOS="611"/>
<String CONTENT="pocket." HEIGHT="48" WIDTH="184" VPOS="592" HPOS="639"/>
</TextLine>
<TextLine HEIGHT="53" WIDTH="1979" VPOS="659" HPOS="41" CS="1">
<String CONTENT="&#169;" HEIGHT="52" WIDTH="49" VPOS="660" HPOS="41"/>
<SP HEIGHT="52" WIDTH="29" VPOS="660" HPOS="91"/>
<String CONTENT="Feb." HEIGHT="39" WIDTH="106" VPOS="665" HPOS="121"/>
<SP HEIGHT="38" WIDTH="27" VPOS="665" HPOS="228"/>
<String CONTENT="27," HEIGHT="44" WIDTH="67" VPOS="665" HPOS="256"/>
<SP HEIGHT="44" WIDTH="28" VPOS="665" HPOS="324"/>
<String CS="1" CONTENT="1932;"/>
<SP HEIGHT="40" WIDTH="27" VPOS="664" HPOS="492"/>
<String CONTENT="2c." HEIGHT="40" WIDTH="67" VPOS="664" HPOS="520"/>
<SP HEIGHT="38" WIDTH="27" VPOS="665" HPOS="588"/>
<String CONTENT="Mar." HEIGHT="38" WIDTH="118" VPOS="665" HPOS="616"/>
<SP HEIGHT="40" WIDTH="27" VPOS="663" HPOS="735"/>
<String CS="1" CONTENT="22;" HEIGHT="38" WIDTH="54" VPOS="663" HPOS="763"/>
<SP HEIGHT="31" WIDTH="29" VPOS="673" HPOS="845"/>
<String CONTENT="aff." HEIGHT="42" WIDTH="79" VPOS="661" HPOS="875"/>
<SP HEIGHT="39" WIDTH="30" VPOS="663" HPOS="955"/>
<String CONTENT="Mar." HEIGHT="38" WIDTH="119" VPOS="663" HPOS="986"/>
<SP HEIGHT="38" WIDTH="27" VPOS="662" HPOS="1106"/>
<String CS="1" CONTENT="23;" HEIGHT="40" WIDTH="53" VPOS="662" HPOS="1134"/>
<SP HEIGHT="45" WIDTH="30" VPOS="661" HPOS="1215"/>
<!-- cceid 05EF5919-6D7D-1014-B4A5-D7A31D17AB40 --><String CONTENT="A" HEIGHT="39" WIDTH="39" VPOS="661" HPOS="1246"/>
<SP HEIGHT="40" WIDTH="26" VPOS="661" HPOS="1286"/>
<String CS="1" CONTENT="50267;" HEIGHT="41" WIDTH="142" VPOS="660" HPOS="1313"/>
<SP HEIGHT="45" WIDTH="30" VPOS="661" HPOS="1483"/>
<String CONTENT="Blue" HEIGHT="38" WIDTH="120" VPOS="661" HPOS="1514"/>
<SP HEIGHT="28" WIDTH="29" VPOS="670" HPOS="1635"/>
<String CONTENT="ribbon" HEIGHT="39" WIDTH="167" VPOS="659" HPOS="1665"/>
<SP HEIGHT="40" WIDTH="26" VPOS="659" HPOS="1833"/>
<String CONTENT="books," HEIGHT="48" WIDTH="160" VPOS="659" HPOS="1860"/>
</TextLine>
<TextLine HEIGHT="49" WIDTH="1538" VPOS="716" HPOS="107">
<String CONTENT="inc.," HEIGHT="45" WIDTH="103" VPOS="720" HPOS="107"/>
<SP HEIGHT="34" WIDTH="36" VPOS="731" HPOS="211"/>
<String CONTENT="and" HEIGHT="37" WIDTH="94" VPOS="722" HPOS="248"/>
<SP HEIGHT="37" WIDTH="40" VPOS="722" HPOS="343"/>
<String CONTENT="Walter" HEIGHT="37" WIDTH="180" VPOS="722" HPOS="384"/>
<SP HEIGHT="37" WIDTH="36" VPOS="722" HPOS="565"/>
<String CONTENT="J." HEIGHT="37" WIDTH="41" VPOS="722" HPOS="602"/>
<SP HEIGHT="37" WIDTH="38" VPOS="721" HPOS="644"/>
<String CONTENT="Black," HEIGHT="45" WIDTH="165" VPOS="720" HPOS="683"/>
<SP HEIGHT="46" WIDTH="37" VPOS="719" HPOS="849"/>
<String CONTENT="inc.," HEIGHT="46" WIDTH="105" VPOS="719" HPOS="887"/>
<SP HEIGHT="45" WIDTH="35" VPOS="720" HPOS="993"/>
<String CONTENT="New" HEIGHT="38" WIDTH="116" VPOS="720" HPOS="1029"/>
<SP HEIGHT="38" WIDTH="35" VPOS="719" HPOS="1146"/>
<String CONTENT="York." HEIGHT="40" WIDTH="143" VPOS="717" HPOS="1182"/>
<SP HEIGHT="46" WIDTH="69" VPOS="717" HPOS="1326"/>
<String CONTENT="(32-9119)" HEIGHT="47" WIDTH="249" VPOS="716" HPOS="1396"/>
</TextLine>
<TextLine HEIGHT="65" WIDTH="1012" VPOS="820" HPOS="36" STYLEREFS="StyleId-DE31FA31-A8C1-4F09-839B-46BBC33FE708-">
<String CONTENT="Callahan," HEIGHT="65" WIDTH="298" VPOS="820" HPOS="36"/>
<SP HEIGHT="64" WIDTH="26" VPOS="821" HPOS="335"/>
<String CONTENT="James" HEIGHT="54" WIDTH="200" VPOS="821" HPOS="362"/>
<SP HEIGHT="53" WIDTH="28" VPOS="822" HPOS="563"/>
<String CONTENT="Morton," HEIGHT="62" WIDTH="252" VPOS="822" HPOS="592"/>
<SP HEIGHT="57" WIDTH="32" VPOS="827" HPOS="845"/>
<String CONTENT="1864-" HEIGHT="49" WIDTH="170" VPOS="826" HPOS="878"/>
</TextLine>
<TextLine HEIGHT="71" WIDTH="1919" VPOS="895" HPOS="99" STYLEREFS="StyleId-DE31FA31-A8C1-4F09-839B-46BBC33FE708-">
<String CONTENT="American" HEIGHT="54" WIDTH="304" VPOS="896" HPOS="99"/>
<SP HEIGHT="52" WIDTH="45" VPOS="898" HPOS="404"/>
<String CONTENT="foreign" HEIGHT="68" WIDTH="227" VPOS="898" HPOS="450"/>
<SP HEIGHT="49" WIDTH="45" VPOS="917" HPOS="678"/>
<String CONTENT="policy" HEIGHT="69" WIDTH="190" VPOS="897" HPOS="724"/>
<SP HEIGHT="68" WIDTH="41" VPOS="897" HPOS="915"/>
<String CONTENT="in" HEIGHT="52" WIDTH="60" VPOS="897" HPOS="957"/>
<SP HEIGHT="52" WIDTH="44" VPOS="897" HPOS="1018"/>
<String CONTENT="Mexican" HEIGHT="54" WIDTH="264" VPOS="896" HPOS="1063"/>
<SP HEIGHT="33" WIDTH="43" VPOS="915" HPOS="1328"/>
<String CONTENT="relations," HEIGHT="67" WIDTH="288" VPOS="895" HPOS="1372"/>
<SP HEIGHT="67" WIDTH="45" VPOS="895" HPOS="1661"/>
<String CONTENT="by" HEIGHT="66" WIDTH="74" VPOS="895" HPOS="1707"/>
<SP HEIGHT="66" WIDTH="43" VPOS="895" HPOS="1782"/>
<String CONTENT="James" HEIGHT="53" WIDTH="192" VPOS="895" HPOS="1826"/>
</TextLine>
<TextLine HEIGHT="69" WIDTH="1990" VPOS="973" HPOS="28" STYLEREFS="StyleId-DE31FA31-A8C1-4F09-839B-46BBC33FE708-" CS="1">
<String CONTENT="Morton" HEIGHT="54" WIDTH="229" VPOS="973" HPOS="28"/>
<SP HEIGHT="55" WIDTH="30" VPOS="975" HPOS="258"/>
<String CONTENT="Callahan." HEIGHT="55" WIDTH="298" VPOS="975" HPOS="289"/>
<SP HEIGHT="51" WIDTH="61" VPOS="976" HPOS="588"/>
<String CONTENT="New" HEIGHT="52" WIDTH="138" VPOS="976" HPOS="650"/>
<SP HEIGHT="52" WIDTH="28" VPOS="976" HPOS="789"/>
<String CONTENT="York," HEIGHT="67" WIDTH="180" VPOS="975" HPOS="818"/>
<SP HEIGHT="66" WIDTH="25" VPOS="976" HPOS="999"/>
<String CONTENT="The" HEIGHT="52" WIDTH="121" VPOS="975" HPOS="1025"/>
<SP HEIGHT="53" WIDTH="27" VPOS="974" HPOS="1147"/>
<String CS="1" CONTENT="Macmillan"/>
<SP HEIGHT="34" WIDTH="30" VPOS="991" HPOS="1509"/>
<String CONTENT="company," HEIGHT="49" WIDTH="296" VPOS="991" HPOS="1540"/>
<SP HEIGHT="63" WIDTH="29" VPOS="976" HPOS="1837"/>
<String CONTENT="1932." HEIGHT="50" WIDTH="151" VPOS="975" HPOS="1867"/>
</TextLine>
<TextLine HEIGHT="51" WIDTH="1114" VPOS="1046" HPOS="101" STYLEREFS="StyleId-DE31FA31-A8C1-4F09-839B-46BBC33FE708-" CS="1">
<String CONTENT="x p.,1" HEIGHT="48" WIDTH="167" VPOS="1048" HPOS="101"/>
<SP/>
<String CS="1" CONTENT="l.," HEIGHT="16" WIDTH="10" VPOS="1079" HPOS="327"/>
<SP HEIGHT="48" WIDTH="24" VPOS="1047" HPOS="338"/>
<String CONTENT="644" HEIGHT="40" WIDTH="85" VPOS="1047" HPOS="363"/>
<SP HEIGHT="49" WIDTH="22" VPOS="1048" HPOS="449"/>
<String CONTENT="p." HEIGHT="38" WIDTH="44" VPOS="1059" HPOS="472"/>
<SP HEIGHT="29" WIDTH="52" VPOS="1059" HPOS="517"/>
<String CONTENT="maps" HEIGHT="38" WIDTH="137" VPOS="1059" HPOS="570"/>
<SP HEIGHT="48" WIDTH="26" VPOS="1047" HPOS="708"/>
<String CONTENT="(1" HEIGHT="48" WIDTH="48" VPOS="1047" HPOS="735"/>
<SP HEIGHT="39" WIDTH="25" VPOS="1049" HPOS="784"/>
<String CONTENT="double)" HEIGHT="48" WIDTH="196" VPOS="1047" HPOS="810"/>
<SP HEIGHT="49" WIDTH="62" VPOS="1046" HPOS="1007"/>
<String CS="1" CONTENT="22&#189;" HEIGHT="39" WIDTH="56" VPOS="1046" HPOS="1070"/>
<String STYLE="superscript" CS="1" CONTENT="&#7580;&#7504;"/>
<String CONTENT="." HEIGHT="8" WIDTH="10" VPOS="1079" HPOS="1205"/>
</TextLine>
<TextLine HEIGHT="51" WIDTH="1024" VPOS="1102" HPOS="104">
<String CONTENT="&#8220;References&#8221;" HEIGHT="42" WIDTH="345" VPOS="1102" HPOS="104"/>
<SP HEIGHT="40" WIDTH="29" VPOS="1104" HPOS="450"/>
<String CONTENT="at" HEIGHT="38" WIDTH="53" VPOS="1107" HPOS="480"/>
<SP HEIGHT="38" WIDTH="27" VPOS="1107" HPOS="534"/>
<String CONTENT="end" HEIGHT="39" WIDTH="92" VPOS="1106" HPOS="562"/>
<SP HEIGHT="39" WIDTH="28" VPOS="1106" HPOS="655"/>
<String CONTENT="of" HEIGHT="40" WIDTH="51" VPOS="1105" HPOS="684"/>
<SP HEIGHT="39" WIDTH="29" VPOS="1105" HPOS="736"/>
<String CONTENT="each" HEIGHT="38" WIDTH="119" VPOS="1106" HPOS="766"/>
<SP HEIGHT="38" WIDTH="27" VPOS="1106" HPOS="886"/>
<String CONTENT="chapter." HEIGHT="48" WIDTH="214" VPOS="1105" HPOS="914"/>
</TextLine>
<TextLine HEIGHT="52" WIDTH="1647" VPOS="1171" HPOS="41" CS="1">
<String CONTENT="&#169;" HEIGHT="51" WIDTH="50" VPOS="1171" HPOS="41"/>
<SP HEIGHT="51" WIDTH="26" VPOS="1171" HPOS="92"/>
<String CONTENT="Apr." HEIGHT="47" WIDTH="111" VPOS="1175" HPOS="119"/>
<SP HEIGHT="40" WIDTH="27" VPOS="1176" HPOS="231"/>
<String CONTENT="5," HEIGHT="47" WIDTH="38" VPOS="1176" HPOS="259"/>
<SP HEIGHT="47" WIDTH="26" VPOS="1176" HPOS="298"/>
<String CONTENT="1932;" HEIGHT="49" WIDTH="139" VPOS="1173" HPOS="325"/>
<SP HEIGHT="47" WIDTH="28" VPOS="1175" HPOS="465"/>
<String CONTENT="2c." HEIGHT="40" WIDTH="66" VPOS="1175" HPOS="494"/>
<SP HEIGHT="29" WIDTH="27" VPOS="1186" HPOS="561"/>
<String CONTENT="and" HEIGHT="38" WIDTH="95" VPOS="1177" HPOS="589"/>
<SP HEIGHT="38" WIDTH="26" VPOS="1177" HPOS="685"/>
<String CONTENT="aff." HEIGHT="40" WIDTH="82" VPOS="1175" HPOS="712"/>
<SP HEIGHT="39" WIDTH="25" VPOS="1175" HPOS="795"/>
<String CONTENT="Apr." HEIGHT="47" WIDTH="113" VPOS="1175" HPOS="821"/>
<SP HEIGHT="40" WIDTH="26" VPOS="1175" HPOS="935"/>
<String CONTENT="6;" HEIGHT="45" WIDTH="53" VPOS="1175" HPOS="962"/>
<SP HEIGHT="46" WIDTH="27" VPOS="1174" HPOS="1016"/>
<!-- cceid 05F00B22-6D7D-1014-B4A5-D7A31D17AB40 --><String CONTENT="A" HEIGHT="39" WIDTH="42" VPOS="1174" HPOS="1044"/>
<SP HEIGHT="40" WIDTH="24" VPOS="1174" HPOS="1087"/>
<String CONTENT="50547;" HEIGHT="47" WIDTH="170" VPOS="1173" HPOS="1112"/>
<SP HEIGHT="45" WIDTH="29" VPOS="1175" HPOS="1283"/>
<String CS="1" CONTENT="Macmillan"/>
<SP HEIGHT="31" WIDTH="26" VPOS="1182" HPOS="1594"/>
<String CONTENT="co." HEIGHT="30" WIDTH="67" VPOS="1182" HPOS="1621"/>
</TextLine>
<TextLine HEIGHT="47" WIDTH="248" VPOS="1231" HPOS="116">
<String CONTENT="(32-9347)" HEIGHT="47" WIDTH="248" VPOS="1231" HPOS="116"/>
</TextLine>
<TextLine HEIGHT="64" WIDTH="526" VPOS="1335" HPOS="36" STYLEREFS="StyleId-96F901F8-DE01-4FF6-9B50-6CF73FC99A33-">
<String CONTENT="Camp," HEIGHT="62" WIDTH="199" VPOS="1337" HPOS="36"/>
<SP HEIGHT="62" WIDTH="26" VPOS="1336" HPOS="236"/>
<String CONTENT="Louise" HEIGHT="55" WIDTH="212" VPOS="1335" HPOS="263"/>
<SP HEIGHT="55" WIDTH="27" VPOS="1336" HPOS="476"/>
<String CONTENT="S." HEIGHT="55" WIDTH="58" VPOS="1336" HPOS="504"/>
</TextLine>
<TextLine HEIGHT="69" WIDTH="1918" VPOS="1410" HPOS="98" STYLEREFS="StyleId-DE31FA31-A8C1-4F09-839B-46BBC33FE708-">
<String CONTENT="Creative" HEIGHT="56" WIDTH="263" VPOS="1410" HPOS="98"/>
<SP HEIGHT="34" WIDTH="25" VPOS="1430" HPOS="362"/>
<String CONTENT="composition," HEIGHT="68" WIDTH="390" VPOS="1411" HPOS="388"/>
<SP HEIGHT="67" WIDTH="24" VPOS="1412" HPOS="779"/>
<String CONTENT="by" HEIGHT="67" WIDTH="74" VPOS="1412" HPOS="804"/>
<SP HEIGHT="68" WIDTH="22" VPOS="1411" HPOS="879"/>
<String CONTENT="Louise" HEIGHT="54" WIDTH="204" VPOS="1411" HPOS="902"/>
<SP HEIGHT="55" WIDTH="28" VPOS="1411" HPOS="1107"/>
<String CONTENT="S." HEIGHT="55" WIDTH="57" VPOS="1411" HPOS="1136"/>
<SP HEIGHT="56" WIDTH="25" VPOS="1411" HPOS="1194"/>
<String CONTENT="Camp" HEIGHT="68" WIDTH="184" VPOS="1411" HPOS="1220"/>
<SP HEIGHT="50" WIDTH="25" VPOS="1429" HPOS="1405"/>
<String CONTENT="and" HEIGHT="53" WIDTH="112" VPOS="1410" HPOS="1431"/>
<SP HEIGHT="53" WIDTH="25" VPOS="1410" HPOS="1544"/>
<String CONTENT="Eva" HEIGHT="52" WIDTH="125" VPOS="1411" HPOS="1570"/>
<SP HEIGHT="52" WIDTH="24" VPOS="1411" HPOS="1696"/>
<String CONTENT="H." HEIGHT="52" WIDTH="78" VPOS="1411" HPOS="1721"/>
<SP HEIGHT="53" WIDTH="22" VPOS="1410" HPOS="1800"/>
<String CONTENT="Lycan" HEIGHT="66" WIDTH="193" VPOS="1410" HPOS="1823"/>
</TextLine>
<TextLine HEIGHT="66" WIDTH="1928" VPOS="1488" HPOS="91" STYLEREFS="StyleId-DE31FA31-A8C1-4F09-839B-46BBC33FE708-" CS="1">
<String CS="1" CONTENT="&#8230;"/>
<SP HEIGHT="52" WIDTH="38" VPOS="1489" HPOS="91"/>
<String CONTENT="in" HEIGHT="52" WIDTH="59" VPOS="1489" HPOS="130"/>
<SP HEIGHT="33" WIDTH="35" VPOS="1508" HPOS="190"/>
<String CONTENT="collaboration" HEIGHT="55" WIDTH="408" VPOS="1488" HPOS="226"/>
<SP HEIGHT="34" WIDTH="35" VPOS="1508" HPOS="635"/>
<String CONTENT="with" HEIGHT="52" WIDTH="139" VPOS="1490" HPOS="671"/>
<SP HEIGHT="51" WIDTH="35" VPOS="1490" HPOS="811"/>
<String CONTENT="Frederick" HEIGHT="54" WIDTH="309" VPOS="1488" HPOS="847"/>
<SP HEIGHT="52" WIDTH="33" VPOS="1489" HPOS="1157"/>
<String CONTENT="H." HEIGHT="53" WIDTH="77" VPOS="1489" HPOS="1191"/>
<SP HEIGHT="52" WIDTH="34" VPOS="1490" HPOS="1269"/>
<String CONTENT="Bair" HEIGHT="53" WIDTH="143" VPOS="1489" HPOS="1304"/>
<SP HEIGHT="34" WIDTH="37" VPOS="1507" HPOS="1448"/>
<String CS="1" CONTENT="&#8230;"/>
<SP HEIGHT="52" WIDTH="39" VPOS="1488" HPOS="1542"/>
<String CONTENT="illustrated" HEIGHT="53" WIDTH="326" VPOS="1488" HPOS="1582"/>
<SP HEIGHT="53" WIDTH="33" VPOS="1488" HPOS="1909"/>
<String CONTENT="by" HEIGHT="66" WIDTH="76" VPOS="1488" HPOS="1943"/>
</TextLine>
<TextLine HEIGHT="69" WIDTH="1989" VPOS="1565" HPOS="30" STYLEREFS="StyleId-DE31FA31-A8C1-4F09-839B-46BBC33FE708-">
<String LANG="en-US" CONTENT="Maurine" HEIGHT="54" WIDTH="262" VPOS="1565" HPOS="30"/>
<SP HEIGHT="52" WIDTH="32" VPOS="1567" HPOS="293"/>
<String LANG="en-US" CONTENT="Randolph." HEIGHT="68" WIDTH="326" VPOS="1566" HPOS="326"/>
<SP HEIGHT="56" WIDTH="69" VPOS="1565" HPOS="653"/>
<String LANG="en-US" CONTENT="Chicago," HEIGHT="69" WIDTH="270" VPOS="1565" HPOS="723"/>
<SP HEIGHT="65" WIDTH="32" VPOS="1567" HPOS="994"/>
<String LANG="en-US" CONTENT="Philadelphia," HEIGHT="68" WIDTH="426" VPOS="1566" HPOS="1027"/>
<SP HEIGHT="66" WIDTH="32" VPOS="1566" HPOS="1454"/>
<String LANG="fr" CONTENT="J." HEIGHT="53" WIDTH="57" VPOS="1566" HPOS="1487"/>
<SP HEIGHT="52" WIDTH="35" VPOS="1567" HPOS="1545"/>
<String LANG="fr" CONTENT="B." HEIGHT="51" WIDTH="67" VPOS="1567" HPOS="1581"/>
<SP HEIGHT="52" WIDTH="33" VPOS="1566" HPOS="1649"/>
<String LANG="fr" CONTENT="Lippincott" HEIGHT="68" WIDTH="336" VPOS="1565" HPOS="1683"/>
</TextLine>
<TextLine HEIGHT="65" WIDTH="501" VPOS="1646" HPOS="29" STYLEREFS="StyleId-DE31FA31-A8C1-4F09-839B-46BBC33FE708-" CS="1">
<String CONTENT="company" HEIGHT="49" WIDTH="278" VPOS="1662" HPOS="29"/>
<SP HEIGHT="49" WIDTH="29" VPOS="1662" HPOS="308"/>
<String STYLE="subscript" CS="1" CONTENT="[&#7580;193"/>
<String CONTENT="2]" HEIGHT="64" WIDTH="49" VPOS="1646" HPOS="481"/>
</TextLine>
<TextLine HEIGHT="49" WIDTH="1209" VPOS="1715" HPOS="102" CS="1">
<String CONTENT="xiii" HEIGHT="38" WIDTH="89" VPOS="1716" HPOS="102"/>
<SP HEIGHT="47" WIDTH="22" VPOS="1716" HPOS="192"/>
<String CONTENT="p.," HEIGHT="37" WIDTH="57" VPOS="1726" HPOS="215"/>
<SP HEIGHT="48" WIDTH="24" VPOS="1715" HPOS="273"/>
<String CONTENT="2" HEIGHT="39" WIDTH="27" VPOS="1715" HPOS="298"/>
<SP/>
<String CS="1" CONTENT="l.," HEIGHT="16" WIDTH="8" VPOS="1747" HPOS="386"/>
<SP HEIGHT="48" WIDTH="24" VPOS="1715" HPOS="395"/>
<String CONTENT="3-446" HEIGHT="41" WIDTH="145" VPOS="1715" HPOS="420"/>
<SP HEIGHT="48" WIDTH="23" VPOS="1716" HPOS="566"/>
<String CONTENT="p." HEIGHT="36" WIDTH="43" VPOS="1728" HPOS="590"/>
<SP HEIGHT="39" WIDTH="24" VPOS="1716" HPOS="634"/>
<String CONTENT="incl." HEIGHT="39" WIDTH="108" VPOS="1716" HPOS="659"/>
<SP HEIGHT="39" WIDTH="27" VPOS="1716" HPOS="768"/>
<String CONTENT="illus.," HEIGHT="47" WIDTH="142" VPOS="1716" HPOS="796"/>
<SP HEIGHT="37" WIDTH="26" VPOS="1727" HPOS="939"/>
<String CONTENT="plates." HEIGHT="48" WIDTH="169" VPOS="1716" HPOS="966"/>
<SP HEIGHT="39" WIDTH="59" VPOS="1716" HPOS="1136"/>
<String CS="1" CONTENT="20&#7580;&#7504;." HEIGHT="40" WIDTH="115" VPOS="1716" HPOS="1196"/>
</TextLine>
<TextLine HEIGHT="50" WIDTH="1578" VPOS="1771" HPOS="104">
<String CONTENT="&#8220;Suggested" HEIGHT="49" WIDTH="292" VPOS="1771" HPOS="104"/>
<SP HEIGHT="39" WIDTH="30" VPOS="1773" HPOS="397"/>
<String CONTENT="reading" HEIGHT="48" WIDTH="203" VPOS="1773" HPOS="428"/>
<SP HEIGHT="48" WIDTH="27" VPOS="1773" HPOS="632"/>
<String CONTENT="list&#8221;" HEIGHT="40" WIDTH="112" VPOS="1772" HPOS="660"/>
<SP HEIGHT="40" WIDTH="30" VPOS="1772" HPOS="773"/>
<String CONTENT="at" HEIGHT="37" WIDTH="52" VPOS="1775" HPOS="804"/>
<SP HEIGHT="38" WIDTH="27" VPOS="1775" HPOS="857"/>
<String CONTENT="end" HEIGHT="40" WIDTH="92" VPOS="1773" HPOS="885"/>
<SP HEIGHT="39" WIDTH="30" VPOS="1773" HPOS="978"/>
<String CONTENT="of" HEIGHT="40" WIDTH="51" VPOS="1772" HPOS="1009"/>
<SP HEIGHT="40" WIDTH="29" VPOS="1772" HPOS="1061"/>
<String CONTENT="some" HEIGHT="30" WIDTH="128" VPOS="1783" HPOS="1091"/>
<SP HEIGHT="30" WIDTH="29" VPOS="1783" HPOS="1220"/>
<String CONTENT="of" HEIGHT="41" WIDTH="51" VPOS="1772" HPOS="1250"/>
<SP HEIGHT="40" WIDTH="28" VPOS="1772" HPOS="1302"/>
<String CONTENT="the" HEIGHT="40" WIDTH="82" VPOS="1773" HPOS="1331"/>
<SP HEIGHT="29" WIDTH="29" VPOS="1784" HPOS="1414"/>
<String CONTENT="chapters." HEIGHT="48" WIDTH="238" VPOS="1773" HPOS="1444"/>
</TextLine>
<TextLine HEIGHT="51" WIDTH="1870" VPOS="1827" HPOS="41" CS="1">
<String LANG="en-US" CONTENT="&#169;" HEIGHT="51" WIDTH="50" VPOS="1827" HPOS="41"/>
<SP HEIGHT="51" WIDTH="31" VPOS="1827" HPOS="92"/>
<String LANG="en-US" CONTENT="Feb." HEIGHT="39" WIDTH="107" VPOS="1830" HPOS="124"/>
<SP HEIGHT="39" WIDTH="29" VPOS="1830" HPOS="232"/>
<String LANG="en-US" CONTENT="23," HEIGHT="47" WIDTH="68" VPOS="1830" HPOS="262"/>
<SP HEIGHT="46" WIDTH="30" VPOS="1831" HPOS="331"/>
<String LANG="en-US" CS="1" CONTENT="1932;" HEIGHT="42" WIDTH="115" VPOS="1828" HPOS="362"/>
<SP HEIGHT="46" WIDTH="31" VPOS="1829" HPOS="501"/>
<String LANG="en-US" CONTENT="2c." HEIGHT="42" WIDTH="66" VPOS="1829" HPOS="533"/>
<SP HEIGHT="31" WIDTH="30" VPOS="1840" HPOS="600"/>
<String LANG="en-US" CONTENT="and" HEIGHT="38" WIDTH="95" VPOS="1831" HPOS="631"/>
<SP HEIGHT="38" WIDTH="29" VPOS="1831" HPOS="727"/>
<String LANG="en-US" CONTENT="aff." HEIGHT="40" WIDTH="82" VPOS="1829" HPOS="757"/>
<SP HEIGHT="40" WIDTH="30" VPOS="1829" HPOS="840"/>
<String LANG="en-US" CONTENT="Apr." HEIGHT="47" WIDTH="111" VPOS="1829" HPOS="871"/>
<SP HEIGHT="39" WIDTH="31" VPOS="1829" HPOS="983"/>
<String LANG="en-US" CS="1" CONTENT="6;" HEIGHT="39" WIDTH="25" VPOS="1829" HPOS="1015"/>
<SP HEIGHT="45" WIDTH="33" VPOS="1829" HPOS="1067"/>
<!-- cceid 05F0A2AD-6D7D-1014-B4A5-D7A31D17AB40 --><String LANG="en-US" CONTENT="A" HEIGHT="38" WIDTH="39" VPOS="1829" HPOS="1101"/>
<SP HEIGHT="39" WIDTH="29" VPOS="1829" HPOS="1141"/>
<String LANG="en-US" CS="1" CONTENT="50558;" HEIGHT="40" WIDTH="142" VPOS="1829" HPOS="1171"/>
<SP HEIGHT="39" WIDTH="33" VPOS="1830" HPOS="1341"/>
<String LANG="fr" CONTENT="J." HEIGHT="40" WIDTH="42" VPOS="1830" HPOS="1375"/>
<SP HEIGHT="40" WIDTH="32" VPOS="1830" HPOS="1418"/>
<String LANG="fr" CONTENT="B." HEIGHT="39" WIDTH="52" VPOS="1830" HPOS="1451"/>
<SP HEIGHT="38" WIDTH="32" VPOS="1831" HPOS="1504"/>
<String LANG="fr" CONTENT="Lippincott" HEIGHT="47" WIDTH="276" VPOS="1830" HPOS="1537"/>
<SP HEIGHT="39" WIDTH="28" VPOS="1831" HPOS="1814"/>
<String LANG="en-US" CONTENT="co." HEIGHT="29" WIDTH="68" VPOS="1841" HPOS="1843"/>
</TextLine>
<TextLine HEIGHT="48" WIDTH="249" VPOS="1885" HPOS="116">
<String CONTENT="(32-9471)" HEIGHT="48" WIDTH="249" VPOS="1885" HPOS="116"/>
</TextLine>
<TextLine HEIGHT="66" WIDTH="630" VPOS="1989" HPOS="37" STYLEREFS="StyleId-96F901F8-DE01-4FF6-9B50-6CF73FC99A33-">
<String CONTENT="Cassou," HEIGHT="65" WIDTH="240" VPOS="1990" HPOS="37"/>
<SP HEIGHT="65" WIDTH="23" VPOS="1990" HPOS="278"/>
<String CONTENT="Jean," HEIGHT="64" WIDTH="167" VPOS="1990" HPOS="302"/>
<SP HEIGHT="58" WIDTH="27" VPOS="1996" HPOS="470"/>
<String CONTENT="1897-" HEIGHT="55" WIDTH="169" VPOS="1989" HPOS="498"/>
</TextLine>
<TextLine HEIGHT="69" WIDTH="1858" VPOS="2065" HPOS="164" STYLEREFS="StyleId-DE31FA31-A8C1-4F09-839B-46BBC33FE708-" CS="1">
<String LANG="en-US" CS="1" CONTENT="&#8230;"/>
<SP HEIGHT="52" WIDTH="42" VPOS="2066" HPOS="164"/>
<String LANG="fr" CONTENT="Le" HEIGHT="53" WIDTH="78" VPOS="2066" HPOS="207"/>
<SP HEIGHT="55" WIDTH="39" VPOS="2065" HPOS="286"/>
<String LANG="fr" CONTENT="Gr&#233;co," HEIGHT="68" WIDTH="198" VPOS="2065" HPOS="326"/>
<SP HEIGHT="49" WIDTH="38" VPOS="2085" HPOS="525"/>
<String LANG="en-US" CONTENT="par" HEIGHT="49" WIDTH="105" VPOS="2085" HPOS="564"/>
<SP HEIGHT="52" WIDTH="37" VPOS="2067" HPOS="670"/>
<String LANG="en-US" CONTENT="Jean" HEIGHT="52" WIDTH="146" VPOS="2067" HPOS="708"/>
<SP HEIGHT="54" WIDTH="41" VPOS="2066" HPOS="855"/>
<String LANG="en-US" CONTENT="Cassou;" HEIGHT="67" WIDTH="239" VPOS="2066" HPOS="897"/>
<SP HEIGHT="63" WIDTH="44" VPOS="2070" HPOS="1137"/>
<String LANG="en-US" CONTENT="60" HEIGHT="49" WIDTH="64" VPOS="2069" HPOS="1182"/>
<SP HEIGHT="65" WIDTH="39" VPOS="2069" HPOS="1247"/>
<String LANG="en-US" CONTENT="planches" HEIGHT="67" WIDTH="266" VPOS="2067" HPOS="1287"/>
<SP HEIGHT="52" WIDTH="38" VPOS="2068" HPOS="1554"/>
<String LANG="fr" CONTENT="hors" HEIGHT="52" WIDTH="133" VPOS="2068" HPOS="1593"/>
<SP HEIGHT="48" WIDTH="35" VPOS="2072" HPOS="1727"/>
<String LANG="fr" CONTENT="texte" HEIGHT="48" WIDTH="152" VPOS="2072" HPOS="1763"/>
<SP HEIGHT="35" WIDTH="37" VPOS="2086" HPOS="1916"/>
<String LANG="fr" CONTENT="en" HEIGHT="34" WIDTH="68" VPOS="2087" HPOS="1954"/>
</TextLine>
<TextLine HEIGHT="68" WIDTH="1105" VPOS="2143" HPOS="34" STYLEREFS="StyleId-DE31FA31-A8C1-4F09-839B-46BBC33FE708-">
<String LANG="en-US" CONTENT="heliogravure." HEIGHT="68" WIDTH="408" VPOS="2143" HPOS="34"/>
<SP HEIGHT="52" WIDTH="73" VPOS="2144" HPOS="443"/>
<String LANG="en-US" CONTENT="Paris," HEIGHT="67" WIDTH="183" VPOS="2144" HPOS="517"/>
<SP HEIGHT="67" WIDTH="29" VPOS="2144" HPOS="701"/>
<String LANG="de" CONTENT="Rieder," HEIGHT="66" WIDTH="225" VPOS="2144" HPOS="731"/>
<SP HEIGHT="62" WIDTH="32" VPOS="2148" HPOS="957"/>
<String LANG="en-US" CONTENT="1931." HEIGHT="50" WIDTH="149" VPOS="2147" HPOS="990"/>
</TextLine>
<TextLine HEIGHT="47" WIDTH="1602" VPOS="2216" HPOS="104" CS="1">
<String LANG="en-US" CONTENT="68" HEIGHT="39" WIDTH="56" VPOS="2217" HPOS="104"/>
<SP HEIGHT="46" WIDTH="28" VPOS="2217" HPOS="161"/>
<String LANG="en-US" CONTENT="p." HEIGHT="37" WIDTH="42" VPOS="2226" HPOS="190"/>
<SP HEIGHT="39" WIDTH="59" VPOS="2217" HPOS="233"/>
<String LANG="en-US" CONTENT="60" HEIGHT="39" WIDTH="55" VPOS="2217" HPOS="293"/>
<SP/>
<String LANG="en-US" CS="1" CONTENT="pl."/>
<SP HEIGHT="30" WIDTH="31" VPOS="2226" HPOS="442"/>
<String LANG="en-US" CONTENT="on" HEIGHT="30" WIDTH="59" VPOS="2226" HPOS="474"/>
<SP HEIGHT="38" WIDTH="31" VPOS="2218" HPOS="534"/>
<String LANG="en-US" CONTENT="30" HEIGHT="39" WIDTH="55" VPOS="2217" HPOS="566"/>
<SP/>
<String LANG="en-US" CS="1" CONTENT="l."/>
<SP HEIGHT="37" WIDTH="58" VPOS="2219" HPOS="683"/>
<String LANG="en-US" CS="1" CONTENT="20&#189;&#7580;&#7504;." HEIGHT="39" WIDTH="146" VPOS="2217" HPOS="742"/>
<SP HEIGHT="46" WIDTH="67" VPOS="2216" HPOS="889"/>
<String LANG="fr" CONTENT="(&#8220;Ma&#238;tres" HEIGHT="46" WIDTH="257" VPOS="2216" HPOS="957"/>
<SP HEIGHT="37" WIDTH="31" VPOS="2218" HPOS="1215"/>
<String LANG="fr" CONTENT="de" HEIGHT="38" WIDTH="58" VPOS="2218" HPOS="1247"/>
<SP HEIGHT="38" WIDTH="30" VPOS="2218" HPOS="1306"/>
<String LANG="fr" CONTENT="l&#8217;art" HEIGHT="44" WIDTH="113" VPOS="2216" HPOS="1337"/>
<SP HEIGHT="37" WIDTH="29" VPOS="2219" HPOS="1451"/>
<String LANG="fr" CONTENT="ancien&#8221;)" HEIGHT="47" WIDTH="225" VPOS="2216" HPOS="1481"/>
</TextLine>
<TextLine HEIGHT="49" WIDTH="756" VPOS="2272" HPOS="104" LANG="fr" CS="1">
<String CS="1" CONTENT="&#8220;Bibliographie&#8221;:" HEIGHT="48" WIDTH="417" VPOS="2272" HPOS="104"/>
<SP HEIGHT="37" WIDTH="29" VPOS="2283" HPOS="550"/>
<String CONTENT="p." HEIGHT="37" WIDTH="42" VPOS="2283" HPOS="580"/>
<SP HEIGHT="30" WIDTH="31" VPOS="2291" HPOS="623"/>
<String CS="1" CONTENT="[64]-[65]" HEIGHT="48" WIDTH="205" VPOS="2273" HPOS="655"/>
</TextLine>
<TextLine HEIGHT="57" WIDTH="1817" VPOS="2327" HPOS="40" CS="1">
<String LANG="fr" CONTENT="&#169;" HEIGHT="51" WIDTH="50" VPOS="2333" HPOS="40"/>
<SP HEIGHT="51" WIDTH="26" VPOS="2333" HPOS="91"/>
<String LANG="fr" CONTENT="Nov." HEIGHT="40" WIDTH="116" VPOS="2337" HPOS="118"/>
<SP HEIGHT="39" WIDTH="26" VPOS="2337" HPOS="235"/>
<String LANG="fr" CONTENT="17," HEIGHT="47" WIDTH="69" VPOS="2337" HPOS="262"/>
<SP HEIGHT="47" WIDTH="26" VPOS="2337" HPOS="332"/>
<String LANG="fr" CS="1" CONTENT="1931;" HEIGHT="41" WIDTH="112" VPOS="2336" HPOS="359"/>
<SP/>
<String LANG="fr" CS="1" CONTENT="1c."/>
<SP HEIGHT="40" WIDTH="27" VPOS="2337" HPOS="597"/>
<String LANG="fr" CONTENT="Dec." HEIGHT="40" WIDTH="110" VPOS="2337" HPOS="625"/>
<SP HEIGHT="39" WIDTH="27" VPOS="2336" HPOS="736"/>
<String LANG="fr" CS="1" CONTENT="28;" HEIGHT="40" WIDTH="58" VPOS="2336" HPOS="764"/>
<SP HEIGHT="46" WIDTH="30" VPOS="2336" HPOS="847"/>
<!-- cceid 05F1379D-6D7D-1014-B4A5-D7A31D17AB40 --><String LANG="fr" CONTENT="A&#8212;" HEIGHT="39" WIDTH="99" VPOS="2336" HPOS="878"/>
<String LANG="en-US" CONTENT="Foreign" HEIGHT="49" WIDTH="204" VPOS="2335" HPOS="982"/>
<SP HEIGHT="38" WIDTH="27" VPOS="2338" HPOS="1187"/>
<String LANG="fr" CS="1" CONTENT="15003;" HEIGHT="40" WIDTH="141" VPOS="2337" HPOS="1215"/>
<SP HEIGHT="56" WIDTH="30" VPOS="2327" HPOS="1385"/>
<String LANG="fr" CONTENT="&#201;ditions" HEIGHT="51" WIDTH="222" VPOS="2327" HPOS="1416"/>
<SP HEIGHT="40" WIDTH="27" VPOS="2338" HPOS="1639"/>
<String LANG="de" CONTENT="Rieder." HEIGHT="41" WIDTH="190" VPOS="2337" HPOS="1667"/>
</TextLine>
<TextLine HEIGHT="47" WIDTH="248" VPOS="2392" HPOS="117" LANG="fr">
<String CONTENT="(32-9002)" HEIGHT="47" WIDTH="248" VPOS="2392" HPOS="117"/>
</TextLine>
<TextLine HEIGHT="67" WIDTH="796" VPOS="2493" HPOS="39" STYLEREFS="StyleId-96F901F8-DE01-4FF6-9B50-6CF73FC99A33-" LANG="fr">
<String CONTENT="Chapman," HEIGHT="67" WIDTH="319" VPOS="2493" HPOS="39"/>
<SP HEIGHT="65" WIDTH="25" VPOS="2495" HPOS="359"/>
<String CONTENT="Arthur," HEIGHT="65" WIDTH="250" VPOS="2494" HPOS="385"/>
<SP HEIGHT="58" WIDTH="27" VPOS="2501" HPOS="636"/>
<String CONTENT="1873-" HEIGHT="56" WIDTH="171" VPOS="2494" HPOS="664"/>
</TextLine>
<TextLine HEIGHT="68" WIDTH="1914" VPOS="2571" HPOS="107" STYLEREFS="StyleId-DE31FA31-A8C1-4F09-839B-46BBC33FE708-">
<String LANG="fr" CONTENT="The" HEIGHT="52" WIDTH="118" VPOS="2571" HPOS="107"/>
<SP HEIGHT="49" WIDTH="40" VPOS="2589" HPOS="226"/>
<String LANG="en-US" CONTENT="pony" HEIGHT="49" WIDTH="152" VPOS="2589" HPOS="267"/>
<SP HEIGHT="48" WIDTH="37" VPOS="2590" HPOS="420"/>
<String LANG="fr" CONTENT="express;" HEIGHT="49" WIDTH="254" VPOS="2590" HPOS="458"/>
<SP HEIGHT="62" WIDTH="41" VPOS="2577" HPOS="713"/>
<String LANG="en-US" CONTENT="the" HEIGHT="53" WIDTH="94" VPOS="2572" HPOS="755"/>
<SP HEIGHT="34" WIDTH="37" VPOS="2591" HPOS="850"/>
<String LANG="fr" CONTENT="record" HEIGHT="53" WIDTH="195" VPOS="2573" HPOS="888"/>
<SP HEIGHT="53" WIDTH="40" VPOS="2573" HPOS="1084"/>
<String LANG="en-US" CONTENT="of" HEIGHT="55" WIDTH="64" VPOS="2571" HPOS="1125"/>
<SP HEIGHT="54" WIDTH="36" VPOS="2571" HPOS="1190"/>
<String LANG="fr" CONTENT="a" HEIGHT="33" WIDTH="26" VPOS="2592" HPOS="1227"/>
<SP HEIGHT="33" WIDTH="43" VPOS="2592" HPOS="1254"/>
<String LANG="en-US" CONTENT="romantic" HEIGHT="55" WIDTH="276" VPOS="2571" HPOS="1298"/>
<SP HEIGHT="33" WIDTH="37" VPOS="2592" HPOS="1575"/>
<String LANG="en-US" CONTENT="adventure" HEIGHT="53" WIDTH="309" VPOS="2574" HPOS="1613"/>
<SP HEIGHT="53" WIDTH="39" VPOS="2573" HPOS="1923"/>
<String LANG="en-US" CONTENT="in" HEIGHT="52" WIDTH="58" VPOS="2573" HPOS="1963"/>
</TextLine>
<TextLine HEIGHT="71" WIDTH="1985" VPOS="2647" HPOS="38" STYLEREFS="StyleId-DE31FA31-A8C1-4F09-839B-46BBC33FE708-">
<String LANG="fr" CONTENT="business," HEIGHT="68" WIDTH="264" VPOS="2647" HPOS="38"/>
<SP HEIGHT="65" WIDTH="30" VPOS="2650" HPOS="303"/>
<String LANG="en-US" CONTENT="by" HEIGHT="66" WIDTH="75" VPOS="2650" HPOS="334"/>
<SP HEIGHT="66" WIDTH="29" VPOS="2650" HPOS="410"/>
<String LANG="fr" CONTENT="Arthur" HEIGHT="52" WIDTH="223" VPOS="2650" HPOS="440"/>
<SP HEIGHT="54" WIDTH="31" VPOS="2650" HPOS="664"/>
<String LANG="fr" CONTENT="Chapman;" HEIGHT="67" WIDTH="327" VPOS="2650" HPOS="696"/>
<SP HEIGHT="66" WIDTH="33" VPOS="2651" HPOS="1024"/>
<String LANG="en-US" CONTENT="illustrated" HEIGHT="54" WIDTH="322" VPOS="2651" HPOS="1058"/>
<SP HEIGHT="52" WIDTH="34" VPOS="2653" HPOS="1381"/>
<String LANG="en-US" CONTENT="with" HEIGHT="54" WIDTH="140" VPOS="2650" HPOS="1416"/>
<SP HEIGHT="52" WIDTH="31" VPOS="2651" HPOS="1557"/>
<String LANG="en-US" CONTENT="contemporary" HEIGHT="62" WIDTH="434" VPOS="2656" HPOS="1589"/>
</TextLine>
<TextLine HEIGHT="70" WIDTH="1611" VPOS="2725" HPOS="39" STYLEREFS="StyleId-DE31FA31-A8C1-4F09-839B-46BBC33FE708-" CS="1">
<String CONTENT="prints" HEIGHT="67" WIDTH="183" VPOS="2725" HPOS="39"/>
<SP HEIGHT="35" WIDTH="30" VPOS="2744" HPOS="223"/>
<String CONTENT="and" HEIGHT="52" WIDTH="111" VPOS="2728" HPOS="254"/>
<SP HEIGHT="66" WIDTH="32" VPOS="2728" HPOS="366"/>
<String CONTENT="photographs." HEIGHT="68" WIDTH="408" VPOS="2727" HPOS="399"/>
<SP HEIGHT="51" WIDTH="74" VPOS="2728" HPOS="808"/>
<String CONTENT="New" HEIGHT="53" WIDTH="137" VPOS="2728" HPOS="883"/>
<SP HEIGHT="52" WIDTH="32" VPOS="2729" HPOS="1021"/>
<String CONTENT="York" HEIGHT="52" WIDTH="162" VPOS="2729" HPOS="1054"/>
<SP HEIGHT="51" WIDTH="30" VPOS="2729" HPOS="1217"/>
<String CONTENT="and" HEIGHT="53" WIDTH="113" VPOS="2728" HPOS="1248"/>
<SP HEIGHT="53" WIDTH="30" VPOS="2728" HPOS="1362"/>
<String CONTENT="London," HEIGHT="66" WIDTH="257" VPOS="2728" HPOS="1393"/>
</TextLine>
<TextLine HEIGHT="143" WIDTH="1959" VPOS="2728" HPOS="38" STYLEREFS="StyleId-DE31FA31-A8C1-4F09-839B-46BBC33FE708-" CS="1">
<String LANG="fr" CONTENT="G." HEIGHT="56" WIDTH="68" VPOS="2728" HPOS="1681"/>
<SP HEIGHT="53" WIDTH="31" VPOS="2729" HPOS="1750"/>
<String CONTENT="P." HEIGHT="53" WIDTH="66" VPOS="2729" HPOS="1782"/>
<SP HEIGHT="53" WIDTH="32" VPOS="2729" HPOS="1849"/>
<String CONTENT="Putnam&#8217;s" HEIGHT="128" WIDTH="1959" VPOS="2729" HPOS="38"/>
<SP HEIGHT="33" WIDTH="25" VPOS="2824" HPOS="213"/>
<String CONTENT="sons," HEIGHT="49" WIDTH="143" VPOS="2822" HPOS="239"/>
<SP HEIGHT="62" WIDTH="27" VPOS="2809" HPOS="383"/>
<String CONTENT="1932." HEIGHT="50" WIDTH="149" VPOS="2808" HPOS="411"/>
</TextLine>
<TextLine HEIGHT="50" WIDTH="1194" VPOS="2875" HPOS="105" CS="1">
<String CONTENT="319" HEIGHT="40" WIDTH="86" VPOS="2876" HPOS="105"/>
<SP HEIGHT="48" WIDTH="27" VPOS="2876" HPOS="192"/>
<String CONTENT="p." HEIGHT="37" WIDTH="41" VPOS="2887" HPOS="220"/>
<SP HEIGHT="41" WIDTH="57" VPOS="2875" HPOS="262"/>
<String CONTENT="front.," HEIGHT="49" WIDTH="164" VPOS="2875" HPOS="320"/>
<SP HEIGHT="37" WIDTH="29" VPOS="2887" HPOS="485"/>
<String CONTENT="plates," HEIGHT="48" WIDTH="170" VPOS="2877" HPOS="515"/>
<SP HEIGHT="37" WIDTH="29" VPOS="2888" HPOS="686"/>
<String CONTENT="ports.," HEIGHT="48" WIDTH="162" VPOS="2877" HPOS="716"/>
<SP HEIGHT="49" WIDTH="28" VPOS="2876" HPOS="879"/>
<String CONTENT="facsims." HEIGHT="41" WIDTH="215" VPOS="2876" HPOS="908"/>
<SP HEIGHT="41" WIDTH="57" VPOS="2876" HPOS="1124"/>
<String CONTENT="23" HEIGHT="41" WIDTH="56" VPOS="2876" HPOS="1182"/>
<String STYLE="superscript" CS="1" CONTENT="&#7580;&#7504;"/>
<String CONTENT="." HEIGHT="9" WIDTH="10" VPOS="2909" HPOS="1289"/>
</TextLine>
<TextLine HEIGHT="50" WIDTH="604" VPOS="2932" HPOS="115">
<String CONTENT="Maps" HEIGHT="46" WIDTH="130" VPOS="2933" HPOS="115"/>
<SP HEIGHT="29" WIDTH="25" VPOS="2944" HPOS="246"/>
<String CONTENT="on" HEIGHT="29" WIDTH="60" VPOS="2944" HPOS="272"/>
<SP HEIGHT="39" WIDTH="23" VPOS="2934" HPOS="333"/>
<String CONTENT="lining-papers." HEIGHT="50" WIDTH="362" VPOS="2932" HPOS="357"/>
</TextLine>
<TextLine HEIGHT="50" WIDTH="693" VPOS="2989" HPOS="108" CS="1">
<String CS="1" CONTENT="Bibliography:" HEIGHT="48" WIDTH="344" VPOS="2989" HPOS="108"/>
<SP HEIGHT="39" WIDTH="30" VPOS="3000" HPOS="481"/>
<String CONTENT="p." HEIGHT="38" WIDTH="43" VPOS="3001" HPOS="512"/>
<SP HEIGHT="42" WIDTH="27" VPOS="2989" HPOS="556"/>
<String CONTENT="311-314." HEIGHT="42" WIDTH="217" VPOS="2989" HPOS="584"/>
</TextLine>
<TextLine HEIGHT="53" WIDTH="1979" VPOS="3041" HPOS="47">
<String CONTENT="&#169;" HEIGHT="52" WIDTH="49" VPOS="3041" HPOS="47"/>
<SP HEIGHT="52" WIDTH="37" VPOS="3041" HPOS="97"/>
<String CONTENT="Mar." HEIGHT="39" WIDTH="119" VPOS="3048" HPOS="135"/>
<SP HEIGHT="39" WIDTH="37" VPOS="3048" HPOS="255"/>
<String CONTENT="25," HEIGHT="45" WIDTH="67" VPOS="3048" HPOS="293"/>
<SP HEIGHT="44" WIDTH="38" VPOS="3049" HPOS="361"/>
<String CONTENT="1932;" HEIGHT="42" WIDTH="138" VPOS="3047" HPOS="400"/>
<SP HEIGHT="41" WIDTH="39" VPOS="3048" HPOS="539"/>
<String CONTENT="2c." HEIGHT="40" WIDTH="67" VPOS="3048" HPOS="579"/>
<SP HEIGHT="28" WIDTH="37" VPOS="3059" HPOS="647"/>
<String CONTENT="and" HEIGHT="39" WIDTH="93" VPOS="3048" HPOS="685"/>
<SP HEIGHT="39" WIDTH="37" VPOS="3048" HPOS="779"/>
<String CONTENT="aff." HEIGHT="40" WIDTH="80" VPOS="3047" HPOS="817"/>
<SP HEIGHT="39" WIDTH="40" VPOS="3048" HPOS="898"/>
<String CONTENT="Mar." HEIGHT="40" WIDTH="121" VPOS="3048" HPOS="939"/>
<SP HEIGHT="39" WIDTH="37" VPOS="3049" HPOS="1061"/>
<String CONTENT="31;" HEIGHT="46" WIDTH="81" VPOS="3048" HPOS="1099"/>
<SP HEIGHT="46" WIDTH="40" VPOS="3048" HPOS="1181"/>
<!-- cceid 05F1CF95-6D7D-1014-B4A5-D7A31D17AB40 --><String CONTENT="A" HEIGHT="38" WIDTH="39" VPOS="3048" HPOS="1222"/>
<SP HEIGHT="38" WIDTH="37" VPOS="3048" HPOS="1262"/>
<String CONTENT="49345;" HEIGHT="45" WIDTH="170" VPOS="3047" HPOS="1300"/>
<SP HEIGHT="45" WIDTH="40" VPOS="3047" HPOS="1471"/>
<String CONTENT="A." HEIGHT="40" WIDTH="54" VPOS="3047" HPOS="1512"/>
<SP HEIGHT="41" WIDTH="39" VPOS="3047" HPOS="1567"/>
<String CONTENT="Chapman," HEIGHT="47" WIDTH="263" VPOS="3047" HPOS="1607"/>
<SP HEIGHT="46" WIDTH="38" VPOS="3047" HPOS="1871"/>
<String CONTENT="New" HEIGHT="39" WIDTH="116" VPOS="3047" HPOS="1910"/>
</TextLine>
<TextLine HEIGHT="48" WIDTH="458" VPOS="3103" HPOS="112">
<String CONTENT="York." HEIGHT="42" WIDTH="140" VPOS="3103" HPOS="112"/>
<SP HEIGHT="47" WIDTH="68" VPOS="3104" HPOS="253"/>
<String CONTENT="(32-9124)" HEIGHT="48" WIDTH="248" VPOS="3103" HPOS="322"/>
</TextLine>
<TextLine HEIGHT="69" WIDTH="1154" VPOS="3202" HPOS="44" STYLEREFS="StyleId-DE31FA31-A8C1-4F09-839B-46BBC33FE708-">
<String CONTENT="Christiansen," HEIGHT="68" WIDTH="425" VPOS="3202" HPOS="44"/>
<SP HEIGHT="63" WIDTH="29" VPOS="3207" HPOS="470"/>
<String CONTENT="Sigurd" HEIGHT="65" WIDTH="215" VPOS="3204" HPOS="500"/>
<SP HEIGHT="53" WIDTH="28" VPOS="3207" HPOS="716"/>
<String CONTENT="Wesley," HEIGHT="65" WIDTH="251" VPOS="3206" HPOS="745"/>
<SP HEIGHT="58" WIDTH="31" VPOS="3212" HPOS="997"/>
<String CONTENT="1891-" HEIGHT="49" WIDTH="169" VPOS="3211" HPOS="1029"/>
</TextLine>
<TextLine HEIGHT="71" WIDTH="1915" VPOS="3278" HPOS="108" STYLEREFS="StyleId-DE31FA31-A8C1-4F09-839B-46BBC33FE708-" CS="1">
<String CONTENT="Two" HEIGHT="52" WIDTH="135" VPOS="3279" HPOS="108"/>
<SP HEIGHT="52" WIDTH="23" VPOS="3279" HPOS="244"/>
<String CONTENT="living" HEIGHT="70" WIDTH="181" VPOS="3279" HPOS="268"/>
<SP HEIGHT="49" WIDTH="24" VPOS="3300" HPOS="450"/>
<String CONTENT="and" HEIGHT="52" WIDTH="110" VPOS="3282" HPOS="475"/>
<SP HEIGHT="51" WIDTH="24" VPOS="3282" HPOS="586"/>
<String CONTENT="one" HEIGHT="34" WIDTH="103" VPOS="3299" HPOS="611"/>
<SP HEIGHT="51" WIDTH="23" VPOS="3282" HPOS="715"/>
<String CONTENT="dead," HEIGHT="64" WIDTH="160" VPOS="3282" HPOS="739"/>
<SP HEIGHT="64" WIDTH="24" VPOS="3282" HPOS="900"/>
<String CS="1" CONTENT="by" HEIGHT="51" WIDTH="34" VPOS="3282" HPOS="925"/>
<SP HEIGHT="54" WIDTH="27" VPOS="3281" HPOS="997"/>
<String CONTENT="Sigurd" HEIGHT="67" WIDTH="213" VPOS="3281" HPOS="1025"/>
<SP HEIGHT="54" WIDTH="28" VPOS="3281" HPOS="1239"/>
<String CS="1" CONTENT="Christiansen;" HEIGHT="54" WIDTH="386" VPOS="3281" HPOS="1268"/>
<SP HEIGHT="54" WIDTH="26" VPOS="3285" HPOS="1686"/>
<String CONTENT="translated" HEIGHT="54" WIDTH="310" VPOS="3278" HPOS="1713"/>
</TextLine>
<TextLine HEIGHT="149" WIDTH="1958" VPOS="3353" HPOS="43" STYLEREFS="StyleId-DE31FA31-A8C1-4F09-839B-46BBC33FE708-" CS="1">
<String CONTENT="from" HEIGHT="55" WIDTH="147" VPOS="3353" HPOS="43"/>
<SP HEIGHT="47" WIDTH="30" VPOS="3361" HPOS="191"/>
<String CONTENT="the" HEIGHT="53" WIDTH="94" VPOS="3356" HPOS="222"/>
<SP HEIGHT="52" WIDTH="32" VPOS="3357" HPOS="317"/>
<String CONTENT="Norwegian" HEIGHT="69" WIDTH="338" VPOS="3357" HPOS="350"/>
<SP HEIGHT="51" WIDTH="32" VPOS="3359" HPOS="689"/>
<String CONTENT="by" HEIGHT="67" WIDTH="73" VPOS="3359" HPOS="722"/>
<SP HEIGHT="67" WIDTH="34" VPOS="3359" HPOS="796"/>
<String CONTENT="Edwin" HEIGHT="51" WIDTH="205" VPOS="3359" HPOS="831"/>
<SP HEIGHT="50" WIDTH="36" VPOS="3359" HPOS="1037"/>
<String CONTENT="Bjorkman." HEIGHT="67" WIDTH="329" VPOS="3358" HPOS="1074"/>
<SP HEIGHT="51" WIDTH="71" VPOS="3358" HPOS="1404"/>
<String CONTENT="New" HEIGHT="52" WIDTH="135" VPOS="3358" HPOS="1476"/>
<SP HEIGHT="51" WIDTH="38" VPOS="3357" HPOS="1612"/>
<String CONTENT="York," HEIGHT="68" WIDTH="177" VPOS="3356" HPOS="1651"/>
<SP HEIGHT="67" WIDTH="31" VPOS="3357" HPOS="1829"/>
<String CONTENT="Liveright," HEIGHT="142" WIDTH="1957" VPOS="3356" HPOS="44"/>
<SP HEIGHT="57" WIDTH="28" VPOS="3432" HPOS="213"/>
<String CONTENT="inc." HEIGHT="54" WIDTH="104" VPOS="3432" HPOS="242"/>
<SP HEIGHT="33" WIDTH="39" VPOS="3468" HPOS="347"/>
<String CS="1" CONTENT="["/>
<String STYLE="superscript" CS="1" CONTENT="&#7580;193"/>
<String CONTENT="2]" HEIGHT="64" WIDTH="49" VPOS="3438" HPOS="529"/>
</TextLine>
<TextLine HEIGHT="50" WIDTH="365" VPOS="3502" HPOS="110" CS="1">
<String CONTENT="288" HEIGHT="41" WIDTH="84" VPOS="3502" HPOS="110"/>
<SP/>
<String CONTENT="p." HEIGHT="38" WIDTH="45" VPOS="3514" HPOS="226"/>
<SP HEIGHT="40" WIDTH="57" VPOS="3504" HPOS="272"/>
<String CS="1" CONTENT="19&#189;" HEIGHT="41" WIDTH="58" VPOS="3504" HPOS="330"/>
<String STYLE="superscript" CS="1" CONTENT="&#7580;&#7504;"/>
<String CONTENT="." HEIGHT="9" WIDTH="10" VPOS="3536" HPOS="465"/>
</TextLine>
<TextLine HEIGHT="52" WIDTH="871" VPOS="3559" HPOS="111">
<String CONTENT="&#8220;Second" HEIGHT="42" WIDTH="210" VPOS="3559" HPOS="111"/>
<SP HEIGHT="48" WIDTH="29" VPOS="3561" HPOS="322"/>
<String CONTENT="printing," HEIGHT="49" WIDTH="228" VPOS="3561" HPOS="352"/>
<SP HEIGHT="46" WIDTH="31" VPOS="3564" HPOS="581"/>
<String CONTENT="March," HEIGHT="47" WIDTH="182" VPOS="3564" HPOS="613"/>
<SP HEIGHT="47" WIDTH="28" VPOS="3564" HPOS="796"/>
<String CONTENT="1932.&#8221;" HEIGHT="42" WIDTH="157" VPOS="3563" HPOS="825"/>
</TextLine>
<TextLine HEIGHT="57" WIDTH="1810" VPOS="3613" HPOS="49" CS="1">
<String CONTENT="&#169;" HEIGHT="51" WIDTH="50" VPOS="3613" HPOS="49"/>
<SP HEIGHT="51" WIDTH="28" VPOS="3613" HPOS="100"/>
<String CONTENT="Mar." HEIGHT="40" WIDTH="119" VPOS="3619" HPOS="129"/>
<SP HEIGHT="39" WIDTH="27" VPOS="3620" HPOS="249"/>
<String CONTENT="18." HEIGHT="41" WIDTH="67" VPOS="3620" HPOS="277"/>
<SP HEIGHT="40" WIDTH="29" VPOS="3621" HPOS="345"/>
<String CS="1" CONTENT="1932;" HEIGHT="41" WIDTH="112" VPOS="3619" HPOS="375"/>
<SP HEIGHT="43" WIDTH="30" VPOS="3622" HPOS="514"/>
<String CONTENT="2c." HEIGHT="39" WIDTH="64" VPOS="3622" HPOS="545"/>
<SP HEIGHT="39" WIDTH="30" VPOS="3622" HPOS="610"/>
<String CONTENT="Apr." HEIGHT="47" WIDTH="112" VPOS="3622" HPOS="641"/>
<SP HEIGHT="40" WIDTH="27" VPOS="3622" HPOS="754"/>
<String CS="1" CONTENT="4;" HEIGHT="38" WIDTH="26" VPOS="3622" HPOS="782"/>
<SP HEIGHT="36" WIDTH="32" VPOS="3632" HPOS="836"/>
<String CONTENT="aff." HEIGHT="40" WIDTH="79" VPOS="3621" HPOS="869"/>
<SP HEIGHT="39" WIDTH="29" VPOS="3622" HPOS="949"/>
<String CONTENT="Apr." HEIGHT="48" WIDTH="113" VPOS="3622" HPOS="979"/>
<SP HEIGHT="40" WIDTH="27" VPOS="3622" HPOS="1093"/>
<String CS="1" CONTENT="2;" HEIGHT="38" WIDTH="26" VPOS="3622" HPOS="1121"/>
<SP HEIGHT="47" WIDTH="29" VPOS="3622" HPOS="1175"/>
<!-- cceid 05F264C6-6D7D-1014-B4A5-D7A31D17AB40 --><String CONTENT="A" HEIGHT="39" WIDTH="40" VPOS="3622" HPOS="1205"/>
<SP HEIGHT="40" WIDTH="28" VPOS="3622" HPOS="1246"/>
<String CS="1" CONTENT="50483;" HEIGHT="40" WIDTH="141" VPOS="3623" HPOS="1275"/>
<SP HEIGHT="44" WIDTH="33" VPOS="3624" HPOS="1444"/>
<String CONTENT="Liveright," HEIGHT="48" WIDTH="260" VPOS="3621" HPOS="1478"/>
<SP HEIGHT="49" WIDTH="29" VPOS="3620" HPOS="1739"/>
<String CONTENT="inc." HEIGHT="42" WIDTH="90" VPOS="3620" HPOS="1769"/>
</TextLine>
<TextLine HEIGHT="49" WIDTH="246" VPOS="3674" HPOS="125">
<String CONTENT="(32-9034)" HEIGHT="49" WIDTH="246" VPOS="3674" HPOS="125"/>
</TextLine>
<TextLine HEIGHT="66" WIDTH="509" VPOS="3775" HPOS="46" STYLEREFS="StyleId-96F901F8-DE01-4FF6-9B50-6CF73FC99A33-">
<String CONTENT="Conquest," HEIGHT="66" WIDTH="311" VPOS="3775" HPOS="46"/>
<SP HEIGHT="63" WIDTH="28" VPOS="3778" HPOS="358"/>
<String CONTENT="Joan." HEIGHT="56" WIDTH="168" VPOS="3778" HPOS="387"/>
</TextLine>
<TextLine HEIGHT="74" WIDTH="1912" VPOS="3851" HPOS="112" STYLEREFS="StyleId-DE31FA31-A8C1-4F09-839B-46BBC33FE708-">
<String CONTENT="The" HEIGHT="54" WIDTH="119" VPOS="3851" HPOS="112"/>
<SP HEIGHT="34" WIDTH="41" VPOS="3871" HPOS="232"/>
<String CONTENT="village" HEIGHT="69" WIDTH="209" VPOS="3853" HPOS="274"/>
<SP HEIGHT="51" WIDTH="44" VPOS="3858" HPOS="484"/>
<String CONTENT="Pompadour," HEIGHT="66" WIDTH="383" VPOS="3857" HPOS="529"/>
<SP HEIGHT="60" WIDTH="41" VPOS="3859" HPOS="913"/>
<String CONTENT="by" HEIGHT="66" WIDTH="75" VPOS="3859" HPOS="955"/>
<SP HEIGHT="65" WIDTH="42" VPOS="3860" HPOS="1031"/>
<String CONTENT="Joan" HEIGHT="54" WIDTH="151" VPOS="3860" HPOS="1074"/>
<SP HEIGHT="54" WIDTH="45" VPOS="3859" HPOS="1226"/>
<String CONTENT="Conquest." HEIGHT="66" WIDTH="299" VPOS="3859" HPOS="1272"/>
<SP HEIGHT="53" WIDTH="89" VPOS="3856" HPOS="1572"/>
<String CONTENT="New" HEIGHT="53" WIDTH="138" VPOS="3856" HPOS="1662"/>
<SP HEIGHT="54" WIDTH="42" VPOS="3855" HPOS="1801"/>
<String CONTENT="York," HEIGHT="69" WIDTH="180" VPOS="3853" HPOS="1844"/>
</TextLine>
<TextLine HEIGHT="76" WIDTH="953" VPOS="3926" HPOS="45" STYLEREFS="StyleId-DE31FA31-A8C1-4F09-839B-46BBC33FE708-" CS="1">
<String CONTENT="The" HEIGHT="56" WIDTH="117" VPOS="3926" HPOS="45"/>
<SP HEIGHT="52" WIDTH="23" VPOS="3930" HPOS="163"/>
<String CONTENT="Macaulay" HEIGHT="70" WIDTH="300" VPOS="3930" HPOS="187"/>
<SP HEIGHT="49" WIDTH="23" VPOS="3951" HPOS="488"/>
<String CONTENT="company" HEIGHT="50" WIDTH="278" VPOS="3952" HPOS="512"/>
<SP HEIGHT="49" WIDTH="32" VPOS="3953" HPOS="791"/>
<String STYLE="subscript" CS="1" CONTENT="[&#7580;193"/>
<String CS="1" CONTENT="2]" HEIGHT="48" WIDTH="32" VPOS="3939" HPOS="966"/>
</TextLine>
</TextBlock>
</PrintSpace>
</Page>
</Layout>
</alto>