2563 4368
1381 4058 100 50 552

495 520 178 40 Pocket
701 519 163 40 device
892 521 53 38 at
973 519 91 40 end
1093 518 52 40 of
1172 519 202 41 volume.

430 585 1986 52 © Apr. 19, 1932; 2c. May 14; aff May 13; A 49956; W. J. Hughes,
497 645 332 49 Washington.

427 747 391 66 Hutchinson,
851 746 233 54 Arthur
1113 746 530 56 Stuart-Menteth.

497 825 114 68 Big
639 823 270 54 business,
982 824 165 69 chap.
1179 826 185 51 10-13.

506 898 83 48 (In
616 894 134 44 Good
779 894 384 53 housekeeping,
1193 895 133 51 May,
1358 895 145 49 1932)

432 964 1970 107 © 1c. May 13, 1932; A ad int. 16410; pubd. Apr. 29; A. S. M. Hutchinson,
627 1024 317 48 Eastbourne,
976 1025 234 47 England.

430 1127 321 66 Kaufman,
783 1128 227 64 George
1040 1128 76 65 S.,
1151 1132 171 51 1889-

559 1204 1857 71 … Of thee I sing, a musical play, by George S. Kaufman
428 1285 111 51 and
581 1282 215 53 Morrie
837 1282 291 69 Ryskind;
1171 1282 172 69 tyrics
1383 1282 75 69 by
1499 1283 99 53 Ira
1638 1282 329 70 Gershwin;
2010 1282 140 55 with
2192 1302 32 34 a
428 1282 1965 131 foreword

607 1360 77 69 by
706 1360 222 69 George
954 1362 148 54 Jean
1127 1360 248 54 Nathan.
1450 1361 139 53 New
1617 1360 178 69 York,
1819 1363 71 51 A.
1918 1361 70 54 A.
2015 1359 225 70 Knopf,
2268 1364 148 52 1932.

499 1431 1919 51 7 p. l., 3-214 p., 1 l. front., plates (1 double) 20ᶜᵐ. (The theatre
430 1491 50 40 of
508 1491 159 47 today,
696 1491 72 40 ed.
797 1491 60 47 by
885 1490 54 41 G.
968 1490 44 41 J.
1038 1489 223 48 Nathan)

501 1547 129 41 “The
661 1556 134 31 score
827 1548 79 39 for
939 1546 78 41 ‘Of
1048 1547 108 40 thee
1190 1548 21 39 I
1244 1547 119 47 sing’
1397 1557 100 30 was
1527 1548 252 46 composed
1813 1547 60 48 by
1905 1545 183 50 George
2120 1546 296 42 Gershwin.”

500 1604 222 41 Without
754 1605 81 39 the
865 1604 167 41 music.

505 1660 161 42 “First
699 1660 225 42 edition.”

436 1727 1991 53 © Apr. 8, 1932; 2c. and aff Apr. 9; A 50662; G. S. Kaufman & Morrie
505 1788 231 49 Ryskind,
765 1789 117 40 New
915 1790 140 39 York.
1125 1788 280 49 (32-10305)

431 1890 229 65 Keelor,
689 1890 333 56 Katharine
1053 1891 231 66 Louise,
1318 1897 170 51 1886-

430 1966 1969 132 … Little Fox, the story of an Indian boy; pictures by Frederick
614 2044 371 55 Richardson.
1054 2044 135 53 New
1224 2044 177 68 York,
1432 2044 120 52 The
1583 2044 331 53 Macmillan
1947 2060 294 52 company,
2274 2046 149 51 1932.

501 2114 1090 50 5 p. l., 3-121 p., 1 l. front., illus. 18 ᶜᵐ .
502 2173 64 40 At
593 2173 124 40 head
744 2172 54 41 of
823 2172 108 41 title:
989 2172 276 41 Katharine
1292 2172 191 41 Keelor.

437 2240 52 52 ©
520 2247 110 45 Apr.
661 2244 68 49 19,
761 2243 112 42 1932;
932 2245 67 41 2c.
1029 2246 94 39 and
1153 2244 82 42 aff.
1265 2245 113 47 Apr.
1409 2243 59 41 20;
1524 2245 39 38 A
1595 2242 143 42 50806;
1799 2244 279 40 Macmillan
2108 2253 69 32 co.

514 2302 279 48 (32-10338)

435 2404 189 65 Kline,
655 2405 249 55 Chester
934 2404 353 56 Alexander.

500 2481 357 54 Windstorm
887 2480 298 54 insurance
1229 2482 60 67 (a
1319 2500 207 50 survey
1556 2482 63 53 of
1651 2482 95 53 the
1780 2486 220 63 nature,
2030 2481 395 68 development

434 2559 110 52 and
587 2564 226 62 present
850 2564 182 47 status
1073 2558 64 54 of
1174 2558 95 54 the
1309 2577 269 48 coverage
1617 2559 64 53 of
1719 2559 171 53 losses
1928 2577 73 36 on
2039 2559 137 53 land
2218 2558 108 54 due
2364 2564 59 48 to

431 2624 1920 80 windstorms) … [by] Chester A. Kline. Philadelphia, 1931.
502 2706 960 50 218 p. illus. (maps) diagr. 23½ ᶜᵐ .
505 2762 72 41 On
609 2775 141 31 cover;
812 2764 281 49 University
1125 2765 51 41 of
1206 2765 372 47 Pennsylvania.

503 2820 172 42 Thesis
712 2821 14 47 (PH.
899 2819 369 50 D.)—University
1297 2821 52 41 of
1375 2820 373 49 Pennsylvania.

506 2877 347 50 Bibliography:
916 2889 43 38 p.
995 2876 215 42 179-182.

441 2946 51 52 ©
523 2950 113 48 Apr.
667 2950 39 46 1,
737 2947 139 48 1932;
910 2948 67 42 2c.
1009 2949 94 39 and
1135 2947 81 43 aff.
1250 2948 112 48 Apr.
1393 2949 53 47 5;
1479 2949 39 38 A
1547 2947 172 49 49412;
1754 2948 48 41 C.
1836 2949 52 41 A.
1922 2949 157 49 Kline,
2112 2950 314 48 Lansdowne,

510 3007 82 40 Pa.
663 3005 279 49 (32-10175)

439 3107 263 65 Kneisly,
732 3108 201 64 Harry
959 3108 209 65 Loren,
1202 3113 168 50 1888-

508 3184 1911 70 Kneisly genealogy, copyright … by Harry Loren Kneisly
500 3261 1923 70 … Including the names of 685 descendants, and relatives of
439 3341 94 51 the
569 3339 225 55 earliest
830 3339 274 54 residents
1140 3340 58 53 in
1234 3339 263 54 America
1532 3340 64 54 of
1630 3342 184 52 whom
1850 3341 223 53 records
2107 3341 145 53 have
2282 3342 138 52 been

440 3415 1918 69 obtained, and references to 150 others believed to be related …
445 3492 1860 71 [Reading, Pa., Miller printing and lithographing co., ᶜ19 32]
508 3567 304 49 46 p. 23 ᶜᵐ .
445 3620 51 52 ©
523 3626 112 46 Apr.
663 3625 38 44 8,
729 3623 111 41 1932;
896 3623 65 41 2c.
990 3623 113 48 Apr.
1130 3624 47 38 11;
1240 3622 80 40 aff.
1350 3623 110 47 Apr.
1489 3622 54 40 19;
1600 3624 39 38 A
1665 3622 143 42 49592;
1867 3624 59 40 H.
1953 3624 50 41 L.
2032 3623 214 49 Kneisly,
513 3624 1896 104 Reading,

631 3682 81 38 Pa.
783 3679 278 48 (32-10157)

442 3782 166 64 Kolb,
639 3782 247 65 Gustav,
919 3783 169 54 1867-

511 3856 329 55 Bildhaftes
888 3859 276 68 gestalten
1213 3859 82 52 als
1342 3857 247 69 aufgabe
1637 3859 99 52 der
1782 3857 470 70 volkserziehung;
442 3875 1958 127 naturgemässer

857 3953 122 51 weg
1018 3936 79 51 im
1136 3934 335 69 unterricht,
1512 3953 108 35 von
1662 3933 290 71 professor
1995 3934 220 56 Gustav
2254 3933 169 55 Kolb.
