2563 4368
1336 4086 101 49 824

503 519 1886 58 x, 399 p. illus. (incl. music) 19 ᶜᵐ . [His Santa Anna trilogy, v . 2]
403 578 1972 114 © 1c. May 31, 1932; A ad int. 16454; pubd. Apr. 8; T. Washington-Met calfe,
641 639 308 49 Barnstaple,
981 640 180 48 Devon,
1193 639 235 49 England.
1500 638 279 51 (32-14732)

398 727 214 66 White,
642 730 204 53 James
874 730 141 64 Asa,
1046 732 172 50 1886-
1429 730 85 55 ed.

467 804 294 54 Christian
795 806 300 53 education
1128 804 332 70 objectives;
1500 825 30 33 a
1565 803 351 71 symposium
1949 804 310 54 assembled
394 820 1974 119 under

528 883 95 53 the
659 883 254 69 auspices
948 883 65 53 of
1045 884 96 53 the
1179 881 324 57 California
1538 882 220 55 council
1792 882 64 53 of
1890 882 270 69 religious
394 881 1975 152 education,

584 962 247 68 Berkley
907 962 32 66 [!]
995 960 150 66 Cal.;
1197 959 187 55 edited
1431 961 75 68 by
1555 961 193 54 James
1796 960 118 54 Asa
1959 960 212 55 White.
2255 960 139 54 New

397 1037 1570 72 York [etc.] Fleming H. Revell company [ ᶜ1 932 ]
465 1114 86 39 142
591 1125 43 36 p.
723 1113 116 42 19½ᶜᵐ.

466 1170 129 40 “The
624 1169 335 49 presentation
985 1169 51 39 in
1065 1167 355 42 non-technical
1449 1171 150 38 terms
1626 1169 54 39 of
1707 1170 83 40 the
1819 1179 173 38 [Seven]
2022 1167 265 49 objectives
2313 1168 80 41 for

396 1226 229 49 religious
656 1225 258 42 education
944 1236 55 29 as
1031 1226 208 46 adopted
1270 1224 60 48 by
1362 1226 81 39 the
1474 1224 358 42 International
1863 1224 187 41 council
2081 1224 52 40 of
2163 1222 230 51 religious

394 1281 494 43 education.”—Pref.

466 1340 247 40 “Selected
741 1336 365 50 bibliography”
1134 1339 55 38 at
1215 1339 80 39 the
1323 1338 91 39 end
1443 1337 52 40 of
1519 1338 119 39 each
1665 1338 214 48 chapter.

401 1391 1909 58 © Apr. 16, 1932; 2c. and aff. May 7; A 49867; Fleming H. Revell co.
480 1453 280 49 (32-14308)

397 1545 350 64 Widdemer,
778 1545 326 64 Margaret.

465 1623 258 51 Pre-war
754 1621 154 67 lady,
940 1621 75 66 by
1048 1623 296 66 Margaret
1375 1621 346 55 Widdemer.
1789 1622 138 52 New
1961 1621 178 67 York,
2173 1623 213 52 Farrar

394 1698 1014 70 & Rinehart, incorporated [ ᶜ1 932]
468 1770 622 52 3 p. l. , 3-280 p. 19½ᶜᵐ.
401 1825 51 52 ©
480 1830 126 39 June
631 1829 39 47 2,
699 1827 139 48 1932;
868 1828 66 41 2c.
961 1830 95 39 and
1084 1828 83 41 aff.
1194 1828 126 41 June
1346 1829 52 46 3;
1427 1828 40 39 A
1495 1829 170 46 51635;
1696 1829 61 39 M.
1788 1829 287 48 Widdemer,
2104 1830 115 39 New
2247 1827 144 43 York.

478 1886 280 48 (32-14327)

397 1974 244 67 Wilgus,
670 1977 228 53 Horace
926 1977 85 52 La
1038 1977 271 65 Fayette,
1341 1982 171 50 1859-

463 2052 297 69 Michigan
797 2053 230 70 general
1063 2051 364 71 corporation
1466 2058 107 63 act,
1612 2053 141 53 with
1791 2057 325 64 comments,
394 2054 1970 133 annotations

583 2132 113 51 and
735 2129 200 67 forms,
972 2131 120 53 also
1129 2131 140 53 Fees
1310 2131 113 53 and
1465 2130 289 54 franchise
1794 2138 98 47 tax
1930 2133 129 65 law,
2100 2131 144 53 Blue
2284 2131 105 70 sky

394 2208 126 64 law,
569 2207 277 54 Uniform
895 2208 159 52 stock
1101 2207 253 54 transfer
1405 2214 91 47 act
1545 2208 326 68 annotated,
1922 2210 76 68 by
2046 2210 226 53 Horace
2322 2210 63 51 L.

392 2282 227 70 Wilgus
651 2327 56 9 …
742 2285 111 53 and
884 2285 232 53 Burritt
1143 2285 304 53 Hamilton
1482 2328 56 10 …
1573 2284 285 56 foreword
1888 2286 76 69 by
1992 2286 154 53 Hon.
2176 2286 214 54 Merlin

393 2360 189 70 Wiley
612 2404 56 10 …
736 2361 270 70 Chicago,
1035 2361 320 71 Callaghan
1384 2363 113 53 and
1523 2381 297 52 company,
1850 2366 149 51 1932.

565 2465 8 16 xxx,
605 2433 86 42 710
718 2444 43 38 p.
821 2434 146 42 24½ᶜᵐ.

461 2489 179 42 Pocket
666 2490 163 42 device
857 2503 61 28 on
945 2491 157 42 inside
1131 2492 52 40 of
1209 2492 123 40 back
1358 2501 153 32 cover.

401 2543 51 52 ©
482 2549 113 46 May
624 2549 69 41 26.
723 2547 140 44 1932;
895 2549 67 40 2c.
992 2552 94 37 and
1116 2549 80 41 aff.
1230 2550 114 47 May
1372 2551 82 46 31;
1487 2551 40 38 A
1557 2551 169 46 51567;
1761 2550 268 49 Callaghan
2061 2552 36 40 &
2127 2563 67 29 co.

478 2605 280 48 (32-14416)

395 2676 253 66 Wöhrle,
679 2678 208 66 Oskar,
921 2681 171 52 1890-

470 2796 55 9 …
559 2754 115 54 Jan
702 2755 201 54 Hus—
905 2758 99 51 der
1032 2758 167 51 letzte
1226 2762 128 64 tag;
1387 2757 469 69 geschichtlicher
1883 2776 214 35 roman.
2174 2757 217 69 Berlin,

394 2832 118 52 Der
540 2832 378 55 Bücherkreis
950 2834 191 69 gmbh,
1174 2838 151 51 1932.

465 2906 83 40 271
582 2917 41 37 p.
685 2905 146 43 19½ᶜᵐ.

398 2958 1989 59 © Jan. 1, 1932; 1c. Jan. 13; A—Foreign 16479; Der Bücherkreis, g. m.
465 3020 41 39 b.
534 3019 44 40 h.
650 3019 279 50 (32-14470)

395 3091 196 56 World
619 3095 345 55 conference
991 3113 72 37 on
1089 3099 161 52 work
1276 3099 97 54 for
1398 3101 103 53 the
1525 3099 180 67 blind,
1730 3102 139 54 New
1897 3102 179 66 York,
2103 3104 152 51 1931.

462 3171 380 71 Proceedings
870 3173 64 53 of
960 3175 96 52 the
1081 3177 202 54 World
1313 3177 329 54 conference
1672 3199 71 33 on
1772 3181 157 52 work
1956 3179 94 53 for
2078 3182 95 51 the
2198 3179 179 69 blind,

392 3250 180 51 under
602 3250 96 51 the
730 3250 254 67 auspices
1016 3253 64 51 of
1110 3254 96 52 the
1237 3254 305 55 American
1577 3256 337 55 association
1948 3257 64 54 of
2045 3256 335 56 instructors

393 3326 64 51 of
493 3327 96 51 the
623 3327 180 68 blind,
839 3329 305 53 American
1185 3330 336 56 association
1558 3333 64 53 of
1656 3334 247 54 workers
1941 3334 93 53 for
2069 3337 95 53 the
2198 3335 179 67 blind,

391 3403 306 54 American
727 3404 341 55 foundation
1098 3407 94 53 for
1220 3408 95 54 the
1342 3409 179 69 blind,
1548 3411 126 68 inc.,
1704 3412 139 53 with
1870 3413 95 52 the
1993 3414 383 67 co-operation

392 3482 64 51 of
481 3481 96 53 the
603 3482 307 54 American
938 3484 218 53 Braille
1184 3502 156 51 press
1369 3486 93 54 for
1489 3507 118 34 war
1632 3491 112 51 and
1773 3489 233 56 civilian
2031 3491 179 65 blind,
2238 3489 134 69 inc.;

394 3557 239 55 editors:
676 3559 188 69 Helga
906 3562 208 67 Lende,
1155 3563 222 68 Evelyn
1421 3565 61 55 C.
1522 3566 232 67 McKay
1799 3602 11 32 [
1816 3569 112 51 and
1934 3601 12 33 ]
1994 3568 277 56 Sherman
2311 3569 62 55 C.

395 3634 202 68 Swift;
626 3638 139 52 New
790 3639 179 58 York,
993 3640 72 53 U.
1096 3640 56 54 S.
1176 3641 92 59 A.,
1291 3641 192 67 April,
1511 3647 148 49 1931.
1726 3677 13 33 [
1744 3643 138 54 New
1909 3645 179 58 York,
2112 3644 142 54 Pub.
2281 3646 94 53 for

392 3711 94 52 the
516 3713 202 53 World
751 3712 330 56 conference
1112 3735 70 34 on
1215 3716 159 53 work
1404 3717 93 53 for
1525 3719 95 52 the
1649 3719 161 55 blind
1840 3721 76 67 by
1944 3722 94 51 the
2071 3721 304 55 American

394 3786 1141 77 foundation for the blind, inc., ᶜ1 932]
462 3860 64 48 ix,
555 3861 85 41 558
668 3873 42 36 p.
770 3861 28 41 2
824 3864 123 46 port.
976 3858 132 53 (incl.
1135 3863 174 50 front.)
1378 3866 145 42 23½ᶜᵐ.

399 3913 51 51 ©
481 3918 114 47 May
624 3919 68 46 11,
724 3917 140 49 1932;
897 3920 66 41 2c.
995 3922 114 47 May
1139 3922 80 45 19;
1255 3921 78 41 aff.
1368 3924 114 47 May
1511 3923 83 47 25;
1628 3925 40 39 A
1701 3924 167 43 51515;
1903 3926 156 41 Amer.
2091 3925 291 44 foundation

465 3973 79 41 for
569 3976 83 38 the
676 3975 147 49 blind,
852 3976 104 49 inc.,
984 3978 117 40 New
1127 3978 144 42 York.
1340 3979 279 50 (32-14319)
