2563 4368
1364 4068 100 50 560

415 458 280 64 Sullivan,
726 457 306 54 Elizabeth
1064 458 67 53 E.

484 532 1917 70 Problems in solutions, by Elizabeth E. Sullivan … Boston,
414 615 77 53 M.
525 617 264 50 Barrows
817 617 45 50 &
892 631 296 48 company,
1223 616 147 50 1932.

486 685 618 48 iii, 100 p. illus. 20 ᶜᵐ .
423 740 50 50 ©
508 744 120 39 Mar.
660 743 68 42 31,
761 742 139 46 1932;
933 742 68 40 2c.
1032 742 114 48 Apr.
1176 742 54 46 2;
1265 741 82 41 aff.
1379 742 112 47 Apr.
1525 741 81 45 12;
1641 741 39 39 A
1711 740 171 43 49485;
1919 742 62 39 M.
2014 742 227 38 Barrows
2274 741 36 39 &
2341 750 66 30 co.

498 799 279 48 (32-10161)

415 902 399 64 Superheater
847 918 305 48 company.

487 977 319 68 Superheat
840 977 367 70 engineering
1240 980 162 63 data;
1440 998 31 32 a
1504 978 305 53 handbook
1840 997 72 33 on
1946 977 95 52 the
2074 976 329 69 generation

416 1058 113 52 and
567 1075 95 34 use
699 1057 64 52 of
799 1057 375 67 superheated
1211 1061 176 48 steam
1427 1058 112 51 and
1578 1055 214 53 related
1828 1054 259 68 subjects.
2163 1054 98 55 7th
2299 1056 103 65 ed.,

415 1132 1963 148 rev., 3d printing with revised steam tables … New York, Chicago,
599 1212 1066 67 The Superheater company [ ᶜ19 32]
487 1280 1831 54 iii, 253 p. incl. illus., tables, d iagrs. (part fold.) 17½ ᶜᵐ . $1.00
489 1344 128 38 “The
647 1343 106 40 first
783 1342 92 40 five
905 1342 208 39 editions
1147 1341 51 40 of
1230 1340 98 41 this
1360 1340 120 40 book
1514 1350 126 30 were
1670 1338 203 41 entitled
1906 1340 127 38 Data
2067 1339 121 40 book
2219 1339 79 39 for
416 1350 1969 95 engineers

637 1398 267 51 [published
937 1400 58 46 by
1027 1399 80 39 the
1138 1397 305 40 Locomotive
1473 1396 315 47 superheater
1819 1394 280 51 company]”

423 1453 51 52 ©
503 1459 119 38 Mar.
649 1457 69 46 21,
745 1455 139 47 1932;
913 1457 68 39 2c.
1007 1456 112 48 Apr.
1148 1456 22 38 1;
1228 1455 81 41 aff.
1337 1454 113 48 Apr.
1477 1454 52 46 9;
1559 1454 40 39 A
1626 1452 170 48 50669;
1829 1454 324 48 Superheater
2179 1464 66 30 co.

500 1512 278 49 (32-10172)

416 1617 208 54 Texas.
703 1617 181 60 Laws,
911 1621 256 60 statutes,
1194 1620 100 47 etc.

489 1693 276 54 Vernon’s
808 1693 304 53 annotated
1158 1692 217 53 revised
1416 1690 154 58 Civil
1611 1691 111 52 and
1762 1688 263 56 criminal
2063 1695 240 49 statutes
2343 1690 62 53 of

420 1773 95 52 the
552 1776 147 49 state
736 1772 63 52 of
838 1774 200 50 Texas.
1117 1770 186 69 April,
1345 1773 152 63 1932,
1536 1768 343 56 cumulative
1919 1769 291 69 quarterly
423 1788 1959 130 pamphlet,

629 1848 333 70 containing
995 1850 76 52 all
1105 1850 136 52 laws
1272 1849 64 53 of
1370 1868 31 33 a
1433 1849 229 68 general
1695 1848 111 53 and
1840 1854 334 63 permanent
2205 1854 202 48 nature

420 1929 64 52 of
515 1930 93 52 the
643 1927 118 54 first
797 1930 108 50 and
941 1928 202 52 second
1176 1927 179 55 called
1387 1928 238 53 sessions
1658 1927 62 53 of
1753 1927 95 53 the
1879 1927 146 53 42nd
2059 1927 347 69 legislature,

422 2007 136 53 with
608 2007 363 52 annotations
1017 2005 334 69 construing
1396 2006 93 52 the
1535 2007 136 53 laws
1718 2006 112 53 and
1878 2005 139 54 with
2063 2005 344 55 cumulative

420 2084 1962 147 tables and indexes … Kansas City, Vernon law book company
608 2167 192 63 [ ᶜ19 32]
494 2235 615 50 1 p. l., 5-912 p. 25½ ᶜᵐ .
426 2290 51 52 ©
502 2295 111 46 Apr.
639 2293 69 45 30,
734 2292 112 41 1932;
900 2293 68 40 2c.
994 2293 111 45 May
1132 2292 53 39 14;
1241 2290 80 41 aff.
1350 2293 111 46 May
1488 2291 53 40 13;
1597 2291 40 39 A
1661 2290 144 41 49946;
1861 2292 189 39 Vernon
2078 2293 92 38 law
2196 2292 121 41 book
2343 2302 67 32 co.

419 2408 1988 69 Texas jurisprudence … a complete statement of the law and
493 2487 245 68 practice
779 2487 63 52 of
883 2487 94 52 the
1019 2491 145 49 state
1204 2486 63 54 of
1307 2490 200 66 Texas,
1548 2487 73 68 by
1657 2486 261 58 William
1957 2490 80 53 M.
2078 2488 329 70 McKinney

490 2564 1893 149 and other lawyers, v. 18. Evidence-Criminal cases to Experiments … San
1133 2642 322 68 Francisco,
1491 2644 583 70 Bancroft-Whitney
2111 2664 296 53 company,

493 2726 150 49 1932.

491 2794 552 50 4 p. l., 889 p. 24½ᶜᵐ.
425 2849 51 52 ©
505 2854 113 46 May
643 2853 41 47 4,
711 2851 112 40 1932;
879 2851 67 40 2c.
974 2852 94 39 and
1096 2850 82 40 aff.
1207 2852 112 46 May
1347 2851 51 39 11;
1457 2851 40 39 A
1523 2851 169 48 51250;
1725 2853 484 49 Bancroft-Whitney
2237 2864 66 29 co.

419 2968 268 66 Torbert,
717 2969 138 52 Mrs.
885 2964 163 58 Alice
1086 2967 236 66 (Coyle)
1359 2972 54 50 d.
1447 2971 149 51 1931.

487 3047 312 66 Doorways
835 3045 113 53 and
982 3046 251 53 dormers
1269 3046 63 53 of
1367 3047 96 53 old
1498 3047 394 67 Georgetown,
1928 3067 31 34 a
1992 3048 237 54 historic
2261 3054 146 61 tour,

417 3124 74 66 by
540 3123 162 52 Alice
755 3122 175 67 Coyle
981 3123 258 52 Torbert.
1325 3123 395 67 Georgetown,
1768 3124 400 70 Washington,
2219 3127 71 52 D.
2342 3126 64 56 C.

527 3204 83 62 [ ᶜ19 32]
488 3271 1037 50 31 p. illus. (incl. double map) 23 ᶜᵐ .
489 3329 287 40 Illustrated
806 3329 58 47 by
895 3327 200 42 Charles
1129 3329 157 40 Dunn.

490 3384 213 41 “Second
734 3385 197 46 edition,
964 3384 188 42 revised
1184 3386 96 39 and
1314 3385 273 49 enlarged.”

428 3439 51 51 ©
509 3443 113 47 Apr.
651 3443 22 38 1,
720 3441 139 47 1932;
890 3441 65 40 2c.
987 3442 93 39 and
1109 3441 82 41 aff.
1221 3442 113 47 Apr.
1365 3442 81 46 18;
1477 3442 40 39 A
1548 3441 168 47 50789;
1749 3443 54 42 A.
1834 3444 48 40 C.
1913 3444 216 47 Torbert,
496 3445 1897 94 Washington.

661 3497 277 49 (32-10389)

423 3586 121 53 The
571 3586 218 55 United
816 3588 205 54 States
1046 3591 226 63 patents
1298 3587 320 68 quarterly;
1647 3593 221 62 reports
1894 3588 64 55 of
1983 3608 149 36 cases
2160 3587 246 69 relating

493 3664 1887 144 to patents, trade marks and copyrights … v. 12 … Washington,
762 3742 120 51 The
930 3741 216 54 United
1198 3741 189 55 States
1437 3742 158 68 daily
1643 3742 334 70 publishing
2025 3743 379 68 corporation,

496 3820 148 49 1932.

495 3890 95 47 xvi,
619 3890 98 47 610,
752 3891 52 49 [1]
835 3902 42 36 p.
938 3891 145 42 23½ᶜᵐ.

429 3941 51 52 ©
508 3948 112 46 May
645 3947 69 45 11,
741 3947 115 40 1932;
907 3946 66 42 2c.
1001 3950 94 39 and
1121 3948 81 40 aff.
1231 3950 113 47 May
1370 3950 81 45 11;
1480 3949 40 40 A
1544 3948 171 48 49937;
1746 3949 176 42 United
1953 3951 161 40 States
2142 3950 131 48 daily
2300 3948 106 51 pub.

495 4003 322 47 corporation.
