2563 4368
1095 4110 131 49 1001

158 499 234 63 Albany
419 496 276 55 institute
723 497 63 53 of
812 495 236 64 history
1071 494 114 54 and
1212 496 114 62 art,
1355 492 246 68 Albany.

227 573 395 68 Washington,
664 572 252 52 freeman
959 570 63 54 of
1062 569 247 67 Albany,
1348 568 151 54 June
1541 566 84 68 27,
1670 564 148 54 1782.
1898 565 246 68 Albany,

159 652 67 51 N.
260 652 88 65 Y.,
377 650 229 65 Albany
635 648 257 52 institute
921 648 63 52 of
1010 646 219 68 history
1258 647 113 52 and
1401 650 107 58 art,
1540 647 148 48 1932.

230 717 1293 52 [32] p. incl. front., illus., ports., facsims. 27 ᶜᵐ .
229 779 127 39 “The
385 777 192 40 booklet
604 777 90 39 has
722 776 118 39 been
868 775 196 39 written
1092 775 60 47 by
1181 774 186 39 Arthur
1396 770 211 42 Pound.”

165 835 51 51 ©
245 838 110 39 Feb.
383 836 68 47 19,
480 835 112 41 1932;
649 836 67 39 2c.
746 836 95 38 and
869 833 81 41 aff.
981 835 112 45 May
1122 833 54 39 13;
1234 833 40 37 A
1303 829 143 42 51299;
1503 830 188 47 Albany
1720 828 225 41 institute

1975 829 51 39 of
232 827 1899 113 history
368 895 94 38 and
490 895 91 37 art.
651 891 279 48 (32-17576)

160 995 314 53 American
512 994 276 54 institute
827 994 64 52 of
928 992 228 64 mining
1193 992 114 52 and
1347 988 431 65 metallurgical
1815 987 329 65 engineers,

228 1074 108 53 inc.
413 1076 325 50 Petroleum
770 1072 262 53 division.

230 1144 1916 71 Transactions … Petroleum development and technology,
162 1231 147 49 1932.
386 1230 325 50 Petroleum
745 1228 262 52 division.
1083 1229 214 65 Papers
1331 1227 112 51 and
1477 1224 339 54 discussions
1848 1223 299 69 presented

161 1307 193 53 before
382 1308 93 51 the
505 1307 247 52 division
779 1314 57 45 at
865 1309 283 50 Houston.
1177 1305 125 54 Oct.
1330 1308 118 65 2-3,
1478 1307 150 65 1931,
1659 1303 112 54 and
1799 1305 139 52 New
1965 1301 181 69 York,

162 1386 133 52 Feb.
328 1389 185 53 15-18,
543 1387 148 50 1932.
766 1386 138 52 New
934 1385 179 55 York,
1201 1426 9 10 N.
1242 1386 71 51 Y.,
1361 1384 121 53 The
1509 1382 291 68 Institute,
1831 1384 151 50 1932.

235 1457 1301 50 506 p. illus. (incl. maps) tables, diagrs. 23½ ᶜᵐ .
168 1511 1965 108 © June 15, 1932; 2c. and aff. July 15; A 53125; Amer. institute of mining
343 1574 94 38 and
464 1573 355 46 metallurgical
847 1572 262 46 engineers,
1138 1571 104 41 inc..
1271 1571 117 38 New
1414 1570 145 39 York.

163 1677 314 53 American
527 1676 245 54 medical
819 1674 372 55 association.
1271 1672 238 55 Council
1557 1690 73 35 on
1673 1672 314 69 pharmacy
2034 1670 114 55 and

234 1756 317 66 chemistry.

289 1851 81 33 New
419 1833 110 51 and
576 1829 317 56 nonofficial
939 1831 288 59 remedies,
1278 1833 148 49 1932.
1504 1828 350 70 Containing
164 1828 1958 135 descriptions

348 1910 63 53 of
445 1911 94 52 the
576 1911 224 52 articles
837 1910 184 52 which
1056 1910 169 52 stand
1262 1909 264 68 accepted
1560 1909 76 69 by
1669 1910 95 51 the
1803 1908 238 55 Council
2075 1926 73 36 on

163 1988 310 68 pharmacy
506 1989 111 51 and
649 1988 305 68 chemistry
984 1989 63 51 of
1077 1989 95 53 the
1203 1988 306 53 American
1537 1988 242 52 medical
1813 1987 335 53 association

163 2085 73 34 on
273 2069 261 64 January
574 2071 45 63 1,
658 2070 150 49 1932.
884 2065 269 70 Chicago,
1190 2066 306 54 American
1530 2067 243 53 medical
1812 2066 337 54 association

169 2150 191 63 [ ᶜ193 2 ]
234 2220 99 46 492,
362 2220 68 37 lvi
459 2230 39 36 p.
560 2218 145 40 19½ᶜᵐ.

170 2271 1982 51 © June 27, 1932; 2c. July 9; aff. July 11; A 53033; Amer. medical assn.
165 2406 256 54 Arizona
450 2407 112 51 and
590 2404 211 57 Pacific
830 2405 203 70 digest,
1059 2407 266 68 covering
1354 2407 78 51 all
1458 2425 150 35 cases

1635 2407 267 69 reported
1929 2407 62 53 in
235 2407 1890 130 Arizona
399 2492 238 60 reports,
663 2488 325 54 1866-1931,
1014 2482 211 57 Pacific

1249 2492 273 61 reporter,
1547 2487 252 51 volumes
1825 2487 186 66 1-300,
2039 2485 112 53 and

237 2561 1852 71 all of the Pacific states reports from the earliest times …
239 2639 298 69 Compiled
596 2641 112 52 and
762 2640 189 53 edited
1005 2642 76 68 by
1132 2643 97 51 the
1283 2642 340 68 publisher’s
1678 2642 268 55 editorial
2000 2640 150 56 staff,

277 2717 1432 72 v . 14 -16. St. Paul, West publishing co., 1932.
238 2792 274 40 3 v. 26 ᶜᵐ .
241 2848 379 41 CONTENTS.—v.
673 2847 72 41 14.
798 2848 258 40 Dismissal
1108 2851 95 38 and
1253 2851 594 40 nonsuit-Elections.—v.
1903 2849 71 43 15.
171 2853 1968 99 Electricity-Estoppel.—v.

759 2904 73 42 16.
868 2906 578 48 Evidence-Exceptions,
1485 2908 97 39 Bill
1619 2909 65 39 of.

174 2958 1982 53 © June 16, 1932; 2c. each July 11; affs. July 12; A 54043-54045; West
241 3018 107 47 pub.
380 3030 64 28 co.

167 3121 227 57 Balzac,
421 3122 235 53 Honoré
685 3123 87 63 de,
801 3124 323 54 1799-1850.

237 3199 79 52 Le
342 3200 128 52 curé
496 3200 67 51 de
589 3200 200 66 Tours,
816 3218 104 49 par
948 3200 234 52 Honoré
1207 3201 67 52 de
1302 3203 236 65 Balzac;
1569 3202 188 52 edited
1782 3202 76 67 by

168 3200 1989 146 H. Stanley Schwarz … illustrated by Reginald Birch and Leon
167 3353 1966 145 D’Emo. New York, Cincinnati [etc.] American book company [ ᶜ193 2 ]
240 3505 1160 47 xlii, 265 p. incl. front. (port.) illus. 16½ ᶜᵐ .
177 3558 1964 101 © July 2, 1932; 2c. and aff. July 7; A 52930; Amer. book co. [© introduction.
481 3618 238 40 exercices.
762 3621 135 37 notes.
941 3618 322 49 vocabulaire]
1333 3620 278 46 (32-17587)

171 3708 198 63 Boyle,
400 3709 150 62 Kay.

242 3783 153 52 Year
433 3782 194 53 before
668 3784 110 51 last
839 3782 93 69 [by]
978 3782 133 69 Kay
1152 3782 196 70 Boyle.
1483 3803 80 34 New
1606 3786 179 68 York,
1827 3787 78 53 H.
1950 3786 208 69 Smith,

173 3863 148 49 1932.

242 3931 614 49 4 p. l ., 3-373 p. 19½ᶜᵐ.
179 3986 51 51 ©
263 3991 124 39 June
418 3990 68 46 16,
518 3989 112 40 1932;
689 3989 67 41 2c.
789 3990 127 39 June
944 3989 54 39 22;
1061 3989 79 40 aff.
1175 3990 115 48 July
1323 3993 54 37 11;
1438 3994 41 37 A
1510 3992 145 42 52990;
1714 3995 240 45 Harrison
1991 3993 169 47 Smith,

244 4046 90 41 inc.
406 4045 277 48 (32-17514)
