2563 4368
1367 4032 98 48 130

481 494 561 51 5 p. l. , [3]-276 p. 19½ᶜᵐ.
422 549 51 52 ©
508 554 108 39 Feb.
650 554 40 46 2,
723 553 112 40 1932;
898 553 66 38 2c.
1001 552 109 40 Feb.
1145 553 28 38 5;
1234 551 81 40 aff.
1352 550 109 42 Feb.
1495 550 57 40 26;
1612 550 40 38 A
1684 549 147 40 48728;
1892 547 163 48 Little,
2090 549 191 46 Brown,
2315 549 93 40 and

489 621 246 37 company.
806 608 279 50 (31-28681)

416 703 211 62 Belloc,
656 700 245 56 Hilaire.

551 772 1858 71 … Saulieu of the Morvan, text by Hilaire Belloc. [Chicago,
417 857 113 66 Ill.]
589 856 312 53 Published
954 854 349 68 bi-monthly
1353 854 76 68 by
1480 851 578 55 Ludowici-Celadon
2111 871 297 51 company,

474 937 117 52 ᶜ1 932.
491 1005 1923 53 1 p. l. , 99-111, [1] p. illus. 28 ᶜᵐ. (The Tuileries brochures, ed. by
422 1066 216 41 William
667 1067 175 46 Dewey
872 1065 172 40 Foster.
1117 1075 43 31 v.
1187 1064 40 47 4,
1257 1075 73 28 no.
1361 1065 40 45 1,
1430 1063 236 48 January,
1696 1062 139 49 1932)

424 1119 51 52 ©
509 1124 107 39 Jan.
650 1124 68 46 13,
751 1121 140 48 1932;
924 1121 66 41 2c.
1024 1121 111 42 Jan.
1166 1120 54 41 23;
1283 1120 81 40 aff.
1398 1120 110 40 Jan.
1539 1119 83 47 22;
1656 1120 41 38 A
1727 1119 171 46 47177;
1934 1119 480 41 Ludowici-Celadon

492 1190 65 30 co.

419 1268 238 66 Bodley,
687 1270 224 53 Ronald
941 1267 205 56 Victor
1174 1268 356 64 Courtenay,
1562 1271 172 51 1892-

491 1346 412 56 Indiscretions
927 1347 64 52 of
1016 1366 31 33 a
1071 1364 194 50 young
1287 1364 150 49 man,
1460 1346 74 67 by
1559 1347 69 52 R.
1653 1347 70 53 V.
1753 1347 61 54 C.
1843 1345 235 68 Bodley.
2153 1345 284 68 London,.

420 1428 76 52 H.
531 1426 244 68 Shaylor
808 1429 172 64 [1931]

491 1500 384 48 xii, 251 p. 22 ᶜᵐ.
427 1554 1971 108 © 1c. Jan. 21, 1932; A ad int. 16003; pubd. Nov. 24, 1931; R. V. C. Bodley,
613 1614 405 47 Dar-el-Khadra,
1048 1613 265 47 Laghouat,
1343 1612 211 46 Algeria.

420 1704 244 65 Bonsor,
694 1705 179 63 Jorge
905 1704 294 64 Eduardo,
1233 1708 324 50 1855-1930.

487 1784 95 51 An
622 1782 441 68 archaeological
1103 1782 366 54 sketch-book
1508 1783 63 53 of
1608 1785 95 51 the
1743 1782 220 53 Roman
2003 1780 313 68 necropolis
2357 1787 58 46 at

421 1861 297 66 Carmona,
767 1860 73 68 by
890 1859 219 69 George
1157 1858 251 53 Edward
1460 1860 247 65 Bonsor;
1759 1859 313 54 translated
2123 1859 149 54 from
2320 1859 93 52 the

418 1938 221 52 French
677 1937 75 72 by
790 1936 171 56 Clara
997 1938 64 52 L.
1103 1937 255 66 Penney;
1397 1937 142 53 with
1576 1936 356 68 ninety-four
1973 1936 197 69 plates,
2207 1938 204 67 thirty-

419 2014 156 68 eight
612 2014 60 52 in
712 2015 206 67 colour,
958 2013 201 70 chiefly
1199 2014 150 51 from
1389 2020 176 47 water
1602 2014 218 53 colours
1862 2016 111 52 and
2014 2014 288 69 drawings
2339 2015 73 67 by

419 2091 94 52 the
547 2091 204 53 author
784 2090 60 52 in
877 2094 94 51 the
1007 2090 293 53 collection
1334 2091 62 52 of
1430 2091 96 54 the
1560 2091 282 68 Hispanic
1877 2092 208 70 society
2120 2092 63 52 of
418 2093 1974 127 America.

586 2169 136 53 New
756 2168 179 68 York,
964 2167 240 54 Printed
1233 2167 73 69 by
1337 2168 165 54 order
1532 2168 63 52 of
1625 2168 95 55 the
1750 2175 252 59 trustees,
2036 2173 147 49 1931.

490 2249 1920 53 7 p. l. , 159 p. incl. plates, fold. col. front., LXXXVIII pl. (part col., part
420 2303 1997 53 double; incl. plans) on 78 l., fold. pl. 31 ᶜᵐ. (Half-title: Hispanic notes
420 2362 36 39 &
501 2363 345 46 monographs;
895 2370 177 38 essays,
1120 2360 195 49 studies,
1363 2363 93 38 and
1504 2363 126 40 brief
1672 2363 306 48 biographies
2022 2365 162 41 issued
2229 2367 59 46 by
2336 2367 79 39 the

419 2416 236 47 Hispanic
684 2416 180 50 society
891 2418 51 39 of
970 2415 235 43 America.
1268 2416 277 51 [Catalogue
1576 2419 189 50 series])

492 2473 1924 51 “The … death of Mr. Bonsor left this manuscript unfinished. It is
421 2529 161 42 issued
613 2529 120 41 with
764 2529 227 46 chapters
1021 2528 136 40 three
1189 2531 94 38 and
1315 2528 73 40 six
1422 2529 283 50 incomplete
1736 2534 94 39 and
1864 2533 205 41 without
2099 2532 78 41 his
2208 2533 205 41 revision

420 2585 52 40 of
502 2588 83 39 the
614 2584 334 42 translation.”

493 2640 345 42 “References”:
902 2651 43 37 p.
975 2640 100 41 157.

431 2695 51 52 ©
521 2700 107 39 Jan.
669 2698 68 48 21,
776 2697 113 41 1932;
956 2698 65 37 2c.
1060 2698 95 38 and
1193 2695 81 42 aff.
1314 2697 107 39 Jan.
1461 2699 82 45 27;
1584 2700 40 38 A
1661 2700 169 47 47271;
1873 2701 240 48 Hispanic
2148 2702 180 48 society
2367 2703 51 41 of

496 2755 236 46 America,
771 2755 115 38 New
923 2754 142 39 York.
1137 2753 249 48 (32-3609)

418 2847 231 63 Brown,
681 2846 172 54 Clara
882 2846 232 52 Maude.

493 2921 96 53 An
625 2920 324 53 evaluation
984 2921 63 52 of
1080 2923 96 51 the
1208 2921 323 54 Minnesota
1565 2923 195 69 rating
1792 2925 146 52 scale
1974 2925 93 54 for
2100 2927 163 52 home
425 2945 1964 106 economics

680 2999 1733 72 teachers, by Clara M. Brown … Minneapolis, The
428 3076 331 67 University
786 3076 64 52 of
878 3075 322 54 Minnesota
1226 3093 173 50 press,
1428 3081 149 52 1931.

496 3147 281 49 cover-title,
806 3148 57 40 29
891 3160 43 37 p.
994 3148 153 48 diagr.
1205 3148 57 39 22½ᶜᵐ.

496 3204 373 49 Bibliography:
901 3216 42 37 p.
988 3204 175 49 [28]-29.

433 3260 50 51 ©
515 3264 108 39 Jan.
654 3262 39 44 9,
724 3262 140 45 1932;
897 3263 65 38 2c.
996 3262 108 39 Jan.
1136 3262 81 45 30;
1253 3261 82 43 aff.
1366 3263 108 40 Jan.
1507 3263 82 47 29;
1624 3265 40 38 A
1694 3264 171 47 48191;
1903 3265 279 49 University
2214 3266 53 41 of
496 3267 1902 94 Minnesota,

710 3318 333 47 Minneapolis.
1114 3317 249 50 (32-3872)

418 3409 231 57 Brown,
681 3409 179 54 Lena.

423 3483 1922 108 פ אַ רקאך־בוך געזונטהייט פון לינע בו־ אַ ון. געשריבן ווי
425 3597 1990 106 צו ב אַ ל אַ נסירן נ אַ טירלעכע וועגעט אַ רישע עסנס נ אׇ ך דער
1535 3709 878 72 ווימנש אַ פטלידער מעטאדע…[ New York, N. Y. [ᶜ1931
493 3796 338 50 94, [2] p. 23 ᶜᵐ.
497 3853 127 40 Title
664 3854 416 47 (transliterated):
1151 3855 279 40 Koch-buch
1461 3856 83 39 far
1574 3857 290 47 gesuntheit.

431 3904 51 52 ©
511 3910 114 46 July
651 3909 69 47 20,
748 3909 139 48 1931;
917 3911 66 40 2c.
1012 3910 100 41 Oct.
1141 3911 52 46 5;
1223 3910 81 42 aff.
1333 3912 115 39 Nov.
1476 3913 50 45 6;
1558 3913 40 38 A
1623 3913 144 40 47005;
1825 3914 52 40 L.
1905 3915 189 47 Brown,
2124 3916 117 39 New
2269 3914 143 40 York.

507 3966 249 50 (32-3741)
