2563 4368
1422 4010 66 50 90

449 504 52 53 ©
533 509 111 40 Feb.
677 507 67 50 19,
777 509 112 40 1932;
949 508 66 42 2c.
1051 510 110 40 Feb.
1194 508 81 43 24;
1311 508 82 40 aff.
1426 509 109 39 Feb,
1568 507 82 48 25;
1687 509 39 38 A
1757 505 144 43 48708;
1965 506 61 39 Μ.
2060 506 56 38 N.
2150 504 52 41 A.
2238 505 196 50 Messer,

516 565 281 47 Wadhurst,
833 566 192 47 Sussex,
1059 566 234 48 England.

444 669 220 65 Meyer,
694 667 232 65 Adolph
957 666 199 55 Erich.

514 742 157 54 John
715 746 210 65 Dewey
969 743 112 53 and
1123 744 234 54 modern
1401 741 315 68 education,
1760 743 111 52 and
1914 742 162 52 other
2118 759 203 50 essays,
2360 742 76 68 by

447 817 1852 78 Adolph E. Meyer … New York, The Avon press, 1931.
518 891 612 53 3 p. l., 3-154 p. 22½ᶜᵐ.
451 960 53 52 ©
535 966 113 45 May
679 965 39 48 1,
749 964 141 47 1931;
921 965 69 39 2c.
1021 965 111 42 Jan.
1163 964 70 46 18,
1265 962 140 49 1932;
1438 963 84 42 aff.
1553 963 110 40 Jan.
1695 963 81 46 10;
1812 963 39 37 A
1881 961 148 40 46956;
2088 961 52 39 A.
2177 963 49 37 E.
2260 963 178 46 Meyer,

518 1022 116 39 New
662 1021 143 40 York.
877 1019 249 51 (32-2854)

447 1124 220 65 Meyer,
695 1123 254 56 William
976 1126 224 63 Henry,
1231 1123 168 57 1879-

518 1197 245 56 Clinical
791 1198 296 69 Roentgen
1114 1196 314 70 pathology
1457 1196 64 53 of
1547 1194 252 55 thoracic
1827 1194 223 71 lesions,
2078 1195 75 69 by
2180 1196 259 53 William

447 1268 1994 82 H. Meyer … illustrated with 183 engravings. Philadelphia,
447 1353 113 53 Lea
589 1355 45 50 &
663 1351 261 70 Febiger,
956 1353 150 52 1932.

517 1433 96 48 xiv,
649 1431 203 53 [17]-272
882 1443 43 37 p.
985 1431 127 42 illus.
1172 1432 145 40 24½ᶜᵐ.

519 1503 100 40 The
654 1501 107 42 first
795 1503 52 39 of
882 1513 28 30 a
945 1502 150 41 series
1130 1502 53 40 of
1218 1502 193 41 records
1446 1502 53 39 of
1536 1499 190 49 subject
1761 1502 179 41 matter
1977 1501 256 49 presented
2271 1501 48 40 in
2357 1503 83 41 the

447 1569 197 30 courses
672 1558 52 41 of
753 1560 83 40 the
865 1559 117 40 New
1011 1559 131 39 York
1172 1557 366 50 post-graduate
1568 1556 207 43 medical
1805 1557 178 42 school.

456 1626 51 52 ©
533 1632 108 38 Jan.
667 1630 69 48 20,
763 1630 113 40 1932;
930 1630 68 42 2c.
1024 1632 95 39 and
1146 1630 81 40 aff.
1254 1630 110 40 Jan.
1390 1630 82 47 22;
1503 1631 42 37 A
1567 1629 171 48 47165;
1769 1631 97 39 Lea
1893 1630 37 41 &
1956 1630 215 49 Febiger.

533 1686 250 50 (32-2972)

455 1791 351 54 Minnesota.
881 1792 183 65 Laws,
1094 1795 258 62 statutes,
1382 1796 100 47 etc.

526 1871 131 48 1931
693 1868 363 68 supplement
1089 1874 58 46 to
1181 1866 247 54 Mason’s
1463 1868 325 52 Minnesota
1820 1871 241 51 statutes
2106 1867 163 71 (1927
2302 1870 138 51 thru

460 1946 160 66 1931)
670 1944 332 70 containing
1042 1945 95 53 the
1175 1951 121 48 text
1337 1945 62 53 of
1438 1946 96 52 the
1575 1951 115 48 acts
1731 1947 64 51 of
1835 1946 97 54 the
1974 1950 133 50 1929
2149 1948 113 52 and
2306 1952 132 49 1931

455 2022 237 54 sessions
735 2023 62 51 of
838 2023 94 52 the
976 2021 373 70 Legislature,
1390 2024 138 52 both
1571 2042 122 35 new
1737 2026 112 51 and
1894 2027 389 69 amendatory,
2327 2029 113 51 and

456 2106 157 48 notes
658 2099 259 69 showing
962 2100 236 68 repeals,
1242 2101 260 68 together
1547 2101 141 54 with
1736 2105 363 53 annotations
2147 2106 153 53 from
2345 2107 95 53 the

461 2178 224 52 various
717 2183 206 60 courts,
957 2182 146 49 state
1137 2179 113 50 and
1286 2180 237 66 federal,
1557 2181 334 70 construing
1921 2184 100 51 the
2053 2183 394 70 constitution,

456 2260 257 62 statutes,
752 2255 251 53 charters
1046 2256 113 51 and
1199 2260 161 49 court
1401 2259 149 50 rules
1591 2259 63 52 of
1694 2259 343 55 Minnesota.
2112 2262 213 54 Edited
2366 2265 74 67 by

457 2331 258 58 William
741 2333 75 51 H.
845 2334 220 63 Mason,
1092 2332 470 71 editor-in-chief,
1585 2339 90 53 W.
1703 2340 77 51 H.
1806 2341 223 67 Mason,
2056 2341 90 68 jr.,
2174 2342 269 54 assistant

457 2408 199 54 editor.
735 2407 83 55 St.
849 2409 166 68 Paul,
1044 2410 199 67 Minn.,
1275 2411 373 72 Citer-digest
1678 2435 99 49 co.,
1808 2421 150 49 1931.

526 2481 522 52 2 p. l., 619 p. 26ᶜᵐ.
461 2548 51 52 ©
543 2553 110 38 Dec.
683 2551 68 48 21,
782 2551 139 48 1931;
953 2552 65 41 2c.
1050 2554 95 38 and
1174 2553 80 40 aff.
1287 2554 110 41 Dec.
1427 2555 82 48 24;
1541 2557 42 39 A
1611 2557 170 49 45988;
1817 2559 310 51 Citer-digest
2157 2572 66 35 co.

458 2667 421 66 Montherlant,
909 2670 204 63 Henry
1141 2671 87 65 de,
1259 2675 169 51 1893-

587 2743 1423 79 … Les Olympiques … Paris, Larousse [ ᶜ1 931 ]
527 2815 1921 64 1 p. l., [7]-246 p., 1 l. 18½ᶜᵐ. (Contes et romans pour tous. [Série
457 2884 120 38 pour
605 2874 67 40 les
698 2875 207 46 grandes
930 2883 260 38 personnes
1229 2874 200 49 (reliure
1456 2876 135 50 beige
1618 2881 49 38 et
1694 2880 76 47 or)
1841 2882 95 50 17])

531 2942 91 41 “Ce
657 2942 121 40 livre
810 2945 74 37 est
917 2952 190 38 composé
1169 2945 58 38 de
1263 2943 145 42 récits
1442 2949 48 37 et
1526 2948 56 40 de
1617 2958 192 37 poèmes
1843 2950 210 43 extraits
2090 2955 84 40 des
2211 2965 236 37 ouvrages

459 2997 1988 62 parus sous le titre Premiere Olympique: Le paradis à l’ombre des épées
458 3059 49 37 et
550 3054 267 42 Deuxtème
861 3053 311 50 Olympique:
1220 3055 91 42 Les
1356 3068 117 30 onze
1519 3060 179 41 devant
1743 3062 46 40 la
1837 3066 136 45 porte
2019 3065 426 44 doree.”—Avant-

459 3121 187 38 propos.

466 3179 1982 64 © July 10, 1931; 1c. Dec. 28; A—Foreign 15018; Auge, Gillon, Hollier-
533 3240 251 45 Larousse,
811 3239 198 40 Moreau
1034 3239 36 39 &
1094 3239 83 41 cie.
1214 3239 261 50 (Librairie
1501 3243 263 51 Larousse)
1843 3247 249 52 (32-3633)

466 3342 262 60 Mowrer,
758 3341 218 52 Ernest
1005 3341 249 56 Russell.

531 3416 121 51 The
683 3413 222 69 family,
935 3416 74 53 its
1039 3418 394 67 organization
1463 3423 111 53 and
1605 3423 502 72 disorganization,
2136 3430 75 67 by
2242 3431 208 53 Ernest

464 3489 1984 85 R. Mowrer … Chicago, Ill., The University of Chicago press
541 3571 118 63 [ ᶜ1 932]
532 3641 65 47 xi,
630 3640 88 42 364
749 3651 44 37 p.
865 3641 179 49 diagrs.
1115 3642 117 41 20ᶜᵐ.
1315 3644 298 49 (Half-title:
1659 3649 102 41 The
1810 3651 281 50 University
2139 3654 53 42 of
2239 3655 211 49 Chicago

464 3695 303 49 sociological
795 3695 174 49 series)

536 3766 294 48 “Suggested
860 3764 252 49 readings”
1142 3769 51 38 at
1223 3768 89 39 end
1343 3769 51 39 of
1422 3771 118 39 each
1569 3772 211 50 chapter,
1812 3778 168 47 except
2009 3779 201 49 chapter
2239 3782 69 39 14.

536 3823 67 37 “A
631 3820 207 42 selected
867 3820 388 50 bibliography”:
1287 3834 42 37 p.
1356 3825 214 42 335-354.

471 3883 51 52 ©
554 3888 110 39 Jan.
696 3888 38 46 5,
769 3885 139 48 1932;
942 3887 68 41 2c.
1043 3891 95 37 and
1171 3889 80 38 aff.
1287 3890 108 40 Jan.
1428 3891 82 47 21;
1545 3892 40 40 A
1617 3894 170 49 48004;
1825 3897 281 51 University
2139 3900 54 42 of
2225 3902 222 48 Chicago,

538 3943 222 49 Chicago.
829 3942 250 52 (32-3087)
