<alto xmlns="http://www.loc.gov/standards/alto/ns-v3#" xmlns:xlink="http://www.w3.org/1999/xlink" xmlns:xsi="http://www.w3.org/2001/XMLSchema-instance" xsi:schemaLocation="http://www.loc.gov/standards/alto/ns-v3# http://www.loc.gov/alto/v3/alto-3-0.xsd"><Description>
<MeasurementUnit>pixel</MeasurementUnit>
<sourceImageInformation>
<fileName>1932_v29_part001.pdf</fileName>
</sourceImageInformation>
<OCRProcessing ID="IdOcr">
<ocrProcessingStep>
<processingDateTime>2019-04-25</processingDateTime>
<processingSoftware>
<softwareCreator>ABBYY</softwareCreator>
<softwareName>ABBYY Recognition Server</softwareName>
<softwareVersion>4.0</softwareVersion>
</processingSoftware>
</ocrProcessingStep>
</OCRProcessing>
</Description>
<Styles>
<ParagraphStyle ID="StyleId-FFFFFFFF-FFFF-FFFF-FFFF-FFFFFFFFFFFF-" ALIGN="Left" LEFT="0." RIGHT="0." FIRSTLINE="0."/>
<ParagraphStyle ID="StyleId-547D96D3-B2DE-4E86-A4BD-9DDFC275973A-" ALIGN="Left" LEFT="0." RIGHT="0." FIRSTLINE="0." LINESPACE="7.699999809"/>
<ParagraphStyle ID="StyleId-BE433B82-DF6F-491A-9872-F562FF4150C8-" ALIGN="Block" LEFT="0." RIGHT="0." FIRSTLINE="-13." LINESPACE="7.900000095"/>
<ParagraphStyle ID="StyleId-CC286467-50C5-4655-B0CF-BA365CCE0736-" ALIGN="Block" LEFT="0." RIGHT="0." FIRSTLINE="-15." LINESPACE="8.479999542"/>
<ParagraphStyle ID="StyleId-9878414D-BEDB-487D-971A-CF5ADB5C4AD2-" ALIGN="Block" LEFT="0." RIGHT="0." FIRSTLINE="-14." LINESPACE="10.92000008"/>
<ParagraphStyle ID="StyleId-EBC70DE5-3635-4BD4-B07B-05DF6EFE0022-" ALIGN="Block" LEFT="0." RIGHT="0." FIRSTLINE="-13." LINESPACE="12.19999981"/>
<ParagraphStyle ID="StyleId-8A688F83-F017-4D5D-A00A-14637016ED45-" ALIGN="Left" LEFT="0." RIGHT="0." FIRSTLINE="0." LINESPACE="9.399999619"/>
<ParagraphStyle ID="StyleId-20F0BBAE-20C6-42F4-8113-00B5C02924DC-" ALIGN="Left" LEFT="0." RIGHT="0." FIRSTLINE="0." LINESPACE="11.10000038"/>
<ParagraphStyle ID="StyleId-7AA70148-8873-4ACB-90AE-BF9322E02302-" ALIGN="Left" LEFT="0." RIGHT="0." FIRSTLINE="-13." LINESPACE="11.09000015"/>
<ParagraphStyle ID="StyleId-072EF7BA-7207-4F8B-9A7C-F564E8B4CB16-" ALIGN="Left" LEFT="0." RIGHT="0." FIRSTLINE="-14." LINESPACE="12.19999981"/>
<ParagraphStyle ID="StyleId-44303D12-21D7-4DB0-9E9F-87FA1A861DD7-" ALIGN="Block" LEFT="0." RIGHT="0." FIRSTLINE="-14." LINESPACE="10.92000008"/>
<ParagraphStyle ID="StyleId-43CF0D44-8AC2-4CD0-865F-942C78705184-" ALIGN="Block" LEFT="0." RIGHT="0." FIRSTLINE="-13." LINESPACE="12.19999981"/>
<ParagraphStyle ID="StyleId-7A298A86-29F5-413A-AEC9-078A4CC464D7-" ALIGN="Block" LEFT="0." RIGHT="0." FIRSTLINE="13." LINESPACE="12.19999981"/>
<ParagraphStyle ID="StyleId-8E4E86F7-C1F9-4A1A-B605-6B1FC1C8E9F7-" ALIGN="Left" LEFT="0." RIGHT="0." FIRSTLINE="0." LINESPACE="11.60000038"/>
<ParagraphStyle ID="StyleId-AB39791B-5ED1-444F-BEF5-2CFED1F2709A-" ALIGN="Left" LEFT="0." RIGHT="0." FIRSTLINE="-13." LINESPACE="11.09000015"/>
<ParagraphStyle ID="StyleId-C1F2EEE7-CD00-4E11-9EAD-B222287AEDA4-" ALIGN="Center" LEFT="0." RIGHT="0." FIRSTLINE="0." LINESPACE="11.10000038"/>
</Styles>
<Layout>
<Page ID="Page1367" PHYSICAL_IMG_NR="1367" HEIGHT="4368" WIDTH="2563">
<TopMargin HEIGHT="452" WIDTH="2563" VPOS="0" HPOS="0">
</TopMargin>
<LeftMargin HEIGHT="3672" WIDTH="208" VPOS="452" HPOS="0">
</LeftMargin>
<RightMargin HEIGHT="3672" WIDTH="333" VPOS="452" HPOS="2230">
</RightMargin>
<BottomMargin HEIGHT="244" WIDTH="2563" VPOS="4124" HPOS="0">
</BottomMargin>
<PrintSpace HEIGHT="3672" WIDTH="2022" VPOS="452" HPOS="208">
<TextBlock ID="Page1367_Block1" HEIGHT="76" WIDTH="154" VPOS="4048" HPOS="1146" LANG="en-US" STYLEREFS="StyleId-444A5F23-549D-41AF-BFBA-49D884BA831B-">
<TextLine HEIGHT="56" WIDTH="134" VPOS="4059" HPOS="1157">
<String CONTENT="1367" HEIGHT="56" WIDTH="134" VPOS="4059" HPOS="1157"/>
</TextLine>
</TextBlock>
<TextBlock ID="Page1367_Block2" HEIGHT="3602" WIDTH="2022" VPOS="452" HPOS="208" CS="1" STYLEREFS="StyleId-B58943A6-36EB-4796-8D8F-749732D70B8D-">
<TextLine HEIGHT="50" WIDTH="1916" VPOS="546" HPOS="289" LANG="en-US" CS="1">
<String CONTENT="&#8220;This" HEIGHT="39" WIDTH="144" VPOS="549" HPOS="289"/>
<SP HEIGHT="29" WIDTH="21" VPOS="559" HPOS="434"/>
<String CONTENT="edition" HEIGHT="40" WIDTH="182" VPOS="548" HPOS="456"/>
<SP HEIGHT="39" WIDTH="22" VPOS="548" HPOS="639"/>
<String CONTENT="is" HEIGHT="39" WIDTH="40" VPOS="548" HPOS="662"/>
<SP HEIGHT="39" WIDTH="20" VPOS="549" HPOS="703"/>
<String CONTENT="limited" HEIGHT="42" WIDTH="185" VPOS="547" HPOS="724"/>
<SP HEIGHT="40" WIDTH="25" VPOS="549" HPOS="910"/>
<String CONTENT="to" HEIGHT="37" WIDTH="46" VPOS="552" HPOS="936"/>
<SP HEIGHT="28" WIDTH="24" VPOS="560" HPOS="983"/>
<String CONTENT="one" HEIGHT="29" WIDTH="88" VPOS="559" HPOS="1008"/>
<SP HEIGHT="37" WIDTH="23" VPOS="551" HPOS="1097"/>
<String CONTENT="thousand" HEIGHT="39" WIDTH="239" VPOS="549" HPOS="1121"/>
<SP HEIGHT="39" WIDTH="25" VPOS="549" HPOS="1361"/>
<String CONTENT="copies" HEIGHT="49" WIDTH="158" VPOS="547" HPOS="1387"/>
<SP HEIGHT="28" WIDTH="24" VPOS="559" HPOS="1546"/>
<String CONTENT="of" HEIGHT="40" WIDTH="50" VPOS="547" HPOS="1571"/>
<SP HEIGHT="39" WIDTH="23" VPOS="547" HPOS="1622"/>
<String CONTENT="which" HEIGHT="40" WIDTH="156" VPOS="547" HPOS="1646"/>
<SP HEIGHT="39" WIDTH="23" VPOS="548" HPOS="1803"/>
<String CONTENT="this" HEIGHT="41" WIDTH="97" VPOS="546" HPOS="1827"/>
<SP HEIGHT="38" WIDTH="24" VPOS="548" HPOS="1925"/>
<String CONTENT="is" HEIGHT="38" WIDTH="40" VPOS="548" HPOS="1950"/>
<SP HEIGHT="28" WIDTH="22" VPOS="558" HPOS="1991"/>
<String CONTENT="no." HEIGHT="31" WIDTH="74" VPOS="558" HPOS="2014"/>
<SP HEIGHT="31" WIDTH="21" VPOS="558" HPOS="2089"/>
<String CS="1" CONTENT="XI.&#8221;" HEIGHT="41" WIDTH="37" VPOS="547" HPOS="2168"/>
</TextLine>
<TextLine HEIGHT="48" WIDTH="456" VPOS="604" HPOS="288" LANG="en-US" CS="1">
<String CONTENT="Various" HEIGHT="40" WIDTH="206" VPOS="605" HPOS="288"/>
<SP HEIGHT="36" WIDTH="33" VPOS="616" HPOS="495"/>
<String CS="1" CONTENT="pagings." HEIGHT="48" WIDTH="215" VPOS="604" HPOS="529"/>
</TextLine>
<TextLine HEIGHT="48" WIDTH="1661" VPOS="660" HPOS="291" LANG="en-US" CS="1">
<String CONTENT="Includes" HEIGHT="39" WIDTH="222" VPOS="663" HPOS="291"/>
<SP HEIGHT="39" WIDTH="24" VPOS="662" HPOS="514"/>
<String CONTENT="facsimile" HEIGHT="40" WIDTH="240" VPOS="661" HPOS="539"/>
<SP HEIGHT="29" WIDTH="25" VPOS="672" HPOS="780"/>
<String CONTENT="reproductions" HEIGHT="48" WIDTH="364" VPOS="660" HPOS="806"/>
<SP HEIGHT="28" WIDTH="26" VPOS="672" HPOS="1171"/>
<String CONTENT="of" HEIGHT="40" WIDTH="50" VPOS="660" HPOS="1198"/>
<SP HEIGHT="40" WIDTH="23" VPOS="660" HPOS="1249"/>
<String CONTENT="four" HEIGHT="39" WIDTH="114" VPOS="661" HPOS="1273"/>
<SP HEIGHT="28" WIDTH="24" VPOS="671" HPOS="1388"/>
<String CONTENT="of" HEIGHT="39" WIDTH="52" VPOS="661" HPOS="1413"/>
<SP HEIGHT="39" WIDTH="24" VPOS="661" HPOS="1466"/>
<String CONTENT="Palmer&#8217;s" HEIGHT="39" WIDTH="232" VPOS="661" HPOS="1491"/>
<SP HEIGHT="28" WIDTH="26" VPOS="672" HPOS="1724"/>
<String CONTENT="musical" HEIGHT="40" WIDTH="201" VPOS="660" HPOS="1751"/>
</TextLine>
<TextLine HEIGHT="106" WIDTH="1988" VPOS="658" HPOS="220" LANG="en-US" CS="1">
<String CONTENT="compositions" HEIGHT="102" WIDTH="1968" VPOS="658" HPOS="220"/>
<SP HEIGHT="28" WIDTH="15" VPOS="730" HPOS="348"/>
<String CONTENT=":" HEIGHT="27" WIDTH="9" VPOS="731" HPOS="364"/>
<SP HEIGHT="38" WIDTH="45" VPOS="720" HPOS="374"/>
<String CONTENT="&#8220;The" HEIGHT="38" WIDTH="128" VPOS="719" HPOS="420"/>
<SP HEIGHT="28" WIDTH="41" VPOS="728" HPOS="549"/>
<String CONTENT="soldier&#8217;s" HEIGHT="40" WIDTH="218" VPOS="717" HPOS="591"/>
<SP HEIGHT="28" WIDTH="43" VPOS="729" HPOS="810"/>
<String CONTENT="adieu&#8221;;" HEIGHT="48" WIDTH="200" VPOS="716" HPOS="854"/>
<SP HEIGHT="46" WIDTH="46" VPOS="718" HPOS="1055"/>
<String CONTENT="&#8220;Etude" HEIGHT="38" WIDTH="184" VPOS="718" HPOS="1102"/>
<SP HEIGHT="39" WIDTH="44" VPOS="717" HPOS="1287"/>
<String LANG="de" CONTENT="de" HEIGHT="39" WIDTH="57" VPOS="717" HPOS="1332"/>
<SP HEIGHT="38" WIDTH="41" VPOS="718" HPOS="1390"/>
<String CONTENT="bravoura&#8221;;" HEIGHT="47" WIDTH="299" VPOS="716" HPOS="1432"/>
<SP HEIGHT="45" WIDTH="46" VPOS="718" HPOS="1732"/>
<String CONTENT="&#8220;Caprice&#8221;;" HEIGHT="48" WIDTH="286" VPOS="716" HPOS="1779"/>
<SP HEIGHT="35" WIDTH="47" VPOS="728" HPOS="2066"/>
<String CONTENT="and" HEIGHT="38" WIDTH="94" VPOS="718" HPOS="2114"/>
</TextLine>
<TextLine HEIGHT="44" WIDTH="524" VPOS="772" HPOS="222">
<String LANG="en-US" CONTENT="&#8220;Souvenir" HEIGHT="41" WIDTH="263" VPOS="775" HPOS="222"/>
<SP HEIGHT="38" WIDTH="32" VPOS="776" HPOS="486"/>
<String LANG="fr" CONTENT="d&#8217;hiver.&#8221;" HEIGHT="42" WIDTH="227" VPOS="772" HPOS="519"/>
</TextLine>
<TextLine HEIGHT="110" WIDTH="1965" VPOS="842" HPOS="226" LANG="en-US" CS="1">
<String CONTENT="&#169;" HEIGHT="53" WIDTH="51" VPOS="844" HPOS="226"/>
<SP HEIGHT="53" WIDTH="33" VPOS="844" HPOS="278"/>
<String CONTENT="Sept." HEIGHT="47" WIDTH="127" VPOS="849" HPOS="312"/>
<SP HEIGHT="39" WIDTH="30" VPOS="850" HPOS="440"/>
<String CONTENT="1," HEIGHT="42" WIDTH="38" VPOS="850" HPOS="471"/>
<SP HEIGHT="44" WIDTH="31" VPOS="848" HPOS="510"/>
<String CS="1" CONTENT="1932;" HEIGHT="41" WIDTH="112" VPOS="846" HPOS="542"/>
<SP HEIGHT="47" WIDTH="31" VPOS="846" HPOS="683"/>
<String CONTENT="2c." HEIGHT="41" WIDTH="67" VPOS="846" HPOS="715"/>
<SP HEIGHT="31" WIDTH="30" VPOS="856" HPOS="783"/>
<String CONTENT="and" HEIGHT="38" WIDTH="96" VPOS="848" HPOS="814"/>
<SP HEIGHT="38" WIDTH="29" VPOS="848" HPOS="911"/>
<String CONTENT="aff." HEIGHT="40" WIDTH="83" VPOS="845" HPOS="941"/>
<SP HEIGHT="41" WIDTH="32" VPOS="845" HPOS="1025"/>
<String CONTENT="Sept." HEIGHT="48" WIDTH="128" VPOS="845" HPOS="1058"/>
<SP HEIGHT="39" WIDTH="30" VPOS="846" HPOS="1187"/>
<String CS="1" CONTENT="1;" HEIGHT="38" WIDTH="25" VPOS="846" HPOS="1218"/>
<SP HEIGHT="47" WIDTH="32" VPOS="845" HPOS="1272"/>
<!-- cceid 0F1C61FA-6D7D-1014-B4A5-D7A31D17AB40 --><String CONTENT="A" HEIGHT="39" WIDTH="41" VPOS="845" HPOS="1305"/>
<SP HEIGHT="40" WIDTH="31" VPOS="845" HPOS="1347"/>
<String CS="1" CONTENT="54616;" HEIGHT="41" WIDTH="143" VPOS="844" HPOS="1379"/>
<SP HEIGHT="45" WIDTH="33" VPOS="846" HPOS="1549"/>
<String LANG="fr" CONTENT="H." HEIGHT="39" WIDTH="61" VPOS="846" HPOS="1583"/>
<SP HEIGHT="41" WIDTH="31" VPOS="844" HPOS="1645"/>
<String CONTENT="L." HEIGHT="41" WIDTH="51" VPOS="844" HPOS="1677"/>
<SP HEIGHT="41" WIDTH="33" VPOS="844" HPOS="1729"/>
<String CONTENT="Clapham," HEIGHT="48" WIDTH="248" VPOS="844" HPOS="1763"/>
<SP HEIGHT="46" WIDTH="32" VPOS="845" HPOS="2012"/>
<String CONTENT="Washington." HEIGHT="110" WIDTH="1899" VPOS="842" HPOS="292"/>
<SP HEIGHT="48" WIDTH="69" VPOS="904" HPOS="472"/>
<String CONTENT="(32-23996)" HEIGHT="49" WIDTH="277" VPOS="903" HPOS="542"/>
</TextLine>
<TextLine HEIGHT="64" WIDTH="708" VPOS="1022" HPOS="222" STYLEREFS="StyleId-AA8F52EA-B708-4AC0-8134-4BD920070B48-" LANG="en-US">
<String CONTENT="Hermant," HEIGHT="63" WIDTH="308" VPOS="1023" HPOS="222"/>
<SP HEIGHT="64" WIDTH="29" VPOS="1022" HPOS="531"/>
<String CONTENT="Abel," HEIGHT="63" WIDTH="165" VPOS="1022" HPOS="561"/>
<SP HEIGHT="59" WIDTH="33" VPOS="1026" HPOS="727"/>
<String CONTENT="1862-" HEIGHT="49" WIDTH="169" VPOS="1025" HPOS="761"/>
</TextLine>
<TextLine HEIGHT="68" WIDTH="1592" VPOS="1096" HPOS="349" STYLEREFS="StyleId-AA8F52EA-B708-4AC0-8134-4BD920070B48-" CS="1">
<String LANG="en-US" CS="1" CONTENT="&#8230;"/>
<SP HEIGHT="52" WIDTH="29" VPOS="1099" HPOS="349"/>
<String LANG="fr" CONTENT="Les" HEIGHT="52" WIDTH="107" VPOS="1099" HPOS="379"/>
<SP HEIGHT="33" WIDTH="25" VPOS="1118" HPOS="487"/>
<String LANG="fr" CONTENT="renards." HEIGHT="53" WIDTH="252" VPOS="1098" HPOS="513"/>
<SP HEIGHT="52" WIDTH="60" VPOS="1098" HPOS="766"/>
<String LANG="en-US" CONTENT="Nouv." HEIGHT="52" WIDTH="184" VPOS="1098" HPOS="827"/>
<SP HEIGHT="52" WIDTH="27" VPOS="1097" HPOS="1012"/>
<String LANG="fr" CONTENT="&#233;d." HEIGHT="52" WIDTH="85" VPOS="1097" HPOS="1040"/>
<SP HEIGHT="51" WIDTH="62" VPOS="1098" HPOS="1126"/>
<String LANG="en-US" CONTENT="Paris," HEIGHT="68" WIDTH="186" VPOS="1096" HPOS="1189"/>
<SP HEIGHT="68" WIDTH="25" VPOS="1096" HPOS="1376"/>
<String LANG="en-US" CONTENT="A." HEIGHT="53" WIDTH="73" VPOS="1096" HPOS="1402"/>
<SP HEIGHT="53" WIDTH="26" VPOS="1096" HPOS="1476"/>
<String LANG="en-US" CONTENT="Michel" HEIGHT="53" WIDTH="211" VPOS="1096" HPOS="1503"/>
<SP HEIGHT="66" WIDTH="32" VPOS="1098" HPOS="1715"/>
<String LANG="en-US" CS="1" CONTENT="[&#7580;1932]" HEIGHT="65" WIDTH="193" VPOS="1099" HPOS="1748"/>
</TextLine>
<TextLine HEIGHT="52" WIDTH="1918" VPOS="1183" HPOS="292" CS="1">
<String LANG="en-US" CONTENT="2" HEIGHT="38" WIDTH="26" VPOS="1186" HPOS="292"/>
<SP HEIGHT="49" WIDTH="26" VPOS="1186" HPOS="319"/>
<String LANG="fr" CONTENT="p." HEIGHT="38" WIDTH="42" VPOS="1197" HPOS="346"/>
<SP/>
<String LANG="fr" CS="1" CONTENT="l.,"/>
<SP/>
<String LANG="en-US" CS="1" CONTENT="[7]-252" HEIGHT="51" WIDTH="173" VPOS="1183" HPOS="498"/>
<SP HEIGHT="48" WIDTH="28" VPOS="1185" HPOS="672"/>
<String LANG="fr" CONTENT="p.," HEIGHT="37" WIDTH="58" VPOS="1196" HPOS="701"/>
<SP HEIGHT="47" WIDTH="28" VPOS="1185" HPOS="760"/>
<String LANG="en-US" CONTENT="1" HEIGHT="38" WIDTH="24" VPOS="1185" HPOS="789"/>
<SP HEIGHT="38" WIDTH="30" VPOS="1185" HPOS="814"/>
<String LANG="en-US" CS="1" CONTENT="l." HEIGHT="9" WIDTH="9" VPOS="1215" HPOS="865"/>
<SP HEIGHT="40" WIDTH="56" VPOS="1184" HPOS="875"/>
<String LANG="en-US" CS="1" CONTENT="18&#189;" HEIGHT="41" WIDTH="55" VPOS="1183" HPOS="932"/>
<String STYLE="superscript" LANG="en-US" CS="1" CONTENT="&#7580;&#7504;"/>
<String LANG="en-US" CONTENT="." HEIGHT="9" WIDTH="9" VPOS="1215" HPOS="1068"/>
<SP HEIGHT="47" WIDTH="68" VPOS="1184" HPOS="1078"/>
<String LANG="en-US" CONTENT="(His" HEIGHT="48" WIDTH="115" VPOS="1183" HPOS="1147"/>
<SP HEIGHT="40" WIDTH="27" VPOS="1183" HPOS="1263"/>
<String LANG="fr" CONTENT="M&#233;moires" HEIGHT="41" WIDTH="257" VPOS="1183" HPOS="1291"/>
<SP HEIGHT="37" WIDTH="28" VPOS="1195" HPOS="1549"/>
<String LANG="fr" CONTENT="pour" HEIGHT="38" WIDTH="121" VPOS="1194" HPOS="1578"/>
<SP HEIGHT="29" WIDTH="28" VPOS="1194" HPOS="1700"/>
<String LANG="fr" CONTENT="servir" HEIGHT="41" WIDTH="155" VPOS="1183" HPOS="1729"/>
<SP HEIGHT="40" WIDTH="28" VPOS="1183" HPOS="1885"/>
<String LANG="fr" CONTENT="&#224;" HEIGHT="40" WIDTH="29" VPOS="1183" HPOS="1914"/>
<SP HEIGHT="40" WIDTH="29" VPOS="1183" HPOS="1944"/>
<String LANG="fr" CONTENT="l'histoire" HEIGHT="43" WIDTH="236" VPOS="1183" HPOS="1974"/>
</TextLine>
<TextLine HEIGHT="49" WIDTH="365" VPOS="1242" HPOS="221" LANG="fr">
<String CONTENT="de" HEIGHT="41" WIDTH="57" VPOS="1244" HPOS="221"/>
<SP HEIGHT="41" WIDTH="28" VPOS="1244" HPOS="279"/>
<String CONTENT="la" HEIGHT="39" WIDTH="46" VPOS="1244" HPOS="308"/>
<SP HEIGHT="29" WIDTH="31" VPOS="1254" HPOS="355"/>
<String CONTENT="soci&#233;t&#233;)" HEIGHT="49" WIDTH="199" VPOS="1242" HPOS="387"/>
</TextLine>
<TextLine HEIGHT="53" WIDTH="1743" VPOS="1310" HPOS="226" CS="1">
<String LANG="fr" CONTENT="&#169;" HEIGHT="53" WIDTH="51" VPOS="1310" HPOS="226"/>
<SP HEIGHT="53" WIDTH="27" VPOS="1310" HPOS="278"/>
<String LANG="en-US" CONTENT="June" HEIGHT="39" WIDTH="124" VPOS="1315" HPOS="306"/>
<SP HEIGHT="39" WIDTH="25" VPOS="1314" HPOS="431"/>
<String LANG="fr" CONTENT="10," HEIGHT="46" WIDTH="68" VPOS="1313" HPOS="457"/>
<SP HEIGHT="45" WIDTH="26" VPOS="1314" HPOS="526"/>
<String LANG="fr" CS="1" CONTENT="1932;" HEIGHT="41" WIDTH="113" VPOS="1312" HPOS="553"/>
<SP/>
<String LANG="fr" CS="1" CONTENT="1c."/>
<SP/>
<String LANG="en-US" CONTENT="July" HEIGHT="48" WIDTH="115" VPOS="1311" HPOS="816"/>
<SP HEIGHT="49" WIDTH="25" VPOS="1310" HPOS="932"/>
<String LANG="fr" CS="1" CONTENT="23;" HEIGHT="41" WIDTH="55" VPOS="1310" HPOS="958"/>
<SP HEIGHT="48" WIDTH="26" VPOS="1310" HPOS="1043"/>
<!-- cceid 0F1CA59F-6D7D-1014-B4A5-D7A31D17AB40 --><String LANG="fr" CONTENT="A&#8212;" HEIGHT="39" WIDTH="101" VPOS="1310" HPOS="1070"/>
<String LANG="en-US" CONTENT="Foreign" HEIGHT="49" WIDTH="205" VPOS="1310" HPOS="1174"/>
<SP HEIGHT="38" WIDTH="26" VPOS="1312" HPOS="1380"/>
<String LANG="fr" CS="1" CONTENT="17571;" HEIGHT="40" WIDTH="142" VPOS="1311" HPOS="1407"/>
<SP HEIGHT="47" WIDTH="28" VPOS="1311" HPOS="1578"/>
<String LANG="fr" CONTENT="Albin" HEIGHT="40" WIDTH="143" VPOS="1310" HPOS="1607"/>
<SP HEIGHT="38" WIDTH="28" VPOS="1312" HPOS="1751"/>
<String LANG="fr" CONTENT="Michel." HEIGHT="41" WIDTH="189" VPOS="1311" HPOS="1780"/>
</TextLine>
<TextLine HEIGHT="49" WIDTH="277" VPOS="1370" HPOS="302" LANG="fr">
<String CONTENT="(32-24017)" HEIGHT="49" WIDTH="277" VPOS="1370" HPOS="302"/>
</TextLine>
<TextLine HEIGHT="66" WIDTH="962" VPOS="1484" HPOS="220" STYLEREFS="StyleId-AA8F52EA-B708-4AC0-8134-4BD920070B48-">
<String LANG="en-US" CONTENT="Hispanic" HEIGHT="64" WIDTH="283" VPOS="1486" HPOS="220"/>
<SP HEIGHT="37" WIDTH="30" VPOS="1503" HPOS="504"/>
<String LANG="fr" CONTENT="society" HEIGHT="63" WIDTH="226" VPOS="1486" HPOS="535"/>
<SP HEIGHT="46" WIDTH="30" VPOS="1503" HPOS="762"/>
<String LANG="en-US" CONTENT="of" HEIGHT="54" WIDTH="63" VPOS="1485" HPOS="793"/>
<SP HEIGHT="53" WIDTH="31" VPOS="1485" HPOS="857"/>
<String LANG="fr" CONTENT="America." HEIGHT="56" WIDTH="293" VPOS="1484" HPOS="889"/>
</TextLine>
<TextLine HEIGHT="71" WIDTH="1920" VPOS="1559" HPOS="293" STYLEREFS="StyleId-AA8F52EA-B708-4AC0-8134-4BD920070B48-">
<String LANG="fr" CONTENT="Costume" HEIGHT="55" WIDTH="265" VPOS="1563" HPOS="293"/>
<SP HEIGHT="34" WIDTH="39" VPOS="1581" HPOS="559"/>
<String LANG="en-US" CONTENT="of" HEIGHT="52" WIDTH="64" VPOS="1562" HPOS="599"/>
<SP HEIGHT="55" WIDTH="40" VPOS="1561" HPOS="664"/>
<String LANG="fr" CONTENT="Candelario," HEIGHT="67" WIDTH="359" VPOS="1561" HPOS="705"/>
<SP HEIGHT="69" WIDTH="42" VPOS="1559" HPOS="1065"/>
<String LANG="en-US" CONTENT="Salamanca," HEIGHT="70" WIDTH="355" VPOS="1559" HPOS="1108"/>
<SP HEIGHT="68" WIDTH="39" VPOS="1561" HPOS="1464"/>
<String LANG="en-US" CONTENT="from" HEIGHT="53" WIDTH="151" VPOS="1561" HPOS="1504"/>
<SP HEIGHT="33" WIDTH="39" VPOS="1581" HPOS="1656"/>
<String LANG="en-US" CONTENT="colour" HEIGHT="52" WIDTH="192" VPOS="1562" HPOS="1696"/>
<SP HEIGHT="49" WIDTH="40" VPOS="1581" HPOS="1889"/>
<String LANG="fr" CONTENT="plates" HEIGHT="69" WIDTH="179" VPOS="1561" HPOS="1930"/>
<SP HEIGHT="53" WIDTH="41" VPOS="1563" HPOS="2110"/>
<String LANG="en-US" CONTENT="in" HEIGHT="53" WIDTH="61" VPOS="1563" HPOS="2152"/>
</TextLine>
<TextLine HEIGHT="70" WIDTH="1992" VPOS="1638" HPOS="222" STYLEREFS="StyleId-AA8F52EA-B708-4AC0-8134-4BD920070B48-" LANG="en-US">
<String CONTENT="the" HEIGHT="52" WIDTH="95" VPOS="1642" HPOS="222"/>
<SP HEIGHT="33" WIDTH="26" VPOS="1661" HPOS="318"/>
<String CONTENT="collection" HEIGHT="53" WIDTH="293" VPOS="1641" HPOS="345"/>
<SP HEIGHT="33" WIDTH="27" VPOS="1659" HPOS="639"/>
<String CONTENT="of" HEIGHT="53" WIDTH="64" VPOS="1639" HPOS="667"/>
<SP HEIGHT="54" WIDTH="25" VPOS="1639" HPOS="732"/>
<String CONTENT="the" HEIGHT="53" WIDTH="95" VPOS="1640" HPOS="758"/>
<SP HEIGHT="52" WIDTH="26" VPOS="1640" HPOS="854"/>
<String CONTENT="Hispanic" HEIGHT="68" WIDTH="282" VPOS="1638" HPOS="881"/>
<SP HEIGHT="35" WIDTH="26" VPOS="1658" HPOS="1164"/>
<String CONTENT="society" HEIGHT="67" WIDTH="209" VPOS="1639" HPOS="1191"/>
<SP HEIGHT="49" WIDTH="27" VPOS="1657" HPOS="1401"/>
<String CONTENT="of" HEIGHT="53" WIDTH="64" VPOS="1638" HPOS="1429"/>
<SP HEIGHT="53" WIDTH="25" VPOS="1638" HPOS="1494"/>
<String CONTENT="America." HEIGHT="54" WIDTH="282" VPOS="1638" HPOS="1520"/>
<SP HEIGHT="52" WIDTH="62" VPOS="1640" HPOS="1803"/>
<String CONTENT="New" HEIGHT="53" WIDTH="139" VPOS="1640" HPOS="1866"/>
<SP HEIGHT="54" WIDTH="27" VPOS="1638" HPOS="2006"/>
<String CONTENT="York," HEIGHT="70" WIDTH="180" VPOS="1638" HPOS="2034"/>
</TextLine>
<TextLine HEIGHT="68" WIDTH="1188" VPOS="1716" HPOS="222" STYLEREFS="StyleId-AA8F52EA-B708-4AC0-8134-4BD920070B48-" LANG="en-US">
<String CONTENT="Printed" HEIGHT="53" WIDTH="240" VPOS="1718" HPOS="222"/>
<SP HEIGHT="53" WIDTH="22" VPOS="1718" HPOS="463"/>
<String CONTENT="by" HEIGHT="66" WIDTH="74" VPOS="1718" HPOS="486"/>
<SP HEIGHT="48" WIDTH="21" VPOS="1736" HPOS="561"/>
<String CONTENT="order" HEIGHT="52" WIDTH="166" VPOS="1718" HPOS="583"/>
<SP HEIGHT="33" WIDTH="22" VPOS="1736" HPOS="750"/>
<String CONTENT="of" HEIGHT="53" WIDTH="64" VPOS="1716" HPOS="773"/>
<SP HEIGHT="52" WIDTH="22" VPOS="1716" HPOS="838"/>
<String CONTENT="the" HEIGHT="53" WIDTH="94" VPOS="1716" HPOS="861"/>
<SP HEIGHT="47" WIDTH="22" VPOS="1722" HPOS="956"/>
<String CONTENT="trustees," HEIGHT="62" WIDTH="255" VPOS="1721" HPOS="979"/>
<SP HEIGHT="63" WIDTH="26" VPOS="1720" HPOS="1235"/>
<String CONTENT="1932." HEIGHT="49" WIDTH="148" VPOS="1719" HPOS="1262"/>
</TextLine>
<TextLine HEIGHT="56" WIDTH="1917" VPOS="1801" HPOS="296" LANG="en-US" CS="1">
<String CONTENT="[12]" HEIGHT="50" WIDTH="83" VPOS="1807" HPOS="296"/>
<SP HEIGHT="39" WIDTH="35" VPOS="1816" HPOS="380"/>
<String CONTENT="p." HEIGHT="38" WIDTH="42" VPOS="1816" HPOS="416"/>
<SP HEIGHT="40" WIDTH="58" VPOS="1805" HPOS="459"/>
<String CONTENT="illus." HEIGHT="39" WIDTH="128" VPOS="1805" HPOS="518"/>
<SP HEIGHT="49" WIDTH="26" VPOS="1802" HPOS="647"/>
<String CONTENT="(map)" HEIGHT="49" WIDTH="159" VPOS="1802" HPOS="674"/>
<SP HEIGHT="47" WIDTH="67" VPOS="1804" HPOS="834"/>
<String CS="1" CONTENT="VI"/>
<SP HEIGHT="30" WIDTH="30" VPOS="1813" HPOS="951"/>
<String CONTENT="col." HEIGHT="39" WIDTH="85" VPOS="1804" HPOS="982"/>
<SP HEIGHT="37" WIDTH="32" VPOS="1815" HPOS="1068"/>
<String CS="1" CONTENT="pl."/>
<SP HEIGHT="39" WIDTH="58" VPOS="1805" HPOS="1163"/>
<String CONTENT="32" HEIGHT="40" WIDTH="55" VPOS="1804" HPOS="1222"/>
<String STYLE="superscript" CS="1" CONTENT="&#7580;&#7504;"/>
<String CONTENT="." HEIGHT="9" WIDTH="9" VPOS="1835" HPOS="1330"/>
<SP HEIGHT="49" WIDTH="68" VPOS="1804" HPOS="1340"/>
<String CONTENT="(Half-title:" HEIGHT="51" WIDTH="298" VPOS="1802" HPOS="1409"/>
<SP HEIGHT="39" WIDTH="30" VPOS="1804" HPOS="1708"/>
<String CONTENT="Hispanic" HEIGHT="49" WIDTH="236" VPOS="1801" HPOS="1739"/>
<SP HEIGHT="29" WIDTH="30" VPOS="1815" HPOS="1976"/>
<String CONTENT="notes" HEIGHT="40" WIDTH="136" VPOS="1805" HPOS="2007"/>
<SP HEIGHT="42" WIDTH="32" VPOS="1804" HPOS="2144"/>
<String CONTENT="&amp;" HEIGHT="42" WIDTH="36" VPOS="1804" HPOS="2177"/>
</TextLine>
<TextLine HEIGHT="52" WIDTH="1989" VPOS="1858" HPOS="224" LANG="en-US" CS="1">
<String CS="1" CONTENT="monographs;" HEIGHT="48" WIDTH="319" VPOS="1862" HPOS="224"/>
<SP HEIGHT="37" WIDTH="55" VPOS="1871" HPOS="572"/>
<String CONTENT="essays," HEIGHT="37" WIDTH="180" VPOS="1870" HPOS="628"/>
<SP HEIGHT="36" WIDTH="55" VPOS="1870" HPOS="809"/>
<String CONTENT="studies" HEIGHT="41" WIDTH="184" VPOS="1859" HPOS="865"/>
<SP HEIGHT="29" WIDTH="54" VPOS="1871" HPOS="1050"/>
<String CONTENT="and" HEIGHT="39" WIDTH="95" VPOS="1861" HPOS="1105"/>
<SP HEIGHT="40" WIDTH="55" VPOS="1860" HPOS="1201"/>
<String CONTENT="brief" HEIGHT="42" WIDTH="127" VPOS="1858" HPOS="1257"/>
<SP HEIGHT="42" WIDTH="51" VPOS="1858" HPOS="1385"/>
<String CONTENT="biographies" HEIGHT="50" WIDTH="307" VPOS="1859" HPOS="1437"/>
<SP HEIGHT="40" WIDTH="52" VPOS="1860" HPOS="1745"/>
<String CONTENT="issued" HEIGHT="40" WIDTH="164" VPOS="1860" HPOS="1798"/>
<SP HEIGHT="40" WIDTH="52" VPOS="1860" HPOS="1963"/>
<String CONTENT="by" HEIGHT="49" WIDTH="62" VPOS="1860" HPOS="2016"/>
<SP HEIGHT="45" WIDTH="51" VPOS="1864" HPOS="2079"/>
<String CONTENT="the" HEIGHT="45" WIDTH="82" VPOS="1859" HPOS="2131"/>
</TextLine>
<TextLine HEIGHT="53" WIDTH="791" VPOS="1914" HPOS="224" LANG="en-US">
<String CONTENT="Hispanic" HEIGHT="49" WIDTH="234" VPOS="1918" HPOS="224"/>
<SP HEIGHT="30" WIDTH="24" VPOS="1928" HPOS="459"/>
<String CONTENT="society" HEIGHT="48" WIDTH="182" VPOS="1917" HPOS="484"/>
<SP HEIGHT="38" WIDTH="23" VPOS="1927" HPOS="667"/>
<String CONTENT="of" HEIGHT="40" WIDTH="52" VPOS="1917" HPOS="691"/>
<SP HEIGHT="40" WIDTH="22" VPOS="1916" HPOS="744"/>
<String CONTENT="America)" HEIGHT="50" WIDTH="248" VPOS="1914" HPOS="767"/>
</TextLine>
<TextLine HEIGHT="50" WIDTH="520" VPOS="1972" HPOS="294" LANG="en-US">
<String CONTENT="Issued" HEIGHT="40" WIDTH="172" VPOS="1976" HPOS="294"/>
<SP HEIGHT="41" WIDTH="22" VPOS="1974" HPOS="467"/>
<String CONTENT="in" HEIGHT="40" WIDTH="50" VPOS="1974" HPOS="490"/>
<SP HEIGHT="38" WIDTH="25" VPOS="1984" HPOS="541"/>
<String CONTENT="portfolio." HEIGHT="50" WIDTH="247" VPOS="1972" HPOS="567"/>
</TextLine>
<TextLine HEIGHT="53" WIDTH="1990" VPOS="2042" HPOS="227" LANG="en-US" CS="1">
<String CONTENT="&#169;" HEIGHT="52" WIDTH="51" VPOS="2043" HPOS="227"/>
<SP HEIGHT="52" WIDTH="40" VPOS="2043" HPOS="279"/>
<String CONTENT="Aug." HEIGHT="46" WIDTH="119" VPOS="2048" HPOS="320"/>
<SP HEIGHT="40" WIDTH="37" VPOS="2046" HPOS="440"/>
<String CONTENT="2," HEIGHT="48" WIDTH="41" VPOS="2046" HPOS="478"/>
<SP HEIGHT="48" WIDTH="37" VPOS="2046" HPOS="520"/>
<String CS="1" CONTENT="1932;" HEIGHT="41" WIDTH="113" VPOS="2044" HPOS="558"/>
<SP HEIGHT="47" WIDTH="39" VPOS="2044" HPOS="699"/>
<String CONTENT="2c." HEIGHT="41" WIDTH="66" VPOS="2044" HPOS="739"/>
<SP HEIGHT="29" WIDTH="40" VPOS="2055" HPOS="806"/>
<String CONTENT="and" HEIGHT="40" WIDTH="95" VPOS="2044" HPOS="847"/>
<SP HEIGHT="39" WIDTH="39" VPOS="2044" HPOS="943"/>
<String CONTENT="aff." HEIGHT="40" WIDTH="81" VPOS="2042" HPOS="983"/>
<SP HEIGHT="40" WIDTH="42" VPOS="2043" HPOS="1065"/>
<String CONTENT="Sept." HEIGHT="48" WIDTH="127" VPOS="2043" HPOS="1108"/>
<SP HEIGHT="39" WIDTH="38" VPOS="2043" HPOS="1236"/>
<String CS="1" CONTENT="2;" HEIGHT="39" WIDTH="26" VPOS="2043" HPOS="1275"/>
<SP HEIGHT="47" WIDTH="40" VPOS="2044" HPOS="1330"/>
<!-- cceid 0F1CF12A-6D7D-1014-B4A5-D7A31D17AB40 --><String CONTENT="A" HEIGHT="39" WIDTH="43" VPOS="2044" HPOS="1371"/>
<SP HEIGHT="40" WIDTH="36" VPOS="2044" HPOS="1415"/>
<String CS="1" CONTENT="53936;" HEIGHT="41" WIDTH="146" VPOS="2044" HPOS="1452"/>
<SP HEIGHT="47" WIDTH="40" VPOS="2045" HPOS="1624"/>
<String CONTENT="Hispanic" HEIGHT="48" WIDTH="236" VPOS="2045" HPOS="1665"/>
<SP HEIGHT="29" WIDTH="39" VPOS="2057" HPOS="1902"/>
<String CONTENT="society" HEIGHT="49" WIDTH="182" VPOS="2045" HPOS="1942"/>
<SP HEIGHT="40" WIDTH="39" VPOS="2054" HPOS="2125"/>
<String CONTENT="of" HEIGHT="40" WIDTH="52" VPOS="2046" HPOS="2165"/>
</TextLine>
<TextLine HEIGHT="50" WIDTH="894" VPOS="2099" HPOS="294" LANG="en-US">
<String CONTENT="America," HEIGHT="47" WIDTH="235" VPOS="2102" HPOS="294"/>
<SP HEIGHT="47" WIDTH="24" VPOS="2102" HPOS="530"/>
<String CONTENT="New" HEIGHT="39" WIDTH="116" VPOS="2102" HPOS="555"/>
<SP HEIGHT="39" WIDTH="23" VPOS="2101" HPOS="672"/>
<String CONTENT="York." HEIGHT="39" WIDTH="144" VPOS="2101" HPOS="696"/>
<SP HEIGHT="49" WIDTH="69" VPOS="2099" HPOS="841"/>
<String CONTENT="(32-23897)" HEIGHT="49" WIDTH="277" VPOS="2099" HPOS="911"/>
</TextLine>
<TextLine HEIGHT="65" WIDTH="739" VPOS="2219" HPOS="225" STYLEREFS="StyleId-AA8F52EA-B708-4AC0-8134-4BD920070B48-">
<String LANG="de" CONTENT="Holzapfel," HEIGHT="64" WIDTH="324" VPOS="2220" HPOS="225"/>
<SP HEIGHT="63" WIDTH="28" VPOS="2221" HPOS="550"/>
<String LANG="en-US" CONTENT="Karl" HEIGHT="52" WIDTH="145" VPOS="2220" HPOS="579"/>
<SP HEIGHT="52" WIDTH="29" VPOS="2220" HPOS="725"/>
<String LANG="en-US" CONTENT="Maria." HEIGHT="53" WIDTH="209" VPOS="2219" HPOS="755"/>
</TextLine>
<TextLine HEIGHT="69" WIDTH="1782" VPOS="2295" HPOS="294" STYLEREFS="StyleId-AA8F52EA-B708-4AC0-8134-4BD920070B48-" CS="1">
<String LANG="en-US" CONTENT="Frauen" HEIGHT="52" WIDTH="227" VPOS="2297" HPOS="294"/>
<SP HEIGHT="54" WIDTH="37" VPOS="2295" HPOS="522"/>
<String LANG="de" CONTENT="fliegen;" HEIGHT="69" WIDTH="232" VPOS="2295" HPOS="560"/>
<SP HEIGHT="48" WIDTH="40" VPOS="2316" HPOS="793"/>
<String LANG="de" CONTENT="sechzehn" HEIGHT="53" WIDTH="273" VPOS="2296" HPOS="834"/>
<SP HEIGHT="52" WIDTH="39" VPOS="2297" HPOS="1108"/>
<String LANG="de" CONTENT="deutsche" HEIGHT="53" WIDTH="264" VPOS="2296" HPOS="1148"/>
<SP HEIGHT="49" WIDTH="38" VPOS="2315" HPOS="1413"/>
<String LANG="en-US" CONTENT="pilotinnen" HEIGHT="68" WIDTH="321" VPOS="2296" HPOS="1452"/>
<SP HEIGHT="55" WIDTH="36" VPOS="2297" HPOS="1774"/>
<String LANG="en-US" CONTENT="in" HEIGHT="53" WIDTH="61" VPOS="2297" HPOS="1811"/>
<SP HEIGHT="52" WIDTH="38" VPOS="2298" HPOS="1873"/>
<String LANG="de" CONTENT="ihren" HEIGHT="53" WIDTH="164" VPOS="2298" HPOS="1912"/>
</TextLine>
<TextLine HEIGHT="145" WIDTH="1989" VPOS="2299" HPOS="224" STYLEREFS="StyleId-AA8F52EA-B708-4AC0-8134-4BD920070B48-" LANG="de" CS="1">
<String LANG="en-US" CONTENT="leistungen" HEIGHT="143" WIDTH="1965" VPOS="2299" HPOS="224"/>
<SP HEIGHT="35" WIDTH="27" VPOS="2392" HPOS="466"/>
<String CONTENT="und" HEIGHT="52" WIDTH="117" VPOS="2375" HPOS="494"/>
<SP HEIGHT="52" WIDTH="29" VPOS="2375" HPOS="612"/>
<String CONTENT="abenteuern," HEIGHT="68" WIDTH="357" VPOS="2374" HPOS="642"/>
<SP HEIGHT="49" WIDTH="27" VPOS="2393" HPOS="1000"/>
<String CONTENT="von" HEIGHT="36" WIDTH="111" VPOS="2392" HPOS="1028"/>
<SP HEIGHT="55" WIDTH="28" VPOS="2375" HPOS="1140"/>
<String CONTENT="Carl" HEIGHT="55" WIDTH="135" VPOS="2375" HPOS="1169"/>
<SP HEIGHT="52" WIDTH="28" VPOS="2375" HPOS="1305"/>
<String CONTENT="Maria" HEIGHT="54" WIDTH="187" VPOS="2373" HPOS="1334"/>
<SP HEIGHT="52" WIDTH="31" VPOS="2376" HPOS="1522"/>
<String CONTENT="Holzapfel," HEIGHT="71" WIDTH="331" VPOS="2373" HPOS="1554"/>
<SP HEIGHT="67" WIDTH="27" VPOS="2377" HPOS="1886"/>
<String CONTENT="K&#228;te" HEIGHT="51" WIDTH="151" VPOS="2377" HPOS="1914"/>
<SP HEIGHT="34" WIDTH="29" VPOS="2395" HPOS="2066"/>
<String CONTENT="und" HEIGHT="52" WIDTH="117" VPOS="2377" HPOS="2096"/>
</TextLine>
<TextLine HEIGHT="70" WIDTH="1986" VPOS="2449" HPOS="226" STYLEREFS="StyleId-AA8F52EA-B708-4AC0-8134-4BD920070B48-" LANG="de" CS="1">
<String CONTENT="Rudolf" HEIGHT="53" WIDTH="220" VPOS="2451" HPOS="226"/>
<SP HEIGHT="56" WIDTH="43" VPOS="2451" HPOS="447"/>
<String CONTENT="Stocks," HEIGHT="68" WIDTH="218" VPOS="2451" HPOS="491"/>
<SP HEIGHT="48" WIDTH="39" VPOS="2471" HPOS="710"/>
<String CONTENT="mit" HEIGHT="55" WIDTH="106" VPOS="2449" HPOS="750"/>
<SP HEIGHT="46" WIDTH="40" VPOS="2458" HPOS="857"/>
<String CONTENT="einem" HEIGHT="54" WIDTH="180" VPOS="2451" HPOS="898"/>
<SP HEIGHT="50" WIDTH="39" VPOS="2469" HPOS="1079"/>
<String CONTENT="geleitwort" HEIGHT="68" WIDTH="317" VPOS="2451" HPOS="1119"/>
<SP HEIGHT="47" WIDTH="41" VPOS="2458" HPOS="1437"/>
<String CONTENT="von" HEIGHT="35" WIDTH="112" VPOS="2470" HPOS="1479"/>
<SP HEIGHT="35" WIDTH="44" VPOS="2471" HPOS="1592"/>
<String CS="1" CONTENT="&#8230;"/>
<SP HEIGHT="53" WIDTH="44" VPOS="2454" HPOS="1694"/>
<String LANG="en-US" CONTENT="Herman" HEIGHT="53" WIDTH="259" VPOS="2454" HPOS="1739"/>
<SP HEIGHT="52" WIDTH="41" VPOS="2455" HPOS="1999"/>
<String CONTENT="K&#246;hl." HEIGHT="53" WIDTH="171" VPOS="2455" HPOS="2041"/>
</TextLine>
<TextLine HEIGHT="148" WIDTH="1965" VPOS="2528" HPOS="225" STYLEREFS="StyleId-AA8F52EA-B708-4AC0-8134-4BD920070B48-" LANG="de" CS="1">
<String CONTENT="Mit" HEIGHT="55" WIDTH="110" VPOS="2528" HPOS="226"/>
<SP HEIGHT="47" WIDTH="39" VPOS="2536" HPOS="337"/>
<String CONTENT="achtunddreissig" HEIGHT="69" WIDTH="493" VPOS="2529" HPOS="377"/>
<SP HEIGHT="50" WIDTH="40" VPOS="2548" HPOS="871"/>
<String CONTENT="abbildungen." HEIGHT="69" WIDTH="401" VPOS="2528" HPOS="912"/>
<SP HEIGHT="52" WIDTH="73" VPOS="2530" HPOS="1314"/>
<String CONTENT="Berlin," HEIGHT="69" WIDTH="215" VPOS="2528" HPOS="1388"/>
<SP HEIGHT="65" WIDTH="39" VPOS="2532" HPOS="1604"/>
<String CONTENT="Deutsche" HEIGHT="53" WIDTH="283" VPOS="2532" HPOS="1644"/>
<SP HEIGHT="34" WIDTH="38" VPOS="2551" HPOS="1928"/>
<String CONTENT="verlagsgesellschaft" HEIGHT="143" WIDTH="1965" VPOS="2533" HPOS="225"/>
<SP HEIGHT="46" WIDTH="19" VPOS="2615" HPOS="588"/>
<String CONTENT="m." HEIGHT="35" WIDTH="72" VPOS="2628" HPOS="608"/>
<SP HEIGHT="54" WIDTH="21" VPOS="2609" HPOS="681"/>
<String CONTENT="b." HEIGHT="55" WIDTH="51" VPOS="2609" HPOS="703"/>
<SP HEIGHT="55" WIDTH="20" VPOS="2609" HPOS="755"/>
<String CONTENT="h." HEIGHT="53" WIDTH="54" VPOS="2609" HPOS="776"/>
<SP HEIGHT="33" WIDTH="28" VPOS="2643" HPOS="831"/>
<String STYLE="subscript" CONTENT="[" HEIGHT="33" WIDTH="12" VPOS="2643" HPOS="860"/>
<String STYLE="superscript" CS="1" CONTENT="&#7580;1"/>
<String CONTENT="931" HEIGHT="50" WIDTH="99" VPOS="2612" HPOS="933"/>
<String STYLE="subscript" CONTENT="]" HEIGHT="34" WIDTH="13" VPOS="2642" HPOS="1038"/>
</TextLine>
<TextLine HEIGHT="50" WIDTH="894" VPOS="2692" HPOS="296" CS="1">
<String LANG="de" CONTENT="95" HEIGHT="40" WIDTH="55" VPOS="2694" HPOS="296"/>
<SP HEIGHT="48" WIDTH="23" VPOS="2694" HPOS="352"/>
<String LANG="de" CONTENT="p." HEIGHT="37" WIDTH="43" VPOS="2705" HPOS="376"/>
<SP HEIGHT="42" WIDTH="56" VPOS="2693" HPOS="420"/>
<String LANG="en-US" CONTENT="front.," HEIGHT="49" WIDTH="163" VPOS="2693" HPOS="477"/>
<SP HEIGHT="38" WIDTH="25" VPOS="2704" HPOS="641"/>
<String LANG="en-US" CONTENT="plates," HEIGHT="48" WIDTH="170" VPOS="2694" HPOS="667"/>
<SP HEIGHT="39" WIDTH="27" VPOS="2703" HPOS="838"/>
<String LANG="en-US" CONTENT="ports." HEIGHT="47" WIDTH="149" VPOS="2694" HPOS="866"/>
<SP HEIGHT="41" WIDTH="55" VPOS="2692" HPOS="1016"/>
<String LANG="de" CONTENT="23" HEIGHT="42" WIDTH="57" VPOS="2692" HPOS="1072"/>
<String LANG="en-US" CS="1" CONTENT="&#7580;&#7504;"/>
<String LANG="de" CONTENT="." HEIGHT="10" WIDTH="10" VPOS="2725" HPOS="1180"/>
</TextLine>
<TextLine HEIGHT="109" WIDTH="1968" VPOS="2761" HPOS="232" CS="1">
<String LANG="de" CONTENT="&#169;" HEIGHT="52" WIDTH="51" VPOS="2761" HPOS="232"/>
<SP HEIGHT="52" WIDTH="32" VPOS="2761" HPOS="284"/>
<String LANG="en-US" CONTENT="June" HEIGHT="39" WIDTH="124" VPOS="2767" HPOS="317"/>
<SP HEIGHT="39" WIDTH="31" VPOS="2767" HPOS="442"/>
<String LANG="de" CONTENT="30," HEIGHT="47" WIDTH="70" VPOS="2766" HPOS="474"/>
<SP HEIGHT="46" WIDTH="32" VPOS="2767" HPOS="545"/>
<String LANG="de" CS="1" CONTENT="1931;" HEIGHT="41" WIDTH="113" VPOS="2765" HPOS="578"/>
<SP/>
<String LANG="de" CS="1" CONTENT="1c."/>
<SP/>
<String LANG="en-US" CONTENT="May" HEIGHT="47" WIDTH="113" VPOS="2768" HPOS="858"/>
<SP HEIGHT="49" WIDTH="31" VPOS="2766" HPOS="972"/>
<String LANG="de" CONTENT="20," HEIGHT="47" WIDTH="70" VPOS="2766" HPOS="1004"/>
<SP HEIGHT="46" WIDTH="32" VPOS="2767" HPOS="1075"/>
<String LANG="de" CS="1" CONTENT="1932;" HEIGHT="41" WIDTH="113" VPOS="2765" HPOS="1108"/>
<SP HEIGHT="46" WIDTH="37" VPOS="2767" HPOS="1249"/>
<!-- cceid 0F1D33D1-6D7D-1014-B4A5-D7A31D17AB40 --><String LANG="en-US" CONTENT="A&#8212;Foreign" HEIGHT="48" WIDTH="308" VPOS="2766" HPOS="1287"/>
<SP HEIGHT="38" WIDTH="34" VPOS="2767" HPOS="1596"/>
<String LANG="en-US" CS="1" CONTENT="16901;" HEIGHT="41" WIDTH="141" VPOS="2766" HPOS="1631"/>
<SP HEIGHT="46" WIDTH="36" VPOS="2767" HPOS="1801"/>
<String LANG="en-US" CONTENT="Deutsche" HEIGHT="40" WIDTH="243" VPOS="2767" HPOS="1838"/>
<SP HEIGHT="30" WIDTH="34" VPOS="2776" HPOS="2082"/>
<String LANG="en-US" CONTENT="verlagsgesellschaft" HEIGHT="92" WIDTH="1900" VPOS="2778" HPOS="300"/>
<SP HEIGHT="36" WIDTH="28" VPOS="2826" HPOS="719"/>
<String LANG="en-US" CONTENT="m." HEIGHT="28" WIDTH="60" VPOS="2834" HPOS="748"/>
<SP HEIGHT="39" WIDTH="29" VPOS="2823" HPOS="809"/>
<String LANG="en-US" CONTENT="b." HEIGHT="39" WIDTH="40" VPOS="2823" HPOS="839"/>
<SP HEIGHT="39" WIDTH="29" VPOS="2823" HPOS="880"/>
<String LANG="en-US" CONTENT="h." HEIGHT="39" WIDTH="44" VPOS="2823" HPOS="910"/>
<SP HEIGHT="47" WIDTH="69" VPOS="2823" HPOS="955"/>
<String LANG="en-US" CONTENT="(32-23916)" HEIGHT="49" WIDTH="278" VPOS="2821" HPOS="1025"/>
</TextLine>
<TextLine HEIGHT="65" WIDTH="604" VPOS="2931" HPOS="228" STYLEREFS="StyleId-AA8F52EA-B708-4AC0-8134-4BD920070B48-" LANG="en-US">
<String CONTENT="James," HEIGHT="64" WIDTH="218" VPOS="2931" HPOS="228"/>
<SP HEIGHT="62" WIDTH="27" VPOS="2933" HPOS="447"/>
<String CONTENT="Will," HEIGHT="64" WIDTH="152" VPOS="2932" HPOS="475"/>
<SP HEIGHT="57" WIDTH="33" VPOS="2939" HPOS="628"/>
<String CONTENT="1892-" HEIGHT="50" WIDTH="170" VPOS="2937" HPOS="662"/>
</TextLine>
<TextLine HEIGHT="70" WIDTH="1917" VPOS="3008" HPOS="299" STYLEREFS="StyleId-AA8F52EA-B708-4AC0-8134-4BD920070B48-" LANG="en-US">
<String CONTENT="Uncle" HEIGHT="54" WIDTH="181" VPOS="3008" HPOS="299"/>
<SP HEIGHT="52" WIDTH="24" VPOS="3009" HPOS="481"/>
<String CONTENT="Bill," HEIGHT="67" WIDTH="136" VPOS="3009" HPOS="506"/>
<SP HEIGHT="47" WIDTH="25" VPOS="3029" HPOS="643"/>
<String CONTENT="a" HEIGHT="33" WIDTH="30" VPOS="3029" HPOS="669"/>
<SP HEIGHT="47" WIDTH="27" VPOS="3015" HPOS="700"/>
<String CONTENT="tale" HEIGHT="52" WIDTH="114" VPOS="3011" HPOS="728"/>
<SP HEIGHT="35" WIDTH="24" VPOS="3028" HPOS="843"/>
<String CONTENT="of" HEIGHT="53" WIDTH="64" VPOS="3009" HPOS="868"/>
<SP HEIGHT="54" WIDTH="24" VPOS="3009" HPOS="933"/>
<String CONTENT="two" HEIGHT="48" WIDTH="111" VPOS="3015" HPOS="958"/>
<SP HEIGHT="54" WIDTH="24" VPOS="3009" HPOS="1070"/>
<String CONTENT="kids" HEIGHT="54" WIDTH="130" VPOS="3009" HPOS="1095"/>
<SP HEIGHT="35" WIDTH="26" VPOS="3028" HPOS="1226"/>
<String CONTENT="and" HEIGHT="52" WIDTH="112" VPOS="3010" HPOS="1253"/>
<SP HEIGHT="53" WIDTH="26" VPOS="3010" HPOS="1366"/>
<String CONTENT="a" HEIGHT="34" WIDTH="31" VPOS="3029" HPOS="1393"/>
<SP HEIGHT="34" WIDTH="26" VPOS="3029" HPOS="1425"/>
<String CONTENT="cowboy," HEIGHT="68" WIDTH="246" VPOS="3010" HPOS="1452"/>
<SP HEIGHT="67" WIDTH="26" VPOS="3011" HPOS="1699"/>
<String CONTENT="by" HEIGHT="67" WIDTH="74" VPOS="3011" HPOS="1726"/>
<SP HEIGHT="67" WIDTH="24" VPOS="3011" HPOS="1801"/>
<String CONTENT="Will" HEIGHT="54" WIDTH="142" VPOS="3011" HPOS="1826"/>
<SP HEIGHT="54" WIDTH="25" VPOS="3011" HPOS="1969"/>
<String CONTENT="James;" HEIGHT="66" WIDTH="221" VPOS="3011" HPOS="1995"/>
</TextLine>
<TextLine HEIGHT="71" WIDTH="1987" VPOS="3085" HPOS="233" STYLEREFS="StyleId-AA8F52EA-B708-4AC0-8134-4BD920070B48-" LANG="en-US">
<String CONTENT="illustrated" HEIGHT="54" WIDTH="318" VPOS="3085" HPOS="233"/>
<SP HEIGHT="52" WIDTH="32" VPOS="3087" HPOS="552"/>
<String CONTENT="by" HEIGHT="67" WIDTH="75" VPOS="3087" HPOS="585"/>
<SP HEIGHT="60" WIDTH="32" VPOS="3094" HPOS="661"/>
<String CONTENT="the" HEIGHT="53" WIDTH="96" VPOS="3088" HPOS="694"/>
<SP HEIGHT="35" WIDTH="33" VPOS="3106" HPOS="791"/>
<String CONTENT="author." HEIGHT="54" WIDTH="222" VPOS="3087" HPOS="825"/>
<SP HEIGHT="53" WIDTH="71" VPOS="3088" HPOS="1048"/>
<String CONTENT="New" HEIGHT="53" WIDTH="139" VPOS="3088" HPOS="1120"/>
<SP HEIGHT="52" WIDTH="35" VPOS="3088" HPOS="1260"/>
<String CONTENT="York," HEIGHT="68" WIDTH="180" VPOS="3087" HPOS="1296"/>
<SP HEIGHT="67" WIDTH="33" VPOS="3088" HPOS="1477"/>
<String CONTENT="London," HEIGHT="68" WIDTH="259" VPOS="3088" HPOS="1511"/>
<SP HEIGHT="69" WIDTH="34" VPOS="3087" HPOS="1771"/>
<String CONTENT="C." HEIGHT="55" WIDTH="63" VPOS="3087" HPOS="1806"/>
<SP HEIGHT="56" WIDTH="37" VPOS="3087" HPOS="1870"/>
<String CONTENT="Scribner&#8217;s" HEIGHT="56" WIDTH="312" VPOS="3087" HPOS="1908"/>
</TextLine>
<TextLine HEIGHT="63" WIDTH="331" VPOS="3166" HPOS="227" STYLEREFS="StyleId-AA8F52EA-B708-4AC0-8134-4BD920070B48-" LANG="en-US">
<String CONTENT="sons," HEIGHT="48" WIDTH="146" VPOS="3181" HPOS="227"/>
<SP HEIGHT="62" WIDTH="34" VPOS="3167" HPOS="374"/>
<String CONTENT="1932." HEIGHT="50" WIDTH="149" VPOS="3166" HPOS="409"/>
</TextLine>
<TextLine HEIGHT="53" WIDTH="1130" VPOS="3248" HPOS="299" LANG="en-US" CS="1">
<String CONTENT="xii" HEIGHT="41" WIDTH="70" VPOS="3248" HPOS="299"/>
<SP HEIGHT="49" WIDTH="21" VPOS="3249" HPOS="370"/>
<String LANG="fr" CONTENT="p.," HEIGHT="38" WIDTH="58" VPOS="3260" HPOS="392"/>
<SP HEIGHT="46" WIDTH="24" VPOS="3250" HPOS="451"/>
<String CONTENT="1" HEIGHT="38" WIDTH="24" VPOS="3250" HPOS="476"/>
<SP/>
<String CS="1" CONTENT="l.,"/>
<SP/>
<String CONTENT="240," HEIGHT="49" WIDTH="98" VPOS="3249" HPOS="594"/>
<SP HEIGHT="31" WIDTH="29" VPOS="3269" HPOS="693"/>
<String CS="1" CONTENT="[1]" HEIGHT="30" WIDTH="11" VPOS="3271" HPOS="767"/>
<SP HEIGHT="39" WIDTH="25" VPOS="3262" HPOS="779"/>
<String CONTENT="p." HEIGHT="38" WIDTH="44" VPOS="3262" HPOS="805"/>
<SP HEIGHT="42" WIDTH="56" VPOS="3252" HPOS="850"/>
<String CONTENT="front.," HEIGHT="47" WIDTH="164" VPOS="3252" HPOS="907"/>
<SP HEIGHT="48" WIDTH="23" VPOS="3251" HPOS="1072"/>
<String CONTENT="illus." HEIGHT="41" WIDTH="129" VPOS="3251" HPOS="1096"/>
<SP HEIGHT="41" WIDTH="57" VPOS="3251" HPOS="1226"/>
<String CS="1" CONTENT="21&#189;" HEIGHT="40" WIDTH="55" VPOS="3251" HPOS="1284"/>
<String STYLE="superscript" CS="1" CONTENT="&#7580;&#7504;"/>
<String CONTENT="." HEIGHT="9" WIDTH="9" VPOS="3284" HPOS="1420"/>
</TextLine>
<TextLine HEIGHT="54" WIDTH="1981" VPOS="3316" HPOS="236" LANG="en-US" CS="1">
<String CONTENT="&#169;" HEIGHT="51" WIDTH="51" VPOS="3316" HPOS="236"/>
<SP HEIGHT="51" WIDTH="25" VPOS="3316" HPOS="288"/>
<String CONTENT="Sept." HEIGHT="48" WIDTH="127" VPOS="3320" HPOS="314"/>
<SP HEIGHT="39" WIDTH="23" VPOS="3321" HPOS="442"/>
<String CONTENT="16," HEIGHT="47" WIDTH="69" VPOS="3320" HPOS="466"/>
<SP HEIGHT="46" WIDTH="22" VPOS="3321" HPOS="536"/>
<String CS="1" CONTENT="1932;" HEIGHT="41" WIDTH="112" VPOS="3319" HPOS="559"/>
<SP HEIGHT="46" WIDTH="24" VPOS="3321" HPOS="700"/>
<String CONTENT="2c." HEIGHT="41" WIDTH="67" VPOS="3321" HPOS="725"/>
<SP HEIGHT="29" WIDTH="23" VPOS="3333" HPOS="793"/>
<String CONTENT="and" HEIGHT="39" WIDTH="95" VPOS="3323" HPOS="817"/>
<SP HEIGHT="39" WIDTH="22" VPOS="3323" HPOS="913"/>
<String CONTENT="aff." HEIGHT="41" WIDTH="82" VPOS="3322" HPOS="936"/>
<SP HEIGHT="40" WIDTH="26" VPOS="3323" HPOS="1019"/>
<String CONTENT="Sept." HEIGHT="47" WIDTH="127" VPOS="3323" HPOS="1046"/>
<SP HEIGHT="38" WIDTH="24" VPOS="3324" HPOS="1174"/>
<String CS="1" CONTENT="19;" HEIGHT="41" WIDTH="55" VPOS="3321" HPOS="1199"/>
<SP HEIGHT="46" WIDTH="26" VPOS="3322" HPOS="1282"/>
<!-- cceid 0F1D743F-6D7D-1014-B4A5-D7A31D17AB40 --><String CONTENT="A" HEIGHT="39" WIDTH="41" VPOS="3322" HPOS="1309"/>
<SP HEIGHT="40" WIDTH="21" VPOS="3322" HPOS="1351"/>
<String CS="1" CONTENT="54912;" HEIGHT="40" WIDTH="144" VPOS="3322" HPOS="1373"/>
<SP HEIGHT="48" WIDTH="27" VPOS="3322" HPOS="1544"/>
<String CONTENT="Charles" HEIGHT="41" WIDTH="203" VPOS="3322" HPOS="1572"/>
<SP HEIGHT="41" WIDTH="24" VPOS="3322" HPOS="1776"/>
<String CONTENT="Scribner&#8217;s" HEIGHT="44" WIDTH="264" VPOS="3319" HPOS="1801"/>
<SP HEIGHT="29" WIDTH="25" VPOS="3333" HPOS="2066"/>
<String CONTENT="sons." HEIGHT="32" WIDTH="125" VPOS="3331" HPOS="2092"/>
</TextLine>
<TextLine HEIGHT="48" WIDTH="278" VPOS="3376" HPOS="312" LANG="en-US">
<String CONTENT="(32-23877)" HEIGHT="48" WIDTH="278" VPOS="3376" HPOS="312"/>
</TextLine>
<TextLine HEIGHT="67" WIDTH="805" VPOS="3476" HPOS="231" STYLEREFS="StyleId-AA8F52EA-B708-4AC0-8134-4BD920070B48-" LANG="en-US">
<String CONTENT="Janes," HEIGHT="66" WIDTH="197" VPOS="3476" HPOS="231"/>
<SP HEIGHT="63" WIDTH="30" VPOS="3479" HPOS="429"/>
<String CONTENT="Hugh" HEIGHT="63" WIDTH="180" VPOS="3479" HPOS="460"/>
<SP HEIGHT="52" WIDTH="27" VPOS="3479" HPOS="641"/>
<String CONTENT="Paul," HEIGHT="64" WIDTH="164" VPOS="3479" HPOS="669"/>
<SP HEIGHT="57" WIDTH="31" VPOS="3486" HPOS="834"/>
<String CONTENT="1899-" HEIGHT="49" WIDTH="170" VPOS="3485" HPOS="866"/>
</TextLine>
<TextLine HEIGHT="72" WIDTH="1915" VPOS="3552" HPOS="302" STYLEREFS="StyleId-AA8F52EA-B708-4AC0-8134-4BD920070B48-" LANG="en-US">
<String CONTENT="Screen" HEIGHT="56" WIDTH="204" VPOS="3552" HPOS="302"/>
<SP HEIGHT="34" WIDTH="44" VPOS="3574" HPOS="507"/>
<String CONTENT="and" HEIGHT="52" WIDTH="111" VPOS="3556" HPOS="552"/>
<SP HEIGHT="67" WIDTH="41" VPOS="3556" HPOS="664"/>
<String CONTENT="projector" HEIGHT="68" WIDTH="285" VPOS="3555" HPOS="706"/>
<SP HEIGHT="51" WIDTH="40" VPOS="3559" HPOS="992"/>
<String CONTENT="in" HEIGHT="51" WIDTH="60" VPOS="3559" HPOS="1033"/>
<SP HEIGHT="55" WIDTH="42" VPOS="3559" HPOS="1094"/>
<String CONTENT="Christian" HEIGHT="56" WIDTH="294" VPOS="3558" HPOS="1137"/>
<SP HEIGHT="35" WIDTH="41" VPOS="3577" HPOS="1432"/>
<String CONTENT="education;" HEIGHT="65" WIDTH="328" VPOS="3559" HPOS="1474"/>
<SP HEIGHT="65" WIDTH="42" VPOS="3559" HPOS="1803"/>
<String CONTENT="how" HEIGHT="53" WIDTH="129" VPOS="3559" HPOS="1846"/>
<SP HEIGHT="47" WIDTH="40" VPOS="3565" HPOS="1976"/>
<String CONTENT="to" HEIGHT="47" WIDTH="59" VPOS="3565" HPOS="2017"/>
<SP HEIGHT="36" WIDTH="42" VPOS="3576" HPOS="2077"/>
<String CONTENT="use" HEIGHT="36" WIDTH="97" VPOS="3576" HPOS="2120"/>
</TextLine>
<TextLine HEIGHT="75" WIDTH="1985" VPOS="3629" HPOS="231" STYLEREFS="StyleId-AA8F52EA-B708-4AC0-8134-4BD920070B48-" LANG="en-US">
<String CONTENT="motion" HEIGHT="53" WIDTH="213" VPOS="3629" HPOS="231"/>
<SP HEIGHT="50" WIDTH="28" VPOS="3649" HPOS="445"/>
<String CONTENT="pictures" HEIGHT="67" WIDTH="246" VPOS="3632" HPOS="474"/>
<SP HEIGHT="34" WIDTH="29" VPOS="3651" HPOS="721"/>
<String CONTENT="and" HEIGHT="52" WIDTH="111" VPOS="3633" HPOS="751"/>
<SP HEIGHT="67" WIDTH="30" VPOS="3633" HPOS="863"/>
<String CONTENT="projected" HEIGHT="68" WIDTH="288" VPOS="3633" HPOS="894"/>
<SP HEIGHT="52" WIDTH="27" VPOS="3636" HPOS="1183"/>
<String CONTENT="still" HEIGHT="53" WIDTH="119" VPOS="3636" HPOS="1211"/>
<SP HEIGHT="67" WIDTH="29" VPOS="3637" HPOS="1331"/>
<String CONTENT="pictures" HEIGHT="68" WIDTH="246" VPOS="3636" HPOS="1361"/>
<SP HEIGHT="53" WIDTH="28" VPOS="3636" HPOS="1608"/>
<String CONTENT="in" HEIGHT="52" WIDTH="62" VPOS="3636" HPOS="1637"/>
<SP HEIGHT="35" WIDTH="28" VPOS="3654" HPOS="1700"/>
<String CONTENT="worship," HEIGHT="68" WIDTH="268" VPOS="3636" HPOS="1729"/>
<SP HEIGHT="48" WIDTH="28" VPOS="3656" HPOS="1998"/>
<String CONTENT="study," HEIGHT="67" WIDTH="189" VPOS="3637" HPOS="2027"/>
</TextLine>
<TextLine HEIGHT="144" WIDTH="1960" VPOS="3707" HPOS="231" STYLEREFS="StyleId-AA8F52EA-B708-4AC0-8134-4BD920070B48-" LANG="en-US" CS="1">
<String CONTENT="and" HEIGHT="50" WIDTH="111" VPOS="3707" HPOS="233"/>
<SP HEIGHT="51" WIDTH="36" VPOS="3707" HPOS="345"/>
<String CONTENT="recreation," HEIGHT="66" WIDTH="328" VPOS="3708" HPOS="382"/>
<SP HEIGHT="65" WIDTH="32" VPOS="3709" HPOS="711"/>
<String CONTENT="by" HEIGHT="66" WIDTH="75" VPOS="3709" HPOS="744"/>
<SP HEIGHT="66" WIDTH="33" VPOS="3709" HPOS="820"/>
<String CONTENT="H." HEIGHT="52" WIDTH="77" VPOS="3709" HPOS="854"/>
<SP HEIGHT="51" WIDTH="35" VPOS="3710" HPOS="932"/>
<String CONTENT="Paul" HEIGHT="52" WIDTH="146" VPOS="3710" HPOS="968"/>
<SP HEIGHT="54" WIDTH="35" VPOS="3711" HPOS="1115"/>
<String CONTENT="Janes." HEIGHT="54" WIDTH="190" VPOS="3711" HPOS="1151"/>
<SP HEIGHT="51" WIDTH="71" VPOS="3713" HPOS="1342"/>
<String CONTENT="Philadelphia," HEIGHT="66" WIDTH="426" VPOS="3713" HPOS="1414"/>
<SP HEIGHT="65" WIDTH="34" VPOS="3714" HPOS="1841"/>
<String CONTENT="The" HEIGHT="52" WIDTH="121" VPOS="3713" HPOS="1876"/>
<SP HEIGHT="53" WIDTH="33" VPOS="3714" HPOS="1998"/>
<String CONTENT="Westminster" HEIGHT="122" WIDTH="1960" VPOS="3714" HPOS="231"/>
<SP HEIGHT="48" WIDTH="27" VPOS="3803" HPOS="465"/>
<String CONTENT="press," HEIGHT="48" WIDTH="173" VPOS="3803" HPOS="493"/>
<SP HEIGHT="63" WIDTH="31" VPOS="3788" HPOS="667"/>
<String CONTENT="1932." HEIGHT="50" WIDTH="151" VPOS="3788" HPOS="699"/>
</TextLine>
<TextLine HEIGHT="51" WIDTH="756" VPOS="3868" HPOS="306" LANG="en-US" CS="1">
<String CONTENT="160" HEIGHT="40" WIDTH="84" VPOS="3868" HPOS="306"/>
<SP HEIGHT="48" WIDTH="26" VPOS="3869" HPOS="391"/>
<String CONTENT="p." HEIGHT="38" WIDTH="43" VPOS="3879" HPOS="418"/>
<SP HEIGHT="39" WIDTH="54" VPOS="3870" HPOS="462"/>
<String CONTENT="illus.," HEIGHT="47" WIDTH="142" VPOS="3870" HPOS="517"/>
<SP HEIGHT="38" WIDTH="27" VPOS="3881" HPOS="660"/>
<String CONTENT="plates." HEIGHT="49" WIDTH="171" VPOS="3870" HPOS="688"/>
<SP HEIGHT="39" WIDTH="57" VPOS="3872" HPOS="860"/>
<String CS="1" CONTENT="19&#189;" HEIGHT="41" WIDTH="56" VPOS="3870" HPOS="918"/>
<String STYLE="superscript" CS="1" CONTENT="&#7580;&#7504;"/>
<String CONTENT="." HEIGHT="9" WIDTH="9" VPOS="3903" HPOS="1053"/>
</TextLine>
<TextLine HEIGHT="58" WIDTH="1868" VPOS="3935" HPOS="240" LANG="en-US" CS="1">
<String CONTENT="&#169;" HEIGHT="52" WIDTH="51" VPOS="3935" HPOS="240"/>
<SP HEIGHT="52" WIDTH="28" VPOS="3935" HPOS="292"/>
<String CONTENT="Aug." HEIGHT="47" WIDTH="117" VPOS="3939" HPOS="321"/>
<SP HEIGHT="39" WIDTH="29" VPOS="3941" HPOS="439"/>
<String CONTENT="31," HEIGHT="47" WIDTH="68" VPOS="3940" HPOS="469"/>
<SP HEIGHT="46" WIDTH="29" VPOS="3941" HPOS="538"/>
<String CS="1" CONTENT="1932;" HEIGHT="41" WIDTH="111" VPOS="3940" HPOS="568"/>
<SP HEIGHT="43" WIDTH="30" VPOS="3940" HPOS="707"/>
<String CONTENT="2c." HEIGHT="41" WIDTH="66" VPOS="3940" HPOS="738"/>
<SP HEIGHT="29" WIDTH="30" VPOS="3952" HPOS="805"/>
<String CONTENT="and" HEIGHT="39" WIDTH="95" VPOS="3943" HPOS="836"/>
<SP HEIGHT="39" WIDTH="28" VPOS="3943" HPOS="932"/>
<String CONTENT="aff." HEIGHT="40" WIDTH="81" VPOS="3941" HPOS="961"/>
<SP HEIGHT="40" WIDTH="32" VPOS="3943" HPOS="1043"/>
<String CONTENT="Sept." HEIGHT="48" WIDTH="126" VPOS="3943" HPOS="1076"/>
<SP HEIGHT="41" WIDTH="28" VPOS="3942" HPOS="1203"/>
<String CS="1" CONTENT="2;" HEIGHT="39" WIDTH="26" VPOS="3942" HPOS="1232"/>
<SP HEIGHT="46" WIDTH="29" VPOS="3944" HPOS="1287"/>
<!-- cceid 0F1DB288-6D7D-1014-B4A5-D7A31D17AB40 --><String CONTENT="A" HEIGHT="39" WIDTH="41" VPOS="3944" HPOS="1317"/>
<SP HEIGHT="40" WIDTH="27" VPOS="3944" HPOS="1359"/>
<String CS="1" CONTENT="53899;" HEIGHT="41" WIDTH="144" VPOS="3944" HPOS="1387"/>
<SP HEIGHT="46" WIDTH="31" VPOS="3946" HPOS="1557"/>
<String CONTENT="Westminster" HEIGHT="42" WIDTH="340" VPOS="3944" HPOS="1589"/>
<SP HEIGHT="38" WIDTH="27" VPOS="3955" HPOS="1930"/>
<String CONTENT="press." HEIGHT="40" WIDTH="150" VPOS="3953" HPOS="1958"/>
</TextLine>
<TextLine HEIGHT="50" WIDTH="278" VPOS="3994" HPOS="316" LANG="en-US">
<String CONTENT="(32-23848)" HEIGHT="50" WIDTH="278" VPOS="3994" HPOS="316"/>
</TextLine>
</TextBlock>
</PrintSpace>
</Page>
</Layout>
</alto>