2563 4368
1132 4127 133 54 1755

202 524 256 64 Paelian,
488 523 268 55 Garabed
786 523 228 62 Hagop.

270 600 319 68 Relativity
634 601 112 52 and
792 597 232 70 reality;
1075 617 31 34 a
1153 597 420 55 non-technical
1620 596 319 69 exposition
1988 598 63 52 of
2096 598 96 51 the

200 679 201 66 theory
427 678 62 53 of
516 676 295 68 relativity
837 678 111 52 and
976 677 74 52 its
1078 674 360 68 philosophic
1466 692 416 50 consequences,
1910 675 76 67 by
2014 676 70 54 G.
2113 676 77 52 H.

200 752 1873 64 Paelian … New York, Macoy publishing company [ ᶜ193 2]
271 828 85 40 235
391 840 41 37 p.
494 827 177 48 diagrs.
731 826 59 41 20ᶜᵐ

206 880 1989 55 © Nov. 11, 1932; 2c. Nov. 14; aff. Nov. 15; A 55927; G. H. Paelian, New
273 943 142 39 York.
486 942 278 48 (32-33282)

204 1044 230 65 Phelps,
463 1043 254 56 William
744 1045 184 63 Lyon,
960 1049 166 49 1865-

270 1117 1924 74 Appreciation, by William Lyon Phelps … New York, E. P.
201 1202 221 51 Dutton
451 1202 45 50 &
525 1217 296 45 company,
851 1199 106 52 inc.
1035 1201 151 61 [ᶜ1932]

271 1274 70 47 56,
373 1274 54 50 [1]
458 1284 44 38 p.
697 1305 8 8 17½ᶜᵐ.

273 1330 161 41 “First
459 1328 226 42 edition.”

207 1384 50 52 ©
289 1388 101 40 Oct.
420 1388 55 39 18,
518 1386 114 40 1932;
691 1387 63 39 2c.
789 1385 101 40 Oct.
919 1384 55 40 19;
1033 1385 79 40 aff.
1147 1384 101 41 Oct.
1278 1385 55 38 21;
1393 1386 45 42 A
1463 1384 143 40 56657;
1667 1386 51 39 E.
1750 1385 51 40 P.
1831 1384 188 41 Dutton
2048 1390 37 40 &
2113 1396 83 38 co.,

273 1444 89 39 inc.
433 1443 278 48 (32-33272)

202 1539 303 65 Postgate,
534 1539 308 63 Raymond
871 1537 274 65 William,
1177 1542 171 51 1896-

272 1617 87 52 No
387 1615 254 69 epitaph,
670 1636 31 33 a
729 1618 164 51 novel
919 1617 74 66 by
1021 1617 302 66 Raymond
1349 1617 90 53 W.
1468 1617 287 66 Postgate.
1830 1616 257 66 London,
2115 1617 77 52 H.

201 1695 304 53 Hamilton
563 1698 152 64 [1932]

272 1767 337 50 320 p. 19 ᶜᵐ .
208 1823 1989 51 © 1c. Nov. 18, 1932; A ad int. 17093; pubd. Nov. 17; Vanguard press,
276 1883 103 42 inc..
408 1884 117 38 New
551 1883 130 38 York
744 1881 300 48 .(32-33696)

204 1978 362 53 President’s
605 1979 344 53 conference
987 1994 72 35 on
1098 1978 171 51 home
1309 1975 264 65 building
1609 1978 115 51 and
1763 1977 173 54 home
274 1993 1896 127 ownership,

458 2057 395 67 Washington,
879 2058 72 52 D.
1035 2101 29 22 C.,
1091 2057 150 50 1931.

275 2134 266 69 Housing
581 2133 303 69 objectives
926 2135 112 51 and
1079 2151 326 50 programs;
1450 2134 228 67 general
1718 2132 237 56 sessions
1996 2134 64 52 of
2098 2134 97 53 the

205 2213 356 64 conference;
602 2220 220 59 reports
861 2212 63 52 of
961 2214 94 49 the
1093 2212 344 67 correlating
1476 2212 346 53 committees
1861 2230 72 34 on
204 2214 1966 145 technological

454 2292 438 65 developments.
932 2291 222 58 George
1195 2291 73 51 K.
1312 2293 266 65 Burgess,
1619 2289 311 66 chairman,
204 2290 1966 131 legislation
385 2371 110 50 and

556 2368 481 67 administration,
1097 2368 260 52 Bernard
1416 2369 56 53 J.
1533 2369 291 67 Newman,
1884 2369 311 66 chairman,

205 2447 303 54 standards
544 2448 111 51 and
690 2446 322 68 objectives.
1045 2449 303 50 Lawrence
1381 2447 234 67 Veiller,
1650 2448 311 68 chairman,
206 2449 1965 128 education

371 2527 111 51 and
525 2526 227 60 service,
794 2525 204 52 Albert
1042 2524 187 68 Shaw,
1274 2525 311 69 chairman,
1626 2527 396 68 organization
207 2546 1963 126 programs,

443 2606 143 51 local
616 2605 110 50 and
754 2603 274 67 national,
1056 2603 259 52 Harlean
1341 2606 211 65 James,
1582 2605 312 68 chairman,
1921 2607 275 66 research,

206 2683 193 53 James
435 2683 173 56 Ford,
645 2681 320 66 chairman;
1005 2681 189 54 edited
1228 2684 74 66 by
1340 2683 155 53 John
1531 2685 78 51 M.
1649 2683 166 54 Gries
1853 2684 113 52 and
2001 2686 193 53 James

205 2761 170 52 Ford.
451 2760 399 67 Washington.
873 2763 70 50 D.
970 2761 79 65 C.,
1072 2762 121 52 The
1215 2760 346 55 President’s
1584 2762 330 54 conference
1938 2782 71 33 on
2031 2764 165 53 home

206 2839 1181 68 building and home ownership [ ᶜ193 2 ]
275 2912 807 49 xxv 345 p. front., pl. 23½ᶜᵐ.
280 2968 1921 49 “In this volume are included the address by President Hoover … the
208 3025 1993 51 general summary of the work of the committees … by the Secretary of
209 3081 1551 49 the interior … the resolutions adopted at that closing
208 3082 1990 107 meeting … together with the reports of the six correlating committees.”—Introd.,
205 3208 42 36 p.
275 3196 115 40 xvii.

281 3253 229 46 Program
544 3252 95 38 and
672 3251 255 46 personnel
960 3251 52 38 of
1046 3251 80 38 the
1158 3250 284 40 conference:
1505 3261 42 38 p.
1582 3250 214 41 295-321.

281 3309 223 39 Includes
532 3305 389 49 bibliographies.

212 3359 50 52 ©
290 3365 117 39 Nov.
432 3364 68 44 30,
527 3362 112 41 1932;
696 3363 66 39 2c.
791 3364 94 37 and
912 3361 81 40 aff.
1021 3362 109 40 Dec.
1160 3363 23 37 1;
1241 3363 39 37 A
1307 3361 143 41 58167;
1506 3362 295 42 President’s
1829 3366 283 39 conference
2139 3375 60 30 on

280 3420 138 38 home
461 3419 219 46 building
723 3421 96 37 and
863 3420 139 38 home
1046 3418 286 47 ownership,
1379 3419 180 40 Robert
1604 3421 51 40 P.
1701 3421 206 40 Lamont
1952 3423 95 38 and
2093 3422 106 47 Ray

280 3476 183 47 Lyman
495 3476 200 40 Wilbur,
728 3475 128 47 joint
886 3474 259 48 chairmen,
1178 3474 332 48 Washington.
1583 3476 278 48 (32-28178)

208 3568 291 63 Progress
529 3569 64 52 of
626 3570 94 51 the
753 3570 109 51 law
896 3570 59 51 in
989 3570 96 52 the
1118 3571 71 53 U.
1230 3571 55 54 S.
1321 3571 274 67 Supreme
1629 3578 189 48 court:
1854 3576 308 49 1930-1931;

281 3666 30 32 a
347 3647 203 52 review
587 3647 63 53 of
686 3649 95 50 the
816 3649 157 50 work
1007 3648 62 52 of
1107 3650 95 51 the
1240 3650 273 65 Supreme
1550 3656 161 47 court
1746 3651 63 52 of
1845 3652 96 51 the
1977 3652 218 54 United

282 3722 1912 73 States for October term, 1930, by Gregory Hankin … and
279 3801 1891 145 Charlotte A. Hankin … New York, The Macmillan company;
490 3881 400 67 Washington,
919 3885 71 50 D.
1020 3884 80 64 C.,
1128 3884 177 66 Legal
1335 3885 256 50 research
1619 3884 227 68 service,
1877 3888 152 52 1931.

281 3953 823 50 XV. 525 p. plate (port.) 24 ᶜᵐ .
215 4004 50 52 ©
292 4009 109 38 Dec.
428 4009 67 47 10,
521 4008 112 41 1931;
687 4009 66 41 2c.
780 4011 110 39 Dec.
917 4013 53 37 11;
1027 4011 81 42 aff.
1135 4012 110 40 Dec.
1273 4014 54 39 17;
1383 4014 41 38 A
1448 4013 144 40 47013;
1648 4014 147 48 Legal
1821 4015 224 39 research
281 4025 1899 80 service.
