2563 4368
1322 4097 130 51 1838

376 471 197 66 Ewen,
605 470 291 66 Frederic,
929 475 169 50 1899-

445 549 123 54 The
595 549 252 68 prestige
872 547 65 55 of
967 547 244 56 Schiller
1238 548 61 53 in
1328 548 289 68 England,
1649 548 325 67 1788-1859,
2000 547 75 69 by
2104 547 268 53 Frederic

376 625 1767 68 Ewen … New York, Columbia university press, 1932.
443 703 1925 52 xiii, [1], 287 p., 1 l. 21ᶜᵐ. (Half-title: Columbia university studies in
375 762 204 49 English
604 762 97 40 and
726 761 330 49 comparative
1082 760 283 47 literature)

446 820 171 40 Issued
644 818 104 41 also
777 828 55 31 as
858 817 152 41 thesis
1038 817 108 49 (PH.
1204 816 34 49 D.)
1276 816 252 42 Columbia
1555 815 286 49 university.

445 875 376 48 Bibliography:
851 886 44 37 p.
928 873 247 52 [255]-273.

381 942 52 53 ©
464 946 101 40 Oct.
595 946 39 48 5,
663 944 113 42 1932;
833 945 67 41 2c.
932 945 103 40 Oct.
1063 946 53 45 7;
1149 944 81 40 aff.
1261 943 102 41 Oct,
1393 944 48 39 11;
1507 944 40 39 A
1577 944 169 47 55524;
1781 943 250 41 Columbia
2063 942 129 41 univ.
2224 953 134 38 press

458 1002 280 50 (32-34918)

378 1107 117 52 Far
523 1106 351 64 Rockaway,
905 1105 74 55 N.
1010 1105 71 52 Y.
1155 1104 162 65 High
1349 1105 215 55 school.

449 1182 245 68 History
718 1183 63 53 of
809 1183 96 53 the
929 1183 381 66 Rockaways;
1339 1183 310 67 sponsored
1675 1182 76 67 by
1777 1182 97 53 the
1902 1182 310 65 Exchange
2241 1180 128 54 club

379 1259 64 53 of
473 1261 117 52 Far
620 1259 343 68 Rockaway,
994 1260 140 53 New
1167 1260 179 67 York,
1378 1260 113 53 and
1522 1260 228 53 written
1782 1260 75 65 by
1889 1259 96 53 the
2015 1259 257 53 students
2306 1258 63 54 of

380 1335 1991 70 Far Rockaway high school … [Far Rockaway, N. Y.] ᶜ1 932.
453 1410 58 40 56
537 1420 44 39 p.
611 1410 109 41 incl.
749 1410 165 48 front.,
945 1410 129 40 illus.
1132 1409 172 50 plates.
1363 1408 147 42 23½ᶜᵐ.

455 1466 140 51 Maps
625 1478 60 30 on
715 1467 363 49 lining-papers.

457 1523 224 41 Lettered
707 1534 59 30 on
791 1533 169 31 cover:
988 1522 101 42 The
1116 1522 226 50 Dolphin.
1397 1521 128 42 1932.

456 1580 376 50 Bibliography:
863 1590 45 39 p.
938 1578 158 43 53-54.

723 1637 424 47 CONTENTS.—Tackapousha
1178 1637 96 39 and
1306 1637 82 40 the
1420 1636 216 47 Indians,
1668 1636 61 47 by
1759 1636 248 42 Theodore
2040 1636 333 42 Rosenfeld.—

385 1693 102 42 The
513 1693 208 41 colonial
747 1693 189 48 history
964 1693 52 41 of
1042 1695 82 39 the
1153 1693 316 47 Rockaways,
1497 1693 60 48 by
1585 1693 155 41 Emile
1770 1692 428 49 Smullyan.—The
387 1694 1971 104 Rockaways

583 1751 53 39 in
664 1752 83 39 the
777 1750 282 40 nineteenth
1090 1752 217 45 century,
1339 1750 62 47 by
1431 1750 229 47 Anthony
1689 1750 177 41 Terino
1897 1751 96 39 and
2027 1751 178 40 Esther
386 1750 1972 99 Goldstein.

528 1808 163 41 —The
725 1807 303 48 Rockaways
1064 1807 49 39 in
1149 1807 82 40 the
1266 1806 256 41 twentieth
1556 1808 216 46 century,
1807 1807 61 48 by
1905 1807 130 41 Elsie
2073 1807 186 41 Starks.

387 1875 51 52 ©
472 1880 114 47 Apr.
618 1879 39 48 8,
690 1877 114 41 1932;
865 1877 66 40 2c.
966 1878 112 46 Apr.
1113 1877 81 46 14;
1231 1876 82 41 aff.
1345 1877 114 47 Apr.
1493 1876 81 47 13;
1611 1877 41 39 A
1685 1877 169 46 50738;
1892 1877 205 40 General
456 1877 1903 105 organization,
600 1936 97 38 Far
724 1934 274 47 Rockaway
1027 1933 114 46 high
1170 1934 176 41 school.
1376 1934 99 38 Far
1501 1934 290 47 Rockaway,
1821 1935 55 39 N.
1907 1935 50 38 Y.

464 1992 278 48 (32-35030)

385 2095 143 65 Fay,
559 2094 245 56 Charles
832 2093 210 66 Ralph.
1072 2094 170 55 1867-

456 2171 1856 66 Elements of economics. Rev. ed. By Charles Ralph Fay …
386 2247 139 53 New
555 2248 179 66 York,
763 2248 120 52 The
911 2247 335 53 Macmillan
1278 2265 296 49 company,
1608 2250 151 50 1932.

460 2319 138 48 xxiii,
630 2319 84 40 629
746 2332 43 37 p.
821 2320 96 40 incl
947 2320 127 40 illus.
1103 2319 48 49 (2
1183 2321 161 48 maps)
1385 2320 195 49 diagrs.,
1613 2319 167 41 forms.
1840 2318 145 43 20½ᶜᵐ.

462 2375 319 42 “References
808 2376 79 41 for
911 2376 197 41 further
1133 2376 174 48 study”
1334 2378 53 38 at
1414 2377 92 40 end
1534 2377 52 40 of
1611 2379 126 38 most
1763 2377 51 40 of
1840 2378 83 40 the
1949 2378 240 46 chapters.

390 2443 52 53 ©
473 2449 111 40 Dec.
614 2448 39 42 6,
684 2447 140 43 1932;
855 2446 67 42 2c.
953 2449 95 38 and
1078 2448 81 39 aff.
1193 2448 111 39 Dec.
1335 2449 24 37 7;
1418 2448 40 38 A
1487 2447 169 47 57365;
1691 2448 49 39 C.
1773 2449 53 39 R.
1859 2449 115 46 Fay.
2007 2448 258 47 Brooklyn.

468 2505 279 48 (32-34808)

387 2606 228 66 Fisher,
645 2608 205 54 Waldo
879 2609 305 54 Emanuel.

455 2683 178 69 Wage
665 2690 148 47 rates
844 2684 114 53 and
987 2681 260 70 working
1277 2683 133 54 time
1442 2683 58 52 in
1532 2684 93 52 the
1659 2684 344 54 bituminous
2036 2685 118 51 coal
390 2683 1964 145 industry,
535 2763 326 66 1912-1922,
893 2759 139 53 with
1067 2780 31 34 a
1132 2778 286 51 summary
1451 2761 63 52 of
1546 2765 148 49 rates
1729 2761 92 52 for
1855 2767 256 62 separate
390 2779 1964 111 occupations
571 2836 61 53 in
664 2837 135 54 each
834 2837 119 53 coal
988 2837 226 55 district
1245 2837 59 52 in
1340 2838 94 52 the
1470 2837 216 55 United
1722 2837 205 68 States,
1961 2838 74 68 by
2069 2837 205 54 Waldo
2310 2837 67 53 E.

390 2913 1990 71 Fisher … and Anne Bezanson … Philadelphia, University of
390 2990 419 69 Pennsylvania
844 3009 172 50 press,
1052 2995 150 49 1932.

459 3060 119 49 xxii,
610 3061 87 41 374
731 3073 43 37 p.
834 3062 128 41 illus.
990 3061 159 50 (map)
1194 3063 154 41 tables
1377 3063 134 48 (part
1545 3066 228 39 mounted
1806 3065 143 48 fold.)
1993 3065 178 48 diagrs.
2232 3065 147 40 23½ᶜᵐ.

400 3117 298 51 (Half-title:
737 3119 270 40 Industrial
1049 3121 224 39 research
1311 3121 141 47 dept.,
1492 3121 237 40 Wharton
1767 3123 160 38 school
1969 3121 51 41 of
2056 3121 186 40 finance
2283 3123 95 39 and

389 3184 276 39 commerce,
697 3174 281 48 University
1009 3175 52 39 of
1090 3176 371 48 Pennsylvania,
1492 3176 355 49 Philadelphia.
1905 3178 243 40 Research
2179 3177 200 43 studies.

488 3231 14 47 XXI)

462 3288 411 48 “Interpretation
905 3288 52 39 of
988 3288 81 40 the
1100 3289 114 39 data
1249 3289 236 47 prepared
1517 3290 60 46 by
1611 3291 82 39 the
1723 3300 134 37 wage
1890 3293 106 37 rate
2026 3291 95 39 and
2152 3289 226 49 earnings

391 3344 1970 96 sections of the United States Coal commission … The data were published
576 3400 50 40 in
657 3400 151 41 detail
838 3400 48 39 in
919 3401 82 39 the
1030 3400 345 40 commission’s
1405 3401 312 48 report.”—p.
1748 3401 67 40 vii
1846 3403 95 39 and
1973 3402 118 42 xxii.

397 3468 51 52 ©
481 3474 118 39 Nov.
630 3473 68 46 23,
732 3472 140 47 1932;
906 3473 66 40 2c.
1005 3474 94 38 and
1132 3473 79 38 aff.
1248 3473 109 41 Dec.
1391 3475 25 37 1;
1479 3474 40 38 A
1552 3474 169 45 58185;
1758 3473 279 48 University
2072 3474 49 39 of
465 3474 1898 95 Pennsylvania

640 3540 146 37 press.
858 3529 279 48 (32-35485)

396 3628 317 68 Fullerton,
745 3631 296 55 Bradford
1073 3632 253 65 Morton,
1361 3637 168 50 1894-

465 3706 273 55 Selective
783 3709 405 66 bibliography
1231 3709 63 51 of
1337 3709 305 52 American
1685 3709 311 66 literature,
2041 3709 333 61 1775-1900;

394 3803 30 33 a
457 3783 152 54 brief
638 3783 256 54 estimate
924 3784 64 53 of
1015 3786 96 52 the
1140 3804 154 34 more
1324 3786 315 67 important
1668 3785 303 54 American
2004 3786 231 52 authors
2267 3785 109 52 and

395 3880 31 34 a
461 3860 347 68 description
841 3862 65 53 of
938 3862 149 53 their
1122 3861 440 69 representative
1597 3863 201 68 works,
1830 3863 74 67 by
1940 3864 66 53 B.
2043 3864 79 52 M.
395 3862 1959 144 Fullerton;

565 3938 139 54 with
743 3958 72 34 an
854 3940 387 53 introduction
1280 3940 75 68 by
1395 3941 136 54 Carl
1629 3958 70 35 Van
1739 3942 208 51 Doren.
2021 3940 138 52 New
2200 3938 176 66 York,

395 4016 88 54 W.
511 4017 65 53 F.
600 4017 248 67 Payson,
879 4021 148 50 1932.
