2563 4368
1341 4087 133 50 1800

386 482 297 64 Jameson,
711 479 232 54 Russell
970 479 277 63 Parsons,
1278 479 133 53 1878

459 550 1921 73 Le: cercle français, by Russell P. Jameson … Boston, New
393 632 1422 71 York [etc.] D. C. Heath and company [ ᶜ19 32]
458 716 1404 53 vi, 228 p. 19 ᶜᵐ . (Heath’s modern language series)
462 776 419 49 “Bibliographie”
911 778 51 38 at
990 778 91 39 end
1110 775 52 41 of
1190 776 125 39 most
1343 773 52 41 of
1422 773 82 41 the
1532 775 241 47 chapters.

395 846 51 51 ©
476 848 100 41 Oct.
604 847 69 48 26,
702 845 140 48 1932;
872 846 68 40 2c.
967 846 117 40 Nov.
1112 845 27 39 2;
1196 845 82 40 aff.
1306 844 118 40 Nov.
1451 844 53 49 3;
1536 844 39 38 A
1603 843 144 40 55810;
1850 875 7 7 R.
1889 843 49 38 P.
1969 843 241 46 Jameson,
464 841 1902 104 Oberlin.

579 905 51 39 O.
702 902 278 49 (32-34246)

392 1024 226 63 Keeler,
650 1023 201 63 Harry
880 1021 280 63 Stephen.

461 1095 1925 70 The box from Japan … by Harry Stephen Keeler … New
394 1178 177 67 York,
600 1178 66 52 E.
695 1177 69 52 P.
788 1174 223 55 Dutton
1037 1178 45 49 &
1108 1192 97 41 co.,
1233 1176 106 51 inc.
1481 1176 84 65 [ᶜ1932]

463 1264 86 42 765
575 1275 43 37 p.
679 1262 127 41 illus.
867 1261 117 41 20ᶜᵐ.

465 1322 73 41 On
563 1323 98 46 t.-p.:
717 1319 188 40 Dutton
932 1318 105 41 clue
1063 1320 228 45 mystery.

466 1372 1865 53 “First printing, November 1932 … third printing, November 1932.”
401 1444 51 53 ©
485 1450 110 39 Dec.
628 1449 38 46 1,
699 1446 140 47 1932;
873 1445 67 41 2c.
973 1447 94 38 and
1099 1444 81 41 aff.
1213 1445 110 39 Dec.
1357 1446 52 45 3;
1446 1446 38 37 A
1517 1444 169 47 58228;
1722 1446 54 39 E.
1808 1446 49 37 P.
1893 1445 188 40 Dutton
2114 1445 36 40 &
2182 1455 81 39 co.,
2297 1447 92 39 inc.

479 1504 279 50 (32-33838)

396 1622 259 66 Kipling,
689 1623 301 63 Rudyard,
1027 1626 169 51 1865-

464 1701 170 67 Mary
666 1698 298 69 Kingsley,
995 1698 74 68 by
1099 1697 279 67 Rudyard
1409 1695 266 69 Kipling.
1750 1694 231 56 Garden
2015 1696 152 70 City,
2198 1698 70 53 N.
2301 1699 89 66 Y.,

396 1778 355 67 Doubleday,
777 1777 199 52 Doran
1002 1778 45 50 &
1075 1793 295 50 company,
1397 1774 125 68 inc.,
1553 1777 148 51 1932.

467 1863 516 50 2 p. l., 3-5 p. 19 ᶜᵐ .
404 1932 51 51 ©
489 1936 100 40 Oct.
621 1936 55 39 25,
779 1934 82 47 1932;
894 1933 66 41 2c.
993 1935 95 38 and
1120 1933 82 40 aff.
1236 1933 101 40 Oct.
1368 1932 82 48 26;
1484 1934 41 38 A
1557 1933 169 47 55689;
1762 1934 55 40 R.
1851 1934 212 48 Kipling,
2098 1934 292 43 Bateman’s,

472 1992 254 47 Burwash,
767 1991 191 43 Sussex,
997 1990 235 47 England.
1303 1988 277 49 (32-33931)

400 2102 192 62 Kiser,
621 2101 178 62 Clyde
827 2101 255 64 Vernon,
1113 2105 170 50 1904-

471 2177 107 53 Sea
604 2175 183 53 island
814 2183 55 45 to
896 2176 113 67 city;
1070 2197 29 31 a
1127 2176 170 67 study
1323 2176 62 51 of
1410 2175 81 54 St.
1521 2176 220 53 Helena
1767 2176 275 53 islanders
2069 2176 60 51 in
2154 2175 236 55 Harlem

402 2251 1991 71 and other urban centers, by Clyde Vernon Kiser … New York,
404 2329 296 55 Columbia
722 2327 314 70 university
1057 2347 156 50 press;
1265 2329 254 67 London,
1540 2329 63 53 P.
1630 2328 56 56 S.
1711 2329 162 69 King
1893 2331 46 51 &
1959 2348 115 49 son,
2095 2330 123 68 ltd.,
2243 2333 148 50 1932.

471 2414 1923 52 272 p. illus. (maps) 23 ᶜᵐ . (Half-title: Studies in history, economics
403 2473 95 38 and
526 2471 161 48 public
714 2471 110 48 law,
853 2472 71 39 ed.
953 2472 62 47 by
1044 2472 81 39 the
1157 2471 206 48 Faculty
1393 2472 53 40 of
1472 2472 217 48 political
1719 2472 185 41 science
1933 2473 52 40 of
2013 2472 248 42 Columbia
404 2473 1971 102 university,

632 2538 76 30 no.
736 2527 110 47 368)

475 2585 170 40 Issued
676 2584 101 40 also
809 2594 55 31 as
895 2582 152 42 thesis
1087 2583 16 48 (PH.
1279 2584 14 48 D.)
1333 2584 250 42 Columbia
1615 2584 283 49 university.

476 2641 130 40 “The
631 2640 171 41 fourth
828 2641 190 39 volume
1047 2643 47 37 to
1122 2650 185 38 appear
1330 2641 128 40 from
1487 2642 82 39 the
1595 2641 201 48 project,
1824 2641 157 47 Negro
2009 2641 273 48 migration,
406 2651 1971 87 under

528 2697 199 47 subsidy
764 2697 60 47 by
863 2698 81 39 the
984 2696 158 41 Social
1180 2695 185 42 science
1405 2699 224 38 research
1666 2696 186 42 council
1891 2698 94 39 and
2025 2699 81 39 the
2144 2697 246 42 Columbia

406 2753 269 49 university
704 2752 200 43 Council
928 2753 80 39 for
1034 2753 223 39 research
1284 2752 49 40 in
1363 2754 80 39 the
1470 2751 149 42 social
1646 2753 589 43 sciences.”—Foreword.

476 2807 379 51 Bibliography:
884 2820 43 38 p.
960 2808 216 42 265-267.

413 2877 51 52 ©
499 2882 99 40 Oct.
632 2881 55 41 18,
792 2881 55 40 1932;
909 2881 66 38 2c.
1010 2881 94 39 and
1139 2880 82 40 aff.
1253 2880 117 40 Nov.
1404 2879 81 48 26;
1523 2881 40 38 A
1594 2880 170 47 57232;
1801 2880 249 40 Columbia
2085 2879 128 41 univ.
2250 2888 149 39 press.

491 2938 276 47 (32-34112)

408 3039 286 67 Kreidler,
728 3040 243 56 Charles
1001 3043 146 61 Ray,
1182 3042 170 54 1867-
1563 3042 84 52 ed.

478 3118 295 69 Analyzed
801 3120 138 52 New
968 3119 163 53 York
1157 3117 276 55 decisions
1462 3121 111 51 and
1600 3117 282 69 citations,
1912 3119 297 67 including
2235 3119 162 52 codes

410 3199 112 52 and
552 3197 385 53 consolidated
968 3197 154 66 laws,
1153 3195 244 55 October
1427 3203 46 60 1,
1506 3196 416 55 1929-October
1954 3201 46 57 1,
2031 3200 150 62 1932,
411 3213 1962 129 covering

544 3274 289 67 duplicate
865 3280 236 61 reports.
1176 3275 55 52 A
1264 3274 150 53 table
1448 3273 64 53 of
1546 3290 149 37 cases
1730 3274 251 67 decided,
2016 3273 264 67 affirmed,
411 3292 1962 126 reversed,

653 3351 165 68 cited,
849 3350 299 69 criticised,
1181 3349 400 71 disapproved,
1612 3350 435 69 distinguished,
2080 3351 318 68 explained,

413 3428 267 54 followed
705 3446 62 35 or
791 3429 295 53 overruled
1109 3428 140 54 with
1273 3428 248 68 analysis
1544 3428 65 53 of
1631 3431 133 52 each
1788 3428 253 68 citation,
2063 3431 74 65 by
2164 3430 234 55 Charles

412 3506 1963 146 R. Kreidler … Rochester, N. Y., Williamson law book company,
611 3588 151 51 1932.

483 3668 333 49 795 p. 26 ᶜᵐ .
485 3726 226 39 Lettered
745 3736 59 29 on
837 3735 142 29 cover:
1039 3724 248 41 Haviland
1320 3727 96 38 and
1451 3725 223 40 Greene’s
1707 3725 130 40 table
1870 3725 52 40 of
1953 3726 116 39 New
2102 3726 129 39 York
2264 3736 133 30 cases

425 3781 1124 48 (analyzed) … 1930-1933. Tenth volume.
487 3836 300 43 Constitutes
813 3849 28 30 a
869 3839 301 47 supplement
1198 3841 48 37 to
1274 3839 82 40 the
1379 3838 142 41 ninth
1545 3839 190 40 volume
1761 3839 53 40 of
1838 3838 247 40 Haviland
2111 3838 37 41 &
2177 3838 221 41 Greene’s

417 3895 129 40 table
574 3896 52 39 of
651 3905 148 31 cases,
860 3894 60 49 cf.
949 3894 128 41 Pref.

422 3962 51 51 ©
500 3967 116 39 Nov.
645 3969 39 45 1,
712 3966 139 48 1932;
881 3966 66 41 2c.
975 3968 94 39 and
1097 3966 81 41 aff.
1205 3967 118 40 Nov.
1351 3967 81 46 30;
1463 3968 40 38 A
1531 3967 168 47 57280;
1730 3967 303 41 Williamson
2061 3969 96 38 law
2184 3967 122 39 book
2334 3978 66 29 co.

499 4022 277 44 (32-34126)
