2563 4368
1254 4110 131 50 1580

383 556 1292 52 ix p., 1 l., 283 p. incl. front., illus., plates. 23 ᶜᵐ .
383 615 289 41 Illustrated
701 614 364 48 lining-papers.

385 672 162 40 “First
573 671 269 49 published,
874 670 292 48 September,
1194 668 157 42 1932.”

384 728 377 48 Bibliography:
791 737 43 38 p.
863 726 218 41 269-276.

319 781 1991 53 © Sept. 1, 1932; 2c. and aff. Oct. 14; A 56475; L. George and James
387 842 207 47 Gilman,
623 841 117 40 New
769 840 142 39 York.
982 837 280 51 (32-29995)

315 931 294 65 Gillmore,
636 932 139 52 Mrs.
804 931 212 52 Emma
1042 929 214 54 Wheat
1291 929 353 66 (Hastings)
1683 930 171 55 1867-

385 1009 120 52 The
530 1007 127 53 how
684 1007 112 52 and
822 1007 131 68 why
979 1006 64 53 of
1068 1004 105 55 life
1222 1006 92 68 [by]
1348 1006 204 53 Emma
1578 1006 210 55 Wheat
1813 1004 298 70 Gillmore,
2194 1049 10 12 M.
2230 1024 79 50 d.;

317 1085 377 54 illustrations
727 1084 76 69 by
836 1083 248 54 Michael
1122 1082 189 56 Smith
1351 1083 109 53 and
1500 1083 325 54 Katharine
1860 1084 240 53 Burton.
2173 1083 140 55 New

317 1162 871 69 York, Liveright, inc. [ᶜ193 2]
384 1232 1096 52 xvii, 196 p. incl. illus., double pl. 20½ᶜᵐ.
384 1292 347 48 Bibliography
749 1302 9 29 :
790 1302 42 37 p.
864 1290 217 42 193-196.

320 1347 52 52 ©
401 1350 127 49 Sept.
556 1350 69 46 26,
652 1348 112 42 1932;
820 1350 66 39 2c.
916 1349 101 41 Oct.
1044 1348 55 40 10;
1156 1348 81 42 aff.
1267 1348 101 42 Oct.
1395 1349 27 39 6;
1478 1350 39 38 A
1544 1349 142 41 56287;
1744 1351 53 40 E.
1823 1351 72 39 W.
1925 1349 244 48 Gillmore,
2197 1350 117 40 New

389 1407 142 40 York.
603 1405 279 49 (32-29875)

317 1481 316 66 Hendrick,
662 1483 229 52 Burton
919 1482 188 65 Jesse,
1138 1482 171 55 1870-

387 1557 1867 70 The life of Andrew Carnegie, by Burton J. Hendrick …
317 1636 232 57 Garden
582 1637 152 68 City,
765 1636 69 54 N.
868 1636 89 69 Y.,
987 1636 356 69 Doubleday,
1373 1637 198 52 Doran
1602 1639 47 51 &
1677 1654 297 52 company,
2005 1638 125 68 inc.,
2165 1639 150 52 1932.

388 1712 28 39 2
444 1723 43 29 v.
546 1711 190 46 fronts.,
767 1711 170 48 plates,
967 1712 163 46 ports.,
1160 1709 188 41 facsim.
1408 1709 147 41 24½ᶜᵐ.

390 1769 93 40 “Of
510 1768 99 41 this
636 1768 107 39 first
771 1767 184 41 edition
983 1768 136 39 these
1145 1766 87 41 300
1260 1766 161 49 copies
1446 1778 85 29 are
1558 1766 193 50 printed
1779 1778 59 30 on
1868 1778 87 38 rag
1982 1767 191 50 paper.”

390 1824 375 48 Bibliography:
797 1824 90 39 vol.
959 1855 9 16 II,
997 1834 41 38 p.
1066 1822 217 42 389-400.

323 1879 51 51 ©
412 1881 99 42 Oct.
549 1880 68 47 19,
652 1881 140 47 1932;
829 1880 68 41 2c.
932 1881 117 39 each
1085 1882 93 38 and
1217 1881 79 39 aff.
1337 1880 101 40 Oct.
1475 1881 80 47 20;
1595 1881 39 39 A
1670 1882 170 43 56676;
1880 1883 51 38 B.
1971 1883 42 39 J.
2052 1882 260 44 Hendrick,

388 1939 116 39 New
532 1939 143 39 York.
746 1937 280 48 (32-29884)

317 2011 197 66 Jones,
548 2013 282 53 Franklin
862 2013 148 64 Day,
1045 2013 169 55 1879-

389 2091 150 51 How
569 2095 59 48 to
657 2089 192 54 sketch
880 2089 373 53 mechanisms;
1316 2109 31 33 a
1376 2090 202 66 simple
1609 2089 168 68 rapid
1807 2091 230 53 method
2067 2091 65 54 of

319 2089 1974 145 making
447 2173 148 61 neat,
626 2167 565 66 well-proportioned
1223 2166 252 54 sketches
1506 2167 64 53 of
1601 2166 258 55 machine

1890 2172 176 64 parts,
318 2168 1973 143 mechanisms,
548 2245 113 53 and
697 2243 340 67 inventions,
1073 2244 167 67 using
1276 2245 114 66 pad

1427 2246 112 52 and
1576 2245 186 67 pencil
1798 2244 152 69 only,
1985 2246 76 68 by
319 2245 1974 130 Franklin
437 2323 70 51 D.
544 2322 190 54 Jones.
809 2321 139 52 New
985 2321 179 67 York,

1199 2321 903 69 The Industrial press [ᶜ193 2]
390 2393 719 51 1 p. l. , 94 p. illus. 22½ ᶜᵐ .
326 2449 51 51 ©
408 2454 102 40 Oct.
539 2453 39 47 5,
609 2452 112 41 1932;
780 2453 66 39 2c.
880 2452 126 48 Sept.
1035 2452 58 40 30;
1150 2452 82 41 aff.
1264 2452 101 40 Oct.
1397 2454 24 38 7;
1482 2454 41 38 A
1551 2453 143 41 56278;
1759 2454 267 40 Industrial
2056 2463 149 40 press.

402 2509 278 49 (32-29849)

322 2584 214 64 Lodge,
567 2584 205 64 Henry
804 2584 202 65 Cabot,
1039 2588 171 50 1902-

392 2661 120 53 The
548 2662 117 52 cult
701 2660 65 54 of
801 2660 302 67 weakness,
1138 2661 74 66 by
1248 2660 204 69 Henry
1490 2660 181 56 Cabot
1707 2662 212 68 Lodge,
1954 2662 73 68 jr.
2101 2664 216 51 Boston

322 2739 113 53 and
462 2738 136 53 New
626 2738 179 66 York,
830 2737 318 68 Houghton
1174 2737 203 53 Mifflin
1403 2755 296 52 company,
1728 2740 149 52 1932.

392 2809 743 50 ix p., 2 l., [3]-172 p. 19½ ᶜᵐ .
394 2866 238 41 Informal
678 2876 166 38 essays
890 2867 259 48 analyzing
1193 2868 81 40 the
1318 2878 145 37 peace
1508 2869 130 40 issue
1681 2880 55 30 as
1781 2881 27 29 a
1854 2873 238 45 symptom
2137 2871 53 40 of
2234 2872 82 40 the

324 2921 256 43 American
610 2923 213 41 attitude
853 2925 187 39 toward
1072 2925 139 39 other
1239 2927 138 45 great
1409 2925 161 47 public
1599 2926 262 48 questions,
1924 2928 62 48 cf.
2017 2927 132 43 Pref.

329 2979 51 51 ©
420 2983 125 47 Sept.
583 2981 24 40 28,
689 2981 140 48 1932;
868 2983 67 39 2c.
974 2982 100 40 Oct.
1112 2984 26 39 3;
1205 2983 81 40 aff.
1325 2983 101 40 Oct.
1465 2984 52 47 1;
1557 2985 39 38 A
1634 2984 170 49 55361;
1844 2986 61 40 H.
1944 2986 48 41 C.
2030 2985 172 49 Lodge,
2240 2985 74 50 jr.,

396 3039 217 48 Beverly,
643 3040 145 39 Mass.
861 3037 279 49 (32-29859)

325 3113 335 54 Louisiana.
734 3114 277 67 Supreme
1044 3121 174 48 court.

395 3190 308 53 Louisiana
745 3196 236 63 reports,
1057 3209 50 35 v.
1153 3190 112 54 174.
1344 3193 168 54 Cases
1553 3194 213 66 argued
1809 3195 112 52 and
1962 3194 351 54 determined

326 3268 58 52 in
416 3269 95 51 the
546 3269 272 67 Supreme
851 3275 160 46 court
1044 3270 62 51 of
1139 3270 308 53 Louisiana
1480 3272 204 68 sitting
1718 3277 59 47 at
1808 3275 138 51 New
1980 3274 240 54 Orleans
2255 3280 59 47 at

326 3344 1986 73 term beginning first Monday of October, 1931 … Edited
328 3423 180 52 under
541 3425 95 51 the
671 3423 277 54 direction
983 3424 64 52 of
1082 3427 94 51 the
1211 3432 177 49 court.
1465 3428 81 54 St.
1585 3430 165 66 Paul,
1785 3431 158 54 West
1979 3429 335 70 publishing

327 3520 96 48 co.,
455 3505 149 49 1932.

396 3574 168 48 xxviii,
598 3576 112 38 1224
742 3576 160 41 numb.
932 3578 87 40 col.
1078 3577 56 41 22½
1167 3580 43 21 ᶜᵐ
1217 3611 7 7 .

331 3627 51 51 ©
410 3631 101 41 Oct.
537 3633 70 46 24,
634 3632 139 47 1932;
802 3633 66 40 2c.
896 3634 94 39 and
1018 3633 81 40 aff.
1127 3635 117 40 Nov.
1273 3635 80 47 14;
1384 3636 39 38 A
1450 3636 169 47 57060;
1650 3637 133 40 West
1810 3637 109 47 pub.
1947 3647 65 30 co.

325 3702 181 65 Lyon,
543 3705 241 65 Gaston,
820 3710 172 51 1864-

457 3782 1857 73 … Précis de clinique sémiologique (diagnostics, pronostics
326 3858 1643 71 et traitements) 2. éd. Paris, Masson et c ⁱᵉ , 1932.
397 3930 882 50 3 p. l., [3]-868 p. diagrs. 19½ ᶜᵐ .
333 3982 1810 59 © Mar. 12, 1932; 1c. Sept. 26; A— Foreign 18118; Masson & cie.
408 4040 278 53 (32-30867)
