2563 4368
1132 4063 132 50 1141

209 451 156 68 [Cox,
395 449 288 65 Anthony
709 449 306 67 Berkeley]
1050 453 172 50 1893-

334 520 1857 73 … Murder in the basement; a case for Roger Sheringham
266 598 1926 74 … Garden City, N. Y., Pub. for the Crime club, inc., by
202 678 1324 70 Doubleday, Doran & company, inc. [ ᶜ1 932]
274 766 28 41 5
326 778 44 37 p.
432 797 8 16 l.,
468 764 89 42 308
579 775 45 39 p.
682 763 117 42 20ᶜᵐ.

274 821 230 42 Author’s
527 822 180 47 pseud.,
731 820 227 47 Anthony
985 819 250 48 Berkeley,
1262 820 52 40 at
1340 820 125 41 head
1491 819 55 40 of
1568 818 124 42 title.

274 879 161 41 “First
465 876 227 43 edition.”

209 947 1983 52 © Aug. 3, 1932; 2c. and aff. Aug. 8; A 53553; Doubleday, Doran & co.,
276 1007 89 40 inc.
436 1006 279 48 (32-20040)

204 1109 367 67 Culbertson,
601 1108 128 66 Ely,
760 1112 172 52 1891-

275 1187 246 52 Famous
557 1186 182 53 hands
776 1185 64 52 of
875 1186 97 51 the
1009 1183 517 55 Culbertson-Lenz
1563 1185 208 67 match,
1808 1184 276 69 analyzed
2119 1184 76 70 by

206 1265 114 68 Ely
353 1264 355 67 Culbertson,
741 1263 310 68 Josephine
1087 1262 357 68 Culbertson,
1478 1263 297 53 Theodore
1807 1262 71 54 A.
1913 1261 283 70 Lightner

211 1344 148 67 [and]
398 1343 332 54 Waldemar
761 1360 112 35 von
906 1342 303 67 Zedtwitz;
1248 1341 299 70 including
1582 1341 320 54 additional
1939 1342 256 68 analyses

205 1421 76 68 by
319 1420 233 56 Oswald
589 1420 221 69 Jacoby
871 1421 130 66 [and]
1045 1420 184 54 Lieut.
1269 1418 215 55 Alfred
1519 1420 80 53 M.
1640 1419 339 56 Gruenther.
2056 1421 138 54 New

204 1499 179 69 York,
413 1501 123 52 The
564 1499 218 69 Bridge
811 1499 200 67 world,
1043 1500 151 52 1932.

273 1588 88 40 438
388 1598 43 38 p.
490 1586 177 49 diagrs.
727 1587 147 41 23½ᶜᵐ.

277 1644 161 41 “First
468 1643 405 49 printing—May,
907 1642 156 42 1932.”

210 1710 51 53 ©
291 1716 114 47 May
432 1715 68 46 27,
530 1714 140 47 1932;
700 1713 67 41 2c.
798 1714 116 47 July
941 1712 83 48 29;
1055 1712 83 41 aff.
1166 1713 117 48 July
1311 1712 82 48 30;
1425 1713 41 39 A
1494 1713 170 48 53419;
1697 1713 180 49 Bridge
1906 1714 166 48 world,
2102 1714 91 41 inc.

286 1770 279 50 (32-20030)

202 1874 199 65 Davis,
432 1876 140 52 Mrs.
606 1872 219 55 Estelle
855 1872 283 65 Headley.

277 1948 1919 70 The spoken word in life and art, by Estelle H. Davis … and
207 2028 1987 69 Edward W. Mammen … New York, Prentice-Hall, inc., 1932.
343 2149 8 16 xv,
382 2116 84 41 512
496 2129 42 37 p.
596 2116 143 49 illus.,
769 2116 181 49 diagrs.
1007 2116 117 40 21ᶜᵐ.

276 2173 348 49 Bibliography
650 2176 51 38 at
727 2176 91 38 end
843 2174 54 40 of
922 2183 129 30 some
1076 2173 54 41 of
1154 2174 84 40 the
1263 2175 241 47 chapters.

209 2239 1986 53 © July 25, 1932; 2c. Aug. 2; aff. Aug. 3; A 53446; Prentice-Hall, inc.
285 2300 280 49 (32-20016)

203 2402 200 67 Davis,
434 2404 222 54 Robert
684 2403 249 65 Hobart,
964 2408 172 51 1869-

271 2480 141 53 Man
441 2480 190 54 makes
663 2481 88 53 his
785 2498 126 34 own
940 2480 187 67 mask;
1162 2485 121 48 text
1314 2482 113 52 and
1459 2479 274 70 portraits
1764 2481 77 69 by
1871 2479 215 57 Robert
2114 2481 78 53 H.

202 2558 197 68 Davis,
430 2558 285 53 foreword
743 2557 76 68 by
850 2555 306 69 Benjamin
1185 2558 67 53 de
1284 2557 276 55 Casseres.
1625 2560 139 52 New
1794 2558 179 70 York,
202 2559 1969 145 Huntington
434 2655 174 49 press,
638 2639 150 49 1932.

273 2707 1256 51 9 p. l., [2]-236 numb. l., 3 l. incl. ports. 32½ᶜᵐ.
275 2767 201 39 Printed
502 2777 61 28 on
588 2776 90 29 one
702 2765 102 40 side
831 2765 52 40 of
907 2765 102 40 leaf
1033 2776 61 28 on
1120 2765 217 48 opposite
1363 2775 161 39 pages.

277 2823 146 40 “This
452 2821 184 41 edition
665 2821 207 40 consists
901 2821 52 40 of
981 2821 85 40 160
1094 2821 160 47 copies
1281 2823 53 39 of
1363 2821 159 40 which
1550 2821 100 42 this
1678 2821 44 40 is
1748 2823 202 40 number
1978 2821 129 43 160.”

276 2880 162 39 “First
469 2877 224 42 edition.”

211 2947 1983 51 © Apr. 29, 1932; 2c. July 23; aff. July 22; A 53229; B. H. Davis, New
275 3007 143 39 York.
489 3004 278 49 (32-19961)

204 3107 290 66 Dekobra,
524 3107 279 66 Maurice,
839 3112 170 50 1885-

274 3185 1922 67 The cloven-footed angel, by Maurice Dekobra … translated
207 3263 153 53 from
389 3262 353 68 L’archange
773 3281 112 34 aux
919 3262 162 68 pieds
1115 3262 271 54 fourchus
1419 3262 76 68 by
1531 3262 229 56 Samuel
1795 3263 190 56 Sloan.
2058 3264 139 53 New

207 3339 1176 68 York, The Macaulay company [ ᶜ1 932]
274 3413 85 40 251
386 3423 43 38 p.
482 3412 146 42 19½ᶜᵐ.

213 3479 1871 53 © July 25, 1 932 ; 2c. July 30; aff. July 29; A 53362; Macaulay co.
290 3539 278 49 (32-19820)

207 3637 1960 133 Dictionnaire apologétique de la foi catholique … 4e éd. entièrement
605 3718 1585 55 refondue sous la direction de A. d’Alès … fasc.
275 3797 84 49 24.
398 3795 662 69 Templiers-Zoroastre.
1136 3798 185 68 Paris,
1355 3798 69 54 G.
1459 3799 376 67 Beauchesne,
1872 3801 148 50 1931.

282 3868 280 48 cover-title,
592 3869 260 41 1601-1984
880 3871 161 40 numb.
1071 3871 112 39 cols.
1241 3869 146 41 29½ᶜᵐ.

215 3934 1962 101 © Jan. 9, 1929; 1c. Aug. 15, 1932; A—Foreign 17738; Gabriel Beauchesne.
