2563 4368
1157 4039 99 54 847

213 442 274 64 Thomas,
515 439 217 64 Joseph
762 437 233 64 Morris,
1026 438 169 54 1876-

284 512 1847 74 Composition for college students, by Joseph M. Thomas …
214 589 1976 60 Frederick A. Manchester … Franklin W. Scott … 3d ed.
212 675 137 51 New
385 673 176 64 York,
600 673 119 51 The
753 669 331 54 Macmillan
1120 686 294 49 company,
1455 672 148 49 1932.

283 744 84 40 xix
395 755 56 37 p.,
479 744 24 39 1
552 774 22 16 l.,
602 744 83 39 751
715 753 42 37 p.
818 752 60 38 pl.
937 741 57 40 20½ᶜᵐ.

220 798 50 51 ©
301 803 78 37 May
440 800 69 42 24,
539 799 112 41 1932;
710 799 66 40 2c.
806 800 94 38 and
930 797 81 41 aff.
1042 799 112 46 May
1183 797 56 39 25;
1298 796 40 39 A
1368 794 145 42 51489;
1572 794 280 41 Macmillan
1881 806 65 29 co.

296 857 277 48 (32-14636)

212 946 238 64 Tiaden,
476 943 299 65 Heinrich,
803 944 170 54 1873-

280 1023 109 54 Die
428 1022 365 54 handschrift
834 1023 95 51 des
970 1019 365 68 Kon-fu-tse;
1383 1020 500 52 abenteuerroman
1926 1037 100 34 aus
2067 1020 128 51 dem

213 1100 265 68 heutigen
522 1100 201 67 China,
766 1118 110 34 von
919 1098 280 54 Heinrich
1242 1098 235 52 Tiaden.
1552 1096 363 68 Reutlingen,
1961 1095 233 54 Ensslin

210 1178 525 66 & Laiblin [ ᶜ1 932]
281 1251 86 39 352
397 1261 31 37 p
499 1250 56 40 20
558 1252 43 21 ᶜᵐ

219 1304 51 51 ©
308 1308 110 39 Feb.
455 1308 69 46 15,
560 1307 139 46 1932;
769 1318 36 29 1c.
843 1307 113 47 Apr.
994 1306 81 45 13;
1116 1304 307 47 A—Foreign
1463 1303 168 48 16430;
1674 1304 197 40 Ensslin
1909 1303 36 40 &
1983 1302 216 42 Laiblins

317 1362 899 49 v erlagsbuchhandlung. (32-14647)
211 1450 1339 69 Tolstoǐ, Aleks i͡eǐ Nīkolaevīch, graf, 1882-
344 1527 1851 70 … Peter the Great; translated from the Russian by H.
213 1605 1857 70 Chrouschoff Matheson. New York, Covici, Friede [ᶜ1 932]
284 1680 269 49 387 p. 22½ ᶜᵐ.
285 1739 64 39 At
374 1739 124 40 head
523 1738 53 40 of
602 1737 108 40 title:
768 1738 157 40 Count
950 1737 168 40 Alexei
1145 1737 198 39 Tolstoi.

219 1791 51 51 ©
303 1796 111 45 May
442 1795 68 47 24,
542 1793 140 47 1932;
714 1794 67 40 2c.
813 1794 128 39 June
967 1795 53 45 4;
1054 1793 81 41 aff.
1167 1794 125 39 June
1322 1794 52 46 8;
1408 1794 40 38 A
1479 1793 169 47 52362;
1684 1793 176 48 Covici,
1893 1794 186 46 Friede,
2111 1794 87 39 inc.

295 1851 278 49 (32-36743)

212 1940 370 66 Traphagen,
609 1940 194 65 Ethel,
833 1945 172 51 1884-

283 2016 1855 71 Costume design and illustration [by] Ethel Traphagen …
210 2095 73 53 2d
316 2095 82 53 ed.
469 2094 138 53 New
642 2094 179 67 York,
855 2094 55 54 J.
946 2094 190 69 Wiley
1171 2096 45 50 &
1249 2111 146 49 sons,
1430 2094 136 67 inc.;
1605 2094 258 68 London,
1900 2093 301 70 Chapman

210 2175 46 49 &
281 2172 159 66 Hall,
466 2172 241 66 limited,
736 2174 149 50 1932.

281 2242 1921 51 7 p. l. , 248 p. incl. illus. (part col.) col. pl. front. 28½ᶜᵐ. (Half-
215 2299 127 41 title:
373 2300 100 40 The
506 2300 156 47 Wiley
695 2299 240 41 technical
966 2300 149 40 series
1150 2300 80 39 for
1261 2300 275 40 vocational
1570 2302 97 38 and
1699 2300 265 40 industrial
1999 2302 203 47 schools,

210 2357 70 39 ed.
308 2355 61 47 by
395 2355 43 41 J.
466 2356 63 40 M.
556 2354 252 50 Jameson)
935 2354 131 50 $5.00

282 2412 67 38 “A
390 2412 202 47 reading
633 2414 96 38 and
771 2412 245 40 reference
1060 2412 84 40 list
1186 2422 62 30 on
1290 2413 228 40 costume.
1591 2412 259 48 Brooklyn,
1895 2413 118 39 New
2056 2413 142 49 York,

213 2467 260 41 Published
511 2468 62 46 by
610 2469 82 39 the
732 2467 244 48 Brooklyn
1015 2468 160 47 public
1217 2467 198 48 library.
1483 2467 135 41 First
1657 2468 220 48 printing
1915 2468 128 42 1909.
212 2469 1972 95 Revised

381 2524 142 41 1932”
570 2525 65 47 (p.
677 2523 257 51 [165]-223)
980 2526 95 38 and
1113 2524 317 41 “Decorative
1467 2526 79 39 art
1582 2525 52 39 of
1670 2526 82 40 the
1791 2525 201 40 Indians
2030 2525 52 40 of
2119 2526 82 40 the

215 2579 1985 50 Southwest, a list of publications … compiled by Kenneth M. Chapman.
214 2635 206 41 General
462 2637 162 46 series,
666 2636 205 41 bulletin
912 2647 74 30 no.
1031 2636 39 41 1.
1142 2637 100 40 The
1286 2636 303 48 Laboratory
1632 2638 52 38 of
1727 2637 363 48 anthropology,
213 2637 1973 103 incorporated,

539 2692 150 41 Santa
717 2693 80 47 Fé,
823 2692 118 41 New
967 2692 201 46 Mexico,
1197 2692 112 41 1931
1349 2693 65 47 (p.
1461 2693 244 49 [225]-229)
1742 2694 123 39 have
1896 2693 179 48 special
2102 2695 97 46 t.-p.

288 2750 210 41 “Artists
541 2751 160 39 whose
744 2751 134 39 work
919 2751 89 39 has
1050 2751 203 48 bearing
1294 2761 60 29 on
1397 2751 166 48 period
1605 2751 185 41 fabrics
1835 2763 53 28 or
1933 2751 239 40 costume”:

214 2817 42 37 p.
293 2807 246 49 [231]-235.

287 2863 345 47 Bibliography:
692 2875 42 36 p.
784 2863 232 49 [159]-163.

221 2914 51 51 ©
297 2920 112 47 May
431 2920 68 46 16,
523 2919 112 41 1932;
688 2920 67 40 2c.
779 2921 96 38 and
899 2919 80 41 aff.
1005 2922 113 45 May
1143 2920 55 40 18;
1251 2920 39 38 A
1315 2920 141 40 51381;
1513 2922 52 40 E.
1590 2921 301 48 Traphagen,
1917 2922 117 38 New
2057 2921 142 39 York.

297 2975 277 48 (32-14766)

215 3063 243 67 Turner,
488 3065 155 54 Clair
673 3066 283 66 Elsmere,
986 3072 171 50 1890-

284 3140 1855 71 Principles of health education, by Clair Elsmere Turner …
216 3216 228 69 Boston,
467 3217 137 55 New
630 3218 160 53 York
835 3224 118 63 [etc.]
983 3219 69 53 D.
1081 3219 61 55 C.
1166 3220 193 53 Heath
1386 3221 111 52 and
1523 3237 293 50 company,
1843 3222 148 48 1932.

284 3287 573 51 xi, 317 p. diagrs. 20 ᶜᵐ.
286 3343 230 43 “Sources
543 3345 52 41 of
622 3346 193 48 printed
841 3346 254 41 material”:
1153 3358 42 37 p.
1226 3347 203 42 239-250;
1487 3348 320 40 “References
1834 3358 59 30 on
1923 3348 81 41 the
2033 3346 167 42 health

217 3398 50 40 of
294 3401 247 41 teachers”:
600 3413 43 37 p.
674 3403 99 40 287.

225 3454 50 51 ©
304 3461 110 46 May
440 3460 67 47 20,
535 3460 112 41 1932;
703 3462 66 38 2c.
799 3463 79 37 May
937 3463 54 39 31;
1049 3462 82 39 aff.
1159 3464 78 37 May
1298 3462 55 40 28;
1410 3463 40 38 A
1478 3461 142 41 52223;
1679 3462 49 40 C.
1757 3463 51 39 E.
1836 3462 201 40 Turner,
291 3461 1893 102 Cambridge,

496 3518 145 39 Mass.
711 3517 278 48 (32-14699)

272 3605 97 64 Veit,
400 3607 251 66 Johann,
684 3610 171 51 1852-
1064 3610 85 55 ed.

348 3684 1848 70 … Handbuch der gynäkologie. 3., völlig neubearb. und
220 3757 1977 75 erweiterte aufl. … bearb. von W. Berblinger … [u. a. m.] hrsg.
219 3838 1954 129 von dr. W. Stoeckel … 7. bd. Die erkrankungen der eierstöcke
445 3917 116 51 und
602 3917 483 54 nebeneierstöcke
1125 3921 118 51 und
1285 3920 90 54 die
1415 3921 370 68 geschwülste
1823 3922 101 51 der
1964 3919 232 54 eileiter.
