2563 4368
1321 4080 99 49 622

349 460 312 63 Flannery,
691 457 198 56 Maud.

415 535 142 52 Late
589 533 379 69 bridegroom,
999 532 75 69 by
1106 530 180 53 Maud
1320 529 302 69 Flannery.
1693 526 256 69 London,
1981 525 363 55 Hutchinson

346 614 45 50 &
422 629 98 50 co.,
546 610 103 56 ltd.
707 613 134 50 [1932]

417 681 534 51 2 p. l., 9-288 p. 19½ ᶜᵐ.
356 740 52 50 ©
506 773 8 8 1c.
555 743 122 40 Mar.
717 742 69 47 14,
825 741 139 46 1932;
1006 742 40 37 A
1085 742 63 37 ad
1188 740 86 39 int.
1314 738 170 47 16328;
1527 737 141 48 pubd.
1710 737 109 40 Jan.
1859 737 83 46 15;
1986 737 63 42 M.
2089 735 256 47 Flannery,

422 800 212 39 London.
704 796 280 50 (32-11795)

358 899 262 67 Fosdick,
648 902 202 63 Harry
878 901 306 63 Emerson,
1217 900 171 56 1878-

420 978 83 53 As
539 978 31 51 I
606 995 86 36 see
727 976 260 69 religion,
1022 976 74 69 by
1132 975 197 68 Harry
1365 974 275 53 Emerson
1676 972 260 55 Fosdick.
2010 971 136 55 New
2186 971 162 54 York

354 1055 110 55 and
493 1054 257 68 London,
777 1054 231 69 Harper
1036 1054 45 51 &
1109 1052 276 68 brothers,
1414 1055 150 50 1932.

453 1125 324 50 v, 201 p. 20 ᶜᵐ.
421 1183 165 42 “First
617 1181 227 43 edition.”

422 1239 296 41 “Reference
750 1237 167 42 notes”:
981 1248 43 39 p.
1056 1236 217 43 190-198.

360 1297 55 52 ©
447 1300 112 49 Apr.
595 1299 70 47 23,
701 1297 113 42 1932;
880 1298 66 41 2c.
983 1298 95 40 and
1115 1296 82 41 aff.
1234 1297 114 47 Apr.
1381 1295 59 41 28;
1502 1296 42 39 A
1577 1295 143 41 49732;
1787 1296 61 39 H.
1886 1296 52 40 E.
1977 1293 219 49 Fosdick,
2234 1294 117 40 New

427 1358 144 40 York.
641 1355 281 49 (32-26506)

357 1458 214 68 Fuller,
597 1459 155 56 John
782 1456 315 56 Frederick
1127 1456 262 67 Charles,
1419 1458 171 55 1878-

427 1539 121 52 The
585 1536 267 70 dragon’s
889 1538 180 66 teeth;
1112 1556 30 33 a
1180 1536 172 68 study
1390 1535 64 53 of
1489 1554 119 35 war
1645 1536 113 53 and
1797 1553 185 51 peace,
2017 1536 76 68 by
2129 1534 215 69 Major-

357 1614 1989 67 General J. F. C. Fuller … London, Constable & co., ltd.,
358 1698 150 50 1932.

428 1766 487 50 xi, 337 p., 1 l. 21 ᶜᵐ.
365 1821 1989 52 © 1c. Apr. 5, 1932; A ad int. 16233; pubd. Feb. 8; J. F. C. Fuller,
433 1881 347 48 Farnborough
815 1881 142 47 Park,
991 1880 175 47 Hants,
1202 1879 235 48 England.
1507 1878 280 50 (32-12012)

363 1985 238 65 Gambs,
630 1984 154 55 John
813 1983 171 65 Saké,
1016 1988 171 50 1899-

430 2062 121 52 The
578 2060 214 53 decline
817 2059 63 54 of
905 2060 95 51 the
1028 2060 47 52 I.
1104 2059 88 54 W.
1220 2058 108 70 W.,
1353 2059 75 70 by
1455 2059 157 54 John
1639 2059 55 55 S.
1727 2058 228 69 Gambs,
2067 2102 12 11 PH.
2146 2102 10 11 D.
2219 2059 136 54 New

362 2140 180 68 York,
576 2139 299 55 Columbia
909 2139 319 68 university
1262 2157 185 51 press;
1481 2140 260 69 London,
1773 2140 67 53 P.
1876 2138 57 57 S.
1969 2140 163 69 King
2163 2142 47 51 &
2241 2156 120 51 son,

359 2219 121 66 ltd.,
513 2222 152 49 1932.

432 2289 1926 50 268 p. diagr. 23 ᶜᵐ. (Half-title: Studies in history, economics and
362 2347 160 49 public
545 2348 109 47 law,
678 2347 71 40 ed.
774 2347 61 48 by
859 2347 80 40 the
963 2347 205 48 Faculty
1193 2347 52 40 of
1268 2345 217 49 political
1512 2346 185 41 science
1721 2345 54 43 of
1797 2345 250 42 Columbia
2073 2345 286 49 university,

361 2414 73 30 no.
455 2403 111 49 361)

433 2460 99 39 The
557 2459 189 48 history
770 2459 51 40 of
845 2460 82 39 the
951 2460 39 39 I.
1013 2460 72 40 W.
1111 2460 70 40 W.
1207 2459 127 40 from
1359 2458 115 41 1917
1498 2462 49 38 to
1569 2458 128 49 1931,
1722 2458 389 50 supplementing
2134 2460 95 40 and
365 2468 1978 96 continuing

588 2517 81 40 the
702 2516 189 47 history
924 2515 196 40 written
1153 2516 60 48 by
1247 2516 51 41 P.
1332 2515 51 41 F.
1418 2515 295 41 Brissenden
1747 2516 95 40 and
1875 2515 256 49 published
2163 2515 51 40 in
2246 2514 116 42 1919

364 2572 152 40 under
543 2572 122 48 title,
694 2572 128 39 “The
849 2573 38 40 I.
913 2572 72 41 W.
1010 2572 87 47 W.,
1125 2582 27 29 a
1181 2573 144 47 study
1352 2571 54 42 of
1429 2571 257 41 American
1712 2570 343 50 syndicalism”.
2126 2571 62 49 cf.
2215 2570 144 47 Pref.,

361 2639 43 38 p.
426 2629 40 40 5.

434 2683 172 40 Issued
631 2682 104 40 also
759 2692 55 30 as
840 2681 152 41 thesis
1028 2681 108 49 (PH.
1185 2681 34 48 D.)
1255 2681 252 42 Columbia
1535 2681 284 49 university.

435 2741 348 48 Bibliography:
844 2751 42 38 p.
908 2741 218 40 241-261.

373 2794 1971 109 © Mar. 10, 1932; 2c. Apr. 21; aff. Apr. 22; A 50846; Columbia university
566 2865 148 37 press.
786 2854 257 48 (32-26348)

371 2955 306 66 Gardiner,
711 2957 236 54 Samuel
981 2957 271 63 Rawson,
1290 2961 323 50 1829-1902.

500 3030 1861 73 … England, by Samuel R. Gardiner … edited by Augustus
369 3108 1993 71 Hunt Shearer … [Memorial ed.] New York, P. F. Collier
369 3189 699 66 & son company [ ᶜ1 932]
442 3259 1919 51 xiii, 710 p. front., illus. (maps) plates (1 col.) ports. 23 ᶜᵐ. (The
370 3315 1624 50 history of nations, H. C. Lodge … editor-in-chief. vol. XI)
442 3372 329 47 Frontispiece
815 3373 95 39 and
951 3372 189 41 colored
1182 3373 130 47 plate
1356 3373 340 48 accompanied
1738 3373 62 48 by
1842 3375 154 46 guard
2040 3375 163 40 sheets
2244 3373 119 40 with

371 3428 291 47 descriptive
691 3428 294 48 letterpress.

442 3483 347 49 Bibliography:
846 3493 43 39 p.
923 3483 246 52 [703]-710.

380 3538 52 51 ©
456 3542 112 47 Apr.
596 3544 39 45 1,
660 3542 113 40 1932;
827 3542 67 41 2c.
921 3544 111 45 May
1056 3543 26 39 3;
1139 3542 81 42 aff.
1247 3544 114 47 Apr.
1386 3543 57 40 30;
1496 3544 40 38 A
1562 3542 144 42 49817;
1763 3545 49 39 P.
1841 3544 50 40 F.
1920 3543 178 42 Collier
2124 3545 36 39 &
2185 3553 85 31 son
2297 3553 67 31 co.

467 3594 52 51 [©
550 3608 103 31 new
683 3599 226 39 material
940 3600 94 38 and
1067 3599 250 50 revisions]
1389 3600 279 50 (32-12652)

378 3701 244 64 Garner,
656 3703 202 52 James
893 3700 269 67 Wilford,
1203 3704 169 52 1871-

506 3775 1855 71 … The United States … by James Wilford Garner … and
376 3851 1986 74 Henry Cabot Lodge … with a historical review by John Bach
377 3929 1986 72 McMaster … [Memorial ed.] New York, P. F. Collier &
376 4010 632 65 son company [ ᶜ1 932]
