2563 4368
1099 4076 131 49 1421

167 455 156 66 Rice,
351 456 304 53 Thurman
684 455 244 64 Brooks,
961 459 171 50 1888-

235 525 1923 76 Applied bacteriology, by Thurman B. Rice … New York,
167 609 994 68 The Macmillan company, 1932.
236 677 1075 53 ix, 276 p. illus. (2 col.) diagrs. 22½ ᶜᵐ .
236 739 102 40 The
365 738 189 47 subject
579 738 43 39 is
647 739 190 38 treated
865 737 125 39 from
1019 746 27 29 a
1074 734 193 47 strictly
1295 733 204 47 nursing
1525 733 284 47 standpoint.
1882 734 61 46 cf.
1973 732 129 40 Pref.

172 791 1792 53 © Sept. 20, 1932; 2c. and aff. Sept. 21; A 54969; Macmillan co.
249 851 278 49 (32-24659)

169 954 261 66 Roberti,
461 955 271 64 Jacques.

305 1025 1691 72 … Without sin, translated from the French by Samuel
175 1027 1965 148 Putnam. New York, Covici, Friede [ ᶜ193 2]
238 1181 473 51 4 p l., 339 p. 20½ᶜᵐ
176 1235 52 52 ©
264 1239 124 48 Sept.
423 1238 69 47 23,
526 1237 140 47 1932;
701 1236 66 42 2c.
805 1237 127 48 Sept.
965 1236 82 48 26;
1085 1236 80 40 aff.
1203 1236 125 48 Sept.
1363 1237 83 46 27;
1483 1237 40 38 A
1557 1235 169 47 55276;
1765 1234 176 48 Covici,
1977 1232 185 49 Friede,

241 1295 88 40 inc.
401 1294 278 49 (32-24667)

170 1394 315 68 Robinson,
516 1396 205 54 Edwin
750 1395 335 66 Arlington,
1117 1399 169 50 1869-

240 1473 355 67 Nicodemus,
623 1493 31 33 a
681 1472 145 53 book
854 1472 63 53 of
945 1490 206 51 poems,
1176 1472 75 69 by
1281 1470 211 54 Edwin
1517 1469 313 70 Arlington
1858 1468 304 55 Robinson.

173 1549 1366 68 New York, The Macmillan company, 1932.
239 1620 546 50 ix, 90 p., 1 l. 24½ ᶜᵐ .
171 1678 1975 106 “Of this edition … two hundred and fifty-three copies have been prepared,
363 1735 119 40 each
514 1734 168 48 signed
712 1735 62 48 by
803 1735 83 40 the
914 1734 221 41 author.”

177 1791 52 52 ©
261 1795 126 48 Sept.
420 1795 69 46 20,
520 1794 112 41 1932;
693 1794 67 40 2c.
792 1796 94 38 and
918 1793 82 40 aff.
1034 1793 127 48 Sept.
1193 1794 54 38 21;
1309 1794 41 38 A
1381 1793 142 41 54961;
1587 1795 51 38 E.
1672 1794 54 40 A.
1759 1793 259 48 Robinson,
2050 1794 117 39 New

242 1851 143 40 York.
456 1850 280 48 (32-24563)

172 1954 245 64 Rogers,
443 1955 200 63 Harry
672 1954 268 65 Clayton,
971 1954 171 55 1877-

244 2030 277 69 Walking
558 2031 140 52 with
739 2030 158 67 God;
939 2050 31 33 a
1010 2030 147 53 book
1197 2030 64 54 of
1304 2032 157 67 daily
1502 2033 262 65 personal
1806 2032 113 52 and
1961 2030 207 69 family

176 2108 294 53 devotions
505 2109 113 52 and
653 2110 231 51 manual
920 2107 64 54 of
1021 2108 358 68 instruction,
1417 2109 282 67 prepared
1734 2108 304 68 especially
2075 2108 94 53 for

175 2186 274 52 members
484 2185 63 51 of
580 2185 98 52 the
710 2185 406 68 Presbyterian
1151 2185 210 52 church
1399 2187 61 50 in
1493 2186 97 52 the
1625 2186 217 53 United
1881 2185 187 55 States
2106 2185 64 52 of

176 2261 1993 69 America [by] Harry Clayton Rogers … Kansas City, Mo.
181 2339 252 67 [Walker
463 2339 398 68 publications,
893 2340 125 68 inc.,
1054 2343 151 64 1932]

244 2412 559 49 3 p. l. , 9-78 p. 22 ᶜᵐ .
245 2468 349 49 Bibliography:
653 2478 45 39 p.
729 2469 69 41 78.

179 2520 52 52 ©
266 2525 127 48 Sept.
424 2525 40 47 9,
494 2524 113 41 1932;
667 2525 66 39 2c.
766 2526 96 38 and
895 2524 79 40 aff.
1011 2524 128 48 Sept.
1172 2525 53 39 13;
1288 2525 40 38 A
1360 2525 146 40 55066;
1566 2526 60 38 H.
1661 2525 48 41 C.
1743 2526 196 48 Rogers,
1973 2526 196 40 Kansas

245 2580 123 48 City,
403 2582 91 39 Mo.
564 2580 279 48 (32-24554)

175 2682 170 66 Sage,
376 2682 230 65 Michel,
637 2687 324 51 1863-1931.

307 2751 1859 79 … Le spiritisme, problème scientifique. Paris, Éditions
174 2838 148 54 Jean
344 2837 197 67 Meyer
579 2837 93 67 (B.
699 2837 65 52 P.
795 2836 85 68 S.)
918 2841 149 50 1931.

246 2910 1920 52 83, [1] p. 19 ᶜᵐ . (Bibliothèque de philosophie spiritualiste moderne
176 2969 49 38 et
250 2967 83 40 des
361 2966 212 41 sciences
597 2966 312 49 psychiques)

246 3023 65 41 At
336 3024 125 39 head
487 3023 52 39 of
565 3022 109 41 title:
729 3023 62 41 M.
822 3022 136 48 Sage.

246 3079 260 48 Prefatory
531 3081 113 38 note
668 3079 168 48 signed:
889 3078 210 41 Thérèse
1123 3080 59 40 de
1206 3080 243 41 Tourniel.

179 3135 1987 58 © Oct. 10, 1931; 1c. Dec. 14; A— Foreign 14775; Éditions Jean Meyer.
257 3199 279 48 (32-24997)

176 3302 257 66 Scheidt,
463 3303 242 54 Walter.

246 3379 427 68 Kulturkunde,
696 3398 112 33 von
829 3379 153 69 prof.
1008 3381 83 52 dr.
1115 3382 222 54 Walter

1363 3383 248 54 Scheidt.
1686 3383 256 68 Leipzig,
1965 3387 65 50 P.
176 3386 1963 139 Reclam,
367 3457 138 68 jun.,
537 3461 149 51 1931.

250 3531 67 46 76,
347 3531 40 48 [2]
430 3542 41 36 p.
527 3532 143 38 15½ᶜᵐ.
737 3531 417 49 (Rassenbiologie
1181 3535 97 38 und
1307 3535 354 47 kulturpolitik.
1719 3535 38 38 2.
1816 3536 222 40 Reclams

176 3536 1975 90 universal
363 3586 277 40 bibliothek.
700 3597 70 29 nr.
801 3587 137 49 7160)

181 3638 1985 58 © June 15, 1931; 1c. Sept. 14; A— Foreign 13642; Philipp Reclam, jun.
175 3738 412 66 Schenzinger,
618 3741 145 52 Karl
793 3741 201 64 Aloys.

248 3814 205 54 Fired!
539 3817 88 67 By
673 3817 147 52 Karl
866 3818 70 51 A.
987 3817 408 71 Schenzinger;
1445 3823 314 52 translated
1805 3823 76 67 by
1929 3821 58 56 S.
2034 3821 132 68 Guy

181 3892 1709 74 Endore. New York, London, The Century co. [ᶜ193 2]
247 3966 863 50 3 p. l., 3-271 p. 19 ½ᶜᵐ . $2.00
