2563 4368
1271 4061 136 56 1754

344 464 197 63 Nami,
567 463 165 64 Paul,
763 466 171 51 1898-

345 535 1967 150 Life and love, by Paul Nami. Boston, Mass., The Stratford company [ᶜ193 2]
414 701 857 52 2 p. l. , 52 p. front. (port.) 19 ᶜᵐ
349 771 51 52 ©
429 776 117 40 Nov.
576 775 39 47 8,
643 773 140 48 1932;
814 774 67 40 2c.
910 774 117 40 Nov.
1055 772 52 48 9;
1139 772 82 41 aff.
1250 773 117 39 Nov.
1397 772 81 46 15;
1511 772 40 39 A
1580 770 170 48 55959;
1785 771 250 41 Stratford
2065 782 81 36 co.,
2176 771 160 47 pubrs.

425 831 279 49 (32-33258)

345 935 280 53 National
650 934 278 64 advisory
955 933 223 55 council
1205 950 72 36 on
1303 932 167 53 radio
1496 933 56 51 in
1583 932 326 55 education.

477 1009 1857 71 … Proceedings of the 1st assembly of the National advisory
345 1091 220 52 council
597 1110 72 33 on
702 1090 163 52 radio
898 1089 56 53 in
989 1089 318 68 education,
1342 1092 148 48 1931.
1589 1108 50 32 [v.
1678 1093 46 62 1]
1769 1089 186 52 Radio
1990 1090 112 51 and

345 1089 1966 133 education.
560 1168 270 68 Chicago,
860 1170 114 65 Ill.,
1003 1169 121 52 The
1153 1167 336 69 University
1521 1166 63 53 of
1616 1168 251 68 Chicago
1896 1186 156 49 press
2089 1170 171 64 [1931]

415 1256 490 48 viii, 271 p. 23½ ᶜᵐ .
345 1313 172 41 Editor:
574 1312 127 47 1931,
731 1311 236 48 Levering
994 1312 174 47 Tyson.

349 1379 51 52 ©
435 1384 110 40 Dec.
580 1384 38 46 1,
651 1382 112 40 1931;
825 1382 68 40 2c.
926 1383 96 39 and
1056 1381 79 40 aff.
1171 1381 110 40 Dec.
1317 1381 55 38 12;
1434 1381 42 39 A
1505 1381 145 40 45434;
1715 1380 280 48 University
2031 1381 50 39 of
2117 1378 222 49 Chicago,

417 1440 223 48 Chicago.
711 1438 279 49 (31-28589)

345 1543 280 53 National
653 1541 329 55 recreation
1014 1540 376 56 association.

416 1617 252 71 Charges
713 1619 112 52 and
867 1618 118 53 fees
1027 1618 93 53 for
1162 1618 349 69 community
1553 1618 313 53 recreation
1908 1617 271 54 facilities
2222 1618 110 52 and

345 1696 282 54 activities
663 1698 62 51 of
758 1696 195 69 public
986 1697 163 68 park,
1183 1696 314 54 recreation
1533 1698 112 52 and
1679 1697 190 53 school
1902 1701 253 64 systems.

346 1698 1966 145 Report
513 1776 63 52 of
612 1795 31 34 a
678 1776 172 68 study
883 1776 166 53 made
1083 1777 75 67 by
1193 1776 96 52 the
1323 1775 275 55 National
1630 1776 313 54 recreation
1981 1775 353 54 association.

345 1856 139 53 New
513 1854 162 54 York
702 1855 132 67 city,
862 1853 274 54 National
1164 1854 312 54 recreation
1505 1854 355 63 association,
1891 1857 148 50 1932.

414 1938 525 49 4 p. l. , 158 p. 23 ᶜᵐ .
416 1993 1921 50 “Study … made by Charles E. Reed of the Field department of the
346 2051 231 41 National
612 2051 270 41 recreation
914 2050 672 42 association.”—Foreword.

351 2119 1986 52 © June 11, 1932; 2c. June 17; aff. June 28; A 52641; Natl. recreation
418 2190 126 30 assn.
616 2179 279 48 (32-33377)

346 2279 311 55 Nebraska
688 2282 112 51 and
832 2281 187 53 North
1050 2286 238 47 western
1319 2281 201 69 digest.
1595 2281 334 69 November,
1963 2285 151 64 1932,
416 2299 1894 112 cumulative

621 2359 1638 69 pamphlet … St. Paul, West publishing co. [ᶜ193 2]
415 2446 328 49 172 p. 24 ᶜᵐ .
351 2513 51 52 ©
427 2518 118 40 Nov.
570 2518 41 46 4,
637 2516 113 41 1932;
805 2516 65 41 2c.
900 2519 96 38 and
1022 2517 82 40 aff.
1132 2517 109 40 Dec.
1270 2517 54 39 15;
1380 2517 40 38 A
1448 2516 169 48 58429;
1647 2518 133 39 West
1809 2518 108 47 pub.
1945 2528 65 28 co.

346 2619 145 52 New
540 2619 211 64 Jersey
801 2620 111 51 and
960 2619 263 55 Atlantic
1270 2619 202 69 digest.
1549 2622 133 48 1932
1731 2619 344 53 cumulative
2124 2620 209 52 annual

416 2696 1917 69 pocket part for vol. 36. Table of cases … St. Paul, West
415 2775 667 69 publishing co. [ᶜ193 2]
414 2852 305 49 22 p. 25 ᶜᵐ .
416 2909 293 41 Cover-title.

419 2965 118 40 This
559 2966 246 47 pamphlet
832 2966 41 39 is
895 2968 49 38 to
968 2967 58 38 be
1047 2966 139 40 fitted
1210 2966 103 40 into
1339 2966 79 40 the
1443 2967 169 48 pocket
1638 2971 51 36 at
1715 2968 79 40 the
1820 2968 121 39 back
1967 2967 51 39 of
2043 2969 82 40 the
2148 2968 191 42 volume

347 3021 51 40 of
425 3022 83 40 the
531 3023 75 39 set
630 3024 48 38 to
705 3022 157 40 which
888 3022 42 40 it
954 3022 208 47 belongs.

352 3086 51 52 ©
429 3091 117 41 Nov.
572 3091 68 49 30,
666 3090 112 41 1932;
833 3091 68 40 2c.
928 3093 96 38 and
1049 3091 83 41 aff.
1158 3092 111 40 Dec.
1296 3093 54 39 15;
1406 3093 40 38 A
1473 3093 142 40 58438;
1673 3094 133 40 West
1833 3094 107 47 pub.
1969 3105 66 30 co.

346 3190 213 56 Pacific
612 3198 272 63 reporter.
962 3193 217 54 Second
1233 3195 184 52 series.
1494 3195 166 54 Cases
1717 3198 214 67 argued

1986 3198 112 52 and
416 3198 1891 125 determined
633 3272 60 51 in
716 3272 96 52 the
841 3272 275 67 Supreme
1142 3278 188 48 courts
1357 3273 62 52 of
1448 3274 342 69 California,
1813 3276 243 66 Kansas,
2086 3276 245 67 Oregon,

416 3348 400 69 Washington,
858 3351 298 67 Colorado,
1197 3352 294 67 Montana,
1529 3352 271 68 Arizona,
1837 3354 252 65 Nevada,
2129 3354 202 67 Idaho,

417 3426 326 68 Wyoming,
771 3429 176 65 Utah,
975 3429 137 51 New
1139 3429 238 68 Mexico,
1406 3429 348 69 Oklahoma;
1783 3430 244 54 District
2053 3436 187 50 courts
2268 3431 63 53 of

419 3505 204 65 appeal
659 3506 110 51 and
803 3506 309 67 Appellate
1145 3507 358 66 department
1539 3509 61 51 of
1634 3510 96 52 the
1766 3509 272 67 Superior
2073 3516 160 47 court
2268 3510 63 52 of

420 3579 323 55 California
771 3584 111 52 and
907 3584 281 55 Criminal
1212 3592 160 46 court
1396 3586 62 51 of
1483 3588 231 66 appeals
1739 3587 62 52 of
1828 3587 336 69 Oklahoma,
2189 3589 141 51 with

416 3658 108 65 key
552 3660 236 51 number
816 3662 361 51 annotations.
1268 3682 48 32 v.
1351 3667 62 47 13
1454 3664 126 67 (2d)
1623 3665 328 66 September
1983 3666 347 53 16-October

419 3735 47 67 7,
520 3739 149 48 1932.
744 3738 343 52 Permanent
1137 3740 81 51 ed.
1299 3740 80 54 St.
1433 3743 163 65 Paul,
1643 3744 160 52 West
1851 3742 333 70 publishing
2233 3761 97 51 co.,

421 3817 148 49 1932.

419 3886 1272 54 xvi, 1198 p. 26 ᶜᵐ . (National reporter system)
354 3949 51 52 ©
430 3956 115 39 Nov.
571 3957 69 48 30,
667 3955 139 49 1932;
834 3958 67 41 2c.
927 3960 95 39 and
1049 3959 79 40 aff.
1158 3960 110 40 Dec.
1296 3961 80 47 15;
1406 3961 40 39 A
1472 3961 168 48 58409;
1669 3964 134 40 West
1830 3964 107 47 pub.
1967 3974 66 29 co.
