2563 4368
1292 4075 136 50 1202

338 460 292 67 Bringolf,
661 462 185 64 Hans,
879 460 171 55 1876-

411 538 31 51 I
479 538 144 53 have
659 555 73 34 no
771 541 242 63 regrets;
1056 535 95 52 the
1189 540 227 63 strange
1451 534 106 54 life
1594 534 63 53 of
1697 556 31 33 a
1768 533 565 68 diplomat-vagrant,

341 615 167 68 being
547 615 94 51 the
679 612 262 54 memoirs
979 613 63 53 of
1079 611 344 56 Lieutenant
1459 611 301 68 Bringolf;
1803 610 187 54 edited
2027 611 75 69 by
2142 611 191 53 Blaise

343 688 1928 69 Cendrars; translated from the French by Warre B. Wells …
341 765 1365 71 New York, E. P. Dutton & co., inc. [ ᶜ1 932 ]
411 853 796 48 286 p. incl. front. ports. 22½ᶜᵐ.
414 910 163 41 “First
607 908 226 43 edition.”

350 981 51 52 ©
426 987 119 46 Aug.
570 986 39 46 5,
633 984 113 40 1932;
800 984 65 40 2c.
890 984 119 47 Aug.
1036 984 26 39 6;
1115 983 83 41 aff.
1222 984 120 47 Aug.
1366 983 26 40 8;
1446 984 40 38 A
1511 984 143 40 53560;
1710 986 52 39 E.
1787 984 53 41 P.
1865 985 185 40 Dutton
2076 989 36 39 &
2138 994 81 38 co.,
2245 984 91 39 inc.

427 1040 278 50 (32-21150)

346 1160 243 64 Cassou,
617 1160 167 63 Jean,
817 1159 171 55 1897-

482 1234 1854 68 … Grandeur et infamie de Tolstoï. Paris, B. Grasset [1932]
419 1323 734 51 4 p. l., [11]-271 p., 2 l. 19 ᶜᵐ.
351 1391 1988 62 © Apr. 15, 1932; 1c. July 23; A— Foreign 17492; Éditions Bernard
422 1460 212 40 Grasset.
706 1459 279 48 (32-21175)

420 1575 269 54 Cornelia
725 1575 297 67 Connelly,
1056 1575 324 53 fondatrice
1414 1575 69 52 de
1514 1577 56 50 la
1607 1574 219 55 Société
1860 1575 77 52 du
1972 1575 158 68 Holy
2166 1573 172 55 Child

350 1652 1990 71 Jesus (1809-1879), par une religieuse de son ordre … Paris,
350 1734 148 54 Plon
538 1737 171 64 [1931]

423 1819 754 50 3 p. l., 308 p. 2 port. 19 ᶜᵐ .
359 1888 1818 107 © Mar. 20, 1931; 1c. May 22; A— Foreign 12166; Librairie Plon. (31-24239)
353 2064 259 66 Daniels,
644 2064 312 65 Winthrop
987 2065 182 65 More,
1200 2065 172 55 1867-

423 2141 306 54 American
764 2140 308 69 railroads;
1112 2141 134 53 four
1281 2141 201 68 phases
1519 2141 64 53 of
1618 2141 150 53 their
1802 2141 238 68 history,
2074 2142 76 68 by
354 2141 1965 146 Winthrop

565 2218 1780 68 M. Daniels … Princeton, Princeton university press,
357 2301 150 53 1932.

427 2368 491 50 3 p. l., 120 p. 22 ᶜᵐ.
431 2440 148 41 “This
620 2441 189 40 volume
853 2440 236 48 contains,
1133 2440 50 40 in
1225 2449 208 40 essence,
1476 2440 81 40 the
1600 2439 114 41 four
1756 2441 210 39 lectures
2008 2440 244 40 delivered
2296 2441 51 39 at

359 2495 261 43 Princeton
644 2497 272 48 university
941 2497 50 39 in
1018 2497 115 40 1932
1159 2508 61 29 on
1247 2498 81 40 the
1359 2496 214 42 Stafford
1601 2497 148 40 Little
1776 2496 297 50 lectureship
2100 2507 61 30 on
2189 2497 160 48 public

359 2553 428 41 affairs.”—Verso
812 2554 51 40 of
885 2555 60 39 2d
968 2553 185 49 prelim,
1177 2554 114 41 leaf.

707 2611 160 41 CONTENTS.—The
901 2611 242 41 railroads
1176 2613 95 39 and
1306 2612 127 40 Wall
1466 2611 327 41 street.—The
1829 2611 240 41 railroads
2103 2611 95 40 and
361 2611 1970 103 Congress.—The

718 2667 239 42 railroads
1001 2670 96 39 and
1142 2669 81 40 the
1268 2667 162 42 White
1472 2668 326 40 house.—The
1843 2668 243 40 railroads
2127 2669 96 39 and
2267 2669 81 39 the
361 2724 174 48 public.

368 2793 52 51 ©
454 2798 120 47 Aug.
607 2798 69 48 15,
710 2796 114 41 1932;
885 2797 68 41 2c.
987 2798 119 48 Aug.
1140 2799 56 39 17;
1259 2797 82 41 aff.
1375 2798 118 49 Aug.
1529 2797 58 40 16;
1647 2799 40 38 A
1722 2798 144 40 54447;
1930 2797 257 41 Princeton
2222 2794 127 42 univ.
433 2863 151 38 press.
654 2853 279 49 (32-21382)

362 2970 202 67 Davis,
594 2973 226 54 Roland
851 2973 193 66 Clark,
1078 2979 172 51 1902-

433 3047 225 69 Ability
683 3047 61 53 in
768 3049 169 54 social
965 3050 111 52 and
1103 3050 176 54 racial
1306 3050 198 53 classes;
1561 3069 149 35 some
1736 3048 408 72 physiological
362 3066 1966 125 correlates,
551 3124 75 69 by

656 3125 1693 71 Roland Clark Davis … New York, The Century co.
367 3200 93 53 for
489 3200 95 56 the
616 3202 270 54 Institute
916 3203 92 52 for
1036 3205 254 53 research
1319 3205 62 53 in
1411 3205 95 53 the
1536 3204 169 53 social
1737 3203 254 69 sciences,
2022 3201 331 71 University

366 3277 65 52 of
459 3276 284 71 Virginia,
777 3282 149 52 1932.

435 3362 1917 56 xiv, 114 p. plates, diagrs. 23 ᶜᵐ. [The University of Virginia institute
364 3418 81 40 for
466 3422 225 39 research
713 3421 51 40 in
787 3423 80 39 the
892 3423 150 40 social
1066 3422 223 42 sciences.
1345 3425 232 41 Institute
1602 3426 310 48 monograph,
1965 3436 74 29 no.
2066 3426 70 48 14]

373 3488 51 52 ©
455 3494 118 47 Aug.
604 3493 41 48 8,
673 3494 114 41 1932;
846 3495 69 41 2c.
946 3497 94 39 and
1071 3496 80 40 aff.
1183 3498 120 47 Aug.
1334 3498 54 39 11;
1449 3497 41 40 A
1521 3497 146 41 54378;
1725 3497 283 49 University
2038 3496 53 42 of
2121 3494 235 49 Virginia,

441 3548 233 43 Institute
706 3551 78 39 for
818 3552 225 40 research
1075 3551 51 41 in
1158 3553 83 40 the
1273 3552 148 42 social
1456 3554 223 47 sciences,
1715 3553 407 48 Charlottesville,
2157 3553 85 39 Va.
451 3604 279 49 (32-21100)

367 3713 86 53 De
484 3714 86 53 La
599 3716 213 65 Roche,
845 3717 185 55 Mazo.

438 3790 120 53 The
587 3792 248 54 thunder
863 3794 65 52 of
953 3814 123 34 new
1104 3795 196 70 wings.
1382 3797 361 67 [Instalment
1771 3796 49 67 4]

451 3876 83 48 (In
561 3874 291 46 Chatelaine
880 3878 276 53 magazine,
1184 3879 151 53 Sept.,
1365 3881 144 50 1932)

374 3941 1985 62 © 1c. Sept. 15, 1932; A ad int. 16851; pubd, Aug. 25; M. De La Roche,
442 4002 224 49 Toronto,
697 4005 211 42 Canada.
