2563 4368
1403 4020 99 49 452

430 406 247 62 Craven,
708 402 202 66 Avery
941 401 214 56 Odelle.

498 479 271 53 Edmund
802 477 205 69 Ruffin,
1039 477 361 68 southerner;
1435 495 32 35 a
1500 477 172 70 study
1705 476 60 54 in
1798 474 291 70 secession,
2121 474 76 71 by
2231 474 194 71 Avery

430 554 1998 70 Craven … New York and London, D. Appleton and company,
431 638 150 51 1932.

500 704 1495 51 ix p., 2 l., 283 p. front., plates, ports., facsims. 22½ᶜᵐ.
506 762 221 46 “Notes”,
758 762 282 48 containing
1065 761 367 48 bibliography:
1464 772 44 37 p.
1539 760 237 51 261-[271]

437 817 53 54 ©
521 823 121 40 Mar.
673 821 69 47 25,
772 820 141 46 1932;
945 821 66 40 2c.
1043 822 92 39 and
1170 820 81 41 aff.
1284 821 121 41 Mar.
1437 820 82 43 28;
1554 820 38 39 A
1624 819 169 46 50388;
1828 820 56 39 D.
1917 820 238 48 Appleton
2187 819 37 40 &
2253 829 66 30 co.

514 879 251 48 (32-8631)

437 981 252 66 Curtiss,
721 982 274 56 Frederic
1025 982 241 66 Haines,
1298 987 172 51 1869-

503 1060 122 54 The
664 1059 260 68 Country
961 1059 147 68 club,
1149 1062 328 65 1882-1932,
1514 1059 76 70 by
1629 1058 270 55 Frederic
1936 1058 79 54 H.
2056 1057 223 56 Curtiss
2319 1056 113 55 and

433 1137 157 55 John
613 1138 216 54 Heard.
891 1137 330 68 Brookline,
1244 1137 191 68 Mass.,
1462 1138 158 53 Priv.
1647 1137 176 69 print,
1850 1136 93 53 for
1966 1136 96 54 the
2089 1133 165 70 Club,
2282 1136 152 52 1932.

541 1244 9 15 x,
577 1210 86 41 213
692 1222 43 37 p.
765 1211 108 42 incl.
900 1212 155 47 plans,
1115 1212 164 47 front.,
1307 1210 172 49 plates,
1508 1212 150 46 ports.
1718 1209 116 41 27½ᶜᵐ.

504 1267 127 42 Title
659 1268 229 48 vignette,
917 1268 257 48 engraved.

506 1323 133 42 Each
671 1325 131 48 plate
835 1323 341 49 accompanied
1209 1324 60 47 by
1302 1324 155 48 guard
1491 1322 137 43 sheet
1659 1323 120 41 with
1813 1321 290 50 descriptive
2139 1322 296 47 letterpress.

443 1378 53 53 ©
535 1384 120 38 Mar.
694 1383 69 47 18,
800 1382 140 43 1932;
979 1383 68 40 2c.
1085 1384 121 39 Mar.
1246 1383 82 46 21;
1368 1382 82 41 aff.
1490 1383 120 39 Mar.
1650 1380 81 48 19;
1772 1381 40 40 A
1849 1380 170 48 50216;
2061 1380 216 48 Country
2316 1378 121 48 club,

513 1440 273 46 Brookline,
814 1440 143 40 Mass.
1030 1439 250 49 (32-8569)

441 1543 256 64 Dadant,
725 1542 262 56 Maurice
1015 1543 246 65 George.

508 1618 216 69 Outapi
733 1620 144 53 aries
904 1622 112 52 and
1041 1620 150 54 their
1216 1626 414 62 management,
1654 1621 75 67 by
1752 1620 79 52 M.
1858 1619 69 56 G.
1953 1618 237 54 Dadant
2225 1618 98 66 (2d
2350 1616 86 54 ed.

438 1698 142 66 rev.)
654 1698 322 66 Hamilton,
1005 1699 113 66 Ill.,
1146 1698 306 53 American
1481 1699 97 52 bee
1607 1698 248 67 journal,
1884 1700 151 50 1932.

545 1768 1608 52 x p., 1 l., 13-126 p. illus. (incl. port., plans) diagr. 20ᶜᵐ.
448 1823 53 53 ©
524 1829 121 41 Mar.
670 1828 68 47 23,
764 1828 139 46 1932;
929 1828 68 43 2c.
1021 1830 94 38 and
1142 1828 81 41 aff.
1250 1830 120 39 Mar.
1395 1827 81 44 26;
1506 1828 37 40 A
1568 1827 171 46 49298;
1769 1829 62 39 M.
1857 1828 53 40 G.
1937 1828 210 46 Dadant,
2175 1826 266 46 Hamilton,

584 1916 6 7 Ill.
664 1885 250 48 (32-8670)

445 1989 319 65 Dahlberg,
796 1988 232 55 Arthur
1059 1988 198 56 Olaus.

510 2065 1736 70 Jobs, machines, and capitalism, by Arthur Dahlberg, PH. D.,
443 2141 285 55 foreword
767 2144 74 65 by
878 2143 253 54 Edward
1170 2145 106 52 Als
1281 2145 182 52 worth
1500 2146 161 52 Ross.
1734 2146 139 51 New
1913 2144 180 65 York,
2129 2143 122 53 The
442 2144 1976 129 Macmillan

674 2239 298 49 company,
1005 2224 152 50 1932.

517 2291 1591 52 xviii p., 1 l., 252 p. diagrs. (part col., part fold.) 20½ᶜᵐ.
519 2348 375 51 Bibliography:
928 2361 43 38 p.
1005 2348 216 43 245-247.

454 2403 51 52 ©
536 2409 120 39 Mar.
684 2408 70 47 22,
783 2406 139 48 1932;
953 2408 67 42 2c.
1051 2410 93 38 and
1175 2407 80 42 aff.
1287 2409 119 38 Mar.
1437 2408 82 46 23;
1550 2408 41 39 A
1618 2408 171 46 50306;
1823 2408 279 41 Macmillan
2132 2418 65 31 co.

531 2463 250 49 (32-8549)

451 2549 339 70 Dickinson,
822 2552 310 68 Sherman,
1166 2558 172 50 1891-
1549 2555 85 53 ed.

516 2630 113 54 Job
657 2632 325 67 operations
1007 2632 60 53 in
1096 2632 152 54 farm
1276 2633 335 68 mechanics,
1638 2634 229 53 written
1894 2633 75 67 by
1997 2633 321 53 vocational
451 2650 1969 112 agriculture

756 2709 254 54 teachers
1047 2710 63 53 of
1145 2710 291 67 Missouri,
1471 2711 188 53 edited
1699 2711 76 67 by
1813 2711 279 55 Sherman
2128 2710 317 53 Dickinson

510 2785 1797 71 … 3d ed., 1932, rev. and enl. … [Columbia, Mo.] ᶜ1 932.
521 2858 1062 50 2 p. l., 163 p. incl. illus., forms. 23½ᶜᵐ.
525 2913 300 51 “Originally
857 2916 297 42 formulated
1188 2918 60 47 by
1280 2918 81 41 the
1394 2918 236 41 members
1664 2918 53 41 of
1747 2929 29 29 a
1811 2919 127 39 class
1970 2918 266 40 conducted
2270 2918 60 47 by
2365 2919 80 40 the

453 2971 1990 53 editor at the University of Missouri … The original edition [was]
453 3027 1995 109 called ‘Job operation sheets for farm shop work’ … The first and second editions [Were] published in mimeographed form.”—Verso of 1st
455 3143 95 39 and
577 3144 131 40 recto
735 3144 51 40 of
811 3143 59 40 2d
899 3144 185 48 prelim,
1111 3145 174 40 leaves.

526 3197 377 51 “Bibliography
932 3200 48 39 in
1010 3200 130 40 farm
1168 3199 302 42 mechanics”:
1529 3212 42 37 p.
1602 3200 215 42 158-160.

462 3252 51 52 ©
540 3257 108 39 Jan.
675 3257 71 46 25,
773 3257 111 40 1932;
941 3256 66 41 2c.
1037 3257 108 40 Feb.
1217 3268 8 36 8;
1255 3257 82 40 aff.
1364 3257 110 40 Feb.
1501 3257 83 41 26;
1613 3258 43 39 A
1678 3258 171 47 47524;
1883 3259 42 40 S.
1957 3257 278 49 Dickinson,
529 3257 1903 104 Columbia,

652 3315 92 38 Mo.
815 3313 249 47 (32-8668)

463 3435 10 32 [
482 3402 360 66 Doubleday,
874 3405 138 53 Mrs.
1043 3406 187 53 Nellie
1260 3405 301 55 Blanchan
1602 3407 115 64 (De
1751 3405 225 68 Graff)]
2015 3409 323 52 1865-1918.

526 3478 121 55 The
688 3479 129 54 bird
859 3480 175 53 book:
1077 3482 144 53 Bird
1265 3484 303 66 neighbors
1612 3484 112 53 and
1768 3483 175 53 Birds
1982 3482 129 53 that
2150 3482 146 52 hunt
2337 3480 112 53 and

457 3575 94 34 are
581 3557 232 67 hunted,
842 3558 76 67 by
949 3559 190 66 Neltje
1170 3560 294 53 Blanchan
1523 3561 211 66 [pseud.]
1771 3559 139 53 with
1943 3562 100 50 136
2074 3557 376 54 illustrations

457 3633 57 52 in
546 3633 152 53 color
727 3636 112 52 and
869 3636 60 52 in
957 3635 165 54 black
1151 3638 112 52 and
1293 3637 172 53 white
1493 3638 76 66 by
1598 3637 184 53 Nellie
1810 3637 80 52 M.
1920 3635 321 68 Pairpoint.
457 3634 1970 127 Garden

596 3710 151 67 City,
776 3711 69 53 N.
878 3713 89 53 Y.,
995 3713 355 66 Doubleday,
1379 3714 198 52 Doran
1606 3716 46 50 &
1680 3731 298 49 company,
2005 3713 126 65 inc.,
2161 3713 150 51 1932.

527 3783 1784 51 xii, 498, [3] p. illus., LXVIII col. pl. (incl. front.) on 35 l. 26½ᶜᵐ.
529 3839 163 41 “First
722 3840 226 42 edition.”

464 3890 53 55 ©
551 3896 120 41 Mar.
706 3897 69 48 10,
808 3896 140 49 1932;
983 3898 67 40 2c.
1084 3900 94 39 and
1214 3898 83 41 aff.
1330 3899 122 42 Mar.
1486 3898 82 44 21;
1604 3898 41 43 A
1676 3897 172 49 49263;
1884 3898 298 47 Doubleday,
2218 3896 163 40 Doran
2417 3894 36 41 &

532 3963 80 38 co.,
637 3952 90 41 inc.
799 3952 249 49 (32-8682)
