2563 4368
1370 3990 100 51 142

411 401 213 65 Selzer,
656 402 247 55 Charles
929 402 207 55 Alden.

489 476 398 55 Introduction
925 486 58 46 to
1020 476 292 66 teaching;
1353 494 70 35 an
1461 474 339 55 orientation
1841 479 121 49 text
1998 474 92 52 for
419 473 1968 136 introduction

419 550 1966 135 to education, by Charles A. Selzer … Winfield W. Menhennett …
797 628 1615 68 and Arthur D. Cromwell … West Chester, Pa.,
418 708 76 52 H.
530 708 64 51 F.
631 707 251 67 Temple,
916 708 105 51 inc.
1084 709 131 48 [1931]

487 774 978 51 xii, 368 p. incl. diagrs., forms. 21 ᶜᵐ.
488 833 350 48 Bibliography
872 834 55 40 at
958 833 92 40 end
1084 832 52 41 of
1168 832 119 41 each
1322 832 215 47 chapter.

426 903 51 52 ©
510 907 128 47 Sept.
664 906 69 48 10,
762 905 109 41 1931;
933 905 67 41 2c.
1029 905 108 40 Jan.
1167 905 69 46 14,
1266 902 113 42 1932;
1438 903 82 40 aff.
1549 903 109 41 Jan.
1689 904 55 40 13;
1803 904 40 39 A
1871 903 145 41 47004;
2075 903 47 42 C.
2154 904 55 41 A.
2240 903 173 48 Selzer,

493 963 240 46 Winfield,
762 964 70 39 W.
863 961 314 41 Menhennett
1204 962 94 39 and
1328 960 187 40 Arthur
1541 961 58 40 D.
1628 960 267 48 Cromwell,
1924 961 137 41 West
2088 960 213 49 Chester,
2331 961 83 40 Pa.

503 1019 250 49 (32-3697)

413 1121 214 66 Smith,
659 1122 271 54 Thurber
959 1122 79 55 M.

488 1198 121 52 The
649 1199 460 66 unemployment
1148 1196 281 69 problem;
1474 1216 31 33 a
1547 1194 259 57 Catholic
1845 1196 246 54 solution
2132 1197 149 52 from
2321 1197 92 51 the

420 1274 334 69 viewpoints
778 1274 64 54 of
866 1274 192 67 ethics,
1080 1274 235 68 history,
1340 1274 113 53 and
1477 1273 171 54 social
1673 1275 210 52 science
1913 1274 90 68 [by]
2051 1274 260 52 Thurber
2334 1274 78 52 M.

421 1350 1995 69 Smith … Milwaukee, New York, [etc.] The Bruce publishing
420 1433 506 65 company [ ᶜ1 932]
488 1497 1922 52 xix, 218 p. 22 ᶜᵐ. [Science and culture series, J. Husslein … general
418 1556 173 51 editor]

491 1613 321 41 “References
842 1610 280 43 consulted”:
1181 1623 45 37 p.
1256 1611 217 42 209-213.

427 1682 51 52 ©
509 1688 109 38 Jan.
648 1687 68 41 14,
745 1685 113 41 1932;
916 1685 67 43 2c.
1013 1686 95 39 and
1136 1685 82 40 aff.
1249 1685 109 40 Jan.
1387 1684 54 39 21;
1502 1685 40 39 A
1571 1686 143 39 47144;
1773 1686 52 39 T.
1857 1687 60 38 M.
1953 1685 170 48 Smith,
2157 1687 66 40 St.
2255 1685 160 42 Louis.

505 1743 250 48 (32-3754)

416 1846 220 64 Smoot,
665 1845 314 53 Lawrence
1007 1843 222 66 Kelley,
1261 1846 171 54 1875-

491 1922 331 54 Annotated
864 1921 149 54 rules
1056 1922 65 53 of
1161 1922 94 52 the
1295 1928 187 48 courts
1522 1921 65 54 of
1625 1925 200 66 Texas,
1867 1924 267 68 covering
2173 1925 95 51 the
421 1924 1967 144 Supreme

653 2006 177 62 court,
872 2000 207 55 Courts
1121 2000 64 52 of
1224 1998 135 55 civil
1399 1999 250 68 appeals,
1693 2001 179 55 Court
1911 2003 64 51 of
2013 2001 263 54 criminal
420 2020 1968 125 appeals,

623 2076 244 55 District
897 2079 112 52 and
1043 2078 227 67 County
1302 2085 204 60 courts,
1536 2083 286 63 statutory
1854 2078 148 55 rules
2035 2079 94 53 for
2157 2080 96 52 the
421 2081 1968 127 Justice

564 2160 188 48 courts
785 2156 112 52 and
933 2154 197 54 clerk’s
1163 2154 150 54 office
1346 2155 165 67 rules,
1548 2156 118 52 also
1701 2156 240 67 parallel
1974 2163 236 47 statutes
424 2157 1967 144 relating

557 2231 1795 69 to the rules of procedure, by Lawrence Kelley Smoot …
421 2310 225 53 Kansas
675 2309 151 68 City,
910 2328 175 36 Vernon
1111 2310 110 53 law
1247 2309 146 53 book
1416 2328 97 49 co.,
1542 2313 150 51 1932.

492 2381 61 50 iv,
582 2382 85 41 712
694 2393 44 37 p.
800 2382 55 41 23½ᶜᵐ.

429 2449 51 52 ©
509 2454 108 39 Jan.
646 2455 68 40 14,
743 2453 139 47 1932;
912 2452 65 41 2c.
1008 2453 110 40 Feb.
1145 2454 52 46 8;
1227 2452 81 42 aff.
1338 2453 110 41 Feb.
1477 2452 81 47 10;
1589 2452 40 39 A
1654 2450 173 49 48429;
1863 2453 186 40 Vernon
2078 2454 94 39 law
2199 2454 121 39 book
2348 2464 67 32 co.

507 2510 249 48 (32-3997)

418 2612 345 64 Sparhawk,
791 2613 266 53 Norman
1086 2613 64 56 F.

490 2687 464 69 Numbergrams,
982 2688 75 68 by
1085 2689 255 52 Norman
1369 2688 66 53 F.
1466 2687 337 68 Sparhawk.
1878 2689 234 66 Boston,
2137 2688 122 54 The
2287 2690 129 53 Van

424 2769 369 63 press [ ᶜ1 932]
492 2838 621 48 7 p. l. , 50 numb. l. 19½ᶜᵐ.
430 2890 51 52 ©
509 2895 110 40 Jan.
644 2894 69 48 28,
739 2894 140 49 1932;
907 2895 66 41 2c.
1001 2897 95 38 and
1122 2895 81 40 aff.
1231 2896 110 40 Jan.
1367 2895 82 47 30;
1479 2895 40 39 A
1543 2894 172 47 47316;
1743 2896 55 39 N.
1827 2895 50 39 F.
1909 2895 282 47 Sparhawk,
2220 2895 197 40 Boston.

508 2951 250 47 (32-3882)

425 3053 235 67 [Street,
691 3053 152 55 Cecil
871 3054 155 54 John
1056 3053 263 69 Charles]
1355 3060 171 50 1884-

489 3126 257 68 Mystery
773 3135 59 48 at
860 3128 152 69 Grey
1017 3128 187 54 combe
1233 3131 153 51 farm
1418 3129 109 70 [by]
1560 3130 155 54 John
1743 3128 198 53 Khode
1973 3129 209 69 [pseud.]
423 3129 1964 143 London,

587 3202 143 57 Pub.
766 3204 94 53 for
893 3207 95 51 the
1025 3206 190 54 Crime
1249 3207 144 68 club,
1428 3207 122 68 ltd.,
1585 3206 74 69 by
1696 3209 86 53 W.
1823 3206 216 54 Collins
2075 3225 126 36 sons
2237 3209 44 49 &
2318 3224 96 40 co.,

420 3279 101 57 ltd.
561 3284 172 65 [1932]

493 3352 277 52 250 p. 19 ᶜᵐ.
497 3409 256 42 American
792 3411 185 41 edition
1027 3412 139 47 (New
1208 3413 142 47 York,
1393 3415 152 46 Dodd,
1587 3414 139 41 Mead
1767 3415 36 39 &
1842 3414 256 47 company)
2150 3415 88 39 has
2280 3414 133 42 title:

425 3467 101 42 The
554 3468 87 41 fire
670 3470 53 39 at
753 3468 293 48 Greycombe
1075 3469 143 41 farm.

434 3520 1981 55 © 1c. Feb. 4, 1932; A ad int. 16041; pubd. Jan. 4; Dodd, Mead & co.,
500 3580 104 49 inc.,
635 3582 117 39 New
782 3582 144 39 York.
996 3581 250 49 (32-4450)

422 3682 209 64 Sundt,
659 3683 206 53 Edwin
894 3683 201 65 Einar,
1126 3690 170 49 1891-

496 3758 122 52 The
646 3765 236 60 country
910 3759 210 52 church
1149 3759 111 52 and
1289 3778 101 33 our
1416 3758 346 69 generation,
1792 3760 72 67 by
1894 3757 207 55 Edwin
2131 3761 68 52 E.
2230 3758 184 55 Sundt

492 3833 1882 71 … New York, Chicago [etc.] Fleming H. Revell company
434 3913 192 65 [ ᶜ1 932]
