2563 4368
1257 4038 133 49 1146

327 426 243 66 Martin,
600 428 261 64 Eugene.

460 502 1862 71 … Randy Starr leading the air circus; or, The sky flyers in
328 580 1995 69 a daring stunt, by Eugene Martin … illustrated by Howard L.
327 657 1856 70 Hastings. Philadelphia, Henry Altemus company [ ᶜ1 932]
395 741 1592 51 iv, 5-216 p. front., plates. 20ᶜᵐ. ( His Sky flyers series)
335 812 51 52 ©
416 816 116 47 July
559 814 70 49 26,
658 813 141 48 1932;
829 813 67 41 2c.
927 815 96 39 and
1052 813 82 42 aff.
1165 814 115 47 July
1309 813 82 48 27;
1423 815 41 38 A
1493 813 170 48 53281;
1695 814 169 47 Henry
1894 814 220 40 Altemus
2143 822 68 31 co.

411 871 280 50 (32-19827)

326 974 175 66 Mary
529 976 319 65 Reparata,
878 973 184 68 sister,
1095 973 326 55 1892-1927.

400 1053 56 52 A
486 1052 167 70 grain
683 1051 64 54 of
776 1052 258 53 mustard
1065 1052 156 67 seed;
1255 1051 264 54 memoirs
1552 1052 113 53 and
1696 1056 318 49 utterances
2046 1050 65 55 of
2144 1049 181 56 Sister

331 1128 1993 72 Mary Reparata, O . P.; edited by a member of her community,
331 1209 332 70 Monastery
695 1208 65 54 of
793 1209 96 53 the
922 1209 160 70 Holy
1114 1209 197 68 Name,
1348 1208 347 69 Cincinnati,
1731 1208 167 56 Ohio.
1970 1209 138 52 New
2145 1207 180 69 York,

332 1287 328 55 Cincinnati
714 1293 120 62 [etc.]
870 1288 280 69 Benziger
1179 1287 278 69 brothers,
1490 1291 150 50 1932.

399 1377 87 40 114
515 1388 43 37 p.
616 1377 136 39 front.
795 1375 172 49 (port.)
1035 1377 145 40 15½ᶜᵐ.

335 1445 51 52 ©
414 1449 126 40 June
563 1447 71 47 24,
659 1447 116 40 1932;
828 1448 68 41 2c.
923 1448 116 47 July
1064 1447 83 48 11;
1176 1447 82 40 aff.
1285 1448 116 48 July
1426 1446 54 49 9;
1507 1448 42 39 A
1575 1446 171 50 52962;
1776 1447 234 49 Benziger
2036 1447 126 41 bros.

412 1504 278 49 (32-20107)

327 1605 255 66 Mather,
612 1606 199 54 Frank
837 1607 238 63 Jewett,
1106 1611 170 51 1868-

398 1685 123 51 The
555 1684 164 52 Isaac
755 1683 245 60 Master;
1039 1703 31 33 a
1108 1683 447 54 reconstruction
1592 1684 65 53 of
1691 1683 97 55 the
1823 1684 159 53 work
2017 1685 65 52 of
2118 1684 205 55 Gaddo

329 1761 1993 69 Gaddi, by Frank Jewett Mather, jr. … Princeton, Princeton
327 1837 319 70 university
668 1857 185 50 press;
881 1839 258 68 London,
1163 1839 76 53 H.
1264 1838 266 70 Milford,
1555 1838 230 57 Oxford
1809 1838 316 71 university
2150 1858 173 51 press,

330 1921 152 50 1932.

398 1989 1923 50 xii, 90 p., 1 l. front., plates. 27ᶜᵐ. (Lettered on cover: Princeton
328 2049 322 47 monographs
676 2047 49 39 in
751 2050 79 37 art
854 2047 98 39 and
978 2046 332 48 archaeology,
1484 2046 15 49 XVII)

398 2106 102 39 The
534 2105 179 39 author
747 2103 264 40 attributes
1045 2103 82 40 the
1161 2103 213 40 frescoes
1409 2103 52 40 of
1495 2104 82 39 the
1611 2103 227 41 so-called
1874 2104 141 40 Isaac
2050 2105 185 40 Master
2269 2109 52 38 at

327 2161 158 41 Assisi
522 2163 50 39 to
608 2161 169 40 Gaddo
813 2158 172 50 Gaddi,
1022 2160 95 39 and
1155 2161 220 46 presents
1410 2158 227 42 evidence
1672 2160 108 41 that
1818 2160 135 41 these
1988 2161 214 41 frescoes
2235 2171 86 31 are

328 2217 232 41 identical
600 2216 51 40 in
691 2217 125 46 style
856 2215 120 40 with
1016 2216 82 39 the
1139 2215 168 40 Gaddo
1347 2215 183 40 Gaddis
1570 2218 53 38 at
1661 2216 149 40 Rome
1849 2218 95 38 and
1983 2219 53 38 at
2075 2216 245 43 Florence.

328 2272 63 50 cf.
419 2273 274 41 Foreword.

335 2340 51 52 ©
421 2344 115 47 July
568 2342 70 49 29,
671 2343 114 40 1932;
846 2342 68 41 2c.
948 2343 96 39 and
1078 2341 83 41 aff.
1193 2342 119 47 Aug.
1346 2341 53 48 2;
1434 2342 42 39 A
1509 2341 170 48 54281;
1716 2343 259 41 Princeton
2009 2343 130 43 univ.
2174 2353 148 39 press.

412 2399 279 50 (32-20122)

328 2501 281 67 Maurois,
637 2502 220 65 André,
887 2506 171 51 1885-

399 2578 120 53 The
547 2577 206 70 family
778 2578 186 68 circle,
987 2577 77 69 by
1089 2577 168 53 André
1313 2577 284 68 Maurois;
1628 2577 315 55 translated
1970 2579 76 69 by
2073 2579 247 55 Hamish

329 2656 184 53 Miles.
583 2656 139 52 New
757 2654 180 68 York,
971 2655 72 53 D.
1078 2654 296 69 Appleton
1409 2655 113 53 and
1558 2672 296 54 company,
1894 2659 149 51 1932.

396 2732 585 50 3 p. l. , 3-330 p. 20ᶜᵐ.
337 2800 51 52 ©
416 2805 121 48 Aug.
565 2805 39 48 5,
633 2803 115 42 1932;
803 2804 67 41 2c.
901 2807 96 38 and
1025 2803 83 42 aff.
1135 2805 119 48 Aug.
1285 2804 53 48 8;
1368 2805 42 39 A
1438 2805 171 48 53565;
1640 2805 56 39 D.
1727 2807 239 47 Appleton
1995 2807 37 39 &
2061 2817 67 30 co.

414 2860 278 48 (32-20046)

330 2963 240 66 Merrill,
600 2964 171 54 Dana
796 2963 309 66 Kinsman,
1137 2969 172 50 1890-

404 3041 123 52 The
548 3041 395 67 development
967 3040 63 53 of
1052 3041 307 52 American
1382 3041 340 69 biography,
1746 3042 76 68 by
1846 3043 167 52 Dana
2038 3043 284 53 Kinsman

334 3117 1783 71 Merrill … Portland, Me., The South worth press, 1932.
405 3192 599 48 vii, 104 p., 1 l. 21½ᶜᵐ.
407 3248 440 48 “Bibliographical
879 3248 328 42 references”:
1238 3261 43 37 p.
1312 3248 215 41 103-104.

338 3315 52 52 ©
418 3320 116 46 July
561 3318 69 48 25,
659 3318 112 41 1932;
827 3318 68 41 2c.
924 3320 95 39 and
1047 3319 83 41 aff.
1157 3320 120 47 Aug.
1305 3321 52 46 1;
1387 3320 43 39 A
1456 3320 169 47 53422;
1657 3321 56 38 D.
1743 3321 59 39 K.
1832 3320 201 50 Merrill,
2065 3322 137 40 State
405 3322 1897 101 college,
549 3375 82 40 Pa.
703 3374 278 50 (32-20111)

331 3477 214 54 Michie
576 3493 304 49 company,
915 3477 459 54 Charlottesville
1380 3519 12 27 ,
1426 3479 102 52 Va.

403 3553 213 53 Michie
648 3573 74 34 on
754 3554 178 52 banks
968 3555 112 56 and
1114 3555 272 69 banking,
1418 3556 76 68 by
1526 3557 97 51 the
1655 3556 266 53 editorial
1955 3554 136 56 staff
2125 3557 62 52 of
2220 3558 97 52 the

333 3629 213 55 Michie
576 3650 279 50 company
884 3632 182 52 under
1096 3634 97 50 the
1222 3633 356 68 supervision
1610 3634 63 52 of
1704 3636 70 52 A.
1808 3636 249 52 Hewson
2088 3636 229 66 Michie,

336 3707 235 52 assisted
617 3709 76 66 by
742 3709 208 52 Beirne
1000 3709 288 54 Stedman.
1363 3711 345 52 Permanent
1755 3712 85 52 ed.
1913 3729 50 33 v.
2016 3716 47 49 8.
333 3713 1960 139 Charlottesville,

680 3786 125 66 Va.,
831 3786 122 52 The
977 3785 213 54 Michie
1215 3806 295 51 company,
1538 3792 149 50 1932.

404 3857 99 46 viii,
533 3856 83 40 291
646 3867 43 38 p.
746 3858 115 39 24ᶜᵐ.

340 3922 51 52 ©
418 3927 117 48 Aug.
561 3927 71 48 29,
659 3926 126 42 1932.
812 3927 69 42 2c.
907 3930 96 38 and
1029 3928 81 41 aff.
1141 3929 127 49 Sept.
1296 3931 52 46 3;
1378 3931 41 38 A
1445 3931 170 48 54626;
1645 3931 178 41 Michie
1849 3943 66 30 co.
