2563 4368
1127 4169 131 55 1791

191 625 311 54 references
558 627 110 52 and
724 626 185 69 index,
962 627 73 65 by
1090 627 147 51 Karl
1291 624 345 68 Goldsmith,
1688 629 162 49 court
1902 628 274 64 reporter.

230 745 8 8 v.
273 703 80 53 57.
429 703 212 68 Pierre,
674 703 159 55 State
865 703 334 69 publishing
1229 724 97 47 co.,
1358 707 149 49 1932.

258 777 80 49 vii,
399 779 54 39 683
483 788 42 37 p.
583 777 145 40 23½ᶜᵐ.

195 830 50 51 ©
276 834 109 40 Dec.
414 834 50 38 21,
511 833 141 47 1932;
682 833 66 40 2c.
779 835 95 39 and
904 833 79 39 aff.
1016 834 108 39 Dec.
1157 834 81 45 27;
1271 833 40 39 A
1340 832 170 47 58540;
1543 831 252 41 Elizabeth
1828 831 172 47 Coyne,
263 840 1899 97 secretary

409 890 52 40 of
497 890 80 40 the
614 892 128 39 state
780 891 50 39 of
870 889 150 42 South
1059 890 206 47 Dakota,
1304 889 50 41 in
1393 891 129 39 trust
1559 889 79 40 for
1678 889 80 40 the
1797 888 171 40 benefit
2010 888 52 39 of
2100 887 81 41 the

262 948 164 47 people
455 947 51 40 of
534 946 104 40 said
670 948 141 46 state,
843 946 177 47 Pierre,
1055 945 43 42 S.
1131 946 56 41 D.

190 1034 229 64 Stokes,
449 1033 319 54 Jeremiah.

260 1108 271 54 Thunder
572 1128 149 50 cave,
763 1112 93 51 the
899 1110 267 68 thrilling
1207 1111 337 52 adventures
1588 1109 63 52 of
1694 1109 177 56 Giant
1914 1108 264 70 Wigwah

191 1188 111 53 and
339 1188 93 53 the
469 1194 110 47 two
615 1189 147 53 little
801 1190 222 52 colored
1060 1189 153 67 boys,
1251 1189 207 67 Jasper
1494 1190 112 53 and
1645 1188 215 53 Zebbie.
1937 1188 145 53 Told
2120 1187 58 52 in

191 1270 342 64 twenty-one
564 1266 351 68 fascinating
943 1265 254 69 episodes
1228 1266 63 52 of
1320 1266 300 68 sparkling
1648 1266 204 52 humor
1882 1266 108 53 and
194 1266 1961 147 gripping

379 1350 268 62 mystery,
693 1345 74 67 by
813 1343 289 56 Jeremiah
1155 1344 227 66 Stokes;
1433 1346 317 53 characters
1798 1345 222 52 created
2067 1345 112 52 and

193 1420 1988 70 illustrated by Jack Sears … New York city, N. Y., Thunder
191 1500 744 68 cave corporation [ ᶜ19 32]
263 1572 1163 49 278 p. incl. front., illus. col. plates. 24 ᶜᵐ .
292 1630 40 40 “A
360 1630 314 49 golden-hour
701 1630 123 39 book
851 1631 81 39 for
959 1629 261 41 children.”

198 1684 50 51 ©
278 1688 115 39 Nov.
423 1688 68 46 14,
520 1688 139 45 1932;
689 1688 67 40 2c.
786 1688 93 39 and
910 1686 80 42 aff.
1019 1687 118 41 Nov.
1165 1688 80 45 18;
1278 1688 39 38 A
1346 1688 169 46 57152;
1547 1688 229 39 Thunder
1804 1697 117 31 cave
1948 1698 127 37 corp.

274 1744 278 48 (32-33697)

192 1834 339 64 Stoneman,
561 1834 253 54 William
845 1835 73 54 H.

196 1908 1964 147 The life and death of Ivar Kreuger, by William H. Stoneman … Indianapolis,
938 1985 1140 70 The Bobbs-Merrill company [ ᶜ19 32 ]
263 2057 1919 53 xi p., 1 l., 15-289 p. front., illus. (map) plates, ports., 2 facsim. on 1 l.,
193 2114 326 48 diagr. 21 ᶜᵐ .
263 2171 162 42 “First
458 2170 225 42 edition.”

200 2227 50 51 ©
288 2231 99 40 Oct.
425 2231 68 47 19,
528 2230 139 47 1932;
704 2232 68 39 2c.
808 2230 117 40 Nov.
961 2230 52 46 1;
1051 2229 81 40 aff.
1169 2230 117 39 Nov.
1324 2229 52 47 2;
1415 2230 39 39 A
1491 2230 169 46 56839;
1700 2231 70 39 W.
1862 2262 6 6 H.
1911 2229 275 45 Stoneman,

269 2286 290 48 Stockholm,
593 2287 211 40 Sweden.
876 2285 279 50 (32-33812)

193 2375 286 66 Thurber,
508 2377 221 63 James,
763 2381 170 50 1894-

264 2453 120 53 The
424 2454 113 53 seal
578 2453 60 52 in
677 2453 95 53 the
809 2454 267 52 bedroom
1116 2453 44 50 &
1201 2453 161 53 other
1404 2451 433 70 predicaments,
1877 2453 74 68 by
1995 2453 192 53 James

196 2531 287 67 Thurber;
537 2532 138 52 with
727 2550 71 33 an
849 2531 388 53 introduction
1287 2530 75 70 by
1411 2531 265 69 Dorothy
1727 2530 235 54 Parker.
2049 2531 137 53 New

197 2608 162 53 York
385 2610 112 52 and
523 2609 257 68 London,
804 2608 233 69 Harper
1063 2611 45 51 &
1135 2607 276 70 brothers,
1442 2611 149 51 1932.

308 2681 586 52 x, [148] p. illus. 28 ᶜᵐ .
267 2738 161 41 “First
455 2738 227 42 edition.”

203 2793 50 51 ©
283 2797 117 39 Nov.
429 2797 53 40 23,
584 2796 81 42 1932;
696 2797 67 41 2c.
793 2798 95 39 and
918 2797 80 40 aff.
1027 2797 118 40 Nov.
1174 2797 81 47 26;
1289 2797 39 38 A
1358 2797 169 47 57230;
1561 2798 42 39 J.
1635 2797 232 48 Thurber,
1899 2798 116 39 New
2046 2797 141 40 York.

280 2853 276 48 (32-33541)

196 2944 244 64 Turner,
471 2944 253 55 William
754 2945 252 63 Payson.

266 3019 265 54 Machine
578 3020 115 52 tool
743 3020 185 68 work;
981 3019 399 54 fundamental
1429 3020 328 69 principles,
1806 3020 74 69 by
1928 3020 261 55 William

198 3097 1991 68 P. Turner … 1st ed. New York and London, McGraw-Hill
198 3174 146 54 book
370 3193 295 51 company,
692 3175 127 69 inc.,
849 3179 150 51 1932.

268 3248 95 46 xiv,
392 3247 86 40 424
503 3259 43 37 p.
609 3248 141 46 illus.,
780 3248 177 48 diagrs.
1017 3247 147 42 23½ᶜᵐ.

205 3300 51 53 ©
288 3306 115 40 Nov.
436 3305 67 44 12,
537 3305 139 47 1932;
709 3307 67 41 2c.
807 3307 117 40 Nov.
958 3307 80 46 16;
1073 3307 81 40 aff.
1187 3308 117 40 Nov.
1337 3307 54 39 22;
1454 3308 39 38 A
1527 3306 169 44 57199;
1732 3305 350 42 McGraw-Hill
2114 3307 76 41 bk.

273 3372 80 36 co.,
379 3362 87 40 inc.
538 3362 277 48 (32-33679)

201 3443 362 65 Versonnex,
594 3445 185 53 Henri
811 3446 88 53 de.

330 3520 1861 71 … La cage; captivité, evasions (Fort IX, Ludwigshafen,
199 3597 390 70 Marienberg)
634 3597 229 70 préface
897 3599 67 53 de
1000 3598 197 54 Pierre
1232 3600 340 67 Fervacque.
1644 3599 184 68 Paris,
1865 3599 56 55 J.
199 3600 1965 126 Tallandier

360 3678 172 63 [1932]

270 3738 1088 58 3 p. l., [9]-245 p., 1 l. incl. 2 maps. 19 ᶜᵐ .
208 3798 1869 55 © Sept. 24, 1932; 1c. Nov. 9; A— Foreign 18457; Jules Tallandier.
285 3859 278 48 (32-34777)

258 3936 121 63 Vogt,
407 3934 133 55 Nils
567 3934 230 67 Collett,
830 3941 170 51 1864-

333 4011 1857 73 … Fra gutt til mann; et stykke selvbiografi. Oslo,
202 4087 77 55 H.
303 4088 342 70 Aschehoug
668 4092 45 50 &
737 4107 98 50 co.,
862 4093 149 50 1932.
