<alto xmlns="http://www.loc.gov/standards/alto/ns-v3#" xmlns:xlink="http://www.w3.org/1999/xlink" xmlns:xsi="http://www.w3.org/2001/XMLSchema-instance" xsi:schemaLocation="http://www.loc.gov/standards/alto/ns-v3# http://www.loc.gov/alto/v3/alto-3-0.xsd"><Description>
<MeasurementUnit>pixel</MeasurementUnit>
<sourceImageInformation>
<fileName>1932_v29_part001.pdf</fileName>
</sourceImageInformation>
<OCRProcessing ID="IdOcr">
<ocrProcessingStep>
<processingDateTime>2019-04-25</processingDateTime>
<processingSoftware>
<softwareCreator>ABBYY</softwareCreator>
<softwareName>ABBYY Recognition Server</softwareName>
<softwareVersion>4.0</softwareVersion>
</processingSoftware>
</ocrProcessingStep>
</OCRProcessing>
</Description>
<Styles>
<ParagraphStyle ID="StyleId-FFFFFFFF-FFFF-FFFF-FFFF-FFFFFFFFFFFF-" ALIGN="Left" LEFT="0." RIGHT="0." FIRSTLINE="0."/>
<ParagraphStyle ID="StyleId-547D96D3-B2DE-4E86-A4BD-9DDFC275973A-" ALIGN="Left" LEFT="0." RIGHT="0." FIRSTLINE="0." LINESPACE="7.699999809"/>
<ParagraphStyle ID="StyleId-BE433B82-DF6F-491A-9872-F562FF4150C8-" ALIGN="Block" LEFT="0." RIGHT="0." FIRSTLINE="-13." LINESPACE="7.900000095"/>
<ParagraphStyle ID="StyleId-CC286467-50C5-4655-B0CF-BA365CCE0736-" ALIGN="Block" LEFT="0." RIGHT="0." FIRSTLINE="-15." LINESPACE="8.479999542"/>
<ParagraphStyle ID="StyleId-9878414D-BEDB-487D-971A-CF5ADB5C4AD2-" ALIGN="Block" LEFT="0." RIGHT="0." FIRSTLINE="-14." LINESPACE="10.92000008"/>
<ParagraphStyle ID="StyleId-EBC70DE5-3635-4BD4-B07B-05DF6EFE0022-" ALIGN="Block" LEFT="0." RIGHT="0." FIRSTLINE="-13." LINESPACE="12.19999981"/>
<ParagraphStyle ID="StyleId-8A688F83-F017-4D5D-A00A-14637016ED45-" ALIGN="Left" LEFT="0." RIGHT="0." FIRSTLINE="0." LINESPACE="9.399999619"/>
<ParagraphStyle ID="StyleId-20F0BBAE-20C6-42F4-8113-00B5C02924DC-" ALIGN="Left" LEFT="0." RIGHT="0." FIRSTLINE="0." LINESPACE="11.10000038"/>
<ParagraphStyle ID="StyleId-7AA70148-8873-4ACB-90AE-BF9322E02302-" ALIGN="Left" LEFT="0." RIGHT="0." FIRSTLINE="-13." LINESPACE="11.09000015"/>
<ParagraphStyle ID="StyleId-072EF7BA-7207-4F8B-9A7C-F564E8B4CB16-" ALIGN="Left" LEFT="0." RIGHT="0." FIRSTLINE="-14." LINESPACE="12.19999981"/>
<ParagraphStyle ID="StyleId-44303D12-21D7-4DB0-9E9F-87FA1A861DD7-" ALIGN="Block" LEFT="0." RIGHT="0." FIRSTLINE="-14." LINESPACE="10.92000008"/>
<ParagraphStyle ID="StyleId-43CF0D44-8AC2-4CD0-865F-942C78705184-" ALIGN="Block" LEFT="0." RIGHT="0." FIRSTLINE="-13." LINESPACE="12.19999981"/>
<ParagraphStyle ID="StyleId-7A298A86-29F5-413A-AEC9-078A4CC464D7-" ALIGN="Block" LEFT="0." RIGHT="0." FIRSTLINE="13." LINESPACE="12.19999981"/>
<ParagraphStyle ID="StyleId-8E4E86F7-C1F9-4A1A-B605-6B1FC1C8E9F7-" ALIGN="Left" LEFT="0." RIGHT="0." FIRSTLINE="0." LINESPACE="11.60000038"/>
<ParagraphStyle ID="StyleId-AB39791B-5ED1-444F-BEF5-2CFED1F2709A-" ALIGN="Left" LEFT="0." RIGHT="0." FIRSTLINE="-13." LINESPACE="11.09000015"/>
<ParagraphStyle ID="StyleId-C1F2EEE7-CD00-4E11-9EAD-B222287AEDA4-" ALIGN="Center" LEFT="0." RIGHT="0." FIRSTLINE="0." LINESPACE="11.10000038"/>
</Styles>
<Layout>
<Page ID="Page1356" PHYSICAL_IMG_NR="1356" HEIGHT="4368" WIDTH="2563">
<TopMargin HEIGHT="414" WIDTH="2563" VPOS="0" HPOS="0">
</TopMargin>
<LeftMargin HEIGHT="3673" WIDTH="208" VPOS="414" HPOS="0">
</LeftMargin>
<RightMargin HEIGHT="3673" WIDTH="219" VPOS="414" HPOS="2344">
</RightMargin>
<BottomMargin HEIGHT="281" WIDTH="2563" VPOS="4087" HPOS="0">
</BottomMargin>
<PrintSpace HEIGHT="3673" WIDTH="2136" VPOS="414" HPOS="208">
<TextBlock ID="Page1356_Block1" HEIGHT="51" WIDTH="156" VPOS="4036" HPOS="1254" LANG="la" CS="1" STYLEREFS="StyleId-DF456533-76A6-44C9-8187-DD4B58E3F875-">
<TextLine HEIGHT="0" WIDTH="0" VPOS="0" HPOS="0" CS="1">
<String CS="1" CONTENT="1356"/>
</TextLine>
</TextBlock>
<TextBlock ID="Page1356_Block2" HEIGHT="3630" WIDTH="2022" VPOS="414" HPOS="322" LANG="en-US" CS="1" STYLEREFS="StyleId-9F28D108-F1C4-4613-800A-264D58A04AC1-">
<TextLine HEIGHT="69" WIDTH="993" VPOS="425" HPOS="333" STYLEREFS="StyleId-FACB6633-DEB5-412D-AFC1-B7A89B64E68A-">
<String CONTENT="Pruner," HEIGHT="64" WIDTH="246" VPOS="430" HPOS="333"/>
<SP HEIGHT="67" WIDTH="28" VPOS="427" HPOS="580"/>
<String CONTENT="Alfred" HEIGHT="54" WIDTH="211" VPOS="427" HPOS="609"/>
<SP HEIGHT="53" WIDTH="25" VPOS="428" HPOS="821"/>
<String CONTENT="William," HEIGHT="66" WIDTH="274" VPOS="425" HPOS="847"/>
<SP HEIGHT="58" WIDTH="31" VPOS="433" HPOS="1122"/>
<String CONTENT="1904-" HEIGHT="50" WIDTH="172" VPOS="431" HPOS="1154"/>
</TextLine>
<TextLine HEIGHT="154" WIDTH="1969" VPOS="498" HPOS="333" STYLEREFS="StyleId-FACB6633-DEB5-412D-AFC1-B7A89B64E68A-" CS="1">
<String CONTENT="The" HEIGHT="53" WIDTH="122" VPOS="507" HPOS="401"/>
<SP HEIGHT="53" WIDTH="25" VPOS="507" HPOS="524"/>
<String CONTENT="history" HEIGHT="67" WIDTH="220" VPOS="506" HPOS="550"/>
<SP HEIGHT="49" WIDTH="28" VPOS="524" HPOS="771"/>
<String CONTENT="of" HEIGHT="53" WIDTH="64" VPOS="504" HPOS="800"/>
<SP HEIGHT="55" WIDTH="28" VPOS="504" HPOS="865"/>
<String CONTENT="Saint" HEIGHT="55" WIDTH="165" VPOS="504" HPOS="894"/>
<SP HEIGHT="53" WIDTH="25" VPOS="504" HPOS="1060"/>
<String CONTENT="Paul&#8217;s" HEIGHT="54" WIDTH="194" VPOS="502" HPOS="1086"/>
<SP HEIGHT="52" WIDTH="25" VPOS="504" HPOS="1281"/>
<String CONTENT="lodge," HEIGHT="67" WIDTH="184" VPOS="503" HPOS="1307"/>
<SP HEIGHT="49" WIDTH="23" VPOS="521" HPOS="1492"/>
<String CONTENT="no." HEIGHT="33" WIDTH="90" VPOS="521" HPOS="1516"/>
<SP HEIGHT="49" WIDTH="28" VPOS="505" HPOS="1607"/>
<String CONTENT="11," HEIGHT="64" WIDTH="82" VPOS="505" HPOS="1636"/>
<SP HEIGHT="68" WIDTH="25" VPOS="501" HPOS="1719"/>
<String LANG="fr" CONTENT="F." HEIGHT="52" WIDTH="65" VPOS="501" HPOS="1745"/>
<SP HEIGHT="50" WIDTH="27" VPOS="503" HPOS="1811"/>
<String CONTENT="&amp;" HEIGHT="49" WIDTH="46" VPOS="503" HPOS="1839"/>
<SP HEIGHT="52" WIDTH="23" VPOS="500" HPOS="1886"/>
<String CONTENT="A." HEIGHT="53" WIDTH="71" VPOS="500" HPOS="1910"/>
<SP HEIGHT="55" WIDTH="26" VPOS="498" HPOS="1982"/>
<String CONTENT="M.," HEIGHT="69" WIDTH="99" VPOS="498" HPOS="2009"/>
<SP HEIGHT="68" WIDTH="24" VPOS="499" HPOS="2109"/>
<String CONTENT="Litchfield," HEIGHT="154" WIDTH="1969" VPOS="498" HPOS="333"/>
</TextLine>
<TextLine HEIGHT="152" WIDTH="1970" VPOS="577" HPOS="333" STYLEREFS="StyleId-FACB6633-DEB5-412D-AFC1-B7A89B64E68A-" CS="1">
<String CONTENT="Connecticut," HEIGHT="66" WIDTH="387" VPOS="583" HPOS="522"/>
<SP HEIGHT="63" WIDTH="39" VPOS="586" HPOS="910"/>
<String CONTENT="1781-1931," HEIGHT="67" WIDTH="327" VPOS="581" HPOS="950"/>
<SP HEIGHT="49" WIDTH="36" VPOS="599" HPOS="1278"/>
<String CONTENT="with" HEIGHT="51" WIDTH="139" VPOS="581" HPOS="1315"/>
<SP HEIGHT="52" WIDTH="38" VPOS="580" HPOS="1455"/>
<String CONTENT="historical" HEIGHT="56" WIDTH="293" VPOS="577" HPOS="1494"/>
<SP HEIGHT="52" WIDTH="34" VPOS="580" HPOS="1788"/>
<String CONTENT="sketches" HEIGHT="55" WIDTH="253" VPOS="577" HPOS="1823"/>
<SP HEIGHT="34" WIDTH="35" VPOS="596" HPOS="2077"/>
<String CONTENT="of" HEIGHT="52" WIDTH="63" VPOS="577" HPOS="2113"/>
<SP HEIGHT="52" WIDTH="34" VPOS="577" HPOS="2177"/>
<String CONTENT="Darius" HEIGHT="138" WIDTH="1970" VPOS="577" HPOS="333"/>
<SP HEIGHT="34" WIDTH="26" VPOS="681" HPOS="452"/>
<String CONTENT="chapter," HEIGHT="67" WIDTH="253" VPOS="662" HPOS="479"/>
</TextLine>
<TextLine HEIGHT="75" WIDTH="1572" VPOS="653" HPOS="757" STYLEREFS="StyleId-FACB6633-DEB5-412D-AFC1-B7A89B64E68A-">
<String CONTENT="no." HEIGHT="34" WIDTH="90" VPOS="679" HPOS="757"/>
<SP HEIGHT="48" WIDTH="30" VPOS="664" HPOS="848"/>
<String CONTENT="16," HEIGHT="65" WIDTH="82" VPOS="663" HPOS="879"/>
<SP HEIGHT="68" WIDTH="24" VPOS="660" HPOS="962"/>
<String LANG="fr" CONTENT="R." HEIGHT="52" WIDTH="68" VPOS="660" HPOS="987"/>
<SP HEIGHT="55" WIDTH="27" VPOS="657" HPOS="1056"/>
<String CONTENT="A." HEIGHT="55" WIDTH="71" VPOS="657" HPOS="1084"/>
<SP HEIGHT="54" WIDTH="27" VPOS="658" HPOS="1156"/>
<String CONTENT="M.," HEIGHT="68" WIDTH="99" VPOS="658" HPOS="1184"/>
<SP HEIGHT="66" WIDTH="26" VPOS="660" HPOS="1284"/>
<String CONTENT="Buel" HEIGHT="51" WIDTH="144" VPOS="659" HPOS="1311"/>
<SP HEIGHT="51" WIDTH="26" VPOS="659" HPOS="1456"/>
<String CONTENT="council," HEIGHT="70" WIDTH="237" VPOS="655" HPOS="1483"/>
<SP HEIGHT="49" WIDTH="25" VPOS="676" HPOS="1721"/>
<String CONTENT="no." HEIGHT="33" WIDTH="89" VPOS="676" HPOS="1747"/>
<SP HEIGHT="50" WIDTH="26" VPOS="659" HPOS="1837"/>
<String CONTENT="20," HEIGHT="65" WIDTH="84" VPOS="658" HPOS="1864"/>
<SP HEIGHT="66" WIDTH="25" VPOS="657" HPOS="1949"/>
<String LANG="fr" CONTENT="R." HEIGHT="53" WIDTH="68" VPOS="657" HPOS="1975"/>
<SP HEIGHT="52" WIDTH="26" VPOS="658" HPOS="2044"/>
<String CONTENT="&amp;" HEIGHT="50" WIDTH="46" VPOS="658" HPOS="2071"/>
<SP HEIGHT="55" WIDTH="27" VPOS="653" HPOS="2118"/>
<String LANG="fr" CONTENT="S." HEIGHT="55" WIDTH="56" VPOS="653" HPOS="2146"/>
<SP HEIGHT="52" WIDTH="25" VPOS="656" HPOS="2203"/>
<String CONTENT="M.," HEIGHT="66" WIDTH="100" VPOS="656" HPOS="2229"/>
</TextLine>
<TextLine HEIGHT="141" WIDTH="1972" VPOS="731" HPOS="333" STYLEREFS="StyleId-FACB6633-DEB5-412D-AFC1-B7A89B64E68A-" CS="1">
<String CONTENT="Ephraim" HEIGHT="67" WIDTH="283" VPOS="741" HPOS="334"/>
<SP HEIGHT="52" WIDTH="26" VPOS="739" HPOS="618"/>
<String CONTENT="Kirby" HEIGHT="68" WIDTH="189" VPOS="737" HPOS="645"/>
<SP HEIGHT="50" WIDTH="28" VPOS="755" HPOS="835"/>
<String CONTENT="chapter," HEIGHT="66" WIDTH="254" VPOS="738" HPOS="864"/>
<SP HEIGHT="49" WIDTH="24" VPOS="754" HPOS="1119"/>
<String CONTENT="no." HEIGHT="34" WIDTH="89" VPOS="754" HPOS="1144"/>
<SP HEIGHT="53" WIDTH="28" VPOS="736" HPOS="1234"/>
<String CONTENT="75," HEIGHT="67" WIDTH="83" VPOS="736" HPOS="1263"/>
<SP HEIGHT="68" WIDTH="27" VPOS="735" HPOS="1347"/>
<String LANG="fr" CONTENT="O." HEIGHT="54" WIDTH="68" VPOS="735" HPOS="1375"/>
<SP HEIGHT="51" WIDTH="26" VPOS="736" HPOS="1444"/>
<String CONTENT="E." HEIGHT="51" WIDTH="68" VPOS="736" HPOS="1471"/>
<SP HEIGHT="54" WIDTH="30" VPOS="734" HPOS="1540"/>
<String CONTENT="S.," HEIGHT="68" WIDTH="77" VPOS="734" HPOS="1571"/>
<SP HEIGHT="50" WIDTH="25" VPOS="752" HPOS="1649"/>
<String CONTENT="compiled" HEIGHT="67" WIDTH="281" VPOS="733" HPOS="1675"/>
<SP HEIGHT="52" WIDTH="25" VPOS="734" HPOS="1957"/>
<String CONTENT="by" HEIGHT="67" WIDTH="76" VPOS="734" HPOS="1983"/>
<SP HEIGHT="69" WIDTH="25" VPOS="732" HPOS="2060"/>
<String CONTENT="A." HEIGHT="53" WIDTH="71" VPOS="732" HPOS="2086"/>
<SP HEIGHT="53" WIDTH="26" VPOS="732" HPOS="2158"/>
<String CONTENT="William" HEIGHT="141" WIDTH="1972" VPOS="731" HPOS="333"/>
</TextLine>
<TextLine HEIGHT="71" WIDTH="1684" VPOS="811" HPOS="500" STYLEREFS="StyleId-FACB6633-DEB5-412D-AFC1-B7A89B64E68A-" CS="1">
<String CONTENT="Pruner." HEIGHT="52" WIDTH="239" VPOS="818" HPOS="500"/>
<SP HEIGHT="34" WIDTH="70" VPOS="848" HPOS="740"/>
<String CONTENT="[Hartford," HEIGHT="69" WIDTH="329" VPOS="813" HPOS="811"/>
<SP HEIGHT="67" WIDTH="27" VPOS="814" HPOS="1141"/>
<String CONTENT="Press" HEIGHT="52" WIDTH="168" VPOS="814" HPOS="1169"/>
<SP HEIGHT="33" WIDTH="28" VPOS="832" HPOS="1338"/>
<String CONTENT="of" HEIGHT="53" WIDTH="65" VPOS="812" HPOS="1367"/>
<SP HEIGHT="52" WIDTH="28" VPOS="812" HPOS="1433"/>
<String CONTENT="Finlay" HEIGHT="69" WIDTH="212" VPOS="811" HPOS="1462"/>
<SP HEIGHT="68" WIDTH="25" VPOS="812" HPOS="1675"/>
<String CONTENT="brothers," HEIGHT="67" WIDTH="278" VPOS="812" HPOS="1701"/>
<SP HEIGHT="62" WIDTH="28" VPOS="817" HPOS="1980"/>
<String STYLE="superscript" CS="1" CONTENT="&#7580;1"/>
<String CONTENT="932]" HEIGHT="64" WIDTH="118" VPOS="812" HPOS="2066"/>
</TextLine>
<TextLine HEIGHT="54" WIDTH="920" VPOS="886" HPOS="403" CS="1">
<String CONTENT="3" HEIGHT="39" WIDTH="25" VPOS="893" HPOS="403"/>
<SP HEIGHT="47" WIDTH="24" VPOS="893" HPOS="429"/>
<String LANG="fr" CONTENT="p." HEIGHT="38" WIDTH="43" VPOS="902" HPOS="454"/>
<SP/>
<String LANG="fr" CS="1" CONTENT="l.,"/>
<SP/>
<String CONTENT="76" HEIGHT="41" WIDTH="58" VPOS="889" HPOS="594"/>
<SP HEIGHT="48" WIDTH="22" VPOS="889" HPOS="653"/>
<String CONTENT="p." HEIGHT="37" WIDTH="43" VPOS="900" HPOS="676"/>
<SP HEIGHT="42" WIDTH="56" VPOS="888" HPOS="720"/>
<String CONTENT="front.," HEIGHT="48" WIDTH="165" VPOS="888" HPOS="777"/>
<SP HEIGHT="39" WIDTH="25" VPOS="897" HPOS="943"/>
<String CONTENT="ports." HEIGHT="46" WIDTH="148" VPOS="889" HPOS="969"/>
<SP HEIGHT="41" WIDTH="58" VPOS="886" HPOS="1118"/>
<String CS="1" CONTENT="23&#189;" HEIGHT="40" WIDTH="56" VPOS="886" HPOS="1177"/>
<String STYLE="superscript" CS="1" CONTENT="&#7580;&#7504;"/>
<String CONTENT="." HEIGHT="9" WIDTH="9" VPOS="917" HPOS="1314"/>
</TextLine>
<TextLine HEIGHT="57" WIDTH="1992" VPOS="939" HPOS="337" CS="1">
<String CONTENT="&#169;" HEIGHT="53" WIDTH="51" VPOS="943" HPOS="337"/>
<SP HEIGHT="53" WIDTH="25" VPOS="943" HPOS="389"/>
<String CONTENT="Aug." HEIGHT="47" WIDTH="120" VPOS="948" HPOS="415"/>
<SP HEIGHT="40" WIDTH="23" VPOS="948" HPOS="536"/>
<String CONTENT="10," HEIGHT="48" WIDTH="68" VPOS="947" HPOS="560"/>
<SP HEIGHT="48" WIDTH="25" VPOS="947" HPOS="629"/>
<String CS="1" CONTENT="1932;" HEIGHT="41" WIDTH="113" VPOS="945" HPOS="655"/>
<SP HEIGHT="47" WIDTH="24" VPOS="946" HPOS="797"/>
<String CONTENT="2c." HEIGHT="40" WIDTH="68" VPOS="946" HPOS="822"/>
<SP HEIGHT="29" WIDTH="25" VPOS="956" HPOS="891"/>
<String CONTENT="and" HEIGHT="39" WIDTH="95" VPOS="946" HPOS="917"/>
<SP HEIGHT="38" WIDTH="24" VPOS="946" HPOS="1013"/>
<String CONTENT="aff." HEIGHT="40" WIDTH="81" VPOS="944" HPOS="1038"/>
<SP HEIGHT="40" WIDTH="30" VPOS="945" HPOS="1120"/>
<String CONTENT="Sept." HEIGHT="46" WIDTH="127" VPOS="945" HPOS="1151"/>
<SP HEIGHT="39" WIDTH="24" VPOS="944" HPOS="1279"/>
<String CS="1" CONTENT="1;" HEIGHT="38" WIDTH="24" VPOS="944" HPOS="1304"/>
<SP HEIGHT="47" WIDTH="28" VPOS="943" HPOS="1357"/>
<!-- cceid 0F0B88A8-6D7D-1014-B4A5-D7A31D17AB40 --><String CONTENT="A" HEIGHT="39" WIDTH="40" VPOS="943" HPOS="1386"/>
<SP HEIGHT="39" WIDTH="25" VPOS="943" HPOS="1427"/>
<String CS="1" CONTENT="54607;" HEIGHT="41" WIDTH="143" VPOS="942" HPOS="1453"/>
<SP HEIGHT="47" WIDTH="28" VPOS="943" HPOS="1623"/>
<String CONTENT="A." HEIGHT="39" WIDTH="54" VPOS="943" HPOS="1652"/>
<SP HEIGHT="39" WIDTH="25" VPOS="944" HPOS="1707"/>
<String CONTENT="W." HEIGHT="39" WIDTH="71" VPOS="944" HPOS="1733"/>
<SP HEIGHT="40" WIDTH="26" VPOS="943" HPOS="1805"/>
<String CONTENT="Pruner," HEIGHT="47" WIDTH="201" VPOS="943" HPOS="1832"/>
<SP HEIGHT="48" WIDTH="26" VPOS="942" HPOS="2034"/>
<String CONTENT="Litchfield," HEIGHT="49" WIDTH="268" VPOS="939" HPOS="2061"/>
</TextLine>
<TextLine HEIGHT="49" WIDTH="495" VPOS="1002" HPOS="406">
<String CONTENT="Conn." HEIGHT="41" WIDTH="146" VPOS="1004" HPOS="406"/>
<SP HEIGHT="48" WIDTH="69" VPOS="1003" HPOS="553"/>
<String CONTENT="(32-23720)" HEIGHT="49" WIDTH="278" VPOS="1002" HPOS="623"/>
</TextLine>
<TextLine HEIGHT="66" WIDTH="892" VPOS="1076" HPOS="332" STYLEREFS="StyleId-0BAE1EEA-BE73-40CC-B5EF-77C62203B6F4-">
<String CONTENT="Ranlett," HEIGHT="64" WIDTH="262" VPOS="1078" HPOS="332"/>
<SP HEIGHT="63" WIDTH="25" VPOS="1079" HPOS="595"/>
<String CONTENT="Susan" HEIGHT="55" WIDTH="192" VPOS="1079" HPOS="621"/>
<SP HEIGHT="54" WIDTH="26" VPOS="1077" HPOS="814"/>
<String CONTENT="Alice," HEIGHT="63" WIDTH="182" VPOS="1076" HPOS="841"/>
<SP HEIGHT="56" WIDTH="27" VPOS="1083" HPOS="1024"/>
<String CONTENT="1853-" HEIGHT="50" WIDTH="172" VPOS="1081" HPOS="1052"/>
</TextLine>
<TextLine HEIGHT="73" WIDTH="1927" VPOS="1150" HPOS="404" STYLEREFS="StyleId-FACB6633-DEB5-412D-AFC1-B7A89B64E68A-">
<String CONTENT="Boiling" HEIGHT="67" WIDTH="236" VPOS="1156" HPOS="404"/>
<SP HEIGHT="49" WIDTH="25" VPOS="1174" HPOS="641"/>
<String CONTENT="springs," HEIGHT="68" WIDTH="247" VPOS="1155" HPOS="667"/>
<SP HEIGHT="68" WIDTH="24" VPOS="1154" HPOS="915"/>
<String CONTENT="by" HEIGHT="68" WIDTH="74" VPOS="1154" HPOS="940"/>
<SP HEIGHT="70" WIDTH="29" VPOS="1152" HPOS="1015"/>
<String LANG="de" CONTENT="Susanne" HEIGHT="55" WIDTH="257" VPOS="1152" HPOS="1045"/>
<SP HEIGHT="53" WIDTH="24" VPOS="1152" HPOS="1303"/>
<String CONTENT="Alice" HEIGHT="53" WIDTH="162" VPOS="1152" HPOS="1328"/>
<SP HEIGHT="52" WIDTH="26" VPOS="1153" HPOS="1491"/>
<String CONTENT="Ranlett." HEIGHT="52" WIDTH="250" VPOS="1152" HPOS="1518"/>
<SP HEIGHT="50" WIDTH="64" VPOS="1153" HPOS="1769"/>
<String CONTENT="Boston," HEIGHT="65" WIDTH="232" VPOS="1153" HPOS="1834"/>
<SP HEIGHT="68" WIDTH="24" VPOS="1150" HPOS="2067"/>
<String CONTENT="Meador" HEIGHT="54" WIDTH="239" VPOS="1150" HPOS="2092"/>
</TextLine>
<TextLine HEIGHT="70" WIDTH="839" VPOS="1233" HPOS="334" STYLEREFS="StyleId-FACB6633-DEB5-412D-AFC1-B7A89B64E68A-">
<String CONTENT="publishing" HEIGHT="70" WIDTH="334" VPOS="1233" HPOS="334"/>
<SP HEIGHT="49" WIDTH="25" VPOS="1251" HPOS="669"/>
<String CONTENT="company," HEIGHT="51" WIDTH="298" VPOS="1248" HPOS="695"/>
<SP HEIGHT="64" WIDTH="27" VPOS="1235" HPOS="994"/>
<String CONTENT="1932." HEIGHT="49" WIDTH="151" VPOS="1234" HPOS="1022"/>
</TextLine>
<TextLine HEIGHT="51" WIDTH="576" VPOS="1304" HPOS="403" CS="1">
<String CONTENT="166" HEIGHT="40" WIDTH="87" VPOS="1307" HPOS="403"/>
<SP HEIGHT="48" WIDTH="28" VPOS="1307" HPOS="491"/>
<String CONTENT="p." HEIGHT="38" WIDTH="44" VPOS="1317" HPOS="520"/>
<SP HEIGHT="41" WIDTH="56" VPOS="1306" HPOS="565"/>
<String CONTENT="front." HEIGHT="40" WIDTH="150" VPOS="1306" HPOS="622"/>
<SP HEIGHT="41" WIDTH="57" VPOS="1305" HPOS="773"/>
<String CS="1" CONTENT="20&#189;" HEIGHT="41" WIDTH="59" VPOS="1304" HPOS="831"/>
<String STYLE="superscript" CS="1" CONTENT="&#7580;&#7504;"/>
<String CONTENT="." HEIGHT="9" WIDTH="10" VPOS="1336" HPOS="969"/>
</TextLine>
<TextLine HEIGHT="53" WIDTH="1994" VPOS="1359" HPOS="338" CS="1">
<String CONTENT="&#169;" HEIGHT="51" WIDTH="51" VPOS="1361" HPOS="338"/>
<SP HEIGHT="51" WIDTH="27" VPOS="1361" HPOS="390"/>
<String CONTENT="Aug." HEIGHT="48" WIDTH="120" VPOS="1364" HPOS="418"/>
<SP HEIGHT="40" WIDTH="24" VPOS="1364" HPOS="539"/>
<String CONTENT="29," HEIGHT="49" WIDTH="70" VPOS="1362" HPOS="564"/>
<SP HEIGHT="48" WIDTH="26" VPOS="1363" HPOS="635"/>
<String CS="1" CONTENT="1932;" HEIGHT="42" WIDTH="112" VPOS="1361" HPOS="662"/>
<SP HEIGHT="47" WIDTH="28" VPOS="1362" HPOS="803"/>
<String CONTENT="2c." HEIGHT="40" WIDTH="68" VPOS="1362" HPOS="832"/>
<SP HEIGHT="40" WIDTH="28" VPOS="1362" HPOS="901"/>
<String CONTENT="Sept." HEIGHT="47" WIDTH="127" VPOS="1362" HPOS="930"/>
<SP HEIGHT="40" WIDTH="26" VPOS="1361" HPOS="1058"/>
<String CS="1" CONTENT="9;" HEIGHT="40" WIDTH="26" VPOS="1361" HPOS="1085"/>
<SP HEIGHT="37" WIDTH="30" VPOS="1370" HPOS="1138"/>
<String CONTENT="aff." HEIGHT="39" WIDTH="81" VPOS="1360" HPOS="1169"/>
<SP HEIGHT="40" WIDTH="30" VPOS="1360" HPOS="1251"/>
<String CONTENT="Sept." HEIGHT="48" WIDTH="127" VPOS="1360" HPOS="1282"/>
<SP HEIGHT="41" WIDTH="26" VPOS="1360" HPOS="1410"/>
<String CS="1" CONTENT="8;" HEIGHT="41" WIDTH="29" VPOS="1360" HPOS="1437"/>
<SP HEIGHT="46" WIDTH="29" VPOS="1361" HPOS="1490"/>
<!-- cceid 0F0BC686-6D7D-1014-B4A5-D7A31D17AB40 --><String CONTENT="A" HEIGHT="38" WIDTH="41" VPOS="1361" HPOS="1520"/>
<SP HEIGHT="40" WIDTH="26" VPOS="1359" HPOS="1562"/>
<String CS="1" CONTENT="55024;" HEIGHT="40" WIDTH="144" VPOS="1359" HPOS="1589"/>
<SP HEIGHT="46" WIDTH="30" VPOS="1361" HPOS="1760"/>
<String CONTENT="Edward" HEIGHT="40" WIDTH="211" VPOS="1360" HPOS="1791"/>
<SP HEIGHT="40" WIDTH="26" VPOS="1359" HPOS="2003"/>
<String CONTENT="K." HEIGHT="41" WIDTH="60" VPOS="1359" HPOS="2030"/>
<SP HEIGHT="41" WIDTH="27" VPOS="1359" HPOS="2091"/>
<String CONTENT="Meador," HEIGHT="43" WIDTH="213" VPOS="1359" HPOS="2119"/>
</TextLine>
<TextLine HEIGHT="49" WIDTH="546" VPOS="1418" HPOS="405">
<String CONTENT="Boston." HEIGHT="40" WIDTH="197" VPOS="1421" HPOS="405"/>
<SP HEIGHT="48" WIDTH="69" VPOS="1419" HPOS="603"/>
<String CONTENT="(32-23575)" HEIGHT="49" WIDTH="278" VPOS="1418" HPOS="673"/>
</TextLine>
<TextLine HEIGHT="68" WIDTH="845" VPOS="1492" HPOS="334" STYLEREFS="StyleId-0BAE1EEA-BE73-40CC-B5EF-77C62203B6F4-">
<String CONTENT="Reinhardt," HEIGHT="66" WIDTH="349" VPOS="1494" HPOS="334"/>
<SP HEIGHT="65" WIDTH="27" VPOS="1495" HPOS="684"/>
<String CONTENT="James" HEIGHT="53" WIDTH="204" VPOS="1495" HPOS="712"/>
<SP HEIGHT="53" WIDTH="23" VPOS="1494" HPOS="917"/>
<String CONTENT="Melvin." HEIGHT="56" WIDTH="238" VPOS="1492" HPOS="941"/>
</TextLine>
<TextLine HEIGHT="135" WIDTH="1972" VPOS="1568" HPOS="334" STYLEREFS="StyleId-FACB6633-DEB5-412D-AFC1-B7A89B64E68A-" CS="1">
<String CONTENT="Principles" HEIGHT="68" WIDTH="321" VPOS="1570" HPOS="405"/>
<SP HEIGHT="35" WIDTH="26" VPOS="1590" HPOS="727"/>
<String CONTENT="and" HEIGHT="51" WIDTH="111" VPOS="1573" HPOS="754"/>
<SP HEIGHT="51" WIDTH="25" VPOS="1573" HPOS="866"/>
<String CONTENT="methods" HEIGHT="54" WIDTH="260" VPOS="1570" HPOS="892"/>
<SP HEIGHT="34" WIDTH="25" VPOS="1590" HPOS="1153"/>
<String CONTENT="of" HEIGHT="54" WIDTH="64" VPOS="1569" HPOS="1179"/>
<SP HEIGHT="55" WIDTH="22" VPOS="1569" HPOS="1244"/>
<String CONTENT="sociology," HEIGHT="71" WIDTH="303" VPOS="1568" HPOS="1267"/>
<SP HEIGHT="68" WIDTH="22" VPOS="1570" HPOS="1571"/>
<String CONTENT="by" HEIGHT="68" WIDTH="77" VPOS="1570" HPOS="1594"/>
<SP HEIGHT="66" WIDTH="21" VPOS="1572" HPOS="1672"/>
<String CONTENT="James" HEIGHT="54" WIDTH="195" VPOS="1572" HPOS="1694"/>
<SP HEIGHT="52" WIDTH="22" VPOS="1571" HPOS="1890"/>
<String CONTENT="Melvin" HEIGHT="54" WIDTH="219" VPOS="1569" HPOS="1913"/>
<SP HEIGHT="51" WIDTH="25" VPOS="1572" HPOS="2133"/>
<String CONTENT="Reinhardt" HEIGHT="134" WIDTH="1972" VPOS="1569" HPOS="334"/>
</TextLine>
<TextLine HEIGHT="70" WIDTH="1732" VPOS="1647" HPOS="598" STYLEREFS="StyleId-FACB6633-DEB5-412D-AFC1-B7A89B64E68A-" CS="1">
<String CS="1" CONTENT="&#8230;"/>
<SP HEIGHT="36" WIDTH="32" VPOS="1668" HPOS="598"/>
<String CONTENT="and" HEIGHT="51" WIDTH="112" VPOS="1651" HPOS="631"/>
<SP HEIGHT="55" WIDTH="28" VPOS="1648" HPOS="744"/>
<String CONTENT="George" HEIGHT="69" WIDTH="222" VPOS="1648" HPOS="773"/>
<SP HEIGHT="51" WIDTH="26" VPOS="1651" HPOS="996"/>
<String CONTENT="R." HEIGHT="53" WIDTH="67" VPOS="1651" HPOS="1023"/>
<SP HEIGHT="54" WIDTH="30" VPOS="1650" HPOS="1091"/>
<String CONTENT="Davies" HEIGHT="55" WIDTH="212" VPOS="1647" HPOS="1122"/>
<SP HEIGHT="35" WIDTH="34" VPOS="1667" HPOS="1335"/>
<String CS="1" CONTENT="&#8230;"/>
<SP HEIGHT="53" WIDTH="75" VPOS="1650" HPOS="1427"/>
<String CONTENT="New" HEIGHT="52" WIDTH="139" VPOS="1650" HPOS="1503"/>
<SP HEIGHT="52" WIDTH="29" VPOS="1650" HPOS="1643"/>
<String CONTENT="York," HEIGHT="69" WIDTH="179" VPOS="1647" HPOS="1673"/>
<SP HEIGHT="66" WIDTH="26" VPOS="1650" HPOS="1853"/>
<String CONTENT="Prentice-Hall," HEIGHT="68" WIDTH="450" VPOS="1648" HPOS="1880"/>
</TextLine>
<TextLine HEIGHT="67" WIDTH="305" VPOS="1729" HPOS="336" STYLEREFS="StyleId-FACB6633-DEB5-412D-AFC1-B7A89B64E68A-">
<String CONTENT="inc.," HEIGHT="67" WIDTH="124" VPOS="1729" HPOS="336"/>
<SP HEIGHT="61" WIDTH="29" VPOS="1735" HPOS="461"/>
<String CONTENT="1932." HEIGHT="51" WIDTH="150" VPOS="1732" HPOS="491"/>
</TextLine>
<TextLine HEIGHT="50" WIDTH="1070" VPOS="1799" HPOS="509" CS="1">
<String CS="1" CONTENT="xxv," HEIGHT="17" WIDTH="9" VPOS="1832" HPOS="509"/>
<SP HEIGHT="47" WIDTH="23" VPOS="1802" HPOS="519"/>
<String CONTENT="685" HEIGHT="42" WIDTH="84" VPOS="1800" HPOS="543"/>
<SP HEIGHT="48" WIDTH="25" VPOS="1800" HPOS="628"/>
<String CONTENT="p." HEIGHT="37" WIDTH="43" VPOS="1811" HPOS="654"/>
<SP HEIGHT="41" WIDTH="25" VPOS="1800" HPOS="698"/>
<String CONTENT="incl." HEIGHT="40" WIDTH="108" VPOS="1800" HPOS="724"/>
<SP HEIGHT="39" WIDTH="24" VPOS="1801" HPOS="833"/>
<String CONTENT="illus.," HEIGHT="48" WIDTH="143" VPOS="1800" HPOS="858"/>
<SP HEIGHT="46" WIDTH="25" VPOS="1802" HPOS="1002"/>
<String CONTENT="tables," HEIGHT="47" WIDTH="168" VPOS="1800" HPOS="1028"/>
<SP HEIGHT="47" WIDTH="26" VPOS="1800" HPOS="1197"/>
<String CONTENT="diagrs." HEIGHT="48" WIDTH="179" VPOS="1799" HPOS="1224"/>
<SP HEIGHT="41" WIDTH="57" VPOS="1799" HPOS="1404"/>
<String CONTENT="21" HEIGHT="39" WIDTH="55" VPOS="1799" HPOS="1462"/>
<String STYLE="superscript" CS="1" CONTENT="&#7580;&#7504;"/>
<String CONTENT="." HEIGHT="10" WIDTH="9" VPOS="1831" HPOS="1570"/>
</TextLine>
<TextLine HEIGHT="48" WIDTH="990" VPOS="1857" HPOS="407">
<String CONTENT="Bibliography" HEIGHT="48" WIDTH="348" VPOS="1857" HPOS="407"/>
<SP HEIGHT="37" WIDTH="21" VPOS="1868" HPOS="756"/>
<String CONTENT="at" HEIGHT="38" WIDTH="51" VPOS="1860" HPOS="778"/>
<SP HEIGHT="38" WIDTH="21" VPOS="1860" HPOS="830"/>
<String CONTENT="end" HEIGHT="39" WIDTH="92" VPOS="1858" HPOS="852"/>
<SP HEIGHT="39" WIDTH="20" VPOS="1858" HPOS="945"/>
<String CONTENT="of" HEIGHT="40" WIDTH="52" VPOS="1857" HPOS="966"/>
<SP HEIGHT="40" WIDTH="19" VPOS="1857" HPOS="1019"/>
<String CONTENT="each" HEIGHT="40" WIDTH="119" VPOS="1857" HPOS="1039"/>
<SP HEIGHT="40" WIDTH="21" VPOS="1857" HPOS="1159"/>
<String CONTENT="chapter." HEIGHT="47" WIDTH="216" VPOS="1857" HPOS="1181"/>
</TextLine>
<TextLine HEIGHT="53" WIDTH="1878" VPOS="1913" HPOS="340" CS="1">
<String CONTENT="&#169;" HEIGHT="53" WIDTH="51" VPOS="1913" HPOS="340"/>
<SP HEIGHT="53" WIDTH="30" VPOS="1913" HPOS="392"/>
<String CONTENT="Aug." HEIGHT="48" WIDTH="119" VPOS="1917" HPOS="423"/>
<SP HEIGHT="40" WIDTH="30" VPOS="1917" HPOS="543"/>
<String CONTENT="19," HEIGHT="47" WIDTH="68" VPOS="1916" HPOS="574"/>
<SP HEIGHT="47" WIDTH="32" VPOS="1916" HPOS="643"/>
<String CS="1" CONTENT="1932;" HEIGHT="41" WIDTH="112" VPOS="1915" HPOS="676"/>
<SP HEIGHT="44" WIDTH="31" VPOS="1914" HPOS="817"/>
<String CONTENT="2c." HEIGHT="40" WIDTH="68" VPOS="1914" HPOS="849"/>
<SP HEIGHT="29" WIDTH="29" VPOS="1925" HPOS="918"/>
<String CONTENT="and" HEIGHT="38" WIDTH="95" VPOS="1916" HPOS="948"/>
<SP HEIGHT="38" WIDTH="32" VPOS="1916" HPOS="1044"/>
<String CONTENT="aff." HEIGHT="39" WIDTH="80" VPOS="1914" HPOS="1077"/>
<SP HEIGHT="41" WIDTH="34" VPOS="1914" HPOS="1158"/>
<String CONTENT="Sept." HEIGHT="49" WIDTH="128" VPOS="1914" HPOS="1193"/>
<SP HEIGHT="39" WIDTH="31" VPOS="1915" HPOS="1322"/>
<String CS="1" CONTENT="1;" HEIGHT="38" WIDTH="24" VPOS="1915" HPOS="1354"/>
<SP HEIGHT="48" WIDTH="33" VPOS="1914" HPOS="1407"/>
<!-- cceid 0F0C07A7-6D7D-1014-B4A5-D7A31D17AB40 --><String CONTENT="A" HEIGHT="39" WIDTH="41" VPOS="1914" HPOS="1441"/>
<SP HEIGHT="40" WIDTH="30" VPOS="1914" HPOS="1483"/>
<String CS="1" CONTENT="54610;" HEIGHT="41" WIDTH="145" VPOS="1914" HPOS="1514"/>
<SP HEIGHT="46" WIDTH="34" VPOS="1916" HPOS="1685"/>
<String CONTENT="Prentice-Hall," HEIGHT="48" WIDTH="374" VPOS="1913" HPOS="1720"/>
<SP HEIGHT="47" WIDTH="31" VPOS="1914" HPOS="2095"/>
<String CONTENT="inc." HEIGHT="40" WIDTH="91" VPOS="1914" HPOS="2127"/>
</TextLine>
<TextLine HEIGHT="51" WIDTH="278" VPOS="1971" HPOS="416">
<String CONTENT="(32-23579)" HEIGHT="51" WIDTH="278" VPOS="1971" HPOS="416"/>
</TextLine>
<TextLine HEIGHT="68" WIDTH="1152" VPOS="2044" HPOS="335" STYLEREFS="StyleId-0BAE1EEA-BE73-40CC-B5EF-77C62203B6F4-">
<String CONTENT="Richardson," HEIGHT="66" WIDTH="387" VPOS="2046" HPOS="335"/>
<SP HEIGHT="65" WIDTH="25" VPOS="2047" HPOS="723"/>
<String CONTENT="William" HEIGHT="56" WIDTH="256" VPOS="2044" HPOS="749"/>
<SP HEIGHT="52" WIDTH="25" VPOS="2047" HPOS="1006"/>
<String CONTENT="Payson," HEIGHT="65" WIDTH="254" VPOS="2047" HPOS="1032"/>
<SP HEIGHT="60" WIDTH="27" VPOS="2052" HPOS="1287"/>
<String CONTENT="1864-" HEIGHT="50" WIDTH="172" VPOS="2050" HPOS="1315"/>
</TextLine>
<TextLine HEIGHT="70" WIDTH="1924" VPOS="2121" HPOS="407" STYLEREFS="StyleId-FACB6633-DEB5-412D-AFC1-B7A89B64E68A-">
<String CONTENT="The" HEIGHT="52" WIDTH="122" VPOS="2126" HPOS="407"/>
<SP HEIGHT="52" WIDTH="34" VPOS="2125" HPOS="530"/>
<String CONTENT="law" HEIGHT="52" WIDTH="110" VPOS="2125" HPOS="565"/>
<SP HEIGHT="34" WIDTH="37" VPOS="2143" HPOS="676"/>
<String CONTENT="of" HEIGHT="54" WIDTH="64" VPOS="2122" HPOS="714"/>
<SP HEIGHT="54" WIDTH="33" VPOS="2122" HPOS="779"/>
<String CONTENT="bills" HEIGHT="53" WIDTH="134" VPOS="2123" HPOS="813"/>
<SP HEIGHT="34" WIDTH="36" VPOS="2142" HPOS="948"/>
<String CONTENT="and" HEIGHT="52" WIDTH="113" VPOS="2124" HPOS="985"/>
<SP HEIGHT="52" WIDTH="35" VPOS="2124" HPOS="1099"/>
<String CONTENT="notes." HEIGHT="48" WIDTH="174" VPOS="2127" HPOS="1135"/>
<SP HEIGHT="49" WIDTH="71" VPOS="2126" HPOS="1310"/>
<String CONTENT="4th" HEIGHT="51" WIDTH="98" VPOS="2123" HPOS="1382"/>
<SP HEIGHT="52" WIDTH="37" VPOS="2123" HPOS="1481"/>
<String CONTENT="ed." HEIGHT="52" WIDTH="83" VPOS="2123" HPOS="1519"/>
<SP HEIGHT="51" WIDTH="73" VPOS="2124" HPOS="1603"/>
<String CONTENT="By" HEIGHT="66" WIDTH="91" VPOS="2124" HPOS="1677"/>
<SP HEIGHT="66" WIDTH="35" VPOS="2124" HPOS="1769"/>
<String CONTENT="William" HEIGHT="56" WIDTH="261" VPOS="2121" HPOS="1805"/>
<SP HEIGHT="52" WIDTH="35" VPOS="2123" HPOS="2067"/>
<String CONTENT="Payson" HEIGHT="68" WIDTH="228" VPOS="2123" HPOS="2103"/>
</TextLine>
<TextLine HEIGHT="67" WIDTH="1222" VPOS="2200" HPOS="336" STYLEREFS="StyleId-FACB6633-DEB5-412D-AFC1-B7A89B64E68A-" CS="1">
<String CONTENT="Richardson" HEIGHT="53" WIDTH="358" VPOS="2202" HPOS="336"/>
<SP HEIGHT="32" WIDTH="31" VPOS="2221" HPOS="695"/>
<String CS="1" CONTENT="&#8230;"/>
<SP HEIGHT="50" WIDTH="67" VPOS="2202" HPOS="783"/>
<String CONTENT="Brooklyn," HEIGHT="67" WIDTH="313" VPOS="2200" HPOS="851"/>
<SP HEIGHT="66" WIDTH="24" VPOS="2200" HPOS="1165"/>
<String LANG="fr" CONTENT="N." HEIGHT="53" WIDTH="69" VPOS="2200" HPOS="1190"/>
<SP HEIGHT="53" WIDTH="29" VPOS="2200" HPOS="1260"/>
<String CONTENT="Y.," HEIGHT="67" WIDTH="89" VPOS="2200" HPOS="1290"/>
<SP HEIGHT="63" WIDTH="28" VPOS="2204" HPOS="1380"/>
<String CONTENT="1932." HEIGHT="48" WIDTH="149" VPOS="2203" HPOS="1409"/>
</TextLine>
<TextLine HEIGHT="50" WIDTH="821" VPOS="2273" HPOS="405" CS="1">
<String CONTENT="1" HEIGHT="38" WIDTH="24" VPOS="2276" HPOS="405"/>
<SP HEIGHT="47" WIDTH="27" VPOS="2276" HPOS="430"/>
<String LANG="fr" CONTENT="p." HEIGHT="37" WIDTH="43" VPOS="2286" HPOS="458"/>
<SP/>
<String LANG="fr" CS="1" CONTENT="l.,"/>
<SP/>
<String CS="1" CONTENT="[v]-xxxv," HEIGHT="39" WIDTH="238" VPOS="2284" HPOS="603"/>
<SP HEIGHT="47" WIDTH="23" VPOS="2274" HPOS="842"/>
<String CONTENT="238" HEIGHT="40" WIDTH="88" VPOS="2273" HPOS="866"/>
<SP HEIGHT="48" WIDTH="22" VPOS="2273" HPOS="955"/>
<String CONTENT="p." HEIGHT="37" WIDTH="44" VPOS="2284" HPOS="978"/>
<SP HEIGHT="40" WIDTH="55" VPOS="2273" HPOS="1023"/>
<String CS="1" CONTENT="23&#189;&#7580;&#7504;." HEIGHT="39" WIDTH="147" VPOS="2273" HPOS="1079"/>
</TextLine>
<TextLine HEIGHT="102" WIDTH="1975" VPOS="2327" HPOS="337" CS="1">
<String CONTENT="First" HEIGHT="40" WIDTH="132" VPOS="2331" HPOS="408"/>
<SP HEIGHT="38" WIDTH="30" VPOS="2333" HPOS="541"/>
<String CONTENT="and" HEIGHT="38" WIDTH="95" VPOS="2332" HPOS="572"/>
<SP HEIGHT="39" WIDTH="27" VPOS="2331" HPOS="668"/>
<String CONTENT="2d" HEIGHT="39" WIDTH="61" VPOS="2331" HPOS="696"/>
<SP HEIGHT="39" WIDTH="28" VPOS="2331" HPOS="758"/>
<String CONTENT="editions" HEIGHT="41" WIDTH="210" VPOS="2329" HPOS="787"/>
<SP HEIGHT="40" WIDTH="28" VPOS="2330" HPOS="998"/>
<String CONTENT="have" HEIGHT="39" WIDTH="125" VPOS="2330" HPOS="1027"/>
<SP HEIGHT="37" WIDTH="27" VPOS="2332" HPOS="1153"/>
<String CONTENT="title" HEIGHT="39" WIDTH="108" VPOS="2330" HPOS="1181"/>
<SP HEIGHT="29" WIDTH="16" VPOS="2340" HPOS="1290"/>
<String CONTENT=":" HEIGHT="29" WIDTH="9" VPOS="2340" HPOS="1307"/>
<SP HEIGHT="41" WIDTH="32" VPOS="2329" HPOS="1317"/>
<String CONTENT="Outlines" HEIGHT="43" WIDTH="221" VPOS="2327" HPOS="1350"/>
<SP HEIGHT="29" WIDTH="28" VPOS="2340" HPOS="1572"/>
<String CONTENT="of" HEIGHT="40" WIDTH="52" VPOS="2329" HPOS="1601"/>
<SP HEIGHT="40" WIDTH="26" VPOS="2329" HPOS="1654"/>
<String CONTENT="bills" HEIGHT="41" WIDTH="111" VPOS="2329" HPOS="1681"/>
<SP HEIGHT="30" WIDTH="28" VPOS="2340" HPOS="1793"/>
<String CONTENT="and" HEIGHT="40" WIDTH="96" VPOS="2330" HPOS="1822"/>
<SP HEIGHT="40" WIDTH="28" VPOS="2330" HPOS="1919"/>
<String CS="1" CONTENT="notes;" HEIGHT="40" WIDTH="137" VPOS="2330" HPOS="1948"/>
<SP HEIGHT="48" WIDTH="30" VPOS="2329" HPOS="2113"/>
<String CONTENT="3d" HEIGHT="41" WIDTH="60" VPOS="2329" HPOS="2144"/>
<SP HEIGHT="39" WIDTH="29" VPOS="2331" HPOS="2205"/>
<String CONTENT="edition" HEIGHT="99" WIDTH="1975" VPOS="2330" HPOS="337"/>
<SP HEIGHT="40" WIDTH="22" VPOS="2388" HPOS="441"/>
<String CONTENT="has" HEIGHT="39" WIDTH="89" VPOS="2388" HPOS="464"/>
<SP HEIGHT="37" WIDTH="24" VPOS="2390" HPOS="554"/>
<String CONTENT="title" HEIGHT="40" WIDTH="110" VPOS="2387" HPOS="579"/>
</TextLine>
<TextLine HEIGHT="41" WIDTH="748" VPOS="2386" HPOS="705">
<String CONTENT=":" HEIGHT="28" WIDTH="9" VPOS="2398" HPOS="705"/>
<SP HEIGHT="41" WIDTH="28" VPOS="2386" HPOS="715"/>
<String CONTENT="Outline" HEIGHT="41" WIDTH="196" VPOS="2386" HPOS="744"/>
<SP HEIGHT="29" WIDTH="24" VPOS="2397" HPOS="941"/>
<String CONTENT="of" HEIGHT="40" WIDTH="52" VPOS="2386" HPOS="966"/>
<SP HEIGHT="39" WIDTH="23" VPOS="2386" HPOS="1019"/>
<String CONTENT="bills" HEIGHT="39" WIDTH="110" VPOS="2386" HPOS="1043"/>
<SP HEIGHT="29" WIDTH="25" VPOS="2396" HPOS="1154"/>
<String CONTENT="and" HEIGHT="39" WIDTH="95" VPOS="2386" HPOS="1180"/>
<SP HEIGHT="39" WIDTH="24" VPOS="2386" HPOS="1276"/>
<String CONTENT="notes." HEIGHT="40" WIDTH="152" VPOS="2386" HPOS="1301"/>
</TextLine>
<TextLine HEIGHT="109" WIDTH="1974" VPOS="2441" HPOS="341" CS="1">
<String CONTENT="&#169;" HEIGHT="53" WIDTH="51" VPOS="2441" HPOS="341"/>
<SP HEIGHT="53" WIDTH="26" VPOS="2441" HPOS="393"/>
<String CONTENT="Sept." HEIGHT="47" WIDTH="127" VPOS="2446" HPOS="420"/>
<SP HEIGHT="40" WIDTH="22" VPOS="2445" HPOS="548"/>
<String CONTENT="8," HEIGHT="47" WIDTH="38" VPOS="2445" HPOS="571"/>
<SP HEIGHT="47" WIDTH="21" VPOS="2445" HPOS="610"/>
<String CS="1" CONTENT="1932;" HEIGHT="42" WIDTH="114" VPOS="2442" HPOS="632"/>
<SP HEIGHT="46" WIDTH="24" VPOS="2444" HPOS="773"/>
<String CONTENT="2c." HEIGHT="39" WIDTH="66" VPOS="2444" HPOS="798"/>
<SP HEIGHT="29" WIDTH="24" VPOS="2454" HPOS="865"/>
<String CONTENT="and" HEIGHT="38" WIDTH="95" VPOS="2445" HPOS="890"/>
<SP HEIGHT="38" WIDTH="22" VPOS="2445" HPOS="986"/>
<String CONTENT="aff." HEIGHT="41" WIDTH="82" VPOS="2442" HPOS="1009"/>
<SP HEIGHT="40" WIDTH="25" VPOS="2443" HPOS="1092"/>
<String CONTENT="Sept." HEIGHT="48" WIDTH="128" VPOS="2443" HPOS="1118"/>
<SP HEIGHT="39" WIDTH="22" VPOS="2444" HPOS="1247"/>
<String CS="1" CONTENT="10;" HEIGHT="40" WIDTH="58" VPOS="2442" HPOS="1270"/>
<SP HEIGHT="46" WIDTH="23" VPOS="2444" HPOS="1354"/>
<!-- cceid 0F0C4310-6D7D-1014-B4A5-D7A31D17AB40 --><String CONTENT="A" HEIGHT="38" WIDTH="41" VPOS="2444" HPOS="1378"/>
<SP HEIGHT="39" WIDTH="21" VPOS="2443" HPOS="1420"/>
<String CS="1" CONTENT="55058;" HEIGHT="42" WIDTH="144" VPOS="2442" HPOS="1442"/>
<SP HEIGHT="46" WIDTH="25" VPOS="2444" HPOS="1612"/>
<String LANG="fr" CONTENT="W." HEIGHT="39" WIDTH="71" VPOS="2444" HPOS="1638"/>
<SP HEIGHT="37" WIDTH="24" VPOS="2445" HPOS="1710"/>
<String CONTENT="P." HEIGHT="38" WIDTH="49" VPOS="2445" HPOS="1735"/>
<SP HEIGHT="39" WIDTH="25" VPOS="2444" HPOS="1785"/>
<String CONTENT="Richardson," HEIGHT="48" WIDTH="316" VPOS="2443" HPOS="1811"/>
<SP HEIGHT="46" WIDTH="25" VPOS="2445" HPOS="2128"/>
<String CONTENT="Brooklyn." HEIGHT="106" WIDTH="1906" VPOS="2443" HPOS="409"/>
<SP HEIGHT="50" WIDTH="69" VPOS="2500" HPOS="504"/>
<String CONTENT="(32-23400)" HEIGHT="50" WIDTH="278" VPOS="2500" HPOS="574"/>
</TextLine>
<TextLine HEIGHT="66" WIDTH="705" VPOS="2575" HPOS="337" STYLEREFS="StyleId-0BAE1EEA-BE73-40CC-B5EF-77C62203B6F4-">
<String CONTENT="Roantree," HEIGHT="63" WIDTH="314" VPOS="2578" HPOS="337"/>
<SP HEIGHT="64" WIDTH="33" VPOS="2577" HPOS="652"/>
<String CONTENT="William" HEIGHT="55" WIDTH="255" VPOS="2575" HPOS="686"/>
<SP HEIGHT="52" WIDTH="35" VPOS="2576" HPOS="942"/>
<String CONTENT="F." HEIGHT="54" WIDTH="64" VPOS="2576" HPOS="978"/>
</TextLine>
<TextLine HEIGHT="71" WIDTH="1922" VPOS="2651" HPOS="410" STYLEREFS="StyleId-FACB6633-DEB5-412D-AFC1-B7A89B64E68A-" CS="1">
<String CONTENT="An" HEIGHT="54" WIDTH="97" VPOS="2652" HPOS="410"/>
<SP HEIGHT="36" WIDTH="27" VPOS="2670" HPOS="508"/>
<String CONTENT="arithmetic" HEIGHT="52" WIDTH="324" VPOS="2652" HPOS="536"/>
<SP HEIGHT="53" WIDTH="29" VPOS="2651" HPOS="861"/>
<String CONTENT="for" HEIGHT="53" WIDTH="95" VPOS="2651" HPOS="891"/>
<SP HEIGHT="48" WIDTH="27" VPOS="2656" HPOS="987"/>
<String CONTENT="teachers," HEIGHT="70" WIDTH="269" VPOS="2652" HPOS="1015"/>
<SP HEIGHT="71" WIDTH="28" VPOS="2651" HPOS="1285"/>
<String CONTENT="by" HEIGHT="69" WIDTH="76" VPOS="2651" HPOS="1314"/>
<SP HEIGHT="68" WIDTH="27" VPOS="2652" HPOS="1391"/>
<String CONTENT="William" HEIGHT="54" WIDTH="260" VPOS="2652" HPOS="1419"/>
<SP HEIGHT="51" WIDTH="28" VPOS="2653" HPOS="1680"/>
<String CONTENT="F." HEIGHT="52" WIDTH="65" VPOS="2653" HPOS="1709"/>
<SP HEIGHT="51" WIDTH="31" VPOS="2654" HPOS="1775"/>
<String CONTENT="Roantree" HEIGHT="52" WIDTH="284" VPOS="2654" HPOS="1807"/>
<SP HEIGHT="33" WIDTH="34" VPOS="2673" HPOS="2092"/>
<String CS="1" CONTENT="&#8230;"/>
<SP HEIGHT="35" WIDTH="35" VPOS="2671" HPOS="2184"/>
<String CONTENT="and" HEIGHT="53" WIDTH="112" VPOS="2652" HPOS="2220"/>
</TextLine>
<TextLine HEIGHT="147" WIDTH="1971" VPOS="2730" HPOS="337" STYLEREFS="StyleId-FACB6633-DEB5-412D-AFC1-B7A89B64E68A-" CS="1">
<String CONTENT="Mary" HEIGHT="68" WIDTH="170" VPOS="2731" HPOS="341"/>
<SP HEIGHT="69" WIDTH="26" VPOS="2730" HPOS="512"/>
<String CONTENT="S." HEIGHT="55" WIDTH="56" VPOS="2730" HPOS="539"/>
<SP HEIGHT="52" WIDTH="26" VPOS="2731" HPOS="596"/>
<String CONTENT="Taylor" HEIGHT="68" WIDTH="214" VPOS="2730" HPOS="623"/>
<SP HEIGHT="32" WIDTH="29" VPOS="2750" HPOS="838"/>
<String CS="1" CONTENT="&#8230;"/>
<SP HEIGHT="51" WIDTH="65" VPOS="2731" HPOS="925"/>
<String CONTENT="Rev." HEIGHT="52" WIDTH="136" VPOS="2731" HPOS="991"/>
<SP HEIGHT="33" WIDTH="28" VPOS="2749" HPOS="1128"/>
<String CONTENT="ed." HEIGHT="52" WIDTH="84" VPOS="2731" HPOS="1157"/>
<SP HEIGHT="52" WIDTH="60" VPOS="2731" HPOS="1242"/>
<String CONTENT="New" HEIGHT="52" WIDTH="140" VPOS="2731" HPOS="1303"/>
<SP HEIGHT="52" WIDTH="25" VPOS="2731" HPOS="1444"/>
<String CONTENT="York," HEIGHT="68" WIDTH="180" VPOS="2730" HPOS="1470"/>
<SP HEIGHT="66" WIDTH="26" VPOS="2732" HPOS="1651"/>
<String CONTENT="The" HEIGHT="52" WIDTH="120" VPOS="2732" HPOS="1678"/>
<SP HEIGHT="53" WIDTH="25" VPOS="2731" HPOS="1799"/>
<String CS="1" CONTENT="Macmillan" HEIGHT="53" WIDTH="334" VPOS="2731" HPOS="1825"/>
<SP HEIGHT="34" WIDTH="26" VPOS="2750" HPOS="2160"/>
<String CONTENT="company," HEIGHT="128" WIDTH="1971" VPOS="2749" HPOS="337"/>
<SP HEIGHT="64" WIDTH="31" VPOS="2813" HPOS="509"/>
<String CONTENT="1932." HEIGHT="51" WIDTH="149" VPOS="2811" HPOS="541"/>
</TextLine>
<TextLine HEIGHT="52" WIDTH="1886" VPOS="2881" HPOS="445" CS="1">
<String CS="1" CONTENT="x"/>
<SP HEIGHT="38" WIDTH="33" VPOS="2893" HPOS="445"/>
<String LANG="fr" CONTENT="p.," HEIGHT="38" WIDTH="59" VPOS="2893" HPOS="479"/>
<SP HEIGHT="46" WIDTH="35" VPOS="2884" HPOS="539"/>
<String CONTENT="1" HEIGHT="38" WIDTH="24" VPOS="2884" HPOS="575"/>
<SP/>
<String CS="1" CONTENT="l.,"/>
<SP/>
<String CONTENT="523" HEIGHT="40" WIDTH="86" VPOS="2882" HPOS="718"/>
<SP HEIGHT="48" WIDTH="33" VPOS="2882" HPOS="805"/>
<String CONTENT="p." HEIGHT="37" WIDTH="43" VPOS="2893" HPOS="839"/>
<SP HEIGHT="39" WIDTH="63" VPOS="2883" HPOS="883"/>
<String CONTENT="illus.," HEIGHT="48" WIDTH="142" VPOS="2883" HPOS="947"/>
<SP HEIGHT="47" WIDTH="37" VPOS="2884" HPOS="1090"/>
<String CONTENT="diagrs." HEIGHT="49" WIDTH="178" VPOS="2882" HPOS="1128"/>
<SP HEIGHT="38" WIDTH="63" VPOS="2884" HPOS="1307"/>
<String CS="1" CONTENT="19&#189;" HEIGHT="41" WIDTH="56" VPOS="2881" HPOS="1371"/>
<String STYLE="superscript" CS="1" CONTENT="&#7580;&#7504;"/>
<String CONTENT="." HEIGHT="10" WIDTH="10" VPOS="2913" HPOS="1507"/>
<SP HEIGHT="30" WIDTH="69" VPOS="2903" HPOS="1518"/>
<String CONTENT="[American" HEIGHT="50" WIDTH="269" VPOS="2883" HPOS="1588"/>
<SP HEIGHT="38" WIDTH="37" VPOS="2886" HPOS="1858"/>
<String CONTENT="teachers" HEIGHT="41" WIDTH="221" VPOS="2883" HPOS="1896"/>
<SP HEIGHT="29" WIDTH="36" VPOS="2895" HPOS="2118"/>
<String CONTENT="college" HEIGHT="48" WIDTH="176" VPOS="2884" HPOS="2155"/>
</TextLine>
<TextLine HEIGHT="50" WIDTH="164" VPOS="2939" HPOS="337">
<String CONTENT="series]" HEIGHT="50" WIDTH="164" VPOS="2939" HPOS="337"/>
</TextLine>
<TextLine HEIGHT="50" WIDTH="1887" VPOS="2994" HPOS="413" CS="1">
<String CONTENT="&#8220;References&#8221;" HEIGHT="41" WIDTH="346" VPOS="2994" HPOS="413"/>
<SP HEIGHT="40" WIDTH="24" VPOS="2994" HPOS="760"/>
<String CONTENT="at" HEIGHT="38" WIDTH="51" VPOS="2997" HPOS="785"/>
<SP HEIGHT="38" WIDTH="22" VPOS="2997" HPOS="837"/>
<String CONTENT="end" HEIGHT="39" WIDTH="94" VPOS="2996" HPOS="860"/>
<SP HEIGHT="39" WIDTH="24" VPOS="2996" HPOS="955"/>
<String CONTENT="of" HEIGHT="40" WIDTH="52" VPOS="2995" HPOS="980"/>
<SP HEIGHT="40" WIDTH="22" VPOS="2995" HPOS="1033"/>
<String CONTENT="most" HEIGHT="38" WIDTH="123" VPOS="2998" HPOS="1056"/>
<SP HEIGHT="38" WIDTH="25" VPOS="2998" HPOS="1180"/>
<String CONTENT="of" HEIGHT="41" WIDTH="53" VPOS="2995" HPOS="1206"/>
<SP HEIGHT="41" WIDTH="23" VPOS="2995" HPOS="1260"/>
<String CONTENT="the" HEIGHT="41" WIDTH="81" VPOS="2996" HPOS="1284"/>
<SP HEIGHT="30" WIDTH="25" VPOS="3007" HPOS="1366"/>
<String CS="1" CONTENT="chapters;" HEIGHT="48" WIDTH="225" VPOS="2996" HPOS="1392"/>
<SP HEIGHT="48" WIDTH="28" VPOS="2996" HPOS="1646"/>
<String CONTENT="&#8220;General" HEIGHT="41" WIDTH="234" VPOS="2996" HPOS="1675"/>
<SP HEIGHT="41" WIDTH="25" VPOS="2995" HPOS="1910"/>
<String CS="1" CONTENT="bibliography&#8221;;" HEIGHT="49" WIDTH="364" VPOS="2995" HPOS="1936"/>
</TextLine>
<TextLine HEIGHT="47" WIDTH="170" VPOS="3052" HPOS="338">
<String CONTENT="p." HEIGHT="37" WIDTH="41" VPOS="3062" HPOS="338"/>
<SP HEIGHT="40" WIDTH="29" VPOS="3052" HPOS="380"/>
<String CONTENT="515." HEIGHT="41" WIDTH="98" VPOS="3052" HPOS="410"/>
</TextLine>
<TextLine HEIGHT="51" WIDTH="1695" VPOS="3105" HPOS="343" CS="1">
<String CONTENT="&#169;" HEIGHT="51" WIDTH="51" VPOS="3105" HPOS="343"/>
<SP HEIGHT="51" WIDTH="30" VPOS="3105" HPOS="395"/>
<String CONTENT="Sept." HEIGHT="47" WIDTH="126" VPOS="3109" HPOS="426"/>
<SP HEIGHT="40" WIDTH="27" VPOS="3108" HPOS="553"/>
<String CONTENT="6," HEIGHT="47" WIDTH="39" VPOS="3108" HPOS="581"/>
<SP HEIGHT="46" WIDTH="27" VPOS="3109" HPOS="621"/>
<String CS="1" CONTENT="1932;" HEIGHT="42" WIDTH="112" VPOS="3106" HPOS="649"/>
<SP HEIGHT="47" WIDTH="27" VPOS="3108" HPOS="790"/>
<String CONTENT="2c." HEIGHT="39" WIDTH="67" VPOS="3108" HPOS="818"/>
<SP HEIGHT="30" WIDTH="27" VPOS="3117" HPOS="886"/>
<String CONTENT="and" HEIGHT="39" WIDTH="95" VPOS="3108" HPOS="914"/>
<SP HEIGHT="39" WIDTH="26" VPOS="3108" HPOS="1010"/>
<String CONTENT="aff." HEIGHT="41" WIDTH="82" VPOS="3107" HPOS="1037"/>
<SP HEIGHT="40" WIDTH="29" VPOS="3108" HPOS="1120"/>
<String CONTENT="Sept." HEIGHT="48" WIDTH="125" VPOS="3108" HPOS="1150"/>
<SP HEIGHT="39" WIDTH="29" VPOS="3109" HPOS="1276"/>
<String CS="1" CONTENT="7;" HEIGHT="39" WIDTH="26" VPOS="3109" HPOS="1306"/>
<SP HEIGHT="46" WIDTH="29" VPOS="3109" HPOS="1359"/>
<!-- cceid 0F0C8526-6D7D-1014-B4A5-D7A31D17AB40 --><String CONTENT="A" HEIGHT="38" WIDTH="41" VPOS="3109" HPOS="1389"/>
<SP HEIGHT="39" WIDTH="26" VPOS="3109" HPOS="1431"/>
<String CS="1" CONTENT="54654;" HEIGHT="40" WIDTH="143" VPOS="3108" HPOS="1458"/>
<SP HEIGHT="46" WIDTH="31" VPOS="3110" HPOS="1629"/>
<String CS="1" CONTENT="Macmillan" HEIGHT="40" WIDTH="281" VPOS="3109" HPOS="1661"/>
<SP HEIGHT="29" WIDTH="26" VPOS="3120" HPOS="1943"/>
<String CONTENT="co." HEIGHT="29" WIDTH="68" VPOS="3120" HPOS="1970"/>
</TextLine>
<TextLine HEIGHT="50" WIDTH="278" VPOS="3164" HPOS="420">
<String CONTENT="(32-23555)" HEIGHT="50" WIDTH="278" VPOS="3164" HPOS="420"/>
</TextLine>
<TextLine HEIGHT="65" WIDTH="561" VPOS="3239" HPOS="341" STYLEREFS="StyleId-0BAE1EEA-BE73-40CC-B5EF-77C62203B6F4-">
<String CONTENT="Ropes," HEIGHT="64" WIDTH="210" VPOS="3240" HPOS="341"/>
<SP HEIGHT="64" WIDTH="33" VPOS="3240" HPOS="552"/>
<String CONTENT="Bradford." HEIGHT="55" WIDTH="316" VPOS="3239" HPOS="586"/>
</TextLine>
<TextLine HEIGHT="71" WIDTH="1924" VPOS="3312" HPOS="407" STYLEREFS="StyleId-FACB6633-DEB5-412D-AFC1-B7A89B64E68A-">
<String CONTENT="42nd" HEIGHT="51" WIDTH="149" VPOS="3314" HPOS="407"/>
<SP HEIGHT="52" WIDTH="39" VPOS="3314" HPOS="557"/>
<String CONTENT="street," HEIGHT="63" WIDTH="185" VPOS="3318" HPOS="597"/>
<SP HEIGHT="68" WIDTH="36" VPOS="3313" HPOS="783"/>
<String CONTENT="by" HEIGHT="68" WIDTH="74" VPOS="3313" HPOS="820"/>
<SP HEIGHT="67" WIDTH="38" VPOS="3314" HPOS="895"/>
<String CONTENT="Bradford" HEIGHT="55" WIDTH="295" VPOS="3312" HPOS="934"/>
<SP HEIGHT="52" WIDTH="38" VPOS="3315" HPOS="1230"/>
<String CONTENT="Ropes." HEIGHT="68" WIDTH="202" VPOS="3315" HPOS="1269"/>
<SP HEIGHT="51" WIDTH="74" VPOS="3315" HPOS="1472"/>
<String CONTENT="New" HEIGHT="54" WIDTH="137" VPOS="3315" HPOS="1547"/>
<SP HEIGHT="52" WIDTH="41" VPOS="3315" HPOS="1685"/>
<String CONTENT="York," HEIGHT="68" WIDTH="177" VPOS="3315" HPOS="1727"/>
<SP HEIGHT="68" WIDTH="36" VPOS="3315" HPOS="1905"/>
<String CONTENT="A." HEIGHT="52" WIDTH="69" VPOS="3315" HPOS="1942"/>
<SP HEIGHT="52" WIDTH="39" VPOS="3314" HPOS="2012"/>
<String CONTENT="H." HEIGHT="58" WIDTH="76" VPOS="3314" HPOS="2052"/>
<SP HEIGHT="57" WIDTH="38" VPOS="3315" HPOS="2129"/>
<String CONTENT="King" HEIGHT="68" WIDTH="163" VPOS="3315" HPOS="2168"/>
</TextLine>
<TextLine HEIGHT="65" WIDTH="194" VPOS="3394" HPOS="345" STYLEREFS="StyleId-FACB6633-DEB5-412D-AFC1-B7A89B64E68A-" CS="1">
<String STYLE="subscript" CONTENT="[" HEIGHT="34" WIDTH="14" VPOS="3425" HPOS="345"/>
<String STYLE="superscript" CS="1" CONTENT="&#7580;1"/>
<String CONTENT="932" HEIGHT="50" WIDTH="101" VPOS="3394" HPOS="419"/>
<String STYLE="subscript" CONTENT="]" HEIGHT="34" WIDTH="14" VPOS="3424" HPOS="525"/>
</TextLine>
<TextLine HEIGHT="49" WIDTH="633" VPOS="3461" HPOS="408" CS="1">
<String LANG="en-US" CONTENT="4" HEIGHT="39" WIDTH="29" VPOS="3461" HPOS="408"/>
<SP HEIGHT="49" WIDTH="28" VPOS="3461" HPOS="438"/>
<String LANG="fr" CONTENT="p." HEIGHT="38" WIDTH="44" VPOS="3472" HPOS="467"/>
<SP/>
<String LANG="fr" CS="1" CONTENT="l.,"/>
<SP/>
<String LANG="en-US" CONTENT="3-345" HEIGHT="41" WIDTH="144" VPOS="3462" HPOS="617"/>
<SP HEIGHT="48" WIDTH="30" VPOS="3462" HPOS="762"/>
<String LANG="en-US" CONTENT="p." HEIGHT="37" WIDTH="42" VPOS="3473" HPOS="793"/>
<SP HEIGHT="42" WIDTH="58" VPOS="3462" HPOS="836"/>
<String LANG="en-US" CS="1" CONTENT="19&#189;" HEIGHT="41" WIDTH="58" VPOS="3461" HPOS="895"/>
<String STYLE="superscript" LANG="en-US" CS="1" CONTENT="&#7580;&#7504;"/>
<String LANG="en-US" CONTENT="." HEIGHT="9" WIDTH="10" VPOS="3492" HPOS="1031"/>
</TextLine>
<TextLine HEIGHT="54" WIDTH="1983" VPOS="3517" HPOS="345">
<String CONTENT="&#169;" HEIGHT="51" WIDTH="51" VPOS="3517" HPOS="345"/>
<SP HEIGHT="51" WIDTH="33" VPOS="3517" HPOS="397"/>
<String CONTENT="Sept." HEIGHT="47" WIDTH="127" VPOS="3521" HPOS="431"/>
<SP HEIGHT="39" WIDTH="30" VPOS="3522" HPOS="559"/>
<String CONTENT="15," HEIGHT="47" WIDTH="68" VPOS="3521" HPOS="590"/>
<SP HEIGHT="46" WIDTH="32" VPOS="3522" HPOS="659"/>
<String CONTENT="1932;" HEIGHT="48" WIDTH="139" VPOS="3520" HPOS="692"/>
<SP HEIGHT="47" WIDTH="32" VPOS="3521" HPOS="832"/>
<String CONTENT="2c." HEIGHT="40" WIDTH="68" VPOS="3521" HPOS="865"/>
<SP HEIGHT="29" WIDTH="31" VPOS="3532" HPOS="934"/>
<String CONTENT="and" HEIGHT="39" WIDTH="95" VPOS="3522" HPOS="966"/>
<SP HEIGHT="39" WIDTH="31" VPOS="3522" HPOS="1062"/>
<String CONTENT="aff." HEIGHT="40" WIDTH="81" VPOS="3521" HPOS="1094"/>
<SP HEIGHT="40" WIDTH="35" VPOS="3522" HPOS="1176"/>
<String CONTENT="Sept." HEIGHT="48" WIDTH="126" VPOS="3522" HPOS="1212"/>
<SP HEIGHT="38" WIDTH="30" VPOS="3524" HPOS="1339"/>
<String CONTENT="16;" HEIGHT="47" WIDTH="81" VPOS="3523" HPOS="1370"/>
<SP HEIGHT="46" WIDTH="34" VPOS="3524" HPOS="1452"/>
<!-- cceid 0F0CC751-6D7D-1014-B4A5-D7A31D17AB40 --><String CONTENT="A" HEIGHT="38" WIDTH="40" VPOS="3524" HPOS="1487"/>
<SP HEIGHT="39" WIDTH="30" VPOS="3524" HPOS="1528"/>
<String CONTENT="54828;" HEIGHT="47" WIDTH="169" VPOS="3523" HPOS="1559"/>
<SP HEIGHT="46" WIDTH="33" VPOS="3524" HPOS="1729"/>
<String CONTENT="Alfred" HEIGHT="41" WIDTH="171" VPOS="3523" HPOS="1763"/>
<SP HEIGHT="38" WIDTH="32" VPOS="3525" HPOS="1935"/>
<String CONTENT="H." HEIGHT="39" WIDTH="61" VPOS="3525" HPOS="1968"/>
<SP HEIGHT="39" WIDTH="31" VPOS="3525" HPOS="2030"/>
<String CONTENT="King," HEIGHT="47" WIDTH="141" VPOS="3524" HPOS="2062"/>
<SP HEIGHT="47" WIDTH="34" VPOS="3523" HPOS="2204"/>
<String CONTENT="inc." HEIGHT="42" WIDTH="89" VPOS="3523" HPOS="2239"/>
</TextLine>
<TextLine HEIGHT="48" WIDTH="277" VPOS="3577" HPOS="420">
<String CONTENT="(32-23426)" HEIGHT="48" WIDTH="277" VPOS="3577" HPOS="420"/>
</TextLine>
<TextLine HEIGHT="67" WIDTH="1321" VPOS="3643" HPOS="341" STYLEREFS="StyleId-0BAE1EEA-BE73-40CC-B5EF-77C62203B6F4-">
<String CONTENT="Rose," HEIGHT="65" WIDTH="169" VPOS="3643" HPOS="341"/>
<SP HEIGHT="63" WIDTH="29" VPOS="3645" HPOS="511"/>
<String CONTENT="Mrs." HEIGHT="53" WIDTH="137" VPOS="3645" HPOS="541"/>
<SP HEIGHT="52" WIDTH="28" VPOS="3646" HPOS="679"/>
<String CONTENT="Mary" HEIGHT="63" WIDTH="174" VPOS="3646" HPOS="708"/>
<SP HEIGHT="63" WIDTH="24" VPOS="3646" HPOS="883"/>
<String CONTENT="Davies" HEIGHT="55" WIDTH="219" VPOS="3643" HPOS="908"/>
<SP HEIGHT="63" WIDTH="35" VPOS="3647" HPOS="1128"/>
<String CONTENT="(Swartz)" HEIGHT="66" WIDTH="286" VPOS="3644" HPOS="1164"/>
<SP HEIGHT="63" WIDTH="39" VPOS="3646" HPOS="1451"/>
<String CONTENT="1874-" HEIGHT="54" WIDTH="171" VPOS="3647" HPOS="1491"/>
</TextLine>
<TextLine HEIGHT="72" WIDTH="1916" VPOS="3720" HPOS="415" STYLEREFS="StyleId-FACB6633-DEB5-412D-AFC1-B7A89B64E68A-">
<String CONTENT="Teaching" HEIGHT="68" WIDTH="292" VPOS="3720" HPOS="415"/>
<SP HEIGHT="49" WIDTH="24" VPOS="3739" HPOS="708"/>
<String CONTENT="nutrition" HEIGHT="52" WIDTH="283" VPOS="3721" HPOS="733"/>
<SP HEIGHT="47" WIDTH="27" VPOS="3726" HPOS="1017"/>
<String CONTENT="to" HEIGHT="47" WIDTH="57" VPOS="3726" HPOS="1045"/>
<SP HEIGHT="52" WIDTH="27" VPOS="3721" HPOS="1103"/>
<String CONTENT="boys" HEIGHT="68" WIDTH="138" VPOS="3721" HPOS="1131"/>
<SP HEIGHT="34" WIDTH="28" VPOS="3740" HPOS="1270"/>
<String CONTENT="and" HEIGHT="53" WIDTH="112" VPOS="3722" HPOS="1299"/>
<SP HEIGHT="68" WIDTH="28" VPOS="3722" HPOS="1412"/>
<String CONTENT="girls," HEIGHT="67" WIDTH="160" VPOS="3723" HPOS="1441"/>
<SP HEIGHT="68" WIDTH="25" VPOS="3722" HPOS="1602"/>
<String CONTENT="by" HEIGHT="69" WIDTH="77" VPOS="3722" HPOS="1628"/>
<SP HEIGHT="68" WIDTH="26" VPOS="3723" HPOS="1706"/>
<String CONTENT="Mary" HEIGHT="69" WIDTH="169" VPOS="3723" HPOS="1733"/>
<SP HEIGHT="69" WIDTH="31" VPOS="3723" HPOS="1903"/>
<String CONTENT="Swartz" HEIGHT="55" WIDTH="219" VPOS="3723" HPOS="1935"/>
<SP HEIGHT="53" WIDTH="29" VPOS="3724" HPOS="2155"/>
<String CONTENT="Rose" HEIGHT="53" WIDTH="146" VPOS="3724" HPOS="2185"/>
</TextLine>
<TextLine HEIGHT="71" WIDTH="1429" VPOS="3797" HPOS="408" STYLEREFS="StyleId-FACB6633-DEB5-412D-AFC1-B7A89B64E68A-" CS="1">
<String CS="1" CONTENT="&#8230;"/>
<SP HEIGHT="52" WIDTH="65" VPOS="3797" HPOS="408"/>
<String CONTENT="New" HEIGHT="52" WIDTH="139" VPOS="3797" HPOS="474"/>
<SP HEIGHT="52" WIDTH="27" VPOS="3797" HPOS="614"/>
<String CONTENT="York," HEIGHT="67" WIDTH="179" VPOS="3797" HPOS="642"/>
<SP HEIGHT="65" WIDTH="26" VPOS="3799" HPOS="822"/>
<String CONTENT="The" HEIGHT="52" WIDTH="122" VPOS="3798" HPOS="849"/>
<SP HEIGHT="52" WIDTH="25" VPOS="3798" HPOS="972"/>
<String CS="1" CONTENT="Macmillan" HEIGHT="53" WIDTH="333" VPOS="3798" HPOS="998"/>
<SP HEIGHT="34" WIDTH="27" VPOS="3818" HPOS="1332"/>
<String CONTENT="company," HEIGHT="52" WIDTH="296" VPOS="3816" HPOS="1360"/>
<SP HEIGHT="63" WIDTH="29" VPOS="3805" HPOS="1657"/>
<String CONTENT="1932." HEIGHT="49" WIDTH="150" VPOS="3804" HPOS="1687"/>
</TextLine>
<TextLine HEIGHT="51" WIDTH="1118" VPOS="3869" HPOS="413" CS="1">
<String CONTENT="XXV," HEIGHT="37" WIDTH="111" VPOS="3881" HPOS="413"/>
<SP HEIGHT="47" WIDTH="27" VPOS="3871" HPOS="525"/>
<String CONTENT="198" HEIGHT="41" WIDTH="86" VPOS="3869" HPOS="553"/>
<SP HEIGHT="47" WIDTH="23" VPOS="3870" HPOS="640"/>
<String CONTENT="p." HEIGHT="37" WIDTH="43" VPOS="3880" HPOS="664"/>
<SP HEIGHT="39" WIDTH="51" VPOS="3871" HPOS="708"/>
<String CONTENT="front.," HEIGHT="48" WIDTH="164" VPOS="3871" HPOS="760"/>
<SP HEIGHT="38" WIDTH="25" VPOS="3882" HPOS="925"/>
<String CONTENT="plates," HEIGHT="48" WIDTH="171" VPOS="3872" HPOS="951"/>
<SP HEIGHT="46" WIDTH="26" VPOS="3873" HPOS="1123"/>
<String CONTENT="diagrs." HEIGHT="48" WIDTH="178" VPOS="3871" HPOS="1150"/>
<SP HEIGHT="40" WIDTH="55" VPOS="3872" HPOS="1329"/>
<String CS="1" CONTENT="19&#189;" HEIGHT="41" WIDTH="59" VPOS="3872" HPOS="1385"/>
<String STYLE="superscript" CS="1" CONTENT="&#7580;&#7504;"/>
<String CONTENT="." HEIGHT="10" WIDTH="10" VPOS="3905" HPOS="1521"/>
</TextLine>
<TextLine HEIGHT="57" WIDTH="1981" VPOS="3922" HPOS="347" CS="1">
<String CONTENT="&#169;" HEIGHT="51" WIDTH="51" VPOS="3922" HPOS="347"/>
<SP HEIGHT="51" WIDTH="32" VPOS="3922" HPOS="399"/>
<String CONTENT="Sept." HEIGHT="47" WIDTH="126" VPOS="3926" HPOS="432"/>
<SP HEIGHT="40" WIDTH="29" VPOS="3927" HPOS="559"/>
<String CONTENT="6," HEIGHT="45" WIDTH="39" VPOS="3927" HPOS="589"/>
<SP HEIGHT="44" WIDTH="28" VPOS="3928" HPOS="629"/>
<String CS="1" CONTENT="1932;" HEIGHT="41" WIDTH="113" VPOS="3926" HPOS="658"/>
<SP HEIGHT="45" WIDTH="30" VPOS="3928" HPOS="799"/>
<String CONTENT="2c." HEIGHT="40" WIDTH="67" VPOS="3928" HPOS="830"/>
<SP HEIGHT="29" WIDTH="29" VPOS="3939" HPOS="898"/>
<String CONTENT="and" HEIGHT="38" WIDTH="95" VPOS="3929" HPOS="928"/>
<SP HEIGHT="39" WIDTH="28" VPOS="3929" HPOS="1024"/>
<String CONTENT="aff." HEIGHT="40" WIDTH="83" VPOS="3928" HPOS="1053"/>
<SP HEIGHT="40" WIDTH="30" VPOS="3929" HPOS="1137"/>
<String CONTENT="Sept." HEIGHT="48" WIDTH="124" VPOS="3929" HPOS="1168"/>
<SP HEIGHT="38" WIDTH="32" VPOS="3931" HPOS="1293"/>
<String CS="1" CONTENT="7;" HEIGHT="38" WIDTH="25" VPOS="3931" HPOS="1326"/>
<SP HEIGHT="47" WIDTH="29" VPOS="3930" HPOS="1379"/>
<!-- cceid 0F0D14CA-6D7D-1014-B4A5-D7A31D17AB40 --><String CONTENT="A" HEIGHT="39" WIDTH="41" VPOS="3930" HPOS="1409"/>
<SP HEIGHT="40" WIDTH="29" VPOS="3930" HPOS="1451"/>
<String CS="1" CONTENT="54647;" HEIGHT="41" WIDTH="143" VPOS="3930" HPOS="1481"/>
<SP HEIGHT="45" WIDTH="32" VPOS="3932" HPOS="1651"/>
<String LANG="fr" CONTENT="M." HEIGHT="39" WIDTH="64" VPOS="3932" HPOS="1684"/>
<SP HEIGHT="40" WIDTH="32" VPOS="3931" HPOS="1749"/>
<String CONTENT="S." HEIGHT="40" WIDTH="45" VPOS="3931" HPOS="1782"/>
<SP HEIGHT="39" WIDTH="29" VPOS="3932" HPOS="1828"/>
<String CONTENT="Rose," HEIGHT="47" WIDTH="139" VPOS="3932" HPOS="1858"/>
<SP HEIGHT="47" WIDTH="30" VPOS="3932" HPOS="1998"/>
<String CONTENT="Edgewater," HEIGHT="47" WIDTH="299" VPOS="3932" HPOS="2029"/>
</TextLine>
<TextLine HEIGHT="50" WIDTH="473" VPOS="3982" HPOS="413">
<String LANG="fr" CONTENT="N." HEIGHT="39" WIDTH="55" VPOS="3982" HPOS="413"/>
<SP HEIGHT="39" WIDTH="26" VPOS="3982" HPOS="469"/>
<String CONTENT="J." HEIGHT="40" WIDTH="41" VPOS="3982" HPOS="496"/>
<SP HEIGHT="48" WIDTH="70" VPOS="3982" HPOS="538"/>
<String CONTENT="(32-23541)" HEIGHT="50" WIDTH="277" VPOS="3982" HPOS="609"/>
</TextLine>
</TextBlock>
</PrintSpace>
</Page>
</Layout>
</alto>