2563 4368
1105 4036 102 49 241

151 435 242 63 Adams,
420 435 168 53 Jesse
616 432 159 65 Earl,
804 437 171 50 1888-

220 510 93 53 An
350 508 384 56 introduction
777 513 57 46 to
870 506 296 53 education
1207 505 111 54 and
1357 505 95 55 the
1490 503 266 68 teaching
1793 521 236 49 process,
2067 503 73 67 by

149 579 1994 72 Jesse E. Adams … and William S. Taylor … New York, The
481 663 502 67 Macmillan company, 1932.
252 720 894 62 x, 668 p. diagrs. (I fold.) 20½ ᶜᵐ .
217 790 225 41 Includes
474 789 148 41 blank
655 799 147 38 pages
833 787 80 41 for
947 786 311 42 “Additional
1293 786 247 41 reference
1575 783 153 42 lists.”

217 846 349 48 Bibliography
598 847 54 39 at
681 845 92 40 end
805 844 52 40 of
887 844 119 40 each
1039 844 214 47 chapter.

155 915 1737 54 © Feb. 23, 1932; 2c. and aff. Feb. 24; A 48615; Macmillan co.
232 976 249 49 (32-5850)

151 1081 313 54 American
498 1080 214 65 digest.

223 1156 363 54 Cumulative
650 1155 528 68 descriptive-word
1242 1154 170 52 index
1477 1154 111 51 and
1650 1153 154 52 table
1865 1152 63 52 of
1991 1168 151 36 cases

154 1233 265 68 affirmed,
459 1235 259 52 reversed
759 1251 63 34 or
859 1231 287 69 modified,
1185 1232 269 68 covering
1495 1231 248 55 Current
1781 1230 204 68 digest,

152 1231 1966 134 volumes
336 1317 29 48 6
394 1313 112 52 and
537 1311 47 68 7,
614 1314 111 51 and
756 1312 140 53 with
925 1310 345 55 cumulative
1297 1312 153 51 table
1478 1309 63 54 of
1569 1311 108 66 key

153 1311 1965 147 numbers, covering volumes 1 to 7 … [St. Paul]
1294 1389 848 69 West publishing co., ᶜ193 2.
222 1463 333 49 297 p. 25 ᶜᵐ .
224 1521 71 40 On
325 1532 140 29 cover:
524 1522 84 38 No.
640 1521 25 38 2
698 1521 209 40 Current
936 1520 158 48 digest
1125 1520 196 40 service.

157 1587 51 52 ©
240 1591 110 40 Feb.
379 1592 68 47 24,
479 1590 138 46 1932;
650 1592 67 40 2c.
747 1592 120 39 Mar.
899 1591 81 46 14;
1013 1589 82 42 aff.
1126 1591 120 39 Mar.
1278 1590 81 46 16;
1391 1590 40 38 A
1461 1589 169 47 50090;
1663 1591 134 39 West
1827 1590 109 47 pub.
1968 1599 67 30 co.

153 1751 315 54 American
496 1751 277 54 institute
802 1751 63 53 of
892 1750 230 65 mining
1149 1751 114 53 and
1292 1749 430 65 metallurgical
1751 1750 331 64 engineers.

224 1827 405 56 Transactions
684 1829 63 52 of
803 1830 94 51 the
954 1828 306 53 American
1314 1828 265 53 institute
1634 1829 64 53 of
1752 1828 225 70 mining
2032 1829 112 52 and

151 1907 419 68 metallurgical
633 1907 293 68 engineers
1002 1906 454 68 (incorporated)
1542 1907 381 68 Geophysical
155 1926 1967 128 prospecting,

438 1988 149 49 1932.
663 1987 216 67 Papers
916 1987 110 51 and
1065 1985 341 54 discussions
1441 1987 299 68 presented
1778 1993 59 47 at
1869 1988 277 69 meetings

155 2064 130 51 held
316 2069 59 48 at
400 2066 137 51 New
567 2063 178 64 York,
773 2064 313 68 February,
1118 2068 149 63 1929,
1297 2068 152 64 1930,
1479 2068 131 50 1931
1640 2066 112 52 and
1782 2070 150 49 1932.
2008 2069 137 52 New

157 2141 178 67 York,
363 2143 67 51 N.
461 2144 91 64 Y.,
579 2142 124 53 The
727 2142 292 66 Institute,
1050 2146 149 51 1932.

225 2215 87 39 510
345 2225 42 37 p.
448 2215 141 46 illus.,
627 2216 168 47 tables,
831 2216 181 47 diagrs.
1070 2216 146 39 23½ᶜᵐ.

161 2280 1990 52 © Feb. 5, 1932; 2c. Mar. 7; aff. Mar. 8; A 49011; Amer. institute of
228 2341 184 47 mining
443 2344 95 39 and
571 2341 355 48 metallurgical
958 2341 262 48 engineers,
1253 2342 91 41 inc.

156 2446 290 64 Andreas,
477 2446 171 55 Fred.

225 2522 121 54 The
386 2521 136 53 trial
567 2521 64 53 of
670 2522 223 68 Gregor
932 2522 214 68 Kaska,
1187 2522 75 69 by
1305 2525 151 54 Fred
1497 2524 291 66 Andreas;
1834 2527 314 54 translated

157 2598 151 55 from
335 2600 96 53 the
459 2600 250 54 German
733 2600 77 68 by
837 2598 292 57 Winifred
1160 2603 143 66 Ray.
1378 2602 138 52 New
1544 2603 180 67 York,
1754 2604 77 53 H.
1860 2605 148 52 Holt
2037 2607 109 51 and

155 2681 503 65 company [ᶜ193 2]
229 2751 87 41 278
344 2761 45 38 p.
476 2749 118 43 19½ᶜᵐ.

163 2817 51 52 ©
249 2822 108 40 Feb.
392 2823 68 46 13,
493 2821 140 47 1932;
668 2822 67 40 2c.
769 2822 121 40 Mar.
924 2822 52 47 2;
1012 2821 81 40 aff.
1128 2823 122 42 Mar.
1282 2823 52 46 3;
1369 2823 41 39 A
1441 2823 172 47 47933;
1648 2825 167 48 Henry
1849 2826 119 40 Holt
2001 2826 37 41 &
2069 2836 83 38 co.,

230 2877 90 41 inc.
391 2877 250 49 (32-5866)

163 2980 276 66 Bartlett,
466 2981 154 54 John
647 2981 276 65 Thomas,
954 2985 172 51 1892-

230 3056 197 56 Credit
465 3057 358 68 department
859 3056 405 69 salesmanship
1305 3057 107 54 and
1458 3057 292 55 collection
1791 3061 361 70 psychology,

162 3134 1990 73 by John T. Bartlett … and Charles M. Reed … foreword by
167 3211 1982 72 David J. Woodlock … New York and London, Harper &
162 3287 271 64 brothers,
468 3292 150 49 1932.

228 3359 72 40 xii
329 3370 59 38 p.,
416 3360 25 39 1
507 3390 9 16 l.,
544 3358 87 42 299
661 3370 43 38 p.
763 3359 144 48 illus.,
936 3359 179 49 diagrs.
1174 3360 146 41 22½ᶜᵐ.

231 3415 162 42 “First
429 3414 227 43 edition.”

168 3472 51 51 ©
250 3476 107 40 Feb.
387 3477 40 45 3,
456 3475 113 40 1932;
626 3475 66 40 2c.
723 3475 108 39 Feb.
860 3474 25 39 2;
943 3474 80 40 aff.
1055 3475 109 40 Feb.
1195 3475 28 40 6;
1279 3475 39 39 A
1346 3476 144 41 48325;
1550 3478 193 48 Harper
1773 3478 37 41 &
1838 3480 122 40 bros.

246 3532 249 44 (32-5726)

164 3636 242 63 Barton,
432 3635 208 64 Bruce,
670 3638 171 51 1886-

229 3711 91 53 He
358 3716 166 62 upset
558 3710 97 53 the
693 3710 198 66 world,
928 3710 75 67 by
1041 3711 184 52 Bruce
1264 3712 238 53 Barton.
1576 3713 417 70 Indianapolis,
2032 3717 120 54 The

160 3786 994 68 Bobbs-Merrill company [ᶜ193 2]
233 3858 626 52 6 p. l. , 11-186 p. 21 ᶜᵐ .
233 3916 140 50 Maps
404 3927 61 30 on
494 3915 361 49 lining-papers.

236 3973 161 41 “First
424 3972 225 42 edition.”
