2563 4368
1006 4043 136 54 1627

149 521 524 49 2 p. l., 81 p. 23½ᶜᵐ.
84 575 51 52 ©
169 580 103 40 Oct.
302 580 39 46 1,
372 577 141 48 1932;
546 577 68 41 2c.
645 578 94 38 and
771 575 82 42 aff.
886 576 100 40 Oct.
1019 576 54 46 4;
1107 575 41 38 A
1178 574 170 47 55408;
1385 574 268 47 Callaghan
1687 573 35 40 &
1754 582 65 31 co.

161 635 280 48 (32-30875)

78 724 366 63 Henderson,
470 723 204 52 James
700 724 157 61 Max,
889 726 171 49 1895-

211 794 1864 70 … Questions and answers with problems and illustrative
78 884 208 47 matter
312 896 73 34 on
409 878 95 51 the
531 878 109 51 law
666 876 64 53 of
755 875 210 68 equity,
989 875 172 52 based
1188 893 73 34 on
1289 875 76 52 all
1390 874 96 53 the
1512 873 277 53 standard
1813 877 123 50 text
1962 874 113 52 and

79 949 1997 73 case books, by James M. Henderson … Chicago, Callaghan
79 1034 113 52 and
219 1049 297 51 company,
545 1033 148 51 1932.

150 1105 60 48 vi,
241 1106 85 39 112
354 1116 41 37 p.
456 1105 147 39 20½ᶜᵐ.
673 1101 335 49 (Callaghan’s
1036 1101 192 49 quizzer
1255 1102 177 48 series)

83 1158 52 52 ©
164 1163 101 40 Oct.
293 1163 39 42 8,
360 1161 114 41 1932;
529 1161 68 40 2c.
625 1163 95 38 and
747 1159 83 41 aff.
859 1160 102 40 Oct.
988 1159 82 47 12;
1102 1161 41 37 A
1169 1159 171 48 56457;
1372 1160 270 47 Callaghan
1667 1160 39 40 &
1733 1170 69 30 co.

160 1218 279 49 (32-30873)

78 1309 164 63 Hoel,
269 1308 235 64 Sigurd,
534 1311 171 51 1890-

150 1382 1921 72 One day in October, by Sigurd Hoel … translated by Sölvi
80 1464 113 52 and
251 1463 255 53 Richard
564 1465 262 50 Bateson.
901 1463 139 52 New
1100 1461 180 69 York,
1340 1462 551 65 Coward-McCann,
1949 1462 125 65 inc.,

81 1546 149 50 1932.

182 1612 321 51 v, 314 p. 19 ½ᶜᵐ
150 1671 163 41 “First
340 1669 227 43 edition.”

83 1726 51 52 ©
171 1730 103 40 Oct.
308 1729 70 47 20,
413 1728 142 47 1932;
591 1729 66 39 2c.
696 1730 95 38 and
827 1727 82 40 aff.
946 1728 103 40 Oct.
1084 1727 82 47 27;
1204 1728 42 38 A
1281 1727 171 48 55681;
1492 1727 455 47 Coward-McCann,
1984 1728 89 38 inc.

161 1786 278 49 (32-30933)

78 1876 281 65 Hosford,
386 1875 272 63 Dorothy
685 1874 67 56 G.

150 1951 144 56 Sons
320 1952 64 53 of
405 1954 96 51 the
525 1952 316 67 Volsungs;
873 1953 248 66 adapted
1145 1953 75 67 by
1246 1953 264 67 Dorothy
1536 1952 68 55 G.
1631 1951 264 54 Hosford
1922 1952 151 53 from

81 2030 215 69 Sigurd
326 2031 96 52 the
452 2029 260 70 Volsung
741 2030 76 68 by
847 2028 261 56 William
1137 2030 241 68 Morris;
1413 2029 325 54 illustrated
1769 2031 76 67 by
1877 2033 198 51 Frank

77 2109 230 53 Dobias.
383 2109 138 52 New
552 2108 179 68 York,
761 2109 120 53 The
908 2107 334 53 Macmillan
1271 2126 298 50 company,
1599 2111 150 51 1932.

183 2180 1470 50 x p., 2 l., 168 p., 1 l. incl. front., illus. plates. 22½ᶜᵐ.
83 2236 51 52 ©
165 2240 101 40 Oct.
295 2240 68 40 25.
393 2238 113 41 1932;
564 2238 66 41 2c.
661 2240 96 38 and
785 2238 82 41 aff.
900 2238 100 40 Oct.
1030 2238 84 45 26;
1145 2238 42 38 A
1216 2237 145 41 56719;
1419 2238 281 40 Macmillan
1731 2249 67 30 co.

161 2295 278 50 (32-30926)

78 2371 265 63 Hughes,
373 2368 256 55 Thomas
658 2367 343 67 Houghton,
1034 2373 172 51 1884-

150 2447 292 69 Complete
496 2447 357 53 commercial
908 2447 351 69 geography,
1311 2446 165 54 trade
1530 2448 272 52 relations
1857 2447 64 53 of
1975 2448 96 53 the

79 2525 1968 148 United States, by Thomas H. Hughes … New York, Philadelphia,
354 2604 1252 69 Hinds, Hayden & Eldredge, inc. [ ᶜ1 932 ]
151 2680 63 46 vi,
239 2679 86 39 255
351 2690 43 36 p.
448 2678 128 39 illus.
605 2677 133 48 (incl.
766 2680 162 46 maps)
963 2677 179 48 diagrs.
1197 2677 117 40 21ᶜᵐ.

152 2735 262 39 Published
446 2734 50 39 in
529 2734 115 40 1930
677 2736 154 38 under
863 2734 134 40 title:
1033 2734 157 39 Trade
1226 2734 235 41 relations
1495 2736 52 39 of
1580 2736 80 39 the
1697 2736 178 39 United
1914 2735 162 41 States

92 2791 124 47 (The
240 2801 106 30 new
373 2790 275 48 geography
673 2791 62 47 by
761 2793 187 45 grades,
977 2792 147 46 grade
1183 2792 64 46 8B)

84 2844 51 51 ©
176 2849 115 46 Apr.
329 2846 71 47 29,
440 2846 140 46 1932;
622 2848 67 38 2c.
731 2848 96 38 and
868 2846 80 40 aff.
990 2848 120 47 Aug.
1151 2847 84 47 27;
1278 2849 42 38 A
1359 2848 171 46 54570;
1574 2848 173 47 Hinds,
1790 2849 208 46 Hayden
2039 2849 36 39 &

152 2904 250 46 Eldredge,
434 2903 90 39 inc.
595 2902 84 47 (ca
695 2902 173 40 32-735
887 2903 235 47 Unrev'd)

79 2976 133 65 Kip,
241 2977 258 54 Herbert
527 2976 322 65 Zabriskie,
882 2980 170 53 1874-

149 3054 121 53 The
294 3054 111 69 boy
427 3055 32 52 I
481 3055 164 52 knew
669 3055 94 52 the
786 3056 120 52 best
938 3056 109 68 [by]
1076 3056 249 54 Herbert
1351 3058 56 52 Z.
1434 3058 138 66 Kip.
1650 3059 234 53 Boston.
1908 3059 68 52 R.
2001 3058 70 55 G.

81 3134 456 67 Badger [ ᶜ1 932]
151 3205 86 40 284
264 3216 42 37 p.
365 3204 164 48 front.,
558 3206 169 47 plates,
755 3209 148 45 ports.
966 3207 117 40 20ᶜᵐ.

150 3262 412 47 Autobiography.

85 3317 52 51 ©
166 3321 118 46 Aug.
313 3321 42 46 4,
385 3319 112 41 1932;
556 3322 66 38 2c.
654 3320 101 41 Oct.
785 3320 57 40 20;
899 3321 80 39 aff.
1014 3321 100 40 Oct.
1146 3322 82 46 18;
1261 3322 42 38 A
1333 3321 169 48 56619;
1536 3323 214 39 Richard
1784 3323 51 40 G.
1868 3324 205 47 Badger.

162 3376 279 49 (32-30919)

79 3450 259 65 Kipling,
369 3451 300 63 Rudyard,
703 3457 169 49 1865-

149 3529 121 51 The
298 3528 197 68 jungle
522 3529 148 52 book
718 3529 93 67 [by]
847 3529 279 54 Rudyard
1155 3529 276 70 Kipling;
1462 3531 324 54 illustrated
1813 3533 75 67 by
1916 3533 153 52 Kurt

82 3605 198 52 Wiese.
357 3604 230 54 Garden
630 3606 150 67 City.
819 3608 68 51 N.
931 3609 88 63 Y.,
1058 3608 354 68 Doubleday,
1452 3611 199 50 Doran
1690 3612 46 50 &
1776 3628 295 49 company,

80 3683 125 66 inc.,
235 3687 149 49 1932.

151 3754 100 48 viii,
277 3754 84 41 303
387 3765 44 37 p.
459 3754 109 42 incl.
595 3755 143 48 illus.,
765 3757 170 46 plates,
995 3756 86 41 col.
1107 3757 150 40 front.
1316 3757 145 42 23½ᶜᵐ.

152 3812 287 39 Illustrated
471 3811 361 49 lining-papers.

87 3864 51 52 ©
171 3869 101 40 Oct.
304 3868 68 47 19,
404 3868 140 48 1932;
577 3869 67 41 2c.
677 3872 94 38 and
805 3870 80 41 aff.
919 3870 103 40 Oct.
1052 3870 57 40 20;
1168 3872 41 38 A
1241 3872 170 46 56675;
1446 3873 56 40 R.
1535 3872 213 48 Kipling,
1780 3873 292 48 Bateman’s,

154 3925 253 47 Burwash,
449 3926 191 41 Sussex.
679 3927 236 40 England.
995 3922 51 52 [©
1086 3938 104 28 new
1227 3930 181 39 matter
1446 3928 35 40 &
1518 3928 343 49 illustrations]

163 3979 279 50 (32-30922)
