2563 4368
1122 4056 97 50 809

182 460 186 64 Allen,
395 458 221 53 Adeen.

265 533 264 61 “Duffy”,
576 533 75 61 by
699 530 197 53 Adeen
943 529 187 53 Allen.
1220 527 136 67 [San
1404 524 321 69 Francisco,
1773 524 187 53 Trade
2008 543 155 49 press

179 630 170 48 room,
382 613 151 64 1932]

245 696 333 49 47 p. 20½ ᶜᵐ .
246 767 287 40 Illustrated
560 768 96 46 t.-p.

183 833 52 53 ©
268 839 113 46 May
411 837 68 48 12,
511 836 113 41 1932;
685 836 66 40 2c.
785 837 113 46 May
929 836 81 46 23;
1045 834 81 41 aff.
1160 835 125 40 June
1317 834 52 46 6;
1402 834 41 38 A
1475 832 169 47 52301;
1684 831 143 42 Sadie
1858 833 56 39 A.
1947 831 217 47 Joubert,

250 894 235 47 Oakland,
517 893 144 41 Calif.
730 892 278 48 (32-14437)

178 1024 187 66 Allen,
396 1024 245 57 Charles
666 1023 338 67 Ricketson,
1037 1030 169 49 1862-

306 1096 1858 74 … Managing minds; a practical psychology for vocational
175 1175 1927 73 teachers, by Charles R. Allen … and Harry A. Tiemann …
176 1256 1481 68 New York & London, The Century co. [ ᶜ1 932]
247 1345 89 40 xiii
377 1357 57 36 p.,
476 1345 27 40 2
544 1346 44 47 l.,
631 1345 146 40 3-286
817 1356 42 37 p.
928 1345 130 40 illus.
1086 1343 134 48 (incl.
1262 1342 135 48 map)
1514 1373 9 18 pl.,
1566 1340 177 48 diagrs.
1813 1338 147 42 20½ᶜᵐ.
2039 1338 126 49 (The

178 1414 213 48 Century
419 1415 272 41 vocational
721 1414 162 48 series,
911 1415 72 40 ed.
1012 1415 60 46 by
1099 1413 48 42 C.
1176 1414 55 40 A.
1260 1412 224 48 Prosser)
1608 1409 128 49 $2.00

248 1472 347 40 “References”
622 1474 50 38 at
698 1472 91 39 end
816 1470 51 40 of
892 1472 123 38 most
1042 1470 51 39 of
1118 1470 82 40 the
1226 1470 238 47 chapters.

183 1538 50 52 ©
263 1543 112 47 May
401 1541 68 48 16,
497 1541 139 48 1932;
665 1542 65 40 2c.
758 1543 94 39 and
880 1541 80 39 aff.
990 1542 112 46 May
1129 1541 81 46 21;
1239 1541 42 38 A
1308 1538 169 48 52073;
1508 1538 213 48 Century
1749 1548 68 31 co.

261 1599 277 48 (32-14432)

178 1728 313 57 American
540 1732 112 51 and
702 1728 296 56 Canadian
1043 1729 297 52 insurance
1387 1729 251 64 counsel;
1690 1725 331 70 presenting
2065 1724 98 53 the

246 1827 192 34 names
475 1810 63 51 of
577 1807 441 69 representative
1056 1807 274 52 members
1366 1806 64 53 of
1465 1806 97 53 the
1599 1806 101 52 bar
1740 1805 126 53 who
1906 1822 95 36 are
247 1822 1890 118 specialists
500 1886 60 53 in
596 1886 123 69 life,
756 1885 117 70 fire,
912 1887 273 67 casualty,
1223 1890 194 64 surety
1457 1886 112 51 and
1608 1883 219 54 marine
1863 1883 299 54 insurance

246 1966 109 52 law
385 1966 111 51 and
523 1964 247 69 practice
797 1965 60 52 in
883 1965 94 52 the
1003 1964 217 56 United
1250 1964 189 55 States
1467 1963 112 54 and
1609 1963 253 67 Canada,
1889 1968 58 48 to
1975 1962 186 54 which

247 2044 102 54 has
372 2044 136 52 been
533 2044 184 52 added
741 2063 25 32 a
795 2045 464 66 supplementary
1283 2042 97 53 list
1403 2043 63 53 of
1490 2045 227 67 general
1742 2041 420 70 practitioners,

247 2122 364 68 corporation
670 2123 111 51 and
839 2121 135 53 trial
1034 2122 255 68 lawyers.
1364 2123 153 52 Year
1574 2122 164 68 book,
1798 2124 150 50 1932.
2022 2122 139 53 New

248 2201 178 65 York,
455 2200 227 52 Hubert
710 2200 358 51 Rutherford
1098 2201 228 66 Brown,
1358 2203 149 49 1932.

249 2288 26 39 5
304 2298 40 37 p.
378 2287 44 48 l.,
450 2286 146 41 3-600
625 2297 43 37 p.
726 2287 118 40 21ᶜᵐ.

184 2355 50 52 ©
269 2359 112 46 May
414 2359 69 46 31,
516 2356 140 47 1932;
691 2356 67 41 2c.
792 2356 125 40 June
949 2356 81 47 16;
1066 2356 80 41 aff.
1183 2358 126 39 June
1341 2358 81 46 18;
1457 2358 40 38 A
1530 2357 169 47 51820;
1736 2358 190 40 Hubert
249 2359 1899 96 Rutherford
387 2415 190 47 Brown,
605 2414 116 39 New
748 2414 141 40 York.

178 2547 314 54 American
524 2544 355 56 association
909 2546 64 52 of
1002 2546 371 64 advertising
1401 2545 292 65 agencies.

245 2623 121 53 The
393 2622 306 52 American
732 2621 336 54 association
1099 2621 63 54 of
1193 2623 355 69 advertising
1578 2622 285 69 agencies;
1897 2622 75 54 its
2004 2623 161 68 aims,

175 2699 529 69 accomplishments
737 2701 113 51 and
883 2698 410 70 organization.
1368 2700 155 67 [New
1559 2700 180 68 York,
1772 2701 123 53 The
1930 2699 235 56 Currier

175 2780 379 66 press, ᶜ1 932]
245 2863 55 42 63
329 2874 44 38 p.
433 2863 179 48 diagrs.
670 2862 116 42 24ᶜᵐ.

247 2933 293 48 “Copyright
568 2933 62 47 by
659 2934 81 40 the
768 2933 255 40 American
1052 2932 293 41 association
1375 2933 53 40 of
1458 2933 302 49 advertising
1788 2933 263 48 agencies.”

184 3002 50 52 ©
260 3006 113 48 Apr.
398 3007 68 46 14,
491 3004 111 41 1932;
658 3005 66 40 2c.
749 3005 112 47 Apr.
885 3004 81 46 21;
995 3004 81 40 aff.
1102 3006 112 46 May
1238 3006 54 45 4;
1321 3005 39 38 A
1386 3004 141 41 51126;
1584 3006 157 39 Amer.
1768 3016 128 29 assn.
1924 3007 50 38 of
252 3006 1896 104 advertising
426 3061 232 49 agencies,
687 3062 116 39 New
829 3061 141 40 York.
1041 3059 277 49 (32-14414)

179 3178 314 54 American
532 3181 110 51 law
680 3183 239 63 reports,
959 3178 321 52 annotated.
1355 3177 237 54 Editors
1629 3179 62 52 in
1729 3179 170 69 chief,
1940 3180 222 69 George

247 3258 75 52 H.
350 3258 259 52 Parmele
634 3258 111 51 and
768 3259 79 50 M.
875 3255 162 54 Blair
1060 3255 240 68 Wailes;
1328 3256 324 70 consulting
1674 3259 201 66 editor,
1900 3259 260 55 William

248 3335 77 51 M.
363 3336 356 65 McKinney;
759 3333 311 69 managing
1107 3334 228 70 editors,
1375 3335 235 56 Charles
1648 3335 358 71 Porterfield,
249 3339 1886 127 Edwin
393 3412 204 69 Stacey
626 3412 204 68 Oakes,
860 3412 235 52 assisted
1122 3413 75 68 by
1225 3413 96 53 the
1348 3413 416 71 exceptionally
1793 3416 367 68 experienced

247 3491 265 53 editorial
538 3490 423 69 organizations
985 3490 63 51 of
1072 3491 95 52 the
1193 3491 335 67 publishers,
1603 3511 52 35 v.
1681 3492 82 54 78.
1838 3495 323 68 Rochester,

249 3571 69 52 N.
376 3571 90 67 Y.,
523 3570 120 51 The
700 3570 266 66 Lawyers
1023 3569 381 68 co-operative
1458 3571 337 70 publishing
1851 3592 306 51 company;

249 3648 338 66 Northport,
621 3648 64 51 L.
719 3647 67 65 I.,
820 3647 70 52 N.
926 3648 90 63 Y.,
1049 3647 252 53 Edward
1335 3649 328 68 Thompson
1699 3669 305 49 company;
2043 3653 119 56 San

249 3725 320 67 Francisco,
601 3723 193 68 Calif.,
823 3724 582 71 Bancroft-Whitney
1434 3746 295 51 company,
1761 3731 149 51 1932.

252 3812 100 47 viii,
383 3813 114 40 1615
526 3823 42 37 p.
628 3812 144 40 25½ᶜᵐ.

186 3880 50 52 ©
270 3884 124 39 June
425 3884 38 46 7,
495 3881 140 47 1932;
668 3882 67 40 2c.
768 3882 126 39 June
923 3880 81 46 15;
1038 3880 82 41 aff.
1151 3881 127 39 June
1308 3881 81 47 16;
1424 3883 40 38 A
1496 3882 169 47 52613;
1700 3885 227 48 Lawyers
254 3897 1893 83 co-operative
413 3938 108 48 pub.
555 3948 81 37 co.,
671 3938 209 39 Edward
914 3937 274 48 Thompson
1220 3947 82 38 co.,
1337 3939 93 39 and
1466 3939 483 52 Bancroft-Whitney
1983 3953 67 32 co.
