2563 4368
1159 4082 132 50 1303

292 549 583 50 5 p. l., 3-312 p. 20 ᶜᵐ .
229 619 51 51 ©
305 624 119 46 Aug.
449 622 70 47 30,
545 621 112 40 1932;
714 620 66 41 2c.
809 622 126 46 Sept.
962 621 25 38 2;
1045 620 80 39 aff.
1152 621 117 44 Aug.
1297 620 56 39 31;
1409 620 40 38 A
1476 618 143 40 55032;
1675 619 50 39 L.
1754 617 219 48 Golding,
2001 618 211 40 London.

305 678 277 49 (32-22985)

223 779 401 66 Granvilliers,
655 780 147 54 Jean
833 781 87 62 de,
948 779 195 67 pseud.

358 852 1857 68 … Les deux nuits de Céleste Bédoura. Paris, J. Tallandier
227 939 193 63 [ ᶜ19 32 ]
296 1007 563 50 3 p. l., [9]-231 p. 19 ᶜᵐ.
229 1067 1872 53 © Mar. 19. 1932; 1c. Apr. 25; A— Foreign 16642; Jules Tallandier.
307 1126 277 49 (32-23265)

223 1230 234 64 Hamm,
486 1228 253 55 William
767 1229 227 65 Albert,
1023 1234 171 49 1892-

294 1301 1857 72 A unit history of the United States, by William A. Hamm …
225 1380 1989 71 Henry Eldridge Bourne and Elbert Jay Benton … Boston,
225 1458 1572 70 New York [ etc.] D. C. Heath and company [ ᶜ 1932]
329 1562 9 17 x,
363 1530 97 49 845,
483 1531 102 40 xliv
609 1542 44 37 p.
702 1531 163 48 front.,
890 1531 142 48 illus.,
1055 1540 138 38 maps
1220 1531 135 47 (part
1379 1532 196 46 double)
1610 1531 177 47 diagrs.
1840 1530 57 40 20½ᶜᵐ.

295 1589 187 39 “Based
507 1599 125 37 upon
656 1589 192 39 Bourne
870 1589 96 39 and
989 1587 229 41 Benton’s
1240 1588 259 40 American
1522 1587 425 48 history.”—Pref.

294 1646 138 46 Maps
463 1655 61 29 on
553 1644 361 48 lining-papers.

296 1701 343 48 “Suggestions
673 1701 78 40 for
786 1701 196 40 further
1019 1700 228 48 reading”
1285 1704 52 37 at
1372 1702 92 38 end
1500 1701 51 39 of
1585 1702 118 39 each
1742 1702 200 47 chapter;
226 1701 1973 104 Bibliography;
438 1768 42 37 p.
512 1756 251 41 xxv-xxix
793 1759 52 38 at
876 1757 106 40 end.

232 1816 51 51 ©
308 1819 120 47 Aug.
451 1818 69 46 27,
545 1816 113 41 1932;
713 1817 65 39 2c.
805 1818 94 38 and
925 1816 82 41 aff.
1036 1816 127 47 Sept.
1189 1816 27 39 6;
1269 1816 41 38 A
1335 1815 142 41 53973;
1533 1817 70 39 W.
1631 1818 51 37 A.
1711 1816 192 48 Hamm,
1930 1817 115 38 New
2072 1815 144 49 York,

299 1875 167 39 Henry
494 1874 231 46 Eldridge
751 1875 192 37 Bourne
972 1874 94 38 and
1096 1873 167 39 Elbert
1292 1872 95 48 Jay
1417 1874 201 46 Benton,
1649 1873 274 41 Cleveland.

309 1929 277 49 (32-22956)

225 2033 345 64 Harbaugh,
604 2033 247 55 Charles
879 2032 322 65 Hamilton,
1236 2034 171 53 1870-

296 2111 119 51 The
455 2108 300 69 adjuster’s
795 2109 230 52 manual
1069 2109 92 51 for
1204 2110 97 51 the
1340 2108 320 53 settlement
1701 2108 64 53 of
1806 2110 254 52 accident
2103 2111 113 52 and

227 2185 1990 71 health claims, by C. H. Harbaugh … 4th ed. … New York,
228 2261 1680 71 N. Y., Chicago [etc.] The Spectator company [ ᶜ 1932]
296 2335 850 49 3 p. l., ix-xiv, 556 p. illus. 18½ᶜᵐ.
235 2390 51 51 ©
316 2395 115 46 July
458 2394 69 46 27,
556 2393 140 47 1932;
727 2393 66 41 2c.
822 2394 119 47 Aug.
970 2394 53 45 8;
1055 2392 82 41 aff.
1165 2394 121 46 Aug.
1315 2393 83 47 25;
1429 2393 41 39 A
1500 2394 169 46 54347;
1705 2394 252 48 Spectator
1985 2405 66 29 co.

311 2450 277 47 (32-22836)

228 2555 183 62 Hays,
446 2554 232 52 Arthur
709 2554 238 54 Homer.

298 2629 337 66 Notawkah,
678 2628 192 54 friend
912 2628 64 54 of
1016 2630 96 52 the
1151 2630 260 66 Miamis;
1459 2650 31 33 a
1532 2636 157 62 story
1730 2630 64 52 of
1833 2630 96 53 the
1967 2631 252 54 Wabash

228 2712 256 63 country,
516 2726 127 33 now
677 2707 204 52 within
915 2707 96 52 the
1044 2707 217 54 bounds
1295 2708 64 53 of
1390 2708 95 52 the
1519 2707 295 69 sovereign
1846 2714 142 48 state
2024 2709 65 52 of

228 2710 1967 142 Indiana,
448 2786 163 52 when
640 2785 48 51 it
715 2802 114 35 was
858 2802 73 34 on
958 2784 97 53 the
1085 2783 191 69 fringe
1306 2784 64 54 of
1397 2786 96 52 the
1520 2785 509 68 trans-Allegheny

228 2786 1967 130 frontier.
437 2864 324 52 1761-1762.
844 2863 90 66 By
978 2862 224 52 Arthur
1247 2862 217 53 Homer
1509 2862 180 68 Hays.
1773 2863 294 69 Caldwell,
2111 2864 108 68 Id.,

230 2942 120 52 The
379 2941 223 54 Caxton
631 2939 265 68 printers,
924 2939 121 63 ltd.,
1077 2942 148 49 1932.

300 3010 903 52 430 p., 1 l. incl. front. (map) 19½ ᶜᵐ.
238 3068 51 51 ©
317 3072 120 46 Aug.
462 3071 69 46 31,
561 3070 112 40 1932;
731 3071 65 38 2c.
827 3071 96 38 and
952 3069 81 39 aff.
1066 3069 127 48 Sept.
1223 3069 27 40 6;
1306 3071 40 37 A
1375 3070 146 41 53976;
1578 3072 188 40 Caxton
1794 3072 226 47 printers,
2052 3073 85 40 ltd.

314 3127 278 48 (32-22982)

232 3227 251 66 Hilbert,
514 3228 209 66 David,
755 3233 171 51 1862-

448 3305 1769 71 Gesammelte abhandlungen … 1. bd. Berlin, J.
236 3384 294 67 Springer,
563 3387 148 49 1932.

303 3457 525 48 xiv, 539. [1] p. 24½ ᶜᵐ.
240 3509 1794 54 © Apr. 29. 1932; 1c. July 22; A—Foreign 17405; Julius Springer.
316 3569 277 48 (32-23172)

235 3670 241 63 Hinton,
508 3671 251 51 Edward
788 3670 239 65 Wilcox,
1062 3678 168 48 1868-

307 3745 167 54 Cases
507 3764 73 33 on
613 3746 94 52 the
743 3747 110 51 law
886 3746 65 53 of
984 3748 273 68 pleading
1292 3749 179 52 under
1508 3749 235 52 modern
1779 3751 180 68 codes,
1992 3752 77 67 by
236 3752 1960 123 Edward

237 3823 1961 144 W. Hinton … 3d ed. … Chicago, Callaghan and company, 1932.
305 3972 1219 51 xvi, 651 p. 26 ᶜᵐ. (National casebook series)
