2563 4368
1085 4084 97 50 863

142 480 295 65 Germain,
469 480 217 64 Andre,
720 482 169 51 1881-

270 552 1856 69 … La revolution espagnole, en vingt-cinq tableaux. Paris,
139 638 63 51 B.
237 635 233 55 Grasset
506 637 171 65 [1931]

205 702 1168 54 4 p. l., [v]-viii p., 1 l., [11]-237 p., 1 l. 19 ᶜᵐ .
147 757 1977 54 © Sept. 10, 1931; 1c. Jan. 18, 1932; A— Foreign 15329; Editions Bernard
215 820 212 40 Grasset.
498 817 276 50 (32-14926)

143 921 268 65 Gerould,
440 921 205 54 James
668 919 251 66 Thayer,
951 921 171 54 1872-

208 997 119 52 The
365 998 209 67 college
612 996 218 69 library
868 995 282 69 building,
1189 995 74 53 its
1303 993 283 70 planning
1624 994 115 53 and
1779 993 344 69 equipment,

138 1069 1984 73 by James Thayer Gerould … with a foreword by Frederick P.
137 1148 1520 71 Keppel … New York, C. Scribner’s sons, 1932.
240 1223 366 48 x, 116 p. 22 ᶜᵐ .
145 1277 51 51 ©
224 1282 123 38 June
375 1283 25 38 7,
443 1280 139 47 1932;
611 1282 65 39 2c.
704 1282 95 39 and
827 1280 81 41 aff.
937 1281 126 39 June
1091 1282 56 39 17;
1203 1280 41 39 A
1271 1280 168 48 52610;
1472 1280 201 41 Charles
1704 1278 264 42 Scribner’s
1998 1288 126 32 sons.

220 1337 278 48 (32-15482)

140 1439 282 66 Gregory,
456 1440 274 65 Jackson,
767 1444 171 51 1882-

207 1515 119 53 The
366 1515 170 53 house
577 1514 64 54 of
680 1515 93 54 the
813 1516 150 68 opal,
1002 1514 76 71 by
1117 1515 249 54 Jackson
1406 1514 278 71 Gregory.
1762 1515 139 53 New
1943 1515 180 69 York,

138 1591 62 55 C.
231 1591 310 56 Scribner’s
568 1611 145 47 sons,
743 1594 150 52 1932.

205 1664 552 48 4 p. l., 293 p. 19½ᶜᵐ.
206 1721 292 48 “Reprinted
528 1720 139 49 June,
701 1720 156 42 1932.”

144 1776 51 51 ©
220 1779 127 40 June
370 1778 68 48 10,
463 1778 140 47 1932;
631 1778 67 42 2c.
723 1780 95 39 and
846 1778 81 40 aff.
953 1779 124 40 June
1103 1779 56 40 17;
1212 1779 41 39 A
1280 1778 169 48 52608;
1479 1778 201 41 Charles
1709 1779 263 41 Scribner’s
2000 1789 123 31 sons.

220 1835 278 50 (32-15433)

140 1938 202 65 Guest,
376 1939 198 64 Edgar
606 1938 228 66 Albert,
869 1943 171 50 1881-

207 2014 192 67 Faith,
439 2014 76 69 by
557 2014 198 69 Edgar
795 2014 71 55 A.
911 2013 194 56 Guest.
1189 2013 289 71 [Chicago]
1526 2015 123 54 The
1692 2015 192 70 Reilly
1927 2016 44 50 &
2014 2016 108 54 Lee

135 2110 79 35 co.
252 2094 193 65 [ᶜ1932]

204 2163 55 42 32
289 2176 43 37 p.
394 2165 116 40 17ᶜᵐ.

205 2220 286 40 Illustrated
519 2222 97 46 t.-p.
645 2222 96 38 and
768 2220 301 48 head-pieces
1097 2221 51 39 in
1177 2222 167 40 colors.

206 2275 180 42 Poems.

144 2330 51 51 ©
221 2335 112 46 May
356 2333 69 48 20,
451 2332 111 42 1932;
616 2334 68 41 2c.
709 2336 96 38 and
829 2334 80 40 aff.
937 2335 127 40 June
1087 2334 25 40 6;
1167 2335 41 39 A
1233 2335 145 41 52316;
1431 2336 159 47 Reilly
1616 2336 36 41 &
1677 2337 93 40 Lee
1795 2347 67 31 co.

221 2390 277 48 (32-15428)

141 2492 210 66 Hamp,
381 2493 220 67 Pierre,
634 2493 171 57 1876-

269 2572 1851 71 … La peine des hommes. Mektoub, roman. [Paris] E.
139 2648 594 70 Flammarion [ 1932]
209 2720 453 49 284 p., 1 l. 19 ᶜᵐ .
147 2772 1979 56 © Apr. 21, 1932; 1c. May 7; A—Foreign 16852; Ernest Flammarion.
224 2833 276 49 (32-15340)

144 2923 254 66 Harvey,
426 2925 202 54 Bartle
654 2926 80 55 M.

209 2997 92 54 Me
330 3001 112 51 and
473 3001 126 52 Bad
629 3001 120 68 Eye
779 3002 113 53 and
924 3001 145 55 Slim;
1127 3003 98 53 the
1253 3003 166 70 diary
1449 3003 64 54 of
1542 3024 30 33 a
1603 3004 147 54 buck
1779 3005 241 69 private,
2049 3005 77 70 by

145 3074 193 55 Bartle
387 3075 78 55 M.
519 3077 264 70 Harvey;
836 3079 140 53 with
1027 3080 379 55 illustrations
1456 3081 76 70 by
1583 3082 148 53 Paul
1785 3082 339 55 Rockwood.

148 3150 332 68 [Monrovia,
505 3154 194 68 Calif.]
729 3156 166 54 Press
920 3156 65 54 of
1010 3155 62 56 C.
1100 3157 66 54 F.
1194 3158 197 68 Davis,
1419 3161 150 52 1932.

212 3223 755 53 5 p. l., 9-239 p. plates. 19 ½ᶜᵐ.
214 3280 159 42 “First
402 3282 256 49 printing.”

152 3332 49 52 ©
228 3339 110 47 Apr.
365 3341 67 45 11,
460 3340 112 41 1932;
628 3341 66 41 2c.
722 3343 111 47 Apr.
860 3343 54 40 15;
972 3343 84 42 aff,
1082 3345 125 39 June
1233 3346 27 38 4;
1316 3346 40 38 A
1385 3345 145 41 52308;
1583 3348 54 40 B.
1666 3348 61 39 M.
1757 3348 210 46 Harvey,
219 3348 1890 94 Monrovia,
398 3397 141 40 Calif.

610 3398 278 51 (32-15180)

147 3483 244 67 Heaton,
423 3487 189 54 Willis
641 3489 217 64 Edgar.

276 3562 1841 76 … Heaton on Surrogates’ courts. 5th ed. vols. 1-5 [and]
147 3635 1976 81 Index volume. Supplement, 1930-1932 … [Albany, N. Y.,
148 3712 162 68 Boyd
343 3716 261 70 printing
636 3739 293 49 company,
961 3722 417 66 incorporated,
1412 3729 151 59 1932]

218 3787 27 39 6
305 3818 8 8 v.
373 3789 144 40 23½ᶜᵐ.

220 3843 152 40 These
401 3847 271 46 pamphlets
701 3859 84 29 are
813 3851 48 38 to
892 3850 58 41 be
978 3850 137 41 fitted
1145 3852 102 41 into
1279 3854 80 40 the
1390 3856 195 46 pockets
1616 3858 52 37 at
1699 3856 81 40 the
1810 3856 122 39 back
1963 3856 53 40 of
2045 3857 84 40 the

151 3898 211 43 volumes
387 3901 53 39 of
465 3903 81 39 the
573 3905 73 38 set
670 3906 49 38 to
747 3904 159 41 which
931 3906 112 48 they
1071 3906 183 51 belong.

155 3949 51 51 ©
229 3954 113 48 July
364 3957 39 45 1,
427 3956 111 42 1932;
590 3958 67 42 2c.
680 3960 118 40 each
821 3961 114 48 July
959 3962 25 40 5;
1038 3963 79 41 aff.
1143 3965 116 48 July
1281 3966 25 38 2;
1360 3967 40 38 A
1425 3967 168 48 51986;
1622 3969 233 40 Matthew
1880 3969 188 39 Bender
2092 3968 36 41 &

222 4020 79 38 co.,
332 4012 103 43 inc.,
466 4013 199 49 Albany,
696 4016 56 41 N.
782 4017 53 39 Y.
