2563 4368
1328 4131 132 51 1008

386 527 236 65 Seaver,
651 527 201 53 James
880 527 266 62 Everett,
1178 524 324 56 1787-1827.

457 618 56 53 A
544 616 290 54 narrative
866 617 64 51 of
960 618 95 51 the
1086 615 104 53 life
1222 616 64 53 of
1316 617 171 66 Mary
1518 615 274 68 Jemison,
1827 617 94 52 the
1956 616 170 53 white
2159 635 220 34 woman

389 695 66 51 of
494 696 95 51 the
630 695 262 65 Genesee,
1049 695 195 52 James
1286 694 235 51 Everett
1563 694 224 66 Seaver,
1885 738 10 8 M.
1975 735 28 26 D.,
2046 693 218 53 revised
2303 693 76 68 by

390 770 1992 68 Charles Delamater Vail … Ed. of 1932, presenting the first
389 849 216 54 edition
629 848 253 68 literally
906 849 269 67 restored,
1200 848 260 68 together
1485 848 140 52 with
1652 849 262 66 chapters
1941 848 183 54 added
2151 854 58 47 to
2237 849 143 52 later

389 924 1968 135 editions by Ebenezer Mix, Lewis Henry Morgan, LL. D., William
565 1005 257 55 Clement
857 1006 225 65 Bryant
1117 1004 110 52 and
1264 1001 259 57 William
1557 1005 188 66 Pryor
1778 1005 382 66 Letchworth,
2195 1022 82 33 ll.
2316 1022 65 48 d.,

390 1082 269 68 enlarged
700 1080 140 54 with
882 1080 294 54 historical
1219 1082 111 52 and
1373 1080 447 68 archaeological
1861 1083 364 51 memoranda
2270 1083 108 52 and

389 1160 221 53 critical
640 1165 158 48 notes
828 1161 76 66 by
932 1160 233 52 modern
1199 1158 350 53 authorities.
1626 1159 137 53 New
1796 1159 179 66 York,
2008 1160 120 51 The

390 1160 1963 131 American
519 1238 180 55 scenic
725 1242 43 49 &
795 1238 236 52 historic
1060 1236 390 68 preservation
1477 1235 226 68 society,
1735 1240 146 50 1932.

465 1332 138 40 [a]-x,
706 1353 9 18 xv,
754 1322 206 50 [17]-459
993 1332 43 37 p.
1095 1322 165 48 front.,
1294 1321 143 48 illus.,
1474 1322 157 46 plates
1657 1320 49 49 (1
1744 1320 198 49 double)
1986 1322 163 47 ports.,
2186 1320 25 39 2
2249 1332 134 37 maps

400 1380 49 47 (1
480 1378 197 48 double)
715 1378 216 41 facsims.
990 1378 117 41 21ᶜᵐ.

462 1436 133 41 First
622 1435 182 42 edition
831 1435 267 48 published,
1127 1435 364 48 Canandaigua,
1518 1435 56 41 N.
1602 1435 67 48 Y.,
1696 1434 128 42 1824.

463 1491 349 49 Bibliography
842 1492 52 40 of
923 1492 101 41 The
1054 1492 88 40 life
1172 1492 52 41 of
1253 1493 140 46 Mary
1424 1491 231 47 Jemison,
1684 1492 62 47 by
1779 1491 49 42 C.
1859 1492 57 40 D.
2064 1523 8 16 Vail,
2105 1492 186 40 revised
2324 1493 60 47 by

394 1550 53 42 E.
482 1551 61 41 H.
579 1550 145 40 Hall:
761 1561 42 36 p.
839 1549 229 47 274-298;
1107 1547 322 42 “Tabulation
1466 1548 52 41 of
1552 1547 210 42 editions
1797 1548 53 40 of
1885 1548 114 41 ‘The
2033 1548 88 41 life
2157 1548 52 41 of
2244 1550 139 47 Mary

392 1605 229 43 Jemison’
642 1606 23 17 ”:
721 1606 117 41 fold.
867 1606 97 41 tab.
991 1606 230 41 mounted
1247 1615 61 31 on
1335 1617 42 37 p.
1409 1604 113 51 [299]

399 1674 1987 52 © June 14, 1932; 2c. June 16; aff. July 6; A 53049; Amer. scenic and
467 1735 201 39 historic
697 1734 333 48 preservation
1060 1743 91 30 soc.
1223 1733 280 49 (32-17486)

391 1850 215 65 Smith,
634 1853 164 65 Lady
828 1852 252 54 Eleanor
1108 1853 335 63 Furneaux,
1475 1856 171 51 1902-

463 1926 1924 72 Ballerina, by Lady Eleanor Smith … Indianapolis, The
392 2005 977 70 Bobbs-Merrill company [ ᶜ193 2]
458 2092 367 49 366 p. 20½ ᶜᵐ .
463 2150 162 41 “First
655 2149 227 42 edition.”

402 2218 51 51 ©
485 2223 116 44 July
631 2224 39 44 5,
702 2221 112 40 1932;
874 2222 67 38 2c.
973 2223 114 46 July
1119 2223 53 37 11;
1234 2221 81 40 aff.
1348 2222 115 46 July
1495 2222 53 39 13;
1610 2222 39 38 A
1681 2221 143 40 53065;
1887 2223 52 38 E.
1975 2219 170 48 Smith,
2178 2220 208 39 London.

477 2277 279 49 (32-17509)

395 2397 188 53 South
616 2397 252 52 Dakota.
943 2398 277 66 Supreme
1253 2401 175 51 court.

465 2472 1920 69 Reports of cases decided … from the decisions of November
397 2554 47 64 8,
480 2554 151 64 1929,
664 2557 59 48 to
757 2553 113 51 and
904 2552 298 68 including
1235 2552 278 52 decisions
1546 2553 62 51 of
1642 2552 175 69 April
1852 2554 82 66 11,
1969 2554 151 50 1930.
2192 2552 192 66 Notes,

397 2628 315 55 references
764 2631 112 51 and
929 2629 189 68 index,
1170 2631 75 68 by
1297 2631 149 52 Karl
1499 2631 346 67 Goldsmith,
1898 2635 162 50 court
2111 2635 271 64 reporter.

436 2750 10 9 v.
478 2710 81 48 56.
635 2706 213 68 Pierre,
880 2707 159 55 State
1068 2708 335 70 publishing
1431 2729 98 50 co.,
1561 2712 148 50 1932.

472 2781 67 47 16,
567 2780 80 48 vii,
677 2780 84 41 667
789 2792 42 36 p.
887 2781 146 42 23½ᶜᵐ.

405 2846 51 52 ©
487 2851 125 39 June
640 2850 69 47 20,
741 2851 139 46 1932;
912 2851 67 41 2c.
1011 2852 128 40 June
1166 2851 82 48 24;
1282 2852 80 40 aff.
1395 2853 116 47 July
1540 2852 82 48 21;
1656 2853 40 38 A
1727 2852 169 47 51898;
1931 2853 252 40 Elizabeth
2217 2853 171 48 Coyne,

473 2910 245 44 secretary
745 2908 51 39 of
823 2908 81 39 the
931 2911 128 37 state
1086 2909 51 39 of
1166 2908 152 41 South
1346 2909 208 48 Dakota,
1581 2909 50 40 in
1658 2912 131 38 trust
1813 2910 79 39 for
1921 2910 80 40 the
2028 2909 179 41 benefit
2230 2910 51 40 of
2309 2910 82 39 the

473 2965 167 46 people
665 2964 52 39 of
743 2964 106 40 said
876 2965 141 48 state,
1046 2965 178 47 Pierre,
1256 2965 43 41 S.
1329 2966 55 39 D.

398 3082 301 64 Springer,
733 3083 225 64 George
988 3084 65 54 T.

471 3158 274 68 Yumpin’
780 3158 306 68 yimminy;
1127 3159 425 54 Scandinavian
1586 3160 208 54 dialect
1826 3157 310 72 selections,
2169 3161 75 67 by
2278 3161 113 52 and

399 3236 280 68 compiled
725 3237 75 67 by
848 3236 134 54 Geo.
1032 3237 63 52 T.
1147 3236 294 70 Springer.
1525 3238 164 68 Long
1735 3236 240 70 Prairie,
2022 3238 201 67 Minn.,
2270 3239 122 53 The

399 3313 788 68 Hart publications [ ᶜ193 2 ]
470 3393 775 49 5 p. l. , 3-118 p. illus. 16 ᶜᵐ .
409 3460 1953 108 © July l. 1932; 2c. and aff. July 5; A 52874; G. T. Springer, Minneapolis.
715 3521 277 46 (32-17584)

402 3638 268 63 Sumner,
697 3637 255 55 William
981 3639 57 54 S.

477 3712 1841 71 History of Sumner family, by William S. Sumner …
404 3789 312 68 Nashville,
766 3792 194 66 Tenn.,
1009 3792 241 52 Printed
1301 3792 94 52 for
1441 3793 95 53 the
1585 3794 222 67 author,
1854 3795 331 53 Parthenon
2231 3814 156 50 press

409 3870 192 64 [ ᶜ193 2 ]
476 3940 56 40 79
561 3952 40 36 p.
662 3940 143 41 23½ᶜᵐ.

412 4006 50 51 ©
500 4009 116 48 July
652 4010 68 47 15,
757 4009 139 47 1932;
937 4010 67 41 2c.
1041 4011 119 48 Aug.
1198 4013 52 46 1;
1291 4012 80 41 aff,
1411 4014 115 47 July
1564 4013 81 48 19;
1687 4014 39 39 A
1765 4015 168 47 54143;
1976 4016 68 39 W.
2088 4015 43 41 S.
2174 4014 215 48 Sumner,

479 4065 199 49 Poulan,
704 4066 83 42 Ga.
