2563 4368
1104 4077 133 51 1465

240 516 695 52 Bibliography : p. 419-442.
171 573 54 53 ©
262 579 128 46 Sept.
426 577 68 46 13,
532 576 111 40 1932;
709 576 65 41 2c.
814 576 128 47 Sept.
980 575 81 46 16;
1100 573 82 40 aff.
1221 574 128 46 Sept.
1388 573 81 46 15;
1509 573 37 37 A
1585 571 171 47 54899;
1797 568 280 48 University
2114 569 53 40 of

238 633 222 46 Chicago.
495 633 223 45 Chicago.
788 631 280 49 (32-25103)

167 720 211 67 Leach,
408 721 253 55 William
690 724 282 61 Herman,
1003 724 171 49 1888-
1386 720 84 52 ed.

236 799 122 53 The
387 797 325 69 Cokesbury
743 796 224 54 funeral
998 796 248 68 manual,
1272 794 187 55 edited
1489 794 72 67 by
1591 792 256 54 William
1876 792 76 53 H.
1981 791 184 53 Leach

230 873 1389 71 … Nashville, Tenn., Cokesbury press [ ᶜ1 932 ]
236 946 342 49 224 p. 16 ᶜᵐ .
238 1003 186 40 “Blank
451 1013 146 39 pages
622 1003 77 40 for
727 1001 259 42 “Favorite
1015 1005 142 45 texts,
1187 1011 176 39 poems,
1391 1002 94 39 and
1513 1000 239 41 outlines”
1791 999 287 50 ([203]-224)

170 1060 52 53 ©
249 1066 118 39 Aug.
394 1064 53 39 19,
545 1064 82 46 1932;
654 1065 66 38 2c.
748 1064 119 44 Aug.
893 1062 53 39 23;
1003 1062 81 40 aff.
1113 1063 116 43 Aug.
1258 1061 82 42 22;
1371 1062 36 38 A
1435 1060 170 46 56061;
1636 1059 268 41 Whitmore
1930 1059 36 40 &
1995 1056 171 49 Smith,

238 1121 264 41 Nashville.
573 1120 280 47 (32-25307)

170 1212 210 63 Leake,
413 1212 185 54 Grace
628 1212 299 54 Sothcote.

237 1288 196 54 House
479 1288 64 54 of
590 1288 219 69 refuge,
854 1288 75 69 by
978 1287 183 55 Grace
1211 1286 267 57 Sothcote
1526 1286 202 53 Leake.
1805 1285 138 53 New
1994 1283 179 66 York,

166 1367 89 54 W.
283 1368 65 52 F.
375 1367 247 68 Payson,
650 1369 150 51 1932.

238 1440 608 49 5 p. l., 3-298 p. 19 ½ᶜᵐ .
173 1493 52 53 ©
254 1498 127 48 Sept.
406 1498 54 38 22,
558 1499 56 37 1932;
669 1498 64 38 2c.
762 1499 92 37 and
884 1509 78 27 aff.
994 1498 126 45 Sept.
1147 1497 56 37 30;
1260 1497 35 38 A
1325 1496 170 46 56149;
1526 1496 50 38 G.
1608 1496 44 39 S.
1682 1494 171 47 Leake,
1882 1494 114 38 New
2030 1493 138 39 York.

251 1554 279 41 (32-25326)

171 1644 130 64 Lee,
330 1646 255 52 Howard
615 1645 247 62 Burton,
894 1648 169 51 1882-

174 1718 1969 149 The story of the Constitution, by Howard B. Lee … foreword by
468 1796 1699 67 John W. Davis … Charlottesville, Va., The Michie
170 1896 296 48 company,
503 1880 149 51 1932.

243 1935 667 64 xii p., 2 l., 292 p. 23½ ᶜᵐ .
176 2002 52 54 ©
258 2009 127 47 Sept.
413 2008 55 39 23,
569 2009 82 43 1932;
681 2010 66 38 2c.
778 2009 91 39 and
902 2007 81 40 aff.
1016 2009 126 46 Sept.
1171 2008 82 41 26;
1286 2008 36 38 A
1354 2005 170 48 56027;
1558 2008 57 38 II.
1648 2008 52 38 B.
1733 2007 103 42 Lee.
1869 2005 301 46 Charleston,

242 2065 69 40 W.
343 2065 81 40 Va.
495 2065 279 46 (32-25267)

172 2154 342 66 Liepmann,
545 2154 270 55 Wilhelm
848 2155 248 62 Gustav,
1130 2154 170 56 1878-

243 2233 116 51 Der
397 2231 486 71 geburtshilfliche
923 2232 416 68 phantomkurs
1378 2232 58 52 in
1476 2231 97 53 172
1614 2231 553 69 federzeichnungen

175 2310 1992 69 für ärzte und studierende, von … dr. med. Wilhelm Liepmann
232 2388 1938 69 … Zweite, vermehrte und verbesserte auflage. Berlin, Wien,
175 2470 197 52 Urban
401 2474 42 49 &
478 2469 495 69 Schwarzenberg,
1004 2472 148 52 1931.

244 2542 1018 52 x, 316, [1] p. incl. illus., plates. 22 ᶜᵐ .
178 2596 1977 108 © Aug. 1, 1931; 1c. Dec. 17; A —Foreign 14860; Urban & Schwarzenberg.
506 2657 472 48 (A 31-1382 Revised)
176 2745 240 67 Lomax,
446 2748 143 53 Paul
618 2748 276 64 Sanford,
929 2753 169 50 1890-

244 2824 294 55 Problems
588 2825 62 54 of
698 2824 267 70 teaching
1013 2826 329 67 economics,
1390 2846 32 33 a
1472 2827 303 53 classroom
1825 2827 230 52 manual
2107 2826 63 53 of

175 2903 273 68 practical
499 2903 162 68 helps
711 2903 94 54 for
854 2903 253 54 teachers
1158 2903 62 54 of
1272 2904 114 53 this
1435 2903 220 69 subject
1702 2904 58 53 in
1813 2904 192 68 public
2056 2904 111 53 and

174 2979 224 69 private
435 2981 312 68 secondary
785 2980 236 69 schools,
1059 2982 295 67 collegiate
1393 2982 238 67 schools,
1669 2982 111 53 and
1821 2982 60 53 in
175 2982 1971 143 teachertraining

470 3058 1698 68 institutions, by Paul S. Lomax … and Herbert A.
173 3134 1529 70 Tonne … New York, Prentice-Hall, inc., 1932.
248 3207 677 50 viii, 372 p. diagr. 19 ᶜᵐ .
252 3264 222 42 Includes
505 3264 389 51 bibliographies.

181 3318 51 53 ©
264 3324 117 44 Aug.
412 3324 39 46 8,
481 3323 139 47 1932;
653 3325 66 39 2c.
752 3324 118 46 Aug.
900 3324 83 46 24;
1016 3323 80 40 aff.
1131 3324 120 46 Aug.
1281 3324 82 47 20;
1398 3326 37 38 A
1467 3324 170 47 54562;
1674 3323 374 49 Prentice-Hall,
2082 3326 88 41 inc.

255 3378 279 49 (32-25102)

178 3462 366 65 McCasland,
575 3462 175 64 Selby
778 3463 255 55 Vernon.

246 3537 120 53 The
408 3539 371 54 resurrection
819 3540 63 51 of
920 3538 193 66 Jesus;
1156 3557 29 34 a
1228 3557 119 34 new
1387 3538 169 70 study
1598 3539 64 53 of
1702 3540 96 54 the
1834 3540 174 53 belief
2045 3540 127 54 that

177 3614 166 55 Jesus
368 3633 122 35 rose
519 3616 147 51 from
696 3615 94 53 the
819 3614 160 68 dead,
1007 3615 62 53 of
1097 3616 73 53 its
1197 3615 258 55 function
1485 3636 59 34 as
1572 3617 94 53 the
1693 3618 155 67 early
1879 3616 293 56 Christian

178 3691 116 53 cult
322 3699 173 59 story,
526 3693 110 51 and
666 3693 63 51 of
757 3692 95 52 the
882 3691 185 69 origin
1098 3693 63 51 of
1190 3693 93 53 the
1316 3693 207 68 Gospel
1558 3694 311 68 literature,
1896 3695 72 67 by
2001 3693 169 69 Selby

180 3767 1991 71 Vernon McCasland … New York, T. Nelson and sons, 1932.
247 3837 364 50 219 p. 19½ ᶜᵐ .
249 3895 69 39 “A
343 3895 206 41 selected
575 3895 365 49 bibliography”
966 3907 59 30 on
1076 3899 59 39 the
1162 3898 324 41 resurrection
1512 3898 277 42 narratives:
1844 3911 41 37 p.
1913 3899 100 42 215.

182 3950 52 53 ©
263 3955 127 47 Sept.
419 3958 66 44 16,
514 3955 138 47 1932;
681 3956 67 40 2c.
778 3956 128 48 Sept.
932 3956 83 47 22;
1044 3955 81 41 aff.
1157 3957 125 48 Sept.
1311 3956 82 48 26;
1424 3958 39 40 A
1491 3957 171 48 56068;
1691 3958 211 40 Thomas
1930 3957 178 41 Nelson
2136 3958 35 40 &

248 4021 123 30 sons.
443 4011 278 49 (32-25432)
