2563 4368
1398 4035 102 53 404

431 507 74 68 by
541 508 249 66 Prosper
825 505 314 67 Buranelli,
1174 506 63 52 F.
1275 504 261 69 Gregory
1570 501 330 55 Hartswick
1961 503 129 67 [and]
2132 504 295 67 Margaret

435 584 425 67 Petherbriclge.
937 584 137 52 New
1109 583 178 60 York,
1322 583 197 55 Simon
1553 582 109 52 and
1701 581 285 66 Schuster,
2020 580 123 65 inc.,
2180 584 148 51 1932.

506 655 881 53 2 p. l., 3-118 p. diagrs. 19½ᶜᵐ.
441 723 1990 55 © Feb. 25, 1932; 2c. Feb. 29; aff. Mar. 11; A 49075; Simon & Schuster,
509 786 89 40 inc.
669 784 250 48 (32-7773)

431 904 367 65 Burroughs,
828 903 171 55 Alan.

505 977 1927 71 Kenneth Hayes Miller, by Alan Burroughs … New York
441 1063 193 65 [ᶜ1931]

509 1132 57 41 56
597 1145 57 37 p.,
689 1132 29 39 2
768 1166 8 8 l.
809 1131 110 42 incl.
952 1130 127 41 illus.
1109 1129 172 50 (port.)
1323 1131 171 47 plates.
1554 1127 117 42 26ᶜᵐ.
1744 1127 280 50 (American
2059 1128 172 41 artists
2268 1128 165 49 series,

440 1190 227 48 Whitney
695 1199 220 30 museum
944 1188 53 41 of
1023 1187 257 42 American
1310 1187 103 48 art)

509 1259 305 50 Descriptive
847 1262 284 46 letterpress
1164 1270 59 30 on
1256 1268 165 31 versos
1452 1258 167 48 facing
1647 1259 171 47 plates.

509 1317 377 50 Bibliography:
916 1329 43 37 p.
988 1316 69 42 15.

446 1386 51 53 ©
522 1392 118 39 Nov.
664 1392 67 45 18,
758 1390 108 41 1931;
923 1390 65 38 2c.
1016 1390 109 40 Feb.
1151 1389 39 48 8,
1216 1387 112 41 1932;
1382 1387 82 42 aff.
1491 1388 109 39 Feb.
1625 1387 52 46 6;
1705 1388 38 38 A
1769 1387 143 41 48348;
1970 1386 223 49 Whitney
2221 1396 216 30 museum

515 1448 51 39 of
593 1447 255 40 American
878 1449 91 44 art,
1000 1447 115 39 New
1145 1446 141 39 York.
1359 1444 278 48 (32-26023)

445 1562 326 58 California
810 1565 112 52 and
963 1561 213 58 Pacific
1215 1563 203 69 digest,
1455 1562 270 70 covering
1761 1563 77 53 all
1878 1581 151 36 cases
2069 1562 265 70 reported
2375 1561 58 55 in

512 1641 324 55 California
874 1648 238 62 reports,
1153 1644 335 60 1850-1931;
1529 1641 212 53 Pacific
1776 1646 274 63 reporter,
2086 1641 250 54 volumes
2376 1645 65 49 1-

512 1724 117 64 300,
667 1721 112 53 and
819 1720 75 53 all
935 1720 64 52 of
1038 1720 94 52 the
1172 1719 210 53 Pacific
1420 1725 173 48 states
1631 1724 221 63 reports
1892 1719 149 53 from
2081 1720 95 52 the
2214 1720 225 53 earliest

516 1800 180 60 times,
726 1798 280 70 compiled
1038 1798 110 53 and
1179 1797 189 54 edited
1399 1798 73 68 by
1502 1798 93 53 the
1623 1797 338 70 publisher’s
1990 1796 266 55 editorial
2284 1794 151 57 staff.

556 1920 10 10 v.
601 1881 112 49 1-4.
793 1876 81 57 St.
904 1879 165 65 Paul,
1098 1880 159 52 West
1286 1876 333 70 publishing
1648 1897 98 48 co.,
1779 1880 149 50 1932.

516 1952 26 39 4
609 1985 7 7 v.
676 1951 116 40 26ᶜᵐ.

483 2053 8 9 v.
520 2023 38 48 1,
587 2018 51 53 ©
668 2023 107 39 Feb.
803 2021 69 50 29,
900 2021 139 46 1932;
1070 2034 40 27 v.
1138 2023 39 46 2,
1209 2017 51 53 ©
1290 2022 110 40 Feb.
1427 2022 82 47 26;
1541 2034 40 30 v.
1609 2020 41 49 3,
1675 2023 41 43 4.
1747 2018 51 53 ©
1830 2022 107 41 Feb.
1965 2022 56 41 29;
2079 2023 65 40 2c.
2173 2023 117 41 each
2321 2024 121 40 Mar.

520 2080 80 42 14;
630 2079 107 41 affs.
767 2080 118 39 Mar.
916 2079 79 45 16;
1026 2080 39 38 A
1093 2078 346 48 50084-50087;
1470 2080 129 40 West
1631 2081 107 47 pub.
1766 2091 66 30 co.
529 2135 249 48 (32-7899)

449 2251 265 56 Catholic
744 2253 241 55 church.
1061 2255 174 66 Pope,
1264 2257 312 52 1073-1085
1615 2253 340 69 (Gregorius
1985 2254 113 67 vii)

518 2331 119 53 The
682 2332 477 67 correspondence
1204 2331 62 53 of
1312 2335 157 64 Pope
1515 2333 260 68 Gregory
1909 2375 11 24 VII,
1963 2333 238 53 selected
2250 2333 191 54 letters

450 2406 150 56 from
661 2409 96 53 the
816 2407 333 70 registrum;
1212 2410 313 53 translated
1588 2409 135 54 with
1789 2429 71 34 an
1921 2410 384 55 introduction
2367 2411 74 67 by

451 2485 1990 72 Ephraim Emerton … New York, Columbia university press,
453 2568 145 51 1932.

518 2637 1924 49 xxxi, 212 p. 23½ ᶜᵐ . (Half-title: Records of civilization: sources and
450 2694 199 48 studies,
690 2694 160 40 edited
893 2695 151 39 under
1085 2695 80 39 the
1205 2694 221 48 auspices
1466 2694 52 40 of
1558 2695 80 40 the
1679 2695 140 47 Dept,
1858 2695 52 39 of
1950 2694 202 48 history,
2193 2695 250 41 Columbia

452 2750 635 48 university … vol. XIV)
520 2820 349 49 Bibliography:
928 2831 43 37 p.
1001 2820 248 50 [196]-197.

457 2888 51 51 ©
541 2892 120 39 Mar.
694 2891 66 44 15,
794 2890 111 41 1932;
966 2891 67 41 2c.
1065 2893 93 38 and
1191 2891 82 41 aff.
1307 2893 119 38 Mar.
1462 2892 52 39 17;
1576 2892 38 39 A
1646 2892 144 41 49155;
1852 2893 249 41 Columbia
2135 2893 126 40 univ.
2297 2902 147 40 press.

535 2947 250 48 (32-7802)

455 3064 343 67 Chambers,
829 3067 222 53 Robert
1081 3066 272 66 William,
1387 3073 169 50 1865-

521 3141 318 70 Whistling
876 3145 124 66 Cat,
1033 3145 74 67 by
1141 3145 213 53 Robert
1389 3147 86 52 W.
1512 3147 323 55 Chambers.
1913 3148 135 51 New
2085 3147 177 60 York,
453 3149 1966 137 London,
607 3221 70 53 D.
706 3221 294 66 Appleton
1027 3226 111 52 and

1166 3241 297 49 company,
1493 3227 148 50 1932.

523 3290 82 40 xvi
635 3302 57 37 p.,
724 3291 24 39 1
815 3323 9 16 l.,
853 3291 85 41 379
968 3303 41 37 p.
1070 3293 127 42 illus.
1226 3293 202 49 (music)
1497 3294 115 40 20ᶜᵐ.

461 3360 51 51 ©
543 3365 120 39 Mar.
694 3365 67 42 18,
792 3363 111 41 1932;
963 3366 65 39 2c.
1059 3368 94 39 and
1184 3365 82 41 aff.
1297 3367 121 38 Mar.
1448 3366 54 40 21;
1563 3367 39 39 A
1633 3366 141 40 50244;
1838 3368 52 39 R.
1923 3369 69 39 W.
2024 3367 276 47 Chambers,
2331 3368 115 39 New

528 3421 143 40 York.
742 3421 250 48 (32-7814)

457 3536 307 68 Chipman,
796 3540 199 54 Frank
1024 3542 87 54 W.

525 3614 119 52 The
675 3632 259 36 romance
965 3615 64 53 of
1059 3617 94 53 old
1188 3616 308 55 Sandwich
1527 3618 169 69 glass,
1729 3618 139 53 with
1899 3617 323 71 dictionary
2255 3617 64 56 of
2349 3618 96 54 old

457 3689 305 54 Sandwich
792 3697 275 63 patterns,
1096 3694 75 68 by
1199 3695 198 51 Frank
1423 3695 91 53 W.
1547 3694 304 69 Chipman.
1921 3695 324 68 Sandwich,
2273 3697 171 52 Mass.

459 3765 326 67 [Sandwich
817 3769 334 70 publishing
1180 3787 297 53 company,
1507 3771 127 67 inc.,
1667 3775 134 50 1932]

525 3837 85 43 158
638 3850 43 37 p.
741 3841 126 40 illus.
898 3842 131 48 (incl.
1061 3844 137 47 port.,
1230 3843 240 48 facsims.)
1538 3844 117 41 26ᶜᵐ.

463 3905 51 51 ©
543 3911 119 40 Mar.
691 3912 67 47 10,
787 3912 139 48 1932;
955 3915 64 39 2c.
1052 3916 119 39 Mar.
1199 3916 82 46 11;
1311 3914 81 42 aff.
1422 3918 122 40 Mar.
1573 3916 80 47 19;
1684 3918 39 39 A
1750 3917 171 48 49197;
1954 3918 256 41 Sandwich
530 3918 1900 97 publishing

638 3979 81 37 co.,
747 3969 88 41 inc.
907 3970 250 50 (32-7881)
