2563 4368
1035 4054 133 51 1661

95 433 267 54 Mariken
397 450 114 36 van
547 432 372 64 Nimmegen.

168 509 170 68 Mary
374 510 64 53 of
473 508 364 68 Nimmegen;
877 527 33 34 a
947 507 281 53 facsimile
1265 506 403 68 reproduction
1706 505 63 54 of
1806 506 97 53 the
1940 523 144 50 copy

99 585 63 53 of
189 587 95 52 the
311 586 246 67 English
586 585 222 54 version
834 586 60 52 in
923 586 95 52 the
1047 584 371 67 Huntington
1447 583 221 66 library;
1728 583 140 53 with
1900 602 71 34 an
101 583 1959 132 introduction

468 659 1616 71 by Harry Morgan Ayres … and Adriaan Jacob
100 737 1985 133 Barnouw … Cambridge, Mass., Harvard university press, 1932.
173 885 1915 52 3 p. l., 3-5 p., facsim: [40] p. illus. 23½ᶜᵐ. (Half-title: Huntington
102 946 184 47 library
322 945 349 49 publications)

175 996 1913 53 Facsimile has title : ¶ Here begynneth a lyttell story that was of a
105 1059 205 40 trwethe
337 1058 122 41 done
484 1058 49 39 in
561 1058 82 41 the
669 1058 142 40 lande
841 1058 51 40 of
918 1056 200 42 Gelders
1145 1056 52 42 of
1223 1067 28 30 a
1280 1057 173 47 mayde
1480 1057 110 41 that
1616 1067 102 30 was
1745 1058 174 41 named
1948 1057 139 49 Mary

105 1122 1985 52 of N ē megen yͭ was the dyuels paramoure by the space of .vij. y ere longe.
106 1176 1985 55 Colophon: ¶ Thus endeth this lyttell treatyse Jmprynted at Anwarpe
106 1238 61 48 by
201 1249 75 30 me
312 1237 94 42 John̅
477 1237 350 49 Duisbrowghe
863 1237 267 49 dwellynge
1169 1237 175 48 besyde
1383 1238 81 40 the
1501 1247 161 31 earner
1699 1240 151 46 porte.

178 1295 128 42 “The
333 1294 201 50 English
562 1295 96 40 and
685 1296 82 39 the
797 1294 161 41 Dutch
986 1294 219 40 versions
1235 1293 66 50 [of
1327 1294 100 40 this
1455 1296 150 47 story]
1634 1304 85 32 are
1746 1296 229 47 undated,
2005 1296 87 41 but

106 1352 127 40 from
266 1353 82 40 the
377 1354 112 46 type
521 1351 96 41 and
650 1350 219 50 printing
899 1350 191 41 devices
1121 1351 117 40 used
1270 1351 114 40 both
1419 1361 84 31 are
1535 1351 227 49 assigned
1792 1354 50 40 to
1874 1352 217 41 1518-19.

108 1408 162 41 Hence
292 1419 29 31 a
342 1408 221 50 question
586 1409 89 39 has
698 1408 163 40 arisen
883 1418 55 29 as
960 1409 49 38 to
1034 1408 81 40 the
1137 1407 208 49 priority
1369 1407 52 41 of
1443 1409 82 40 the
1548 1410 95 38 two
1668 1409 231 41 versions.
1954 1409 137 41 Some

108 1466 217 41 scholars
368 1466 173 48 regard
582 1466 81 40 the
705 1464 202 49 English
949 1464 191 40 version
1183 1473 56 31 as
1280 1473 62 30 an
1385 1464 288 49 adaptation
1714 1465 51 41 of
1806 1467 83 40 the
1930 1466 162 41 Dutch

105 1522 124 49 play,
254 1523 96 40 and
377 1523 164 40 others
568 1520 143 41 claim
737 1522 110 39 that
873 1521 115 40 both
1014 1530 83 30 are
1126 1520 145 41 based
1299 1531 127 38 upon
1453 1531 28 30 a
1508 1532 107 30 now
1642 1523 94 40 lost
1763 1522 162 41 Dutch
1952 1533 140 39 prose

106 1579 498 50 original.”—Introd.

103 1634 51 52 ©
183 1638 100 40 Oct.
312 1638 39 45 1,
377 1636 113 40 1932;
546 1634 67 40 2c.
642 1634 100 40 Oct.
771 1635 54 39 17;
882 1644 25 29 a
915 1633 47 39 ff.
993 1633 101 41 Oct.
1121 1632 56 40 29;
1234 1634 40 38 A
1300 1634 143 40 55735;
1501 1634 255 43 President
1784 1638 95 39 and
1904 1637 190 41 fellows

171 1694 51 39 of
249 1693 228 40 Harvard
504 1692 190 45 college.
725 1689 299 46 Cambridge,
1055 1691 144 38 Mass.
1280 1686 51 53 [©
1359 1692 137 40 front
1522 1694 180 38 matter
1730 1694 96 40 and
171 1692 1907 107 introduction]
359 1748 279 49 (32-31585)

98 1836 400 67 Mendelsohn,
536 1837 185 66 Isaac,
762 1842 170 50 1898-

169 1915 175 67 Legal
385 1919 215 62 aspects
640 1913 63 52 of
740 1914 221 67 slavery
1001 1913 59 53 in
1099 1912 336 70 Babylonia,
1473 1912 237 70 Assyria
1752 1913 113 55 and
103 1915 1968 144 Palestine;
282 2011 31 33 a

352 1989 383 69 comparative
771 1989 168 69 study
987 1992 302 67 (3000-500
1362 2034 10 10 B.
1446 1992 42 69 C.)
1532 1992 74 68 by
1645 1991 161 54 Isaac
100 1991 1971 145 Mendelsohn,
366 2110 11 11 PH.
440 2110 11 10 D.

523 2067 1381 71 Williamsport, Pa., The Bayard press [ ᶜ1 932 ]
171 2137 435 51 5 p. l., 72 p. 20½ ᶜᵐ.
172 2197 170 39 Issued
368 2197 102 38 also
497 2207 54 28 as
578 2196 153 39 thesis
766 2195 14 47 (PH.
954 2197 14 46 D.)
1004 2196 251 40 Columbia
1283 2196 284 48 university.

172 2251 347 51 Bibliography
537 2261 10 31 :
576 2250 202 42 4th-5th
807 2251 186 49 prelim,
1022 2254 176 39 leaves.

107 2308 50 52 ©
191 2313 115 46 July
335 2311 39 49 9,
407 2310 140 48 1932;
580 2311 68 41 2c.
679 2313 94 38 and
807 2310 80 41 aff.
921 2312 119 45 Aug.
1071 2312 54 46 4;
1159 2312 40 38 A
1231 2311 169 48 54299;
1435 2312 197 48 Bayard
1664 2323 149 39 press.
185 2368 279 49 (32-31543)

103 2458 162 65 Noel,
297 2456 406 68 Christopher,
731 2459 196 66 pseud.

175 2534 189 56 Silver
417 2535 125 68 gilt,
597 2533 75 69 by
730 2533 377 69 Christopher
1161 2535 161 54 Noel.
1394 2536 257 68 London,
1704 2537 78 53 H.
1836 2537 262 69 Jenkins,

105 2611 219 54 limited
351 2615 172 65 [1932]

173 2684 333 50 320 p. 19 ᶜᵐ .
108 2737 1991 57 © 1c. Apr. 9, 1932; A ad int. 16258; pubd. Feb. 11; Dorothy Allen
178 2799 227 46 Mocatta,
436 2799 211 40 London.
717 2798 278 49 (32-31873)

106 2885 266 66 O’Brien,
407 2885 154 55 John
599 2887 261 65 Francis,
899 2893 171 50 1892-

111 2962 1960 143 Philosophy of composition, by John F. O’Brien … Villanova,
302 3040 918 69 Pa., Villanova college [ ᶜ1 932]
183 3111 273 50 357 p. 25 ᶜᵐ.
112 3163 51 53 ©
194 3169 101 41 Oct.
326 3171 68 46 15,
425 3169 112 41 1932;
597 3170 66 41 2c.
695 3172 94 39 and
820 3171 82 41 aff.
935 3171 100 41 Oct.
1067 3172 55 40 27;
1182 3173 41 39 A
1253 3173 143 41 55712;
1457 3175 128 40 John
1618 3175 52 42 F.
1703 3175 219 50 O’Brien,
179 3176 1903 98 Villanova,

345 3227 81 39 Pa.
498 3227 279 49 (32-31588)

108 3313 208 67 Peary,
344 3315 187 55 Marie
561 3315 350 68 Ahnighito,
943 3322 171 52 1893-

179 3392 120 54 The
338 3394 98 52 red
477 3393 231 54 caboose
748 3394 140 54 with
928 3397 186 67 Peary
1153 3398 59 52 in
1253 3399 95 54 the
1385 3401 216 67 Arctic,
1640 3401 74 67 by
1753 3402 185 53 Marie
108 3403 1965 135 Ahnighito

375 3472 203 68 Peary,
621 3471 323 56 illustrated
987 3473 73 69 by
1106 3476 330 55 Ferdinand
1480 3479 76 52 H.
1601 3479 285 53 Horvath.
1961 3481 138 53 New

114 3547 174 68 York,
313 3550 89 53 W.
428 3550 250 53 Morrow
704 3554 45 50 &
775 3569 294 51 company,
1099 3558 150 51 1932.

181 3620 1190 53 128 p. incl. col. front., illus., col. plates. 19 ᶜᵐ.
115 3674 51 51 ©
199 3678 102 40 Oct.
331 3680 40 45 3,
402 3678 113 41 1932;
574 3680 67 39 2c.
673 3682 95 37 and
800 3681 81 39 aff.
916 3681 98 40 Oct.
1049 3683 26 38 5;
1136 3684 40 37 A
1208 3685 142 39 55777;
1414 3687 62 39 M.
1508 3686 55 39 A.
1596 3688 168 45 Peary,
1801 3686 300 50 Cambridge,

183 3734 146 39 Mass.
399 3734 278 48 (32-28090)

112 3813 264 66 Pember,
409 3815 244 65 Evelyn.

183 3888 212 71 Living
445 3893 147 53 one’s
642 3893 105 52 life
819 3894 91 69 [by]
968 3896 221 68 Evelyn
1242 3899 254 54 Pember.
1571 3901 255 67 London,
1882 3901 216 55 Collins

118 3971 170 64 [1932]
