2563 4368
1034 4058 95 49 189

56 505 224 54 chanics
304 504 64 53 of
389 504 94 52 the
507 503 139 53 foot.
706 502 238 53 Normal
967 502 113 52 and
1103 500 293 54 abnormal
1421 497 338 68 conditions,
60 494 1971 142 deformities

190 582 63 53 of
278 582 93 53 the
399 581 141 67 foot,
567 581 150 52 their
740 597 161 35 cause
929 579 112 52 and
1067 576 349 55 mechanical
1443 581 322 49 treatment.
1830 574 224 70 Special

61 660 261 68 chapters
353 677 70 34 on
455 659 131 52 shoe
617 657 194 69 fitting
842 657 113 52 and
986 656 74 53 its
1090 656 172 52 allied
1291 654 295 67 branches,
1615 653 300 69 including

63 652 1969 137 historical
288 736 291 52 footwear.
640 734 55 52 A
719 740 119 46 text
863 733 147 53 book
1035 733 93 51 for
1152 733 95 52 the
1273 733 229 52 student
1527 732 113 51 and
1667 730 392 69 practitioner,

62 807 1997 75 by William M. Scholl … [4th ed.] Chicago, Foot specialist
62 890 672 69 publishing co. [ ᶜ1 931]
234 958 1182 52 xxv, 27-605 p. illus. (part col.) diagrs. 24 ᶜᵐ .
71 1018 50 52 ©
160 1023 109 39 Dec.
305 1022 69 45 30,
410 1021 140 45 1931;
587 1020 67 39 2c.
691 1021 94 38 and
821 1019 82 41 aff.
940 1019 111 40 Feb.
1086 1018 39 47 9,
1161 1017 141 43 1932;
1341 1018 40 38 A
1415 1017 144 40 48366
1578 1028 8 35 ;
1626 1018 119 39 Wm,
1784 1017 62 39 M.
1886 1016 174 47 Scholl,

139 1073 1204 53 Chicago. [ © complete revision] (32-4728)
67 1178 295 54 Southern
419 1185 256 62 reporter
728 1177 200 69 digest.
1007 1181 131 48 1931
1193 1175 346 55 cumulative
1592 1177 211 52 annual
1856 1175 204 69 pocket

137 1253 1920 73 parts for volumes 1-29 … St. Paul, West publishing co.
143 1370 11 32 [
183 1338 152 64 ᶜ1932]

138 1409 55 41 29
257 1442 8 8 v.
326 1409 115 40 25ᶜᵐ.

142 1466 152 41 These
331 1465 273 48 pamphlets
640 1476 86 29 are
761 1468 48 37 to
845 1464 57 40 be
937 1464 138 41 fitted
1111 1464 103 40 into
1252 1464 81 40 the
1371 1464 147 40 backs
1555 1464 52 40 of
1644 1464 79 40 the
1761 1465 217 39 volumes
2014 1464 53 41 of

70 1523 80 39 the
181 1525 74 38 set
283 1525 48 37 to
361 1522 158 40 which
550 1521 114 48 they
693 1521 184 48 belong.

75 1575 1990 52 © Jan. 27, 1932; 2c. each Feb. 8; aff. Feb. 10; A 48417 ; West pub. co.
63 1697 196 64 Speer,
289 1696 154 64 Ocie,
476 1701 170 50 1869-

138 1775 55 52 A
228 1772 230 55 treatise
494 1792 71 33 on
602 1774 95 52 the
732 1774 110 51 law
877 1773 65 53 of
977 1772 209 68 special
1223 1773 174 53 issues
1432 1773 61 55 in
1531 1776 199 65 Texas,
1768 1769 298 73 including

69 1851 262 67 chapters
367 1868 70 34 on
475 1851 95 52 the
606 1851 216 53 related
861 1850 244 68 subjects
1141 1850 64 54 of
1240 1850 370 54 instructions
1645 1851 75 68 by
1755 1852 94 52 the
1888 1858 177 60 court,

70 1934 326 63 arguments
420 1929 75 68 by
519 1929 241 66 counsel,
784 1927 403 54 deliberations
1215 1928 63 53 of
1303 1929 95 53 the
1423 1928 151 68 jury,
1599 1928 320 69 judgment,
1944 1948 122 35 new

70 2006 152 67 trial,
254 2008 112 52 and
399 2008 204 66 appeal
637 2009 112 51 and
781 2024 174 49 error,
988 2012 119 61 etc.,
1139 2012 119 60 etc.,
1290 2007 76 66 by
1398 2005 137 56 Ocie
1570 2007 192 67 Speer.
1839 2006 228 67 Austin,

70 2085 755 68 Tex., The author [ ᶜ1 931]
143 2156 1002 50 3 p. l., v-xxviii p., 1 l., 982 p. 24½ ᶜᵐ .
79 2211 51 51 ©
161 2216 109 38 Dec.
300 2216 68 44 18,
397 2214 140 46 1931;
567 2210 67 44 2c.
664 2216 108 37 Jan.
803 2215 39 45 8,
871 2214 141 45 1932;
1043 2214 81 39 aff.
1153 2215 109 39 Jan.
1293 2215 81 40 18;
1406 2214 39 38 A
1474 2214 170 44 48164;
1678 2214 51 39 O.
1763 2214 159 49 Speer,
147 2216 1907 102 Austin,
264 2271 112 39 Tex.
448 2270 250 49 (32-4621)

69 2374 311 65 Starbuck,
409 2375 154 54 Jahn
595 2376 61 54 C.

145 2451 120 53 The
293 2451 256 68 problem
576 2450 64 53 of
667 2451 104 53 life
799 2453 45 51 &
872 2450 126 53 how
1027 2457 58 47 to
1114 2452 152 52 solve
1296 2451 62 67 it,
1386 2450 74 69 by
1490 2451 154 54 John
1675 2450 62 55 C.
1771 2448 298 57 Starbuck.

76 2530 232 66 Boston,
339 2530 282 53 Marshall
653 2531 176 52 Jones
860 2548 298 49 company,
1193 2534 149 48 1932.

147 2603 975 49 viii p., 2 l., 98 p., 1 l. illus. 19½ᶜᵐ.
82 2656 1990 52 © Jan. 30, 1932 ; 2c. Feb. 3 ; aff. Feb. 6 ; A 47503 ; Marshall Jones co.,
148 2716 90 41 inc.
309 2717 249 49 (32-4554)

71 2822 310 62 Stephens,
411 2822 134 53 Nan
576 2823 227 63 Bagby.

144 2895 179 69 Glory
370 2897 75 68 [by]
495 2897 129 53 Nan
650 2898 204 67 Bagby
882 2898 294 66 Stephens.
1241 2898 137 54 New
1409 2897 177 66 York,
1611 2899 122 52 The
1758 2897 154 55 John
1942 2898 129 68 Day

74 2977 508 66 company [ ᶜ1 932]
144 3047 673 50 4 p. l., 311, [1] p. 19½ ᶜᵐ .
86 3100 51 52 ©
174 3105 110 43 Feb.
320 3107 67 43 11,
423 3105 140 47 1932;
601 3106 66 40 2c.
704 3106 109 41 Feb.
850 3107 81 46 20;
971 3106 81 41 aff.
1089 3107 109 39 Feb.
1235 3107 82 45 18;
1355 3107 40 39 A
1429 3107 171 47 48560;
1638 3108 57 40 N.
1731 3108 54 41 B.
1824 3107 249 48 Stephens,

152 3162 116 40 New
298 3162 142 39 York.
513 3162 248 49 (32-4753)

75 3251 267 63 Stryker,
371 3252 183 63 Lloyd
583 3253 163 64 Paul,
777 3258 169 49 1885-

151 3327 207 55 Courts
401 3330 111 52 and
557 3330 241 56 doctors,
841 3331 74 67 by
959 3331 185 67 Lloyd
1187 3332 147 52 Paul
1380 3332 255 66 Stryker.
1712 3333 138 51 New
1896 3332 179 64 York,

81 3408 121 52 The
224 3407 333 53 Macmillan
581 3426 296 50 company,
905 3413 149 50 1932.

253 3479 392 49 xxv, 236 p. 19½ ᶜᵐ .
156 3536 346 41 “References”
523 3547 9 29 :
563 3548 42 38 p.
635 3537 217 41 223-231.

90 3589 51 52 ©
172 3595 109 39 Jan.
311 3594 54 39 26,
468 3594 82 47 1932;
581 3593 67 42 2c.
680 3597 93 38 and
805 3595 79 40 aff.
918 3596 108 39 Jan.
1058 3595 54 40 27
1130 3606 9 35 ;
1172 3595 39 39 A
1241 3594 171 47 47239;
1448 3595 279 40 Macmillan
1759 3605 66 31 co.

167 3650 250 49 (32-4622)

79 3740 227 62 Stuart,
335 3741 240 53 Suzette
604 3741 65 55 G.

156 3815 187 54 Guide
382 3816 146 53 book
569 3817 64 52 of
674 3818 94 52 the
810 3818 175 53 Little
1030 3819 209 52 church
1283 3817 219 54 around
1543 3818 94 52 the
1681 3835 214 47 corner,
1938 3816 137 52 New

92 3893 158 52 York
285 3894 132 67 city,
450 3895 76 67 by
563 3894 227 55 Suzette
825 3896 67 54 G.
932 3895 215 55 Stuart.
1223 3898 137 52 New
1400 3896 179 66 York,
1617 3895 228 55 Church
1883 3894 65 53 of
1982 3893 98 53 the

86 3972 486 68 transfiguration,
607 3978 147 48 1930.
