2563 4368
1426 4010 102 50 242

484 474 50 52 ©
572 478 108 41 Feb.
716 477 69 46 20,
821 476 139 48 1932;
998 478 65 40 2c.
1102 478 109 42 Feb.
1246 477 82 48 29;
1366 477 80 40 aff.
1484 478 110 40 Feb.
1629 478 82 46 27;
1749 478 39 39 A
1821 477 170 46 47875;
2076 508 7 8 B.
2119 477 200 46 Barton,
2355 477 117 41 New

551 535 142 39 York.
765 534 249 47 (32-5734)

483 635 483 66 Bedford-Jones,
996 637 223 64 Henry,
1253 637 169 54 1887-

607 711 1862 68 … The graduate ficti oneer, with an introduction by Erie
476 788 239 68 Stanley
741 789 279 54 Gardner.
1084 790 243 65 Denver,
1355 790 140 65 Col.,
1522 790 121 53 The
1670 789 228 52 Author
1924 791 46 50 &
1996 786 307 66 journalist
474 787 1972 146 publishing

723 886 97 37 co.,
856 870 151 50 1932.

548 938 368 50 126 p. 19½ ᶜᵐ .
550 996 62 40 At
638 997 125 38 head
793 996 52 40 of
869 994 136 42 title:
1038 996 70 47 By
1138 996 59 39 H.
1229 995 396 42 Bedford-Jones.

487 1063 50 52 ©
568 1069 110 39 Feb.
708 1068 39 45 1,
777 1067 139 45 1932;
947 1066 65 40 2c.
1044 1067 108 38 Feb.
1182 1066 81 47 29;
1295 1066 80 39 aff.
1407 1066 108 40 Feb.
1546 1066 83 46 26;
1660 1066 41 39 A
1728 1066 170 41 48701;
1932 1066 188 39 Author
2150 1065 35 40 &
2213 1063 265 49 journalist

553 1124 108 48 pub.
692 1135 65 28 co.
829 1122 250 49 (32-5739)

482 1228 285 65 Benham,
796 1227 254 54 William
1080 1227 245 64 George.

548 1304 150 54 How
738 1310 59 47 to
841 1305 197 52 choose
1080 1304 291 53 vocations
1414 1303 153 54 from
1607 1304 96 53 the
1744 1303 201 66 hands,
1987 1304 73 65 by
2103 1303 261 54 William
2406 1302 68 55 G.

478 1381 287 67 Benham;
804 1382 140 52 with
977 1382 269 63 sixty-six
1280 1382 381 53 illustrations
1696 1382 112 52 and
1844 1381 207 53 charts.
2122 1380 137 53 New
2297 1380 178 67 York,

477 1457 258 68 London,
765 1459 69 55 G.
865 1460 65 52 P.
960 1459 296 53 Putnam’s
1285 1478 146 46 sons,
1463 1463 151 49 1932.

582 1531 1155 50 x p., 1 l., xv-cviii, 336 p. incl. plates. 22 ᶜᵐ .
551 1588 164 41 Plates
741 1589 194 48 printed
964 1600 59 30 on
1052 1590 115 39 both
1195 1589 142 40 sides.

489 1656 1990 52 © Feb. 19, 1932; 2c. Feb. 24; aff. Feb. 25; A 48709; W. G. Benham, New
556 1717 142 39 York.
771 1716 249 48 (32-5732)

479 1820 280 64 Blanden,
791 1820 244 55 Charles
1065 1820 287 64 Granger,
1385 1820 170 54 1857-

550 1896 241 53 Lincoln
842 1898 112 51 and
1003 1898 162 52 other
1214 1915 210 49 poems,
1474 1897 73 67 by
1597 1897 237 55 Charles
1885 1896 264 67 Granger
2198 1896 279 53 Blanden.

481 1974 109 53 Los
629 1974 267 68 Angeles,
937 1974 291 68 Saturday
1265 1974 169 68 night
1475 1974 334 68 publishing
1849 1992 296 49 company,
2186 1977 151 49 1931.

552 2046 532 50 3 p. l., 120 p. 20 ᶜᵐ .
556 2103 92 40 “Of
679 2104 75 41 this
813 2104 121 40 book
965 2104 139 41 there
1139 2105 122 40 have
1295 2104 115 41 been
1445 2103 193 49 printed
1672 2105 137 40 three
1844 2104 219 40 hundred
2097 2103 201 49 copies.”
2361 2104 118 40 This

483 2172 118 38 copy
630 2164 85 38 not
744 2162 276 40 numbered.

491 2216 50 51 ©
569 2220 127 46 Sept.
720 2219 69 45 24,
816 2217 111 40 1931;
981 2218 66 40 2c.
1074 2218 110 38 Dec.
1210 2218 54 38 28;
1319 2217 81 38 aff.
1428 2218 108 40 Jan.
1561 2218 69 45 23,
1658 2217 112 39 1932;
1825 2218 39 38 A
1889 2217 171 46 48700;
2089 2218 49 39 C.
2166 2218 52 39 G.
2247 2218 234 46 Blanden,

562 2275 95 40 San
689 2274 163 46 Diego,
884 2274 143 40 Calif.
1099 2273 250 49 (32-5608)

480 2377 198 64 Bojer,
704 2377 212 64 Johan,
946 2378 170 54 1872-

616 2453 1299 68 … Mens å rene g å r. Oslo, Gyldendal, 1931.
554 2527 461 48 201 p., 1 l. 20 ᶜᵐ .
492 2580 1986 54 © Nov. 13, 1931; 1c. Dec. 24; A—Foreign 15221; Gyldendal norsk forlag.
570 2639 249 48 (32-5386)

487 2743 406 65 Bontempelli,
922 2744 301 65 Massimo,
1255 2746 170 54 1878-

557 2820 119 52 Der
707 2821 142 51 sohn
881 2821 199 52 zweier
1113 2827 239 63 mutter;
1390 2841 199 34 roman
1624 2840 110 35 von
1767 2823 271 53 Massimo
2075 2822 399 70 Bontempelli.

487 2897 987 71 Leipzig, P. Beclam jun. [ ᶜ193 0 ]
557 2971 731 51 2 p. l. , 3-222, [1] p. 18½ᶜᵐ.
562 3027 352 42 “Autorisierte
978 3030 285 46 übersetzung
1294 3042 87 28 aus
1413 3033 107 37 dem
1549 3031 337 41 italienischen
1916 3042 92 29 von
2039 3031 145 46 Helly
511 3030 1953 101 Hohenemser-Steglich.”

493 3135 1985 57 © Apr. 15, 1930; 1c. Aug. 26; A —Foreign 16296; Philipp Reclam, jun.
571 3195 249 49 (32-1407)

487 3298 167 65 Boss,
681 3298 273 68 William,
985 3307 170 50 1869-

557 3373 352 55 Mechanical
948 3377 283 68 training;
1275 3399 32 33 a
1347 3380 143 51 book
1531 3379 62 53 of
1631 3380 369 53 instructions
2038 3398 70 34 on
2150 3380 95 52 the
2284 3398 95 35 use
2417 3379 62 53 of

487 3449 343 54 mechanical
861 3453 143 52 tools
1035 3455 110 51 and
1178 3456 96 53 the
1306 3457 379 52 construction
1717 3457 62 52 of
1810 3457 267 53 exercises
488 3457 1968 136 demonstrating

633 3526 393 56 fundamental
1074 3530 309 69 principles
1425 3534 59 52 in
1533 3532 343 52 mechanical
1921 3533 173 65 work,
2143 3533 90 53 for
2279 3551 95 34 use
2419 3533 57 51 in

486 3602 232 69 schools,
760 3604 236 69 colleges
1034 3606 112 52 and
1186 3608 92 51 for
1318 3609 95 51 the
1452 3610 274 66 practical
1764 3610 305 66 mechanic,
2108 3610 75 68 by
2221 3608 258 55 William

488 3678 1991 61 Boss … J. Grant Dent … Hall B. White … 1st ed. Saint
486 3754 145 53 Paul
661 3755 112 52 and
803 3756 399 69 Minneapolis,
1232 3759 184 53 Bruce
1445 3760 333 68 publishing
1808 3779 292 50 company,
2134 3765 147 48 1931.

554 3824 1135 55 xi, 269 p. incl. front., illus., diagrs. 23 ᶜᵐ .
491 3879 50 52 ©
572 3885 117 41 Nov.
718 3886 69 47 17,
815 3886 140 49 1931;
987 3888 66 40 2c.
1085 3891 93 36 and
1207 3889 81 40 aff.
1319 3890 109 42 Feb.
1457 3890 70 47 23,
1560 3890 139 48 1932;
1731 3891 41 39 A
1800 3892 170 45 47782;
2004 3894 155 39 Bruce
2188 3892 108 49 pub.
2328 3902 66 30 co.

568 3940 250 53 (32-5845)
