<alto xmlns="http://www.loc.gov/standards/alto/ns-v3#" xmlns:xlink="http://www.w3.org/1999/xlink" xmlns:xsi="http://www.w3.org/2001/XMLSchema-instance" xsi:schemaLocation="http://www.loc.gov/standards/alto/ns-v3# http://www.loc.gov/alto/v3/alto-3-0.xsd"><Description>
<MeasurementUnit>pixel</MeasurementUnit>
<sourceImageInformation>
<fileName>1932_v29_part001.pdf</fileName>
</sourceImageInformation>
<OCRProcessing ID="IdOcr">
<ocrProcessingStep>
<processingDateTime>2019-04-25</processingDateTime>
<processingSoftware>
<softwareCreator>ABBYY</softwareCreator>
<softwareName>ABBYY Recognition Server</softwareName>
<softwareVersion>4.0</softwareVersion>
</processingSoftware>
</ocrProcessingStep>
</OCRProcessing>
</Description>
<Styles>
<ParagraphStyle ID="StyleId-FFFFFFFF-FFFF-FFFF-FFFF-FFFFFFFFFFFF-" ALIGN="Left" LEFT="0." RIGHT="0." FIRSTLINE="0."/>
<ParagraphStyle ID="StyleId-547D96D3-B2DE-4E86-A4BD-9DDFC275973A-" ALIGN="Left" LEFT="0." RIGHT="0." FIRSTLINE="0." LINESPACE="7.699999809"/>
<ParagraphStyle ID="StyleId-BE433B82-DF6F-491A-9872-F562FF4150C8-" ALIGN="Block" LEFT="0." RIGHT="0." FIRSTLINE="-13." LINESPACE="7.900000095"/>
<ParagraphStyle ID="StyleId-CC286467-50C5-4655-B0CF-BA365CCE0736-" ALIGN="Block" LEFT="0." RIGHT="0." FIRSTLINE="-15." LINESPACE="8.479999542"/>
<ParagraphStyle ID="StyleId-9878414D-BEDB-487D-971A-CF5ADB5C4AD2-" ALIGN="Block" LEFT="0." RIGHT="0." FIRSTLINE="-14." LINESPACE="10.92000008"/>
<ParagraphStyle ID="StyleId-EBC70DE5-3635-4BD4-B07B-05DF6EFE0022-" ALIGN="Block" LEFT="0." RIGHT="0." FIRSTLINE="-13." LINESPACE="12.19999981"/>
<ParagraphStyle ID="StyleId-8A688F83-F017-4D5D-A00A-14637016ED45-" ALIGN="Left" LEFT="0." RIGHT="0." FIRSTLINE="0." LINESPACE="9.399999619"/>
<ParagraphStyle ID="StyleId-20F0BBAE-20C6-42F4-8113-00B5C02924DC-" ALIGN="Left" LEFT="0." RIGHT="0." FIRSTLINE="0." LINESPACE="11.10000038"/>
<ParagraphStyle ID="StyleId-7AA70148-8873-4ACB-90AE-BF9322E02302-" ALIGN="Left" LEFT="0." RIGHT="0." FIRSTLINE="-13." LINESPACE="11.09000015"/>
<ParagraphStyle ID="StyleId-072EF7BA-7207-4F8B-9A7C-F564E8B4CB16-" ALIGN="Left" LEFT="0." RIGHT="0." FIRSTLINE="-14." LINESPACE="12.19999981"/>
<ParagraphStyle ID="StyleId-44303D12-21D7-4DB0-9E9F-87FA1A861DD7-" ALIGN="Block" LEFT="0." RIGHT="0." FIRSTLINE="-14." LINESPACE="10.92000008"/>
<ParagraphStyle ID="StyleId-43CF0D44-8AC2-4CD0-865F-942C78705184-" ALIGN="Block" LEFT="0." RIGHT="0." FIRSTLINE="-13." LINESPACE="12.19999981"/>
<ParagraphStyle ID="StyleId-7A298A86-29F5-413A-AEC9-078A4CC464D7-" ALIGN="Block" LEFT="0." RIGHT="0." FIRSTLINE="13." LINESPACE="12.19999981"/>
<ParagraphStyle ID="StyleId-8E4E86F7-C1F9-4A1A-B605-6B1FC1C8E9F7-" ALIGN="Left" LEFT="0." RIGHT="0." FIRSTLINE="0." LINESPACE="11.60000038"/>
<ParagraphStyle ID="StyleId-AB39791B-5ED1-444F-BEF5-2CFED1F2709A-" ALIGN="Left" LEFT="0." RIGHT="0." FIRSTLINE="-13." LINESPACE="11.09000015"/>
<ParagraphStyle ID="StyleId-C1F2EEE7-CD00-4E11-9EAD-B222287AEDA4-" ALIGN="Center" LEFT="0." RIGHT="0." FIRSTLINE="0." LINESPACE="11.10000038"/>
</Styles>
<Layout>
<Page ID="Page937" PHYSICAL_IMG_NR="937" HEIGHT="4368" WIDTH="2563">
<TopMargin HEIGHT="440" WIDTH="2563" VPOS="0" HPOS="0">
</TopMargin>
<LeftMargin HEIGHT="3635" WIDTH="89" VPOS="440" HPOS="0">
</LeftMargin>
<RightMargin HEIGHT="3635" WIDTH="442" VPOS="440" HPOS="2121">
</RightMargin>
<BottomMargin HEIGHT="293" WIDTH="2563" VPOS="4075" HPOS="0">
<TextBlock ID="Page937_Block1" HEIGHT="72" WIDTH="186" VPOS="4078" HPOS="1019" LANG="en-US" STYLEREFS="StyleId-09552826-259B-4A53-B896-2C3B51672135-">
<Shape>
<Polygon POINTS="1019,4078 1204,4078 1204,4126 1205,4126 1205,4149 1204,4149 1204,4150 1020,4150 1020,4130 1019,4130 1019,4078"/>
</Shape>
<TextLine HEIGHT="52" WIDTH="100" VPOS="4081" HPOS="1064">
<String CONTENT="937" HEIGHT="52" WIDTH="100" VPOS="4081" HPOS="1064"/>
</TextLine>
</TextBlock>
</BottomMargin>
<PrintSpace HEIGHT="3635" WIDTH="2032" VPOS="440" HPOS="89">
<TextBlock ID="Page937_Block2" HEIGHT="3635" WIDTH="2032" VPOS="440" HPOS="89" LANG="en-US" CS="1" STYLEREFS="StyleId-506AA8BE-489C-472F-B021-1795CBEB5802-">
<Shape>
<Polygon POINTS="1835,440 2115,440 2115,793 2116,793 2116,1349 2117,1349 2117,1904 2118,1904 2118,2460 2119,2460 2119,3015 2120,3015 2120,3570 2121,3570 2121,4071 1839,4071 1839,4072 1284,4072 1284,4073 728,4073 728,4074 173,4074 173,4075 96,4075 96,4074 95,4074 95,3575 94,3575 94,3019 93,3019 93,2464 92,2464 92,1908 91,1908 91,1353 90,1353 90,798 89,798 89,444 169,444 169,443 724,443 724,442 1279,442 1279,441 1835,441 1835,440"/>
</Shape>
<TextLine HEIGHT="79" WIDTH="1982" VPOS="451" HPOS="101" STYLEREFS="StyleId-6914AC66-1472-4A00-8721-D0A1DFDF3852-">
<String CONTENT="Adventures" HEIGHT="54" WIDTH="375" VPOS="463" HPOS="101"/>
<SP HEIGHT="53" WIDTH="23" VPOS="461" HPOS="477"/>
<String CONTENT="in" HEIGHT="52" WIDTH="59" VPOS="461" HPOS="501"/>
<SP HEIGHT="55" WIDTH="25" VPOS="460" HPOS="561"/>
<String CONTENT="Story" HEIGHT="70" WIDTH="171" VPOS="459" HPOS="587"/>
<SP HEIGHT="69" WIDTH="21" VPOS="459" HPOS="759"/>
<String CONTENT="land," HEIGHT="69" WIDTH="156" VPOS="458" HPOS="781"/>
<SP HEIGHT="50" WIDTH="22" VPOS="477" HPOS="938"/>
<String CONTENT="a" HEIGHT="34" WIDTH="31" VPOS="477" HPOS="961"/>
<SP HEIGHT="35" WIDTH="23" VPOS="477" HPOS="993"/>
<String CONTENT="collection" HEIGHT="58" WIDTH="294" VPOS="454" HPOS="1017"/>
<SP HEIGHT="34" WIDTH="24" VPOS="474" HPOS="1312"/>
<String CONTENT="of" HEIGHT="53" WIDTH="61" VPOS="455" HPOS="1337"/>
<SP HEIGHT="53" WIDTH="23" VPOS="455" HPOS="1399"/>
<String CONTENT="short" HEIGHT="54" WIDTH="160" VPOS="454" HPOS="1423"/>
<SP HEIGHT="50" WIDTH="20" VPOS="458" HPOS="1584"/>
<String CONTENT="stories," HEIGHT="70" WIDTH="219" VPOS="452" HPOS="1605"/>
<SP HEIGHT="51" WIDTH="20" VPOS="471" HPOS="1825"/>
<String CONTENT="with" HEIGHT="55" WIDTH="142" VPOS="451" HPOS="1846"/>
<SP HEIGHT="54" WIDTH="21" VPOS="451" HPOS="1989"/>
<String CONTENT="an" HEIGHT="35" WIDTH="72" VPOS="469" HPOS="2011"/>
</TextLine>
<TextLine HEIGHT="76" WIDTH="1889" VPOS="530" HPOS="175" STYLEREFS="StyleId-6914AC66-1472-4A00-8721-D0A1DFDF3852-" CS="1">
<String LANG="en-US" CONTENT="introduction" HEIGHT="55" WIDTH="383" VPOS="539" HPOS="175"/>
<SP HEIGHT="52" WIDTH="25" VPOS="538" HPOS="559"/>
<String LANG="en-US" CONTENT="by" HEIGHT="68" WIDTH="75" VPOS="538" HPOS="585"/>
<SP HEIGHT="69" WIDTH="24" VPOS="537" HPOS="661"/>
<String LANG="fr" CONTENT="A." HEIGHT="54" WIDTH="70" VPOS="536" HPOS="686"/>
<SP HEIGHT="51" WIDTH="29" VPOS="538" HPOS="757"/>
<String LANG="fr" CONTENT="B." HEIGHT="50" WIDTH="65" VPOS="538" HPOS="787"/>
<SP HEIGHT="52" WIDTH="27" VPOS="537" HPOS="853"/>
<String LANG="fr" CONTENT="De" HEIGHT="52" WIDTH="86" VPOS="537" HPOS="881"/>
<SP HEIGHT="52" WIDTH="24" VPOS="536" HPOS="968"/>
<String LANG="fr" CONTENT="Mille" HEIGHT="52" WIDTH="163" VPOS="535" HPOS="993"/>
<SP HEIGHT="32" WIDTH="31" VPOS="555" HPOS="1157"/>
<String LANG="en-US" CS="1" CONTENT="&#8230;"/>
<SP HEIGHT="52" WIDTH="77" VPOS="535" HPOS="1245"/>
<String LANG="en-US" CONTENT="Boston," HEIGHT="65" WIDTH="233" VPOS="535" HPOS="1323"/>
<SP HEIGHT="68" WIDTH="25" VPOS="532" HPOS="1557"/>
<String LANG="en-US" CONTENT="New" HEIGHT="52" WIDTH="139" VPOS="532" HPOS="1583"/>
<SP HEIGHT="52" WIDTH="27" VPOS="531" HPOS="1723"/>
<String LANG="en-US" CONTENT="York" HEIGHT="53" WIDTH="162" VPOS="530" HPOS="1751"/>
<SP HEIGHT="66" WIDTH="32" VPOS="530" HPOS="1914"/>
<String LANG="en-US" CS="1" CONTENT="[etc.]" HEIGHT="47" WIDTH="98" VPOS="535" HPOS="1966"/>
</TextLine>
<TextLine HEIGHT="71" WIDTH="776" VPOS="616" HPOS="171" STYLEREFS="StyleId-6914AC66-1472-4A00-8721-D0A1DFDF3852-" CS="1">
<String CONTENT="Allyn" HEIGHT="67" WIDTH="176" VPOS="620" HPOS="171"/>
<SP HEIGHT="33" WIDTH="32" VPOS="637" HPOS="348"/>
<String CONTENT="and" HEIGHT="53" WIDTH="111" VPOS="617" HPOS="381"/>
<SP HEIGHT="53" WIDTH="31" VPOS="617" HPOS="493"/>
<String CONTENT="Bacon" HEIGHT="51" WIDTH="193" VPOS="618" HPOS="525"/>
<SP HEIGHT="50" WIDTH="35" VPOS="633" HPOS="719"/>
<String STYLE="subscript" CONTENT="[" HEIGHT="34" WIDTH="12" VPOS="648" HPOS="755"/>
<String STYLE="superscript" CS="1" CONTENT="&#7580;19"/>
<String CONTENT="32" HEIGHT="50" WIDTH="65" VPOS="617" HPOS="864"/>
<String STYLE="subscript" CONTENT="]" HEIGHT="34" WIDTH="14" VPOS="648" HPOS="933"/>
</TextLine>
<TextLine HEIGHT="114" WIDTH="1967" VPOS="683" HPOS="103" CS="1">
<String CONTENT="xxiv" HEIGHT="40" WIDTH="116" VPOS="693" HPOS="174"/>
<SP HEIGHT="37" WIDTH="28" VPOS="703" HPOS="291"/>
<String LANG="fr" CONTENT="p.," HEIGHT="37" WIDTH="56" VPOS="703" HPOS="320"/>
<SP HEIGHT="43" WIDTH="31" VPOS="692" HPOS="377"/>
<String CONTENT="1" HEIGHT="38" WIDTH="24" VPOS="692" HPOS="409"/>
<SP HEIGHT="38" WIDTH="30" VPOS="692" HPOS="434"/>
<String CS="1" CONTENT="l.,"/>
<SP HEIGHT="47" WIDTH="30" VPOS="691" HPOS="509"/>
<String CONTENT="547" HEIGHT="39" WIDTH="87" VPOS="691" HPOS="540"/>
<SP HEIGHT="47" WIDTH="27" VPOS="692" HPOS="628"/>
<String CONTENT="p." HEIGHT="38" WIDTH="41" VPOS="701" HPOS="656"/>
<SP HEIGHT="40" WIDTH="59" VPOS="690" HPOS="698"/>
<String CONTENT="front.," HEIGHT="47" WIDTH="163" VPOS="690" HPOS="758"/>
<SP HEIGHT="37" WIDTH="32" VPOS="700" HPOS="922"/>
<String CONTENT="plates." HEIGHT="47" WIDTH="169" VPOS="690" HPOS="955"/>
<SP HEIGHT="38" WIDTH="59" VPOS="688" HPOS="1125"/>
<String CONTENT="17" HEIGHT="41" WIDTH="54" VPOS="688" HPOS="1185"/>
<String STYLE="superscript" CS="1" CONTENT="&#7580;&#7504;"/>
<String CONTENT="." HEIGHT="8" WIDTH="8" VPOS="719" HPOS="1292"/>
<SP/>
<String CONTENT="(Lettered" HEIGHT="48" WIDTH="248" VPOS="686" HPOS="1370"/>
<SP HEIGHT="38" WIDTH="32" VPOS="687" HPOS="1619"/>
<String CONTENT="on" HEIGHT="29" WIDTH="56" VPOS="695" HPOS="1652"/>
<SP HEIGHT="30" WIDTH="36" VPOS="693" HPOS="1709"/>
<String CONTENT="cover:" HEIGHT="33" WIDTH="162" VPOS="692" HPOS="1746"/>
<SP HEIGHT="41" WIDTH="30" VPOS="683" HPOS="1909"/>
<String CONTENT="Academy" HEIGHT="114" WIDTH="1967" VPOS="683" HPOS="103"/>
</TextLine>
<TextLine HEIGHT="47" WIDTH="223" VPOS="746" HPOS="235">
<String CONTENT="classics)" HEIGHT="47" WIDTH="223" VPOS="746" HPOS="235"/>
</TextLine>
<TextLine HEIGHT="59" WIDTH="1982" VPOS="797" HPOS="106">
<String CONTENT="&#169;" HEIGHT="54" WIDTH="52" VPOS="802" HPOS="106"/>
<SP HEIGHT="55" WIDTH="27" VPOS="801" HPOS="159"/>
<String CONTENT="Apr." HEIGHT="47" WIDTH="112" VPOS="806" HPOS="187"/>
<SP HEIGHT="43" WIDTH="25" VPOS="804" HPOS="300"/>
<String CONTENT="28," HEIGHT="47" WIDTH="69" VPOS="804" HPOS="326"/>
<SP HEIGHT="46" WIDTH="28" VPOS="805" HPOS="396"/>
<String CONTENT="1932;" HEIGHT="47" WIDTH="140" VPOS="803" HPOS="425"/>
<SP HEIGHT="47" WIDTH="27" VPOS="803" HPOS="566"/>
<String CONTENT="2c." HEIGHT="41" WIDTH="68" VPOS="803" HPOS="594"/>
<SP HEIGHT="40" WIDTH="28" VPOS="804" HPOS="663"/>
<String CONTENT="June" HEIGHT="40" WIDTH="126" VPOS="803" HPOS="692"/>
<SP HEIGHT="38" WIDTH="26" VPOS="804" HPOS="819"/>
<String CONTENT="18;" HEIGHT="46" WIDTH="82" VPOS="803" HPOS="846"/>
<SP HEIGHT="37" WIDTH="28" VPOS="812" HPOS="929"/>
<String CONTENT="aff." HEIGHT="40" WIDTH="82" VPOS="801" HPOS="958"/>
<SP HEIGHT="40" WIDTH="29" VPOS="801" HPOS="1041"/>
<String CONTENT="June" HEIGHT="39" WIDTH="126" VPOS="801" HPOS="1071"/>
<SP HEIGHT="38" WIDTH="28" VPOS="802" HPOS="1198"/>
<String CONTENT="16;" HEIGHT="43" WIDTH="81" VPOS="799" HPOS="1227"/>
<SP HEIGHT="42" WIDTH="30" VPOS="799" HPOS="1309"/>
<!-- cceid 0B82DCB0-6D7D-1014-B4A5-D7A31D17AB40 --><String CONTENT="A" HEIGHT="39" WIDTH="40" VPOS="799" HPOS="1340"/>
<SP HEIGHT="40" WIDTH="28" VPOS="799" HPOS="1381"/>
<String CONTENT="52673;" HEIGHT="47" WIDTH="169" VPOS="798" HPOS="1410"/>
<SP HEIGHT="46" WIDTH="31" VPOS="799" HPOS="1580"/>
<String CONTENT="Allyn" HEIGHT="46" WIDTH="145" VPOS="799" HPOS="1612"/>
<SP HEIGHT="29" WIDTH="27" VPOS="808" HPOS="1758"/>
<String CONTENT="and" HEIGHT="39" WIDTH="96" VPOS="798" HPOS="1786"/>
<SP HEIGHT="39" WIDTH="27" VPOS="797" HPOS="1883"/>
<String CONTENT="Bacon." HEIGHT="38" WIDTH="177" VPOS="797" HPOS="1911"/>
</TextLine>
<TextLine HEIGHT="49" WIDTH="277" VPOS="861" HPOS="183">
<String CONTENT="(32-16551)" HEIGHT="49" WIDTH="277" VPOS="861" HPOS="183"/>
</TextLine>
<TextLine HEIGHT="67" WIDTH="982" VPOS="962" HPOS="101" STYLEREFS="StyleId-C7A72644-13F3-4E82-975C-FA33B610E682-" CS="1">
<String CS="1" CONTENT="Ammers-K&#252;ller," HEIGHT="66" WIDTH="522" VPOS="963" HPOS="101"/>
<SP HEIGHT="64" WIDTH="26" VPOS="964" HPOS="624"/>
<String CONTENT="Jo" HEIGHT="53" WIDTH="72" VPOS="964" HPOS="651"/>
<SP HEIGHT="38" WIDTH="25" VPOS="979" HPOS="724"/>
<String CONTENT="van," HEIGHT="48" WIDTH="133" VPOS="979" HPOS="750"/>
<SP HEIGHT="59" WIDTH="28" VPOS="968" HPOS="884"/>
<String CONTENT="1884-" HEIGHT="51" WIDTH="170" VPOS="966" HPOS="913"/>
</TextLine>
<TextLine HEIGHT="76" WIDTH="1857" VPOS="1033" HPOS="235" STYLEREFS="StyleId-6914AC66-1472-4A00-8721-D0A1DFDF3852-" CS="1">
<String CS="1" CONTENT="&#8230;"/>
<SP HEIGHT="52" WIDTH="31" VPOS="1041" HPOS="235"/>
<String CONTENT="Masquerade;" HEIGHT="68" WIDTH="399" VPOS="1041" HPOS="267"/>
<SP HEIGHT="61" WIDTH="29" VPOS="1046" HPOS="667"/>
<String CONTENT="translated" HEIGHT="54" WIDTH="313" VPOS="1039" HPOS="697"/>
<SP HEIGHT="52" WIDTH="29" VPOS="1039" HPOS="1011"/>
<String CONTENT="by" HEIGHT="67" WIDTH="71" VPOS="1039" HPOS="1041"/>
<SP HEIGHT="68" WIDTH="29" VPOS="1038" HPOS="1113"/>
<String CONTENT="Charlotte" HEIGHT="54" WIDTH="297" VPOS="1037" HPOS="1143"/>
<SP HEIGHT="51" WIDTH="25" VPOS="1038" HPOS="1441"/>
<String CONTENT="Bodde." HEIGHT="52" WIDTH="214" VPOS="1036" HPOS="1467"/>
<SP HEIGHT="51" WIDTH="63" VPOS="1036" HPOS="1682"/>
<String CONTENT="New" HEIGHT="52" WIDTH="138" VPOS="1035" HPOS="1746"/>
<SP HEIGHT="51" WIDTH="28" VPOS="1035" HPOS="1885"/>
<String CONTENT="York," HEIGHT="67" WIDTH="178" VPOS="1033" HPOS="1914"/>
</TextLine>
<TextLine HEIGHT="70" WIDTH="973" VPOS="1118" HPOS="103" STYLEREFS="StyleId-6914AC66-1472-4A00-8721-D0A1DFDF3852-" CS="1">
<String CONTENT="E." HEIGHT="52" WIDTH="67" VPOS="1120" HPOS="103"/>
<SP HEIGHT="51" WIDTH="27" VPOS="1121" HPOS="171"/>
<String CONTENT="P." HEIGHT="51" WIDTH="63" VPOS="1121" HPOS="199"/>
<SP HEIGHT="52" WIDTH="29" VPOS="1120" HPOS="263"/>
<String CONTENT="Dutton" HEIGHT="52" WIDTH="220" VPOS="1120" HPOS="293"/>
<SP HEIGHT="51" WIDTH="28" VPOS="1121" HPOS="514"/>
<String CONTENT="&amp;" HEIGHT="51" WIDTH="45" VPOS="1121" HPOS="543"/>
<SP HEIGHT="51" WIDTH="27" VPOS="1121" HPOS="589"/>
<String CONTENT="co.," HEIGHT="50" WIDTH="96" VPOS="1137" HPOS="617"/>
<SP HEIGHT="69" WIDTH="26" VPOS="1118" HPOS="714"/>
<String CONTENT="inc." HEIGHT="52" WIDTH="105" VPOS="1118" HPOS="741"/>
<SP HEIGHT="32" WIDTH="36" VPOS="1152" HPOS="847"/>
<String CONTENT="[" HEIGHT="32" WIDTH="12" VPOS="1152" HPOS="884"/>
<String STYLE="superscript" CS="1" CONTENT="&#7580;19"/>
<String CONTENT="32]" HEIGHT="64" WIDTH="85" VPOS="1120" HPOS="991"/>
</TextLine>
<TextLine HEIGHT="50" WIDTH="333" VPOS="1192" HPOS="174" CS="1">
<String CONTENT="243" HEIGHT="41" WIDTH="84" VPOS="1194" HPOS="174"/>
<SP HEIGHT="47" WIDTH="31" VPOS="1195" HPOS="259"/>
<String CONTENT="p." HEIGHT="37" WIDTH="41" VPOS="1205" HPOS="291"/>
<SP HEIGHT="41" WIDTH="58" VPOS="1193" HPOS="333"/>
<String CONTENT="20" HEIGHT="41" WIDTH="57" VPOS="1192" HPOS="392"/>
<String STYLE="superscript" CS="1" CONTENT="&#7580;&#7504;"/>
<String CONTENT="." HEIGHT="10" WIDTH="8" VPOS="1225" HPOS="499"/>
</TextLine>
<TextLine HEIGHT="41" WIDTH="415" VPOS="1250" HPOS="177">
<String CONTENT="&#8220;First" HEIGHT="40" WIDTH="161" VPOS="1251" HPOS="177"/>
<SP HEIGHT="37" WIDTH="28" VPOS="1254" HPOS="339"/>
<String CONTENT="edition.&#8221;" HEIGHT="41" WIDTH="224" VPOS="1250" HPOS="368"/>
</TextLine>
<TextLine HEIGHT="57" WIDTH="1983" VPOS="1299" HPOS="107" CS="1">
<String CONTENT="&#169;" HEIGHT="53" WIDTH="53" VPOS="1303" HPOS="107"/>
<SP HEIGHT="54" WIDTH="24" VPOS="1302" HPOS="160"/>
<String CONTENT="June" HEIGHT="39" WIDTH="128" VPOS="1308" HPOS="184"/>
<SP HEIGHT="41" WIDTH="18" VPOS="1306" HPOS="313"/>
<String CONTENT="24," HEIGHT="45" WIDTH="69" VPOS="1306" HPOS="332"/>
<SP HEIGHT="43" WIDTH="23" VPOS="1308" HPOS="402"/>
<String CS="1" CONTENT="1932;" HEIGHT="40" WIDTH="114" VPOS="1307" HPOS="426"/>
<SP/>
<String CONTENT="2c." HEIGHT="41" WIDTH="66" VPOS="1306" HPOS="592"/>
<SP HEIGHT="40" WIDTH="25" VPOS="1307" HPOS="659"/>
<String CONTENT="June" HEIGHT="41" WIDTH="125" VPOS="1306" HPOS="685"/>
<SP HEIGHT="39" WIDTH="21" VPOS="1306" HPOS="811"/>
<String CS="1" CONTENT="24;" HEIGHT="38" WIDTH="55" VPOS="1306" HPOS="833"/>
<SP/>
<String CONTENT="aff." HEIGHT="40" WIDTH="80" VPOS="1305" HPOS="944"/>
<SP HEIGHT="39" WIDTH="27" VPOS="1305" HPOS="1025"/>
<String CONTENT="June" HEIGHT="39" WIDTH="125" VPOS="1305" HPOS="1053"/>
<SP HEIGHT="38" WIDTH="23" VPOS="1305" HPOS="1179"/>
<String CS="1" CONTENT="27;" HEIGHT="38" WIDTH="55" VPOS="1305" HPOS="1203"/>
<SP/>
<!-- cceid 0B8347B3-6D7D-1014-B4A5-D7A31D17AB40 --><String CONTENT="A" HEIGHT="38" WIDTH="41" VPOS="1305" HPOS="1315"/>
<SP HEIGHT="39" WIDTH="22" VPOS="1304" HPOS="1357"/>
<String CS="1" CONTENT="51957;" HEIGHT="41" WIDTH="142" VPOS="1302" HPOS="1380"/>
<SP/>
<String CONTENT="E." HEIGHT="38" WIDTH="53" VPOS="1304" HPOS="1578"/>
<SP HEIGHT="39" WIDTH="24" VPOS="1303" HPOS="1632"/>
<String CONTENT="P." HEIGHT="39" WIDTH="51" VPOS="1303" HPOS="1657"/>
<SP HEIGHT="40" WIDTH="24" VPOS="1302" HPOS="1709"/>
<String CONTENT="Dutton" HEIGHT="41" WIDTH="186" VPOS="1301" HPOS="1734"/>
<SP HEIGHT="40" WIDTH="25" VPOS="1301" HPOS="1921"/>
<String CONTENT="&amp;" HEIGHT="40" WIDTH="36" VPOS="1301" HPOS="1947"/>
<SP HEIGHT="40" WIDTH="25" VPOS="1301" HPOS="1984"/>
<String CONTENT="co.," HEIGHT="37" WIDTH="79" VPOS="1312" HPOS="2010"/>
</TextLine>
<TextLine HEIGHT="48" WIDTH="441" VPOS="1363" HPOS="174">
<String CONTENT="inc." HEIGHT="40" WIDTH="89" VPOS="1363" HPOS="174"/>
<SP HEIGHT="45" WIDTH="71" VPOS="1365" HPOS="264"/>
<String CONTENT="(32-16553)" HEIGHT="47" WIDTH="279" VPOS="1364" HPOS="336"/>
</TextLine>
<TextLine HEIGHT="68" WIDTH="1015" VPOS="1452" HPOS="103" STYLEREFS="StyleId-C7A72644-13F3-4E82-975C-FA33B610E682-">
<String CONTENT="Andrews," HEIGHT="67" WIDTH="305" VPOS="1453" HPOS="103"/>
<SP HEIGHT="64" WIDTH="30" VPOS="1455" HPOS="409"/>
<String CONTENT="Charles" HEIGHT="55" WIDTH="244" VPOS="1454" HPOS="440"/>
<SP HEIGHT="52" WIDTH="28" VPOS="1455" HPOS="685"/>
<String CONTENT="Freer," HEIGHT="63" WIDTH="197" VPOS="1454" HPOS="714"/>
<SP HEIGHT="58" WIDTH="33" VPOS="1458" HPOS="912"/>
<String CONTENT="1871-" HEIGHT="55" WIDTH="172" VPOS="1453" HPOS="946"/>
</TextLine>
<TextLine HEIGHT="137" WIDTH="1965" VPOS="1525" HPOS="102" STYLEREFS="StyleId-6914AC66-1472-4A00-8721-D0A1DFDF3852-" CS="1">
<String CONTENT="What" HEIGHT="54" WIDTH="176" VPOS="1530" HPOS="171"/>
<SP HEIGHT="53" WIDTH="26" VPOS="1530" HPOS="348"/>
<String CONTENT="I" HEIGHT="52" WIDTH="32" VPOS="1530" HPOS="375"/>
<SP HEIGHT="53" WIDTH="25" VPOS="1530" HPOS="408"/>
<String CONTENT="owe" HEIGHT="35" WIDTH="116" VPOS="1548" HPOS="434"/>
<SP HEIGHT="48" WIDTH="25" VPOS="1535" HPOS="551"/>
<String CONTENT="to" HEIGHT="47" WIDTH="57" VPOS="1535" HPOS="577"/>
<SP HEIGHT="55" WIDTH="27" VPOS="1529" HPOS="635"/>
<String CONTENT="Christ" HEIGHT="56" WIDTH="195" VPOS="1528" HPOS="663"/>
<SP HEIGHT="61" WIDTH="31" VPOS="1535" HPOS="859"/>
<String CS="1" CONTENT="[by]" HEIGHT="67" WIDTH="93" VPOS="1530" HPOS="906"/>
<SP HEIGHT="67" WIDTH="34" VPOS="1528" HPOS="1000"/>
<String LANG="fr" CONTENT="C." HEIGHT="54" WIDTH="62" VPOS="1528" HPOS="1035"/>
<SP HEIGHT="52" WIDTH="27" VPOS="1529" HPOS="1098"/>
<String CONTENT="F." HEIGHT="52" WIDTH="65" VPOS="1529" HPOS="1126"/>
<SP HEIGHT="51" WIDTH="27" VPOS="1529" HPOS="1192"/>
<String CONTENT="Andrews." HEIGHT="54" WIDTH="296" VPOS="1528" HPOS="1220"/>
<SP HEIGHT="53" WIDTH="60" VPOS="1527" HPOS="1517"/>
<String CONTENT="New" HEIGHT="52" WIDTH="139" VPOS="1527" HPOS="1578"/>
<SP HEIGHT="52" WIDTH="28" VPOS="1526" HPOS="1718"/>
<String CONTENT="York," HEIGHT="69" WIDTH="179" VPOS="1525" HPOS="1747"/>
<SP HEIGHT="68" WIDTH="28" VPOS="1525" HPOS="1927"/>
<String CONTENT="Cincinnati" HEIGHT="137" WIDTH="1965" VPOS="1525" HPOS="102"/>
</TextLine>
<TextLine HEIGHT="71" WIDTH="1024" VPOS="1605" HPOS="369" STYLEREFS="StyleId-6914AC66-1472-4A00-8721-D0A1DFDF3852-" CS="1">
<String CS="1" CONTENT="[etc.]" HEIGHT="61" WIDTH="119" VPOS="1613" HPOS="369"/>
<SP HEIGHT="66" WIDTH="31" VPOS="1608" HPOS="489"/>
<String CONTENT="The" HEIGHT="52" WIDTH="121" VPOS="1608" HPOS="521"/>
<SP HEIGHT="53" WIDTH="25" VPOS="1607" HPOS="643"/>
<String CONTENT="Abingdon" HEIGHT="70" WIDTH="310" VPOS="1606" HPOS="669"/>
<SP HEIGHT="50" WIDTH="28" VPOS="1624" HPOS="980"/>
<String CONTENT="press" HEIGHT="50" WIDTH="157" VPOS="1624" HPOS="1009"/>
<SP HEIGHT="47" WIDTH="33" VPOS="1625" HPOS="1167"/>
<String CS="1" CONTENT="["/>
<String STYLE="superscript" CS="1" CONTENT="&#7580;19"/>
<String CONTENT="32]" HEIGHT="63" WIDTH="83" VPOS="1609" HPOS="1310"/>
</TextLine>
<TextLine HEIGHT="50" WIDTH="365" VPOS="1679" HPOS="174" CS="1">
<String CONTENT="281" HEIGHT="42" WIDTH="84" VPOS="1679" HPOS="174"/>
<SP HEIGHT="48" WIDTH="28" VPOS="1681" HPOS="259"/>
<String CONTENT="p." HEIGHT="38" WIDTH="43" VPOS="1691" HPOS="288"/>
<SP HEIGHT="40" WIDTH="62" VPOS="1680" HPOS="332"/>
<String CS="1" CONTENT="19&#189;&#7580;&#7504;." HEIGHT="41" WIDTH="144" VPOS="1680" HPOS="395"/>
</TextLine>
<TextLine HEIGHT="109" WIDTH="1965" VPOS="1731" HPOS="111" CS="1">
<String CONTENT="&#169;" HEIGHT="53" WIDTH="51" VPOS="1735" HPOS="111"/>
<SP HEIGHT="54" WIDTH="29" VPOS="1734" HPOS="163"/>
<String CONTENT="June" HEIGHT="39" WIDTH="125" VPOS="1740" HPOS="193"/>
<SP HEIGHT="39" WIDTH="28" VPOS="1740" HPOS="319"/>
<String CONTENT="15," HEIGHT="46" WIDTH="67" VPOS="1739" HPOS="348"/>
<SP HEIGHT="45" WIDTH="30" VPOS="1740" HPOS="416"/>
<String CONTENT="1932;" HEIGHT="43" WIDTH="140" VPOS="1737" HPOS="447"/>
<SP HEIGHT="41" WIDTH="31" VPOS="1739" HPOS="588"/>
<String CONTENT="2c." HEIGHT="40" WIDTH="68" VPOS="1739" HPOS="620"/>
<SP HEIGHT="29" WIDTH="29" VPOS="1750" HPOS="689"/>
<String CONTENT="and" HEIGHT="40" WIDTH="95" VPOS="1739" HPOS="719"/>
<SP HEIGHT="38" WIDTH="29" VPOS="1739" HPOS="815"/>
<String CONTENT="aff." HEIGHT="40" WIDTH="81" VPOS="1737" HPOS="845"/>
<SP HEIGHT="40" WIDTH="31" VPOS="1737" HPOS="927"/>
<String CONTENT="June" HEIGHT="40" WIDTH="124" VPOS="1737" HPOS="959"/>
<SP HEIGHT="39" WIDTH="29" VPOS="1737" HPOS="1084"/>
<String CONTENT="23;" HEIGHT="46" WIDTH="82" VPOS="1737" HPOS="1114"/>
<SP HEIGHT="45" WIDTH="32" VPOS="1738" HPOS="1197"/>
<!-- cceid 0B83AFB8-6D7D-1014-B4A5-D7A31D17AB40 --><String CONTENT="A" HEIGHT="38" WIDTH="38" VPOS="1738" HPOS="1230"/>
<SP HEIGHT="41" WIDTH="31" VPOS="1736" HPOS="1269"/>
<String CONTENT="52752;" HEIGHT="42" WIDTH="169" VPOS="1735" HPOS="1301"/>
<SP HEIGHT="40" WIDTH="33" VPOS="1737" HPOS="1471"/>
<String LANG="fr" CONTENT="C." HEIGHT="40" WIDTH="48" VPOS="1737" HPOS="1505"/>
<SP HEIGHT="39" WIDTH="31" VPOS="1736" HPOS="1554"/>
<String CONTENT="F." HEIGHT="38" WIDTH="50" VPOS="1736" HPOS="1586"/>
<SP HEIGHT="38" WIDTH="31" VPOS="1736" HPOS="1637"/>
<String CONTENT="Andrews," HEIGHT="45" WIDTH="248" VPOS="1735" HPOS="1669"/>
<SP HEIGHT="44" WIDTH="31" VPOS="1735" HPOS="1918"/>
<String CONTENT="Capetown," HEIGHT="104" WIDTH="1899" VPOS="1735" HPOS="177"/>
</TextLine>
<TextLine HEIGHT="50" WIDTH="712" VPOS="1793" HPOS="352">
<String CONTENT="South" HEIGHT="41" WIDTH="151" VPOS="1795" HPOS="352"/>
<SP HEIGHT="39" WIDTH="28" VPOS="1795" HPOS="504"/>
<String CONTENT="Africa." HEIGHT="41" WIDTH="184" VPOS="1795" HPOS="533"/>
<SP HEIGHT="48" WIDTH="67" VPOS="1795" HPOS="718"/>
<String CONTENT="(32-16726)" HEIGHT="49" WIDTH="278" VPOS="1793" HPOS="786"/>
</TextLine>
<TextLine HEIGHT="68" WIDTH="845" VPOS="1884" HPOS="107" STYLEREFS="StyleId-C7A72644-13F3-4E82-975C-FA33B610E682-">
<String CONTENT="Armstrong," HEIGHT="67" WIDTH="376" VPOS="1885" HPOS="107"/>
<SP HEIGHT="65" WIDTH="32" VPOS="1886" HPOS="483"/>
<String CONTENT="Edith" HEIGHT="53" WIDTH="182" VPOS="1886" HPOS="515"/>
<SP HEIGHT="53" WIDTH="28" VPOS="1886" HPOS="697"/>
<String CONTENT="Mason." HEIGHT="57" WIDTH="227" VPOS="1886" HPOS="725"/>
</TextLine>
<TextLine HEIGHT="137" WIDTH="1962" VPOS="1958" HPOS="110" STYLEREFS="StyleId-6914AC66-1472-4A00-8721-D0A1DFDF3852-" CS="1">
<String CONTENT="The" HEIGHT="52" WIDTH="122" VPOS="1963" HPOS="178"/>
<SP HEIGHT="53" WIDTH="42" VPOS="1962" HPOS="301"/>
<String CONTENT="Mason" HEIGHT="53" WIDTH="201" VPOS="1962" HPOS="344"/>
<SP HEIGHT="33" WIDTH="46" VPOS="1981" HPOS="546"/>
<String CONTENT="children," HEIGHT="69" WIDTH="274" VPOS="1961" HPOS="593"/>
<SP HEIGHT="67" WIDTH="45" VPOS="1962" HPOS="868"/>
<String CONTENT="by" HEIGHT="68" WIDTH="75" VPOS="1962" HPOS="914"/>
<SP HEIGHT="68" WIDTH="46" VPOS="1962" HPOS="990"/>
<String CONTENT="Edith" HEIGHT="53" WIDTH="181" VPOS="1961" HPOS="1037"/>
<SP HEIGHT="52" WIDTH="45" VPOS="1961" HPOS="1219"/>
<String CONTENT="Mason" HEIGHT="54" WIDTH="200" VPOS="1961" HPOS="1265"/>
<SP HEIGHT="51" WIDTH="47" VPOS="1961" HPOS="1466"/>
<String CONTENT="Armstrong;" HEIGHT="69" WIDTH="374" VPOS="1960" HPOS="1514"/>
<SP HEIGHT="57" WIDTH="52" VPOS="1958" HPOS="1889"/>
<String CONTENT="illustrated" HEIGHT="137" WIDTH="1962" VPOS="1958" HPOS="110"/>
</TextLine>
<TextLine HEIGHT="75" WIDTH="1760" VPOS="2035" HPOS="338" STYLEREFS="StyleId-6914AC66-1472-4A00-8721-D0A1DFDF3852-">
<String CONTENT="by" HEIGHT="68" WIDTH="74" VPOS="2041" HPOS="338"/>
<SP HEIGHT="69" WIDTH="42" VPOS="2040" HPOS="413"/>
<String CONTENT="Alice" HEIGHT="53" WIDTH="163" VPOS="2040" HPOS="456"/>
<SP HEIGHT="55" WIDTH="44" VPOS="2040" HPOS="620"/>
<String CONTENT="Carsey" HEIGHT="71" WIDTH="210" VPOS="2039" HPOS="665"/>
<SP HEIGHT="50" WIDTH="43" VPOS="2059" HPOS="876"/>
<String CONTENT="and" HEIGHT="51" WIDTH="111" VPOS="2041" HPOS="920"/>
<SP HEIGHT="55" WIDTH="43" VPOS="2039" HPOS="1032"/>
<String CONTENT="Genevieve" HEIGHT="56" WIDTH="317" VPOS="2038" HPOS="1076"/>
<SP HEIGHT="52" WIDTH="41" VPOS="2040" HPOS="1394"/>
<String CONTENT="Foster." HEIGHT="52" WIDTH="218" VPOS="2040" HPOS="1436"/>
<SP HEIGHT="53" WIDTH="79" VPOS="2038" HPOS="1655"/>
<String CONTENT="New" HEIGHT="53" WIDTH="137" VPOS="2037" HPOS="1735"/>
<SP HEIGHT="52" WIDTH="46" VPOS="2037" HPOS="1873"/>
<String CONTENT="York," HEIGHT="67" WIDTH="178" VPOS="2035" HPOS="1920"/>
</TextLine>
<TextLine HEIGHT="74" WIDTH="1552" VPOS="2116" HPOS="113" STYLEREFS="StyleId-6914AC66-1472-4A00-8721-D0A1DFDF3852-" CS="1">
<String CONTENT="Chicago" HEIGHT="71" WIDTH="249" VPOS="2118" HPOS="113"/>
<SP HEIGHT="48" WIDTH="34" VPOS="2138" HPOS="363"/>
<String CS="1" CONTENT="[etc.]" HEIGHT="61" WIDTH="119" VPOS="2125" HPOS="416"/>
<SP HEIGHT="66" WIDTH="34" VPOS="2120" HPOS="536"/>
<String CONTENT="Rand," HEIGHT="68" WIDTH="185" VPOS="2119" HPOS="571"/>
<SP HEIGHT="66" WIDTH="27" VPOS="2120" HPOS="757"/>
<String CONTENT="McNally" HEIGHT="67" WIDTH="272" VPOS="2119" HPOS="785"/>
<SP HEIGHT="65" WIDTH="26" VPOS="2121" HPOS="1058"/>
<String CONTENT="&amp;" HEIGHT="50" WIDTH="45" VPOS="2121" HPOS="1085"/>
<SP HEIGHT="50" WIDTH="27" VPOS="2121" HPOS="1131"/>
<String CONTENT="company" HEIGHT="53" WIDTH="280" VPOS="2135" HPOS="1159"/>
<SP HEIGHT="50" WIDTH="33" VPOS="2137" HPOS="1440"/>
<String CONTENT="[" HEIGHT="33" WIDTH="13" VPOS="2151" HPOS="1474"/>
<String STYLE="superscript" CS="1" CONTENT="&#7580;19"/>
<String CONTENT="32]" HEIGHT="63" WIDTH="83" VPOS="2121" HPOS="1582"/>
</TextLine>
<TextLine HEIGHT="49" WIDTH="828" VPOS="2192" HPOS="179" CS="1">
<String CONTENT="202" HEIGHT="40" WIDTH="85" VPOS="2193" HPOS="179"/>
<SP HEIGHT="48" WIDTH="29" VPOS="2193" HPOS="265"/>
<String CONTENT="p." HEIGHT="37" WIDTH="41" VPOS="2204" HPOS="295"/>
<SP HEIGHT="38" WIDTH="31" VPOS="2194" HPOS="337"/>
<String CONTENT="incl." HEIGHT="38" WIDTH="109" VPOS="2194" HPOS="369"/>
<SP HEIGHT="38" WIDTH="29" VPOS="2194" HPOS="479"/>
<String CONTENT="front.," HEIGHT="47" WIDTH="163" VPOS="2194" HPOS="509"/>
<SP HEIGHT="48" WIDTH="30" VPOS="2193" HPOS="673"/>
<String CONTENT="illus." HEIGHT="43" WIDTH="129" VPOS="2192" HPOS="704"/>
<SP HEIGHT="41" WIDTH="57" VPOS="2193" HPOS="834"/>
<String CONTENT="20" HEIGHT="39" WIDTH="56" VPOS="2193" HPOS="892"/>
<String STYLE="superscript" CS="1" CONTENT="&#7580;&#7504;"/>
<String CONTENT="." HEIGHT="7" WIDTH="8" VPOS="2224" HPOS="999"/>
</TextLine>
<TextLine HEIGHT="58" WIDTH="1984" VPOS="2241" HPOS="113" CS="1">
<String CONTENT="&#169;" HEIGHT="53" WIDTH="51" VPOS="2245" HPOS="113"/>
<SP HEIGHT="54" WIDTH="28" VPOS="2244" HPOS="165"/>
<String CONTENT="June" HEIGHT="39" WIDTH="125" VPOS="2250" HPOS="194"/>
<SP HEIGHT="40" WIDTH="26" VPOS="2249" HPOS="320"/>
<String CONTENT="23," HEIGHT="49" WIDTH="69" VPOS="2249" HPOS="347"/>
<SP HEIGHT="47" WIDTH="29" VPOS="2251" HPOS="417"/>
<String CS="1" CONTENT="1932;" HEIGHT="41" WIDTH="111" VPOS="2249" HPOS="447"/>
<SP/>
<String CONTENT="2c." HEIGHT="42" WIDTH="67" VPOS="2250" HPOS="618"/>
<SP HEIGHT="41" WIDTH="28" VPOS="2251" HPOS="686"/>
<String CONTENT="June" HEIGHT="41" WIDTH="124" VPOS="2250" HPOS="715"/>
<SP HEIGHT="39" WIDTH="29" VPOS="2250" HPOS="840"/>
<String CS="1" CONTENT="27;" HEIGHT="39" WIDTH="54" VPOS="2250" HPOS="870"/>
<SP/>
<String CONTENT="aff." HEIGHT="41" WIDTH="81" VPOS="2248" HPOS="984"/>
<SP HEIGHT="38" WIDTH="28" VPOS="2250" HPOS="1066"/>
<String CONTENT="June" HEIGHT="38" WIDTH="124" VPOS="2250" HPOS="1095"/>
<SP HEIGHT="39" WIDTH="28" VPOS="2249" HPOS="1220"/>
<String CS="1" CONTENT="25;" HEIGHT="41" WIDTH="53" VPOS="2248" HPOS="1249"/>
<SP/>
<!-- cceid 0B841790-6D7D-1014-B4A5-D7A31D17AB40 --><String CONTENT="A" HEIGHT="38" WIDTH="40" VPOS="2249" HPOS="1362"/>
<SP HEIGHT="39" WIDTH="30" VPOS="2249" HPOS="1403"/>
<String CS="1" CONTENT="52800;" HEIGHT="41" WIDTH="143" VPOS="2248" HPOS="1434"/>
<SP/>
<String CONTENT="Rand" HEIGHT="38" WIDTH="139" VPOS="2249" HPOS="1637"/>
<SP HEIGHT="38" WIDTH="31" VPOS="2249" HPOS="1777"/>
<String CS="1" CONTENT="McNally" HEIGHT="40" WIDTH="191" VPOS="2248" HPOS="1809"/>
<SP HEIGHT="39" WIDTH="29" VPOS="2248" HPOS="2032"/>
<String CONTENT="&amp;" HEIGHT="39" WIDTH="35" VPOS="2248" HPOS="2062"/>
</TextLine>
<TextLine HEIGHT="48" WIDTH="415" VPOS="2306" HPOS="179">
<String CONTENT="co." HEIGHT="30" WIDTH="67" VPOS="2316" HPOS="179"/>
<SP HEIGHT="48" WIDTH="68" VPOS="2306" HPOS="247"/>
<String CONTENT="(32-16260)" HEIGHT="48" WIDTH="278" VPOS="2306" HPOS="316"/>
</TextLine>
<TextLine HEIGHT="71" WIDTH="928" VPOS="2394" HPOS="108" STYLEREFS="StyleId-C7A72644-13F3-4E82-975C-FA33B610E682-">
<String CONTENT="Aron," HEIGHT="66" WIDTH="179" VPOS="2395" HPOS="108"/>
<SP HEIGHT="63" WIDTH="28" VPOS="2397" HPOS="288"/>
<String CONTENT="Harold" HEIGHT="53" WIDTH="220" VPOS="2397" HPOS="317"/>
<SP HEIGHT="54" WIDTH="28" VPOS="2396" HPOS="538"/>
<String CONTENT="Guthrie," HEIGHT="69" WIDTH="268" VPOS="2395" HPOS="567"/>
<SP HEIGHT="60" WIDTH="31" VPOS="2403" HPOS="835"/>
<String CONTENT="1886-" HEIGHT="51" WIDTH="169" VPOS="2402" HPOS="866"/>
</TextLine>
<TextLine HEIGHT="75" WIDTH="1918" VPOS="2468" HPOS="179" STYLEREFS="StyleId-6914AC66-1472-4A00-8721-D0A1DFDF3852-" CS="1">
<String CONTENT="Aron&#8217;s" HEIGHT="53" WIDTH="206" VPOS="2471" HPOS="179"/>
<SP HEIGHT="33" WIDTH="20" VPOS="2491" HPOS="386"/>
<String CONTENT="notes" HEIGHT="50" WIDTH="156" VPOS="2477" HPOS="407"/>
<SP HEIGHT="36" WIDTH="24" VPOS="2491" HPOS="564"/>
<String CONTENT="on" HEIGHT="35" WIDTH="69" VPOS="2491" HPOS="589"/>
<SP HEIGHT="50" WIDTH="25" VPOS="2491" HPOS="659"/>
<String CS="1" CONTENT="proof;" HEIGHT="69" WIDTH="170" VPOS="2472" HPOS="685"/>
<SP/>
<String CONTENT="the" HEIGHT="52" WIDTH="96" VPOS="2474" HPOS="911"/>
<SP HEIGHT="49" WIDTH="24" VPOS="2492" HPOS="1008"/>
<String CONTENT="probative" HEIGHT="69" WIDTH="293" VPOS="2472" HPOS="1033"/>
<SP HEIGHT="52" WIDTH="26" VPOS="2473" HPOS="1327"/>
<String CONTENT="law." HEIGHT="53" WIDTH="123" VPOS="2473" HPOS="1354"/>
<SP HEIGHT="51" WIDTH="63" VPOS="2472" HPOS="1478"/>
<String CONTENT="A" HEIGHT="51" WIDTH="52" VPOS="2472" HPOS="1542"/>
<SP HEIGHT="53" WIDTH="27" VPOS="2472" HPOS="1595"/>
<String CONTENT="commentary" HEIGHT="64" WIDTH="371" VPOS="2477" HPOS="1623"/>
<SP HEIGHT="33" WIDTH="25" VPOS="2491" HPOS="2002"/>
<String CONTENT="on" HEIGHT="34" WIDTH="69" VPOS="2490" HPOS="2028"/>
</TextLine>
<TextLine HEIGHT="151" WIDTH="1965" VPOS="2544" HPOS="109" STYLEREFS="StyleId-6914AC66-1472-4A00-8721-D0A1DFDF3852-" CS="1">
<String CONTENT="evidence," HEIGHT="70" WIDTH="278" VPOS="2547" HPOS="109"/>
<SP HEIGHT="61" WIDTH="29" VPOS="2555" HPOS="388"/>
<String CONTENT="trial" HEIGHT="55" WIDTH="134" VPOS="2548" HPOS="418"/>
<SP HEIGHT="65" WIDTH="32" VPOS="2552" HPOS="553"/>
<String CONTENT="procedure" HEIGHT="68" WIDTH="305" VPOS="2549" HPOS="586"/>
<SP HEIGHT="35" WIDTH="32" VPOS="2568" HPOS="892"/>
<String CONTENT="and" HEIGHT="53" WIDTH="110" VPOS="2550" HPOS="925"/>
<SP HEIGHT="68" WIDTH="32" VPOS="2550" HPOS="1036"/>
<String CONTENT="practice" HEIGHT="71" WIDTH="246" VPOS="2547" HPOS="1069"/>
<SP HEIGHT="33" WIDTH="31" VPOS="2569" HPOS="1316"/>
<String CONTENT="and" HEIGHT="53" WIDTH="110" VPOS="2549" HPOS="1348"/>
<SP HEIGHT="68" WIDTH="32" VPOS="2549" HPOS="1459"/>
<String CONTENT="judicial" HEIGHT="69" WIDTH="237" VPOS="2548" HPOS="1492"/>
<SP HEIGHT="68" WIDTH="34" VPOS="2550" HPOS="1730"/>
<String CONTENT="proof" HEIGHT="69" WIDTH="169" VPOS="2549" HPOS="1765"/>
<SP HEIGHT="67" WIDTH="32" VPOS="2549" HPOS="1935"/>
<String CONTENT="generally" HEIGHT="128" WIDTH="1965" VPOS="2567" HPOS="109"/>
</TextLine>
<TextLine HEIGHT="74" WIDTH="1766" VPOS="2623" HPOS="330" STYLEREFS="StyleId-6914AC66-1472-4A00-8721-D0A1DFDF3852-">
<String CONTENT="and" HEIGHT="53" WIDTH="111" VPOS="2626" HPOS="330"/>
<SP HEIGHT="51" WIDTH="42" VPOS="2626" HPOS="442"/>
<String CONTENT="in" HEIGHT="52" WIDTH="58" VPOS="2626" HPOS="485"/>
<SP HEIGHT="33" WIDTH="43" VPOS="2645" HPOS="544"/>
<String CONTENT="actions" HEIGHT="54" WIDTH="212" VPOS="2626" HPOS="588"/>
<SP HEIGHT="33" WIDTH="38" VPOS="2646" HPOS="801"/>
<String CONTENT="ex" HEIGHT="33" WIDTH="66" VPOS="2646" HPOS="840"/>
<SP HEIGHT="51" WIDTH="42" VPOS="2628" HPOS="907"/>
<String CONTENT="delicto," HEIGHT="67" WIDTH="221" VPOS="2628" HPOS="950"/>
<SP HEIGHT="49" WIDTH="40" VPOS="2646" HPOS="1172"/>
<String CONTENT="ex" HEIGHT="34" WIDTH="67" VPOS="2646" HPOS="1213"/>
<SP HEIGHT="35" WIDTH="41" VPOS="2645" HPOS="1281"/>
<String CONTENT="contractu," HEIGHT="63" WIDTH="307" VPOS="2631" HPOS="1323"/>
<SP HEIGHT="48" WIDTH="41" VPOS="2646" HPOS="1631"/>
<String CONTENT="affecting" HEIGHT="72" WIDTH="269" VPOS="2623" HPOS="1673"/>
<SP HEIGHT="50" WIDTH="38" VPOS="2644" HPOS="1943"/>
<String CONTENT="real" HEIGHT="52" WIDTH="114" VPOS="2626" HPOS="1982"/>
</TextLine>
<TextLine HEIGHT="134" WIDTH="1961" VPOS="2700" HPOS="110" STYLEREFS="StyleId-6914AC66-1472-4A00-8721-D0A1DFDF3852-" CS="1">
<String CONTENT="property," HEIGHT="62" WIDTH="289" VPOS="2709" HPOS="111"/>
<SP HEIGHT="48" WIDTH="34" VPOS="2722" HPOS="401"/>
<String CONTENT="suits" HEIGHT="52" WIDTH="140" VPOS="2705" HPOS="436"/>
<SP HEIGHT="54" WIDTH="33" VPOS="2703" HPOS="577"/>
<String CONTENT="in" HEIGHT="53" WIDTH="59" VPOS="2703" HPOS="611"/>
<SP HEIGHT="34" WIDTH="35" VPOS="2722" HPOS="671"/>
<String CONTENT="equity," HEIGHT="70" WIDTH="208" VPOS="2703" HPOS="707"/>
<SP HEIGHT="48" WIDTH="35" VPOS="2723" HPOS="916"/>
<String CONTENT="against" HEIGHT="68" WIDTH="224" VPOS="2703" HPOS="952"/>
<SP HEIGHT="54" WIDTH="36" VPOS="2704" HPOS="1177"/>
<String CONTENT="decedents&#8217;" HEIGHT="55" WIDTH="309" VPOS="2703" HPOS="1214"/>
<SP HEIGHT="52" WIDTH="36" VPOS="2703" HPOS="1524"/>
<String CONTENT="estates," HEIGHT="62" WIDTH="218" VPOS="2709" HPOS="1561"/>
<SP HEIGHT="68" WIDTH="33" VPOS="2703" HPOS="1780"/>
<String CONTENT="in" HEIGHT="54" WIDTH="61" VPOS="2702" HPOS="1814"/>
<SP HEIGHT="35" WIDTH="36" VPOS="2721" HPOS="1876"/>
<String CONTENT="criminal" HEIGHT="133" WIDTH="1961" VPOS="2701" HPOS="110"/>
</TextLine>
<TextLine HEIGHT="76" WIDTH="1853" VPOS="2775" HPOS="242" STYLEREFS="StyleId-6914AC66-1472-4A00-8721-D0A1DFDF3852-">
<String CONTENT="prosecutions" HEIGHT="69" WIDTH="383" VPOS="2778" HPOS="242"/>
<SP HEIGHT="34" WIDTH="31" VPOS="2800" HPOS="626"/>
<String CONTENT="and" HEIGHT="52" WIDTH="110" VPOS="2781" HPOS="658"/>
<SP HEIGHT="52" WIDTH="34" VPOS="2781" HPOS="769"/>
<String CONTENT="actions" HEIGHT="54" WIDTH="212" VPOS="2780" HPOS="804"/>
<SP HEIGHT="54" WIDTH="30" VPOS="2780" HPOS="1017"/>
<String CONTENT="involving" HEIGHT="70" WIDTH="296" VPOS="2779" HPOS="1048"/>
<SP HEIGHT="62" WIDTH="32" VPOS="2786" HPOS="1345"/>
<String CONTENT="the" HEIGHT="53" WIDTH="94" VPOS="2781" HPOS="1378"/>
<SP HEIGHT="49" WIDTH="33" VPOS="2799" HPOS="1473"/>
<String CONTENT="police" HEIGHT="67" WIDTH="180" VPOS="2781" HPOS="1507"/>
<SP HEIGHT="48" WIDTH="34" VPOS="2800" HPOS="1688"/>
<String CONTENT="power," HEIGHT="51" WIDTH="205" VPOS="2798" HPOS="1723"/>
<SP HEIGHT="48" WIDTH="30" VPOS="2800" HPOS="1929"/>
<String CONTENT="with" HEIGHT="54" WIDTH="135" VPOS="2780" HPOS="1960"/>
</TextLine>
<TextLine HEIGHT="75" WIDTH="1988" VPOS="2853" HPOS="112" STYLEREFS="StyleId-6914AC66-1472-4A00-8721-D0A1DFDF3852-">
<String CONTENT="certain" HEIGHT="55" WIDTH="211" VPOS="2856" HPOS="112"/>
<SP HEIGHT="33" WIDTH="33" VPOS="2876" HPOS="324"/>
<String CONTENT="suggestions" HEIGHT="68" WIDTH="352" VPOS="2857" HPOS="358"/>
<SP HEIGHT="35" WIDTH="32" VPOS="2876" HPOS="711"/>
<String CONTENT="as" HEIGHT="35" WIDTH="59" VPOS="2877" HPOS="744"/>
<SP HEIGHT="49" WIDTH="31" VPOS="2863" HPOS="804"/>
<String CONTENT="to" HEIGHT="47" WIDTH="58" VPOS="2863" HPOS="836"/>
<SP HEIGHT="33" WIDTH="34" VPOS="2877" HPOS="895"/>
<String CONTENT="changes" HEIGHT="68" WIDTH="239" VPOS="2858" HPOS="930"/>
<SP HEIGHT="53" WIDTH="32" VPOS="2859" HPOS="1170"/>
<String CONTENT="in" HEIGHT="53" WIDTH="59" VPOS="2859" HPOS="1203"/>
<SP HEIGHT="70" WIDTH="32" VPOS="2856" HPOS="1263"/>
<String CONTENT="judicial" HEIGHT="69" WIDTH="237" VPOS="2856" HPOS="1296"/>
<SP HEIGHT="50" WIDTH="33" VPOS="2859" HPOS="1534"/>
<String CONTENT="methods" HEIGHT="51" WIDTH="255" VPOS="2859" HPOS="1568"/>
<SP HEIGHT="35" WIDTH="35" VPOS="2876" HPOS="1824"/>
<String CONTENT="and" HEIGHT="52" WIDTH="111" VPOS="2858" HPOS="1860"/>
<SP HEIGHT="52" WIDTH="33" VPOS="2858" HPOS="1972"/>
<String CONTENT="the" HEIGHT="52" WIDTH="94" VPOS="2858" HPOS="2006"/>
</TextLine>
<TextLine HEIGHT="78" WIDTH="1986" VPOS="2929" HPOS="113" STYLEREFS="StyleId-6914AC66-1472-4A00-8721-D0A1DFDF3852-" CS="1">
<String CONTENT="adjective" HEIGHT="69" WIDTH="276" VPOS="2932" HPOS="113"/>
<SP HEIGHT="51" WIDTH="27" VPOS="2934" HPOS="390"/>
<String CONTENT="law," HEIGHT="68" WIDTH="126" VPOS="2934" HPOS="418"/>
<SP HEIGHT="68" WIDTH="26" VPOS="2934" HPOS="545"/>
<String CONTENT="by" HEIGHT="68" WIDTH="74" VPOS="2934" HPOS="572"/>
<SP HEIGHT="68" WIDTH="25" VPOS="2934" HPOS="647"/>
<String CONTENT="Harold" HEIGHT="55" WIDTH="224" VPOS="2933" HPOS="673"/>
<SP HEIGHT="54" WIDTH="31" VPOS="2934" HPOS="898"/>
<String CONTENT="G." HEIGHT="54" WIDTH="66" VPOS="2934" HPOS="930"/>
<SP HEIGHT="51" WIDTH="29" VPOS="2936" HPOS="997"/>
<String CONTENT="Aron" HEIGHT="52" WIDTH="157" VPOS="2936" HPOS="1027"/>
<SP HEIGHT="32" WIDTH="37" VPOS="2956" HPOS="1185"/>
<String CS="1" CONTENT="&#8230;"/>
<SP HEIGHT="55" WIDTH="67" VPOS="2934" HPOS="1278"/>
<String CONTENT="East" HEIGHT="55" WIDTH="143" VPOS="2934" HPOS="1346"/>
<SP HEIGHT="54" WIDTH="27" VPOS="2935" HPOS="1490"/>
<String CONTENT="River," HEIGHT="68" WIDTH="190" VPOS="2934" HPOS="1518"/>
<SP HEIGHT="68" WIDTH="28" VPOS="2934" HPOS="1709"/>
<String CONTENT="Conn.," HEIGHT="71" WIDTH="195" VPOS="2933" HPOS="1738"/>
<SP HEIGHT="69" WIDTH="28" VPOS="2934" HPOS="1934"/>
<String CONTENT="New" HEIGHT="53" WIDTH="136" VPOS="2934" HPOS="1963"/>
</TextLine>
<TextLine HEIGHT="72" WIDTH="973" VPOS="3009" HPOS="115" STYLEREFS="StyleId-6914AC66-1472-4A00-8721-D0A1DFDF3852-">
<String LANG="en-US" CONTENT="York" HEIGHT="53" WIDTH="160" VPOS="3010" HPOS="115"/>
<SP HEIGHT="53" WIDTH="27" VPOS="3010" HPOS="275"/>
<String LANG="en-US" CONTENT="city," HEIGHT="66" WIDTH="132" VPOS="3012" HPOS="302"/>
<SP HEIGHT="67" WIDTH="31" VPOS="3010" HPOS="434"/>
<String LANG="fr" CONTENT="G&#233;orgie" HEIGHT="69" WIDTH="242" VPOS="3010" HPOS="465"/>
<SP HEIGHT="52" WIDTH="26" VPOS="3028" HPOS="708"/>
<String LANG="en-US" CONTENT="press," HEIGHT="51" WIDTH="174" VPOS="3028" HPOS="735"/>
<SP HEIGHT="64" WIDTH="29" VPOS="3015" HPOS="909"/>
<String LANG="en-US" CONTENT="1932." HEIGHT="48" WIDTH="150" VPOS="3015" HPOS="938"/>
</TextLine>
<TextLine HEIGHT="62" WIDTH="971" VPOS="3068" HPOS="182" STYLEREFS="StyleId-6914AC66-1472-4A00-8721-D0A1DFDF3852-" CS="1">
<String CONTENT="xxiv" HEIGHT="40" WIDTH="117" VPOS="3081" HPOS="182"/>
<SP HEIGHT="37" WIDTH="22" VPOS="3092" HPOS="300"/>
<String LANG="fr" CONTENT="p.," HEIGHT="37" WIDTH="58" VPOS="3092" HPOS="323"/>
<SP HEIGHT="52" WIDTH="17" VPOS="3069" HPOS="391"/>
<String CONTENT="1" HEIGHT="38" WIDTH="24" VPOS="3083" HPOS="409"/>
<SP HEIGHT="38" WIDTH="24" VPOS="3083" HPOS="434"/>
<String CS="1" CONTENT="l.,"/>
<SP HEIGHT="47" WIDTH="27" VPOS="3082" HPOS="504"/>
<String CONTENT="561" HEIGHT="40" WIDTH="82" VPOS="3082" HPOS="532"/>
<SP HEIGHT="47" WIDTH="26" VPOS="3083" HPOS="615"/>
<String CONTENT="p." HEIGHT="37" WIDTH="42" VPOS="3093" HPOS="642"/>
<SP HEIGHT="41" WIDTH="54" VPOS="3082" HPOS="685"/>
<String CONTENT="facsims." HEIGHT="42" WIDTH="214" VPOS="3082" HPOS="740"/>
<SP HEIGHT="40" WIDTH="53" VPOS="3084" HPOS="955"/>
<String CS="1" CONTENT="23&#189;&#7580;&#7504;." HEIGHT="40" WIDTH="144" VPOS="3084" HPOS="1009"/>
</TextLine>
<TextLine HEIGHT="53" WIDTH="1364" VPOS="3137" HPOS="185" CS="1">
<String CONTENT="&#8220;Additional" HEIGHT="40" WIDTH="309" VPOS="3139" HPOS="185"/>
<SP HEIGHT="38" WIDTH="26" VPOS="3139" HPOS="495"/>
<String CONTENT="index" HEIGHT="39" WIDTH="145" VPOS="3139" HPOS="522"/>
<SP HEIGHT="30" WIDTH="25" VPOS="3150" HPOS="668"/>
<String CONTENT="space" HEIGHT="39" WIDTH="141" VPOS="3148" HPOS="694"/>
<SP HEIGHT="40" WIDTH="25" VPOS="3139" HPOS="836"/>
<String CONTENT="for" HEIGHT="39" WIDTH="81" VPOS="3139" HPOS="862"/>
<SP HEIGHT="28" WIDTH="23" VPOS="3150" HPOS="944"/>
<String CONTENT="reader&#8217;s" HEIGHT="41" WIDTH="211" VPOS="3139" HPOS="968"/>
<SP HEIGHT="29" WIDTH="27" VPOS="3151" HPOS="1180"/>
<String CS="1" CONTENT="use&#8221;:" HEIGHT="41" WIDTH="112" VPOS="3139" HPOS="1208"/>
<SP/>
<String CONTENT="p." HEIGHT="37" WIDTH="42" VPOS="3151" HPOS="1379"/>
<SP HEIGHT="40" WIDTH="29" VPOS="3141" HPOS="1422"/>
<String CONTENT="561." HEIGHT="40" WIDTH="97" VPOS="3141" HPOS="1452"/>
</TextLine>
<TextLine HEIGHT="55" WIDTH="1915" VPOS="3192" HPOS="185">
<String CONTENT="&#8220;In" HEIGHT="40" WIDTH="88" VPOS="3195" HPOS="185"/>
<SP HEIGHT="29" WIDTH="31" VPOS="3206" HPOS="274"/>
<String CONTENT="supplement" HEIGHT="47" WIDTH="302" VPOS="3196" HPOS="306"/>
<SP HEIGHT="39" WIDTH="31" VPOS="3196" HPOS="609"/>
<String CONTENT="form," HEIGHT="48" WIDTH="141" VPOS="3195" HPOS="641"/>
<SP HEIGHT="47" WIDTH="33" VPOS="3195" HPOS="783"/>
<String CONTENT="fitting" HEIGHT="48" WIDTH="162" VPOS="3195" HPOS="817"/>
<SP HEIGHT="45" WIDTH="32" VPOS="3198" HPOS="980"/>
<String CONTENT="the" HEIGHT="39" WIDTH="82" VPOS="3196" HPOS="1013"/>
<SP HEIGHT="39" WIDTH="31" VPOS="3197" HPOS="1096"/>
<String CONTENT="back" HEIGHT="39" WIDTH="122" VPOS="3197" HPOS="1128"/>
<SP HEIGHT="40" WIDTH="30" VPOS="3197" HPOS="1251"/>
<String CONTENT="cover" HEIGHT="31" WIDTH="141" VPOS="3207" HPOS="1282"/>
<SP HEIGHT="37" WIDTH="32" VPOS="3208" HPOS="1424"/>
<String CONTENT="pocket," HEIGHT="47" WIDTH="184" VPOS="3198" HPOS="1457"/>
<SP HEIGHT="37" WIDTH="34" VPOS="3208" HPOS="1642"/>
<String CONTENT="annotations" HEIGHT="41" WIDTH="312" VPOS="3198" HPOS="1677"/>
<SP HEIGHT="40" WIDTH="32" VPOS="3198" HPOS="1990"/>
<String CONTENT="for" HEIGHT="40" WIDTH="77" VPOS="3198" HPOS="2023"/>
</TextLine>
<TextLine HEIGHT="101" WIDTH="1969" VPOS="3249" HPOS="114" CS="1">
<String CONTENT="this" HEIGHT="42" WIDTH="98" VPOS="3252" HPOS="114"/>
<SP HEIGHT="30" WIDTH="25" VPOS="3263" HPOS="213"/>
<String CONTENT="volume" HEIGHT="40" WIDTH="192" VPOS="3253" HPOS="239"/>
<SP HEIGHT="29" WIDTH="22" VPOS="3263" HPOS="432"/>
<String CONTENT="will" HEIGHT="40" WIDTH="100" VPOS="3252" HPOS="455"/>
<SP HEIGHT="39" WIDTH="24" VPOS="3253" HPOS="556"/>
<String CONTENT="be" HEIGHT="39" WIDTH="57" VPOS="3253" HPOS="581"/>
<SP HEIGHT="29" WIDTH="25" VPOS="3263" HPOS="639"/>
<String CONTENT="available" HEIGHT="40" WIDTH="242" VPOS="3252" HPOS="665"/>
<SP HEIGHT="29" WIDTH="24" VPOS="3262" HPOS="908"/>
<String CONTENT="as" HEIGHT="30" WIDTH="54" VPOS="3263" HPOS="933"/>
<SP HEIGHT="30" WIDTH="25" VPOS="3263" HPOS="988"/>
<String CONTENT="soon" HEIGHT="29" WIDTH="117" VPOS="3263" HPOS="1014"/>
<SP HEIGHT="29" WIDTH="25" VPOS="3263" HPOS="1132"/>
<String CONTENT="as" HEIGHT="29" WIDTH="54" VPOS="3263" HPOS="1158"/>
<SP HEIGHT="38" WIDTH="27" VPOS="3263" HPOS="1213"/>
<String CONTENT="practicable" HEIGHT="48" WIDTH="294" VPOS="3253" HPOS="1241"/>
<SP HEIGHT="37" WIDTH="28" VPOS="3257" HPOS="1536"/>
<String CONTENT="to" HEIGHT="37" WIDTH="47" VPOS="3257" HPOS="1565"/>
<SP HEIGHT="36" WIDTH="28" VPOS="3266" HPOS="1613"/>
<String CONTENT="permit" HEIGHT="47" WIDTH="175" VPOS="3255" HPOS="1642"/>
<SP HEIGHT="38" WIDTH="26" VPOS="3256" HPOS="1818"/>
<String CONTENT="the" HEIGHT="39" WIDTH="80" VPOS="3255" HPOS="1845"/>
<SP HEIGHT="39" WIDTH="27" VPOS="3255" HPOS="1926"/>
<String CONTENT="inclusion" HEIGHT="95" WIDTH="1969" VPOS="3255" HPOS="114"/>
</TextLine>
<TextLine HEIGHT="102" WIDTH="1971" VPOS="3305" HPOS="113" CS="1">
<String CONTENT="of" HEIGHT="40" WIDTH="51" VPOS="3308" HPOS="253"/>
<SP HEIGHT="48" WIDTH="32" VPOS="3308" HPOS="305"/>
<String CONTENT="pending" HEIGHT="47" WIDTH="208" VPOS="3309" HPOS="338"/>
<SP HEIGHT="47" WIDTH="31" VPOS="3309" HPOS="547"/>
<String CONTENT="legislative" HEIGHT="49" WIDTH="273" VPOS="3307" HPOS="579"/>
<SP HEIGHT="29" WIDTH="33" VPOS="3319" HPOS="853"/>
<String CONTENT="changes" HEIGHT="46" WIDTH="208" VPOS="3309" HPOS="887"/>
<SP HEIGHT="29" WIDTH="36" VPOS="3319" HPOS="1096"/>
<String CS="1" CONTENT="&#8230;"/>
<SP HEIGHT="38" WIDTH="65" VPOS="3310" HPOS="1179"/>
<String CONTENT="The" HEIGHT="40" WIDTH="99" VPOS="3309" HPOS="1245"/>
<SP HEIGHT="29" WIDTH="35" VPOS="3320" HPOS="1345"/>
<String CONTENT="supplement" HEIGHT="46" WIDTH="302" VPOS="3311" HPOS="1381"/>
<SP HEIGHT="37" WIDTH="36" VPOS="3313" HPOS="1684"/>
<String CS="1" CONTENT="&#8230;"/>
<SP HEIGHT="28" WIDTH="37" VPOS="3323" HPOS="1769"/>
<String CONTENT="will" HEIGHT="41" WIDTH="99" VPOS="3310" HPOS="1807"/>
<SP HEIGHT="39" WIDTH="33" VPOS="3312" HPOS="1907"/>
<String CONTENT="be" HEIGHT="39" WIDTH="57" VPOS="3312" HPOS="1941"/>
<SP HEIGHT="29" WIDTH="35" VPOS="3322" HPOS="1999"/>
<String CONTENT="revised" HEIGHT="86" WIDTH="1971" VPOS="3321" HPOS="113"/>
</TextLine>
<TextLine HEIGHT="56" WIDTH="1819" VPOS="3361" HPOS="283">
<String CONTENT="each" HEIGHT="39" WIDTH="118" VPOS="3366" HPOS="283"/>
<SP HEIGHT="46" WIDTH="34" VPOS="3366" HPOS="402"/>
<String CONTENT="year" HEIGHT="37" WIDTH="117" VPOS="3375" HPOS="437"/>
<SP HEIGHT="37" WIDTH="32" VPOS="3367" HPOS="555"/>
<String CONTENT="thereafter," HEIGHT="50" WIDTH="284" VPOS="3363" HPOS="588"/>
<SP HEIGHT="37" WIDTH="33" VPOS="3375" HPOS="873"/>
<String CONTENT="giving" HEIGHT="48" WIDTH="165" VPOS="3364" HPOS="907"/>
<SP HEIGHT="45" WIDTH="31" VPOS="3367" HPOS="1073"/>
<String CONTENT="this" HEIGHT="40" WIDTH="97" VPOS="3364" HPOS="1105"/>
<SP HEIGHT="29" WIDTH="35" VPOS="3375" HPOS="1203"/>
<String CONTENT="work" HEIGHT="40" WIDTH="134" VPOS="3366" HPOS="1239"/>
<SP HEIGHT="47" WIDTH="33" VPOS="3366" HPOS="1374"/>
<String CONTENT="perennial" HEIGHT="47" WIDTH="249" VPOS="3366" HPOS="1408"/>
<SP HEIGHT="39" WIDTH="34" VPOS="3368" HPOS="1658"/>
<String CONTENT="currency." HEIGHT="39" WIDTH="244" VPOS="3376" HPOS="1693"/>
<SP HEIGHT="39" WIDTH="64" VPOS="3368" HPOS="1938"/>
<String CONTENT="The" HEIGHT="39" WIDTH="99" VPOS="3368" HPOS="2003"/>
</TextLine>
<TextLine HEIGHT="56" WIDTH="1987" VPOS="3418" HPOS="115">
<String CONTENT="numerical" HEIGHT="42" WIDTH="264" VPOS="3421" HPOS="115"/>
<SP HEIGHT="38" WIDTH="27" VPOS="3422" HPOS="380"/>
<String CONTENT="references" HEIGHT="40" WIDTH="271" VPOS="3421" HPOS="408"/>
<SP HEIGHT="40" WIDTH="23" VPOS="3421" HPOS="680"/>
<String CONTENT="in" HEIGHT="41" WIDTH="50" VPOS="3420" HPOS="704"/>
<SP HEIGHT="38" WIDTH="24" VPOS="3423" HPOS="755"/>
<String CONTENT="the" HEIGHT="40" WIDTH="82" VPOS="3421" HPOS="780"/>
<SP HEIGHT="37" WIDTH="24" VPOS="3423" HPOS="863"/>
<String CONTENT="text" HEIGHT="37" WIDTH="105" VPOS="3423" HPOS="888"/>
<SP HEIGHT="39" WIDTH="25" VPOS="3421" HPOS="994"/>
<String CONTENT="have" HEIGHT="39" WIDTH="124" VPOS="3421" HPOS="1020"/>
<SP HEIGHT="37" WIDTH="26" VPOS="3423" HPOS="1145"/>
<String CONTENT="to" HEIGHT="38" WIDTH="48" VPOS="3423" HPOS="1172"/>
<SP HEIGHT="39" WIDTH="26" VPOS="3422" HPOS="1221"/>
<String CONTENT="do" HEIGHT="40" WIDTH="60" VPOS="3421" HPOS="1248"/>
<SP HEIGHT="29" WIDTH="25" VPOS="3431" HPOS="1309"/>
<String CONTENT="with" HEIGHT="41" WIDTH="120" VPOS="3421" HPOS="1335"/>
<SP HEIGHT="38" WIDTH="24" VPOS="3423" HPOS="1456"/>
<String CONTENT="the" HEIGHT="38" WIDTH="81" VPOS="3424" HPOS="1481"/>
<SP HEIGHT="29" WIDTH="28" VPOS="3433" HPOS="1563"/>
<String CONTENT="annual" HEIGHT="38" WIDTH="180" VPOS="3424" HPOS="1592"/>
<SP HEIGHT="39" WIDTH="27" VPOS="3424" HPOS="1773"/>
<String CONTENT="supplement" HEIGHT="46" WIDTH="301" VPOS="3425" HPOS="1801"/>
</TextLine>
<TextLine HEIGHT="44" WIDTH="962" VPOS="3476" HPOS="114">
<String CONTENT="of" HEIGHT="41" WIDTH="54" VPOS="3478" HPOS="114"/>
<SP HEIGHT="43" WIDTH="31" VPOS="3477" HPOS="169"/>
<String CONTENT="annotations.&#8221;&#8212;Publisher&#8217;s" HEIGHT="43" WIDTH="715" VPOS="3476" HPOS="201"/>
<SP HEIGHT="29" WIDTH="31" VPOS="3488" HPOS="917"/>
<String CONTENT="note." HEIGHT="39" WIDTH="127" VPOS="3478" HPOS="949"/>
</TextLine>
<TextLine HEIGHT="58" WIDTH="1984" VPOS="3529" HPOS="121" CS="1">
<String CONTENT="&#169;" HEIGHT="55" WIDTH="54" VPOS="3532" HPOS="121"/>
<SP HEIGHT="54" WIDTH="27" VPOS="3532" HPOS="175"/>
<String CONTENT="May" HEIGHT="47" WIDTH="114" VPOS="3539" HPOS="202"/>
<SP HEIGHT="47" WIDTH="25" VPOS="3539" HPOS="316"/>
<String CONTENT="10," HEIGHT="47" WIDTH="69" VPOS="3537" HPOS="341"/>
<SP HEIGHT="46" WIDTH="24" VPOS="3538" HPOS="410"/>
<String CS="1" CONTENT="1932;" HEIGHT="41" WIDTH="115" VPOS="3536" HPOS="434"/>
<SP HEIGHT="40" WIDTH="28" VPOS="3537" HPOS="575"/>
<String CONTENT="2c." HEIGHT="38" WIDTH="67" VPOS="3537" HPOS="603"/>
<SP HEIGHT="29" WIDTH="29" VPOS="3547" HPOS="670"/>
<String CONTENT="and" HEIGHT="39" WIDTH="97" VPOS="3537" HPOS="699"/>
<SP HEIGHT="38" WIDTH="25" VPOS="3537" HPOS="796"/>
<String CONTENT="aff." HEIGHT="42" WIDTH="83" VPOS="3534" HPOS="821"/>
<SP HEIGHT="40" WIDTH="28" VPOS="3536" HPOS="904"/>
<String CONTENT="June" HEIGHT="39" WIDTH="128" VPOS="3536" HPOS="932"/>
<SP HEIGHT="41" WIDTH="25" VPOS="3534" HPOS="1060"/>
<String CS="1" CONTENT="22;" HEIGHT="39" WIDTH="57" VPOS="3534" HPOS="1085"/>
<SP/>
<!-- cceid 0B848227-6D7D-1014-B4A5-D7A31D17AB40 --><String CONTENT="A" HEIGHT="39" WIDTH="42" VPOS="3535" HPOS="1199"/>
<SP HEIGHT="40" WIDTH="27" VPOS="3535" HPOS="1241"/>
<String CS="1" CONTENT="52723;" HEIGHT="43" WIDTH="143" VPOS="3534" HPOS="1268"/>
<SP/>
<String LANG="fr" CONTENT="H." HEIGHT="38" WIDTH="58" VPOS="3537" HPOS="1471"/>
<SP HEIGHT="40" WIDTH="31" VPOS="3536" HPOS="1529"/>
<String CONTENT="G." HEIGHT="41" WIDTH="51" VPOS="3536" HPOS="1560"/>
<SP HEIGHT="40" WIDTH="31" VPOS="3537" HPOS="1611"/>
<String CONTENT="Aron," HEIGHT="43" WIDTH="144" VPOS="3537" HPOS="1642"/>
<SP HEIGHT="42" WIDTH="28" VPOS="3538" HPOS="1786"/>
<String CONTENT="New" HEIGHT="40" WIDTH="118" VPOS="3537" HPOS="1814"/>
<SP HEIGHT="38" WIDTH="30" VPOS="3538" HPOS="1932"/>
<String CONTENT="York." HEIGHT="40" WIDTH="143" VPOS="3536" HPOS="1962"/>
</TextLine>
<TextLine HEIGHT="49" WIDTH="278" VPOS="3593" HPOS="200">
<String CONTENT="(32-16523)" HEIGHT="49" WIDTH="278" VPOS="3593" HPOS="200"/>
</TextLine>
<TextLine HEIGHT="64" WIDTH="817" VPOS="3683" HPOS="118" STYLEREFS="StyleId-C7A72644-13F3-4E82-975C-FA33B610E682-">
<String CONTENT="Banner," HEIGHT="62" WIDTH="251" VPOS="3685" HPOS="118"/>
<SP HEIGHT="61" WIDTH="28" VPOS="3685" HPOS="370"/>
<String CONTENT="Hubert" HEIGHT="52" WIDTH="231" VPOS="3684" HPOS="399"/>
<SP HEIGHT="52" WIDTH="28" VPOS="3685" HPOS="631"/>
<String CONTENT="Stewart." HEIGHT="53" WIDTH="275" VPOS="3684" HPOS="660"/>
</TextLine>
<TextLine HEIGHT="74" WIDTH="1920" VPOS="3754" HPOS="186" STYLEREFS="StyleId-6914AC66-1472-4A00-8721-D0A1DFDF3852-">
<String LANG="fr" CONTENT="Flamboyante," HEIGHT="67" WIDTH="429" VPOS="3759" HPOS="186"/>
<SP HEIGHT="48" WIDTH="56" VPOS="3777" HPOS="616"/>
<String LANG="en-US" CONTENT="a" HEIGHT="33" WIDTH="31" VPOS="3777" HPOS="673"/>
<SP HEIGHT="35" WIDTH="54" VPOS="3776" HPOS="705"/>
<String LANG="en-US" CONTENT="novel," HEIGHT="68" WIDTH="182" VPOS="3756" HPOS="760"/>
<SP HEIGHT="67" WIDTH="54" VPOS="3757" HPOS="943"/>
<String LANG="en-US" CONTENT="by" HEIGHT="67" WIDTH="74" VPOS="3757" HPOS="998"/>
<SP HEIGHT="67" WIDTH="36" VPOS="3757" HPOS="1073"/>
<String LANG="en-US" CONTENT="Hubert" HEIGHT="54" WIDTH="229" VPOS="3755" HPOS="1110"/>
<SP HEIGHT="55" WIDTH="56" VPOS="3757" HPOS="1340"/>
<String LANG="en-US" CONTENT="S." HEIGHT="55" WIDTH="56" VPOS="3757" HPOS="1397"/>
<SP HEIGHT="51" WIDTH="57" VPOS="3759" HPOS="1454"/>
<String LANG="en-US" CONTENT="Banner." HEIGHT="51" WIDTH="246" VPOS="3759" HPOS="1512"/>
<SP HEIGHT="51" WIDTH="91" VPOS="3759" HPOS="1759"/>
<String LANG="en-US" CONTENT="London," HEIGHT="67" WIDTH="255" VPOS="3758" HPOS="1851"/>
</TextLine>
<TextLine HEIGHT="68" WIDTH="901" VPOS="3835" HPOS="117" STYLEREFS="StyleId-6914AC66-1472-4A00-8721-D0A1DFDF3852-" CS="1">
<String CONTENT="Hurst" HEIGHT="54" WIDTH="185" VPOS="3836" HPOS="117"/>
<SP HEIGHT="50" WIDTH="25" VPOS="3838" HPOS="303"/>
<String CONTENT="&amp;" HEIGHT="50" WIDTH="45" VPOS="3838" HPOS="329"/>
<SP HEIGHT="51" WIDTH="27" VPOS="3837" HPOS="375"/>
<String CONTENT="Blackett," HEIGHT="66" WIDTH="279" VPOS="3836" HPOS="403"/>
<SP HEIGHT="66" WIDTH="27" VPOS="3836" HPOS="683"/>
<String CONTENT="ltd." HEIGHT="53" WIDTH="102" VPOS="3835" HPOS="711"/>
<SP HEIGHT="33" WIDTH="34" VPOS="3868" HPOS="814"/>
<String CS="1" CONTENT="[1932]" HEIGHT="63" WIDTH="150" VPOS="3837" HPOS="868"/>
</TextLine>
<TextLine HEIGHT="52" WIDTH="648" VPOS="3906" HPOS="186" CS="1">
<String CONTENT="4" HEIGHT="38" WIDTH="27" VPOS="3911" HPOS="186"/>
<SP/>
<String LANG="fr" CONTENT="p." HEIGHT="37" WIDTH="43" VPOS="3921" HPOS="243"/>
<SP HEIGHT="38" WIDTH="26" VPOS="3911" HPOS="287"/>
<String CS="1" CONTENT="l.,"/>
<SP HEIGHT="47" WIDTH="27" VPOS="3909" HPOS="358"/>
<String CONTENT="13-287" HEIGHT="40" WIDTH="172" VPOS="3909" HPOS="386"/>
<SP HEIGHT="46" WIDTH="27" VPOS="3910" HPOS="559"/>
<String CONTENT="p." HEIGHT="37" WIDTH="43" VPOS="3919" HPOS="587"/>
<SP HEIGHT="38" WIDTH="58" VPOS="3910" HPOS="631"/>
<String CS="1" CONTENT="19&#189;&#7580;&#7504;." HEIGHT="43" WIDTH="116" VPOS="3906" HPOS="718"/>
</TextLine>
<TextLine HEIGHT="107" WIDTH="1968" VPOS="3956" HPOS="125" CS="1">
<String CONTENT="&#169;" HEIGHT="55" WIDTH="52" VPOS="3959" HPOS="125"/>
<SP HEIGHT="54" WIDTH="24" VPOS="3959" HPOS="178"/>
<String CS="1" CONTENT="1c."/>
<SP/>
<String CONTENT="June" HEIGHT="40" WIDTH="125" VPOS="3966" HPOS="295"/>
<SP HEIGHT="38" WIDTH="25" VPOS="3967" HPOS="421"/>
<String CONTENT="10," HEIGHT="47" WIDTH="67" VPOS="3965" HPOS="447"/>
<SP HEIGHT="46" WIDTH="25" VPOS="3966" HPOS="515"/>
<String CONTENT="1932;" HEIGHT="47" WIDTH="139" VPOS="3965" HPOS="541"/>
<SP HEIGHT="48" WIDTH="27" VPOS="3964" HPOS="681"/>
<!-- cceid 0B84E981-6D7D-1014-B4A5-D7A31D17AB40 --><String CONTENT="A" HEIGHT="41" WIDTH="41" VPOS="3963" HPOS="709"/>
<SP HEIGHT="40" WIDTH="23" VPOS="3963" HPOS="751"/>
<String CONTENT="ad" HEIGHT="38" WIDTH="61" VPOS="3965" HPOS="775"/>
<SP HEIGHT="40" WIDTH="23" VPOS="3963" HPOS="837"/>
<String CONTENT="int." HEIGHT="41" WIDTH="87" VPOS="3963" HPOS="861"/>
<SP HEIGHT="39" WIDTH="23" VPOS="3965" HPOS="949"/>
<String CONTENT="16510;" HEIGHT="47" WIDTH="169" VPOS="3962" HPOS="973"/>
<SP HEIGHT="37" WIDTH="28" VPOS="3974" HPOS="1143"/>
<String CONTENT="pubd" HEIGHT="48" WIDTH="127" VPOS="3963" HPOS="1172"/>
<SP HEIGHT="40" WIDTH="39" VPOS="3963" HPOS="1300"/>
<String CONTENT="Apr." HEIGHT="47" WIDTH="112" VPOS="3964" HPOS="1340"/>
<SP HEIGHT="38" WIDTH="29" VPOS="3966" HPOS="1453"/>
<String CONTENT="15;" HEIGHT="49" WIDTH="81" VPOS="3966" HPOS="1483"/>
<SP HEIGHT="49" WIDTH="26" VPOS="3966" HPOS="1565"/>
<String LANG="fr" CONTENT="H." HEIGHT="39" WIDTH="61" VPOS="3966" HPOS="1592"/>
<SP HEIGHT="40" WIDTH="29" VPOS="3966" HPOS="1654"/>
<String CONTENT="S." HEIGHT="40" WIDTH="44" VPOS="3966" HPOS="1684"/>
<SP HEIGHT="40" WIDTH="26" VPOS="3968" HPOS="1729"/>
<String CONTENT="Banner," HEIGHT="47" WIDTH="206" VPOS="3967" HPOS="1756"/>
<SP HEIGHT="46" WIDTH="29" VPOS="3967" HPOS="1963"/>
<String CONTENT="London." HEIGHT="95" WIDTH="1900" VPOS="3967" HPOS="193"/>
</TextLine>
<TextLine HEIGHT="48" WIDTH="277" VPOS="4021" HPOS="370">
<String CONTENT="(32-16881)" HEIGHT="48" WIDTH="277" VPOS="4021" HPOS="370"/>
</TextLine>
</TextBlock>
</PrintSpace>
</Page>
</Layout>
</alto>