2563 4368
1078 4147 130 54 1763

143 538 167 59 Fred,
343 535 203 53 Edwin
576 537 215 61 Broun,
826 539 168 50 1887-

213 614 146 51 Root
409 614 206 51 nodule
665 612 247 52 bacteria
966 613 106 51 and
1130 611 353 69 leguminous
1535 613 208 66 plants,
1794 613 74 67 by
1921 611 209 53 Edwin

145 692 192 51 Broun
378 692 167 64 Fred,
583 693 96 49 Ira
717 692 299 50 Lawrence
1056 690 267 52 Baldwin
1363 691 149 65 [and]
1557 690 301 52 Elizabeth
1894 691 234 68 McCoy.

142 769 283 58 Madison,
457 772 148 49 1932.

214 842 116 46 xxii,
369 843 84 39 343
527 874 7 8 p.
601 842 170 47 plates,
812 846 134 43 port.,
987 841 176 46 diagrs.
1232 842 115 39 27ᶜᵐ.
1425 842 98 47 (On
1562 850 160 32 cover:
1762 841 282 48 University
2084 843 51 40 of

145 899 268 39 Wisconsin
442 899 186 39 studies
655 898 48 39 in
732 898 198 42 science,
958 907 73 30 no.
1062 898 49 47 5)

216 956 129 39 Each
379 956 129 47 plate
541 955 340 46 accompanied
915 956 58 46 by
1007 956 154 44 guard
1194 955 134 39 sheet
1363 954 117 40 with
1515 954 290 48 descriptive
1839 955 296 47 letterpress.

214 1012 311 47 Bibliography:
618 1022 42 38 p.
691 1011 214 40 270-335.

146 1065 1840 51 © July 15, 1932; 2c. Nov. 4; aff. Oct. 28; A 56883; University of
213 1066 1903 105 Wisconsin,
420 1125 234 46 Madison,
680 1124 114 39 Wis.
866 1124 278 49 (32-33399)

143 1200 228 63 Harris,
406 1200 191 55 Mark.

210 1277 122 52 The
365 1295 123 34 case
523 1276 93 52 for
649 1277 258 67 tragedy,
941 1275 170 69 being
1145 1295 31 33 a
1212 1276 293 67 challenge
1539 1282 57 47 to
1632 1275 157 54 those
1825 1275 125 54 who
1987 1277 148 67 deny

142 1354 95 53 the
263 1354 324 67 possibility
615 1353 63 52 of
704 1372 31 34 a
761 1353 184 69 tragic
973 1353 171 68 spirit
1170 1354 59 51 in
1256 1354 96 52 the
1377 1355 235 52 modern
1638 1352 198 69 world,
1862 1354 76 68 by
1964 1352 172 54 Mark

142 1432 223 53 Harris.
442 1432 137 52 New
617 1431 179 66 York,
831 1431 257 67 London,
1123 1429 68 56 G.
1229 1432 64 51 P.
1330 1429 296 56 Putnam’s
1661 1447 146 52 sons,
1845 1434 149 50 1932.

212 1505 120 40 xviii
359 1517 57 36 p.,
446 1506 24 39 1
533 1536 9 16 l.,
571 1504 174 41 21-196
771 1515 43 38 p.
872 1504 119 41 21ᶜᵐ.

214 1561 441 48 “Bibliographical
685 1560 139 41 note”:
887 1571 43 38 p.
962 1558 216 42 189-191.

147 1615 51 51 ©
279 1630 70 28 Nov.
384 1618 67 46 15,
486 1617 139 46 1932;
660 1619 66 39 2c.
807 1628 71 29 Nov.
913 1617 54 39 18;
1030 1617 82 40 aff.
1192 1628 69 28 Nov.
1299 1618 81 42 16;
1419 1619 37 37 A
1491 1618 168 46 57173;
1698 1619 61 38 M.
1794 1617 191 48 Harris,
216 1619 1901 102 Williamstown,

534 1676 144 37 Mass.
750 1674 278 47 (32-33273)

145 1749 379 65 Hawthorne,
553 1749 375 64 Hildegarde.

211 1826 302 53 Romantic
570 1826 166 66 rebel,
791 1826 96 52 the
939 1831 159 62 story
1153 1825 63 53 of
1271 1826 310 52 Nathaniel
1635 1825 373 67 Hawthorne,
2061 1825 75 70 by

144 1904 355 68 Hildegarde
537 1903 383 67 Hawthorne;
963 1903 323 52 illustrated
1326 1904 75 67 by
1439 1904 90 54 W.
1570 1903 79 53 M.
1692 1904 230 68 Berger.
1998 1904 138 54 New

151 1980 1220 68 York, London, The Century co. [ ᶜ193 2]
212 2067 76 35 xv,
316 2055 82 40 231
428 2066 42 36 p.
499 2054 109 40 incl.
636 2054 163 47 front.,
828 2053 129 41 illus.
1015 2053 147 41 22½ᶜᵐ.
1277 2052 131 50 $2.50

214 2112 287 40 Illustrated
530 2110 363 48 lining-papers.

214 2168 163 40 “First
404 2165 258 51 printing.”

146 2221 1611 50 © Nov. 1, 1932; 2c. and aff. Nov. 16; A 57085; Century co.
223 2280 277 47 (32-33275)

146 2356 268 64 Henslee,
443 2355 211 53 Mattie
684 2355 141 64 Lou,
856 2355 171 53 “Mrs.
1056 2355 53 54 J.
1138 2356 63 55 F.
1231 2355 308 54 Henslee.”

213 2434 200 52 Poems
463 2433 111 51 and
624 2450 181 49 prose,
852 2431 75 68 by
973 2430 139 54 Mrs.
1161 2432 55 53 J.
1267 2432 64 51 F.
1381 2432 261 53 Henslee.
1716 2433 219 69 Dallas,
1984 2435 154 66 Tex.,

146 2509 899 69 Clyde C. Cockrell co. [ ᶜ193 2]
215 2582 303 50 85 p. 19 ᶜᵐ .
217 2639 232 41 Contains
490 2641 96 38 two
626 2649 161 36 poems
828 2638 60 47 by
928 2636 218 42 author’s
1187 2638 252 50 daughter,
1481 2640 188 39 Beulah
1711 2639 208 43 Henslee
1961 2641 175 49 Miller,

145 2698 94 38 and
271 2707 88 29 one
391 2696 59 46 by
483 2693 217 41 author’s
731 2694 201 48 mother,
966 2692 260 42 Catherine
1259 2694 143 41 Boles
1433 2696 167 45 Terry.

150 2750 1986 55 © Oct. 8, 1932; 2c. Oct. 25; aff. Nov. 5; A 56918; M. L. Henslee, Cooper,
215 2811 113 39 Tex.
399 2809 277 46 (32-33262)

146 2885 288 62 Hertzler,
465 2885 232 52 Arthur
727 2885 302 63 Emanuel,
1064 2889 169 49 1870-

277 2961 1859 73 … Surgical pathology of the female generative organs,
147 3041 1989 71 by Arthur E. Hertzler … 285 illustrations. Philadelphia,
147 3119 1764 70 Montreal and London, J. B. Lippincott company [ ᶜ193 2]
144 3192 1973 104 xxi, 346 p. illus. 25 ᶜᵐ . (Hertzler’s monographs on surgical pathology)
218 3305 330 40 “Literature"
581 3309 51 36 at
662 3308 90 37 end
784 3306 51 40 of
866 3307 116 39 each
1015 3307 212 45 chapter.

150 3358 1966 107 © Feb. 4, 1932; 2c. and aff. Mar. 16; A 50028; A. E. Hertzler, Halstead,
396 3420 121 39 Kan.
588 3419 250 47 (32-4727)

149 3494 134 62 Hill,
315 3495 225 63 George
570 3494 352 64 Alexander,
954 3499 171 50 1892-

219 3571 87 55 Go
346 3590 106 49 spy
492 3573 96 52 the
628 3573 155 66 land,
823 3571 171 68 being
1033 3572 96 54 the
1170 3573 338 53 adventures
1549 3572 65 53 of
1654 3574 49 51 I.
1746 3574 73 52 K.
1864 3577 30 50 8
1937 3572 64 54 of
2042 3572 94 54 the

152 3649 219 53 British
415 3655 176 48 secret
633 3650 228 66 service,
901 3649 76 67 by
1021 3648 247 68 Captain
1315 3649 221 68 George
1577 3649 71 54 A.
1690 3650 148 67 Hill,
1880 3669 47 34 d.
1970 3668 42 35 s.
2058 3667 47 37 o.;

151 3726 138 52 with
316 3726 383 68 frontispiece.
774 3726 238 53 London
1064 3732 119 61 [etc.]
1217 3725 214 56 Cassell
1458 3727 111 53 and
1597 3743 297 52 company,
1919 3726 222 54 limited

155 3806 171 65 [1932]

218 3876 1427 50 2 p. l. , 283, [1] p. front. (port.) illus. (plan) 19 ½ᶜᵐ .
220 3933 138 48 Maps
385 3944 59 29 on
470 3932 361 49 lining-papers.

155 3985 1967 100 © 1c. Nov. 17, 1932; A ad int. 17087; pubd. Sept. 22; G. A. Hill, Colman’s
403 4046 175 47 Hatch,
612 4046 191 46 Sussex,
836 4047 233 45 England.
1140 4045 277 47 (32-34352)
