<alto xmlns="http://www.loc.gov/standards/alto/ns-v3#" xmlns:xlink="http://www.w3.org/1999/xlink" xmlns:xsi="http://www.w3.org/2001/XMLSchema-instance" xsi:schemaLocation="http://www.loc.gov/standards/alto/ns-v3# http://www.loc.gov/alto/v3/alto-3-0.xsd"><Description>
<MeasurementUnit>pixel</MeasurementUnit>
<sourceImageInformation>
<fileName>1932_v29_part001.pdf</fileName>
</sourceImageInformation>
<OCRProcessing ID="IdOcr">
<ocrProcessingStep>
<processingDateTime>2019-04-25</processingDateTime>
<processingSoftware>
<softwareCreator>ABBYY</softwareCreator>
<softwareName>ABBYY Recognition Server</softwareName>
<softwareVersion>4.0</softwareVersion>
</processingSoftware>
</ocrProcessingStep>
</OCRProcessing>
</Description>
<Styles>
<ParagraphStyle ID="StyleId-FFFFFFFF-FFFF-FFFF-FFFF-FFFFFFFFFFFF-" ALIGN="Left" LEFT="0." RIGHT="0." FIRSTLINE="0."/>
<ParagraphStyle ID="StyleId-547D96D3-B2DE-4E86-A4BD-9DDFC275973A-" ALIGN="Left" LEFT="0." RIGHT="0." FIRSTLINE="0." LINESPACE="7.699999809"/>
<ParagraphStyle ID="StyleId-BE433B82-DF6F-491A-9872-F562FF4150C8-" ALIGN="Block" LEFT="0." RIGHT="0." FIRSTLINE="-13." LINESPACE="7.900000095"/>
<ParagraphStyle ID="StyleId-CC286467-50C5-4655-B0CF-BA365CCE0736-" ALIGN="Block" LEFT="0." RIGHT="0." FIRSTLINE="-15." LINESPACE="8.479999542"/>
<ParagraphStyle ID="StyleId-9878414D-BEDB-487D-971A-CF5ADB5C4AD2-" ALIGN="Block" LEFT="0." RIGHT="0." FIRSTLINE="-14." LINESPACE="10.92000008"/>
<ParagraphStyle ID="StyleId-EBC70DE5-3635-4BD4-B07B-05DF6EFE0022-" ALIGN="Block" LEFT="0." RIGHT="0." FIRSTLINE="-13." LINESPACE="12.19999981"/>
<ParagraphStyle ID="StyleId-8A688F83-F017-4D5D-A00A-14637016ED45-" ALIGN="Left" LEFT="0." RIGHT="0." FIRSTLINE="0." LINESPACE="9.399999619"/>
<ParagraphStyle ID="StyleId-20F0BBAE-20C6-42F4-8113-00B5C02924DC-" ALIGN="Left" LEFT="0." RIGHT="0." FIRSTLINE="0." LINESPACE="11.10000038"/>
<ParagraphStyle ID="StyleId-7AA70148-8873-4ACB-90AE-BF9322E02302-" ALIGN="Left" LEFT="0." RIGHT="0." FIRSTLINE="-13." LINESPACE="11.09000015"/>
<ParagraphStyle ID="StyleId-072EF7BA-7207-4F8B-9A7C-F564E8B4CB16-" ALIGN="Left" LEFT="0." RIGHT="0." FIRSTLINE="-14." LINESPACE="12.19999981"/>
<ParagraphStyle ID="StyleId-44303D12-21D7-4DB0-9E9F-87FA1A861DD7-" ALIGN="Block" LEFT="0." RIGHT="0." FIRSTLINE="-14." LINESPACE="10.92000008"/>
<ParagraphStyle ID="StyleId-43CF0D44-8AC2-4CD0-865F-942C78705184-" ALIGN="Block" LEFT="0." RIGHT="0." FIRSTLINE="-13." LINESPACE="12.19999981"/>
<ParagraphStyle ID="StyleId-7A298A86-29F5-413A-AEC9-078A4CC464D7-" ALIGN="Block" LEFT="0." RIGHT="0." FIRSTLINE="13." LINESPACE="12.19999981"/>
<ParagraphStyle ID="StyleId-8E4E86F7-C1F9-4A1A-B605-6B1FC1C8E9F7-" ALIGN="Left" LEFT="0." RIGHT="0." FIRSTLINE="0." LINESPACE="11.60000038"/>
<ParagraphStyle ID="StyleId-AB39791B-5ED1-444F-BEF5-2CFED1F2709A-" ALIGN="Left" LEFT="0." RIGHT="0." FIRSTLINE="-13." LINESPACE="11.09000015"/>
<ParagraphStyle ID="StyleId-C1F2EEE7-CD00-4E11-9EAD-B222287AEDA4-" ALIGN="Center" LEFT="0." RIGHT="0." FIRSTLINE="0." LINESPACE="11.10000038"/>
</Styles>
<Layout>
<Page ID="Page1578" PHYSICAL_IMG_NR="1578" HEIGHT="4368" WIDTH="2563">
<TopMargin HEIGHT="454" WIDTH="2563" VPOS="0" HPOS="0">
</TopMargin>
<LeftMargin HEIGHT="3677" WIDTH="338" VPOS="454" HPOS="0">
</LeftMargin>
<RightMargin HEIGHT="3677" WIDTH="203" VPOS="454" HPOS="2360">
</RightMargin>
<BottomMargin HEIGHT="237" WIDTH="2563" VPOS="4131" HPOS="0">
</BottomMargin>
<PrintSpace HEIGHT="3677" WIDTH="2022" VPOS="454" HPOS="338">
<TextBlock ID="Page1578_Block1" HEIGHT="63" WIDTH="154" VPOS="4068" HPOS="1268" LANG="en-US" STYLEREFS="StyleId-382EC5FA-3DE0-47B7-AAC5-8C56C59B10A3-">
<TextLine HEIGHT="53" WIDTH="134" VPOS="4077" HPOS="1278">
<String CONTENT="1578" HEIGHT="53" WIDTH="134" VPOS="4077" HPOS="1278"/>
</TextLine>
</TextBlock>
<TextBlock ID="Page1578_Block2" HEIGHT="3622" WIDTH="2022" VPOS="454" HPOS="338" CS="1" STYLEREFS="StyleId-F98644C2-A7BB-4931-95DB-EE564462B4E5-">
<TextLine HEIGHT="71" WIDTH="1014" VPOS="463" HPOS="355" STYLEREFS="StyleId-4BB54398-D5EA-4DEB-B251-26B9050D6F0F-" LANG="en-US">
<String CONTENT="[Business" HEIGHT="67" WIDTH="303" VPOS="467" HPOS="355"/>
<SP HEIGHT="49" WIDTH="27" VPOS="470" HPOS="659"/>
<String CONTENT="training" HEIGHT="64" WIDTH="264" VPOS="465" HPOS="687"/>
<SP HEIGHT="47" WIDTH="26" VPOS="482" HPOS="952"/>
<String CONTENT="corporation]" HEIGHT="68" WIDTH="390" VPOS="463" HPOS="979"/>
</TextLine>
<TextLine HEIGHT="72" WIDTH="1919" VPOS="539" HPOS="420" STYLEREFS="StyleId-382EC5FA-3DE0-47B7-AAC5-8C56C59B10A3-" LANG="en-US">
<String CONTENT="Full" HEIGHT="51" WIDTH="134" VPOS="544" HPOS="420"/>
<SP HEIGHT="51" WIDTH="38" VPOS="544" HPOS="555"/>
<String CONTENT="speed" HEIGHT="67" WIDTH="168" VPOS="544" HPOS="594"/>
<SP HEIGHT="51" WIDTH="37" VPOS="544" HPOS="763"/>
<String CONTENT="ahead" HEIGHT="51" WIDTH="179" VPOS="543" HPOS="801"/>
<SP HEIGHT="53" WIDTH="19" VPOS="541" HPOS="981"/>
<String CONTENT="!" HEIGHT="53" WIDTH="11" VPOS="541" HPOS="1001"/>
<SP HEIGHT="53" WIDTH="78" VPOS="541" HPOS="1013"/>
<String CONTENT="You&#8217;re" HEIGHT="54" WIDTH="210" VPOS="540" HPOS="1092"/>
<SP HEIGHT="34" WIDTH="38" VPOS="559" HPOS="1303"/>
<String CONTENT="on" HEIGHT="33" WIDTH="71" VPOS="559" HPOS="1342"/>
<SP HEIGHT="47" WIDTH="37" VPOS="546" HPOS="1414"/>
<String CONTENT="the" HEIGHT="52" WIDTH="96" VPOS="541" HPOS="1452"/>
<SP HEIGHT="34" WIDTH="36" VPOS="559" HPOS="1549"/>
<String CONTENT="right" HEIGHT="69" WIDTH="159" VPOS="539" HPOS="1586"/>
<SP HEIGHT="50" WIDTH="35" VPOS="544" HPOS="1746"/>
<String CONTENT="course." HEIGHT="36" WIDTH="209" VPOS="558" HPOS="1782"/>
<SP HEIGHT="33" WIDTH="79" VPOS="573" HPOS="1992"/>
<String CONTENT="[No.]" HEIGHT="65" WIDTH="141" VPOS="541" HPOS="2072"/>
<SP HEIGHT="62" WIDTH="44" VPOS="544" HPOS="2214"/>
<String CONTENT="10." HEIGHT="48" WIDTH="80" VPOS="544" HPOS="2259"/>
</TextLine>
<TextLine HEIGHT="71" WIDTH="1986" VPOS="618" HPOS="355" STYLEREFS="StyleId-382EC5FA-3DE0-47B7-AAC5-8C56C59B10A3-" LANG="en-US">
<String CONTENT="[Prepared" HEIGHT="66" WIDTH="309" VPOS="623" HPOS="355"/>
<SP HEIGHT="52" WIDTH="29" VPOS="622" HPOS="665"/>
<String LANG="fr" CONTENT="foi&#183;]" HEIGHT="65" WIDTH="111" VPOS="622" HPOS="695"/>
<SP HEIGHT="63" WIDTH="35" VPOS="624" HPOS="807"/>
<String CONTENT="Ford" HEIGHT="51" WIDTH="155" VPOS="622" HPOS="843"/>
<SP HEIGHT="51" WIDTH="29" VPOS="622" HPOS="999"/>
<String CONTENT="motor" HEIGHT="45" WIDTH="184" VPOS="627" HPOS="1029"/>
<SP HEIGHT="33" WIDTH="28" VPOS="639" HPOS="1214"/>
<String CONTENT="company" HEIGHT="49" WIDTH="278" VPOS="638" HPOS="1243"/>
<SP HEIGHT="49" WIDTH="30" VPOS="638" HPOS="1522"/>
<String CONTENT="of" HEIGHT="52" WIDTH="63" VPOS="618" HPOS="1553"/>
<SP HEIGHT="54" WIDTH="29" VPOS="618" HPOS="1617"/>
<String CONTENT="Canada," HEIGHT="56" WIDTH="252" VPOS="618" HPOS="1647"/>
<SP HEIGHT="55" WIDTH="28" VPOS="619" HPOS="1900"/>
<String CONTENT="limited," HEIGHT="67" WIDTH="241" VPOS="618" HPOS="1929"/>
<SP HEIGHT="65" WIDTH="28" VPOS="620" HPOS="2171"/>
<String CONTENT="East" HEIGHT="52" WIDTH="141" VPOS="620" HPOS="2200"/>
</TextLine>
<TextLine HEIGHT="149" WIDTH="1969" VPOS="697" HPOS="348" STYLEREFS="StyleId-382EC5FA-3DE0-47B7-AAC5-8C56C59B10A3-" LANG="en-US" CS="1">
<String CONTENT="Windsor." HEIGHT="54" WIDTH="289" VPOS="700" HPOS="348"/>
<SP HEIGHT="54" WIDTH="36" VPOS="700" HPOS="638"/>
<String CONTENT="Ontario." HEIGHT="55" WIDTH="260" VPOS="699" HPOS="675"/>
<SP HEIGHT="31" WIDTH="80" VPOS="734" HPOS="936"/>
<String CONTENT="[London," HEIGHT="65" WIDTH="274" VPOS="700" HPOS="1017"/>
<SP HEIGHT="53" WIDTH="35" VPOS="700" HPOS="1292"/>
<String CONTENT="London" HEIGHT="51" WIDTH="240" VPOS="698" HPOS="1328"/>
<SP HEIGHT="48" WIDTH="34" VPOS="716" HPOS="1569"/>
<String CONTENT="printing" HEIGHT="68" WIDTH="264" VPOS="697" HPOS="1604"/>
<SP HEIGHT="63" WIDTH="32" VPOS="702" HPOS="1869"/>
<String CONTENT="&amp;" HEIGHT="48" WIDTH="45" VPOS="702" HPOS="1902"/>
<SP HEIGHT="51" WIDTH="33" VPOS="699" HPOS="1948"/>
<String CONTENT="lithographing" HEIGHT="149" WIDTH="1966" VPOS="697" HPOS="351"/>
<SP HEIGHT="49" WIDTH="25" VPOS="797" HPOS="454"/>
<String CONTENT="co.," HEIGHT="47" WIDTH="98" VPOS="797" HPOS="480"/>
</TextLine>
<TextLine HEIGHT="67" WIDTH="303" VPOS="778" HPOS="606" STYLEREFS="StyleId-382EC5FA-3DE0-47B7-AAC5-8C56C59B10A3-" LANG="en-US">
<String CONTENT="Itch," HEIGHT="67" WIDTH="122" VPOS="778" HPOS="606"/>
<SP HEIGHT="63" WIDTH="28" VPOS="782" HPOS="729"/>
<String CONTENT="1932]" HEIGHT="63" WIDTH="151" VPOS="780" HPOS="758"/>
</TextLine>
<TextLine HEIGHT="51" WIDTH="1284" VPOS="849" HPOS="422" LANG="en-US" CS="1">
<String CONTENT="4" HEIGHT="38" WIDTH="26" VPOS="853" HPOS="422"/>
<SP/>
<String CONTENT="p." HEIGHT="37" WIDTH="43" VPOS="863" HPOS="475"/>
<SP HEIGHT="40" WIDTH="54" VPOS="852" HPOS="519"/>
<String CONTENT="illus." HEIGHT="39" WIDTH="127" VPOS="852" HPOS="574"/>
<SP HEIGHT="48" WIDTH="29" VPOS="851" HPOS="702"/>
<String CONTENT="(part" HEIGHT="48" WIDTH="134" VPOS="851" HPOS="732"/>
<SP HEIGHT="37" WIDTH="26" VPOS="855" HPOS="867"/>
<String CONTENT="col.)" HEIGHT="47" WIDTH="111" VPOS="851" HPOS="894"/>
<SP HEIGHT="47" WIDTH="62" VPOS="851" HPOS="1006"/>
<String CS="1" CONTENT="46&#7580;&#7504;." HEIGHT="38" WIDTH="118" VPOS="852" HPOS="1069"/>
<SP HEIGHT="41" WIDTH="55" VPOS="849" HPOS="1188"/>
<String CONTENT="fold," HEIGHT="41" WIDTH="116" VPOS="849" HPOS="1244"/>
<SP HEIGHT="37" WIDTH="30" VPOS="853" HPOS="1361"/>
<String CONTENT="to" HEIGHT="37" WIDTH="47" VPOS="853" HPOS="1392"/>
<SP HEIGHT="39" WIDTH="28" VPOS="851" HPOS="1440"/>
<String CONTENT="15" HEIGHT="39" WIDTH="57" VPOS="851" HPOS="1469"/>
<SP/>
<String CS="1" CONTENT="&#215;"/>
<SP/>
<String CONTENT="23" HEIGHT="40" WIDTH="55" VPOS="850" HPOS="1591"/>
<String STYLE="superscript" CS="1" CONTENT="&#7580;&#7504;"/>
<String CONTENT="." HEIGHT="8" WIDTH="7" VPOS="882" HPOS="1699"/>
</TextLine>
<TextLine HEIGHT="52" WIDTH="1990" VPOS="918" HPOS="356" LANG="en-US" CS="1">
<String CONTENT="&#169;" HEIGHT="52" WIDTH="51" VPOS="918" HPOS="356"/>
<SP/>
<String CS="1" CONTENT="1c."/>
<SP HEIGHT="40" WIDTH="30" VPOS="922" HPOS="509"/>
<String CONTENT="Nov." HEIGHT="40" WIDTH="116" VPOS="922" HPOS="540"/>
<SP HEIGHT="40" WIDTH="32" VPOS="922" HPOS="657"/>
<String CONTENT="22," HEIGHT="42" WIDTH="68" VPOS="922" HPOS="690"/>
<SP/>
<String CS="1" CONTENT="1932;"/>
<SP HEIGHT="40" WIDTH="33" VPOS="922" HPOS="935"/>
<!-- cceid 1038710F-6D7D-1014-B4A5-D7A31D17AB40 --><String CONTENT="A" HEIGHT="38" WIDTH="40" VPOS="922" HPOS="969"/>
<SP HEIGHT="38" WIDTH="31" VPOS="922" HPOS="1010"/>
<String CONTENT="ad" HEIGHT="38" WIDTH="61" VPOS="922" HPOS="1042"/>
<SP HEIGHT="39" WIDTH="30" VPOS="921" HPOS="1104"/>
<String CONTENT="int." HEIGHT="41" WIDTH="87" VPOS="921" HPOS="1135"/>
<SP HEIGHT="41" WIDTH="32" VPOS="921" HPOS="1223"/>
<String CS="1" CONTENT="17112;" HEIGHT="39" WIDTH="143" VPOS="920" HPOS="1256"/>
<SP HEIGHT="37" WIDTH="34" VPOS="931" HPOS="1427"/>
<String CONTENT="pubd." HEIGHT="47" WIDTH="142" VPOS="921" HPOS="1462"/>
<SP HEIGHT="39" WIDTH="32" VPOS="920" HPOS="1605"/>
<String CONTENT="Nov." HEIGHT="40" WIDTH="118" VPOS="920" HPOS="1638"/>
<SP HEIGHT="40" WIDTH="33" VPOS="920" HPOS="1757"/>
<String CS="1" CONTENT="8;" HEIGHT="39" WIDTH="25" VPOS="920" HPOS="1791"/>
<SP HEIGHT="46" WIDTH="34" VPOS="920" HPOS="1844"/>
<String CONTENT="Trade-ways," HEIGHT="47" WIDTH="325" VPOS="920" HPOS="1879"/>
<SP HEIGHT="47" WIDTH="33" VPOS="919" HPOS="2205"/>
<String CONTENT="inc.." HEIGHT="41" WIDTH="107" VPOS="919" HPOS="2239"/>
</TextLine>
<TextLine HEIGHT="40" WIDTH="288" VPOS="978" HPOS="421" LANG="en-US">
<String CONTENT="New" HEIGHT="39" WIDTH="118" VPOS="979" HPOS="421"/>
<SP HEIGHT="39" WIDTH="24" VPOS="979" HPOS="540"/>
<String CONTENT="York." HEIGHT="39" WIDTH="144" VPOS="978" HPOS="565"/>
</TextLine>
<TextLine HEIGHT="68" WIDTH="551" VPOS="1095" HPOS="356" STYLEREFS="StyleId-4BB54398-D5EA-4DEB-B251-26B9050D6F0F-" LANG="en-US">
<String CONTENT="[Cleveland" HEIGHT="67" WIDTH="330" VPOS="1096" HPOS="356"/>
<SP HEIGHT="53" WIDTH="33" VPOS="1097" HPOS="687"/>
<String CONTENT="clinic]" HEIGHT="67" WIDTH="186" VPOS="1095" HPOS="721"/>
</TextLine>
<TextLine HEIGHT="71" WIDTH="1929" VPOS="1170" HPOS="419" STYLEREFS="StyleId-382EC5FA-3DE0-47B7-AAC5-8C56C59B10A3-" LANG="en-US">
<String CONTENT="Diagnosis" HEIGHT="69" WIDTH="310" VPOS="1172" HPOS="419"/>
<SP HEIGHT="34" WIDTH="37" VPOS="1190" HPOS="730"/>
<String CONTENT="and" HEIGHT="52" WIDTH="112" VPOS="1173" HPOS="768"/>
<SP HEIGHT="52" WIDTH="36" VPOS="1173" HPOS="881"/>
<String CONTENT="treatment" HEIGHT="49" WIDTH="303" VPOS="1176" HPOS="918"/>
<SP HEIGHT="48" WIDTH="37" VPOS="1176" HPOS="1222"/>
<String CONTENT="of" HEIGHT="53" WIDTH="65" VPOS="1170" HPOS="1260"/>
<SP HEIGHT="54" WIDTH="34" VPOS="1170" HPOS="1326"/>
<String CONTENT="diseases" HEIGHT="54" WIDTH="242" VPOS="1170" HPOS="1361"/>
<SP HEIGHT="35" WIDTH="37" VPOS="1190" HPOS="1604"/>
<String CONTENT="of" HEIGHT="55" WIDTH="64" VPOS="1170" HPOS="1642"/>
<SP HEIGHT="54" WIDTH="36" VPOS="1170" HPOS="1707"/>
<String CONTENT="the" HEIGHT="54" WIDTH="94" VPOS="1170" HPOS="1744"/>
<SP HEIGHT="49" WIDTH="38" VPOS="1175" HPOS="1839"/>
<String CONTENT="thyroid" HEIGHT="70" WIDTH="233" VPOS="1170" HPOS="1878"/>
<SP HEIGHT="69" WIDTH="38" VPOS="1171" HPOS="2112"/>
<String CONTENT="gland," HEIGHT="69" WIDTH="197" VPOS="1171" HPOS="2151"/>
</TextLine>
<TextLine HEIGHT="68" WIDTH="75" VPOS="1250" HPOS="351" STYLEREFS="StyleId-382EC5FA-3DE0-47B7-AAC5-8C56C59B10A3-" LANG="en-US" CS="1">
<String CONTENT="by" HEIGHT="68" WIDTH="75" VPOS="1250" HPOS="351"/>
</TextLine>
<TextLine HEIGHT="72" WIDTH="1893" VPOS="1247" HPOS="454" STYLEREFS="StyleId-382EC5FA-3DE0-47B7-AAC5-8C56C59B10A3-" LANG="en-US" CS="1">
<String CONTENT="George" HEIGHT="71" WIDTH="221" VPOS="1248" HPOS="454"/>
<SP HEIGHT="55" WIDTH="28" VPOS="1249" HPOS="676"/>
<String CONTENT="Crile" HEIGHT="56" WIDTH="156" VPOS="1248" HPOS="705"/>
<SP HEIGHT="35" WIDTH="26" VPOS="1267" HPOS="862"/>
<String CONTENT="and" HEIGHT="53" WIDTH="113" VPOS="1250" HPOS="889"/>
<SP HEIGHT="53" WIDTH="30" VPOS="1250" HPOS="1003"/>
<String CONTENT="associates" HEIGHT="53" WIDTH="298" VPOS="1249" HPOS="1034"/>
<SP HEIGHT="33" WIDTH="33" VPOS="1269" HPOS="1333"/>
<String CS="1" CONTENT="&#8230;"/>
<SP HEIGHT="35" WIDTH="34" VPOS="1267" HPOS="1425"/>
<String CONTENT="edited" HEIGHT="55" WIDTH="188" VPOS="1247" HPOS="1460"/>
<SP HEIGHT="54" WIDTH="28" VPOS="1248" HPOS="1649"/>
<String CONTENT="by" HEIGHT="70" WIDTH="76" VPOS="1248" HPOS="1678"/>
<SP HEIGHT="70" WIDTH="28" VPOS="1248" HPOS="1755"/>
<String CONTENT="Amy" HEIGHT="70" WIDTH="153" VPOS="1248" HPOS="1784"/>
<SP HEIGHT="69" WIDTH="29" VPOS="1249" HPOS="1938"/>
<String CONTENT="F." HEIGHT="53" WIDTH="66" VPOS="1249" HPOS="1968"/>
<SP HEIGHT="53" WIDTH="29" VPOS="1248" HPOS="2035"/>
<String CONTENT="Rowland" HEIGHT="55" WIDTH="282" VPOS="1248" HPOS="2065"/>
</TextLine>
<TextLine HEIGHT="71" WIDTH="1844" VPOS="1325" HPOS="504" STYLEREFS="StyleId-382EC5FA-3DE0-47B7-AAC5-8C56C59B10A3-" LANG="en-US" CS="1">
<String CONTENT="Philadelphia" HEIGHT="69" WIDTH="407" VPOS="1327" HPOS="504"/>
<SP HEIGHT="34" WIDTH="53" VPOS="1346" HPOS="912"/>
<String CONTENT="and" HEIGHT="52" WIDTH="112" VPOS="1328" HPOS="966"/>
<SP HEIGHT="53" WIDTH="51" VPOS="1327" HPOS="1079"/>
<String CONTENT="London," HEIGHT="69" WIDTH="259" VPOS="1326" HPOS="1131"/>
<SP HEIGHT="68" WIDTH="47" VPOS="1327" HPOS="1391"/>
<String CONTENT="W." HEIGHT="54" WIDTH="90" VPOS="1327" HPOS="1439"/>
<SP HEIGHT="52" WIDTH="53" VPOS="1327" HPOS="1530"/>
<String CONTENT="B." HEIGHT="53" WIDTH="67" VPOS="1327" HPOS="1584"/>
<SP HEIGHT="57" WIDTH="56" VPOS="1325" HPOS="1652"/>
<String CONTENT="Saunders" HEIGHT="57" WIDTH="289" VPOS="1325" HPOS="1709"/>
<SP HEIGHT="35" WIDTH="50" VPOS="1345" HPOS="1999"/>
<String CONTENT="company," HEIGHT="53" WIDTH="298" VPOS="1343" HPOS="2050"/>
</TextLine>
<TextLine HEIGHT="51" WIDTH="149" VPOS="1408" HPOS="353" STYLEREFS="StyleId-382EC5FA-3DE0-47B7-AAC5-8C56C59B10A3-" LANG="en-US">
<String CONTENT="1932." HEIGHT="51" WIDTH="149" VPOS="1408" HPOS="353"/>
</TextLine>
<TextLine HEIGHT="51" WIDTH="1813" VPOS="1476" HPOS="421" LANG="en-US" CS="1">
<String CONTENT="508" HEIGHT="42" WIDTH="85" VPOS="1477" HPOS="421"/>
<SP HEIGHT="49" WIDTH="25" VPOS="1478" HPOS="507"/>
<String CONTENT="p." HEIGHT="38" WIDTH="42" VPOS="1489" HPOS="533"/>
<SP HEIGHT="40" WIDTH="28" VPOS="1479" HPOS="576"/>
<String CONTENT="incl." HEIGHT="40" WIDTH="109" VPOS="1479" HPOS="605"/>
<SP/>
<String CS="1" CONTENT="front."/>
<SP HEIGHT="48" WIDTH="28" VPOS="1478" HPOS="892"/>
<String CONTENT="(port.)" HEIGHT="49" WIDTH="169" VPOS="1478" HPOS="921"/>
<SP HEIGHT="50" WIDTH="38" VPOS="1477" HPOS="1091"/>
<String CONTENT="illus." HEIGHT="41" WIDTH="129" VPOS="1477" HPOS="1130"/>
<SP HEIGHT="41" WIDTH="54" VPOS="1477" HPOS="1260"/>
<String CONTENT="3" HEIGHT="41" WIDTH="27" VPOS="1477" HPOS="1315"/>
<SP HEIGHT="41" WIDTH="27" VPOS="1477" HPOS="1343"/>
<String CONTENT="col." HEIGHT="42" WIDTH="85" VPOS="1477" HPOS="1371"/>
<SP/>
<String CS="1" CONTENT="pl.," HEIGHT="14" WIDTH="9" VPOS="1509" HPOS="1554"/>
<SP HEIGHT="45" WIDTH="28" VPOS="1478" HPOS="1564"/>
<String CONTENT="diagrs." HEIGHT="48" WIDTH="180" VPOS="1477" HPOS="1593"/>
<SP HEIGHT="47" WIDTH="26" VPOS="1477" HPOS="1774"/>
<String CONTENT="(1" HEIGHT="47" WIDTH="49" VPOS="1477" HPOS="1801"/>
<SP HEIGHT="40" WIDTH="27" VPOS="1477" HPOS="1851"/>
<String CONTENT="fold.)" HEIGHT="48" WIDTH="143" VPOS="1477" HPOS="1879"/>
<SP HEIGHT="49" WIDTH="64" VPOS="1476" HPOS="2023"/>
<String CS="1" CONTENT="24&#189;" HEIGHT="40" WIDTH="57" VPOS="1476" HPOS="2088"/>
<String STYLE="superscript" CS="1" CONTENT="&#7580;&#7504;"/>
<String CONTENT="." HEIGHT="9" WIDTH="9" VPOS="1509" HPOS="2225"/>
</TextLine>
<TextLine HEIGHT="52" WIDTH="1925" VPOS="1531" HPOS="424" LANG="en-US">
<String CONTENT="&#8220;An" HEIGHT="40" WIDTH="101" VPOS="1535" HPOS="424"/>
<SP HEIGHT="29" WIDTH="26" VPOS="1546" HPOS="526"/>
<String CONTENT="account" HEIGHT="37" WIDTH="203" VPOS="1538" HPOS="553"/>
<SP HEIGHT="38" WIDTH="26" VPOS="1538" HPOS="757"/>
<String CONTENT="of" HEIGHT="42" WIDTH="53" VPOS="1534" HPOS="784"/>
<SP HEIGHT="41" WIDTH="23" VPOS="1534" HPOS="838"/>
<String CONTENT="the" HEIGHT="40" WIDTH="83" VPOS="1536" HPOS="862"/>
<SP HEIGHT="30" WIDTH="27" VPOS="1546" HPOS="946"/>
<String CONTENT="experience" HEIGHT="49" WIDTH="281" VPOS="1534" HPOS="974"/>
<SP HEIGHT="31" WIDTH="28" VPOS="1544" HPOS="1256"/>
<String CONTENT="of" HEIGHT="40" WIDTH="53" VPOS="1534" HPOS="1285"/>
<SP HEIGHT="40" WIDTH="26" VPOS="1534" HPOS="1339"/>
<String CONTENT="the" HEIGHT="41" WIDTH="82" VPOS="1535" HPOS="1366"/>
<SP HEIGHT="31" WIDTH="26" VPOS="1545" HPOS="1449"/>
<String CONTENT="staff" HEIGHT="43" WIDTH="120" VPOS="1532" HPOS="1476"/>
<SP HEIGHT="42" WIDTH="24" VPOS="1532" HPOS="1597"/>
<String CONTENT="of" HEIGHT="40" WIDTH="52" VPOS="1534" HPOS="1622"/>
<SP HEIGHT="41" WIDTH="27" VPOS="1534" HPOS="1675"/>
<String CONTENT="the" HEIGHT="40" WIDTH="81" VPOS="1535" HPOS="1703"/>
<SP HEIGHT="43" WIDTH="27" VPOS="1532" HPOS="1785"/>
<String CONTENT="Cleveland" HEIGHT="43" WIDTH="260" VPOS="1532" HPOS="1813"/>
<SP HEIGHT="42" WIDTH="27" VPOS="1533" HPOS="2074"/>
<String CONTENT="clinic.&#8221;&#8212;" HEIGHT="45" WIDTH="247" VPOS="1531" HPOS="2102"/>
</TextLine>
<TextLine HEIGHT="42" WIDTH="128" VPOS="1590" HPOS="352" LANG="en-US">
<String CONTENT="Pref." HEIGHT="42" WIDTH="128" VPOS="1590" HPOS="352"/>
</TextLine>
<TextLine HEIGHT="50" WIDTH="1222" VPOS="1646" HPOS="421" LANG="en-US">
<String CONTENT="Bibliography" HEIGHT="49" WIDTH="349" VPOS="1647" HPOS="421"/>
<SP HEIGHT="36" WIDTH="22" VPOS="1658" HPOS="771"/>
<String CONTENT="at" HEIGHT="39" WIDTH="52" VPOS="1650" HPOS="794"/>
<SP HEIGHT="39" WIDTH="22" VPOS="1650" HPOS="847"/>
<String CONTENT="end" HEIGHT="39" WIDTH="92" VPOS="1649" HPOS="870"/>
<SP HEIGHT="39" WIDTH="25" VPOS="1649" HPOS="963"/>
<String CONTENT="of" HEIGHT="40" WIDTH="54" VPOS="1646" HPOS="989"/>
<SP HEIGHT="40" WIDTH="21" VPOS="1646" HPOS="1044"/>
<String CONTENT="most" HEIGHT="39" WIDTH="126" VPOS="1649" HPOS="1066"/>
<SP HEIGHT="39" WIDTH="22" VPOS="1649" HPOS="1193"/>
<String CONTENT="of" HEIGHT="42" WIDTH="54" VPOS="1646" HPOS="1216"/>
<SP HEIGHT="42" WIDTH="23" VPOS="1646" HPOS="1271"/>
<String CONTENT="the" HEIGHT="41" WIDTH="82" VPOS="1647" HPOS="1295"/>
<SP HEIGHT="32" WIDTH="23" VPOS="1656" HPOS="1378"/>
<String CONTENT="chapters." HEIGHT="48" WIDTH="241" VPOS="1647" HPOS="1402"/>
</TextLine>
<TextLine HEIGHT="53" WIDTH="1879" VPOS="1715" HPOS="359" LANG="en-US" CS="1">
<String CONTENT="&#169;" HEIGHT="52" WIDTH="51" VPOS="1715" HPOS="359"/>
<SP HEIGHT="52" WIDTH="27" VPOS="1715" HPOS="411"/>
<String CONTENT="Sept." HEIGHT="48" WIDTH="126" VPOS="1719" HPOS="439"/>
<SP HEIGHT="39" WIDTH="25" VPOS="1719" HPOS="566"/>
<String CONTENT="23," HEIGHT="49" WIDTH="69" VPOS="1719" HPOS="592"/>
<SP HEIGHT="48" WIDTH="25" VPOS="1720" HPOS="662"/>
<String CS="1" CONTENT="1932;" HEIGHT="40" WIDTH="112" VPOS="1720" HPOS="688"/>
<SP HEIGHT="46" WIDTH="26" VPOS="1720" HPOS="828"/>
<String CONTENT="2c." HEIGHT="39" WIDTH="69" VPOS="1720" HPOS="855"/>
<SP HEIGHT="29" WIDTH="25" VPOS="1730" HPOS="925"/>
<String CONTENT="and" HEIGHT="39" WIDTH="94" VPOS="1720" HPOS="951"/>
<SP HEIGHT="39" WIDTH="26" VPOS="1720" HPOS="1046"/>
<String CONTENT="aff." HEIGHT="41" WIDTH="83" VPOS="1719" HPOS="1073"/>
<SP HEIGHT="41" WIDTH="26" VPOS="1719" HPOS="1157"/>
<String CONTENT="Sept." HEIGHT="49" WIDTH="128" VPOS="1719" HPOS="1184"/>
<SP HEIGHT="40" WIDTH="24" VPOS="1720" HPOS="1313"/>
<String CS="1" CONTENT="26;" HEIGHT="40" WIDTH="55" VPOS="1719" HPOS="1338"/>
<SP HEIGHT="47" WIDTH="27" VPOS="1719" HPOS="1421"/>
<!-- cceid 10389ACD-6D7D-1014-B4A5-D7A31D17AB40 --><String CONTENT="A" HEIGHT="39" WIDTH="41" VPOS="1719" HPOS="1449"/>
<SP HEIGHT="40" WIDTH="25" VPOS="1719" HPOS="1491"/>
<String CS="1" CONTENT="55448;" HEIGHT="40" WIDTH="142" VPOS="1719" HPOS="1517"/>
<SP HEIGHT="45" WIDTH="28" VPOS="1721" HPOS="1687"/>
<String CONTENT="W." HEIGHT="39" WIDTH="72" VPOS="1721" HPOS="1716"/>
<SP HEIGHT="39" WIDTH="26" VPOS="1721" HPOS="1789"/>
<String CONTENT="B." HEIGHT="40" WIDTH="54" VPOS="1721" HPOS="1816"/>
<SP HEIGHT="41" WIDTH="28" VPOS="1720" HPOS="1871"/>
<String CONTENT="Saunders" HEIGHT="40" WIDTH="244" VPOS="1720" HPOS="1900"/>
<SP HEIGHT="29" WIDTH="26" VPOS="1731" HPOS="2145"/>
<String CONTENT="co." HEIGHT="32" WIDTH="66" VPOS="1728" HPOS="2172"/>
</TextLine>
<TextLine HEIGHT="48" WIDTH="278" VPOS="1776" HPOS="435" LANG="en-US">
<String CONTENT="(32-29866)" HEIGHT="48" WIDTH="278" VPOS="1776" HPOS="435"/>
</TextLine>
<TextLine HEIGHT="66" WIDTH="825" VPOS="1893" HPOS="354" STYLEREFS="StyleId-4BB54398-D5EA-4DEB-B251-26B9050D6F0F-" LANG="en-US">
<String CONTENT="Clifford," HEIGHT="65" WIDTH="262" VPOS="1893" HPOS="354"/>
<SP HEIGHT="63" WIDTH="28" VPOS="1895" HPOS="617"/>
<String CONTENT="William" HEIGHT="53" WIDTH="255" VPOS="1894" HPOS="646"/>
<SP HEIGHT="54" WIDTH="31" VPOS="1895" HPOS="902"/>
<String CONTENT="George." HEIGHT="64" WIDTH="245" VPOS="1895" HPOS="934"/>
</TextLine>
<TextLine HEIGHT="71" WIDTH="1926" VPOS="1968" HPOS="423" STYLEREFS="StyleId-382EC5FA-3DE0-47B7-AAC5-8C56C59B10A3-" LANG="en-US">
<String CONTENT="The" HEIGHT="52" WIDTH="122" VPOS="1970" HPOS="423"/>
<SP HEIGHT="52" WIDTH="30" VPOS="1970" HPOS="546"/>
<String CONTENT="key" HEIGHT="67" WIDTH="109" VPOS="1970" HPOS="577"/>
<SP HEIGHT="61" WIDTH="34" VPOS="1976" HPOS="687"/>
<String CONTENT="to" HEIGHT="47" WIDTH="57" VPOS="1976" HPOS="722"/>
<SP HEIGHT="50" WIDTH="35" VPOS="1989" HPOS="780"/>
<String CONTENT="prosperity;" HEIGHT="69" WIDTH="352" VPOS="1970" HPOS="816"/>
<SP HEIGHT="49" WIDTH="38" VPOS="1977" HPOS="1169"/>
<String CONTENT="the" HEIGHT="52" WIDTH="94" VPOS="1971" HPOS="1208"/>
<SP HEIGHT="36" WIDTH="35" VPOS="1989" HPOS="1303"/>
<String CONTENT="science" HEIGHT="55" WIDTH="211" VPOS="1970" HPOS="1339"/>
<SP HEIGHT="34" WIDTH="33" VPOS="1990" HPOS="1551"/>
<String CONTENT="of" HEIGHT="54" WIDTH="64" VPOS="1970" HPOS="1585"/>
<SP HEIGHT="53" WIDTH="32" VPOS="1970" HPOS="1650"/>
<String CONTENT="leadership;" HEIGHT="70" WIDTH="352" VPOS="1968" HPOS="1683"/>
<SP HEIGHT="50" WIDTH="38" VPOS="1989" HPOS="2036"/>
<String CONTENT="practical" HEIGHT="71" WIDTH="274" VPOS="1968" HPOS="2075"/>
</TextLine>
<TextLine HEIGHT="71" WIDTH="1996" VPOS="2046" HPOS="353" STYLEREFS="StyleId-382EC5FA-3DE0-47B7-AAC5-8C56C59B10A3-" LANG="en-US">
<String CONTENT="methods" HEIGHT="54" WIDTH="258" VPOS="2048" HPOS="353"/>
<SP HEIGHT="54" WIDTH="41" VPOS="2048" HPOS="612"/>
<String CONTENT="for" HEIGHT="52" WIDTH="93" VPOS="2048" HPOS="654"/>
<SP HEIGHT="34" WIDTH="38" VPOS="2067" HPOS="748"/>
<String CONTENT="acquiring" HEIGHT="68" WIDTH="298" VPOS="2049" HPOS="787"/>
<SP HEIGHT="64" WIDTH="39" VPOS="2053" HPOS="1086"/>
<String CONTENT="the" HEIGHT="54" WIDTH="94" VPOS="2049" HPOS="1126"/>
<SP HEIGHT="53" WIDTH="40" VPOS="2050" HPOS="1221"/>
<String CONTENT="dominant" HEIGHT="54" WIDTH="298" VPOS="2048" HPOS="1262"/>
<SP HEIGHT="63" WIDTH="37" VPOS="2054" HPOS="1561"/>
<String CONTENT="personal" HEIGHT="67" WIDTH="263" VPOS="2050" HPOS="1599"/>
<SP HEIGHT="67" WIDTH="39" VPOS="2050" HPOS="1863"/>
<String CONTENT="powers" HEIGHT="52" WIDTH="216" VPOS="2065" HPOS="1903"/>
<SP HEIGHT="36" WIDTH="42" VPOS="2067" HPOS="2120"/>
<String CONTENT="which" HEIGHT="56" WIDTH="186" VPOS="2046" HPOS="2163"/>
</TextLine>
<TextLine HEIGHT="71" WIDTH="1877" VPOS="2124" HPOS="352" STYLEREFS="StyleId-382EC5FA-3DE0-47B7-AAC5-8C56C59B10A3-" LANG="en-US" CS="1">
<String CONTENT="bring" HEIGHT="70" WIDTH="171" VPOS="2125" HPOS="352"/>
<SP HEIGHT="51" WIDTH="31" VPOS="2144" HPOS="524"/>
<String CONTENT="quick" HEIGHT="69" WIDTH="169" VPOS="2126" HPOS="556"/>
<SP HEIGHT="52" WIDTH="32" VPOS="2126" HPOS="726"/>
<String CONTENT="recognition" HEIGHT="68" WIDTH="352" VPOS="2127" HPOS="759"/>
<SP HEIGHT="35" WIDTH="35" VPOS="2145" HPOS="1112"/>
<String CONTENT="and" HEIGHT="52" WIDTH="112" VPOS="2128" HPOS="1148"/>
<SP HEIGHT="52" WIDTH="33" VPOS="2128" HPOS="1261"/>
<String CONTENT="rich" HEIGHT="53" WIDTH="122" VPOS="2126" HPOS="1295"/>
<SP HEIGHT="53" WIDTH="33" VPOS="2127" HPOS="1418"/>
<String CONTENT="rewards" HEIGHT="53" WIDTH="247" VPOS="2127" HPOS="1452"/>
<SP HEIGHT="53" WIDTH="34" VPOS="2127" HPOS="1700"/>
<String CONTENT="in" HEIGHT="53" WIDTH="59" VPOS="2127" HPOS="1735"/>
<SP HEIGHT="55" WIDTH="31" VPOS="2125" HPOS="1795"/>
<String CONTENT="business" HEIGHT="57" WIDTH="252" VPOS="2124" HPOS="1827"/>
<SP HEIGHT="36" WIDTH="35" VPOS="2145" HPOS="2080"/>
<String CONTENT="and" HEIGHT="52" WIDTH="113" VPOS="2129" HPOS="2116"/>
</TextLine>
<TextLine HEIGHT="128" WIDTH="1997" VPOS="2143" HPOS="353" STYLEREFS="StyleId-382EC5FA-3DE0-47B7-AAC5-8C56C59B10A3-" LANG="en-US" CS="1">
<String CONTENT="social" HEIGHT="113" WIDTH="1971" VPOS="2143" HPOS="353"/>
<SP HEIGHT="50" WIDTH="38" VPOS="2205" HPOS="464"/>
<String CONTENT="life." HEIGHT="54" WIDTH="121" VPOS="2203" HPOS="503"/>
<SP HEIGHT="51" WIDTH="75" VPOS="2205" HPOS="625"/>
<String CONTENT="By" HEIGHT="66" WIDTH="91" VPOS="2205" HPOS="701"/>
<SP HEIGHT="66" WIDTH="37" VPOS="2205" HPOS="793"/>
<String CONTENT="William" HEIGHT="55" WIDTH="260" VPOS="2203" HPOS="831"/>
<SP HEIGHT="55" WIDTH="37" VPOS="2203" HPOS="1092"/>
<String CONTENT="G." HEIGHT="55" WIDTH="69" VPOS="2203" HPOS="1130"/>
<SP HEIGHT="55" WIDTH="42" VPOS="2203" HPOS="1200"/>
<String CONTENT="Clifford" HEIGHT="55" WIDTH="245" VPOS="2203" HPOS="1243"/>
<SP HEIGHT="51" WIDTH="43" VPOS="2205" HPOS="1489"/>
<String CS="1" CONTENT="&#8230;"/>
<SP HEIGHT="52" WIDTH="78" VPOS="2204" HPOS="1590"/>
<String CONTENT="Meriden," HEIGHT="68" WIDTH="279" VPOS="2203" HPOS="1669"/>
<SP HEIGHT="69" WIDTH="39" VPOS="2202" HPOS="1949"/>
<String CONTENT="Conn.," HEIGHT="69" WIDTH="198" VPOS="2202" HPOS="1989"/>
<SP HEIGHT="65" WIDTH="39" VPOS="2206" HPOS="2188"/>
<String CONTENT="The" HEIGHT="53" WIDTH="122" VPOS="2203" HPOS="2228"/>
</TextLine>
<TextLine HEIGHT="68" WIDTH="673" VPOS="2281" HPOS="354" STYLEREFS="StyleId-382EC5FA-3DE0-47B7-AAC5-8C56C59B10A3-" LANG="en-US">
<String CONTENT="Ralston" HEIGHT="54" WIDTH="239" VPOS="2281" HPOS="354"/>
<SP HEIGHT="34" WIDTH="25" VPOS="2301" HPOS="594"/>
<String CONTENT="society," HEIGHT="68" WIDTH="227" VPOS="2281" HPOS="620"/>
<SP HEIGHT="64" WIDTH="27" VPOS="2285" HPOS="848"/>
<String CONTENT="1932." HEIGHT="52" WIDTH="151" VPOS="2283" HPOS="876"/>
</TextLine>
<TextLine HEIGHT="49" WIDTH="1221" VPOS="2354" HPOS="423" LANG="en-US" CS="1">
<String CONTENT="2" HEIGHT="38" WIDTH="26" VPOS="2357" HPOS="423"/>
<SP/>
<String CS="1" CONTENT="v." HEIGHT="9" WIDTH="8" VPOS="2387" HPOS="513"/>
<SP HEIGHT="41" WIDTH="58" VPOS="2355" HPOS="522"/>
<String CONTENT="illus.," HEIGHT="48" WIDTH="143" VPOS="2355" HPOS="581"/>
<SP HEIGHT="48" WIDTH="27" VPOS="2355" HPOS="725"/>
<String CS="1" CONTENT="fold." HEIGHT="40" WIDTH="103" VPOS="2355" HPOS="753"/>
<SP HEIGHT="40" WIDTH="29" VPOS="2356" HPOS="872"/>
<String CONTENT="diagrs.," HEIGHT="48" WIDTH="192" VPOS="2355" HPOS="902"/>
<SP HEIGHT="48" WIDTH="28" VPOS="2355" HPOS="1095"/>
<String CS="1" CONTENT="fold." HEIGHT="39" WIDTH="103" VPOS="2355" HPOS="1124"/>
<SP HEIGHT="40" WIDTH="27" VPOS="2355" HPOS="1243"/>
<String CONTENT="forms." HEIGHT="39" WIDTH="168" VPOS="2355" HPOS="1271"/>
<SP HEIGHT="39" WIDTH="58" VPOS="2355" HPOS="1440"/>
<String CS="1" CONTENT="18&#189;" HEIGHT="41" WIDTH="55" VPOS="2354" HPOS="1499"/>
<String STYLE="superscript" CS="1" CONTENT="&#7580;&#7504;"/>
<String CONTENT="." HEIGHT="8" WIDTH="9" VPOS="2387" HPOS="1635"/>
</TextLine>
<TextLine HEIGHT="49" WIDTH="1557" VPOS="2411" HPOS="425" LANG="en-US">
<String CONTENT="Previously" HEIGHT="49" WIDTH="285" VPOS="2411" HPOS="425"/>
<SP HEIGHT="37" WIDTH="29" VPOS="2423" HPOS="711"/>
<String CONTENT="published" HEIGHT="49" WIDTH="255" VPOS="2411" HPOS="741"/>
<SP HEIGHT="40" WIDTH="31" VPOS="2412" HPOS="997"/>
<String CONTENT="in" HEIGHT="39" WIDTH="50" VPOS="2412" HPOS="1029"/>
<SP HEIGHT="40" WIDTH="30" VPOS="2412" HPOS="1080"/>
<String CONTENT="3" HEIGHT="40" WIDTH="26" VPOS="2412" HPOS="1111"/>
<SP HEIGHT="40" WIDTH="29" VPOS="2412" HPOS="1138"/>
<String LANG="fr" CONTENT="vols," HEIGHT="40" WIDTH="116" VPOS="2412" HPOS="1168"/>
<SP HEIGHT="30" WIDTH="31" VPOS="2422" HPOS="1285"/>
<String CONTENT="under" HEIGHT="40" WIDTH="154" VPOS="2412" HPOS="1317"/>
<SP HEIGHT="37" WIDTH="29" VPOS="2415" HPOS="1472"/>
<String CONTENT="title:" HEIGHT="41" WIDTH="135" VPOS="2411" HPOS="1502"/>
<SP HEIGHT="39" WIDTH="32" VPOS="2412" HPOS="1638"/>
<String CONTENT="Leadership." HEIGHT="49" WIDTH="311" VPOS="2411" HPOS="1671"/>
</TextLine>
<TextLine HEIGHT="54" WIDTH="1878" VPOS="2478" HPOS="361" LANG="en-US" CS="1">
<String CONTENT="&#169;" HEIGHT="52" WIDTH="51" VPOS="2478" HPOS="361"/>
<SP HEIGHT="52" WIDTH="27" VPOS="2478" HPOS="413"/>
<String CONTENT="Oct." HEIGHT="41" WIDTH="100" VPOS="2482" HPOS="441"/>
<SP HEIGHT="38" WIDTH="26" VPOS="2484" HPOS="542"/>
<String CONTENT="4," HEIGHT="47" WIDTH="41" VPOS="2484" HPOS="569"/>
<SP HEIGHT="48" WIDTH="25" VPOS="2483" HPOS="611"/>
<String CS="1" CONTENT="1932;" HEIGHT="41" WIDTH="114" VPOS="2482" HPOS="637"/>
<SP HEIGHT="45" WIDTH="28" VPOS="2484" HPOS="778"/>
<String CONTENT="2c." HEIGHT="40" WIDTH="67" VPOS="2484" HPOS="807"/>
<SP HEIGHT="29" WIDTH="26" VPOS="2495" HPOS="875"/>
<String CONTENT="each" HEIGHT="40" WIDTH="118" VPOS="2484" HPOS="902"/>
<SP HEIGHT="41" WIDTH="26" VPOS="2483" HPOS="1021"/>
<String CONTENT="Oct." HEIGHT="41" WIDTH="101" VPOS="2483" HPOS="1048"/>
<SP HEIGHT="40" WIDTH="25" VPOS="2484" HPOS="1150"/>
<String CS="1" CONTENT="12;" HEIGHT="38" WIDTH="56" VPOS="2484" HPOS="1176"/>
<SP HEIGHT="37" WIDTH="29" VPOS="2493" HPOS="1260"/>
<String CONTENT="aff." HEIGHT="41" WIDTH="82" VPOS="2483" HPOS="1290"/>
<SP HEIGHT="41" WIDTH="27" VPOS="2483" HPOS="1373"/>
<String CONTENT="Oct." HEIGHT="41" WIDTH="100" VPOS="2483" HPOS="1401"/>
<SP HEIGHT="40" WIDTH="28" VPOS="2484" HPOS="1502"/>
<String CS="1" CONTENT="11;" HEIGHT="39" WIDTH="55" VPOS="2484" HPOS="1531"/>
<SP HEIGHT="47" WIDTH="29" VPOS="2484" HPOS="1613"/>
<!-- cceid 1038C7E8-6D7D-1014-B4A5-D7A31D17AB40 --><String CONTENT="A" HEIGHT="38" WIDTH="41" VPOS="2484" HPOS="1643"/>
<SP HEIGHT="40" WIDTH="25" VPOS="2484" HPOS="1685"/>
<String CS="1" CONTENT="56562;" HEIGHT="40" WIDTH="143" VPOS="2484" HPOS="1711"/>
<SP HEIGHT="47" WIDTH="30" VPOS="2485" HPOS="1882"/>
<String CONTENT="Ralston" HEIGHT="40" WIDTH="203" VPOS="2485" HPOS="1913"/>
<SP HEIGHT="28" WIDTH="27" VPOS="2496" HPOS="2117"/>
<String CONTENT="soc." HEIGHT="30" WIDTH="94" VPOS="2495" HPOS="2145"/>
</TextLine>
<TextLine HEIGHT="49" WIDTH="277" VPOS="2539" HPOS="436" LANG="en-US">
<String CONTENT="(32-29993)" HEIGHT="49" WIDTH="277" VPOS="2539" HPOS="436"/>
</TextLine>
<TextLine HEIGHT="66" WIDTH="855" VPOS="2641" HPOS="356" STYLEREFS="StyleId-4BB54398-D5EA-4DEB-B251-26B9050D6F0F-" LANG="en-US">
<String CONTENT="Cronin," HEIGHT="65" WIDTH="234" VPOS="2641" HPOS="356"/>
<SP HEIGHT="64" WIDTH="29" VPOS="2642" HPOS="591"/>
<String CONTENT="Archibald" HEIGHT="55" WIDTH="321" VPOS="2642" HPOS="621"/>
<SP HEIGHT="54" WIDTH="28" VPOS="2643" HPOS="943"/>
<String CONTENT="Joseph." HEIGHT="65" WIDTH="239" VPOS="2642" HPOS="972"/>
</TextLine>
<TextLine HEIGHT="68" WIDTH="1460" VPOS="2717" HPOS="427" STYLEREFS="StyleId-382EC5FA-3DE0-47B7-AAC5-8C56C59B10A3-" CS="1">
<String LANG="de" CONTENT="Der" HEIGHT="51" WIDTH="116" VPOS="2718" HPOS="427"/>
<SP HEIGHT="48" WIDTH="23" VPOS="2724" HPOS="544"/>
<String LANG="en-US" CS="1" CONTENT="tyrann;" HEIGHT="61" WIDTH="210" VPOS="2724" HPOS="568"/>
<SP HEIGHT="66" WIDTH="28" VPOS="2718" HPOS="808"/>
<String LANG="de" CONTENT="der" HEIGHT="54" WIDTH="100" VPOS="2718" HPOS="837"/>
<SP HEIGHT="34" WIDTH="25" VPOS="2735" HPOS="938"/>
<String LANG="en-US" CONTENT="roman" HEIGHT="35" WIDTH="195" VPOS="2735" HPOS="964"/>
<SP HEIGHT="35" WIDTH="27" VPOS="2736" HPOS="1160"/>
<String LANG="de" CONTENT="eines" HEIGHT="54" WIDTH="149" VPOS="2717" HPOS="1188"/>
<SP HEIGHT="34" WIDTH="25" VPOS="2737" HPOS="1338"/>
<String LANG="en-US" CONTENT="vaters," HEIGHT="62" WIDTH="203" VPOS="2723" HPOS="1364"/>
<SP HEIGHT="48" WIDTH="24" VPOS="2737" HPOS="1568"/>
<String LANG="en-US" CONTENT="von" HEIGHT="34" WIDTH="110" VPOS="2737" HPOS="1593"/>
<SP HEIGHT="53" WIDTH="25" VPOS="2718" HPOS="1704"/>
<String LANG="en-US" CONTENT="A." HEIGHT="53" WIDTH="70" VPOS="2718" HPOS="1730"/>
<SP HEIGHT="55" WIDTH="28" VPOS="2718" HPOS="1801"/>
<String LANG="en-US" CONTENT="J." HEIGHT="55" WIDTH="57" VPOS="2718" HPOS="1830"/>
</TextLine>
<TextLine HEIGHT="147" WIDTH="1969" VPOS="2716" HPOS="354" STYLEREFS="StyleId-382EC5FA-3DE0-47B7-AAC5-8C56C59B10A3-" LANG="en-US" CS="1">
<String CONTENT="Cronin." HEIGHT="58" WIDTH="229" VPOS="2716" HPOS="1918"/>
<SP HEIGHT="53" WIDTH="62" VPOS="2719" HPOS="2148"/>
<String CONTENT="Berlin," HEIGHT="138" WIDTH="1969" VPOS="2719" HPOS="354"/>
<SP HEIGHT="62" WIDTH="30" VPOS="2795" HPOS="455"/>
<String CONTENT="Wien" HEIGHT="53" WIDTH="166" VPOS="2795" HPOS="486"/>
<SP HEIGHT="50" WIDTH="37" VPOS="2813" HPOS="653"/>
<String CONTENT="[etc.]" HEIGHT="63" WIDTH="136" VPOS="2800" HPOS="691"/>
<SP HEIGHT="67" WIDTH="40" VPOS="2794" HPOS="828"/>
<String CONTENT="P." HEIGHT="52" WIDTH="62" VPOS="2794" HPOS="869"/>
<SP HEIGHT="52" WIDTH="35" VPOS="2794" HPOS="932"/>
<String CONTENT="Zsolnay" HEIGHT="70" WIDTH="240" VPOS="2793" HPOS="968"/>
<SP HEIGHT="50" WIDTH="38" VPOS="2813" HPOS="1209"/>
<String STYLE="subscript" CS="1" CONTENT="[&#7580;193"/>
<String CONTENT="2]" HEIGHT="65" WIDTH="49" VPOS="2797" HPOS="1391"/>
</TextLine>
<TextLine HEIGHT="52" WIDTH="474" VPOS="2863" HPOS="425" LANG="en-US" CS="1">
<String CONTENT="723," HEIGHT="49" WIDTH="99" VPOS="2864" HPOS="425"/>
<SP HEIGHT="31" WIDTH="35" VPOS="2884" HPOS="525"/>
<String CONTENT="[1]" HEIGHT="51" WIDTH="55" VPOS="2864" HPOS="561"/>
<SP HEIGHT="39" WIDTH="31" VPOS="2875" HPOS="617"/>
<String CONTENT="p." HEIGHT="38" WIDTH="43" VPOS="2875" HPOS="649"/>
<SP HEIGHT="42" WIDTH="60" VPOS="2863" HPOS="693"/>
<String CS="1" CONTENT="20&#189;" HEIGHT="41" WIDTH="58" VPOS="2863" HPOS="754"/>
<String STYLE="superscript" CS="1" CONTENT="&#7580;&#7504;"/>
<String CONTENT="." HEIGHT="9" WIDTH="9" VPOS="2898" HPOS="890"/>
</TextLine>
<TextLine HEIGHT="50" WIDTH="1920" VPOS="2921" HPOS="424" LANG="de" CS="1">
<String CONTENT="&#8220;Autorisierte" HEIGHT="41" WIDTH="352" VPOS="2921" HPOS="424"/>
<SP HEIGHT="40" WIDTH="20" VPOS="2921" HPOS="777"/>
<String CS="1" CONTENT="&#252;bertragung" HEIGHT="48" WIDTH="296" VPOS="2922" HPOS="832"/>
<SP HEIGHT="38" WIDTH="18" VPOS="2932" HPOS="1129"/>
<String CONTENT="aus" HEIGHT="30" WIDTH="89" VPOS="2933" HPOS="1148"/>
<SP HEIGHT="41" WIDTH="19" VPOS="2922" HPOS="1238"/>
<String CONTENT="dem" HEIGHT="40" WIDTH="107" VPOS="2922" HPOS="1258"/>
<SP HEIGHT="30" WIDTH="19" VPOS="2933" HPOS="1366"/>
<String CONTENT="englischen" HEIGHT="50" WIDTH="275" VPOS="2921" HPOS="1386"/>
<SP HEIGHT="28" WIDTH="20" VPOS="2935" HPOS="1662"/>
<String CONTENT="von" HEIGHT="29" WIDTH="93" VPOS="2934" HPOS="1683"/>
<SP HEIGHT="38" WIDTH="21" VPOS="2925" HPOS="1777"/>
<String CONTENT="Richard" HEIGHT="42" WIDTH="213" VPOS="2923" HPOS="1799"/>
<SP HEIGHT="40" WIDTH="22" VPOS="2925" HPOS="2013"/>
<String LANG="en-US" CONTENT="Hoffmann.&#8221;" HEIGHT="43" WIDTH="308" VPOS="2923" HPOS="2036"/>
</TextLine>
<TextLine HEIGHT="53" WIDTH="1985" VPOS="2991" HPOS="362" LANG="de" CS="1">
<String CONTENT="&#169;" HEIGHT="51" WIDTH="51" VPOS="2991" HPOS="362"/>
<SP HEIGHT="51" WIDTH="32" VPOS="2991" HPOS="414"/>
<String CONTENT="May" HEIGHT="46" WIDTH="114" VPOS="2996" HPOS="447"/>
<SP HEIGHT="46" WIDTH="28" VPOS="2996" HPOS="562"/>
<String CONTENT="26," HEIGHT="47" WIDTH="69" VPOS="2995" HPOS="591"/>
<SP HEIGHT="47" WIDTH="32" VPOS="2995" HPOS="661"/>
<String CS="1" CONTENT="1932;" HEIGHT="40" WIDTH="113" VPOS="2994" HPOS="694"/>
<SP/>
<String CS="1" CONTENT="1c."/>
<SP HEIGHT="41" WIDTH="36" VPOS="2994" HPOS="936"/>
<String LANG="fr" CONTENT="Sept." HEIGHT="49" WIDTH="127" VPOS="2994" HPOS="973"/>
<SP HEIGHT="39" WIDTH="32" VPOS="2996" HPOS="1101"/>
<String CS="1" CONTENT="7;" HEIGHT="39" WIDTH="26" VPOS="2996" HPOS="1134"/>
<SP HEIGHT="46" WIDTH="33" VPOS="2996" HPOS="1187"/>
<!-- cceid 1038F892-6D7D-1014-B4A5-D7A31D17AB40 --><String LANG="fr" CONTENT="A" HEIGHT="37" WIDTH="40" VPOS="2996" HPOS="1221"/>
<String CONTENT="&#8212;Foreign" HEIGHT="48" WIDTH="267" VPOS="2995" HPOS="1262"/>
<SP HEIGHT="38" WIDTH="32" VPOS="2996" HPOS="1530"/>
<String CS="1" CONTENT="17963;" HEIGHT="41" WIDTH="143" VPOS="2994" HPOS="1563"/>
<SP HEIGHT="45" WIDTH="34" VPOS="2997" HPOS="1735"/>
<String CONTENT="Paul" HEIGHT="38" WIDTH="122" VPOS="2997" HPOS="1770"/>
<SP HEIGHT="39" WIDTH="33" VPOS="2996" HPOS="1893"/>
<String CONTENT="Zsolnay" HEIGHT="48" WIDTH="206" VPOS="2996" HPOS="1927"/>
<SP HEIGHT="36" WIDTH="33" VPOS="3008" HPOS="2134"/>
<String CONTENT="verlag." HEIGHT="47" WIDTH="179" VPOS="2997" HPOS="2168"/>
</TextLine>
<TextLine HEIGHT="48" WIDTH="457" VPOS="3051" HPOS="428" LANG="de">
<String CONTENT="a." HEIGHT="30" WIDTH="42" VPOS="3062" HPOS="428"/>
<SP HEIGHT="37" WIDTH="23" VPOS="3062" HPOS="471"/>
<String CONTENT="g." HEIGHT="37" WIDTH="41" VPOS="3062" HPOS="495"/>
<SP HEIGHT="48" WIDTH="70" VPOS="3051" HPOS="537"/>
<String CONTENT="(32-30621)" HEIGHT="48" WIDTH="277" VPOS="3051" HPOS="608"/>
</TextLine>
<TextLine HEIGHT="66" WIDTH="779" VPOS="3153" HPOS="358" STYLEREFS="StyleId-4BB54398-D5EA-4DEB-B251-26B9050D6F0F-" LANG="de">
<String CONTENT="Cullum," HEIGHT="66" WIDTH="246" VPOS="3153" HPOS="358"/>
<SP HEIGHT="64" WIDTH="28" VPOS="3155" HPOS="605"/>
<String CONTENT="Ridgwell," HEIGHT="66" WIDTH="301" VPOS="3153" HPOS="634"/>
<SP HEIGHT="59" WIDTH="31" VPOS="3160" HPOS="936"/>
<String CONTENT="1867-" HEIGHT="55" WIDTH="169" VPOS="3154" HPOS="968"/>
</TextLine>
<TextLine HEIGHT="71" WIDTH="1917" VPOS="3229" HPOS="424" STYLEREFS="StyleId-382EC5FA-3DE0-47B7-AAC5-8C56C59B10A3-" LANG="de" CS="1">
<String CONTENT="Sheets" HEIGHT="56" WIDTH="199" VPOS="3229" HPOS="424"/>
<SP HEIGHT="54" WIDTH="38" VPOS="3231" HPOS="624"/>
<String CONTENT="in" HEIGHT="52" WIDTH="61" VPOS="3231" HPOS="663"/>
<SP HEIGHT="48" WIDTH="40" VPOS="3235" HPOS="725"/>
<String LANG="en-US" CONTENT="the" HEIGHT="53" WIDTH="96" VPOS="3231" HPOS="766"/>
<SP HEIGHT="35" WIDTH="39" VPOS="3249" HPOS="863"/>
<String CONTENT="wind" HEIGHT="53" WIDTH="153" VPOS="3230" HPOS="903"/>
<SP HEIGHT="68" WIDTH="46" VPOS="3230" HPOS="1057"/>
<String CS="1" CONTENT="[by]" HEIGHT="67" WIDTH="93" VPOS="3232" HPOS="1121"/>
<SP HEIGHT="66" WIDTH="45" VPOS="3232" HPOS="1215"/>
<String CONTENT="Ridgwell" HEIGHT="67" WIDTH="287" VPOS="3231" HPOS="1261"/>
<SP HEIGHT="55" WIDTH="42" VPOS="3232" HPOS="1549"/>
<String CONTENT="Cullum." HEIGHT="55" WIDTH="249" VPOS="3232" HPOS="1592"/>
<SP HEIGHT="52" WIDTH="74" VPOS="3233" HPOS="1842"/>
<String CONTENT="Philadelphia," HEIGHT="67" WIDTH="424" VPOS="3233" HPOS="1917"/>
</TextLine>
<TextLine HEIGHT="69" WIDTH="1058" VPOS="3307" HPOS="353" STYLEREFS="StyleId-382EC5FA-3DE0-47B7-AAC5-8C56C59B10A3-" CS="1">
<String LANG="fr" CONTENT="J." HEIGHT="53" WIDTH="57" VPOS="3307" HPOS="353"/>
<SP HEIGHT="51" WIDTH="29" VPOS="3309" HPOS="411"/>
<String LANG="fr" CONTENT="B." HEIGHT="52" WIDTH="68" VPOS="3309" HPOS="441"/>
<SP HEIGHT="53" WIDTH="28" VPOS="3308" HPOS="510"/>
<String LANG="fr" CONTENT="Lippincott" HEIGHT="69" WIDTH="339" VPOS="3307" HPOS="539"/>
<SP HEIGHT="48" WIDTH="27" VPOS="3313" HPOS="879"/>
<String LANG="fr" CONTENT="company" HEIGHT="50" WIDTH="278" VPOS="3325" HPOS="907"/>
<SP HEIGHT="48" WIDTH="32" VPOS="3327" HPOS="1186"/>
<String LANG="de" CONTENT="[" HEIGHT="33" WIDTH="12" VPOS="3341" HPOS="1219"/>
<String STYLE="superscript" LANG="de" CS="1" CONTENT="&#7580;193"/>
<String LANG="de" CONTENT="2]" HEIGHT="62" WIDTH="50" VPOS="3312" HPOS="1361"/>
</TextLine>
<TextLine HEIGHT="50" WIDTH="365" VPOS="3380" HPOS="423" LANG="de" CS="1">
<String CONTENT="471" HEIGHT="41" WIDTH="87" VPOS="3380" HPOS="423"/>
<SP HEIGHT="49" WIDTH="27" VPOS="3381" HPOS="511"/>
<String CONTENT="p." HEIGHT="38" WIDTH="43" VPOS="3392" HPOS="539"/>
<SP HEIGHT="40" WIDTH="59" VPOS="3381" HPOS="583"/>
<String CS="1" CONTENT="19&#189;" HEIGHT="41" WIDTH="57" VPOS="3380" HPOS="643"/>
<String STYLE="superscript" CS="1" CONTENT="&#7580;&#7504;"/>
<String CONTENT="." HEIGHT="10" WIDTH="10" VPOS="3411" HPOS="778"/>
</TextLine>
<TextLine HEIGHT="55" WIDTH="1871" VPOS="3446" HPOS="362" LANG="de" CS="1">
<String CONTENT="&#169;" HEIGHT="52" WIDTH="51" VPOS="3446" HPOS="362"/>
<SP HEIGHT="52" WIDTH="29" VPOS="3446" HPOS="414"/>
<String LANG="fr" CONTENT="Sept." HEIGHT="48" WIDTH="128" VPOS="3450" HPOS="444"/>
<SP HEIGHT="42" WIDTH="22" VPOS="3449" HPOS="573"/>
<String CONTENT="21," HEIGHT="48" WIDTH="69" VPOS="3449" HPOS="596"/>
<SP HEIGHT="46" WIDTH="28" VPOS="3451" HPOS="666"/>
<String CS="1" CONTENT="1932;" HEIGHT="42" WIDTH="112" VPOS="3449" HPOS="695"/>
<SP HEIGHT="47" WIDTH="26" VPOS="3449" HPOS="836"/>
<String CONTENT="2c." HEIGHT="41" WIDTH="66" VPOS="3449" HPOS="863"/>
<SP HEIGHT="29" WIDTH="28" VPOS="3461" HPOS="930"/>
<String CONTENT="and" HEIGHT="39" WIDTH="94" VPOS="3451" HPOS="959"/>
<SP HEIGHT="39" WIDTH="27" VPOS="3451" HPOS="1054"/>
<String CONTENT="aff." HEIGHT="41" WIDTH="80" VPOS="3450" HPOS="1082"/>
<SP HEIGHT="41" WIDTH="29" VPOS="3450" HPOS="1163"/>
<String CONTENT="Oct." HEIGHT="41" WIDTH="102" VPOS="3450" HPOS="1193"/>
<SP HEIGHT="38" WIDTH="26" VPOS="3452" HPOS="1296"/>
<String CS="1" CONTENT="19;" HEIGHT="39" WIDTH="55" VPOS="3451" HPOS="1323"/>
<SP HEIGHT="46" WIDTH="27" VPOS="3452" HPOS="1407"/>
<!-- cceid 1039237B-6D7D-1014-B4A5-D7A31D17AB40 --><String LANG="fr" CONTENT="A" HEIGHT="38" WIDTH="41" VPOS="3452" HPOS="1435"/>
<SP HEIGHT="39" WIDTH="26" VPOS="3452" HPOS="1477"/>
<String CS="1" CONTENT="56573;" HEIGHT="40" WIDTH="142" VPOS="3452" HPOS="1504"/>
<SP HEIGHT="46" WIDTH="30" VPOS="3453" HPOS="1674"/>
<String CONTENT="R." HEIGHT="38" WIDTH="54" VPOS="3453" HPOS="1705"/>
<SP HEIGHT="40" WIDTH="31" VPOS="3453" HPOS="1760"/>
<String CONTENT="Cullum," HEIGHT="48" WIDTH="203" VPOS="3453" HPOS="1792"/>
<SP HEIGHT="47" WIDTH="28" VPOS="3454" HPOS="1996"/>
<String CONTENT="London." HEIGHT="39" WIDTH="208" VPOS="3454" HPOS="2025"/>
</TextLine>
<TextLine HEIGHT="49" WIDTH="278" VPOS="3506" HPOS="437" LANG="de">
<String CONTENT="(32-29905)" HEIGHT="49" WIDTH="278" VPOS="3506" HPOS="437"/>
</TextLine>
<TextLine HEIGHT="68" WIDTH="882" VPOS="3607" HPOS="356" STYLEREFS="StyleId-4BB54398-D5EA-4DEB-B251-26B9050D6F0F-" LANG="de">
<String CONTENT="Deffoux," HEIGHT="68" WIDTH="272" VPOS="3607" HPOS="356"/>
<SP HEIGHT="65" WIDTH="26" VPOS="3610" HPOS="629"/>
<String LANG="fr" CONTENT="L&#233;on" HEIGHT="53" WIDTH="156" VPOS="3609" HPOS="656"/>
<SP HEIGHT="53" WIDTH="26" VPOS="3609" HPOS="813"/>
<String CONTENT="Louis," HEIGHT="65" WIDTH="196" VPOS="3609" HPOS="840"/>
<SP HEIGHT="59" WIDTH="31" VPOS="3615" HPOS="1037"/>
<String CONTENT="1881-" HEIGHT="49" WIDTH="169" VPOS="3615" HPOS="1069"/>
</TextLine>
<TextLine HEIGHT="68" WIDTH="1856" VPOS="3685" HPOS="486" STYLEREFS="StyleId-382EC5FA-3DE0-47B7-AAC5-8C56C59B10A3-" CS="1">
<String LANG="de" CS="1" CONTENT="&#8230;"/>
<SP HEIGHT="51" WIDTH="43" VPOS="3686" HPOS="486"/>
<String LANG="de" CONTENT="Pipe-en-Bois," HEIGHT="68" WIDTH="424" VPOS="3685" HPOS="530"/>
<SP HEIGHT="63" WIDTH="39" VPOS="3690" HPOS="955"/>
<String LANG="fr" CONTENT="t&#233;moin" HEIGHT="52" WIDTH="211" VPOS="3685" HPOS="995"/>
<SP HEIGHT="51" WIDTH="42" VPOS="3687" HPOS="1207"/>
<String LANG="de" CONTENT="de" HEIGHT="51" WIDTH="68" VPOS="3687" HPOS="1250"/>
<SP HEIGHT="51" WIDTH="40" VPOS="3686" HPOS="1319"/>
<String LANG="fr" CONTENT="la" HEIGHT="52" WIDTH="56" VPOS="3686" HPOS="1360"/>
<SP HEIGHT="34" WIDTH="38" VPOS="3705" HPOS="1417"/>
<String LANG="de" CONTENT="commune." HEIGHT="36" WIDTH="308" VPOS="3704" HPOS="1456"/>
<SP HEIGHT="51" WIDTH="73" VPOS="3688" HPOS="1765"/>
<String LANG="fr" CONTENT="Illustrations" HEIGHT="53" WIDTH="390" VPOS="3688" HPOS="1839"/>
<SP HEIGHT="52" WIDTH="43" VPOS="3689" HPOS="2230"/>
<String LANG="de" CONTENT="de" HEIGHT="52" WIDTH="68" VPOS="3689" HPOS="2274"/>
</TextLine>
<TextLine HEIGHT="80" WIDTH="1407" VPOS="3751" HPOS="354" STYLEREFS="StyleId-382EC5FA-3DE0-47B7-AAC5-8C56C59B10A3-">
<String LANG="de" CONTENT="Pedro." HEIGHT="53" WIDTH="205" VPOS="3761" HPOS="354"/>
<SP HEIGHT="52" WIDTH="58" VPOS="3762" HPOS="560"/>
<String LANG="de" CONTENT="Paris," HEIGHT="66" WIDTH="185" VPOS="3762" HPOS="619"/>
<SP HEIGHT="66" WIDTH="22" VPOS="3762" HPOS="805"/>
<String LANG="fr" CONTENT="Les" HEIGHT="53" WIDTH="108" VPOS="3762" HPOS="828"/>
<SP HEIGHT="64" WIDTH="24" VPOS="3751" HPOS="937"/>
<String LANG="fr" CONTENT="&#201;ditions" HEIGHT="64" WIDTH="266" VPOS="3751" HPOS="962"/>
<SP HEIGHT="53" WIDTH="25" VPOS="3762" HPOS="1229"/>
<String LANG="de" CONTENT="de" HEIGHT="54" WIDTH="71" VPOS="3762" HPOS="1255"/>
<SP HEIGHT="53" WIDTH="19" VPOS="3763" HPOS="1327"/>
<String LANG="fr" CONTENT="France," HEIGHT="68" WIDTH="236" VPOS="3763" HPOS="1347"/>
<SP HEIGHT="64" WIDTH="26" VPOS="3767" HPOS="1584"/>
<String LANG="de" CONTENT="1932." HEIGHT="51" WIDTH="150" VPOS="3766" HPOS="1611"/>
</TextLine>
<TextLine HEIGHT="52" WIDTH="1705" VPOS="3833" HPOS="422" LANG="fr" CS="1">
<String LANG="de" CONTENT="3" HEIGHT="38" WIDTH="27" VPOS="3834" HPOS="422"/>
<SP HEIGHT="47" WIDTH="27" VPOS="3834" HPOS="450"/>
<String CONTENT="p." HEIGHT="38" WIDTH="45" VPOS="3843" HPOS="478"/>
<SP/>
<String CS="1" CONTENT="l.," HEIGHT="18" WIDTH="10" VPOS="3864" HPOS="590"/>
<SP HEIGHT="48" WIDTH="32" VPOS="3834" HPOS="601"/>
<String LANG="de" CONTENT="ix," HEIGHT="46" WIDTH="64" VPOS="3834" HPOS="634"/>
<SP HEIGHT="46" WIDTH="31" VPOS="3834" HPOS="699"/>
<String CONTENT="238" HEIGHT="41" WIDTH="88" VPOS="3833" HPOS="731"/>
<SP HEIGHT="48" WIDTH="29" VPOS="3834" HPOS="820"/>
<String CONTENT="p.," HEIGHT="39" WIDTH="59" VPOS="3843" HPOS="850"/>
<SP HEIGHT="48" WIDTH="32" VPOS="3834" HPOS="910"/>
<String CONTENT="1" HEIGHT="39" WIDTH="25" VPOS="3834" HPOS="943"/>
<SP/>
<String CS="1" CONTENT="l."/>
<SP HEIGHT="41" WIDTH="60" VPOS="3834" HPOS="1034"/>
<String CONTENT="illus." HEIGHT="40" WIDTH="127" VPOS="3834" HPOS="1095"/>
<SP HEIGHT="39" WIDTH="58" VPOS="3835" HPOS="1223"/>
<String CONTENT="19" HEIGHT="41" WIDTH="55" VPOS="3833" HPOS="1282"/>
<String LANG="en-US" CS="1" CONTENT="&#7580;&#7504;"/>
<String CONTENT="." HEIGHT="10" WIDTH="10" VPOS="3865" HPOS="1389"/>
<SP HEIGHT="48" WIDTH="67" VPOS="3836" HPOS="1400"/>
<String CONTENT="(Collection" HEIGHT="49" WIDTH="287" VPOS="3835" HPOS="1468"/>
<SP HEIGHT="39" WIDTH="33" VPOS="3836" HPOS="1756"/>
<String CONTENT="&#8220;Marianne&#8221;)" HEIGHT="50" WIDTH="337" VPOS="3835" HPOS="1790"/>
</TextLine>
<TextLine HEIGHT="52" WIDTH="963" VPOS="3888" HPOS="426" LANG="fr" CS="1">
<String CONTENT="&#8220;Ouvrages" HEIGHT="49" WIDTH="278" VPOS="3888" HPOS="426"/>
<SP HEIGHT="30" WIDTH="29" VPOS="3900" HPOS="705"/>
<String CS="1" CONTENT="consult&#233;s&#8221;:" HEIGHT="42" WIDTH="270" VPOS="3889" HPOS="735"/>
<SP HEIGHT="38" WIDTH="30" VPOS="3899" HPOS="1033"/>
<String CONTENT="p." HEIGHT="38" WIDTH="44" VPOS="3899" HPOS="1064"/>
<SP HEIGHT="30" WIDTH="33" VPOS="3910" HPOS="1109"/>
<String CONTENT="[237]-238." HEIGHT="51" WIDTH="246" VPOS="3889" HPOS="1143"/>
</TextLine>
<TextLine HEIGHT="56" WIDTH="1925" VPOS="3955" HPOS="360" LANG="fr" CS="1">
<String CONTENT="&#169;" HEIGHT="52" WIDTH="51" VPOS="3955" HPOS="360"/>
<SP HEIGHT="52" WIDTH="28" VPOS="3955" HPOS="412"/>
<String CONTENT="Feb." HEIGHT="41" WIDTH="110" VPOS="3960" HPOS="441"/>
<SP HEIGHT="40" WIDTH="26" VPOS="3961" HPOS="552"/>
<String CONTENT="25," HEIGHT="46" WIDTH="70" VPOS="3961" HPOS="579"/>
<SP HEIGHT="46" WIDTH="27" VPOS="3961" HPOS="650"/>
<String CS="1" CONTENT="1932;" HEIGHT="40" WIDTH="113" VPOS="3960" HPOS="678"/>
<SP/>
<String CS="1" CONTENT="1c."/>
<SP HEIGHT="39" WIDTH="28" VPOS="3962" HPOS="916"/>
<String CONTENT="Mar." HEIGHT="39" WIDTH="121" VPOS="3962" HPOS="945"/>
<SP HEIGHT="40" WIDTH="27" VPOS="3961" HPOS="1067"/>
<String CS="1" CONTENT="21;" HEIGHT="38" WIDTH="53" VPOS="3961" HPOS="1095"/>
<SP HEIGHT="45" WIDTH="29" VPOS="3963" HPOS="1178"/>
<!-- cceid 10394B87-6D7D-1014-B4A5-D7A31D17AB40 --><String CONTENT="A&#8212;" HEIGHT="37" WIDTH="101" VPOS="3963" HPOS="1208"/>
<String LANG="de" CONTENT="Foreign" HEIGHT="49" WIDTH="206" VPOS="3962" HPOS="1311"/>
<SP HEIGHT="38" WIDTH="27" VPOS="3964" HPOS="1518"/>
<String CS="1" CONTENT="16188;" HEIGHT="41" WIDTH="144" VPOS="3963" HPOS="1546"/>
<SP HEIGHT="55" WIDTH="32" VPOS="3955" HPOS="1716"/>
<String CONTENT="&#201;ditions" HEIGHT="49" WIDTH="220" VPOS="3955" HPOS="1749"/>
<SP HEIGHT="39" WIDTH="29" VPOS="3964" HPOS="1970"/>
<String CONTENT="de" HEIGHT="40" WIDTH="57" VPOS="3964" HPOS="2000"/>
<SP HEIGHT="40" WIDTH="28" VPOS="3964" HPOS="2058"/>
<String CONTENT="France." HEIGHT="39" WIDTH="198" VPOS="3964" HPOS="2087"/>
</TextLine>
<TextLine HEIGHT="51" WIDTH="278" VPOS="4015" HPOS="436" LANG="fr">
<String CONTENT="(32-30496)" HEIGHT="51" WIDTH="278" VPOS="4015" HPOS="436"/>
</TextLine>
</TextBlock>
</PrintSpace>
</Page>
</Layout>
</alto>