2563 4368
1351 4072 132 51 1958

403 482 306 65 Nystrom,
737 480 147 54 Paul
913 481 223 64 Henry,
1167 479 169 55 1878-

475 560 1921 71 Economics of retailing … [v. 1] Retail institutions and
404 640 1992 72 trends, by Paul H. Nystrom … 3d ed., rev. and enl. New
406 721 1307 69 York, The Ronald press company [ ᶜ193 2]
475 805 1483 52 2 p. l. , iii-xii, 456 p. illus. (incl. ports.) diagrs. 22 ᶜᵐ .
475 879 349 48 Bibliography
849 881 52 39 at
925 879 90 40 end
1042 878 52 40 of
1118 880 126 38 most
1268 876 53 42 of
1346 877 80 40 the
1451 877 241 48 chapters.

410 948 51 52 ©
493 952 102 40 Oct.
623 952 71 47 24,
723 950 140 47 1932;
895 951 67 40 2c.
993 951 95 39 and
1118 949 83 41 aff.
1232 949 101 40 Oct.
1364 949 83 46 26;
1482 949 37 38 A
1549 948 170 47 56726;
1754 949 188 39 Ronald
1974 958 136 39 press
2139 957 67 31 co.

487 1006 280 50 (32-34129)

405 1111 120 66 Pei,
554 1111 191 54 Mario
773 1111 276 66 Andrew,
1081 1115 171 50 1901-

477 1195 122 53 The
623 1198 284 64 language
934 1194 63 54 of
1023 1194 95 53 the
1143 1193 423 68 eight-century
1590 1197 149 49 texts
1764 1192 60 53 in
1850 1192 272 53 northern
2152 1193 217 52 France;

409 1290 31 34 a
472 1272 173 68 study
677 1272 63 53 of
774 1272 96 53 the
903 1271 246 68 original
1183 1271 328 52 documents
1544 1270 58 52 in
1637 1270 96 53 the
1766 1269 294 54 collection
2094 1270 63 53 of
2189 1269 210 54 Tardif

410 1346 1990 70 and other sources, by Mario A. Pei … New York city, 1932.
551 1434 373 51 xx, 405 p. 23 ᶜᵐ .
483 1504 169 42 Issued
682 1505 104 41 also
814 1515 56 30 as
897 1505 154 40 thesis
1093 1504 107 49 (PH.
1261 1504 34 49 D.)
1336 1503 251 42 Columbia
1618 1504 286 48 university.

484 1563 347 49 Bibliography:
888 1573 43 38 p.
964 1562 233 50 [xiii]-xx.

413 1632 51 52 ©
500 1636 109 40 Dec.
642 1635 68 46 12,
742 1633 112 41 1932;
916 1632 65 41 2c.
1015 1633 95 39 and
1143 1632 81 39 aff.
1260 1632 110 41 Dec.
1402 1632 55 40 23;
1519 1631 41 40 A
1591 1631 143 41 57589;
1798 1633 62 41 M.
1893 1632 54 41 A.
2022 1632 56 47 pei,
2113 1633 115 40 New
2262 1632 143 42 York.

491 1691 250 50 (33-2215)

409 1794 264 66 Phillips,
704 1792 119 58 Sid.

480 1878 121 53 The
633 1877 289 67 rhythmic
952 1875 173 69 piano
1157 1876 307 53 accordeon
1494 1876 59 53 in
1586 1875 97 53 the
1711 1876 235 54 modern
1979 1877 176 54 dance
413 1877 1964 146 orchestra,

556 1953 1843 72 by Sid Phillips … London, John E. Dallas & sons, ltd.
416 2037 193 66 [ ᶜ193 2 ]
480 2119 836 54 39, [3] p. illus. (music) 30 ᶜᵐ .
416 2189 1991 51 © 1c. Oct. 8, 1932; A ad int. 17037; pubd. Oct. 8; John E. Dallas & sons,
483 2248 85 40 ltd.

413 2349 324 65 Rainalter,
770 2349 199 53 Erwin
1002 2349 92 64 H.,
1129 2353 172 50 1892-

484 2432 198 56 Sturm
714 2431 198 54 überm
943 2432 155 67 land,
1130 2449 197 35 roman
1362 2449 110 35 von
1506 2432 198 53 Erwin
1737 2434 77 53 H.
1851 2434 313 54 Rainalter.

411 2435 1970 146 Leipzig,
547 2512 63 53 L.
643 2510 403 68 Staackmann,
1076 2514 149 50 1932.

482 2597 87 42 250
600 2609 43 38 p.
703 2596 145 42 19½ᶜᵐ.

418 2667 1978 52 © Sept. 27, 1932; 1c. Dec. 7; A—Foreign 18919; L. Staackmann verlag
486 2738 40 36 g.
557 2738 59 29 m.
645 2727 40 40 b.
716 2727 45 41 h.
834 2726 250 48 (33-2553)

414 2829 252 66 Renker,
698 2829 230 54 Gustav
956 2827 324 66 Friedrich,
1312 2834 170 49 1889-

483 2906 121 53 Das
649 2904 110 54 tier
806 2904 79 53 im
933 2903 226 70 sumpf;
1211 2904 90 53 ein
1349 2921 197 36 roman
1596 2922 100 37 aus
1744 2904 234 70 Afrika,
2027 2924 110 36 von
2188 2905 221 57 Gustav

415 2982 242 54 Renker.
721 2981 258 70 Leipzig,
1008 2982 64 53 L.
1104 2980 403 70 Staackmann,
1539 2985 152 51 1932.

490 3067 334 50 324 p. 19 ᶜᵐ .
421 3136 1988 54 © Sept. 27, 1932; 1c. Dec. 7; A —Foreign 18914; L. Staackmann verlag,
490 3207 41 37 g.
559 3208 60 30 m.
680 3229 8 8 h.
715 3197 43 38 h.
830 3196 250 48 (33-2454)

418 3295 221 67 Riegel,
672 3299 211 53 Emma
912 3298 244 66 Bertha,
1192 3298 171 54 1875-
1575 3316 176 52 comp.

488 3374 170 56 Gems
709 3374 65 54 of
821 3375 248 69 thought
1119 3375 93 54 for
1263 3375 280 54 fraternal
1594 3376 291 68 speakers;
1938 3376 58 53 in
2048 3381 199 62 poetry
2298 3377 111 52 and

420 3470 190 49 prose;
648 3453 137 51 with
823 3452 209 67 special
1070 3453 288 55 addresses
1398 3453 92 53 for
1526 3453 207 54 officers
1768 3452 65 54 of
1865 3454 96 53 the
1997 3451 186 56 Order
2217 3452 64 54 of
2315 3454 95 52 the

420 3534 219 49 eastern
674 3534 136 62 star,
848 3529 93 53 for
977 3530 77 53 all
1092 3529 319 68 important
1443 3529 284 55 occasions
1764 3530 59 52 in
1861 3531 95 53 the
1991 3529 234 68 chapter
2259 3549 152 48 year,

420 3605 279 68 compiled
750 3606 74 67 by
875 3606 67 52 E.
996 3608 65 50 B.
1113 3606 215 68 Riegel.
1405 3606 137 53 New
1595 3606 179 69 York,
1824 3607 204 67 Macoy
2078 3606 333 69 publishing

420 3683 112 52 and
561 3683 249 51 masonic
837 3683 211 66 supply
1076 3701 296 49 company,
1400 3681 126 69 inc.,
1558 3686 149 50 1932.

491 3768 437 49 vii, 136 p. 21 ᶜᵐ .
494 3838 157 39 Blank
682 3847 144 38 pages
854 3838 77 39 for
962 3838 175 41 “Notes
1167 3839 94 40 and
1290 3838 265 49 clippings”
1594 3838 284 51 ([331]-136)

430 3904 50 52 ©
525 3909 104 38 Dec.
669 3909 68 45 23,
805 3908 111 46 1932;
957 3910 66 38 2c.
1064 3910 110 40 Dec.
1211 3910 82 47 27;
1335 3909 80 39 aff.
1457 3910 110 40 Dec.
1606 3909 81 47 29;
1730 3911 41 38 A
1808 3910 169 47 58606;
2021 3912 169 46 Macoy
2231 3911 105 47 pub.
2377 3910 36 40 &

494 3964 214 41 masonic
735 3965 171 47 supply
933 3973 82 40 co.,
1043 3964 90 41 inc.
1203 3964 249 49 (33-2239)
