2563 4368
1106 4157 130 49 1801

179 538 255 65 Leavitt,
464 536 239 66 Sturgis
732 536 218 65 Elleno,
983 542 169 50 1888-

248 614 588 68 Hispano-American
861 612 293 54 literature
1181 612 59 52 in
1267 613 90 51 the
1384 612 215 54 United
1625 611 216 67 States;
1870 632 31 32 a
181 612 1962 146 bibliography

396 688 1707 69 of translations and criticism, by Sturgis E. Leavitt …
181 767 357 61 Cambridge,
569 766 187 62 Mass.,
788 765 272 52 Harvard
1091 764 313 64 university
1438 783 171 45 press,
1644 767 150 49 1932.

282 837 283 49 x. 54 p. 23 ᶜᵐ.
247 895 100 40 One
376 894 51 40 of
454 906 27 28 a
511 894 148 40 series
689 894 51 40 of
769 893 376 48 bibliographies
1172 894 51 39 of
1254 892 486 49 Spanish-American
1768 893 258 41 literature
177 894 1972 97 published
362 953 153 38 under

546 952 81 39 the
658 949 219 49 auspices
908 950 51 40 of
989 951 81 39 the
1102 950 229 39 Harvard
1363 950 185 39 council
1579 961 60 28 on
1669 949 497 49 Hispano-American
177 1008 199 41 studies.

183 1063 1967 100 © Nov. 10, 1932; 2c. Nov. 10; aff. Nov. 28; A 58129; President and fellows of
482 1125 227 37 Harvard
743 1123 191 45 college.
969 1121 298 47 Cambridge.
1304 1122 146 39 Mass.
1521 1120 279 50 (32-33821)

177 1213 207 66 Lewis,
417 1212 275 57 Clarence
723 1211 220 66 Irving,
979 1218 167 49 1883-

307 1288 1863 70 … Symbolic logic, by Clarence Irving Lewis … and Cooper
176 1364 1993 71 Harold Langford … New York & London, The Century co.
223 1450 132 50 [ᶜ1932]

180 1515 1971 111 xi, 506 p. diagrs. 23 ᶜᵐ. (The Century philosophy series, S. P. Lamprecht, editor) $5.00
251 1629 1888 53 “Chapters I-VIII and Appendix II have been written by Mr. Lewis;
180 1693 225 46 chapters
492 1712 28 5 IX-XIII
651 1690 94 38 and
778 1686 253 48 Appendix
1086 1719 9 11 I,
1129 1688 60 46 by
1223 1688 89 40 Mr.
1345 1686 482 48 Langford.”—Pref.

250 1746 348 48 Bibliography
624 1747 52 37 at
701 1745 91 40 end
819 1744 50 41 of
895 1745 82 40 the
1003 1740 352 43 Introduction.

184 1801 51 51 ©
262 1806 116 37 Nov.
407 1805 67 46 17,
504 1802 138 47 1932;
672 1801 66 40 2c.
767 1803 94 39 and
889 1801 81 39 aff.
999 1802 117 38 Nov.
1144 1801 81 45 25;
1256 1802 40 37 A
1323 1800 170 47 58079;
1525 1802 47 40 C.
1604 1803 36 38 I.
1669 1801 170 42 Lewis.
1870 1800 299 52 Cambridge,

252 1863 146 37 Mass,
428 1861 92 38 and
554 1860 180 46 Cooper
766 1859 186 38 Harold
983 1858 260 46 Langford,
1275 1858 107 38 Ann
1412 1858 169 40 Arbor.
313 1917 225 41 (32-33925)

179 2006 207 66 Lewis,
416 2006 201 64 Lloyd,
650 2010 170 51 1891-

251 2084 295 66 Sherman,
570 2083 248 69 fighting
843 2082 263 68 prophet,
1130 2083 74 67 by
1228 2083 186 67 Lloyd
1439 2083 183 52 Lewis;
1679 2082 326 54 illustrated
2031 2083 137 53 with

181 2163 427 66 reproductions
654 2160 64 53 of
763 2179 180 48 maps,
988 2161 343 67 engravings
1379 2162 112 52 and
1539 2160 410 68 photographs.
2033 2160 138 54 New

184 2238 1403 68 York, Harcourt, Brace and company [ ᶜ1 932]
252 2311 1777 50 xii p., 1 l. , 690 p. front., illus. (maps, facsim.) plates, ports. 24 ᶜᵐ.
251 2369 181 42 Music:
463 2379 42 39 p.
554 2368 99 50 [614]

252 2426 161 40 “First
441 2424 224 41 edition.”

251 2480 346 50 Bibliography
615 2491 9 29 :
656 2491 42 38 p.
730 2479 214 43 655-669.

185 2534 51 52 ©
262 2539 111 40 Dec.
398 2538 40 43 2,
464 2537 111 41 1932;
632 2538 64 38 2c.
725 2539 94 37 and
846 2537 81 40 aff.
955 2537 109 40 Dec.
1094 2538 24 38 7;
1174 2537 40 38 A
1240 2537 145 39 57355;
1439 2538 259 47 Harcourt,
1727 2539 153 39 Brace
1909 2539 36 39 &
1970 2549 82 34 co.,
2080 2538 90 41 inc.

263 2594 277 47 (32-33980)

180 2685 309 63 McShane,
518 2684 154 54 John
702 2684 262 54 Francis.

253 2762 102 67 My
391 2762 248 55 brother,
676 2762 95 52 the
807 2761 331 67 Maryknoll
1175 2761 369 68 missionary;
1585 2780 30 34 a
1655 2761 105 53 life
1798 2760 65 54 of
1900 2763 96 51 the
2034 2762 137 52 Rev.

181 2840 207 51 Daniel
422 2840 112 51 Leo
566 2837 306 69 McShane,
962 2881 8 9 M.
1063 2881 28 24 M.,
1123 2839 75 67 by
1231 2839 136 52 Rev.
1404 2839 155 53 John
1594 2839 238 53 Francis
1866 2837 303 56 McShane.

184 2915 83 56 St.
296 2917 282 66 Meinrad,
607 2917 149 66 Ind.,
785 2916 201 69 Abbey
1017 2935 173 49 press,
1223 2920 149 49 1932.

252 2990 1111 49 4 p l., 7-116 p. front., plates, ports. 17½ ᶜᵐ.
187 3042 51 52 ©
273 3048 114 38 Nov.
425 3047 68 47 19,
528 3046 111 41 1932;
703 3047 66 38 2c.
806 3048 116 39 Nov.
958 3047 82 45 23;
1077 3047 80 39 aff.
1192 3047 118 40 Nov.
1345 3047 82 47 22;
1465 3048 39 38 A
1540 3047 142 40 58050;
1749 3048 43 39 J.
1829 3048 52 40 F.
1917 3047 253 45 McShane,

255 3103 344 48 Indianapolis.
672 3103 278 49 (32-34237)

180 3182 287 68 Malcolm,
500 3184 226 64 George
755 3184 249 64 Arthur,
1037 3190 170 49 1881-

251 3259 335 69 Philippine
624 3269 394 60 government;
1062 3262 73 53 its
1176 3264 409 67 development,
1624 3262 390 69 organization
2057 3264 111 52 and

184 3338 1922 68 functions, by George A. Malcolm … and Maximo M. Kalaw …
182 3416 136 54 Rev.
352 3417 83 51 ed.
511 3417 232 67 Boston,
776 3419 70 51 D.
882 3418 61 54 C.
977 3418 195 52 Heath
1205 3419 112 51 and
1352 3436 278 50 company
1710 3423 131 48 [ᶜ1932]

252 3489 1546 49 xxii p., 1 l. , 398 p. incl. front., illus., ports., diagrs. 20 ᶜᵐ.
188 3542 51 52 ©
271 3548 120 46 Aug.
421 3547 55 39 30,
523 3547 112 38 1932;
696 3547 66 40 2c.
795 3548 117 39 Nov.
944 3547 26 39 2;
1032 3547 80 40 aff.
1146 3548 116 39 Nov.
1297 3548 25 39 3;
1384 3549 43 38 A
1458 3548 141 41 55811;
1662 3549 57 40 D.
1755 3550 47 40 C.
1838 3549 165 40 Heath
2034 3550 36 40 &
2103 3561 66 29 co.

265 3603 276 48 (32-34130)

182 3684 302 63 Manning,
514 3683 252 54 William
796 3687 146 62 Ray,
975 3685 171 52 1871-
1356 3687 83 51 ed.

255 3760 351 68 Diplomatic
661 3763 473 67 correspondence
1188 3763 63 51 of
1304 3764 94 51 the
1451 3764 217 53 United
1724 3763 187 56 States
1930 3784 11 33 :
184 3765 1981 125 inter-American

513 3836 213 61 affairs.
753 3844 324 53 1831-1860,
1102 3842 237 52 selected
1366 3843 111 51 and
1505 3844 280 67 arranged
1810 3844 74 68 by
1908 3843 259 55 William

184 3917 66 51 R.
294 3916 282 68 Manning
622 3960 7 8 .…
794 3962 9 9 v.
848 3922 47 48 2.
937 3919 224 53 Bolivia
1205 3921 112 51 and
1360 3920 212 52 Brazil.
1645 3923 345 51 Documents
184 3925 1985 121 388-722.

374 3995 397 67 Washington.
839 3995 275 70 Carnegie
1181 3998 355 53 endowment
1600 3999 92 52 for
1758 4000 408 52 international
184 4089 184 50 peace,
399 4076 148 50 1932.
