2563 4368
995 4061 100 49 401

52 457 299 65 Academy
378 458 64 52 of
470 456 256 65 political
752 455 244 65 science,
1022 456 139 52 New
1360 499 10 10 York.

178 528 1859 73 … Can prices, production and employment be effectively
47 609 327 70 regulated?
459 610 53 53 A
559 610 170 54 series
774 610 63 52 of
884 609 289 54 addresses
1221 610 111 52 and
1381 626 205 50 papers
1637 607 291 68 presented
1978 612 58 48 at

45 688 94 53 the
176 690 210 51 annual
421 688 249 66 meeting
705 687 64 54 of
803 687 94 53 the
935 687 291 64 Academy
1262 685 63 54 of
1362 685 257 67 political
1656 684 230 62 science,
46 685 1965 131 November

296 768 80 63 13,
405 767 151 63 1931,
580 764 188 53 edited
795 764 74 66 by
893 762 219 53 Parker
1136 762 248 53 Thomas
1409 762 191 52 Moon.
1667 761 156 66 [New
1851 761 179 65 York]

46 841 120 53 The
199 841 292 66 Academy
524 841 63 53 of
621 840 257 67 political
912 840 231 66 science,
1178 838 302 56 Columbia
1512 838 335 66 university,
1884 842 151 49 1932.

118 910 1910 53 xii, 146 p. 22ᶜᵐ. (Its Proceedings … vol. XIV, no. 4, January, 1932)
455 968 503 42 CONTENTS.—Preface.—Methods
991 968 79 41 for
1104 968 196 49 dealing
1334 968 116 40 with
48 967 1972 105 unemployment.—Readjustments

405 1027 50 40 in
485 1025 301 50 production,
817 1025 157 49 prices
1005 1026 96 39 and
1134 1024 335 49 wages.—The
1501 1024 151 40 world
1685 1024 154 41 crisis.

53 1094 51 53 ©
130 1100 108 39 Jan.
263 1099 39 47 5,
328 1098 112 41 1932;
495 1098 68 40 2c.
589 1099 121 38 Mar.
737 1098 53 40 17;
846 1096 80 42 aff.
956 1097 119 38 Mar.
1102 1096 54 39 16;
1212 1096 40 38 A
1277 1094 143 41 50169;
1476 1096 243 46 Academy
1745 1094 52 41 of
1823 1092 217 50 political

120 1156 196 41 science.
387 1154 278 49 (32-26149)

49 1289 314 54 American
391 1289 110 52 law
531 1291 233 61 reports
794 1287 342 55 annotated.

120 1365 362 56 Cumulative
520 1365 171 53 index
729 1365 63 52 of
828 1366 95 51 the
960 1363 306 55 American
1303 1366 110 50 law
1451 1368 221 63 reports
1710 1362 327 69 annotated,

51 1446 133 52 vols.
231 1444 84 54 76.
360 1443 83 61 77,
488 1442 328 70 combining
861 1461 149 35 cases
1058 1443 111 52 and
1218 1442 379 67 annotations,
1646 1444 116 51 also
50 1442 1961 133 supplemental

306 1521 275 54 decisions
625 1522 94 52 for
762 1523 69 54 A.
879 1524 63 50 L.
989 1523 66 52 R.
1101 1521 60 52 in
1206 1520 394 54 continuation
1645 1521 63 52 of
1751 1521 96 52 the
1891 1522 146 52 Blue

50 1601 144 52 book
227 1601 62 53 of
326 1604 131 49 1929
493 1602 110 52 and
636 1600 74 54 its
745 1600 290 69 appendix
1070 1600 93 53 for
1197 1619 161 49 years
1395 1602 325 52 1929-1931.
51 1599 1960 147 Rochester,

197 1682 67 51 N.
311 1681 89 65 Y.,
446 1680 120 52 The
610 1680 265 67 Lawyers
919 1678 382 69 co-operative
1346 1678 336 70 publishing
1725 1698 307 51 company;

53 1758 336 67 Northport,
430 1759 65 50 L.
538 1760 66 57 I.,
648 1759 68 51 N.
762 1759 89 63 Y.,
895 1759 250 52 Edward
1190 1758 330 68 Thompson
1563 1775 307 52 company;
1920 1758 114 55 San

51 1834 318 68 Francisco,
398 1834 194 68 Calif.,
620 1835 584 69 Bancroft-Whitney
1232 1855 296 50 company,
1557 1840 148 50 1932.

121 1910 96 48 146,
251 1911 71 48 [5],
351 1909 57 42 80
435 1920 44 38 p.
537 1909 115 41 24ᶜᵐ.

55 1978 51 52 ©
139 1982 112 48 Apr.
286 1982 69 47 15,
390 1980 111 41 1932;
563 1981 66 41 2c.
665 1982 94 38 and
793 1980 79 40 aff.
911 1981 112 47 Apr.
1058 1980 57 40 20;
1177 1981 41 39 A
1251 1979 141 41 49631;
1458 1981 228 48 Lawyers
1721 1981 320 47 co-operative

122 2040 107 46 pub.
259 2049 80 36 co.,
371 2039 208 39 Edward
609 2038 273 47 Thompson
912 2049 81 35 co.,
1024 2036 485 49 Bancroft-Whitaey
1540 2049 66 29 co.

53 2154 313 56 American
393 2156 108 53 law
530 2160 219 64 reports
777 2155 324 53 annotated.
1167 2154 234 54 Editors
1426 2153 59 54 in
1513 2155 171 67 chief,
1711 2157 221 67 George
1959 2156 76 52 H.

121 2235 258 51 Parmele
417 2233 111 53 and
567 2234 81 52 M.
689 2232 163 52 Blair
891 2231 240 67 Wailes;
1173 2232 324 70 consulting
1535 2233 202 67 editor,
1776 2232 257 56 William

121 2311 76 52 M.
238 2311 355 68 McKinney;
634 2310 311 69 managing
982 2311 230 66 editors,
1252 2311 235 55 Charles
1524 2310 358 69 Porterfield,
122 2312 1891 130 Edwin

266 2389 202 68 Stacey
498 2390 203 66 Oakes,
733 2389 234 53 assisted
996 2390 73 66 by
1099 2389 95 53 the
1222 2389 417 69 exceptionally
1669 2391 366 68 experienced

121 2467 262 54 editorial
427 2467 423 70 organizations
892 2468 63 52 of
995 2469 94 53 the
1132 2468 337 68 publishers,
1544 2486 49 34 v.
1637 2469 82 54 77.
123 2471 1889 142 Rochester,
258 2549 68 51 N.
364 2549 88 64 Y.,

486 2548 122 52 The
642 2548 266 66 Lawyers
942 2547 382 68 co-operative
1356 2548 336 71 publishing
1727 2568 308 52 company;
124 2626 336 67 Northport,
494 2628 62 51 L.
592 2628 65 64 I.,

692 2630 69 51 N.
797 2627 90 65 Y.,
923 2626 253 52 Edward
1212 2627 328 69 Thompson
1573 2646 308 51 company;
1921 2630 115 55 San

124 2703 317 67 Francisco,
474 2703 582 69 Bancroft-Whitney
1087 2723 297 52 company,
1417 2709 150 50 1932.

124 2778 98 52 viii,
251 2778 111 40 1611
394 2789 41 37 p.
495 2777 115 41 26ᶜᵐ.

60 2845 51 52 ©
143 2849 112 48 Apr.
289 2850 67 46 11,
390 2847 112 42 1932;
565 2848 68 40 2c.
667 2849 96 39 and
796 2847 81 40 aff.
912 2848 113 48 Apr.
1057 2847 55 41 20;
1178 2849 39 38 A
1251 2848 146 41 49632;
1460 2850 228 48 Lawyers
1723 2851 320 49 co-operative

126 2907 106 47 pub.
260 2917 81 37 co.,
369 2906 208 39 Edward
605 2904 273 48 Thompson
906 2914 81 34 co.,
1017 2906 94 39 and
1141 2905 484 50 Bancroft-Whitney
1654 2919 67 29 co.

58 3019 250 57 Arizona
359 3023 110 51 and
518 3019 211 58 Pacific
777 3020 203 69 digest,
1027 3020 268 70 covering
1343 3022 77 53 all
1467 3041 150 37 cases
1663 3025 268 69 reported
1976 3025 61 53 in

121 3100 249 52 Arizona
400 3104 236 62 reports,
669 3101 305 49 1866-1931;
1036 3098 210 53 Pacific
1275 3105 272 62 reporter,
1576 3103 249 52 volumes
1858 3106 184 60 1-300,

124 3179 110 51 and
265 3178 77 52 all
373 3176 65 53 of
467 3177 95 52 the
594 3175 210 53 Pacific
836 3181 172 48 states
1040 3181 220 62 reports
1294 3176 153 54 from
1478 3179 94 52 the
1605 3180 226 53 earliest
1861 3181 181 66 times,

127 3255 275 68 compiled
464 3255 110 52 and
633 3254 190 52 edited
881 3254 74 68 by
1013 3254 94 52 the
1166 3254 337 68 publisher’s
1563 3258 266 54 editorial
1886 3256 136 59 staff

166 3331 1365 70 v . 1-4. St. Paul, West publishing co., 1932.
127 3406 271 41 4 v . 26ᶜᵐ.
62 3487 42 29 v.
130 3478 37 46 1,
197 3472 51 52 ©
276 3477 109 40 Feb.
410 3476 69 46 29,
507 3475 111 41 1932;
675 3488 40 30 v,
742 3475 39 47 2,
813 3471 51 52 ©
893 3476 108 39 Feb.
1030 3475 55 39 26;
1143 3488 42 29 v.
1211 3477 40 42 3,
1278 3478 40 45 4,
1350 3472 55 52 ©
1431 3479 109 39 Feb.
1569 3479 55 40 29;
1681 3479 66 41 2c.
1776 3481 117 40 each
1922 3482 121 39 Mar.

131 3533 53 39 14;
239 3532 107 41 affs.
373 3534 119 39 Mar.
520 3533 54 39 16;
632 3533 38 39 A
697 3531 318 41 50036-50039;
1073 3533 132 40 West
1232 3533 108 48 pub.
1369 3544 68 30 co.
139 3589 245 47 (32-7897)

63 3706 351 54 Ballesteros
442 3723 39 47 y
508 3709 262 61 Beretta,
799 3707 278 54 Antonio.

130 3782 260 54 Historia
420 3784 68 51 de
519 3785 231 66 Espana
781 3804 36 47 y
847 3801 65 34 su
943 3780 301 56 influencia
1277 3803 68 33 en
1377 3786 56 51 la
1463 3785 240 55 historia
1735 3788 305 71 universal,

65 3860 1976 79 por d. Antonio Ballesteros y Beretta … t. 6. Barcelona,
67 3935 195 56 Salvat
289 3938 259 66 editores,
576 3959 40 33 s.
648 3958 65 46 a.,
746 3942 151 50 1932.
