2563 4368
1365 4034 105 56 794

391 415 268 66 Bentley,
687 414 230 66 Phyllis
942 415 88 65 E.,
1060 419 170 50 1894-

460 491 380 68 Inheritance,
869 492 76 68 by
974 491 226 69 Phyllis
1231 492 258 66 Bentley.
1553 489 259 67 London,
1840 488 71 54 V.
1941 487 290 67 Gollancz,
2258 486 123 67 ltd.,

391 574 151 50 1932.

462 641 249 51 592 p. 20½ ᶜᵐ.
467 698 213 42 “Second
709 697 288 50 impression
1025 698 171 41 March
1226 696 155 42 1932.”

403 750 1982 55 © 1c. May 27, 1932; A ad int. 16451; pubd. Mar. 31; P. Bentley, Halifax,
469 812 277 47 Yorkshire,
781 812 235 47 England.
1087 808 279 51 (32-14729)

398 919 210 63 Berge,
637 915 224 55 Victor.

391 988 1972 150 … Der perlentaucher. Frankfurt am Main, R ütten & Loening,
581 1073 153 50 1932.

468 1139 701 54 4 p. l., [11]-317, [2] p. 20½ ᶜᵐ.
469 1199 64 41 At
557 1200 125 40 head
709 1199 51 40 of
783 1198 109 41 title;
950 1198 166 39 Victor
1143 1197 151 48 Berge
1321 1197 98 40 und
1447 1196 167 48 Henry
1641 1196 231 47 Wysham
1899 1195 191 41 Lanier.

472 1251 1780 54 “Berechtigte ü bertragung aus dem englischen von A. Normann.”
471 1312 271 41 Rewritten
771 1313 60 47 by
860 1310 178 42 Lanier
1065 1310 129 40 from
1221 1319 64 31 an
1311 1311 142 39 exact
1482 1309 268 49 transcript
1780 1309 51 41 of
1861 1308 193 50 Berge’s
2083 1319 107 30 own
2218 1309 173 41 words.

402 1370 60 49 cf.
496 1369 407 48 Vorbemerkung.

409 1421 1986 56 © Dec. 31, 1931; 1c. Mar. 15, 1932; A—Foreign 16088; Rütten & Loening
475 1485 177 47 verlag.
723 1480 280 51 (32-14128)

406 1589 314 64 Bertrand,
748 1586 197 65 Louis,
975 1589 172 51 1866-

539 1660 1823 72 … Hippolyte Porte- Couronnes. Paris, A. Fayard & cⁱᵉ
412 1746 192 65 [ ᶜ19 32 ]
477 1812 1615 54 3 p. l., [ix]-xiii, 287 p., 1 l. 19 ᶜᵐ. (His Une destinée. [3])
481 1874 170 48 Sequel
681 1876 49 37 to
758 1873 70 38 La
856 1872 223 41 nouvelle
1106 1870 259 42 éducation
1393 1870 352 42 sentimentale.

412 1926 1986 53 © Feb. 15, 1932; 1c. Apr. 25; A—Foreign 16558; Arthème Fayard & cie.
492 1986 277 50 (32-14010)

411 2088 444 67 Betzendörfer,
882 2088 242 64 Walter,
1156 2093 170 51 1890-

479 2166 261 55 Glauben
761 2168 117 52 und
902 2165 202 54 wissen
1124 2166 89 53 bei
1240 2167 109 52 den
1372 2182 232 51 grossen
1628 2166 249 53 denkern
1903 2166 96 53 des
2021 2165 378 66 mittelalters,

410 2243 89 53 ein
532 2242 223 69 beitrag
789 2261 100 34 zur
923 2241 320 70 geschichte
1276 2244 94 52 des
1438 2242 470 68 zentralproblems
1942 2243 99 52 der
2103 2242 296 67 scholastik,

411 2340 109 34 von
550 2322 84 53 dr.
667 2321 221 54 Walter
920 2319 428 54 Betzendörfer.
1423 2319 209 68 Gotha,
1662 2322 63 51 L.
1758 2321 192 66 Klotz,
1982 2324 149 50 1931.

485 2393 375 49 vii, 260 p. 24½ ᶜᵐ.
419 2448 1984 52 © Jan. 7, 1931; 1c. Feb. 25, 1932; A —Foreign 15858; Leopold Klotz
485 2508 180 48 verlag.
735 2506 280 50 (32-13913)

414 2609 198 54 Binet-
616 2609 258 67 Valmer,
913 2610 283 67 Gustave,
1236 2610 171 56 1875-

542 2686 1650 68 … La luxure, roman. [Paris] E. Flammarion [ ᶜ19 32]
484 2759 402 50 283 p., 1 l. 18 ½ ᶜᵐ.
485 2816 64 41 At
576 2817 125 40 head
730 2816 52 40 of
809 2815 110 42 title;
976 2815 371 42 Binet-Valmer.

423 2870 1899 52 © Apr. 28, 1932; 1c. May 7; A —Foreign 16851; Ernest Flammarion.
500 2928 277 50 (32-14192)

418 3031 320 66 Borchard,
767 3031 207 55 Edwin
1002 3032 365 66 Montefiore,
1398 3037 172 51 1884-

488 3108 344 69 Convicting
863 3108 98 53 the
989 3108 293 68 innocent;
1317 3126 185 36 errors
1534 3108 65 54 of
1630 3108 263 55 criminal
1926 3108 220 69 justice,
2178 3110 76 68 by
418 3109 1962 130 Edwin

558 3185 1847 55 M. Borchard … with the collaboration of E. Russell Lutz
479 3263 1928 71 … New Haven, Yale university press; London, H. Milford,
420 3340 229 55 Oxford
679 3340 319 69 university
1027 3359 174 50 press,
1232 3344 150 50 1932.

420 3412 1969 106 xxix, 421 p. 24 ᶜᵐ. (Half-title; A publication of the Institute of human relations)
491 3524 264 42 Collection
797 3525 52 40 of
889 3525 241 47 sixty-five
1175 3536 135 31 cases
1353 3526 53 41 of
1447 3535 261 31 erroneous
1750 3524 224 42 criminal
2017 3525 296 41 convictions
2357 3525 54 41 of

421 3580 226 42 innocent
684 3581 182 48 people,
904 3581 82 41 the
1027 3591 170 31 causes
1239 3582 52 40 of
1329 3592 138 31 error
1504 3581 143 49 being
1687 3583 94 40 due
1821 3582 50 40 in
1911 3583 84 40 the
2035 3582 132 40 main
2206 3584 49 38 to
422 3581 1969 97 mistaken
600 3637 365 48 identification,

1001 3637 387 41 circumstantial
1423 3637 238 49 evidence,
1698 3649 54 29 or
1785 3637 213 49 perjury,
2036 3648 55 30 or
2126 3648 128 30 some
422 3646 1969 86 combination
678 3694 53 38 of
767 3694 148 39 these.
984 3693 224 39 Includes
1245 3704 63 29 an

1346 3694 218 46 analysis
1603 3693 53 40 of
1691 3695 82 38 the
1814 3695 211 38 statutes
2062 3694 53 39 of
2152 3693 257 47 European

422 3749 244 39 countries
704 3749 257 47 providing
1000 3748 269 47 indemnity
1309 3748 78 41 for
1428 3747 293 49 wrongfully
1763 3748 249 41 convicted
2053 3750 96 39 and
2189 3747 220 41 arrested

423 3812 211 40 persons,
664 3805 49 39 to
742 3803 55 42 be
828 3806 119 39 used
976 3815 54 29 as
1061 3815 28 30 a
1118 3804 133 40 basis
1280 3805 79 39 for
1386 3804 260 42 American
1673 3803 290 49 legislation,
2019 3805 61 48 cf.
2113 3804 129 41 Pref.

494 3858 346 49 Bibliography
867 3862 52 40 at
945 3861 92 40 end
1061 3860 53 41 of
1140 3861 118 40 each
1284 3870 122 31 case.

432 3912 51 52 ©
512 3916 114 49 Apr.
654 3917 68 48 15,
752 3916 113 42 1932;
923 3918 67 42 2c.
1022 3918 95 39 and
1145 3916 81 43 aff.
1257 3918 113 47 Apr.
1400 3917 57 40 18;
1514 3918 40 38 A
1585 3917 145 41 50782;
1786 3918 118 41 Yale
1936 3918 127 41 univ.
2094 3926 147 41 press.

508 3971 279 52 (32-13534)
