2563 4368
1355 4107 132 51 1812

427 494 170 64 Dahl,
626 491 286 65 Theodor,
946 496 171 50 1886-

557 565 1859 72 … Tre lys o g to skj ebner. Oslo, H. Aschehoug & co., 1932.
496 625 274 67 140 p. 20 ᶜᵐ
431 709 1989 53 © Oct. 17, 1932; 1c. Nov. 9; A—Foreign 18595; H. Asclielioug & co.
509 769 278 50 (32-35620)

429 875 85 52 De
541 874 150 64 Kok,
720 872 312 56 Winifred.

499 951 138 53 New
662 950 168 52 babes
858 949 95 53 for
978 950 94 51 old;
1132 968 31 33 a
1188 948 146 53 book
1360 948 96 51 for
1480 952 249 64 parents,
1755 948 75 66 by
1853 946 293 57 Winifred
2172 949 86 52 De
2283 948 134 53 Kok

490 1026 1067 69 … London, V. Gollancz ltd., 1932.
500 1102 82 41 191
609 1113 41 38 p.
704 1103 129 40 illus.
886 1100 116 42 19ᶜᵐ.

434 1169 1974 108 © 1c. Nov. 23, 1932; A ad int. 37125; pubd. Sept. 26; W. De Kok, Abingdon,
637 1229 169 48 Berks,
835 1228 235 48 England.
1141 1228 161 48 (33-5)

435 1336 137 65 [Des
599 1333 306 65 Vallières,
931 1333 148 55 Jean]

561 1407 1862 69 … Chariot; avec une notice de Jean Ra vennes [pseud.] et
431 1486 385 70 vingt-quatre
868 1484 445 70 photographies
1365 1484 324 56 hors-texte.
1780 1483 184 69 Paris,
2014 1484 83 54 La
2150 1484 272 54 Nouvelle

430 1562 796 70 librairie française [ ᶜ1 932]
497 1635 58 41 48
582 1645 44 41 p.
682 1637 170 48 plates.
909 1634 117 42 22ᶜᵐ.
1093 1634 289 48 (Collection
1412 1634 312 49 Hollywood)

500 1692 288 42 Illustrated
816 1701 155 31 cover.

435 1749 1974 109 © Feb. 1, 1932; 1c. Apr. 25; A—Foreign 16602; Nouvelle librairie française. (33-32)
431 1908 263 67 Dunbar,
723 1912 101 52 Sir
852 1911 245 64 George,
1164 1915 125 62 bart.,
1321 1910 168 53 1878-

501 1987 1922 70 Frontiers, by George Dunbar … London, I. Nicholson &
430 2069 238 53 Watson
695 2067 123 67 ltd.,
848 2069 150 52 1932.

500 2140 103 48 xiii,
634 2138 100 50 319,
767 2139 56 50 [1]
854 2149 43 39 p.
956 2138 164 49 front.,
1150 2139 172 49 plates.
1380 2137 146 41 22½ᶜᵐ.

501 2194 141 51 Maps
668 2207 63 30 on
757 2194 364 50 lining-papers.

502 2251 288 42 “Erratum”
821 2251 94 49 slip
941 2252 230 39 mounted
1199 2261 60 31 on
1285 2252 98 39 last
1410 2261 136 39 page.

436 2307 1970 108 © 1c. Dec. 7, 1932; A ad int. 17190; pubd. Oct. 11; G. Dunbar, Risborough,
762 2367 174 46 Bucks,
966 2366 237 47 England.
1273 2365 220 48 (33-578)

433 2469 227 66 Einzig,
689 2471 164 64 Paul,
887 2471 170 55 1897-

500 2547 281 68 Montagu
823 2547 282 66 Norman;
1154 2566 30 33 a
1227 2547 171 67 study
1442 2545 58 54 in
1541 2546 268 53 financial
1850 2546 457 69 statesmanship,
2347 2548 75 68 by

430 2624 149 55 Paul
615 2624 225 68 Einzig.
914 2624 258 67 London,
1207 2624 73 53 K.
1318 2622 166 69 Paul,
1520 2624 241 68 Trench,
1794 2624 260 53 Trubner
2088 2627 46 50 &
2169 2642 97 50 co.,
2302 2625 122 68 ltd.,

433 2705 150 51 1932.

501 2775 53 41 ix
594 2776 86 39 255
706 2786 30 38 p
808 2775 56 39 22ᶜᵐ

437 2828 1985 52 © 1c. Dec. 2, 1932; A ad int. 17166; pubd. Oct. 6; P. Einzig, London.
514 2888 221 50 (33-609)

434 2987 299 68 Fishbein,
761 2990 235 65 Morris,
1029 2995 171 50 1889-

502 3066 155 54 Fads
696 3065 114 54 and
847 3065 283 71 quackery
1171 3066 60 53 in
1271 3066 258 69 healing;
1574 3085 72 34 an
1688 3065 248 70 analysis
1975 3066 66 54 of
2080 3068 95 53 the
2215 3066 206 56 foibles

433 3142 65 56 of
538 3142 96 55 the
675 3143 233 70 healing
948 3143 164 69 cults,
1156 3142 140 55 with
1341 3161 187 51 essays
1572 3161 73 35 on
1689 3142 229 56 various
1962 3144 162 54 other
2167 3143 254 70 peculiar

432 3219 1988 70 notions in the health field, by Morris Fishbein … New
434 3295 178 70 York,
642 3297 215 68 Covici,
883 3297 225 69 Friede,
1137 3299 150 52 1932.

503 3369 527 50 6 p. l., 384 p. 22ᶜᵐ.
507 3424 148 43 “This
690 3425 123 41 book
852 3425 88 42 has
976 3426 117 41 been
1131 3426 259 48 developed
1427 3426 184 48 largely
1649 3425 127 41 from
1812 3427 83 41 the
1933 3426 225 43 material
2197 3426 223 43 included

433 3480 49 43 in
506 3482 82 41 the
611 3480 150 42 books
784 3482 154 40 called
962 3480 114 42 ‘The
1100 3481 203 41 medical
1325 3481 175 41 follies’
1527 3482 95 40 and
1647 3481 114 42 ‘The
1783 3491 107 32 new
1915 3481 203 42 medical
2141 3482 279 43 follies’.”—

434 3534 127 45 Pref.

438 3590 1963 109 © Oct. 20, 1932; 2c. Nov. 28; aff. Nov. 26; A 57256; M. Fishbein, Chicago. (32-28086)
434 3750 244 67 Gilbert,
707 3754 101 52 Sir
833 3752 253 56 William
1116 3753 337 64 Schwenck,
1487 3759 323 50 1836-1911.

503 3827 174 69 Plays
708 3830 47 51 &
789 3847 191 50 poems
1014 3830 63 52 of
1108 3829 89 54 W.
1234 3829 56 54 S.
1328 3828 240 69 Gilbert,
1601 3826 140 57 with
1777 3849 31 34 a
1845 3828 228 69 preface
2105 3829 74 68 by
2217 3827 201 55 Deems

433 3903 240 69 Taylor;
697 3904 299 70 including
1017 3906 93 53 the
1135 3907 271 67 complete
1429 3912 120 48 text
1571 3906 63 53 of
1658 3906 94 54 the
1777 3906 257 52 fourteen
2059 3904 223 55 Gilbert
2305 3903 111 55 and

433 3980 263 59 Sullivan
730 4000 215 53 operas,
979 3983 155 55 three
1168 3983 160 54 other
1364 3981 223 56 Gilbert
1616 3982 163 70 plays
1813 3982 112 53 and
1960 3982 77 53 all
2071 3981 63 53 of
2165 3982 94 53 the
2293 3979 123 54 Bab
