2563 4368
1111 4057 98 50 839

240 505 961 50 255 p. 23 ½ ᶜᵐ. (Small loan series)
242 561 1914 50 “Chapter VIII of this volume on The constitutionality of small loan
170 618 288 50 legislation,
490 619 62 46 by
583 618 164 39 Frank
778 618 54 39 R.
865 617 281 49 Hubachek,
1178 629 102 29 was
1312 618 193 48 printed
1537 619 49 39 in
1617 619 112 40 1931
1760 630 56 30 as
1848 630 28 30 a
1908 620 247 48 pamphlet

171 677 153 40 under
354 676 79 39 the
463 684 132 30 same
628 672 485 42 title.”—Foreword.

178 745 51 51 ©
255 749 111 45 May
389 747 54 39 12,
484 746 111 40 1932;
650 747 66 39 2c.
743 747 95 39 and
863 744 82 41 aff.
971 746 112 47 May
1107 745 58 39 18;
1218 744 42 39 A
1284 745 143 40 51676;
1483 746 194 40 Russell
1705 745 124 49 Sage
1851 747 304 39 foundation.

254 803 275 50 (32-26687)

174 906 299 64 Gilchrist,
501 905 189 54 Marie
716 904 230 57 Emilie.

238 981 256 69 Writing
532 986 230 64 poetry;
805 980 356 69 suggestions
1204 979 94 54 for
1339 998 194 52 young
1575 981 240 68 writers,
1853 980 77 71 by
1971 982 186 54 Marie

169 1056 1986 71 Gilchrist … with poems by members of the Stevenson room
169 1141 200 64 poetry
411 1154 183 51 group
637 1134 64 55 of
741 1136 95 53 the
878 1134 310 55 Cleveland
1229 1134 195 70 public
1467 1135 235 70 library.
1782 1137 218 53 Boston
2042 1137 113 54 and

168 1213 138 53 New
339 1212 179 69 York,
547 1212 319 69 Houghton
895 1212 204 53 Mifflin
1131 1230 298 51 company,
1464 1215 150 51 1932.

238 1284 586 50 xvi p., 2 l., 131 p. 19½ ᶜᵐ.
239 1341 132 41 “List
397 1342 53 40 of
474 1341 177 41 books”:
707 1351 44 39 p.
784 1340 247 52 [127]-131.

174 1409 52 52 ©
257 1414 126 39 June
411 1414 41 47 1,
480 1412 140 48 1932;
650 1413 67 40 2c.
750 1413 126 40 June
904 1414 55 45 4;
992 1413 80 39 aff.
1105 1413 126 39 June
1260 1413 53 47 3;
1346 1413 42 39 A
1418 1413 170 48 52279;
1623 1415 63 41 M.
1719 1414 246 47 Gilchrist,
241 1414 1899 96 Cleveland.

438 1470 278 47 (32-26688)

170 1572 184 65 Gillis,
381 1573 204 54 James
609 1571 243 64 Martin,
880 1572 171 55 1876-

234 1649 123 53 The
390 1648 266 69 Paulists,
690 1648 75 69 by
799 1648 192 54 James
1025 1647 80 54 M.
1144 1646 189 71 Gillis,
1404 1691 11 11 C.
1483 1690 10 10 S.
1568 1691 10 10 P.
1648 1647 137 55 New
1823 1646 177 72 York,
2035 1649 122 54 The

165 1724 333 54 Macmillan
529 1743 294 51 company,
858 1728 150 49 1932.

235 1796 551 49 vi p., 2 l., 67 p. 17 ᶜᵐ.
173 1863 52 52 ©
253 1869 114 46 May
392 1868 70 47 24,
489 1866 113 41 1932;
657 1867 68 41 2c.
753 1868 95 38 and
877 1867 81 41 aff.
987 1868 114 46 May
1126 1867 56 40 25;
1238 1867 42 39 A
1307 1867 145 40 51485;
1509 1868 278 40 Macmillan
1817 1879 68 29 co.

248 1924 278 48 (32-14688)

170 2027 254 65 Ginisty,
449 2027 164 65 Paul,
642 2031 324 51 1855-1932.

297 2094 1853 79 … Héros de romans. Paris, Les Éditions de France, ᶜ1 931.
237 2176 679 49 2 p. l. , ii, 246 p., 1 l. 19ᶜᵐ.
170 2238 1985 58 © Oct. 27, 1931; 1c. Apr. 25, 1932; A—Foreign 16605; Éditions de
240 2304 198 40 France.
508 2303 280 48 (32-14649)

169 2405 208 66 Green,
406 2405 271 54 Fletcher
705 2404 237 67 Melvin,
974 2411 170 51 1895-

298 2480 1858 70 … Romance of the western frontier, by Fletcher Melvin
168 2557 1987 70 Green … an outline for individual and group study. Chapel
168 2635 145 70 Hill,
341 2635 68 54 N.
440 2634 79 68 C.,
545 2634 335 71 University
906 2635 64 52 of
996 2634 185 54 North
1211 2634 267 55 Carolina
1505 2653 156 50 press
1694 2638 173 66 [1932]

234 2705 1919 51 75 p. 23 ᶜᵐ. ([North Carolina. University. University extension
165 2762 223 50 division]
450 2762 281 49 University
757 2763 52 41 of
831 2763 157 40 North
1011 2763 228 42 Carolina
1263 2764 252 40 extension
1541 2764 218 49 bulletin,
1785 2765 93 40 vol.
1960 2796 9 16 XI,
1994 2773 75 34 no.
2095 2765 51 48 8)

237 2819 217 49 “Special
497 2819 245 40 reference
783 2818 364 49 bibliography”:
1219 2829 43 38 p.
1323 2819 160 50 [63]-65;
1555 2819 311 42 “Additional
1907 2821 246 40 reference

167 2875 361 49 bibliography”:
585 2886 43 38 p.
661 2874 189 51 [67]-69.

175 2930 50 53 ©
262 2937 113 46 May
408 2936 70 47 21,
513 2935 112 40 1932;
690 2934 67 40 2c.
794 2935 96 39 and
924 2934 82 40 aff.
1043 2935 114 46 May
1191 2934 55 39 25;
1312 2934 41 39 A
1388 2934 146 39 51520;
1596 2933 282 50 University
1913 2935 52 40 of
2001 2935 155 39 North

241 2992 225 40 Carolina
493 3002 149 38 press.
711 2990 278 49 (32-14696)

170 3091 320 68 Hamilton,
521 3094 195 64 Cicely
745 3095 191 63 Mary,
967 3094 169 55 1875-

236 3169 240 54 Modern
497 3170 157 69 Italy
677 3189 59 34 as
759 3188 128 35 seen
908 3169 74 69 by
1004 3187 73 35 an
1101 3169 488 69 Englishwoman,
1610 3169 77 69 by
1712 3168 193 70 Cicely
169 3167 1962 132 Hamilton;

322 3247 139 53 with
490 3250 64 50 16
580 3265 173 50 pages
780 3246 64 54 of
869 3246 410 69 photographs.
1341 3247 241 53 London
1610 3249 52 51 &
1689 3247 272 68 Toronto,
1988 3247 56 54 J.
2072 3247 82 53 M.

169 3321 152 56 Dent
348 3327 50 50 &
427 3342 127 35 sons
573 3325 112 53 ltd.
740 3326 151 64 [1932]

303 3395 1097 52 xv, [1], 229, [1] p. front., plates, ports. 19 ½ᶜᵐ.
178 3448 1977 54 © 1c. May 13, 1932; A ad int. 16464; pubd. Mar. 17; Cicely Hamilton,
243 3509 207 42 London.
521 3510 277 50 (32-15179)

179 3611 264 67 [Hamon,
474 3614 197 66 Louis]

302 3689 1856 68 … Cheiro’s book of numbers, by “Cheiro” [pseud.] Garden
175 3763 1872 72 City, N. Y., Garden City publishing company, inc. [ ᶜ1 932]
273 3838 1653 50 x p., 2 l., 304 p. front. (port.) diagrs. 21½ᶜᵐ. (A star book)
179 3887 52 52 ©
263 3894 112 47 May
407 3894 68 48 12,
508 3893 113 42 1932;
682 3895 67 40 2c.
784 3897 94 38 and
912 3896 80 40 aff.
1028 3897 113 46 May
1174 3896 55 40 23;
1292 3895 42 39 A
1365 3895 142 41 51623;
1571 3895 145 39 Louis
1751 3895 205 39 Hamon.
246 3893 1892 104 Hollywood,

424 3949 143 42 Calif.
629 3947 68 53 [©
728 3963 105 29 new
863 3952 200 48 chapter
1092 3953 96 39 and
1219 3952 250 49 revisions]
1541 3950 277 50 (32-14930)
